4152 6208
297 332 410 388 199

1619 298 1804 360 VlTA
1852 296 1916 353 S.
1963 285 2359 352 GBEGORII.

3575 267 3699 325 200

294 461 456 534 pales
486 471 678 520 curas,
712 452 916 524 praeter
947 445 1129 517 ipsius
1156 439 1536 504 voluntatem,
1559 429 1933 503 conjecisset:
1967 427 2021 492 Α
2049 422 2191 476 thl.
2222 417 2522 486 Gregorius
2552 413 2616 467 de
2643 408 2936 465 solitudine
2982 407 3264 461 revocatus
3307 417 3341 455 a
3379 403 3561 470 patre,
3595 399 3703 453 Ba-

1090 533 1095 534 ,
1271 527 1308 534 -.
1656 528 1662 534 .
1783 518 1793 528 .
1892 531 1924 534 ,-
2175 492 2297 534 silin
2325 490 2580 534 instante-
2604 499 2787 534 coram
2807 489 3038 534 utroaue
3061 477 3229 532 habet
3253 474 3582 529 orationem.

296 556 352 607 et
383 548 536 621 quod
596 543 791 599 minus
844 533 1215 592 excusatione
1255 527 1496 598 dignum
1550 528 1696 590 erat,
1747 518 1934 573 virum

298 610 510 712 pietate
539 638 596 689 et
628 626 962 700 eloquentia
991 620 1303 692 insignem,
1337 615 1432 686 qui
1464 610 1730 668 Ecclesiae
1777 621 1937 677 egre-

298 729 454 800 giam
515 723 651 777 dare
708 731 943 787 Operam
1004 713 1245 781 poterat,
1319 706 1376 759 in
1451 696 1938 756 obscurissimum

300 813 580 886 angulum
613 825 677 864 ac
709 803 982 861 omnibus
1034 799 1162 854 vitae
1221 791 1544 849 commodis
1593 785 1941 842 destitutum

301 872 634 975 relegasset.
671 892 1033 966 Objieiebant
1064 885 1161 942 alii
1193 883 1347 939 aliud
1391 876 1716 951 quidpiam,
1771 872 1944 942 prout

298 994 382 1049 vel
419 989 680 1046 moribus
711 979 1034 1053 comparati
1093 979 1279 1041 erant,
1328 969 1411 1025 vel
1457 964 1714 1037 Gregorii
1766 975 1944 1016 causa

303 1077 732 1135 irascebantur:
751 1093 777 1118 ‹‹
801 1060 1210 1138 benignissimi
1226 1062 1416 1114 autem
1438 1078 1464 1104 »
1480 1052 1738 1125 quidque
1757 1045 1944 1118 negle-

304 1173 460 1225 ctum
493 1169 550 1221 et
581 1163 982 1230 contemptum
1012 1171 1042 1208 a
1061 1150 1274 1206 Basilio
1302 1147 1482 1202 fuisse
1504 1139 1866 1211 Gregorium,
1893 1137 1949 1189 et

306 1262 616 1331 postquam
647 1248 834 1323 ipsius
867 1261 1040 1316 opera
1060 1257 1200 1296 usus
1223 1239 1432 1300 fuerat,
1456 1231 1632 1287 veluti
1658 1245 1756 1283 vas
1770 1224 1950 1297 quod-

305 1316 728 1417 damiignobile
760 1337 1103 1410 projectum.
1141 1326 1402 1383 Declarat
1437 1318 1750 1392 Gregorius
1779 1316 1854 1386 (τι)
1887 1327 1950 1368 se

307 1452 470 1492 arma
491 1434 637 1488 ferre
658 1445 772 1484 non
798 1439 986 1496 posse,
1007 1426 1107 1476 eti<
1137 1434 1237 1488 pro
1259 1410 1612 1469 lactentibus
1656 1410 1712 1462 et
1745 1404 1950 1460 avibus

309 1531 588 1595 tanquam
626 1534 725 1589 pro
760 1511 1067 1569 animabus
1099 1511 1151 1563 et
1192 1502 1516 1561 canonibus
1567 1491 1896 1567 digladiari.
1920 1509 1948 1538 »

311 1576 493 1684 Rogat
527 1615 588 1664 ut
615 1576 740 1677 ipse
770 1620 902 1658 cum
936 1595 1211 1654 Anthimo
1244 1591 1462 1647 bellum
1496 1590 1678 1658 gerat,
1725 1597 1790 1636 ac
1841 1576 1951 1633 sibi

311 1701 574 1758 omnium
607 1710 802 1751 rerum
837 1692 958 1746 loco
992 1687 1247 1758 quietem
1267 1677 1565 1736 concedat.
1592 1673 1838 1728 Demum
1859 1666 1952 1720 his

2174 492 2297 546 sitio
2325 474 2582 556 instante,
2604 499 2787 538 coram
2807 489 3038 551 utroque
3061 477 3229 532 habet
3253 474 3582 529 orationem.

2117 619 2158 673 E
2184 611 2521 678 solitudine,
2540 609 2599 664 in
2641 622 2818 678 quam
2849 621 2909 659 se
2932 607 3066 675 post
3085 597 3514 657 ordinationem
3551 610 3708 650 rece-

2049 710 2213 779 perat
2234 702 2568 772 Gregorius,
2603 697 2717 751 eito
2748 696 3034 749 retractus
3065 688 3419 758 estjubente
3455 688 3619 756 patre
3649 687 3706 737 et

2051 775 2306 849 instante
2341 788 2582 854 Basilio;
2616 788 2976 857 quapropter
3000 780 3059 834 in
3105 777 3365 832 oratione
3397 775 3490 844 (e).
3529 787 3704 843 quam

2052 889 2184 956 post
2214 881 2465 937 reditum
2499 891 2695 932 coram
2729 876 2972 943 utroque
2997 867 3223 932 habuit,
3241 881 3306 920 eo
3332 864 3520 917 utitur
3541 876 3704 916 exor-

2052 952 2183 1028 dio:
2207 995 2233 1021 «
2267 967 2423 1025 Nihil
2453 967 2750 1023 senectute
2782 960 3009 1016 fortius:
3044 955 3188 1011 nihil
3217 952 3478 1009 amicitia
3523 966 3704 1004 vene-

2054 1061 2320 1117 rabilius.
2355 1058 2435 1113 Ab
2467 1056 2558 1110 his
2589 1069 2692 1125 ego
2724 1052 2797 1106 ad
2829 1065 2928 1104 vos
2959 1048 3170 1101 ductus
3202 1059 3359 1109 sum,
3392 1041 3625 1095 vinetus
3645 1038 3706 1091 in

2055 1150 2305 1218 Christo,
2341 1163 2456 1201 non
2479 1143 2683 1199 ferreis
2705 1138 2946 1205 catenis,
2967 1136 3066 1191 sed
3089 1130 3486 1189 tenacissimis
3525 1126 3710 1200 Spiri-

2055 1245 2152 1296 tus
2181 1235 2428 1294 vinculis
2475 1230 2905 1289 constrictus.»
2934 1224 3212 1280 Alicunde
3242 1238 3305 1276 se
3371 1218 3570 1274 venire
3616 1215 3710 1271 his

2056 1327 2248 1384 verbis
2281 1323 2534 1380 declarat
2563 1318 2910 1390 Gregorius;
2937 1312 3181 1386 proinde
3213 1312 3333 1366 haec
3365 1307 3550 1363 oratio
3587 1322 3704 1360 non

2058 1417 2256 1474 statim
2286 1419 2416 1486 post
2432 1408 2883 1470 ordinationem,
2903 1409 2968 1460 ut
2990 1403 3180 1457 visum
3196 1404 3285 1455 est
3307 1396 3706 1464 Tillemontio,

2059 1484 2412 1574 habita,_sed
2446 1505 2576 1572 post
2605 1496 2858 1553 reditum
2891 1510 2958 1548 ex
2991 1493 3144 1561 fuga.
3179 1488 3398 1544 Deinde
3431 1484 3592 1540 addit
3643 1500 3709 1539 se

2062 1601 2230 1651 antea
2259 1593 2389 1648 aliis
2421 1588 2618 1646 omnia
2647 1584 2974 1655 reliquisse,
3007 1586 3074 1634 ut
3102 1595 3302 1634 secum
3335 1573 3714 1648 philosopha-

2063 1691 2243 1749 retur,
2267 1688 2323 1737 et
2345 1680 2476 1735 Elize
2502 1675 2831 1733 Carmelum
2856 1688 2920 1726 ac
2943 1669 3190 1726 Joannis
3234 1668 3529 1720 desertum
3560 1662 3712 1733 cogi-

311 1791 522 1858 Verbisa
557 1803 686 1858 quae
716 1784 844 1854 ejus
875 1778 1134 1833 (ῙοῙοΓθω
1171 1769 1421 1858 minim?
1444 1764 1723 1858 ίηάίίῗίλξβ
1750 1758 1954 1828 θρίδίεν·
1985 1793 2031 1856 Β
2064 1780 2254 1837 tasse;
2286 1770 2438 1843 quod
2472 1768 2522 1822 ei
2553 1766 2743 1821 dicere
2774 1779 2888 1817 non
2920 1760 3087 1814 licuit
3122 1773 3236 1828 quo
3269 1755 3358 1809 die
3408 1752 3715 1807 ordinatus

311 1882 430 1935 1am
461 1849 711 1932 claudit:
744 1849 771 1920 ii
806 1866 1086 1932 Quocirca
1136 1866 1198 1916 tu
1254 1856 1492 1928 quidem
1543 1849 1784 1906 viriliter
1829 1861 1953 1917 age,

313 1975 368 2026 et
399 1966 748 2028 conlortaro,
780 1956 1094 2025 omniaque
1125 1950 1194 2005 ad
1229 1954 1388 2002 tuam
1449 1942 1640 2014 ipsius
1686 1935 1954 2010 gloriam,

315 2052 814 2131 quemadmodum
845 2044 1003 2101 ﬂuvii
1034 2042 1342 2106 torrentes,
1377 2032 1572 2094 trahe;
1607 2045 1709 2083 nec
1763 2023 1961 2080 amici-

315 2151 480 2211 tiam,
518 2160 620 2200 nec
651 2141 778 2195 vitzs
837 2130 1319 2191 consuetudinem
1380 2130 1434 2179 et
1495 2115 1956 2174 familiaritatem

318 2201 531 2293 virtute
553 2249 618 2288 ac
641 2230 852 2303 pietate
877 2222 1158 2297 potiorem
1194 2216 1438 2279 habens,
1475 2226 1578 2265 nec
1617 2224 1740 2278 quae
1773 2222 1840 2259 ex
1870 2201 1962 2256 his

321 2328 495 2384 rebus
525 2295 830 2377 hominum
863 2295 932 2368 de
962 2317 1016 2366 te
1049 2306 1240 2380 opinio
1273 2305 1469 2358 futura
1500 2299 1595 2366 sit,
1639 2295 1962 2366 quidquam

324 2431 557 2480 curans,
591 2427 693 2465 seu
725 2405 825 2462 uni
857 2403 1139 2457 duntaxat
1167 2401 1222 2450 te
1253 2389 1497 2463 Spiritui
1519 2386 1815 2442 addiceus.
1849 2387 1965 2436 Nos

324 2521 455 2561 vero
485 2503 542 2556 id
574 2498 853 2554 duntaxat
884 2487 1030 2545 lucri
1060 2504 1125 2542 ex
1177 2480 1437 2540 amicitia
1485 2483 1587 2532 tua
1643 2473 1963 2544 capiemus,

325 2599 389 2650 ut
418 2589 622 2648 amicis
656 2583 893 2659 posthac
925 2576 1167 2633 minime
1199 2573 1472 2635 fidamus,
1508 2581 1611 2620 nec
1643 2569 1754 2618 Deo
1797 2558 1968 2632 quid-

325 2698 503 2756 quam
536 2677 936 2752 prasferamus.
963 2690 990 2718 ››
1023 2664 1190 2722 Haud
1223 2659 1492 2731 equidem
1522 2651 1870 2710 crediderim
1903 2664 1971 2703 ea

330 2768 650 2843 ingessisse
680 2760 962 2818 Basilium
977 2752 1441 2819 maledicta,quae
1458 2742 1750 2816 prioribus
1764 2739 1973 2810 episto-

331 2823 453 2843 ,ποί
478 2823 487 2824 ,
516 2823 521 2824 ,

329 2861 397 2917 las
410 2856 602 2915 verbis
625 2851 1032 2914 continentur;
1057 2843 1157 2898 sed
1177 2857 1245 2896 ea
1265 2856 1332 2894 ex
1349 2838 1476 2907 ejus
1495 2833 1669 2888 dictis
1694 2823 1972 2898 consequi

333 2945 646 3020 Gregorius
675 2957 792 3014 prae
823 2936 1005 2995 nimio
1046 2930 1242 2987 dolore
1267 2922 1639 2984 existimavit.
1687 2917 1975 2989 Scriptam

333 3003 485 3095 hanc
499 3003 831 3108 epistolam,
852 3043 966 3081 non
998 3027 1228 3079 tantum
1252 3019 1384 3090 post
1415 3003 1974 3073 ordinationem,sed

335 3129 511 3186 etiam
533 3095 672 3198 ‘post
703 3095 902 3191 fugam
933 3113 1068 3169 inde
1101 3111 1278 3182 patet,
1312 3103 1463 3177 quod
1488 3098 1799 3171 Gregorius
1818 3095 1973 3148 frau-

336 3159 511 3186 auaui
545 3159 672 3198 μυξη,
703 3159 902 3191 ιυδωμ.
934 3159 1066 3169 ...ε-ν
1103 3159 1278 3182 καμνη
1323 3159 1346 3177 1
1600 3159 1634 3171 υ

336 3220 469 3274 dem
502 3213 607 3271 sibi
644 3213 854 3267 factam
885 3221 948 3261 se
977 3200 1232 3258 sensisse
1263 3195 1437 3258 dicat,
1487 3197 1661 3262 atque
1709 3184 1976 3242 omnium
2008 3159 2049 3227 (ἶ

336 3272 532 3364 rerum
566 3303 689 3357 loco
720 3296 977 3370 quietem
1006 3288 1118 3346 sibi
1149 3305 1182 3343 a
1213 3283 1424 3341 Basilio
1447 3277 1679 3336 concedi
1702 3272 1973 3347 postulet.

337 3359 471 3468 ipsa
500 3391 674 3448 etiam
709 3359 1040 3448 maledicta,
1073 3376 1291 3449 quibus
1323 3389 1383 3428 se
1427 3368 1671 3442 petitum
1704 3383 1734 3420 a
1765 3359 1978 3418 Basilio

340 3456 623 3557 queritur,
653 3492 786 3533 eum
810 3475 935 3544 jam
970 3467 1189 3540 fugisse
1211 3463 1478 3536 probant.
1505 3456 1732 3527 Scripta
1749 3465 1980 3524 quoque

339 3575 399 3629 in
431 3586 665 3628 secessu
698 3562 946 3637 epistola
974 3555 1273 3613 tricesima
1305 3549 1562 3606 secunda
1594 3545 1689 3615 (b),
1751 3543 1807 3596 in
1867 3555 1984 3609 qua

339 3662 681 3733 indignatur
709 3650 1020 3724 Gregorius
1052 3662 1114 3702 se
1147 3641 1368 3698 inertiae
1401 3634 1663 3694 accusari
1694 3630 1832 3703 quia
1879 3633 1979 3683 Sa-

342 3754 493 3809 sima
524 3766 637 3803 non
671 3740 910 3814 accepit,
942 3737 1056 3794 otio
1089 3738 1144 3790 et
1174 3731 1368 3803 quiete
1401 3727 1569 3782 unice
1628 3739 1690 3778 se
1748 3715 1983 3792 gloriari

341 3840 671 3916 proﬁtetur.

417 3967 574 4022 Inter
599 3954 931 4028 hasejurgia
947 3951 1225 4021 scriptam
1240 3943 1554 4001 arbitratur
1575 3931 1987 3992 Tillemontius

342 4052 650 4128 epistolam
683 4025 942 4116 Gregorii
973 4041 1045 4096 ad
1079 4033 1427 4095 Nicobulum
1458 4029 1570 4098 (c);
1615 4027 1716 4080 sed
1777 4025 1987 4077 imme-

344 4112 475 4201 rito.
496 4112 1353 4204 MittensGregoriusNicobulo
1373 4121 1596 4175 litteras
1622 4112 1820 4169 Basilii
1853 4124 1988 4165 cum

347 4232 493 4289 suis.
527 4227 620 4281 his
648 4241 774 4294 quae
807 4218 1005 4275 Basilii
1036 4219 1202 4269 erant
1232 4211 1421 4283 priore
1453 4208 1575 4261 loco
1600 4202 1828 4275 positis,
1852 4214 1990 4254 suas

347 4317 673 4388 subjunxit,
709 4327 835 4367 sese
865 4307 1101 4380 quidem
1131 4317 1266 4357 cum
1317 4296 1530 4352 Basilio
1585 4293 1800 4362 ubique
1854 4305 1990 4342 con-

344 4407 514 4483 jungi
546 4403 763 4467 volens,
797 4398 897 4454 sed
932 4409 1065 4449 eum
1085 4390 1196 4446 sibi
1220 4392 1602 4457 anteponens.
1628 4381 1818 4433 Minus
1840 4377 1993 4430 vide-

348 4470 830 4552 turintellexisse
861 4478 1271 4540 Tillemontius
1300 4475 1377 4545 (ά)
1409 4474 1531 4527 hinc
1564 4471 1762 4525 verba:
1801 4470 1992 4519 «Cum

354 4527 445 4552 LUI'
480 4527 830 4549 ΙιΙιυΙΙυΛισου
872 4527 1267 4540 ιιιινιιεν------
1302 4527 1374 4545 \..l

352 4585 631 4642 Basilium
660 4580 937 4648 Magnum
965 4570 1108 4626 mihi
1128 4581 1360 4636 semper
1381 4551 2000 4634 pristulerini,tametsi
2032 4527 2078 4591 D

353 4675 437 4729 illi
470 4668 824 4727 contrarium
857 4662 1158 4717 videatur:
1194 4660 1315 4709 tum
1362 4665 1518 4706 nunc
1569 4661 1798 4716 quoque
1850 4659 1999 4713 pras-

355 4765 497 4831 tero,
523 4756 781 4824 aetc.,id
808 4748 1135 4818 est,inquit
1180 4742 1400 4807 Billius,
1447 4734 1733 4792 «tametsi
1769 4733 1863 4786 ille
1910 4747 2001 4784 me

357 4852 469 4908 sibi
497 4846 804 4913 anteferat.
840 4863 866 4889 »
891 4840 1014 4894 Non
1037 4836 1190 4890 enim
1215 4833 1336 4886 haec
1359 4829 1531 4884 verba
1563 4825 1641 4879 ita
1668 4820 2004 4893 accipienda

357 4944 516 5000 sunt,
551 4935 719 5007 quasi
748 4928 1028 4986 Basilium
1058 4922 1351 4979 existimet
1375 4914 1691 4987 Gregorius
1727 4911 1858 4984 plus
1891 4907 2003 4965 sibi

359 5029 615 5086 tribuere
647 5036 821 5094 quam
859 5016 992 5089 ipsi.

431 5223 476 5258 ⁸⁵
509 5218 658 5278 Psal.
691 5227 890 5284 xxxui,
923 5213 977 5270 3.
1054 5211 1098 5246 ⁶⁶
1128 5206 1282 5265 Psal.
1319 5221 1504 5272 LXXVI,
1537 5202 1591 5258 3.

461 5419 514 5486 α)
550 5415 732 5488 Epist.
766 5412 849 5488 al:
875 5411 964 5466 31.

466 5491 515 5560 1))
682 5485 756 5560 al.
790 5485 878 5560 32.

441 5557 513 5638 (ε)
546 5557 646 5633 Ep.
682 5557 759 5613 al.
791 5557 847 5611 2.

441 5635 517 5712 (ά)
548 5634 610 5690 In
641 5632 788 5700 Bas.,
819 5643 877 5703 p.
915 5624 1036 5682 179.

439 5420 455 5638 ἕ

2066 1864 2176 1918 fuit
2207 1861 2569 1916 Sasimorum
2600 1854 2931 1925 episcopus.
2965 1847 3268 1917 siquidem
3302 1844 3452 1897 hanc
3477 1841 3714 1895 ordina-

2066 1954 2284 2008 tionem
2311 1965 2429 2002 non
2451 1943 2726 2006 solitudo,
2746 1941 2844 1995 sed
2872 1940 3176 2008 impensus
3200 1935 3254 1988 in
3275 1931 3534 2003 juvando
3551 1934 3713 2000 patre

2069 2038 2374 2097 sacerdotii
2407 2037 2571 2090 labor
2601 2032 2952 2086 subsecutus
2984 2031 3090 2079 est.
3159 2024 3438 2077 Praeterea
3481 2018 3718 2072 disertis

2071 2130 2264 2185 verbis
2294 2124 2694 2184 solitudinem,
2726 2119 2785 2172 in
2817 2132 2992 2188 quam
3027 2131 3089 2169 se
3120 2114 3436 2182 receperat,
3470 2108 3712 2176 indicat,

2072 2236 2203 2275 cum
2229 2216 2396 2287 ait(/)
2419 2229 2499 2278 se,
2527 2235 2554 2261 ‹‹
2589 2225 2662 2264 ne
2683 2208 2774 2262 his
2806 2205 3042 2277 quidem
3075 2202 3166 2257 sui
3196 2196 3621 2255 amantissimis
3653 2209 3719 2249 ac

2077 2307 2354 2363 fratribus
2402 2315 2705 2358 sermones
2757 2293 3055 2366 impertire
3106 2288 3484 2351 sustinuisse,
3532 2290 3599 2339 ut
3647 2283 3720 2337 ab

2075 2396 2236 2454 omni
2285 2391 2516 2466 negotio
2575 2386 2818 2443 feriatus
2876 2397 3073 2438 secum
3137 2375 3720 2450 philosopharetur.»

2076 2485 2220 2550 Quid
2254 2460 2469 2555 plura?
2501 2479 2782 2533 Becantat
2812 2473 2889 2543 [g]
2921 2467 3207 2541 quidquid
3243 2469 3372 2536 post
3399 2460 3717 2518 ordinatio-

2078 2591 2211 2632 nem
2237 2589 2350 2644 praa
2374 2569 2570 2625 dolore
2592 2567 2651 2619 in
2671 2561 2951 2618 Basiliam
2977 2557 3241 2628 asperius
3262 2554 3514 2617 dixerat;
3543 2571 3570 2600 ‹‹
3591 2553 3722 2604 Jam

2080 2664 2234 2720 enim
2268 2663 2414 2715 iram
2448 2655 2678 2726 abjicio,
2710 2651 2944 2706 audiant
2974 2645 3252 2701 mansueti
3280 2645 3332 2697 et
3363 2643 3621 2697 lmientur
3641 2639 3722 2705 5‘;

2083 2764 2442 2820 manumque
2475 2746 2645 2813 hanc,
2679 2757 2806 2812 quas
2865 2736 3010 2791 mihi
3060 2735 3178 2787 vim
3229 2730 3442 2798 attulit,
3493 2727 3726 2799 placido

2080 2842 2245 2899 vultu
2279 2834 2593 2907 conspicio,
2620 2846 2686 2885 ac
2717 2827 2956 2898 Spiritui
2986 2823 3235 2888 arrideo,
3269 2819 3534 2889 mihique
3575 2831 3730 2870 com-

2084 2936 2308 2988 motum
2341 2903 2544 2998 peetus
2574 2920 2833 2981 sedatur,
2866 2915 3129 2982 reditque
3159 2911 3304 2964 ratio
3332 2927 3344 2975 ;
3380 2912 3553 2977 atque
3585 2903 3732 2959 ami-

2085 3021 2241 3086 citia,
2273 3017 2458 3071 instar
2489 3013 2737 3066 flammas
2770 3003 3080 3074 consopita
3113 2999 3501 3060 etexstinctas,
3523 3008 3732 3048 rursus

2087 3128 2155 3166 ex
2185 3122 2359 3180 parvo
2389 3099 2646 3174 igniculo
2677 3093 2968 3152 reviviscit
3005 3097 3061 3145 et
3095 3089 3398 3144 excitatur.
3441 3085 3738 3138 Renuerat

2089 3194 2375 3255 consolari
2405 3190 2602 3246 anima
2631 3202 2777 3252 mea,
2829 3186 2886 3237 et
2933 3178 3219 3234 anxietate
3268 3174 3632 3231 afﬁciebatur
3672 3171 3732 3225 in

2090 3304 2183 3344 me
2211 3284 2456 3356 spiritus
2487 3294 2656 3333 meus
2691 3275 2756 3328 ⁸⁸.
2789 3271 2937 3334 Dixi,
2969 3281 3274 3336 nunquam
3324 3263 3384 3317 in
3433 3265 3736 3333 posterum

2091 3347 2358 3434 amicitias
2392 3371 2566 3424 tidem
2592 3362 2838 3419 habebo.
2859 3377 2886 3409 ιι
2919 3355 3092 3412 Nulla
3121 3369 3262 3408 sane
3324 3353 3458 3406 ante
3505 3347 3737 3404 ordina-

2089 3467 2307 3521 tionem
2337 3457 2520 3531 jurgii
2553 3469 2731 3510 causa
2761 3447 3042 3505 Basilium
3075 3445 3230 3499 inter
3287 3445 3343 3496 et
3386 3436 3731 3510 Gregorium

2093 3553 2345 3618 exstitit;
2380 3547 2503 3604 sola
2542 3540 2830 3600 ordinatio
2889 3537 3043 3591 rixas
3092 3532 3302 3588 movit:
3365 3529 3486 3583 haec
3532 3525 3730 3590 verba,

2093 3661 2218 3717 quas
2251 3642 2467 3695 fatetur
2496 3651 2558 3690 se
2588 3630 2806 3687 dixisse
2863 3622 3199 3694 Gregorius;
3245 3642 3274 3669 ‹‹
3318 3631 3622 3687 nunquam
3673 3614 3734 3667 in

2094 3701 2390 3807 posterum
2422 3721 2691 3781 amicitiis
2717 3717 2892 3772 fidem
2911 3712 3158 3778 habebo,
3177 3732 3203 3758 »
3230 3709 3503 3778 leguntur
3520 3704 3591 3759 ad
3614 3701 3733 3757 cal-

2095 3795 2219 3879 cem
2236 3815 2491 3891 epistolas
2510 3809 2813 3868 tricesima:
2837 3805 3058 3876 primas,
3079 3817 3254 3872 quam
3281 3801 3410 3869 post
3439 3795 3732 3865 abjectum

2097 3911 2358 3983 regendae
2389 3904 2751 3960 Sasimorum
2799 3892 3060 3949 Ecclesia
3121 3887 3429 3944 consilium
3477 3882 3734 3954 scripsit.

2098 4004 2230 4067 Quae
2243 3995 2479 4068 quidem
2507 3987 2726 4052 omnia,
2750 3983 3072 4040 orationem
3098 3993 3252 4033 nunc
3269 3974 3555 4030 decimam
3576 3970 3740 4026 habi-

2099 4099 2217 4147 tam
2239 4105 2351 4144 non
2381 4085 2559 4140 fuisse
2592 4083 2723 4151 post
2753 4072 3203 4136 ordinationem,
3237 4067 3337 4122 sed
3372 4071 3679 4136 postquam
3712 4077 3742 4114 θ

2101 4181 2238 4252 fuga
2267 4173 2438 4232 rediit
2465 4167 2800 4241 Gregorius,
2836 4160 3144 4218 manifeste
3175 4157 3596 4212 demonstrant.

2105 4305 2244 4361 CIV.
2280 4298 2570 4368 Gregorius
2617 4295 2675 4348 in
2706 4289 2970 4368 oratione
3013 4300 3116 4368 sua.
3159 4286 3430 4368 gratatum
3478 4292 3533 4333 se
3575 4276 3746 4347 profi-

2172 4351 2667 4432 εὲὶυἷῗὲώηωυω
2694 4365 2750 4418 in
2780 4375 2905 4415 suos
2933 4361 3113 4430 partes
3155 4353 3474 4422 Gregorium
3525 4351 3746 4420 pertra-

2175 4448 2300 4503 here
2327 4446 2547 4516 frustra
2569 4444 2819 4493 conatur.

2109 4640 2443 4714 Gregorius,
2479 4639 2721 4704 rataque
2751 4627 2950 4685 omnia
2979 4625 3180 4690 habet,
3213 4638 3277 4676 ac
3307 4619 3545 4674 tandem
3565 4613 3756 4668 Eccle-

2110 4735 2207 4790 siae
2223 4730 2333 4786 sibi
2350 4724 2674 4783 commissae
2692 4715 3084 4792 gubernacula
3103 4725 3405 4785 capescere
3420 4709 3474 4761 in
3491 4705 3755 4761 animum

2110 4816 2675 4877 videturinduxisse.
2705 4811 2900 4878 Itaque
2921 4804 3150 4859 Sasima
3172 4803 3254 4856 ire
3299 4795 3623 4859 constituit,
3657 4791 3758 4847 sed

2115 4911 2457 4985 priusquam
2492 4903 2563 4958 ad
2597 4902 2705 4954 iter
2729 4915 2789 4953 se
2814 4895 3158 4966 accingeret,
3188 4889 3407 4958 Doaris,
3444 4903 3568 4957 qua:
3601 4898 3759 4938 novae

2114 4979 2486 5074 Cappadociae
2519 4991 2721 5048 civitas
2753 4991 2895 5054 erat,
2929 4979 3599 5052 Eulalium-episcopum
3643 4987 3764 5028 una

2217 5460 2262 5534 ί)
2296 5460 2441 5534 Ibid.

2218 5410 2245 5447 e
2289 5389 2384 5445 Or.
2414 5388 2496 5456 10,
2532 5404 2589 5442 n.
2624 5385 2675 5440 1.

2218 5393 2266 5533 fi
2296 5460 2441 5533 Ibid.
2609 5529 2632 5533 _

2218 5393 2266 5533 eg
2289 5392 2384 5445 Or.
2414 5392 2496 5456 10,
2532 5404 2589 5442 n.
2624 5392 2649 5440 1

2217 5469 2240 5534 ί
2296 5460 2441 5516 Ibid.

2194 5392 2275 5610 lg)
2307 5531 2484 5602 Ibid.,
2514 5545 2572 5586 n.
2604 5529 2660 5586 2.
