4152 6208
1587 371 1772 438 νιτΑ
1818 370 1885 439 8.
1929 368 2329 442 οηιαοιιιι.

3538 372 3663 441 I0!

239 521 374 563 cum
417 501 701 575 Gregorio
747 504 914 575 patre
962 499 1215 572 aliisque
1263 499 1565 561 nonnullis
1611 500 1902 574 episcopis
1930 503 1982 573 Α
2012 506 2180 573 sunt.
2216 522 2245 552 ιο
2275 498 2491 563 Deinde
2538 498 2789 559 breviter
2834 498 3070 571 exponit
3112 498 3254 573 quid
3303 499 3433 575 ejus
3483 516 3665 561 causa

236 594 817 663 ordinavit,tumque
840 590 1163 648 orationem
1189 589 1395 649 habuit
1414 606 1537 660 quae
1558 606 1711 647 nunc
1734 592 1903 651 tertia

234 683 466 740 decima
496 687 605 737 est.
655 679 785 736 Haec
821 695 951 734 vero
981 694 1117 735 cum
1154 678 1362 734 tierent
1391 681 1628 735 absente
1660 694 1725 733 ac
1757 680 1901 735 torte

238 773 417 829 etiam
450 771 763 843 ignorante
796 767 1032 836 Basilio,
1060 768 1161 839 qui
1192 784 1254 823 se
1297 783 1398 839 pro
1448 767 1817 838 metropolita
1846 772 1903 825 et

231 862 426 934 capite
465 859 777 930 utriusque
808 856 1189 930 Cappadocia
1238 856 1518 915 adversus
1551 856 1899 917 Anthimum

236 950 502 1023 gerebat,
539 948 788 1005 necdum
841 947 1007 1005 ﬁnita
1045 950 1203 1003 esset
1247 944 1663 1011 controversia,
1699 961 1900 1001 veren-

230 1041 377 1095 dum
412 1043 541 1094 erat
572 1052 645 1092 ne
672 1035 1103 1093 ordinationem
1131 1035 1304 1091 istam
1333 1033 1491 1090 velut
1514 1034 1570 1090 in
1603 1038 1900 1092 contume-

232 1128 376 1183 liam
415 1127 505 1183 sui
541 1126 753 1182 factam
787 1124 944 1181 haud
977 1138 1144 1194 sequo
1178 1121 1275 1177 ille
1307 1122 1505 1180 animo
1554 1122 1897 1194 interpreta-

226 1222 413 1273 retur.
447 1214 717 1272 Occurrit
766 1212 947 1271 amici
983 1210 1243 1283 querelis
1290 1211 1606 1284 Gregorius
1648 1211 1739 1268 his
1771 1228 1900 1268 ver-

227 1306 317 1361 bis
350 1306 437 1377 (al
472 1320 489 1361 :
526 1324 555 1355 α
611 1319 628 1359 :
669 1302 795 1360 Non
830 1301 1100 1359 venimus
1131 1300 1189 1358 in
1223 1301 1419 1372 magni
1453 1299 1613 1357 illius
1645 1299 1898 1370 pastoris

226 1398 647 1465 contemptum
679 1397 734 1448 et
764 1390 1176 1461 ignominiam,
1198 1388 1301 1461 qui
1330 1388 1652 1461 splendidae
1681 1388 1898 1450 civitati

229 1479 961 1556 prasidetﬂonorahilem
988 1478 1417 1550 scimus,caput
1450 1478 1894 1550 agnoscimus...

228 1572 587 1629 Sacerdotes
645 1575 703 1627 et
759 1568 1041 1641 praesules
1094 1584 1310 1639 augere
1368 1568 1730 1636 studuimus,
1782 1584 1895 1625 non

234 1660 592 1717 subtrahere
634 1677 646 1726 ;
695 1657 1000 1715 hereticos
1064 1663 1311 1724 vertere,
1363 1673 1474 1712 nou
1542 1655 1897 1713 orthodoxoe

233 1751 669 1807 imminuere.»
700 1749 845 1805 Cum
877 1745 1191 1820 Gregorius
1228 1745 1457 1803 Saeima
1486 1751 1589 1802 aut
1618 1746 1897 1816 venisset,

231 1846 335 1895 aut
367 1838 565 1895 venire
598 1842 847 1909 pararet,
899 1853 1009 1893 sua
1055 1838 1185 1905 ejus
1226 1833 1537 1891 consilium
1592 1834 1899 1906 diligentia

235 1928 628 2001 prmripuerat
649 1926 987 1992 Anthimus,
1010 1931 1068 1980 et
1096 1924 1462 1982 Sasimorum
1495 1923 1738 1996 paludes
1758 1929 1893 1983 ante

232 2022 645 2088 ocoepaverat.
675 2015 1006 2080 Quinetiam
1060 2013 1391 2087 prohibenti
1424 2018 1481 2069 et
1510 2013 1893 2073 comminanti

234 2106 548 2179 Gregorio,
593 2104 871 2163 conviciis
918 2104 1266 2176 probrisque
1313 2104 1587 2160 refertam
1661 2102 1898 2175 scripsit

232 2196 572 2269 epistolam,
619 2193 797 2251 veluti
848 2193 1215 2265 triumphum
1264 2193 1322 2249 in
1372 2192 1591 2249 vietum
1654 2208 1893 2249 canens.

236 2309 263 2337 σι
299 2283 688 2341 Fortissimus
738 2282 1055 2339 Antbimus
1086 2282 1158 2338 ad
1217 2297 1343 2351 nos,
1395 2302 1424 2333 υ
1451 2280 1646 2353 inquit
1681 2287 1894 2353 θνρεο-

236 2375 369 2430 rius
400 2374 503 2443 (b),
524 2396 553 2425 α
588 2389 721 2428 cum
753 2371 1046 2445 episcopis
1078 2371 1433 2443 quibusdam
1459 2372 1656 2436 venit;
1687 2372 1807 2427 sive
1836 2376 1898 2427 ut

236 2470 471 2536 patrem
521 2478 716 2518 meum
773 2460 1051 2516 inviseret
1097 2461 1258 2531 (nam
1312 2460 1366 2515 id
1431 2476 1671 2532 quoque
1704 2476 1815 2530 prie
1837 2476 1900 2519 se

239 2552 516 2620 ferebat),
548 2551 669 2606 sive
701 2555 766 2605 ut
819 2565 946 2621 quae
993 2549 1113 2620 egit
1154 2554 1370 2620 ageret.
1402 2551 1661 2620 Cumque
1701 2547 1902 2605 multis

242 2641 443 2698 modis
464 2639 731 2697 animum
755 2645 1020 2695 nostrum
1050 2636 1632 2709 tentasset.paraecias
1650 2653 1902 2693 comme-

244 2746 517 2796 morans,
552 2733 608 2783 et
637 2728 1003 2784 Basimenses
1033 2726 1360 2799 paludee,et
1378 2731 1638 2782 nostram
1662 2725 1895 2781 ordina-

242 2821 500 2881 tionem,
533 2835 690 2874 nunc
728 2816 942 2873 blande
989 2816 1319 2889 alloquens,
1374 2834 1529 2873 nunc
1577 2816 1901 2888 postulans,

247 2925 413 2965 nunc
464 2907 660 2964 minas
720 2907 1037 2975 intentans,
1084 2923 1241 2963 nunc
1302 2906 1699 2977 expostulans,
1749 2922 1904 2962 nunc

252 2998 537 3063 laudans,
570 3013 729 3052 nunc
755 2996 1117 3068 vituperans,
1141 2997 1316 3050 variis
1347 2996 1598 3067 denique
1624 2995 1905 3051 orationis

240 3086 516 3149 circulis.
538 3085 803 3158 strophis
824 3094 999 3157 atque
1022 3084 1374 3156 ambagibus
1412 3090 1604 3143 utens.
1623 3089 1904 3156 tanquam

240 3176 374 3247 ipse
427 3175 590 3231 solus
640 3175 811 3230 nobis
863 3175 939 3230 ob
998 3172 1199 3231 oculos
1271 3175 1683 3245 proponendus
1731 3178 1905 3237 esset,

241 3279 514 3335 novaque
544 3263 1117 3335 metropolis.utpote
1148 3265 1337 3330 major
1365 3280 1432 3319 ac
1464 3262 1850 3334 prcstantior.
1877 3286 1898 3311 ι
1935 3248 1978 3315 C

240 3351 378 3408 Haec
409 3351 749 3417 Antbimus,
780 3351 1052 3422 qui,cum
1088 3351 1247 3406 nulla
1276 3350 1335 3405 in
1370 3366 1427 3405 re
1459 3352 1659 3407 cedere
1689 3351 1900 3419 Grego-

240 3441 401 3496 rium
433 3440 857 3512 conspexisset,
893 3442 1070 3499 rebus
1100 3439 1332 3494 infeetis
1377 3439 1565 3495 iratus
1594 3439 1902 3502 abscessit,

234 3532 274 3585 Β
290 3531 682 3584 οεαὶηικηισί
707 3529 887 3585 veluti
912 3529 1342 3602 Philippismum
1364 3529 1677 3600 quemdam
1698 3544 1902 3598 expro-

246 3618 454 3675 brans.
506 3617 631 3673 Non
672 3618 857 3674 multo
904 3625 1055 3690 post,
1102 3615 1444 3687 Gregorium
1496 3618 1565 3671 ad
1614 3617 1901 3689 synodum

248 3708 483 3763 vocavit
542 3705 900 3773 Anthimus;
958 3707 1113 3778 quod
1161 3720 1295 3761 eum
1340 3706 1618 3778 Gregorio
1676 3723 1903 3777 permo-

252 3794 475 3851 lestum
506 3800 683 3860 esset,
706 3800 885 3865 atque
912 3793 1190 3863 injuriam
1226 3794 1350 3850 ﬂeri
1381 3796 1682 3861 clamaret,
1705 3795 1905 3849 Anthi-

251 3900 396 3941 mus
424 3899 563 3939 eum
598 3883 839 3955 rogavit,
891 3888 955 3938 ut
1002 3883 1210 3939 saltem
1264 3885 1394 3954 ejus
1441 3899 1616 3955 opem
1661 3883 1907 3939 Basilius

255 3973 333 4027 ad
368 3972 818 4028 deliberandum
849 3987 919 4027 ea
946 3972 1019 4026 de
1050 3988 1111 4027 re
1139 3986 1340 4029 secum
1384 3968 1786 4027 adduceretur.
1848 3972 1907 4027 id

246 4059 550 4132 pollicitus
597 4066 688 4115 est
735 4060 1070 4131 Gregorius,
1122 4064 1181 4115 et
1226 4060 1462 4131 scripsit
1493 4060 1727 4128 Basilio,
1788 4075 1909 4115 rem

245 4154 438 4205 totam
472 4149 602 4219 ejus
624 4148 851 4217 judicio
894 4148 1255 4219 permittens.
1288 4153 1384 4205 Bas
1413 4149 1671 4222 Gregorii
1705 4149 1912 4204 litteras

253 4238 329 4294 ad
368 4253 479 4292 nos
509 4253 623 4293 non
649 4242 1056 4309 pervenerunt.

252 4397 367 4469 CV.
399 4402 585 4469 ,‘t’cvas
611 4396 816 4467 Basilii
841 4396 1269 4529 querelasua‘liis
1313 4398 1635 4477 Gregorium
1675 4398 1915 4473 querelis

960 4486 1091 4529 rene
1140 4489 1157 4525 ι
1190 4511 1203 4527 .

960 4486 1203 4541 repetiit.

2010 589 2277 663 gesserit,
2310 604 2663 660 aequumque
2695 604 2805 644 non
2852 603 2981 644 esse
3010 588 3391 659 demonstrat,
3426 595 3491 647 ut
3521 608 3659 647 cum

2010 678 2204 734 Basilii
2233 694 2412 733 causa
2431 676 2485 731 in
2510 677 2887 732 offensionem
2908 675 3185 732 Anthimo
3202 678 3663 744 venerit,Ba.~ilio

2011 766 2321 839 displiceat
2348 766 2523 824 veluti
2556 766 2613 820 in
2644 765 2991 823 Anthimum
3017 767 3377 839 prepensior.
3407 769 3663 842 Uenique

2012 854 2096 913 sic
2125 854 2433 928 epistolam
2464 853 2685 911 claudit
2716 872 2729 909 :
2766 878 2795 905 α
2828 855 2988 921 Quod
3022 854 3071 909 si
3103 856 3517 912 ostentationis
3544 857 3663 930 glo«

2012 943 2229 1017 riaque
2259 944 2441 1003 nimio
2471 944 2667 1001 studio
2694 944 2934 1015 teneris,
2963 948 3141 1016 atque
3160 961 3190 1001 e
3214 944 3339 1002 loco
3363 946 3662 1019 superiore

1991 1050 2116 1093 .noe
2146 1032 2479 1104 alloqueris,
2503 1032 2659 1089 velut
2682 1032 3173 1104 metropolitanus
3196 1051 3381 1106 parvas
3411 1034 3661 1094 civitatis

2010 1122 2254 1191 incolas,
2286 1122 2373 1179 vel
2434 1120 2608 1181 etiam
2641 1120 2884 1190 nullius,
2918 1122 3089 1177 nobis
3143 1139 3375 1195 quoque
3403 1124 3663 1196 superci-

2011 1210 2154 1267 lium
2188 1217 2299 1276 est,
2331 1211 2487 1283 quod
2521 1227 2909 1284 opponamus.
2942 1210 3060 1266 Hoc
3094 1211 3250 1267 enim
3280 1212 3557 1269 omnibus
3586 1214 3665 1270 fa-

2010 1300 2297 1357 cillimum
2330 1306 2439 1370 est,
2473 1316 2539 1356 ac
2571 1303 2819 1355 fortasse
2847 1300 3093 1370 aequius.
3125 1322 3154 1349 ››

2079 1434 2216 1491 CVI.
2260 1433 2498 1506 Abjectis
2529 1433 2762 1490 Sasimis
2794 1433 3086 1503 Gregorius
3114 1436 3309 1507 repetit
3344 1436 3592 1493 sotitudi-

2757 1522 2903 1561 nem.

2081 1604 2365 1661 Cmtet‘um
2398 1604 2763 1678 propositum
2795 1606 2869 1661 ab
2912 1606 3192 1663 Anthimo
3236 1608 3663 1678 conditionem,

2009 1697 2075 1749 ut
2106 1694 2177 1748 de
2212 1694 2515 1749 restuenda
2563 1709 2703 1766 pace
2750 1695 3081 1750 communis
3133 1695 3381 1751 iniretur
3432 1696 3655 1754 delibe-

2010 1782 2178 1853 ratio,
2204 1798 2317 1837 non
2342 1782 2669 1854 repudiavit
2692 1782 2968 1847 Basilius.
2993 1783 3112 1839 imo
3134 1782 3388 1840 libenter
3415 1786 3661 1859 accepit.

1928 1877 1976 1945 Β
2006 1870 2232 1927 Interea
2252 1872 2726 1943 Gregorius,cum
2756 1872 2985 1927 nullum
3007 1872 3116 1928 sibi
3141 1875 3211 1930 ad
3238 1877 3660 1947 capessendam

2011 1962 2232 2031 sedem,
2265 1977 2444 2034 quam
2474 1967 2859 2033 occupaverat
2889 1970 3064 2035 atque
3096 1965 3338 2021 armatis
3370 1964 3660 2024 militibus

2004 2051 2278 2106 tuebatur
2324 2052 2660 2119 Anthimus,
2695 2068 3000 2108 accessum
3056 2058 3255 2125 patere
3285 2060 3565 2127 cerneret,
3597 2072 3663 2111 ac

2006 2137 2187 2195 nollet
2229 2139 2481 2193 obscura
2528 2154 2631 2211 spe
2687 2144 2745 2194 et
2795 2156 2946 2195 caeca
2994 2142 3425 2213 exspectatione
3472 2144 3662 2199 exitus

2007 2226 2439 2282 deliberationis
2471 2227 2541 2282 de
2574 2243 2713 2299 pace
2744 2229 3149 2299 componenda
3180 2232 3453 2300 pendere,
3488 2248 3657 2286 ama-

2008 2319 2128 2372 tam
2155 2316 2373 2386 diuque
2400 2321 2658 2388 optatam
2688 2315 3063 2371 solitudinem
3097 2320 3325 2390 repetit,
3345 2319 3656 2391 Gregorius

2010 2405 2314 2479 presbyter
2338 2403 2395 2459 in
2429 2403 2615 2478 ipsius
2641 2409 2773 2460 Vita
2802 2405 3007 2461 scribit
3037 2422 3168 2461 eum
3202 2408 3271 2461 ad
3306 2414 3655 2479 aegrotorum

2012 2492 2374 2548 domicilium
2436 2491 2789 2564 confugisse,
2839 2491 2915 2554 εἷς
2964 2496 3377 2570 φροντιστήριον
3426 2496 3658 2559 ἀσθενῶν

2011 2579 2356 2659 καταφεύγει.
2392 2582 2540 2636 Tum
2575 2583 2735 2637 addit
2769 2599 2783 2637 :
2816 2605 2843 2631 ‹‹
2881 2583 3096 2638 Ferunt
3136 2589 3330 2639 autem
3363 2602 3523 2651 eum,
3556 2602 3661 2640 nec

2015 2671 2392 2739 oblationem,
2418 2687 2524 2726 nec
2554 2670 3005 2737 ordinationem,
3034 2688 3137 2727 nec
3158 2674 3475 2744 quidquam
3502 2673 3661 2728 aliud

2017 2778 2218 2817 eorum
2252 2777 2377 2831 que
2420 2760 2574 2832 apud
2624 2760 2927 2831 episcopos
2973 2760 3031 2815 in
3080 2778 3241 2817 more
3289 2768 3345 2816 et
3394 2762 3663 2817 instituto

2020 2850 2210 2922 pesita
2235 2848 2649 2913 sunt,Sasimis
2683 2850 3011 2921 peregisse;
3043 2866 3243 2906 verum
3278 2850 3453 2905 simul
3488 2857 3665 2923 atque

2018 2939 2329 3010 episcopus
2378 2938 2682 2993 ordinatus
2741 2939 2881 3006 fuit,
2944 2940 3140 3011 togam
3203 2940 3399 2996 animo
3455 2957 3663 2996 conce-

2018 3029 2196 3099 pisse.
2233 3049 2260 3077 υ

2088 3115 2183 3171 Sic
2214 3121 2331 3170 tam
2356 3132 2527 3187 grave
2549 3131 2699 3170 onus
2728 3116 2987 3172 excussit
3014 3116 3351 3187 Gregorius,
3374 3117 3458 3174 sic
3478 3118 3666 3175 invisa

2020 3204 2232 3275 abjecit
2262 3206 2511 3267 Sasima.
2544 3221 2672 3275 quae
2703 3208 2789 3260 tot
2815 3206 2866 3260 ei
2900 3205 3220 3276 molestiae,
3239 3213 3296 3263 et
3326 3224 3473 3278 quas
3503 3208 3665 3263 nulla

2020 3310 2281 3365 unquam
2314 3292 2458 3362 dies,
2493 3293 2682 3365 quoad
2714 3291 2873 3357 vixit,
2908 3295 3214 3351 exhaurire
3243 3300 3450 3367 potuit,
3485 3314 3662 3369 pepe-

2013 3387 2214 3436 rerunt
2248 3398 2260 3435 :
2292 3382 2542 3449 Sasima,
2591 3381 2857 3453 inquam,
2891 3398 2958 3438 ex
3008 3383 3222 3453 quibus
3268 3385 3565 3457 Gregorio,
3599 3391 3665 3441 ut

2020 3471 2208 3541 ipsius
2240 3470 2429 3525 verbis
2461 3476 2588 3524 utar
2633 3470 2729 3541 (ci),
2781 3494 2806 3523 a
2828 3472 3021 3527 omnis
3043 3473 3171 3529 vitae
3194 3474 3590 3530 inconstantia
3610 3480 3667 3530 et

2016 3559 2376 3633 perturbatio
2409 3559 2678 3614 manavit.
2702 3581 2729 3608 »
2761 3560 2901 3624 Quis
2932 3567 2989 3616 et
3014 3561 3207 3633 qualis
3232 3562 3328 3618 ille
3360 3564 3439 3620 sit
3468 3564 3664 3632 locus,

2014 3648 2270 3717 Gregorii
2315 3647 2769 3712 calamitatibus,
2805 3665 3055 3719 quarum
3092 3652 3221 3705 t'ons
3251 3658 3306 3706 et
3336 3653 3498 3722 origo
3536 3653 3664 3722 fuit,

2016 3742 2193 3808 atque
2222 3736 2399 3791 etiam
2431 3735 2794 3795 carminibus
2820 3743 2937 3792 tam
2974 3739 3254 3804 fomosue,
3274 3755 3340 3794 ex
3378 3739 3666 3811 ipsoGre-

2016 3840 2183 3898 gorIo
2215 3824 2522 3880 discimus.

2402 3939 2565 3996 CVII.
2597 3943 2943 3996 Sasimorum
2973 3939 3281 4010 descriptio.

2020 4047 2191 4104 Statio
2216 4046 2468 4119 quaedam
2493 4052 2571 4119 est
2602 4047 2660 4100 in
2690 4046 2870 4102 medio
2899 4048 3235 4119 pervulgata:
3264 4049 3389 4115 viae,

2021 4123 2083 4174 In
2112 4117 2264 4173 terra
2298 4117 2692 4188 Cappadocum,
2723 4134 2843 4190 qua;
2872 4118 3147 4173 scinditur
3184 4121 3459 4190 triplicem
3491 4121 3664 4177 viam.

2019 4190 2152 4246 Sine
2180 4205 2344 4260 aqua,
2375 4191 2493 4261 sine
2521 4191 2723 4252 virore,
2754 4188 2903 4244 nihit
2932 4190 3134 4244 habens
3163 4188 3414 4261 liberate,

2023 4262 2298 4317 Horridus
2329 4260 2487 4315 valde
2511 4264 2560 4315 et
2590 4265 2856 4329 angustus
2886 4278 3078 4333 pagus.

2024 4333 2225 4391 Omnia
2254 4333 2343 4388 hic
2371 4333 2566 4402 pulvis.
2597 4335 2649 4388 et
2685 4334 2964 4400 strepitus,
2994 4339 3048 4386 et
3074 4349 3290 4402 currus,

2023 4409 2303 4480 gumento,
2338 4401 2603 4470 eiulatus,
2637 4409 2935 4480 exactores,
2964 4401 3611 4480 tormenta,compedes;

2023 4477 2264 4546 Paputus
2294 4490 2438 4546 vero,
2471 4478 2722 4545 quotquot
2750 4477 3038 4545 peregrini
3064 4480 3116 4531 et
3147 4493 3391 4533 errones.

2026 4545 2149 4604 Hm:
2173 4556 2289 4603 erat
2319 4545 2657 4601 Savimorum
2684 4561 2929 4601 meorum
2959 4548 3215 4603 Ecclesia.

332 4588 617 4658 Quamvis
647 4591 849 4650 Basilii
871 4611 1113 4651 causam
1136 4599 1373 4661 strenue
1395 4595 1561 4666 satis,
1584 4598 1648 4650 ut
1666 4593 1914 4659 videtur,
1953 4619 1996 4693 Β
3354 4624 3463 4691 μη
3482 4626 3508 4676 ρ

259 4685 295 4739 d
315 4684 638 4739 etendisset
654 4683 992 4755 Gregorius,
1017 4684 1176 4740 illius
1198 4691 1393 4739 tamen
1423 4683 1633 4738 litteris
1662 4684 1922 4739 otl‘ensue

260 4778 365 4827 est
413 4770 694 4839 Basilius,
744 4778 803 4827 et
850 4789 981 4827 cum
1035 4790 1101 4828 eo
1143 4772 1403 4843 jurgavit
1446 4772 1608 4843 quasi
1642 4770 1921 4826 Anthimo

266 4862 515 4917 faveret.
550 4859 651 4916 His
678 4861 871 4916 verbis
902 4862 1202 4934 respondit
1232 4862 1543 4932 Gregorius
1569 4861 1922 4933 (c}.jocando

266 4949 542 5024 quidem,
575 4949 677 5004 sed
709 4951 921 5007 acriter
952 4952 1243 5025 carpendo
1287 4950 1568 5008 Basilium
1602 4967 1616 5007 :
1660 4972 1688 5000 α
1738 4953 1922 5015 Quam

264 5038 571 5108 ferociter,
600 5042 659 5094 et
686 5040 1035 5111 equinorum
1068 5039 1362 5113 pullorum
1407 5054 1589 5108 more,
1636 5039 1835 5096 exsilis
1865 5038 1923 5094 in

268 5127 402 5183 tuis
433 5125 683 5182 litteriel
715 5124 833 5183 Nec
862 5127 1077 5185 mirum
1105 5133 1163 5185 te
1190 5129 1263 5185 ad
1307 5128 1552 5201 gloriam
1586 5144 1772 5199 nuper
1799 5143 1926 5183 eve-

266 5221 443 5273 ctum
465 5220 761 5271 ostentare
789 5216 962 5274 nobis
1003 5216 1149 5274 velle
1198 5234 1377 5291 quam
1427 5216 1673 5290 gloriam
1722 5222 1929 5273 nactus

265 5306 379 5369 sis,
422 5310 493 5361 ut
524 5305 634 5360 hac
679 5305 905 5362 ratione
950 5308 1205 5379 teipeum
1254 5307 1654 5379 augustiorem
1697 5307 1928 5373 reddas,

269 5395 779 5471 quemadmodum
809 5398 1191 5470 pictoree,qui
1221 5397 1465 5454 eximias
1488 5398 1703 5453 formas
1733 5397 1933 5470 depin-

343 5554 424 5623 (α)
453 5555 552 5619 0r.
590 5555 682 5623 t3,
711 5573 773 5613 ιι.
804 5558 863 5613 2.

369 5626 423 5700 b)
452 5626 640 5702 Epist.
672 5627 752 5702 al.
780 5628 877 5702 33.

367 5694 420 5770 οδ
451 5694 637 5774 wn.
659 5698 743 5759 ιι.
770 5700 869 5760 es.

611 5819 875 5891 νιππ.
924 5827 1034 5891 ea.
1080 5806 1325 5892 xxxv.

2028 4694 2351 4746 Contrntum
2382 4691 2535 4762 esse?
2564 4690 2838 4762 malarum
2866 4693 3119 4762 excipere
3150 4690 3425 4760 incursus,

2033 4764 2188 4843 Ense
2202 4760 2667 4843 feriri,su0“qcari
2692 4760 2807 4843 tuto
2830 4764 2855 4813 .9

2032 4836 2140 4890 Nec
2169 4830 2364 4887 habere
2390 4830 2499 4885 ubi
2526 4830 2623 4886 hoc
2648 4833 2865 4886 senium
2894 4831 3176 4903 collocem,

2033 4905 2172 4959 Dum
2204 4918 2460 4973 sempere
2491 4906 2626 4957 tecto
2654 4919 2753 4972 per
2777 4904 2889 4957 vim
2917 4906 3216 4960 exturbor?

2034 4976 2142 5035 Nec
2184 4990 2386 5048 panem
2430 4973 2722 5030 habiturus
2761 4989 2935 5042 eram,
2997 4992 3157 5048 quem
3209 4976 3415 5050 hospiti
3456 4978 3682 5121 franfe-

3326 5062 3580 5104 rem......

2037 5118 2245 5172 Rursus
2272 5117 2547 5186 fugitivus
2576 5114 2803 5186 quidam
2828 5121 2883 5171 et
2909 5132 3101 5173 cursor
3124 5118 3185 5173 in
3214 5122 3473 5188 montem,

2036 5188 2359 5259 Surripiens
2388 5188 2631 5242 amicum
2656 5188 2780 5242 vitat
2806 5204 2994 5254 genus.
3025 5189 3249 5245 delicias
3278 5202 3450 5246 meas.

2038 5260 2141 5316 Sed
2168 5260 2299 5331 quid
2327 5275 2451 5314 sum
2492 5259 2736 5331 lucratus
2756 5260 2783 5311 Υ
2808 5276 2918 5315 non
2946 5264 3098 5316 enim
3130 5266 3385 5319 constans
3413 5262 3685 5330 fugitivus

2041 5330 2223 5398 Eram,
2261 5335 2316 5386 ut
2344 5334 2592 5401 apparet.
2627 5330 2727 5386 Sed
2754 5346 2873 5386 cum
2903 5337 3089 5389 omnia
3118 5336 3365 5403 perferre
3386 5336 3584 5397 sciam,

2041 5406 2103 5460 In
2134 5403 2231 5460 hoc
2260 5418 2369 5459 uno
2392 5405 2620 5474 ignavus
2646 5418 2800 5458 sum:
2815 5407 2991 5475 patris
3020 5407 3165 5462 iram
3193 5422 3303 5464 non
3328 5409 3450 5476 fero
3481 5406 3574 5479 (e),
3597 5410 3689 5461 etc

2135 5563 2192 5632 ιι)
2217 5564 2315 5621 Or.
2346 5561 2435 5619 t3.
2470 5579 2529 5619 n.
2558 5556 2649 5617 59.

2135 5565 2192 5632 d)
2217 5565 2315 5621 Or.
2346 5565 2435 5619 t3.
2470 5579 2529 5619 n.
2558 5565 2649 5617 59.

2112 5565 2185 5710 ie)
2212 5635 2405 5707 Carm.
2437 5633 2511 5692 De
2538 5635 2651 5692 vita
2678 5648 2797 5705 sua,
2830 5651 2882 5693 v.
2918 5636 3023 5695 489
3050 5642 3107 5697 et
3139 5654 3267 5715 aeq.
