4152 6208
457 398 575 461 203

1795 381 1982 445 VITA
2026 380 2093 439 S.
2140 371 2539 440 GREGORII.

3746 365 3866 425 201

460 525 942 595 CVIII.Gregorius
970 523 1345 595 Nazianzena:
1377 520 1635 575 Ecclesia
1661 518 1909 595 regimen
1936 512 2104 595 suscio
2136 515 2185 578 Α
2220 505 2461 577 quidam
2496 500 2727 595 pie-tatis
2756 515 2966 595 nomen
2989 495 3380 566 habitumque
3410 511 3525 566 pra
3558 511 3622 549 se
3652 495 3867 551 ferens.

529 606 635 671 pit,
655 586 882 669 juhcnte
908 599 1085 671 patre,
1117 610 1183 649 ea
1212 593 1473 648 condione
1512 601 1571 645 ut
1620 606 1679 645 eo
1725 593 1936 643 mortuo
1968 586 2105 640 liber

464 720 465 727 η
529 667 605 726 sit
635 667 791 725 abire
820 684 928 738 quo
955 667 1110 735 velit,

538 797 740 866 Itaque
770 791 1102 863 Gregorius,
1136 790 1381 858 abjectis
1430 785 1698 851 Sasimis,
1744 784 1803 839 in
1835 780 2106 838 solitudi-

468 901 601 940 nem
636 898 763 939 sese
796 880 1055 952 recepit;
1092 880 1191 935 sed
1229 878 1386 933 aliud
1441 877 1550 948 ipsi
1592 874 1966 930 subeundum
2001 869 2112 923 fuit

469 978 763 1029 certamen
796 987 927 1025 cum
976 975 1157 1036 patre,
1191 968 1287 1038 qui
1324 982 1454 1021 cum
1490 966 1560 1019 ab
1590 981 1656 1019 eo
1680 970 1743 1017 ut
1770 961 2000 1017 Sasima
2026 964 2109 1012 te-

470 1069 632 1119 neret
651 1061 912 1116 obtinere
935 1058 1269 1113 nullatenus
1292 1055 1595 1127 potuisset,
1615 1053 1821 1107 saltem
1844 1047 2112 1121 precibus

464 1151 771 1221 jussisque
819 1153 909 1202 est
956 1152 1302 1201 consecutus
1354 1150 1419 1197 ut
1466 1142 1819 1197 Nazianzum
1878 1136 2110 1199 rediret,

471 1256 717 1310 eamque
748 1234 1083 1303 Ecclesium,
1116 1234 1208 1289 cui
1240 1232 1504 1303 regenda
1536 1246 1636 1302 per
1664 1234 1891 1282 atatem
1926 1240 2116 1295 Impar

471 1336 616 1389 erat,
650 1324 1174 1382 administrandam
1226 1320 1568 1392 susciperet.
1622 1319 1697 1372 Ea
1745 1323 1939 1372 autem
1993 1315 2116 1384 lege

472 1418 745 1472 vicariam
798 1418 1198 1486 prafecturam
1246 1410 1615 1465 Nazianzena
1672 1405 1963 1464 Ecclesia,
2022 1417 2115 1456 co-

474 1512 645 1578 gente
696 1511 874 1576 patre,
917 1502 1172 1572 suscepit
1211 1505 1274 1554 ut
1314 1497 1687 1553 tantummdo
1734 1494 1825 1549 his
1875 1492 2119 1546 nexibus

474 1600 772 1649 teneretur
802 1592 1120 1661 obligatus,
1144 1590 1283 1643 dum
1323 1594 1485 1659 pater
1514 1588 1815 1657 superstes
1845 1587 2000 1637 esset
2020 1598 2033 1645 ;
2053 1596 2119 1634 eo

479 1690 673 1738 autem
706 1698 736 1735 e
767 1681 910 1734 vivis
942 1677 1193 1742 sublato,
1219 1676 1331 1731 sibi
1362 1675 1609 1730 liberum
1641 1677 1796 1727 esset
1825 1670 1984 1724 abire
2007 1684 2121 1739 quo

480 1772 673 1827 vellet.
708 1771 803 1824 llis
836 1772 958 1840 ipse
1002 1772 1251 1821 testatur
1300 1766 1490 1819 verbis
1540 1765 1595 1818 in
1632 1763 1910 1822 oratione,
1943 1774 2118 1830 quam

481 1861 550 1915 ad
588 1858 866 1931 p0pulum
900 1857 1284 1911 Naziazenum
1321 1854 1525 1907 habuit
1568 1852 1643 1922 (a)
1677 1867 1689 1905 :
1725 1874 1751 1899 «
1795 1849 1958 1904 Nunc
1990 1846 2120 1917 qui-

483 1950 615 2003 dem
650 1965 779 2002 cum
816 1945 1090 2016 praeclaro
1125 1948 1360 2014 parente
1390 1958 1588 1996 curam
1638 1940 1786 1994 hanc
1827 1937 2125 2007 suscipere

485 2054 596 2092 non
636 2035 1018 2099 recuso,velut
1046 2049 1268 2103 magna
1291 2030 1500 2101 aquila
1524 2035 1582 2083 et
1603 2028 1888 2082 altissime
1906 2024 2121 2079 volanti

486 2124 681 2196 pullus
738 2140 851 2177 non
902 2120 1312 2175 incommodus
1361 2135 1391 2173 e
1441 2119 1766 2187 propinquo
1825 2114 2123 2168 advolans.

482 2213 691 2267 Postea
720 2228 853 2266 vero
900 2225 1146 2281 pennam
1192 2224 1374 2261 meam
1409 2204 1671 2276 Spiritui,
1704 2221 1819 2274 quo
1868 2200 2039 2264 volet,
2072 2204 2128 2253 et

485 2317 720 2374 quoquo
755 2301 925 2354 modo
953 2295 1426 2357 volet.ferendam
1458 2293 1640 2355 jaho;
1676 2309 1779 2345 nec
1811 2290 2126 2361 quisquam

483 2393 614 2455 erit,
636 2390 735 2460 qui
770 2404 859 2443 me
891 2403 1115 2458 cogere.
1138 2391 1240 2440 aut
1271 2383 1553 2439 aliorsum
1588 2382 1890 2435 traducere
1925 2378 2127 2449 possit,

486 2497 617 2536 cum
653 2496 719 2534 eo
750 2476 1269 2533 consultantem....
1317 2472 1446 2527 Haec
1479 2470 1703 2530 habuit,
1736 2469 1840 2522 viri
1893 2468 2107 2521 Naznan

486 2569 634 2637 zeni,
660 2585 785 2639 qua
813 2565 1064 2637 simplici
1090 2564 1284 2618 animo
1309 2560 1835 2629 benevolentiaque
1867 2558 2034 2627 pleno
2058 2556 2130 2609 ad

489 2675 591 2712 vos
620 2657 1074 2724 dicerem,atque
1104 2652 1213 2707 hoc
1244 2658 1332 2705 est
1364 2649 1541 2705 animi
1578 2648 1687 2702 mei
1722 2649 2130 2701 arcanum.»ln

491 2746 750 2801 carmine
801 2746 872 2797 De
918 2747 1028 2797 vita
1076 2758 1176 2796 sua
1238 2739 1655 2794 Nazianzenam
1708 2736 2020 2791 Ecclesium
2071 2750 2132 2787 se

493 2833 825 2904 suscepisse
853 2834 1020 2901 jussu
1047 2829 1303 2901 parentis
1326 2827 1601 2892 declarat,
1630 2826 1709 2880 ita
1739 2841 1935 2881 secum
1964 2839 2132 2894 repu-

495 2929 715 2979 tantem
747 2938 813 2975 ac
844 2922 1129 2974 dicentem
1160 2921 1235 2989 (ο)
1270 2936 1283 2973 :

567 3040 749 3108 Neque
770 3039 915 3091 enim
951 3049 1032 3108 res
1053 3036 1161 3108 isla
1192 3033 1430 3108 invitum
1460 3047 1547 3108 me
1567 3030 1929 3108 constringet,

497 3113 600 3181 Qui
628 3101 729 3164 sieo
758 3109 904 3162 ultra
926 3105 1469 3168 denunliationemec
1488 3101 1608 3156 ullo
1628 3106 1893 3170 promissa
1913 3101 2097 3153 teneor
2120 3113 2133 3150 :

566 3215 644 3273 Οὐ
676 3214 777 3287 γᾷᾍρ
809 3213 1013 3283 καθέξει
1044 3210 1212 3287 τοῦτ’.ἶ
1244 3203 1399 3287 ξεξην,
1429 3202 1624 3260 ἄκοντά
1658 3225 1743 3277 με,

566 3289 661 3344 Ὃν
690 3279 812 3356 biit;
842 3279 1117 3356 κήρὺγμα,
1152 3279 1580 3356 ouationem/fact:
1610 3281 1814 3351 κρατεῖ·

570 3303 661 3344 ὐν
690 3305 812 3339 ours
842 3303 1117 3409 κηρυέμα,
1152 3303 1247 3342 out)
1291 3303 1580 3351 υποσγεσις

568 3359 750 3417 Οὕτως
773 3355 980 3429 ἀνήγαγ
1041 3374 1106 3425 με
1148 3353 1371 3419 νικήσας
1405 3341 1595 3425 φόϐος.

568 3448 659 3503 Sic
687 3463 772 3501 me
799 3447 1000 3501 victrix
1028 3442 1265 3515 formido
1290 3442 1537 3495 reduxit.

570 3564 650 3618 Ex
686 3562 793 3615 hac
824 3557 1083 3630 Gregorii
1116 3557 1475 3628 praefectura,
1510 3570 1645 3625 qua,
1681 3557 1841 3622 patre
1870 3551 2142 3605 adniten-

500 3658 578 3723 te,
611 3651 826 3705 invitus
856 3646 1336 3703 administranda
1358 3643 1625 3698 Ecclesia
1642 3641 2016 3695 Nazianzena
2042 3656 2141 3693 cu-

502 3758 625 3797 ram
660 3738 937 3809 suscepit,
972 3752 1083 3789 non
1119 3734 1284 3806 pauci
1316 3749 1449 3787 eum
1483 3732 1659 3800 hujus
1692 3727 1956 3782 Ecclesia
1988 3726 2141 3781 ordi-

506 3837 706 3885 natum
742 3829 921 3883 fuisse
950 3824 1287 3895 episcopum
1322 3820 1582 3875 arbitrati
1628 3823 1784 3872 sunt.
1818 3816 1928 3871 Sed
1980 3816 2142 3885 quid-

502 3918 639 3991 quid
669 3934 735 3971 ea
766 3916 836 3970 de
869 3931 926 3968 re
959 3911 1306 3983 scripserint
1336 3915 1555 3964 veteres
1588 3923 1653 3961 ac
1682 3903 2141 3967 recentiores,lo-

501 4004 789 4077 cupletior
817 4019 931 4057 non
964 4007 1054 4056 est
1095 3999 1247 4054 alius
1272 3998 1436 4053 testis
1458 4012 1633 4067 quam
1655 3995 2003 4062 Gregorius:
2038 4008 2141 4047 nec

500 4094 595 4148 alii
642 4091 746 4147 ulli
771 4092 965 4162 major
1006 4105 1183 4159 quam
1220 4087 1330 4158 ipsi
1364 4086 1509 4140 ﬁdes
1557 4083 1824 4139 habenda
1870 4087 1977 4136 est.
2012 4085 2141 4135 Hac

496 4179 685 4251 ipsius
734 4187 870 4233 sunt
927 4178 998 4232 ad
1048 4175 1383 4247 Gregoriam
1438 4173 1761 4245 Nyssenum
1829 4169 2139 4226 scribentis

494 4269 669 4322 verba
697 4266 767 4337 (e)
798 4282 811 4320 :
849 4287 876 4315 ‹‹
911 4266 1065 4319 Inter
1105 4279 1307 4318 omnes
1338 4263 1557 4317 etenim
1606 4264 1856 4323 constat,
1897 4274 1989 4313 me
2021 4273 2136 4312 non

493 4353 785 4419 Nazianzi,
806 4353 906 4408 sed
921 4352 1283 4407 Sasimorum
1308 4348 1630 4403 antistitem
1645 4356 1905 4402 creatum
1936 4346 2134 4415 fuisse,

492 4442 723 4498 tametsi
754 4458 813 4497 in
866 4440 1049 4513 patris
1092 4440 1496 4499 reverentiam,
1531 4442 1587 4491 et
1618 4452 1819 4491 eorum
1853 4434 1946 4502 qui
1998 4451 2133 4506 sup-

493 4532 673 4604 plices
722 4532 829 4587 hoc
877 4547 911 4583 a
945 4545 1037 4583 me
1085 4526 1530 4591 contenderunt,
1564 4524 1635 4578 ad
1684 4526 1850 4578 breve
1900 4531 2134 4594 tempus

492 4625 881 4691 prel'ecturam
913 4615 1077 4686 quasi
1112 4613 1371 4685 hospites
1402 4612 1793 4682 suscepimus,
1830 4634 1851 4659 ιι
1885 4616 1995 4666 etc.

487 4742 623 4799 CIX.
667 4741 955 4813 Gregorius
1006 4740 1278 4813 Basiliam
1304 4736 1563 4813 defendit,
1595 4752 1629 4790 a
1675 4734 1907 4813 quodam
1934 4752 2127 4791 mona-

555 4816 651 4869 cho
682 4807 1015 4877 accusatum,
1048 4813 1195 4882 quod
1229 4809 1495 4880 Spiritum
1523 4817 1777 4861 sanctum
1824 4807 1989 4861 Deum
2019 4823 2125 4862 non

556 4886 902 4957 appellasset.

555 5010 693 5064 Post
723 5012 1052 5078 susceptam
1095 5022 1127 5058 a
1156 5002 1430 5075 Gregorio
1466 5002 1727 5058 Ecclesia
1760 5002 2126 5058 Nazianzena

483 5096 1075 5161 administrationem,
1108 5093 1486 5163 habitumque
1530 5091 1849 5147 orationem
1906 5092 2123 5147 duode-

482 5184 1039 5256 cimam,contigisse
1060 5182 1555 5250 videturjurgium
1583 5181 1735 5251 quod
1755 5180 1910 5235 inter
1930 5184 2122 5254 ipsum

482 5282 539 5331 et
569 5275 885 5347 quemdam
912 5271 1261 5327 monachum
1287 5269 1511 5325 exstitit
1540 5270 1611 5323 de
1634 5268 2014 5324 Basilio.Rem
2039 5270 2124 5325 sic

480 5371 677 5420 narrat
692 5363 1003 5434 Gregorius
1024 5361 1079 5414 in
1104 5358 1352 5430 epistola
1364 5359 1415 5412 al
1428 5402 1438 5413 .
1451 5359 1573 5413 ‘26:“
1593 5358 1863 5413 Conviviu
1877 5377 1927 5412 m
1946 5360 2123 5430 quod-

478 5454 609 5507 dam
646 5460 787 5519 erat,
822 5452 879 5504 in
913 5467 1028 5520 quo
1082 5446 1316 5519 plurimi
1357 5446 1670 5501 clarissimi
1705 5447 1809 5501 viri
1838 5447 2124 5517 nobisque

475 5542 733 5596 amicitia
763 5537 1057 5611 conjuncti
1087 5536 1711 5607 accumbebant,atque
1739 5536 1889 5591 inter
1919 5552 2017 5591 eos
2040 5535 2125 5591 vir

2216 594 2485 650 Nondum
2529 591 2597 645 ad
2633 587 2838 660 pocula
2869 591 3106 642 ventum
3138 591 3282 651 erat,
3315 600 3472 652 cum,
3525 590 3592 639 ut
3641 584 3699 637 in
3732 601 3868 639 con-

2216 683 2387 737 viviis
2420 679 2541 735 fieri
2576 678 2741 741 solet,
2778 678 2849 732 de
2881 675 3049 731 nobis
3095 690 3287 729 sermo
3326 673 3633 728 excitatur.
3670 672 3871 728 Omni-

2218 773 2328 827 bus
2362 786 2531 842 porro
2562 768 2806 821 virtutes
2836 771 2970 820 tuas
2997 762 3384 833 amplissimis
3415 761 3693 816 laudibus
3732 761 3870 817 effe-

2221 860 2506 928 rentibus,
2547 871 2770 927 nosque
2797 854 2995 923 etiam,
3030 859 3094 907 ut
3123 851 3333 907 iisdem
3367 856 3496 905 Vita
3529 850 3741 905 studiis
3771 850 3872 905 de-

2219 950 2393 1014 ditos,
2427 945 2899 1016 adjungentibus.
2936 984 2948 996 .
2987 983 3000 997 .
3032 941 3272 1011 indigne
3319 939 3453 995 tulit
3485 939 3579 994 hic
3614 940 3870 1009 philoso-

2223 1038 2392 1109 phus.
2417 1036 2482 1091 Et
2512 1035 2793 1106 quidnam
2826 1032 2934 1087 hoc
2964 1029 3618 1101 est,inquit,admodum
3656 1028 3871 1083 furiose

2222 1125 2580 1189 exclamans,
2610 1139 2642 1177 o
2689 1120 2818 1183 viri,
2853 1135 3029 1190 quam
3064 1117 3229 1172 valde
3279 1116 3591 1172 mendaces
3635 1122 3692 1171 et
3720 1117 3869 1171 adu-

2222 1215 2437 1269 latores
2465 1210 2642 1267 estisl
2679 1210 2894 1264 Catera
2935 1207 3170 1279 quidem
3219 1205 3535 1260 laudentur
3576 1222 3717 1260 sane
3764 1203 3872 1258 viri

2226 1303 2330 1365 illi,
2362 1319 2424 1357 se
2451 1301 2533 1355 ita
2564 1300 2742 1367 lubet,
2773 1296 2915 1351 nihil
2948 1310 3246 1366 repugno:
3280 1310 3478 1349 verum
3504 1295 3655 1365 quod
3686 1293 3871 1347 maxi-

2225 1408 2389 1446 mum
2420 1395 2528 1453 est,
2574 1387 2692 1442 illis
2724 1403 2837 1441 non
2871 1385 3206 1440 concedam.
3240 1383 3603 1439 Ortbodoxia
3636 1383 3875 1437 nomine

2229 1483 2445 1535 frustra
2477 1478 2750 1532 laudatus
2782 1473 3054 1537 Basilius,
3107 1473 3323 1527 frustra
3353 1471 3667 1543 Gregorius
3696 1488 3710 1534 ;
3753 1470 3871 1535 ille,

2230 1571 2368 1640 quia
2400 1565 2770 1622 sermonibus
2801 1563 2924 1619 suis
2954 1563 3253 1617 veritatem
3306 1560 3536 1631 prodit;
3588 1559 3705 1622 hic,
3740 1558 3877 1628 quia

2232 1656 2513 1730 patientia
2560 1672 2668 1709 sua
2715 1652 2979 1708 eamdem
3028 1648 3206 1706 simul
3258 1648 3472 1727 prodit.
3522 1671 3543 1696 1
3597 1648 3745 1703 Tum
3781 1647 3873 1701 his

2231 1746 2543 1817 Gregorius
2573 1741 3015 1798 conviciatorem
3044 1739 3236 1793 verbis
3269 1736 3566 1808 redarguit
3598 1754 3611 1792 :
3652 1760 3672 1785 ι
3712 1736 3875 1791 Unde

2234 1836 2361 1901 hoc,
2395 1851 2426 1889 o
2459 1834 2630 1887 homo
2661 1847 2825 1895 vane,
2857 1839 3027 1899 atque
3058 1827 3400 1898 arrogantia
3445 1824 3698 1890 nomine,
3732 1840 3875 1879 nove

2235 1924 2460 1980 Dathan
2494 1928 2550 1976 et
2581 1919 2842 1975 Abiron?
2871 1918 3033 1974 Unde
3057 1917 3223 1971 nobis
3245 1918 3585 1986 dogmatum
3622 1914 3879 1985 promul-

2236 2019 2402 2086 gatur
2457 2012 2616 2065 venis
2660 2010 2687 2063 ?
2752 2007 2973 2061 Siccine
3030 2010 3323 2059 tantarum
3386 2019 3577 2057 rerum
3613 2002 3878 2071 judicem

2234 2102 2488 2173 teipsum
2512 2098 2730 2153 efﬁcies
2750 2096 2777 2150 Ἰ
2797 2096 2942 2149 Tum
2974 2094 3107 2148 ille:
3138 2110 3254 2147 «ex
3275 2092 3353 2146 Eu
3366 2091 3585 2163 psychii
3608 2090 3878 2161 martyris

2238 2191 2457 2261 synodo
2490 2204 2645 2241 nunc
2666 2184 3107 2253 venio,eamque
3136 2182 3277 2236 dicti
3305 2182 3414 2235 mei
3452 2188 3656 2234 testem
3694 2178 3878 2233 habeo

2239 2279 2343 2351 (sic
2376 2278 2529 2332 enim
2567 2292 2657 2329 res
2687 2290 2780 2328 ses
2809 2289 2871 2327 se
2898 2270 3191 2340 habebat),
3225 2275 3401 2339 atque
3434 2268 3549 2322 illic
3598 2267 3877 2321 Basilium

2244 2369 2513 2438 Magnum
2549 2362 2841 2427 audivi,de
2873 2360 3038 2414 Patre
3073 2359 3305 2429 quidem
3339 2363 3395 2411 et
3422 2357 3563 2411 Filio
3585 2355 3802 2426 Optime
3822 2359 3881 2409 et

2243 2452 2682 2526 perfectissime,
2717 2455 2891 2520 atque
2924 2454 2989 2502 ut
3018 2447 3109 2501 vix
3146 2446 3455 2516 quisquam
3510 2444 3661 2499 alius
3717 2443 3881 2497 facile

2241 2548 2436 2616 queat,
2469 2542 2849 2595 disserentem
2878 2536 3193 2607 :Spiritum
3227 2540 3494 2588 sanctum
3528 2539 3721 2587 autem
3746 2548 3878 2587 con—

2241 2632 2545 2687 vellentem
2582 2645 2644 2683 ac
2677 2628 3161 2696 distorquentem,
3199 2645 3225 2672 ››
3255 2630 3363 2678 etc.
3408 2622 3589 2692 Igitur
3629 2620 3885 2692 philoso-

2245 2722 2397 2793 phus
2428 2719 2520 2773 ille
2553 2716 2831 2771 Basilium
2879 2713 3245 2783 vituperabat
3291 2727 3356 2766 eo
3397 2713 3547 2780 quod
3602 2709 3883 2781 Spiritum

2244 2815 2513 2865 sarctum
2548 2811 2723 2860 Deum
2761 2820 2873 2859 non
2920 2800 3271 2873 appellasset
3308 2799 3704 2854 concionando
3748 2816 3761 2859 ;
3819 2814 3886 2853 ac

2244 2897 2418 2952 veluti
2455 2914 2488 2950 a
2517 2895 2755 2950 veritate
2781 2891 3118 2955 declinaret,
3161 2905 3407 2958 eamque
3440 2886 3671 2958 politice
3702 2885 3891 2957 magis

2246 3003 2421 3057 quam
2449 2984 2538 3055 pie
2572 2978 3131 3055 pradicaretﬁasibi
3154 2982 3350 3048 partes
3371 2983 3609 3030 strenue
3631 2973 3893 3029 defendit

2246 3073 2583 3146 Gregorius,
2617 3085 2943 3141 causasque
2991 3066 3240 3122 reddidit
3282 3082 3385 3119 cur
3426 3064 3707 3134 Spiritum
3751 3080 3892 3117 san-

2248 3170 2403 3218 ctum
2428 3176 2697 3230 expresse
2713 3165 2769 3213 et
2788 3156 2978 3229 palam
3007 3160 3183 3209 Deum
3211 3170 3324 3209 non
3347 3153 3561 3207 diceret
3585 3194 3597 3216 ,
3624 3150 3893 3222 quamvis

2168 3264 2211 3328 C
2249 3268 2380 3307 eum
2412 3266 2541 3305 esse
2571 3248 2776 3310 Deum,
2811 3262 2922 3300 non
2953 3261 3123 3299 secus
3153 3260 3219 3297 ao
3255 3242 3482 3306 Filium,
3515 3242 3793 3305 crederet,
3826 3254 3895 3293 ac

2253 3338 2443 3393 verbis
2488 3337 2663 3391 etiam
2716 3334 3071 3397 ostenderet,
3103 3330 3381 3385 nimirum
3416 3331 3470 3383 in
3504 3328 3735 3383 insidiis
3765 3343 3896 3381 esse

2253 3427 2575 3489 haereticos,
2600 3424 2975 3479 observantes
2996 3422 3045 3475 si
3078 3436 3253 3491 quam
3288 3436 3356 3473 ex
3386 3418 3514 3487 ejus
3543 3432 3640 3471 ore
3672 3418 3893 3469 nudam

2252 3532 2449 3570 vocem
2473 3518 2709 3584 possent
2728 3509 3000 3580 arripere,
3026 3513 3091 3561 ut
3111 3523 3176 3561 eo
3199 3510 3379 3574 ejecto
3395 3504 3704 3560 Ecclesiam
3730 3519 3898 3557 occu—

2254 3609 2477 3676 parent,
2512 3607 2862 3667 caterasque
2893 3595 3178 3651 Ecclesiae
3211 3594 3661 3666 popularentur;
3694 3592 3893 3663 itaque

2252 3692 2438 3748 satius
2470 3707 2599 3745 esse
2632 3704 2807 3742 unam
2841 3702 3061 3749 vocem,
3106 3683 3394 3738 sententia
3434 3683 3487 3735 in
3522 3687 3647 3736 tuto
3681 3680 3892 3751 posita,

2254 3779 2709 3852 praetermittere,
2745 3792 2920 3846 quam
2957 3772 3270 3828 Ecclesiam
3307 3773 3360 3824 in
3402 3776 3631 3824 tantum
3682 3768 3893 3823 discri-

2252 3886 2382 3924 men
2416 3868 2721 3923 adducere.
2750 3866 3309 3939 ,Temperamentum
3355 3859 3538 3923 istud,
3568 3858 3719 3929 quod
3757 3875 3894 3928 pro-

2251 3956 2407 4011 bavit
2437 3960 2635 4026 postea
2685 3952 2932 4023 Magnus
2976 3949 3352 4013 Athanasius,
3397 3948 3467 4001 iis
3518 3948 3617 4017 qui
3649 3946 3898 3999 aderant

2249 4043 2572 4117 displicuit,
2606 4043 2919 4112 ipsumque
2960 4038 3303 4108 Gregorium
3355 4035 3709 4090 clamoribus
3741 4034 3895 4089 inse-

2249 4134 2383 4189 ctati
2417 4136 2575 4197 sunt,
2609 4136 2673 4185 ut
2703 4128 2944 4201 ignavia
2978 4128 3165 4198 magis
3196 4142 3374 4197 quam
3428 4140 3585 4179 sanae
3614 4124 3892 4178 doctrina

2247 4220 2671 4277 consulentem.

2245 4346 2355 4408 CX,
2386 4346 2519 4401 CXI.
2564 4344 2851 4412 Gregorius
2884 4342 3092 4398 Basilio
3120 4340 3549 4396 controversiam
3578 4339 3698 4409 ejus
3725 4352 3895 4392 causa

2314 4421 2621 4489 susceptum
2648 4416 2941 4485 signiﬁcat.
2978 4429 3189 4489 rogans
3224 4420 3283 4466 ut
3334 4412 3663 4489 ipseldoceat
3691 4424 3893 4489 quous-

2314 4505 2419 4561 que
2458 4480 2620 4543 liceat
2643 4480 2746 4561 _uti
2774 4480 3098 4561 accumula,
3132 4483 3676 4561 ul__con_tradice7_iles
3698 4480 3896 4550 possit

2316 4555 2599 4629 ripellere.
2634 4558 2930 4629 Epistolam
2978 4555 3224 4623 Gregorii
3269 4555 3511 4625 pejorem
3558 4555 3620 4607 in
3664 4561 3892 4623 partem

2161 4629 2208 4693 D
2309 4628 2508 4701 accipit
2556 4628 2829 4685 Basilius.

2315 4737 2470 4791 Datis
2502 4737 2571 4791 ad
2627 4735 2905 4790 Basilium
2945 4732 3179 4799 litteris,
3233 4748 3356 4787 rem
3387 4736 3571 4787 totam
3627 4730 3889 4785 narravit

2235 4825 2569 4897 Gregorius,
2603 4840 2814 4895 rogans
2849 4828 2913 4876 ut
2943 4823 3173 4877 doceret
3223 4836 3487 4891 quosque
3528 4820 3584 4874 in
3617 4819 3891 4890 disputa-

2235 4914 2391 4969 tione
2423 4915 2491 4967 de
2519 4912 2771 4984 Spiritus
2798 4910 2982 4966 sancti
3006 4910 3310 4965 divinitate
3334 4908 3889 4980 progredi,quasque

2234 5019 2404 5057 voces
2439 5006 2819 5074 usurpare,et
2850 5015 3157 5072 quousque
3179 4999 3505 5053 teconomia
3532 4998 3615 5051 uti
3652 4995 3887 5063 liceret;

2236 5091 2390 5146 haud
2424 5090 2693 5161 equidem
2719 5106 2829 5145 sua
2858 5106 3055 5154 causa,
3079 5087 3179 5159 qui
3200 5087 3466 5142 omnium
3488 5091 3643 5141 esset
3676 5086 3881 5139 miser-

2236 5181 2422 5234 rimus
2453 5185 2508 5235 et
2540 5178 2987 5243 stolidissimus,
3021 5177 3070 5233 si
3103 5177 3399 5232 dubitaret
3423 5175 3493 5229 de
3525 5173 3722 5229 Basilii
3751 5189 3887 5229 sen-

2236 5269 2437 5338 tentia,
2490 5269 2589 5323 sed
2640 5273 2705 5323 ut
2750 5267 3286 5322 contradicentibus
3336 5264 3730 5335 responderet.
3765 5262 3886 5316 Has

2234 5357 2492 5429 Gregorii
2528 5357 2777 5417 litteras,
2810 5355 3044 5411 tametsi
3097 5354 3360 5409 adhibita
3406 5353 3673 5407 cautione
3702 5367 3881 5421 quam

2234 5446 2911 5516 niaxima,omnibusque
2944 5444 3180 5499 honoris
3206 5448 3382 5513 atque
3412 5439 3629 5496 amoris
3660 5438 3890 5509 signifi-

2233 5535 2566 5592 cationibus
2598 5538 2860 5601 refertas,
2894 5534 3145 5606 priorem
3179 5534 3237 5589 in
3265 5537 3490 5605 partem
3523 5538 3743 5602 accepit
3781 5529 3888 5584 Ba-

543 5683 618 5754 (a)
650 5682 746 5739 0r.
781 5682 867 5749 t2,
899 5698 958 5738 n.
988 5680 1026 5735 5
1056 5683 1113 5736 et
1152 5680 1207 5733 6.
1285 5678 1359 5748 (b)
1387 5678 1455 5733 V.
1482 5678 1610 5734 523.
1686 5677 1760 5751 (e)
1806 5677 1990 5753 Epist.
2035 5678 2111 5737 al.
2144 5678 2234 5736 £2.
