4152 6208
291 345 402 407 305

1618 341 1800 404 VITA
1843 341 1910 402 S.
1956 337 2353 402 GBEGOBII.

290 475 484 541 silius;
510 473 611 545 qui
633 472 810 528 etiam
835 471 1108 544 Gregorio
1129 473 1512 544 respondens,
1543 473 1740 529 mirari
1769 490 1830 529 se
1852 472 1933 528 ait
1961 472 2014 538 Α
2047 490 2078 522 α
2107 471 2216 526 Sed
2251 486 2365 524 non
2395 467 2909 538 video,inquit,cur
2927 467 3180 523 Basilius
3207 467 3384 524 etiam
3417 471 3550 540 post
3569 471 3692 524 tur-

288 582 388 618 non
405 563 561 633 quod
583 560 903 615 monachus
919 560 1300 625 hocdixisset,
1319 561 1415 615 sed
1437 561 1589 631 quod
1608 559 1928 631 germanis-

285 657 456 708 simos
475 667 621 706 suos
647 651 872 710 fratres,
895 665 1034 703 suos
1051 653 1106 702 et
1129 648 1348 703 amicos
1371 650 1668 703 auditores
1699 649 1932 703 habuis-

285 748 367 797 set
395 757 460 796 ac
493 737 947 809 discipulos.His
970 738 1320 808 respondere
1338 737 1773 809 dedignatur,et
1796 754 1928 792 cum

283 828 554 902 Gregorio
586 825 1096 898 expostulat,quod
1121 827 1192 880 ad
1217 843 1278 880 se
1297 842 1408 880 non
1441 827 1672 892 veniat;
1706 827 1930 880 aditum

283 919 429 972 enim
494 933 610 972 non
656 915 958 970 habituras
1006 914 1352 981 calumnias,
1407 915 1455 969 si
1487 931 1759 986 magnam
1792 914 1930 970 anni

282 1013 497 1078 partem
534 1003 715 1059 simul
765 1005 1155 1058 traducerent.
1179 1004 1404 1066 Quanto
1433 1002 1490 1057 in
1531 1004 1750 1059 honore
1778 1009 1933 1060 esset

280 1097 422 1166 apud
459 1093 744 1148 Basiliam
779 1092 1096 1162 Gregorius
1126 1107 1193 1146 ex
1225 1092 1332 1146 hac
1355 1092 1773 1162 perhonoriﬁca
1795 1108 1929 1147 eum

279 1183 559 1237 invitandi
620 1182 845 1236 ratione
893 1180 1114 1252 liquet:
1156 1203 1176 1229 ι
1211 1180 1269 1235 Si
1303 1180 1456 1235 enim
1487 1187 1715 1236 tantum
1747 1197 1930 1252 appa-

279 1287 416 1339 reas,
469 1271 691 1341 inquit,
743 1269 1078 1340 supprimes
1130 1267 1316 1339 ipsius
1360 1268 1666 1340 impetum,
1715 1285 1933 1340 eosque

279 1361 369 1430 qui
403 1361 473 1413 ad
510 1359 713 1431 patriis
744 1375 836 1412 res
861 1359 1204 1413 evertendas
1234 1358 1574 1429 conspirant
1593 1357 1928 1429 dissipabis,

280 1448 369 1502 ubi
401 1447 553 1518 ipsis
607 1453 808 1501 notum
859 1446 1036 1501 fuerit
1083 1451 1141 1501 te
1182 1445 1280 1501 Dei
1313 1446 1501 1517 gratia
1533 1446 1713 1501 nostri
1748 1454 1932 1502 coitus

279 1538 480 1590 durem
517 1552 670 1604 esse,
706 1559 728 1586 ι
762 1539 868 1590 etc.

279 1642 432 1698 CXII.
469 1642 766 1712 Gregorius
795 1641 1005 1696 Basilio
1032 1641 1223 1696 scribit
1252 1657 1374 1695 eum
1424 1642 1700 1697 immerito
1731 1643 1933 1698 litteris

881 1715 998 1766 suis
1035 1714 1324 1783 o/Tensum.

2044 561 2145 612 bas
2195 560 2560 613 Sasimenses
2621 557 2772 613 hanc
2829 558 3098 612 amicitiae
3135 574 3433 628 nunquam
3467 557 3690 612 violata

2043 647 2272 702 laudem
2308 649 2416 702 sibi
2455 646 2746 701 vindicare
2781 662 2890 700 non
2923 645 3343 715 potuerit,cnm
3369 647 3690 718 praesertim

2040 736 2354 807 Gregorius
2386 735 2651 806 pluribus
2678 734 2819 789 locis
2859 736 3018 790 dicat
3055 735 3370 790 amicitiam
3404 735 3512 790 hac
3544 737 3599 789 in
3635 751 3696 791 re

2040 823 2320 879 Basiliam
2356 824 2586 896 spiritui
2623 823 3056 894 posthabuisse.
3089 846 3117 871 »
3143 824 3236 878 Sic
3258 824 3317 877 in
3341 825 3602 880 oratione
3626 825 3698 881 De

2041 913 2305 968 laudibus
2355 915 2556 968 Basilii
2605 913 2852 984 loquens
2900 914 2972 967 de
3015 912 3205 968 turbis
3233 913 3696 979 Sasimensibus,

2040 1018 2189 1072 quas
2219 1001 2476 1055 nondum
2533 1012 2761 1071 pectore
2807 1005 3180 1054 excusserat:
3220 1023 3240 1046 ι
3295 999 3416 1055 Nisi
3449 999 3576 1070 quis
3607 1005 3699 1055 ta-

2043 1105 2198 1158 men,
2233 1089 2422 1159 inquit
2453 1088 2542 1159 (f).
2575 1089 2682 1143 hoc
2715 1105 2748 1143 a
2779 1104 2870 1144 me
2921 1105 3022 1160 pro
3061 1087 3222 1143 illius
3250 1087 3518 1160 apologia
3547 1089 3697 1143 acci-

2043 1177 2345 1250 piat,quod
2371 1177 2917 1249 sublimiora,quam
2941 1194 3041 1248 pro
3065 1177 3320 1232 hominis
3341 1177 3695 1246 conditione,

2043 1267 2508 1337 sentiens,atque
2538 1265 2675 1321 hinc
2701 1267 2861 1338 prius
2892 1267 3065 1322 etiam
3101 1283 3277 1338 quam
3311 1266 3428 1320 vita
3455 1267 3696 1322 excede-

2043 1363 2149 1424 ret,
2181 1359 2503 1430 digressus,
2537 1358 2735 1412 omnia
2764 1359 2832 1412 ad
2859 1357 3142 1428 Spiritum
3177 1359 3462 1414 referebat
3487 1375 3500 1425 ;
3525 1364 3698 1428 atque

2043 1445 2311 1500 amicitiae
2362 1445 2573 1509 officia,
2627 1461 2755 1516 qua
2807 1444 3024 1516 alioqui
3074 1453 3272 1501 sancte
3323 1445 3568 1514 colebat,
3604 1446 3698 1502 hic

2044 1533 2234 1588 solum
2251 1535 2694 1605 aspernabatur,
2710 1533 2807 1587 ubi
2823 1533 3004 1588 Deum
3023 1535 3297 1606 anteponi
3313 1536 3633 1607 oportebat.
3670 1555 3698 1583 ιο

2042 1623 2103 1676 In
2135 1622 2322 1678 altera
2348 1623 2607 1677 oratione
2629 1639 2822 1677 coram
2853 1622 3067 1678 Basilio
3095 1644 3157 1679 zu
3187 1623 3699 1692 Quandoquidem,

2040 1711 2230 1783 inquit
2262 1711 2576 1782 Gregorius
2609 1713 2708 1783 (α),
2755 1717 2818 1766 ut
2870 1728 2975 1767 nos
3008 1711 3191 1782 pluris
3222 1713 3488 1778 fortasse,
3524 1727 3699 1783 quam
3746 1735 3752 1740 θ

341 1803 551 1858 Basilio
585 1803 893 1873 rescripsit
925 1801 1258 1873 Gregorius,
1291 1801 1485 1874 ipsum
1520 1803 1813 1858 immerito
1844 1803 1930 1859 of-
1963 1836 2009 1901 Β
2044 1803 2189 1858 alios
2220 1819 2420 1858 omnes
2441 1803 2643 1869 ducis;
2669 1803 2748 1857 ita
2771 1820 3007 1858 rursum
3032 1803 3315 1875 Spiritum
3344 1803 3510 1858 nobis
3533 1801 3704 1874 longe

280 1891 502 1946 fensum
540 1893 721 1946 fuisse
752 1890 964 1945 litteris
994 1891 1136 1959 suis,
1189 1907 1302 1945 non
1352 1890 1502 1946 malo
1555 1896 1611 1946 et
1660 1892 1929 1960 subdolo,

281 1983 370 2033 sed
405 1980 661 2051 simplici
698 1980 916 2046 animo,
948 1985 1004 2034 et
1033 1995 1100 2034 ea
1130 1995 1244 2050 qua
1277 1978 1500 2035 solebat
1530 1980 1932 2036 benevolentia

282 2070 550 2138 scriptis;
584 2084 839 2138 eumque
868 2067 1177 2122 admonuit
1197 2069 1383 2122 satius
1408 2068 1588 2123 fuisse
1612 2069 1930 2124 incommo-

285 2157 368 2209 dis
401 2157 756 2211 medicinam
791 2158 1012 2221 aﬂ‘erre,
1049 2173 1223 2227 quam
1256 2155 1565 2211 consilium
1598 2159 1759 2212 danti
1796 2174 1933 2213 sue-

287 2261 535 2300 censere.
563 2246 844 2300 Caeterum
875 2261 936 2300 se
966 2250 1274 2299 venturum
1297 2244 1602 2314 promittit,
1635 2253 1692 2301 et
1723 2245 1936 2301 Basilio

288 2334 431 2387 duce
463 2334 708 2388 libenter
736 2333 1152 2388 dimicaturum
1179 2349 1192 2387 :
1219 2356 1246 2382 ‹‹
1269 2334 1409 2398 Quis
1431 2333 1807 2404 enim,inquit
1836 2335 1938 2418 (α),

285 2420 585 2493 langueat,
646 2423 758 2476 imo
815 2421 948 2492 quis
994 2437 1106 2475 non
1169 2437 1381 2493 magno
1413 2426 1470 2475 et
1504 2422 1705 2477 fidenti
1739 2423 1937 2478 animo

288 2510 526 2563 futurus
556 2510 650 2573 sit,
684 2515 736 2564 te
769 2509 914 2565 duce
944 2526 1010 2564 ac
1040 2509 1196 2566 socio
1227 2510 1299 2565 de
1329 2509 1571 2565 veritate
1602 2509 1937 2582 disputans,

291 2605 458 2672 atque
488 2601 890 2655 contendens?
921 2624 948 2649 υ

356 2707 548 2762 CXIII.
587 2707 718 2775 Quis
750 2706 853 2761 ille
881 2708 948 2761 sit
981 2708 1170 2769 hostis,
1200 2715 1392 2762 contra
1422 2723 1581 2777 quem
1623 2717 1778 2778 rogat
1808 2707 1936 2765 Gre-

434 2783 654 2848 gorium
687 2780 924 2833 Basilius
955 2782 1012 2832 ut
1042 2780 1224 2832 veniat
1252 2779 1535 2833 auxilium
1566 2780 1800 2834 laturus.

358 2867 663 2922 Existimat
695 2867 784 2920 vir
811 2867 1177 2922 clarissimus
1203 2865 1816 2939 Tillemontius,quem
1852 2885 1943 2924 se-

296 2955 490 3025 quitur
512 2963 711 3010 noster
741 2955 1090 3009 Prudentius
1105 2959 1375 3010 Maranus
1395 2956 1490 3026 (b).
1517 2957 1944 3013 contentionem

294 3044 628 3116 Gregorium
664 3043 814 3098 inter
842 3049 899 3098 et
923 3043 1272 3098 monachum
1308 3043 1520 3099 Basilio
1551 3046 1771 3100 crimen
1814 3061 1945 3117 pro-

305 3133 426 3186 dite
441 3132 706 3187 veritatis
728 3133 1416 3204 inferentem,contigisse
1437 3149 1588 3187 anno
1611 3134 1710 3188 371
1735 3151 1747 3188 :
1777 3151 1944 3189 suam

2045 1892 2374 1965 anteponis.
2417 1892 2538 1948 Non
2585 1909 2797 1964 passus
2827 1909 2889 1948 es
2924 1892 3209 1947 talentum
3244 1894 3300 1947 in
3334 1898 3488 1948 terra
3519 1893 3704 1948 defos-

2042 1998 2172 2037 sum
2205 1987 2382 2053 atque
2411 1982 2692 2036 obrutum
2726 1981 2923 2048 latere,
2962 2004 2987 2030 ››
3014 1988 3122 2037 etc.
3153 1981 3348 2037 Potuit
3379 1998 3515 2054 ergo
3548 1981 3703 2040 Basi-

2045 2069 2178 2129 lius.
2213 2070 2387 2124 etiam
2423 2076 2552 2141 post
2579 2070 2944 2124 Sasimenses
2976 2070 3200 2137 turbas,
3254 2071 3444 2126 dicere
3487 2088 3548 2126 se
3579 2070 3704 2125 nul-

2043 2157 2158 2212 lius
2190 2158 2300 2212 sibi
2335 2161 2392 2212 in
2424 2158 2786 2225 Gregorium,
2813 2180 2840 2207 «
2874 2174 3059 2228 neque
3092 2159 3471 2229 parvi,neque
3503 2175 3703 2231 magni

2047 2244 2240 2300 delicti
2300 2261 2429 2300 esse
2478 2246 2792 2300 conscium.
2851 2269 2871 2292 ι
2935 2246 3005 2300 Et
3046 2251 3200 2300 certe
3230 2246 3286 2300 id
3318 2247 3508 2302 dicere
3539 2245 3707 2303 licuit

2048 2333 2322 2404 Gregorio
2353 2333 2445 2388 cui
2478 2333 2774 2389 acerbiora
2804 2333 2862 2388 in
2896 2332 3177 2388 Basilium
3208 2335 3382 2390 verba
3403 2335 3702 2391 excidere:

2049 2428 2267 2493 quanto
2301 2422 2484 2493 magis
2517 2420 2731 2476 Basilio
2752 2422 2780 2476 ‘I

2415 2507 2599 2566 CXIV.
2631 2511 2731 2566 Ille
2760 2510 2952 2576 hostis,
2984 2526 3090 2566 non
3126 2512 3335 2567 Valens.

2121 2604 2286 2656 Nunc
2315 2615 2446 2654 vero
2494 2599 2963 2670 expendendum,
3016 2617 3090 2656 an
3138 2601 3321 2655 hostis
3353 2600 3453 2673 qui
3487 2598 3707 2656 bellum

2052 2688 2336 2744 inferebat
2396 2686 2630 2750 Basilio,
2685 2688 2736 2742 is
2775 2687 2988 2744 Valens
3050 2689 3368 2760 imperator
3409 2694 3602 2756 esset;
3636 2706 3707 2744 an

2055 2784 2370 2839 certamen,
2399 2778 2469 2832 ad
2503 2777 2655 2848 quod
2693 2776 2944 2832 Basilius
2974 2777 3318 2848 Gregorium
3350 2780 3708 2843 accersebat,

2054 2874 2120 2922 ut
2179 2882 2296 2921 una
2353 2882 2550 2920 secum
2611 2871 2917 2938 pugnaret,
2977 2865 3124 2921 illud
3169 2868 3343 2922 fuerit
3390 2873 3706 2935 certamen,

2056 2955 2210 3027 quod
2272 2954 2583 3010 imminere
2637 2953 2747 3008 sibi
2798 2971 2864 3010 ex
2894 2955 3215 3011 adventuro
3245 2961 3561 3012 Cmsaream
3597 2955 3707 3012 Va-

2056 3043 2210 3099 lente
2241 3043 2655 3098 arbitrabatur.
2705 3043 2764 3097 Id
2817 3045 3052 3114 quidem
3096 3044 3299 3100 volunt
3327 3045 3708 3101 doctissimus

2055 3131 2463 3186 Tillemontius
2511 3136 2569 3186 et
2613 3139 2811 3187 noster
2835 3135 3206 3199 Prudentius,
3240 3152 3408 3206 quos,
3441 3135 3513 3189 ob
3545 3151 3708 3206 egre-

299 3205 561 3309 viiidocti
584 3221 916 3292 opinionem
941 3221 1292 3276 confirmant
1327 3221 1416 3276 his
1444 3221 1640 3276 Basilii
1665 3223 1854 3277 verbis
1877 3225 1946 3294 (ε)
1977 3201 2020 3269 C
2059 3220 2186 3293 gias
2216 3220 2456 3275 virlutes
2486 3225 2544 3274 et
2574 3220 2875 3276 scientiam
2926 3221 3306 3294 singularem,
3341 3223 3712 3279 observantia

301 3299 880 3394 quibus‘Gregorium
917 3315 1079 3380 rogat
1113 3315 1174 3364 ut
1204 3309 1393 3365 veniat
1416 3310 1696 3366 auxilium
1721 3311 1949 3367 laturus

303 3407 493 3454 contra
519 3387 760 3483 'hoiten:
809 3397 909 3469 qui
961 3398 1178 3453 bellum
1231 3397 1556 3454 inferebat:
1591 3421 1618 3448 «
1657 3401 1784 3471 Ipse
1816 3417 1949 3456 vero

303 3491 512 3543 exorari
548 3495 607 3542 te
639 3489 788 3556 sine,
825 3494 890 3543 ut
922 3489 1227 3543 nobiscum
1261 3489 1331 3543 ad
1366 3491 1730 3560 propositum
1763 3497 1950 3546 certa-

306 3593 424 3632 men
454 3577 771 3639 allabores.
801 3575 1193 3653 aenobiscum
1226 3593 1464 3634 occurss
1495 3578 1567 3647 ei,
1600 3578 1700 3651 qui
1733 3580 1948 3635 bellum

307 3667 462 3720 nobis
486 3665 685 3719 infert.
738 3665 795 3720 Si
837 3655 993 3719 enim
1021 3669 1250 3732 tantum
1283 3682 1585 3738 appareas,
1619 3668 1952 3739 supprimes

308 3753 484 3820 ipsius
517 3755 862 3824 impetum,»
896 3753 1256 3808 etc.Hostem
1291 3754 1447 3809 hunc
1477 3772 1588 3810 non
1623 3756 1800 3810 alium
1825 3773 1952 3814 esse

310 3859 472 3911 quam
506 3841 812 3896 Valentem
845 3843 1226 3897 contendunt.
1265 3864 1292 3891 «
1337 3842 1573 3898 Nullum
1607 3844 1761 3900 enim
1795 3846 1952 3902 aliud

311 3936 538 4002 tempus
571 3931 840 3994 occurrit,
881 3930 1073 4002 inquit
1124 3938 1320 3986 noster
1355 3931 1722 3997 Prudentius,
1752 3935 1808 3989 in
1842 3953 1955 4006 quo

314 4018 624 4074 instantem
651 4019 874 4074 hostem
894 4021 1311 4090 exspectaverit
1336 4020 1666 4086 Basilius,et
1687 4023 1954 4078 exsilium

316 4112 409 4161 aut
439 4107 661 4178 aliquid
695 4109 930 4180 gravius
960 4125 1026 4163 ex
1059 4108 1253 4180 praelia
1284 4111 1958 4183 speraverit.Appropin-

317 4204 586 4268 quantum
618 4196 878 4253 Valentis
910 4198 1225 4252 adventum
1250 4198 1516 4270 designat
1546 4199 1860 4272 Gregorius
1883 4200 1960 4271 (d)

316 4302 441 4342 cum
473 4286 556 4341 ait
589 4287 644 4340 in
699 4287 979 4350 convivio,

318 4468 486 4528 terea,
521 4464 571 4518 si
596 4465 722 4533 jam
756 4463 1007 4519 Basilius
1037 4481 1168 4519 eum
1200 4464 1441 4519 Valente
1475 4469 1959 4536 pugnasset,num

2058 3328 2234 3382 quam
2269 3313 2525 3366 maxima
2553 3311 2822 3367 colimus.
2857 3312 2958 3368 Hic
2989 3319 3184 3369 tamen
3218 3315 3290 3369 ab
3323 3331 3525 3370 eorum
3585 3316 3712 3386 opi-

2059 3403 2230 3459 nione
2261 3403 2658 3471 discedimus;
2691 3421 2878 3476 neque
2908 3404 3061 3460 enim
3109 3406 3369 3477 Gregorii
3402 3412 3458 3462 et
3514 3405 3713 3462 Basilii

2058 3493 2234 3549 verba
2263 3493 2334 3548 de
2369 3481 2610 3548 Valente
2633 3494 2841 3549 debere
2887 3493 3136 3565 intelligi
3193 3496 3363 3550 nobis
3420 3497 3713 3552 videntur.

2061 3581 2312 3638 Basilius
2345 3582 2412 3637 ad
2448 3587 2738 3637 certamen
2773 3587 2973 3638 contra
3005 3582 3235 3638 hostem
3267 3584 3556 3639 advocans
3583 3583 3719 3638 Gre-

2062 3671 2315 3743 gorium,
2358 3670 2450 3726 his
2481 3687 2612 3725 eum
2647 3671 2839 3724 verbis
2869 3672 3200 3742 compellat.
3247 3694 3273 3719 ‹‹
3308 3672 3366 3727 Si
3399 3672 3555 3725 enim
3587 3677 3713 3724 tan-

2062 3764 2187 3814 tum
2221 3775 2524 3830 appareas,
2557 3758 2743 3830 ipsius
2791 3759 3124 3829 supprimes
3155 3759 3464 3828 impetum.
3496 3773 3714 3826 eosque

2064 3849 2159 3918 qui
2191 3848 2266 3903 ad
2304 3847 2499 3919 patriai
2532 3863 2622 3901 res
2653 3848 2993 3902 evertendas
3011 3843 3713 3917 conspirant,dissipabis,

2065 3935 2163 3990 ubi
2197 3935 2341 4005 ipsis
2372 3941 2572 3989 notum
2636 3934 2810 3987 fuerit
2857 3939 2912 3987 te
2957 3936 3049 3988 Dei
3102 3935 3288 4005 gratia
3319 3934 3498 3987 nostri
3532 3936 3715 3987 ccetus

2067 4025 2274 4078 ducem
2305 4039 2452 4077 esse.
2491 4044 2518 4070 ››
2555 4024 2728 4088 Itane,
2761 4022 2988 4086 amabo,
3040 4021 3314 4087 scribere,
3374 4027 3430 4076 et
3485 4021 3604 4076 bzec
3644 4021 3716 4076 de

2067 4111 2328 4166 Valentis
2359 4113 2578 4181 impetu
2610 4111 2801 4164 dicere
2845 4109 3010 4166 licuit
3039 4110 3252 4165 Basilio
3273 4111 3300 4165 ‘I
3330 4114 3411 4166 An
3443 4128 3575 4166 vero
3607 4111 3714 4166 Ba-

2070 4198 2237 4254 silius
2270 4213 2527 4270 unquam
2561 4197 2914 4253 existimavit
2944 4199 3307 4272 Gregorium,
3339 4199 3425 4254 vel
3465 4199 3718 4271 impera.-

1034 4310 1054 4335 ι
1094 4287 1298 4358 ingens
1328 4287 1482 4342 circa
1522 4287 1801 4343 Basilium
1834 4305 1963 4344 esse
2070 4287 2200 4353 tori,
2260 4287 2344 4342 vel
2393 4289 2680 4358 profecto,
2732 4287 2817 4341 vel
2864 4305 3182 4360 coquorum
3219 4289 3518 4360 magistro,
3578 4289 3720 4343 adeo

318 4374 772 4439 bellum,vicinis
805 4375 1076 4431 omnibus
1100 4376 1283 4446 captis
1304 4377 1730 4447 etsubjugatis.
1751 4401 1777 4425 ››
1811 4378 1962 4432 Prae-

2071 4382 2174 4432 aut
2203 4375 2522 4430 terribilem
2550 4382 2652 4430 aut
2681 4383 2980 4448 acceptum
3017 4384 3236 4441 esse,ut
3265 4378 3350 4434 vel
3379 4378 3726 4434 auctoritate

2073 4468 2157 4519 vel
2192 4466 2398 4537 gratia,
2430 4463 2548 4520 imo
2595 4465 2716 4520 sola
2765 4466 2856 4521 sui
2905 4468 3231 4538 praesentia,
3263 4473 3316 4522 et
3347 4484 3479 4522 cum
3513 4466 3726 4521 Basilio

321 4552 555 4622 ignaviae
610 4553 829 4607 crimen
883 4553 1057 4608 futuri
1122 4553 1299 4624 praelii
1336 4553 1719 4624 promissione
1753 4554 1967 4610 relelle-
1998 4564 2044 4628 υ
2075 4553 2371 4621 societate,
2405 4559 2600 4608 tantos
2649 4556 2956 4610 confestim
3007 4555 3265 4626 impetus
3311 4557 3627 4619 retardare,
3658 4570 3730 4609 ne

325 4647 406 4695 ret
434 4643 506 4710 (ε)
528 4641 556 4695 ‘?
588 4641 811 4704 Quibus
841 4646 997 4697 enim
1031 4641 1189 4696 illius
1233 4642 1401 4697 fidem
1440 4643 1727 4713 praterita
1784 4649 1966 4698 certa-

329 4729 482 4783 mina
499 4746 607 4784 non
625 4731 1051 4801 approbassent
1109 4730 1290 4786 multo
1313 4730 1508 4785 minus
1533 4731 1790 4785 nondum
1814 4749 1972 4786 com-

331 4819 510 4872 missa
541 4820 1149 4890 approbarent.Aliam
1173 4819 1452 4874 rationem
1475 4819 1637 4873 addit
1655 4819 1973 4875 Tillemon-

2081 4643 2267 4697 dicam
2302 4666 2328 4690 ‹‹
2363 4642 2649 4714 dissipare
2682 4664 2710 4692 »
2734 4643 2964 4714 penitus
2995 4645 3234 4715 posset?
3265 4645 3409 4707 Quin
3437 4643 3529 4697 his
3551 4648 3734 4697 certa-

2083 4731 2340 4785 minibus
2371 4746 2504 4784 cum
2557 4731 2843 4800 praefectis
2897 4732 2969 4786 ab
3011 4734 3358 4803 imperatore
3392 4729 3733 4801 praemissis.

2084 4825 2140 4874 et
2169 4835 2300 4873 cum
2336 4819 2460 4888 ipso
2479 4817 2718 4873 Valente
2749 4819 2930 4872 adl'uil
2961 4820 3311 4891 Gregorius:
3373 4819 3512 4890 quid
3568 4833 3738 4889 porro

331 4905 466 4972 tius,
502 4907 724 4963 scilicet
774 4909 1053 4964 Basilium
1120 4911 1250 4980 post
1281 4908 1647 4962 Sasimenses
1681 4908 1977 4964 molestias
2085 4906 2202 4962 tale
2229 4907 2516 4978 prmstitit,
2550 4905 2720 4977 quale
2754 4907 3146 4979 praestituruin
3181 4907 3421 4962 confidit
3448 4906 3742 4961 Basilius?

330 4994 517 5050 dicere
556 5013 668 5050 non
703 4998 1004 5068 potuisse:
1037 5013 1100 5052 se
1133 4995 1354 5051 nullius
1385 4995 1496 5052 sibi
1526 4996 1582 5050 in
1611 4996 1976 5068 Gregorium,

337 5104 361 5130 «ι
389 5099 576 5154 neque
608 5085 987 5158 parvi,neque
1021 5085 1216 5157 magni
1253 5084 1447 5141 delicti
1472 5101 1598 5140 esse
1621 5086 1977 5141 conscium.»

333 5169 544 5226 Verum
607 5173 758 5228 hanc
819 5175 1099 5230 rationem
1161 5175 1284 5247 ipse
1345 5179 1542 5228 noster
1610 5174 1982 5243 Prudentius,

336 5261 600 5331 quamvis
659 5262 812 5320 idem
867 5264 1082 5319 sentiat
1141 5278 1206 5318 ac
1262 5261 1692 5330 Tillemontius,
1726 5263 1982 5319 refellit-

405 5440 482 5510 (a)
513 5439 695 5511 Epist.
731 5441 807 5495 al.
848 5443 938 5497 27.

407 5511 483 5586 φ)
514 5513 634 5586 yua
667 5511 862 5586 Basil.,
896 5531 948 5586 p.
985 5513 1076 5586 se.

429 5582 639 5707 912:3.
669 5599 762 5656 ep.
791 5582 970 5656 7l,'p.
1005 5584 1129 5640 164.

566 5663 650 5707 ita
674 5657 804 5707 Bas.
835 5672 894 5707 ι).
923 5656 1018 5707 96.

474 5653 492 5724 )
527 5655 650 5711 Vita
674 5653 804 5712 Bas.
835 5672 894 5728 ι).
916 5653 1018 5712 96.

2090 5013 2250 5069 CXV.
2315 5012 2632 5067 Eustathius
2680 5013 2996 5084 Sgbaslenus
3039 5015 3428 5084 intelligendus
3473 5023 3549 5068 est
3598 5013 3746 5067 Basi-

2727 5085 2800 5139 lio
2836 5088 3098 5154 infensus.

2165 5178 2287 5228 Non
2338 5187 2472 5244 ergo
2522 5172 2592 5226 de
2641 5171 2883 5228 Valente
2936 5173 3314 5246 intelligenda
3362 5180 3504 5229 sunt
3545 5171 3746 5227 Basilii

2099 5265 2294 5328 verba,
2327 5261 2424 5316 sed
2459 5261 2529 5315 de
2561 5261 2689 5331 ejus
2722 5263 3108 5334 sulfraganeis
3151 5263 3397 5334 aliisque
3437 5261 3748 5333 episcopis.

2195 5443 2244 5516 θ)
2279 5441 2465 5516 βρίθίζ
2484 5438 2558 5494 δι’

2196 5512 2244 5588 f)
2403 5513 2494 5588 ᾗ,
2527 5529 2583 5567 n.
2605 5512 2696 5588 59.

2199 5582 2257 5658 '9')
2285 5587 2384 5642 0r.
2415 5583 2505 5651 10,
2537 5600 2598 5639 n.
2626 5582 2683 5638 3.
