4152 6208
425 367 547 434 ουτ

1757 355 1945 424 "TA
1985 357 2057 422 Bo
2100 354 2496 422 GREGOMI.

431 499 729 574 impr-imis
757 492 1026 555 Eustathi
1056 492 1505 566 Sebaeteno,qui
1542 492 1775 550 Sabellii
1805 495 1864 548 et
1891 490 2072 563 Apol-a
2104 492 2153 558 Α
2182 490 2394 574 CXXII.
2427 493 2486 548 In
2518 490 2744 574 epistola
2791 493 2869 574 26A
2905 491 3153 574 Gregorii
3205 487 3268 560 ﬁt
3313 493 3521 574 mentio
3560 492 3837 574 orationis

427 592 634 648 linaris
663 603 888 645 errores
914 584 1125 641 Basilio
1149 585 1482 657 afiingebat.
1518 585 1796 639 Protei-sa
1825 581 1898 637 ob
1929 595 2083 654 eam,

425 696 543 753 qua
572 681 642 733 de
664 676 882 748 Spiritu
917 677 1118 730 sancto
1149 674 1323 729 verba
1356 673 1570 728 iaciens
1613 673 1886 727 utebatur
1915 668 2083 725 Basi-

423 769 560 831 lius.
592 763 998 829 meouomiam,
1031 762 1131 817 alii
1170 761 1530 830 timiditatis,
1563 761 1662 816 alii
1700 759 1940 831 proditis
1980 762 2083 814 aut

423 857 601 914 etiam
640 855 929 910 innovatae
973 851 1104 907 ﬁdei
1140 855 1334 906 notam
1375 850 1728 917 lnursbant;
1761 861 1939 919 quam
1973 847 2080 901 ad-

421 952 598 1003 ventu
629 959 737 1000 suo
783 940 1101 1011 Gregorius
1149 945 1206 995 et
1254 935 1668 996 communione
1697 951 1833 993 cum
1866 935 2078 991 Basilio

423 1036 754 1105 abstergers
804 1031 1037 1104 penitus
1067 1034 1124 1085 et
1151 1029 1346 1085 eluere
1373 1032 1618 1100 poterat,
1653 1027 1872 1099 quippe
1902 1038 2078 1096 quem

422 1121 745 1180 divinitatis
773 1121 1030 1193 Spiritus
1059 1118 1242 1174 sancti
1269 1118 1633 1173 liberrimum
1667 1121 1725 1171 et
1768 1129 1882 1187 prie
1914 1120 2077 1169 caete-

425 1215 506 1270 ris
537 1227 740 1268 omnes
772 1213 1263 1282 propugnatorem
1307 1207 1721 1279 agnoscebant.
1771 1204 2079 1274 PrOpterea

430 1301 677 1358 Basilius
709 1298 1052 1370 Gregorium
1104 1297 1368 1362 advocat,
1403 1296 1493 1351 his
1523 1293 1749 1350 verbis:
1783 1313 1811 1343 «
1839 1293 1900 1348 Si
1948 1297 2077 1347 tan-

453 1407 550 1447 um
582 1403 887 1462 apparens,
920 1386 1105 1459 ipsius
1136 1384 1469 1456 supprimas
1497 1384 1803 1456 impetum,
1863 1394 2078 1452 eosque

434 1479 523 1552 iui
574 1479 643 1534 ad
694 1495 785 1534 res
834 1475 1035 1548 patriae
1065 1475 1403 1532 evertendas
1433 1473 1794 1546 conspirant,
1826 1471 2077 1542 dissipa-

426 1568 538 1631 his,
573 1588 600 1618 »
635 1572 744 1622 etc.

495 1656 610 1712 Nec
641 1671 773 1710 vero
802 1670 870 1710 ex
901 1653 1280 1723 sequentibus
1317 1651 1560 1725 colligas
1609 1649 1872 1706 Valentis
1902 1671 1931 1700 «
1965 1648 2075 1704 im-

425 1752 623 1819 petum
671 1767 698 1794 »
748 1744 1087 1816 significari.
1152 1746 1491 1814 Exspectare
1523 1756 1776 1812 namque
1827 1737 2076 1794 Basilius

419 1835 594 1891 etiam
655 1838 778 1888 tum
811 1831 1018 1905 potuit,
1062 1837 1125 1886 ut
1158 1832 1231 1886 ab
1261 1829 1506 1886 ecclesia
1538 1826 2073 1932 paternisqus‘mdi-
2104 1865 2153 1932 B

421 1925 531 1978 bus
561 1922 887 1993 ejiceretur,
922 1937 1033 1976 non
1067 1925 1299 1975 tantum
1350 1921 1422 1974 ab
1459 1916 1712 1984 Arianis,
1749 1916 1847 1988 qui
1881 1915 1938 1972 id
1968 1930 2070 1970 an-

418 2028 493 2068 no
523 2013 649 2075 372,
701 2011 1030 2080 iterumque
1077 2024 1229 2064 anno
1277 2008 1384 2062 376
1428 2011 1768 2072 tentarunt;
1809 2019 2006 2060 verum
2039 2020 2074 2058 a

417 2098 729 2155 Catholicis
782 2097 958 2153 etiam
1011 2097 1300 2167 pluribus,
1355 2095 1456 2167 qui
1511 2099 1567 2150 et
1612 2094 1723 2166 ipsi
1773 2109 1920 2148 casco
1951 2090 2074 2148 seio

419 2187 645 2259 abrepti
713 2185 927 2241 Basilio
990 2185 1470 2240 adversabantur.
1533 2183 1810 2238 Praeterea
1865 2181 2072 2235 Eusta-

420 2277 580 2331 thius
613 2276 984 2338 Sebastenus,
1019 2272 1193 2328 homo
1227 2270 1570 2344 versipellis,
1623 2270 1722 2342 qui
1756 2285 1889 2324 cum
1917 2268 2072 2323 Aria-

419 2366 512 2422 nis
541 2370 666 2422 erat
697 2370 822 2419 tum
845 2363 1256 2419 communione
1286 2369 1342 2417 et
1369 2362 1428 2416 in
1461 2359 1744 2415 Basilium
1777 2358 1910 2413 odio
1941 2371 2074 2412 con-

411 2451 1341 2527 junctissimus,Eustathianique
1373 2447 1611 2505 famosis
1646 2446 1858 2504 libellis
1887 2450 2069 2501 Casa-

420 2544 670 2600 riensem
719 2543 1060 2614 episcopum
1112 2539 1480 2607 lacerabant;
1528 2537 1671 2594 adeo
1711 2542 1838 2592 uta
1867 2534 2070 2590 multis

417 2633 572 2690 male
601 2633 848 2699 audiret,
899 2631 1073 2694 etiam
1122 2629 1478 2698 orthodoxis,
1503 2632 1677 2700 atque
1707 2627 1835 2697 ejus
1866 2625 1925 2680 in
1959 2625 2070 2679 fide

417 2723 597 2778 dubia
626 2727 781 2777 esset
813 2719 1144 2793 integritas.

465 2970 646 3028 CXVI.
680 2972 1012 3042 Episcopum
1043 2977 1174 3024 tunc
1201 2969 1372 3038 [uisse
1402 2967 1734 3040 Gregorium
1763 2969 2010 3022 constat.

483 3151 632 3216 Quin
663 3151 837 3206 etiam
870 3148 1212 3220 Gregorium
1253 3152 1519 3202 nostrum
1555 3149 1694 3201 tunc
1724 3143 2063 3216 episcopum

2268 564 2457 690 1321140
2503 568 2707 620 constat
2751 572 2872 635 post
2917 566 3227 619 orationem
3270 565 3535 635 scriptam
3574 582 3688 629 esse
3720 570 3835 638 epi-

2268 652 2287 690 s
2316 651 2344 689 ο
2407 652 2481 690 m.

2263 651 2481 691 δῖοιαγη.

2263 741 2502 812 Hisjam
2534 743 2605 797 ad
2637 740 2940 798 cumulum
2966 741 3404 814 accedat(quod
3428 742 3686 814 epinioni
3715 761 3834 801 sua:

2190 830 2626 888 inoommodare
2659 849 2772 887 non
2803 829 3138 887 dissimulat
3162 831 3834 906 Tillemontius),oratio-

2190 936 2322 976 nem
2372 919 2644 993 Theologi
2679 920 2937 976 habitam
2984 936 3136 975 anno
3166 921 3290 986 872,
3325 927 3705 994 posteaquam
3739 925 3835 979 ab-

2179 1007 2354 1078 jectie
2385 1009 2630 1066 Sasimis
2670 1008 3040 1065 Nazianzenus
3075 1007 3339 1065 Ecclesiae
3368 1011 3829 1068 administratio-

2188 1115 2343 1164 nem,
2364 1099 2613 1169 juhente
2643 1103 2822 1170 patre,
2854 1098 3116 1170 suscepit
3145 1098 3478 1170 Gregorius,
3513 1100 3740 1156 laudari
3772 1102 3831 1157 in

2186 1187 2433 1261 epistola
2485 1189 2578 1254 26,
2637 1188 2706 1244 de
2776 1204 2894 1259 qua
2969 1188 3200 1258 agitur:
3271 1209 3300 1239 ιι
3359 1189 3683 1261 Ξὶωυιρυο,
3745 1193 3832 1247 in-

2186 1277 2312 1349 quit
2356 1277 2458 1348 (b),
2507 1293 2703 1334 vocem
2756 1277 3074 1348 quamdam
3109 1292 3299 1334 meam
3357 1281 3836 1336 commemoravit

2186 1366 2533 1437 (monachus
2562 1364 2662 1439 qui
2691 1365 2748 1420 in
2782 1365 3061 1420 Basiliuin
3095 1366 3364 1422 atrociter
3406 1366 3830 1442 invehebatur),

2186 1472 2321 1512 cum
2366 1472 2490 1528 ego,
2533 1455 2684 1511 utin
2719 1454 3192 1527 frequentissimo
3222 1460 3392 1523 ccetu,
3425 1458 3496 1512 de
3526 1457 3832 1516 divinitate

2185 1547 2363 1603 verba
2395 1545 2612 1599 faciens
2643 1544 3048 1616 pervulgatum
3094 1543 3236 1598 illud
3276 1544 3348 1600 de
3377 1545 3592 1617 Spiritu
3628 1554 3830 1605 sancto

2186 1634 2495 1691 interfatus
2525 1649 2754 1694 essem:
2799 1635 3115 1704 Quousque
3166 1632 3462 1690 lucernam
3509 1636 3830 1693 absconde-

2186 1741 2320 1779 mus
2350 1723 2460 1779 sub
2494 1723 2685 1778 modio
2706 1722 2734 1776 ‘I
2765 1743 2794 1774 »
2817 1723 2955 1786 Quae
2983 1721 3227 1784 totidem
3259 1724 3451 1779 verbis
3481 1723 3538 1778 in
3569 1726 3831 1783 oratione

2185 1812 2495 1868 habentur.
2547 1812 2628 1868 Ex
2667 1828 2783 1883 quo
2826 1811 3090 1879 sequitur
3146 1811 3268 1867 hmo
3324 1813 3643 1883 contigisse
3697 1820 3831 1886 post

2183 1903 2523 1968 orationem,
2575 1917 2704 1973 qua:
2754 1900 2953 1955 habita
2987 1906 3077 1957 est
3106 1915 3258 1956 anno
3289 1901 3434 1964 372;
3469 1903 3830 1976 proindeque

2180 1991 2488 2064 epistolam
2533 1991 2604 2045 '26
2653 2006 2766 2046 non
2811 2006 2964 2046 anno
3022 1991 3147 2056 371,
3197 1990 3298 2045 sed
3345 2007 3498 2046 anno
3539 1993 3644 2048 372
3690 1993 3831 2048 scri-

2183 2088 2343 2154 ptam
2375 2097 2522 2144 esse.
2553 2079 2730 2151 idque
2753 2086 2880 2151 post
2910 2079 3513 2151 Septembrem,quem
3549 2082 3605 2136 in
3650 2098 3831 2138 mem-

2182 2187 2306 2227 sem
2338 2170 2544 2226 incidit
2576 2169 2727 2225 beati
2753 2170 3023 2240 martyris
3042 2169 3352 2241 Eupsychii
3380 2171 3498 2225 sive
3522 2172 3824 2241 memoria,

2181 2259 2302 2317 sive
2331 2263 2672 2324 conventus,
2720 2259 2874 2314 unde
2913 2258 3309 2313 calumniandi
3344 2259 3625 2315 Basilium
3657 2278 3826 2318 occa-

2181 2351 2406 2408 sionem
2455 2349 2777 2406 menachus
2825 2349 3169 2420 arripuerat.
3215 2347 3410 2417 Neque
3440 2349 3616 2404 etiam
3652 2351 3826 2408 citius

2181 2440 2290 2496 hoc
2339 2456 2491 2496 anno
2545 2437 2859 2502 Hellenius,
2911 2437 3009 2508 qui
3059 2437 3315 2509 Gregorii
3356 2437 3577 2494 litteras
3608 2438 3822 2496 Basilio

2179 2529 2450 2595 reddidit,
2482 2526 2859 2599 exmquandis
2889 2526 3155 2582 Nasianzi
3187 2526 3424 2583 tributis
3455 2529 3822 2602 praepositus,

2179 2621 2494 2676 Caesaream
2529 2617 2820 2688 profectus
2844 2620 2954 2671 est.

2248 2712 2530 2765 Caeterum
2562 2722 2677 2778 quo
2706 2710 2968 2778 tempore
2998 2705 3312 2777 Gregorius
3341 2722 3460 2763 una
3487 2723 3621 2763 cum
3655 2710 3818 2778 patre

2176 2798 2598 2855 Nazianeenam
2646 2794 2962 2851 Ecclesium
3011 2795 3479 2861 administrabat,
3514 2796 3635 2851 sive
3665 2802 3817 2867 ante,

2175 2889 2294 2946 sive
2309 2894 2439 2960 post
2450 2891 2706 2943 exortam
2720 2902 2849 2942 cum
2868 2886 3153 2942 monacho
3170 2887 3240 2942 de
3256 2886 3470 2942 Basilio
3493 2891 3821 2942 controver-

2174 2979 2668 3042 siam,Caesaream
2703 2989 2765 3032 se
2810 2975 3078 3040 contulit,
3115 2976 3313 3047 ibique
3344 2974 3613 3031 eximiam
3651 2973 3815 3030 illam

2174 3072 2495 3124 orationem
2526 3067 2596 3137 (c)
2647 3065 2849 3120 habuit
2896 3081 3022 3136 quae
3071 3065 3145 3119 De
3178 3081 3482 3136 pauperum
3515 3080 3702 3120 amore
3729 3063 3819 3119 in-

2175 3156 2467 3213 scribitur.
2503 3155 2711 3210 Eorum
2745 3170 2924 3210 causa
2956 3153 3328 3225 potissimum
3361 3153 3559 3209 habita
3580 3159 3688 3220 est,
3715 3155 3816 3224 qui

414 3241 614 3303 fuisse,
667 3253 735 3294 ex
777 3239 868 3294 bis
915 3238 1178 3308 ejusdem
1237 3234 1519 3307 epistolis,
1575 3250 1751 3305 quam
1801 3235 1869 3287 ad
1929 3248 2064 3288 eum

2184 3247 2232 3302 in
2286 3244 2559 3316 hospitali
2607 3245 2801 3312 domo,
2852 3243 3079 3298 alendis
3130 3243 3484 3315 pauperibus
3535 3260 3568 3298 a
3599 3242 3815 3298 Basilio

416 3329 647 3402 scripsit
681 3327 933 3388 Basilius
963 3327 1060 3397 (α),
1113 3325 1305 3382 verbis
1349 3330 1504 3380 certo
1535 3322 1726 3394 colligi
1762 3338 1932 3394 posse
1963 3338 2063 3378 no-

415 3421 507 3476 bis
565 3418 841 3474 videtur:
885 3415 948 3470 Ei
1005 3415 1108 3488 γὰρ
1158 3413 1292 3469 κατὰ
1340 3412 1432 3471 τὰς
1491 3409 1720 3485 ἀρχαίας
1773 3410 2062 3479 συνθήκας,

414 3506 503 3564 καὶ
553 3506 687 3561 κατὰ
733 3505 831 3572 τὴν
885 3502 1246 3580 ὀφειλομᾶντμ
1295 3505 1406 3571 νῦν,
1437 3504 1556 3560 ταῖς
1596 3497 1910 3567 ἐκκλησίαις
1939 3498 2065 3570 παρ’

413 3598 573 3668 ἡμῶν
604 3593 940 3665 ἐπιμέλειαν,
972 3592 1039 3646 τὰ
1069 3589 1255 3646 πολλὰ
1296 3593 1393 3646 τοῦ
1446 3588 1689 3643 ἐνιαυτοῦ
1741 3589 1853 3659 μετ’
1886 3585 2063 3656 ἀλλή-

415 3684 526 3741 λων
561 3681 844 3759 διήγομεν·
880 3707 906 3733 ‹‹
941 3682 995 3738 Si
1051 3680 1206 3736 enim
1252 3697 1320 3738 ex
1368 3679 1543 3734 veteri
1589 3685 1773 3749 pacto,
1806 3694 1872 3734 ac
1896 3679 2066 3747 juxta

407 3792 538 3832 eam
569 3790 745 3847 quam
778 3789 936 3828 nunc
967 3771 1249 3826 debemus
1280 3767 1562 3828 ecclesiis.
1588 3784 1785 3824 curam
1820 3772 1876 3822 et
1906 3765 2064 3822 solli-

405 3861 974 3934 oitudinem.ssepius
1007 3876 1108 3932 per
1139 3875 1357 3919 annum
1391 3857 1919 3917 convcnissemus.»
1950 3861 2060 3913 etc.

401 3955 531 4010 Haec
563 3959 716 4010 certe
751 3952 928 4007 verba
959 3947 1300 4021 Gregorium
1335 3963 1448 4002 non
1477 3963 1645 4002 secus
1669 3963 1733 4002 ac
1779 3945 2060 4000 Basilium

400 4043 583 4098 fuisse
642 4043 981 4113 episcopum
1032 4040 1338 4098 denotant.
1389 4053 1714 4104 novamque
1764 4053 1828 4090 ac
1862 4051 2058 4106 parem

394 4133 517 4200 jam
554 4147 708 4186 nunc
740 4130 1179 4186 incumbentem
1214 4126 1502 4182 ambobus
1544 4124 1923 4180 Ecclesiarum
1958 4139 2058 4178 cu-

399 4235 546 4284 ram.
581 4217 744 4275 Unde
800 4218 1088 4288 sequitur,
1139 4214 1207 4268 τὰ
1263 4210 1451 4270 πολλά
1507 4216 1605 4268 τοῦ
1656 4211 1900 4268 ἐνιαυτοῦ
1950 4230 2059 4284 μετ’

398 4303 663 4375 ἀλλήλων
712 4302 1002 4379 διήγομεν,
1054 4321 1181 4377 quis
1231 4309 1383 4360 recte
1430 4307 1600 4360 vetus
1645 4303 1930 4374 interpres
1977 4302 2060 4358 sic

399 4396 599 4452 Latine
631 4394 931 4451 reddidit:
962 4414 981 4441 α
1037 4390 1263 4462 Sirpius
1313 4409 1416 4463 per
1445 4408 1664 4447 annum
1698 4390 2060 4446 convenisse-

399 4501 552 4551 mus,
585 4510 606 4536 ι
646 4484 802 4556 quod
837 4483 1149 4554 episcopos
1183 4483 1431 4537 maxime
1451 4482 1642 4551 juvat,
1692 4480 2058 4552 probantque

398 4575 731 4670 frequentes
771 4571 1007 4670 synodi.
1052 4574 1417 4670 Quapropter
1463 4569 1716 4624 Basilius
1767 4569 2054 4669 malorum
2087 4605 2131 4670 Β

395 4680 634 4720 causam
668 4663 801 4719 inde
832 4661 1061 4733 repetit,
1107 4659 1262 4731 quod
1316 4675 1431 4714 non
1494 4675 1614 4716 una
1668 4658 2050 4714 conveniant:

391 4750 598 4808 τούτων
655 4749 715 4807 δὶ
769 4748 940 4806 αἶᾶιον
1000 4747 1194 4804 ἐκεῖνο.
1249 4789 1262 4804 .
1319 4788 1333 4804 .

2175 3334 2384 3405 Magno
2412 3337 2941 3397 oonstrueta,sacro
2974 3333 3176 3388 morbo
3206 3331 3567 3387 laborabant.
3600 3331 3679 3387 Ad
3706 3331 3817 3387 hoc

2171 3425 2344 3480 etiam
2378 3428 2613 3492 tempus
2645 3422 2936 3493 pertinent
2969 3422 3261 3476 orationes
3282 3425 3630 3490 sequentes;
3665 3419 3821 3476 vide-

2173 3511 2308 3567 licet
2337 3511 2562 3566 deoima
2593 3510 2796 3582 quinta
2839 3513 2898 3564 in
2932 3509 3150 3566 laudem
3182 3507 3633 3573 Machabéeorum,
3668 3526 3816 3580 quo-

2172 3617 2302 3656 rum
2336 3600 2638 3673 passiones
2671 3616 2784 3654 non
2815 3613 2883 3654 ex
2911 3597 3078 3654 libris
3111 3598 3295 3654 sacris
3328 3597 3427 3672 qui
3465 3597 3818 3652 Macbabaao-

2172 3707 2301 3745 rum
2353 3705 2564 3745 nomen
2614 3689 2852 3754 habent,
2904 3687 3004 3743 sed
3053 3705 3120 3743 ex
3164 3686 3398 3758 .losephi
3432 3686 3578 3742 libro
3609 3687 3682 3742 De
3711 3689 3816 3741 im-

2169 3781 2445 3851 peratrice
2474 3776 2946 3844 ratione,exponit
2976 3781 3034 3832 et
3063 3775 3408 3848 eloquentis:
3435 3793 3551 3830 sua:
3575 3775 3819 3830 ﬂoribus

2171 3872 2429 3925 exornat.
2494 3866 2723 3921 Decima
2772 3871 2952 3932 sexta,
3010 3865 3071 3920 in
3117 3873 3337 3936 patrem
3390 3868 3654 3920 tacentem
3691 3879 3818 3934 pro-

2169 3961 2293 4026 pter
2336 3959 2558 4028 plagam
2605 3955 2916 4024 grandinis,
2969 3972 3086 4026 qua
3134 3953 3410 4009 Tiberina
3458 3953 3634 4023 regio,
3679 3951 3816 4007 Gre-

2170 4047 2314 4118 gorii
2367 4047 2559 4101 natale
2606 4044 2822 4112 solum,
2856 4060 3010 4099 anno
3040 4043 3274 4099 circiter
3303 4043 3408 4096 373
3439 4041 3651 4097 alllictu
3687 4041 3817 4095 fuit.

2172 4135 2402 4191 Decima
2432 4135 2703 4207 septima,
2737 4132 2807 4188 ad
2853 4135 2994 4188 cives
3026 4136 3406 4190 Nazz‘amenor
3432 4133 3595 4204 gravi
3624 4133 3820 4186 timore

2167 4226 2462 4296 perculsos,
2495 4225 2567 4278 ob
2598 4221 2874 4278 delictum
2907 4221 3054 4278 alias
3085 4221 3473 4294 incognitum,
3505 4229 3556 4276 et
3577 4221 3655 4276 ad
3673 4231 3820 4292 prte-

2165 4316 2369 4385 fectum
2398 4315 2750 4368 irascentem.

2166 4474 2403 4531 CXVIII.
2453 4479 2602 4534 Hor:
2651 4471 2926 4557 Gregorii.
2952 4471 3187 4555 maiori:
3214 4475 3268 4527 et
3295 4469 3512 4529 Romae
3540 4469 3657 4542 ejus
3685 4484 3816 4525 cono

2892 4560 3072 4615 Jugis.

2235 4665 2558 4735 Quomodo,
2609 4667 2852 4738 abiectis
2899 4667 3162 4735 Sasimis,
3197 4665 3510 4738 Gregorius
3541 4665 3818 4721 solitudi-

1391 4746 1452 4800 τὸ
1534 4745 1610 4818 μή
1670 4745 2051 4820 συντυγχάνειν

2184 4774 2292 4813 lem
2328 4758 2535 4812 iterato
2568 4756 2823 4830 petierit.
2856 4772 3042 4826 eaque
3070 4761 3356 4811 retractus
3391 4753 3657 4809 Ecclesiae
3704 4753 3814 4807 Na.

392 4843 563 4915 ἡμᾶς·
595 4842 841 4899 Domum
872 4841 993 4897 11830
1023 4839 1285 4910 erSdem
1316 4835 1578 4908 θρίειοιω
1607 4837 2055 4908 verba.episco-
2159 4847 2444 4903 zianzenas
2500 4863 2702 4902 curam
2748 4846 3094 4917 susceperit.
3147 4849 3388 4916 rogante
3437 4842 3522 4898 vel
3567 4844 3816 4913 jubente

396 4947 536 5004 pum
570 4931 749 4986 fuisse
778 4935 917 4986 tunc
951 4927 1293 5000 Gregorium
1334 4926 1726 4982 confirmant:
1760 4924 1845 4980 ὅτι
1894 4924 2052 4987 αὐτὸς

395 5022 464 5093 τῇ
512 5022 607 5072 τοῦ
655 5022 788 5074 Θεοῦ
838 5016 1022 5095 χάριτι
1074 5019 1171 5070 τοῦ
1223 5015 1343 5078 καθ’
1372 5015 1520 5085 illi?“
1551 5010 1829 5087 συλλόγῳ)
1859 5014 2053 5089 minii-3'

2163 4941 2343 5009 patre,
2381 4935 2509 5005 jam
2559 4935 2947 4990 narravimus.
2999 4934 3077 4991 Ea
3122 4939 3343 5000 autem,
3377 4937 3444 4988 ut
3467 4932 3692 4988 dictum
3726 4937 3818 4988 est

2162 5023 2494 5080 conditione
2523 5023 2795 5079 vicariam
2832 5023 3233 5096 praefecturam
3271 5021 3549 5091 suscepit,
3573 5025 3814 5087 ut,mor-

399 5127 540 5182 χεις,
592 5109 678 5164 vel
729 5113 791 5164 ut
834 5113 999 5162 vetus
1069 5106 1245 5162 editio
1295 5103 1593 5178 κατάρξεις·
1649 5124 1678 5154 ‹‹
1736 5103 2054 5159 Conventui

2186 5130 2216 5168 e
2246 5111 2477 5168 sublato
2507 5116 2691 5184 patre,
2747 5111 3044 5169 discedere
3075 5117 3131 5166 et
3162 5128 3277 5183 quo
3311 5109 3477 5166 vellet
3507 5109 3666 5165 abire
3699 5107 3811 5174 sibi

398 5203 617 5258 nostro,
653 5215 752 5253 seu
787 5197 1029 5270 synodo,
1060 5194 1394 5267 praesidebis
1420 5212 1431 5259 ;
1479 5216 1506 5242 ››
1537 5192 1622 5248 vel
1650 5199 1712 5247 ut
1743 5192 2052 5248 Tillemon-

398 5289 535 5352 tius,
575 5311 602 5340 α
632 5288 896 5344 Ecclesiae
931 5293 1141 5343 1108le
1188 5291 1364 5357 caput
1412 5289 1467 5339 te
1500 5285 1757 5356 praebeas
1790 5302 1855 5340 ao
1887 5302 2051 5340 com-

400 5387 725 5434 monstres:
762 5402 788 5429 ››
820 5379 974 5449 quod
1007 5377 1297 5448 episcopis
1329 5377 1610 5430 duntaxat
1650 5376 1879 5446 proprie
1910 5392 2049 5431 con-

398 5469 596 5524 venire
628 5484 798 5524 nemo
831 5467 1034 5523 nescit.

460 5627 541 5774 ei
568 5631 766 5760 ea
784 5629 947 5759 7e.

2162 5201 2382 5257 liceret.

2231 5287 2354 5346 Non
2407 5290 2488 5345 ita
2536 5289 2708 5364 longo
2759 5297 2888 5362 post
2935 5295 3198 5363 tempore
3226 5287 3539 5360 Gregorius
3593 5292 3810 5351 noster,

2160 5379 2418 5452 parentis
2466 5380 2774 5451 utriusque
2813 5381 2996 5450 obitu,
3024 5380 3396 5435 Nazianzenze
3429 5377 3691 5432 Ecclesiae
3723 5393 3809 5431 re-

2159 5470 2355 5541 gimen
2387 5469 2644 5524 excussit
2673 5486 2853 5541 seque
2883 5469 2995 5526 sibi
3027 5469 3360 5526 vindicavit.
3405 5468 3568 5534 Anno
3616 5464 3808 5536 siqui-

2231 5628 2304 5703 (ο)
2332 5630 2430 5686 Or.
2464 5629 2553 5688 ii.
