4152 6208
1691 340 1878 406 Vi'l'A
1919 341 1987 406 Β.
2032 341 2430 410 esseom.

3648 354 3770 415 2M

345 473 484 527 dom
517 471 646 536 374,
679 469 836 526 circa
862 475 1106 526 versum
1135 471 1750 548 tempusﬁregorlum
1781 479 2006 550 patrem
2037 482 2092 549 Α
2191 478 2346 537 cxx.
2379 477 2580 538 Basilii
2605 487 2781 541 marte
2805 483 3059 540 “multa
3098 484 3310 542 caedit
3343 484 3417 541 ad
3444 484 3697 558 Gregorii

345 573 537 616 annos
570 563 776 615 natum
811 573 955 631 pene
973 561 1371 626 een'tum,o'um
1405 575 1474 619 ex
1507 563 1578 620 iis
1609 567 2004 639 quadraginta

342 651 611 721 quinque
644 648 1019 705 Nazianzenus
1043 650 1308 708 Ecclesia;
1339 654 1850 724 praefuissenmors
1872 659 2002 713 abs-

338 738 633 794 ψιμυθίου
667 739 851 793 multo
887 745 1035 807 post,
1070 739 1275 795 Nonus
1305 741 1564 813 Gregorii
1597 745 1847 800 senioris
1863 757 2005 800 con-

2759 558 3124 614 calamitates.

2186 646 2355 696 Anno
2385 643 2652 713 senuenti
2713 645 2839 709 879,
2880 645 3195 717 Gregorius
3254 645 3447 703 adhuc
3495 648 3767 708 Seleucia

2116 731 2483 797 concedebat,
2515 732 2840 803 etquidem
2890 734 3050 804 gravi
3103 751 3168 790 ac
3215 734 3536 806 periculoso
3569 739 3769 796 morbo

333 825 473 896 μη,
502 826 768 895 ejusdem
801 840 945 898 pane
974 830 1180 894 etatis,
1219 833 1405 886 morte
1444 831 1679 888 summa
1709 838 1814 888 est.
1854 835 2006 889 ωορκ
2115 818 2405 885 detentus,
2438 835 2572 876 eum
2605 820 2800 876 Basilii
2827 822 3021 894 Magni
3055 823 3344 896 morsipsi
3369 826 3635 884 nuntiata
3656 833 3764 884 est.

339 915 503 969 enim
537 916 800 986 quandiu
831 922 1130 988 superstes
1163 918 1338 974 fuerit
1367 921 1729 992 compertum
1764 937 1876 978 non
1906 923 2003 978 lia-

337 1002 576 1071 beatur,
601 1004 701 1058 diu
733 1009 930 1060 tamen
961 1020 1091 1061 eam
1122 1007 1499 1077 superstitem
1519 1019 1632 1064 non
1668 1010 2002 1067 fuisseinde

337 1091 434 1146 fas
464 1097 556 1147 est
579 1093 886 1162 conjicere,
921 1095 1077 1166 quod
1109 1092 1444 1168 Theoldg‘us
1475 1111 1536 1152 se
1564 1097 1676 1153 cito
1709 1104 1838 1170 post
1869 1114 1998 1157 sus-

336 1187 573 1252 ceptam
629 1181 1001 1238 Nazianzenus
1055 1183 1323 1240 Ecclesia;
1391 1199 1592 1242 curam
1656 1188 1999 1252 parentibus

330 1270 611 1328 orbatum
665 1272 848 1329 fuisse
901 1273 1123 1330 scribat
1161 1275 1265 1346 (α).
1329 1275 1542 1332 Forsan
1599 1276 1694 1334 die
1749 1279 1996 1350 Augusti

328 1360 570 1431 quinto,
609 1377 724 1430 quo
747 1364 873 1431 ejus
926 1365 1212 1418 memoria
1242 1369 1364 1418 tum
1398 1365 1551 1436 apud
1586 1364 1838 1437 Grmcos,
1869 1373 1995 1424 tum

331 1451 496 1520 apud
532 1450 768 1507 Latinos
817 1450 1047 1516 colitur,
1099 1452 1268 1508 obiit.
1309 1453 1449 1508 Eam
1501 1456 1656 1510 certe
1704 1471 1857 1511 anne
1905 1471 1995 1513 se-

327 1539 541 1609 quenti
563 1541 691 1608 jam
740 1545 1034 1596 mortuam
1080 1544 1332 1610 constat,
1367 1557 1501 1600 cum
1543 1543 1864 1602 Seleuciam
1896 1563 1994 1619 pe-

326 1627 430 1682 tiit
452 1627 796 1700 Gregorius.

327 1788 530 1846 CXIX.
561 1791 894 1846 Parentibus
921 1790 1144 1848 orbatus
1185 1791 1492 1875 _Seieuciam
1522 1809 1583 1850 se
1607 1797 1816 1867 confert
1847 1800 1991 1855 Gre-

1071 1880 1277 1934 genus.

413 1986 638 2040 Asserit
667 1985 953 2043 Baronius
981 2009 1012 2037 «ι
1057 1987 1404 2061 Gregorium
1455 1992 1792 2062 parentibus
1823 1993 1990 2049 orba-

329 2078 466 2128 tum
498 2075 836 2131 nullatenus
858 2075 1068 2131 adduci
1094 2078 1480 2148 potuisse,«ut
1509 2079 1596 2136 vel
1627 2082 1779 2138 diem
1805 2099 1989 2138 unum

329 2161 401 2219 in
426 2164 936 2220 administratione
961 2163 1231 2222 Ecclesia:
1263 2167 1632 2225 Nazianzena
1662 2187 1990 2242 persevera-

330 2257 446 2312 ret,
478 2273 506 2302 τι
537 2258 778 2326 rogante
807 2253 942 2310 licet
990 2253 1223 2324 Basilio,
1268 2256 1399 2312 aliis
1452 2259 1628 2314 simul
1677 2262 1988 2335 episcopis,

327 2347 393 2397 et
421 2341 646 2397 civibus
679 2343 1324 2415 precibusimportunis
1349 2347 1405 2400 id
1440 2347 1631 2419 ipsum
1665 2350 1989 2423 efflagitan-

325 2431 536 2498 tibus;
565 2451 602 2486 ιι
631 2432 848 2503 quibus
879 2432 1174 2496 omnibus,
1207 2439 1435 2507 captata
1469 2439 1625 2510 fuga,
1641 2455 1704 2494 se
1736 2440 1991 2513 abripuit

327 2521 631 2591 profectus
683 2519 1010 2576 Seleuciam
1067 2521 1301 2593 pietatis
1358 2537 1493 2597 ergo
1528 2528 1597 2581 ad
1643 2530 1987 2587 memoriam

329 2612 551 2664 sanctas
585 2609 835 2675 Theclee,
868 2626 982 2682 quo
1023 2611 1294 2682 frequens
1347 2613 1605 2670 fidelium
1655 2621 1986 2692 peregrina-

328 2698 415 2753 tio
447 2714 577 2753 esse
607 2697 853 2754 solebat.
887 2719 916 2748 η
951 2699 1187 2757 Rectius
1237 2717 1370 2757 vero
1417 2699 1623 2759 scribit
1669 2705 1986 2765 Tillemon-

331 2787 456 2841 tius
487 2787 772 2858 (b),bujus
800 2785 1067 2845 Ecclesiae
1101 2791 1586 2862 regimen,Basilii
1619 2795 1988 2870 aliorumque

328 2875 744 2946 episcoporum
776 2894 840 2932 ac
863 2878 1081 2933 civium
1107 2880 1373 2950 precibus
1398 2882 1617 2938 victum
1655 2887 1986 2958 suscepisse

326 2961 700 3035 Gregorium,
733 2966 791 3020 et
846 2964 907 3020 in
939 2982 1005 3021 eo
1052 2965 1396 3039 aliquandiu
1456 2986 1859 3042 perseverasse
1891 2974 1980 3047 (c).

327 3051 447 3107 Nec
480 3058 675 3108 tamen
724 3053 945 3110 interea
1001 3057 1265 3113 cessabat
1322 3069 1522 3130 rogare
1565 3063 1889 3135 episcopos,
1921 3065 1985 3120 ut

327 3138 467 3195 huic
489 3140 760 3196 Ecclesia:
786 3148 1074 3214 pastorem
1113 3147 1490 3218 praeficerent,
1525 3165 1700 3221 quam
1742 3153 1866 3223 ipse
1894 3165 1979 3209 re-

2113 907 2405 971 Quantum
2437 907 2496 963 in
2527 909 2793 964 deflenda
2822 914 2944 966 tam
2975 911 3132 966 chari
3158 912 3368 984 capitis
3388 919 3576 970 morte
3606 914 3765 974 dole-

2112 1011 2232 1052 rem
2264 996 2594 1066 conceperit
2622 998 2956 1069 Gregorius,
2991 999 3117 1072 ipee
3147 1000 3310 1057 solus
3339 1018 3610 1060 enarrare
3640 1003 3765 1060 suf-

2111 1083 2250 1140 ﬁcit.
2283 1084 2358 1140 Ex
2396 1090 2582 1144 morte
2613 1085 2812 1144 Basilii
2836 1087 3112 1144 cumulus
3134 1088 3204 1145 ad
3229 1105 3369 1146 suae
3398 1090 3762 1153 calamitates

2109 1171 2221 1243 ipsi
2253 1174 2572 1230 accessisse
2604 1175 2766 1234 visus
2795 1181 2904 1232 est.
2933 1199 2961 1226 α
2990 1177 3108 1234 Ηοο
3138 1194 3392 1249 quoque,
3416 1202 3443 1230 ››
3474 1181 3761 1240 exclamat

2106 1259 2166 1316 in
2196 1262 2463 1333 epistola,
2495 1280 2609 1334 qua
2639 1263 2710 1320 de
2740 1264 2936 1322 Basilii
2966 1265 3125 1323 obitu
3169 1267 3406 1324 fratrem
3447 1271 3576 1340 ejus
3619 1271 3759 1327 Gre-

2106 1350 2335 1421 gorium
2379 1357 2707 1424 Nysssnum
2765 1354 3101 1412 consolatur
3146 1358 3243 1428 (ρ),
3293 1379 3323 1408 «
3373 1357 3482 1414 hoc
3522 1374 3758 1432 quoque

2105 1456 2446 1498 aerumnosa:
2479 1442 2613 1499 huic
2643 1444 2773 1500 vita
2807 1443 3096 1516 reliquum
3128 1451 3275 1511 erat,
3295 1451 3358 1504 ut
3386 1446 3583 1503 Basilii
3606 1465 3758 1506 mor.

2107 1534 2220 1585 tem
2253 1531 2540 1596 audirem,
2575 1553 2603 1582 ιι
2637 1537 2744 1592 etc.
2781 1533 2845 1590 In
2890 1533 3006 1590 alia
3051 1534 3337 1607 epistola:
3375 1555 3404 1590 ιι
3442 1535 3688 1603 Quaeris,
3722 1559 3755 1590 ιι

2101 1617 2320 1690 inquit.
2357 1621 2678 1678 Eudocium
2706 1621 3066 1696 alloquens,e
3099 1640 3213 1695 quo
3245 1629 3402 1681 statu
3425 1641 3520 1682 res
3542 1633 3754 1683 nostris

2103 1707 2259 1763 sint?
2288 1711 2618 1766 Admodum
2651 1713 2879 1768 acerbo.
2917 1712 3198 1768 Basilium
3233 1731 3346 1769 non
3380 1714 3604 1784 habeo;
3636 1715 3754 1772 οω-

2104 1795 2323 1853 sarium
2358 1815 2473 1854 non
2505 1799 2714 1870 habeo,
2748 1801 2983 1858 fratrem
3018 1818 3215 1858 meum
3265 1803 3592 1860 secundum
3625 1819 3756 1860 car-

2104 1903 2235 1942 nem
2267 1893 2323 1943 et
2353 1889 2624 1961 spiritum
2652 1901 2667 1946 :
2699 1895 2862 1962 pater
2892 1905 3060 1946 meus
3107 1896 3166 1948 et
3218 1896 3404 1948 mater
3433 1908 3562 1949 mea
3591 1894 3756 1950 dere-

2100 1975 2400 2048 liquerunt
2428 1994 2540 2047 me,
2573 1979 2639 2033 ut
2687 1994 2818 2033 cum
2872 1977 3082 2035 Davide
3138 1979 3364 2052 loquar.
3396 1985 3616 2054 Corpus
3660 1983 3758 2038 ad-

2098 2081 2265 2120 versa
2295 2065 2627 2122 valetudine
2678 2065 2925 2135 laborat,
2966 2073 3237 2124 senectus
3285 2070 3459 2142 caput
3508 2072 3751 2141 premit:

2100 2170 2253 2209 cura:
2282 2154 2407 2210 aliis
2438 2155 2569 2212 aliis
2599 2155 3282 2213 intexuntur.incursant
3313 2157 3564 2231 negotia,
3584 2158 3751 2213 infidi

2100 2242 2292 2309 amici,
2326 2242 2591 2300 Ecclesiae
2624 2261 2714 2299 res
2749 2249 2980 2317 pastore
3010 2250 3066 2302 et
3113 2247 3499 2316 gubernatore
3528 2251 3748 2304 carent.

2100 2332 2346 2387 Pereunt
2371 2333 2543 2398 bona,
2576 2333 2733 2388 nuda
2762 2339 2818 2389 et
2847 2338 3050 2406 aperta
3077 2339 3219 2390 sunt
3249 2333 3424 2402 mala,
3455 2336 3747 2407 navigatio

2099 2420 2156 2476 in
2191 2427 2379 2492 nocte,
2413 2423 2504 2478 fax
2557 2438 2871 2500 nusquam,
2903 2422 3172 2478 Christus
3204 2424 3436 2480 dormit.
3472 2426 3619 2494 Quid
3664 2427 3746 2482 fa-

2099 2511 2246 2565 ciam
2269 2510 2296 2565 ‘I
2329 2510 2452 2566 Una
2484 2510 2626 2566 mihi
2677 2512 2966 2568 malorum
3016 2512 3308 2584 depulsio,
3340 2530 3519 2571 mors.
3550 2519 3624 2570 At
3653 2531 3746 2572 res

2097 2599 2272 2656 etiam
2304 2598 2546 2656 alterius
2576 2599 2704 2654 vita:
2752 2599 2896 2656 mihi
2935 2599 3318 2658 formidolosae
3350 2607 3506 2666 sunt,
3538 2618 3605 2660 ex
3637 2602 3748 2658 bu-

2092 2688 2192 2758 jus
2211 2687 2342 2743 vitm
2363 2689 2537 2746 rebus
2555 2691 2950 2758 conjecturam
2978 2688 3214 2745 ducenti
3227 2690 3750 2763 (h).»Morbus,quo

2095 2775 2396 2834 laborabat
2443 2777 2778 2850 Gregorius,
2812 2777 2922 2833 fuit
2969 2777 3390 2850 impedimento
3432 2779 3752 2851 quominus

2096 2864 2153 2919 in
2189 2866 2292 2922 hoc
2323 2865 2479 2922 tristi
2509 2872 2717 2924 eventu
2744 2867 3157 2924 communibus
3190 2867 3396 2924 amicis
3427 2868 3678 2934 adesset,
3693 2872 3754 2927 et

2095 2962 2328 3011 sanctos
2361 2953 2556 3014 Basilii
2605 2955 2830 3012 cineres
2875 2954 3333 3014 exoscularetur.
3374 2957 3748 3016 Ciessriensis

2094 3043 2379 3114 Ecclesiae,
2412 3049 2573 3100 tanto
2600 3050 2942 3100 ornamento
2988 3044 3272 3116 spoliatae,
3303 3046 3583 3113 solitudo,
3615 3063 3752 3118 spe-

2093 3132 2386 3188 ctaculum
2419 3137 2542 3188 erat
2588 3131 2864 3204 Gregorio
2917 3149 3156 3204 prorsus
3196 3132 3580 3190 intolerabile.
3617 3135 3746 3206 ipse

328 3231 846 3300 gendam’nonnisi
881 3233 1266 3306 quoadusque
1297 3219 1644 3308 ρτωροείὶυε
1672 3219 1828 3296 ese'et
1856 3243 1976 3314 epi_
2011 3219 2055 3284 Ο
2092 3220 2456 3314 dimidia-sui
2491 3226 2652 3314 parte
2684 3226 2953 3314 mortuus
2982 3227 3038 3277 et
3063 3223 3354 3314 dissectus
3375 3221 3486 3278 sibi
3519 3223 3728 3282 videba

327 3333 562 3389 scopus,
597 3327 936 3391 susceperat
982 3319 1082 3392 (ἁ).
1117 3324 1257 3377 Cum
1314 3332 1508 3380 autem
1553 3325 1812 3401 Gregorii
1850 3337 1975 3402 pre-

326 3407 492 3462 cibus
517 3421 636 3462 non
671 3414 1183 3474 moverentur,nee
1213 3413 1366 3482 quod
1399 3416 1642 3486 rogabat
1671 3418 1977 3487 obtineret,

324 3495 464 3566 fuga
492 3496 732 3567 elapsus
758 3496 1085 3554 Seleuciam
1118 3507 1179 3554 se
1209 3489 1476 3567 contulit,
1497 3515 1630 3558 cum
1666 3501 1978 3564 Ecclesium

323 3583 750 3640 Nazianzenam
781 3588 973 3642 tribus
1001 3592 1232 3644 tantum
1285 3590 1514 3648 circiter
1562 3595 1732 3650 annis
1765 3601 1898 3652 ante
1927 3602 1983 3653 et

324 3675 459 3745 post
483 3679 732 3730 mortem
777 3676 959 3746 patris
991 3677 1255 3734 rexisset.

393 3763 674 3818 Seleuciae
719 3777 836 3819 non
885 3766 1090 3837 exiguo
1148 3773 1410 3840 tempore
1458 3777 1852 3830 commoratus
1893 3775 1983 3831 est

326 3850 666 3922 Gregorius,
699 3859 765 3907 ut
792 3853 920 3925 ipse
946 3859 1197 3910 testatur
1223 3857 1336 3929 (e);
1369 3859 1647 3916 nimirum
1689 3869 1875 3934 usque
1909 3865 1980 3920 ad

322 3938 587 3995 Valentis
617 3938 864 4008 obitum,
897 3943 998 4013 qui
1027 3943 1216 4000 victus
1248 3961 1282 4001 a
1327 3948 1550 4013 Gothis,
1593 3951 1805 4021 sagitta
1852 3959 1979 4023 per:

325 4043 554 4099 cursus,
591 4029 830 4086 incensa
857 4032 1073 4103 agresti
1105 4041 1260 4098 casa,
1295 4035 1354 4090 in
1392 4052 1569 4108 quam
1601 4039 1829 4096 delatus
1854 4040 1982 4096 fuci

321 4124 432 4181 rat,
468 4118 780 4174 ultricibus
830 4121 1087 4177 ﬂammis
1136 4123 1489 4197 absumptus
1531 4127 1637 4182 fuit
1684 4128 1776 4184 die
1825 4137 1980 4185 nona

323 4207 575 4277 Augusti
605 4207 745 4262 anni
801 4208 926 4263 3’78.
952 4199 1075 4265 illis
1107 4214 1302 4267 tamen
1354 4217 1551 4284 optata
1597 4231 1733 4286 pace
1763 4221 1822 4272 et
1862 4219 1979 4275 otio

322 4297 476 4367 quod
509 4300 866 4368 speraverat,
900 4298 1014 4352 frui
1046 4311 1160 4355 non
1195 4299 1388 4357 licuit:
1425 4325 1452 4352 ‹‹
1485 4301 1641 4358 Nihil
1676 4305 1834 4370 boni,
1857 4327 1886 4356 υ
1913 4311 1978 4362 ut

321 4385 449 4455 ejus
477 4384 672 4439 verbis
702 4389 834 4440 utar
862 4386 986 4458 (f),«
1020 4401 1259 4459 prorsus
1290 4390 1538 4463 reperit;
1575 4393 1683 4448 imo
1723 4395 1974 4467 negotia,

325 4487 454 4544 quae
483 4473 738 4545 effugere
763 4475 820 4528 in
849 4475 1044 4531 animo
1069 4473 1534 4547 babuerat,velut
1554 4489 1622 4536 ex
1653 4486 1974 4556 composito

2086 3313 2202 3372 tur,
2235 3308 2452 3366 amisso
2484 3309 2586 3365 tali
2615 3309 2811 3377 socio;
2839 3326 2872 3363 a
2914 3326 3029 3382 quo
3057 3311 3234 3366 etiam
3279 3326 3382 3382 per
3412 3315 3732 3372 nocturnas

2089 3397 2365 3463 visiones,
2426 3403 2484 3451 ut
2545 3397 2684 3452 olim
2743 3414 2877 3454 cum
2937 3397 3170 3465 viveret,
3215 3399 3643 3456 admonebatur
3695 3405 3752 3457 et

2091 3487 2509 3557 castigabatur,
2547 3486 2595 3542 si
2636 3487 2774 3554 quid
2811 3486 3042 3546 fecisset
3071 3487 3268 3545 minus
3299 3489 3746 3547 decore.Basilii

2092 3575 2270 3630 funus
2300 3575 2506 3632 stricta
2550 3580 2608 3632 et
2656 3576 2908 3647 pedestri
2966 3576 3225 3634 oratione
3276 3586 3622 3650 prosecutus
3655 3583 3759 3640 est

2092 3663 2428 3737 Gregorius.
2462 3664 2684 3720 Etenim
2719 3680 2955 3722 carmen
2980 3666 3243 3732 funebre,
3279 3667 3587 3724 duodecim
3618 3669 3737 3741 epi.

2091 3753 2461 3825 grammatiis
2509 3757 2809 3820 constans,
2843 3754 2934 3812 sui
2978 3754 3035 3810 in
3095 3753 3379 3812 Basilium
3438 3755 3656 3814 amoris
3686 3760 3748 3814 et

2093 3841 2364 3898 desiderii
2399 3847 2847 3900 monumentum
2879 3859 3007 3899 esse
3037 3842 3218 3899 voluit
3243 3843 3366 3909 ;sed
3393 3842 3574 3899 multo
3608 3845 3743 3900 ube-

2091 3929 2233 3994 rius,
2269 3947 2402 3988 cum
2460 3930 2957 4002 Constantinopoli
3015 3946 3280 3987 reversus
3337 3930 3607 3986 eximiam
3668 3932 3741 3986 de

2090 4018 2285 4073 Basilii
2338 4017 2611 4073 laudibus
2658 4018 2864 4073 habuit
2914 4018 3256 4088 orationem,
3291 4018 3347 4073 in
3381 4036 3496 4090 qua
3533 4032 3740 4076 omnes

2089 4106 2307 4176 ingenii
2334 4108 2486 4162 vires
2516 4111 2575 4161 et
2603 4105 2950 4176 eloquentia
2970 4107 3142 4162 ﬂores
3171 4107 3524 4178 profudit.8i
3558 4108 3738 4164 Baro-6

2089 4194 2185 4248 nio
2213 4195 2279 4264 (i)
2311 4194 2456 4250 fides
2506 4194 2562 4250 in
2602 4195 2719 4249 Vita
2765 4193 3039 4263 Gregorii,
3074 4195 3124 4250 is
3179 4217 3208 4243 «
3269 4204 3402 4251 cum
3458 4196 3532 4252 de
3570 4197 3736 4253 infiro.’

2087 4282 2310 4354 mitate,
2359 4298 2476 4353 qua
2524 4282 2912 4353 detinebatur,
2964 4282 3392 4354 aliquantulum
3453 4283 3753 4342 aiisvatus

2085 4378 2260 4439 esset,
2309 4369 2736 4427 nobilissimam
2782 4371 2942 4428 illam
2985 4371 3323 4443 panegyrim
3382 4373 3440 4428 in
3499 4373 3732 4430 laudem

2084 4460 2282 4517 Basilii
2315 4460 2685 4530 conscripsit.
2719 4477 2836 4532 qua
2876 4462 3054 4517 vitam
3103 4461 3234 4532 eius
3279 4468 3477 4519 exacte
3520 4477 3732 4519 monu-

323 4561 723 4630 incurrerunt,
755 4563 990 4633 vimque
1023 4564 1369 4622 attulerunt.
1393 4573 1698 4636 nQuienam
1730 4549 1832 4626 illa
1857 4573 1975 4629 fus;

2098 4549 2298 4605 mentis
2333 4549 2629 4621 perpetuis
2657 4549 3044 4621 censignavit.
3079 4571 3106 4598 »

323 4650 443 4704 rint
471 4651 705 4721 negotia
754 4651 998 4708 definire
1047 4671 1160 4710 non
1212 4655 1380 4712 licet:
1417 4659 1656 4715 forsitan
1719 4659 1809 4716 bis
1850 4677 1972 4720 ver-

324 4737 417 4792 bis
446 4738 738 4809 significat
768 4756 830 4795 se
859 4739 932 4796 ab
964 4740 1254 4800 haereticis
1300 4751 1566 4802 vexatum
1594 4745 1793 4805 fuisse.
1829 4751 1971 4806 Grca

325 4825 470 4896 gorii
500 4827 629 4880 vita:
680 4829 930 4900 scriptor
973 4831 1334 4903 Theologum
1381 4836 1584 4891 scribit
1622 4835 1970 4895 Nazianzum

324 4913 588 4981 rediisse,
621 4925 725 4970 nec
755 4914 892 4973 ullis
921 4919 1138 4976 civium
1170 4922 1440 4993 precibus
1493 4925 1642 4980 flecti
1678 4929 1969 4998 potuisse;

323 5002 474 5072 quod
508 5019 577 5057 ex
605 5003 681 5059 iis
710 5005 903 5061 verbis
932 5005 1175 5080 Colligit,
1207 5014 1274 5065 ut
1311 5011 1560 5079 videtur,
1592 5015 1803 5085 quibus
1834 5017 1971 5072 Gre-

319 5091 520 5162 gorius
549 5092 608 5146 in
643 5100 706 5148 se
737 5093 939 5151 solitas
971 5095 1247 5154 recidisse
1269 5099 1970 5177 calamitates,postquam'

319 5179 456 5252 fuga
484 5177 811 5238 Seleuciam
844 5184 1030 5255 petiit,
1063 5185 1311 5258 ipsemet
1342 5189 1572 5245 fatetur.

387 5378 473 5449 (ᾳ)
503 5378 697 5433 Carm.
732 5380 810 5434 De
842 5383 962 5436 Vita
989 5399 1114 5449 sua,
1147 5401 1200 5439 ν.
1232 5385 1358 5440 527.

390 5447 464 5526 ςῡ)
492 5449 574 5526 an
611 5467 707 5526 an.
740 5451 867 5519 372,
897 5458 938 5508 t.
974 5453 1066 5526 Iv,
1100 5447 1156 5526 'p.
1189 5455 1312 5513 331.

493 5521 610 5604 [ita
643 5517 969 5604 Grag.,_art.
1002 5517 1184 5597 39,-p.
1213 5528 1318 5604 ἓξὲξ
1345 5551 1358 5594 ;
1389 5532 1495 5586 art.
1529 5529 1618 5594 42,
1654 5547 1712 5604 p.
1746 5529 1868 5589 404.

407 5588 460 5666 ά)
489 5592 680 5666 Carm.
717 5588 798 5666 ῥα
831 5595 944 5666 ιξίεα
967 5588 1098 5666 sua,
1127 5588 1184 5652 ἓν.
1213 5599 1339 5653 550.

409 5664 460 5728 e)
489 5661 589 5715 Καὶ
625 5682 719 5734 μοι
749 5659 970 5733 διῆλθεν
998 5666 1061 5721 οὐ
1084 5659 1306 5745 ’βραχὺς
1337 5665 1467 5740 τῇδε
1492 5669 1711 5745 χρόνος.

2082 4655 2250 4712 CXXI
2305 4656 2594 4724 Gregorius
2643 4657 3014 4727 proficiscitur
3057 4658 3608 4726 Constantinopolim,
3633 4656 3732 4714 abs

2252 4727 2494 4784 Thracia?
2520 4729 2786 4798 episcopi:
2815 4733 2866 4783 et
2894 4728 3206 4784 orthododris
3234 4731 3546 4785 accersitus.

2154 4835 2430 4898 Quamvis
2463 4834 2736 4904 praeclara
2767 4834 2886 4887 sint
2935 4843 3293 4905 quiscunque
3340 4835 3622 4891 hactenUs
3661 4836 3734 4891 de

2080 4921 2354 4992 Gregorio
2386 4922 2769 4987 narravimus,
2803 4921 2974 4993 longe
3018 4922 3382 4993 praeclariora
3415 4927 3736 4994 supersunt

2085 5009 2351 5074 dicenda,
2383 5026 2450 5064 ea
2481 5009 2703 5064 scilicet
2732 5027 2856 5080 quas
2906 5010 3137 5065 duobus
3195 5010 3281 5066 Vel
3327 5011 3516 5068 tribus
3563 5011 3736 5068 annis

2079 5098 2262 5170 gessit
2286 5098 2831 5169 Constantinopoli;
2864 5099 2986 5153 sive
3018 5097 3159 5154 illuc
3209 5104 3242 5153 a
3285 5101 3506 5172 synodo
3537 5102 3733 5156 Antio-

2080 5186 2282 5254 chena,
2320 5189 2384 5242 ut
2426 5186 2669 5241 Bar‘onio
2699 5186 2948 5252 videtur,
2983 5187 3203 5242 missus
3252 5189 3444 5257 fuerit,
3479 5190 3601 5246 sive
3642 5205 3736 5246 re-

2177 5383 2217 5451 f)
2248 5381 2436 5436 Carm.
2469 5381 2541 5435 De
2576 5380 2698 5435 Vita
2727 5384 2850 5451 sud,
2877 5397 2932 5435 ν.
2965 5380 3090 5435 553.

2172 5454 2228 5546 il
2260 5452 2439 5546 ἓρῖεὲ·
2474 5451 2550 5546 δε·
2583 5452 2671 5546 ΞΖ·

2151 5522 2229 5592 (li)
2262 5523 2442 5594 Epist.
2478 5522 2552 5577 al.
2586 5523 2675 5577 39.

2151 5595 2215 5664 (i)
2247 5594 2414 5666 Apud
2448 5593 2614 5663 Boll.,
2650 5593 2717 5650 ad
2753 5593 2905 5649 diem
2936 5593 2971 5647 9
3001 5593 3155 5666 Maii,
3188 5605 3244 5669 ps
3277 5593 3400 5649 398.
