4152 6208
337 343 453 423 su

1673 340 1860 404 νιτΑ
1905 341 1973 404 S.
2018 340 2413 402 GREGORII.

3623 344 3744 404 212

343 473 624 546 gentibus
653 472 1309 545 Constantinopolitanis
1338 487 1400 528 se
1442 472 1772 530 contulerit.
1807 473 1987 529 Credo
2018 474 2069 541 Α
2100 472 2193 528 lus
2226 471 2343 540 ille,
2378 473 2626 528 obscura
2671 474 2729 527 et
2777 469 3019 542 ignobili
3071 470 3258 543 patria
3307 476 3503 537 natus,
3530 476 3596 530 ad
3644 494 3745 534 vos

343 563 614 635 equidem
664 563 968 633 episcopos
1026 561 1283 616 veritatis
1333 562 1683 625 defensores,
1744 562 1980 631 quibus,

343 658 653 724 postquam
689 650 817 705 ﬁdei
849 650 1163 721 perduellis
1193 650 1514 706 exstinctus
1544 657 1633 705 est
1661 650 1981 711 Valens,ad

341 756 481 796 suas
513 737 789 793 ecclesias
822 739 1142 793 revertendi
1193 740 1524 795 facultatem
1566 740 1726 794 dedit
1754 739 1982 794 Gratia-

341 845 475 891 nus,
510 826 754 882 consilia
783 826 1005 890 iniisse,
1040 832 1103 882 ut
1134 827 1326 883 illatas
1375 828 1648 883 Ecclesiis
1682 828 1881 900 plagas
1913 828 1985 881 ab

337 918 570 975 Arianis
628 922 925 988 sanarent,
975 916 1290 989 tristesque
1346 912 1552 973 ruinas
1610 923 1983 989 repararent:

338 1006 510 1062 credo
542 1006 717 1060 etiam
764 1005 823 1059 in
873 1022 999 1060 eam
1051 1021 1171 1060 rem
1224 1006 1458 1061 habitas
1504 1006 1686 1061 fuisse
1711 1006 1984 1077 synodos.

344 1095 507 1151 Haud
535 1098 730 1149 tamen
763 1094 1108 1149 crediderim
1132 1110 1263 1149 cum
1297 1094 1541 1149 Baronio
1562 1093 1988 1166 (a)Gregorium

343 1191 635 1244 nostrum,
683 1180 1054 1236 Antiochense
1102 1180 1309 1252 synodi
1367 1181 1619 1247 decreto,
1667 1181 1871 1236 eadem
1919 1181 1992 1236 de

344 1288 526 1328 causa
544 1270 783 1340 jussum
806 1285 934 1325 esse
953 1269 1516 1341 Constantinopolim
1549 1270 1866 1342 proficisci;
1890 1271 1991 1326 sed

346 1358 693 1416 accersitum
726 1359 798 1413 ab
823 1358 1115 1430 episcopis
1157 1358 1416 1414 Thraciae
1445 1364 1502 1415 et
1531 1361 1602 1414 ab
1634 1359 1990 1430 orthodoxis,

348 1449 449 1522 qui
480 1449 538 1503 in
571 1448 715 1504 urbe
746 1448 903 1516 regia
932 1449 1397 1503 versabanturJd
1432 1448 1555 1520 ipse
1587 1454 1837 1504 testatur
1856 1449 1992 1504 Gre-

348 1539 572 1611 gorius.
605 1538 773 1607 cujus
803 1536 977 1593 verba
1009 1553 1122 1591 non
1155 1537 1491 1608 significant
1520 1554 1652 1593 eum
1678 1538 1851 1608 jussu
1884 1541 1995 1593 An-

347 1626 629 1684 tiochense
659 1626 863 1698 synodi
893 1626 1459 1698 Constantinopolim
1503 1626 1764 1698 petiisse,
1798 1632 1862 1682 ut
1891 1627 1995 1683 Ba-

350 1717 512 1772 ronio
546 1716 754 1786 placet.

420 1804 691 1877 Ἐτςξμψεν
725 1804 875 1877 ἡμᾶς
906 1803 941 1871 ἡ
974 1801 1137 1877 χάρις
1166 1806 1268 1877 τοῦ
1302 1802 1639 1877 Πνιςὸματος,

420 1873 654 1951 Ilo).le
685 1873 1307 1951 καλούντῳνξιζΐοιμένῳν
1338 1874 1426 1951 καὶ
1451 1873 1808 1951 θρεμμάτων,

420 1951 567 2001 Λαοῦ
602 1946 840 2021 βοηθοὺς
869 1946 958 2000 καὶ
991 1944 1157 2021 λόγον)
1186 1944 1592 2021 ωλλήπτοραέ.

458 2036 537 2092 Ad
564 2037 658 2091 hos
686 2038 870 2104 gratia
896 2036 1156 2106 Spiritus,
1186 2038 1376 2092 multis
1406 2036 1798 2093 advocantibus

462 2109 525 2161 Et
551 2108 860 2178 pastoribus
888 2120 939 2161 et
968 2108 1172 2170 ovibus,
1206 2123 1303 2161 nos
1334 2110 1505 2175 misit,

460 2177 661 2248 Populi
688 2178 963 2245 adiutore:
993 2187 1043 2232 et
1062 2178 1330 2235 doctrinae
1358 2177 1663 2249 defensores
1693 2179 1789 2251 (ὁ).

354 2265 614 2338 Gregorii
646 2265 998 2338 biographus
1026 2266 1229 2321 eodem
1282 2282 1397 2337 quo
1447 2284 1554 2322 nos
1613 2284 1790 2324 sensu
1832 2269 2007 2325 verba

354 2353 515 2411 illius
545 2354 981 2427 interpretatur,
1014 2354 1283 2426 quamvis
1330 2361 1481 2411 erret
1525 2356 1582 2410 in
1641 2357 1853 2413 Basilio
1904 2357 2004 2429 qui

353 2445 482 2517 jam
513 2450 641 2499 tum
672 2444 1058 2510 obierat,cum
1090 2443 1361 2512 ait,nulla
1390 2445 1597 2516 synodi
1639 2447 2007 2502 Antiochense

363 2535 516 2590 facta
547 2532 863 2598 mentione,
895 2548 1028 2587 eum
1067 2532 1626 2604 Constantinopolim
1677 2537 1873 2590 statim
1907 2536 2006 2591 ad-

363 2623 567 2690 fuisse,
600 2644 629 2670 ‹‹
663 2621 875 2676 Basilio
908 2620 1185 2676 luminari
1219 2638 1453 2693 magno,
1486 2622 1673 2693 ipsius
1703 2624 2006 2695 cupiditati

363 2709 773 2779 alacritatique
803 2710 971 2780 quasi
1004 2709 1157 2765 faces
1188 2711 1470 2779 quasdam
1503 2711 1810 2779 subdente,
1834 2719 2010 2784 atque

364 2798 436 2855 ad
468 2797 802 2868 spiritualia
831 2797 1151 2854 certamina
1179 2798 1373 2870 ipsum
1408 2799 1746 2870 inungente,
1762 2800 2010 2873 aliisque

363 2885 769 2958 compluribus
797 2885 1113 2957 episcOpis,
1149 2887 1547 2959 principisque
1577 2888 1738 2944 urbis
1760 2890 2009 2960 civibus,

362 2973 499 3031 ﬂdei
534 2974 745 3046 pietate
776 2972 1134 3045 praditis,ab
1164 2990 1231 3029 eo
1261 2975 1469 3030 obnixe
1501 2978 2008 3047 contendentibus,

365 3068 432 3120 ut
459 3060 605 3133 ipsis
635 3061 847 3117 auxilio
878 3061 1184 3132 egentibus
1217 3062 1505 3119 malorum
1546 3081 1609 3120 se
1638 3066 2009 3138 depulsorem

365 3152 667 3226 praeberet.
705 3173 726 3199 ι
762 3150 822 3205 ld
854 3149 977 3221 ipse
1020 3152 1333 3222 Gregorius
1379 3152 1437 3207 in
1488 3153 1745 3209 carmine
1792 3156 1868 3211 De
1901 3166 2013 3211 vita

2092 562 2331 629 accessi,
2363 562 2539 633 idque
2590 578 2701 616 non
2738 560 2913 628 ultro,
2946 577 3051 615 nec
3096 577 3182 615 me
3229 562 3421 633 ipsum
3475 565 3746 633 offerens,

2096 655 2158 704 ut
2189 651 2366 705 moris
2395 657 2483 705 est
2513 652 2682 705 hodie
2715 649 3028 721 plerisque,
3065 652 3164 720 qui
3216 652 3284 705 ad
3345 652 3608 707 Ecclesiae
3641 671 3745 725 gu-

2095 738 2410 794 bernacula
2440 746 2655 794 temere
2688 738 3015 811 prosiliunt,
3042 740 3140 793 sed
3167 741 3387 794 accitus
3419 758 3484 796 ac
3522 743 3571 794 vi
3596 760 3749 798 com-

2095 828 2325 897 pulsus,
2358 834 2414 882 et
2443 828 2639 882 timori
2698 827 3059 899 Spirituique
3118 827 3454 885 obsecutus.
3509 832 3669 895 Quod
3698 832 3746 887 si

2096 913 2244 970 falsa
2275 914 2499 986 loquor,
2519 916 2627 970 hoc
2659 915 2804 970 mihi
2838 932 2939 987 pro
2971 916 3206 971 sceleris
3237 934 3405 987 poma
3438 919 3748 990 imprecor,

2097 1009 2163 1059 ut
2191 1004 2415 1058 diutius
2448 1004 2540 1059 hic
2568 1004 2700 1059 belli
2735 1004 3035 1059 molestias
3068 1006 3365 1060 incassum
3399 1008 3748 1080 sustineam,

2099 1108 2205 1147 nec
2236 1108 2590 1164 quemquam
2604 1109 2799 1148 errore
2816 1091 3185 1161 liberem,sed
3203 1095 3314 1149 voti
3340 1096 3431 1149 sui
3454 1103 3751 1167 compotes

2100 1181 2263 1247 ﬁant,
2295 1181 2395 1252 qui
2426 1182 2634 1236 animas
2668 1198 2806 1236 mea
2857 1181 3224 1238 sterilitatem
3272 1182 3692 1254 imprecantur.
3722 1209 3750 1236 ›ι

2171 1287 2383 1343 CXXII.
2418 1288 2734 1359 Deploratus
2774 1288 3398 1414 (Igisttantinopotitanaa
3424 1292 3683 1349 Ecclesiae

2873 1378 2906 1414 α
2935 1376 3019 1414 us.
3352 1378 3357 1381 “

2873 1368 3019 1414 atus.
3352 1378 3357 1381 ‘

2174 1448 2463 1503 Luctuosa
2492 1452 2643 1503 tunc.
2664 1448 2928 1503 omnium
2980 1447 3365 1505 Ecclesiarum
3414 1451 3615 1518 facies,
3646 1454 3751 1508 sed

2103 1536 2323 1592 nullius
2373 1537 2695 1592 luotuosior
2742 1553 2920 1607 quam
2964 1536 3647 1609 Constantinopolitanee,
3694 1542 3753 1596 in

2105 1628 2357 1697 quajam
2381 1626 2452 1681 ab
2466 1626 2635 1682 annis
2648 1626 3037 1698 quadraginta
3053 1633 3319 1697 grassata
3336 1630 3523 1683 fuerat
3544 1630 3758 1685 Ariana

2104 1712 2252 1779 lues,
2282 1716 2390 1769 sub
2440 1714 2813 1785 pontificibus
2873 1713 3274 1769 haereticorum
3329 1720 3754 1788 antesignanis,

2106 1806 2278 1873 atque
2295 1802 2467 1857 etiam
2492 1803 2638 1873 ipsis
2661 1818 2938 1857 novorum
2963 1803 3304 1873 dogmatum
3329 1805 3756 1869 conditoribus;

2107 1892 2217 1945 sub
2249 1890 2841 1962 principibus,quales
2866 1890 3025 1945 fuere
3045 1890 3423 1947 Constantius
3446 1900 3501 1947 et
3525 1893 3757 1967 Valens,

2108 1980 2208 2051 qui
2239 1980 2639 2035 hasreticorum
2674 1988 2863 2051 partes
2894 1980 3569 2042 tuebantur,Catholicos
3588 2001 3757 2039 vexa-

2110 2067 2270 2135 bant,
2302 2072 2358 2123 et
2392 2084 2490 2139 pro
2539 2084 2731 2123 errore
2785 2075 2989 2123 contra
3043 2070 3342 2124 veritatem
3394 2076 3537 2135 toto,
3571 2078 3634 2127 ut
3681 2073 3763 2127 ita

2111 2156 2325 2221 dicam,
2357 2157 2587 2228 imperii
2621 2173 2859 2228 corpore
2886 2158 3397 2221 certabant.Quam
3426 2160 3763 2231 deploratus

2113 2252 2266 2301 esset
2313 2246 2576 2301 Ecclesia:
2626 2246 3278 2317 Constantinopolitanae
3330 2253 3537 2315 status,
3570 2251 3764 2319 quivis

2114 2333 2280 2389 facile
2302 2334 2537 2405 colliget
2561 2334 2779 2389 auditis
2809 2341 3036 2390 tantum
3069 2352 3268 2391 eorum
3298 2339 3765 2409 nominibus,qui

2115 2424 2313 2479 sedem
2347 2422 2507 2478 illam
2557 2428 2875 2478 tenuerunt
2902 2424 2975 2478 ab
3013 2440 3165 2479 anno
3194 2425 3320 2493 339,
3354 2442 3468 2496 quo
3510 2426 3765 2491 Arianis,

2117 2527 2265 2566 casso
2295 2510 2517 2567 vindice
2566 2510 2698 2565 lidei
2748 2510 3081 2567 orthodoxa
3130 2513 3401 2583 pontiﬁce
3434 2514 3633 2578 Paulo,
3666 2515 3769 2569 im-

2117 2616 2270 2671 pune
2300 2600 2356 2654 in
2389 2616 2457 2654 ea
2486 2600 2739 2670 grassari
2775 2598 2998 2654 licitum
3040 2605 3147 2655 est.
3183 2600 3360 2667 Hanc,
3397 2601 3596 2657 relicta
3628 2604 3766 2658 sede

2117 2687 2765 2751 Nicomediensi,Ariani
2788 2688 2906 2742 dux
2918 2688 3169 2759 agminis
3192 2690 3495 2745 confestim
3519 2706 3586 2746 eo
3604 2708 3757 2745 anno

2118 2777 2330 2831 invasit
2360 2776 2667 2844 Eusebius,
2703 2782 2833 2847 post
2881 2794 3054 2848 quem
3089 2778 3146 2832 in
3209 2778 3527 2833 Macedonii
3561 2796 3775 2834 manus

2116 2850 2319 2919 infelix
2350 2864 2471 2920 haec
2500 2864 2752 2920 Ecclesia
2798 2865 3050 2920 devenit.
3084 2866 3334 2938 Expulso
3384 2868 3458 2922 ab
3504 2868 3777 2938 ipsismet

2117 2953 2369 3018 Arianis,
2402 2970 2557 3008 anno
2587 2954 2711 3019 360,
2744 2955 2816 3008 ob
2865 2954 3188 3009 inauditam
3233 2956 3641 3011 crudelitatem
3669 2958 3772 3012 do-

2118 3044 2435 3113 ctrinaeque
2467 3042 2921 3097 inconstantiam
2954 3042 3310 3111 Macedonio,
3344 3044 3637 3099 Eudoxius
3671 3046 3777 3099 faex

2123 3129 2549 3195 haereticorum,
2593 3130 2865 3201 idemque
2896 3131 3335 3200 perditissimus
3367 3131 3775 3200 haeresiarcha,

366 3206 469 3297 ἕνα
497 3241 567 3311 (c)
598 3206 927 3302 confirmat,
960 3240 1058 3294 ubi
1108 3206 1313 3295 scribit
1343 3242 2009 3315 Constantinopolitano-

2124 3218 2269 3273 Aetii
2300 3219 2644 3274 Arianorum
2680 3218 2849 3289 longe
2877 3218 3213 3289 impiissimi
3248 3218 3778 3291 discipulus,sutl‘e-

370 3346 501 3386 rum
534 3329 595 3383 in
627 3344 689 3383 se
736 3328 950 3383 civium
999 3344 1256 3383 amorem
1305 3329 1439 3385 inde
1491 3337 1719 3397 natum,
1756 3335 1911 3405 quod
1943 3334 2016 3389 ab

371 3418 519 3491 ipsis
550 3416 793 3480 accitus,
826 3421 883 3471 et
912 3439 939 3465 ‹‹
972 3432 1173 3471 eorum
1207 3434 1354 3488 opus
1387 3424 1572 3474 esset:
1607 3438 1635 3471 ι

444 3502 509 3560 Οἳ
539 3500 585 3559 δ’
616 3504 689 3565 ὡς
721 3503 920 3558 ἑαυτῶν
953 3498 1108 3578 ἔργον
1143 3503 1291 3579 εἶχον
1325 3504 1592 3577 ἀσμένως.

373 3596 437 3653 In
472 3594 650 3650 altero
680 3598 877 3648 autem
908 3592 1188 3659 carmine,
1225 3611 1470 3650 narrans
1513 3598 1804 3666 quomodo
1833 3616 1868 3653 a
1897 3600 2022 3657 suis

374 3683 600 3741 deliciis
632 3681 916 3754 bonisque
945 3682 1219 3737 omnibus
1248 3683 1526 3755 abreptus
1556 3689 1613 3739 et
1642 3685 1811 3759 longe
1841 3688 2021 3743 abdu-

374 3769 1102 3841 ctus,Constantinopolim
1117 3787 1178 3824 se
1195 3770 1455 3826 conferre
1468 3778 1703 3829 coactus
1716 3775 2026 3840 sit,memi-

375 3862 464 3919 nit
492 3862 726 3934 quidem
758 3859 1105 3930 Gregorius«
1127 3865 1523 3916 conventuum
1546 3863 1975 3934 episcoporum:
1996 3888 2024 3914 »

445 3945 597 4021 Teo:
628 3946 720 4021 οὖν
746 3942 1053 4021 ςπρόᾼξηᾎον,
1087 3944 1354 4021 σύλλογοι
1381 3967 1440 4002 τε
1468 3950 1765 4021 ποιμένων,

448 4018 546 4074 Καὶ
579 4016 711 4079 λαὸς
736 4015 1099 4092 ὀρθόδοξος...

376 4107 594 4163 Verum
627 4106 772 4161 nihil
804 4124 951 4178 opus
981 4110 1070 4162 est
1097 4106 1218 4162 hac
1243 4109 1439 4177 verba,
1470 4112 1538 4165 ut
1580 4116 1733 4167 recte
1763 4112 2031 4168 observat

378 4193 790 4252 Tillemontius
824 4194 923 4263 (ά),
954 4195 1025 4249 de
1069 4196 1290 4266 synodo
1341 4197 1721 4264 Antiochena,
1754 4217 1880 4272 quae
1914 4219 2028 4258 non

382 4282 497 4341 nisi
518 4286 762 4337 exeunte
778 4297 930 4336 anno
941 4282 1047 4336 379
1058 4290 1257 4339 coacta
1272 4290 1379 4350 est,
1401 4286 1790 4360 interpretari,
1805 4306 1934 4344 cum
1961 4291 2033 4345 de

384 4369 645 4429 Thracia:
662 4368 1067 4441 episcoporum
1094 4373 1477 4428 conventibus
1492 4377 1795 4431 commode
1812 4383 1870 4432 et
1882 4383 2033 4433 recte

388 4459 617 4534 possint
647 4466 820 4529 atque
848 4456 1023 4512 etiam
1057 4457 1305 4513 debeant
1351 4459 1618 4532 intelligi.
1668 4463 1915 4520 Demum
1964 4467 2035 4519 ab

2127 3313 2256 3363 ctus
2285 3312 2391 3362 est.
2427 3306 2480 3361 Is
2514 3323 2663 3362 anno
2693 3307 2798 3360 370
2829 3306 3146 3376 impietatis
3177 3323 3414 3362 cursum
3450 3308 3719 3363 absolvit.

2197 3412 2435 3468 CXXIII.
2460 3413 2656 3467 Ariani
2688 3413 2794 3486 late
2821 3413 3179 3468 dominantur
3207 3416 3267 3468 in
3299 3414 3433 3468 urbe
3461 3432 3479 3468 :
3510 3416 3711 3486 templa

2356 3493 2658 3554 occupant:
2688 3484 2804 3538 alia
2833 3489 3164 3539 commutata
3193 3486 3251 3539 in
3280 3486 3556 3556 sepulcra.

2197 3581 2346 3636 Tum
2377 3597 2510 3636 vero
2545 3583 2829 3652 respirare
2853 3580 3158 3651 paululum
3184 3582 3287 3636 visi
3315 3588 3458 3636 sunt
3479 3581 3784 3649 Catholici,

2132 3670 2361 3741 sibique
2393 3668 2700 3741 Evagrium
2732 3670 3075 3741 episcopum
3102 3672 3225 3738 jam
3277 3675 3640 3740 coaptarant.
3675 3671 3780 3725 Sed

2133 3775 2266 3814 mox
2325 3757 2537 3812 Valens
2594 3758 2934 3829 imperator,
2982 3759 3206 3813 Arianae
3265 3758 3448 3813 tutela
3507 3759 3783 3829 perfidiae,

2134 3846 2304 3920 pulso
2335 3847 2391 3900 in
2424 3846 2693 3900 exsilium
2747 3846 2987 3917 Evagrio
3037 3863 3169 3902 cum
3204 3847 3508 3901 Eustathio
3550 3850 3787 3917 presby-

2134 3941 2279 4005 tero,
2307 3935 2407 4006 qui
2440 3936 2626 4007 ipsius
2675 3934 2975 3990 electionis
3034 3940 3237 3991 auctor
3290 3936 3497 4001 fuerat,
3534 3936 3786 3991 Eudoxio

2137 4023 2545 4096 DemOphilum
2575 4040 2737 4095 aeque
2758 4023 3007 4095 impium
3033 4041 3097 4078 ac
3119 4025 3434 4079 nefandum
3460 4024 3787 4079 substituit.

2140 4114 2227 4169 Ita
2253 4112 2450 4167 Ariani
2481 4128 2716 4167 summa
2768 4129 2960 4168 rerum
3012 4113 3277 4167 Ecclesiae
3328 4111 3517 4183 potiti,
3549 4112 3641 4166 vix
3674 4112 3791 4182 pie-

2139 4202 2279 4259 tatis
2311 4224 2339 4251 ‹‹
2375 4201 2673 4273 reliquias,
2712 4224 2735 4253 ι
2794 4207 2853 4256 et
2904 4200 3218 4256 excitanda:
3268 4218 3302 4255 a
3353 4201 3627 4272 Gregorio
3658 4198 3792 4254 ﬁdei

2145 4312 2173 4341 «
2203 4290 2429 4345 semina
2451 4289 3249 4361 nreliquerant.'l‘emplorum
3272 4289 3386 4344 alia
3415 4290 3486 4344 ab
3514 4288 3792 4342 haereticis

2143 4380 2623 4447 occupata,atque
2644 4376 2702 4430 in
2728 4375 2936 4447 primis
2951 4376 3387 4448 amplissimum
3410 4375 3795 4447 illud(g),«So-

2147 4464 2284 4536 phia
2315 4464 2809 4533 cognominatum,
2846 4486 2873 4512 ››
2905 4470 3043 4519 tunc
3075 4487 3102 4513 «
3137 4464 3351 4520 diaboli
3389 4479 3793 4535 propugnacu-

388 4546 593 4603 amicis
622 4544 817 4611 etiam,
850 4545 1001 4599 inter
1051 4561 1217 4617 quos.
1270 4553 1475 4618 praeter
1523 4550 1826 4621 Basilium,
1877 4554 2037 4609 fuere
2069 4571 2113 4634 υ
2145 4553 2265 4608 lum
2294 4573 2321 4601 »
2365 4552 2551 4623 magis
2582 4569 2757 4623 quam
2790 4552 3055 4617 ecclesia,
3086 4553 3184 4607 ubi
3217 4575 3245 4604 «
3280 4569 3418 4607 suos
3451 4552 3547 4606 ille
3581 4551 3795 4605 milites

389 4635 678 4702 Meletius,
714 4633 1042 4706 Bosphorus
1069 4633 1319 4690 Colonia:
1345 4635 1750 4708 episcopus,et
1780 4640 1876 4695 alii
1913 4641 2037 4713 plu-

388 4722 1179 4793 res,Constantinopolitanis
1210 4724 1493 4778 auxilium
1527 4727 1675 4782 ferre
1698 4729 2043 4801 compulsus

387 4813 499 4869 fuit
529 4812 862 4885 Gregorius.
882 4812 973 4867 Sic
1007 4813 1301 4883 profectus
1348 4811 1648 4885 aliquanto
1678 4822 1812 4886 post
1847 4805 2042 4873 Basilii

390 4911 637 4960 mortem
670 4907 951 4972 tempore,
992 4919 1015 4947 ε
1050 4917 1165 4955 non
1196 4916 1304 4956 sua
1333 4910 1560 4973 sponte,
1596 4904 1697 4958 sed
1729 4907 1985 4974 coacius,
2012 4929 2041 4957 »

388 4996 456 5048 ut
477 4990 601 5063 ipse
630 4994 885 5045 testatur
913 4989 985 5059 (e)
1010 5005 1023 5043 :

460 5076 615 5131 Οὕτω
650 5075 743 5149 μὶν
774 5074 944 5144 ἦλθον
978 5073 1087 5149 οὐχ
1116 5074 1278 5145 ἑκών,
1309 5081 1423 5133 etc.

393 5169 605 5225 Eadem
638 5167 859 5239 passim
892 5165 1116 5237 repetit,
1149 5166 1402 5221 maxime
1443 5168 1502 5221 in
1563 5168 1823 5225 oratione
1863 5186 2042 5241 quam

393 5263 524 5315 tum
556 5257 628 5312 ad
660 5256 901 5311 Arianos
931 5253 1174 5310 habuit:
1206 5278 1235 5305 «
1271 5255 1406 5328 Ego,
1449 5255 1643 5327 inquit
1687 5258 1778 5330 (Γ),
1834 5276 2044 5330 parvu-

494 5364 549 5434 a)
578 5363 727 5425 Bar.,
758 5361 865 5434 ib,
898 5360 1111 5434 p.399,
1143 5362 1253 5417 col.
1287 5363 1339 5417 1.

500 5433 557 5503 b)
586 5434 779 5489 Carm.
810 5433 883 5488 De
918 5433 1037 5486 Vita
1062 5448 1191 5490 sua.
1225 5449 1280 5489 v.
1306 5433 1432 5488 598.

500 5506 553 5633 2
586 5505 755 5569 Ibid.,
785 5503 1031 5585 v..tl31.

550 5577 568 5633 l
594 5576 737 5631 Adv.
767 5590 948 5633 enisc.

550 5577 568 5645 )
594 5576 737 5631 Adv.
767 5576 948 5645 episc.

503 5644 557 5723 ι)
581 5647 775 5706 Carm.
802 5644 882 5702 De
916 5646 1033 5704 Vita
1058 5659 1181 5717 sua,
1209 5660 1265 5702 v.
1291 5644 1419 5704 610.

2150 4656 2216 4695 ao
2246 4640 2581 4694 defensores
2628 4640 2975 4707 collocarat;
3011 4663 3038 4689 ››
3089 4641 3208 4695 imo
3260 4641 3356 4695 ubi
3395 4664 3415 4688 α
3467 4642 3793 4693 daemonum

2150 4715 2459 4791 exercitus,
2494 4728 2893 4799 furiarumque
2923 4743 2988 4783 ac
3020 4729 3333 4799 spirituum
3367 4727 3624 4799 legiones
3665 4728 3797 4781 ade-

2150 4823 2281 4871 rant
2310 4815 2807 4871 immundorum.»
2838 4815 2966 4870 Alia
2994 4817 3130 4888 (h),«
3165 4834 3233 4871 ex
3262 4816 3498 4887 templis
3530 4817 3584 4869 in
3609 4814 3799 4886 sepul-

2150 4921 2249 4959 cra
2295 4909 2677 4969 commutata,
2737 4904 2851 4959 alia
2908 4920 3113 4959 cruore
3166 4910 3505 4960 sanctorum
3564 4920 3802 4974 aspersa

2150 4993 2569 5065 profanataque
2593 5007 2607 5046 :
2635 4992 2954 5064 presbyteri
2986 4992 3173 5047 exusti
3201 5010 3215 5059 ;
3242 5014 3267 5040 π
3301 4991 3579 5047 Catholici
3612 5014 3639 5039 «
3665 5007 3802 5045 con-

2150 5080 2411 5136 tumeliis
2444 5102 2472 5130 »
2507 5080 2712 5147 vexati,
2747 5102 2775 5129 ‹‹
2829 5081 3117 5135 bonorum
3176 5080 3525 5152 direptione,
3558 5078 3759 5133 exsilio
3788 5096 3802 5143 ;

2151 5168 2431 5235 ecclesiis,
2490 5168 2782 5235 domibus,
2816 5167 2961 5245 ipsis
3019 5168 3196 5223 etiam
3258 5168 3411 5239 pulsi
3472 5165 3806 5222 solitudini-

2152 5259 2335 5315 bus...
2369 5259 2436 5329 (ἰ)
2466 5273 2605 5328 grex
2636 5256 2881 5328 exiguus
2912 5273 2978 5311 ac
3008 5272 3078 5312 ne
3117 5273 3253 5327 grex
3273 5256 3535 5328 quidem,
3559 5255 3657 5310 sed
3679 5270 3809 5324 par-

2248 5365 2295 5434 f)
2328 5362 2422 5418 0r.
2456 5362 2547 5427 33,
2575 5379 2633 5416 n.
2667 5362 2754 5434 t3.

2249 5433 2304 5504 ς)
2334 5436 2430 5487 Or.
2462 5434 2551 5501 35,
2586 5450 2643 5487 n.
2676 5433 2729 5487 3.

2230 5504 2311 5578 (ἢ)
2343 5504 2450 5578 Qr._
2471 5505 2563 5574 42,
2595 5521 2654 5578 n_.
2685 5505 2775 5559 23.

2233 5574 2301 5651 (ἱ)
2329 5576 2504 5647 una,
2533 5591 2589 5630 ιι.
2623 5574 2679 5629 2.
