4152 6208
334 249 455 310 213

1687 247 1873 309 νιτΑ
1921 249 1988 310 8.
2034 249 2431 312 GREGORII.

3633 261 3754 320 214

331 396 470 436 vum
503 379 803 452 quoddam
835 383 893 434 et
921 383 1093 435 tenue
1124 377 1318 451 gregis
1351 378 1686 450 vestigium,
1718 386 1820 435 aut
1855 381 1987 436 reli-
2021 388 2067 449 Α
2103 384 2232 438 dem
2269 386 2770 456 persecutionibus
2800 394 3058 445 vexatam
3093 395 3268 463 atque
3297 392 3574 448 afflictam
3601 394 3746 451 hau-

331 471 521 542 quize;
558 469 833 541 praeclare
881 484 1081 524 secum
1132 469 1222 540 agi
1275 469 1580 540 putabant,
1630 471 1685 524 si
1734 469 1987 526 salutem

331 575 499 614 suam
536 557 832 628 surripere
863 557 1084 612 liceret.
1119 578 1150 605 »

328 664 578 722 CXXIV.
631 666 812 722 Varie
859 664 1086 719 hereses
1148 663 1620 737 Constantinopoli
1663 666 1991 736 grassaban-

832 741 930 790 tur
956 741 1166 807 preter
1192 737 1487 791 Arianam.

403 827 479 897 (α)
529 825 732 897 Neque
792 823 985 880 solum
1039 824 1254 880 Ariana
1303 824 1428 880 lues
1484 825 1985 898 ConstantinOpoli

324 915 737 987 grassabatur,
767 929 969 969 verum
998 913 1077 968 ibi
1109 930 1341 986 quoque
1371 913 1697 978 Novatiani,
1723 915 1984 970 Macedo-

327 1003 511 1064 niani,
565 1002 918 1067 Photiniani,
971 1002 1353 1069 Marcelliani,
1400 1002 1735 1068 Sabelliani,
1787 1005 1984 1060 Euno-

325 1091 529 1146 miani:
567 1092 928 1162 jamjamque
957 1091 1386 1162 Apollinaristae
1430 1091 1808 1162 pullulantes,
1841 1093 1984 1148 veri-

325 1184 433 1236 tati
463 1197 531 1234 ac
568 1179 699 1236 ﬁdei
735 1197 850 1235 una
896 1196 1029 1234 cum
1074 1180 1387 1235 Catholicis
1430 1179 1719 1235 exsulanti
1760 1181 1980 1237 bellum

321 1269 680 1323 indixerant.
716 1268 816 1323 His
847 1269 1084 1333 etenim,
1121 1269 1311 1340 inquit
1343 1268 1626 1324 Barouius
1657 1269 1757 1340 (b),
1788 1287 1818 1324 e
1851 1287 1980 1341 por-

317 1358 396 1411 tis
448 1356 620 1411 inferi
670 1357 896 1412 eductis
951 1355 1310 1428 legionibus,
1376 1362 1434 1412 et
1480 1358 1980 1430 Constantinopoli

317 1448 482 1500 velut
515 1446 575 1500 in
608 1446 836 1500 stativis
885 1444 1200 1515 collocatis,
1255 1447 1536 1517 antiquus
1587 1447 1773 1502 hostis
1805 1448 1977 1502 [idem

319 1534 676 1589 catholicam
704 1535 1101 1605 oppugnabat.

390 1623 541 1678 Tam
573 1623 719 1690 tisti,
753 1628 929 1694 atque
959 1623 1133 1677 etiam
1167 1645 1194 1671 «
1231 1622 1472 1678 tristiori
1499 1627 1678 1693 statu,
1715 1647 1742 1673 »
1775 1624 1821 1680 si
1845 1629 1979 1679 Gre-

315 1714 552 1784 gorium
585 1728 777 1784 Ipsum
809 1713 1015 1766 audias
1044 1712 1138 1783 (ο),
1184 1713 1841 1783 ConstantinOpolitanas
1874 1714 1970 1768 Ec-

316 1802 514 1859 clesiae
549 1818 640 1857 res
669 1807 856 1868 erant,
889 1817 1022 1856 cum
1059 1801 1130 1855 ab
1161 1801 1450 1872 episcopis
1479 1810 1536 1856 et
1572 1820 1602 1856 a
1634 1803 1864 1874 populis
1896 1803 1968 1858 ob

317 1907 474 1957 eam,
509 1908 638 1962 qua
672 1907 832 1944 mare
861 1890 1191 1956 transierat,
1228 1891 1482 1945 scientias
1529 1907 1594 1944 ac
1633 1892 1968 1948 sanctitatis

315 1982 560 2044 famam,
595 1997 713 2051 qua
750 1980 1040 2051 precibus,
1061 1996 1179 2051 qua
1207 1980 1699 2036 obtestationibus
1731 1987 1968 2037 vocatus

316 2070 685 2136 accitusque,
704 2067 1269 2138 ConstantinOpOIim
1297 2069 1548 2139 antiquae
1573 2087 1809 2126 rursum
1835 2071 1965 2126 fidei

317 2158 590 2213 conditor
618 2158 952 2229 Theologus
981 2157 1158 2212 venit.

314 2262 537 2318 CXXV.
587 2263 793 2331 Quibus
841 2265 1013 2317 armis
1073 2267 1420 2333 pugnaturus
1456 2268 1645 2318 contra
1689 2263 1969 2321 haereticos

742 2337 1041 2389 instructus
1065 2338 1208 2390 venit
1241 2334 1548 2405 Gregorius.

395 2422 565 2476 Venit
598 2427 792 2478 autem
822 2445 850 2471 ‹‹
885 2439 1016 2478 cum
1052 2428 1335 2494 potestate
1383 2424 1624 2479 minime
1654 2441 1794 2479 sane
1826 2442 1968 2480 con-

313 2512 690 2573 temnenda,»
722 2528 975 2583 cumque
1007 2512 1285 2584 ipsius,ut
1312 2512 1551 2584 quidam
1587 2513 1970 2584 interpretan-

307 2605 377 2655 tu
389 2600 780 2665 r,auctoritate
801 2600 879 2655 im
892 2601 1230 2672 peratoris;q
1244 2618 1558 2672 uamquam
1578 2603 1805 2657 Uavidis
1831 2620 1968 2657 nos-

305 2690 387 2744 tri
420 2695 620 2744 contra
647 2690 874 2744 Goliath
908 2696 964 2744 et
990 2689 1356 2744 Philisthmos
1378 2707 1542 2744 arma
1572 2707 1679 2744 non
1714 2694 1967 2747 carnalia

304 2779 404 2834 sed
429 2779 673 2850 potentia
695 2783 800 2833 Deo
819 2777 1012 2832 ".Nec
1024 2779 1179 2832 enim
1202 2779 1508 2849 praesentia
1521 2779 1777 2850 corporis
1790 2782 1964 2852 quid-

307 2884 487 2938 quam
514 2867 806 2922 infirmius
828 2867 903 2938 (cl)
933 2883 946 2921 :
972 2889 998 2916 α
1034 2867 1379 2938 Peregrinus
1405 2885 1589 2938 praeco
1619 2875 1676 2923 et
1707 2876 1960 2937 exterus;

309 2972 493 3027 parva
534 2955 763 3010 civitate
813 2972 878 3009 ac
929 2970 999 3009 ne
1044 2954 1275 3010 civitate
1329 2955 1588 3027 quidem,
1643 2958 1741 3011 sed
1775 2958 1958 3016 arido.

305 3043 986 3114 inammno,int'requenti
1020 3042 1143 3098 loco
1176 3044 1636 3112 natus,obscuro
1668 3051 1956 3101 terrarum

2101 479 2276 539 riret;
2313 491 2679 547 nequaquam
2717 479 2895 534 libere
2929 497 3032 534 nec
3063 481 3189 536 sine
3221 481 3530 551 periculo.»

2098 561 2364 618 CXXVII.
2417 568 2672 642 Exiguus
2738 569 2836 622 ille
2885 569 3054 632 locus,
3104 569 3168 623 ob
3221 572 3532 626 restitutam
3577 572 3744 642 ﬁdem

2537 640 2723 693 dictus
2751 647 2940 710 postea
2979 643 3295 695 Anastasio.

2167 722 2426 794 Exiguus
2455 732 2580 781 erat
2609 726 2707 782 ille
2738 727 2921 798 locus,
2955 729 3052 783 ubi
3084 735 3223 784 tunc
3256 731 3513 801 primum
3547 748 3747 789 conve-

2097 812 2186 867 nit
2227 813 2500 885 populus,
2532 822 2589 871 et
2619 817 2676 871 in
2709 817 2954 874 ecclesia
3013 824 3301 885 mutatus;
3345 819 3619 892 idemque
3649 827 3741 878 est

2095 902 2195 972 qui
2227 901 2472 975 laxatus,
2506 906 2578 959 ob
2615 906 2944 962 restitutam
2977 923 3042 962 ac
3064 907 3270 962 veluta
3303 910 3552 964 mortuis
3581 913 3737 966 exci-

2095 995 2272 1046 tatam
2307 992 2363 1047 in
2394 1009 2462 1047 ea
2500 994 2846 1050 catholicam
2897 996 3094 1062 ﬁdem,
3145 997 3449 1053 Anastasia
3488 1001 3738 1056 subinde

2092 1085 2180 1134 est
2210 1081 2559 1152 appellatus.

2160 1168 2508 1244 ξᾼνοιςζταιεῖῖιι)Δ
2528 1173 2667 1224 ναῶν
2702 1170 2730 1225 ὁ
2760 1170 3114 1244 τιμιώτατος,

2161 1240 2227 1292 Ἣ
2258 1240 2435 1295 πίστιν
2469 1241 2749 1317 ὶξήγιιρας
2783 1240 2834 1297 t9
2865 1247 2933 1317 τῇ
2965 1241 3244 1317 κειμένην.

2229 1332 2550 1404 ᾼηωιαεὶιι,
2580 1333 2909 1402 templorum
2935 1336 3178 1390 maxime
3198 1336 3527 1404 venerabile,

2234 1401 2362 1468 Qua:
2379 1404 2660 1472 jucentem
2689 1401 2844 1458 humi
2871 1405 3028 1474 ﬁdem
3052 1410 3404 1462 exsuscitasti
3419 1409 3506 1479 (Γ).

2089 1490 2270 1555 Quam
2305 1491 2483 1546 etiam
2516 1492 2962 1563 appellationem
3008 1496 3410 1550 confirmatam
3463 1497 3730 1552 nonnulli

2085 1578 2307 1645 volunt,
2361 1578 2542 1651 apud'
2573 1581 2984 1648 Sozomenum,
3037 1585 3460 1639 resurrectione
3498 1586 3728 1641 feminas

2086 1670 2331 1738 ejusque
2363 1667 2717 1740 fetus,quem
2753 1679 2918 1726 utero
2947 1673 3296 1744 gestabat,et
3326 1681 3539 1728 sanctas
3571 1691 3724 1728 mar-

2004 1752 2049 1816 B
2081 1757 2222 1829 tyris
2258 1760 2574 1812 Anastasis:
2608 1759 2867 1831 reliquiis
2897 1768 3096 1831 postea
3122 1761 3403 1832 depositis
3443 1762 3513 1817 ad
3548 1772 3727 1818 rostra

2079 1847 2327 1909 Domini,
2360 1846 2501 1913 sive,
2537 1853 2599 1901 ut
2628 1847 2759 1902 aliis
2786 1848 2990 1919 placet,
3023 1852 3318 1916 porticum,
3350 1849 3450 1904 ubi
3483 1857 3722 1907 Anasta-

2075 1935 2175 1990 size
2193 1933 2475 2006 templum
2499 1937 2570 1991 ab
2588 1936 2832 1992 eruditis
2849 1937 3402 1993 collocatur.Verum
3430 1939 3717 2012 quidquid

2077 2024 2156 2079 sit
2185 2026 2254 2079 de
2310 2026 2731 2081 resurrectione
2781 2027 3007 2081 feminae
3050 2028 3294 2098 ejusque
3342 2030 3513 2093 fetus,
3547 2034 3604 2084 et
3648 2032 3719 2083 de

2076 2113 2358 2183 depositis
2388 2133 2418 2167 a
2451 2113 2751 2169 Gennadio
2802 2115 3133 2186 patriarcha
3175 2114 3233 2169 in
3287 2116 3393 2170 hac
3428 2117 3548 2171 ade
3582 2119 3721 2172 reli-

2076 2202 2520 2270 quiis;constat
2552 2203 2919 2257 Anastasiam
2954 2203 3090 2257 inde
3131 2203 3350 2258 dictam
3381 2221 3532 2268 esse,
3566 2207 3716 2276 quod

2077 2290 2336 2362 collapsa
2367 2291 2508 2346 lides
2543 2290 2657 2345 illic
2690 2292 2936 2346 excitata
2964 2298 3089 2355 est;
3125 2295 3279 2362 quod
3307 2293 3516 2347 iterum
3548 2303 3721 2362 atque

2077 2380 2288 2436 iterum
2322 2385 2568 2436 testatur
2595 2380 2936 2451 Gregorius,
2969 2387 3022 2435 et
3064 2386 3180 2435 tam
3239 2382 3472 2444 diserte,
3505 2389 3566 2437 ut
3599 2383 3723 2438 nul-

2078 2469 2198 2526 lum
2223 2487 2348 2526 esse
2362 2470 2547 2540 possit
2567 2469 2971 2525 dubium..lam
2994 2487 3146 2525 nunc
3172 2488 3262 2526 res
3284 2471 3410 2541 ejus
3446 2472 3721 2543 praeclare

2076 2565 2270 2630 gestas
2301 2558 2801 2630 Constantinopoli
2831 2576 3274 2630 prosequamur.

2077 2647 2368 2703 CXXVIII.
2406 2650 2483 2702 Ita
2515 2650 2709 2702 crescit
2735 2649 3042 2708 Anastasio.
3078 2658 3134 2702 ut
3168 2650 3316 2702 brevi
3365 2665 3551 2704 omnes
3579 2651 3716 2704 Con-

2144 2722 2663 2789 stantinOpolitanas
2694 2721 3069 2788 amplitudine
3095 2729 3145 2773 et
3194 2722 3602 2788 magniﬁcentia
3631 2739 3719 2775 su-

2143 2795 2293 2860 peret
2321 2792 2658 2845 ecclesiasln
2685 2792 2789 2844 hac
2816 2807 2951 2845 nova
2983 2791 3295 2845 Bethlchem
3323 2808 3508 2847 omnes
3540 2793 3719 2850 Ιιςενεο

2144 2865 2272 2917 ticos
2303 2872 2584 2933 Oppugnat
2613 2862 2880 2932 fugatque
2909 2861 3226 2930 Gregorius.

2144 2951 2418 3023 Exiguus,
2472 2957 2534 3004 ut
2568 2951 2694 3020 jam
2761 2951 3039 3015 diximus,
3089 2951 3342 3022 primum
3395 2950 3559 3007 locus
3609 2952 3719 3008 fuit

2069 3040 2378 3096 Anastasis
2404 3039 2533 3106 ;sed
2567 3039 2901 3094 mutatusin
2926 3039 3230 3094 ecclesiam
3258 3041 3337 3094 ita
3359 3043 3536 3096 crevit
3559 3042 3716 3097 brevi

304 3132 524 3204 angulo
586 3113 824 3188 abditus
881 3132 1227 3204 hucusque;
1279 3133 1589 3188 contractis
1660 3142 1956 3191 senectute
1991 3113 2033 3178 ί]
2072 3134 2424 3200 tempore,ut
2445 3131 2571 3198 jam
2607 3129 2680 3182 ab
2712 3145 2863 3182 anno
2904 3129 3008 3182 398
3041 3145 3351 3198 marmora,
3385 3130 3597 3200 quibus
3624 3147 3715 3186 or-

308 3222 614 3288 membris,
646 3231 696 3276 et
730 3228 967 3276 curvato
1001 3220 1164 3276 humi
1193 3222 1619 3294 corpore,vultu
1654 3223 1808 3278 haud
1841 3224 1951 3280 ele-

305 3309 492 3380 ganti,
527 3310 689 3368 rugis
720 3314 942 3374 aratus,
978 3308 1114 3363 ﬂetu
1146 3309 1383 3364 tabidus
1427 3316 1486 3364 et
1536 3312 1705 3377 fame,
1740 3313 1953 3384 agresti

304 3413 442 3451 voce
492 3403 550 3451 et
599 3412 825 3467 aspera,
870 3396 1062 3451 viliori
1133 3402 1327 3464 veste;
1365 3399 1797 3470 pauperrimus,
1853 3417 1954 3455 nec

303 3484 554 3555 pecunia
585 3500 760 3554 quam
795 3485 905 3539 alis
935 3486 1333 3540 instructior.»
1371 3486 1465 3541 Sis
1495 3503 1557 3541 se
1587 3487 1712 3557 ipse
1745 3488 1800 3541 in
1828 3505 1951 3543 car-

302 3574 566 3627 minibus
595 3578 652 3626 et
681 3574 1044 3628 orationibus
1075 3574 1342 3646 depingit
1369 3574 1955 3648 Gregorius.Corpore

297 3661 388 3716 vir
416 3662 710 3726 tantulus,
741 3663 842 3717 sed
873 3662 1095 3733 Spiritu
1131 3667 1338 3732 potens
1368 3680 1543 3734 opere
1574 3669 1630 3718 et
1661 3681 1951 3735 sermone,

304 3752 638 3824 principum
667 3751 844 3820 hujus
873 3751 1066 3806 saeculi
1093 3756 1569 3823 potestatumque
1597 3754 1955 3808 munitiones

306 3840 579 3903 consilia,
610 3844 668 3893 et
696 3854 825 3910 qua
870 3839 1150 3893 adversus
1202 3839 1503 3894 scientiam
1556 3841 1651 3895 Dei
1683 3858 1745 3896 se
1775 3840 1954 3895 extol-

304 3925 486 3991 lebat,
522 3926 893 3982 altitudinem
935 3943 1168 3983 omnem
1218 3928 1626 3983 destructurus
1659 3923 1955 4000 progredi-

303 4022 406 4070 tur
421 4017 521 4085 “,u
558 4015 839 4088 Theologi
871 4016 1184 4089 triumpale
1228 4034 1486 4080 nomem,
1521 4024 1584 4072 ut
1614 4035 1744 4073 cum
1781 4019 1953 4074 Baro-

301 4103 403 4157 nio
439 4104 664 4174 loquar,
695 4103 832 4158 inde
865 4103 1071 4159 merito
1103 4104 1212 4160 sibi
1245 4111 1712 4176 comparaturus.

302 4207 541 4263 CXXVI.
575 4210 613 4264 Α
656 4211 900 4280 cognatis
946 4210 1180 4280 hospitio
1231 4221 1508 4279 exceptus.
1560 4213 1664 4266 Pia
1708 4222 1827 4267 erat
1855 4214 1955 4268 do-

526 4297 669 4350 mus,
703 4281 767 4335 in
795 4298 963 4353 quam
1001 4283 1398 4337 conveniebant
1427 4282 1733 4338 orthodoxi.

371 4368 942 4440 Constantinopolim
977 4369 1158 4440 igitur
1187 4369 1427 4425 veniens
1458 4371 1772 4443 Gregorius
1802 4389 1955 4428 anno

2066 3225 2328 3286 naretur,
2380 3224 2668 3289 quaereret
2713 3217 3039 3285 Nectarius,
3081 3225 3256 3283 atque
3309 3222 3482 3273 etiam
3518 3236 3717 3276 sacras

2063 3308 2212 3361 aedes
2241 3306 2924 3377 Constantinopolitanae
2959 3306 3392 3377 magnificentia
3422 3315 3479 3363 et
3509 3308 3715 3381 ampli-

2063 3395 2288 3462 tudine,
2320 3395 2577 3450 Socratis
2607 3401 2666 3449 et
2692 3395 2993 3450 Sozomeni
3019 3401 3279 3466 tempore
3309 3397 3715 3468 (g).superaret

2065 3484 2126 3540 ln
2161 3484 2266 3538 hac
2296 3485 2490 3554 itaque
2515 3507 2541 3532 ‹‹
2575 3499 2718 3538 nova
2749 3483 3141 3548 Bethlehem,»
3167 3500 3282 3556 quo
3316 3486 3550 3541 nomine
3582 3503 3709 3542 eam

2063 3572 2317 3643 appellat
2346 3572 2757 3644 Gregorius.ob
2776 3579 3056 3645 angustos
3079 3573 3706 3634 lociambitus.Christi

2064 3664 2305 3733 antiqua
2337 3662 2479 3716 ﬁdes
2511 3661 2804 3726 revixit,et
2836 3663 3293 3716 «intermortua»
3330 3664 3399 3717 ad
3425 3662 3596 3717 vitam
3621 3680 3706 3717 re-

2063 3751 2192 3806 diit.
2229 3755 2467 3806 Domum
2503 3752 2559 3804 in
2597 3751 2703 3804 hac
2737 3772 2764 3799 «
2794 3749 2936 3812 Silo,
2970 3749 3358 3818 quadraginta
3390 3750 3560 3805 annis
3590 3750 3706 3804 cir-

2069 3845 2336 3894 cumacta
2380 3839 2436 3892 in
2503 3840 2754 3902 deserto,
2783 3838 3139 3908 incertisque
3191 3843 3395 3907 vagata
3442 3838 3704 3905 sedibus,

2064 3944 2194 3983 arca
2239 3928 2350 3981 lixa
2389 3932 2498 3993 est,
2549 3942 2616 3980 ac
2679 3925 2960 3996 requievit
3008 3941 3140 3979 arca
3188 3924 3306 3978 Noe
3341 3925 3541 3990 altera,
3576 3926 3705 3980 novi

2065 4014 2340 4070 mundiet
2359 4014 2809 4068 orthodoxorum
2826 4013 3208 4068 seminarium
3235 4014 3427 4067 ferens
3453 4037 3480 4062 ››
3502 4021 3558 4068 et
3579 4031 3708 4069 con-

2065 4121 2323 4161 servans.
2361 4125 2383 4154 α
2419 4104 2562 4158 Tam
2597 4109 2847 4174 angusto
2881 4103 3256 4170 foramine,ut
3286 4103 3503 4174 optime
3535 4108 3707 4159 Baro-

2064 4194 2200 4250 nius
2223 4192 2304 4262 (ἡ)
2338 4193 2577 4264 perinde
2607 4209 2674 4247 ac
2696 4191 2744 4245 si
2777 4192 2832 4246 in
2861 4191 3146 4246 latissimo
3174 4207 3402 4262 campo,
3428 4193 3710 4248 adversus

2065 4281 2199 4338 fidei
2231 4282 2427 4336 hostes
2458 4281 2717 4336 certabat
2749 4280 3080 4350 Theologus
3116 4304 3128 4346 ;
3164 4297 3278 4335 uno
3312 4286 3501 4336 rotatu
3534 4281 3712 4354 gladii

2066 4371 2445 4427 circumcirca
2477 4369 2695 4440 positos
2728 4369 3028 4423 hiereticos
3041 4369 3324 4431 ,Arianos,
3342 4370 3711 4426 Macedonia-

294 4456 423 4523 370,
450 4473 484 4511 a
514 4457 779 4528 cognatis
809 4459 1168 4528 quibusdam
1214 4458 1341 4514 suis
1371 4458 1627 4532 hospitio
1675 4467 1954 4533 exceptus
1987 4481 2031 4544 Ι)
2066 4477 2195 4524 nos,
2229 4459 2635 4526 Photinianos,
2685 4458 3069 4524 Sabellianos,
3103 4457 3610 4529 Appollinaristas,
3643 4476 3710 4515 ac

296 4551 407 4599 est.
435 4544 610 4600 Nulla
639 4545 794 4600 enim
829 4550 956 4600 tum
990 4545 1306 4602 Catholicis
1337 4549 1393 4601 in
1433 4565 1501 4603 ea
1533 4550 1674 4604 urbe
1705 4555 1831 4605 erat
1858 4565 1953 4603 ec-

302 4628 502 4699 clesia,
536 4631 679 4686 adeo
711 4631 1062 4688 Arianorum
1099 4633 1271 4688 factio
1293 4633 1727 4692 invaluerat.De
1758 4637 1953 4703 domo,

305 4734 436 4789 quae
467 4720 828 4792 Theologum
855 4721 1098 4793 excepit,
1131 4721 1252 4777 haec
1284 4724 1489 4778 scribit
1519 4725 1591 4796 (e)
1623 4741 1637 4780 :
1674 4748 1703 4775 ‹‹
1739 4731 1954 4782 Domus

307 4807 576 4878 quaedam
610 4809 726 4879 pia,
760 4827 959 4865 amore
989 4810 1085 4865 Dei
1133 4810 1408 4882 ﬂagrans,
1435 4830 1548 4868 non
1582 4831 1752 4870 secus
1779 4822 1956 4886 atque

303 4895 564 4951 Eliseum
597 4897 988 4954 Sunamitidis
1016 4899 1230 4954 domus
1251 4901 1430 4965 “,nos
1463 4902 1834 4969 refucillavit;
1859 4905 1956 4959 do-

303 4986 1052 5056 mus,inquam,bominum
1072 4988 1334 5059 corporis
1348 4989 1709 5062 spiritusque
1725 5009 1954 5046 mecum

301 5073 653 5145 cognatione
685 5076 1131 5145 conjunctorum
1158 5093 1173 5143 ;
1206 5077 1362 5148 apud
1393 5094 1541 5148 quos
1585 5079 1836 5151 populus
1863 5080 1955 5135 hic

302 5177 539 5234 quoque
572 5169 914 5235 compactus
945 5169 1053 5229 est,
1085 5179 1220 5219 cum
1254 5165 1454 5221 furtim
1475 5166 1852 5224 orthodoxam
1890 5170 1954 5223 li-

2065 4547 2418 4604 Novatianos
2451 4548 2801 4619 perurgebat
2829 4548 3356 4619 proﬂigabatque...
3392 4547 3706 4602 Erantma-

2063 4654 2174 4693 nus
2203 4638 2331 4708 ejus
2361 4641 2558 4692 contra
2591 4652 2817 4700 omnes,
2852 4651 2918 4690 ac
2969 4651 3179 4690 manus
3209 4635 3472 4690 omnium
3508 4643 3708 4692 contra

2062 4743 2238 4793 eum;
2271 4727 2472 4798 sicque
2503 4724 2756 4779 exaltata
2790 4730 2930 4778 sunt
2962 4739 3134 4794 opera
3167 4723 3285 4789 Dei,
3319 4729 3381 4778 ut
3411 4741 3562 4779 unus
3593 4742 3707 4780 non

2062 4820 2291 4870 tantum
2326 4813 2481 4868 mille
2507 4815 2751 4884 fugaret,
2784 4813 2883 4866 sed
2908 4819 2965 4867 et
2995 4815 3194 4866 decem
3232 4812 3712 4869 ruillia7°.l£xstat

2062 4902 2471 4973 adhuc,pergit
2498 4900 3006 4955 eminentissimus
3037 4901 3288 4970 scriptor
3328 4918 3626 4972 appensus
3646 4909 3710 4964 in

2063 4991 2311 5046 ecclesia
2340 4990 2509 5060 pallio
2554 4989 2850 5044 involutus
2902 4995 3032 5060 post
3085 4989 3278 5058 Ephod
3328 4989 3559 5061 gladius
3592 4993 3711 5058 ille,

2064 5096 2178 5152 quo
2212 5087 2409 5135 noster
2437 5079 2776 5151 coryphsaus
2809 5094 2983 5132 manu
3023 5077 3185 5132 fortis
3218 5077 3708 5136 Pbilisthinnrum

2065 5176 2288 5223 turmas
2319 5167 2376 5221 in
2410 5167 2609 5238 fugam
2640 5166 2834 5221 vertit.
2870 5164 3401 5238 Exstant,inquam,
3426 5168 3710 5226 sublimes

369 5259 414 5294 ⁸⁷
448 5257 496 5315 ll
530 5260 658 5316 Cor.
692 5277 748 5327 x,
790 5261 842 5315 4.
919 5261 963 5296 ⁸⁸
996 5261 1138 5319 ibid.
1168 5262 1223 5316 5.
1300 5262 1442 5316 σοιν
1466 5263 1603 5337 Reg.
1638 5283 1715 5334 Iv,
1747 5268 1797 5335 1,
1831 5283 1964 5338 seqq

2077 5265 2162 5322 ⁷⁰Ι
2195 5265 2332 5335 Reg.
2371 5282 2532 5329 xvm,
2560 5264 2614 5319 7.

396 5370 454 5442 ᾳ)
483 5365 614 5442 sco.
646 5365 986 5442 1.An_,_c._38.
1022 5367 1276 5442 Sosom.,
1309 5386 1367 5442 p.
1401 5369 1526 5424 571.

402 5438 452 5506 b)
485 5437 657 5511 9011.,
688 5437 725 5490 9
745 5438 913 5511 ‘Maii,
948 5456 1004 5511 p.
1029 5439 1165 5511 (.03.

400 5512 450 5575 ε)
481 5507 674 5564 Carm.
709 5507 784 5564 al.
819 5511 869 5578 1,
897 5507 1109 5566 ν.’591.

401 5578 455 5650 d)
485 5580 585 5636 0r.
614 5580 709 5649 33,
739 5596 801 5637 η.
834 5582 921 5637 13.

2159 5375 2209 5440 e)
2241 5370 2338 5426 Or.
2370 5371 2464 5435 26,
2495 5386 2554 5424 n.
2594 5369 2680 5424 17.

2152 5439 2202 5513 Ῑ)
2233 5442 2426 5498 Carm.
2458 5442 2534 5497 De
2565 5443 2678 5496 vita
2699 5457 2826 5514 sua,
2859 5439 3101 5514 γεξοδδ
3215 5509 3230 5514 _
3417 5512 3419 5514 η

2197 5515 2214 5575 )
2243 5515 2425 5578 Socr.,
2455 5514 2492 5568 Ι.
2522 5529 2578 5580 v,
2611 5512 2758 5584 c.77,_
2781 5529 2839 5584 p.
2871 5511 2999 5584 263,
3032 5509 3185 5580 802.,
3215 5509 3254 5567 l.
3286 5527 3388 5582 νη,
3417 5512 3471 5572 ὀ.
3499 5515 3556 5572 5.

2199 5530 2425 5578 lsocr.,
2455 5530 2492 5568 l.
2522 5530 2578 5580 v,
2611 5530 2660 5568 c.
2702 5530 2749 5578 ι,
2781 5530 2839 5584 p.
2872 5530 3034 5578 zoa,;

2158 5530 2216 5656 Χ)
2246 5591 2355 5658 Δρ.
2385 5584 2534 5653 Bol.,
2561 5585 2598 5638 9
2628 5582 2786 5641 Maii.
2819 5600 2878 5655 p.
2908 5582 3034 5638 400.
