4152 6208
302 352 426 419 sn

1648 346 1833 420 VITA
1882 343 1950 419 8.
1993 343 2398 420 GREGORii.

304 490 510 548 ctrina
540 488 1019 554 ostentationem,
1053 489 1151 544 sed
1187 487 1256 544 ad
1289 488 1561 561 pietatem
1593 490 1955 546 excitandam
1992 488 2041 558 Α
2076 488 2615 563 lacessitus,verum
2631 488 2803 549 etiam
2827 488 2898 549 ad
2918 482 3719 569 iudiciumtribunalraptus‘,

306 579 662 653 plebemque
696 579 1143 652 permowndam
1166 579 1455 634 tractabat
1484 580 1725 635 minime
1754 581 1959 635 fucata

302 670 658 741 eloquentiae.
687 669 761 724 vi.
810 673 941 725 Haec
989 678 1111 723 erat
1149 660 1412 741 Gregorii
1460 669 1613 725 circa
1644 668 1961 725 institutio—

303 771 444 815 nem
482 768 713 814 morum
746 759 892 813 ratio
923 757 1154 812 dieendi
1199 762 1256 812 et
1286 758 1529 814 donandi
1555 774 1568 814 :
1601 774 1669 814 ex
1700 776 1815 831 quo
1841 756 1962 815 colo

302 848 410 920 ligi
446 852 640 920 potest
672 846 991 917 permultas
1020 846 1197 917 hujus
1231 847 1464 920 generis
1493 848 1785 904 orationes
1814 847 1962 905 Con-

304 936 692 1009 stantinopoli
724 935 953 992 habitas
987 936 1246 1008 periisse.

301 1060 596 1120 CXXXIV.
675 1059 933 1115 CXXXV.
1007 1060 1083 1114 Ad
1155 1060 1317 1115 verba
1387 1063 1621 1117 oratoris
1686 1061 1964 1118 accedente

374 1133 644 1201 Wplo,
676 1138 727 1187 et
758 1130 829 1185 ad
858 1133 1139 1186 oratiirnes
1169 1138 1299 1188 vitae
1325 1135 1628 1196 sanctitate,
1662 1134 1835 1189 miros
1869 1134 1961 1187 lia-

380 1205 465 1259 bet
492 1208 723 1278 fructus.
771 1204 873 1259 Hos
901 1216 957 1278 se
999 1205 1581 1278 fructus_habiturum
1626 1209 1957 1278 speraverat,

376 1279 596 1348 ipsique
627 1277 762 1331 Deus
791 1277 1026 1346 forsitan
1056 1275 1392 1332 ostenderat.

377 1382 525 1438 Cum
558 1387 753 1438 autem
799 1383 869 1437 ad
923 1383 1098 1437 verba
1144 1382 1503 1455 exemplum,
1553 1384 1624 1438 ad
1667 1385 1960 1439 orationes

298 1472 433 1527 vita
460 1471 744 1528 sanctitas
775 1471 1091 1538 accederet,
1145 1472 1435 1544 dictisque
1486 1474 1637 1528 facta
1679 1486 1960 1545 congrue-

300 1567 456 1624 rent,
513 1561 728 1617 mirum
779 1566 1032 1633 quantos
1076 1577 1384 1617 successus
1434 1561 1706 1618 habuerit
1746 1567 1960 1633 Grego-

300 1652 472 1717 rius;
504 1666 685 1721 quam
719 1649 937 1706 multos
958 1666 987 1706 e
1012 1650 1324 1707 Catholicis
1351 1651 1420 1706 ad
1451 1651 1748 1707 meliorem
1783 1651 1959 1707 vitam

298 1744 363 1797 et
392 1739 698 1796 haereticos
730 1739 804 1795 ab
844 1755 1037 1795 errore
1075 1741 1146 1795 ad
1180 1756 1382 1796 sanam
1433 1741 1755 1796 doctrinam
1790 1742 1962 1797 redu-

298 1828 495 1895 xerit;
544 1834 689 1900 quot
736 1844 874 1884 oves
924 1830 1183 1900 perditas
1239 1830 1312 1885 ad
1361 1828 1510 1885 ovile
1558 1830 1958 1903 reportaverit,

299 1925 449 1992 quot
481 1918 652 1988 lupos
682 1919 951 1990 deposita
982 1918 1196 1977 savitie
1229 1919 1381 1975 inter
1408 1936 1543 1976 oves
1580 1920 1960 1988 recensuerit,

299 2025 483 2081 quam
519 2009 878 2063 immensum
913 2008 1165 2079 denique
1208 2024 1441 2080 gregem
1494 2026 1561 2065 ex
1590 2009 1797 2077 exiguo
1828 2026 1963 2065 con-

299 2098 581 2170 spexerit.
624 2098 681 2153 Id
729 2098 991 2168 quidem,
1043 2097 1386 2170 priusquam
1423 2099 1729 2164 accideret,
1764 2116 1967 2172 spera-

300 2194 485 2255 verat,
517 2204 655 2243 cum
694 2186 943 2243 Arianos
982 2186 1488 2259 Constantinopoli
1535 2187 1648 2244 late
1677 2189 1965 2245 dominari

303 2282 607 2333 cerneret:
644 2292 843 2331 secum
894 2276 1050 2331 enim
1104 2277 1389 2348 cogitans,
1441 2277 1532 2332 his
1573 2294 1635 2332 se
1681 2277 1872 2333 verbis
1911 2282 1969 2333 et

308 2382 415 2437 spe
446 2364 706 2421 melioris
735 2366 1014 2437 temporis
1036 2365 1337 2421 solabatur
1365 2366 1442 2438 (α)
1466 2382 1479 2422 :
1506 2387 1534 2417 ‹‹
1565 2365 1777 2421 Domos
1808 2367 1969 2422 Aria-

310 2455 371 2511 ni
404 2454 641 2523 bebent,
666 2471 774 2511 nos
799 2455 1090 2527 hospitem
1118 2479 1132 2521 ς
1156 2454 1214 2509 hi
1247 2453 1489 2526 templa,
1520 2470 1626 2511 nos
1649 2455 1854 2520 Deum,
1878 2456 1965 2510 id-

310 2560 427 2616 que
460 2550 739 2614 praterea
785 2544 940 2614 quod
993 2544 1119 2598 viva
1166 2543 1263 2598 Dei
1315 2543 1426 2597 vivi
1478 2547 1697 2615 templa
1734 2560 1963 2612 sumus,

312 2632 562 2687 victima
598 2633 806 2687 viva...
860 2633 925 2686 Hi
961 2630 1205 2703 populos
1254 2631 1491 2699 habent,
1540 2648 1646 2688 nos
1688 2632 1966 2705 angelos;

309 2720 370 2776 hi
402 2722 795 2777 temeritatem
828 2727 885 2776 et
914 2720 1244 2786 audaciam,
1276 2737 1382 2776 nos
1412 2721 1625 2777 fidem:
1660 2720 1717 2776 hi
1752 2722 1966 2790 minus,

308 2826 418 2866 nos
449 2826 649 2881 preces
678 2814 734 2865 et
778 2810 1109 2876 orationes;
1161 2809 1219 2865 hi
1274 2809 1515 2867 feriendi
1566 2810 1966 2877 insolentiam,

306 2916 414 2955 nos
441 2899 815 2971 patientiam;
853 2900 907 2953 hi
941 2915 1152 2954 aurum
1182 2904 1240 2954 et
1267 2909 1597 2971 argentum,
1622 2916 1729 2956 nos
1760 2914 1969 2974 purga~

309 2995 429 3044 tam
463 2990 597 3045 ﬁdei
629 2991 1026 3048 doctrinam...
1073 2993 1145 3049 At
1176 2992 1318 3046 mihi
1349 3007 1489 3063 grex
1533 2990 1826 3063 exiguus?
1854 2992 1965 3047 Sed

304 3078 377 3132 ad
414 3078 729 3150 pracipitia
764 3094 877 3135 non
929 3081 1130 3135 lertur.
1172 3082 1243 3135 At
1286 3086 1539 3151 angusta
1578 3079 1722 3135 mihi
1754 3080 1968 3136 caule?

306 3167 420 3222 Sed
454 3166 611 3237 lupis
661 3167 1027 3223 inaccessa...
1077 3168 1193 3223 Nec
1231 3166 1435 3223 dubito
1486 3169 1627 3239 quin
1660 3184 1785 3223 eam
1820 3185 1965 3240 quo—

306 3272 423 3327 que
456 3234 780 3327 aliquando
830 3256 1093 3313 latiorem
1149 3234 1567 3329 prospecturos
1612 3258 1745 3313 sim.
1798 3234 1965 3313 Multi
1997 3234 2040 3303 α

308 3346 467 3399 enim
499 3345 670 3401 exiis
704 3347 802 3418 qui
837 3363 989 3401 nunc
1036 3347 1093 3401 in
1128 3346 1399 3417 luporum
1452 3361 1696 3401 numero
1742 3352 1901 3415 sunt,
1934 3362 1968 3401 a

311 3449 404 3489 me
436 3434 590 3490 inter
618 3451 753 3491 oves
785 3435 1266 3499 recensebuntur,
1300 3450 1366 3490 ac
1400 3434 1646 3490 fortasse
1674 3436 1849 3490 etiam
1881 3436 1967 3490 ina

310 3527 400 3578 ter
431 3530 713 3594 pastores.
748 3546 777 3573 ιι
824 3523 1001 3579 Addit
1047 3522 1401 3595 Gregorius:
1439 3543 1467 3573 ‹‹
1512 3522 1631 3578 Hoc
1680 3523 1823 3578 mihi
1863 3538 1966 3579 an-

312 3612 547 3667 nuntiat
577 3610 825 3667 t'elieiter
874 3612 1061 3667 bonus
1108 3610 1206 3666 ille
1258 3611 1482 3678 Pastor,
1530 3615 1768 3683 prepter
1796 3627 1966 3681 quem

311 3716 418 3773 ego
451 3703 709 3756 animam
743 3715 933 3756 meam
967 3716 1070 3772 pro
1109 3700 1315 3756 ovibus
1347 3716 1519 3772 pono.
1554 3719 1583 3749 »
1633 3699 1856 3766 Quibus
1889 3701 1967 3756 si-

310 3790 593 3861 gniﬁcem
623 3791 853 3846 videtur
883 3806 945 3845 se
965 3789 1065 3845 Dei
1094 3789 1393 3861 beneficio,
1419 3790 1811 3861 quorumdam
1844 3804 1968 3861 qua

312 3880 513 3935 futura
540 3887 742 3938 essent
772 3879 1056 3935 bonorum
1103 3878 1324 3935 visione
1353 3893 1419 3934 ac
1462 3878 1849 3950 promissione
1879 3895 1967 3935 re-

311 3975 579 4023 creatum
609 3969 817 4026 fuisse.

312 4086 592 4149 CXXXVI.
657 4086 727 4148 Hi
779 4095 993 4164 fructus
1044 4108 1154 4148 non
1210 4090 1555 4163 eloquentiae,
1612 4108 1730 4164 qua
1784 4094 1971 4146 tamen

383 4168 638 4219 maxima
663 4174 778 4219 erat
806 4162 899 4219 sed
926 4167 1161 4220 oratoris
1204 4162 1401 4235 pietati
1445 4165 1494 4218 et
1522 4162 1818 4234 patientiae
1864 4163 1967 4217 tri-

387 4237 609 4292 buendi.
643 4237 792 4291 Tales
811 4239 1022 4305 fructus
1041 4239 1209 4290 unius
1234 4236 1377 4302 Iusti
1393 4236 1764 4306 persecutione
1784 4236 1972 4289 vexati

380 4310 640 4379 precibus
667 4308 965 4378 aliquando
994 4308 1135 4363 Deus
1163 4307 1420 4364 concedit.

383 4414 531 4471 Tam
567 4413 763 4469 felices
790 4413 977 4469 exitus
1007 4430 1124 4469 non
1155 4418 1275 4468 tam
1316 4411 1663 4484 eloquentia
1689 4410 1967 4483 Gregorii,

312 4516 439 4574 qua
472 4516 729 4558 maxime
753 4509 897 4567 erat,
930 4518 1108 4574 quam
1139 4501 1327 4573 ipsius
1358 4502 1557 4573 pielati
1590 4505 1647 4557 et
1682 4500 1969 4572 patientia

2074 594 2141 636 ac
2160 580 2331 637 veluli
2357 583 2530 638 cadis
2555 583 2953 648 reus,demum
2978 582 3470 655 saxisimpetitus,
3493 587 3716 657 patien-

2070 674 2160 726 ter
2187 668 2341 740 tulit,
2394 666 2593 728 diCBn‘s
2641 686 2770 727 cum
2823 671 3154 742 Stephano:
3207 672 3452 743 Domine,
3490 691 3559 731 ne
3598 680 3721 732 ,ςια-

2071 764 2191 814 tuns
2222 758 2343 814 illis
2374 761 2471 815 hoc
2509 769 2787 831 peccatum
2810 759 2874 826 ⁷³,
2919 759 3127 815 uberes
3158 759 3590 819 benedictiones
3614 770 3717 836 pro

2070 846 2402 903 maledictis
2422 848 2705 921 rependit,
2722 865 2822 920 pro
2842 846 3309 921 persecutoribus
3331 857 3527 922 preces
3543 853 3714 911 fudit.

2071 937 2256 992 Tanta
2306 938 2586 1009 patientia
2633 937 3023 1009 complurium
3075 939 3434 1010 perditorum
3483 940 3716 1000 animos

2071 1026 2179 1082 sibi
2213 1026 2565 1097 conciliavit,
2598 1027 2776 1100 idque
2806 1033 3159 1084 consecutus
3188 1034 3277 1085 est
3312 1035 3378 1084 ut
3404 1029 3585 1086 victos
3608 1031 3715 1088 ho-

2070 1120 2188 1171 stes
2211 1117 2281 1173 ad
2305 1116 2650 1173 catholicam
2671 1118 2841 1173 iidem
2866 1116 3330 1189 amplectendam
3355 1126 3714 1190 provocarat.

2069 1204 2203 1269 Qua
2237 1208 2489 1276 profecto
2513 1223 2603 1262 res
2624 1206 2961 1261 hominibus
2985 1208 3203 1263 nostris
3225 1206 3574 1265 dueumento
3587 1225 3716 1266 esse

2070 1294 2260 1361 debet,
2294 1296 2429 1352 licet
2468 1296 2536 1351 ad
2585 1298 2999 1353 convertendae
3047 1297 3119 1352 ad
3159 1296 3454 1353 Christum
3487 1297 3717 1356 animas

2070 1383 2288 1455 ingenii
2336 1400 2402 1440 ac
2449 1385 2722 1443 doctrina
2775 1385 3043 1457 praesidia
3084 1390 3482 1457 requirantur,
3520 1390 3713 1445 tamen

2071 1478 2380 1544 conspecta
2408 1474 2535 1529 vita
2569 1490 2917 1546 morumque
2964 1474 3302 1531 innocentia
3351 1481 3408 1531 et
3435 1475 3718 1547 patientia

2071 1563 2201 1633 plus
2233 1562 2417 1621 multo
2448 1579 2623 1637 quam
2654 1563 2865 1621 litteris
2887 1568 2988 1620 aut
3013 1562 3544 1619 concertationibus
3582 1578 3712 1636 pro-

2070 1649 2185 1706 ﬁci.

2073 1804 2379 1869 CXXXVII.
2434 1816 2715 1870 Permolus
2764 1814 3011 1880 Gregorii
3049 1815 3203 1885 fama
3249 1813 3634 1885 Hieronymus,
3684 1830 3721 1885 α

2140 1887 2309 2011 syria
2358 1886 2884 1959 ConstantinOpotim
2929 1883 3098 1955 venit,
3150 1893 3209 1940 ut
3248 1886 3367 1958 ejus
3417 1883 3513 1940 rint
3554 1883 3717 1940 disci-

2144 1973 2217 2028 pu
2246 1973 2324 2013 us.

2144 2101 2253 2157 Tot
2282 2105 2340 2157 et
2366 2105 2487 2157 tam
2515 2100 2785 2173 praclare
2835 2100 3043 2171 pieque
3073 2099 3250 2155 rebus
3291 2098 3472 2170 gestis
3502 2098 3720 2169 Grego-

2075 2190 2146 2246 rii
2181 2191 2333 2245 fama
2357 2190 2526 2262 longe
2557 2190 2787 2261 lateque
2809 2189 3022 2245 diffusa
3050 2194 3161 2251 est.
3183 2187 3326 2244 adeo
3350 2193 3413 2243 ut
3444 2186 3721 2259 Hierony-

2079 2296 2211 2336 mus
2240 2297 2271 2335 e
2299 2280 2482 2353 Syria,
2514 2286 2632 2335 tam
2665 2278 2981 2351 longinquo
3012 2284 3297 2335 terrarum
3330 2276 3542 2346 spatio,
3571 2278 3720 2331 Gono

2076 2370 2251 2427 stanti
2263 2368 2515 2442 nepolim
2530 2385 2594 2425 se
2614 2369 2945 2426 contulerit.
2970 2390 2996 2420 «ο
3025 2368 3135 2423 Res
3150 2366 3318 2438 plane
3334 2366 3402 2421 ad
3414 2364 3722 2422 miratione

2075 2459 2254 2532 digna
2278 2464 2388 2526 est,
2424 2481 2451 2507 ››
2479 2464 2543 2514 ut
2572 2475 2701 2513 cum
2728 2457 2967 2514 Baronio
2990 2456 3198 2528 loquar
3224 2460 3316 2527 (ο),
3348 2476 3375 2508 ιι
3396 2455 3716 2527 hominem,

2077 2564 2247 2620 quem
2280 2548 2352 2603 ob
2384 2549 2676 2619 insignem
2727 2546 3110 2602 eruditionem
3156 2544 3527 2600 consulerent
3557 2543 3719 2599 Occi-

2076 2637 2336 2693 dentales
2365 2636 2644 2708 episcopi,
2678 2641 2775 2707 qui
2807 2636 3006 2691 orbem
3037 2634 3288 2700 doceret,
3317 2639 3437 2690 tam
3460 2632 3635 2705 longa
3663 2636 3721 2689 et

2078 2726 2337 2783 difﬁcilia
2366 2726 2577 2782 itinera
2607 2742 2964 2798 peragrasse,
3000 2729 3065 2779 ut
3093 2722 3349 2796 Gregorii
3378 2727 3715 2790 mereretur,

2075 2832 2204 2873 esse
2235 2815 2485 2884 auditor;
2518 2831 2584 2873 ac
2606 2815 2717 2871 sub
2740 2819 2902 2870 tanto
2934 2812 3213 2884 magistro
3248 2816 3443 2883 posset
3464 2808 3719 2883 proﬁteri

2077 2904 2471 2976 discipulum:
2507 2904 2641 2958 inde
2672 2902 2783 2958 sibi
2814 2917 3113 2957 summum
3150 2899 3346 2971 gloria
3378 2900 3557 2954 decus
3581 2915 3720 2953 con-

2076 2991 2272 3050 ciliatu
2284 3007 2411 3047 rum
2431 2990 2773 3048 existimans
2785 2998 2918 3045 etim
2942 2989 3271 3045 accessione
3284 2987 3579 3043 doctrina.
3602 2986 3721 3043 Imo

2077 3100 2143 3138 eo
2174 3080 2432 3148 nomine,
2465 3086 2531 3135 ut
2560 3080 2854 3152 regalibus
2886 3077 3242 3150 quibusdam
3292 3076 3624 3147 insignibus
3655 3090 3722 3130 ac

2075 3170 2522 3244 praeclarissimo
2546 3171 2797 3241 quodam
2823 3171 3187 3231 ornamento,
3213 3165 3449 3237 gloriari
3482 3176 3724 3220 consue-

2075 3261 2175 3317 vit.
2213 3282 2240 3311 ι(
2262 3260 2379 3331 Ego
2396 3276 2461 3315 eo
2487 3259 2765 3330 magistro
2787 3256 3003 3328 glorior
3022 3262 3077 3311 et
3098 3253 3343 3323 exsulto,
3371 3276 3398 3304 ι)
3424 3253 3633 3326 inquit.
3655 3248 3725 3307 Et

2077 3351 2147 3406 ad
2181 3346 2618 3405 Pammachium
2651 3346 2913 3402 scribens
2942 3342 3041 3418 (ά),
3075 3361 3136 3400 se
3176 3360 3242 3399 eo
3273 3340 3600 3414 explicante
3630 3352 3723 3396 sa-

2078 3450 2205 3495 cras
2235 3437 2511 3493 didicisse
2542 3436 2874 3508 Scripturas
2905 3435 3181 3499 afﬁrmat,
3211 3447 3464 3505 eumque
3509 3442 3726 3503 prace-

2078 3535 2303 3600 ptorem
2338 3542 2511 3582 suum
2544 3522 2816 3598 appellat.
2853 3526 3177 3594 Praceptor
3204 3521 3501 3592 quondam
3536 3526 3723 3588 meus,

2078 3616 2392 3688 Gregorius
2441 3612 2859 3679 Nazianzenus,
2910 3612 3102 3683 inquit
3150 3615 3386 3680 rogatus
3431 3624 3464 3661 a
3511 3623 3603 3661 me
3661 3600 3725 3660 ut

2077 3709 2388 3777 exponeret
2413 3702 2551 3776 quid
2586 3702 2694 3757 sibi
2738 3700 2911 3755 vellet
2948 3699 3004 3753 in
3037 3698 3191 3753 Luca
3238 3698 3311 3767 (ε)
3355 3690 3727 3767 δευτερόπρω-

2075 3814 2166 3849 τον
2201 3792 2497 3866 eleganter
2525 3790 2703 3857 lusit;
2737 3812 2764 3840 ‹‹
2799 3788 3027 3844 Docebo
3058 3794 3132 3855 te,
3168 3805 3193 3835 ι)
3228 3784 3525 3857 inquiens,
3565 3800 3591 3833 ιι
3621 3788 3726 3866 su-

2080 3900 2183 3956 per
2212 3860 2324 3937 hac
2347 3898 2406 3937 re
2453 3880 2513 3935 in
2543 3866 2806 3942 ecclesia,
2855 3876 2913 3931 in
2960 3892 3073 3947 qua
3124 3870 3267 3929 mihi
3301 3870 3461 3927 omni
3508 3860 3725 3940 populo

2079 3971 2457 4038 acclamante,
2490 3967 2713 4040 cogeris
2743 3965 2960 4022 invitus
2991 3965 3139 4020 scire
3170 3959 3325 4034 quod
3359 3956 3590 4015 nescis:
3625 3956 3728 4011 aut

1962 4050 1967 4122 ξ
2078 4065 2231 4117 certe
2262 4060 2309 4116 si
2341 4059 2501 4114 solus
2531 4054 2804 4122 tacueris,
2839 4053 2999 4109 solus
3031 4053 3102 4107 ab
3143 4049 3416 4106 omnibus
3465 4043 3725 4103 stultitia

2077 4148 2579 4207 condemnaberis.
2612 4168 2631 4195 «ι
2660 4146 2781 4210 Quo
2814 4149 3073 4214 tempore
3096 4139 3427 4195 adharebat
3449 4132 3726 4208 Gregorio

2077 4238 2485 4312 Hieronymus,
2503 4236 2664 4290 tanto
2686 4234 2830 4288 duce
2853 4248 2917 4286 ac
2943 4231 3224 4303 magistro
3246 4223 3727 4283 obscurissimam

2078 4329 2357 4385 visionem
2388 4326 2547 4381 illam
2581 4324 2736 4379 Isaia
2768 4322 2838 4377 de
2867 4320 3166 4392 Seraphim
3199 4328 3504 4389 exponere,
3536 4317 3728 4368 tentaa

2077 4418 2176 4486 vit,
2210 4422 2274 4471 ut
2302 4416 2352 4471 is
2382 4413 2507 4487 ipse
2537 4406 2728 4468 verbis
2764 4416 3011 4466 testatur
3039 4409 3142 4479 (f):
3186 4429 3215 4458 «
3249 4406 3325 4461 De
3357 4407 3463 4459 hac
3508 4400 3729 4487 visione

2080 4512 2213 4564 ante
2244 4486 2429 4561 annos
2453 4502 2681 4560 circiter
2711 4499 2970 4572 triginta,
3003 4514 3136 4553 cum
3179 4510 3366 4551 essem
3396 4486 3729 4548 Constanti-

314 4591 645 4647 ascribendi
678 4596 837 4646 sunt.
871 4591 987 4647 Hos
1020 4591 1347 4645 uberrimos
1379 4591 1810 4663 pradicationis
1851 4590 1971 4645 fru-
2001 4606 2048 4673 ι)
2079 4595 2295 4669 ηυροὶί,
2330 4598 2386 4650 et
2416 4593 2567 4666 apud
2591 4592 2779 4646 virum
2806 4586 3351 4660 eloquentissimum
3384 4577 3729 4652 Gregorium

313 4686 445 4735 ctus
482 4681 758 4752 percepit,
787 4679 885 4735 illo
925 4681 1100 4735 dante
1147 4679 1722 4738 incrementum“._«
1756 4679 1834 4751 (ὁ)
1868 4680 1966 4750 qui

312 4782 632 4841 pauperem
660 4769 800 4824 iacit
822 4775 879 4824 et
898 4770 1067 4835 ditat,
1092 4769 1189 4840 qui
1226 4769 1535 4823 mortillcat
1554 4773 1611 4822 et
1630 4767 1879 4823 vivillcat
1898 4768 1967 4835 τ’,

313 4858 419 4930 qui
454 4857 579 4913 sola
606 4857 903 4913 voluntate
932 4859 1132 4913 omnia
1164 4858 1298 4911 facit
1330 4862 1387 4911 et
1420 4858 1759 4911 immutat...
1793 4855 1968 4927 idque

309 4948 665 5021 plerumque
687 4946 1027 5016 uniusjusti
1050 4947 1336 5001 diuturna
1360 4945 1761 5017 persecutione
1783 4945 1969 4999 vexati

306 5037 586 5110 precibus
617 5046 939 5107 permotus.
976 5055 1003 5085 ››
1034 5032 1135 5089 Vir
1179 5033 1276 5090 ille
1307 5035 1430 5106 ipse
1480 5034 1590 5088 fuit
1617 5034 1968 5107 Theologus,

306 5125 409 5198 qui
446 5124 728 5178 diuturna
759 5122 1107 5178 Arianorum
1137 5121 1541 5195 persecutione
1562 5128 1833 5190 vexatus;
1868 5122 1969 5194 qui

304 5228 421 5270 non
440 5214 615 5269 modo
628 5212 914 5281 dicteriis,
929 5213 1378 5283 scommatibus,
1394 5211 1971 5282 calumniis,injuriis

374 5340 422 5375 τί
458 5338 477 5393 1
508 5337 639 5394 Cor.
684 5354 740 5406 ν,
770 5338 825 5391 6.
900 5336 948 5371 τ’
996 5337 1014 5392 Ι
1048 5341 1185 5409 Reg.
1246 5354 1310 5406 ιι,
1342 5337 1397 5393 7.
1472 5337 1519 5371 ⁷³
1550 5340 1677 5392 Act.
1726 5352 1850 5405 vm,
1879 5336 1970 5394 59.

403 5485 468 5546 α)
498 5479 595 5534 Or.
630 5479 725 5544 33,
758 5494 816 5532 n.
851 5479 940 5534 15.

403 5485 468 5546 α)
498 5483 595 5534 0r.
630 5483 725 5544 33,
758 5494 816 5532 n.
851 5483 894 5533 1Ξ

377 5483 463 5623 ἱὺ)
495 5551 590 5607 0r.
627 5551 719 5623 4‘3,
751 5567 807 5623 ηε
840 5551 894 5603 5.

404 5625 458 5751 (ἓ
485 5623 656 5703 Apud
688 5620 856 5686 Boll.,
885 5620 921 5674 9
952 5620 1106 5691 Maii,
1138 5636 1194 5693 p.
1228 5620 1354 5677 402.

453 5695 470 5751 l
498 5695 687 5751 Epist.
717 5692 793 5749 ad
822 5692 1159 5750 Pammach.

382 5629 458 5769 E2
485 5629 656 5703 Apud
688 5629 856 5686 13011.,
885 5629 921 5674 9
952 5629 1106 5691 Maii,
1138 5636 1159 5693 ε

452 5695 470 5769 )
498 5695 687 5767 Epist.
717 5692 793 5749 ad
822 5692 1159 5750 Pammach.

2077 4687 2528 4747 Nazianzenum,
2558 4688 2699 4736 tunc
2720 4681 2846 4750 ejus
2878 4676 3041 4732 urbis
3063 4675 3401 4746 episc0pum
3436 4672 3727 4735 sanctum,

2076 4776 2511 4848 scripturarum
2544 4769 2756 4824 studiis
2788 4767 3072 4832 erudirer,
3106 4762 3225 4817 scio
3261 4777 3352 4814 me
3386 4756 3613 4813 brevem
3642 4756 3730 4810 di-

2079 4872 2267 4922 ctasse
2298 4861 2679 4929 subitumque
2704 4860 3039 4919 tractatum,
3067 4856 3130 4906 ut
3150 4852 3611 4920 experimentum
3643 4860 3731 4899 ca-

2079 4970 2275 5029 perem
2320 4945 2598 5020 ingenioli
2651 4945 2786 5009 mei,
2837 4947 2894 4998 et
2951 4940 3156 4996 amicis
3196 4936 3543 5009 jubentibus
3596 4935 3732 5029 obed

2082 5022 2289 5100 direm.
2323 5060 2355 5094 ιι
2409 5039 2728 5109 Episcopus
2760 5049 2896 5104 ergo
2927 5037 3066 5085 tunc
3097 5031 3221 5083 erat
3250 5026 3564 5097 Gregorius
3594 5022 3737 5077 Con-

2080 5126 2506 5202 stantinopolis,
2549 5139 2683 5180 cum
2717 5138 2783 5177 eo
2819 5118 3099 5191 magistro
3140 5131 3284 5171 usus
3315 5119 3405 5169 est
3450 5111 3731 5183 Hierony-

2082 5239 2235 5287 mus,
2270 5226 2334 5275 ut
2388 5217 2514 5289 ipse
2570 5211 2819 5276 asserit;
2879 5207 3061 5280 quisi
3112 5205 3170 5260 in
3222 5204 3371 5259 hanc
3422 5203 3622 5257 urbem
3676 5212 3738 5257 se

2080 5307 2393 5367 contulerit
2425 5322 2577 5360 anno
2609 5301 2735 5368 379,
2769 5302 2833 5354 ut
2865 5300 3029 5370 putat
3058 5291 3366 5359 Beronius,
3392 5302 3628 5346 necesse
3650 5292 3741 5345 est

2153 5472 2223 5552 (ε)
2252 5467 2513 5552 Primum
2566 5479 2599 5516 a
2628 5456 3042 5552 ndipLsecundo
3063 5451 3612 5552 sapui‘onrudmnalbm
3629 5449 3739 5552 hac

2082 5523 2237 5599 enim
2263 5540 2354 5594 die
2383 5541 2604 5606 septem
2628 5531 2899 5596 Sabbata,
2923 5530 3043 5583 sive
3063 5523 3209 5597 sep't.
3235 5523 3612 5580 bebdomada
3635 5535 3738 5574 nu-

2084 5612 2376 5669 meranda
2408 5610 2593 5663 erant.

2155 5686 2222 5756 (/)
2254 5686 2475 5739 Comm.
2500 5679 2560 5733 in
2589 5676 2721 5745 1.90.,
2756 5684 2808 5728 c.
2839 5672 2895 5726 6.
