4152 6208
1738 334 1923 396 VITA
1971 335 2036 393 8.
2086 331 2488 394 GREGORII.

3697 328 3818 388 220

408 471 475 523 ut
503 466 693 522 tribus
743 466 859 521 fere
889 466 1058 520 annis
1108 464 1162 518 in
1196 464 1303 520 hac
1351 465 1493 519 urbe
1539 469 1832 520 versatum
1868 464 2048 519 fuisse
2079 465 2124 530 Α
2159 466 2396 518 teretur.
2432 463 2638 517 Redux
2685 478 2753 517 ex
2802 460 3027 524 itinere,
3070 457 3491 528 benignissime
3532 457 3745 513 iterum
3788 477 3821 514 a

410 557 796 628 Hieronymus
867 555 1293 609 concedamus:
1375 571 1525 607 anno
1604 554 1893 625 siquidem
1945 554 2043 607 381

405 645 718 715 Gregorius
750 643 927 713 hujus
959 642 1119 697 urbis
1157 642 1416 698 Ecclesiae
1462 643 1766 715 praefectus
1811 649 1899 698 est
1928 643 2046 713 epi-

400 751 631 805 scopus.
671 734 729 786 ld
767 749 879 787 non
913 748 1062 803 aegre
1096 732 1340 787 Baronio
1357 733 1832 800 concederemus,
1858 732 1904 787 si
1932 749 2047 787 sua

402 822 693 894 Opinionis
742 822 939 877 firmas
990 821 1220 877 alferret
1270 822 1560 889 rationes;
1613 839 1813 877 verum
1858 820 2049 876 nullas

400 913 586 968 affert.

466 1045 799 1103 CXXXVIII.
836 1045 957 1100 θνα
981 1048 1127 1099 inter
1153 1045 1483 1100 orthodoxa:
1512 1045 1729 1100 dissidii
1746 1047 2047 1115 occasione,

469 1118 722 1190 haeretici
775 1119 905 1190 ipsis
938 1118 1270 1190 rinsuttandi
1312 1135 1502 1172 ansam
1547 1119 1861 1189 arripiunt,
1921 1134 2051 1190 quos

474 1189 770 1260 Gregorius
798 1188 1035 1261 refellit.

474 1316 700 1369 Interea
728 1312 1039 1368 dissidium
1075 1313 1224 1368 inter
1252 1313 1602 1368 orthodoxos
1632 1311 2048 1368 Constantino-

402 1403 517 1476 poli
551 1409 813 1458 exortum
845 1407 952 1463 est.
982 1404 1133 1457 unde
1156 1403 1299 1474 ipsis
1331 1402 1656 1458 insultandi
1682 1419 1883 1457 ansam
1904 1401 2048 1457 arri-

402 1493 641 1566 piebant
693 1491 966 1561 heretici,
1018 1508 1163 1563 quos
1213 1492 1441 1563 gemina
1490 1494 1746 1547 oratione
1800 1493 1871 1546 De
1914 1508 2049 1562 pace

400 1581 609 1637 refellit
635 1580 985 1651 Theologus.
1015 1580 1332 1635 Dissidium
1369 1581 1509 1635 illud
1542 1599 1654 1636 non
1686 1581 1842 1636 aliud
1879 1581 2047 1636 nobis

399 1670 630 1726 videtur
661 1669 861 1736 fuisse,
906 1686 1079 1740 quam
1131 1669 1341 1725 Mcletii
1390 1676 1448 1725 et
1480 1670 1701 1724 Paulini
1752 1671 1819 1725 de
1850 1670 2045 1725 Antio-

400 1760 584 1815 cheno
616 1758 951 1830 episcopatu
985 1758 1300 1825 contentio,
1350 1761 1518 1829 cujus
1549 1776 1727 1815 causa
1760 1777 1869 1814 non
1907 1760 2046 1814 urbs

2160 552 2433 623 Gregorio
2482 551 2821 623 suscipitur,
2872 549 3022 603 inter
3078 548 3298 602 amicos
3360 552 3702 601 numeratur
3764 554 3823 604 et

2164 640 2463 696 beneficiis
2494 639 2841 695 cumulatur.
2888 636 3128 693 Fallitur
3159 643 3351 691 tamen
3405 633 3662 707 Gregorii
3692 640 3819 692 vita

2159 732 2566 802 scriptor,cum
2582 730 2662 785 ait
2678 728 2994 783 Maximum
3011 727 3081 781 ab
3095 725 3233 781 eoin
3251 724 3470 779 clerum
3489 726 3815 796 ascriptum

2160 819 2362 875 fuisse.
2394 820 2557 874 Tunc
2588 818 2745 874 enim
2774 817 3027 889 primum
3063 815 3347 887 prolixam
3381 832 3611 870 comam
3643 815 3817 887 depo-

2159 909 2298 977 suit,
2330 925 2464 965 cum
2494 907 2805 980 episcopus
2835 923 2869 961 a
2900 904 3023 960 suis
3054 904 3162 960 fuit
3196 903 3529 959 ordinatus.

2160 1106 2318 1172 CXL,
2350 1104 2533 1161 CXLI.
2567 1104 2897 1175 Gregorium
2926 1118 2955 1157 e
2984 1117 3083 1155 sua
3099 1100 3229 1175 sede
3262 1101 3564 1175 deturbare
3593 1117 3822 1175 eamque

2232 1176 2487 1232 invadere
2519 1171 2690 1230 leniat
2737 1174 3034 1228 Maximus.
3083 1171 3216 1226 Cum
3245 1188 3406 1226 suum
3442 1171 3623 1227 scelw
3653 1173 3818 1241 perﬁ-

2229 1257 2370 1303 ceret
2396 1248 2685 1312 Maximus,
2727 1246 2987 1316 aperique
3034 1244 3391 1310 incumberet,
3428 1244 3816 1316 deprehensus,

2228 1321 2427 1391 ejectus
2457 1324 2534 1375 est
2566 1320 2813 1373 civitate.

2228 1462 2449 1527 Quibus
2478 1460 2627 1516 dolis
2658 1464 2715 1515 et
2757 1459 3061 1514 fraudibus
3106 1457 3395 1513 nefarium
3429 1458 3582 1512 istud
3616 1457 3811 1511 consi-

2159 1551 2328 1615 lium,
2361 1551 2513 1622 quod
2548 1550 2673 1619 jam
2725 1548 2823 1603 diu
2877 1552 3070 1602 mente
3120 1554 3482 1618 conceperal,
3536 1546 3815 1617 perficere

2158 1647 2402 1697 conatus
2434 1639 2507 1693 sit
2540 1638 2715 1694 homo
2749 1636 3171 1707 nequissimus,
3205 1635 3375 1706 longe
3415 1634 3647 1704 lateque
3679 1650 3813 1704 pro-

2158 1728 2426 1801 sequitur
2455 1728 2767 1799 Gregorius
2814 1726 2871 1779 in
2904 1723 3161 1779 carmine
3205 1724 3278 1777 De
3328 1725 3443 1777 vita
3471 1738 3574 1777 sua
3596 1740 3615 1775 :
3645 1722 3813 1776 nobis

406 1811 577 1815 ηπ-
723 1811 949 1830 ητηρ
1357 1811 1514 1829 ηυρ-
1556 1811 1726 1815 ηη--
1762 1811 1865 1814 ην-
1915 1811 2041 1814 νη-
2344 1817 2355 1829 ,
3126 1813 3136 1822 .
3315 1813 3323 1821 .
3377 1812 3385 1819 .

404 1849 575 1905 modo
606 1848 1268 1919 Constantinopolitana,
1299 1866 1499 1903 verum
1532 1850 1707 1904 etiam
1740 1850 1898 1904 orbis
1931 1850 2055 1904 uni-
2086 1838 2126 1902 Β
2158 1826 2239 1919 ﬁt“
2278 1824 2389 1918 εἴητ’
2437 1833 2667 1919 δυξξξωθ
2726 1830 2918 1919 rerum
2973 1830 3145 1919 siqui
3196 1812 3460 1919 ῖθθυξξξς

402 1954 606 1993 versus
639 1938 927 1992 contraria
958 1938 1013 1991 in
1047 1939 1240 1992 studia
1282 1939 1655 1993 scindebatur
1711 1940 1789 1994 De
1837 1939 1928 1993 his
1960 1939 2047 1993 di-

406 2032 565 2083 ctum
584 2026 726 2081 satis
744 2026 801 2080 in
828 2027 1046 2081 monito
1063 2028 1131 2081 ad
1160 2033 1466 2098 utramque
1483 2028 1801 2082 orationem
1825 2046 1838 2094 ;
1864 2045 1953 2082 am
1965 2031 2051 2082 δίε

403 2115 560 2171 enim
583 2121 721 2169 sunt
742 2116 812 2169 de
828 2116 1029 2169 eodem
1054 2122 1419 2187 argumento.
1438 2117 1631 2170 Altera
1653 2116 1957 2187 theologus
1976 2117 2048 2171 ad

402 2218 602 2277 pacem
652 2203 1065 2258 dissentientes
1116 2204 1400 2268 hortatur,
1448 2205 1628 2259 altera
1666 2207 2047 2277 compositam

402 2309 603 2365 pacem
657 2292 1003 2363 gratulatur.
1052 2293 1208 2348 Alias
1256 2295 1548 2349 orationes
1602 2295 1808 2350 habuit
1846 2295 2048 2349 eodem

403 2398 557 2436 anno
586 2380 690 2435 379
721 2382 808 2436 Gr~
833 2382 1055 2452 gorius,
1090 2383 1191 2438 sed
1224 2384 1293 2438 de
1327 2384 1415 2439 his
1446 2384 1812 2440 commodius
1843 2384 1900 2439 in
1935 2401 2052 2439 mo-

401 2470 544 2527 nitis
574 2470 783 2542 cuique
813 2470 1061 2542 praeviis.

406 2613 799 2689 CXXXIX._+
835 2619 1113 2669 Maximus
1140 2617 1488 2687 philosophus
1529 2617 2049 2689 Constantinopolim

480 2688 645 2740 venit.
684 2686 843 2758 Quis_
865 2692 915 2739 et
949 2689 1129 2756 qualis
1180 2686 1474 2743 Maximus.
1526 2686 1921 2758 Benigmssime
1950 2706 2050 2744 ex-

478 2759 684 2825 cipitur
729 2773 762 2808 a
812 2756 1086 2824 Gregorio,
1138 2776 1297 2826 quem
1346 2761 1491 2813 dolis
1534 2770 1585 2815 et
1632 2756 1935 2815 mendaciis
1974 2764 2054 2815 ita

477 2826 698 2897 decipit,
730 2833 788 2879 ut
821 2829 881 2881 in
902 2828 1016 2897 ejus
1048 2830 1265 2884 laudem
1296 2832 1547 2885 habuerit
1577 2834 1898 2887 orationem.

477 2961 616 3015 Acto
644 2965 729 3014 tot
755 2962 1201 3031 tempestatibus
1234 2963 1506 3035 Gregorio
1555 2963 1670 3018 alia
1700 2962 1891 3018 adhuc
1922 2979 2054 3035 gra-

408 3048 532 3103 vior
559 3053 616 3103 et
647 3048 947 3104 molestior
992 3052 1361 3118 supervenit:
1415 3054 1484 3107 de
1516 3053 1906 3107 turbamentis
1947 3053 2053 3107 Ec-

412 3138 601 3194 clesia:
656 3139 1304 3211 Constantinopolitanae
1371 3160 1404 3197 a
1479 3144 1726 3197 Maximo
1794 3142 2055 3198 excitatis

412 3244 565 3283 anno
595 3227 699 3281 380
730 3202 1053 3299 loquimur:
1084 3230 1407 3286 Laetissima
1439 3232 1675 3303 quidem
1708 3231 1742 3286 b
1773 3232 1885 3303 'jus
1916 3232 2052 3286 anni
2085 3202 2129 3268 δ

418 3318 650 3371 fuerant
682 3316 865 3372 initia.
908 3319 981 3389 (a)
1008 3320 1374 3375 Theodosius
1420 3321 1757 3391 imperator,
1795 3322 1920 3391 jam
1953 3321 2057 3375 de-

414 3405 646 3460 bellatis
694 3405 965 3461 hostibus
1014 3407 1359 3479 firmatoque
1404 3410 1569 3478 solio,
1623 3410 1947 3481 baptizatus
1987 3409 2057 3464 ab

412 3495 683 3551 Ascbolio
726 3495 1229 3552 Thessalonicensi
1278 3498 1549 3569 episcopo
1597 3486 1901 3562 catholico.
1936 3498 2059 3570 lege

413 3585 551 3639 data
579 3587 649 3640 28
682 3584 999 3652 Februarii,
1056 3587 1227 3641 fidem
1279 3604 1455 3657 quam
1506 3588 1795 3643 Damasus
1844 3589 2057 3657 Romae,

417 3674 621 3729 Petrus
651 3674 1007 3729 Alexandriae
1041 3675 1468 3746 profiterentur,
1510 3678 1820 3731 tenendam
1856 3694 2059 3732 sanxe-

413 3770 524 3818 rat.
563 3764 800 3818 Mutatis
829 3763 887 3817 in
922 3763 1132 3819 melius
1164 3764 1594 3820 Catholicorum
1638 3768 1831 3837 rebus,
1866 3766 2062 3837 aliqua

413 3852 687 3923 Gregorio
713 3868 848 3923 spes
878 3858 1003 3907 erat
1033 3870 1094 3908 se
1124 3855 1357 3908 tandem
1385 3870 1521 3925 pace
1553 3854 1893 3921 fruiturum,
1927 3870 2059 3910 cum

416 3942 705 3999 Maximus
738 3959 943 3997 novam
981 3946 1039 3997 et
1079 3943 1551 4013 periculosiorem
1599 3943 1809 3998 excitat
1840 3950 2061 4016 tempe-

417 4038 647 4086 statem.
683 4030 874 4085 Patria
918 4031 967 4085 is
1011 4032 1431 4087 Alexandrinus
1478 4037 1619 4102 erat,
1656 4033 2060 4105 philosophus,

416 4126 577 4175 secta
627 4120 887 4189 cynicus,
961 4120 1339 4190 professione,
1402 4122 1600 4177 habitu
1665 4129 1722 4177 et
1779 4123 2060 4181 moribus.

418 4206 980 4277 Constantinopolim
1007 4217 1262 4275 venerat,
1286 4211 1489 4266 habitu
1519 4212 1798 4284 corporis,
1836 4210 2060 4279 baculo,

418 4293 618 4365 pallio,
652 4293 832 4347 barba
878 4300 934 4349 et
977 4295 1199 4365 prolixa
1246 4315 1412 4353 coma
1458 4305 1758 4355 ostentans
1808 4299 2064 4371 philoso-

421 4383 626 4456 phum,
675 4382 866 4437 verbis
913 4388 1107 4439 autem
1151 4386 1587 4455 Christianum;
1635 4396 1956 4459 martyrum
2000 4389 2064 4443 fi-

420 4469 589 4536 lium,
639 4487 817 4541 seque
866 4478 1177 4544 martyrem
1218 4474 1536 4543 jactitans;
1588 4476 1881 4531 catholicas
1930 4477 2063 4532 ﬁdei

2159 1908 2475 1971 Maximus,
2504 1906 2581 1977 (ὁ)
2615 1927 2641 1954 ‹‹
2676 1904 2898 1975 peritus
2931 1901 3215 1957 scelerum
3252 1902 3460 1955 artifex
3496 1904 3555 1954 et
3589 1898 3817 1953 machi-

2160 2004 2350 2063 nator,
2396 2018 2424 2044 »
2470 1996 2593 2049 suis
2650 1991 2971 2048 mendaciis
3018 1989 3399 2045 circumvenit
3429 1988 3816 2057 Theologum.

2157 2086 2347 2139 virum
2406 2084 2745 2149 candidum,
2807 2080 3049 2135 minime
3121 2079 3508 2150 suspicacem,
3565 2077 3818 2147 aliisque

2158 2174 2330 2243 longe
2371 2172 2596 2227 artibus
2646 2178 2993 2241 occupatum
3046 2173 3103 2223 et
3148 2173 3469 2235 assuetum,
3521 2183 3628 2220 sua
3676 2181 3810 2218 eum

2160 2263 2295 2318 sede
2325 2262 2656 2322 deturbare.
2703 2266 2761 2313 et
2792 2274 2919 2313 eam
2968 2257 3241 2311 invadere
3278 2254 3629 2327 aggreditur.
3664 2253 3810 2308 Huic

2160 2372 2221 2409 se
2278 2352 2518 2407 facinori
2580 2354 2895 2421 aptaverat,
2954 2347 3263 2402 avertendo
3322 2345 3602 2417 paulatim
3662 2360 3803 2398 non-

2160 2442 2355 2499 nullos
2385 2459 2417 2495 a
2446 2438 2740 2509 Gregorio,
2791 2454 2938 2509 quos
2971 2437 3041 2491 ab
3092 2436 3217 2506 ipso
3267 2435 3487 2489 alienos
3530 2436 3804 2499 noverat;

2161 2530 2500 2587 asciscendo
2531 2527 2642 2583 sibi
2694 2526 2931 2582 sceleris
2980 2532 3306 2581 consortem
3340 2541 3371 2579 e
3420 2522 3677 2594 Gregorii
3713 2538 3804 2576 sa-

2160 2620 2494 2676 cerdotibus
2526 2632 2731 2679 unum,
2786 2614 3019 2669 natione
3071 2615 3383 2692 barbarum
3430 2617 3486 2667 et
3521 2611 3808 2675 moribus,

2162 2709 2259 2781 qui
2315 2706 2445 2761 licet
2497 2703 2792 2759 beneficiis
2839 2720 2871 2757 a
2921 2701 3194 2771 Gregorio
3239 2700 3595 2762 cumulatus,
3638 2697 3811 2753 veteri

2162 2799 2219 2853 in
2253 2812 2383 2851 eum
2416 2795 2547 2849 odio
2579 2799 2635 2847 et
2686 2791 2903 2847 invidia
2951 2792 3243 2845 urebatur.
3279 2790 3342 2844 Hi
3398 2790 3568 2843 ambo
3601 2786 3814 2859 ingrati

2163 2892 2365 2942 contra
2395 2883 2736 2955 Gregorium
2778 2898 2895 2935 una
2930 2884 3277 2949 conjurant;
3312 2879 3463 2932 viros
3510 2876 3817 2932 seditiosos

2163 2979 2222 3032 et
2259 2974 2329 3028 ad
2365 2972 2665 3044 quodlibet
2710 2969 2901 3025 scelus
2935 2975 3189 3040 paratos.
3219 2974 3547 3037 nautasque
3591 2970 3820 3036 emptos

2166 3062 2414 3136 pecunia
2458 3061 2527 3115 ad
2569 3076 2633 3114 se
2681 3065 3019 3113 convocant.
3072 3055 3380 3111 Pecuniam
3430 3052 3824 3124 suppeditavit

2167 3153 2405 3224 quidam
2441 3150 2763 3220 presbyter,
2797 3147 2897 3218 qui
2948 3163 3014 3201 ex
3064 3146 3219 3202 Naxo
3251 3143 3445 3200 insula
3491 3141 3822 3197 Constanti-

2169 3238 2427 3312 nopolim
2460 3242 2697 3292 venerat
2726 3236 2795 3290 ad
2829 3235 3107 3290 emendas
3140 3250 3240 3305 pro
3270 3232 3525 3288 ecclesiae
3556 3248 3673 3287 suae
3708 3247 3820 3285 usu

2168 3327 2479 3384 marmoris
2514 3325 2842 3380 Proconesii
2902 3322 3154 3378 tabulas.
3190 3322 3423 3377 Petrum
3471 3318 3818 3375 Alexandri-

2167 3434 2308 3472 num
2351 3433 2385 3471 a
2414 3414 2689 3485 Gregorio
2721 3411 3026 3479 divellunt,
3064 3417 3119 3466 et
3164 3412 3219 3464 in
3269 3427 3435 3465 suam
3469 3400 3818 3464 sententiam

2168 3506 2543 3580 pertrahunt;
2590 3508 2842 3569 Petrum,
2892 3503 3156 3572 inquam,
3208 3501 3527 3566 abducunt,
3579 3497 3823 3567 suisque

2170 3596 2476 3651 fraudibus
2539 3591 2871 3662 perficiunt,
2924 3594 2989 3644 ut
3045 3588 3141 3659 qui
3196 3605 3297 3660 per
3352 3586 3578 3641 litteras
3637 3600 3825 3656 nuper

2168 3685 2510 3755 Gregorium
2534 3680 2800 3736 Ecclesia:
2812 3676 3467 3747 Constantinopolitanae
3481 3674 3823 3745 episcopum

2170 3772 2527 3845 praifecerat,
2562 3770 2697 3823 huic
2731 3768 2996 3823 Ecclesiae
3043 3766 3382 3828 Maximum,
3413 3764 3637 3832 abjecto
3684 3762 3824 3817 Gre-

2169 3861 2353 3933 gorio,
2392 3859 2681 3930 praeficere
2714 3857 2959 3916 laboret.
2985 3857 3294 3925 mittatque
3325 3853 3628 3924 episcOpos
3657 3851 3825 3923 Egy-

2172 3950 2349 4022 ptios,
2383 3948 2483 4019 qui
2514 3948 2915 4017 episcopatum
2966 3943 3050 3997 illi
3089 3944 3423 3998 decernant.
3463 3942 3559 3995 His
3609 3940 3691 3994 ita
3725 3956 3823 4010 pa-

2173 4038 2333 4102 ratis,
2360 4040 2483 4107 jam
2521 4036 2667 4089 facto
2700 4051 2848 4105 opus
2895 4039 3039 4099 erat,
3072 4037 3130 4087 et
3158 4037 3416 4086 extrema
3465 4028 3689 4097 sceleri,
3724 4044 3825 4082 seu

2173 4125 2391 4196 iniquis
2424 4122 2737 4185 molitioni,
2770 4139 2982 4177 manus
3009 4120 3390 4177 admovenda.
3427 4118 3565 4172 Rem
3618 4132 3828 4188 aggre—

2173 4214 2416 4269 diuntur
2461 4229 2563 4284 per
2612 4211 2830 4266 amicas
2880 4211 3067 4265 noctis
3107 4208 3401 4275 tenebras,
3435 4213 3827 4278 opportunam

2175 4302 2330 4357 nacti
2360 4301 2752 4364 occasionem,
2785 4315 2917 4354 cum
2943 4297 3256 4369 Gregorius
3287 4296 3345 4350 in
3382 4297 3652 4349 morbum
3684 4293 3830 4348 inci-

2174 4391 2379 4445 disset.
2411 4387 2727 4443 Ecclesiam
2779 4387 3082 4453 invadunt,
3126 4384 3443 4441 Maximum
3494 4398 3833 4438 consecrare

2176 4483 2233 4535 et
2259 4478 2316 4532 in
2350 4477 2562 4532 solium
2593 4474 2876 4532 collocare
2910 4473 3205 4531 festinant.
3233 4473 3397 4528 Prius
3427 4479 3623 4527 tamen
3657 4487 3832 4542 quam

420 4576 599 4616 causa
628 4560 963 4615 verberibus
1013 4578 1251 4625 caesum,
1292 4570 1465 4633 atque
1514 4563 1571 4617 in
1615 4566 1798 4619 oasim
1839 4571 2061 4621 vastam
2098 4564 2138 4628 Ξ)
2172 4566 2577 4632 absolvissent,
2613 4580 2704 4620 res
2742 4570 2862 4619 tam
2908 4563 3129 4619 nefaria
3178 4562 3454 4627 innotuit,
3488 4576 3831 4630 omnesque,

420 4648 583 4704 illam
626 4649 1002 4705 solitudinem
1054 4665 1115 4704 se
1164 4650 1479 4721 relegatum
1535 4652 1714 4707 fuisse
1764 4653 2064 4721 mentitus,

421 4754 554 4793 cum
615 4754 811 4793 revera
868 4738 942 4793 ob
1008 4738 1331 4794 fcedissima
1395 4738 1613 4796 scelera
1679 4740 1736 4795 in
1796 4741 2066 4798 exsilium

422 4828 643 4883 missus
672 4834 845 4892 esset,
882 4834 944 4882 ut
989 4827 1301 4895 Gregorius
1351 4833 1619 4884 testatur.
1659 4830 1817 4893 ‘Quid
1852 4829 2067 4901 plura?

418 4916 731 4988 Gregorius
762 4916 913 4971 dolis
956 4922 1013 4972 et
1062 4917 1382 4973 mendaciis
1430 4920 1707 4989 deceptus
1758 4917 1914 4973 hunc
1956 4919 2067 4973 hu-

422 5005 765 5060 manissime
814 5012 1136 5077 exceperat,
1189 5022 1393 5061 mensa
1447 5012 1504 5061 et
1561 5013 1710 5062 tecto
1768 5007 2069 5078 dignatus,

422 5100 733 5148 veneratus
780 5099 843 5148 ut
884 5100 1218 5166 martyrem,
1267 5101 1325 5149 et
1354 5095 1589 5150 demum
1643 5113 1744 5167 pro
1792 5097 2068 5152 concione

421 5179 727 5237 laudarat:
779 5183 923 5237 dixit
968 5184 1122 5238 enim
1172 5183 1230 5238 in
1281 5183 1512 5239 laudem
1562 5185 1690 5255 ejus
1747 5186 2068 5241 orationem

423 5270 605 5335 illam,
640 5271 731 5325 cui
785 5272 991 5326 titulus
1039 5275 1098 5326 in
1146 5272 1369 5328 laudem
1412 5275 1657 5338 Heronis,
1706 5291 1833 5345 qua:
1876 5275 2069 5329 forsan

424 5364 668 5415 exeunte
699 5377 850 5415 anno
880 5360 985 5413 379
1034 5362 1232 5416 habita
1258 5368 1347 5417 est
1418 5360 1583 5417 Hunc
1614 5361 1726 5416 alio
1778 5364 2071 5434 profectu-

425 5464 557 5503 rum
591 5449 814 5521 rogavit
842 5448 1177 5521 Gregorius,
1209 5454 1275 5505 ut
1295 5449 1859 5522 Constantinopolim
1885 5467 2071 5507 rever-

498 5644 557 5719 a)
582 5644 712 5705 Cod.
748 5644 943 5704 Iheod.
974 5661 1088 5713 ιη,
1117 5644 1172 5704 4.
1204 5644 1244 5702 l.
1272 5648 1326 5701 2.
1358 5662 1417 5718 p.
1449 5645 1539 5703 45.

2175 4673 2291 4712 non
2320 4656 2491 4710 modo
2522 4654 2896 4715 orthodoxos,
2936 4669 3139 4707 verum
3174 4651 3333 4722 ipsos
3375 4649 3548 4704 etiam
3587 4648 3833 4703 Arianos

2177 4744 2415 4799 horrore
2463 4742 2673 4797 affecit.
2724 4741 3080 4797 Concurrere
3128 4755 3333 4795 omnes
3381 4738 3452 4792 ad
3500 4737 3828 4801 ecclesiam,

2175 4832 2621 4903 deprehendunt
2679 4830 2739 4885 in
2796 4845 2945 4901 opus
3015 4828 3349 4901 peregrinos
3428 4825 3831 4879 incumbentes

2175 4921 2504 4991 episcopos,
2538 4918 2594 4973 in
2644 4935 2745 4974 eos
2777 4918 3170 4974 conclamant.
3206 4916 3429 4982 Quibus
3461 4912 3834 4969 conclaman-

2180 5008 2363 5073 tibus,
2400 5008 2691 5063 Maximus
2713 5006 2845 5062 cum
2878 5007 3005 5062 suis
3026 5005 3230 5077 effugit
3258 5002 3540 5076 .‘Egyptiis
3570 5020 3581 5056 :
3616 5008 3742 5056 tum
3772 5000 3833 5056 in

2176 5097 2475 5153 sordidam
2506 5095 2805 5151 Cboraulaa
2834 5094 3251 5151 domunculam
3292 5090 3561 5164 ingressi,
3598 5090 3836 5145 clancu-

2178 5185 2302 5241 lum
2333 5185 2523 5240 scelus
2555 5185 2895 5241 inchoatum
2930 5182 3261 5240 absolvunt.
3299 5183 3423 5235 Haec
3460 5181 3569 5234 fuit
3599 5179 3835 5234 Maximi

2177 5273 2488 5338 ordinatio,
2521 5272 2622 5345 qui
2654 5273 2881 5328 furente
2914 5272 3100 5344 plebe,
3138 5276 3375 5342 totaque
3418 5270 3476 5323 in
3508 5284 3643 5324 eum
3674 5268 3838 5339 plau-

2178 5368 2299 5419 atro
2330 5362 2725 5417 conviciorum
2776 5361 3132 5429 eﬁ‘undente,
3182 5360 3400 5429 ejectus
3446 5363 3537 5413 est
3584 5357 3837 5412 civitate.

2179 5451 2497 5524 Repulsam
2531 5466 2764 5523 quoque
2810 5467 2847 5506 a
2884 5448 3211 5505 Theodosio
3262 5463 3474 5519 passus
3521 5449 3629 5514 est,
3657 5460 3836 5516 quem

2250 5648 2331 5722 (ὸ)
2358 5646 2550 5706 Carm.
2580 5647 2659 5707 De
2688 5646 2807 5705 Vita
2832 5662 2953 5719 sua,
2986 5660 3041 5704 ν.
3076 5644 3236 5703 1000.
