4152 6208
258 351 373 410 121

1602 345 1789 408 VlTA
1837 345 1901 407 Β.
1947 343 2350 409 GBEGORII.

265 501 401 540 cum
435 484 563 539 suis
585 483 873 555 episcopis
921 482 1227 548 Maximus,
1262 498 1430 554 opem
1482 481 1916 552 imploraturus,
1952 481 2000 547 Α
2035 479 2318 536 Chronico.
2353 481 2481 536 Mox
2534 481 2850 551 imperator
2906 495 3023 534 una
3077 493 3210 532 cum
3241 475 3518 547 Gregorio
3547 491 3672 530 ma-

265 573 408 627 adiit
439 573 871 627 Thessalonicae
927 572 1078 625 circa
1131 587 1385 626 mensem
1419 577 1746 641 Augustum
1781 568 1917 623 anni
2019 570 2208 640 jorem
2247 570 2544 626 basilicam
2587 571 2946 642 ingreditur:
2983 585 3096 638 quo
3128 565 3301 620 simul
3337 571 3399 619 ut
3429 565 3672 632 ingressi

263 663 390 716 380.
432 662 581 715 Tum
646 660 1044 715 Alexandriam
1102 661 1261 732 petit,
1321 660 1631 730 ipsumque
1690 659 1918 712 Petrum

265 751 450 820 hujus
490 751 649 804 urbis
683 751 1022 820 episcopum
1055 749 1412 820 aggreditur.
1444 753 1502 802 et
1523 749 1595 802 ab
1625 765 1689 802 eo
1725 753 1917 817 postu-

269 839 373 907 lat,
411 845 479 893 ut
521 838 602 893 vel
663 839 859 893 sedem
921 837 1624 908 Constantin0politanam
1682 834 1920 905 adipisci

265 928 468 991 faciat,
507 926 592 981 vel
653 943 827 981 suum
891 926 1001 998 ipsi
1056 927 1269 981 solium
1305 927 1534 993 tradat;
1569 925 1667 980 sed
1720 930 1927 995 prastor

262 1031 402 1069 cum
439 1031 617 1069 manu
679 1015 918 1071 militari
977 1015 1392 1086 superveniens
1450 1013 1767 1069 Maximum
1825 1028 1924 1067 ex-

261 1103 445 1174 pulit.

260 1209 482 1264 CXLII.
535 1210 833 1264 Perculsus
889 1210 1075 1266 dolore
1128 1211 1446 1280 Gregorius,
1504 1210 1780 1264 solabatur
1835 1222 1929 1278 spe

565 1281 878 1336 discedendi
905 1284 1118 1352 capiam
1144 1298 1202 1336 se
1233 1291 1674 1336 consecuturum.

337 1374 570 1424 Interea
623 1368 958 1440 Gregorius,
993 1386 1164 1438 quam
1212 1371 1463 1425 maximo
1496 1367 1798 1441 perculsus
1823 1367 1929 1421 do-

260 1458 408 1523 lore,
441 1459 500 1512 id
563 1464 758 1513 tamen
819 1458 1010 1513 solatii
1044 1458 1316 1523 habebat,
1351 1458 1506 1529 quod
1569 1475 1702 1528 spes
1734 1456 1931 1527 aliqua

264 1547 590 1617 aﬂ‘ulgebat
648 1548 704 1601 id
759 1563 820 1601 se
877 1553 1352 1613 consecuturum,
1391 1553 1454 1601 ut
1505 1546 1615 1601 sibi
1677 1547 1748 1600 ab
1791 1547 1932 1600 urbe

264 1636 609 1690 discedendi
669 1638 835 1706 copia
892 1636 1150 1690 daretur.
1198 1636 1380 1706 Cujus
1430 1634 1738 1690 consilium
1798 1649 1931 1687 cum

265 1723 524 1795 papulus
569 1724 944 1795 cognovisset
976 1741 1046 1780 ex
1103 1724 1460 1795 quibusdam
1521 1723 1734 1790 verbis,
1767 1722 1933 1793 queis

266 1821 332 1866 ut
370 1830 612 1867 suorum
641 1829 930 1868 memores
986 1818 1179 1868 essent
1237 1813 1501 1867 laborum
1546 1813 1929 1874 hortabatur;

262 1903 346 1970 (α)
377 1906 503 1956 tum
539 1905 688 1956 facto
719 1903 973 1974 agmine,
1011 1902 1136 1967 viri,
1192 1901 1487 1967 mulieres,
1510 1903 1776 1972 juvenes,
1827 1899 1933 1952 vir-

260 1991 458 2061 gines,
512 2006 702 2055 senes,
786 1990 1034 2055 nobiles,
1111 1988 1418 2060 ignobiles,
1481 1990 1933 2044 circumstantes

262 2084 620 2150 queruntur,
642 2078 754 2132 vim
795 2095 936 2149 pene
971 2078 1248 2142 inferunt,
1279 2095 1450 2132 suum
1484 2077 1757 2148 ejulando
1792 2094 1932 2147 pras-

265 2167 458 2220 sulem
490 2183 523 2220 a
555 2167 845 2221 sententia
905 2168 1208 2220 demovere
1269 2167 1555 2220 nituntur.
1604 2165 1763 2228 Quod
1799 2181 1932 2219 cum

266 2260 609 2309 constanter
665 2259 977 2322 recusaret,
1015 2254 1282 2324 precibus
1342 2259 1579 2308 exorant
1635 2259 1698 2307 ut
1727 2252 1933 2307 saltem

269 2350 529 2410 maneat,
566 2359 668 2396 nec
711 2343 976 2397 trucibus
1030 2343 1185 2414 lupis
1218 2359 1452 2414 gregem
1511 2342 1779 2396 addicat:
1816 2341 1934 2396 sic-

268 2448 390 2504 que
420 2431 530 2502 ipsi
589 2447 930 2509 concessum
984 2437 1070 2485 est
1130 2433 1270 2484 urbe
1301 2431 1518 2502 egredi,
1554 2435 1617 2484 ut
1674 2430 1936 2500 corporis

270 2521 580 2590 animique
638 2519 793 2573 vires
850 2536 916 2574 ea
948 2525 1297 2589 tempestate
1354 2517 1621 2573 nonnihil
1678 2517 1932 2572 lesasin

266 2609 411 2662 villa
440 2607 879 2679 aliquantulum
933 2613 1306 2664 restauraret.
1341 2608 1465 2662 Non
1490 2608 1568 2662 ita
1601 2607 1786 2661 multo
1810 2610 1940 2678 post

270 2700 460 2752 redux
522 2698 868 2760 orationem,
945 2697 1081 2752 olim
1139 2714 1342 2763 xxvm,
1403 2713 1556 2750 nunc
1629 2712 1780 2758 xxw,
1840 2695 1939 2749 ha-

271 2787 422 2853 buit,
458 2803 585 2856 quae
643 2786 853 2840 miram
915 2786 1167 2857 pastoris
1226 2801 1363 2856 ergo
1421 2801 1554 2840 oves
1586 2783 1936 2840 charitatem

273 2876 487 2946 spirat.

275 2962 737 3017 CXLllIoCXLV.
805 2963 1120 3017 Theodosius
1179 2961 1713 3031 Constantinopolim
1768 2961 1936 3014 venit.

350 3033 657 3101 Honoriﬁce
689 3033 1006 3103 Gregorium
1062 3035 1301 3104 excipit:
1342 3034 1716 3100 DcmOphilum
1748 3033 1937 3101 ejicit:

351 3107 606 3159 ecclesias
680 3107 973 3159 (.‘atholicis
1024 3107 1279 3159 restituit.
1340 3106 1599 3174 Majorem
1656 3104 1940 3156 basilicum

350 3177 657 3245 ingreditur
688 3175 982 3244 Gregorius
1034 3193 1145 3230 una
1204 3192 1326 3229 cum
1360 3175 1647 3229 Theodosio
1667 3192 1686 3227 :
1719 3175 1936 3231 caelum.

386 3248 491 3300 uod
520 3251 684 3300 antea
718 3249 974 3301 nubilum
1029 3252 1166 3317 erat,
1200 3251 1486 3301 serenatur
1539 3246 1608 3300 ad
1637 3249 1936 3315 ingressum

381 3320 603 3387 iregorii
633 3321 692 3371 in
725 3319 1010 3388 templum.

351 3406 452 3460 Hic
485 3413 610 3460 erat
644 3423 839 3460 rerum
873 3411 1085 3469 status,
1118 3422 1252 3461 cum
1297 3404 1659 3460 Theodosius
1690 3404 1940 3459 Thessa-

275 3493 470 3548 lonica
525 3495 1090 3565 ConstantinOpolim
1125 3495 1283 3549 venit
1330 3495 1424 3548 die
1478 3493 1822 3548 Novembris
1849 3493 1941 3556 24,

276 3583 414 3637 anni
448 3583 575 3636 380.
606 3583 692 3636 Ab
723 3583 846 3653 ipso
881 3582 1108 3652 imperii
1143 3583 1235 3636 sui
1268 3583 1434 3636 initio
1467 3581 1608 3636 nihil
1644 3580 1944 3651 antiquius

279 3670 568 3724 habuerat
616 3686 793 3740 quam
846 3670 916 3723 de
975 3669 1084 3722 fide
1144 3669 1429 3722 catholica
1485 3667 1631 3721 bene
1693 3665 1941 3722 mereri:

281 3781 310 3807 ς(
345 3758 706 3812 Justissimis
735 3763 791 3812 et
843 3755 1413 3812 misericordissimis
1446 3755 1697 3826 legibus,
1733 3759 1797 3808 ut
1830 3758 1944 3808 Au-

279 3848 504 3918 gustini
537 3847 728 3901 verbis
750 3851 882 3900 utar
907 3846 1008 3916 (b),
1044 3847 1375 3899 «adversus
1407 3845 1619 3916 impios
1653 3827 1945 3897 laboranti

281 3935 554 3989 Ecclesia
586 3935 895 3988 subvenire
929 3956 958 3983 ››
983 3951 1096 3988 non
1129 3937 1475 3995 cessaverat,
1508 3947 1686 4002 quam
1737 3931 1945 3986 Valens

283 4022 611 4087 haereticus,
675 4023 938 4093 impense
1013 4024 1209 4077 favens
1267 4022 1516 4088 Arianis,
1573 4021 1948 4074 vehementer

283 4111 609 4174 aIﬂixerat;
640 4113 811 4180 cujus
847 4108 1109 4164 Ecclesiae
1146 4133 1165 4156 α
1205 4110 1537 4164 membrum
1567 4124 1716 4174 esse,
1753 4107 1943 4179 magis

283 4216 467 4270 quam
519 4200 576 4252 in
639 4200 809 4253 terris
871 4214 1111 4269 regnare
1167 4198 1480 4268 gaudebat.
1519 4219 1546 4246 ››
1602 4197 1944 4267 Gregorium

283 4303 464 4358 quam
497 4285 1086 4341 honoriﬁcentissime
1132 4285 1496 4340 Theodosius
1554 4283 1784 4354 excipit,
1817 4300 1947 4338 am-

285 4377 575 4447 plexatur,
609 4375 855 4446 benigne
897 4373 1234 4443 alloquitur,
1273 4375 1624 4445 praacipuam
1660 4372 1822 4427 urbis
1852 4388 1946 4427 ec-

284 4463 548 4529 clesiam,
599 4462 881 4516 nimirum
956 4462 1174 4516 Sanctae
1231 4461 1485 4532 Sophiae,
1541 4477 1718 4531 quam
1777 4460 1950 4516 annis

2029 659 2207 727 fuere,
2243 659 2349 725 sol,
2385 660 2482 730 qui
2518 659 2678 731 prius
2709 665 2830 712 erat
2861 659 2917 711 in
2953 656 3174 719 nubilo,
3207 653 3452 709 refulsit.
3479 677 3505 703 α
3532 653 3674 713 lbi,»

2029 749 2220 820 inquit
2251 749 2582 820 Gregorius,
2616 774 2644 801 ‹‹
2676 767 2806 804 cum
2869 750 2976 803 hoc
3026 747 3355 818 spectaculo
3394 744 3677 800 subiisset

2031 841 2258 895 animos
2292 841 2518 907 ﬁducia,
2554 857 2679 911 quae
2711 841 2910 893 aderat
2941 837 3256 892 multitudo
3288 835 3532 901 infinita,
3562 834 3677 889 cla-

2033 946 2192 984 mare
2222 930 2361 984 totis
2391 929 2611 984 viribus
2647 945 2712 983 ac
2769 930 3080 997 deposcere
3112 943 3216 980 nos
3261 924 3685 995 impraesentia-

2033 1035 2162 1072 rum
2196 1019 2351 1073 haud
2384 1018 2551 1073 aliter
2582 1034 2646 1072 ac
2696 1017 2743 1072 si
2777 1016 2884 1071 hoc
2943 1031 3123 1070 unum
3182 1014 3483 1080 defuisset,
3519 1011 3680 1083 prin-

2034 1123 2286 1178 cepsque
2317 1122 2381 1161 ac
2413 1106 2730 1161 maximum
2759 1122 2792 1158 a
2841 1119 3074 1157 summo
3117 1100 3373 1172 principe
3406 1100 3512 1155 hoc
3543 1098 3683 1154 civi-

2035 1196 2136 1250 tati
2169 1195 2396 1249 thronis
2429 1195 2571 1265 ipsis
2629 1193 3098 1264 anteponendum
3154 1207 3393 1258 munus,
3426 1189 3476 1243 si
3524 1188 3690 1242 urbis

2037 1283 2182 1339 solio
2215 1284 2574 1355 (episcopali)
2605 1285 2675 1338 ab
2723 1283 2850 1354 ipso
2881 1283 3252 1336 donaremur.
3289 1278 3405 1332 Hoc
3456 1277 3561 1330 viri
3595 1276 3690 1330 di-

2038 1373 2258 1445 gnitate
2316 1372 2611 1443 praecipui,
2644 1372 2750 1426 boc
2809 1371 3076 1424 infimum
3136 1367 3344 1438 vulgus
3401 1364 3684 1435 agitabat.

2039 1461 2252 1517 Omnes
2283 1479 2350 1516 ex
2403 1477 2566 1532 aequo
2600 1477 2720 1515 rem
2778 1459 3204 1514 desiderabant.
3259 1456 3373 1509 Hoc
3403 1453 3523 1508 alta
3552 1469 3689 1508 voce

2041 1551 2315 1606 mulieres
2347 1551 2760 1615 inclamabant,
2795 1565 2940 1620 pene
2988 1546 3236 1616 amplius
3269 1560 3443 1615 quam
3481 1542 3688 1597 mulie-

2041 1657 2132 1695 res
2159 1642 2404 1694 deceret.
2430 1637 2772 1694 Incredibile
2789 1638 3082 1709 quoddam
3103 1648 3442 1707 repercusso
3461 1633 3687 1704 fragore

2042 1730 2257 1784 tonitru
2292 1729 2657 1782 audiebatur.
2695 1748 2722 1775 ››

2044 1817 2534 1873 CXLVI-CXLVII.
2569 1816 2897 1887 EpiscOpale
2949 1815 3233 1870 soliumut
3288 1811 3692 1887 conscenderet,

2111 1892 2361 1960 quamvis
2391 1905 2575 1943 omnes
2623 1882 2888 1960 peterent,
2920 1889 3043 1957 cogi
3095 1903 3205 1960 non
3254 1892 3454 1956 potest.
3488 1882 3551 1937 In
3571 1882 3694 1938 sede

2114 1959 2717 2030 Constantinoyolitana
2742 1959 3028 2026 Gregorius
3049 1959 3364 2012 collocatur.

2112 2050 2276 2103 Tunc
2311 2049 2545 2120 quidem
2571 2048 2772 2102 victrix
2797 2048 2907 2100 fuit
2937 2046 3211 2117 Theologi
3247 2042 3552 2108 modestia,
3587 2057 3692 2097 nec

2042 2137 2165 2206 cogi
2228 2137 2418 2208 potuit
2475 2142 2538 2190 ut
2594 2135 2919 2207 episcopale
2977 2134 3186 2188 solium
3233 2131 3689 2187 conscenderet:

2041 2241 2240 2279 verum
2275 2224 2343 2277 ad
2378 2225 2632 2294 agendas
2689 2224 2804 2278 Deo
2837 2223 3055 2294 gratias
3088 2222 3281 2292 populi
3315 2219 3509 2274 studia
3541 2242 3567 2266 «
3601 2217 3689 2271 vir

2043 2313 2295 2383 divinus,
2323 2313 2663 2367 Theodoreti
2713 2315 2885 2366 verba
2927 2318 3063 2365 sunt
3087 2311 3184 2381 (ά),
3230 2309 3470 2381 provida
3498 2307 3691 2361 dexte-

2045 2401 2214 2456 ritate
2271 2402 2572 2455 convertit.
2612 2400 2977 2455 Frendebant
3032 2398 3251 2465 Ariani,
3284 2397 3384 2452 sed
3444 2396 3695 2450 circum-

2045 2496 2268 2546 stantes
2300 2489 2516 2544 milites
2574 2490 2681 2544 hos
2712 2490 2768 2543 in
2830 2489 3021 2544 officio
3053 2490 3425 2542 continuere:
3472 2508 3496 2530 ι·
3534 2483 3695 2539 Unus

2045 2584 2274 2634 tantum
2330 2580 2488 2634 ensis
2523 2580 2776 2633 nudatus
2837 2578 2945 2632 fuit
2978 2584 3034 2631 et
3089 2579 3287 2647 postea
3338 2572 3693 2636 reconditus,

2047 2669 2342 2738 fractaque
2361 2668 2545 2738 plebis
2563 2667 2826 2722 audacia.
2855 2689 2882 2714 »ι
2907 2666 3219 2736 Aliquanto
3253 2669 3381 2735 post
3412 2668 3696 2732 tempore,

2046 2774 2175 2812 cum
2214 2756 2474 2811 unanimi
2505 2757 2768 2811 omnium
2808 2757 3078 2810 ordinum
3115 2753 3512 2825 postulationi,
3546 2750 3696 2804 votis

2047 2850 2103 2900 et
2131 2846 2508 2911 clamoribus,
2542 2845 2820 2916 suﬂ'ragia
2871 2843 3274 2915 episcoporum
3310 2839 3691 2912 plenariique,

2047 2951 2160 2989 non
2191 2934 2495 3005 provinciae
2523 2936 2736 2998 solum,
2762 2933 2861 2987 sed
2921 2932 3173 2987 Orientis
3232 2931 3408 2984 etiam
3445 2944 3587 2999 pene
3618 2932 3700 2982 too

2048 3025 2167 3078 tius
2199 3029 2254 3078 et
2296 3021 2635 3077 cecumenici
2687 3021 2914 3076 concilii
2949 3022 3102 3092 quod
3153 3019 3515 3074 Theodosius
3556 3033 3696 3071 con-

2049 3117 2299 3168 vocarat.
2329 3110 2680 3165 renuntiatio
2711 3109 3049 3163 solemniter
3079 3107 3443 3170 accessisset,
3475 3106 3533 3159 in
3566 3104 3701 3158 sede

1969 3213 2010 3278 ρ
2048 3198 2691 3268 Constantinopolitana
2711 3199 3048 3252 clamanset
3098 3213 3336 3268 gemens
3383 3194 3700 3248 collocatus

2048 3295 2140 3344 est
2161 3286 2492 3358 Gregorius.
2510 3287 2834 3357 «Quidquid
2859 3287 3115 3354 Oriens,»
3145 3286 3336 3356 inquit
3355 3287 3443 3354 (ε).
3475 3302 3503 3330 ιι
3527 3281 3699 3344 habe-

2050 3377 2168 3439 bat,
2203 3381 2442 3446 excepta
2472 3377 2734 3449 Egypto,
2767 3374 2961 3447 pepuli
2995 3374 3321 3429 antistitum
3357 3373 3430 3428 ad
3451 3371 3694 3426 Romam

2052 3482 2238 3536 usque
2266 3465 2606 3531 secundam,
2640 3471 2803 3518 terrae
2838 3479 3131 3533 marisque
3156 3480 3223 3518 ex
3254 3461 3478 3516 intimis
3510 3474 3698 3514 reces-

2053 3555 2217 3609 sibus
2249 3554 2601 3608 concitatum
2634 3554 2786 3607 coiit.
2823 3552 2922 3608 His
2972 3552 3317 3623 praesidebat
3355 3550 3442 3603 vir
3491 3549 3699 3616 pietate

2056 3643 2413 3698 maximus...
2451 3641 2711 3696 moribus
2762 3642 2972 3695 melius
3023 3646 3080 3694 et
3114 3639 3351 3695 nomine
3381 3636 3699 3708 (Meletium

2054 3734 2389 3805 signiﬁcat).
2422 3732 2484 3786 Hi
2524 3748 2613 3786 me
2660 3729 2945 3785 collocant
2977 3731 3328 3797 firmantque
3361 3727 3418 3778 in
3452 3728 3704 3794 augusta

2055 3824 2192 3878 sede
2217 3822 2565 3877 clamantem
2598 3825 2654 3873 et
2673 3824 3023 3890 gementem,
3063 3833 3178 3870 una
3207 3821 3400 3892 tamen
3432 3813 3504 3866 de
3531 3827 3708 3865 causa

2056 3928 2169 3965 non
2205 3911 2370 3980 plane
2410 3911 2852 3979 repugnantem.

2053 3997 2336 4054 CXLVIII.
2365 3996 2585 4051 Summo
2640 4010 2901 4049 consensu
2943 3993 3227 4060 Gregorius
3282 3993 3339 4044 in
3385 3989 3504 4045 sede
3534 3987 3700 4042 Cons-

2125 4069 2584 4210 tiar;tir‘iopolilana
2607 4067 2922 4132 collocatus,
2973 4065 3182 4119 nullius
3207 4079 3346 4134 pene
3373 4061 3703 4132 suﬂragium

2161 4155 2191 4193 e
2217 4155 2272 4193 ut
2306 4180 2318 4192 .

2124 4227 2206 4282 Ne
2236 4227 2469 4297 quidem
2506 4225 2900 4296 [Egyptiorum
2961 4240 3284 4280 consensus
3321 4220 3548 4276 videtur
3602 4219 3703 4273 de-

2057 4317 2268 4383 fuisse;
2293 4331 2442 4385 quos
2473 4314 2715 4378 scilicet,
2750 4314 2999 4368 maxime
3032 4313 3124 4367 his
3157 4311 3365 4379 verbis,
3392 4308 3710 4380 alloquitur

2058 4404 2404 4475 Gregorius:
2465 4426 2491 4451 «
2546 4402 2676 4456 Heri
2709 4401 3099 4464 inthroniste,
3156 4400 3324 4454 hodie
3384 4403 3713 4470 persecuto-

2061 4510 2186 4549 res:
2224 4516 2245 4543 ι
2286 4499 2342 4546 et
2373 4492 2582 4545 throno
2616 4489 2913 4559 nimirum,
2948 4491 3003 4544 in
3067 4506 3181 4559 quo
3213 4505 3310 4542 vos
3341 4487 3448 4558 ipsi
3481 4501 3572 4540 me
3604 4485 3710 4538 col-

285 4555 1128 4648 quadfagi"‘§_°°°"_9?"’°m‘
1160 4550 1389 4648 _A'_'i_a_ni’
1423 4550 1604 4648 tradi?
1639 4551 1732 4648 Pi?
1758 4551 1949 4648 νξῃίδίδ
1984 4573 2026 4637 Ι)
2056 4581 2292 4637 locastis
2325 4580 2472 4642 heri,
2506 4579 2674 4634 hodie
2706 4550 3064 4648 dejicientes.
3086 4550 3295 4647 itaque
3326 4550 3550 4630 nullius
3579 4589 3708 4644 pro-

287 4660 421 4698 eum
457 4643 812 4714 compellans
835 4643 945 4712 (c):
1009 4663 1036 4690 «
1073 4646 1175 4694 Dat
1206 4641 1310 4695 tibi
1345 4640 1498 4694 Deus
1547 4645 1603 4694 et
1632 4639 1752 4693 tuis
1788 4639 1950 4694 labo-

290 4733 459 4785 ribus
491 4748 592 4801 per
623 4747 726 4785 nos
757 4729 1039 4801 templum
1074 4730 1253 4797 istud,
1290 4751 1317 4778 »
1370 4735 1478 4783 etc.
1512 4727 1949 4799 Demophilum,

288 4821 390 4890 qui
430 4819 683 4872 Eudoxio
739 4818 948 4872 Ariano
1009 4818 1261 4871 Arianus
1320 4817 1444 4889 ipse
1499 4822 1860 4871 successerat
1890 4816 1949 4870 in

287 4905 940 4977 COnstantinOpolitana
1044 4907 1201 4972 sede,
1281 4906 1528 4960 accersit
1609 4906 1951 4975 imperator,

291 5001 493 5051 monet
526 5001 589 5047 ut
645 4995 910 5048 abdicata
940 4995 1144 5048 haeresi
1206 4994 1378 5048 ﬁdem
1442 4993 1787 5048 catholicam
1818 5009 1950 5047 cum

287 5087 416 5139 suis
451 5083 826 5155 profiteatur;
862 5084 1013 5152 quod
1069 5099 1134 5137 eo
1168 5089 1435 5152 negante,
1462 5082 1644 5153 jussit
1686 5081 1950 5136 Theodo-

289 5174 413 5227 sius
448 5170 754 5226 hereticos
785 5170 1047 5225 ecclesiis
1082 5171 1379 5239 excedere,
1413 5187 1561 5241 quas
1610 5169 1950 5225 orthodoxis

288 5261 566 5315 restituit.
605 5260 731 5312 Hec
779 5260 849 5312 26
901 5259 1235 5314 Novembris
1286 5259 1602 5328 contigisse
1634 5264 1837 5312 auctor
1860 5263 1950 5313 est

292 5351 595 5414 Socrates;
660 5363 859 5403 mense
913 5364 1046 5402 vero
1105 5347 1408 5402 Decembri
1458 5345 1833 5401 Marcellinus
1892 5347 1950 5402 in

359 5511 438 5578 (a)
489 5506 594 5582 Kai
669 5509 777 5560 τῶν
837 5503 980 5576 ἐμῶν
1045 5505 1343 5582 μέμγησθε,
1413 5501 1688 5582 φίλτατοι,
1744 5504 1949 5563 πόνων.

303 5589 486 5636 Carm.
520 5581 598 5634 De
634 5581 768 5633 Vita
796 5594 917 5644 sua,
952 5595 1004 5632 v.
1042 5579 1196 5632 1064.

361 5653 434 5726 (ὸ)
469 5653 598 5710 Lib.
633 5667 667 5706 v
695 5650 771 5705 De
798 5651 975 5720 civit,
1008 5649 1171 5706 0.26.

2060 4672 2372 4742 pemodum
2405 4669 2463 4722 in
2506 4673 2624 4722 toto
2655 4665 2899 4722 concilio
2930 4665 3181 4736 generali
3230 4679 3552 4719 consensus
3584 4661 3706 4715 suf-

2063 4759 2384 4828 tragiumve
2415 4757 2617 4810 defuit.
2653 4755 2899 4809 Demum
2962 4771 3073 4808 non
3110 4753 3293 4807 defuit
3341 4752 3527 4820 ipsius
3574 4749 3710 4804 Gre-

2059 4847 2205 4919 gorii
2237 4861 2580 4907 consensus,
2619 4867 2639 4890 ι
2677 4861 2792 4897 una
2821 4851 3014 4896 tamen
3041 4843 3112 4896 de
3142 4857 3320 4896 causa
3353 4855 3465 4894 non
3502 4853 3708 4909 repug-

2062 4935 2276 4990 nantis.
2305 4934 2461 4992 Hinc.
2497 4935 2736 5002 apparet
2796 4948 2969 5001 quam
3013 4930 3270 5000 legitime
3302 4935 3357 4983 et
3387 4927 3678 4982 canonibu

2060 5023 2472 5081 convenienter
2503 5017 3158 5090 Constantinopolitanae
3191 5016 3464 5072 Ecclesia
3491 5015 3714 5088 episco-

2062 5130 2172 5186 pus
2204 5117 2435 5167 creatus
2458 5110 2535 5163 sit
2560 5108 2897 5180 Gregorius,
2933 5113 3106 5178 atque
3139 5106 3466 5160 habendus.

2060 5202 2298 5258 CXLIX.
2336 5198 2558 5254 Gemens
2590 5207 2643 5251 et
2669 5198 2935 5260 clamans,
2969 5212 3084 5249 non.
3132 5205 3314 5249 tamen
3350 5196 3520 5264 plano
3547 5207 3715 5264 repu-

2461 5286 2636 5339 gnans
2674 5268 2971 5322 collocatur
3001 5266 3309 5336 Gregorius.

2131 5363 2404 5425 Quaenam
2438 5364 2631 5413 autem
2675 5356 2773 5412 illa
2805 5373 2922 5410 una
2954 5358 3062 5410 fuit
3110 5372 3307 5425 causa,
3332 5371 3436 5410 cur
3476 5354 3563 5409 vir
3589 5358 3708 5409 tam

2130 5505 2201 5576 (c)
2234 5505 2431 5576 Carm.
2459 5500 2592 5576 1,_v.
2627 5499 2749 5576 31ξξἶ

2194 5581 2210 5645 )
2240 5573 2481 5645 Theod.,
2516 5570 2649 5645 l.__x,
2679 5569 2994 5645 Hist._,_c;5
3021 5573 3077 5625 et
3105 5569 3159 5624 6.

2155 5580 2210 5645 ἀ)
2240 5580 2481 5637 Theod.,
2517 5580 2552 5625 I.
2590 5587 2649 5632 ι.
2679 5580 2840 5637 Hist,
2874 5585 2925 5623 ο.
2958 5580 2964 5622 I

2130 5580 2203 5720 lc)
2228 5648 2417 5702 Carm.
2450 5644 2526 5698 De
2552 5641 2683 5710 Vit,
2716 5658 2770 5697 v.
2805 5640 2964 5697 1517.
