4152 6208
1733 355 1921 432 Vl‘i‘A
1963 352 2031 427 Β.
2076 349 2477 426 οιιςδοιιη.

3695 345 3822 419 2N

412 507 714 565 modestus
762 506 1022 579 legenda
1078 503 1342 559 Ecclesia
1389 517 1613 566 curam,
1664 501 1818 573 quod
1877 499 2050 556 toties
2081 498 2132 565 Α
2166 497 2282 552 Hoc
2314 493 2512 550 audito
2562 492 2767 548 civitas
2823 490 3018 548 omnis
3073 491 3218 560 que,
3251 489 3326 545 ob
3369 489 3597 579 tradita
3627 488 3822 546 ortho-

411 600 845 663 detrectaverat,
906 595 1202 665 suscipere
1262 609 1374 649 non
1430 591 1830 648 recusaverit?
1893 589 2059 645 Pacis

414 687 695 743 studium.
723 684 843 747 Quo
867 685 1022 737 enim
1056 683 1452 738 Sasimensem
1488 682 1738 754 primum
1780 681 1927 752 fugit
1948 679 2063 751 epi-

413 782 739 847 scopatum.
772 774 979 829 deinde
1027 773 1476 839 Nazianzenum,
1513 774 1622 828 hoc
1667 773 1868 826 eodem
1904 771 2061 841 pacis

414 882 610 922 amore
666 863 1374 934 ConstantinOpclitanum
1432 863 1709 933 suscepit.
1765 861 1908 932 Spes
1939 862 2064 914 erat

414 957 496 1011 illi
531 957 748 1028 quippe
777 954 1275 1010 conciliandorum
1299 954 1456 1024 regia
1482 955 1539 1008 in
1565 953 1706 1007 urbe
1731 953 2061 1007 animorum

414 1051 471 1101 et
498 1045 935 1114 exstinguenda:
966 1042 1287 1105 discordiae,
1323 1059 1450 1112 quae
1498 1044 1696 1097 exorta
1732 1043 1856 1095 erat
1898 1055 2063 1095 occa-

416 1136 580 1192 sione
601 1134 937 1189 schismatis
965 1134 1332 1189 Antiochense
1356 1132 1796 1197 Ecclesiaouid
1818 1130 2066 1202 gesserit

417 1223 751 1296 Gregorius,
813 1222 951 1294 quid
1014 1222 1342 1293 praestiterit
1407 1219 1930 1292 Constantinopoli.
1998 1235 2066 1276 ex

416 1315 544 1385 ipso
586 1313 754 1384 juvat
812 1312 1012 1366 audire
1067 1311 1181 1383 (a):
1248 1333 1274 1360 «
1310 1311 1608 1377 Laboravi,
1665 1310 1943 1381 populum
2005 1309 2064 1364 in

419 1402 609 1460 medio
643 1401 911 1474 luporum
945 1402 1167 1474 collegi,
1201 1404 1356 1475 gregi
1391 1415 1543 1473 aqua
1573 1402 1791 1457 carenti
1824 1403 1896 1457 de
1924 1417 2066 1457 meas

417 1493 678 1548 doctrihe
709 1492 863 1546 fonte
894 1495 1094 1563 potum
1131 1490 1369 1562 praebui,
1404 1490 1508 1545 feci
1556 1497 1878 1546 sementem
1937 1496 2064 1559 ejus

419 1580 574 1646 fidei,
599 1597 726 1653 quae
758 1581 846 1636 est
871 1581 928 1634 in
967 1585 1075 1636 Deo
1100 1579 1362 1635 fundata.
1398 1579 1700 1635 Trinitatis
1731 1578 1925 1635 lumen
1955 1576 2066 1635 illis

421 1665 686 1742 patefeci:
729 1669 827 1740 qui
861 1669 1025 1740 prius
1053 1669 1110 1723 in
1143 1669 1397 1724 tenebris
1444 1669 1847 1723 versabantur.
1889 1668 2068 1724 Adeo-

421 1775 533 1832 que
565 1758 733 1830 quasi
792 1758 1101 1829 coagulum
1136 1759 1430 1830 quoddam
1471 1773 1629 1813 eram
1663 1758 1720 1812 in
1757 1758 1900 1813 lacte
1934 1773 2064 1830 per-

2168 585 2332 640 duxis
2355 582 2572 654 templa
2601 587 2657 637 et
2687 584 2899 650 ejectcs
2930 578 3275 651 Arianos,(e)
3306 602 3331 628 ‹‹
3362 578 3820 650 ingemiscebat»

2170 678 2227 728 et
2259 678 2324 726 ut
2353 673 2517 744 gigas
2551 672 2644 726 ille
2690 673 2869 726 fertur
2908 670 3006 741 qui
3043 668 3286 724 fulmine
3335 669 3485 723 ietus
3533 669 3591 723 in
3626 671 3824 725 monte

2169 763 2338 817 Etna
2368 765 2592 815 lumum
2625 765 2680 815 et
2710 761 2902 832 ignem
2939 771 2968 813 e
3001 759 3287 830 profundo
3349 757 3668 824 emittebat,
3703 763 3821 813 sta-

2171 852 2277 908 tim
2301 850 2561 906 emollita
2590 855 2698 914 est,
2731 860 2796 904 ut
2827 849 3044 903 ferrum
3077 848 3229 915 ignis
3261 847 3551 902 violentia.
3594 868 3622 897 »

2241 957 2440 1013 Tanta:
2474 973 2642 1028 porro
2675 954 2938 1012 Ecclesia
2964 947 3175 1028 praesul
3208 953 3536 1021 institutus,
3579 957 3825 1026 proven-

2172 1052 2387 1118 tusque
2434 1051 2489 1101 et
2546 1045 2836 1100 inﬁnitam
2891 1043 3082 1099 omnis
3139 1043 3370 1115 generis
3429 1041 3824 1114 eximiamque

2173 1135 2589 1207 supellectilem
2607 1140 2977 1200 consecutus,
2994 1151 3065 1189 ne
3089 1133 3264 1188 unica
3286 1132 3522 1202 quidem
3547 1131 3830 1186 drachma

2175 1226 2310 1280 hinc
2344 1223 2646 1280 facultates
2673 1239 2811 1279 suae
2844 1223 3042 1290 anxit;
3094 1229 3227 1278 cum
3281 1227 3474 1275 tamen
3511 1221 3827 1274 maximam

2172 1315 2523 1370 talentorum
2554 1313 2802 1384 copiam,
2850 1309 2899 1366 si
2950 1311 3030 1365 ita
3060 1311 3248 1384 ipsius
3290 1308 3562 1364 volhntas
3603 1308 3837 1362 tulisset

2173 1403 2441 1475 colligere
2474 1402 2776 1475 potuisset.
2809 1389 2888 1455 Ne
2911 1401 3204 1455 redituum
3237 1397 3469 1470 quidem
3503 1401 3560 1451 et
3590 1396 3838 1452 admini-

2173 1489 2474 1549 strationis
2526 1491 2810 1546 rationem
2872 1492 2942 1544 ab
2989 1488 3081 1553 iis,
3107 1487 3204 1559 qui
3268 1485 3532 1541 Ecclesiae
3591 1487 3832 1558 negotia

2175 1585 2610 1654 procurassent,
2644 1578 2940 1650 repetivit;
2989 1571 3140 1631 haud
3177 1582 3370 1630 tamen
3407 1575 3648 1647 ignarus
3677 1575 3734 1628 id
3761 1574 3834 1630 ab

2174 1670 2248 1726 iis
2281 1667 2679 1741 improbatum
2713 1668 2781 1721 iri
2816 1666 2916 1739 qui
2950 1664 3216 1739 pecuniis
3246 1664 3549 1718 inferiores
3584 1668 3745 1727 sunt,
3780 1667 3838 1718 et

2175 1775 2348 1831 quam
2383 1757 2654 1812 indecora
2704 1755 2780 1811 sit
2807 1755 2865 1810 in
2927 1754 3190 1810 Ecclesia:
3242 1751 3529 1808 ministris
3578 1751 3836 1807 avaritia

420 1847 716 1903 suasionis
747 1847 799 1901 vi
832 1846 1090 1918 cogentis
1115 1846 1518 1917 pharmacum.
1554 1847 1621 1901 Et
1650 1845 1796 1901 alios
1828 1847 2061 1935 quidem
2097 1870 2142 1935 Β
2177 1847 2453 1921 suspicio,
2487 1863 2599 1900 non
2659 1841 3012 1918 intelligunt.
3064 1842 3179 1916 lpsi
3237 1841 3414 1896 etiam
3445 1841 3829 1914 exprobatum

413 1937 539 2008 jam
571 1936 916 1992 constrictos
973 1935 1264 2002 tenebam,
1297 1935 1391 1991 alii
1453 1953 1630 2008 prope
1674 1935 1934 2004 aberant,
1969 1929 2065 1991 alii

422 2025 618 2082 statim
652 2026 804 2081 idem
840 2027 1042 2080 facturi
1076 2030 1279 2080 erant:
1315 2025 1371 2080 in
1419 2025 1693 2079 omnibus
1725 2031 1918 2080 autem
1951 2025 2068 2080 ira-

422 2115 638 2168 cundia
668 2114 1031 2180 ﬂectebatur,
1065 2131 1192 2184 quae
1252 2115 1414 2184 prius
1471 2116 1528 2168 in
1561 2114 1644 2168 eis
1699 2116 1970 2180 fervebat,
2013 2117 2070 2169 et

421 2201 685 2258 doctrina
719 2219 846 2257 mea
866 2206 992 2272 jam
1044 2201 1438 2257 benevolentia
1483 2203 1737 2273 quadam
1769 2208 1893 2257 erat
1929 2208 2070 2258 tem-

419 2297 639 2364 perata.
676 2291 832 2346 idem
886 2291 956 2345 de
1011 2295 1130 2345 toto
1163 2289 1373 2362 populo
1420 2291 1776 2363 sperandum
1835 2292 2070 2348 videba-

420 2386 537 2442 tur,
569 2386 678 2438 etc.
714 2401 742 2429 ››
777 2379 844 2434 Hi
879 2381 1036 2435 fuere
1086 2379 1345 2450 Gregorii
1403 2397 1713 2436 successus
1737 2381 2069 2437 Constanti-

423 2469 655 2540 nopoli;
698 2468 818 2525 haec
870 2469 1001 2524 felix
1061 2485 1252 2524 rerum
1303 2470 1544 2525 mutatio
1599 2471 1786 2541 ipsius
1825 2471 1983 2526 curis
2014 2475 2072 2526 et

427 2556 729 2612 laboribus
765 2565 957 2629 parta;
983 2557 1103 2612 haec
1137 2575 1283 2614 nova
1311 2563 1368 2613 et
1395 2559 1703 2630 splendida
1731 2559 1863 2614 fidei
1895 2566 1953 2614 et
1983 2576 2070 2615 re-

425 2645 661 2718 ligionis
696 2646 890 2715 facies,
922 2663 1048 2718 quas
1097 2646 1332 2702 horrida
1361 2653 1485 2702 erat
1511 2663 1642 2703 cum
1668 2648 1724 2703 in
1761 2649 1960 2704 urbem
2010 2664 2072 2703 se

427 2734 695 2800 contulit,
735 2736 904 2805 cujus
953 2751 1156 2791 omnes
1208 2736 1481 2791 ecclesias
1539 2753 1640 2808 per
1686 2738 2074 2808 quadraginta

429 2838 616 2878 annos
660 2827 1084 2894 occupaverant
1133 2824 1477 2880 Arianorum
1523 2825 1914 2897 antesignani,
1965 2827 2074 2880 im-

431 2919 762 2984 peratorum
798 2914 926 2968 freti
959 2914 1235 2984 potentia.
1267 2915 1394 2968 Haec
1425 2931 1556 2972 vero
1587 2931 1720 2970 cum
1758 2922 1916 2972 certa
1956 2916 2077 2972 sint

430 3016 499 3057 ex
531 3001 819 3056 historicis
851 3000 1086 3072 Graacis,
1125 3003 1297 3057 etiam
1331 3003 1665 3059 testimonio
1697 3020 1801 3059 suo
1829 3003 2073 3060 Ambro-

433 3090 560 3144 sius
591 3089 650 3144 in
683 3088 831 3144 libro
863 3094 939 3145 De
970 3088 1182 3160 Spiritu
1209 3100 1397 3146 sancto
1427 3093 1752 3148 confirmat.

432 3204 536 3260 GL.
571 3203 906 3274 Gregorium
958 3215 1105 3276 gesta
1150 3208 1211 3260 in
1267 3209 1405 3262 urbe
1455 3207 2074 3279 ConstantinOpolitano.
2108 3233 2150 3302 Ο

503 3305 638 3368 Qua;
666 3302 941 3374 Gregorio
975 3304 1030 3358 in
1064 3305 1206 3359 urbe
1235 3305 1393 3376 regia
1430 3305 1656 3360 vivendi
1709 3307 1853 3359 ratio
1884 3305 2076 3370 fuerit,-

434 3407 561 3462 quaa
617 3391 677 3446 in
705 3407 837 3448 eum
895 3398 1105 3464 parata;
1152 3393 1399 3460 insidiis,
1433 3411 1560 3465 quas
1616 3395 2079 3449 adversariorum

433 3483 563 3550 ejus
594 3483 664 3536 de
693 3495 760 3537 eo
791 3483 1188 3553 querimonias,
1213 3499 1338 3554 quis
1370 3483 1606 3537 demum
1637 3485 1768 3552 ejus
1799 3484 2084 3538 defensio-

436 3583 561 3638 nes,
593 3569 907 3641 Gregorius
929 3571 1052 3642 ipse
1083 3579 1207 3626 tum
1230 3571 1288 3625 in
1322 3572 1700 3638 carminibus,
1722 3577 1846 3626 tum
1882 3572 1940 3626 in
1959 3588 2085 3627 cra-

435 3659 698 3714 tionibus
727 3675 999 3716 enarrare
1038 3659 1377 3731 compulsus
1408 3666 1534 3714 est:

437 3750 595 3806 Haud
613 3751 742 3817 ccio,
771 3751 983 3821 inquit,
1014 3753 1211 3822 quibus
1258 3752 1436 3807 verbis
1464 3765 1720 3806 enarrem
1757 3763 1881 3823 quae
1908 3761 2088 3809 secuta

1830 3831 1981 3880 sunt.

1830 3840 1854 3877 ε
1897 3831 1981 3880 nt.

442 3891 578 3948 Cum
602 3895 878 3962 ingentem
911 3910 1099 3949 rerum
1154 3910 1219 3948 ac
1275 3895 1620 3964 negotiorum
1676 3824 2090 3952 secum

444 4036 629 4089 Dicam
649 4037 831 4090 tamen
853 4053 1014 4107 quam
1043 4039 1230 4109 Ροΐϐνο
1261 3963 1981 4110 ηιοάεηιιἰ.ς.ςίνηὲιῖἶᾜῗαηι’’⁸

443 4121 637 4176 Primo
669 4122 818 4194 apud
857 4139 918 4178 se
951 4126 1160 4212 statuit
1189 4127 1260 4196 (c)
1297 4143 1408 4180 non
1468 4143 1567 4180 eos
1609 4126 1848 4189 imitari,
1873 4114 1972 4198 qui
2006 4142 2095 4182 re-

444 4225 584 4281 gum
607 4215 662 4264 et
686 4218 1022 4282 magnatum
1039 4213 1242 4284 januis
1259 4216 1598 4270 assidebant
1621 4236 1634 4283 ς
1659 4221 1716 4270 et
1749 4217 2096 4284 accusando,

445 4295 529 4352 vel
566 4297 798 4366 pietatis
856 4306 1141 4370 quaestum
1175 4303 1486 4358 ambiendo
1547 4304 1815 4359 indecore
1854 4321 1916 4359 se
1945 4321 2100 4376 gere-

447 4384 624 4450 bant;
651 4386 977 4478 desiderari
1012 4389 1204 4478 potius
1237 4406 1413 4461 quam
1447 4390 1579 4445 odio
1623 4391 1822 4446 haberi
1854 4392 2104 4478 maluit;

1950 4480 2104 4567 Quos

449 4489 517 4528 ex
549 4474 787 4530 raritate
845 4476 1272 4531 venerationem
1331 4478 1441 4530 sibi
1495 4484 1788 4534 mercatus
1810 4485 1916 4534 est.

450 4562 653 4618 anxios
683 4562 828 4618 vidit
856 4566 928 4620 ob
985 4581 1052 4620 ea
1083 4565 1141 4618 in
1202 4581 1263 4619 se
1307 4566 1646 4633 commissa,
1680 4583 1928 4637 quorum
1986 4569 2034 4624 si

447 4651 664 4706 conscii
714 4657 899 4719 erant,
949 4652 1093 4708 alios
1152 4653 1532 4708 beneficentia
1590 4663 1930 4725 prosecutus
1984 4664 2091 4724 est,

448 4739 593 4794 alios
628 4741 888 4812 pecuniis
907 4741 1088 4810 juvit;
1114 4757 1316 4796 omnes
1341 4748 1493 4796 metu
1516 4741 1781 4798 liberavit
1808 4744 2094 4804 Sicarium

451 4831 508 4883 in
544 4827 876 4884 cubiculum
901 4831 1029 4899 ejus
1052 4829 1404 4901 ingressum,
1429 4836 1484 4886 et
1505 4829 1732 4884 consilii
1767 4832 1856 4887 sui
1891 4834 2096 4890 atroci-

449 4921 566 4972 tate
599 4925 954 4988 permotum,
988 4919 1042 4972 in
1068 4934 1258 4990 genua
1283 4919 1651 4989 provolutum
1678 4924 1736 4975 et
1771 4920 2096 4994 lacryman-

450 5011 589 5069 tem,
618 5005 708 5060 bis
737 5007 928 5061 verbis
960 5023 1155 5062 coram
1188 5009 1462 5063 omnibus
1493 5009 1702 5064 affatus
1733 5016 1860 5067 est:

447 5093 638 5168 Servet
669 5104 720 5148 te
749 5097 932 5157 Deus;
965 5111 1048 5150 me
1076 5099 1259 5152 autem
1280 5099 1376 5168 qui
1393 5108 1642 5153 servatus
1669 5115 1813 5165 sum,

450 5166 647 5218 Lenem
679 5168 865 5220 vir/eri
897 5170 953 5220 in
985 5169 1250 5222 sicarium
1280 5166 1387 5224 non
1419 5186 1621 5238 magna
1650 5187 1736 5226 res
1765 5175 1865 5226 est.

453 5239 637 5291 Meum
669 5247 719 5291 te
746 5239 876 5306 fecit
907 5242 1167 5293 audacia:
1205 5239 1322 5293 vide

451 5308 724 5376 Quomodo
753 5317 803 5362 et
833 5324 938 5373 me,
971 5318 1021 5364 et
1051 5311 1151 5364 Deo
1181 5310 1378 5381 dignus
1409 5311 1508 5379 ﬁas
1538 5309 1638 5381 (ά).

526 5414 601 5483 (a)
632 5419 818 5468 Carm.
845 5415 917 5469 De
943 5416 1109 5485 episc.

529 5486 604 5566 ςὸί
632 5485 826 5566 Qarm.
869 5488 940 5541 De
964 5489 1080 5553 vit.,
1110 5503 1160 5542 ν.
1189 5488 1325 5542 1400
1357 5493 1411 5543 et
1441 5504 1562 5559 seq.

528 5557 599 5626 (ο)
632 5556 778 5610 Ibid.

528 5628 608 5698 (ά)
639 5628 880 5694 lbid.,v.
916 5627 1075 5682 1466.

549 5702 603 5768 ε)
630 5698 775 5754 Ibid.

2174 1945 2262 1995 est
2289 1939 2439 2010 quod
2473 1954 2575 1992 nec
2607 1953 2811 1994 mensa
2863 1934 3021 1990 lauta
3050 1939 3107 1988 et
3163 1934 3421 2005 opipara,
3447 1948 3552 1987 nec
3609 1932 3835 2004 magni-

2176 2027 2285 2082 fica
2313 2031 2469 2082 veste
2501 2029 2780 2091 uteretur,
2815 2040 2919 2080 nec
2941 2022 3248 2095 splendide
3275 2020 3330 2076 in
3365 2019 3663 2093 publicum
3701 2037 3828 2092 pro-

2176 2115 2343 2181 diret,
2388 2131 2492 2170 nec
2523 2131 2621 2170 eos
2676 2115 2772 2185 qui
2805 2129 2939 2169 eum
2997 2113 3237 2168 adibant
3289 2112 3536 2184 graviter
3571 2116 3631 2166 et
3687 2125 3826 2164 cum

2177 2205 2330 2260 fastu
2378 2205 2681 2275 exciperet.
2743 2209 2925 2270 Quam
2983 2203 3220 2274 quidem
3283 2198 3710 2256 accusationem
3765 2198 3825 2252 in

2180 2293 2439 2350 oratione
2470 2292 2841 2347 valedictoria
2885 2308 3078 2346 coram
3115 2288 3425 2346 universali
3473 2287 3714 2343 concilio
3746 2287 3832 2341 ita

2179 2384 2350 2439 diluit
2379 2381 2481 2455 (f):
2544 2406 2570 2431 «
2605 2380 2946 2436 Nesciebam
3007 2379 3227 2434 scilicet
3259 2379 3425 2433 nobis
3458 2393 3592 2432 cum
3626 2393 3831 2430 consu-

2179 2472 2357 2542 libus,
2389 2477 2445 2526 et
2501 2469 2808 2542 praefectis,
2841 2468 3307 2539 clarissimisque
3366 2464 3499 2521 belli
3559 2465 3830 2531 ducibus,

2181 2561 2279 2634 qui
2310 2565 2395 2616 tot
2424 2560 2633 2632 opibus
2663 2559 2963 2630 copiisque
3003 2555 3442 2621 circumﬂuunt,
3464 2561 3548 2619 ut,
3577 2571 3692 2627 quo
3724 2571 3834 2609 sua

2181 2649 2508 2723 projiciant,
2544 2664 2657 2702 non
2689 2647 2962 2714 habeant,
2995 2645 3419 2701 aemulationem
3450 2649 3506 2699 et
3540 2651 3830 2699 certamen

2181 2756 2346 2803 esse;
2414 2737 2678 2809 illudque
2733 2742 3018 2808 oportere,
3052 2739 3116 2790 ut
3162 2740 3219 2790 et
3269 2733 3458 2800 nobis,
3509 2749 3832 2805 pauperum

2183 2827 2353 2886 bonis
2382 2827 2453 2883 ad
2489 2827 2687 2881 luxum
2721 2831 2778 2880 et
2801 2825 3040 2881 delicias
3073 2824 3693 2887 abutentibus,venter
3726 2840 3832 2878 un-

2184 2918 2362 2989 dique
2389 2916 2902 2986 ccmprimatur,et
2931 2913 3260 2969 necessaria
3292 2913 3350 2968 in
3383 2929 3475 2967 res
3507 2909 3836 2983 superﬂuas

2185 3006 2765 3076 eil'undantur,atque
2786 3003 2994 3058 altaria
3023 3002 3152 3075 ipsa
3174 3002 3438 3058 ructibus
3466 3001 3682 3056 nostris
3702 3017 3839 3056 con-

2185 3097 2566 3152 taminentur.
2606 3094 2945 3150 Nesciebam
2981 3109 3087 3148 nos
3125 3093 3293 3163 equis
3325 3092 3656 3163 insignibus
3677 3095 3735 3144 et
3756 3089 3836 3144 la-

2189 3187 2361 3240 scivis
2394 3183 2551 3247 ferri,
2585 3182 2862 3253 sellisque
2892 3186 2949 3236 et
2978 3181 3248 3236 curribus
3286 3179 3597 3250 magnifice
3629 3177 3839 3240 attolli,

2191 3291 2256 3329 ac
2288 3289 2422 3328 cum
2457 3273 2608 3326 fastu
2658 3274 2714 3325 et
2771 3287 2986 3341 pompa
3034 3268 3265 3335 deduci,
3310 3269 3580 3338 velutque
3630 3265 3847 3320 blanda

2191 3379 2368 3417 manu
2402 3359 2717 3416 demulceri
2759 3362 3046 3430 oportere,
3079 3363 3252 3429 atque
3274 3373 3477 3412 omnes
3509 3356 3846 3427 nobis,per-

2191 3451 2325 3506 inde
2355 3465 2421 3503 ac
2452 3445 2684 3506 belluis.
2709 3447 2778 3502 de
2800 3447 2891 3501 via
2920 3436 3219 3516 decedere,
3244 3451 3300 3500 et
3331 3443 3388 3500 in
3413 3453 3721 3516 utramque
3744 3443 3845 3498 vias

2193 3545 2414 3612 partem
2449 3537 2634 3592 scindi
2664 3541 2722 3591 et
2743 3535 3008 3604 distrahi,
3042 3540 3143 3590 aut
3172 3536 3347 3591 etiam
3371 3540 3593 3590 tantam
3622 3549 3847 3605 praeun-

2194 3629 2344 3683 tium
2377 3625 2609 3680 turbam
2643 3641 2790 3693 esse,
2828 3629 2894 3678 ut
2927 3621 3127 3695 procul
3165 3626 3427 3678 incessus
3483 3628 3679 3676 noster
3709 3637 3848 3676 con-

2197 3715 2438 3788 spicuus
2460 3719 2756 3786 appareat.
2803 3734 2825 3762 ι
2860 3713 3006 3769 Cum
3041 3717 3237 3766 autem
3271 3709 3439 3766 multi
3473 3715 3671 3766 essent
3701 3726 3848 3781 quos

2197 3805 2318 3860 hac
2341 3801 2608 3876 apologia
2631 3800 3212 3874 perstringeret,inde
3233 3804 3322 3855 est
3351 3799 3504 3871 quod
3537 3798 3849 3870 Gregorius

2199 3910 2262 3950 se
2293 3911 2326 3949 ει
2357 3889 2676 3948 multorum
2729 3891 2989 3944 moribus
3017 3887 3270 3944 alienum
3328 3903 3454 3943 esse
3486 3887 3849 3959 profiteatur,

2201 3999 2307 4040 nec
2337 3998 2399 4038 se
2431 3979 2805 4043 miraturum,
2829 3978 2877 4033 si
2903 3978 3134 4049 quando
3164 3975 3411 4032 vinculis
3435 3983 3498 4031 ut
3527 3975 3851 4032 incommo-

2203 4071 2314 4128 dus
2344 4075 2401 4125 et
2433 4085 2700 4124 morosus
2733 4067 3111 4139 astringatur,
3146 4071 3246 4121 aut
3274 4066 3448 4122 etiam
3502 4071 3696 4120 musto
3733 4063 3850 4135 ple-

2207 4175 2318 4218 nus
2341 4161 2664 4222 censeatur,
2699 4160 2763 4210 ut
2792 4154 3006 4210 Christi
3037 4153 3306 4226 discipuli
3341 4169 3473 4209 cum
3507 4152 3722 4224 linguis
3771 4149 3854 4206 lo-

2208 4251 2554 4322 querentur:
2605 4245 2680 4316 (g)
2708 4267 2733 4294 ‹‹
2772 4245 3081 4316 ignorante
3130 4241 3353 4298 scilicet
3388 4241 3765 4297 multitudine
3797 4237 3856 4295 id

2209 4337 2462 4408 Spiritus
2493 4334 2545 4388 vi
2572 4340 2628 4388 et
2679 4334 2950 4388 facultate
3008 4331 3153 4397 ﬁeri,
3189 4348 3300 4386 non
3353 4328 3564 4386 mentis
3620 4329 3860 4384 aberra—

2209 4425 2387 4482 tione.
2415 4446 2443 4472 »
2464 4421 2712 4478 Aliunde
2735 4421 3004 4476 novimus
3036 4420 3392 4492 quibusnam
3417 4416 3861 4474 obleccamentis

2213 4507 2444 4570 labores
2480 4527 2620 4567 suos
2648 4510 2835 4566 levare
2856 4509 3068 4564 solitus
3093 4514 3282 4565 esset:
3324 4531 3350 4556 υ
3389 4505 3860 4570 lnambulabam,

2044 4571 2100 4675 Ψ
2135 4593 2179 4668 Ῐ)
2212 4603 2404 4675 inquit
2459 4601 2559 4674 (Ιι),
2593 4617 2698 4672 ego
2757 4599 2938 4663 solus,
2996 4603 3268 4670 vergente
3308 4598 3435 4669 jam
3468 4597 3539 4651 ad
3585 4610 3861 4650 occasum

2207 4690 2539 4747 sole.Locus
2573 4705 2742 4760 porro
2763 4688 2821 4742 in
2845 4704 2958 4760 quo
3000 4687 3316 4760 spatiabar,
3361 4685 3538 4741 maris
3561 4685 3686 4756 ripa
3715 4687 3864 4750 erat,

2214 4781 2457 4851 Semper
2481 4777 2633 4833 enim
2669 4775 2823 4832 soleo
2844 4775 3132 4847 ejusmodi
3163 4773 3609 4830 oblectamentis
3632 4773 3863 4827 labores

2211 4869 2526 4925 dissolvere
2557 4882 2622 4921 ac
2657 4865 2954 4933 relaxare;
3006 4864 3483 4936 quandoquidem
3516 4878 3618 4918 nec
3651 4876 3857 4933 perpe-

2211 4961 2377 5015 tuam
2409 4957 2836 5013 contentionem
2870 4970 3082 5009 nervus
3115 4953 3262 5008 ferre
3287 4956 3500 5025 potest.
3533 4974 3560 4998 »

2285 5050 2408 5114 Quo
2440 5051 2604 5118 pacto
2629 5061 2691 5100 se
2713 5043 3015 5099 adhiberet
3036 5058 3173 5114 erga
3201 5058 3298 5098 eos
3321 5040 3419 5114 qui
3448 5037 3868 5112 persecutionis

2213 5141 2476 5207 tempore
2496 5133 2644 5205 lapsi
2678 5138 2864 5198 erant,
2895 5132 3019 5202 ipse
3061 5129 3373 5202 Gregorius
3422 5129 3588 5184 docet
3617 5127 3710 5182 his
3739 5142 3872 5181 ver-

2216 5224 2309 5280 bis
2341 5224 2403 5295 (i)
2430 5238 2443 5280 :
2477 5245 2505 5272 «
2541 5221 2619 5277 Ne
2642 5221 2767 5292 ipse
2798 5219 3034 5292 quidem
3074 5235 3173 5275 eos
3205 5217 3442 5290 recipio,
3469 5216 3568 5288 qui
3592 5215 3680 5272 vel
3711 5214 3872 5270 nullo

2217 5313 2416 5378 modo,
2447 5308 2533 5366 vel
2565 5326 2681 5365 non
2712 5308 2858 5365 satis
2891 5309 3324 5383 deprimuntur,
3357 5321 3461 5362 nec
3506 5309 3730 5377 patrato
3761 5301 3876 5359 cri-

2311 5418 2360 5487 f)
2390 5416 2484 5472 Or.
2522 5416 2608 5484 42,
2643 5433 2701 5470 n.
2733 5415 2825 5470 24.

2291 5419 2360 5559 ἕν’)
2390 5419 2484 5472 Or.
2522 5419 2608 5484 42,
2643 5433 2701 5470 n.
2733 5419 2785 5468 2i

2313 5491 2372 5558 ο)
2403 5487 2661 5559 ιδίάηίη.
2693 5487 2785 5559 22.

2292 5557 2370 5629 (Ii)
2404 5562 2499 5629 ΟΡ.
2531 5558 2624 5629 26,
2657 5573 2714 5610 n.
2746 5557 2800 5629 8_.

2301 5627 2366 5699 (i)
2396 5627 2490 5684 0r.
2525 5628 2613 5696 39,
2643 5644 2700 5682 n.
2738 5627 2822 5682 19.
