4152 6208
288 395 416 459 815

1637 395 1828 462 "TA
1869 397 1935 461 8.
1983 395 2384 465 σιωαοηιι.

3587 411 3705 474 926

291 525 438 585 mini
473 537 673 596 parem
705 524 841 616 vitae
867 526 1337 583 emendationem
1369 529 1620 586 alterunt
1649 544 1663 598 ι
1696 544 1948 604 cumque
1979 534 2032 600 Α
2061 534 2270 604 priesul
2304 535 2557 592 moriens
2579 537 2866 608 episcopis
2888 541 3696 616 commendaverat,Gregorio

288 615 528 687 recipio,
562 615 1002 672 convenientem
1040 616 1183 687 ipsis
1214 616 1406 673 locum
1438 620 1695 693 assigno.
1734 642 1786 676 ››.

289 755 422 815 CLI.
453 755 762 822 Concilium
790 760 1050 830 generale
1075 770 1328 818 cenvocal
1358 762 1673 820 Theodosius
1701 781 1794 820 an.
1818 766 1942 819 381.

368 883 670 954 Pmposita
702 885 869 955 quasi
915 884 1189 941 universa
1220 887 1480 958 Gregorii
1527 888 1586 943 in
1635 889 1778 944 urbe
1807 891 1946 943 Con-

291 972 820 1044 stantinopolitana
849 974 1221 1046 episcopatus
1253 992 1504 1045 summa,
1529 993 1684 1032 nunc
1714 977 1947 1049 singula

292 1077 728 1117 recenseamus.
775 1062 913 1117 Post
944 1065 1247 1120 restitutas
1277 1064 1614 1122 orthodoxis
1645 1067 1943 1134 ecclesias,

291 1157 678 1214 convocatum
729 1167 764 1206 a
809 1152 1135 1208 Theodosio
1170 1154 1483 1209 concilium
1534 1154 1809 1210 diximus.
1870 1159 1947 1209 Ex

292 1242 418 1295 toto
449 1240 685 1295 Oriente
714 1241 1280 1313 Constantinopolim
1320 1244 1580 1315 episcopi
1626 1259 1945 1300 convenere

289 1345 542 1385 numero
572 1346 660 1393 CL,
689 1334 747 1384 ut
785 1331 956 1385 fidem
987 1331 1275 1386 Nicenam
1310 1333 1744 1393 confirmarent.
1779 1337 1835 1387 et
1867 1349 1947 1387 re-

289 1417 399 1489 gis
434 1418 564 1471 urbi
598 1418 942 1489 episcOpum
977 1420 1354 1489 praificerent.
1378 1419 1612 1475 Nullum
1638 1421 1781 1475 forte
1803 1419 1946 1475 cele-

285 1506 524 1561 bratum
552 1523 808 1578 unquam
831 1513 919 1562 est
944 1508 1356 1573 concilium,ad
1379 1510 1536 1580 quod
1561 1514 1646 1564 tot
1669 1508 1943 1582 praesules

290 1595 612 1650 sanctitate
643 1595 906 1666 insignes
936 1596 1389 1652 converint.Hos
1429 1600 1582 1653 inter
1609 1598 1946 1653 eminebant

288 1688 536 1739 sanctus
583 1683 850 1739 Msletius
899 1685 1315 1750 Antiochenus,
1351 1692 1588 1742 sanctus
1632 1687 1943 1754 Gregorius

289 1771 589 1842 Nyssenua
613 1773 862 1843 ejusque
885 1774 1062 1828 frater
1081 1779 1318 1830 sanctus
1342 1775 1546 1830 Petrus
1568 1776 1941 1844 Sebastenus,

289 1866 536 1916 sanctus
566 1860 1286 1932 Amphilochius,etc.Alii
1317 1880 1448 1919 vero
1473 1882 1584 1919 non
1613 1866 1776 1936 pauci
1813 1866 1944 1920 ade-

292 1955 430 2004 rant
460 1949 629 2020 lunge
662 1949 1007 2015 dissimiles,
1056 1957 1114 2006 et
1162 1953 1329 2006 valde
1360 1953 1623 2008 moribus
1663 1954 1948 2025 dispares,

293 2055 448 2110 quos
507 2037 824 2107 Gregorius
881 2044 1078 2094 noster
1133 2041 1399 2112 asperius
1457 2047 1685 2097 tractat.
1722 2043 1799 2097 Ex
1858 2042 1950 2098 his

292 2133 464 2182 erant
496 2127 787 2193 nonnulli,
818 2129 915 2198 qui
947 2127 1207 2183 Valentis
1230 2136 1512 2202 tempore,
1545 2130 1730 2202 pulsis
1759 2131 1817 2185 tn
1852 2146 1946 2187 ex-

293 2216 500 2271 silium
548 2217 899 2287 prmsulibus
948 2219 1306 2289 orthodoxis,
1358 2221 1702 2275 Arianorum
1754 2221 1948 2276 favore

289 2309 569 2362 vacantes
593 2307 762 2360 sedes
780 2311 1224 2377 occupaverant.
1247 2308 1590 2379 Hujusmodi
1619 2309 1943 2380 pontifices,

289 2394 544 2465 tempori
586 2395 925 2462 servientes,
947 2397 1058 2451 sub
1096 2397 1327 2452 Arionis
1361 2398 1720 2470 principibus
1752 2399 1945 2454 Ariani

288 2489 478 2548 erant,
527 2485 637 2539 sub
686 2485 1024 2540 orthodoxis
1056 2486 1231 2541 ﬁdem
1283 2486 1662 2542 orthodoxam
1710 2489 1943 2559 profite-

286 2573 527 2628 bantur.

280 2714 397 2768 OLl
407 2714 449 2768 Ι.
488 2716 552 2770 in
580 2731 647 2769 eo
673 2717 907 2772 concilio
938 2717 1168 2772 Maximi
1196 2719 1361 2773 irrita
1390 2718 1665 2775 ordinatio
1695 2720 1938 2776 declara-

358 2786 777 2860 tur,_Ma:cimus
805 2789 874 2843 ab
907 2790 1143 2843 Ecclesia
1180 2792 1398 2860 ejectus.
1453 2791 1652 2847 Electio
1692 2793 1944 2860 Gregorii

358 2858 702 2933 conﬁrmata.
749 2860 984 2933 Prin/uit
1015 2858 1285 2933 concilio,
1330 2863 1526 2917 saltem
1573 2874 1696 2933 post
1729 2858 1943 2919 Melelii

361 2938 611 2982 mortem.
646 2929 782 2984 Mors
815 2931 1038 2986 Meielz'i.

367 3035 429 3088 In
467 3034 575 3089 hoc
605 3034 872 3101 concilio,
904 3037 1059 3107 quod
1109 3053 1390 3094 secunum
1429 3039 1698 3110 generale
1744 3044 1852 3108 est,
1883 3046 1941 3098 et

293 3121 555 3192 primum
587 3124 1085 3196 Constantinopoli
1137 3126 1426 3192 habitum,
1475 3144 1654 3186 causa
1703 3129 1936 3189 Maximi

289 3210 616 3282 Cynici,qui
641 3213 696 3266 in
722 3213 920 3268 sedem
952 3215 1654 3289 ConstantinOpolitanam
1686 3219 1936 3290 irrepere

289 3303 634 3368 tantaverat,
669 3306 978 3375 tantasque
1009 3307 1210 3366 turbas
1254 3306 1776 3379 excitarat,agitata
1824 3313 1931 3364 est.

284 3388 596 3444 Communi
623 3390 888 3448 omnium
912 3409 1200 3450 consensu
1229 3394 1391 3450 irrita
1420 3394 1611 3467 Cynici
1644 3397 1933 3458 ordinatio

285 3476 493 3540 habita
528 3478 635 3534 fuit
662 3482 955 3544 sancitum
1005 3488 1096 3538 est
1127 3482 1445 3544 Maximum
1491 3501 1594 3540 nec
1625 3484 1807 3544 fuisse
1829 3503 1933 3542 nec

285 3581 414 3620 esse
446 3567 788 3639 episcopum
818 3587 832 3638 ;
865 3576 924 3626 et
967 3571 1068 3642 qui
1099 3571 1170 3635 ab
1205 3572 1330 3642 ipso
1361 3572 1611 3628 ordinati
1644 3580 1842 3637 essent
1872 3575 1930 3630 in

282 3672 633 3726 quocunque
669 3657 936 3712 Ecclesia
965 3660 1172 3730 gradu,
1223 3659 1462 3718 clericos
1494 3678 1606 3716 non
1648 3679 1775 3717 esse
1830 3663 1929 3719 ba-

289 3743 531 3797 litnelos.
569 3744 688 3800 Uno
721 3746 894 3801 verbo
925 3763 1287 3818 quaecunque
1316 3749 1469 3809 circa
1498 3749 1714 3820 ipsum,
1737 3749 1823 3805 vel
1857 3752 1928 3807 ab

271 3831 401 3902 ipso
435 3837 567 3886 acta
599 3835 849 3901 fuerant,
883 3851 917 3890 a
947 3835 1190 3901 concilio
1223 3836 1550 3907 improbata
1579 3854 1644 3892 ac
1683 3839 1930 3894 rescissa

278 3926 444 3988 sunt,
477 3923 820 3994 eiectusque
867 3923 1154 3988 Maximus
1210 3925 1280 3982 ab
1331 3925 1584 3980 Ecclesia
1607 3931 1664 3980 et
1703 3944 1738 3981 a
1787 3928 1925 3983 fide-

274 4007 425 4063 lium
461 4011 756 4068 consortio
788 4019 1066 4067 remotus.
1101 4013 1322 4076 Quibus
1354 4013 1622 4084 peractis,
1656 4014 1927 4086 Theologi

271 4097 480 4154 electio
510 4101 809 4154 communi
846 4105 1080 4156 Patrum
1113 4100 1336 4158 calculo
1368 4103 1609 4172 probata
1637 4109 1695 4160 et
1723 4108 1929 4162 contir-

272 4191 460 4250 mata,
514 4186 639 4259 ipse
691 4189 747 4250 in
798 4191 935 4252 sede
981 4190 1627 4262 Constantinopolitana
1675 4193 1926 4250 multum

272 4276 518 4347 quidem
572 4292 837 4348 gemens,
873 4295 988 4342 non
1027 4284 1221 4336 tamen
1253 4285 1317 4338 ut
1345 4284 1520 4338 antea
1571 4298 1924 4354 repugnans,

271 4361 592 4422 collocatus
642 4371 732 4430 est
786 4383 822 4422 a
869 4373 1068 4426 sancto
1125 4367 1352 4428 Meietio
1403 4369 1609 4426 conciti
1663 4372 1926 4441 praside,

271 4451 372 4523 qui
411 4470 537 4520 Jam
570 4453 656 4509 vel
690 4460 824 4510 ante
854 4456 1167 4512 concilium
1203 4457 1261 4512 in
1313 4458 1516 4516 urbem
1548 4459 1780 4516 venisse
1811 4477 1929 4516 cre-

270 4541 451 4606 ditur,
508 4548 576 4597 ut
660 4543 919 4617 Gregorii
998 4546 1337 4601 electionem
1409 4548 1803 4615 confirmaret,
1872 4554 1930 4605 et

2055 625 2245 689 teste;
2280 624 2380 695 qui
2428 630 2483 679 et
2532 626 2653 694 ipse
2698 627 2856 696 pacis
2903 629 3395 698 studiosissimus,
3443 632 3550 686 bac
3583 649 3700 688 una

2053 727 2229 766 causa
2259 713 2316 766 in
2354 717 2487 768 sede
2517 714 3161 786 Constantinopolitana
3183 718 3357 773 locari
3393 737 3453 774 se
3488 738 3698 792 passus

2056 801 2263 861 fuerat.
2297 807 2360 856 ut
2389 802 2709 858 Orientales
2748 811 2804 858 et
2842 805 3260 871 Occidentales,
3297 826 3545 879 quorum
3597 809 3698 866 alii

2057 904 2158 959 pro
2190 889 2541 954 Meletio,a|ii
2570 909 2668 961 pro
2694 892 2932 949 Paulino
2961 895 3291 959 stabant,ad
3326 899 3697 954 concordiam

2056 983 2364 1044 revocaret,
2397 984 2454 1033 et
2486 979 2812 1035 luctuosum
2870 982 3148 1050 schisma,
3205 1002 3318 1056 quo
3373 986 3696 1042 catholicus

2054 1067 2212 1122 orbis
2244 1067 2641 1135 scindebatur,
2675 1070 3089 1142 exstingueret.

2053 1200 2403 1272 CLVIII-CLV.
2442 1201 2734 1270 Gregorius
2768 1205 2822 1260 in
2855 1204 2955 1258 hac
3003 1213 3122 1259 erat
3168 1211 3463 1268 seu/entia,
3487 1213 3547 1266 ut
3583 1208 3692 1272 Me-

2124 1271 2247 1326 lelio
2266 1289 2560 1348 successor
2581 1292 2689 1327 non
2714 1275 3088 1348 ortlinurclu—r.
3121 1277 3225 1330 Sed
3265 1277 3398 1330 adeo
3438 1295 3544 1332 non
3580 1297 3699 1348 per-

2122 1345 2382 1420 suasit,ut
2411 1345 2954 1420 omniumqpeneodia
2986 1348 3047 1400 in
3071 1363 3130 1402 se
3151 1349 3520 1404 concitaverit.
3559 1345 3701 1420 Vin-

2122 1416 2197 1468 cit
2230 1415 2509 1479 iuniorum
2541 1418 2708 1482 factio
2733 1418 3142 1489 AepiscOporum.
3188 1421 3283 1489 qui
3312 1422 3486 1473 etiam
3527 1415 3699 1476 senio-

2122 1501 2217 1540 res
2249 1488 2305 1542 in
2342 1503 2501 1541 suam
2539 1487 2860 1555 pertrahunt
2899 1487 3231 1545 sententiain
3260 1508 3280 1550 ;
3313 1501 3363 1546 el
3401 1491 3703 1548 Flavianus

2117 1558 2406 1629 presbyter
2436 1559 2796 1614 Antiocheam
2827 1561 3030 1615 illeletii
3058 1577 3333 1617 successor
3373 1565 3572 1620 (lectus
3601 1575 3701 1621 est.

2126 1628 2430 1703 Qrienlales
2455 1632 2504 1703 et
2527 1629 2892 1685 Occidentales
2919 1634 3175 1703 episcopi.
3212 1633 3382 1688 variis
3400 1636 3462 1689 de
3492 1652 3551 1688 ca
3562 1639 3698 1701 usis,

2125 1697 2382 1774 Gregorio
2411 1701 2590 1756 sedem
2620 1718 2779 1757 suam
2831 1697 3145 1774 relinquere
3190 1706 3411 1760 volenti.
3456 1723 3564 1760 non
3599 1697 3695 1762 ad;

2123 1772 2504 1827 adversantur.
2516 1814 2531 1828 .

2129 1884 2366 1942 Sublato
2393 1885 2571 1958 igitur
2600 1904 2630 1942 e
2659 1887 2801 1942 vivis
2829 1887 3076 1958 Meletio,
3112 1889 3370 1961 Gregorii
3406 1891 3701 1950 sententia

2060 1973 2188 2040 fuit,
2226 1981 2387 2044 pacta
2419 1992 2546 2030 esse
2579 1979 2882 2044 servanda,
2919 1994 3022 2032 nec
3053 1978 3282 2033 Meletio
3305 1981 3697 2038 ordinandum

2057 2078 2184 2117 esse
2216 2080 2649 2130 successorem;
2684 2066 2972 2138 siquidem
3017 2073 3190 2122 antea
3232 2075 3602 2135 convenerat,
3638 2074 3702 2125 ut

2057 2149 2140 2204 illi
2173 2152 2271 2222 qui
2307 2152 2470 2223 prius
2503 2161 2845 2218 moreretur,
2881 2154 2998 2209 sive
3042 2154 3343 2224 Paulinus,
3379 2158 3497 2213 sive
3541 2159 3703 2218 Mele-

2057 2239 2173 2294 tius
2204 2241 2371 2310 foret,
2406 2241 2606 2296 nullus
2645 2245 3081 2313 subrogarctur,
3116 2250 3172 2297 et
3222 2250 3524 2316 superstes
3557 2247 3704 2303 alter

2055 2328 2478 2385 Antiochenam
2513 2331 2707 2385 sedem
2753 2338 3077 2401 occuparet.
3133 2336 3260 2388 Haec
3293 2333 3555 2405 inquam,
3595 2336 3671 2390 fui

2053 2417 2312 2492 Gregorii
2365 2420 2672 2487 sententia,
2724 2420 2815 2476 cui
2863 2421 3096 2492 quidem
3149 2421 3196 2476 si
3243 2423 3428 2477 caeteri
3466 2422 3696 2495 paruis-

2054 2513 2201 2575 sent,
2257 2526 2469 2583 magna
2525 2508 2626 2564 illa
2670 2508 2742 2564 lis
2791 2509 3114 2582 composita
3165 2511 3385 2566 fuisset.
3439 2512 3696 2570 Suadere

2051 2601 2294 2653 conatus
2325 2603 2435 2661 est,
2471 2603 2535 2653 ut
2563 2599 2853 2656 sineretur
2895 2598 3194 2670 Paulinus,
3225 2599 3350 2670 jam
3379 2599 3539 2656 senio
3568 2618 3699 2658 con-

2053 2685 2258 2755 fectus,
2294 2687 2491 2758 paucis
2521 2687 2729 2742 diebus
2762 2689 2980 2758 quibus
3029 2687 3146 2746 vita
3195 2695 3493 2762 superstes
3529 2690 3695 2760 foret,

2052 2774 2213 2831 solus
2236 2775 2654 2830 Antiochenam
2683 2777 2878 2830 sedem
2904 2793 3226 2850 occupare;
3259 2794 3374 2850 quo
3397 2777 3692 2844 defuncto,

2051 2861 2108 2917 in
2142 2865 2268 2942 ejus
2301 2867 2439 2918 tunc
2489 2863 2678 2918 locum
2734 2863 3119 2937 subrogarent
3165 2865 3487 2921 Orientales
3520 2884 3692 2937 quem

2049 2949 2279 3005 vellent.
2318 2954 2444 3004 Haec
2475 2952 2600 3021 ejus
2636 2951 2791 3006 fuere
2823 2952 2998 3007 verba
3029 2952 3095 3006 ad
3149 2953 3372 3008 concilii
3407 2954 3690 3011 Constan-

2049 3038 2413 3110 tinopolitani
2470 3040 2663 3094 Patres
2711 3040 2833 3109 (a):
2879 3063 2906 3089 ‹‹
2959 3041 3258 3096 Thronum
3312 3043 3558 3099 retineat
3589 3044 3691 3115 qui

2047 3128 2234 3182 tenuit
2265 3128 2330 3182 ad
2367 3126 2520 3182 hunc
2550 3129 2705 3182 diem
2737 3129 2967 3200 (nempe
3015 3128 3318 3200 Paulinus)
3353 3147 3365 3186 :
3402 3131 3539 3202 quid
3576 3131 3683 3187 hoc

2046 3216 2293 3272 nocebit.
2329 3237 2357 3264 »
2389 3220 2499 3281 etc,
2531 3216 2684 3270 Nihil
2716 3224 2835 3270 tam
2872 3217 3140 3288 prudenti
3189 3221 3476 3274 sententia
3506 3218 3687 3302 profe-

2045 3305 2123 3359 cit
2153 3304 2751 3376 Gregorius,adeoque
2783 3323 2893 3359 non
2929 3309 3218 3376 persuasit
3250 3307 3404 3390 quod
3437 3307 3682 3379 volebat,

2044 3411 2147 3448 nec
2179 3394 2532 3448 dissidentes
2560 3395 2630 3447 ad
2662 3394 3031 3460 concordiam
3075 3397 3376 3462 revocavit,
3414 3402 3477 3452 ut
3508 3400 3681 3452 etiam

2041 3483 2304 3537 omnium
2339 3483 2392 3534 in
2427 3499 2488 3537 se
2520 3481 2652 3536 odia
2685 3482 3035 3538 incenderet.
3071 3482 3128 3538 In
3169 3501 3273 3538 sua
3325 3489 3516 3540 tamen
3552 3503 3682 3540 sen-

2042 3572 2243 3637 tentia,
2277 3570 2361 3624 vir
2383 3570 2529 3641 justi
2565 3571 2818 3646 rectique
2849 3577 3041 3640 tenax,
3056 3577 3391 3636 constanter
3421 3589 3681 3646 perseve-

2043 3660 2206 3729 ravit,
2240 3663 2600 3717 contestatus
2631 3675 2693 3714 se
2724 3659 2932 3714 throno
2983 3659 3296 3730 episcopali
3335 3663 3528 3731 potius
3557 3678 3682 3718 ces-

2040 3764 2267 3805 surum.
2301 3763 2476 3818 quam
2512 3754 2576 3802 ut
2605 3763 2722 3816 eos,
2755 3747 2802 3800 si
2840 3763 3015 3818 prava
3045 3749 3437 3815 decernerent,
3471 3765 3681 3819 seque-

2040 3843 2216 3890 retur.
2252 3838 2384 3902 Quaa
2424 3834 2682 3908 Gregorii
2724 3834 3066 3896 contestatio
3097 3835 3387 3889 indecoris
3443 3841 3683 3916 excepta

2039 3931 2126 3979 est
2158 3925 2511 3978 clamoribus
2559 3925 2633 3994 (b)
2669 3942 2680 3978 :
2720 3943 2746 3972 «ι
2793 3922 3103 3977 Clamitent
3151 3921 3232 3976 illi
3284 3922 3561 3992 undique,
3620 3929 3682 3979 ut

2039 4012 2410 4084 graculorum
2442 4013 2633 4078 turba,
2669 4033 2696 4060 »
2728 4010 3046 4081 etc.ltaque
3072 4009 3529 4079 vicitjuniorum
3562 4013 3680 4083 epi-

2039 4115 2348 4171 scoporum
2381 4099 2573 4166 factio,
2618 4100 2717 4170 qui
2762 4099 3017 4154 seniores
3060 4101 3116 4170 in
3150 4115 3318 4155 suam
3353 4106 3680 4172 pertraxere

2039 4190 2390 4245 sententiam
2417 4205 2430 4255 ;
2459 4193 2633 4258 atque
2662 4187 3025 4255 etiam,haud
3057 4187 3294 4259 Quidam
3331 4204 3432 4258 per
3459 4202 3542 4253 se,
3577 4188 3674 4244 sed

2038 4295 2141 4351 per
2169 4277 2427 4349 Gregorii
2460 4275 2795 4346 familiares,
2829 4276 3016 4347 ipsius
3038 4276 3422 4332 constantiam
3459 4282 3681 4333 tentare

2037 4367 2165 4424 ausi
2199 4372 2430 4433 sunt,ut
2458 4366 2771 4421 suaderent
2805 4366 2859 4419 id
2894 4365 3048 4436 quod
3082 4368 3154 4420 de
3179 4364 3450 4426 Flaviano
3481 4367 3542 4421 in
3571 4371 3683 4422 Me-

2036 4456 2156 4512 letii
2192 4455 2382 4512 locum
2415 4454 2824 4510 substituendo
2857 4454 3207 4525 cogitabant.
3239 4454 3348 4512 Sed
3383 4455 3679 4525 repulsam

2039 4545 2194 4617 passi
2229 4549 2386 4609 sunt,
2426 4563 2454 4592 ιι
2485 4541 2632 4608 Quid
2666 4557 2903 4597 necesse
2931 4548 3022 4597 est
3072 4543 3282 4608 dicere,
3337 4543 3555 4612 quibus
3584 4558 3681 4597 ve-

274 4652 304 4677 ‹‹
340 4647 626 4701 sponsum
672 4647 901 4703 sponse
950 4635 1136 4701 daret,
1170 4654 1199 4683 »
1232 4637 1296 4688 ut
1335 4633 1600 4705 loquitur
1629 4639 1928 4708 Nyssenus
1959 4641 2004 4706 Ι)
2038 4635 2204 4689 cibus
2234 4634 2305 4688 ab
2335 4633 2425 4686 bis
2471 4631 2674 4687 amicis
2713 4636 2911 4685 nostra
2941 4632 3184 4686 canities
3215 4630 3324 4686 fuit
3356 4631 3620 4690 tentata?
3651 4652 3680 4680 ››

272 4717 374 4792 qui
411 4718 526 4783 hac
560 4720 652 4775 die
705 4722 1029 4782 orationem
1091 4722 1313 4780 habuit.
1378 4722 1691 4795 Gregorius
1732 4731 1933 4783 noster

271 4806 508 4866 concilii
529 4823 738 4879 presse
761 4809 945 4868 fuisse
974 4811 1285 4879 videtur,si
1313 4811 1510 4867 minus
1531 4814 1731 4870 statim
1757 4821 1932 4888 atque

274 4896 333 4951 in
353 4895 502 4952 solio
526 4898 841 4972 episcopali
864 4901 1222 4960 constitutus
1247 4900 1589 4967 t'uit,saitem
1621 4911 1931 4976 postquam

275 5001 437 5050 mors
467 4986 713 5051 abstulit
747 4989 1068 5057 Meletium,
1121 4988 1293 5046 bonis
1341 4991 1616 5048 omnibus
1657 4991 1932 5065 ﬂebilem,

276 5073 425 5128 nulli
459 5091 591 5132 vero
622 5076 964 5146 ﬂebiliorem
995 5094 1174 5150 quam
1210 5077 1506 5151 Gregorio.
1541 5078 1795 5153 insignis
1827 5082 1933 5137 hoc

276 5163 495 5229 seculo
521 5164 805 5236 moribus,
840 5168 1076 5240 pietate,
1107 5167 1351 5229 scientia
1382 5170 1590 5240 praesul
1627 5168 1735 5226 fuit
1760 5170 1932 5226 Meis-

277 5251 419 5320 tius,
469 5255 726 5311 maxime
779 5273 911 5318 vero
959 5256 1377 5322 certaminibus
1428 5274 1531 5328 pro
1573 5258 1935 5316 defendenda

275 5343 516 5400 veritate
546 5345 830 5408 adversus
862 5347 1166 5410 haereticos
1192 5347 1508 5417 susceptis,
1542 5348 1652 5402 sub
1684 5348 1935 5420 impera-

275 5428 506 5486 toribus
534 5429 896 5499 Constantio,
926 5434 1456 5502 Juliano,Valente,
1484 5452 1517 5491 a
1545 5436 1763 5506 quibus
1785 5455 1938 5510 sepe

277 5517 335 5572 in
385 5521 665 5578 exsilium
695 5524 902 5596 pulsus
951 5525 1080 5581 fuit.
1132 5523 1400 5584 Ecclesia
1448 5541 1651 5598 pacem
1699 5533 1939 5586 sanctus

351 5717 433 5793 (ι)
460 5720 663 5780 Carm.
698 5724 774 5781 De
796 5726 913 5782 vita
940 5740 1059 5796 sua,
1087 5736 1239 5783 vers.
1273 5713 1432 5794 Μ,
1466 5727 1578 5783 ste.

2044 4723 2173 4777 Haec
2205 4728 2261 4775 et
2289 4719 2402 4775 alia
2451 4720 2620 4791 plura
2667 4720 3003 4792 Gregorius,
3052 4719 3150 4791 qui
3203 4720 3682 4791 indignabundus

2045 4834 2072 4863 ιι
2134 4827 2165 4866 e
2223 4811 2416 4865 medio
2476 4810 2680 4880 pedem
2742 4809 2915 4880 ccepit
2967 4811 3255 4864 eximere:
3291 4831 3319 4858 ιι
3367 4808 3484 4862 imo
3540 4814 3599 4863 et
3653 4823 3685 4864 e

2043 4902 2216 4957 domo
2265 4915 2371 4954 sua
2421 4899 2479 4953 in
2532 4898 2704 4952 aliam
2756 4898 3047 4966 migravit,
3082 4897 3392 4953 extrahens
3421 4898 3682 4969 seipsum

2048 5009 2076 5044 ι
2107 5005 2141 5044 a
2173 4987 2462 5061 profundo
2491 4985 2768 5051 ecclesiae,
2804 5005 2834 5036 υ
2869 4986 2965 5040 ubi
2995 4986 3206 5041 domus
3228 4989 3353 5041 erat
3381 4986 3681 5058 episcopa-

2043 5079 2136 5144 iis,
2155 5082 2218 5136 ut
2248 5074 2448 5147 procul
2479 5080 2635 5130 esset
2666 5095 2695 5125 ι)
2729 5089 2762 5129 a
2795 5074 2965 5130 malis
2997 5075 3368 5130 sermonibus
3395 5079 3451 5128 et
3479 5089 3685 5130 sonve-

2044 5167 2265 5223 tibus.»
2296 5163 2370 5220 Ut
2399 5163 2620 5218 audivit
2643 5163 2895 5235 papulas
2916 5164 3154 5218 domum
3183 5178 3215 5218 a
3235 5163 3510 5235 Gregorio
3525 5177 3685 5218 com-

2045 5261 2333 5312 mutatam
2363 5269 2511 5323 esse,
2549 5269 2692 5324 pene
2723 5251 3064 5307 incredibile
3094 5257 3183 5307 est
3213 5252 3429 5324 quibus
3459 5251 3686 5323 gemiti-

2049 5347 2178 5410 bus,
2202 5349 2344 5415 quot
2368 5347 2425 5397 et
2457 5342 2696 5413 quantis
2724 5341 2995 5413 lacrymis
3027 5345 3318 5412 pastorem
3353 5356 3526 5395 suum
3561 5357 3688 5396 om-

2049 5450 2151 5490 nes
2182 5430 2457 5487 Catholici
2491 5430 3011 5502 deﬂerent,quibus
3028 5431 3482 5494 orationibus,ut
3498 5444 3532 5484 a
3555 5447 3692 5501 pro-

2048 5523 2239 5598 posito
2259 5521 2586 5591 desisteret,
2620 5535 2756 5576 cum
2787 5537 2854 5578 eo
2876 5520 3419 5579 contenderent.His
3451 5519 3690 5594 quidem

2127 5722 2201 5794 (ιω)
2231 5719 2404 5787 ibid.,
2433 5733 2584 5776 vers.
2619 5717 2776 5773 1683.
