4152 6208
297 499 614 567 rogaretur.
681 491 1028 561 Priusquam
1113 487 1454 553 discederet,
1523 489 1943 541 testamentum
1975 499 2029 566 Α

295 585 574 650 condidit,
597 582 753 654 quod
787 579 1108 635 etiamnum
1137 581 1346 643 exstat,
1372 575 1654 647 appositis
1689 575 1945 646 plurium

294 676 705 746 episcoporum
749 667 1111 730 nominibus,
1144 665 1242 736 qui
1275 671 1414 720 tunc
1446 659 1944 734 Constantinopoli

293 762 708 817 versabantur.
779 780 808 806 ‹‹
869 757 1021 811 Sane
1069 760 1488 809 testamentum
1533 752 1661 820 hoc,
1695 773 1723 800 η
1757 750 1952 822 inquit

295 850 652 908 Possevinus
693 847 790 917 (α),
854 843 1271 916 dignissimum
1333 847 1444 910 est,
1501 840 1559 895 in
1618 841 1770 911 quod
1839 838 1954 910 epi-

298 939 479 1010 scopi,
515 937 734 1009 quique
765 933 1092 989 sacerdotia
1121 931 1362 1004 pinguia
1399 934 1618 994 tenent,
1669 928 1820 984 serio
1864 927 1954 981 in-

296 1029 577 1101 spiciant,
625 1039 880 1094 eumque
937 1021 1266 1085 imitentur,
1324 1020 1372 1076 si
1431 1018 1611 1073 velint
1663 1016 1863 1090 procul
1924 1032 1958 1071 a

300 1133 472 1173 carne
503 1121 564 1170 et
593 1114 882 1185 sanguine
913 1111 1027 1166 sibi
1083 1115 1140 1164 et
1202 1109 1536 1164 animarum
1597 1105 1772 1162 saluti
1803 1104 1953 1160 serio

299 1203 632 1262 consulere.

445 1308 654 1366 CLXII.
689 1337 758 1347 --
790 1306 1145 1360 Nazianzum
1175 1305 1478 1359 revertitur
1510 1301 1818 1372 Gregorius.

376 1416 722 1489 Gregorius,
756 1417 843 1468 tot
872 1411 1143 1484 gloriosis
1174 1410 1454 1466 adversus
1512 1405 1815 1461 haereticos
1866 1404 1964 1458 de-

303 1510 553 1562 functus
587 1503 925 1576 praeliis,tot
955 1499 1266 1556 exantlatis
1285 1497 1584 1553 laboribus
1607 1495 1678 1550 ad
1699 1509 1967 1565 reparam

302 1599 442 1652 dam
478 1595 655 1649 fidem
690 1592 1019 1662 antiquam,
1043 1605 1172 1659 quae
1205 1603 1349 1659 pene
1379 1584 1636 1656 collapsa
1658 1591 1783 1638 erat
1797 1586 1970 1635 Cons-

303 1681 686 1753 tantinopoli,
712 1679 967 1750 denique
998 1683 1081 1732 tot
1111 1678 1286 1731 rebus
1310 1673 1580 1746 praeclare
1611 1672 1972 1744 gestis.gau-

305 1775 404 1828 dio
436 1771 698 1845 gestiens
730 1767 973 1839 patriam
1010 1766 1236 1836 repetit,
1269 1764 1327 1818 in
1360 1780 1478 1834 qua
1501 1778 1562 1816 se
1593 1766 1708 1816 otio
1740 1777 1804 1814 ac
1836 1758 1971 1830 qui-

1631 353 1817 416 VITA
1862 352 1931 414 8.
1977 348 2377 414 GBEGORII.

3576 355 3699 416 930

2305 484 2462 537 Hanc
2488 481 2656 542 enim,
2689 496 2813 534 cum
2851 481 3132 551 defecisset

2306 555 2449 607 Pene
2479 569 2610 606 vera
2638 551 2908 620 doctrina,

2306 624 2549 680 Servavit
2579 624 2726 693 tigno

2308 699 2545 762 Magnus
2582 700 2738 764 pater
2765 709 2940 757 meus,

2309 768 2486 821 Totius
2516 770 2686 820 totam
2721 766 2999 820 Trinitatis

2311 837 2349 892 C
2354 838 2602 892 ultricem
2633 836 2882 891 reddens.

2311 911 2460 963 Hanc
2489 910 2756 977 afﬂictam
2786 908 2986 978 absque
3012 909 3274 979 praesule,

2314 980 2469 1035 Velut
2500 996 2694 1035 navem
2727 981 2787 1032 in
2815 979 2948 1044 allo,

2311 1054 2597 1108 carentem
2622 1051 2984 1121 gubernatore

2316 1123 2586 1178 Jactatam
2614 1127 2936 1190 tempestate

2325 1193 2688 1248 Maximorum
2718 1193 3017 1261 malorum,

2316 1265 2620 1319 Extra/iere
2648 1280 2676 1318 e
2705 1266 2926 1332 gurgite
2955 1263 3222 1318 volebam.

2147 1356 2289 1407 Cum
2323 1369 2454 1407 vero
2489 1353 2651 1407 navis
2684 1368 2828 1423 pene
2859 1353 3162 1408 confractus
3195 1352 3422 1408 clavum
3481 1371 3586 1409 nec
3637 1359 3721 1411 te-

2077 1457 2212 1496 nere
2234 1441 2345 1512 ipsi
2369 1444 2602 1496 animus
2628 1446 2801 1502 esset.
2827 1457 2931 1496 nec
2957 1458 3057 1512 per
3072 1440 3464 1498 valetudinem
3487 1443 3724 1514 liceret;

2080 1549 2305 1586 memor
2340 1537 2538 1587 tamen
2571 1531 2647 1602 pii
2683 1531 2942 1602 parentis
2973 1531 3031 1584 in
3091 1531 3199 1585 hac
3249 1533 3627 1602 gubernanda
3673 1539 3730 1592 et

2079 1620 2461 1676 instauranda
2490 1619 2778 1685 laborum,
2801 1636 2928 1674 eam
2957 1619 3188 1691 penitus
3213 1622 3516 1692 naufragio
3540 1624 3725 1693 perire

2081 1726 2195 1765 non
2233 1711 2468 1765 ferebat.
2501 1715 2699 1780 Itaque
2740 1709 2928 1764 virum
2963 1709 3304 1780 frangendis
3351 1711 3726 1767 aestuanlium

2084 1799 2374 1853 undarum
2406 1798 2740 1853 incursibus
2771 1798 3042 1852 idoneum
3076 1799 3124 1853 ei
3159 1799 3448 1868 praeficere
3477 1800 3721 1867 curavit,

309 1868 401 1959 se
434 1864 759 1959 optataque
791 1855 1108 1959 είξιιξυάιηθ
1133 1853 1463 1959 rerum“:
1485 1848 1969 1959 seres-933;
2001 1877 2046 1942 B
2079 1887 2266 1942 νίηηη
2300 1848 3446 1959 qna;ab};{instigatae}
3471 1848 3725 1948 ligas};

309 1953 408 2005 dio
440 1958 642 2003 tamen
678 1945 998 2017 permistus
1029 1947 1152 1997 erat
1184 1941 1347 1996 dolor
1376 1956 1390 1994 :
1437 1956 1550 1993 non
1599 1938 1752 1993 enim
1801 1936 1972 1991 siccis

312 2039 503 2096 oculis
535 2037 741 2091 dulces
774 2039 963 2100 natos,
988 2047 1134 2102 quos
1167 2033 1223 2085 in
1257 2027 1542 2084 catholica
1582 2027 1696 2081 fide
1752 2039 1973 2097 genue-

311 2135 424 2190 rat,
459 2134 518 2181 et
549 2126 788 2179 charam
823 2121 999 2191 liquit
1031 2117 1420 2174 Auastasiam.
1454 2117 1513 2170 In
1546 2113 1736 2169 natale
1781 2113 1972 2168 solum

314 2233 467 2288 aeger
500 2211 756 2275 advenit,
792 2227 896 2265 nec
928 2208 1143 2263 idcirco
1175 2223 1342 2261 suam
1375 2204 1803 2259 abdicationem
1851 2199 1974 2272 plu-

317 2308 487 2360 ribus
549 2309 689 2355 tunc
747 2296 1113 2370 approbavit,
1172 2294 1305 2348 licet
1361 2291 1702 2364 praiclarum
1749 2289 1975 2344 facinus

320 2399 486 2447 tanta
522 2389 613 2444 sui
655 2386 943 2442 oblivione
973 2385 1295 2449 decretum,
1319 2386 1485 2436 tanta
1517 2379 1695 2434 animi
1729 2377 1977 2433 elatione

321 2482 822 2541 consummatum,
856 2490 1058 2529 omnes
1093 2471 1333 2543 posthac
1365 2467 1559 2524 mirati
1591 2469 1727 2522 sint.
1753 2465 1978 2520 Amico-

325 2587 460 2625 rum
494 2566 663 2622 νέαι-ιω
695 2565 767 2618 de
793 2564 901 2618 hac
934 2579 994 2616 re
1025 2560 1329 2632 opiniones
1360 2557 1702 2629 Gregorium
1734 2572 1850 2610 non
1895 2552 1977 2609 la-

324 2662 589 2713 tuerunt.
627 2653 940 2724 Philagrio,
974 2651 1095 2704 viro
1128 2647 1454 2720 spectabili,
1474 2644 1854 2715 semetipsum
1880 2657 1980 2714 per

325 2747 558 2802 litteras
589 2742 885 2798 excusanti
921 2739 1077 2811 quod
1111 2753 1243 2792 eum
1305 2753 1417 2790 non
1475 2733 1769 2795 inviseret,
1801 2749 1867 2787 ac
1905 2733 1977 2786 ti-

330 2851 491 2890 mere
524 2850 586 2887 se
617 2830 967 2902 signiﬁcanti
1014 2843 1087 2881 ne
1117 2825 1293 2880 nimis
1327 2823 1757 2878 inconsiderate
1810 2835 1979 2875 suam

329 2925 459 2994 ipse
491 2919 804 2992 Gregorius
838 2915 1154 2972 Ecclesiam
1184 2911 1558 2975 deseruisset,
1601 2918 1682 2964 ita
1740 2924 1982 2978 respon-

329 3013 419 3066 dit
447 3010 566 3080 (b):
603 3031 631 3057 ‹‹
669 3007 736 3061 Et
765 3021 857 3060 me
887 3004 1032 3060 scito
1059 3002 1375 3058 admodum
1410 3000 1626 3054 afﬂicta
1654 3013 1782 3053 esse
1828 2995 1982 3051 vale-

327 3099 609 3154 tudine...
644 3093 821 3150 Nobis
852 3093 1306 3163 haudquaquam
1340 3104 1514 3160 parva
1541 3085 1800 3155 levisque
1859 3098 1983 3137 mo-

333 3186 522 3242 menti
557 3193 691 3239 sun‘
727 3200 814 3245 ea,
857 3183 927 3236 de
959 3181 1176 3252 quibus
1204 3176 1528 3248 scripsisti:
1591 3173 1832 3245 proinde
1882 3185 1985 3225 nec

339 3277 451 3348 ipsi
488 3270 879 3346 perfunctorie
909 3246 1373 3340 et-negligenter,
1405 3264 1502 3319 sed
1553 3277 1831 3333 perquam
1890 3275 1982 3314 ac-
2014 3246 2059 3312 C

338 3371 566 3430 curate,
598 3361 963 3416 considerata
992 3374 1051 3412 re
1083 3362 1258 3427 atque
1289 3368 1595 3425 perpensa,
1627 3351 1698 3405 ad
1757 3350 1866 3405 hoc
1895 3350 1990 3418 ju-

340 3453 565 3509 dicium
597 3451 883 3505 venimus.
917 3445 1076 3502 Fessi
1109 3461 1172 3499 ac
1201 3442 1365 3498 fracti
1393 3456 1620 3506 sumus,
1658 3454 1790 3492 cum
1841 3435 1987 3491 invi-

339 3543 460 3606 dia,
477 3546 694 3595 etcum
715 3539 895 3592 sacris
915 3532 1207 3606 episcopis
1229 3545 1600 3587 communem
1619 3524 1988 3583 concordiam

341 3628 783 3691 dirimentibus,
802 3625 1052 3694 ﬁdeique
1073 3637 1310 3676 causam
1331 3617 1572 3690 privatis
1601 3613 1986 3670 contentioni-

342 3721 457 3774 bus
486 3716 859 3789 posteriorem
890 3701 1991 3775 habentibus,concertantes.Quocirca

341 3806 562 3878 navigii
599 3819 849 3876 proram,
883 3806 948 3856 ut
976 3801 1088 3855 dici
1121 3798 1288 3864 solet,
1323 3799 1673 3862 convertere,
1697 3807 1986 3863 nosque...

341 3897 403 3951 in
438 3911 548 3950 nos
578 3894 738 3964 ipsos
767 3890 1035 3961 colligere
1067 3886 1465 3942 decrevimus:
1491 3889 1663 3953 atque
1692 3880 1837 3937 alios
1866 3879 1992 3951 qui-

343 3986 482 4040 dem
513 3982 744 4038 eminus
775 3986 1035 4052 spectare
1058 3980 1266 4032 mutuo
1296 3990 1357 4030 se
1389 3973 1756 4043 impotentes.
1789 3990 1817 4019 ››

416 4089 660 4145 CLXIII.
695 4091 1015 4158 Episcopum
1045 4083 1316 4208 Nazi‘anzi
1343 4079 1671 4137 constituere
1705 4078 1921 4148 frustra

1040 4171 1176 4208 cana
1201 4170 1288 4208 ur.

1040 4170 1288 4210 conatur.

414 4272 690 4324 Attamen
722 4265 778 4320 in
813 4264 1066 4338 patriam
1098 4275 1324 4316 reverso
1381 4274 1450 4314 ea
1507 4255 1622 4312 frui
1649 4253 1869 4326 requie,
1899 4252 1993 4308 cui

345 4363 656 4428 tantopere
687 4354 979 4422 studebat,
1026 4367 1130 4407 nec
1187 4347 1505 4404 domestico
1565 4344 1766 4400 statim
1831 4341 1996 4397 licuit

343 4445 544 4502 otiari.
581 4444 834 4498 V'acabat
867 4457 969 4513 per
998 4439 1055 4494 id
1087 4436 1368 4508 temporis
1399 4433 1662 4491 Ecclesia:
1689 4431 1997 4487 Nazianze-

346 4553 432 4591 οδε
467 4534 657 4595 sedes,
692 4533 1079 4602 nequicquam
1107 4528 1420 4581 Sozomeno
1451 4521 1810 4578 contrarium
1844 4519 1993 4574 scri-

2082 1977 2383 2031 custodem
2419 1992 2618 2030 recens
2680 1976 3087 2036 constitutum.
3137 1983 3343 2033 caetera
3391 1978 3725 2045 virtutibus,

2083 2065 2285 2134 quales
2324 2063 2383 2118 in
2417 2065 2690 2134 episcopo
2723 2064 3007 2134 requiras,
3033 2065 3340 2136 insigniter
3369 2073 3641 2122 ornatum
3675 2072 3732 2123 et

2084 2153 2316 2206 abunde
2348 2153 2722 2206 instructum.
2747 2151 2953 2205 Verum
2987 2169 3151 2222 spem
3185 2154 3464 2209 mentitus
3489 2160 3580 2210 est
3613 2155 3730 2210 exi.

2084 2247 2201 2304 tus,
2224 2240 2507 2312 ﬂagrante
2529 2240 2748 2293 invidia
2772 2241 3239 2311 presbyterorum
3269 2242 3529 2298 Ecclesiae
3553 2262 3567 2309 ;
3594 2261 3733 2315 qua.

2087 2346 2215 2384 rum
2245 2346 2375 2399 pars
2403 2346 2436 2384 a
2469 2329 2745 2400 Gregorio
2767 2328 3225 2384 Sarcolatrarum
3268 2329 3561 2402 appellata
3584 2331 3730 2404 (Til-

2086 2418 2404 2474 lemontius
2427 2417 2875 2488 Apollinaristas
2905 2416 3341 2490 interpretatur)
3358 2420 3547 2490 palam
3572 2438 3732 2494 aper-

2085 2513 2257 2580 teque
2288 2507 2684 2579 repugnabat;
2717 2524 2849 2577 pars
2879 2507 3334 2565 obsecundantis
3359 2512 3549 2581 specie
3579 2509 3732 2566 clan-

2087 2596 2285 2653 culum
2317 2597 2773 2651 adversabatur:
2808 2596 3082 2667 quodque
3113 2599 3299 2669 magis
3321 2599 3549 2666 mirere,
3579 2599 3730 2656 anti-

2089 2685 2257 2740 stites
2287 2684 2386 2755 qui
2418 2700 2480 2738 se
2534 2683 2794 2754 Gregorii
2851 2683 3075 2739 amicos
3135 2685 3572 2756 profitebantur,
3625 2688 3728 2760 qui

2089 2790 2257 2829 suam
2288 2773 2367 2826 illi
2401 2773 2510 2826 hac
2542 2772 2597 2826 in
2642 2790 2700 2827 re
2729 2789 2896 2843 opem
2929 2778 3096 2828 erant
3125 2776 3391 2845 prolessi,
3429 2777 3597 2832 fidem
3630 2779 3733 2832 da-

2092 2868 2208 2917 tam
2245 2860 2588 2916 fefelleruut.
2624 2862 2807 2924 Quam
2869 2877 3040 2933 porro
3097 2865 3350 2934 graviter
3404 2865 3461 2920 id
3511 2867 3732 2936 tulerit,

2092 2951 2184 3005 his
2214 2955 2384 3020 atque
2416 2948 2547 3004 aliis
2587 2949 2778 3004 verbis
2835 2951 2894 3003 in
2950 2951 3151 3006 eodem
3215 2953 3473 3010 carmine
3512 2954 3734 3027 signiti-

2062 3043 2223 3097 .cat:

2345 3132 2732 3201 Verumtamen
2765 3128 3013 3201 deceptus
3040 3138 3188 3198 sunt,
3220 3147 3249 3186 o
3284 3133 3522 3187 Trinitas

2341 3200 2380 3254 A
2413 3217 2497 3254 me
2522 3200 2826 3270 praedicata
2847 3205 2866 3255 Ι

2349 3273 2520 3326 Periit
2549 3271 2682 3340 ﬁdes
2712 3276 2771 3325 in
2805 3272 2989 3342 Deum,

2342 3343 2516 3397 Periit
2545 3358 2615 3396 ex
2641 3344 2974 3398 hominibus.

2345 3414 2458 3486 Quo
2488 3416 2611 3484 quis
2639 3431 2696 3469 se
2723 3417 3014 3483 conferat?
3041 3422 3092 3470 et
3119 3416 3312 3486 quibus

2342 3485 2543 3555 Jungat
2571 3500 2626 3539 se
2653 3500 2854 3539 socium
2873 3489 2898 3538 .9

2168 3572 2398 3628 CLXIV.
2433 3574 2730 3626 Arianzum
2763 3588 2819 3626 se
2848 3573 3068 3712 rec;pit,
3099 3581 3150 3629 et
3189 3573 3315 3629 inde
3358 3575 3667 3631 Cesaream

2759 3660 2813 3698 se
2840 3659 2938 3698 con
2967 3653 3070 3698 ert.

2759 3660 2813 3698 86
2840 3653 3070 3698 confert.

2166 3733 2313 3789 Tum
2344 3748 2479 3786 vero
2500 3730 2831 3802 Gregorius,
2861 3731 3177 3786 commissa
3197 3730 3468 3786 Cledonio
3496 3733 3735 3804 presby-

2095 3826 2219 3878 tero
2241 3823 2611 3878 Nazianzenaa
2643 3819 2908 3874 Ecclesiae
2939 3835 3096 3886 cura,
3148 3819 3484 3882 Arianzum,
3517 3820 3574 3873 in
3635 3821 3736 3876 do-

2099 3927 2262 3965 mum
2295 3917 2622 3981 paternam,
2654 3907 3004 3962 valetudinis
3061 3924 3238 3962 causa
3295 3912 3352 3961 et
3398 3906 3737 3964 solitudinis

2099 4015 2296 4056 amore
2328 4015 2388 4052 se
2421 3997 2652 4068 recepit,
2676 4011 2782 4050 nec
2810 4000 2942 4049 ante
2975 3996 3232 4050 medium
3263 3994 3491 4052 circiter
3515 4013 3738 4054 annum

2099 4088 2204 4142 382
2232 4086 2579 4141 Nazianzum
2613 4097 2878 4139 reversus
2909 4087 3016 4138 est.
3041 4083 3360 4140 Caesaream
3419 4084 3641 4142 interea
3679 4103 3744 4143 se

2100 4173 2366 4238 contulit,
2399 4180 2463 4227 ut
2495 4170 2704 4226 Basilio
2737 4172 2967 4242 Magno,
2992 4172 3183 4229 tribus
3204 4173 3418 4230 abhinc
3437 4191 3614 4247 prope
3634 4193 3741 4231 an-

2102 4264 2193 4319 nis
2225 4263 2294 4317 ad
2328 4276 2572 4333 superos
2611 4265 2862 4329 evocato,
2917 4261 3081 4330 justa
3139 4261 3523 4332 persolveret:
3586 4264 3741 4335 quod

2103 4353 2340 4426 quidem
2376 4351 2434 4404 in
2467 4350 2726 4405 oratione
2753 4366 2907 4405 nunc
2937 4365 3043 4404 Lxu
3075 4351 3163 4406 sic
3196 4355 3507 4407 exsecutus
3537 4356 3648 4416 est,
3681 4355 3745 4408 ut

2100 4442 2158 4497 in
2196 4439 2487 4513 praeclaris
2519 4437 2690 4494 amici
2727 4438 3083 4494 facinoribus
3142 4440 3490 4495 enarraudis
3538 4456 3743 4495 omnes

2103 4531 2445 4603 eloquentiae
2500 4527 2840 4582 Christiana
2896 4544 3034 4600 Opes
3129 4529 3521 4601 profunderet,
3567 4535 3744 4601 atque

344 4626 540 4679 beate.
576 4625 735 4675 Hanc
764 4619 919 4675 enim
947 4616 1061 4673 sibi
1092 4612 1498 4670 charissimam
1533 4608 1872 4677 Ecclesiam,
1896 4623 1979 4662 na-

2101 4619 2590 4679 obtrectatoribus
2616 4619 2714 4690 qui
2748 4617 2946 4673 Basilii
3008 4619 3264 4675 indolem
3313 4635 3610 4687 accusare,
3643 4622 3748 4674 aut

345 4713 433 4766 vis
466 4713 654 4765 instar
709 4709 948 4763 ductore
1006 4705 1280 4768 carentis,
1342 4699 1551 4756 mediis
1605 4699 1666 4753 in
1717 4696 1993 4752 fluctibus

343 4804 664 4863 errantem,
722 4795 992 4870 procellis
1044 4799 1234 4850 actam
1307 4794 1364 4846 et
1440 4785 1990 4860 Apollinaristarum

345 4890 687 4944 incursibus
738 4890 1059 4958 patentem,
1116 4899 1151 4937 a
1206 4895 1269 4936 se
1326 4879 1621 4933 inventam
1681 4874 1994 4945 Gregorius

343 4979 474 5051 ipse
502 4982 757 5032 testatur
813 4975 1063 5030 iambico
1112 4968 1371 5026 carmine
1427 4965 1567 5022 olim
1621 4979 1779 5034 xxxii,
1839 4978 1995 5017 nunc

344 5083 448 5122 cu
479 5066 554 5137 (c)
580 5081 593 5118 :

598 5153 730 5208 Cum
764 5154 912 5207 enim
939 5153 1226 5214 venissem,
1255 5146 1559 5219 peregrina

597 5226 872 5296 Linquens
901 5223 1081 5278 sedem
1106 5225 1291 5284 terra,

600 5295 935 5367 Dulcemque
960 5295 1170 5366 plebem

601 5368 662 5424 Ut
691 5368 820 5435 vidi,
841 5359 1039 5421 statim
1068 5364 1240 5419 menti
1268 5359 1508 5416 occurrit

596 5442 754 5499 Area,
789 5453 914 5509 qua?
940 5438 1055 5492 sola

596 5511 812 5581 bﬂ'ugit
841 5509 1330 5566 inundationem...

412 5636 502 5779 ξῗ)
529 5635 736 5718 Appar.
766 5649 902 5699 sac.,
937 5650 994 5707 p.
1025 5633 1156 5687 671.

467 5710 490 5773 )
520 5705 710 5779 Epist.
739 5705 818 5764 al.
843 5706 936 5762 65.

467 5710 490 5773 9
520 5705 710 5780 Epist.
739 5705 818 5764 al.
843 5706 936 5762 es.

2103 4713 2231 4784 ejus
2260 4711 2331 4764 de
2356 4707 2578 4780 Spiritu
2610 4715 2811 4762 sancto
2843 4707 3192 4774 doctrinam,
3223 4713 3280 4763 et
3309 4708 3365 4762 in
3426 4725 3494 4764 ea
3532 4707 3745 4779 praedi-

2103 4800 2289 4857 canda
2321 4814 2540 4853 morem
2571 4812 2805 4867 carpere
2863 4797 2991 4852 ausi
3050 4800 3299 4863 fuerant,
3336 4812 3402 4852 os
3430 4797 3490 4850 in
3542 4811 3747 4868 perpe-

2107 4896 2277 4944 tuum
2312 4885 2661 4942 occluderet.

2413 4963 2613 5056 CLXV.
2645 4971 2791 5041 Quid
2821 4973 2880 5027 in
2907 4972 3210 5029 solitudine
3238 4982 3439 5044 ageret.

2174 5070 2238 5120 In
2270 5062 2586 5119 solitudine
2618 5076 2732 5132 quo
2791 5065 2956 5131 pacto
3024 5079 3086 5118 se
3130 5062 3368 5118 haberet
3406 5059 3740 5133 Gregorius.

2105 5155 2322 5228 quibus
2353 5152 2527 5206 rebus
2554 5153 2803 5214 vacaret,
2828 5165 2940 5219 quo
2963 5166 3138 5206 sensu
3162 5151 3405 5222 amicos,
3428 5167 3543 5222 quo
3565 5147 3744 5205 etiam

2102 5243 2373 5301 inimicos
2403 5242 2869 5312 prosequeretur,
2910 5239 3174 5295 scribens
3227 5241 3299 5295 ad
3359 5237 3744 5294 Amazonium

2104 5334 2351 5405 ipsemet
2380 5327 2638 5382 declarat
2668 5327 2760 5382 his
2791 5327 2982 5383 verbis
3014 5329 3124 5399 (d):
3164 5351 3191 5380 ‹‹
3223 5329 3283 5385 Si
3314 5329 3447 5401 quis
3481 5341 3746 5383 commu.

2103 5422 2266 5476 nium
2297 5417 2642 5483 amicorum,
2676 5431 2822 5486 quos
2848 5417 3168 5486 permultos
3210 5435 3339 5474 esse
3393 5415 3648 5481 confido,
3681 5429 3751 5470 ex

2102 5516 2159 5567 te
2192 5510 2580 5584 percontetur,
2613 5502 2713 5559 ubi
2745 5521 2900 5562 nunc
2930 5506 3263 5579 Gregorius,
3290 5512 3349 5564 et
3376 5506 3520 5578 quid
3549 5515 3745 5560 rerum

2172 5616 2256 5763 li
