4152 6208
431 362 544 431 ιιι

1761 357 1950 418 νιτΑ
1993 353 2058 416 Β.
2106 350 2506 416 ORIGORII.

439 499 595 567 agat,
627 493 816 549 dicere
847 508 918 547 ne
947 491 1181 548 dubites
1219 505 1354 546 eum
1401 489 1600 562 quiete
1645 505 1712 545 as
1757 485 2074 559 tranquille
2103 487 2158 556 Α
2187 484 2556 542 Theodorum
2580 483 2917 555 episcopum
2941 485 3304 552 Tyanensem
3329 481 3615 542 scribens.
3660 503 3689 536 ε(
3719 487 3834 544 Vo-

445 581 868 655 philosophari,
904 597 1018 635 non
1052 582 1240 651 magis
1261 595 1380 648 eos,
1410 595 1442 632 a
1474 579 1690 650 quibus
1721 578 1938 647 injuria
1966 575 2072 646 ipsi

431 671 544 727 lata
579 677 682 737 est,
711 675 1033 729 curantem.
1069 685 1240 739 quau.
1277 668 1486 734 eos,de
1519 668 1758 738 quibus,
1782 665 1838 726 in
1862 665 2078 718 lucem-

433 776 504 814 ne
535 763 592 814 et
620 758 794 812 vitam
830 756 1168 827 prodierint,
1203 757 1467 827 ignotum
1529 762 1705 827 atque
1755 755 2073 810 obscurum

431 852 549 904 est:
586 848 728 901 adeo
761 845 972 900 invicto
995 851 1082 900 est
1109 845 1288 901 animi
1324 846 1549 900 robore.
1578 845 1739 910 Quod
1775 843 1821 898 si
1854 848 1910 897 te
1942 858 2074 896 rur-

432 953 533 992 sus
563 937 717 990 idem
744 939 922 1004 roget,
947 935 1238 1004 quomodo
1266 934 1588 989 amicorum
1616 931 2073 1004 disjunctionem

430 1025 598 1088 ferat,
625 1041 738 1078 non
762 1025 886 1094 jam
911 1024 1155 1078 ﬁdenter
1175 1023 1528 1098 respondeas
1546 1037 1679 1078 eum
1702 1019 2074 1092 pbi1030pha-

429 1113 498 1178 ri,
534 1128 734 1167 verum
769 1111 965 1166 animo
997 1128 1125 1166 esse
1160 1129 1440 1182 perquam
1474 1109 1685 1168 humili
1719 1115 1776 1165 et
1824 1109 2067 1179 abjecto.

425 1201 534 1256 Alii
567 1201 723 1255 enim
756 1200 814 1253 in
848 1200 977 1254 aliis
1011 1200 1186 1255 rebus
1220 1199 1514 1256 molliores
1549 1202 1712 1269 sunt,
1735 1213 1840 1269 ego
1872 1203 2071 1252 autem

428 1288 486 1343 in
520 1288 777 1343 amicitia
808 1293 865 1342 et
889 1287 1118 1342 amicis.
1153 1310 1180 1337 ››

607 1393 840 1451 CLXVI.
877 1393 1228 1449 Calamilates
1257 1393 1454 1463 quibus
1482 1400 1610 1449 tunc
1638 1391 1896 1464 temporis

919 1467 1294 1536 afﬂictabatur
1324 1466 1584 1520 Ecclesia.

498 1556 627 1612 Hac
658 1556 798 1610 dum
827 1560 1026 1626 ageret
1057 1554 1171 1620 ille,
1221 1559 1538 1626 optatoque
1595 1553 1884 1608 frueretur
1934 1549 2072 1616 otio,

432 1643 882 1699 vehementibus
913 1643 1172 1700 Ecclesia
1214 1643 1481 1715 procellis
1539 1643 1889 1714 agitabatur.
1939 1638 2073 1694 hinc

428 1732 790 1787 Antiochenc
813 1730 1130 1786 schismate
1160 1731 1498 1794 dilacerata,
1533 1729 1693 1784 illinc
1721 1725 2073 1799 Apollinari-

429 1827 656 1876 starum
689 1820 925 1875 turbata
955 1819 1300 1887 conatibus;
1335 1820 1434 1891 qui
1467 1818 1602 1874 licet
1629 1819 1700 1873 ab
1757 1817 1988 1872 Oriente
2017 1819 2073 1871 et

429 1869 656 1876 --_-_..-
696 1869 925 1875 -_-___-
958 1869 1258 1876 ---ηπ-η
1288 1869 1300 1887 ,
1340 1869 1434 1891 1w
1468 1869 1600 1874 ν---
1631 1869 1696 1873 __
2027 1869 2039 1871 -

429 1908 741 1966 Occidente
775 1910 995 1981 rejecti,
1022 1908 1480 1964 disseminandis
1503 1923 1656 1962 nunc
1681 1905 1892 1977 palam,
1919 1921 2073 1960 nunc
2104 1869 2148 1943 Β

430 1998 654 2055 occulte
685 1999 811 2054 suis
840 1999 1137 2054 erroribus
1158 1997 1342 2053 nihilo
1373 1997 1614 2069 segnius
1649 1995 2070 2050 allaborabant.

429 2089 512 2142 Ad
548 2087 670 2142 hac
701 2089 939 2158 cynicus
961 2085 1079 2155 ille,
1103 2086 1204 2157 qui
1229 2088 1473 2156 turpiter
1501 2101 1532 2141 e
1562 2085 1699 2140 sede
1741 2082 2071 2139 Constanti-

432 2175 769 2246 nopolitana
799 2177 890 2234 dei
915 2175 1103 2240 uisus,
1129 2177 1185 2229 in
1212 2179 1522 2247 Egyptum
1549 2173 1734 2245 primo
1757 2188 1818 2228 se
1851 2187 2076 2243 recepe-

429 2270 540 2329 rat,
567 2280 816 2336 eamque
845 2263 1259 2319 calumniando
1289 2280 1393 2319 sus
1422 2264 1606 2335 deque
1653 2265 1924 2330 verterat,
1960 2260 2072 2315 Ita-

427 2354 564 2416 liam
597 2355 925 2411 concitabat
953 2354 1159 2409 iisdem
1185 2353 1428 2409 artibus.
1446 2353 1669 2416 Quibus
1692 2350 1864 2406 malis
1886 2366 2070 2420 quan-

425 2445 616 2500 tocius
646 2445 1073 2502 occurrendum
1106 2449 1268 2498 ratus
1299 2442 1556 2515 pontifex
1578 2442 2072 2511 Damasus,gene-

427 2533 546 2589 rale
569 2535 883 2590 concilium
910 2533 1107 2589 Roma
1138 2533 1338 2588 haberi
1371 2531 1643 2588 decrevit.
1669 2535 1777 2585 Ast
1811 2529 2066 2599 impera-

424 2628 516 2679 tor
537 2640 654 2679 rem
682 2624 739 2678 in
757 2623 992 2678 Oriente
1024 2622 1216 2694 peragi
1248 2621 1434 2678 satius
1465 2621 1706 2684 ducens,
1729 2617 2066 2673 Constanti-

425 2711 619 2782 nopoli
652 2713 938 2784 synodum
971 2711 1202 2778 indixit,
1235 2710 1328 2766 cui
1369 2707 1707 2782 Gregorium
1743 2706 2064 2778 praesertim

425 2799 710 2854 interesse
741 2817 1114 2871 summopere
1145 2799 1433 2872 cupiebat.
1458 2798 1637 2868 Cujus
1659 2797 1775 2851 voti
1807 2813 1908 2868 per
1928 2796 2064 2851 Pro-

425 2888 656 2960 copium
690 2889 901 2944 certior
934 2891 1122 2944 iactus
1147 2888 1481 2960 Gregorius,
1524 2885 1738 2941 infelici
1797 2885 2064 2940 omnium

423 2978 638 3048 quibus
661 2978 927 3032 adfuerat
958 2977 1314 3049 synodorum
1333 2978 1486 3031 exitu
1507 2975 1578 3029 ad
1602 2974 1939 3030 memoriam
1976 2988 2064 3028 re-

421 3072 644 3132 vocato,
668 3083 806 3121 suas
828 3066 1144 3137 quominus
1166 3070 1420 3137 Augusto
1444 3069 1672 3135 pareret
1693 3063 2065 3117 inﬁrmitates

423 3156 707 3210 obtendit.
733 3176 761 3205 «ι
792 3160 927 3226 Ego,
954 3154 1146 3226 inquit
1170 3153 1335 3225 (a),si
1367 3169 1501 3208 vera
1522 3153 1775 3208 scribere
1815 3155 2062 3222 oportet,

2185 575 2325 630 cat?
2355 573 2548 644 inquit
2577 575 2669 644 (c).
2706 578 2820 628 Nos
2855 590 2982 628 vero
3015 589 3416 645 properamus.
3443 573 3833 644 Properemus

2185 673 2407 730 autem,
2443 672 2508 720 ut
2539 667 2644 720 soli
2681 683 2814 721 cum
2864 665 2984 721 solo
3042 666 3507 737 congrediamur.
3567 668 3832 739 ﬂynodos

2184 755 2340 809 enim
2375 760 2550 826 atque
2580 754 2869 825 colloquia
2928 754 3128 825 procul
3186 754 3556 822 salutamus;
3613 772 3682 810 ex
3713 773 3830 827 quo

2184 843 2405 898 scilicet
2435 847 2697 914 tempore
2729 843 2918 899 multa
2938 848 3244 907 eorum,ut
3273 859 3442 915 parce
3474 843 3700 915 loquar,
3725 845 3830 900 im-

2185 933 2367 1003 proba
2397 938 2455 987 et
2489 932 2780 1004 ﬂagitiosa
2809 949 2938 988 esse
2969 933 3245 1004 comperi.
3279 953 3306 982 ››

2255 1021 2531 1086 Quamvis
2563 1023 2813 1094 synodos
2838 1022 3046 1077 vitaret
3076 1021 3408 1093 Gregorius,
3433 1038 3566 1076 eum
3607 1028 3824 1091 tamen,

2184 1126 2298 1165 non
2331 1128 2496 1166 secus
2523 1128 2588 1166 ac
2619 1111 2744 1166 orbi
2777 1116 3069 1182 praesset,
3112 1109 3375 1166 omnium
3435 1111 3825 1167 Ecclesiarum

2183 1199 2413 1253 tenebat
2434 1199 2789 1270 sollicitudo,
2811 1195 3044 1270 semper
3073 1200 3342 1254 intentus
3364 1199 3435 1254 iis
3459 1217 3585 1271 qua
3607 1201 3678 1255 ad
3714 1201 3800 1256 ba
3817 1233 3830 1243 -

2185 1288 2360 1342 resim
2396 1288 2842 1344 exstinctionem
2867 1293 2968 1343 aut
2987 1287 3460 1359 propagationem
3499 1289 3631 1344 ﬁdei
3665 1306 3826 1360 spec-

2183 1380 2326 1448 tare,
2360 1377 2737 1449 conspiceret.
2774 1400 2801 1428 «
2837 1377 3066 1437 Omnia,
3099 1375 3396 1447 inquit(d),
3418 1377 3567 1448 apud
3603 1394 3709 1433 nos
3734 1378 3830 1433 Dei

2185 1464 2464 1521 beneﬁcio
2499 1471 2652 1524 recte
2683 1484 2744 1522 se
2761 1465 3128 1526 habent,boc
3151 1482 3264 1520 uno
3299 1467 3724 1537 exceplo,quod
3759 1468 3832 1524 de

2185 1553 2461 1610 Ecciesiis
2492 1555 2645 1610 anxii
2678 1564 2734 1610 et
2757 1554 2988 1612 solliciti
3013 1571 3220 1609 sumus
3264 1559 3383 1608 tam
3423 1555 3568 1610 fade
3609 1560 3831 1627 pertur-

2182 1644 2356 1699 batis.
2391 1667 2410 1694 η
2444 1649 2556 1698 Sua
2589 1661 2722 1699 eum
2785 1643 3078 1716 imprimis
3135 1644 3385 1716 angebat
3441 1644 3826 1710 Nazianzene,

2183 1748 2358 1802 quam
2385 1750 2498 1788 non
2527 1734 2697 1789 modo
2720 1749 3110 1804 corrumpere,
3136 1733 3236 1787 sed
3263 1738 3319 1787 et
3339 1732 3608 1787 invadere
3636 1738 3826 1788 tenta-

2184 1821 2787 1894 bantApollinarista.
2815 1827 2959 1876 Dum
2991 1821 3146 1876 enim
3180 1822 3247 1876 ad
3273 1821 3629 1877 Xanxaridas
3671 1823 3826 1878 ther-

2186 1927 2312 1966 mas
2340 1910 2571 1981 longius
2592 1911 2929 1979 Gregorium
2965 1913 3201 1966 morbus
3225 1910 3580 1981 abduxisset,
3604 1929 3720 1966 sua
3751 1914 3830 1968 ιά-

2185 1999 2394 2054 ctionis
2426 1999 2785 2068 hominibus,
2816 2016 2962 2072 quos
2985 1999 3252 2055 Nazianzi
3287 1999 3599 2066 habebant,
3623 2007 3829 2058 contra

2175 2087 2280 2158 jus
2312 2089 2513 2159 fasque
2546 2087 2884 2160 episcopum
2918 2089 3272 2143 constituere
3305 2095 3824 2161 prasumpserunt.

2183 2176 2299 2231 Hos
2331 2177 2568 2232 lenitate
2594 2194 2702 2233 sua
2725 2182 3062 2232 mansuetos
3078 2176 3452 2249 placidosque
3472 2177 3708 2234 reddere
3734 2195 3827 2232 vo-

2182 2265 2377 2322 luerat
2401 2271 2457 2321 et
2488 2266 2772 2339 paulatim
2805 2265 3066 2321 emollire
3091 2283 3105 2332 ;
3138 2271 3196 2321 at
3219 2266 3443 2339 pejores
3465 2282 3561 2323 eos
3591 2266 3778 2322 effecit
3809 2283 3824 2321 :

2186 2377 2207 2406 α
2245 2355 2368 2412 Non
2403 2356 2580 2420 enim,
2605 2355 2799 2430 inquit
2828 2355 2921 2426 (ε),
2957 2371 3164 2427 pravos
3187 2354 3454 2410 homines
3495 2353 3706 2410 lenitas
3737 2353 3826 2411 in-

2180 2443 2381 2508 ﬂectit.
2417 2467 2446 2494 ››
2479 2448 2620 2500 Cum
2655 2449 2848 2500 autem
2885 2445 3098 2500 absens
3130 2443 3284 2498 maio
3308 2443 3522 2498 mederi
3548 2460 3661 2498 non
3681 2443 3827 2500 vale-

2179 2538 2284 2599 ret,
2313 2532 2534 2588 litteras
2565 2533 2674 2588 sibi
2707 2533 2954 2587 vicarias
2981 2532 3306 2601 substituit,
3340 2532 3602 2588 scribens
3625 2531 3821 2606 Olym-

2177 2622 2272 2694 pio
2306 2624 2568 2696 prafecto
2603 2621 2692 2676 bis
2725 2621 3038 2692 verbis(f):
3075 2645 3100 2670 ‹‹
3138 2620 3270 2676 Mali
3295 2620 3818 2696 homines,episco-

2176 2728 2281 2784 pos
2312 2712 2620 2783 quosdam,
2654 2711 2869 2782 quibus
2901 2708 3156 2780 dignitas
3186 2709 3258 2764 ab
3291 2709 3600 2764 universali
3623 2710 3812 2765 conci-

2173 2798 2252 2856 lio
2284 2800 2558 2870 abrogata
2590 2801 2799 2864 fuerat,
2833 2803 3221 2868 accercentes,
3245 2803 3346 2854 aut
3375 2799 3816 2854 transeuntibus

2175 2890 2500 2959 abutentes,
2537 2888 2939 2960 imperialibus
2979 2887 3250 2942 omnibus
3298 2887 3817 2942 constitutionibus

2174 2985 2351 3052 atque
2381 2978 2657 3035 omnibus
2679 2979 2888 3034 vestris
2915 2977 3123 3034 edictis
3153 2976 3404 3042 violatis,
3437 2977 3666 3031 cuidam
3707 2976 3820 3032 im-

2175 3067 2252 3140 pii
2271 3075 2327 3123 et
2356 3067 2668 3124 adulterini
2693 3068 2782 3123 sui
2809 3071 3004 3139 gregis
3025 3065 3504 3139 episcopinomen
3532 3065 3822 3138 imposue-

2175 3162 2332 3222 runt,
2359 3156 2523 3212 nulla
2545 3173 2624 3226 re,
2651 3161 2715 3216 ut
2734 3157 2962 3228 opinor,
2988 3156 3227 3228 perinde
3269 3154 3415 3220 freti,
3453 3159 3628 3226 atque
3661 3171 3824 3210 sum-

421 3243 530 3298 hoc
554 3243 749 3298 animo
771 3260 926 3304 sum,
947 3249 1010 3297 ut
1032 3259 1264 3296 omnem
1288 3243 1696 3315 episc0porum
1720 3246 2069 3296 conventum
2095 3235 2144 3308 C
2185 3263 2277 3301 ma
2308 3262 2439 3302 mea
2467 3245 2882 3301 imbecillitate.
2920 3265 2944 3298 II
2987 3244 3203 3300 Deinde
3237 3243 3475 3298 sceleris
3522 3243 3700 3311 hujus
3734 3242 3829 3298 ul-

422 3332 641 3401 fugiam
671 3349 682 3387 :
718 3332 994 3402 quoniam
1031 3331 1250 3387 nullius
1284 3331 1513 3390 concilii
1547 3331 1722 3388 ﬁnem
1775 3329 1973 3392 latum
2013 3333 2070 3384 et

424 3421 680 3474 faustum
711 3420 850 3485 vidi,
887 3437 991 3476 nec
1019 3420 1170 3490 quod
1203 3419 1609 3488 depulsionem
1643 3417 1930 3474 malorum
1966 3433 2064 3488 po-

421 3510 742 3581 tius,quam
769 3511 1161 3565 accessionem
1189 3517 1245 3565 et
1267 3511 1693 3565 incrementum
1728 3508 2064 3563 habuerit...

422 3599 566 3653 Huic
589 3615 823 3670 quoque
856 3616 983 3654 meo
1006 3599 1231 3670 judicio
1266 3604 1544 3670 patronus
1567 3596 2062 3666 morbusaccedit,

420 3689 637 3760 quippe
661 3689 760 3760 qui
786 3705 877 3743 me
910 3689 989 3743 ita
1020 3688 1402 3761 distorqueat,
1429 3693 1495 3741 ut
1527 3686 1790 3758 quotidie
1821 3687 1936 3740 fere
1968 3702 2062 3741 ex-

420 3785 642 3831 tremos
673 3777 920 3848 Spiritus
973 3773 1186 3839 efﬂem,
1247 3791 1351 3831 nec
1409 3773 1530 3830 ulla
1586 3791 1646 3829 re
1705 3775 1926 3844 meipso
1979 3772 2064 3827 uti

419 3882 652 3939 queam.
681 3888 708 3914 ››
730 3865 1198 3934 Excusationem,
1223 3881 1398 3936 quam
1425 3863 1618 3918 ﬁctam
1644 3861 2061 3929 arbitrabatur,

421 3956 563 4010 adeo
591 3972 705 4010 non
743 3955 982 4010 admisit
1012 3955 1346 4025 imperator,
1375 3957 1437 4006 ut
1469 3951 1633 4006 novis
1679 3968 1778 4022 per
1819 3950 2062 4005 Icarium

419 4045 606 4097 virum
633 4043 918 4098 illustrem
943 4050 998 4098 et
1021 4043 1351 4120 Olympium
1376 4039 1748 4113 Cappadocia
1782 4047 2064 4094 rectorem

419 4131 697 4202 Gregorio
761 4132 1038 4186 institerit
1103 4129 1450 4186 mandatis:
1513 4130 1730 4202 quibus
1815 4129 2066 4200 acceptis

418 4217 686 4289 Olympio
737 4217 819 4272 sic
877 4219 1182 4291 rescripsit
1234 4221 1322 4274 vir
1379 4219 1613 4273 mentiri
1659 4217 1891 4273 nescius
1943 4217 2062 4287 (b):

421 4329 448 4355 ‹‹
477 4305 594 4361 Hoc
623 4305 766 4360 mihi
791 4306 994 4362 morbo
1019 4308 1146 4381 ipso
1171 4308 1406 4379 gravius
1427 4313 1536 4373 est,
1560 4306 1714 4379 quod
1741 4322 1876 4361 cum
1917 4320 2069 4378 ager

423 4393 556 4460 sim,
582 4399 859 4464 aegrotare
890 4399 1085 4449 tamen
1115 4412 1226 4450 non
1252 4397 1474 4463 credar,
1497 4411 1696 4449 verum
1734 4395 2068 4466 peregrina-

422 4482 640 4538 tionem
673 4481 756 4536 ita
787 4481 1017 4556 longam
1045 4484 1209 4549 inire,
1233 4489 1399 4556 atque
1431 4483 1486 4536 in
1521 4483 1745 4537 medios
1776 4481 2068 4538 tumultus

421 4571 709 4642 meipsum
732 4569 1257 4644 impellerejubear
1281 4588 1293 4625 :
1320 4588 1352 4625 a
1376 4571 1589 4641 quibus
1611 4572 1924 4626 secessisse
1946 4576 2064 4625 tam

421 4659 563 4715 mihi
598 4666 829 4729 gratum
868 4660 995 4725 fuit,
1025 4665 1085 4714 ut
1117 4660 1223 4714 hoc
1255 4660 1490 4714 nomine
1528 4660 1778 4731 gratiam
1831 4675 2066 4731 quoque

422 4750 679 4820 corporis
713 4747 1013 4803 alﬁictioni
1051 4750 1471 4820 propemodum
1508 4747 1819 4802 habeam...
1848 4748 1965 4802 Hoc
2009 4753 2069 4804 et

423 4837 826 4893 iiiuetrissimo
848 4855 1077 4910 quoque
1103 4839 1278 4894 icaric
1313 4855 1422 4893 non
1457 4838 1538 4892 ita
1571 4836 1792 4910 pridem
1834 4838 2064 4910 scripsi,

421 4944 554 4982 cum
587 4927 739 4982 idem
772 4928 844 4982 ab
875 4944 940 4982 eo
961 4929 1200 4998 jussum
1223 4928 1616 5004 accepissem;
1649 4931 1706 4981 et
1736 4943 1889 4982 nunc
1913 4944 1945 4982 a
1966 4931 2070 4984 tua

423 5016 599 5070 animi
635 5015 1041 5089 magnitudine
1073 5022 1224 5090 peto,
1259 5021 1324 5071 ut
1373 5031 1478 5089 pro
1527 5015 1695 5076 nobis
1746 5031 1978 5087 quoque
2009 5015 2068 5071 id

422 5102 674 5159 scribere
699 5119 809 5158 non
834 5111 1122 5177 gravetur.
1143 5126 1168 5157 ι
1197 5103 1350 5162 Vicit
1370 5105 1606 5160 tandem
1646 5097 1908 5176 Gregorii
1942 5119 2067 5160 mo-

422 5189 587 5247 desta
618 5193 922 5257 recusatio,
948 5195 1044 5264 qui
1080 5201 1193 5263 iam
1226 5201 1399 5250 antea
1429 5199 1717 5249 statuerat
1767 5207 2069 5262 nunquam

422 5280 705 5337 interesse
736 5299 1142 5356 episcOporum
1175 5283 1457 5350 conciliis,
1489 5289 1550 5337 ut
1583 5283 1707 5354 ipse
1752 5282 1965 5337 fatetur
1995 5283 2068 5338 ad

519 5461 574 5530 α)
606 5459 784 5530 Epist.
819 5459 894 5516 ai.
927 5462 1018 5519 55.

522 5532 576 5603 ὁ)
605 5532 788 5603 Epist.
828 5533 903 5589 al.
932 5535 1023 5591 76.

521 5604 573 5676 ο)
601 5604 786 5676 Epist.
818 5605 898 5676 aly.
927 5606 1016 5664 84.

604 5674 793 5748 mpm.
837 5674 912 5734 ιι.
943 5675 1033 5734 72.

495 5461 518 5749 Ξ

2179 3335 2393 3392 tionem
2429 3334 2618 3407 petiit,
2652 3334 2944 3398 mitiorem
2968 3339 3162 3390 tamen
3193 3349 3366 3405 quam
3391 3338 3553 3390 tanta
3579 3332 3828 3398 audacia

2178 3431 2521 3482 mereretur.

2273 3511 2532 3568 CLXVII.
2567 3512 2823 3568 Ecclesia
2852 3512 3226 3578 Nazianzenw
3264 3526 3453 3572 curam
3481 3511 3644 3582 gerit.

2249 3607 2417 3658 Anno
2440 3601 2545 3655 382
2579 3600 2808 3664 circiter
2838 3606 3105 3668 exeunte,
3139 3600 3484 3671 rogantibus
3536 3598 3824 3674 episcopis

2173 3694 2231 3747 et
2249 3690 2517 3746 universo
2540 3689 2773 3761 populo,
2790 3689 3023 3761 pusillis
3037 3706 3102 3745 ac
3116 3689 3344 3761 magnis
3366 3689 3822 3754 vociferantibus

2175 3785 2234 3835 et
2253 3779 2719 3846 obsecrantibus,
2745 3783 2809 3834 ut
2830 3783 3137 3849 assumpto
3161 3777 3425 3834 Ecclesia
3443 3777 3821 3836 Nazianzena

2175 3869 2337 3926 clavo
2367 3884 2492 3926 eam
2521 3868 2594 3923 ab
2627 3867 2957 3932 imminenti
2989 3872 3244 3933 servaret
3275 3869 3602 3938 naufragio,
3623 3865 3816 3926 cessit.

2177 3958 2369 4012 «Tua
2403 3956 2624 4028 pietati,
2674 3979 2702 4007 υ
2758 3955 2950 4027 inquit
3006 3955 3320 4028 Gregorius
3380 3956 3476 4026 (g),
3537 3954 3690 4010 datis
3750 3955 3820 4010 ad

2175 4044 2562 4116 Bosphorium
2591 4044 2994 4101 Coioniensem
3027 4044 3257 4114 litteris,
3292 4067 3317 4093 ‹‹
3354 4043 3460 4097 hoc
3517 4041 3819 4112 denuntio,

2175 4149 2283 4187 nos
2311 4150 2518 4188 manus
2549 4134 2686 4189 dare
2736 4139 2793 4189 et
2837 4135 3058 4201 cedere,
3083 4139 3252 4203 atque
3295 4129 3555 4186 Ecclesia
3596 4146 3822 4196 curam,

2177 4221 2293 4278 Deo
2323 4222 2519 4291 dante,
2554 4228 2930 4294 suscepturos
2984 4238 3136 4290 esse,
3184 4220 3660 4294 quandoquidem
3714 4219 3822 4273 hoc

2177 4311 2554 4378 contenditis,
2579 4329 2644 4367 ac
2671 4311 2992 4384 prasertim
3023 4316 3264 4384 urgente
3312 4309 3421 4366 hac
3463 4314 3827 4384 tempeslate,

2177 4407 2414 4474 prOpter
2437 4400 2862 4468 imminentem,
2882 4406 2945 4454 ut
2967 4401 3091 4471 ipse
3114 4398 3343 4464 scribis,
3360 4398 3825 4453 adversariorum

2178 4489 2595 4555 incursionem,
2621 4489 2963 4560 humileque
2983 4488 3089 4545 hoc
3110 4505 3317 4561 corpus
3340 4487 3455 4542 Deo
3487 4487 3827 4543 commoda-

2180 4583 2343 4633 turos
2372 4594 2521 4646 esse,
2560 4578 2826 4650 quandiu
2879 4577 3134 4642 durabit,
3189 4577 3459 4647 viresque
3503 4581 3711 4632 nostra
3747 4576 3827 4636 fe-

2178 4672 2326 4738 rent,
2361 4691 2382 4719 ι
2420 4673 2527 4722 etc.
2556 4667 2681 4722 iiac
2698 4665 2886 4736 verba,
2913 4688 2941 4715 «
2975 4664 3256 4738 quamdiu
3283 4663 3536 4734 durabit,
3560 4663 3826 4736 viresque

2177 4757 2432 4821 ferent,»
2460 4755 2602 4811 satis
2624 4755 2890 4810 evincent
2907 4754 3214 4826 epistolam
3241 4771 3350 4808 non
3368 4753 3436 4807 ad
3465 4769 3680 4807 annum
3695 4752 3824 4819 374,

2178 4850 2244 4901 ut
2272 4844 2394 4899 vult
2424 4845 2854 4911 Tillemontius,
2879 4860 3015 4902 esse
3043 4845 3426 4911 referendam,
3461 4859 3573 4918 quo
3607 4842 3822 4916 Grego-

2180 4934 2301 4991 rius
2359 4934 2630 4990 defuncto
2696 4937 2856 5006 patre
2914 4931 3180 4996 Ecclesia
3228 4931 3600 4996 Nazianzena
3652 4952 3679 4979 «
3715 4921 3824 4992 cu-

2179 5040 2303 5078 ram
2336 5023 2596 5094 aliquam
2627 5023 2848 5094 gessit;
2873 5045 2900 5071 ››
2927 5020 3216 5093 siquidem
3241 5028 3378 5075 tunc
3401 5018 3682 5091 temporis
3706 5034 3822 5084 non

2180 5111 2472 5185 pollicitus
2505 5113 2692 5167 fuerat
2721 5111 2993 5170 Nazianzi
3037 5126 3098 5178 se
3156 5125 3508 5175 mansurum,
3561 5105 3824 5179 quandiu

2179 5201 2330 5256 vires
2364 5202 2598 5272 ferrent,
2624 5200 2723 5257 sed
2749 5207 2978 5257 tantum
2996 5199 3179 5262 donec
3200 5198 3511 5273 episcopus
3543 5196 3685 5254 alter
3712 5193 3818 5252 eli-

2183 5296 2438 5364 geretur.

2278 5474 2326 5546 θ)
2355 5472 2540 5546 Epist.
2573 5471 2652 5528 ai.
2681 5472 2771 5528 77.

2278 5475 2326 5546 θ)
2356 5475 2540 5539 Epist.
2573 5475 2652 5528 ai.
2681 5475 2771 5528 77.

2251 5475 2498 5687 gfjlbid.
2839 5645 2846 5652 μ
3180 5616 3189 5627 .

2275 5633 2310 5685 g
2361 5617 2543 5687 Epist.
2580 5614 2700 5684 138,
2733 5613 2807 5671 al.
2845 5614 2926 5683 14,
2959 5615 3186 5687 Βοεγονι

2275 5613 2332 5687 ὰ)
2361 5617 2543 5690 Epist.
2580 5614 2700 5684 138,
2733 5613 2807 5671 al.
2839 5614 2926 5683 l4,
2959 5615 3248 5690 Βοερονίο.
