4152 6208
240 295 365 355 233

377 427 668 484 CLXVIII.
698 430 1043 502 Patriam_ab
1073 431 1285 500 ingenti
1313 431 1560 502 periculo
1591 431 1787 485 liberat

932 499 1242 569 Gregorius.

321 605 655 660 Circaidem
679 611 911 676 tempus
924 606 1312 662 Nazianzenos
1326 606 1476 662 cives
1490 610 1558 663 ab
1577 607 1797 679 ingenti
1813 624 1908 679 pe-

249 693 646 763 riculo,atque
661 695 861 747 urbem
886 694 1074 764 ipsam
1095 695 1165 748 ab
1188 695 1408 750 excidio
1430 694 1713 763 liberavit,
1729 713 1906 767 quam

249 780 378 835 solo
399 797 464 835 se
481 786 853 851 aequaturum
872 783 1590 854 minabaturCappadocize
1606 785 1908 853 praefectus

249 871 312 923 in
341 869 624 924 ultionem
649 870 976 940 gravissimi
995 871 1286 926 facinoris.
1308 895 1334 921 «
1359 873 1553 927 Audax
1573 872 1910 939 facinus,fa-

251 964 413 1011 tetur
444 957 763 1028 Gregorius
806 959 903 1029 (α),
936 975 1135 1014 verum
1170 976 1542 1030 nequaquam
1579 978 1611 1015 a
1641 977 1911 1015 commu-

253 1046 312 1099 ni
347 1045 613 1112 consilio,
637 1047 735 1100 sed
770 1063 803 1100 a
826 1047 1132 1102 temerario
1155 1049 1543 1118 quorumdam
1576 1048 1911 1104 adolescen-

251 1140 382 1189 tum
417 1135 638 1206 impetu
672 1136 1015 1206 profectum.
1039 1157 1064 1186 ι
1096 1137 1180 1191 Ob
1209 1137 1531 1210 irrogatum
1557 1139 1750 1194 forsan
1774 1156 1911 1210 gra-

247 1224 384 1278 vius
407 1224 704 1294 quoddam
721 1226 1278 1290 tributum,ventum
1301 1232 1422 1282 erat
1445 1228 1515 1282 ad
1537 1228 1909 1295 seditionem;

248 1312 506 1384 protervi
545 1312 780 1383 quidam
807 1315 1078 1383 juvenes,
1117 1315 1329 1370 violato
1379 1315 1621 1371 Caesaris
1662 1318 1912 1388 decreto,

249 1401 429 1455 etiam
448 1401 744 1456 hominem
767 1403 1118 1459 occiderant.
1145 1408 1370 1459 Interea
1388 1406 1699 1477 Gregorius
1715 1409 1912 1463 morbo

249 1489 556 1558 laborans,
591 1505 721 1544 cum
757 1490 915 1544 adire
956 1492 1289 1562 praefectum
1316 1510 1427 1548 non
1457 1494 1915 1562 posset,litteras

253 1577 520 1647 scripsit,
545 1583 612 1631 ut
639 1595 772 1632 eum
797 1579 866 1633 ad
893 1579 1349 1635 misericordiam
1375 1582 1917 1639 ﬂecteret.llislitte-

254 1665 339 1720 ris
367 1673 542 1736 atque
567 1666 840 1736 precibus
866 1668 1124 1738 Gregorii
1157 1668 1402 1724 liberata
1437 1675 1525 1724 est
1563 1670 1784 1726 civitas.
1837 1673 1917 1727 Ea

1582 301 1763 357 Vl'l‘A
1815 300 1878 357 S.
1927 298 2320 358 GREGOHII.

3533 310 3655 367 234

1933 433 1989 496 Α
2018 435 2124 484 est.
2153 433 2338 495 Quare
2356 435 2536 487 coacti
2560 438 2698 487 sunt
2717 434 2972 505 episcopi
2997 435 3264 492 Ecclesiae
3284 437 3654 495 Nazianzenaa

2018 523 2305 588 pastorem
2333 521 2487 588 dare,
2511 525 2567 574 et
2592 520 2868 592 Eulalius,
2897 522 2983 577 vir
3006 523 3255 596 insignis
3277 525 3512 597 pietate,
3536 527 3657 599 epi-

2016 623 2229 679 scopus
2261 615 2491 663 creatus
2521 614 2626 663 est.
2652 615 2773 676 Quo
2815 611 3101 678 ordinato,
3125 611 3311 668 falsus
3348 632 3550 671 rumor
3579 616 3663 673 in-

2017 697 2243 751 crebuit
2273 696 2613 767 Gregorium
2628 698 2986 755 Nazianzena
3008 702 3145 755 sede
3166 701 3455 772 privatum
3479 705 3662 760 fuisse

2019 786 2091 839 ab
2122 784 2385 840 Helladio
2430 787 2784 854 Caesariensi;
2831 804 2947 858 qua
2975 788 3269 844 calumnia
3309 790 3661 861 Helladium,

2020 879 2370 944 cacterosque
2401 874 2703 945 episcopos
2748 877 2844 945 qui
2905 875 3190 932 Eulalium
3232 879 3663 946 ordinaverant,

2019 960 2303 1032 liberavit,
2337 978 2435 1018 eos
2465 963 2524 1016 in
2557 963 2802 1033 epistola
2839 965 2909 1019 ad
2944 965 3282 1035 Gregorium
3335 968 3663 1039 Nyssenum

2020 1067 2306 1106 excusans
2332 1051 2421 1119 (ε),
2471 1051 2765 1120 simulque
2813 1052 3212 1109 denuntiando
3256 1071 3318 1110 se
3361 1072 3662 1127 nunquam

2020 1139 2288 1194 Ecclesia:
2334 1139 2703 1194 Nazianzenaa
2734 1145 2992 1195 creatum
3024 1140 3206 1196 fuisse
3234 1142 3593 1214 episcopum.

2296 1228 2503 1283 CLXX.
2538 1231 2662 1284 Vita
2694 1227 2956 1297 Gregorii
2982 1232 3043 1284 in
3071 1231 3385 1288 solitudine.

2094 1317 2173 1368 Ex
2204 1330 2268 1369 eo
2326 1318 2583 1385 tempore
2625 1315 2939 1385 Gregorius
2983 1316 3041 1370 in
3089 1333 3223 1372 rure
3263 1324 3524 1388 paterno,
3555 1320 3674 1375 voti

2025 1420 2261 1474 compos
2293 1402 2680 1469 factus,latuit
2701 1403 3559 1478 abditus,totosque,quotquot
3575 1424 3675 1463 su-

2024 1492 2366 1562 perfuerunt
2386 1491 2512 1545 vita:
2531 1491 2678 1561 dies,
2703 1492 2982 1558 traduxit;
3003 1497 3198 1563 atque,
3223 1499 3287 1548 ut
3309 1510 3441 1549 cum
3473 1495 3674 1550 Hiero-

2025 1596 2198 1651 nymo
2221 1579 2484 1649 loquar,«
2497 1580 2767 1634 monachi
2787 1581 2962 1634 vitam
2977 1580 3337 1636 exercuit.»A
3359 1583 3672 1639 mulierum

2025 1668 2448 1723 consuetudine
2484 1668 2567 1722 sic
2608 1667 2859 1732 alienus,
2899 1671 2962 1723 ut
2999 1685 3130 1723 cum
3155 1670 3522 1741 propinquus
3547 1673 3676 1742 ejus

257 1754 608 1809 occasionne
623 1754 878 1808 habitam
897 1755 1076 1811 fuisse
1089 1757 1407 1812 orationem
1423 1775 1539 1812 xvn
1561 1775 1752 1813 coram
1771 1776 1916 1830 praa-
1945 1793 1993 1857 B
2025 1754 2744 1827 quidam,Valentinianus
2769 1756 3024 1825 nomine,
3039 1758 3234 1813 sedem
3253 1757 3312 1813 in
3331 1758 3520 1814 vicina
3540 1775 3673 1814 cum

257 1843 412 1896 fecto
459 1841 533 1912 (is
581 1847 702 1896 erat
732 1841 1075 1914 Olympius),
1118 1861 1245 1915 quae
1277 1845 1636 1911 inscribitur,
1668 1847 1746 1902 Ad
1775 1849 1917 1903 cives

259 1932 642 1986 Nazianzenus
683 1931 1016 2002 trepidantes
1045 1942 1093 1987 et
1119 1933 1411 2003 praesidem
1444 1936 1677 2006 iratum,
1714 1935 1915 1990 existi-

261 2021 447 2073 mavit
477 2019 757 2074 Baronius
785 2020 888 2088 (b);
911 2021 1010 2075 sed
1037 2019 1151 2074 falli
1176 2022 1423 2076 videtur.
1451 2026 1577 2077 Haec
1609 2023 1762 2078 enim
1786 2041 1914 2079 ora-

259 2108 344 2160 tio
377 2123 511 2161 cum
565 2107 754 2161 adhuc
789 2107 1048 2179 Gregorii
1081 2113 1245 2179 pater
1274 2115 1570 2180 superstes
1605 2116 1781 2179 esset,
1812 2112 1915 2168 ha-

260 2195 386 2249 bita
417 2199 507 2249 est
539 2211 552 2250 :
590 2201 850 2266 preterea
881 2195 1051 2266 culpa
1083 2196 1600 2269 Nazianzenorum,
1633 2201 1703 2254 de
1726 2200 1914 2271 quain

259 2282 526 2338 oratione
559 2283 772 2354 agitur,
808 2300 922 2338 non
977 2283 1215 2353 perinde
1247 2286 1437 2357 gravis
1481 2291 1568 2342 est
1595 2305 1660 2342 ac
1695 2287 1812 2357 illa,
1846 2289 1917 2344 de

258 2388 382 2442 qua
413 2372 473 2424 in
505 2370 749 2440 epistola
784 2372 850 2426 ad
885 2371 1239 2443 Olympium.

373 2477 607 2531 CLXIX.
641 2477 929 2532 Eulatium
960 2480 1230 2602 Nazz’artzzi
1259 2484 1572 2553 episcopum
1599 2484 1813 2554 prwﬁci

1005 2566 1142 2602 cura
1175 2592 1186 2602 .

1005 2566 1186 2604 curat.

337 2636 686 2706 Gregorium
722 2637 924 2691 tandiu
955 2636 1224 2693 Nazianzi
1251 2640 1308 2693 in
1339 2641 1479 2696 urbe
1502 2641 1916 2711 permansisse,

264 2727 455 2780 donec
486 2725 570 2778 illi
603 2725 770 2779 ﬁrma
795 2727 1082 2782 securitas
1107 2728 1461 2795 redderetur,
1496 2735 1551 2784 et
1571 2731 1830 2800 optimus
1858 2731 1921 2785 il-

266 2814 347 2868 lic
406 2813 794 2884 przeticeretur
858 2815 1141 2882 antistes,
1219 2818 1424 2872 scribit
1501 2818 1920 2889 Baronius(c);

271 2902 579 2972 simulque
601 2902 787 2973 egisse
820 2903 971 2973 apud
997 2905 1324 2959 Helladium
1346 2906 1615 2961 Caesareae
1630 2908 1925 2977 Cappado-

271 2990 376 3044 cis:
418 2989 759 3061 episcopum
782 2992 1317 3062 metropolitanum,
1340 2999 1401 3048 ut
1421 2993 1712 3048 Eulalium
1736 2995 1923 3050 virum

265 3078 758 3149 probatissimum
829 3080 1144 3150 prmficeret
1197 3080 1464 3136 Ecclesia
1528 3083 1922 3152 Nazianzenus,

2026 1843 2371 1898 mulieribus
2397 1845 2709 1915 posuisset,
2728 1845 2920 1899 locum
2950 1847 3075 1917 ipse
3097 1846 3429 1911 mutaverit,
3454 1848 3678 1919 scripta

2025 1933 2274 1987 subinde
2293 1934 2363 1987 ad
2403 1949 2537 1986 eum
2566 1932 2815 2003 epistola
2835 1938 3190 2003 conquestus
3222 1934 3314 1988 his
3336 1935 3526 1989 verbis
3557 1937 3627 2006 (Γ)
3661 1952 3674 1991 :

2029 2044 2055 2072 α
2081 2025 2188 2074 Per
2208 2036 2506 2075 summum
2530 2020 2722 2076 scelus
2743 2021 3077 2090 ejicimur...
3095 2021 3275 2077 Multo
3293 2022 3507 2078 melius
3527 2028 3676 2089 erat,

2027 2109 2228 2165 tabula
2252 2107 2483 2179 publice
2505 2108 2820 2180 proposita,
2842 2107 3010 2164 nobis
3033 2109 3421 2164 secessionem
3449 2109 3674 2164 indice-

2026 2213 2111 2266 re,
2142 2213 2317 2268 quam
2343 2213 2445 2268 per
2467 2196 2763 2265 mulieres,
2788 2212 2934 2268 quas
2973 2212 3004 2251 e
3040 2196 3276 2266 regione
3307 2200 3536 2251 nostras
3559 2196 3676 2252 col-

2026 2284 2426 2341 locasti...Nisi
2468 2285 2575 2340 hoc
2625 2284 2783 2340 dictu
2832 2285 3022 2340 audax
3063 2289 3154 2340 est
3177 2301 3282 2340 nos
3302 2300 3531 2356 quoque
3573 2300 3678 2356 per

2026 2375 2199 2428 Evam
2231 2390 2262 2429 e
2293 2373 2561 2444 paradiso
2589 2371 2882 2444 expulisti.
2918 2394 2946 2422 »
2978 2371 3070 2428 Sic
3102 2371 3216 2427 sibi
3248 2373 3387 2444 fuga
3408 2371 3680 2428 consule-

2026 2463 2127 2518 bat
2155 2462 2467 2532 Gregorius
2499 2477 2613 2516 non
2644 2465 2876 2516 tantum
2908 2465 2972 2516 ut
3013 2462 3087 2516 ab
3130 2460 3315 2515 oculis
3359 2464 3684 2515 removeret

2029 2549 2410 2616 scandalum;
2458 2564 2661 2604 verum
2695 2548 2867 2603 etiam
2903 2565 2974 2603 ne
3004 2548 3287 2604 stimulus
3319 2549 3535 2615 carnis,
3575 2565 3685 2603 an-

2029 2637 2194 2709 gelus
2223 2641 2446 2692 Satanae
2478 2637 2578 2707 qui
2613 2636 2724 2707 ipsi
2756 2637 2929 2690 datus
2960 2636 3233 2701 fuerat“,
3273 2635 3445 2691 letale
3467 2635 3688 2691 vulnus

2030 2727 2361 2797 infﬂigeret.
2398 2725 2610 2779 Mirum
2642 2741 2782 2779 sane
2812 2725 2965 2795 quod
3005 2725 3180 2780 homo
3207 2723 3578 2795 gravissimis
3607 2724 3694 2778 fa-

2030 2816 2248 2886 tigatus
2265 2813 2554 2885 angustiis
2575 2813 2941 2880 etaerumnis,
2963 2813 3125 2868 senio
3147 2812 3678 2881 confectus,morbo

2030 2901 2325 2968 laborans,
2352 2903 2410 2955 in
2441 2918 2634 2956 eremo
2660 2902 3246 2967 consistens,carnem
3265 2901 3559 2956 continuis
3581 2901 3682 2968 do-_-

2034 3008 2202 3046 mans
2221 2989 2464 3060 jejuniis
2486 3006 2551 3044 ac
2586 2989 2819 3060 vigiliis,
2853 3005 2984 3043 cum
3018 2988 3229 3059 spiritu
3276 2988 3677 3044 fornicationis

2035 3096 2245 3134 manus
2294 3094 2598 3133 conserere
2645 3077 2820 3133 fuerit
2868 3081 3124 3143 coactus;
3155 3076 3269 3147 ipsi
3303 3081 3498 3132 tamen
3529 3077 3677 3132 ﬁdes

267 3167 800 3238 dumipseinterim
818 3184 1112 3224 secessum
1137 3169 1193 3223 in
1212 3170 1586 3226 solitudinem
1609 3151 1925 3226 meditaba-
1954 3151 1995 3215 Ο
2034 3167 2325 3234 habenda,
2375 3183 2507 3221 cum
2554 3165 2663 3221 hoc
2709 3166 2921 3220 iterum
2983 3172 3154 3236 atque
3203 3166 3415 3220 iterum
3467 3163 3678 3236 lugens

267 3259 390 3310 tur.
433 3255 574 3309 Rem
624 3255 796 3326 paulo
829 3255 998 3310 aliter
1043 3256 1356 3328 contigisse
1387 3260 1459 3313 ab
1491 3259 1616 3331 ipso
1647 3259 1921 3331 Gregorio

272 3343 587 3398 discimus.
628 3343 939 3398 Ecclesiam
978 3346 1213 3415 quidem
1263 3347 1685 3403 Nazianzenam
1721 3365 1923 3420 regen-

271 3432 406 3486 dam
443 3437 798 3503 susceperat,
834 3434 1096 3502 quandiu
1122 3433 1270 3490 vires
1293 3436 1546 3500 ferrent;
1587 3441 1642 3490 et
1669 3453 1795 3491 eam
1819 3435 1922 3491 ali-

274 3520 539 3591 quandiu
575 3520 736 3574 rexit.
773 3520 914 3574 Cum
949 3526 1142 3576 autem
1175 3523 1330 3588 gravi
1383 3525 1584 3579 morbo
1614 3523 1925 3592 laboraret,

272 3608 428 3662 datis
461 3607 666 3662 litteris
694 3609 762 3662 ad
786 3609 1154 3664 Theodorum
1184 3611 1546 3682 Tyanensem
1581 3612 1930 3683 signiﬁcavit

271 3714 334 3751 se
353 3696 559 3751 morbo
584 3697 653 3750 ab
671 3695 934 3750 Ecclesia:
956 3698 1369 3767 gubernaculis
1390 3700 1711 3754 abductum
1727 3701 1928 3767 fuisse,

271 3785 508 3856 ipsique
527 3783 833 3838 Theodoro
881 3784 1033 3840 hanc
1057 3803 1257 3840 curam
1285 3787 1657 3843 incumbere:
1693 3790 1845 3859 quod
1881 3789 1931 3843 si

274 3891 391 3928 non
426 3873 720 3940 audiatur,
759 3872 921 3927 addit
953 3891 1012 3928 se
1042 3875 1316 3931 omnibus
1343 3876 1569 3947 publice
1590 3878 1931 3948 prazdicatu-

277 3957 760 4030 rum,Ecclesiam
785 3959 936 4014 hanc
961 3966 1188 4031 pastore
1221 3963 1479 4034 indigere
1518 3964 1613 4035 (εἰ).
1657 3989 1684 4015 κ
1710 3965 1934 4019 Testifi-

276 4065 378 4104 cor
391 4064 584 4103 coram
608 4047 720 4102 Deo
744 4052 800 4101 et
831 4048 1027 4103 electis
1051 4049 1294 4120 angelis,
1316 4050 1414 4105 Dei
1438 4068 1669 4123 gregem
1696 4052 1936 4124 indigna

280 4137 424 4210 pati,
458 4140 521 4190 ut
553 4137 651 4208 qui
677 4137 747 4190 ob
775 4136 1063 4207 perditam
1091 4138 1486 4194 valetudinem
1512 4157 1699 4194 meam
1717 4158 1819 4195 nec
1836 4158 1936 4212 pa-

283 4230 503 4287 scatur,
541 4241 643 4278 nec
672 4224 1155 4279 visitetur...(3um
1183 4229 1374 4281 autem
1413 4227 1600 4298 pietas
1634 4233 1734 4282 tua
1764 4245 1936 4299 supe-

283 4314 437 4369 riore
459 4312 586 4367 loco
613 4312 725 4367 sita
743 4313 840 4377 sit,
859 4313 927 4366 ad
957 4317 1009 4368 te
1041 4312 1242 4369 oculos
1266 4317 1560 4383 conjectos
1597 4316 1808 4372 habere
1840 4334 1936 4372 ne-

288 4418 451 4457 cesse
483 4405 591 4455 est.
623 4400 942 4456 Ecclesiam
960 4405 1143 4468 tuam,
1163 4419 1277 4474 quo
1307 4409 1474 4475 pacto
1498 4405 1600 4459 tibi
1626 4405 1936 4477 videbitur,

2032 3256 2389 3328 profiteatur.
2424 3277 2450 3304 «
2483 3253 2821 3310 Furibundo
2855 3254 3058 3308 robore
3087 3252 3246 3307 saevit
3289 3269 3446 3319 caro,
3487 3252 3682 3323 inquit

2034 3346 2133 3417 (g),
2167 3362 2270 3400 nec
2302 3361 2562 3415 unquam
2596 3361 2629 3399 a
2657 3344 2808 3399 bello
2841 3343 3155 3414 quiescit...
3195 3344 3584 3408 Quamobrem
3617 3343 3677 3397 in

2033 3434 2191 3489 luctu
2215 3439 2272 3488 et
2291 3433 2561 3504 squalore
2579 3448 2795 3497 versor,
2819 3431 3229 3502 scelestamque
3250 3430 3414 3486 illum
3437 3431 3676 3502 Regem,

2036 3523 2134 3593 qui
2162 3522 2358 3576 omnia
2387 3520 2626 3591 imperio
2657 3525 2832 3585 tenet,
2857 3520 3104 3590 supplex
3133 3521 3414 3587 obtestor,
3459 3524 3523 3574 ut
3553 3535 3678 3573 cor-

2037 3610 2547 3682 porisauimaequsa
2565 3609 3015 3662 controversiam
3038 3607 3683 3678 disceptet,bellumque

2038 3697 2408 3768 comprimat.
2458 3718 2486 3747 »
2539 3697 2720 3750 Deum
2771 3695 2906 3750 belli
2966 3695 3145 3764 hujus
3191 3695 3407 3749 exitum
3449 3710 3684 3764 semper

2038 3787 2288 3853 timeret,
2331 3802 2446 3839 non
2478 3784 2618 3839 solis
2655 3783 2970 3855 gemitibus
3009 3783 3225 3838 amoris
3263 3782 3583 3849 Christum,
3617 3785 3687 3836 ut

2041 3875 2138 3930 sed
2149 3877 2685 3943 arettempestatem
2701 3872 3043 3942 hostemque
3055 3870 3383 3940 depelleret,
3407 3871 3683 3940 urgebat:

2046 3985 2073 4013 «
2097 3959 3296 4029 Pernicioso,inquit,ﬂuctusextimescens,
3314 3959 3500 4013 ventri
3531 3957 3690 4013 clau-

2043 4056 2164 4106 stra
2185 4051 2262 4104 im
2274 4065 2444 4119 pono,
2463 4049 2723 4103 animum
2748 4064 2991 4102 mcerore
3009 4045 3269 4115 coniicio,
3293 4045 3684 4118 lacrymarum

2044 4139 2161 4195 vim
2181 4137 2797 4206 etl'undo,sempiterno
2817 4135 2956 4206 Regi
2980 4135 3276 4190 debilitata
3292 4151 3482 4206 genua
3498 4135 3688 4203 ﬂecto,

2046 4233 2102 4283 et
2121 4227 2454 4282 sordidatus
2481 4225 2703 4279 incedo.
2729 4246 2756 4273 ››
2791 4224 3001 4278 Eodem
3033 4223 3213 4277 animi
3238 4224 3443 4278 ardore
3481 4222 3690 4279 beatus

2047 4332 2242 4384 senex,
2269 4313 2410 4368 nihil
2446 4313 2637 4368 sciens
2660 4312 2771 4367 nisi
2809 4310 3127 4377 Christum,
3174 4316 3231 4365 et
3280 4311 3434 4365 hunc
3457 4311 3689 4366 cruciﬁ-

2046 4405 2269 4472 xum“,
2320 4419 2532 4458 novum
2574 4400 2684 4456 sibi
2721 4399 3186 4456 mortificationis
3230 4416 3415 4471 genus
3445 4399 3689 4454 invenit.

290 4508 504 4545 cura...
547 4490 708 4554 Quod
734 4490 782 4543 si
809 4490 927 4544 haec
959 4490 1157 4544 dicens
1181 4508 1243 4545 ac
1279 4492 1542 4547 scribens
1573 4493 1813 4548 minime
1837 4511 1937 4548 au-
1971 4509 2016 4572 Β
2049 4497 2234 4548 jEtate
2264 4491 2454 4564 gravis
2474 4491 2804 4560 fractusque
2835 4489 3058 4555 morbo,
3086 4487 3310 4559 aliquid
3343 4489 3414 4542 de
3441 4487 3571 4542 vita:
3594 4503 3698 4542 au-

291 4579 487 4631 diar...
517 4578 890 4648 perspicuum
921 4579 1158 4633 reddam
1197 4581 1349 4649 quod
1384 4580 1635 4636 Ecclesia
1671 4581 1941 4652 episcopo

289 4665 578 4736 indigeat.
609 4687 633 4712 ››
657 4666 818 4727 Quod
855 4665 1192 4720 minabatur
1243 4683 1303 4721 se
1352 4667 1644 4723 facturum
1679 4669 1946 4738 praestitit

293 4753 1308 4824 Gregorius,gubernaculaEcclesia
1329 4754 1699 4810 Nazianzenaa
1719 4756 1946 4812 abdica-

292 4841 394 4911 vit,
418 4856 526 4894 nec
558 4839 679 4909 cogi
711 4839 860 4895 ultra
889 4841 1081 4911 potuit
1125 4846 1187 4896 ut
1225 4859 1293 4897 ea
1315 4843 1656 4914 susciperet.
1689 4843 1948 4915 Nequid-

299 4945 477 4999 quam
505 4928 822 4998 Bosporius
854 4928 1236 4997 Coloniensis,
1268 4930 1356 4986 cui
1394 4931 1648 5001 primum
1673 4937 1946 5002 cesserat,

2053 4580 2314 4637 steritate
2345 4579 2648 4634 remiserat
2701 4576 2835 4632 licet
2863 4577 3083 4632 invitus
3116 4592 3130 4632 :
3164 4580 3230 4631 ut
3263 4579 3457 4631 autem
3489 4573 3698 4644 mysti-

2055 4686 2186 4724 cum
2210 4683 2442 4738 semper
2471 4682 2601 4721 cum
2631 4665 2856 4719 Christo
2876 4665 3227 4719 sacriﬁcium
3252 4668 3448 4736 ageret
3475 4667 3531 4719 et
3562 4663 3698 4718 huic

2056 4758 2275 4812 mundo
2298 4757 2524 4827 jugiter
2545 4758 2884 4821 moreretur;
2910 4757 2975 4807 ut
3004 4753 3122 4808 oris
3144 4751 3357 4807 delicta
3375 4768 3702 4823 senumque

2057 4845 2348 4918 peculiare
2372 4844 2599 4908 vitium,
2637 4841 2735 4911 qui
2778 4842 3128 4914 quandoque
3162 4840 3408 4897 nimium
3445 4839 3698 4913 loquun-

2056 4941 2172 5002 tur,
2208 4935 2504 5004 purgaret,
2535 4930 2875 4985 continuum
2897 4929 3200 4986 silentium
3231 4935 3348 4986 toto
3372 4931 3703 5004 Quadrage-

300 5016 512 5070 iterum
549 5015 817 5071 hortatus
846 5022 934 5072 est
965 5021 1028 5072 ut
1051 5025 1376 5075 remaneret
1415 5020 1723 5092 tantisper,
1769 5022 1951 5076 donec
2059 5021 2222 5078 simae
2251 5025 2512 5091 tempore
2543 5017 2653 5073 sibi
2685 5018 3011 5089 imperavit.
3047 5040 3076 5068 «
3107 5019 3201 5075 Sic
3223 5035 3346 5090 ego,
3380 5019 3570 5091 inquit
3601 5020 3704 5090 (h),

304 5105 430 5176 ejus
449 5102 924 5176 locoepiscopum
946 5106 1724 5181 constituissentzrepulsam
1739 5127 1952 5183 passus
2059 5107 2377 5183 precipitis
2406 5106 2695 5163 sermonis
2728 5107 3013 5179 impetum
3033 5108 3403 5182 conspiciens
3433 5108 3708 5165 excedere

374 5237 418 5271 ⁷⁸
451 5236 499 5293 Il
531 5235 664 5292 Cor.
696 5252 796 5302 xu,
827 5240 880 5292 7.

375 5371 451 5438 (al
622 5367 707 5440 ιιιὲ
732 5368 818 5440 49.

401 5442 449 5515 ὸ)
476 5439 652 5515 Apud
679 5439 917 5515 Belin”
952 5441 1109 5514 Maii,
1137 5459 1195 5515 p.
1226 5444 1353 5500 521.

401 5443 428 5497 b
476 5443 652 5511 Apud
679 5443 821 5495 Boil.
860 5443 916 5496 11

399 5443 629 5639 ὀῐὺὶά.
667 5529 720 5580 ρ.
758 5511 916 5565 422·

445 5587 457 5639 )
488 5581 676 5639 Epist.
710 5581 786 5638 al.
817 5583 906 5639 88.

440 5587 457 5656 )
488 5581 676 5657 Epist.
710 5581 786 5638 al.
817 5583 906 5640 88.

626 5709 896 5810 ξιτιοι.
945 5709 1056 5778 Gn.
1106 5709 1347 5796 XXXV,

993 5239 1036 5273 ⁷⁵
1066 5239 1087 5293 Ι
1119 5243 1242 5296 (lor.
1277 5257 1337 5326 ιιι,
1365 5243 1418 5296 2.

378 5445 396 5659 ἓ

2136 5375 2205 5516 ξε)
2238 5372 2338 5446 Ep.
2368 5373 2443 5430 al.
2476 5371 2562 5431 42.

2159 5450 2206 5516 f)
2236 5447 2337 5516 Ep.
2372 5445 2446 5502 a1.
2478 5445 2562 5500 iQt

2159 5450 2206 5517 f)
2236 5445 2337 5516 Ep.
2372 5445 2446 5502 a1.
2478 5445 2599 5500 196.

2162 5514 2216 5588 α)
2249 5514 2438 5573 Carm.
2474 5517 2546 5571 De
2571 5514 2983 5576 calamitatibus
3011 5519 3146 5576 suis.

2137 5522 2218 5668 tt;
2249 5522 2559 5649 82:23:13;
