4152 6208
468 337 586 399 235

1798 324 1980 380 ΠΤΑ
2032 321 2093 376 9.
2145 318 2538 379 CREGOltll.

3751 317 3872 376 236

469 469 709 525 modum
742 471 798 522 et
826 465 1154 537 regulam...
1182 459 1372 515 inveni
1417 457 1708 529 optimum
1747 452 2104 521 remedium;
2136 452 2189 516 Α
2223 451 2392 504 tidem
2417 450 2693 503 adversus
2724 447 3024 502 haereticos
3040 447 3867 520 autdefenditipse,autalios,

471 554 1091 625 scilicetcomprimens
1121 554 1302 605 totum
1329 561 1655 604 sermonem
1677 542 1899 598 excelso
1923 544 2114 612 pecto-

473 663 554 711 re,
578 652 641 699 ut
671 642 1071 712 discatlingua
1093 656 1214 709 quae
1239 637 1482 692 dicenda
1504 639 1559 690 et
1590 651 1716 704 qua:
1742 649 1852 686 non
1873 628 2117 684 dicenda

475 734 591 789 sint
618 733 964 787 discernere.
1001 751 1028 778 »

564 854 791 910 CLXXI.
820 854 1069 910 Nectario
1106 851 1301 906 scribit
1331 849 1598 904 adversus
1626 845 2069 917 Apollinaristas.

551 962 667 1017 Hoc
693 960 971 1031 temporis
1021 962 1232 1022 tractu,
1266 954 1516 1009 haeretici
1561 957 1739 1022 caput
1785 948 2117 1005 extulerunt

480 1051 538 1105 in
572 1051 718 1104 urbe
747 1049 929 1119 regia,
952 1048 1094 1101 adeo
1130 1051 1195 1099 ut
1215 1045 1392 1099 libere
1423 1046 1740 1097 conventus
1761 1043 2016 1109 agerent,
2060 1041 2116 1091 et

478 1140 750 1210 dogmata
778 1153 886 1191 sua
915 1135 1317 1206 praedicarent.
1349 1131 1461 1184 Alii
1485 1129 1721 1200 quidem
1753 1127 1875 1182 sola
1891 1127 2114 1197 episco-

476 1242 685 1298 porum
735 1229 836 1279 aut
890 1225 1289 1294 praefectorum
1349 1218 1659 1274 tolerantia
1714 1216 1773 1270 id
1824 1215 2111 1284 agebant;

473 1313 900 1384 Apollinaristaa
930 1327 1062 1365 vero
1106 1310 1279 1364 tacita
1309 1309 1390 1362 vel
1426 1321 1697 1377 expressa
1735 1304 1987 1370 licentia,
2021 1318 2116 1356 se-

470 1401 631 1472 ipsos
677 1399 1009 1455 orthodoxis
1039 1398 1422 1469 aequiparare,
1455 1401 1512 1450 et
1554 1395 1755 1449 eadem
1806 1409 1936 1446 cum
1970 1391 2116 1461 ipsis

470 1490 736 1544 libertate
768 1488 879 1542 frui
912 1487 1272 1542 sinebantur.
1294 1484 1515 1548 Quibus
1543 1482 1756 1537 auditis
1779 1481 2112 1550 Gregorius,

471 1577 757 1642 Nectario,
782 1592 955 1646 quem
989 1575 1046 1628 in
1080 1591 1141 1629 se
1173 1573 1651 1641 benevolumjam
1670 1574 1940 1640 expertus
1970 1572 2110 1633 erat,

470 1664 778 1736 epistolam
798 1664 1193 1734 scripsit,quas
1226 1662 1376 1715 inter
1405 1660 1693 1714 orationes
1712 1673 1952 1711 numero
1988 1672 2113 1709 XLVI

471 1755 838 1818 censebatur,
863 1757 920 1806 et
935 1753 1004 1805 de
1027 1747 1745 1819 concessaApollinaristis
1769 1745 2002 1800 licentia
2015 1760 2112 1798 ve-

2227 538 2643 603 utdefendant,
2677 536 2959 591 hortatur.
2995 538 3128 601 Quae
3161 536 3396 606 quidem
3421 554 3623 592 omnes
3655 538 3869 608 episto-

2225 626 2290 679 lae
2342 631 2683 698 argumento
2724 630 2880 693 sunt,
2915 634 3201 696 quantum
3253 625 3310 678 in
3343 642 3406 680 eo
3438 626 3568 680 fidei
3603 627 3863 681 studium

2226 714 2419 783 fuerit,
2446 720 2666 785 quanta
2701 713 3027 768 sollicitudo
3050 714 3202 768 circa
3233 731 3323 768 res
3353 713 3643 782 Ecclesia,
3676 731 3864 785 quan-

2224 807 2320 858 tus
2352 821 2517 858 amor
2546 803 2814 874 proximi,
2840 808 3124 872 quantum
3152 803 3309 872 pacis
3333 803 3616 871 studium,
3651 808 3756 857 etc.

2296 893 2555 964 Longum
2588 896 2741 947 esset
2769 892 2889 946 haac
2921 909 3023 962 per
3051 891 3281 962 singula
3311 907 3617 958 enarrare;
3651 895 3747 947 sed
3788 893 3868 947 si-

2224 978 2401 1034 lentio
2431 981 2873 1050 praetermittere
2920 981 3081 1034 nefas
3139 980 3291 1051 quod
3340 985 3581 1035 sanctus
3612 981 3869 1052 pontifex

2223 1068 2540 1138 egit,sa1uti
2566 1069 2894 1123 animarum
2912 1085 3031 1123 sem
3044 1068 3506 1139 perintentus,ut
3529 1069 3867 1125 Nemesium

2224 1157 2294 1211 ad
2328 1156 2620 1212 Christum
2647 1156 3040 1212 alliceret.Vir
3060 1160 3183 1211 erat
3204 1157 3357 1211 omni
3401 1157 3624 1212 liberali
3655 1159 3866 1213 doctri-

2224 1262 2299 1299 na
2332 1245 2742 1316 politissimus,
2778 1262 3024 1301 summas
3045 1245 3410 1316 eloquentia,
3443 1250 3498 1300 et
3529 1247 3584 1300 in
3620 1247 3738 1301 foro
3772 1263 3867 1302 ce-

2223 1331 2518 1387 leberrimi
2564 1332 2836 1387 nominis.
2872 1332 3001 1386 Mox
3032 1331 3277 1386 illustris
3323 1333 3533 1396 factus,
3569 1332 3868 1404 Cappado-

2224 1419 2322 1474 ciae
2354 1422 2749 1491 praefecturam
2777 1421 3031 1491 primum
3055 1419 3391 1489 obtinuit,et
3420 1419 3646 1491 integra
3678 1425 3869 1476 mente

2225 1524 2553 1579 magnaque
2584 1510 2905 1564 reverentia
2936 1525 3027 1563 res
3060 1508 3364 1579 provinciae
3397 1509 3825 1563 administravit
3851 1527 3864 1577 ;

2225 1598 2322 1649 sed
2360 1598 2755 1667 quamtumvis
2778 1602 2833 1652 et
2872 1598 3136 1652 eruditus
3159 1602 3213 1650 et
3236 1598 3512 1666 prudens,
3539 1597 3864 1651 adhucido-

2224 1683 2412 1739 lorum
2447 1686 2629 1740 cultui
2663 1685 2931 1741 addictus
2963 1691 3105 1740 erat.
3141 1687 3387 1749 Interea,
3411 1686 3499 1737 vir
3538 1684 3863 1740 litterarum

2225 1789 2458 1839 amans,
2499 1775 2792 1828 doctorem
2827 1774 3148 1827 maximum
3183 1773 3466 1843 singulari
3489 1773 3706 1827 honore
3739 1791 3867 1844 pro-

472 1839 919 1932 δθφθηίίδείωῗ
945 1843 1300 1932 οοηίιυεῗεὶξλε
1331 1842 1459 1932 ἐξεξῖ
1497 1859 1523 1885 (ί
1555 1835 1720 1932 Qui)?
1761 1838 1976 1932 ἒξξίθῖην
2028 1849 2116 1884 ¹“’
2150 1830 2196 1894 Β
2228 1862 2393 1931 sequi
2443 1879 2551 1915 non
2588 1862 2828 1924 destitit,
2861 1861 3089 1932 ipsique
3129 1862 3455 1916 necessaria
3485 1830 3867 1917 levandae‘se-

473 1928 620 1999 quit,
647 1945 713 1983 ex
744 1928 1017 1982 omnibus
1048 1925 1454 1982 ecclesiasticis
1493 1921 1924 1978 calamitatibus
1955 1935 2118 1974 acer-

473 2015 1357 2085 bissimum,Apollinaristarum
1380 2012 1611 2066 licentia
1641 2015 1747 2078 est,
1781 2009 1930 2076 quod
1959 2007 2116 2061 haud

474 2104 595 2159 scio
626 2104 920 2169 quomodo
953 2102 1136 2172 pietas
1165 2107 1267 2155 tua
1296 2104 1687 2154 conventuum
1725 2113 1885 2167 aeque
1915 2112 1979 2149 ac
2014 2112 2117 2150 nos

472 2191 873 2246 habendorum
895 2189 1298 2244 auctoritatem
1315 2188 1422 2242 sibi
1439 2202 1742 2256 arrogasse
1759 2193 1930 2254 atque
1947 2200 2116 2237 usur-

471 2296 643 2350 passe
665 2295 838 2350 passa
870 2279 1062 2333 fuerit.
1092 2299 1118 2325 »
1149 2274 1631 2342 Haereticosillos,
1662 2289 1916 2328 errorem
1940 2288 2113 2326 suum

471 2366 835 2436 occultando,
863 2365 1124 2420 Nectario
1151 2365 1346 2419 fucum
1375 2363 1580 2417 fecisse
1602 2361 1948 2430 conjicimus
1967 2378 2032 2414 ex
2049 2377 2114 2415 eo

465 2457 622 2527 quod
649 2455 963 2526 Gregorius
995 2453 1211 2508 claram
1243 2454 1581 2523 dogmatum
1615 2450 1847 2504 illorum
1881 2449 2114 2519 exposi-

465 2545 686 2600 tionem
743 2542 998 2614 epistolzs
1030 2557 1148 2596 suae
1199 2541 1567 2594 inserendam
1623 2537 1966 2606 crediderit;
2020 2537 2111 2590 cui

470 2631 814 2703 expositioni
845 2631 960 2685 ista
990 2629 1324 2699 subjunxit:
1357 2651 1384 2677 ‹‹
1419 2629 1475 2682 Si
1511 2627 1648 2691 illis,
1678 2633 1742 2680 ut
1772 2630 1828 2680 et
1859 2626 1950 2696 pie
1981 2642 2111 2680 sen-

467 2721 750 2776 tientibus
769 2719 1094 2789 (nimirum,
1119 2721 1316 2788 utpote
1341 2716 1440 2786 qui
1467 2715 1557 2786 pie
1582 2714 1876 2785 sentiant),
1903 2731 1968 2768 ea
1987 2730 2110 2782 quas

472 2808 735 2862 sentiunt
765 2808 967 2861 docere
1005 2805 1300 2874 libereque
1334 2803 1703 2874 promulgare
1735 2802 2110 2872 permittitur,

471 2895 605 2966 quis
635 2912 749 2949 non
779 2890 1957 2955 videtEcclesiaadoctrinamcondemnari,
1983 2905 2111 2959 per-

472 2985 610 3038 inde
639 2999 706 3038 ac
736 2982 974 3036 veritate
1006 2982 1076 3035 ab
1098 2981 1331 3035 illorum
1366 2981 1628 3051 partibus
1652 2984 1838 3033 stante
1858 2978 1884 3031 ?
1916 2983 2113 3047 Neque

471 3074 628 3128 enim
660 3088 854 3127 rerum
890 3075 1095 3124 natura
1129 3071 1234 3124 fert
1265 3071 1410 3123 duas
1461 3069 1531 3122 de
1568 3069 1766 3122 eadem
1801 3083 1860 3121 re
1891 3074 2113 3120 contra-

427 3196 430 3199 -
473 3161 591 3215 rias
621 3160 916 3214 doctrinas
936 3175 1100 3212 veras
1118 3175 1264 3212 esse.
1291 3179 1317 3207 »
1353 3157 1474 3210 Non
1510 3173 1577 3210 ex
1606 3172 1670 3210 eo
1702 3160 1930 3209 tantum
1956 3154 2109 3225 quod

469 3248 914 3314 tolerentur,sed
940 3264 1008 3301 ex
1027 3263 1092 3301 eo
1123 3246 1276 3317 quod
1311 3245 1399 3315 pie
1429 3245 1746 3299 sentientes
1770 3243 2112 3312 judicentur

463 3336 911 3409 Apollinaristaz,
932 3334 1226 3390 concludit
1258 3334 1569 3404 Gregorius
1599 3331 1864 3386 Ecclesiae
1898 3331 2108 3385 doctri-

463 3443 600 3481 nam
633 3423 1029 3480 condemnari.
1097 3425 1220 3488 Qua
1250 3422 1484 3492 quidem
1535 3421 1930 3475 observatione
1980 3418 2106 3473 falsi

465 3513 846 3579 convincitur,
872 3514 1025 3584 quod
1067 3510 1444 3566 Barbeiracus
1475 3510 1534 3564 in
1564 3511 1673 3564 hoc
1703 3508 1886 3564 sancti
1920 3508 2110 3562 docto-

465 3603 547 3658 ris
579 3603 950 3657 ratiocinium
983 3599 1241 3672 protulit.

535 3691 692 3746 Alias
727 3692 798 3746 ad
830 3690 1162 3745 Nectarium
1211 3689 1434 3743 litteras
1465 3686 1625 3742 dedit
1653 3685 1966 3757 Gregorius
2004 3703 2106 3756 pro

461 3780 742 3852 Bosporio
773 3779 1044 3850 episcopo
1067 3775 1413 3845 Coloniensi,
1437 3776 1507 3829 de
1531 3775 1825 3830 erroribus
1856 3776 2008 3828 circa
2040 3776 2104 3829 il-

459 3870 686 3935 dem,ac
703 3869 774 3923 de
796 3866 1059 3921 infractis
1072 3861 2104 3920 canonibusinsimulato.Verendum

459 3963 600 4023 erat,
620 3974 691 4012 ne
719 3955 1059 4025 hujusmodi
1083 3971 1262 4009 causa
1292 3953 1345 4007 in
1364 3952 1596 4024 publico
1622 3951 1884 4022 praetorio
1907 3967 2104 4021 agere-

457 4052 573 4111 tur;
598 4041 763 4115 quod‘
792 4061 862 4099 ne
884 4045 1068 4111 fieret,
1093 4042 1299 4097 obnixe
1331 4041 1554 4111 rogavit
1576 4038 1886 4110 Gregorius
1922 4056 1933 4092 :
1969 4062 1994 4087 ‹‹
2030 4037 2100 4092 Il-

457 4133 558 4188 lud
581 4138 798 4198 autem,
829 4132 1022 4203 inquit
1061 4132 1161 4201 (a),
1196 4129 1436 4185 minime
1468 4129 1768 4183 ferendum
1801 4131 1912 4181 tuae
1944 4143 2099 4181 reve-

457 4220 652 4275 rentia;
712 4220 995 4284 videatur,
1045 4220 1195 4287 quod
1257 4221 1456 4272 nostra
1510 4216 1758 4287 publicis
1817 4214 2102 4285 prastoriis

452 4306 854 4360 traducantur.
879 4305 1023 4359 Nam
1049 4304 1279 4358 tametsi
1315 4307 1454 4357 sunt
1483 4301 1818 4368 Christiani,
1847 4308 1910 4356 ut
1947 4307 2100 4356 certe

451 4394 554 4449 Dei
584 4393 939 4463 benignitate
971 4395 1109 4446 sunt
1135 4391 1422 4459 ejusmodi
1459 4391 2095 4460 negotiorumjudices:

450 4479 590 4550 quid
634 4494 945 4534 commune
989 4476 1180 4548 gladio
1211 4482 1268 4530 et
1306 4475 1586 4545 spiritui?
1628 4477 1789 4540 Quod
1839 4478 1888 4531 si
1919 4477 2096 4531 etiam

448 4567 931 4635 concesserimus,
955 4565 1245 4636 quomodo
1268 4563 1619 4618 autubinam
1637 4565 1887 4633 justum,
1909 4564 2103 4635 dispu'

447 4657 731 4713 tationem
754 4655 823 4709 de
839 4655 952 4708 fide
970 4668 1104 4708 cum
1124 4651 1256 4706 aliis
1272 4651 1682 4706 controversiis
1706 4651 2033 4722 implicari?
2066 4675 2095 4703 »

444 4779 701 4835 CLXXII.
747 4777 1066 4833 Scribendis
1113 4775 1355 4840 epistolis
1402 4780 1455 4828 et
1502 4775 1803 4829 condendis
1849 4777 2095 4831 versibus

1108 4858 1433 4916 occupatur.

509 4957 600 5012 Sic
630 4955 963 5027 Gregorius,
999 4963 1126 5024 post
1171 4952 1495 5007 abdicatam
1532 4952 1793 5008 Ecclesia)
1845 4954 2090 5010 Nazian-

437 5063 592 5102 zenae
625 5063 846 5110 curam,
872 5047 952 5099 nil
998 5045 1191 5099 minus
1224 5045 1447 5098 decoris
1479 5044 1685 5098 domus
1710 5045 1807 5100 Dei
1835 5045 2089 5116 flagrans

439 5136 747 5200 desiderio,
779 5133 1078 5189 catholicis
1107 5131 1458 5186 utilitatibus
1491 5137 1644 5186 totus
1671 5135 2082 5202 incumbebat;

438 5241 545 5280 nec
578 5224 820 5278 inertem
849 5222 905 5276 in
939 5220 1256 5277 solitudine
1305 5221 1480 5275 vitam
1516 5219 1675 5275 illius
1716 5221 1896 5276 fuisse
1944 5225 2085 5278 satis

435 5315 729 5367 testantur
762 5315 846 5364 tot
875 5309 1155 5376 carmina,
1187 5325 1435 5378 quorum
1467 5327 1603 5380 pars
1639 5311 1893 5366 maxima
1914 5313 1984 5365 ab
2016 5328 2081 5367 eo

434 5404 576 5457 tunc
609 5400 840 5455 condita
871 5404 1040 5466 sunt;
1073 5402 1157 5453 tot
1186 5398 1461 5469 epistolae,
1496 5398 1710 5470 quibus
1741 5400 2080 5455 innocentia;

436 5489 716 5550 adversus
747 5502 1120 5560 oppressores
1159 5487 1548 5560 patrocinium
1581 5488 1843 5563 suscipit;
1865 5489 2080 5564 quibus

508 5616 586 5695 (Ii)
618 5612 716 5692 Ep.
750 5611 824 5672 al.
857 5613 980 5671 227.

2228 1949 2445 2003 nectuti
2495 1955 2551 2004 et
2597 1949 2920 2003 inﬁrmitati
2965 1951 3237 2018 juvandze
3297 1949 3562 2004 subsidia
3591 1967 3868 2021 generose

2228 2038 2639 2108 suppeditavit.
2657 2038 2967 2108 Gregorius
2999 2041 3083 2106 ut,
3107 2038 3443 2108 episcopum
3469 2039 3726 2108 decebat,
3752 2057 3866 2095 non

2225 2124 2430 2181 laudes
2464 2126 2896 2197 ampliﬁcando,
2921 2127 3022 2180 sed
3056 2126 3276 2180 monita
3302 2126 3511 2180 salutis
3534 2127 3867 2194 tribuendo,

2226 2214 2638 2269 beneficiorum
2682 2231 2998 2269 memorem
3033 2230 3094 2268 se
3123 2215 3296 2285 digne
3327 2216 3738 2286 comprobavit.
3776 2217 3867 2270 In-

2225 2303 2393 2373 genio
2428 2304 2619 2357 omnis
2659 2302 3363 2373 exquisitatelitteraturae
3386 2304 3714 2374 obsequens
3752 2304 3867 2374 ipsi

2222 2390 2519 2460 egregium
2547 2408 2751 2462 poema
2783 2391 3211 2460 dedicavit,quo
3235 2391 3283 2445 ei
3307 2391 3752 2446 simulacrorum
3775 2409 3868 2448 va-

2168 2519 2176 2528 .
2223 2480 2463 2532 nitatem
2512 2483 2568 2532 et
2608 2479 2975 2532 mendacium
3034 2479 3422 2548 exprobraret,
3456 2484 3512 2533 et
3560 2481 3630 2534 ad
3689 2483 3864 2537 unius

2222 2566 2320 2619 Dei
2362 2567 2583 2620 cultum
2607 2567 2909 2636 prwsidem
2926 2571 3011 2620 tot
3031 2565 3324 2637 praeclaris
3338 2567 3573 2622 dotibus
3591 2573 3863 2623 ornatum

2221 2655 2570 2710 traduceret.
2594 2655 2896 2710 Nemcsius
2912 2655 3056 2709 tanti
3082 2655 3377 2725 magistris
3398 2663 3678 2728 praecepta
3700 2675 3865 2728 aequo

2222 2743 2416 2797 animo
2448 2744 2691 2815 excepit,
2735 2745 2804 2798 ad
2856 2748 3121 2797 sanctum
3155 2745 3450 2798 doctorem
3508 2761 3568 2799 se
3599 2746 3866 2813 contulit,

2221 2847 2352 2885 cum
2385 2849 2450 2886 eo
2482 2833 2550 2886 de
2609 2832 2886 2903 religione
2917 2832 3226 2895 disseruit;
3260 2833 3517 2902 satisque
3549 2833 3868 2890 verisimile

2219 2925 2309 2975 est
2329 2920 2620 2990 pontificis
2643 2921 3011 2975 sermonibus
3036 2921 3305 2975 edoctum
3325 2923 3381 2975 et
3402 2921 3705 2976 sanctitate
3736 2939 3869 2993 per-

2220 3009 2472 3078 culsum,
2490 3009 2642 3064 idola
2658 3010 3070 3079 ejurasse,ipsu
3084 3026 3252 3078 mque
3275 3010 3684 3080 philosophum
3709 3011 3869 3067 hunc

2221 3114 2347 3152 esse
2400 3097 2817 3166 Christianum,
2865 3097 3104 3152 Nemisii
3158 3098 3409 3163 nomine,
3444 3099 3539 3168 qui
3569 3101 3643 3153 De
3673 3103 3869 3156 anima

2143 3190 2184 3254 ί]
2223 3202 2369 3256 opus
2401 3187 2600 3251 edidit,
2637 3186 2790 3256 quod
2821 3185 2971 3240 inter
3000 3202 3175 3257 opera
3196 3186 3428 3256 Gregori
3462 3187 3706 3258 Nysseni
3739 3188 3866 3243 vul-

2220 3281 2421 3345 gatum
2453 3280 2558 3330 est.

2289 3362 2524 3416 Talibus
2557 3363 2804 3433 negotiis
2839 3362 2896 3415 in
2928 3362 3240 3417 solitudine
3272 3364 3565 3419 distentus
3588 3370 3865 3422 eratGre-

2218 3450 2416 3521 gorius
2457 3456 2514 3505 et
2570 3451 2887 3505 condendis
2933 3450 3313 3516 carminibus,
3367 3469 3494 3522 quas
3543 3452 3684 3506 nihil
3745 3455 3866 3509 nisi

2218 3539 2507 3593 Christum
2526 3540 2915 3610 pietatemque
2929 3540 3173 3609 spirant,
3189 3539 3599 3610 tutissimaque
3613 3542 3863 3613 dogma-

2217 3632 2276 3682 ta
2297 3633 2354 3682 et
2377 3644 2604 3682 morum
2633 3632 2916 3699 praecepta
2929 3627 3522 3699 complectuntur.Pia
3542 3630 3752 3700 ubique
3768 3648 3863 3685 ar-

2217 3721 2515 3787 gumenta,
2547 3716 2633 3771 vel
2665 3717 2872 3770 animae
2908 3721 2963 3770 et
2985 3717 3244 3787 corporis
3270 3716 3555 3788 purgatio,
3589 3718 3672 3771 vel
3696 3719 3860 3774 theo-

2216 3803 2389 3875 logia,
2427 3803 2512 3858 vel
2554 3805 2914 3875 precationes
2944 3805 3014 3858 ad
3048 3804 3476 3874 implorandam
3511 3823 3675 3877 opem
3708 3807 3862 3860 divi-

2213 3908 2345 3945 nam
2408 3893 2686 3947 adversus
2744 3908 2976 3946 carnem
3031 3897 3088 3946 6t
3144 3891 3362 3946 malum
3415 3893 3733 3949 daemonem
3782 3898 3857 3949 ad

2215 3980 2403 4035 scelus
2434 3980 2866 4047 sollicitantem;
2902 3980 2987 4035 vel
3011 3981 3262 4051 gemitus
3294 3981 3400 4034 viri
3433 3982 3534 4052 pii,
3566 4000 3860 4038 aerumnas

2212 4086 2349 4125 suas
2382 4069 2636 4141 lugentis
2688 4069 3100 4139 Christumque
3130 4069 3374 4139 orantis,
3407 4074 3471 4123 ut
3519 4071 3644 4125 vitae
3677 4072 3854 4127 finem

2211 4158 2431 4212 afferat.
2466 4158 2712 4212 Cantare
2768 4173 2885 4211 non
2927 4158 3172 4212 cessavit
3227 4171 3387 4212 vates
3433 4159 3740 4229 piissimus
3781 4162 3856 4215 ad

2210 4252 2532 4300 extremum
2586 4263 2772 4317 usque
2830 4245 2955 4300 vita
3009 4245 3300 4316 spiritum,
3357 4248 3542 4301 morbi
3589 4266 3859 4318 quaerens

2209 4334 2451 4401 solatia;
2486 4352 2600 4405 quo
2633 4334 2867 4404 quidem
2899 4333 2957 4388 in
3003 4335 3126 4388 dies
3159 4335 3608 4406 ingravescente,
3653 4342 3708 4391 et
3752 4355 3856 4407 ap-

2206 4424 2637 4494 propinquante
2673 4426 2876 4491 morte,
2909 4422 3107 4477 ludere
3154 4423 3442 4492 versibus,
3492 4431 3548 4478 et
3592 4426 3858 4482 carmina

2135 4542 2181 4606 Ι)
2213 4528 2338 4582 quae
2371 4529 2582 4583 cycnea
2602 4516 2826 4578 vocant,
2861 4527 3206 4583 componere
3237 4512 3528 4583 pergebat.

2568 4654 2856 4709 CLXXIII.
2892 4655 3138 4709 Moritur
3172 4654 3482 4722 Gregorius.

2275 4779 2550 4842 Quamvis
2569 4783 2762 4833 autem
2795 4794 3055 4848 asperam
3078 4794 3324 4849 semper,
3364 4778 3630 4848 victuque
3660 4779 3850 4834 borri-

2203 4870 2335 4923 dam
2391 4867 2652 4922 duxisset
2695 4869 2894 4935 vitam,
2929 4867 3166 4922 saeviens
3222 4867 3279 4919 in
3331 4883 3562 4938 corpus,
3612 4884 3848 4924 carnem

2202 4956 2430 5026 vigiliis,
2483 4957 2708 5025 jejunis
2783 4955 3030 5026 aliisque
3114 4955 3466 5024 paenitentiae
3545 4956 3848 5012 laboribus

2199 5046 2506 5110 afflictans,
2549 5048 2819 5098 extremae
2869 5044 2994 5097 vitae
3038 5049 3327 5098 certamen
3363 5043 3667 5098 imminere
3715 5060 3848 5099 sen-

2197 5133 2370 5196 tiens,
2424 5132 2670 5200 jamjam
2710 5136 3057 5186 «tartarum
3118 5131 3364 5202 caligine
3418 5131 3780 5186 horrendum
3815 5154 3848 5183 »ι

2194 5221 2387 5274 videre
2419 5219 2528 5274 sibi
2559 5220 2886 5284 videbatur,
2919 5225 2974 5274 et
3003 5243 3029 5269 ‹‹
3066 5219 3219 5291 ignis
3263 5220 3581 5285 flammam,
3616 5219 3849 5275 altissi-

2198 5324 2471 5377 mamque
2505 5313 2749 5362 noctem.
2789 5331 2808 5358 ι
2839 5309 2988 5362 Tum
3021 5307 3267 5378 supplex
3293 5308 3363 5361 ad
3394 5308 3581 5362 sidera
3613 5307 3846 5379 palmas

2191 5397 2487 5463 tendebat,
2513 5396 2837 5450 inclamans
2876 5397 3175 5450 beatorum
3210 5395 3402 5451 choris
3433 5403 3496 5450 ut
3525 5413 3692 5468 opem
3725 5397 3843 5454 sibi

2189 5487 2667 5560 ferrent,totoque
2708 5487 2879 5547 corde
2913 5486 2985 5544 ad
3017 5486 3205 5544 Deum
3238 5484 3837 5560 aspirans,Christum
