4152 6208
275 342 395 401 237

1616 342 1799 404 VITA
1852 342 1918 401 S.
1966 342 2361 401 GREGORII.

3576 346 3697 407 238

271 475 443 529 enixe
478 475 767 547 rogabant
802 479 863 530 ut
894 493 955 529 se
984 477 1290 547 exciperet,
1325 482 1381 531 et
1414 477 1732 547 imaginem
1766 490 1931 529 suam
1965 477 2020 540 Α
2053 478 2187 527 runt
2222 489 2234 527 :
2268 475 2467 528 sedeat
2494 490 2629 546 ergo
2662 490 2795 528 cum
2821 474 2946 529 istis
2972 474 3238 531 l’atrihus
3262 476 3437 531 etiam
3462 484 3703 535 sanctus

272 579 389 617 non
425 563 738 618 desereret.
773 564 861 619 Ita
890 563 1266 619 beatissimus
1294 581 1473 620 senex
1513 587 1542 614 α
1574 564 1650 635 (a)
1678 564 1936 635 proxime

275 652 630 717 moriturus,
665 668 877 720 cycneo
908 658 1082 707 cantu
1117 653 1357 708 Domino
1388 658 1656 718 cantans,
1690 650 1936 723 purissi-

274 755 448 793 mum
479 739 595 794 Deo
625 739 900 810 spiritum
937 763 964 789 »
985 740 1257 806 reddidit,
1290 758 1356 796 ac
1388 745 1645 812 optatam
1679 740 1931 811 quietem

274 844 411 881 eum
447 827 783 899 agminibus
816 828 1122 883 beatorum
1182 829 1429 899 adeptus
1484 835 1591 884 est.
1637 829 1933 883 Mortuum

272 915 433 970 hunc
466 932 593 970 esse
643 932 795 970 anno
829 917 1139 971 undecimo
1172 916 1483 972 Theodosii
1543 915 1933 988 imperatoris,

274 1004 396 1058 sive
430 1020 582 1059 anno
614 1005 739 1069 389,
775 1021 840 1059 ex
875 1007 1223 1077 Hieronymo
1254 1005 1662 1075 discimus,qui
1696 1005 1754 1059 in
1786 1004 1932 1059 libro

272 1093 347 1147 De
391 1094 756 1163 scriptoribus
808 1094 1190 1148 ecclesiasticis
1221 1094 1292 1148 de
1348 1092 1623 1165 Gregorio
1678 1092 1928 1147 scribit:

270 1204 297 1229 α
339 1180 596 1235 Decessit
626 1186 759 1236 ante
786 1180 895 1235 hoc
921 1182 1101 1235 ferme
1132 1180 1449 1235 triennium
1477 1180 1585 1235 sub
1604 1179 1931 1235 Theodosio

267 1270 648 1340 imperatore.
693 1292 721 1317 ››
774 1269 944 1324 Porro
976 1269 1364 1341 Hieronymus
1416 1272 1666 1323 testatur
1712 1284 1773 1323 se
1821 1268 1931 1323 hoc

268 1375 428 1429 opus
462 1358 769 1429 scripsisse
799 1374 953 1413 anno
983 1358 1246 1428 ejusdem
1304 1357 1674 1429 imperatoris
1704 1357 1931 1411 decimo

269 1453 513 1515 quarto,
549 1464 616 1502 ex
639 1463 752 1518 quo
783 1447 1053 1518 sequitur
1106 1445 1471 1517 Gregorium.
1522 1446 1622 1517 qui
1680 1445 1930 1500 triennio

271 1540 411 1590 ante
442 1536 792 1601 decesserat,
820 1536 1039 1590 obiisse
1071 1551 1222 1590 anno
1257 1534 1566 1590 undecimo
1597 1533 1929 1600 Theodosii,

271 1625 539 1695 adeoque
571 1641 724 1679 anno
749 1624 879 1679 389.

271 1729 835 1797 CLXXIV,CLXXV.
874 1731 992 1798 Qua
1040 1738 1251 1785 statura
1284 1732 1524 1801 corporis
1579 1731 1750 1799 fuerit
1802 1729 1928 1785 Gre-

669 1803 875 1872 gorius.
911 1803 1033 1856 Dies
1062 1803 1231 1872 festus
1262 1801 1525 1872 Gregorii.

346 1908 596 1977 Corpore
630 1908 870 1962 robusto
928 1907 1036 1961 t‘uit
1096 1908 1431 1978 Gregorius,
1492 1907 1592 1962 sed
1672 1906 1929 1963 assiduis

270 1996 499 2051 morbis
550 1995 797 2066 vitaeque
867 1994 1169 2062 molestiis,
1232 2000 1626 2067 praetereaque
1668 1996 1930 2065 jejuniis,

265 2085 509 2156 vigiliis,
543 2084 907 2140 cbameuniis
939 2084 1020 2139 ita
1060 2085 1238 2139 fracto
1272 2102 1335 2139 ac
1365 2084 1690 2148 debilitato,
1726 2089 1789 2139 ut
1818 2086 1931 2139 sibi

270 2181 659 2240 senectutem,
695 2176 850 2246 quod
896 2175 1143 2246 ipsemet
1173 2178 1443 2242 testatur,
1505 2174 1929 2230 acceleraverit.

266 2267 615 2335 Anonymus
646 2268 898 2330 Graecus,
951 2281 984 2319 a
1036 2263 1280 2319 Baronio
1345 2262 1620 2319 laudatus
1669 2263 1769 2334 (ἀ),
1816 2280 1933 2335 qua

268 2358 502 2408 statura
554 2352 727 2406 fuerit
785 2352 875 2407 his
907 2352 1097 2408 verbis
1151 2352 1429 2423 exprimit
1488 2352 1543 2405 in
1602 2352 1795 2406 codice
1826 2354 1931 2406 540

270 2441 424 2496 Bibl.
458 2441 585 2495 Vat.
623 2459 683 2497 :u
710 2441 945 2496 Statura
1001 2441 1279 2497 mediocri
1336 2446 1481 2509 erat,
1536 2440 1789 2511 pallidus
1820 2440 1933 2494 ali-

276 2530 659 2603 quantulum,
694 2546 807 2584 non
841 2535 1033 2585 tamen
1055 2530 1197 2584 citra
1213 2534 1575 2584 venustatem
1612 2546 1624 2585 :
1653 2530 1930 2601 depresso

270 2636 443 2687 naso,
505 2617 835 2688 superciliis
896 2619 953 2671 in
1032 2623 1253 2673 rectum
1315 2618 1628 2689 protensis,
1691 2622 1928 2689 aspectu

270 2708 493 2763 blando
519 2713 575 2763 et
605 2707 790 2787 suavi,
823 2707 1002 2763 altero
1051 2705 1219 2761 oculo
1259 2723 1466 2778 nempe
1523 2707 1724 2761 dextro
1786 2708 1930 2761 sub-

271 2797 487 2863 tristis,
514 2813 688 2868 quem
725 2796 965 2851 cicatrix
994 2796 1279 2867 quaedam-
1321 2795 1717 2861 contrahebat,
1750 2795 1933 2851 barba

270 2901 390 2938 non
417 2883 731 2954 promissa,
781 2883 880 2937 sed
935 2884 1116 2937 densa
1145 2886 1360 2937 tamen.
1395 2884 1517 2947 Qua
1550 2888 1707 2954 parte
1732 2882 1930 2938 calvus

268 2990 389 3028 non
422 2978 568 3041 erat,
601 2988 737 3026 nam
771 2970 1238 3042 subcalvuserat,
1261 2971 1627 3026 alboscrines
1656 2971 1929 3043 habebat,

270 3078 542 3117 summas
601 3061 736 3115 item
790 3060 982 3115 barbae
1037 3064 1232 3131 partes
1292 3058 1448 3114 velut
1499 3060 1657 3125 fumo
1707 3060 1929 3116 obsitas

270 3150 633 3206 ostendebat.
690 3175 710 3201 ι
761 3147 1019 3221 Gregorii
1075 3151 1270 3204 autem
1321 3147 1500 3204 animi
1579 3148 1802 3221 effigies
1860 3165 1928 3204 ex

272 3241 455 3295 rebus
485 3238 687 3311 gestis,
722 3255 871 3310 quas
928 3238 1355 3308 enarravimus,
1389 3254 1609 3293 necnon
1638 3254 1705 3293 ex
1740 3238 1927 3309 ipsius

275 3326 534 3398 scriptis,
568 3328 623 3381 in
660 3327 871 3399 quibus
903 3326 1027 3397 ipse
1057 3343 1184 3381 sese
1207 3327 1491 3398 depingit,
1526 3326 1668 3382 satis
1700 3327 1928 3399 perspi-

276 3417 447 3471 citur.
480 3419 662 3470 Suum
697 3416 819 3487 Ipse
852 3415 964 3470 sibi
1015 3415 1376 3486 epitaphium
1414 3421 1737 3485 paraverat,
1771 3416 1929 3487 quod

279 3505 605 3576 praecipuos
636 3504 761 3557 vitae
795 3503 982 3574 ipsius
1014 3510 1254 3558 eventus
1311 3503 1616 3558 duodecim
1668 3504 1932 3559 versibus

285 3593 561 3663 elegiacis
592 3591 1018 3662 complectitur.
1051 3591 1183 3646 Dies
1238 3592 1420 3646 festus
1451 3592 1709 3664 Gregorii
1742 3592 1937 3663 agitur

285 3698 443 3737 nono
475 3680 611 3735 Maii
647 3681 799 3753 apud
838 3680 1069 3735 Latinos
1104 3697 1117 3747 ;
1153 3681 1304 3751 apud
1345 3685 1573 3735 Graecos
1607 3687 1798 3736 autem
1832 3682 1935 3736 Ja-

280 3769 476 3824 nuarii
512 3769 828 3833 tricesimo,
853 3785 972 3823 una
1001 3784 1133 3823 cum
1168 3775 1369 3824 sancto
1402 3768 1611 3824 Basilio
1640 3776 1697 3824 et
1736 3775 1937 3825 sancto

280 3858 721 3931 Chrysostomo.
756 3857 860 3913 Sed
888 3856 1197 3928 peculiaris
1227 3858 1499 3929 Gregorio
1530 3857 1637 3913 soli
1688 3874 1852 3913 sacer
1881 3863 1940 3914 et

280 3946 569 4001 solemnis
601 3945 751 4016 apud
785 3945 1022 4000 eosdem
1052 3950 1278 4000 GNBCOS
1318 3951 1406 3999 est
1434 3947 1653 4001 mensis
1674 3945 1938 4001 Januarii

276 4034 598 4089 vicesimus
630 4033 872 4104 quintus
904 4034 1047 4087 dies.

279 4131 571 4188 CLXXVI.
606 4132 820 4199 Quanta
871 4129 1017 4201 apud
1063 4146 1246 4186 omnes
1295 4130 1550 4199 Gregorii
1578 4132 1935 4187 existimatio.

353 4233 589 4296 Quanta
618 4229 793 4283 fuerit
826 4228 964 4283 olim
982 4228 1133 4299 apud
1168 4232 1407 4295 veteres,
1438 4228 1719 4300 hodieque
1735 4230 1940 4285 etiam-

284 4336 428 4373 num
462 4318 541 4373 sit
564 4319 717 4389 apud
754 4316 1392 4389 recentiores,Gregorii
1421 4318 1667 4388 ejusque
1696 4334 1939 4389 operum

283 4406 662 4473 existimatio,
698 4406 832 4461 inde
862 4410 1116 4471 constat,
1153 4408 1306 4477 quod
1359 4406 1557 4462 Patres
1584 4424 1786 4463 omnes
1828 4424 1939 4462 non

286 4502 522 4551 tantum
554 4495 973 4561 Graeci,verum
991 4496 1167 4550 etiam
1198 4495 1407 4561 Latini,
1430 4512 1496 4551 ac
1528 4494 1942 4567 theologi,nec-

290 4604 403 4641 non
431 4585 867 4654 Scripturarum
912 4583 1277 4655 interpretes,
1343 4585 1401 4638 in
1436 4584 1771 4640 astruendis
1814 4585 1848 4639 fi

287 4673 689 4746 dogmatibus,
723 4671 1134 4743 Oppugnandis
1183 4672 1478 4727 erroribus
1511 4678 1568 4727 et
1589 4673 1946 4743 exponendis

288 4760 843 4833 Scripturis,ipsius
877 4760 1279 4815 auctoritatem
1335 4761 1553 4832 passim
1605 4762 1940 4817 adhibeant.

285 4851 570 4923 Exemplo
599 4868 727 4905 esse
749 4854 956 4920 potest,
1016 4855 1071 4905 et
1102 4852 1284 4904 instar
1330 4851 1590 4906 omnium
1642 4853 1719 4906 sit
1746 4854 1944 4923 Augu-

285 4942 506 5003 stinus,
542 4940 637 5010 qui
671 4939 771 4994 lib.
820 4956 835 4993 1
895 4940 1094 4993 Contra
1142 4938 1435 4994 Iulianum
1494 4941 1586 5010 (c),
1640 4945 1941 5012 peccatum

286 5029 570 5103 originale
591 5029 872 5084 adversus
910 5029 1256 5101 Pelagianos
1287 5029 1545 5101 Gregorii
1602 5030 1944 5085 auctoritate

284 5119 498 5176 astruit
523 5134 537 5173 :
572 5140 599 5167 ‹‹
636 5117 747 5173 Sed
765 5135 879 5172 non
904 5118 1007 5172 tibi
1031 5117 1212 5173 deerit
1235 5118 1431 5188 magni
1448 5117 1703 5173 nominis
1718 5124 1773 5172 et
1793 5119 1946 5173 fama

288 5206 669 5265 celeberrima
695 5206 944 5261 illustris
994 5205 1304 5278 episcopus
1354 5206 1527 5262 etiam
1569 5206 1638 5261 de
1678 5207 1945 5279 partibus

289 5296 564 5364 Orientis,
598 5296 769 5365 cujus
786 5294 1283 5367 eloquiaingentis
1305 5293 1510 5351 merito
1540 5296 1943 5367 gratias,etiam

286 5388 345 5444 in
376 5387 646 5459 linguam
680 5384 941 5440 Latinam
960 5383 1246 5439 translata
1273 5400 1697 5457 usquequaque
1720 5382 1941 5443 clarue-

377 5514 435 5655 ag
459 5509 634 5595 Apud
669 5507 833 5577 8011.,
866 5510 901 5564 9
930 5509 1088 5576 Maii,
1120 5526 1175 5582 p.
1210 5509 1336 5570 427.

382 5588 413 5639 b
472 5581 736 5655 Ibidqup.
771 5581 895 5655 428.
1092 5651 1135 5655 __
1275 5651 1334 5655 __

382 5581 435 5655 ὁ)
472 5581 647 5645 Ibid.,
680 5598 736 5654 p.
771 5581 895 5636 428.
1131 5581 1136 5582 ⁷

379 5662 430 5727 c)
461 5650 609 5731 Cap.
639 5653 693 5723 5,
719 5669 776 5708 n.
809 5654 897 5724 15,
915 5656 1060 5710 tom.
1090 5651 1155 5725 X,
1180 5669 1240 5727 p.
1272 5650 1399 5713 504.

356 5516 375 5737 l

2044 562 2375 633 Gregorius,
2409 566 2467 617 et
2496 580 2631 617 cum
2664 564 2748 619 eis
2804 568 2917 618 tuae
2970 563 3404 620 criminationis
3462 567 3699 624 inanem

2044 651 2300 722 patiatur
2354 651 2633 705 invidiam
2671 668 2683 707 :
2718 653 2860 707 dum
2920 657 3115 707 tamen
3175 670 3309 708 cum
3362 654 3448 710 eis
3494 664 3701 714 contra

2044 740 2323 793 novitiam
2352 744 2573 810 pestem
2600 746 2871 804 vestram,
2906 741 3316 797 medicinalem
3352 744 3609 815 proferat
3638 751 3697 801 et

2042 828 2168 898 ipse
2198 829 2571 883 sententiam.
2608 851 2635 877 ››
2667 829 2796 885 Haec
2844 830 2910 885 de
2957 830 3232 901 Gregorio
3274 838 3470 887 nostro
3503 836 3696 907 Augu-

2043 915 2274 981 stinus;
2308 916 2428 987 qui,
2464 916 2705 987 prolatis
2739 917 3279 990 pluribusGregorii
3315 921 3694 993 testimoniis,

2041 1005 2123 1059 ita
2153 1004 2609 1077 prosequitur(d)
2645 1023 2658 1060 :
2694 1028 2721 1055 ‹‹
2753 1007 2839 1061 An
2872 1006 2972 1060 tibi
2996 1007 3239 1078 parvain
3274 1026 3391 1066 uno
3418 1013 3695 1084 Gregorio

2042 1092 2448 1164 episcoporum
2507 1094 2889 1150 Orientalium
2934 1096 3168 1150 videtur
3199 1100 3557 1155 auctoritas?
3589 1100 3689 1157 Est

2042 1182 2277 1252 quidem
2302 1187 2463 1237 tanta
2485 1188 2821 1255 persona,ut
2850 1200 3039 1255 neque
3068 1183 3164 1239 ille
3194 1184 3299 1240 hoc
3332 1186 3443 1241 nisi
3474 1205 3541 1243 ex
3576 1189 3691 1245 fide

2040 1270 2373 1327 Christiana
2403 1273 2676 1328 omnibus
2709 1272 3013 1329 notissima
3034 1274 3283 1342 diceret;
3318 1291 3421 1330 nec
3452 1275 3535 1331 illi
3560 1294 3696 1333 eum

2039 1362 2157 1414 tam
2193 1360 2415 1415 clarum
2440 1361 2721 1417 baberent
2752 1367 2925 1433 atque
2975 1364 3395 1431 venerandum,
3432 1364 3544 1419 nisi
3574 1364 3696 1421 haec

2041 1450 2241 1505 abillo
2273 1451 2430 1506 dicta
2486 1468 2553 1506 ex
2609 1450 2811 1524 regula
2852 1452 3175 1508 notissimis
3219 1452 3480 1510 veritatis
3510 1470 3695 1527 agno-

2040 1543 2286 1594 scerent.
2310 1561 2338 1588 ››

2527 1628 2835 1684 CLXXVII.
2866 1630 3205 1687 Translatio.

2109 1717 2291 1771 Sacra:
2322 1718 2578 1789 Gregorii
2622 1718 2881 1790 reliquiae
2913 1735 2943 1773 e
3000 1719 3364 1791 Cappadocia
3410 1720 3691 1778 Constan-

1963 1840 2010 1903 Β
2044 1803 2347 1877 tinopolim
2378 1807 2676 1863 translatae
2709 1812 2868 1874 sunt,
2930 1807 3252 1880 imperante
3308 1811 3691 1867 Constantino

2039 1894 2555 1967 Porphyrogenito,
2606 1897 2705 1968 qui
2763 1896 3067 1969 epistolam
3101 1914 3135 1952 a
3182 1915 3244 1953 se
3272 1896 3546 1972 Gregorio
3577 1899 3691 1955 Na-

2036 1983 2309 2039 zianzeno
2332 1986 2609 2057 scriptam
2650 1986 2721 2040 iis
2768 1986 3033 2051 tradidit,
3084 1987 3300 2057 quibus
3351 1988 3501 2043 sacri
3562 1988 3689 2043 the-

2038 2073 2194 2126 sauri
2226 2074 2787 2145 Constantinopolim
2812 2075 3129 2130 devehendi
3164 2093 3303 2131 cura
3321 2076 3508 2131 fuerat
3530 2093 3691 2132 com-

2039 2162 2330 2216 mendata.
2366 2163 2481 2216 Hac
2513 2167 2705 2217 autem
2724 2162 2968 2234 epistola
2988 2163 3329 2235 Gregorium
3361 2165 3695 2235 rogabat,ut

2039 2265 2110 2304 ne
2142 2250 2915 2322 Constantinopolimvenire
2942 2257 3303 2323 gravaretur.
3331 2274 3357 2301 ‹‹
3381 2252 3466 2307 'I‘u
3488 2252 3557 2307 ad
3584 2267 3690 2308 nos

2038 2340 2308 2394 accedere
2340 2355 2411 2393 ne
2443 2339 2667 2405 dubita,
2692 2356 2725 2394 a
2750 2339 2965 2409 quibus
3007 2340 3218 2411 spiritu
3269 2357 3335 2395 ac
3368 2340 3561 2395 favore
3591 2344 3693 2395 tuo

2040 2444 2364 2498 numquam
2396 2427 2577 2494 absis,
2612 2428 2710 2498 qui
2737 2427 3166 2500 planeorphani
3201 2433 3264 2482 ut
3294 2444 3561 2485 essemus
3577 2445 3695 2484 non

2037 2532 2099 2570 es
2133 2532 2409 2587 passus...
2462 2516 2629 2569 Votis
2687 2516 2868 2588 igitur
2924 2516 3037 2587 piis
3092 2533 3309 2587 annue,
3368 2518 3439 2572 ad
3500 2534 3606 2573 nos
3638 2522 3695 2572 te

2038 2604 2277 2670 inclina,
2311 2610 2595 2659 revertere
2626 2604 2693 2659 ad
2723 2621 2856 2659 eum
2889 2604 2993 2676 qui
3040 2609 3202 2660 tanto
3261 2605 3343 2660 tui
3402 2604 3693 2661 desiderio

2043 2699 2270 2748 tenetur
2299 2708 2556 2765 gregem,
2591 2693 2874 2764 populum
2906 2698 3073 2747 tuum
3110 2693 3400 2766 benignus
3420 2686 3719 2760 revise,in

2039 2782 2241 2837 urbem
2272 2798 2400 2836 eam
2434 2782 2755 2853 ingredere,
2781 2782 2839 2836 in
2873 2798 2987 2852 qua
3010 2781 3435 2853 periclitantem
3462 2780 3694 2851 religio-

2039 2871 2131 2926 nis
2154 2871 2485 2925 orthodoxaa
2543 2886 2780 2925 causam
2835 2869 3063 2942 egregie
3122 2871 3420 2942 quondam
3478 2870 3690 2926 confir-

2041 2962 2234 3015 masti.
2275 2984 2300 3009 ››
2326 2960 2523 3014 Exstat
2552 2958 2672 3013 haec
2701 2959 2947 3031 epistola
2993 2959 3049 3013 in
3102 2960 3361 3015 oratione
3391 2958 3590 3015 habita
3618 2958 3690 3014 de

2036 3048 2437 3118 translatione,
2473 3064 2646 3119 quam
2681 3048 2999 3103 orationem
3042 3065 3109 3103 ex
3153 3066 3261 3104 ms.
3295 3052 3488 3105 Graeco
3530 3046 3684 3120 regis

2039 3137 2319 3193 Sardiniae
2353 3137 2550 3191 Latine
2582 3136 2895 3208 vulgarunt
2921 3135 3307 3205 Bollandistae,
3342 3153 3398 3208 p.
3430 3137 3682 3200 1:48,etc,

2039 3230 2231 3281 Graece
2265 3242 2518 3297 quoque,
2546 3226 2754 3297 p.769,
2788 3230 2895 3279 etc.
2930 3225 2971 3279 Ii
3003 3241 3136 3281 vero
3186 3225 3282 3297 qui
3334 3224 3500 3280 missi
3557 3223 3687 3278 fue-

2041 3318 2192 3380 rant,
2226 3314 2483 3385 Gregorii
2517 3330 2651 3368 ossa
2681 3313 2851 3385 plane
2882 3314 3106 3384 integra
3138 3316 3493 3385 repererunt,
3527 3311 3691 3367 inso—

2044 3402 2205 3458 litam
2226 3408 2283 3457 et
2301 3402 2761 3473 inexplicabilem
2778 3402 2973 3457 odoris
2992 3402 3366 3473 t'ragrantiam
3385 3399 3695 3472 spirantia,

2044 3508 2227 3563 eaque
2256 3491 2443 3546 loculo
2475 3491 2545 3545 ad
2581 3491 2636 3544 id
2670 3496 2870 3561 parato
2893 3489 3301 3561 impositalteti
3334 3487 3695 3545 detulerunt.

2046 3581 2368 3652 Imperator
2396 3596 2529 3633 cum
2564 3578 2988 3645 sacerdotibus,
3038 3579 3429 3649 omnibusque
3471 3591 3695 3647 magna:

2048 3670 2209 3724 urbis
2240 3667 2468 3737 incolis,
2499 3668 3056 3723 bonoriﬂceobviam
3074 3667 3311 3739 profecti
3347 3670 3488 3721 sunt
3513 3664 3697 3720 sacris

2048 3759 2334 3830 reliquiis,
2369 3774 2495 3829 quae
2528 3756 2781 3828 primum
2817 3756 2971 3810 intra
3003 3756 3190 3827 regias
3222 3754 3459 3820 tedes‘,in
3492 3750 3694 3823 palatii

2048 3847 2313 3915 ecclesia,
2338 3863 2439 3901 seu
2473 3846 2746 3913 oratorio,
2780 3844 3079 3915 depositae,
3110 3848 3426 3913 posteaque
3448 3842 3505 3895 in
3538 3847 3693 3911 Apo-

2049 3935 2330 3991 stolorum
2363 3935 2580 4006 templo
2606 3934 2776 4005 juxta
2823 3932 3010 3987 sancti
3044 3929 3438 4003 Chrysostomi
3480 3943 3694 4000 corpus

2051 4025 2313 4097 repositae
2330 4028 2488 4079 sunt.

2051 4131 2380 4187 CLXXVIII.
2466 4129 2659 4185 Altera
2752 4128 3046 4183 translatio
3118 4126 3360 4197 corporis
3444 4122 3699 4195 Gregorii

2674 4198 2780 4255 ΕΡ.
2825 4200 3074 4254 Romam.

2122 4289 2374 4345 Alteram
2407 4287 2667 4360 corporis
2698 4287 2881 4342 sancti
2902 4285 3159 4357 Gregorii
3193 4307 3221 4336 «
3253 4284 3700 4341 translationem

2052 4375 2552 4449 Constantinopoli
2605 4376 2848 4430 Romam
2909 4377 3147 4443 factam,
3207 4374 3377 4430 firma
3432 4377 3702 4443 certaque

2055 4468 2366 4525 traditione
2415 4466 2753 4533 didicimus,
2815 4464 3011 4536 inquit
3094 4463 3378 4519 Baronius
3419 4462 3513 4535 (ε),
3572 4476 3701 4517 eam

1856 4550 1945 4640 dei
1978 4572 2022 4637 Ι)
2055 4557 2127 4613 ob
2186 4572 2446 4624 causam,
2503 4555 2658 4627 quod
2714 4553 3122 4625 grassantibus
3173 4552 3438 4607 barbaris
3494 4550 3554 4605 in
3604 4566 3703 4640 eas

2055 4646 2340 4719 regiones,
2365 4642 2841 4699 sanctimoniales
2873 4642 3124 4708 feminae,
3156 4642 3215 4696 in
3247 4655 3499 4713 quarum
3527 4637 3703 4695 eccle-

2054 4736 2141 4791 sia
2170 4738 2373 4790 tantus
2395 4733 2596 4789 tbesau
2608 4750 2707 4788 rus
2720 4736 2843 4787 erat
2868 4730 3156 4799 conditus,
3183 4730 3318 4802 fuga
3338 4746 3457 4784 suis
3476 4727 3698 4800 pudici-

2053 4824 2145 4879 tiae
2176 4822 2566 4890 consulentes,
2603 4826 2905 4891 acceptum
2925 4820 3316 4874 venerandum
3350 4815 3700 4890 corpus,im-

2055 4913 2432 4984 positumque
2467 4910 2716 4982 navigio,
2749 4909 2818 4964 ad
2852 4913 3047 4963 tutum
3080 4907 3310 4980 pietatis
3332 4905 3559 4979 asylum
3592 4905 3703 4960 Ro-

2057 5017 2207 5055 mam
2240 4999 2664 5070 confugientes,
2723 4995 3065 5052 detulerunt
3104 5016 3118 5065 ;
3165 5001 3339 5065 atque
3371 4996 3429 5049 in
3488 4992 3705 5065 templo

2055 5089 2280 5143 Sancta)
2307 5089 2495 5142 Mariae
2527 5086 2586 5141 in
2607 5092 2822 5157 Campo
2855 5086 3079 5152 Martio,
3115 5084 3226 5139 sibi
3261 5085 3331 5139 ab
3384 5081 3707 5155 apostolica

2055 5177 2191 5232 sede
2237 5191 2536 5241 concesso,
2598 5174 3025 5238 condiderunt;
3051 5173 3248 5244 ibique
3298 5172 3356 5227 in
3404 5171 3708 5242 adjacente

2055 5266 2248 5332 domo,
2282 5264 2339 5319 in
2364 5280 2479 5336 qua
2502 5262 3231 5334 habitabant,morepatrio
3261 5261 3707 5317 divinaslaudee

2053 5371 2157 5428 per
2186 5354 2311 5410 dies
2347 5351 2612 5425 singulos
2668 5350 3093 5425 persolvebant.
3143 5350 3365 5421 Quibus
3415 5351 3541 5424 jam
3589 5347 3707 5407 vita

2146 5515 2202 5583 ά)
2235 5514 2403 5583 Ibid.,
2426 5529 2484 5569 τι.
2515 5513 2598 5570 t6.

2146 5515 2181 5571 ά
2235 5515 2403 5583 Ibid.,
2426 5529 2484 5569 n.
2515 5515 2598 5570 t6.

2124 5515 2202 5661 le;
2236 5585 2395 5657 Boll.,
2425 5585 2459 5641 9
2487 5583 2639 5641 Maii.
2672 5600 2729 5659 p.
2761 5583 2889 5641 454.
