4152 6208
440 380 556 449 2:19

439 521 677 583 functis,

439 611 655 665 ibidem
691 623 803 660 non
836 604 942 658 sub
976 599 1196 670 Regula
1227 595 1410 651 sancti
1433 591 1652 657 Basilii,
1690 594 1754 644 ut
1784 587 1891 643 illa:
1921 585 2083 648 olim,

441 699 539 755 sed
573 698 681 753 sub
713 691 1000 749 institutis
1023 687 1207 744 sancti
1241 681 1531 740 Benedicti
1568 681 1856 734 hactenus
1889 690 2085 747 perse-

438 791 658 842 verant.
703 806 730 833 ››
759 783 886 837 Hac
918 779 1222 842 Baronius,
1256 774 1349 845 qui
1377 771 1539 827 addit
1571 770 1723 824 hanc
1754 763 2086 821 translatio-

439 893 572 933 nem
599 897 625 924 «
652 872 1076 928 subobscuram
1099 888 1126 916 n
1145 866 1345 919 fuisse.
1372 859 1748 916 Subobscura
1761 870 1900 910 sane
1921 871 1933 919 ;
1951 867 2085 906 nam

439 973 559 1022 tam
593 964 790 1019 densis
822 957 1079 1015 tenebris
1103 953 1504 1018 involuta,tam
1520 947 1796 1020 gravibus
1821 942 2090 997 intricata

442 1051 885 1116 difficulatibus,
938 1053 1001 1102 ut
1031 1062 1128 1101 eas
1161 1041 1449 1114 depellere
1479 1041 1535 1093 et
1567 1035 1786 1091 solvere
1818 1028 2091 1086 difﬁcilli-

441 1161 604 1202 mum
639 1142 732 1198 sit.

441 1252 716 1313 CLXXIX.
805 1243 1111 1302 Translatio
1177 1236 1444 1313 corporis
1517 1230 1774 1313 Gregorii
1835 1229 1983 1298 [ασια
2060 1240 2094 1277 α

830 1248 1111 1301 ‘ranslatio
1203 1251 1444 1308 corporis
1517 1248 1616 1286 ure
1663 1248 1712 1285 οι

830 1318 1046 1385 Gregor.
1070 1312 1183 1368 XIII
1203 1323 1412 1366 summa
1441 1248 1712 1378 ponti/tae.

521 1429 777 1501 Denique
799 1423 910 1481 alia
933 1423 1101 1489 est,et
1131 1413 1508 1474 celeberrima
1532 1404 2096 1482 quidemilla,trans-

449 1522 587 1579 latio
617 1494 873 1589 corporis
899 1507 1178 1582 Gregorii,
1209 1503 1362 1578 quod
1393 1498 1703 1572 Gregorius
1736 1494 1880 1561 XIII,
1934 1507 2094 1547 sum-

449 1629 583 1668 mus
602 1607 951 1682 pontifex,ex
979 1597 1221 1656 ecclesia
1250 1592 1349 1649 Dei
1381 1586 1686 1646 Genitricis
1708 1585 1777 1639 ad
1810 1583 2096 1652 Campum

449 1667 746 1763 Martium,
777 1695 837 1749 in
863 1667 1151 1762 capellam
1186 1703 1218 1740 a
1250 1701 1308 1739 se
1339 1681 1396 1736 in
1432 1677 1674 1735 basilica
1706 1671 1899 1729 Sancti
1945 1667 2096 1724 Petri

451 1781 1036 1860 magniﬁcentissime
1065 1777 1425 1840 exornatam,
1486 1781 1718 1821 summa
1767 1759 2098 1815 celebritate

1766 370 1943 427 Vl'l‘A
1998 366 2058 421 S.
2111 361 2505 421 GREGORII.

764 516 936 572 cessit
997 512 1160 567 locus
1220 505 1493 562 Romanis
1549 501 1896 574 virginibus,
1956 514 2079 568 quae
2112 497 2163 561 Α
2195 496 2368 549 etiam
2401 492 2712 564 adjiciebat
2744 491 3030 555 animum,
3062 492 3118 544 et
3169 486 3336 558 quasi
3371 485 3429 539 in
3479 486 3641 556 parte
3670 482 3844 537 officii

3726 349 3844 410 240

2195 579 2864 654 ponebatGregorius,ut
2881 594 3037 634 suam
3059 575 3272 648 alioqui
3299 572 3847 646 splendidissimam

2196 676 2470 726 exereret.

2270 776 2369 833 Ille
2400 776 2458 830 in
2491 775 2789 846 exigendis
2810 775 2880 830 ad
2912 772 3251 827 Christiana
3312 767 3636 840 disciplina
3697 767 3847 838 rigo-

2198 882 2320 920 rem
2356 865 2615 920 moribus
2638 864 2776 918 adeo
2804 861 3110 933 religiosus
3164 858 3291 923 fuit,
3345 862 3408 912 ut
3453 855 3539 911 vel
3602 854 3852 910 severior

2197 955 2507 1010 videretur.
2579 953 2679 1007 Hic
2719 968 2852 1007 vero
2914 964 3209 1004 summam
3259 947 3387 1001 vitae
3448 947 3850 1000 austeritatem

2201 1044 2395 1100 divino
2427 1042 2722 1098 delibutus
2745 1039 2957 1112 gaudio
2988 1039 3128 1093 adeo
3146 1035 3388 1101 colebat,
3413 1051 3542 1090 eam
3563 1037 3628 1089 ut
3659 1032 3853 1088 omni-

2201 1135 2314 1189 bus
2343 1149 2472 1188 esse
2500 1131 2589 1186 vel
2621 1129 2872 1185 maxime
2904 1125 3218 1183 amabilem
3253 1125 3598 1180 insinuaret.

2274 1251 2638 1320 Majestatem
2662 1245 2926 1318 spirabat
2983 1243 3281 1297 moderata
3338 1240 3606 1309 lenisque
3655 1236 3857 1292 Basilii

2203 1339 2430 1394 indoles
2457 1355 2470 1392 :
2503 1341 2702 1392 contra
2732 1332 2985 1388 micabat
3014 1330 3075 1384 in
3092 1329 3365 1401 Gregorio
3392 1328 3562 1399 ignea
3589 1326 3858 1398 quaedam

2207 1427 2425 1499 ingenii
2453 1425 2559 1490 vis,
2594 1429 2649 1477 et
2678 1421 2844 1477 vivax
2876 1417 3256 1492 perspicacia.
3290 1415 3601 1471 Gravitatis
3631 1413 3774 1469 alter
3804 1417 3861 1468 et

2207 1515 2505 1573 modestia:
2529 1513 2670 1569 adeo
2702 1510 2953 1581 diligens
2975 1508 3104 1573 fuit,
3125 1514 3190 1562 ut
3217 1505 3487 1577 quamvis
3508 1504 3618 1575 ipsi
3644 1519 3857 1574 suppe-

2207 1610 2354 1663 teret
2383 1600 2794 1672 argutissimus
2823 1600 2881 1653 in
2907 1596 3161 1668 jocando
3189 1595 3369 1666 lepos,
3402 1594 3474 1648 ab
3531 1593 3603 1647 iis
3659 1597 3856 1646 tamen

2210 1711 2450 1769 prorsus
2483 1688 2849 1746 abhorruerit
2871 1704 2998 1759 quae
3031 1685 3118 1740 vel
3179 1682 3536 1740 levissimam
3569 1680 3687 1752 joci
3719 1696 3857 1752 spe-

2210 1786 2355 1841 ciem
2391 1798 2504 1853 prw
2537 1797 2596 1835 se
2619 1779 2852 1833 ferrent.
2884 1775 3055 1830 Jocos
3096 1773 3239 1829 alter
3283 1789 3349 1828 eo
3408 1771 3636 1842 pietatis
3687 1785 3858 1824 succo

450 1875 752 1936 transtulit
782 1891 837 1927 IX
863 1867 1081 1925 ῐηθοείε
1103 1862 1261 1921 Junii
1285 1859 1421 1915 anni
1454 1847 2098 1944 ⁴578ίΗ⁰ιῙυθηίΓῨξΠδ¹ω
2129 1867 2177 1930 Β
2210 1847 2504 1944 respersit,
2539 1874 2604 1923 ut
2634 1868 2787 1922 sales
2818 1867 2968 1920 inter
3000 1869 3056 1919 et
3087 1863 3326 1918 facetias
3343 1861 3615 1915 virtutem
3650 1859 3858 1913 animis

451 1935 634 2026 tionis
663 1961 972 2019 historiam
1006 1972 1074 2010 ex
1106 1969 1218 2008 ms.
1249 1950 1397 2004 libro
1424 1942 1783 2001 bibliothecae
1818 1935 2100 1992 Vaticana:

452 2023 766 2128 vulgarunt
797 2045 1168 2104 Bollandistie
1194 2040 1264 2096 ad
1284 2038 1433 2093 diem
1466 2047 1678 2088 nonam
1711 2027 1860 2093 Maii,
1888 2042 1943 2095 p.
1976 2023 2100 2077 457.

455 2144 659 2202 Veneti
691 2147 885 2197 tamen
918 2149 1128 2204 corpus
1153 2124 1408 2199 Gregorii
1434 2115 2103 2183 Nazianzeni'integrum

456 2199 959 2300 constantinopoli
1019 2199 1320 2277 devectum
1395 2209 1667 2267 Venetiae
1725 2203 1878 2275 apud
1937 2218 1998 2255 se
2046 2199 2105 2253 in

459 2321 703 2383 ecclesia
723 2315 920 2376 Sancti
952 2310 1241 2368 Zachariae
1296 2297 1579 2361 asservari
1627 2293 1974 2368 gloriantur.
2009 2287 2104 2343 Al-

458 2417 746 2470 terutrum
779 2425 847 2464 ex
887 2402 976 2460 his
1026 2395 1364 2470 corporibus
1417 2391 1609 2445 forsan
1669 2399 1794 2438 esse
1847 2374 2106 2450 Gregorii

460 2502 642 2578 patris
667 2513 877 2569 corpus
909 2509 1038 2548 cum
1071 2481 1446 2544 Bollandistis
1493 2478 1680 2532 dicere
1702 2472 1799 2560 ‘fas
1831 2473 1937 2524 est.

461 2577 710 2668 CLXXX.
745 2605 1072 2661 Sanctorum
1103 2593 1307 2668 Basilii
1365 2596 1414 2668 et
1470 2581 1724 2651 Gregorii
1774 2577 2112 2633 characteres

1073 2665 1500 2723 adumbrantur.

534 2788 618 2843 Ad
649 2785 830 2855 hujus
859 2776 1117 2835 historiae
1136 2769 1467 2829 coronidem
1496 2761 1951 2818 consentaneum
1973 2751 2115 2806 forte

471 2875 825 2949 quibusdam
856 2866 1169 2926 videbitur,
1202 2863 1265 2915 ut
1296 2871 1428 2912 cum
1461 2853 1519 2906 in
1568 2867 1636 2903 ea
1667 2847 1940 2916 frequens
1972 2840 2114 2895 adeo

472 2931 670 3023 Basilii
702 2959 917 3016 mentio
949 2955 1166 3024 injecta
1203 2944 1393 3012 fuerit,
1427 2936 1874 3003 arctissimoque
1918 2931 2118 2984 doctor

470 3053 720 3110 eximius
753 3044 1044 3104 societatis
1069 3035 1321 3099 vinculo,
1353 3028 1614 3085 veritatis
1653 3037 1848 3077 amore
1895 3035 1959 3073 ac
2004 3016 2116 3072 vir-

471 3149 664 3199 tutum
711 3139 888 3210 digna
932 3128 1302 3188 zemulatione
1356 3117 1627 3189 Gregorio
1682 3109 2118 3181 conglutinatus

474 3231 671 3295 fuerit,
703 3228 960 3282 diversos
991 3217 1314 3283 utriusque,
1371 3201 1801 3276 comparatione
1859 3195 2112 3267 quadam

472 3321 624 3376 inter
649 3333 746 3372 eos
780 3311 1068 3372 instituta,
1089 3303 1449 3360 characteres
1464 3294 1573 3347 adu
1586 3291 1882 3345 mbremus
1908 3305 1922 3354 ς
1947 3288 2010 3338 ut
2031 3283 2114 3336 sic

473 3407 723 3480 singulis
755 3417 955 3458 eorum
978 3395 1134 3451 velut
1173 3386 1431 3446 collectis
1490 3376 1880 3443 lineamentis,
1912 3372 2111 3428 ambo-

1499 3475 1508 3480 -
1657 3473 1664 3480 .
1799 3465 1809 3475 .
1899 3479 1902 3480 ν
1964 3459 2108 3480 .,.,,_

470 3459 604 3554 Plit;
636 3492 948 3568 perfectam
981 3475 1622 3554 imaginem,quantum
1653 3465 1812 3522 tenui
1847 3459 2115 3535 penicillo

471 3591 558 3643 fas
580 3581 1121 3652 est,exprimamus.

543 3643 686 3731 Illud
716 3643 955 3742 quidem
1014 3660 1270 3734 patiatur
1325 3651 1675 3721 scriptorum
1737 3643 2114 3715 profanorum

470 3730 751 3830 conditio:
779 3763 844 3813 ut
868 3730 1118 3826 quorum
1139 3748 1384 3803 virtutes
1418 3737 1562 3794 nihil
1592 3734 1877 3791 excedunt
1908 3730 2115 3782 huma—

470 3873 558 3912 me
593 3859 812 3909 naturae
836 3846 1007 3909 vires,
1040 3856 1138 3895 eos
1159 3834 1304 3890 ratio
1335 3831 1486 3885 inter
1529 3843 1589 3881 se
1623 3827 1825 3878 mutuo
1858 3818 2116 3873 conferre

469 3952 771 4013 utcunque
793 3933 996 4009 possit.
1024 3928 1135 3984 Sed
1191 3925 1361 3994 longe
1419 3917 1605 3986 major
1655 3916 1744 3968 est
1801 3925 1930 3962 mea
1982 3921 2118 3976 erga

473 3999 877 4090 sanctissimos
909 4022 1040 4077 illos
1072 4013 1353 4089 praesules
1383 4004 1674 4062 veneratio
1707 4006 1762 4056 et
1801 3999 2116 4053 observan-

472 4124 576 4191 tia,
608 4135 782 4190 quam
818 4120 879 4168 ut
911 4111 968 4166 id
1000 4105 1194 4163 oneris
1252 4104 1310 4157 in
1362 4115 1453 4153 me
1503 4091 1841 4162 suscipiam.
1897 4085 2118 4151 Quibus

476 4211 630 4264 enim
663 4209 811 4260 inter
826 4218 886 4255 se
899 4195 1240 4254 conveniant
1259 4189 1543 4261 quibusve
1570 4181 1837 4237 differant
1860 4174 2115 4240 dotibus,

474 4297 633 4352 solus
664 4293 758 4347 hic
790 4288 947 4344 novit
969 4285 1066 4356 qui
1100 4299 1218 4348 eos,
1253 4277 1464 4348 quibus
1487 4271 1688 4335 voluit,
1748 4283 1850 4338 pro
1887 4277 2121 4318 summa

473 4403 582 4441 sua
612 4378 898 4452 sapientia
927 4371 1190 4431 distinxit
1213 4366 1402 4427 donis,
1433 4360 1522 4416 vel
1548 4374 1716 4430 pares
1749 4354 1901 4409 fecit.

544 4473 722 4527 Nemo
754 4473 951 4522 tamen
967 4478 1080 4516 non
1099 4455 1409 4511 mirabitur
1436 4465 1611 4520 quem
1627 4446 1804 4517 spiret
1835 4445 1892 4496 in
1920 4455 2120 4496 corum

475 4560 643 4617 libris
685 4556 940 4613 solidum
999 4543 1342 4617 eloquentius
1382 4539 1582 4600 robur,
1614 4549 1790 4604 quam
1823 4529 2122 4601 ingeniose

1073 4601 1321 4703 ilcopia,
1362 4643 1536 4697 quum
1588 4601 1757 4676 acula
1799 4616 2120 4673 sententia:
2159 4607 2197 4669 D
2231 4637 2368 4692 pore
2398 4616 2661 4673 conditas
2707 4610 2986 4666 libentius
3015 4611 3460 4678 degustaremus
3494 4607 3708 4672 ;atque
3739 4601 3883 4656 adeo

473 4650 766 4724 politeque
798 4637 1066 4698 scribend

473 4705 605 4796 rum
637 4705 930 4796 venustas,
962 4742 1092 4782 eam
1144 4729 1206 4776 ut
1237 4715 1491 4775 solitudo
1553 4728 1666 4766 non
1701 4705 2115 4774 obscuraverit,

473 4848 590 4886 non
620 4819 960 4882 exstinxerit
1014 4808 1349 4870 austerioris
1401 4803 1528 4858 vitae
1575 4798 1875 4868 asperitas.
1934 4796 2119 4859 Quan-

472 4972 676 5064 riatur.
713 5001 866 5074 quod
903 4996 1034 5068 plus
1065 4989 1383 5046 admodum
1405 4980 1555 5038 seria
1583 4979 1661 5033 sit
1689 4974 1882 5031 Basilii
1910 4972 2116 5036 oratio,

470 5062 898 5166 Gregorii‘vero
931 5084 1064 5157 plus
1092 5080 1300 5135 habeat
1321 5071 1494 5128 vividi
1533 5068 1695 5136 salis,
1731 5065 1864 5137 plus
1897 5062 2113 5133 gratiae.

542 5153 618 5240 1d
635 5181 745 5237 sibi
780 5153 967 5248 magis
1000 5170 1273 5228 sumebat
1306 5163 1424 5228 ille,
1484 5162 1548 5213 ut
1592 5156 1818 5211 animos
1865 5153 2118 5206 moveret

471 5241 1005 5340 ﬂecteretquefhic
1032 5275 1164 5316 vero
1201 5254 1382 5326 magis
1428 5249 1603 5305 etiam
1661 5251 1726 5299 ut
1785 5241 2112 5297 delectaret.

472 5363 808 5419 Orationem
832 5355 927 5411 ille
953 5350 1141 5421 magis
1187 5344 1501 5416 copiosam,
1553 5333 1950 5403 uberibusque
1983 5345 2116 5383 sen-

469 5418 670 5509 tentiis
704 5445 1016 5520 pleniorem
1052 5418 1417 5498 effundebat;
1451 5428 1544 5482 hic
1595 5440 1726 5479 vero
1767 5421 1898 5492 plus
1931 5418 2116 5474 abun-

472 5507 648 5599 dabat
681 5507 889 5607 lepore,
919 5531 1052 5602 plus
1084 5513 1823 5595 argutiis.Suavisquidem
1853 5512 1910 5564 et
1930 5507 2114 5574 fortis,

474 5595 574 5691 sed
608 5595 804 5684 nativa
833 5595 1024 5695 plane,
1055 5622 1111 5671 et
1141 5609 1285 5668 nihil
1314 5612 1385 5665 ab
1400 5612 1521 5663 alte
1552 5605 1819 5659 mutuata
1840 5595 2114 5670 prasidii,

475 5689 603 5786 sese
635 5719 784 5776 ultro
821 5689 1008 5768 Basilii
1070 5700 1350 5781 prodebat
1407 5691 1757 5770 eloquentia.
1818 5689 1941 5745 Huc
1986 5700 2118 5744 vero

2215 1963 2268 2017 in
2279 1961 2540 2016 stillaret.
2559 1955 2806 2012 Basilius
2821 1954 3072 2025 denique
3087 1951 3392 2007 hominum
3425 1947 3858 2004 observantiam

2215 2051 2326 2106 sibi
2366 2047 2554 2119 magis
2578 2044 2943 2109 conciliabat,
2979 2059 3043 2096 ac
3075 2057 3220 2114 pene
3242 2038 3462 2094 cultum
3497 2058 3512 2105 ;
3546 2035 3862 2109 Gregorius

2213 2156 2345 2196 vero
2379 2137 2541 2193 suavi
2576 2150 2805 2190 morum
2828 2131 3162 2187 ammnitate
3189 2128 3447 2185 omnium
3466 2142 3725 2182 amorem
3749 2124 3863 2180 sibi

2217 2235 2273 2286 et
2289 2227 2485 2284 studia
2515 2223 2698 2296 magis
2730 2220 3193 2294 promerebatur.

2289 2341 2698 2399 Elucetdivina
2715 2337 2980 2409 quaedam
2995 2336 3054 2390 in
3080 2333 3338 2405 Gregorii
3372 2332 3734 2389 orationibus
3749 2347 3870 2386 ma-

2213 2437 2419 2506 jestas,
2455 2429 2598 2485 nihil
2631 2434 2694 2483 ut
2724 2427 2949 2481 videam
2983 2428 3084 2479 aut
3114 2422 3376 2478 ornatius
3422 2425 3521 2476 aut
3550 2419 3864 2476 sublimius

2221 2523 2375 2595 quod
2409 2519 2532 2575 fieri
2567 2532 2825 2587 unquam
2851 2514 3122 2585 potuerit,
3147 2529 3260 2584 quo
3293 2528 3401 2567 sua
3431 2509 3726 2582 mysteriis
3760 2525 3864 2563 no-

2222 2614 2361 2672 stris
2383 2608 2709 2666 vindicetur
2737 2603 3075 2667 auctoritas,
3108 2603 3487 2656 suaservetur
3518 2596 3863 2665 reverentia,

2224 2719 2399 2759 suum
2433 2700 2612 2754 decus
2643 2698 2956 2750 asseratur.
2982 2689 3338 2756 Quarumvis
3360 2691 3416 2743 et
3447 2687 3622 2742 robur
3643 2690 3868 2757 quanta

2225 2792 2361 2860 sint,
2395 2787 2481 2843 vel
2513 2803 2580 2842 ex
2610 2784 2719 2838 hoc
2740 2780 2983 2852 intelligi
3023 2779 3271 2833 maxime
3302 2781 3510 2848 potest,
3540 2776 3692 2847 quod
3728 2775 3865 2829 inde

2223 2878 2573 2949 Theologus,
2600 2872 2767 2945 quasi
2800 2870 3060 2925 omnium
3093 2866 3425 2938 exceptione
3456 2866 3661 2935 major,
3693 2863 3870 2918 fuerit

2226 2966 2570 3041 appellatus.
2605 2965 2790 3032 Atque
2811 2958 2952 3012 adeo
2977 2955 3125 3011 male
3148 2955 3278 3025 quis
3300 2971 3366 3009 ex
3386 2951 3870 3025 Gregoriilitteris

2228 3057 2490 3114 nativum
2526 3054 2650 3121 ejus
2683 3049 3072 3104 characterem
3100 3044 3352 3099 duxerit.

2301 3165 2481 3218 Secus
2511 3175 2642 3214 vero
2675 3153 2955 3210 Basilium
2987 3169 3103 3207 suae
3136 3154 3323 3205 totum
3355 3149 3611 3204 referunt
3639 3147 3872 3217 litterae,

2228 3271 2357 3326 quas
2386 3257 2501 3306 tam
2537 3262 2745 3303 suaves
2775 3242 3075 3297 illecebras
3119 3240 3359 3306 habent,
3411 3255 3509 3292 eas
3556 3242 3621 3292 ut
3666 3252 3873 3292 omnes

2222 3344 2460 3398 vincant
2487 3353 2633 3408 quas
2663 3338 2857 3387 Graeca
2886 3335 3035 3385 retro
3063 3329 3255 3384 omnis
3293 3326 3613 3398 antiquitas
3664 3327 3734 3381 ad
3771 3342 3882 3380 nos

2229 3446 2417 3502 usque
2448 3422 2794 3481 transmisit.

2301 3534 2452 3592 Nihil
2487 3533 2580 3586 hic
2613 3528 2814 3585 stricta
2845 3525 3105 3581 oratione
3136 3522 3418 3585 condidit,
3452 3521 3551 3576 sed
3586 3519 3879 3591 quidquid

2226 3623 2516 3699 politioris
2547 3617 2932 3674 humanitatis
2966 3617 3138 3668 hocce
3172 3611 3462 3666 scribendi
3495 3624 3703 3680 genere
3735 3613 3887 3664 vete-

2229 3733 2320 3771 res
2351 3711 2790 3781 consignarunt,
2821 3704 3016 3774 sagaci
3050 3718 3184 3758 cum
3227 3698 3454 3770 judicio
3496 3684 3552 3754 et
3591 3697 3881 3767 exquisito

2229 3805 2453 3860 delectu
2489 3795 2773 3861 lustravit,
2820 3792 3103 3865 pluraque
3160 3788 3436 3844 disseruit
3478 3785 3883 3841 saluberrimis

2228 3889 2531 3966 praceptis
2555 3887 2788 3950 referta,
2822 3882 3038 3954 quibus
3070 3883 3256 3934 tutam
3285 3877 3341 3932 in
3389 3875 3650 3948 legendis
3673 3874 3880 3944 hujus-

2231 3983 2384 4038 modi
2420 3973 2927 4046 librisjuvenibus
2960 3972 3111 4026 viam
3168 3970 3487 4033 sterneret;
3515 3981 3585 4020 ne
3643 3963 3756 4034 vel,
3815 3968 3882 4018 ut

2229 4088 2380 4143 saepe
2413 4071 2495 4135 fit,
2527 4064 2844 4120 latentibus
2877 4060 3268 4129 undequaque
3312 4054 3568 4126 scopulis
3594 4053 3880 4124 impinge-

2230 4142 2378 4223 rent,
2412 4156 2499 4212 vel
2533 4152 2678 4210 nihil
2715 4153 2846 4206 inde
2910 4147 3271 4221 perciperent
3328 4142 3617 4198 utilitatis.
3681 4142 3883 4212 Neque

2232 4250 2341 4304 hoc
2374 4247 2538 4302 satis.
3872 4239 3881 4247 ο

2301 4356 2491 4424 Longe
2519 4351 2694 4405 etiam
2729 4346 2958 4416 majora
2988 4341 3157 4396 nobis
3188 4338 3500 4410 Gregorius
3539 4337 3886 4405 adiumenta

2231 4441 2495 4499 contulit.
2528 4439 2680 4493 Utile
2710 4435 2864 4490 enim
2901 4430 3055 4486 dulci
3089 4428 3347 4497 miscuit,
3380 4431 3445 4482 ut
3474 4425 3884 4482 sanctissimas

2229 4531 2464 4586 virtutis
2497 4525 2928 4600 praeceptiones,
2963 4519 3119 4575 dulci
3151 4519 3403 4589 quodam
3439 4514 3756 4585 voluptatis
3787 4529 3881 4566 sa-

2224 4708 2382 4764 varia
2413 4707 2537 4776 ipse
2567 4718 2748 4774 eaque
2772 4697 3172 4755 excultissima
3187 4693 3420 4764 scripsit
3444 4695 3884 4762 poemata,quo-

2229 4815 2358 4852 rum
2383 4796 2431 4850 si
2464 4795 2534 4849 ad
2564 4795 2976 4864 argumentum
3011 4788 3255 4856 spectas,
3290 4780 3486 4836 omnia
3518 4796 3760 4851 prorsus
3787 4795 3882 4833 se-

2229 4887 2334 4952 ria,
2369 4885 2449 4940 nil
2486 4881 2596 4938 nisi
2643 4878 2936 4934 Christum
2986 4873 3377 4946 pietatemque
3428 4867 3690 4940 spirant:
3724 4865 3772 4920 si
3808 4866 3882 4920 ad

2228 4975 2466 5047 stylum,
2500 4969 2644 5026 nihil
2695 4963 3038 5023 concinnius
3081 4959 3400 5024 faciliusve,
3461 4959 3526 5009 ut
3565 4954 3882 5009 Homerum

2230 5064 2426 5137 possis
2455 5072 2793 5131 agnoscere.
2840 5050 3115 5107 Carmina
3145 5063 3275 5102 vero
3306 5043 3567 5116 Gregorii
3599 5057 3732 5096 cum
3773 5057 3884 5113 ap-

2229 5131 2401 5224 pello,
2435 5166 2502 5204 ea
2529 5164 2643 5202 non
2669 5141 2919 5215 appello,
2944 5154 3069 5210 quae
3103 5136 3322 5191 micant
3349 5131 3550 5188 fictitio
3571 5133 3882 5203 poetarum

2228 5218 2378 5306 fuco,
2405 5233 2898 5301 mendacibusque
2954 5226 3287 5282 tabularum
3346 5218 3660 5293 pigmentis
3710 5218 3884 5287 illita,

2228 5330 2329 5385 sed
2362 5344 2486 5399 quae
2519 5325 2747 5380 sincera
2767 5317 3027 5374 veritatis
3075 5314 3204 5368 luce
3265 5311 3714 5380 splendescunt;
3750 5322 3880 5378 quae

2229 5419 2460 5480 miram,
2484 5410 2746 5483 simplice
2779 5408 2887 5463 sub
2921 5403 3102 5473 cultu,
3131 5396 3656 5473 promuntartiﬁcis
3679 5395 3882 5451 inven-

2226 5508 2442 5563 tionem
2482 5519 2614 5557 cum
2665 5493 2951 5568 singulari
3002 5489 3290 5547 sermonis
3320 5484 3608 5558 elegantia
3645 5484 3889 5554 conjun-

2229 5601 2414 5657 ctam;
2448 5608 2574 5663 quae
2609 5590 2844 5642 demum
2876 5581 3132 5639 nativam
3163 5577 3402 5650 sapiunt
3446 5573 3631 5658 felicis
3681 5573 3883 5645 cujus-

2230 5686 2364 5744 dam
2387 5649 2606 5753 ingenii
2627 5675 3049 5747 amoenitatem,
3081 5649 3302 5727 nemini
3334 5662 3501 5724 facile
3530 5649 3880 5741 parabilem,
