4152 6208
269 338 367 396 241
1753 333 1909 392 MUN

2009 333 2142 392 UM.
3532 329 3649 386 242

271 485 379 540 quae
410 471 602 522 tamen
652 467 709 522 in
757 466 1029 540 Gregorio
1080 483 1194 522 non
1245 466 1441 523 labore
1492 463 1755 538 quaesita,
1788 464 1887 520 sed
1918 469 1974 534 Α
2006 479 2117 534 que
2149 462 2561 535 amplificanda
2591 478 2880 529 aerumnae,
2925 465 3186 533 spectata
3230 461 3480 532 denique
3526 461 3652 517 orbi

267 559 447 612 innata
474 560 643 626 atque
675 557 849 610 insita
881 557 1158 611 videatur.
2001 552 2330 608 Christiano
2388 552 2712 607 sanctitatis
2765 553 2919 606 fama
2970 550 3305 606 felicissime
3352 552 3653 606 consocia-

332 645 460 698 Hinc
489 644 630 698 adeo
663 643 1033 699 doctissimos
1057 643 1188 699 illos
1218 627 1485 698 Ecclesiae
1515 644 1712 697 Patres
1743 658 1892 713 quos
2002 646 2175 708 runt;
2208 641 2267 695 in
2292 641 2346 694 id
2377 641 2551 695 etiam
2580 641 2747 712 quasi
2783 645 2985 694 mutuo
3018 639 3172 694 inter
3197 656 3257 696 se
3275 639 3470 694 animo
3503 640 3653 696 dice-

267 749 473 787 morum
507 733 898 788 sanctimonia
919 739 1091 803 atque
1118 733 1424 804 integritas
1446 734 1594 799 vita,
1632 730 1893 787 solitudi-
2003 747 2095 785 res
2127 730 2516 800 conspirasse,
2550 735 2614 783 ut
2635 747 2705 785 ne
2737 730 2953 801 quidin
2987 728 3199 785 studiis
3223 746 3550 800 peccemus,
3575 729 3654 784 le-

265 821 342 876 nis
363 819 802 892 litterarumque
825 838 1008 888 amor,
1032 821 1294 876 veritatis
1317 821 1600 888 studium,
1625 819 1892 890 eloquen-
2003 835 2103 890 ges
2134 819 2276 874 alter
2325 818 2492 873 nobis
2543 823 2821 874 statueret
2870 834 3014 889 quas
3066 823 3189 874 tuto
3230 835 3650 890 sequeremur;

264 909 344 964 tiae
372 908 494 963 laus
527 909 759 978 eximia,
815 909 1007 964 sudati
1060 926 1162 981 pro
1212 910 1440 965 Christo
1486 910 1544 964 in
1577 907 1892 979 episcopali
2003 907 2171 964 nobis
2205 906 2349 963 alter
2373 907 2603 979 pietatis
2627 907 2858 979 plenam
2886 907 3162 963 studendi
3185 907 3487 963 materiem
3519 906 3652 963 sub-

264 1013 482 1052 munere
513 996 769 1065 labores,
804 998 1024 1053 haustae
1057 1015 1161 1070 pro
1201 998 1479 1070 religione
1522 997 1771 1053 tutanda
1800 1001 1891 1052 at-
2003 995 2381 1052 ministraret.

264 1173 3653 1204 πωπω

915 1340 1502 1437 MONITUM
1571 1343 1703 1437 IN
1771 1339 2161 1435 VITAM
2233 1337 2994 1448 SEQUENTEM

1399 1550 1449 1606 A
1479 1546 1776 1625 Gregorio
1811 1545 2173 1625 presbytero
2204 1544 2530 1622 scriptam.

321 1881 458 1952 Quis
489 1883 570 1942 sit
600 1882 707 1943 ille
743 1884 1095 1963 Gregorius,
1133 1885 1341 1964 plures
1371 1884 1801 1963 exquisierunt
1831 1889 1892 1944 et
1923 1883 2361 1962 disputarunt;
2396 1881 2504 1942 sed
2544 1880 2702 1941 nihil
2752 1880 2907 1942 certi
2952 1886 3062 1943 aut
3110 1882 3186 1942 de
3234 1901 3504 1962 persona
3536 1892 3647 1946 aut

261 1979 324 2039 de
353 1979 482 2057 ejus
510 1987 700 2041 aetate
732 1982 1050 2060 proditum
1083 1988 1195 2042 est.
1230 1983 1568 2043 Bollandus
1600 1980 1709 2059 (α),
1747 1981 2003 2044 Vossius
2033 1987 2094 2041 et
2121 1981 2227 2041 alii
2265 1981 2471 2041 Vitam
2503 1979 2666 2041 hanc
2696 1979 3017 2039 ascribunt
3066 1982 3328 2059 Georgio
3350 1983 3645 2045 Caesareae

259 2077 657 2154 Cappadocia
686 2079 1051 2157 presbytero
1075 2081 1181 2157 qui
1205 2080 1266 2139 in
1300 2078 1530 2140 laudem
1553 2079 1801 2139 Patrum
1829 2077 2204 2138 Nz'cwnorum
2227 2077 2576 2137 orationem
2601 2077 2949 2136 habuit.Ad
2974 2097 3098 2154 quo
3117 2086 3400 2156 tempore
3422 2083 3648 2142 vixerit

258 2175 536 2250 Georgius
565 2175 708 2247 iste,
735 2182 1022 2236 auctores
1049 2177 1214 2237 inter
1243 2196 1307 2235 se
1339 2195 1465 2236 non
1497 2177 1915 2236 consentiunt.
1944 2175 2286 2235 Bollandus
2311 2174 2851 2252 quidem,ineunte
2876 2175 3143 2252 septimo
3165 2177 3390 2236 vixisse
3419 2184 3600 2255 putat
3629 2198 3644 2252 ;

257 2261 485 2329 VOssius
545 2272 860 2350 vero_(b),
893 2273 994 2332 cui
1052 2273 1262 2332 favent
1315 2274 1742 2333 Henschenius
1790 2279 1853 2332 et
1905 2271 2375 2350 Papebrochius
2434 2270 2536 2352 (ο),
2574 2271 2780 2330 medio
2838 2273 3087 2331 circiter
3135 2274 3364 2332 saeculo
3404 2275 3648 2336 decimo

261 2367 527 2428 ﬂoruisse
559 2369 833 2446 probare
867 2371 1106 2441 nititur,
1131 2370 1238 2429 sed
1295 2373 1526 2430 frustra
1556 2391 1568 2443 ;
1606 2389 1720 2430 nec
1751 2371 1829 2429 ad
1866 2389 1979 2430 nos
2009 2375 2250 2448 spectat
2283 2369 2415 2429 haec
2447 2368 2838 2447 disceptatio,
2876 2387 3018 2428 cum
3053 2370 3227 2429 nulla
3256 2371 3476 2431 saltem
3512 2392 3649 2451 pro-

254 2465 402 2524 babii
433 2468 680 2526 ratione
712 2468 998 2527 concludi
1022 2468 1216 2546 possit
1269 2469 1602 2546 Georgium
1662 2469 1829 2527 hunc
1886 2474 2168 2528 nostrum
2227 2486 2359 2526 esse
2417 2467 2784 2544 Gregorium
2835 2467 3143 2544 Theologi
3193 2468 3645 2548 biographum.

253 2562 476 2623 Interea
508 2564 659 2624 licet
701 2583 826 2643 quo
852 2571 1130 2643 tempore
1162 2565 1395 2643 scripta
1425 2566 1612 2624 fuerit
1642 2565 1776 2643 ejus
1808 2566 1932 2626 sita
1961 2584 2085 2625 non
2120 2569 2354 2643 pateat,
2388 2569 2635 2624 constat
2667 2569 2875 2623 tamen
2900 2564 3128 2623 saeculo
3161 2565 3403 2626 decimo
3436 2569 3648 2628 erudi-

252 2660 319 2719 tis
346 2661 576 2739 Optime
618 2668 829 2723 notam
863 2663 1072 2736 fuisse,
1107 2669 1177 2723 ut
1206 2663 1352 2723 satis
1383 2663 1666 2722 enuntiat
1697 2663 1918 2735 oratio,
1956 2663 2070 2723 sub
2102 2662 2347 2723 initium
2381 2662 2570 2740 hujus
2601 2662 2831 2736 saeculi,
2866 2661 2931 2721 in
2979 2662 3185 2741 prima
3232 2665 3433 2724 sancti
3489 2667 3642 2728 doc-

253 2761 386 2819 toris
416 2762 831 2823 translatione
880 2764 1160 2836 recitata,
1198 2783 1338 2841 qua
1370 2763 1533 2823 hanc
1590 2763 1786 2841 ipsius
1842 2763 2032 2823 vitam
2093 2763 2179 2823 sic
2228 2763 2665 2823 commendat:
2702 2785 2729 2816 ι
2769 2762 2876 2822 Hic
2933 2762 3124 2840 igitur
3154 2763 3256 2841 (de
3315 2765 3639 2844 'l‘heologo

253 2857 512 2937 loquitur
545 2860 693 2940 [IIJ'),
729 2867 796 2920 ut
827 2861 1181 2940 conscripta
1211 2863 1287 2922 de
1315 2862 1452 2940 ipso
1482 2861 1624 2922 Vita
1655 2861 1892 2921 discere
1915 2860 2309 2939 cupientibus
2341 2861 2743 2921 manifestum
2791 2860 2964 2931 facit,
3000 2861 3210 2921 natale
3259 2863 3462 2922 solum
3497 2883 3650 2934 nac-

255 2961 340 3015 tus
366 2958 858 3036 Cappadociam.
890 2981 924 3014 »
960 2959 1181 3036 Liquet
1211 2958 1358 3018 hinc
1379 2958 1736 3036 jandudum
1769 2960 2001 3018 editam
2032 2959 2218 3018 fuisse
2251 2958 2412 3018 hanc
2443 2958 2671 3031 Vitam,
2705 2957 2956 3035 lateque
2986 2957 3280 3018 diffusam
3303 2966 3455 3021 tunc
3492 2967 3653 3020 tem-

259 3055 426 3129 poris.
460 3057 527 3116 ln
561 3074 802 3133 magno
837 3056 1128 3116 Ecclesiae
1161 3074 1478 3127 consessu,
1513 3057 1781 3115 encomii
1812 3056 1965 3128 vice,
1993 3056 2254 3132 jubente
2280 3057 2575 3134 episcopo
2604 3056 2768 3114 lecta
2813 3061 2925 3127 est,
2961 3056 3130 3133 quod
3174 3057 3415 3118 exordii
3459 3060 3652 3119 verba

260 3150 536 3211 referunt.
580 3152 746 3212 Male
775 3152 1132 3229 suspicatur
1160 3152 1470 3211 Adrianus
1500 3152 1721 3211 Baillet
1749 3152 1811 3211 in
1846 3152 2275 3211 translationis
2301 3152 2567 3229 gratiam
2600 3151 2845 3210 decimo
2880 3152 3113 3211 saeculo
3163 3159 3434 3230 peractae
3464 3155 3652 3215 ador-

261 3253 449 3307 natam
482 3250 703 3318 fuisse,
741 3267 881 3309 cum
917 3267 993 3308 ne
1027 3249 1300 3308 minimis
1331 3249 1585 3326 quidem
1619 3249 1952 3308 momentis
1983 3250 2102 3309 hoc
2133 3249 2343 3326 colligi
2376 3249 2591 3327 possit.
2625 3250 2768 3309 Mox
2803 3254 2869 3308 ut
2896 3249 3175 3327 vulgata,
3212 3250 3334 3310 cito
3363 3269 3396 3311 e
3441 3254 3656 3314 Graeco

255 3342 307 3400 in
334 3343 602 3404 latinum
635 3364 813 3406 versa
846 3352 978 3416 est;
1012 3348 1118 3406 sed
1154 3346 1232 3406 ad
1265 3365 1378 3406 nos
1411 3364 1607 3423 usque
1638 3365 1763 3406 non
1795 3346 2075 3424 pervenit
2103 3346 2239 3422 ejus
2291 3346 2751 3423 interpretatio,
2785 3348 2861 3405 de
2911 3365 3036 3423 qua
3086 3347 3303 3406 Billius
3351 3349 3488 3409 haec
3521 3349 3655 3410 edi-

257 3441 364 3500 dit:
403 3446 638 3503 «Hanc
669 3445 948 3521 Gregorii
983 3446 1184 3504 Vitam
1236 3445 1560 3522 sexaginta
1619 3444 1760 3522 plus
1819 3443 2023 3502 minus
2080 3443 2262 3503 annis
2318 3449 2458 3523 post
2516 3443 3062 3521 nongentesimum
3122 3463 3157 3503 a
3207 3444 3451 3504 Christo
3503 3455 3654 3508 nato

259 3555 468 3599 annum
505 3541 777 3620 primus,
814 3560 1178 3619 quanquam
1212 3561 1467 3620 prorsus
1498 3541 1784 3612 barbare,
1824 3541 2146 3600 transtulit
2177 3541 2539 3601 Anastasius
2571 3541 2852 3619 quidam,
2891 3546 2960 3600 ut
3005 3545 3373 3602 annotatum
3408 3543 3535 3604 vidi
3591 3545 3658 3605 in

259 3634 396 3695 libro
426 3637 708 3714 quodam
744 3638 1171 3715 manuscripto
1192 3638 1588 3715 Dionysianze
1620 3638 2038 3698 bibliothecae.
2080 3662 2105 3691 »
2140 3637 2345 3698 Potuit
2380 3643 2586 3696 tamen
2639 3637 2960 3697 advertere
2992 3637 3231 3713 Billius,
3268 3645 3329 3699 ut
3365 3640 3658 3702 observat

259 3732 658 3794 Combefisius
713 3735 1114 3795 Anastasiurn
1152 3735 1318 3795 hunc
1346 3735 1898 3795 Bibliothecarium
1933 3753 2084 3808 esse,
2113 3735 2218 3812 qui
2253 3734 2450 3794 multa
2481 3734 2605 3794 alia
2636 3733 2854 3794 Latine
2887 3734 3157 3794 reddidit
3179 3737 3396 3797 Graeca
3427 3755 3652 3797 monu-

266 3839 478 3904 menta,
512 3850 631 3892 nec
663 3851 918 3910 prorsus
949 3834 1037 3893 ita
1067 3832 1359 3904 barbare,
1389 3839 1456 3893 ut
1486 3833 1681 3912 ipsius
1711 3832 1891 3893 labor
1922 3851 2046 3892 non
2079 3832 2467 3892 desideretur
2513 3837 2624 3891 aut
2662 3832 2741 3892 sit
2784 3832 3046 3893 inutilis.
3080 3832 3246 3894 Vixit
3279 3835 3653 3896 Anastasius

260 3925 351 3988 ille
407 3929 639 3990 saeculo
676 3948 843 3990 nono
869 3948 883 4003 ;
914 3930 1060 3991 hinc
1084 3936 1249 3991 recte
1282 3930 1782 4009 conjicitur,cum
1814 3930 2350 4010 interpretationis
2381 3929 2461 3990 sit
2487 3929 3019 4006 auctor,Gregorii
3047 3931 3253 3992 Vitam
3283 3931 3505 3992 saltem
3535 3951 3651 3994 sae-

261 4023 385 4085 culo
415 4033 640 4088 octavo
673 4026 862 4088 fuisse
893 4029 1336 4108 conscriptam.

320 4237 389 4306 (a)
419 4239 486 4293 13
511 4238 784 4304 Januar.,
907 4240 1030 4294 781.
2074 4241 2146 4310 (c)
2175 4239 2210 4294 9
2235 4239 2484 4311 Maii,.p.
2516 4239 2640 4296 369.

320 4309 388 4366 (b)
413 4311 489 4366 De
517 4310 770 4366 historic.
849 4325 979 4366 νεεδ.
1010 4314 1061 4366 et
1089 4312 1271 4366 Latin.
2073 4311 2150 4366 (di
2179 4310 2468 4366 Bolland..
2503 4311 2539 4366 9
2569 4309 2703 4366 Maii

319 4309 388 4378 (b)
413 4311 489 4367 De
517 4310 770 4367 historic.
807 4309 979 4368 Graec.
1010 4314 1061 4367 et
1089 4312 1271 4368 Latin.

2073 4309 2150 4383 (ἀ)
2179 4309 2468 4368 ΒοΙΙαιιᾱῖ.
2503 4311 2539 4366 9
2569 4309 2728 4382 Maii,
2762 4327 2817 4383 p-
2850 4311 2973 4369 450.
