4152 6208
386 351 505 417 283

1513 345 1704 411 νιΤΑ
1748 349 1812 409 S.
1861 346 2235 409 GREGURII
2278 348 2671 411 THEOLOGI

3566 400 3573 407 .
3678 348 3801 409 244

391 506 2943 540 m

896 690 1181 787 ΒΙοΣ
1266 690 1515 787 ΤΟΥ
1596 690 1757 784 ΕΝ
1841 688 2256 786 ΑΓΙΟΙΣ
2350 690 2847 788 ΠΑΤΡΟΣ
2931 688 3297 786 ΗΜΩΝ

1599 887 2607 1017 ΓΡΗΓΟΡΙΟΥ

1299 1095 1376 1167 (1)
1413 1098 1536 1148 Tor
1574 1096 1939 1161 eeoaoror,
1979 1098 2370 1151 ΕΠΙΣΚΟΗΟΥ
2406 1094 2905 1163 ΝΑΖιΑΝΖΗΝοΥ,

1488 1237 1824 1316 Συγγραφεὶς
1858 1238 1961 1293 ὑπὸ
1990 1236 2294 1315 Γρηγορίου
2323 1232 2708 1314 πρεσϐυτέρου.

617 1542 1027 1667 VITA
1123 1543 1249 1664 S.
1350 1542 1969 1664 PATRIS
2072 1540 2694 1665 NOSTRI
2787 1540 3597 1665 GREGORII

1593 1780 1909 1839 TBBOLOGI,
1959 1780 2216 1827 EPISCOPI
2258 1781 2642 1838 NAZIANZBNI,

1398 1925 1451 1985 A
1506 1923 1790 2004 Gregorio
1829 1924 2175 2006 presbytero
2221 1922 2422 1986 Graece
2462 1924 2816 2004 conscripta.

478 2187 561 2241 Ad
594 2185 899 2258 epirituale
930 2202 1269 2242 sermonum
1302 2185 1652 2252 convivium,
1687 2201 1719 2240 o
1751 2185 1856 2240 viri
1889 2184 2053 2240 audi-
2083 2242 2091 2251 η

2243 2182 2512 2259 Συγκαλεῖ
2542 2183 2632 2255 μὶν
2665 2185 2814 2254 ἡμᾶς
2843 2184 2940 2256 (2),
2992 2183 3038 2236 ὦ
3087 2178 3297 2256 ἄνδρες,
3326 2179 3624 2256 Γρηγόριος
3661 2182 3690 2235 ὁ
3721 2184 3823 2237 πά-

405 2280 586 2340 tores,
637 2272 949 2346 prmolarus
997 2274 1093 2329 ille
1148 2273 1482 2346 Gregorius,
1532 2278 1983 2343 cognomentum
2028 2290 2063 2328 a

408 2361 702 2434 theologia
744 2366 1119 2428 consecutus,
1168 2378 1275 2416 nos
1323 2362 1546 2418 invitat.
1598 2363 1725 2434 Ipse
1779 2362 2061 2417 nimirum

408 2451 756 2523 proponitur
787 2450 956 2505 nobis
985 2449 1144 2505 velut
1172 2450 1463 2522 exquisita
1493 2449 1778 2506 confectio
1810 2467 1937 2521 qua:
1966 2468 2059 2506 ex-

408 2545 500 2595 tra
524 2540 825 2595 materiam
858 2544 969 2606 est,
1003 2539 1339 2610 deliciaeque
1368 2539 1741 2610 corruptione
1780 2539 1940 2595 omni
1970 2556 2065 2594 su-

414 2630 691 2700 periores.
721 2628 836 2682 Nec
882 2643 1015 2683 vero
1066 2628 1281 2682 mirum
1333 2627 1492 2683 vobis
1539 2628 1822 2683 videatur.
1875 2645 1967 2683 me
1997 2643 2063 2683 eo

417 2717 673 2771 audaciae
705 2732 1080 2787 progressum
1124 2732 1271 2783 esse,
1306 2722 1370 2771 ut
1415 2721 1473 2771 et
1502 2733 1643 2771 meae
1694 2717 2060 2772 imbecillita-

416 2803 515 2866 tis,
550 2808 606 2857 et
634 2802 969 2857 excellentis
1011 2804 1170 2859 illius
1219 2804 1436 2875 ingenii
1476 2810 1651 2875 atque
1697 2804 1909 2860 indolis
1944 2822 2062 2860 me-

416 2890 661 2949 moriam
720 2891 1054 2962 abjecerim,
1114 2892 1214 2961 qui
1260 2898 1492 2963 propter
1545 2892 2062 2964 incomparabilem

415 2978 646 3036 virtutis
675 2979 1070 3050 praestantiam
1101 2982 1173 3035 ad
1226 2980 1382 3035 hunc
1415 2981 1592 3035 ferme
1639 2982 1791 3037 diem
1823 2982 2063 3050 silentii,

414 3069 633 3125 honore
676 3070 829 3140 apud
881 3086 1086 3125 omnes
1138 3074 1379 3125 ornatus
1427 3075 1551 3126 est:
1603 3088 1708 3127 nec
1751 3073 2063 3145 quisquam

418 3159 610 3216 adhuc
640 3158 882 3226 exstitit,
905 3158 1005 3229 qui
1026 3157 1203 3213 vitam
1228 3157 1412 3230 ipsius
1442 3160 1792 3230 exposuerit,
1819 3178 1884 3216 ac
1916 3162 2064 3217 serie

419 3248 674 3320 quadam
706 3252 763 3302 et
791 3247 994 3301 ordine
1027 3264 1117 3303 res
1165 3248 1293 3317 ejus
1324 3246 1595 3318 praeclaro
1642 3254 1837 3319 gestas
1868 3254 1923 3304 et
1952 3250 2065 3304 vir-

422 3342 576 3393 tutes
607 3338 678 3391 ad
711 3352 817 3391 nos
838 3335 1024 3406 ipsius
1048 3339 1309 3406 posteros
1328 3335 1722 3392 transmiserit
1747 3353 1761 3391 :
1790 3340 2068 3408 quemad-

416 3424 658 3479 modum
687 3423 832 3495 ipse,
867 3428 924 3477 et
954 3424 1011 3478 in
1044 3423 1257 3479 Basilio
1283 3424 1515 3495 Magno,
1545 3428 1601 3479 et
1632 3425 1689 3479 in
1720 3424 1849 3481 aliis
1879 3426 2067 3482 beatis

417 3512 707 3584 episcopis
736 3516 793 3567 et
822 3513 1200 3584 martyribus,
1225 3512 1401 3568 vitam
1428 3514 1691 3584 ipsorum
1722 3520 2065 3584 argumento

416 3600 641 3672 integro
664 3605 1007 3670 prosecutus
1032 3600 1323 3671 praestitit.
1350 3599 1611 3655 Primum
1638 3601 1874 3672 quidem
1907 3602 2069 3658 nulla

417 3686 639 3742 ratione
666 3686 994 3742 venerando
1041 3686 1210 3752 Patri,
1263 3685 1401 3741 huic
1434 3685 1712 3742 nimirum
1763 3688 2068 3744 nobiscum

415 3774 764 3841 considenti,
796 3775 1087 3831 adversari
1121 3780 1408 3847 poteram,
1437 3774 1538 3846 qui
1569 3776 1915 3845 orationem,
1946 3778 2071 3832 vcl-

421 3869 485 3920 ut
514 3863 671 3919 aliud
704 3863 999 3935 quoddam
1032 3862 1317 3933 debitum,
1359 3863 1643 3935 exigebat,
1694 3870 1750 3919 et
1780 3865 1849 3919 ad
1884 3866 2071 3922 sancti

418 3951 679 4025 Gregorii
711 3951 913 4009 laudes
958 3952 1337 4009 celebrandas
1389 3958 1632 4025 paterna
1681 3957 1738 4008 et
1770 3953 1938 4009 herili
1968 3972 2070 4010 au-

420 4040 685 4097 ctoritatc
714 4040 890 4097 etiam
939 4046 1108 4112 atque
1154 4041 1332 4098 etiam
1381 4040 1686 4107 excitabat,
1731 4042 1976 4112 sibique,
2012 4049 2074 4100 ut

422 4144 645 4184 morem
676 4144 958 4200 gererem,
982 4129 1330 4202 imperabat,
1357 4146 1536 4202 seque
1560 4130 1815 4202 alioquin
1844 4131 2072 4187 nullum

493 4282 571 4355 (1)
631 4283 786 4364 Libri
865 4288 1249 4364 manuscripti
1298 4288 1919 4364 _habent__NaCiavCo'6
1971 4293 2070 4348 sed

421 4356 735 4433 Gregorius
752 4372 1055 4433 nunquam
1090 4356 1199 4433 fuit
1220 4359 1529 4433 episcopus
1568 4356 1989 4433 Nazianzenus,
2012 4367 2074 4419 ut

419 4426 951 4503 demonstravimus
978 4428 1041 4503 in
1092 4426 1509 4503 Dissertatione
1541 4433 1770 4503 praevia.
1827 4426 2072 4490 Saeimis

422 4497 531 4552 fuit
544 4497 882 4585 dnesi‘gnatu‘s
900 4500 1210 4585 episcopus
1227 4518 1240 4566 ;
1256 4497 1615 4585 Nazianzeho
1628 4506 1899 4585 episcopo
1926 4506 2072 4576 patri

424 4584 531 4647 suo
562 4568 746 4647 factus
776 4577 864 4623 est
889 4568 1229 4647 coadjutor:
1274 4576 1332 4627 at
1382 4568 2070 4647 Constantiiiopo'lis'tan—

426 4646 549 4717 tum
572 4639 802 4710 publico
827 4641 1113 4717 praeconio
1138 4647 1532 4717 proclamatus
1554 4639 1863 4717 episcopus
1890 4664 2074 4714 ;erro-

428 4728 492 4789 re
516 4714 709 4789 tamen
744 4712 1267 4789 antiquo‘vocatur
1301 4712 1709 4789 Nazianzenus
1741 4712 2070 4789 episeopus.

428 4781 571 4837 Vide
604 4781 909 4838 Baronium
944 4785 1013 4839 ad
1048 4801 1268 4841 annum
1291 4787 1417 4841 371.

500 4854 572 4924 (2)
602 4854 697 4908 Sic
729 4854 885 4910 Colb.
939 4857 990 4917 1.
1019 4858 1073 4922 2,
1105 4864 1163 4912 et
1209 4858 1410 4913 Comb.
1444 4858 1538 4912 Sic
1584 4861 1642 4912 et
1670 4858 1796 4913 cod.
1844 4859 1937 4913 DD
1993 4859 2069 4914 du

429 4916 647 4997 Poir'ier
676 4916 1071 4997 Turonensis,
1098 4929 1473 4984 Ambmsiani.
1515 4929 1667 4985 doct.
1720 4930 1869 4985 med.
1908 4931 2069 4985 Mon-
2100 4916 2143 4983 C

427 4996 565 5077 tisp.
599 4995 699 5066 qui
728 4999 914 5077 varias
945 4995 1180 5077 codicis,
1206 5017 1391 5077 quem_
1416 5016 1529 5071 praa
1553 5002 1827 5077 manibus
1850 5001 2071 5077 habuit,

429 5065 1066 5145 lectiones__transmisi_t
1105 5065 1321 5145 domno
1372 5065 1633 5145 Louvard
1661 5090 1701 5145 εί
1726 5072 1879 5145 hunc
1911 5065 2072 5129 dein;

434 5154 569 5228 cepe
617 5140 875 5196 codicem
936 5142 1378 5214 designabimus
1437 5142 1632 5199 littera
1687 5144 1748 5198 P.
1812 5144 1868 5199 ln
1930 5145 2068 5201 edit.

431 5228 589 5269 υμας.

630 5281 930 5355 Γρηγόριος
1067 5284 1243 5358 πάνυ,
1366 5289 1469 5358 τῆς
1509 5284 1807 5358 ’θεολογίας
1868 5283 2071 5338 ἐπώνυ-

429 5349 695 5429 “5,1in
742 5349 850 5429 est,
901 5352 1269 5429 κατ’-ἐξοχὴν.
1300 5354 1328 5407 ὁ
1358 5349 1637 5428 θεολόγος,
1695 5349 1840 5429 seu,_
1872 5362 1935 5411 ut
1974 5374 2071 5429 ex-

424 5419 611 5498 plicat
630 5419 999 5498 SOphronius
1018 5419 1546 5498 Hierosolymorum
1571 5419 1923 5498 patriarCha,
1950 5427 2069 5497 epi-

424 5492 557 5546 stol.
594 5494 615 5546 1
653 5497 804 5575 apud
845 5495 1107 5551 Photium
1140 5496 1199 5551 in
1237 5492 1500 5553 Biblioih.
1528 5514 1540 5553 :
1571 5492 1629 5554 δυ
1656 5503 1754 5566 τῆς
1784 5492 2068 5571 θεολογίας

433 5583 503 5633 μυ
510 5582 783 5633 σταγωγος
792 5605 803 5616 .

494 5583 605 5615 »στα
644 5584 686 5614 ω
725 5585 751 5616 ο
792 5605 803 5616 .

494 5636 572 5706 (4)
602 5583 722 5694 (Ἐωέ
846 5635 903 5693 in
938 5642 1072 5694 nota
1104 5656 1288 5711 marg.
1321 5639 1605 5712 τράπεζαν,
1636 5656 1900 5697 mensam.

2169 2294 2254 2339 νυ,
2286 2273 2314 2326 ὁ
2338 2279 2440 2341 τῆς
2474 2270 2757 2347 θεολογίας
2809 2269 3094 2342 ἐπώνυμος
3142 2273 3241 2343 (3),
3274 2268 3349 2331 εἱς
3378 2270 3477 2336 τήν
3524 2290 3819 2342 πνευματι-

2170 2362 2270 2429 κήν
2319 2358 2633 2415 πανδαισίαν
2685 2360 2762 2432 (4)
2808 2363 2914 2412 τῶν
2965 2356 3165 2432 λόγων*
3216 2357 3499 2433 πρόκειται
3555 2354 3613 2412 δὲ
3659 2357 3820 2420 αὐτὸς

2172 2446 2336 2510 ἄυλος
2383 2449 2639 2523 καρυκεία
2687 2451 2784 2521 (5),
2830 2446 2920 2501 καὶ
2967 2448 3143 2523 τρυφὴ
3192 2448 3394 2524 φθορᾶς
3443 2444 3655 2516 ἀπάσης
3686 2446 3823 2519 ὕψη-

2172 2535 2389 2613 λοτέρα.
2425 2539 2512 2605 Μὴ
2547 2537 2860 2608 Θαυμάσητε
2894 2533 2970 2602 δὲ,
3005 2535 3049 2589 εἰ
3098 2535 3233 2608 πρὸς
3283 2538 3537 2588 τοσοῦτον
3570 2536 3649 2606 (6)
3692 2536 3821 2606 θρά-

2172 2647 2301 2688 σους
2333 2625 2581 2696 ἐξῆλθον,
2632 2626 2706 2686 ὡς
2755 2624 2845 2678 καὶ
2893 2632 2992 2693 τῆς
3025 2623 3224 2685 οἰκείας
3275 2622 3572 2693 ἀσθενείας,
3605 2623 3694 2677 καὶ
3724 2626 3822 2692 τῆς

2173 2714 2377 2769 ἐκείνου
2429 2711 2799 2787 μεγαλοφυίας
2849 2710 3223 2782 ἐπιλελῆσθαι,
3256 2713 3314 2773 ὃς
3362 2709 3451 2765 διὰ
3479 2713 3541 2765 τὸ
3571 2719 3669 2781 τῆς
3698 2712 3825 2787 ἀρε-

2170 2811 2272 2872 τῆς
2301 2798 2591 2877 ἀπρόσιτον
2630 2802 2795 2876 μέχρι
2844 2809 2945 2869 τῆς
2996 2804 3233 2875 σήμερον
3281 2799 3470 2876 ὀλίγου
3501 2799 3609 2854 δεῖν
3638 2805 3823 2874 σιωπῇ

2171 2894 2296 2967 παρ’
2347 2892 2509 2946 ἅπασι
2570 2893 2647 2963 (7)
2693 2890 2999 2962 τετίμηται’
3060 2890 3148 2943 καὶ
3208 2886 3387 2950 οὐδεὶς
3443 2886 3826 2943 ἀποδέδεικται

2170 2984 2268 3049 τῆς
2302 2980 2467 3034 αὐτοῦ
2498 2978 2779 3040 πολιτείας
2837 2980 3121 3055 ὑφηγητής
3168 2976 3256 3032 καί
3306 2974 3658 3045 διδάσκαλος,
3694 2977 3827 3031 ἀκο-

2175 3067 2365 3139 λουθίᾳ
2430 3068 2536 3123 τινὶ
2594 3068 2683 3122 καὶ
2738 3067 2882 3136 τάξει
2948 3067 3015 3121 τὰ
3069 3071 3149 3137 τῷ
3207 3062 3359 3140 ἀνδρὶ
3417 3067 3824 3137 κατωρθωμένα

2172 3158 2538 3229 παραπέμψας
2587 3158 2721 3227 ἡμῖν
2758 3160 2875 3216 τοῖς
2931 3155 3238 3226 μετέπειτα,
3284 3153 3465 3230 ὥσπερ
3517 3154 3674 3215 αὐτὸς
3727 3174 3831 3208 πε-

2172 3245 2422 3315 ποίηκεν,
2474 3244 2562 3299 ἐπί
2610 3265 2668 3299 τε
2714 3242 2981 3316 Βασιλείῳ
3038 3248 3117 3314 τῷ
3175 3242 3416 3317 Μεγάλῳ
3473 3243 3562 3296 καὶ
3623 3243 3834 3318 ἑτέροις

2178 3333 2465 3406 μακαρίοις
2514 3332 2873 3403 ἐπισκόποις,
2915 3332 3005 3386 καὶ
3060 3329 3339 3406 μάρτυσιν·
3393 3329 3532 3401 ὅλην
3584 3330 3835 3386 ὑπόθεσιν

2172 3424 2264 3477 τὸν
2299 3422 2415 3497 βίον
2467 3421 2643 3476 αὐτῶν
2693 3424 2770 3495 (8)
2823 3420 3240 3491 ἐνστησάμενος.
3290 3418 3468 3475 Ἀλλὰ
3509 3424 3703 3493 πρῶτα
3757 3422 3837 3493 (9)

2181 3512 2273 3583 μὲν
2307 3510 2414 3586 οὐχ
2446 3510 2558 3565 οἷόν
2601 3532 2660 3565 τε
2702 3512 2767 3578 ἥν
2819 3506 3117 3584 ἀντιλέγειν
3162 3508 3333 3579 τιμίῳ
3366 3510 3670 3582 γεννήτορι,
3704 3508 3835 3563 τού-

2175 3622 2257 3671 τῳ
2289 3598 2354 3668 δὴ
2386 3604 2463 3670 τῷ
2492 3599 2583 3653 σὺν
2638 3602 2771 3669 ἡμῖν
2820 3600 2931 3671 (10)
2986 3595 3167 3652 ἐνθάδε
3214 3594 3610 3671 καθιδρυμὲνῳ,
3652 3596 3836 3672 ὥσπερ

2180 3685 2320 3743 ἄλλο
2349 3709 2400 3742 τι
2435 3690 2599 3763 χρὲος
2631 3688 2945 3742 ἀπαιτοῦντι
2995 3685 3122 3747 τοὺς
3169 3683 3393 3759 λόγους,
3426 3684 3514 3739 καὶ
3564 3684 3702 3760 πρὸς
3733 3687 3838 3754 τὴν

2176 3780 2273 3830 τοῦ
2307 3776 2448 3840 θείου
2483 3775 2790 3851 Γρηγορίου
2840 3774 3135 3851 εὐφημίαν,
3189 3773 3307 3829 λίαν
3340 3778 3696 3848 παρορμῶντι
3729 3794 3839 3828 πα·-

2176 3869 2376 3939 τρικῶς
2408 3884 2465 3919 τε
2495 3864 2582 3919 καὶ
2624 3862 2979 3934 δεσποτικῶς,
3030 3864 3126 3931 τὴν
3181 3863 3423 3930 ὑπακοὴν
3474 3860 3838 3934 ἐγκελευομέ-

2178 3976 2277 4025 νῳ,
2326 3952 2415 4007 καὶ
2464 3953 2527 4008 οὐ
2582 3955 2831 4027 μεθήσειν
2883 3950 3287 4022 ὲπαπειλοῦντι,
3339 3951 3427 4005 καὶ
3474 3957 3575 4019 τῆς
3629 3950 3705 4012 εἷς
3738 3950 3840 4021 ἐμὲ

2179 4043 2484 4116 γεννήσεώς
2528 4062 2587 4097 τε
2633 4042 2721 4097 καὶ
2766 4048 2975 4119 τροφῆς
3031 4042 3231 4110 ταύτην
3265 4037 3534 4094 ἀντίδοσιν
3586 4039 3849 4112 εἰσπραττ

2176 4128 2411 4203 τομὲνῳ·
2464 4126 2647 4185 ἔπειτα
2686 4127 2811 4185 οὐδὲ
2859 4128 3007 4186 ὅσιον
3058 4130 3171 4202 (11)
3223 4125 3372 4182 δοκεῖ
3424 4148 3518 4199 μοι
3566 4127 3838 4198 τοσαύτης

2250 4290 2328 4363 (5)
2359 4290 2495 4345 Cod.
2539 4291 2599 4346 P.
2651 4290 2710 4345 in
2765 4294 2885 4363 not.
2939 4304 3124 4361 marg.
3177 4288 3409 4363 ἄρτυμα,
3464 4285 3766 4363 ὀψοφαγίᾳ,
3801 4285 3837 4355 ἢ

2250 4307 2328 4362 (0)
2359 4307 2495 4345 υοα.
2539 4307 2599 4346 t’.
2651 4308 2710 4345 1n
2765 4307 2885 4347 n0t.
2939 4307 3124 4361 marg.
3177 4307 3208 4341 α
3244 4307 3409 4358 τυμα,
3464 4307 3766 4363 οψοφαγια,
3801 4307 3837 4355 η

2179 4357 2381 4430 ήὸύτης
2413 4364 2519 4414 τῶν
2556 4364 2753 4433 ζωμῶν
2786 4362 3161 4433 pulmentum,
3184 4307 3499 4415 doeliciosum
3528 4360 3839 4433 opsonium,

2168 4427 2455 4503 jicsculum
2476 4427 2715 4503 jucundi
2743 4427 2983 4503 soporis.
3018 4431 3163 4496 Quid
3214 4432 3289 4503 sit
3316 4427 3595 4503 καρυκεία,
3630 4430 3842 4484 docent

2181 4502 2911 4575 vulgareslexicographi,
2972 4502 3091 4557 imo
3147 4506 3204 4575 et
3254 4502 3591 4575 Favorinus,
3643 4517 3677 4555 a
3718 4516 3835 4575 quo

2179 4582 2235 4630 et
2252 4570 2497 4646 Adcctiss.
2532 4570 2907 4646 Duca‘ngi‘usj
2957 4579 3017 4646 at
3061 4572 3201 4646 quid
3251 4587 3447 4646 revera
3476 4570 3839 4646 sit_z_cc_puxe{a

2182 4642 2370 4712 ἅϋλος,
2406 4652 2469 4700 ut
2502 4663 2615 4701 non
2649 4642 2916 4713 docuere,
2950 4643 3034 4697 sic
3062 4642 3120 4700 et
3144 4643 3520 4697 doctissimus
3547 4642 3753 4697 Billius
3775 4644 3833 4697 in

2179 4716 2443 4772 versione
2464 4734 2572 4772 sua
2594 4734 2705 4773 non
2734 4717 2945 4788 attigit.
2970 4716 3095 4788 Non
3121 4714 3187 4769 Β.
3217 4718 3280 4767 Ρ.
3305 4713 3633 4788 ῼοωῦθὶἰεὶἱ
3658 4713 3837 4768 inter-

2185 4787 2564 4858 pretationem
2595 4784 3232 4844 versioniinseruinus.
3266 4784 3454 4840 Aliam
3498 4790 3835 4855 proponunt

2185 4864 2400 4914 veteres
2433 4861 2572 4915 edit.
2606 4875 2851 4930 nempe:
2895 4859 3008 4929 Ipse
3038 4860 3099 4912 in
3125 4858 3309 4930 cibum
3350 4858 3605 4911 materiae
3635 4871 3836 4930 exper-

2180 4934 2287 4987 tem
2344 4932 2590 5003 oﬁertur,
2647 4926 2977 5003 epulumque
3049 4928 3396 4999 corruptione
3447 4929 3601 4982 omni
3652 4926 3833 4981 subli-

2184 5019 2348 5056 mzus.

2253 5074 2325 5139 (6)
2361 5073 2497 5129 Cod.
2532 5072 2626 5128 ΟΡ.
2655 5072 2834 5128 habet
2860 5066 3126 5139 τοσούτῳ.

2311 5145 2327 5215 )
2357 5144 2514 5215 Golb.
2551 5148 2608 5199 et
2638 5144 2835 5199 Comb.
2869 5142 3071 5215 legunt
3098 5139 3244 5215 παρᾶ
3274 5143 3423 5194 πᾶσι.

2273 5210 2329 5281 8)
2361 5213 2541 5268 Αὐτῶν
2574 5216 2737 5271 deest
2768 5215 2826 5269 in
2859 5210 2988 5270 cod.
3020 5210 3187 5269 Colbl
3212 5215 3247 5267 2
3276 5216 3333 5267 et
3361 5210 3558 5265 Comb.

2251 5286 2325 5357 (9)
2357 5286 2491 5340 Cod.
2526 5286 2682 5341 Colb.
2719 5288 2744 5341 1
2779 5291 2835 5342 et
2876 5290 3002 5342 Cor.
3034 5286 3273 5355 πρῶτον,
3324 5283 3459 5339 Cod.
3513 5285 3575 5335 P.
3609 5283 3829 5351 πρῶτον

2224 5356 2275 5407 ὲν
2309 5354 2371 5408 οὗ
2413 5352 2656 5409 δύνατον.

2226 5375 2275 5407 εν
2309 5375 2371 5408 ου
2413 5375 2656 5412 ουνατον.

2183 5376 2275 5426 μεν
2309 5376 2371 5408 ου
2413 5376 2656 5412 ουνατον.

2250 5427 2361 5496 (10)
2396 5432 2479 5482 lta
2511 5428 2667 5483 Colb.
2706 5429 2755 5492 1,
2788 5429 2843 5492 2,
2877 5426 2971 5482 0r.
3004 5430 3061 5481 et
3088 5423 3288 5496 Comb.
3323 5424 3385 5477 In
3428 5422 3567 5496 edit.
3604 5420 3755 5496 ὑμῖν.

2250 5493 2362 5565 (ll)
2392 5499 2546 5554 Colb.
2580 5502 2612 5553 2
2644 5504 2694 5553 et
2728 5499 2929 5553 Comb.
2960 5493 3375 5565 habento'criov.
3408 5494 3569 5551 Uolb.
3606 5495 3658 5565 1,
3690 5496 3745 5564 2,
3770 5495 3833 5549 et

2176 5562 2375 5626 Cuiub.
2412 5565 2559 5623 δοκεῖ
2588 5572 2645 5625 in
2680 5570 2819 5626 odit.
2854 5571 2957 5622 τῶν
2991 5567 3150 5623 ὁσίων
3179 5562 3373 5626 ἐδόκει.
