4152 6208
278 315 389 376 245

1271 319 1313 378 A
1327 316 1639 380 UCTORE
1685 319 2081 381 GREGOlth
2128 319 2673 381 PRESBYTERO.

3554 313 3674 375 246

279 450 412 520 ἡμᾶς
445 447 647 520 ἀρετῆς
676 445 964 523 ἆλογῆσαι,
999 448 1056 518 ἢ,
1090 452 1166 520 τῷ
1214 447 1315 524 βίῳ
1362 447 1745 524 προτιθεμένη,
1778 448 1899 504 πολ·

2034 453 2279 525 urgendi
2309 452 2484 507 ﬁnem
2519 453 2808 508 facturum
2842 449 3196 515 minabatur,
3216 450 3391 520 atque
3411 447 3560 503 hanc
3587 447 3676 502 in-

279 533 398 596 λοὺς
428 537 485 589 ἂν
520 537 877 612 προτρέψειεν
919 537 997 598 εἷς
1043 539 1141 606 τήν
1197 537 1452 610 μίμησιν,
1485 537 1574 592 καὶ
1625 537 1723 593 οὐκ
1774 538 1912 593 ἐάσει

277 627 330 680 τὸ
380 623 546 680 καλὸν
613 625 864 695 ἐξίτηλον
925 628 1037 698 (12)
1098 628 1365 702 γενέσθαι,
1399 625 1586 703 λόγοις
1631 632 1747 690 τοῖς
1795 629 1915 691 καθ’

279 714 472 787 ἡμέραν
506 714 1020 787 καινοποιούμενον.

2025 540 2200 596 dultaa
2233 540 2374 595 mihi
2423 540 2666 613 originis
2710 538 3188 610 educationisque
3235 536 3562 592 mercedem
3593 536 3675 592 ef-

2026 629 2342 702 ﬂagitabat.
2377 629 2615 698 Deinde,
2667 643 2738 683 ne
2792 629 2951 700 pium
2999 626 3236 699 quidem
3287 630 3346 682 et
3393 625 3479 680 fas
3522 625 3674 692 mihi

2027 733 2154 774 esse
2182 718 2433 784 videtur,
2465 716 2684 771 nullam
2720 719 2892 771 tantas
2923 715 3155 770 virtutis
3187 713 3470 770 rationem
3502 713 3675 770 habe-

280 821 348 871 re,
371 821 517 874 quae,
553 805 605 859 si
638 805 767 860 vitae
799 805 1069 860 humanae
1102 809 1538 876 proponeretur,
1572 806 1788 862 multos
1821 808 2066 862 fortasse
2095 807 2166 861 ad
2199 805 2625 861 aemulationem
2658 807 3016 876 provocaret,
3039 819 3144 858 nec
3172 803 3445 858 virtutem
3477 802 3667 875 ipsam

276 893 437 948 dilabi
472 897 657 964 atque
686 910 1028 950 evanescere
1060 893 1295 962 sineret,
1329 894 1686 966 quotidianis
1719 894 2002 953 nimirum
2037 894 2407 950 sermonibus
2438 893 2686 948 subinde
2716 892 3192 947 efﬂorescentem.

334 992 468 1066 Φέρε
518 989 589 1059 δὴ
643 990 754 1060 οὖν,
803 994 902 1061 τὴν
955 987 1225 1062 ἀναϐολὴν
1281 990 1635 1065 ἀποθέμενος,
1684 993 1908 1069 ἀπαρχῇ

269 1086 362 1134 τῶν
418 1080 567 1151 ἐμῶν
634 1078 835 1155 λόγων,
871 1081 984 1136 οἶόν
1045 1103 1154 1136 τισι
1209 1079 1552 1158 νεοδρέπτοις
1611 1085 1906 1157 γεννήμασι

270 1169 584 1244 στεφανώσω
635 1170 724 1222 τὸν
773 1167 1066 1243 Θεολόγον,
1101 1169 1144 1224 εἷ
1189 1171 1277 1224 καὶ
1324 1177 1422 1240 τῆς
1472 1170 1619 1241 ἀξίας
1665 1169 1911 1226 καταδεέ-

268 1277 436 1332 στερον
470 1259 610 1329 (13),
647 1256 792 1312 ἀλλὰ
821 1265 920 1326 τῆς
964 1257 1270 1332 προθυμίας
1302 1256 1454 1313 οὐδὲν
1511 1258 1790 1314 ἐλλεῖπον.
1823 1261 1910 1313 Οἷ-

273 1365 355 1417 μαι
403 1342 480 1417 δὲ,
514 1346 592 1408 ὡς
651 1344 702 1400 έν
749 1352 880 1400 πᾶσι
925 1344 1133 1408 τέλειος
1185 1347 1212 1400 ὁ
1257 1347 1411 1421 ἀνὴρ,
1462 1348 1551 1402 καὶ
1600 1353 1761 1402 τοῦτο
1815 1369 1908 1421 με-

267 1433 458 1508 τριάσει
507 1434 603 1487 τὸν
662 1436 788 1508 παρ’
817 1435 951 1507 ἐμοῦ
983 1432 1220 1490 ἔπαινον·
1254 1434 1440 1506 ἐπειδὴ
1491 1439 1578 1491 καὶ
1626 1434 1759 1514 φίλα
1805 1458 1907 1490 πα-

269 1525 406 1596 τράσι
437 1523 505 1576 τὰ
534 1527 650 1577 τῶν
683 1522 895 1592 νηπίων
927 1521 1292 1596 ψελλίσματα,
1327 1524 1378 1594 ἐξ
1408 1524 1640 1601 ἀτέχνου
1676 1524 1909 1597 μάλιστα

270 1611 515 1684 προϊόντα
539 1618 647 1678 τῆς
678 1609 936 1680 διανοίας,
968 1613 1001 1679 ἢ
1034 1616 1141 1666 τῶν
1190 1611 1414 1667 τελείων
1457 1614 1508 1666 οἱ
1562 1608 1906 1688 ἐμϐριθέστε-

271 1719 342 1771 ροι
385 1701 496 1769 (14)
546 1699 716 1773 λόγοι
762 1700 850 1753 καὶ
892 1701 958 1753 τὰ
1004 1695 1210 1775 σοϐαρὰ
1260 1699 1686 1777 λαρυγγίσματα.
1721 1704 1905 1757 Ἔσται

268 1784 317 1842 δὲ
345 1787 483 1858 αὖτῷ
514 1787 606 1842 καὶ
634 1788 1113 1861 οἷκειοτάτη(15)ἡ
1140 1786 1227 1843 διὰ
1256 1794 1361 1844 τῶν
1396 1787 1576 1865 λόγων
1609 1793 1742 1862 τιμή
1770 1793 1902 1864 (16).

2089 999 2210 1067 Age
2243 994 2439 1067 igitur,
2481 993 2851 1049 cunctatione
2891 991 3052 1047 omni
3084 991 3295 1062 posita,
3325 1006 3664 1046 sermonum

2019 1100 2283 1139 meorum
2315 1082 2613 1154 primitiis,
2655 1081 2824 1152 quasi
2864 1080 3149 1135 fructibus
3196 1079 3548 1150 quibusdam
3575 1095 3665 1135 rs-

2019 1189 2154 1229 cens
2187 1172 2499 1244 decerptis,
2532 1187 2804 1227 coronam
2833 1167 3124 1240 Theologo
3155 1173 3406 1235 nectam,
3450 1168 3499 1223 si
3534 1168 3664 1240 qui-

2019 1262 2152 1316 dem
2181 1260 2342 1316 illius
2388 1260 2595 1316 merito
2643 1275 2708 1314 ac
2757 1257 3027 1331 dignitati
3074 1257 3379 1328 imparem,
3424 1261 3483 1313 at
3512 1262 3666 1312 certe

2015 1350 2238 1405 viribus
2271 1349 2504 1416 nostris,
2539 1347 2838 1419 animique
2863 1346 3180 1413 alacritate,
3203 1344 3665 1416 haudquaquam

2016 1438 2375 1494 inferiorem.
2425 1440 2504 1492 Ac
2537 1438 2800 1492 futurum
2837 1436 3062 1508 opinor,
3107 1439 3171 1489 ut
3200 1434 3287 1488 vir
3315 1432 3435 1501 ille,
3458 1449 3666 1504 quem-

2015 1528 2331 1583 admodum
2366 1527 2423 1581 in
2455 1525 2729 1580 omnibus
2748 1524 3034 1594 perfectus
3063 1528 3170 1592 est,
3191 1522 3270 1578 ita
3299 1521 3667 1594 quoquelau-

2015 1616 2310 1671 dationem
2368 1615 2518 1670 hanc
2577 1618 2836 1669 nostram
2895 1628 3059 1682 aequo
3118 1611 3314 1666 animo
3378 1611 3658 1682 accipiat:

2017 1705 2491 1776 quandoquidem
2515 1707 2573 1758 et
2592 1700 3045 1758 bslbutientiuin
3063 1700 3117 1755 in
3130 1700 3376 1755 fantium
3398 1716 3661 1756 sermun-

2014 1792 2151 1862 culi,
2186 1810 2220 1848 a
2247 1792 2504 1864 simplici
2535 1791 2786 1846 maxime
2817 1788 3011 1845 animo
3043 1789 3418 1860 prodeuntes,
3451 1804 3659 1860 paren-

266 1876 344 1936 Οἷς
375 1877 474 1950 γὰρ
505 1872 738 1938 ἕκαστος
787 1874 996 1946 ἥδεται,
1027 1877 1240 1939 τούτοις
1294 1875 1472 1948 δήπου
1519 1879 1608 1933 καὶ
1656 1881 1899 1952 τιμώμε-

2017 1881 2172 1937 tibus
2203 1881 2584 1953 jucundiores
2635 1895 2762 1935 esse
2818 1877 3024 1948 solent,
3074 1893 3252 1949 quam
3302 1875 3660 1933 robustiores

264 1985 341 2025 νος
394 1965 657 2038 γαννυτοιι
688 1968 824 2038 (17).
859 1967 954 2020 Καὶ
1014 1966 1059 2020 εἰ
1118 1971 1220 2035 ζῶν
1275 1965 1350 2021 ἔτι
1410 1970 1462 2044 (1
1508 1970 1524 2040 )
1577 1973 1902 2040 σωματικῶς

264 2053 454 2106 πάντων
504 2055 811 2126 κτημάτων
865 2053 991 2116 τοὺς
1056 2054 1255 2130 λόγους
1314 2052 1613 2126 ἠλλάξατο,
1658 2056 1745 2111 καὶ
1805 2059 1906 2125 τήν

266 2140 432 2216 σοφίαν
501 2137 824 2214 περιλαϐὼν
886 2143 976 2196 καὶ
1045 2142 1285 2216 ἐρασθεὶς
1344 2143 1534 2213 αὐτῆς,
1582 2144 1669 2199 καὶ
1726 2167 1905 2220 τηρη-

264 2229 359 2290 θεὶς
407 2230 491 2284 ὑπ’
541 2230 739 2301 αὐτῆς,
791 2236 1172 2307 παροιμιακῶς
1232 2231 1417 2286 εἰπεῖν·
1468 2238 1583 2295 πῶς
1629 2233 1778 2309 οὐχὶ,
1812 2235 1901 2289 καὶ

265 2323 356 2372 τῶν
406 2316 536 2392 τῇδε
583 2317 960 2396 ἀπολειφθεῖς,
1011 2320 1100 2374 καὶ
1169 2320 1306 2395 πρὸς
1363 2323 1460 2388 τὴν
1531 2323 1762 2395 καθαρὰν
1811 2323 1901 2377 καὶ

268 2409 506 2482 φρονήσει
557 2405 968 2476 πλησιάζουσαν
1022 2411 1164 2477 ζωὴν
1238 2410 1596 2482 μεταθέμενος
1643 2411 1710 2464 τὰ
1764 2431 1900 2487 παρ-

265 2494 395 2563 ὄντα,
421 2494 646 2556 τούτοις
673 2496 966 2570 γαυροῦταί
1005 2517 1064 2550 τε
1093 2494 1257 2551 πλέον
1289 2500 1403 2569 (19)
1433 2499 1522 2552 καὶ
1567 2497 1858 2574 ἀγάλλεται
1885 2519 1899 2569 ;

267 2584 414 2654 ’Υμᾶς
471 2581 528 2637 δὲ
595 2583 880 2656 αἰτοῦμαι,
942 2586 986 2638 ὦ
1043 2585 1160 2660 ἱερὰ
1228 2589 1551 2660 πανήγυρις,
1615 2590 1689 2659 μὴ
1763 2589 1900 2664 πρὸς

266 2667 520 2745 ἀκρίϐειαν
565 2674 638 2727 τὸ
674 2671 886 2740 πλῆθος
932 2679 1040 2728 τῶν
1088 2673 1276 2746 ἐκείνῳ
1324 2676 1770 2750 κατωρθωμένων
1819 2674 1899 2731 δι-

269 2765 578 2832 ερευνᾶσθαισ
617 2764 832 2832 πρῶτον
871 2762 990 2832 μὲν,
1020 2759 1104 2815 ὅτι
1138 2762 1212 2832 μὴ
1267 2763 1382 2816 κατ’
1414 2760 1550 2834 ἐμὴν
1603 2759 1828 2835 δῦναμιν
1862 2764 1895 2831 ἢ

268 2847 579 2922 ὑποσχέσθαι
633 2853 820 2920 τοῦτο,
960 2849 1319 2913 ἀπαιτεῖσθαι’
1367 2846 1570 2923 ἔπειτα,
1623 2850 1706 2905 ὅτι
1758 2849 1898 2924 μηδέ

263 2956 333 2998 τις
360 2937 421 2991 τὰ
447 2938 564 2991 κατ’
607 2936 762 2991 αὐτὸν
792 2941 926 3010 ἡμῖν
976 2959 1142 3014 γεγρα
1157 2939 1259 3002 ,φὼς
1309 2938 1718 2995 καταλέλοιπεν’
1753 2939 1900 2995 ἀλλά

266 3023 516 3100 σποράδην
551 3025 620 3080 ἐκ
647 3031 752 3080 τῶν
788 3025 950 3082 αὐτοῦ
981 3026 1241 3098 συλλέξας
1299 3025 1479 3104 λόγων
1530 3032 1596 3083 τὰ
1637 3032 1753 3084 κατ’
1802 3030 1894 3084 αὐ-

265 3113 362 3185 τὸν,
397 3120 679 3189 μιμοῦμαι
726 3116 852 3178 τοὺς
905 3113 1257 3190 λιθολόγους,
1286 3117 1357 3185 οἳ,
1391 3121 1753 3192 κατασμικρὸν
1803 3119 1896 3180 τὰς

2013 1970 2346 2026 adultorum
2397 1984 2721 2036 sermones,
2754 1971 2810 2022 et
2838 1982 3044 2039 graves
3091 1982 3156 2021 ac
3187 1963 3500 2038 phaleratas
3532 1983 3661 2021 ora-

2011 2059 2220 2114 tiones.
2245 2058 2394 2124 Quin
2426 2063 2483 2112 et
2503 2057 2628 2128 ipse
2659 2071 2998 2111 sermonum
3023 2053 3312 2109 honorilli
3337 2070 3513 2126 quam
3537 2053 3664 2126 pul-

2012 2147 2298 2203 cherrime
2327 2149 2624 2217 congruet.
2659 2144 2883 2208 Quibus
2898 2144 3055 2198 enim
3079 2142 3254 2197 rebus
3283 2141 3534 2214 quisque
3563 2143 3662 2198 de-

2011 2234 2278 2302 lectatur,
2311 2234 2520 2290 iisdem
2561 2248 2795 2304 quoque
2828 2231 3084 2302 profecto
3114 2229 3387 2285 honorari
3419 2229 3663 2286 mirifice

2011 2325 2244 2395 gaudet.
2285 2327 2567 2394 Cumque,
2619 2335 2956 2392 corpoream
3009 2318 3202 2374 adhuc
3249 2317 3426 2373 vitam
3461 2333 3661 2391 agens,

2009 2413 2286 2469 doctrinae
2315 2416 2372 2467 et
2401 2408 2740 2481 eloquentia
2773 2407 2971 2464 studia
3014 2406 3290 2462 omnibus
3319 2405 3532 2478 opibus
3576 2407 3660 2462 fa-

2009 2501 2443 2572 cultatibusque
2483 2497 2821 2570 praetulerit,
2869 2497 3300 2567 sapientiamque
3344 2495 3656 2566 complexus

2009 2600 2171 2662 atque
2194 2605 2383 2644 amore
2418 2591 2756 2660 prosecutus,
2803 2586 2871 2640 ab
2923 2601 3115 2656 eaque,
3163 2588 3225 2639 ut
3270 2588 3359 2639 est
3403 2583 3465 2640 in
3510 2587 3654 2640 Pro-

2009 2678 2220 2734 verbiis
2267 2679 2332 2745 7°,
2382 2684 2730 2733 conservatus
2783 2674 2992 2748 fuerit:
3027 2672 3188 2729 eccui
3245 2673 3480 2728 tandem
3546 2674 3652 2728 du-

2007 2767 2170 2823 bium
2203 2783 2329 2822 esse
2362 2765 2568 2837 possit,
2600 2763 2741 2836 quin
2789 2779 2944 2818 nunc
2971 2778 3222 2833 quoque,
3253 2777 3386 2816 cum
3421 2778 3512 2817 res
3541 2761 3654 2816 hu-

2009 2872 2212 2911 manas
2263 2853 2582 2925 reliquerit,
2632 2868 2698 2908 ac
2736 2855 3080 2922 praesentem
3122 2850 3301 2905 vitam
3343 2865 3480 2905 cum
3513 2865 3662 2921 pura

2006 2942 2107 2999 illa
2128 2960 2192 2999 ac
2234 2941 2629 3013 intelligentiae
2663 2940 2992 3012 pr0pinqua
3021 2936 3418 3008 commutarit,
3453 2935 3662 2994 oratio-

2007 3032 2182 3087 nibus
2232 3036 2289 3087 et
2331 3029 2658 3102 impensius
2706 3028 2922 3101 gestiat
2974 3030 3031 3083 et
3077 3025 3374 3082 exsultet?
3403 3027 3449 3081 A
3496 3025 3660 3081 vobis

2006 3127 2200 3176 autem
2254 3124 2405 3192 peto,
2439 3122 2808 3174 sacrosancte
2860 3119 3063 3186 coetus,
3089 3131 3160 3170 ne
3189 3114 3471 3169 virtutum
3501 3112 3662 3170 illius

268 3201 480 3279 ψηφίδας
529 3205 974 3280 συνηθροικότες,
1020 3205 1097 3268 εἰς
1140 3205 1263 3278 μίαν
1310 3204 1462 3261 οἴκου
1508 3205 1899 3281 συμπλήρωσιν

2017 3209 2456 3264 multitudinem
2495 3206 2826 3262 accuratius
2871 3203 3247 3274 exactiusque
3292 3206 3664 3274 perscrutan-

270 3293 476 3354 ἅπαντας
665 3295 1113 3368 συναρμόζουσιν.

2009 3299 2145 3353 dam
2178 3303 2350 3368 atque
2381 3296 2775 3368 indagandam
2799 3293 3039 3366 putetis.
3069 3292 3351 3361 Primum,
3375 3291 3517 3363 quia
3545 3307 3663 3348 non

270 3398 334 3436 ea:
362 3401 489 3439 meae
521 3385 682 3440 vires
710 3390 869 3454 sunt,
905 3390 964 3439 ut
998 3385 1086 3439 vel
1119 3385 1226 3441 hoc
1249 3385 1373 3457 ipse
1404 3385 1662 3458 polliceri
1695 3403 1926 3458 queam,
1955 3387 2044 3443 vel
2076 3404 2174 3443 vos
2206 3404 2240 3442 a
2272 3403 2364 3442 me
2401 3385 2630 3458 exigere
2670 3383 2952 3439 debeatis.
3005 3381 3244 3446 Deinde,
3279 3381 3416 3451 quia
3458 3397 3564 3437 nec
3602 3380 3667 3436 il-

269 3467 364 3524 lius
392 3472 569 3527 vitam
602 3473 918 3544 quisquam
954 3473 1167 3528 litteris
1189 3473 1590 3547 consignatam
1625 3475 1791 3530 nobis
1823 3475 2316 3546 reliquit;verum
2348 3475 2535 3545 ipsius
2566 3473 2683 3528 vita
2719 3489 2788 3528 ex
2819 3472 2954 3542 ejus
2985 3469 3222 3542 scriptis
3255 3469 3512 3541 sparsim
3545 3469 3664 3526 col-

269 3555 411 3627 lecta,
440 3560 695 3616 latemus
727 3561 944 3627 imitor,
973 3563 1067 3630 qui
1102 3567 1482 3634 posteaquam
1522 3563 1746 3634 lapides
1782 3564 2060 3634 paulatim
2093 3567 2498 3636 aggesserunt,
2550 3562 2631 3617 ita
2661 3563 2900 3616 demum
2935 3560 3009 3616 ad
3060 3575 3240 3614 unam
3272 3558 3664 3630 eamdemque

269 3646 477 3705 domum
509 3651 976 3705 construendam
1009 3657 1065 3705 et
1087 3651 1503 3708 absolvendam
1535 3669 1634 3708 eas
1665 3669 1867 3708 omnes
1891 3654 2354 3708 accommodant.

328 3748 485 3819 Ἀρχὴ
537 3743 594 3800 δὲ
643 3750 723 3816 τῷ
772 3744 919 3820 λόγῳ
967 3749 1101 3819 (21),
1143 3747 1260 3801 ὅθεν
1308 3746 1566 3822 ἄρχεσθαι
1612 3746 1895 3823 πρεπωδέ-

273 3849 436 3886 στατον
660 3834 860 3906 Πατρὶς
914 3834 1007 3906 μὲν
1052 3835 1197 3906 αὐτῷ
1244 3838 1278 3905 ἡ
1331 3834 1548 3912 δευτέρα
1591 3842 1698 3891 τῶν
1749 3840 1896 3893 Καπ-

271 3916 518 3990 παδοκῶν,
551 3921 718 3983 πόλις
753 3921 809 3976 δὲ
839 3924 1134 3992 Ναζιανζός
1163 3927 1293 3997 (23)·
1337 3925 1460 3993 ἥτις
1508 3926 1748 3998 τοσοῦτῳ
1797 3947 1891 3981 πε-

272 4011 594 4087 ριφυεστέρα
642 4013 856 4086 γέγονεν
908 4010 959 4082 ἐξ
1005 4012 1231 4081 ἐκείνου,
1275 4014 1348 4075 ὡς
1402 4015 1565 4090 μέχρι
1613 4014 1894 4091 τερμάτων

270 4102 352 4162 τῆς
381 4097 704 4171 οἰκουμένης
737 4097 807 4153 δι’
838 4099 1038 4155 ἐκεῖνον
1073 4101 1447 4175 γνωρίζεσθαι.
1480 4102 1556 4160 Οὐ
1595 4105 1692 4178 γὰρ
1747 4101 1894 4176 μᾶλ-

274 4181 352 4237 λον
407 4184 473 4240 δι’
521 4186 872 4261 Ἀλέξανδρον
943 4189 1294 4261 εὐκλεεστάτη
1358 4189 1568 4262 Πέλλη,
1613 4193 1648 4260 ἢ
1696 4191 1891 4265 Πέρσαι

275 4266 347 4325 διὰ
389 4280 553 4350 Κῦρον
609 4278 749 4351 πρὸς
799 4274 954 4349 δόξαν
1000 4284 1255 4333 τοσοῦτον
1294 4278 1563 4355 ἤρθησαν,
1598 4280 1721 4335 ὅσον
1755 4281 1889 4351 αὕτη

275 4355 348 4414 διὰ
387 4364 472 4417 τὸν
525 4366 695 4439 μέγαν
741 4365 1068 4441 Γρηγόριον.
1099 4371 1260 4422 ’Ώστε
1309 4390 1400 4441 μοι
1451 4367 1626 4424 δοκεῖν
1660 4373 1772 4442 (24)
1802 4371 1891 4426 καὶ

276 4446 468 4526 ἀπέχειν
499 4453 665 4524 αὐτὴν
692 4455 759 4508 τὰ
804 4461 1021 4532 ςροφεῖα
1069 4453 1159 4512 διὰ
1204 4458 1300 4526 τήν
1352 4457 1544 4533 ἀρετὴν
1595 4463 1692 4512 τοῦ
1741 4458 1891 4514 ὁσίου

333 4603 374 4637 7‘
399 4605 555 4663 Prov.
591 4625 666 4677 ιν,
697 4611 752 4664 6.

339 4758 441 4840 (1?)
493 4763 624 4818 Cod.
685 4761 746 4816 Ρ.
813 4761 873 4817 in
934 4768 1054 4818 not.
1117 4779 1302 4837 marg.
1362 4764 1424 4818 τὸ
1495 4761 1652 4839 ἐγγὺς
1713 4762 1893 4840 ἀφανι-

285 4844 425 4895 σμου.

341 4901 440 5043 (13)
464 4903 596 4959 Cod.
638 4905 734 4960 Or.
768 4900 1171 4979 ὑποδεέστερον.

341 4972 415 5038 {ll
484 4975 616 5029 Cod.
669 4976 824 5043 P._in
875 4983 994 5031 not.
1029 4995 1171 5043 marg

338 4972 438 5043 (14)
484 4975 616 5029 Cod.
669 4976 994 5052 P.‘in_n_o_t.
1029 4972 1212 5052 marg.
1241 4977 1624 5052 στερεώτεροι.
1661 4978 1790 5033 Mox
1820 4977 1891 5032 ad

281 5037 621 5122 benevocem
657 5041 880 5122 σοϐαρά,
906 5037 1358 5122 ἱᾴηροᾶῖθῐὶαηὶ
1388 5051 1446 5104 in
1471 5037 1589 5105 not.
1621 5066 1803 5121 marg.
1828 5053 1895 5102 τὰ

284 5111 440 5194 ὑψηλᾷ
467 5116 551 5194 καὶ
565 5116 700 5194 ⁸ἐπξιιι
711 5118 770 5193 ρό
781 5111 910 5189 μενα
942 5117 1120 5194 λόγια.

470 5189 578 5262 Cod
592 5232 602 5242 .
639 5191 696 5244 P.
711 5185 1050 5260 ’τιμιωτάτηί

318 5256 440 5344 μβ)
469 5260 525 5340 _l_n
553 5256 856 5344 edit.”mox
879 5263 1287 5344 sequebantur
1315 5263 1436 5344 base
1464 5264 1669 5344 verba:
1695 5261 1758 5315 Εἷ
1791 5261 1894 5344 γίὶρ

287 5341 337 5374 το
363 5331 544 5382 οἰκεῖον
582 5333 774 5409 ’πιέζει
833 5331 986 5404 irim,‘
1015 5335 1152 5388 κατὰ
1207 5331 1497 5409 Πίνδαρον.
1545 5335 1674 5389 Ηᾶξο
1725 5331 1898 5389 verba

290 5411 390 5478 ιιρεε
420 5404 779 5478 reperiuntur
809 5410 953 5460 orat.
989 5423 1060 5473 ιν,
1097 5424 1152 5478 p.
1178 5408 1298 5471 132,
1333 5404 1568 5476 conjicit
1595 5406 1798 5478 Billius
1829 5423 1896 5462 ex

320 5465 603 5556 lossemate
633 5477 925 5556 intextum
946 5465 1252 5556 irrepsisse
1271 5465 1651 5556 :icum'autem
1673 5477 1771 5556 illa
1793 5493 1897 5556 nec

309 5553 365 5628 pg
402 5548 464 5628 rit
494 5548 547 5628 in
569 5548 1415 5628 variis‘corld.necin_versi_one
1433 5567 1540 5628 sua
1570 5549 1894 5628 admiserit.

295 5607 497 5669 dri-sulm
518 5619 928 5688 judicaviuius,
958 5621 1246 5692 siquidem
1279 5623 1492 5679 desunt
1513 5621 1572 5678 in
1591 5621 1736 5694 ipsis
1753 5607 1898 5692 quos

2075 3749 2365 3805 Orationis
2389 3765 2558 3820 porro
2581 3745 2815 3802 initium
2838 3744 2975 3800 hinc
3004 3744 3307 3811 ducemus,
3341 3741 3496 3798 unde
3526 3756 3656 3797 eam

2003 3839 2295 3910 auspicari
2323 3837 2577 3894 maxime
2614 3837 2862 3891 deceret.
2897 3833 3152 3888 Patriam
3185 3830 3367 3902 igitur
3409 3829 3534 3901 ipse
3563 3844 3655 3883 se-

2003 3929 2256 3983 cundam
2271 3925 2693 3998 Cappadociam
2708 3922 3145 3991 habuit,urbem
3161 3916 3650 3988 Nazianzum(25):

2003 4032 2130 4087 quea
2153 4015 2386 4086 quidem
2411 4015 2481 4069 ab
2505 4029 2570 4069 eo
2585 4012 2726 4067 adeo
2746 4009 3048 4066 nobilitata
3070 4009 3496 4078 est,utpropter
3516 4021 3652 4061 eum

2002 4105 2076 4160 ad
2107 4110 2396 4159 extremos
2428 4118 2614 4172 usque
2643 4100 2802 4157 orbis
2839 4104 3126 4154 terrarum
3152 4099 3300 4152 ﬁnes
3330 4093 3653 4150 claritatem

2002 4210 2169 4248 suam
2203 4191 2524 4264 protulerit.
2553 4190 2749 4261 Neque
2777 4188 2933 4244 enim
2966 4185 3124 4242 Pella
3153 4186 3225 4242 ob
3256 4183 3653 4240 Alexandrum

2002 4281 2283 4338 celebrior
2311 4283 2419 4346 est,
2452 4284 2553 4335 aut
2585 4279 2766 4333 Persae
2817 4280 3053 4348 propter
3081 4277 3291 4347 Cyrum
3323 4273 3396 4328 ad
3427 4275 3654 4328 tantam

2000 4369 2196 4443 gloriae
2251 4368 2698 4441 splendorisque
2756 4363 3224 4437 magnitudinem
3283 4360 3461 4418 evecti
3492 4363 3650 4432 sunt,

2000 4464 2287 4532 quantum
2309 4457 2432 4514 haec
2454 4461 2690 4530 prOpter
2712 4469 2992 4527 magnum
3021 4451 3365 4524 Gregorium
3383 4453 3653 4507 assecuta

1999 4765 2259 4820 vidimus
2290 4763 2591 4819 codicibus
2632 4757 3072 4829 manuscriptis.

2071 4837 2182 4906 (l7)
2213 4836 2351 4890 Cod.
2387 4835 2447 4890 P.
2471 4835 2531 4888 in
2556 4839 2685 4906 rnot.
2715 4847 2900 4906 marg.
2925 4828 3316 4902 λαμπρύνεται.

2071 4904 2184 4980 (18)
2215 4907 2521 4980 Ἔτι-ἀθεεὶ
2550 4905 2609 4980 in
2632 4904 2766 4980 cod.
2795 4908 2892 4980 gr.

2218 4979 2302 5034 Ita
2332 4977 2588 5032 Combef.
2621 4975 2760 5032 Cod.
2804 4975 2865 5029 P.
2913 4967 3124 5030 τούτοις
3167 4968 3270 5044 γὰρ
3322 4965 3366 5021 εί
3395 4964 3448 5020 τὶ
3479 4961 3644 5020 πλέον

2004 5053 2065 5106 In
2097 5050 2234 5104 edit.
2266 5049 2324 5102 τέ
2355 5050 2535 5104 deest.

2073 5123 2184 5192 (20)
2215 5121 2297 5175 Ita
2327 5121 2454 5192 cod.
2483 5120 2547 5192 ΑΡ.
2582 5119 2642 5192 In
2673 5117 2811 5192 edit.
2843 5114 3071 5192 ᾅπαντα.

2096 5183 2186 5263 21)
2217 5193 2350 5246 Cod.
2389 5191 2447 5245 P.
2481 5189 2670 5263 ’Apyj
2691 5185 2746 5263 δὲ
2774 5190 2872 5263 τοῦ
2899 5183 3091 5263 λόγου.

2096 5195 2186 5263 21)
2217 5195 2350 5246 Cod.
2389 5195 2447 5245 P.
2482 5195 2654 5263 Ἀργή
2691 5195 2746 5241 δὲ
2774 5195 2872 5241 τοῦ
2900 5195 3091 5258 λόγου.

2071 5195 2186 5346 122)
2217 5265 2309 5318 δίο
2341 5263 2544 5346 legunt
2573 5251 2887 5346 obesi-"01:-
2939 5263 2995 5313 ει
3044 5257 3117 5346 1?:
3132 5253 3299 5346 99.”):
3327 5254 3393 5346 ,4,
3416 5253 3561 5346 θἱέ
3575 5251 3646 5346 .13

2004 5321 2142 5416 edit.
2170 5321 2633 5409 πρεπωδέστερον.
2667 5331 2824 5388 Colb.
2847 5331 2871 5386 1
2898 5345 3034 5386 mox
3054 5327 3231 5384 habet
3248 5321 3427 5396 τούτῳ
3457 5321 3650 5398 πατρὶς

2008 5427 2189 5545 μεῖἐδ)
2225 5478 2360 5533 Cod.
2396 5476 2454 5531 P.
2486 5470 2647 5534 πόλις
2680 5470 2736 5528 δὲ
2767 5471 2932 5544 αὐτῷ.
3122 5537 3142 5545 ,
3247 5543 3266 5545 ν,
3300 5527 3306 5531 .

2076 5537 2186 5619 (24)
2220 5550 2373 5606 Colb.
2417 5549 2432 5600 1
2473 5552 2527 5602 Lt
2556 5547 2680 5602 cod.
2715 5547 2776 5602 P.
2809 5537 2968 5598 Ὥστε
2996 5537 3286 5619 μοι-δοκεῖ.

2079 5615 2188 5693 (25)
2225 5622 2362 5676 Vide
2394 5619 2637 5676 oration.
2670 5625 2746 5676 De
2775 5620 2888 5674 vita
2907 5615 3127 5674 Basilii.
