4152 6208
373 258 494 318 24⁵1

1493 269 1685 331 νΙΤΑ
1728 267 1789 329 S.
1840 266 2210 328 GREGORII
2254 268 2645 331 THEOLOGI

3656 274 3778 335 248

378 394 488 448 eet.
512 391 789 457 Quocirca
817 393 929 467 ipsi
957 412 1190 471 quoque
1230 403 1470 473 propter
1511 400 1696 456 sancti
1738 398 2014 455 virtutem

2144 392 2313 459 Ινδοῖς
2342 416 2400 452 τε
2442 397 2529 453 καὶ
2564 400 2881 475 Βρεττανοῖς
2930 405 3043 463 τοῖς
3095 398 3155 455 lx
3203 397 3494 476 διαμέτρου
3541 401 3775 479 ἀφεστη-

375 481 908 540 educationisillius
921 487 1246 542 mercedem
1260 488 1492 544 abunde
1514 487 1870 561 persolutam
1892 501 2021 543 esse

2131 483 2301 561 κόσιν,
2337 484 2507 559 έξίσου
2538 494 2818 564 γεγονυῖαν
2852 488 3140 563 ἐπίσημον.

378 567 674 625 existimo:
735 571 950 644 quippe
1006 590 1133 645 quae
1185 579 1242 632 et
1286 578 1443 632 Indis
1495 582 1553 633 et
1602 576 1915 641 Britannis,
1967 590 2035 629 ex
2088 573 2375 632 diametro
2434 576 2586 634 inter
2616 594 2678 634 se
2709 580 3014 651 oppositis,
3059 596 3221 651 aque
3251 578 3497 637 illustris
3550 583 3781 641 reddita

380 656 476 714 sit.

449 757 795 814 Parentibus
821 762 987 815 ortus
1025 765 1113 817 est
1157 764 1475 831 nobilibus,
1501 763 1851 838 justitiaque
1882 778 2027 833 prm-

380 844 539 915 ditis,
568 846 1017 921 animorumque
1040 853 1310 922 puritate,
1331 872 1506 926 quam
1531 873 1838 926 corporum
1876 871 2023 909 nexu

381 935 602 989 arctius
632 934 783 990 inter
813 954 874 992 se
922 940 1252 1009 conjunctis
1284 943 1416 1015 (26).
1449 946 1527 999 Ac
1556 950 1719 1016 pater
1766 945 2026 1016 quidem,

383 1022 622 1078 Abrahae
653 1025 984 1097 cujuspiam
1017 1029 1221 1097 instar,
1254 1031 1377 1087 solo
1411 1033 1595 1103 patrio
1627 1032 1913 1105 idolisque
1937 1049 2025 1087 re-

379 1111 536 1166 lictis
596 1113 666 1167 ad
728 1114 957 1185 pietatis
1024 1118 1247 1174 cultum
1317 1122 1606 1194 migravit,
1665 1137 2027 1193 excussaque

384 1202 878 1272 Hypsistariorum
895 1207 1308 1277 superstitione
1322 1226 1387 1265 ac
1406 1210 1748 1283 impostura,
1764 1210 2027 1265 sincerus

383 1288 592 1345 divinae
620 1292 816 1362 gratias
856 1292 1182 1365 discipulus
1212 1296 1423 1367 eluxit;
1475 1299 1597 1355 ovis
1641 1300 1877 1370 quidem
1911 1296 2028 1369 pri-

384 1394 570 1445 mum,
598 1384 798 1451 postea
828 1399 959 1438 vero
990 1384 1210 1455 peritus
1242 1403 1472 1458 quoque
1502 1386 1768 1444 Ecclesia:
1791 1387 2031 1443 Nazian-

386 1483 538 1522 zenzs
570 1473 769 1540 pastor
824 1469 1149 1527 institutus.
1205 1474 1388 1530 Mater
1436 1482 1633 1531 autem
1673 1480 1730 1532 et
1776 1476 1903 1547 ipsa
1930 1492 2029 1531 sa-

384 1573 503 1623 cra,
536 1560 592 1611 et
617 1575 650 1612 a
679 1560 1149 1630 progenitoribus
1178 1564 1357 1619 sacris
1400 1564 1681 1638 originem
1719 1566 1916 1635 traxit,
1950 1567 2032 1620 at-

386 1662 517 1717 que,
567 1651 630 1700 ut
661 1646 905 1703 aliorum
940 1649 1249 1717 bonorum,
1296 1653 1376 1708 ita
1407 1654 1636 1726 pietatis
1683 1671 1915 1726 quoque
1938 1670 2034 1725 pa-

385 1735 728 1791 trimonium
761 1737 1092 1813 haereditate
1140 1742 1379 1813 accepit.
1429 1745 1563 1809 Qum
1594 1760 1727 1800 cum
1757 1744 2031 1799 masculae

2208 758 2438 836 Πατέρες
2489 758 2547 816 δὶ
2598 760 2745 833 αὐτῷ
2794 761 3107 838 εὐπατρίδαι
3157 784 3215 820 τε
3270 763 3359 819 καὶ
3418 761 3640 833 δίκαιοι,
3688 767 3781 823 καὶ

2134 844 2309 901 πλείω
2352 853 2458 901 τῶν
2507 849 2774 922 σωμάτων
2832 851 3158 928 καθαρότητι
3217 855 3408 928 ψυχῶν
3459 850 3779 929 ἀδιαίρετοι.

2133 937 2227 989 Ὧν
2261 937 2288 990 ὁ
2324 938 2417 1008 μὶν
2463 939 2641 1013 πατὴρ
2692 939 2804 994 οἷόν
2857 961 2941 1001 τις
2988 935 3263 1017 Ἀϐραὰμ,
3315 940 3630 999 καταλιπὼν
3676 952 3778 1020 γῆν

2131 1044 2191 1079 τε
2245 1027 2498 1101 πατρῴαν
2555 1028 2645 1081 καί
2716 1025 2938 1101 εἷ’δωλα,
2996 1028 3201 1105 γίνεται
3262 1030 3592 1103 μετανάστης
3642 1035 3779 1109 πρὸς

2135 1108 2459 1169 θεοσέϐειαν
2508 1115 2597 1170 καὶ
2646 1117 2743 1185 τὴν
2792 1121 2900 1173 τῶν
2948 1118 3299 1192 Ὑψισταρίων
3355 1119 3780 1195 ἀποσεισάμενος

2136 1198 2558 1276 δεισιδαιμονίαν
2606 1205 2696 1259 καὶ
2746 1204 2980 1277 πλάνην,
3014 1208 3237 1282 γνήσιος
3292 1206 3501 1280 μύστης
3544 1209 3779 1288 ἀνεφάνη

2132 1297 2233 1360 τῆς
2284 1290 2528 1367 χάριτος,
2584 1287 2856 1369 πρόϐατον
2930 1294 3025 1367 μὲν
3073 1294 3124 1349 έν
3182 1297 3443 1371 πρώτοις,
3494 1287 3677 1353 ἔπειτα
3726 1296 3785 1355 δὶ

2135 1379 2225 1435 καὶ
2258 1382 2466 1453 ποιμήν
2516 1380 2830 1455 ἐπιστήμων
2879 1389 2981 1452 τῆς
3027 1388 3326 1453 Ναζιανζοῦ
3374 1387 3636 1449 καταστὰς
3671 1388 3787 1442 Ἑκ-

2136 1467 2387 1539 κλησίας.
2421 1470 2483 1522 ἸΙ
2515 1466 2572 1524 δὲ
2606 1472 2788 1547 μήτηρ
2820 1469 2937 1547 ἱερά
2966 1492 3024 1526 τε
3052 1472 3142 1526 καὶ
3181 1471 3234 1543 ἐξ
3283 1473 3440 1549 ἱερῶν
3490 1478 3595 1529 τῶν
3645 1496 3786 1551 προ-

2138 1556 2338 1632 γόνων.
2371 1558 2470 1612 Καὶ
2514 1562 2677 1613 τοῦτο
2729 1558 2862 1633 μετὰ
2906 1564 3013 1614 τῶν
3070 1559 3277 1616 λοιπῶν
3320 1559 3787 1637 κληρονομήσασα

2135 1647 2236 1715 τήν
2269 1641 2561 1716 εὐσέϐειαν,
2594 1646 2728 1717 αὕτη
2788 1645 2981 1710 παιδὸς
3033 1645 3257 1725 ἅῤῥενος
3308 1650 3633 1727 ὀρεγομένη,
3666 1653 3785 1708 ἱκε-

2140 1736 2253 1791 σίαν
2285 1735 2546 1810 προσάγει
2578 1740 2654 1807 τῷ
2685 1732 2877 1812 δοτῆρι
2905 1740 3012 1792 τῶν
3040 1735 3385 1807 τηλικούτων
3438 1745 3552 1812 Θεῷ
3597 1746 3786 1816 τυχεῖν

388 1824 569 1895 prolis
616 1810 936 1897 cupiditate
982 1810 1554 1903 ﬂagraret,_supplex
1598 1833 1783 1888 Deum
1827 1831 2032 1904 hujus-

2144 1831 2237 1895 τῆς
2284 1823 2535 1901 ἐφέσεως.
2595 1825 2659 1879 Ὢ
2708 1810 3109 1895 τῆςήπίστεως
3164 1822 3208 1879 ὣ
3263 1828 3365 1896 τῆς
3424 1810 3783 1903 θερμότητος.

389 1912 547 1968 modi
599 1913 1010 1971 beneficiorum
1059 1922 1353 1974 auctorem
1417 1926 1649 1991 precata
1698 1928 1802 1991 est,
1854 1924 1918 1975 ut
1969 1937 2033 1977 se

388 2000 661 2056 desiderii
694 2008 1020 2073 compotem
1052 2006 1298 2062 faceret:
1332 2008 1499 2079 eique
1530 2012 1662 2064 ante
1708 2009 2032 2081 conceptio-

388 2102 524 2142 nem
555 2087 610 2158 (ο
642 2088 815 2144 ﬁdem
847 2089 1247 2147 incredibilem
1276 2093 1287 2148 ι
1320 2111 1353 2150 ο
1384 2096 1819 2166 praedicandum
1852 2095 2033 2151 animi

387 2176 670 2233 fervorem
703 2176 745 2248 l)
804 2193 866 2234 se
897 2177 1108 2246 ﬁlium,
1157 2182 1257 2253 qui
1316 2184 1654 2253 exoriretur,
1704 2184 2031 2241 oblaturam

390 2264 657 2337 spondet,
690 2267 1187 2337 quemadmodum
1232 2272 1396 2327 Anna
1443 2272 1772 2329 Samuelem
1788 2274 1852 2328 ⁷⁷.
1884 2273 2031 2337 Quid

390 2353 575 2426 igitur
630 2352 748 2419 ille,
779 2358 877 2427 qui
933 2357 1265 2415 voluntatem
1308 2361 1623 2417 timentium
1676 2378 1734 2418 se
1786 2362 2032 2433 facit"?

394 2441 501 2497 Per
521 2446 867 2499 nocturnum
888 2444 1079 2502 visum
1103 2447 1153 2503 ei
1177 2448 1366 2504 filium
1386 2451 1645 2506 nondum
1668 2457 2031 2523 precreatum

392 2536 820 2601 prmmonstrat,
856 2534 1137 2607 puerique
1165 2539 1390 2592 vultum
1444 2544 1500 2595 et
1549 2556 1757 2595 nomen
1791 2542 2030 2598 indicat.

390 2619 522 2675 Hec
553 2636 685 2675 vero
716 2620 911 2692 ipsum
946 2622 1099 2679 haud
1145 2624 1226 2680 ita
1274 2627 1457 2683 multo
1506 2634 1818 2700 postquam
1849 2629 1908 2685 in
1941 2630 2032 2687 lu-

2135 1913 2247 1989 πρὸ
2304 1911 2631 1986 συλλήψεως
2716 1912 3063 1989 ὑποσχομένη
3136 1913 3282 1987 αὐτῷ
3352 1916 3443 1970 τὸν
3529 1915 3785 1989 ἐσόμενον

2140 2002 2473 2078 προσοίσειν,
2522 2002 2761 2074 καθάπερ
2820 2008 2988 2057 ’Ἅννα
3041 2003 3132 2057 τὸν
3172 2002 3454 2076 Σαμουήλ.
3489 2004 3556 2062 Τί
3604 2004 3695 2059 οὗν
3758 2007 3785 2062 ὁ

2138 2093 2202 2147 τὸ
2260 2090 2477 2163 θέλημα
2556 2095 2664 2145 τῶν
2748 2085 3099 2168 φοϐουμένων
3184 2092 3343 2147 αὐτὸν
3414 2097 3625 2163 ποιῶν;
3688 2095 3789 2149 Διὰ

2140 2187 2456 2253 νυκτερινῆς
2506 2174 2683 2253 ὅψεως
2740 2177 3116 2255 προδείκνυσιν
3175 2179 3312 2252 αὐτῇ
3358 2178 3526 2236 παῖδα
3565 2183 3657 2237 τὸν
3708 2178 3786 2237 ἔτι

2146 2268 2436 2343 μέλλοντα,
2480 2266 2618 2330 εἶδός
2665 2289 2722 2323 τε
2762 2269 2852 2323 καὶ
2890 2267 3087 2339 κλῆσιν
3117 2273 3214 2324 τοῦ
3243 2266 3436 2333 παιδὸς
3468 2269 3786 2348 ἐμφανίσας*

2138 2361 2200 2417 Ἣ
2250 2356 2307 2414 δὲ
2354 2359 2615 2433 τεχθέντα
2676 2360 2791 2430 μετ’
2845 2356 2908 2413 ιιῦ
2964 2355 3109 2413 πολὺ
3165 2362 3244 2431 τῷ
3300 2364 3414 2432 Θεῷ
3471 2358 3787 2435 καθιέρωσε,

2140 2448 2417 2526 προθυμίᾳ
2464 2448 2719 2517 πίστεως,
2772 2448 3040 2524 μητρικάς
3087 2469 3146 2502 τε
3200 2445 3397 2512 ὠδῖνας
3458 2448 3546 2505 καὶ
3596 2470 3784 2525 γυναι-

2140 2541 2249 2594 κῶν
2278 2535 2575 2612 ὀλιγωρίαν
2704 2543 2807 2606 τῆς
2856 2534 3148 2599 ἐπιδόσεως
3196 2535 3584 2612 μεγαλοψυχίᾳ
3630 2539 3789 2608 νική-

2141 2649 2293 2686 σασα.

389 2725 513 2766 cem
545 2710 738 2765 editus
788 2704 993 2782 fuerat,
1030 2713 1144 2770 Deo
1173 2718 1552 2787 consecravit,
1586 2725 1882 2776 maternos
1912 2724 2115 2794 partus
2165 2719 2394 2777 dolores
2438 2716 2570 2773 fidei
2611 2715 2934 2784 alacritate,
2968 2715 3432 2788 muliebremque
3462 2717 3789 2774 socordiam

388 2798 676 2873 largiendi
708 2800 1141 2874 magnificentia
1162 2823 1469 2878 superans.

456 2908 528 2963 At
568 2923 732 2979 puer,
782 2924 913 2964 cum
967 2914 1277 2979 parentum
1337 2914 1597 2970 moribus
1647 2916 2032 2980 imbueretur,

384 2996 618 3072 egregia
634 3001 854 3053 natura:
885 2996 1076 3055 indole
1097 2999 1435 3074 ingeniique
1464 3004 1805 3063 dexteritate
1837 3026 2031 3082 eaqua-

384 3085 472 3143 les
529 3103 732 3143 omnes
780 3088 924 3143 adeo
973 3090 1351 3159 praecedebat,
1399 3098 1464 3148 ut
1518 3094 1834 3153 immatura
1893 3105 2031 3156 astas

2211 2907 2269 2964 Ὀ
2324 2902 2381 2959 δὲ
2436 2909 2586 2973 παῖς,
2621 2902 2672 2960 έν
2731 2908 2845 2965 τοῖς
2896 2900 3050 2973 ἤθεσι
3096 2907 3204 2958 τῶν
3240 2903 3485 2979 πατέρων
3516 2901 3789 2980 τρεφόμε-

2140 3016 2251 3067 νος,
2312 2993 2577 3070 εὐκληρίᾳ
2633 2992 2843 3071 φύσεως
2902 2991 3109 3068 ἐκράτει
3166 2995 3272 3047 τῶν
3333 2990 3622 3063 ὁμηλίκων
3671 2990 3791 3046 έπι-

2138 3088 2417 3155 τοσοῦτον,
2452 3081 2591 3138 ὥστε
2617 3083 2715 3151 τήν
2750 3080 2950 3158 ἀωρίαν
2982 3088 3083 3151 τῆς
3114 3078 3334 3150 ἡλικίας
3383 3076 3637 3153 έμποδὼν
3690 3078 3795 3134 αὑ-

386 3175 548 3233 nullo
580 3176 689 3248 ipsi
720 3176 792 3232 ad
823 3192 1046 3247 eorum,
1073 3179 1173 3250 qui
1204 3180 1407 3238 adulta
1436 3187 1601 3240 atate
1630 3190 1814 3253 erant,
1839 3205 2030 3245 mores

2144 3177 2218 3243 τῷ
2252 3172 2327 3245 μή
2360 3169 2597 3245 γενέσθαι
2629 3172 2765 3247 πρὸς
2796 3170 2863 3225 τὰ
2890 3174 2997 3224 τῶν
3028 3167 3250 3224 τελείων
3292 3167 3399 3239 ἤθη
3448 3190 3507 3223 τε
3552 3169 3642 3223 καὶ
3694 3190 3793 3241 μα-

391 3262 851 3337 disciplinasque
882 3265 1289 3338 percipiendas
1318 3269 1735 3342 impedimento
1766 3280 2033 3334 esset.Ac

385 3353 559 3411 ludos
592 3354 853 3426 quidem,
886 3358 943 3410 et
992 3356 1242 3427 pueriles
1290 3358 1581 3430 lascivias,
1622 3380 1948 3437 cursusque
1979 3373 2036 3423 et

390 3443 752 3511 saltationes,
783 3448 847 3499 ut
876 3444 1134 3513 inutiles,
1164 3446 1589 3523 meliorumque
1611 3470 1803 3509 rerum
1839 3457 2033 3513 studio

390 3549 615 3590 moram
656 3533 982 3599 afferentes,
1032 3551 1273 3604 prorsus
1323 3542 1695 3613 contempsit.
1748 3544 1822 3600 Ut
1876 3548 2030 3602 enim

390 3639 647 3693 praesens
680 3622 847 3677 fcetor
879 3624 1161 3694 unguenti
1192 3626 1534 3685 suavitatem
1584 3630 1805 3690 inﬁcit:
1839 3636 1921 3691 ita
1950 3637 2032 3690 vi-

391 3712 537 3767 tium
570 3727 802 3782 quoque
827 3711 1064 3768 virtutis
1094 3714 1461 3786 adeptionem
1494 3718 2033 3781 interscindit.Cum

390 3804 585 3857 autem
616 3800 921 3868 tetatejam
952 3800 1653 3875 adolevisset,litterarum
1686 3828 1882 3868 amore
1909 3832 2036 3871 suc-

388 3905 620 3955 census,
646 3888 962 3945 Caesaream
995 3892 1286 3960 profectus
1316 3900 1423 3959 est,
1454 3896 1687 3969 illicque
1720 3918 1852 3957 cum
1886 3921 2037 3975 pra-

389 3977 775 4034 etantissimis
806 3979 1139 4051 quibusque
1178 3983 1477 4056 magistris
1525 4003 1896 4062 congressus,
1930 3995 2037 4051 do-

390 4065 693 4136 ctrinaque
725 4066 880 4122 haud
912 4069 1118 4140 exigua
1150 4070 1411 4140 collecta,
1444 4075 1503 4131 in
1531 4078 1899 4137 Palaestinam
1933 4102 2034 4140 na~

389 4153 626 4223 vigavit,
649 4169 763 4208 non
798 4154 893 4211 ille
926 4156 1163 4227 quidem
1189 4164 1253 4215 ut
1280 4162 1577 4221 rhetorum
1609 4184 1823 4235 mores,
1850 4172 1946 4227 sed
1974 4178 2039 4229 ut

388 4240 700 4297 verborum
724 4240 1077 4313 elegantiam
1100 4246 1450 4322 dicendique
1480 4258 1663 4311 artem
1691 4258 2036 4316 addisceret.

392 4328 539 4419 Hinc
563 4327 995 4419 Alexandriam,
1029 4350 1156 4405 quas
1193 4337 1278 4391 'ad
1328 4338 1579 4396 Pharum
1614 4346 1726 4399 sita
1773 4351 1880 4411 est,
1915 4365 2040 4419 per-

394 4416 559 4486 rexit,
585 4422 651 4473 ut
671 4418 882 4475 multas
903 4421 1077 4476 urbes
1100 4423 1540 4499 multorumque
1568 4432 1872 4491 hominum
1910 4416 2041 4508 pru-

2140 3262 2377 3333 θήματα.
2414 3257 2637 3321 Παιδιὰς
2671 3263 2784 3333 (27)
2818 3261 2911 3332 μὲν
2946 3257 3036 3313 οὖν
3076 3257 3163 3313 καὶ
3211 3257 3537 3330 τωθασμοὺς
3600 3277 3791 3333 μειρα-

2141 3346 2381 3422 κιώδεις,
2414 3347 2586 3404 ἄττειν
2642 3369 2700 3403 τε
2754 3348 2843 3403 καὶ
2902 3349 3148 3425 φέρεσθαι
3192 3344 3443 3422 δρόμοις,
3471 3347 3792 3419 πάντη

2144 3436 2445 3507 διέπτυσεν,
2495 3437 2569 3499 ὡς
2622 3434 2872 3512 ἄχρηστά
2914 3457 2972 3492 τε
3017 3435 3107 3490 καὶ
3151 3434 3418 3510 ἀσχολίαν
3462 3434 3795 3507 ἐμποιοῦντα

2140 3530 2209 3600 τῇ
2260 3524 2468 3599 σπουδῇ
2526 3530 2632 3579 τῶν
2672 3524 2989 3598 ἀμεινόνων.
3022 3526 3248 3596 Ἀρετῆς
3296 3524 3398 3597 γὰρ
3442 3530 3630 3591 κτῆσιν
3674 3521 3791 3576 ἐπι-

2142 3615 2331 3670 κόπτει
2387 3614 2563 3669 κακία·
2624 3615 2738 3669 ἐπεὶ
2794 3614 2883 3668 καὶ
2946 3613 3114 3687 μύρον
3174 3612 3471 3688 ἠμαύρωσε
3555 3609 3794 3667 δυσωδία

2143 3709 2405 3780 παροῦσα.
2439 3698 2683 3779 Ἐφηϐος
2716 3706 2825 3776 (29)
2858 3700 2915 3757 δὲ
2960 3699 3068 3771 ἤδη
3119 3701 3434 3776 γενόμενος,
3465 3700 3555 3755 καὶ
3606 3699 3788 3775 λόγων

2143 3791 2489 3868 κατασχεθεὶς
2548 3789 2731 3865 ἔρωτι,
2790 3791 2866 3853 εἰς
2934 3792 3032 3860 τήν
3112 3790 3423 3864 Καισαρέων
3497 3792 3599 3857 ἧκε
3653 3791 3787 3861 (30)’

2143 3883 2407 3937 κάνταῦθα
2437 3887 2551 3943 τοῖς
2584 3879 2823 3955 ἀρίστοις
2854 3884 2959 3934 τῶν
3013 3876 3313 3934 παιδευτῶν
3346 3880 3458 3951 (31)
3488 3878 3788 3949 ὁμιλήσας,

2143 3971 2232 4026 καὶ
2264 3967 2507 4031 παιδείας
2541 3970 2602 4024 οὐ
2653 3968 2832 4045 βραχὺ
2884 3966 3259 4043 συναθροίσας,
3299 3966 3386 4021 ἐπὶ
3434 3968 3533 4035 τήν
3587 3965 3791 4022 Παλαι-

2145 4060 2326 4130 στίνην
2374 4056 2525 4115 ἔπλει
2560 4062 2694 4133 (32),
2729 4059 3025 4134 ῥητορικῆς
3078 4056 3379 4135 ἐφιέμενος,
3411 4054 3619 4117 κάλλος
3665 4056 3796 4132 φρά-

2146 4170 2305 4217 σεως,
2339 4148 2437 4202 οὐκ
2494 4149 2627 4217 ἦθος
2681 4147 2881 4217 ταύτης
2927 4143 3355 4214 έκπαιδευθῆναι.
3396 4144 3648 4207 Κάκεῖθεν
3706 4142 3793 4197 έπὶ

2143 4238 2243 4306 τήν
2306 4233 2660 4312 Ἀλεξάνδρου
2718 4236 3040 4312 ἀφικνεῖται,
3098 4235 3198 4303 τήν
3262 4233 3397 4308 πρὸς
3471 4236 3541 4306 τῇ
3601 4232 3793 4308 Φάρῳ,

2146 4323 2361 4388 πολλάς
2415 4346 2474 4381 τε
2530 4323 2719 4388 πόλεις
2776 4325 2865 4379 καὶ
2921 4321 3147 4379 πολλῶν
3206 4319 3409 4399 ἀνδρῶν
3464 4322 3791 4394 καταμαθεῖν

2148 4414 2431 4491 φρόνησιν,
2464 4414 2539 4478 εἷς
2582 4414 2923 4490 συναγυρμὸν
2969 4411 3177 4490 σοφίας,
3211 4411 3283 4473 ὥς
3323 4432 3405 4473 τις
3456 4409 3556 4483 ἔφη
3608 4410 3794 4488 σοφός.

397 4508 981 4580 dentiam,sapientias
1005 4510 1397 4586 doctrinisque
1418 4497 1820 4578 coacervandse
1843 4497 2034 4593 causa,

2150 4502 2417 4575 Πλείστην
2465 4501 2522 4559 δὶ
2568 4504 2842 4559 κάντεῦθεν
2884 4502 3309 4577 καρπωσάμενος
3355 4500 3457 4568 τὴν
3504 4497 3793 4577 ὠφέλειαν,

2195 4594 2209 4609 ι
2424 4592 2433 4609 1
2598 4597 2623 4607 αι
2716 4594 2736 4609 \
2767 4592 2780 4609 1
2985 4592 2997 4608 \
3069 4592 3114 4609 Ἀ
3136 4592 3161 4609 Λ
3188 4592 3200 4609 1
3470 4586 3494 4609 δ
3545 4589 3556 4607 Ῑ
3711 4587 3725 4609 Ἰ
3779 4588 3793 4609 ‘

402 4601 467 4652 ut
502 4595 767 4653 eruditus
796 4597 1035 4669 quidam
1086 4600 1252 4670 dixit,
1287 4613 1679 4675 cognosceret.
1714 4610 1837 4673 Qua
1866 4586 2034 4671 etiam

2150 4594 2249 4661 τὴν
2304 4592 2512 4669 μητέρα
2558 4597 2665 4648 τῶν
2716 4592 2897 4667 λόγων
2940 4592 3036 4654 τὰς
3069 4592 3295 4662 Ἀθήνας
3329 4586 3674 4663 μεταδιώκει,
3707 4587 3794 4643 ἐπὶ

398 4701 468 4740 ex
496 4685 641 4741 urbe
670 4702 802 4741 cum
836 4684 1158 4757 plurimum
1190 4688 1457 4748 utilitatis
1478 4697 1852 4770 percepisset,
1876 4702 2045 4759 Athe-

400 4791 508 4830 nas
535 4773 1125 4841 tandem,litterarum
1145 4784 1773 4855 parentem,petit,navi
1794 4791 2046 4864 Eginaaa

394 4866 613 4920 vectus.

465 5007 511 5041 ⁷⁷
543 5007 563 5062 Ι
597 5008 740 5081 Reg.
774 5024 813 5080 ι,
846 5010 933 5064 it.
964 5010 1008 5046 ⁷⁸
1037 5011 1190 5067 Psal.
1222 5029 1403 5084 σχειν,
1437 5014 1525 5072 19.

611 5149 757 5235 Yide
785 5155 930 5235 erat.
964 5170 1139 5235 quam
1171 5154 1378 5212 habuit
1408 5158 1466 5235 i_n
1493 5159 1691 5235 funere
1733 5167 1933 5235 patris.

466 5220 763 5304 (27)‘Cod;
876 5223 934 5277 in
983 5220 1104 5304 hct.
1156 5242 1337 5304 marg.
1360 5228 1453 5304 _1:c‘z
1484 5220 1751 5304 γυμνάσιά
1778 5220 2042 5293 τῶνῗπαί-
2084 5296 2087 5299 ,

400 5287 971 5374 δωνέἢτακπηδή-ματα,
1001 5295 1091 5348 καὶ
1119 5296 1245 5359 τοὺς
1276 5287 1535 5374 δρόμους.

470 5364 583 5432 (28)
614 5364 751 5419 Cod.
788 5369 847 5418 P.
882 5366 1063 5423 πάντι.

475 5434 587 5514 (29)
619 5434 755 5523 'Cod.
890 5437 953 5518 .in
984 5444 1347 5523 .not._marg.
1381 5447 1540 5523 παῖς,
1567 5444 1685 5509 νέος
1730 5448 1780 5502 ἐν
1812 5447 1945 5522 αὐτῇ
1975 5454 2044 5523 τῇ

408 5505 580 5575 ἀκμῇ.
608 5507 850 5577 Iuvenis,
879 5510 933 5563 in
970 5510 1087 5580 ipso
1112 5505 1584 5602 ﬂoreﬁventut'is.

484 5578 592 5602 Im“
649 5578 803 5602 IJJ:l
857 5580 983 5602 tl-‘L
1062 5586 1077 5602 Δ
1161 5587 1199 5602 ηε
1416 5584 1472 5602 ῇι
1533 5585 1584 5602 \I

482 5578 593 5648 ('30)
638 5578 806 5633 Addit
856 5578 1009 5637 Colb.
1058 5578 1122 5651 1;
1161 5578 1367 5655 Ταῦτην
1413 5584 1479 5655 δὴ
1533 5585 1679 5664 λέγῳ
1720 5591 1817 5659 τὴν
1849 5590 2044 5663 ἡμετέ-

2150 4683 2278 4752 νηὸς
2310 4681 2559 4756 ἀναχθεὶς
2589 4680 2873 4757 Αἰγιναίας
2903 4682 3039 4754 (33).

2156 5181 2270 5237 ραν,
2302 5159 2519 5237 quibus
2545 5157 2736 5237 verbis
2769 5156 3120 5237 discernitur
3149 5158 3407 5237 Caesarea
3426 5152 3802 5237 Cappadociae

2155 5224 2225 5288 ab
2256 5224 2426 5287 urbe
2469 5230 2734 5300 ejusdem
2784 5226 3041 5285 nominis
3092 5243 3219 5298 quae
3265 5227 3380 5283 sita
3426 5224 3563 5281 erat
3597 5224 3655 5279 in
3702 5224 3803 5279 Pa-

2152 5303 2401 5360 ltestina.

2224 5375 2337 5447 (31)
2373 5372 2571 5428 Plures
2604 5387 2746 5447 mes_.
2779 5366 3185 5447 παιδευμάτων.

2368 5446 2503 5501 Cod.
2542 5448 2600 5498 P.
2637 5435 3019 5513 Παλαιστήνην
3054 5435 3250 5509 ἔπλην.

2226 5511 2338 5590 (33)
2371 5517 2503 5573 Cod.
2539 5514 2597 5571 P.
2630 5511 2949 5589 Αἷγηναίας.
