4152 6208
308 359 415 420 249

1292 357 1660 424 ΑΠΟΤΟΒΕ
1704 359 2098 422 GBEGOlth
2141 356 2679 421 PRESBYTERO.

3564 344 3684 408 250

367 488 585 545 Πλέοντι
618 486 665 543 δ’
696 486 787 544 οὖν
820 490 933 563 (34)
964 489 1027 544 τὸ
1071 490 1357 565 Παρθένιον
1408 487 1642 566 πέλαγος
1672 488 1722 544 ἐν
1754 493 1915 565 καιρᾷ

2109 490 2312 563 Itaque
2334 489 2710 546 Parthenium
2736 501 2895 542 mare
2915 481 3247 541 turbulento
3271 484 3445 553 atque
3467 477 3683 535 incom-

299 574 593 652 ταραχώδει
649 599 707 633 τε
764 578 854 633 καὶ
910 578 1012 635 οὐκ
1068 575 1253 654 ἔχοντι
1310 576 1567 634 εὕπλοιαν
1600 623 1614 649 ,
1675 578 1924 656 ἐξαίφνης

2041 580 2212 636 modo
2243 584 2501 652 tempore
2532 575 2847 649 naviganti,
2879 576 3109 631 coortus
3142 575 3375 643 repente
3405 566 3681 641 gravissi-

301 664 516 722 ὑπελθὸν
547 672 761 739 πνεῦμα
810 666 1061 738 ἐξαίσιον,
1103 668 1193 723 τὸν
1243 669 1369 744 περὶ
1419 671 1601 744 ψυχῆς
1643 666 1796 742 ἔφερε
1824 667 1915 722 κίν

2038 686 2171 725 mus
2202 673 2406 724 ventus
2437 682 2740 725 summum
2772 665 2899 720 vitae
2957 660 3283 736 periculum
3323 657 3552 714 intulit:
3588 660 3681 712 at-

298 753 458 811 δυνον.
491 755 696 818 Σκότος
754 752 812 811 δὲ
858 755 1055 812 πόντον
1099 757 1285 833 αἰθέρα
1328 778 1388 813 τε
1415 758 1503 813 καὶ
1552 756 1769 832 οὐρανὸν
1803 777 1925 812 συν-

296 842 598 907 εκάλυπτεν,
639 841 792 899 οὐδὲν
839 852 940 915 τῆς
990 845 1212 917 ἐννάτης
1261 851 1368 901 τῶν
1418 846 1726 922 Αἷγυπτίων
1773 844 1924 916 πλη-

292 935 389 1005 γῶν
441 932 554 1004 (35)
612 930 998 1007 ἀνεκτότερον.
1048 934 1266 989 Πάντων
1326 932 1417 988 οὖν
1466 935 1558 989 τὸν
1611 934 1918 1007 σωματικὸν

294 1016 625 1094 ὀδυρομένων
675 1022 893 1075 θάνατον
930 1067 946 1094 ,
996 1021 1156 1084 αὐτὸς
1201 1023 1298 1091 τήν
1345 1030 1444 1092 τῆς
1494 1026 1681 1098 ψυχῆς
1730 1019 1920 1078 ἐδεδίει

291 1106 655 1182 πανολεθρίαν.
689 1106 913 1164 Οὐδέπω
956 1110 1058 1185 γὰρ
1106 1111 1174 1189 ἦν
1226 1111 1571 1189 σφραγισθεὶς
1618 1116 1696 1184 τῷ
1729 1110 1917 1187 βαπτί-

290 1215 478 1269 σματι·
537 1198 629 1252 καὶ
689 1195 881 1277 ἔφθανε
930 1200 1029 1268 τὴν
1089 1186 1142 1271 ἐξ
1198 1186 1390 1263 ὕδατος
1449 1186 1738 1273 σωτηρίαν
1778 1202 1806 1255 ὁ
1864 1199 1915 1255 ἐν

290 1282 432 1339 ὕδασι
486 1285 731 1349 θάνατος.
788 1286 848 1341 Τί
908 1285 999 1341 οὖν
1058 1293 1206 1343 ποιεῖ
1251 1289 1280 1343 ὁ
1342 1287 1504 1365 μέγας
1554 1288 1777 1360 ἐκεῖνος,
1828 1288 1918 1343 καὶ

289 1374 385 1447 πρὸ
414 1381 515 1442 τῆς
549 1374 953 1450 ἀναγεννήσεως
1000 1376 1513 1459 ἑαυτόνϊμορφώσας
1542 1382 1610 1451 τῇ
1640 1376 1868 1449 ἀληθείᾳ
1900 1396 1914 1447 ;

288 1463 384 1530 Τήν
416 1461 619 1531 ἐσθῆτα
658 1450 1553 1539 περιρῥηξάμενοςξθῗάῖὲαπλήσσει
1588 1450 1713 1540 (36)
1766 1468 1918 1541 βοαῖς

284 1570 335 1604 τε
362 1549 446 1605 καὶ
480 1548 746 1627 ὀδυρμοῖς
772 1552 899 1615 τοὺς
929 1550 1321 1625 συμπλέοντας,
1346 1554 1419 1617 ὡς
1446 1554 1647 1618 πάντας
1676 1559 1784 1610 τῶν
1804 1557 1919 1630 (37)

284 1638 388 1692 καθ’
441 1638 667 1700 ἑαυτοὺς
715 1636 1109 1715 ἀλογήσαντας,
1156 1642 1247 1696 τὸν
1302 1640 1499 1697 τούτου
1545 1645 1735 1715 θρῆνον
1794 1665 1915 1698 συν-

2036 775 2148 831 quo
2179 765 2235 813 et
2267 774 2444 825 mare,
2478 762 2534 813 et
2563 756 2795 821 aethera,
2830 759 2886 809 et
2934 750 3140 808 coelum
3177 749 3466 805 obducere
3498 762 3683 818 caspe—

2034 858 2170 918 runt
2200 864 2353 903 nona
2392 846 2493 901 illa
2538 844 2931 917 Egyptiorum
2984 841 3155 913 plaga
3200 837 3382 892 nihilo
3430 835 3680 891 leniores

2031 938 2281 993 tenebrae
2312 937 2375 991 το.
2427 934 2712 991 Omnibus
2761 932 2939 1004 igitur
2986 927 3243 1000 corporis
3293 929 3540 981 mortem
3572 924 3674 979 de-

2031 1026 2327 1091 ﬂentibus,
2363 1026 2486 1097 ipse
2517 1022 2721 1079 animis
2770 1020 3009 1076 exitium
3054 1015 3486 1072 extimescebat.
3518 1012 3674 1069 Non-

2029 1116 2169 1171 dum
2202 1115 2357 1171 enim
2391 1112 2681 1185 baptismo
2730 1109 3075 1182 obsignatus
3123 1108 3283 1162 erat:
3330 1120 3396 1159 ac
3429 1119 3581 1158 mors
3612 1101 3672 1157 in

2028 1205 2197 1277 aquis
2242 1202 2491 1260 salutem
2534 1219 2603 1257 ex
2647 1199 2816 1272 aquis
2863 1194 3273 1253 antevertebat.
3306 1191 3452 1257 Quid
3493 1190 3674 1263 igitur

2025 1293 2161 1350 facit
2192 1309 2441 1365 magnus
2470 1290 2567 1346 ille
2591 1290 2695 1358 vir,
2728 1287 2969 1360 quique,
3002 1282 3178 1339 etiam
3207 1284 3338 1336 ante
3369 1294 3669 1352 regenera-

2024 1383 2263 1449 tionem,
2297 1397 2425 1438 sese
2455 1381 2526 1436 ad
2559 1378 2856 1436 veritatem
2900 1369 3288 1430 informarat?
3318 1373 3551 1424 Vestem
3585 1366 3669 1423 1ο-

2026 1488 2231 1528 cerans
2261 1469 2615 1527 clamoribus
2646 1464 3013 1539 querelisque
3042 1464 3300 1517 vectores
3340 1472 3545 1513 omnes
3574 1471 3672 1511 ex-

2024 1564 2219 1627 terret,
2278 1560 2419 1615 adeo
2478 1561 2542 1613 ut
2597 1571 2767 1612 nemo
2824 1556 2999 1620 esset,
3060 1549 3162 1622 qui
3220 1564 3355 1615 non,
3388 1544 3547 1602 omni
3580 1542 3673 1600 sui

2024 1648 2211 1720 ipsius
2242 1664 2380 1703 cura
2410 1644 2765 1719 posthabita,
2790 1640 2946 1697 illius
2968 1638 3149 1695 luctui
3174 1635 3396 1693 socium
3420 1650 3548 1691 sese
3569 1634 3672 1690 ad-

287 1728 609 1802 εργάζεσθσι.
646 1728 705 1785 Ὀ
754 1724 833 1797 δὲ,
880 1729 1194 1800 ὑπομνήσας
1242 1732 1370 1786 Θεὸν
1418 1736 1522 1785 τῶν
1573 1731 1736 1786 αὐτοῦ
1783 1733 1915 1787 θαυ-

2028 1738 2311 1810 iungeret.
2344 1741 2471 1808 Ipse
2499 1739 2694 1791 autem
2727 1737 2837 1788 Deo
2870 1727 3153 1786 miracula
3180 1744 3248 1783 ea
3290 1723 3485 1781 omnia
3514 1739 3669 1778 com-

287 1815 511 1919 puniat,
558 1815 658 1919 ἕσα
698 1837 757 1919 τε
802 1816 853 1871 ἐν
893 1817 1156 1894 Αἰγύπτῳ
1199 1819 1287 1874 καὶ
1336 1818 1434 1874 ὅσα
1478 1822 1612 1876 κατὰ
1653 1821 1752 1890 τὴν
1785 1818 1913 1897 ἔρη-

2028 1842 2377 1893 memorans,
2410 1841 2555 1894 quae,
2603 1827 2726 1878 tam
2775 1821 2834 1875 in
2855 1819 3099 1892 Egypto
3130 1831 3308 1888 quam
3331 1812 3392 1867 in
3422 1812 3673 1879 deserto,

284 1922 370 1973 μον
404 1906 516 1976 (38)
550 1904 588 1973 ἢ
622 1903 914 1980 πολλαχοῦ
961 1912 1064 1981 γῆς
1095 1908 1129 1976 ἢ
1173 1907 1445 1975 θαλάσσης
1478 1906 1716 1985 ἔδρασεν
1752 1910 1909 1982 (οἷον,

290 1992 537 2067 Ἐρυθρᾶς
588 1994 701 2065 (39)
752 1991 1045 2063 διάστασιν,
1092 1995 1182 2050 καί
1227 1994 1379 2059 αὖθις
1426 1997 1723 2053 ἐπίκλυσιν
1765 1998 1916 2062 ὅπως

287 2079 645 2156 τεέκπέτρας
694 2079 840 2158 ὕδωρ
891 2082 1129 2158 ἐπήγασε
1180 2087 1313 2159 (40),
1364 2087 1453 2140 καὶ
1493 2087 1705 2163 Μερῥὰν
1758 2086 1924 2165 ὲγλύ-

287 2188 427 2222 κανεν
463 2189 475 2200 ·
547 2169 809 2242 Ἀμαλήκ
880 2170 1178 2227 ἐθανάτωσε
1252 2174 1437 2250 χερσὶν
1516 2174 1746 2238 ἀόπλοις
1828 2177 1919 2231 τὸν

288 2258 497 2331 σταυρὸν
534 2258 891 2331 μηνυούσαιςο
933 2259 1095 2336 τείχη
1145 2260 1390 2326 καθεῖλεν
1435 2263 1787 2339 Ἱεριχούντια
1832 2266 1922 2320 καὶ

288 2341 399 2399 ἄνευ
427 2349 869 2422 μηχανημάτων·
905 2352 1192 2425 προφήτην
1247 2348 1442 2406 ἔσωσεν
1482 2351 1542 2407 ἐκ
1591 2351 1920 2430 σπλάγχνων

285 2435 507 2503 κήτους·,
551 2436 644 2489 καὶ
699 2433 877 2492 τᾶλλα
933 2437 1032 2492 ὅσα
1076 2458 1175 2511 περ
1222 2440 1362 2515 ἱεραὶ
1407 2436 1591 2516 βίϐλοι
1623 2436 1919 2519 φέρουσιν),

287 2521 658 2598 ὑποσχόμενος
704 2525 835 2597 ἅμα,
889 2525 938 2581 εἴ
982 2527 1304 2602 περισωθείη
1354 2533 1452 2584 τοῦ
1506 2529 1801 2605 πελάγους,
1831 2532 1921 2586 καὶ

282 2610 430 2686 τύχοι
458 2615 559 2681 τῆς
602 2611 832 2690 ἐφέσεως
860 2620 956 2670 τοῦ
992 2616 1386 2692 βαπτίσματος,
1419 2623 1497 2690 τῷ
1546 2620 1775 2674 σώσαντι
1806 2623 1921 2693 (41)

283 2699 429 2754 αὑτὸν
457 2701 767 2772 ἀναθήσειν
818 2704 1052 2776 κάμπτει
1101 2710 1217 2767 ταῖς
1258 2706 1482 2769 ἱκεσίαις
1527 2707 1704 2781 αὐτὸν,
1750 2707 1917 2764 ’ίλεών

280 2807 332 2841 τε
359 2784 501 2859 ὄντα,
532 2790 625 2845 καὶ
656 2791 751 2852 τὰς
784 2791 1027 2862 αίτήσεις
1076 2795 1347 2872 φθάνοντα
1388 2800 1468 2867 τῷ
1520 2796 1782 2873 μειλιχίῳ
1819 2800 1919 2868 τῆς

284 2874 498 2951 ciosum.
561 2879 663 2933 Καὶ
712 2879 741 2933 ὁ
778 2880 870 2953 μὲν
926 2879 1141 2937 κλύδων
1192 2882 1382 2938 αὐτίκα
1432 2882 1732 2963 ἐλώφησεν
1784 2889 1819 2956 ἠ
1863 2885 1921 2942 δὲ

281 2967 516 3040 ωταιγὶς
583 2966 661 3029 εἷς
718 2966 882 3043 αὔραν
948 2974 1282 3043 μετεποιήθη
1340 2974 1489 3046 (42),
1547 2973 1637 3029 καὶ
1693 2977 1728 3045 ἡ
1785 2974 1921 3037 τὲως

283 3052 427 3127 ἀγρία
454 3054 849 3130 κατεστορὲσθη
885 3057 1222 3117 θάλασσα.’0
1247 3061 1342 3133 μὶν
1371 3060 1423 3115 ἐν
1454 3060 1667 3123 τούτοις
1695 3065 1759 3132 ἦν
1780 3066 1913 3135 (43).

2025 1930 2090 1970 ac
2122 1913 2414 1985 plerisque
2443 1911 2575 1969 aliis
2603 1914 2756 1966 terra
2787 1908 3053 1978 marique
3077 1905 3219 1960 locis
3250 1901 3511 1958 ediderat
3538 1897 3672 1970 (vel-

2024 2006 2090 2058 ut
2119 2003 2299 2057 Rubri
2333 2000 2510 2056 maris
2559 1998 2899 2055 divisionem
2940 1997 3006 2067 3°,
3038 1994 3419 2065 ejusdemque
3468 2003 3672 2044 rursus

2029 2090 2275 2148 eluviem
2302 2109 2315 2159 ;
2350 2107 2465 2162 quo
2494 2089 2636 2144 item
2664 2087 2834 2143 modo
2864 2101 3077 2156 aquam
3111 2100 3181 2138 ex
3227 2084 3391 2153 petra
3421 2077 3578 2133 velut
3606 2092 3675 2131 ex

2030 2180 2186 2235 fonte
2234 2179 2498 2235 duxisset
2541 2178 2608 2247 δι,
2639 2180 2697 2231 et
2739 2180 2953 2229 Marem
2994 2168 3419 2235 edulcasset”;
3450 2163 3674 2221 Amale-

2029 2270 2175 2325 citas
2204 2267 2528 2323 inermibus
2559 2264 2854 2333 manibus,
2878 2276 3107 2317 crucem
3130 2254 3545 2324 indicantibus,
3578 2268 3677 2321 op~

2030 2357 2340 2430 pressisset
2366 2356 2447 2423 ⁸³;
2482 2370 2682 2410 muros
2710 2351 2966 2417 Jericho,
2999 2347 3176 2404 nullis
3207 2346 3381 2402 etiarn
3417 2340 3669 2398 admotis

2028 2446 2355 2511 tormentis,
2398 2444 2700 2500 evertisset
2728 2443 2809 2509 9‘;
2872 2438 3214 2511 prophetam
3244 2450 3313 2490 ex
3340 2432 3448 2489 ceti
3494 2430 3673 2487 visce-

2029 2536 2193 2590 ribus
2239 2533 2464 2591 salvum
2496 2536 2553 2588 et
2601 2529 2950 2587 incolumem
2999 2524 3341 2583 extraxisset
3367 2522 3450 2590 ⁸⁵;
3500 2522 3668 2575 ciete-

2029 2640 2210 2695 raque
2240 2622 2437 2679 omnia
2467 2638 2598 2694 quas
2626 2617 3012 2675 sacrosanctis
3054 2614 3221 2670 libris
3253 2607 3666 2679 continentur),

2029 2712 2324 2784 simulque
2354 2726 2416 2767 se
2446 2710 2739 2765 facturum
2765 2705 3071 2778 recipiens,
3122 2707 3205 2773 ut,
3237 2701 3285 2757 si
3317 2700 3496 2756 maris
3526 2697 3671 2769 peri-

2028 2801 2157 2857 culo
2200 2800 2566 2866 liberaretur,
2612 2802 2787 2869 atque
2837 2794 3085 2867 expetito
3129 2790 3423 2863 baptismo
3453 2789 3669 2841 fruere-

2025 2894 2147 2956 tur,
2175 2889 2226 2945 ei
2258 2906 2292 2944 a
2337 2905 2451 2960 quo
2479 2886 2730 2943 salutem
2782 2883 3119 2955 accepisset,
3150 2879 3407 2950 seipsum
3466 2889 3670 2931 conse-

2027 2982 2249 3034 craret:
2282 2976 2553 3049 precibus
2580 2974 2777 3046 ipsum
2796 2971 2990 3037 flectit,
3025 2968 3124 3041 qui
3158 2968 3282 3040 ipse
3314 2963 3580 3039 placidus
3607 2978 3672 3018 ac

2026 3065 2316 3139 propitius
2346 3070 2456 3133 est,
2486 3068 2542 3119 et
2570 3066 2789 3118 natura:
2815 3078 2933 3117 suae
2966 3058 3251 3115 suavitate
3286 3058 3514 3110 nostras
3544 3052 3670 3124 ipse

282 3159 464 3214 preces
493 3146 828 3201 antevertit.
864 3146 946 3202 Ita
974 3153 1292 3221 tempestas
1314 3152 1515 3207 statim
1556 3153 1756 3209 sedata
1797 3160 1903 3222 est,
1945 3172 2012 3212 ac
2061 3154 2313 3227 procella
2354 3155 2411 3209 in
2462 3169 2666 3208 auram
2698 3154 2924 3207 mutata
2952 3149 3034 3216 ⁸⁶;
3068 3160 3343 3217 mareque
3391 3142 3556 3216 prius
3585 3141 3667 3196 fe-

289 3247 402 3286 rum
435 3238 492 3288 et
520 3234 927 3290 truculentum
959 3237 1316 3309 consopitur.
1347 3240 1535 3311 Atque
1563 3240 1657 3296 hic
1687 3257 1752 3297 eo
1785 3259 1980 3299 rerum
2009 3248 2165 3301 statu
2196 3247 2339 3300 erat.

342 3320 398 3372 Οἱ
428 3317 483 3373 δὲ
508 3320 677 3375 αὐτοῦ
706 3327 886 3395 γονεῖς
917 3319 987 3376 δι’
1020 3323 1228 3399 ὀνείρου
1257 3328 1661 3399 κατεμηνύοντο
1691 3329 1757 3384 τὰ
1778 3351 1904 3402 συμ-

2095 3333 2369 3388 Parentes
2389 3334 2584 3386 autem
2610 3328 2817 3402 ipsius,
2851 3341 3025 3399 quem
3058 3325 3111 3379 in
3147 3338 3346 3380 casum
3379 3319 3665 3376 adductus

281 3400 516 3463 ϐαίνοντα
543 3412 629 3480 τῷ
660 3406 841 3464 παιδί·
880 3410 967 3465 καὶ
1019 3412 1105 3466 οἷα
1135 3412 1359 3489 πατέρες
1391 3414 1464 3487 (τί
1502 3415 1603 3491 γὰρ
1635 3413 1718 3471 δεῖ
1744 3400 1910 3473 πλέον

281 3500 434 3549 ειπεῖν
464 3498 504 3569 ;)
535 3495 731 3571 εὐχαῖς
748 3519 808 3552 τε
836 3499 924 3552 καὶ
958 3496 1177 3573 δάκρυσι
1202 3501 1293 3556 τὸν
1318 3503 1444 3557 Θεὸν
1470 3503 1759 3573 ἐλιπάρουν
1783 3506 1913 3581 βοη-

279 3581 419 3651 θῆσαι
446 3586 528 3657 τῷ
561 3584 700 3640 κατὰ
730 3585 995 3649 θάλασσαν
1023 3586 1405 3647 κινδυνεύοντι.
1436 3591 1607 3654 Εὐθὺς
1651 3592 1741 3648 οὗν
1778 3593 1913 3665 μετὰ

280 3672 364 3775 ἰὴν
384 3672 587 3728 ἱκεσίαν
610 3676 728 3738 καθ’
759 3674 922 3730 ὕπνον
957 3676 1141 3752 ἑώρων
1178 3677 1268 3733 τὸν
1294 3680 1407 3733 υἱὸν
1429 3679 1634 3755 ἐριννόν
1651 3703 1774 3736 τινα
1797 3684 1910 3756 (44)

281 3761 494 3834 δαίμονα
536 3762 905 3837 κολαστήριον
956 3767 1384 3841 χειρωσάμενον,
1433 3767 1579 3832 ὅστις
1624 3769 1769 3842 αὐτῷ
1797 3773 1908 3845 (45)

280 3846 626 3907 ἑπανετείνετο
670 3850 930 3927 ὄλεθρον.
977 3858 1151 3910 Ταῦτα
1203 3853 1261 3910 δὶ
1310 3856 1445 3928 μετὰ
1486 3859 1587 3927 τὴν
1632 3860 1768 3935 πρὸς
1812 3860 1909 3916 αὐ-

278 3938 391 4003 τοὺς
446 3941 795 4019 ὑποστροφὴν
872 3942 1018 4015 αὐτῷ
1097 3941 1474 4020 διηγουμένων
1545 3951 1653 4002 τῶν
1705 3949 1905 4023 γονέων

280 4027 517 4098 ἀκούσας,
552 4028 1003 4113 ἀνθωμολογεῖτο
1049 4036 1128 4105 τῷ
1176 4033 1424 4092 σώσαντι.
1475 4035 1573 4090 Καὶ
1600 4040 1767 4092 ταῦτα
1814 4038 1909 4111 μὶν

280 4114 501 4193 ὕστερον.
554 4122 671 4173 Τῶν
731 4115 790 4173 δὲ
846 4119 1233 4193 συμπλεόντων
1291 4141 1374 4185 τις
1440 4122 1673 4195 νεανίας,
1730 4125 1790 4187 ὃς
1837 4127 1904 4196 ἦν

278 4205 410 4278 αὐτῷ
439 4207 875 4283 θυμηρὲστατοςς
920 4209 1064 4285 ἑώρα
1114 4210 1305 4273 νυκτὸς
1339 4209 1389 4266 ἐν
1423 4212 1571 4284 ἀκμῇ
1600 4217 1695 4267 τοῦ
1723 4211 1907 4269 κινδύ-

278 4314 359 4348 νου
385 4296 483 4364 τὴν
518 4296 729 4371 μητέρα
754 4300 854 4352 τοῦ
889 4297 1154 4374 μακαρίου
1184 4306 1284 4368 τῆς
1314 4299 1589 4370 θαλάσσης
1630 4297 1905 4378 ἐπιϐᾶσαν,

278 4382 356 4437 καὶ
379 4392 480 4454 τῆς
508 4386 645 4456 νηὸς
675 4380 987 4458 λαϐομένην
1037 4389 1173 4461 (46),
1222 4386 1453 4459 ἐξέλκειν
1489 4388 1577 4445 ἐπὶ
1614 4392 1713 4460 τήν
1743 4388 1910 4461 ἤπει-

2021 3425 2177 3477 esset
2203 3420 2381 3487 filius,
2412 3435 2516 3491 per
2544 3433 2820 3474 somnum
2850 3414 3216 3470 didicerunt:
3249 3416 3443 3482 atque,
3481 3413 3543 3463 ut
3572 3424 3666 3478 pa-

2020 3513 2213 3566 rentes
2237 3509 2402 3581 (quid
2432 3508 2587 3564 enim
2618 3506 2887 3578 pluribus
2916 3502 3109 3559 verbis
3132 3517 3279 3572 opus
3310 3504 3398 3555 est
3412 3498 3480 3569 ?),
3514 3497 3664 3552 votis

2020 3600 2077 3653 et
2105 3596 2376 3669 lacrymis
2411 3598 2587 3652 Deum
2617 3594 3019 3661 obsecrabant,
3054 3596 3117 3647 ut
3145 3590 3264 3645 ﬁlio
3296 3589 3355 3644 in
3386 3586 3533 3644 mari
3565 3603 3665 3657 pe-

2019 3685 2296 3741 riclitanti
2327 3702 2495 3758 opem
2530 3684 2721 3740 ferret.
2754 3680 3070 3737 Confestim
3091 3679 3288 3749 itaque
3311 3680 3440 3748 post
3458 3674 3666 3731 oratio-

2018 3789 2153 3829 nem
2187 3773 2375 3829 ﬁlium
2407 3777 2465 3829 in
2498 3771 2722 3829 somnis
2751 3770 2968 3836 vident,
3003 3766 3214 3823 furiam
3246 3763 3565 3836 quamdam
3595 3778 3661 3817 ac

2016 3861 2322 3933 suppliciis
2343 3861 2718 3933 prapositum
2735 3854 3187 3926 demonem,qui
3208 3852 3321 3924 ipsi
3345 3849 3660 3923 perniciem

2014 3950 2359 4018 intentabat,
2385 3950 2695 4005 subactum
2724 3949 3037 4002 tenentem.
3080 3943 3212 4008 Quae
3244 3957 3377 3995 cum
3403 3938 3529 4010 ipse
3558 3937 3659 3993 do-

2016 4055 2179 4095 mum
2212 4055 2477 4095 reversus
2506 4054 2576 4093 ex
2605 4052 2806 4093 eorum
2839 4032 3166 4089 narratione
3196 4025 3662 4101 accepisset,lau-

2016 4128 2119 4184 des
2160 4131 2218 4183 et
2263 4126 2482 4199 gratias
2539 4124 2828 4183 Servatori
2884 4122 3112 4195 agebat.
3167 4120 3279 4176 Sed
3313 4118 3436 4173 haec
3465 4121 3657 4189 poste-

2016 4215 2162 4273 rius.
2198 4216 2280 4271 Ex
2314 4214 2387 4271 iis
2443 4219 2637 4270 autem
2688 4212 2790 4285 qui
2850 4210 3053 4268 eadem
3093 4207 3227 4264 navi
3280 4206 3662 4271 vehebantur,

2016 4303 2357 4362 adolescens
2388 4304 2651 4376 quidam,
2682 4302 2793 4374 ipsi
2825 4299 3230 4366 charissimus,
3267 4296 3327 4351 in
3361 4296 3490 4367 ipsa
3518 4293 3666 4366 peri-

2018 4393 2133 4451 culi
2165 4394 2425 4461 ﬂamma,
2456 4393 2609 4448 beati
2644 4391 2749 4447 viri
2790 4393 3037 4445 matrem
3085 4385 3493 4457 conSpiciebat,
3527 4399 3663 4438 con-

282 4491 360 4578 ρον
393 4516 408 4531 .
463 4474 674 4578 Ταιξτης
732 4472 1158 4578 6E\§£tXOEtG1}€
1227 4476 1317 4578 καὶ
1392 4476 1752 4553 ἐξηγηθείσης
1806 4486 1909 4551 τῆς

2028 4498 2225 4540 scenso
2272 4481 2443 4549 mari,
2495 4483 2787 4553 arreptam
2834 4493 3041 4534 navem
3088 4479 3149 4531 in
3196 4479 3409 4531 terram
3442 4474 3664 4544 pertra-

282 4556 463 4635 ὅψεως,
523 4562 677 4628 εὐθὺς
726 4561 971 4639 γαλήνην
1028 4585 1089 4620 τε
1133 4562 1526 4640 ἀκολουθῆσαι,
1584 4568 1673 4623 καὶ
1715 4569 1912 4633 πάντας

2028 4572 2278 4629 hentem.
2302 4573 2427 4639 Qua
2450 4569 2671 4626 visione
2692 4570 2997 4640 perspecta
3023 4569 3081 4622 et
3108 4568 3361 4630 narrata,
3384 4558 3665 4632 tranquil-

342 4690 384 4724 "
410 4690 586 4767 Exod:
629 4707 687 4761 x,
734 4694 831 4767 21ἶ
857 4691 1139 4767 _‘°_Exod._
1184 4709 1298 4763 xiv,
1336 4694 1439 4767 ⁸16,
1468 4694 1512 4730 ⁸¹
1547 4693 1722 4750 Exod.
1770 4712 1908 4767 xvn,

2042 4698 2090 4734 ⁸³
2138 4697 2317 4754 Exod.
2365 4714 2456 4767 xv,
2508 4697 2599 4751 25.
2648 4696 2694 4731 ⁸³
2753 4694 2927 4749 Exod.
2988 4708 3124 4759 xvn,
3177 4691 3263 4746 11.
3318 4690 3365 4724 ⁸⁸
3417 4689 3539 4746 Jos.
3583 4703 3661 4755 vr,

282 4758 311 4812 3
337 4778 454 4834 seq.
478 4763 522 4798 ⁸⁸
547 4758 681 4820 ἇουζ
715 4780 777 4831 ιι,
812 4761 898 4819 il.
934 4762 979 4798 ⁸⁸
1009 4762 1163 4821 Psal.
1196 4758 1308 4831 cvi,
1328 4765 1419 4821 25.

343 4886 449 4953 (34)
478 4885 636 4942 Colb.
672 4886 722 4942 1.
758 4882 988 4940 Πλὲοντι
1022 4881 1068 4939 δ’
1100 4882 1189 4940 οὖν
1222 4884 1389 4953 αὐτῷ.

341 4956 450 5034 (ἓξ)
480 4957 638 5034 golb.
674 4959 724 5034 1,
756 4960 812 5025 2,
826 4972 1096 5034 _nec_non
1125 4961 1221 5015 Or.
1247 4963 1304 5034 et
1333 4956 1395 5015 P.
1428 4956 1673 5034 πληγῆς.

343 5028 451 5169 (36)
482 5028 640 5084 Colb.
673 5032 708 5083 2
733 5034 789 5084 et
819 5028 1023 5085 Camb.
1055 5030 1440 5099 καταπτήσσει.

363 5100 451 5169 37)
478 5099 633 5157 Colb.
689 5101 739 5169 1,
769 5104 828 5156 et
870 5100 965 5157 ΟΡ.
998 5103 1094 5154 τοῦ
1145 5101 1262 5164 καθ’
1306 5100 1440 5155 ἑαυτι

363 5100 451 5169 37)
478 5099 633 5157 Colb.
689 5101 739 5169 1,
769 5104 828 5156 et
870 5100 965 5157 ΟΡ.
998 5103 1094 5154 τοῦ
1145 5101 1262 5164 καθ’
1290 5098 1548 5163 ἑαυτούς.
1581 5101 1737 5159 Colb.
1771 5105 1807 5157 2
1837 5100 1913 5163 ὡς

285 5170 476 5293 πέπων
527 5173 636 5225 τῶν
692 5171 810 5224 καθ’
868 5169 1110 5234 ἑαυτούς.
1172 5174 1308 5229 Cod.
1369 5178 1432 5230 P.
1491 5169 1587 5227 τοῦ
1642 5172 1758 5226 καθ’
1789 5173 1911 5227 ἔαυ-

285 5260 379 5293 τν.

283 5260 379 5295 τον.

345 5315 448 5383 (38)
476 5313 634 5390 Colb.
660 5314 934 5390 ‘1.Aet_Qr.
995 5311 1199 5387 ἔρημον
1244 5314 1536 5390 πολλαχοῦ
1592 5320 1713 5389 γῆς.
1749 5316 1908 5373 Colb.

285 5383 329 5450 ε,
360 5382 690 5461 semper.
723 5382 1044 5461 imam

345 5457 450 5526 (39)
480 5457 646 5511 Addit
677 5459 805 5511 cod.
838 5459 898 5511 P.
932 5457 1030 5525 τῆς
1063 5457 1355 5527 θαλάσσης.

476 5527 916 5604 (ξοίὺ.ῌ1,-ρο(1(1.
945 5528 1094 5604 Aet
1124 5532 1216 5604 Or.
1242 5530 1438 5604 πέτραν
1471 5528 1729 5604 ἐπήγασε.

346 5600 450 5664 (41)
503 5601 583 5656 Ita
637 5598 796 5656 Colb.
830 5602 1063 5657 2codd.
1116 5603 1175 5659 P.
1238 5608 1298 5659 et
1348 5598 1449 5659 'Or.
1510 5598 1762 5659 In'edit.
1798 5602 1905 5657 σώ-

289 5684 366 5719 σον

2094 4892 2497 4965 (472)130de.
2549 4891 2609 4946 in
2652 4893 2796 4965 μοι.⁸
2830 4903 3028 4965 marg.
3084 4880 3310 4965 ἔπαυσεν
3358 4882 3435 4945 εἰς
3469 4882 3663 4965 λεπτὸν

2021 4952 2204 5032 πνὸή.’
2220 4964 2349 5020 Mox
2378 4964 2530 5019 idem
2564 4962 2691 5018 cod.
2729 4952 3230 5032 adghocgvverbum
3253 4952 3666 5032 κατεστορίσθη,

2021 5034 2083 5091 in
2103 5029 2233 5107 not.
2268 5051 2453 5107 marg.
2484 5030 2894 5107 κατεστορέσθη,
2925 5029 2961 5098 ἢ
2995 5029 3337 5107 ὑπεστρώθηι.

2092 5105 2209 5195 (43)
2236 5095 2487 5173 0011).”1,
2529 5107 2587 5174 2,
2634 5095 2790 5162 διῬ.
2853 5095 3087 5175 legunt:
3148 5095 3210 5157 Ὅ
3269 5099 3364 5171 μὶν
3396 5095 3487 5152 οὖν
3511 5098 3577 5167 ἦν
3613 5097 3664 5152 ἐν

2019 5196 2257 5238 τουτοις.

2117 5248 2204 5312 44)
2230 5248 2389 5305 Colb.
2422 5249 2484 5304 P.
2517 5248 2575 5303 in
2610 5250 2727 5302 not.
2766 5259 2952 5312 marg.
2997 5240 3368 5312 καταχθονίων
3419 5261 3667 5312 τιμωρη-

2093 5259 2204 5373 (214)
2230 5259 2389 5305 Uolb.
2424 5259 2484 5304 Ρ.
2517 5259 2575 5303 ιη
2610 5259 2727 5302 not.
2766 5259 2952 5319 marg.
2997 5259 3368 5318 καταγυονιων
3419 5261 3599 5316 τιμωρ

2017 5339 2109 5372 τικ
2142 5339 2187 5373 ν.

2092 5393 2205 5461 (45)
2234 5391 2423 5451 Ὅστις
2453 5388 2618 5459 αὐτῷ.
2651 5388 2809 5461 Colb.
2840 5388 2894 5455 2,
2929 5388 3093 5443 codd.
3125 5387 3187 5441 P.
3220 5389 3277 5441 et
3305 5386 3400 5442 Or.
3450 5385 3667 5461 habent

2018 5460 2141 5529 ἥτις
2172 5457 2339 5534 αὐτῷ.
2376 5457 2633 5517 Verterat
2677 5459 2883 5534 Billius
2905 5475 2920 5513 :
2943 5461 3243 5534 ⁸Ενιηηιμη
3271 5457 3572 5534 quamdam
3600 5474 3667 5512 ac

2017 5530 2318 5592 dazznoneiiz
2344 5536 2685 5605 pestiferum.
2718 5530 2975 5589 Combef.
3008 5530 3539 5602 interpretationem
3575 5546 3661 5585 se-

2017 5606 2133 5663 cuti
2166 5624 2391 5662 sumus.

2090 5679 2202 5750 (46)
2231 5672 2571 5749 Λαϐομένην.
2604 5674 2763 5734 Colb.
2800 5677 2852 5743 1,
2884 5665 3304 5743 ἐπιλαϐομένην.
