4152 6208
373 328 484 391 251

1492 337 1678 399 VITA
1722 339 1788 399 S.
1837 336 2207 399 GREGOBII
2257 334 2650 397 THEOLOGI

3654 331 3774 392 252

372 461 510 519 litas
543 464 739 520 statim
774 470 1085 523 consecuta
1132 471 1242 538 est,
1277 472 1646 542 vectoresque
1694 487 1897 527 omnes
1944 471 2014 527 ad

2149 467 2259 531 τοὺς
2317 465 2727 543 συμπλωτῆρας
2780 468 2848 539 τῇ
2897 463 3072 520 πίστει
3132 460 3500 540 προσδραμεῖν
3549 467 3627 535 τῷ
3673 468 3772 518 τοῦ

374 552 559 609 Deum
593 553 850 625 Gregorii
898 555 1010 611 ﬁde
1042 562 1437 631 accurrerunt,
1471 560 1711 632 periculi
1744 561 1887 615 tanti
1920 561 2017 616 de-

374 641 670 714 pulsorem
705 659 838 698 eum
870 651 1251 716 agnoscentes
1306 652 1479 720 atque
1509 650 1867 706 conﬁtentes.
1902 654 2019 705 Hoc

372 747 506 786 vero
534 731 672 801 quid
724 733 919 804 magni
976 733 1133 790 illius
1195 736 1324 791 Eliae
1380 738 1659 794 miraculo
1690 739 1886 794 cedit?
1917 739 2017 810 qui

374 818 618 873 Sidonia;
665 820 897 890 reginae,
955 839 1179 879 vesanis
1234 825 1519 881 idolorum
1577 827 2019 894 cultrici,obsi-

377 911 561 972 stens,
594 908 879 964 sacriﬁcio
910 910 1145 967 insolita
1165 917 1222 968 et
1244 913 1459 970 caelesti
1485 915 1721 971 ﬂamma
1752 933 2021 973 consum-

376 998 495 1067 pto,
529 995 823 1051 lsraelitas
873 997 942 1052 ad
1002 1000 1118 1054 veri
1178 1001 1276 1056 Dei
1336 1004 1507 1058 ﬁdem
1540 1004 1766 1059 induxit
1800 1023 1813 1061 :
1849 1006 1927 1060 ita
1960 1008 2023 1060 ut

378 1083 765 1139 admiratione
795 1091 1096 1159 correptus
1130 1090 1378 1160 populus
1429 1092 1679 1148 diceret:
1745 1093 1872 1148 Vere
1918 1094 2021 1149 Do-

270 1244 271 1249 ,
375 1173 563 1227 minus
619 1174 776 1244 Deus,
832 1174 919 1230 hic
964 1178 1044 1231 est
1097 1182 1243 1233 Deus
1279 1180 1341 1235 ⁸⁷.
1378 1180 1535 1237 Talis
1567 1181 1681 1236 fere
1714 1182 2023 1254 Gregorius

378 1265 521 1332 erat,
554 1278 656 1334 per
684 1261 1037 1335 insperatam
1062 1281 1131 1321 ex
1152 1271 1497 1341 tempestate
1526 1271 1901 1338 salutem,eos
1924 1270 2023 1343 qui

378 1349 555 1405 variis
587 1353 643 1405 et
674 1352 979 1410 multiﬁdis
1009 1356 1304 1412 erroribus
1333 1360 1699 1429 tenebantur,
1732 1360 1804 1415 ad
1844 1376 2023 1415 unam

379 1437 512 1493 ﬁdei
545 1441 810 1496 semitam
843 1442 1083 1499 ducens.

450 1532 837 1601 Posteaquam
870 1534 1063 1587 autem
1094 1532 1151 1587 in
1181 1533 1482 1601 Graeciam,
1525 1553 1590 1591 ac
1631 1536 1884 1591 nobilem
1917 1536 2025 1591 ﬂo-

379 1621 718 1689 rentemque
743 1618 1107 1675 Athenarum
1140 1623 1341 1679 urbem
1368 1641 1429 1680 se
1459 1625 1725 1691 contulit,
1761 1625 1900 1697 quid
1934 1642 2022 1680 re-

379 1705 527 1761 ferre
577 1722 814 1762 necesse
871 1713 959 1763 est
1011 1726 1126 1781 qua
1183 1710 1491 1767 hominum
1522 1712 1722 1768 laetitia
1752 1717 2025 1785 exceptus

378 1793 1129 1903 fuerit,.przsstantissimtis‘
1158 1800 1358 1855 statim
1390 1800 1447 1855 in
1479 1800 1687 1857 litteris
1719 1806 1775 1857 et
1817 1819 1851 1857 a
1877 1819 2025 1903 prae-
2059 1839 2105 1903 Β

376 1883 708 1954 ceptoribus
738 1888 794 1939 et
823 1902 856 1939 a
881 1886 1189 1959 discipulis
1227 1888 1573 1959 judicatus?
1612 1891 1737 1946 Non
1772 1890 2025 1946 multum

374 1976 608 2044 tempus
640 1973 903 2039 ﬂuxerat,
934 1991 1067 2030 cum
1101 1994 1350 2050 magnus
1387 1979 1482 2035 ille
1530 1980 1781 2036 Basilius
1813 1982 2025 2054 Byzano

374 2061 477 2130 tio,
527 2061 787 2130 ejusdem
845 2064 1191 2122 eruditionis
1248 2068 1455 2139 gratia,
1489 2069 1743 2125 Athenas
1776 2070 2021 2142 appulit.

376 2149 577 2220 Itaque
611 2158 666 2204 et
695 2150 821 2205 vita:
864 2155 1369 2222 consuetudinem,
1412 2161 1468 2211 et
1515 2158 1879 2213 contubernii
1923 2174 2023 2213 ne-

375 2236 791 2293 cessitudinem
824 2238 975 2294 inter
996 2257 1057 2296 se
1079 2246 1597 2301 contraxerunt.Ex
1626 2250 1832 2301 mutua
1852 2263 2023 2319 porro

376 2341 578 2380 eorum
620 2328 1050 2399 conjunctione,
1100 2332 1549 2406 animorumque
1595 2336 1922 2404 concordia,
1952 2352 2025 2392 ne

374 2414 617 2485 exprimi
653 2417 884 2487 quidem
944 2419 1203 2476 oratione
1260 2422 1425 2477 facile
1480 2428 1689 2495 potest,
1740 2429 2023 2495 quantum

376 2502 753 2559 emolumenti
788 2507 858 2561 ad
892 2511 1206 2580 utrumque
1244 2511 1498 2566 redierit.
1550 2514 1601 2567 Is
1643 2530 1898 2585 namque
1927 2514 2024 2585 qui

378 2589 543 2647 solus
571 2596 678 2657 est,
713 2595 980 2666 quamvis
1005 2598 1216 2654 mentis
1236 2598 1504 2654 acumine
1527 2601 1829 2672 quidpiam
1862 2602 2027 2657 intel-

377 2677 603 2748 lexerit,
637 2680 746 2736 sibi
778 2687 974 2739 tamen
1024 2685 1138 2757 ipsi
1198 2689 1437 2743 minime
1497 2689 1642 2754 ﬁdit,
1690 2707 1755 2744 ac
1787 2692 2027 2762 proinde

379 2766 731 2825 circumiens
778 2770 1032 2844 aliquem
1066 2777 1291 2846 quaerit,
1338 2793 1473 2832 cum
1518 2795 1632 2851 quo
1675 2778 1946 2833 fulciatur
1970 2782 2027 2834 et

2130 556 2437 634 Γρηγορίου
2487 560 2622 628 Θεῷ,
2672 555 2762 610 καὶ
2817 555 3002 609 ἑαυτὸν
3038 556 3151 627 (47)
3201 554 3335 607 εἶναι
3366 551 3773 629 ὁμολογοῦντας

2129 647 2435 722 ἐπίκουρον.
2469 644 2529 700 Τί
2557 649 2717 699 τοῦτο
2746 649 2841 699 τοῦ
2894 642 3028 698 κατὰ
3068 642 3159 698 τὸν
3216 641 3379 717 μέγαν
3411 639 3598 697 Ἠλίαν
3644 640 3772 695 θαύ-

2132 758 2296 812 ματος
2325 735 2643 812 ἀτιμότερον
2680 734 2805 804 ;ὃς,
2835 737 2902 808 τῇ
2952 730 3323 805 εἷδωλομανίᾳ
3366 738 3465 799 τῆς
3508 728 3769 792 Σιδωνίας

2130 825 2616 898 ἀντιτασσόμενος,
2669 824 2798 895 ξένῳ
2847 820 2975 895 πυρὶ
3026 821 3115 876 καὶ
3165 819 3400 894 οὐρανίῳ
3446 820 3543 885 τὴν
3596 818 3774 880 θυσίας

2131 912 2520 985 έκδαπανήσας,
2555 912 2629 974 εἷς
2662 910 2837 966 πίστιν
2868 915 2965 965 τοῦ
3017 908 3275 979 ἀληθινοῦ
3316 912 3448 963 Θεοῦ
3496 908 3652 983 ἐνῆγε
3683 908 3770 961 τὸν

2131 1001 2372 1080 Ἰσραήλ’
2409 1002 2546 1057 ὥστε
2592 1002 2938 1075 θαυμάσαντα
2982 1000 3073 1054 τὸν
3126 997 3255 1053 λαὸν
3306 997 3496 1052 εἰπεῖν·
3530 996 3776 1066 Ἀληθῶς

2130 1092 2326 1169 Κύριος
2358 1094 2386 1146 6
2418 1093 2547 1154 Θεὸς
2576 1092 2710 1163 (48),
2758 1088 2913 1150 οῦτός
2962 1089 3099 1143 ἐστιν
3135 1088 3162 1141 6
3196 1086 3346 1148 Θεός.
3396 1085 3651 1147 Τοιοῦτός
3694 1105 3776 1146 τις

2132 1184 2198 1252 ἧν
2232 1184 2259 1237 6
2291 1181 2616 1258 Γρηγόριος,
2664 1183 2732 1254 τῇ
2783 1176 3130 1251 έκτρικυμίας
3162 1178 3273 1250 (49)
3304 1172 3561 1247 ἀδοκήτῳ
3606 1196 3779 1242 σωτη-

2133 1270 2224 1349 ρίᾳ
2251 1270 2377 1333 τοὺς
2402 1266 2732 1345 πολυσχιδεῖ
2900 1264 3076 1339 πλάνῃ
3103 1265 3503 1340 κατεχομένους
3539 1263 3615 1325 εἷς
3650 1262 3772 1337 μίαν

2131 1362 2277 1435 ἄγων
2305 1354 2493 1436 τρίϐον
2522 1359 2611 1413 καὶ
2644 1354 2862 1433 ὁδηγίαν
2893 1358 2991 1425 τῆς
3018 1354 3267 1416 πίστεως.

2201 1536 2349 1592 Ἐπεὶ
2382 1534 2440 1591 δὲ
2471 1535 2627 1590 αὐτὸν
2662 1536 2696 1605 ἠ
2727 1531 2927 1596 Ἐλλάς
2974 1532 3091 1609 εἶχε
3133 1529 3221 1586 καὶ
3269 1531 3331 1586 τὸ
3365 1529 3576 1591 εὐκλεὲς
3619 1531 3778 1600 Ἀθη-

2132 1631 2239 1681 νῶν
2273 1621 2467 1699 ὄνομα,
2522 1624 2574 1679 τί
2614 1621 2694 1678 δεῖ
2742 1621 2917 1698 λέγειν
2972 1623 3089 1695 μεθ’
3137 1620 3269 1690 ὅσης
3306 1617 3645 1697 προσεδέχθη
3679 1625 3777 1687 τῆς

2136 1712 2405 1789 θυμηδίας
2441 1732 2455 1783 ;
2487 1712 2768 1790 κράτιστος
2800 1710 2952 1775 εὐθὺς
3003 1709 3054 1764 έν
3106 1707 3315 1786 λόγοις,
3365 1705 3675 1768 παιδευταῖς
3720 1727 3779 1761 τε

2134 1804 2223 1860 καὶ
2256 1808 2539 1882 φοιτηταῖς
2594 1801 2708 1875 ἅμα
2754 1799 3096 1877 κρινόμενος.
3126 1797 3333 1874 Χρόνου
3364 1794 3421 1851 δὶ
3452 1795 3513 1851 ού
3560 1793 3779 1850 πολλοῦ

2134 1891 2557 1970 παρῳχηκότος,
2609 1889 2668 1945 ὲκ
2712 1893 2810 1944 τοῦ
2860 1887 3146 1958 Βυζαντίου
3196 1884 3476 1947 Βασίλειος
3530 1886 3558 1938 6
3612 1885 3780 1958 μέγας

2136 1983 2401 2053 Ἀθήναζε
2456 1980 2781 2055 παρεγένετο
2815 2025 2830 2052 ,
2886 1984 2986 2046 τῆς
3036 1973 3159 2047 ἷ’σης
3218 1974 3380 2050 χάριν
3426 1970 3779 2044 παιδεύσεως,

2134 2068 2458 2124 σύσσιτοίτε
2502 2069 2643 2140 ὁμοῦ
2693 2065 2783 2121 καὶ
2833 2063 3161 2142 ὁμορῥόφιοι
3209 2061 3549 2117 καθίστανται
3599 2058 3779 2130 ἀλλή-

2134 2155 2276 2220 λοις.
2333 2159 2395 2211 Ἣ
2455 2158 2507 2232 γ’
2565 2156 2655 2210 οὗν
2713 2154 3033 2232 ἀμφοτέρων
3108 2149 3334 2225 συζυγία
3392 2149 3480 2204 καὶ
3541 2146 3783 2226 συμφυία

2135 2245 2261 2302 οὐδὲ
2317 2247 2652 2321 παραστῆσαι
2714 2241 2897 2320 ῥᾴδιον
2957 2241 3080 2296 ὅσον
3136 2241 3383 2315 ἑκάτερον
3445 2233 3672 2307 ὤνησεν.
3725 2239 3781 2290 Ὁ

2139 2336 2232 2411 μὶν
2264 2336 2364 2412 γὰρ
2418 2334 2604 2408 μόνος,
2637 2333 2731 2388 κᾶν
2763 2354 2814 2387 τι
2864 2333 3056 2405 νοήσῃ,
3094 2331 3167 2403 μὴ
3213 2327 3615 2412 καταπιστεύων
3656 2327 3782 2380 ἑαυ-

2132 2430 2231 2497 τῷ,
2285 2411 2629 2500 περιέρχεται
2680 2424 2789 2491 (51)
2854 2424 3027 2490 ζητῶν
3095 2419 3209 2491 μεθ’
3267 2418 3329 2471 οῦ
3392 2411 3777 2493 βεϐαιώσηται·

2135 2509 2213 2566 ὅτ’
2243 2510 2301 2565 ἃν
2337 2508 2394 2565 δὲ
2424 2511 2789 2586 συγκραθῶσιν
2826 2507 2990 2583 ἄμφω
3021 2507 3155 2580 πρὸς
3193 2503 3317 2578 μίαν
3350 2503 3636 2575 ἐπιθυμίαν
3664 2523 3786 2557 παι-

2137 2597 2389 2671 δεύσεως,
2436 2596 2701 2667 ἀλλήλων
2760 2594 3171 2652 ἀποδείκνυνται
3224 2595 3521 2669 στήριγμα,
3579 2591 3671 2645 τόν
3728 2612 3787 2645 τε

2137 2689 2450 2765 εὑρίσκοντα
2517 2687 2567 2742 ἐν
2631 2689 2780 2763 μέρει
2840 2688 2951 2758 (52)
3011 2684 3099 2738 καὶ
3157 2683 3247 2738 τὸν
3313 2677 3634 2758 βεϐαιοῦντα
3686 2682 3785 2749 τὴν

2137 2777 2392 2849 ἀλήθειαν
2427 2774 2812 2853 συνειληφότες
2845 2774 2896 2829 ἐν
2931 2774 3165 2835 ἑαυτοῖς.

382 2856 780 2912 conﬁrmetur.
808 2865 881 2915 At
902 2878 1033 2917 cum
1062 2864 1196 2928 duo,
1237 2883 1355 2920 una
1392 2867 1574 2922 animi
1605 2867 2055 2938 conspiratione,
2088 2868 2161 2923 ad
2214 2884 2389 2923 unam
2438 2866 2786 2922 eruditionis
2837 2864 3217 2936 CUpiditatem
3251 2861 3407 2918 velut
3438 2858 3780 2925 coaluerint,

383 2948 589 2999 mutuo
638 2947 992 3005 adminiculo
1033 2950 1324 3021 nituntur,
1376 2955 1523 3010 duas
1574 2955 1852 3010 nimirum
1902 2972 2181 3028 personas
2231 2957 2288 3012 in
2331 2973 2458 3013 sese
2496 2954 2805 3027 complexi,
2859 2968 3066 3025 nempe
3095 2956 3151 3007 et
3180 2953 3309 3023 ejus
3343 2950 3443 3022 qui
3480 2949 3782 3005 veritatem

382 3032 619 3102 invenit,
652 3038 709 3090 et
736 3036 864 3107 ejus
895 3039 993 3109 qui
1025 3042 1291 3097 eamdem
1324 3044 1648 3099 conﬁrmat.

453 3125 657 3194 Atque,
708 3130 773 3180 ut
817 3127 1003 3183 multa
1044 3129 1319 3201 incidam,
1361 3132 1705 3204 praeclarum
1735 3134 2027 3206 quoddam

2209 3132 2308 3187 Καὶ
2362 3130 2453 3186 ’ίνα
2527 3132 2773 3203 συντέμω
2844 3130 2912 3184 τὰ
2966 3126 3194 3184 πλείονα
3227 3171 3240 3197 ,

3306 3124 3528 3197 ζηλωτή
3579 3123 3783 3198 γίνεται

387 3213 707 3269 amicorum
742 3232 845 3287 par
873 3217 1141 3273 efﬁcitur.
1173 3220 1319 3275 Nam
1343 3225 1400 3276 et
1424 3238 1538 3276 una
1566 3222 1887 3293 eademque
1920 3224 2031 3279 ﬁde

2149 3221 2363 3297 Ξυνωρίς
2394 3223 2528 3295 (53).
2562 3220 2742 3275 Πίστει
2791 3240 2850 3274 τε
2898 3217 2997 3293 γὰρ
3050 3220 3184 3286 ἦσαν
3246 3220 3343 3288 μιᾷ
3384 3212 3790 3291 πεφωτισμένοι

385 3301 712 3357 oollustrati
744 3308 927 3372 erant,
960 3309 1016 3361 et
1048 3307 1170 3378 pari
1202 3308 1429 3365 virtutis
1460 3326 1654 3367 arnore
1684 3312 2030 3383 ﬂagrabant,

389 3392 658 3447 concordi
696 3397 855 3447 motu
887 3401 1219 3464 currentes;
1247 3401 1303 3452 et
1332 3400 1827 3469 quemadmodum
1853 3404 2038 3456 arato-

394 3496 484 3535 res
516 3486 617 3535 aut
648 3481 932 3553 agricolae,
960 3484 1083 3555 pari
1106 3486 1284 3541 animi
1311 3488 1770 3559 promptitudine
1803 3490 2039 3561 sapien-

391 3568 484 3623 tim
517 3586 719 3625 arvum
763 3572 1201 3641 proscindentes
1240 3578 1297 3629 et
1339 3576 1717 3643 seminantes,
1754 3578 2039 3649 multipli-

392 3673 637 3729 cemque
668 3675 918 3715 messem
970 3660 1325 3733 colligentes.
1377 3664 1733 3720 Fortitudine
1778 3666 2037 3737 quidem,

2142 3310 2230 3365 καὶ
2281 3311 2472 3386 ἀρετῆς
2516 3309 2776 3383 ὁμότιμοι
2828 3306 3063 3383 ἐρασταὶ,
3112 3301 3389 3379 σύνδρομα
3436 3302 3665 3371 θέοντες,
3698 3298 3790 3353 καὶ

2144 3397 2380 3473 καθάπερ
2425 3397 2687 3473 ἀροτῆρες
2736 3398 2770 3465 ἢ
2822 3394 3105 3471 γεηπόνοι,
3164 3393 3421 3447 ἰσοσθενεῖ
3464 3393 3534 3463 τῇ
3588 3390 3791 3465 προθυ-

2150 3487 2249 3561 μίᾳ
2275 3489 2374 3556 τὴν
2408 3487 2638 3561 ἄρουραν
2687 3491 2788 3553 τῆς
2842 3484 3029 3561 σοφίας
3078 3482 3365 3555 τέμνοντές
3395 3501 3453 3535 τε
3501 3478 3590 3535 καὶ
3640 3477 3794 3533 σπεί-

2149 3596 2349 3649 ροντες,
2380 3575 2470 3630 καὶ
2521 3573 2804 3649 πολύχουν
2856 3573 3140 3645 ἀμώμενοι
3169 3572 3261 3625 τὸν
3289 3570 3515 3646 καρπόν.
3550 3565 3799 3642 Ἀνδρεία

2154 3666 2245 3739 μὲν
2279 3663 2370 3718 οῦν
2400 3663 2490 3719 καὶ
2541 3667 2609 3737 τῇ
2649 3663 2782 3737 πρὸς
2828 3662 2895 3715 τὰ
2945 3658 3089 3715 δεινά
3130 3660 3384 3733 καρτερίᾳ
3435 3661 3630 3732 μικροῦ
3662 3656 3795 3709 πάν-

394 3750 451 3801 et
482 3747 536 3799 in
571 3748 829 3803 adversis
864 3750 1037 3805 rebus
1068 3751 1426 3822 perferendis
1455 3754 1802 3821 constantia,
1837 3770 2033 3810 omnes

2149 3775 2254 3808 των
2290 3751 2575 3825 ὁμηλίκων
2627 3754 2738 3824 (54)
2791 3749 3110 3824 ἐκράτησαν.
3162 3746 3325 3802 Φιλεῖ
3368 3749 3470 3823 γὰρ
3502 3749 3536 3815 ἡ
3582 3745 3796 3814 νεότης,

395 3835 575 3890 ferme
605 3836 855 3907 aequales
886 3855 1023 3894 suos
1053 3839 1370 3895 anteibant.
1400 3840 1517 3895 Hoc
1547 3842 1703 3896 enim
1737 3841 1852 3897 fere
1875 3843 2042 3913 juve-

398 3942 537 3980 num
570 3924 772 3980 vitium
805 3932 915 3994 est,
939 3931 1021 3992 ut,
1047 3930 1546 3999 quemadmodum
1578 3930 1810 4001 equulei
1840 3931 2046 4003 strepi-

395 4020 493 4069 tus
522 4018 579 4069 et
605 4015 864 4080 umbras,
898 4016 980 4072 sic
1005 4016 1117 4088 ipsi
1139 4034 1370 4090 quoque
1399 4019 1736 4091 ingruentes
1767 4020 2043 4077 adversos

397 4119 570 4158 casus
599 4118 747 4173 aegro
776 4121 840 4159 ac
872 4106 1114 4162 moleste
1145 4107 1347 4162 ferant.
1383 4108 1497 4179 Ipsi
1532 4113 1734 4164 contra
1763 4126 1830 4165 ea
1858 4110 2046 4165 ﬁrmi-

400 4195 518 4244 tate
547 4194 732 4260 eraut,
766 4196 829 4245 ut
858 4209 944 4257 ea,
978 4210 1104 4264 quae
1150 4201 1386 4267 repente
1430 4196 1773 4269 plerumque
1805 4215 1870 4252 ac
1900 4215 2044 4270 prae-

2152 3837 2334 3914 ὥσπερ
2386 3844 2496 3913 (55)
2528 3842 2580 3895 οὶ
2627 3839 2810 3895 πῶλοι
2856 3842 2963 3892 τῶν
3014 3835 3192 3891 ἵππων
3245 3836 3381 3912 πρὸς
3428 3834 3553 3896 τοὺς
3587 3833 3795 3912 ψόφους

2152 3931 2241 3985 καὶ
2278 3931 2373 3991 τὰς
2419 3929 2592 3997 σκιὰς,
2643 3928 2785 3983 οὕτω
2827 3933 2942 3989 τοῖς
2983 3925 3381 4001 ἐπιγινομένοις
3430 3922 3565 3995 αύτῇ
3600 3920 3796 3997 δυσχε-

2157 4018 2352 4095 ραίνειν
2407 4020 2497 4073 καὶ
2553 4018 2797 4081 ἀνιᾶσθαι
2830 4061 2842 4073 .
2903 4015 3069 4073 Αὐτοὶ
3300 4012 3610 4067 τούναντίον
3659 4009 3793 4085 ᾖσαν

2154 4109 2345 4182 πάγιοι
2399 4106 2489 4162 καὶ
2564 4103 2873 4175 δυσκίνητοι
2930 4104 3065 4177 πρὸς
3135 4104 3202 4157 τὰ
3258 4102 3467 4177 ἀθρόως
3525 4098 3797 4161 πολλάκις

2154 4195 2643 4270 καινοτομούμεναο
2687 4194 2760 4256 ὡς
2806 4192 2895 4248 καὶ
2955 4196 3179 4265 σεισμοῦ
3238 4188 3342 4259 τὴν
3389 4186 3627 4245 Ἑλλάδα
3670 4207 3799 4241 κατ-

399 4282 488 4332 ter
518 4294 738 4333 morem
786 4280 1146 4353 accidebant,
1191 4285 1526 4355 tranquillis
1578 4288 1753 4358 atque
1782 4286 2033 4344 immotis

2155 4284 2444 4363 ειληφότος
2501 4281 2922 4359 μεγαλοψύχους
2968 4281 3163 4343 αὐτοὺς
3238 4278 3383 4355 παρᾶ
3450 4284 3608 4332 πᾶσιν
3663 4276 3799 4330 ἀπο-

402 4366 616 4422 animis
646 4367 1012 4439 exciperent:
1042 4370 1183 4427 adeo
1206 4376 1271 4427 ut
1300 4373 1476 4428 etiam
1506 4380 1671 4429 terrea
1704 4381 1866 4430 metu
1897 4380 2049 4432 Grae-

403 4455 552 4510 ciam
585 4454 912 4524 invadente,
933 4457 1122 4515 .fortes
1152 4460 1451 4531 animique
1475 4462 1872 4532 magnitudine
1902 4481 2046 4536 prea-

402 4549 628 4600 stantes
659 4545 813 4617 apud
843 4562 1046 4602 omnes
1069 4546 1283 4602 inventi
1308 4549 1443 4612 sint,
1476 4549 1751 4621 dignique
1782 4552 1883 4622 qui
1912 4569 2045 4624 pro-

2157 4371 2463 4449 δειχθῆναι,
2499 4372 2589 4427 καὶ
2632 4375 2739 4426 τῶν
2793 4373 3146 4449 προφητικῶν
3193 4367 3373 4441 ἀξίους
3430 4370 3650 4445 φωνῶν
3707 4365 3806 4420 Διᾶ

2153 4467 2312 4518 τοῦτο
2371 4460 2433 4517 ού
2501 4456 2928 4541 φοϐηθησόμεθα
3003 4458 3054 4514 ἐν
3129 4462 3208 4530 τῷ
3273 4458 3627 4534 ταράσσεσθαι
3703 4455 3801 4523 τήν

2156 4571 2279 4626 γην.

408 4633 654 4705 pbeticis
684 4634 875 4691 verbis
907 4639 1245 4693 uterentur:
1278 4642 1580 4709 Propterea
1608 4654 1723 4695 non
1752 4640 2089 4709 timebimus,
2121 4642 2259 4699 dum
2289 4641 2603 4698 turbabimr
2639 4644 2787 4695 terra
2815 4639 2880 4692 ⁸⁸.

475 4785 518 4818 ⁸⁷
552 4784 625 4841 ΙΙΙ
656 4786 797 4859 Reg.
829 4803 989 4858 XVIII,
1020 4787 1108 4843 39.
1140 4787 1185 4823 ⁸⁸
1217 4787 1369 4845 Psal.
1402 4807 1527 4859 xcv,
1555 4792 1608 4846 3.

478 4935 590 5014 (ff?)
619 4940 823 5014 Ἑαυτῷ
852 4938 1281 5014 restituendum
1313 4946 1523 5014 putant
1540 4943 1789 5000 Montac.
1814 4949 1872 5001 et
1892 4947 2057 5003 Com-

412 5007 527 5063 bef.
563 5007 621 5062 in
656 5009 809 5064 notis
840 5011 985 5065 suis.

479 5080 589 5150 (48)
621 5080 877 5135 Combef.
913 5081 1086 5150 legit:
1136 5082 1194 5138 Ὀ
1239 5081 1367 5146 Θεὸς
1418 5084 1665 5145 τοιοῦτός
1695 5084 1856 5144 ὶστιν,
1889 5087 2051 5145 Colb.

413 5151 464 5216 1,
495 5151 548 5215 2,
582 5156 638 5205 et
667 5151 761 5206 Or.
796 5167 809 5206 :
843 5151 899 5204 Ὀ
929 5152 1056 5213 Θεὸς
1089 5152 1243 5215 οὗτός
1277 5154 1387 5210 ἐστι
1418 5155 1568 5218 Θεός.

2163 4945 2299 5001 Cod.
2335 4944 2392 4998 P.
2427 4942 2701 5014 similiter
2728 4943 2899 5014 habet
2926 4936 3276 5014 πολυσχιδεῖ,
3305 4943 3363 4994 et
3385 4938 3443 4991 in
3468 4940 3587 4994 not.
3622 4950 3804 5007 marg.

2164 5014 2477 5097 πολυμερῆ,
2511 5010 2799 5097 εἷς-πολλὰ
2830 5010 3172 5097 sentix-16%)}:
3270 5082 3282 5097 ‘
3349 5081 3371 5097 η
3438 5078 3465 5097 η
3501 5072 3531 5097 ρ
3616 5077 3628 5097 ,

2237 5072 2351 5158 (5Ῑ)
2385 5072 2715 5157 tegendum
2772 5072 3067 5159 existimat
3116 5081 3381 5159 ,Combef.
3413 5072 3811 5159 βεϐαιώσεται.

2235 5147 2350 5228 (52)
2408 5152 2543 5214 Post
2600 5161 2844 5211 Montac.
2909 5157 3045 5227 legit
3088 5153 3357 5228 _Combet'.
3410 5147 3460 5204 ἐν
3514 5147 3684 5223 μέρει,
3734 5150 3818 5205 ita

482 5222 1047 5301 (~59;"Empixuplac.
1117 5225 1315 5282 Comb.
1376 5229 1686 5300 legendum
1748 5235 1945 5286 censet
1999 5229 2033 5284 ἐξ

2166 5222 2293 5285 cod.
2330 5222 2388 5285 Ρ.
2428 5231 2488 5301 In
2522 5230 2875 5301 quibusdam
2908 5222 3057 5301 edit.
3084 5224 3135 5278 tv
3165 5226 3343 5301 deest.

408 5290 717 5363 τρικυμίας.

626 5364 693 5444 In_
720 5364 860 5444 edit.
909 5371 966 5444 et
1006 5367 1065 5444 in
1113 5368 1670 5444 codd.__quibusdam
1702 5366 2054 5444 πολυσχεδιῖ,

411 5435 511 5490 sed
544 5435 870 5516 Monta_c.e_t_.
898 5439 1150 5516 Combef.
1180 5435 1387 5516 melius
1410 5443 1679 5516 judicent
1706 5435 2056 5516 πολυσῇξιξεῖζ

415 5522 563 5595 nam‘
598 5508 748 5593 apud
778 5508 1448 5595 ,Ἰλΐέοοᾶονςῐιιῐῐιάἀπλῆ
1479 5512 1579 5587 γὰρ
1607 5512 1858 5595 ἀλήθεια,
1891 5508 2060 5595 italu:

2381 5292 2715 5382 gelu-Lat
2738 5301 2872 5382 pud.
2907 5299 2967 5353 P.
3002 5297 3244 5382 γίνονται
3274 5292 3522 5382 ξυνωρίς.

2262 5364 2353 5440 54)
2385 5372 2602 5425 Πάντων
2636 5367 2947 5442 ὁμιλήκῳν,
2982 5364 3063 5426 sic
3114 5369 3171 5423 in
3230 5368 3370 5424 edit.
3404 5364 3425 5419 ε’
3453 5374 3511 5420 at
3549 5364 3716 5419 codd.
3750 5367 3816 5419 P.

2241 5374 2353 5497 (54)
2385 5374 2602 5425 Πάντων
2636 5374 2947 5452 ὁμιληκων,
2982 5374 3050 5426 si<

2164 5446 2342 5525 Col);
2360 5446 2419 5525 1.,Δ
2441 5443 2709 5525 2,het_0r:
2744 5442 2854 5525 ὁμη
2866 5441 3050 5525 Λίκνων.

2239 5516 2348 5586 (55)
2384 5502 2464 5569 Ita
2490 5502 2654 5570 ’Col‘o.
2692 5517 2744 5572 1.
2780 5502 2854 5570 'In'
2877 5515 3014 5570 edit.
3050 5511 3144 5572 ὡς.
3175 5514 3302 5565 Mox
3333 5509 3460 5564 cod.
3496 5508 3553 5563 P.
3588 5506 3640 5560 οι
3670 5502 3811 5559 πολ-

418 5574 708 5657 σχιδξιςςτὸ
766 5576 959 5657 ψεῦδος
1006 5580 1094 5657 καὶ
1151 5574 1804 5657 πολύτροπονῇλςίτῃμῖσω
1830 5574 1979 5642 énim
2008 5590 2060 5641 et
2168 5574 2276 5641 λοῖ,

416 5650 649 5705 candida
678 5653 893 5722 veritas,
926 5653 1266 5712 mendacium
1299 5650 1637 5727 multiﬁdum
1665 5650 1715 5713 et
1760 5666 2053 5715 versutum.

2239 5658 2350 5730 (ᾶῆ)
2376 5657 2470 5714 Sic
2499 5657 2659 5713 Colb.
2698 5659 2748 5714 1.
2783 5660 2845 5715 In
2877 5657 3015 5715 edit.
3040 5648 3429 5724 autem,Az’noi
3452 5645 3531 5708 δέ.
