4152 6208
369 342 487 405 255

1493 346 1676 409 VITA
1724 348 1791 408 S.
1838 347 2207 409 GREGORII
2250 347 2645 409 THEOLOGI

3655 349 3777 411 256

366 474 605 531 virtutis
636 474 781 531 ﬁnes
840 475 1246 533 consistentes.
1274 477 1478 551 Inopia
1506 482 1699 535 autem
1721 479 1801 535 ita
1829 479 2012 536 excel-

2143 477 2267 535 »ὅτω
2321 485 2421 549 τῆς
2468 480 2838 545 ’Δντισθένους
2895 480 2983 535 καὶ
3042 480 3320 556 Διογένους
3378 476 3467 534 καί
3552 481 3773 555 Κράτη-

373 562 590 631 lebant,
623 568 897 635 tantoque
929 564 1348 638 Antisthenem,
1371 571 1427 623 et
1455 568 1790 641 Diogenem,
1815 573 1871 625 et
1892 571 2021 625 Cra-

371 655 571 723 tetem,
628 652 927 709 intervallo
983 656 1404 726 praecedebant,
1457 661 1522 713 ut
1569 675 1769 715 eorum
1814 658 2019 715 laudes

371 740 787 813 magniﬁeique
810 742 960 797 tituli
986 760 1087 814 pro
1111 745 1286 801 meris
1310 746 1482 817 nugis
1510 747 1886 803 haberentur.
1908 747 2017 803 Ne-

372 846 491 901 que
521 828 675 884 enim
708 828 906 886 minus
937 848 1113 902 quam
1146 832 1228 887 illi
1260 851 1397 905 opes
1428 837 1899 908 aspernabantur
1924 853 1937 891 :
1964 839 2017 890 et

373 918 821 973 ostentationem
872 918 1127 989 interim,
1162 921 1467 994 inanisque
1511 923 1707 996 gloriae
1756 923 2018 979 studium

372 1005 575 1079 procul
596 1006 945 1079 ablegabant
975 1027 987 1064 :
1022 1026 1137 1082 quo
1167 1010 1302 1068 vitio
1343 1012 1669 1069 admirandi
1717 1012 1801 1068 illi
1847 1028 2021 1068 canes

374 1094 744 1164 tenebantur,
770 1096 1024 1169 publicis
1055 1100 1381 1174 praeoniis,
1414 1101 1893 1174 reliquorumque
1923 1100 2022 1157 ho-

377 1182 607 1239 minum
638 1185 1477 1263 contemptione,philosophizs
1498 1191 1841 1263 gravitatem
1868 1189 2021 1248 labe-

381 1272 666 1329 iactantes
698 1278 754 1330 et
784 1276 1132 1334 obterentes.

439 1362 467 1417 .l
474 1378 566 1417 am
586 1362 657 1418 de
678 1363 986 1435 prudentia
1001 1370 1058 1421 et
1081 1365 1369 1439 sapientia
1390 1368 1530 1441 quid
1554 1368 1763 1425 attinet
1784 1367 1975 1425 dicere
1991 1366 2019 1424 ‘t

375 1455 516 1506 Cum
548 1452 741 1508 omnis
769 1453 903 1523 vita,
939 1471 1056 1510 una
1086 1454 1202 1511 illis
1230 1456 1529 1513 meditatio
1561 1462 1734 1529 esset,
1763 1474 1828 1514 ac
1856 1457 2019 1530 cupi-

372 1540 529 1596 ditas
558 1546 732 1597 noctu
782 1542 998 1615 diuque
1028 1545 1156 1616 ejus
1187 1544 1572 1618 adipiscendis
1603 1546 1891 1603 desiderio
1931 1547 2019 1603 in-

370 1632 552 1700 tenta,
577 1646 692 1685 non
716 1645 885 1689 secus
907 1636 1081 1703 atque
1102 1632 1196 1701 iis,
1211 1636 1308 1705 qui
1323 1635 1647 1691 thesaurum
1664 1634 1928 1709 eﬂodiunt
1950 1636 2017 1703 9‘,

372 1721 437 1773 ut
470 1718 658 1774 verbis
681 1718 789 1775 Job
820 1725 969 1777 utar.
1005 1721 1185 1779 Probe
1224 1724 1441 1780 etenim
1481 1727 1762 1781 noverant
1801 1724 2016 1797 egregii

2124 589 2218 630 τος
2245 571 2357 642 (64)
2390 569 2791 645 ὑπερήρθησαν,
2840 570 2914 632 ὡς
2965 565 3181 625 παιδιὰν
3215 568 3489 646 ἀποφῆναι
3538 570 3605 623 τά
3637 568 3778 624 ἐκεί-

2124 678 2231 714 νων
2283 657 2763 735 σεμνολογήματα.
2815 661 2981 715 Ἦσαν
3027 658 3130 735 γὰρ
3177 657 3352 730 ἐξίσου
3405 660 3500 731 μὲν
3552 658 3777 722 ἐκείνοις

2126 745 2417 819 κτημάτων
2469 748 2920 825 ὑπερφρονοῦντες
2954 793 2967 819 ,
3016 746 3327 817 ἀλαζονείαν
3381 745 3439 803 δὲ
3484 747 3571 803 καὶ
3619 770 3774 803 κενο-

2129 832 2306 905 δοξίαν
2536 835 2961 909 ἀποσειόμενοι·
3018 839 3102 899 αῖς
3365 836 3416 891 οἱ
3477 838 3775 909 θαυμαστοὶ

2127 921 2279 986 κύνες
2308 922 2572 995 ἑάλωσαν,
2605 922 2895 998 δημοσίοις
2943 925 3255 1001 κηρύγμασι
3302 926 3389 980 καὶ
3420 931 3528 981 τῶν
3564 924 3770 981 λοιπῶν

2127 1011 2421 1086 ἀνθρώπων
2456 1012 2722 1090 ὑπεροψίᾳ
2748 1014 2812 1069 τὸ
2842 1022 2941 1083 τῆς
2990 1012 3313 1091 φιλοσοφίας
3360 1015 3551 1087 σεμνὸν
3587 1012 3770 1089 λυμη-

2126 1100 2352 1174 νάμενοι
2382 1104 2515 1175 (67).

2201 1368 2529 1441 Φρονήσεως
2580 1364 2639 1424 δὲ
2683 1363 2859 1425 ἕνεκεν
2908 1368 2961 1424 τί
3005 1369 3119 1445 χρὴ
3175 1368 3265 1424 καὶ
3308 1364 3488 1444 λέγειν
3518 1387 3532 1439 ;
3564 1369 3646 1433 οἷς
3679 1368 3779 1443 μία

2133 1453 2334 1529 μελέτη
2384 1457 2521 1520 ἅπας
2571 1458 2599 1512 6
2647 1456 2764 1533 βίος
2814 1460 2950 1531 (68),
2995 1458 3084 1513 καὶ
3135 1453 3312 1535 ἔφεσις
3362 1455 3601 1528 ἄληκτος
3650 1458 3777 1534 περί

2126 1546 2225 1613 τὴν
2258 1544 2424 1616 αὑτῆς
2454 1552 2644 1617 κτῆσιν
2695 1545 2909 1603 ἐτέτατο
2954 1547 3043 1601 καὶ
3091 1545 3301 1623 νύκτωρ
3351 1545 3440 1602 καὶ
3485 1547 3603 1612 καθ’
3640 1547 3779 1617 ἠμέ-

2130 1654 2247 1710 ραν,
2324 1633 2505 1711 ὥσπερ
2581 1636 2849 1712 θησαυρὸν
2926 1635 3273 1710 ὀνορύττουσι
3306 1681 3322 1709 ,
3397 1634 3532 1691 καθά
3610 1657 3773 1714 φησιν

2126 1720 2249 1779 Ἰὼϐ
2280 1724 2308 1779 6
2343 1725 2627 1801 μακάριος.
2668 1723 2742 1780 Εὖ
2788 1726 2893 1802 γὰρ
2942 1722 3159 1800 ᾔδεισαν
3192 1723 3244 1780 οἱ
3290 1721 3556 1801 γεννάδαι,
3611 1723 3696 1780 ὅτι
3746 1726 3774 1780 6

348 1805 479 1863 'viri
524 1807 785 1865 laborem
823 1810 882 1865 in
915 1809 1291 1869 meditatione
1338 1813 1500 1885 prius
1551 1814 1905 1885 impensum,
1958 1814 2017 1868 in

2143 1813 2180 1869 ἓν
2207 1813 2277 1888 τῇ
2312 1812 2511 1889 μελέτῃ
2536 1812 2932 1887 προδανεισθεὶς
2981 1814 3144 1877 πόνος
3193 1812 3245 1869 έν
3293 1815 3364 1915 τῇ
3401 1810 3638 1887 διαμονῇ
3682 1814 3774 1869 καὶ

372 1898 803 1970 perseverantia
841 1899 1213 1973 scientiaeque
1260 1902 1526 1958 ubertate
1572 1907 1630 1959 et
1672 1904 1856 1975 copia,
1898 1901 2015 1958 vim

2143 1907 2203 1975 τῷ
2232 1901 2433 1974 πλήθει
2461 1910 2559 1974 τῆς
2592 1905 2844 1980 γνώσεως
2873 1905 2972 1974 τήν
3023 1902 3180 1980 ἰσχὺν
3214 1899 3544 1959 ἀποδίδωσιν
3564 1948 3576 1961 .
3614 1902 3773 1960 Οὕτω

371 2001 540 2041 suam
569 1988 843 2057 proferre.
876 1989 956 2044 Ex
982 2005 1093 2061 quo
1111 1992 1593 2062 assequebantur,
1620 1996 1683 2046 ut
1708 2008 1823 2047 non
1845 1991 2017 2047 modo

373 2073 625 2145 aquales
652 2094 812 2143 suos,
844 2080 944 2134 sed
966 2084 1021 2134 et
1050 2079 1335 2150 plurimos
1358 2085 1496 2136 natu
1538 2082 1786 2152 majores
1828 2081 2015 2137 nomi-

371 2162 465 2219 nis
495 2163 803 2236 splendore
833 2175 1196 2238 superarent,
1229 2174 1356 2224 tum
1390 2174 1624 2241 propter
1654 2169 1913 2225 laborem
1961 2173 2018 2225 et

368 2250 722 2308 industriam
751 2262 1085 2329 naturaeque
1114 2258 1454 2327 bonitatem,
1504 2263 1626 2314 tum
1658 2259 1832 2315 etiam
1884 2258 2020 2330 quia

375 2341 435 2396 in
465 2340 844 2399 honestarum
878 2350 1107 2401 tantum
1138 2346 1623 2421 laudabilumque
1657 2364 1849 2404 rerum
1891 2352 2016 2404 stu-

372 2429 539 2486 dium
570 2430 993 2489 incumbebant.
1025 2437 1214 2507 Atque
1235 2436 1293 2491 in
1326 2440 1448 2493 tota
1465 2437 1699 2508 quidem
1724 2453 2019 2509 gramma-

371 2517 489 2573 tica
516 2517 663 2575 nihil
687 2521 924 2577 omnino
942 2538 1040 2578 eos
1066 2522 1231 2594 fugit,
1262 2540 1376 2579 non
1400 2530 1719 2579 metrorum
1756 2523 2017 2593 scientia,

374 2624 492 2664 non
526 2607 733 2679 poetici
768 2610 928 2683 scopi
958 2615 1016 2667 et
1054 2612 1227 2685 tropi,
1260 2630 1373 2668 non
1388 2613 1642 2669 historiae
1684 2614 1872 2685 copia,
1905 2629 2021 2669 non

376 2696 626 2752 forensis
657 2697 929 2755 dictionis
959 2700 1203 2771 puritas.
1236 2706 1302 2756 In
1346 2701 1634 2757 rhetorica
1664 2708 1861 2758 autem
1892 2719 2021 2757 eam

371 2785 657 2841 rationem
690 2786 1041 2857 habuerunt,
1078 2795 1141 2845 ut
1172 2791 1481 2846 verborum
1521 2790 1808 2862 elegantia
1824 2791 2022 2846 decer-

374 2876 474 2944 pta
501 2878 674 2946 atque
704 2875 943 2932 collecta
981 2877 1295 2934 falsitatem
1344 2880 1533 2952 ipsius
1588 2880 2026 2950 mentiendique

373 2960 679 3019 libidinem
728 2964 993 3025 vitarent.
1045 2966 1478 3039 Philosophiam
1512 2984 1703 3039 porro,
1747 2972 1865 3023 tam
1896 2984 2027 3023 eam

378 3066 505 3123 quae
539 3051 598 3108 in
632 3053 915 3123 moribus,
961 3072 1137 3128 quam
1171 3073 1296 3129 quae
1320 3056 1378 3111 in
1410 3057 1642 3129 placitis
1663 3062 1720 3113 et
1745 3057 2024 3126 doctrina,

378 3141 731 3214 medicaeque
762 3143 1109 3201 indicatione
1155 3150 1213 3200 et
1257 3146 1695 3202 ratiocinatione
1738 3152 2024 3213 versatur,

2130 1992 2224 2065 μὲν
2271 1992 2365 2046 οὗν
2423 1993 2653 2069 ὑπῆρξεν
2712 1992 2897 2055 αὐτοῖς
2949 1998 3055 2048 τῶν
3116 2014 3174 2048 τε
3224 1993 3341 2047 καθ’
3398 1992 3618 2053 έαυτοὺς
3677 1991 3768 2046 καὶ

2126 2078 2396 2136 πλείστων
2447 2083 2816 2159 ἀρχαιοτέρων
2871 2080 3278 2155 εὑκλεεστέρους
3328 2078 3571 2157 γενέσθαι
3617 2079 3768 2151 πόνῳ

2124 2190 2184 2225 τε
2210 2169 2300 2225 καὶ
2333 2168 2598 2245 εὐκληρίᾳ
2644 2170 2876 2249 φύσεως,
2926 2172 3015 2226 καὶ
3062 2175 3140 2243 τῷ
3184 2169 3311 2244 περὶ
3356 2170 3424 2225 τὰ
3450 2168 3592 2225 καλὰ
3634 2168 3772 2241 μόνα

2127 2256 2531 2315 ἐσπουδακέναι.
2564 2266 2959 2336 Γραμματικῆς
2996 2260 3089 2332 μὲν
3144 2258 3232 2314 οὗν
3266 2257 3450 2321 αὐτοῖς
3490 2255 3769 2313 οὑδοτιοῦν

2127 2352 2350 2422 παρεῖτο
2401 2347 2595 2417 λαθὸν,
2647 2347 2708 2402 οὐ
2772 2349 2980 2422 μέτρων
3028 2348 3330 2419 ἐπιστήμη,
3390 2346 3452 2402 οὑ
3492 2346 3772 2416 ποιητικοὶ

2129 2435 2322 2491 σκοποὶ
2353 2437 2441 2490 καὶ
2474 2436 2687 2512 τρόποι,
2743 2437 2850 2512 οὐχ
2886 2436 3125 2512 ἱστορίας
3172 2435 3412 2505 πλῆθος,
3462 2434 3523 2490 οὐ
3563 2432 3775 2489 πολιτι-

2127 2528 2228 2594 κῆς
2278 2522 2471 2595 λέξεως
2516 2525 2855 2599 καθαρότης’
2892 2525 3189 2602 ῥητορικῆς
3242 2522 3299 2579 δὲ
3348 2525 3411 2579 τὸ
3467 2531 3568 2593 τῆς
3627 2524 3775 2601 φρά-

2132 2635 2265 2676 σεως
2325 2612 2531 2676 κάλλος
2588 2614 3044 2687 ἀπανθησάμενοι,
3100 2615 3163 2669 τὸ
3219 2612 3422 2687 ψεῦδοσ
3479 2611 3772 2683 ἐξέκλιναν·
3816 2614 3825 2619 ’

2132 2702 2455 2782 φιλοσοφίας
2506 2701 2563 2758 δέ
2611 2704 2834 2773 ἠθικῆς,
2864 2703 2953 2757 καὶ
2986 2702 3085 2773 ὅση
3142 2702 3191 2757 ἐν
3228 2700 3458 2777 δόγμασι
3490 2701 3579 2755 καὶ
3610 2702 3777 2774 ἱατρι-

2133 2794 2231 2859 κῆς
2266 2789 2506 2864 ἔνδειξιν,
2551 2791 2638 2846 καὶ
2684 2789 3087 2868 ἀναλογισμῶν,
3139 2790 3200 2845 οὑ
3253 2790 3447 2866 μέχρις
3492 2787 3775 2862 ἐλευθέρου

2138 2879 2398 2955 μετέσχον
2439 2877 2793 2947 παιδεύσεως,
2848 2881 2925 2942 ὡς
2974 2881 3032 2935 ἃν
3089 2881 3165 2953 μή
3218 2877 3451 2934 ἰδιωτῶν
3503 2877 3664 2951 μόνον
3713 2878 3777 2932 τὸ

2134 2968 2299 3025 πλέον
2356 2967 2557 3045 ἔχοιεν,
2597 2966 2744 3024 ἀλλὰ
2780 2970 3019 3045 καθάπερ
3062 2970 3202 3031 τινες
3232 2965 3513 3023 παιδευταὶ
3551 2966 3639 3021 καὶ
3693 2963 3779 3020 δι-

2137 3055 2396 3114 δάσκαλοι
2430 3056 2641 3133 ἄριστοι
2672 3059 2805 3132 (69).
2854 3064 2961 3127 Τῆς
3003 3055 3048 3113 δ’
3094 3056 3158 3112 αὖ
3208 3063 3473 3130 μουσικῆς
3514 3054 3637 3111 ὅσον
3683 3055 3778 3128 μὲν

2136 3146 2364 3223 ἀρχαῖον
2414 3148 2504 3201 καὶ
2552 3145 2871 3222 ἐναρμόνιον
2929 3145 3272 3218 ἐκμαθόντες,
3329 3146 3393 3200 τὸ
3448 3151 3547 3213 τῆς
3594 3147 3780 3219 ψυχῆς

380 3247 496 3286 non
527 3230 749 3287 liberali
781 3236 1008 3288 tantum
1054 3234 1375 3291 eruditione
1415 3240 1587 3291 tenus
1619 3240 2022 3308 perceperunt,

2143 3216 2418 3309 θύμοειδές
2482 3255 2540 3290 τε
2596 3216 2693 3291 καὶ⁷
2761 3216 3115 3299 δυσκάθεκτον
3173 3234 3533 3307 ἐξεμάλασσον
3569 3252 3581 3265 ·
3614 3233 3676 3287 τὸ
3734 3229 3783 3286 δ’

381 3335 455 3374 ne
508 3319 757 3375 indoctis
804 3321 1086 3377 duntaxat
1132 3323 1463 3393 superiores
1512 3330 1710 3380 essent
1757 3341 1769 3379 :
1827 3340 2027 3379 verum

379 3409 874 3480 quemadmodum
889 3415 1253 3484 preceptores
1266 3412 1527 3485 quidam,
1536 3412 2029 3485 prmstantissimi-

382 3512 494 3568 que
524 3497 807 3554 doctores.
836 3499 969 3555 Jam
1002 3500 1061 3556 in
1095 3501 1320 3557 musica
1359 3501 1443 3557 ita
1485 3519 1547 3559 se
1594 3507 2028 3573 compararunt,

383 3589 449 3639 ut
477 3586 762 3658 quidquid
788 3587 845 3643 in
872 3605 940 3644 ea
966 3589 1186 3660 antiqui
1221 3596 1277 3645 et
1306 3591 1574 3646 concinni
1604 3596 1693 3647 est
1720 3591 2030 3647 addiscen-

381 3677 489 3743 tes,
523 3691 649 3730 eam
679 3677 886 3731 animas
918 3684 1163 3749 partem,
1198 3680 1254 3734 in
1288 3698 1401 3749 qua
1446 3680 1664 3735 irarum
1697 3680 1923 3736 exsistit
1943 3698 2035 3735 ar-

386 3763 490 3819 dor
520 3764 866 3835 eli‘renisque
888 3766 1163 3839 impetus,
1195 3768 1524 3824 emollirent
1558 3785 1570 3823 :
1608 3768 1892 3840 quidquid
1936 3786 2037 3824 au-

380 3846 504 3907 tem
536 3852 607 3908 ad
639 3852 993 3926 voluptatem
1022 3855 1291 3927 impellit,
1324 3857 1395 3911 ad
1429 3857 1656 3912 theatra
1687 3856 2030 3928 relegerent.

386 3940 713 4005 Quinetiam
748 3959 1126 4000 numerorum
1156 3944 1686 4018 supputationes,et
1705 3945 2033 4017 geometriae

2138 3324 2259 3380 ὅσον
2310 3324 2445 3400 πρὸς
2494 3321 2700 3393 ἡδονὴν
2742 3325 2889 3401 φέρει
2936 3328 3055 3385 ταῖς
3102 3328 3323 3393 σκηναῖς
3372 3320 3781 3395 ἀπεπέμψαντο.

2136 3415 2413 3488 Ἀριθμῶν
2474 3410 2531 3467 δὲ
2588 3411 2909 3487 λογισμοὺς,
2966 3411 3057 3465 καὶ
3112 3411 3448 3487 γεωμετρίας
3510 3410 3732 3479 ἰσότητα
3766 3454 3781 3479 ,

2138 3500 2227 3555 καὶ
2258 3502 2466 3573 ἄστρων
2517 3500 2658 3564 θέσιν
2709 3500 2797 3554 καθ
2844 3502 3078 3571 κίνησιν,
3118 3500 3357 3575 καθάπερ
3389 3498 3499 3554 νέοι
3546 3505 3785 3567 Μωϋσῆς

2136 3610 2196 3645 τε
2221 3590 2310 3643 καὶ
2342 3587 2568 3660 Δανιὴλ,
2620 3586 3047 3657 έκπαιδεύονται,
3100 3587 3162 3643 οὐ
3192 3588 3330 3663 πρὸς
3381 3588 3595 3643 ἐκείνων
3643 3584 3785 3660 μᾶλ-

2142 3676 2236 3732 λον
2269 3677 2546 3754 ἀγόμενοι,
2578 3677 2705 3733 ἀλλ’
2746 3675 3253 3752 αἰχμαλωτίζοντες
3301 3677 3436 3731 κατᾶ
3463 3677 3524 3731 τὸ
3553 3696 3785 3751 γεγραμ-

2146 3767 2303 3838 μένον
2363 3772 2465 3820 πᾶν
2523 3765 2706 3838 νόημα
2763 3764 2839 3827 εἷς
2896 3766 2995 3832 τὴν
3068 3765 3308 3832 ὑπακοὴν
3364 3769 3461 3819 τοῦ
3520 3768 3783 3840 Χριστοῦο

2140 3852 2348 3915 κάλλος
2400 3874 2459 3909 τε
2504 3854 2594 3907 καὶ
2658 3852 2860 3920 σκέπην
2910 3860 3012 3923 τῆς
3062 3854 3285 3929 πρώτης
3343 3852 3533 3929 σοφίας
3586 3850 3787 3922 ταύτην

2140 3942 2436 4015 τιθέμενοι.
2470 3942 2567 3997 Καὶ
2600 3940 2689 3997 διά
2716 3941 2951 4012 πάντων,
2979 3942 3055 4004 ὡς
3103 3938 3231 4003 ἔπος
3280 3940 3469 4006 εἰπεῖν,
3512 3935 3785 4012 ἑϐάδισαν,

386 4032 1125 4107 aequitatem,siderumque
1146 4036 1325 4092 situm
1348 4053 1414 4092 ac
1446 4040 1692 4103 motum,
1724 4035 1883 4091 velut
1904 4035 2022 4090 novi

2148 4030 2441 4107 βελτιόνων
2495 4052 2554 4085 τε
2607 4032 2697 4086 καὶ
2739 4030 3023 4106 χειρόνωνο
3067 4029 3205 4085 ὥστε
3248 4031 3316 4084 τὰ
3360 4031 3452 4104 γὲν
3502 4027 3647 4106 ἔχειν
3692 4050 3788 4107 φυ-

388 4120 617 4193 Moyses
647 4126 705 4176 et
754 4123 974 4195 Daniel,
1006 4125 1196 4181 edocti
1242 4130 1381 4181 sunt
1412 4125 1494 4180 ita
1542 4130 1737 4181 tamen
1799 4129 1863 4180 ut
1918 4142 2022 4181 non

2143 4126 2276 4197 γεῖν,
2305 4120 2373 4175 τὰ
2401 4117 2459 4175 δὲ
2488 4118 2702 4175 ἑλέσθαι
2754 4120 2889 4193 μετὰ
2932 4119 3213 4180 συνέσεως.
3265 4119 3501 4173 Ἐπαινῶ
3545 4119 3648 4193 γὰρ
3694 4117 3788 4173 τὸν

385 4210 509 4262 tam
542 4209 613 4263 ab
638 4208 755 4266 illis
777 4211 1150 4283 ducerentur,
1192 4230 1395 4285 quam,
1423 4215 1581 4286 quod
1612 4214 1688 4270 ait
1712 4214 2032 4286 Scriptura,

386 4296 733 4354 intellectum
760 4314 972 4356 omnem
1004 4301 1065 4355 in
1091 4302 1471 4373 captivitatem
1518 4303 1828 4375 redigerent
1852 4306 1915 4360 in
1942 4304 2035 4361 ob-

457 4432 501 4469 “
528 4431 657 4489 Job.
691 4449 776 4500 ιιι,
804 4433 895 4490 21.

460 4564 679 4639 (lolium
706 4565 997 4639 ιιςνδαιίιε,Δ
1007 4573 1293 4639 ventorum
1322 4567 1380 4622 vi
1403 4565 1739 4639 expositum;

458 4636 608 4703 Quod
638 4636 853 4707 quidem
877 4638 933 4692 ei
961 4635 1211 4693 domibus
1240 4653 1377 4693 auro
1408 4635 1563 4695 tectis
1592 4642 1711 4695 erat

453 4709 780 4764 Pretiosius.
792 4748 804 4763 .
815 4749 828 4763 .
840 4747 851 4761 .
862 4749 875 4764 .

455 4779 642 4835 Crates
670 4780 952 4846 similiter,
971 4794 1097 4833 cum
1124 4778 1338 4835 divitiis
1367 4781 1629 4837 altiorem

453 4850 520 4905 Se
556 4851 845 4921 praeberet,
883 4867 949 4906 ac
991 4864 1115 4921 opes
1160 4866 1288 4907 suas
1337 4853 1525 4923 pecori
1566 4852 1860 4923 pascendas
1906 4853 2032 4908 reli-

455 4993 517 5049 Ut
543 4994 809 5064 nequitia?
836 4992 1195 5048 administras
1228 5008 1292 5048 ac
1318 5008 1645 5065 corporum;
1719 4926 1958 4996 [θυιδαμ

460 5070 633 5135 Αναηι
660 5066 979 5130 ascendens,
1005 5080 1206 5135 magno
1235 5066 1510 5135 praconio

456 5134 707 5208 seipsum
730 5140 799 5191 ut
817 5138 881 5208 in
905 5133 1087 5191 media
1119 5133 1369 5208 Olympia
1400 5138 1760 5205 renuntiavit,

458 5207 707 5261 Mirabile
736 5206 877 5265 illud
903 5208 1112 5262 dictum
1143 5206 1487 5276 proclamans
1516 5225 1535 5261 :

462 5280 651 5333 Crates
679 5277 941 5334 Cratetem
973 5278 1262 5336 Thebxum
1291 5278 1543 5335 libertate
1570 5278 1735 5335 donat
1744 5294 1766 5341 ;

455 5349 790 5404 Servitutem
817 5366 930 5405 esse
952 5349 1154 5405 ducens
1182 5364 1426 5406 amorem
1454 5352 1721 5421 pecuniae.

453 5440 528 5493 At
554 5440 689 5509 quis
701 5440 942 5512 virtutes
961 5438 1442 5512 philosophorum
1468 5439 1701 5495 illorum
1717 5454 1883 5496 veras
1907 5456 2036 5512 esse

382 5509 659 5579 virtutes;
685 5511 816 5581 quis
843 5509 977 5565 illos
997 5527 1116 5565 rem
1140 5509 1348 5566 bonam
1376 5511 1519 5567 bene
1539 5516 1767 5567 secutos
1784 5511 2037 5568 dixerit?

382 5582 508 5639 Non
539 5586 693 5637 certe
714 5584 1025 5656 Gregorius
1052 5582 1149 5654 qui
1174 5581 1347 5654 paulo
1372 5582 1527 5641 infra
1549 5582 1632 5637 sic
1656 5582 1915 5655 loquitur
1947 5600 1962 5641 :

453 5674 676 5746 Πρῶτον
722 5671 816 5746 μὲν
845 5671 909 5746 ,οὑ
929 5668 1122 5746 μκίιλῷς
1166 5668 1229 5746 τὸ
1258 5668 1440 5746 καλῶς
1471 5670 1533 5746 τὸ
1561 5668 1725 5726 καλὸν
1754 5668 2034 5746 μετῄεσαν.

462 5690 497 5726 ιι
542 5691 676 5727 ωτον
722 5690 816 5745 μεν
848 5692 909 5727 ου
942 5690 1122 5732 nam;
1166 5690 1229 5726 το
1258 5690 1440 5731 καΛως
1471 5690 1533 5724 το
1561 5690 1623 5725 κα

462 5690 659 5804 Πλεῖον
689 5743 792 5825 γὰρ
828 5745 894 5817 ῆν
926 5738 1141 5814 ἔνδειξις
1168 5742 1204 5816 ἢ
1233 5738 1408 5802 καλοῦ
1435 5740 1623 5811 πόθος.

2144 4209 2384 4277 εἰπόντα,
2441 4208 2536 4263 κᾶν
2595 4208 2819 4284 θύραθεν
2878 4202 3070 4277 ἔστηκε
3122 4208 3224 4276 τῆς
3278 4206 3551 4281 ἡμετέρας
3587 4203 3786 4275 αὐλῆς·

2144 4298 2216 4354 Οὐ
2242 4300 2343 4375 γὰρ
2373 4296 2433 4353 τό
2463 4318 2527 4373 γε
2556 4298 2667 4371 (70)
2715 4294 2916 4373 γνῶναί
2960 4317 3013 4352 τι
3059 4298 3168 4350 τῶν
3213 4295 3290 4369 μή
3330 4292 3514 4351 καλῶν
3566 4294 3786 4369 ἄτιμονο

2061 4575 2109 4641 D
2210 4569 2398 4641 Primo
2426 4566 2644 4638 quidem
2671 4580 2781 4623 non
2809 4572 2953 4641 recte
2966 4568 3189 4641 rectum
3218 4564 3582 4641 secuti_sunt:

2208 4639 2377 4712 Magis
2404 4634 2557 4695 enim
2581 4645 2702 4695 erat
2717 4637 3029 4703 ostentatio,
3049 4652 3217 4709 quam
3256 4634 3510 4691 studium
3544 4636 3791 4692 virtutis.

2232 4746 2324 4815 64)
2353 4750 2464 4802 Pro
2495 4742 2795 4815 Κράτητος,
2827 4744 2957 4815 cod.
2989 4742 3052 4799 P.
3084 4741 3260 4799 habet
3290 4740 3637 4815 Σωκράτους.

2231 4811 2323 4884 65)
2353 4817 2489 4873 Cod.
2524 4811 2586 4872 Ρ.
2616 4811 2971 4884 καινοδοξίαν.

2215 4882 2333 4962 ζβό)
2364 4891 2453 4945 Ita
2477 4886 2641 4962 _Col_b.
2672 4890 2726 4962 ξ.
2762 4891 2825 4944 In
2850 4882 2993 4962 edit.
3028 4882 3131 4946 οις.

2209 4951 2327 5033 (67)
2380 4958 2517 5017 Cod.
2576 4960 2634 5016 P.
2681 4951 3095 5033 λοιμευόμενοι,
3151 4955 3479 5025 contagione
3538 4955 3793 5027 inﬁcien-

2214 5102 2322 5173 (68)
2375 5099 2466 5161 Οἷς
2522 5098 2636 5172 μία,
2668 5104 2776 5157 etc.
2840 5098 3068 5173 Billius
3100 5097 3184 5173 sic
3214 5097 3546 5173 reddiderat
3590 5113 3605 5152 :
3657 5096 3796 5173 Cum

2142 5169 2251 5244 ipsi
2280 5169 2388 5229 toto
2414 5169 2550 5230 vitae
2576 5174 2754 5244 spatio
2790 5171 2940 5227 nihil
2986 5170 3143 5244 aliud
3170 5169 3428 5244 meditati
3454 5171 3586 5238 sint,
3633 5171 3793 5242 cupi-

2180 5247 2471 5316 itatemque
2498 5240 2714 5299 omnem
2744 5244 2985 5316 suamrin
3003 5242 3123 5314 ejus
3150 5240 3435 5316 adeptione
3456 5240 3797 5315 noctuattﬂte

2141 5315 2391 5370 interdiu
2416 5315 2657 5387 deﬁxam
2684 5315 2999 5387 habuerint.

2235 5388 2327 5458 69)
2350 5377 2529 5443 Codd.
2563 5386 2658 5443 0r.
2691 5390 2750 5458 et
2778 5387 2840 5442 P.
2862 5384 2963 5458 καὶ
2994 5379 3421 5458 διδασκάλων-ο),
3449 5377 3681 5458 ἄριστοι.

2214 5388 2328 5529 (69)
2350 5388 2529 5475 Qodd.
2563 5388 2658 5443 0r.
2691 5390 2750 5443 et
2778 5388 2840 5442 P.
2872 5388 2963 5468 καὶ
2994 5388 3344 5468 διδασκάλων.
3367 5388 3421 5466 ο),
3449 5388 3710 5467 ἄριστοι..

2238 5460 2307 5514 70
2360 5459 2495 5514 (.od.
2530 5462 2624 5515 0r.
2657 5456 2799 5513 τότε.
2847 5457 2942 5513 διο
2992 5460 3259 5529 νοτίδι-ιιι
3288 5453 3490 5529 Billius
3523 5469 3539 5513 :
3569 5455 3797 5513 Minime

2141 5526 2494 5609 turpe'atque
2538 5530 2967 5609 ignominiosum
3021 5544 3133 5609 esse
3173 5526 3402 5609 aliquid
3434 5542 3797 5609 eorumhquz

2142 5597 2329 5656 minus
2360 5597 2583 5655 honesta
2610 5610 2761 5671 sunt,
2781 5601 3066 5671 coynitum
3096 5597 3311 5671 habere.
3363 5597 3599 5657 Brevior
3625 5597 3797 5658 06m-

2145 5672 2333 5732 beiisii
2354 5670 2773 5747 interpretatio,
2804 5670 2984 5745 quam
3013 5670 3445 5746 adoptavimus.
