4152 6208
294 359 398 419 25⁸1
1277 359 1643 422 AUCTORE
1689 359 1999 422 GREGOIt
2015 360 2087 420 l0
2136 361 2675 424 PRESBYTEBO.
3557 367 3678 428 258

290 489 406 545 ἀλλ’
433 488 563 543 ἴασιν
598 487 650 559 ἐξ
682 488 846 545 αὐτοῦ
895 484 1279 564 συμϐαίνεσθαι
1313 494 1422 566 (71)
1452 497 1567 554 τοῖς
1620 492 1696 567 μὴ
1742 492 1922 571 φθόνῳ

2048 496 2282 566 sequium
2314 495 2524 552 Christi
2553 498 2619 566 ³³,
2656 503 2828 569 atque
2861 496 3013 553 hanc
3058 496 3346 570 primariae
3377 500 3676 572 sapientia:

288 578 345 635 τὰ
372 578 651 654 λεγόμενα,
684 578 811 635 ἀλλ’
840 579 1021 652 εὐνοίᾳ
1048 577 1391 657 δεχομένοις.

2048 580 2196 637 ιυιοῐ]
2210 582 2522 641 ritudinem
2554 588 3078 659 tegumentumque
3099 590 3441 643 statuerent.
3472 589 3552 645 Ac
3576 605 3681 661 per

293 669 494 735 omnia,
527 674 592 725 ut
622 672 704 726 ita
734 670 959 743 loquar,
991 676 1111 728 tam
1144 673 1386 729 meliora
1414 689 1591 745 quam
1625 672 1935 739 deteriora,
1970 672 2218 743 grassati
2253 678 2412 742 sunt,
2458 682 2518 730 ut
2545 691 2678 730 cum
2704 674 2928 747 judicio
2958 691 3027 731 ea
3056 674 3269 748 partim
3303 676 3519 749 fugere,
3544 694 3681 750 par-

293 759 385 814 tim
417 759 735 832 amplexari
769 766 1028 833 possent.
1057 761 1197 818 Mihi
1232 763 1387 818 enim
1423 778 1772 835 magnopere
1812 761 2112 835 probatur,
2162 763 2315 834 quod
2358 763 2621 835 quidam,
2661 764 2796 819 licet
2836 782 2870 820 a
2918 770 3119 821 nostra
3149 763 3316 821 caula
3345 768 3676 837 extraneus,

295 848 463 903 dixit:
507 848 674 903 Haud
725 848 881 905 enim
928 854 1099 922 turpe
1141 867 1209 906 ea
1258 866 1429 907 nosse
1468 867 1595 923 quas
1639 851 1837 906 minus
1882 849 2127 906 honesta
2162 856 2335 907 sunt:
2386 852 2527 925 quin
2578 852 2772 924 potius
2825 854 3183 910 curationem
3227 871 3295 910 ex
3346 871 3413 911 eo
3454 856 3681 912 contin-

294 952 433 1009 gere,
465 937 537 992 iis
569 938 770 1008 utique
804 939 903 1011 qui
927 955 1041 996 non
1075 940 1293 1007 invido,
1326 941 1425 996 sed
1460 940 1708 995 candido
1736 956 1802 995 ac
1827 937 2103 995 benevolo
2134 940 2330 995 animo
2361 957 2428 996 ea
2456 956 2583 1011 quas
2614 940 2910 1013 dicuntur,
2943 942 3257 1013 accipiunt.

348 1022 512 1081 Ἀλλᾶ
558 1024 615 1080 τί
661 1022 882 1099 ἔπαθον,
914 1027 960 1080 ὧ
1006 1025 1159 1104 φίλοι
1188 1046 1201 1097 ;
1234 1026 1441 1098 Μεταξὺ
1486 1027 1587 1103 γὰρ
1634 1028 1840 1103 προϊὼν
1893 1027 1922 1081 ὁ

2105 1029 2215 1084 Sed
2280 1028 2419 1101 quid
2456 1028 2599 1084 mihi
2632 1029 2866 1098 accidit,
2900 1047 2931 1085 o
2992 1030 3163 1086 amici
3193 1030 3220 1086 7
3252 1031 3473 1088 Interea
3520 1033 3676 1091 enim

289 1111 457 1187 λόγος,
503 1113 843 1190 συναρπάσας
892 1114 981 1169 τὸν
1033 1114 1281 1191 λέγοντα,
1330 1113 1571 1191 καθάπερ
1616 1113 1787 1171 ’ίππος
1830 1116 1921 1170 τὸν

2048 1118 2410 1190 progrediens
2442 1118 2649 1187 oratio,
2680 1116 2838 1173 velut
2870 1135 3054 1190 equus
3112 1135 3421 1188 sessorem,
3474 1122 3558 1178 sic
3589 1139 3681 1179 me

290 1196 557 1275 ἐπιϐάτην,
620 1202 699 1265 εἷς
752 1202 878 1266 τοὺς
952 1202 1200 1267 ἐπαίνους
1275 1205 1569 1276 κατέστησε
1640 1203 1924 1262 Βασιλείου

2048 1210 2156 1261 περ
2182 1206 2470 1262 dicentem
2503 1206 2779 1279 abripuit,
2806 1210 2976 1280 atque
2996 1206 3056 1263 in
3088 1207 3239 1264 beati
3270 1208 3676 1268 Basiliilaudi-

287 1294 373 1344 τοῦ
406 1290 699 1367 μακαρίου.
732 1293 937 1369 Μικρὸν
971 1290 1062 1348 οὗν
1109 1292 1372 1370 ἐπισχὼν,
1407 1293 1518 1349 οἷόν
1567 1314 1674 1349 τισι
1728 1294 1923 1371 ῥυτῆρ-

2048 1298 2145 1350 bus
2173 1294 2486 1351 collocavit.
2520 1295 2729 1352 Parum
2757 1295 3247 1369 igiturinsistens,
3268 1297 3681 1369 velutquihus-

290 1400 361 1432 σιν
392 1382 501 1454 (72)
534 1380 838 1436 ἆναστείλω
865 1381 956 1437 τὸν
988 1380 1174 1459 λόγον,
1206 1382 1293 1438 καὶ
1323 1383 1422 1452 τὴν
1475 1381 1685 1458 τόλμαν
1736 1382 1924 1462 ἐφὲξω,

2048 1384 2170 1440 iam
2193 1384 2435 1441 habenis
2461 1386 2780 1442 orationem
2812 1386 3150 1459 reprimam,
3175 1387 3683 1460 temeritatemque

293 1468 360 1540 μή
419 1468 613 1545 πρόσω
669 1469 939 1548 φέρεσθαι.
973 1471 1035 1527 Οἱ
1082 1471 1182 1549 γὰρ
1223 1476 1331 1527 τῶν
1366 1472 1497 1549 ὑπὲρ
1530 1470 1751 1546 δύναμιν
1788 1471 1927 1551 ἐφιι-

292 1578 427 1629 μενοι
482 1557 575 1611 καὶ
633 1562 742 1613 τῶν
802 1560 1037 1636 μετρίων
1088 1560 1580 1637 ἀποτυγχάνουσιν.
1614 1561 1785 1619 Ἀλλᾶ
1831 1568 1929 1616 Βα-

290 1645 478 1708 σίλειος
545 1648 641 1719 μὲν
694 1650 806 1721 (73)
855 1651 954 1719 τήν
1006 1648 1182 1719 καλὴν
1229 1650 1595 1725 πραγματείαν
1663 1649 1929 1727 ἐμπορευ-

290 1736 529 1807 σάμενος,
565 1733 749 1792 οἷ’καδε
794 1734 963 1793 ἵκετο·
1016 1739 1316 1815 Γρηγόριος
1368 1737 1425 1794 δὲ
1468 1739 1629 1815 ἀπρὶξ
1665 1742 1778 1814 (74)
1808 1761 1931 1795 κατ-

293 1822 461 1899 είχετο
504 1829 628 1886 τοῖς
676 1826 975 1895 Ἀθηναίων
1035 1834 1337 1905 φοιτηταῖς,
1400 1831 1539 1902 μήτε
1592 1829 1690 1897 τὴν
1750 1826 1931 1899 ἔξοδον

289 1911 424 1983 αὐτῷ
453 1918 840 1989 συγχωροῦσι,
872 1915 963 1969 καὶ
994 1914 1265 1971 παιδεύειν
1315 1917 1509 1979 αὐτοὺς
1558 1915 1932 1993 ἐκλιπαροῢσι,

288 2000 372 2053 τόν
418 2021 475 2055 τε
526 2004 842 2078 σοφιστικὸν
895 2003 1085 2077 θρόνον
1134 2004 1506 2082 παρακαλοῦσι
1559 2003 1827 2082 δέχεσθαι.
1876 2007 1933 2061 Ὀ

291 2086 341 2143 δὲ
370 2090 502 2164 πρὸς
544 2090 643 2163 μὶν
674 2091 882 2167 ὀλίγον,
909 2094 1008 2161 τὴν
1049 2093 1186 2168 πρὸς
1233 2094 1429 2157 αὐτοὺς
1469 2097 1630 2171 χάριν
1674 2095 1932 2173 ἀφοσιού-

295 2198 440 2250 μενος
482 2181 624 2252 (75),
675 2178 873 2253 ἔμεινε’
908 2180 1101 2257 μικρὸν
1153 2180 1210 2237 δὲ
1257 2182 1498 2259 ὕστερον,
1532 2185 1765 2247 ἅπαντας
1805 2184 1934 2248 τοὺς

290 2265 448 2321 ἐκεῖσε
495 2266 697 2346 φίλους
740 2265 1125 2343 ἀντιϐολήσας,
1166 2272 1256 2327 καὶ
1304 2272 1511 2341 πείσας,
1543 2273 1617 2337 ὡς
1676 2273 1935 2350 ἀναγκαία

293 2351 367 2424 εἴη
427 2356 579 2429 αὐτῷ
620 2359 655 2427 ἡ
708 2358 854 2434 πρὸς·
892 2358 1022 2422 τοὺς
1069 2361 1323 2424 τεκόντας
1372 2362 1571 2438 ἄφιξις,
1622 2363 1937 2438 τριακοστὸν

290 2440 389 2514 ἤδη
423 2445 732 2520 πληρώσας
763 2445 882 2510 ἔτος
914 2448 967 2503 ἐν
1002 2454 1117 2511 τοῖς
1168 2452 1506 2525 μαθήμασιν,
1537 2451 1680 2508 οὕτω
1720 2457 1789 2526 τῇ
1832 2473 1935 2507 πα-

292 2530 422 2608 τρίδι
450 2535 644 2591 ἑαυτὸν
672 2534 993 2596 ἀποδίδωσι.

364 2802 458 2855 Καὶ
514 2804 739 2877 πρῶτον
798 2804 893 2877 μὲν
949 2804 1014 2858 τὸ
1073 2811 1213 2869 θεῖον
1265 2802 1528 2880 λαμϐάνει
1579 2807 1875 2885 βάπτισμα,
1910 2810 1938 2865 ὁ

299 2888 381 2941 καὶ
438 2891 643 2965 πρώην
697 2893 765 2963 τῇ
826 2887 1048 2964 δυνάμει
1106 2892 1530 2970 πεφωτισμένος·
1581 2897 1672 2949 καὶ
1726 2896 1936 2967 τίθησιν

297 2976 413 3051 ὅρον
441 2976 625 3050 ὲαυτῷ
660 2981 873 3053 μήποτε
902 2979 1143 3054 ὀμόσειν,
1181 2980 1374 3057 μέχρις
1402 2982 1460 3037 ἂν
1493 2984 1571 3057 τῷ
1607 2983 1710 3060 βίῳ
1762 2984 1940 3059 τούτῳ

297 3064 746 3138 ἐμπολιτεύηταιο
806 3068 865 3122 ’ὸν
923 3068 1015 3122 καὶ
1072 3070 1148 3131 εἷς
1206 3068 1364 3133 τέλος
1422 3069 1698 3149 ἐφύλαξεν
1759 3072 1941 3130 ἔπειτα

293 3156 448 3209 πόθον
477 3157 691 3232 γονέων
725 3156 814 3211 καὶ
866 3155 1041 3235 φίλων
1092 3158 1430 3235 ἀποπληροῖ,
1464 3165 1569 3216 τῶν
1623 3162 1790 3217 αὐτοῦ
1840 3162 1940 3219 λό-

2035 1490 2423 1546 compescam,
2455 1491 2527 1530 ne
2574 1473 2819 1531 ulterius
2873 1490 3128 1547 praeceps
3187 1476 3422 1531 feratur.
3457 1477 3682 1533 Etenim

2038 1562 2137 1635 qui
2197 1562 2420 1618 viribus
2487 1563 2711 1634 majora
2762 1563 3201 1635 concupiscunt,
3249 1581 3319 1619 ne
3368 1565 3683 1621 mediocria

2038 1651 2272 1723 quidem
2305 1656 2721 1723 assequuntur.
2754 1652 2903 1725 Ergo
2936 1652 3187 1708 Basilius
3213 1653 3485 1725 praeclare
3508 1671 3685 1727 nego-

2038 1740 2241 1805 tiatus,
2273 1739 2512 1795 domum
2545 1755 2607 1795 se
2634 1740 2884 1812 recepit:
2916 1742 3229 1813 Gregorius
3260 1746 3453 1797 autem
3481 1760 3513 1799 a
3548 1748 3682 1799 stu-

2044 1829 2208 1884 diosa
2236 1828 2677 1884 Atheniensium
2702 1830 3028 1899 juventute,
3049 1830 3204 1885 omni
3235 1831 3429 1886 studio
3461 1832 3684 1887 detine-

2042 1919 2238 1987 batur,
2287 1922 2353 1973 ut
2409 1935 2514 1973 nec
2562 1917 2895 1973 discedendi
2947 1919 3199 1973 facerent
3231 1918 3589 1987 facultatem,
3624 1936 3689 1976 ac

2044 2007 2285 2062 docendi
2310 2006 2667 2078 provinciam
2700 2007 2919 2075 subire,
2952 2007 3446 2079 sophisticamque
3496 2009 3693 2065 cathe-

2044 2096 2208 2151 dram
2234 2095 2513 2168 accipere,
2538 2094 2745 2150 obnixe
2776 2098 3050 2166 rogarent
3079 2100 3134 2149 et
3164 2096 3559 2152 obsecrarent.
3591 2097 3691 2153 Ille

2044 2200 2202 2251 vero,
2238 2201 2307 2239 ne
2337 2184 2392 2238 in
2422 2183 2685 2255 ipsorum
2713 2183 2959 2254 gratiam
3019 2182 3164 2238 nihil
3201 2184 3385 2239 facere
3415 2185 3560 2241 velle
3604 2187 3692 2240 vi-

2045 2273 2299 2340 deretur,
2332 2272 2758 2344 aliquantisper
2802 2271 3038 2327 mansit.
3073 2271 3280 2327 Verum
3314 2272 3468 2328 haud
3507 2272 3690 2329 multo

2043 2361 2348 2433 interjecto
2374 2366 2654 2433 tempore,
2689 2376 2820 2416 cum
2852 2376 3055 2416 omnes
3084 2360 3322 2428 amicos,
3356 2378 3502 2433 quos
3532 2360 3590 2416 in
3622 2377 3690 2417 ea

2046 2452 2189 2507 urbe
2219 2451 2489 2517 habebat,
2522 2455 2838 2517 exorasset,
2863 2466 3099 2521 suaeque
3128 2451 3200 2505 ad
3249 2454 3519 2522 parentes
3559 2466 3690 2523 pro-

2046 2539 2313 2596 fectionis
2344 2539 2750 2595 necessitatem
2782 2538 2927 2610 ipsis
2958 2539 3280 2611 probasset,
3314 2538 3395 2595 ita
3428 2539 3693 2607 demum,

2045 2628 2341 2684 tricesimo
2364 2629 2489 2699 jam
2523 2645 2675 2684 anno
2707 2628 2766 2682 in
2824 2627 3040 2684 artium
3072 2627 3286 2685 studiis
3341 2632 3565 2698 exacto,
3597 2645 3699 2701 pa-

2048 2718 2170 2772 triis
2199 2733 2327 2773 sese
2348 2717 2621 2772 restituit.

2117 2809 2196 2862 Ac
2227 2806 2489 2878 primum
2517 2805 2710 2861 divino
2740 2804 3092 2877 baptismate
3140 2805 3406 2877 tingitur,
3440 2805 3537 2878 qui
3567 2805 3708 2881 jam.

2048 2900 2181 2951 ante
2214 2896 2469 2968 potentia
2507 2894 2677 2966 vique
2723 2893 3093 2950 illuminatus
3149 2898 3303 2949 esset
3338 2910 3350 2949 :
3384 2894 3696 2967 legemque

2048 2984 2157 3040 sibi
2192 2984 2399 3040 indicit
2427 3000 2728 3054 nunquam
2756 2983 3019 3053 jurandi,
3047 2982 3307 3055 quandiu
3339 2982 3397 3037 in
3434 2983 3543 3039 hac
3572 2985 3693 3040 vita

2046 3077 2414 3129 versaretur:
2448 3089 2621 3143 quam
2653 3070 2828 3127 etiam
2861 3072 2930 3126 ad
2963 3076 3285 3126 extremum
3319 3087 3505 3141 usque
3536 3071 3690 3127 diem

2050 3161 2315 3218 servavit.
2350 3160 2588 3225 Deinde,
2621 3163 2685 3214 ut
2732 3162 3038 3230 parentum
3098 3163 3153 3214 et
3212 3158 3556 3225 amicorum,
3590 3158 3693 3230 qui

290 3265 389 3318 γων
420 3244 723 3324 ἐφιεμένων
754 3244 999 3301 ἀκοῦσαν
1042 3246 1102 3302 οὔ
1132 3248 1233 3326 γὰρ
1265 3248 1423 3312 αὐτὸς
1455 3249 1571 3326 εἶχε
1600 3252 1721 3327 περὶ
1778 3257 1936 3308 τοῦτο

2052 3252 2247 3323 ipsum
2278 3249 2450 3306 verba
2480 3248 2783 3305 facientem
2799 3247 3000 3303 audire
3016 3247 3361 3320 gestiebant,
3385 3247 3693 3320 cupiditati

292 3331 629 3409 Ῡιλοτιμίαν.
696 3330 1194 3409 Συμϐουλευόντων
1260 3335 1317 3393 δὲ
1376 3336 1664 3415 δημοσίοις
1729 3364 1787 3397 τε
1850 3342 1941 3398 καὶ

292 3420 503 3484 οἰκείοις
571 3421 1005 3499 ἐγκαλινδεῖσθαι
1063 3432 1253 3489 κακοῖς
1309 3426 1475 3501 (οὕτω
1533 3430 1637 3506 γὰρ
1691 3430 1941 3505 ὀνομάζω

268 3500 378 3576 ίτήν
427 3511 481 3565 ἐν
530 3516 662 3574 τοῖς
716 3512 930 3576 ὑλικοῖς
976 3518 1359 3593 περιφάνειαν),
1393 3516 1551 3580 αῧτὸς
1604 3518 1775 3591 ἐαυτῷ
1822 3541 1940 3574 συν-

291 3592 543 3655 εϐούλευε
586 3597 769 3655 δοῦναι
804 3602 1012 3671 ἑαυτὸν,
1042 3592 1279 3681 καθάπερ
1312 3606 1577 3682 ὑπέσχετο
1624 3605 1937 3664 κινδυνεύων

288 3691 417 3759 Θεῷ,
447 3688 673 3762 κόσμου
703 3711 762 3744 τε
789 3693 1150 3766 χωρισθῆναι,
1172 3694 1261 3748 καὶ
1288 3694 1441 3768 μόνῳ
1470 3699 1548 3768 τῷ
1578 3697 1940 3772 καθαρωτάτῳ

289 3782 538 3831 σλνεῖναι·
570 3777 666 3831 καὶ
693 3783 812 3841 ταῖς
860 3781 1031 3855 ἱεραῖς
1092 3776 1309 3856 βίϐλοις
1353 3783 1776 3857 καθομιλοῦντα,
1809 3784 1941 3840 ἐκεῖ-

292 3874 370 3926 θεν
420 3864 607 3921 ἕλκειν
665 3874 766 3937 τῆς
828 3865 1090 3939 ἀληθείας
1143 3872 1242 3940 τὴν
1299 3867 1594 3946 ἕλλαμψιν.
1627 3880 1688 3928 Ὃ
1733 3871 1799 3943 δὴ
1849 3874 1938 3929 καὶ

292 3957 455 4008 ποιῶν
505 3952 767 4029 διετέλει,
804 3960 1076 4029 μοναστής
1126 3958 1243 4014 ἀντὶ
1289 3966 1579 4034 κοσμικοῦ,
1631 3963 1721 4018 καὶ
1780 3965 1941 4035 ἀκτή-

299 4065 405 4112 μων
438 4044 558 4123 ἀντῖ
595 4063 704 4121 χρη
718 4050 977 4117 ματιστοῦ
1010 4046 1137 4102 εἶναι
1171 4048 1448 4122 ἑλόμενος.

2052 3340 2411 3397 satisfaceret
2441 3339 2652 3410 (neque
2690 3336 2845 3392 enim
2883 3336 2939 3392 id
2972 3337 3096 3409 ipse
3126 3336 3435 3392 ambitiose
3465 3337 3697 3393 affecta-

2051 3429 2192 3501 bat),
2224 3428 2334 3484 hoc
2363 3443 2595 3499 quoque
2623 3442 2864 3482 munere
2908 3424 3267 3497 defungitur.
3302 3425 3509 3481 Verum
3561 3442 3696 3482 cum

2051 3519 2229 3574 iidem
2244 3521 2509 3574 auctores
2528 3515 2638 3589 ipsi
2653 3514 3211 3587 essent,utpublicis
3240 3514 3696 3587 domesticisque

2051 3606 2223 3664 malis
2281 3606 2385 3679 (sic
2433 3605 2589 3662 enim
2652 3622 2846 3660 rerum
2906 3608 3271 3660 terrenarum
3324 3604 3692 3676 splendorem

2050 3696 2613 3769 amplitudinemque
2643 3694 2802 3766 voco)
2862 3694 3117 3765 seipsum
3177 3692 3491 3748 involveret
3522 3708 3535 3749 :
3568 3692 3693 3763 ipse

2050 3791 2253 3842 contra
2283 3783 2393 3840 sibi
2418 3782 2775 3849 consulebat,
2826 3786 2907 3850 ut,
2950 3780 3446 3852 quemadmodum
3474 3779 3531 3834 in
3564 3779 3693 3835 vita:

2050 3874 2362 3931 discrimen
2389 3873 2678 3928 adductus
2710 3870 3083 3943 promiserat,
3132 3868 3249 3924 Deo
3281 3884 3409 3925 sese
3439 3868 3693 3939 offerret,

2049 3970 2105 4021 et
2136 3982 2169 4020 a
2194 3962 2415 4019 mundo
2434 3962 2899 4033 sejunctus,cum
2924 3959 3115 4030 eo,qui
3151 3958 3311 4015 solus
3342 3957 3697 4030 purissimus

2050 4058 2157 4119 est,
2193 4053 2320 4108 vita:
2350 4050 2771 4107 consuetudine
2803 4049 3168 4120 jungeretur,
3225 4054 3399 4120 atque
3430 4064 3498 4103 ex
3526 4046 3701 4103 libro-

296 4147 419 4187 rum
452 4151 762 4191 sacrorum
799 4136 1074 4193 familiari
1106 4137 1347 4194 lectione
1376 4140 1638 4197 veritatis
1678 4141 2047 4215 splendorem
2089 4140 2369 4198 hauriret.
2411 4140 2469 4195 Id
2522 4139 2674 4210 quod
2718 4154 2818 4209 per
2864 4152 3097 4193 omnem
3135 4136 3316 4191 vitam
3356 4136 3543 4192 facere
3581 4152 3699 4192 non

297 4220 539 4290 destitit,
578 4222 906 4280 monachus
926 4241 1053 4281 esse
1084 4228 1278 4298 potius
1308 4227 1532 4285 habens
1563 4245 1741 4301 quam
1774 4224 2130 4300 mundanus,
2163 4234 2219 4287 et
2248 4244 2470 4302 pauper
2501 4244 2675 4299 quam
2711 4225 3122 4299 quaestuarius.

360 4306 650 4371 Πολλάκις
721 4315 848 4386 γοῦν
925 4312 1013 4367 καὶ
1071 4315 1297 4389 Χριστὸν
1369 4315 1511 4391 ἑώρα
1584 4316 1825 4394 ἐναργῶς
1889 4319 1936 4374 ἐν

2117 4322 2195 4375 Ac
2227 4334 2623 4391 saepenumero
2650 4315 2761 4388 ipsi
2795 4314 3025 4381 accidit,
3051 4318 3118 4370 ut
3137 4314 3430 4370 Christum
3464 4329 3699 4387 quoque

543 4401 659 4472 (76)
718 4400 806 4454 καὶ
866 4400 918 4456 ἐν
976 4400 1173 4477 μελέτῃ
1230 4405 1528 4481 νυκτερινῇ,
1574 4392 1755 4472 καθώς
1810 4430 1936 4487 φησι

2053 4408 2357 4482 perspicue
2413 4406 2472 4460 in
2536 4405 2778 4472 somnis,
2834 4406 3211 4474 nocturnaque
3256 4406 3322 4458 ut
3398 4403 3702 4475 Scriptura

298 4486 329 4551 ἡ
364 4480 563 4558 βίϐλος
596 4489 631 4557 ἡ
660 4487 799 4563 ἱερὰ,
839 4488 1040 4561 ταύτην
1090 4499 1189 4561 τῆς
1232 4480 1599 4570 καθαρότητος
1647 4480 1936 4569 λαμϐάνων

2053 4480 2333 4569 loquitur,
2367 4495 2411 4530 93
2438 4494 2800 4551 meditatione
2852 4492 3235 4564 conspiceret,
3273 4507 3520 4563 eamque
3552 4491 3706 4562 puri-

300 4572 581 4662 άντίδοσιν.
627 4578 897 4653 Μακάριοι
945 4578 1068 4654 γὰρ,
1112 4580 1294 4658 φησὶν,
1329 4583 1381 4637 οἱ
1428 4584 1653 4659 καθαροὶ
1702 4589 1770 4659 τῇ
1818 4606 1936 4662 καρ-

2055 4586 2193 4642 tatis
2219 4585 2541 4640 mercedem
2579 4583 2768 4638 ferret.
2821 4582 2981 4637 Beati
3026 4580 3204 4651 enim,
3246 4580 3457 4652 inquit,
3500 4580 3704 4636 mundo

300 4658 400 4733 δίᾳ·
433 4666 519 4718 ὅτι
570 4664 727 4721 αὐτοί
774 4668 864 4722 τὸν
917 4668 1045 4723 Θεὸν
1095 4666 1335 4743 ὄψονται.
1384 4658 1623 4749 Καθαρὸν
1673 4658 1775 4750 γάρ
1824 4658 1936 4729 coii-

2055 4674 2260 4732 corde:
2299 4674 2562 4745 quoniam
2620 4672 2730 4743 ipsi
2785 4671 2955 4725 Deum
3012 4669 3268 4725 videbunt
3305 4669 3369 4723 9‘.
3418 4669 3704 4724 Mundum

296 4749 379 4803 τόν
431 4773 601 4840 φησιν
631 4755 660 4808 ὁ
702 4755 921 4829 Κύριος,
975 4758 1166 4820 ὁποῖος
1216 4760 1283 4828 ἦν
1332 4760 1359 4814 ὁ
1410 4762 1573 4837 μέγας
1624 4749 1936 4840 Γρηγόριος,

2058 4764 2213 4821 enim
2246 4779 2379 4819 eum
2414 4761 2557 4817 dicit
2588 4760 2897 4829 Dominus,
2922 4758 3112 4831 qualis
3141 4761 3265 4815 erat
3288 4774 3533 4830 magnus
3566 4758 3708 4814 Gre-

300 4838 616 4897 καταλιπὼν
675 4842 884 4916 πόλεις,
931 4846 1152 4923 ἀγορὰς,
1204 4848 1414 4926 θέατρα,
1449 4855 1716 4929 σοφιστῶν
1756 4838 1936 4931 τῧφον,

2061 4852 2281 4927 gorius,
2305 4850 2404 4923 qui
2437 4850 2632 4919 urbes,
2694 4849 2838 4921 fora,
2892 4848 3139 4921 theatra,
3189 4847 3586 4920 sophistarum
3617 4846 3708 4903 fa—

370 5048 412 5081 ”
443 5048 492 5104 II
514 5049 645 5105 Cor.
680 5068 733 5120 χ,
764 5051 818 5106 5.
850 5052 895 5087 ⁹⁸
922 5052 1032 5109 Job
1080 5072 1280 5121 χχχιιι,
1340 5058 1428 5114 15.
1459 5058 1504 5093 ⁹⁴
1550 5057 1755 5115 Matth.
1805 5075 1862 5129 ν,
1892 5057 1948 5113 8.

307 5252 676 5377 σθΞΗΕῘΟΠ),
716 5260 760 5325 l,
819 5258 874 5327 2,
907 5263 969 5313 Ρ.
1019 5263 1076 5315 et
1130 5260 1224 5316 Or.
1280 5262 1449 5318 codd.
1499 5256 1936 5340 συμϐαίνειγίνε-

2065 5260 2244 5408 β’(74)
2282 5261 2418 5316 God.
2479 5259 2541 5315 P.
2590 5258 2651 5313 in
2701 5262 2821 5315 not.
2874 5273 3055 5329 marg.
3110 5254 3350 5330 ἰσχυρῶς
3424 5251 3707 5333 ἀσφαλῶς,

2107 5352 2175 5402 ιᾳ.
2445 5402 2478 5408 _
2518 5401 2530 5408 Δ
2719 5406 2726 5408 _
3315 5394 3327 5408 .
3532 5394 3625 5408 .---

370 5396 484 5477 (72)
518 5396 605 5477 Ita
632 5396 793 5477 βολὴ,
829 5398 945 5477 ILet
970 5400 1042 5469 2;
1076 5402 1160 5477 in_
1193 5402 1334 5469 edit,
1398 5401 1681 5477 ῥητῆρσιν.
1723 5407 1857 5463 Cod.
1888 5408 1936 5464 Ρ.

2067 5394 2076 5408 ’
2133 5394 2246 5477 (75)
2276 5403 2412 5477 Cod.
2445 5402 2485 5477 Ρ
2518 5401 2595 5477 in_
2634 5406 2755 5457 not.
2799 5416 2983 5473 marg.
3029 5394 3495 5473 προποιοιὲμενος
3529 5394 3708 5469 δῆσεν.

308 5466 724 5549 paritechabet
762 5466 1048 5549 dotﬁpaw,
1069 5474 1205 5549 et‘in
1242 5466 1360 5549 not.
1394 5466 1578 5549 marg.
1610 5474 1829 5549 ip‘a’ww;
1899 5543 1916 5549 Α

2060 5466 2309 5549 videlirct
2339 5473 2717 5529 dissimulans.

372 5498 520 5521 .IILUI’
552 5498 724 5525 unum
762 5498 1039 5545 ρυτηρσιν,
1069 5498 1126 5529 οι
1150 5498 1205 5529 Ill
1242 5498 1360 5531 Πυι.
1395 5498 1578 5549 marg.
1615 5498 1630 5529 ι
1682 5498 1815 5531 ασιν·
2060 5498 2308 5532 ὐιαειῑσσι
2339 5498 2717 5529 ιιιδδιπιῐιιαηδ.

372 5538 823 5619 (73tplév‘deest
856 5542 916 5619 i_n
948 5545 1075 5619 cod.
1108 5545 1203 5600 Or.
1239 5546 1337 5618 qui
1372 5563 1506 5602 mox
1560 5498 1739 5605 habet
1769 5543 1953 5604 οἶκαδε
2064 5618 2071 5619 ί
2133 5547 2243 5619 (76)
2275 5546 2408 5619 Quae
2438 5550 2766 5619 sequuntur
2795 5542 3248 5619 desunt_inColb.
3286 5543 3336 5614 1,
3369 5543 3471 5615 qui
3501 5543 3584 5599 sic
3602 5541 3702 5596 ha-

302 5601 657 5735 $326321“
684 5614 813 5671 cod.
856 5614 918 5672 P.
950 5616 1170 5674 domum
1200 5601 1504 5691 capiebat.
1536 5601 1788 5679 mihi;
1817 5601 1936 5682 vere

342 5704 355 5733 ι
465 5700 485 5734 Ξ
530 5730 531 5733 η
608 5701 655 5735 0.

2061 5601 2156 5675 bet
2183 5601 2312 5675 ξ’ἰςηῖ
2336 5601 2537 5679 ὕπνοις
2553 5617 2653 5687 τὴν
2684 5621 2783 5687 τῆς
2813 5612 3203 5691 καθαρότητος,

342 5700 455 5734 ικαο
465 5700 485 5734 Ξ
530 5700 655 5739 ηετο.
