4152 6208
1544 332 1727 392 Vl'l‘A
1776 336 1838 391 s.
1891 330 2258 393 oaecoan
2308 314 2695 394 THEOLOGI
3710 330 3829 387 eeo

418 344 536 404 259

418 481 597 539 stum,
629 472 958 547 principum
996 474 1051 525 et
1110 469 1561 541 magistratuum
1618 466 2059 534 contumaciam,

2182 462 2464 539 ἀρχόντων
2508 463 2781 530 ἀπονοίας,
2834 460 3097 517 δικαστῶν
3181 458 3521 532 μετακλίσεις
3570 462 3705 533 (77),
3745 456 3825 513 δι-

407 546 680 637 judicum
709 562 936 631 iniquas
968 573 1278 612 causarum
1312 557 1679 623 inﬂexiones,
1712 554 2059 628 litigantium

2179 551 2490 622 καζομένων
2520 548 2722 627 ἔριδας,
2758 550 3003 626 ῥητόρων
3036 546 3207 622 ψεύδη
3244 550 3380 621 (78),
3414 546 3664 603 κλεπτῶν
3717 546 3828 601 ἐπι-

418 655 592 718 rixas,
629 650 923 704 rhetorum
958 645 1279 715 mendacia,
1316 644 1790 710 furuminsidias,
1823 643 2073 715 inexple-

416 741 589 798 bilem
608 736 1034 809 negotiatorum
1052 734 1374 801 avaritiam,
1408 749 1742 805 cauponum
1766 733 2071 802 juramen-

416 835 497 894 ta,
517 827 757 883 divitum
782 823 1197 895 arrogantiam,
1219 838 1540 894 pauperum
1577 822 1811 876 fraudes
1843 825 1899 874 et
1930 820 2068 875 faci-

417 934 577 981 nora,
612 913 949 987 ingluviem,
1003 911 1428 971 temulentiam,
1491 909 1733 983 gloriam
1766 909 1980 963 ﬂuxam
2014 912 2071 964 et

416 1004 704 1075 fragilem,
733 1006 920 1057 vestes
940 999 1610 1071 magniﬁcas,egregiam
1645 996 2067 1069 supellectilem

418 1111 558 1151 auro
576 1098 631 1148 et
662 1096 905 1163 argento
937 1091 1282 1153 confectam,
1337 1088 1539 1143 domos
1580 1086 1806 1159 pictura
1827 1090 1883 1140 et
1916 1101 2067 1140 mar-

417 1182 632 1239 moreis
692 1178 909 1234 tabulis
960 1177 1242 1248 insignes,
1315 1192 1379 1231 ac
1436 1174 1678 1230 calculis
1737 1178 2066 1244 exornatas,

418 1270 649 1340 aliaque
676 1266 871 1322 omnia
895 1263 1231 1336 reliquerat,
1256 1279 1381 1333 quae
1404 1261 1580 1315 animi
1607 1260 1919 1331 puritatem
1942 1264 2066 1314 tur-

417 1360 578 1424 bant,
605 1354 1051 1428 purissimaque
1084 1350 1196 1406 luci
1247 1350 1471 1404 aditum
1521 1348 1934 1403 intercludunt.
1967 1351 2065 1402 At-

418 1464 531 1520 que
561 1442 895 1516 injuvenali
927 1445 1092 1497 aetate
1115 1440 1459 1511 hujusmodi
1491 1438 1659 1493 nobis
1697 1442 1821 1493 erat
1852 1437 2064 1509 Grego-

416 1536 561 1592 rius.

488 1628 877 1693 Posteaquam
910 1622 1105 1674 autem
1152 1620 1315 1689 pater
1350 1614 1556 1682 ﬁlium,
1589 1630 1781 1686 quem,
1816 1613 2063 1669 invitum

416 1718 473 1769 et
504 1714 927 1783 repugnantem
981 1722 1245 1779 aegreque
1293 1705 1615 1771 cedentem,
1660 1704 2062 1776 presbyterum

414 1804 725 1865 creaverat,
756 1796 1062 1870 praesulem
1117 1810 1349 1866 quoque
1398 1793 1703 1847 instituere
1752 1807 2063 1863 aggressus

415 1895 522 1957 est,
558 1888 696 1961 quid
726 1886 912 1941 facit?
941 1884 1025 1939 Ab
1076 1882 1331 1937 Ecclesia
1378 1880 1529 1936 clam
1583 1897 1645 1935 se
1701 1880 1966 1951 proripit,
1999 1883 2064 1934 ut

415 1996 608 2045 curas,
632 1979 882 2031 mentem
918 1972 1079 2027 humi
1114 1972 1526 2036 detorquentes
1549 1985 1613 2023 ac
1645 1968 2059 2040 deprimentes,

414 2067 674 2137 effugiat,
728 2069 901 2134 atque
932 2062 989 2115 in
1042 2061 1284 2114 Pontum
1318 2059 1633 2129 profectus,
1668 2073 1799 2111 cum
1834 2055 2061 2128 egregio

414 2154 514 2209 illo
550 2152 759 2207 Basilio
787 2146 1398 2221 philosophatur.Nam
1415 2162 1547 2200 cum
1569 2145 1743 2199 simul
1776 2145 1829 2198 in
1855 2144 2060 2199 litteris

415 2242 692 2309 instituti,
728 2245 900 2310 atque
930 2237 998 2291 ad
1023 2238 1185 2290 breve
1207 2240 1442 2305 tempus
1474 2232 1619 2287 alter
1639 2233 1709 2287 ab
1734 2232 1911 2288 altero
1937 2232 2061 2287 dis-

416 2330 582 2385 tracti
618 2331 882 2393 fuissent,
917 2326 984 2380 ad
1020 2340 1081 2379 se
1122 2323 1366 2379 invicem
1425 2338 1631 2376 rursus
1662 2325 2057 2388 accurrerunt,

416 2435 625 2490 nempe
646 2423 701 2471 et
733 2431 956 2471 morum
992 2413 1318 2482 concordia,
1337 2417 1393 2467 et
1418 2416 1619 2465 mutua
1650 2410 2061 2482 pollicitatione

414 2507 655 2579 impulsi
687 2522 751 2560 ac
782 2502 1004 2558 incitati
1038 2519 1050 2557 :
1089 2504 1230 2557 adeo
1262 2507 1325 2556 ut
1381 2501 1439 2555 in
1486 2501 1631 2571 ipsis
1662 2499 1881 2555 dictum
1916 2498 2060 2552 illud

413 2595 795 2668 impleretur:
834 2593 931 2648 Ubi
958 2592 1063 2645 duo
1095 2591 1177 2645 vel
1210 2599 1315 2646 tres
1347 2593 1404 2645 in
1437 2591 1661 2645 nomine
1690 2604 1812 2644 meo
1838 2602 2060 2658 congre-

413 2685 534 2754 gati
561 2683 796 2754 fuerint,
831 2681 950 2735 illic
977 2695 1102 2733 sum
1133 2680 1193 2733 in
1218 2678 1400 2734 medio
1426 2694 1613 2734 eorum
1638 2679 1702 2731 ⁸⁸.

489 2771 587 2826 Ηίσ
620 2785 788 2842 porro
819 2771 1264 2833 commorantes,
1290 2771 1345 2823 et
1368 2772 1573 2823 mutua
1594 2764 2062 2822 exstimulatione

416 2859 690 2915 virtutem
724 2858 1036 2929 augebant,
1076 2860 1134 2911 et
1180 2857 1310 2911 vitaa
1370 2856 1701 2912 monasticae
1757 2854 1916 2927 leges
1949 2854 2060 2926 piis

417 2948 650 3018 Deoque
674 2945 895 3001 devotis
923 2944 1282 3008 hominibus,
1305 2948 1476 3016 atque
1508 2961 1539 2999 a
1570 2942 2060 2999 mundisocietate

417 3035 753 3106 disjunctis,
806 3033 1084 3099 ferebant,
1144 3032 1387 3105 Lycurgi
1441 3031 1667 3105 legibus
1716 3032 2057 3104 pacatiores,

416 3124 641 3181 Solonis
672 3122 984 3195 graviores,
1018 3122 1226 3176 Minois
1256 3121 1556 3192 aequiores.
1618 3122 1738 3176 Imo
1794 3136 1947 3187 vero,
1996 3123 2061 3174 ut

2180 634 2406 707 ϐουλὰς,
2440 640 2694 716 ἐμπόρων
2725 637 3048 709 ἀπληστίαν,
3082 636 3349 707 καπήλων
3400 637 3619 711 ὅρκους,
3651 634 3823 693 πλου-

2181 728 2309 783 σίων
2372 727 2589 802 ἔπαρσιν
2638 731 2776 801 (79),
2822 726 3011 782 ἐνδεῶν
3082 724 3435 801 κακουργίας,
3483 726 3665 802 κόρον,
3730 725 3823 799 μέ-

2178 819 2298 887 θην,
2332 815 2486 888 δόξαν
2514 818 2611 886 τήν
2662 817 3011 887 ἀπανθοῦσαν,
3048 816 3241 884 ἐσθῆτα
3291 813 3595 883 πολυτελῆ,
3624 817 3819 886 κειμή-

2180 918 2272 959 Λια
2329 904 2388 959 έκ
2444 910 2651 981 χρυσοῦ
2706 925 2763 959 τε
2825 904 2913 959 καὶ
2988 902 3227 980 ἀργύρου
3284 902 3631 974 πεποιημένα
3686 905 3821 975 (80),

2177 991 2358 1055 οἷ’κους
2413 998 2595 1072 γραφῇ
2650 1014 2710 1048 τε
2763 995 2852 1048 καὶ
2910 992 3075 1062 πλαξὶ
3130 990 3429 1068 μαρμάρων
3482 988 3822 1067 διαπρεπεῖς,

2175 1082 2262 1136 καὶ
2294 1083 2488 1159 ψηφίσι
2523 1080 2959 1155 διηνθισμένους·
2994 1080 3139 1136 ἄλλά
3192 1101 3248 1135 τε
3299 1079 3416 1150 ὅσα,
3447 1081 3510 1136 τὸ
3557 1088 3658 1145 τῆς
3709 1078 3823 1135 δια-

2175 1172 2325 1233 νοίας
2399 1172 2629 1246 καθαρὸν
2689 1169 3071 1239 ἐπιθολοῦντα,
3127 1168 3208 1242 τῷ
3262 1170 3630 1245 καθαρωτάτῳ
3683 1170 3821 1246 φωτὶ

2176 1260 2275 1313 οὐκ
2304 1258 2573 1333 ἐπιτρέπει
2629 1260 2728 1329 τήν
2777 1256 3008 1317 εἷ’σοδον.
3039 1257 3214 1314 Ταῦτα
3260 1261 3393 1331 ἡμῖν
3446 1260 3474 1314 ὁ
3527 1258 3825 1335 Γρηγόριος

2177 1347 2228 1402 ἐν
2258 1347 2345 1420 νέᾳ
2373 1348 2441 1423 τῇ
2473 1346 2684 1419 ἡλικίᾳ.

2246 1612 2467 1683 Ἐπειδή
2502 1612 2558 1669 δὲ
2590 1615 2616 1668 ὁ
2644 1616 2821 1689 πατὴρ
2857 1614 2933 1676 εἷς
2984 1614 3128 1688 ἱερέα
3176 1610 3548 1690 προϐάλλεται
3583 1616 3695 1687 (81)
3724 1614 3814 1669 τὸν

2174 1703 2312 1776 υἱὸν,
2368 1706 2756 1778 χειροτονήσας
2805 1697 3167 1779 πρεσϐύτερον
3228 1702 3321 1777 βίᾳ
3372 1723 3431 1757 τε
3484 1702 3574 1757 καὶ
3654 1702 3817 1775 μόλις

2174 1788 2381 1861 ε”ξαντα
2417 1794 2551 1864 (82),
2582 1792 2634 1846 τί
2681 1797 2865 1860 ποιεῖ;
2898 1797 3004 1860 Τῆς
3057 1789 3384 1861 Ἐκκλησίας
3438 1791 3690 1863 ὑπέξεισι,
3721 1792 3818 1853 τὰς

2170 1881 2526 1942 κατασπώσας
2579 1882 2671 1935 τὸν
2727 1885 2851 1934 νοῦν
2915 1879 3179 1955 μερίμνας
3236 1876 3674 1955 ἀποδιδράσκων
3727 1880 3816 1933 καὶ

2171 1968 2461 2043 γενόμενος
2514 1967 2565 2023 έν
2620 1968 2808 2040 Πόντῳ
2861 1968 2993 2040 μετὰ.
3044 1967 3323 2022 Βασιλείου
3354 1973 3450 2022 τοῦ
3479 1967 3616 2022 πάνυ
3666 1966 3822 2045 φιλο-

2172 2062 2325 2135 σοφεῖ
2369 2060 2501 2131 (83).
2532 2059 2683 2129 *Ἀμα
2730 2058 2833 2131 γὰρ
2881 2054 3274 2124 παιδευθέντες,
3306 2055 3396 2110 καὶ
3446 2056 3580 2131 πρὸς
3629 2055 3817 2131 ὀλίγον

2173 2143 2548 2221 διαιρεθέντες,
2580 2144 2743 2200 πάλιν
2794 2143 3067 2215 ἀλλήλοις
3113 2141 3496 2219 προσέδραμον
3528 2147 3662 2217 (84),
3696 2145 3818 2220 τρό-

2170 2256 2285 2289 πων
2316 2254 2375 2289 τε
2403 2234 2657 2304 κοινωνίᾳ
2688 2234 2775 2288 καὶ
2807 2238 2875 2307 τῇ
2922 2234 3055 2309 πρὸς
3101 2232 3324 2295 ἑαυτοὺς
3366 2233 3654 2308 ὑποσχέσει
3704 2254 3821 2287 συν-

2172 2322 2544 2395 ελαυνόμενοι·
2597 2323 2672 2384 ὡς
2722 2322 2772 2377 έν
2827 2322 3010 2384 αὑτοῖς
3067 2321 3429 2395 πληρωθῆναι
3487 2322 3549 2375 τὸ
3599 2320 3819 2396 εἰρημέ-

2168 2431 2278 2465 νον’
2310 2413 2487 2469 ’Όπου
2546 2408 2590 2465 δ’
2648 2410 2706 2465 ἂν
2767 2412 2866 2465 ὦσι
2899 2412 3009 2483 (85)
3043 2407 3136 2464 δόο
3274 2415 3421 2485 τρεῖς
3482 2410 3817 2484 συνηγμένοι

2171 2500 2248 2563 εἷς
2275 2502 2337 2556 τὸ
2370 2500 2498 2575 ἐμὸν
2528 2495 2721 2573 ὄνομα,
2755 2499 2864 2554 ἐκεῖ
2894 2500 3007 2572 εἶμι
3039 2498 3089 2554 ἐν
3124 2498 3269 2573 μέσῳ
3303 2498 3499 2556 αὐτῶν.

2243 2762 2517 2844 Διέτριϐον
2579 2767 2669 2821 οὖν
2728 2768 2825 2837 τήν
2856 2768 2967 2839 (86)
3022 2786 3081 2820 τε
3138 2765 3332 2841 ἀρετήν
3388 2769 3457 2838 τῇ
3516 2766 3811 2840 παραθῆξει

2171 2858 2580 2927 συναυξάνοντες
2628 2857 2760 2927 (87),
2811 2855 2899 2909 καὶ
2947 2852 3175 2928 θεσμοὺς
3237 2855 3517 2923 ἀσκήσεως
3562 2858 3681 2914 τοῖς
3725 2875 3813 2931 φι-

2172 2945 2409 3008 λοθέοις.
2432 2945 2691 3012 ἀσκηταῖς
2717 2944 2806 2998 καὶ
2840 2946 2951 3017 (88)
2980 2943 3188 3015 κόσμου
3234 2948 3550 3017 χωρισθεῖσι
3600 2942 3813 3013 τιθέμε-

2168 3056 2275 3102 νοι,
2302 3038 2410 3089 τῶν
2440 3032 2763 3109 Λυκούργου
2799 3033 2890 3105 μὶν
2940 3031 3414 3107 εἰρηνικωτέρους,
3447 3034 3553 3084 τῶν
3608 3027 3663 3084 δέ
3714 3029 3816 3084 Σό-

2170 3122 2343 3185 λωνος
2402 3120 2775 3197 σεμνοτέρους,
2826 3117 2916 3175 καί
2966 3117 3332 3193 δικαιοτέρους
3396 3123 3501 3173 τῶν
3574 3119 3811 3179 Μῖνωος’

419 3214 489 3269 de
519 3214 611 3268 his
631 3209 1555 3281 virissublimiusaliquiddicam,
1589 3208 2057 3265 Mosemimitan—

2179 3211 2382 3267 αᾶλλον
2417 3208 2494 3284 δὲ,
2520 3209 2611 3265 ’ίνα
2637 3231 2689 3264 τι
2718 3207 2857 3279 λέξω
2886 3208 3007 3283 περὶ
3037 3214 3144 3262 τῶν
3182 3204 3392 3283 ἀνδρῶν
3452 3206 3811 3281 ὑψηλότερον,

414 3306 531 3370 tur,
566 3301 836 3372 nubeque
866 3298 1096 3363 obtecti,
1148 3304 1344 3371 atque,
1405 3302 1469 3354 ut
1508 3315 1540 3353 a
1588 3298 1973 3354 tumultuaria
2001 3306 2055 3355 et

412 3390 751 3446 turbulenta
782 3390 886 3444 hac
918 3388 1033 3443 vita
1061 3386 1262 3460 procul
1303 3404 1363 3443 se
1394 3392 1773 3452 removerent,
1805 3388 1863 3443 in
1888 3405 2052 3443 mon-

413 3485 532 3535 tem
566 3479 924 3544 secedentes,
956 3476 1307 3549 legislatoris
1338 3476 1527 3531 ofﬁcio
1560 3477 1970 3548 fungebantur.
1986 3480 2056 3532 At

411 3584 547 3623 vero
578 3571 761 3639 pater,
793 3570 850 3622 et
880 3565 1109 3635 canitie,
1141 3569 1199 3620 et
1230 3565 1385 3619 curis
1442 3564 1651 3636 gravis,
1684 3581 1749 3619 ac
1781 3570 2057 3635 praeterea

415 3656 644 3713 Caesarii
672 3656 772 3709 filii
808 3656 965 3711 luctu
999 3658 1243 3709 mmstus
1273 3657 1328 3708 et
1358 3652 1630 3723 afflictus,
1677 3653 2055 3709 solitudinem

412 3762 527 3801 non
578 3746 782 3810 ferens,
842 3742 1117 3814 gravibus
1164 3757 1267 3795 nec
1317 3740 1528 3796 mutire
1587 3741 1643 3795 in
1694 3742 2055 3798 contrarium

409 3834 741 3891 sinentibus
790 3831 999 3887 litteris
1028 3830 1301 3902 Gregorio
1359 3830 1566 3885 suadet
1620 3830 1890 3885 reditum.
1928 3832 2058 3903 Ipse

410 3924 592 3996 igitur
620 3920 1065 3977 formidolosum
1098 3934 1225 3975 esse
1256 3923 1419 3974 ratus
1450 3918 1598 3990 patri
1645 3936 1757 3974 non
1790 3919 2054 3992 obsequi,

408 4011 730 4083 praesertim
761 4009 1073 4075 sacerdoti,
1102 4013 1159 4063 et
1188 4012 1329 4064 natu
1362 4008 1589 4080 grandi,
1616 4008 1684 4062 ad
1721 4008 1970 4064 reditum
1995 4025 2058 4063 se

408 4098 681 4169 accingit,
716 4102 928 4168 partim
962 4097 1202 4162 invitus,
1260 4097 1472 4169 partim
1523 4112 1688 4168 aequo
1745 4097 1941 4153 animo
1990 4114 2058 4153 ac

408 4185 652 4241 lubenti.
685 4185 757 4240 Ut
786 4187 941 4240 enim
976 4184 1305 4256 tranquilla:
1326 4186 1453 4240 vitae
1485 4202 1649 4241 amor
1678 4202 1834 4252 eum,
1888 4191 1950 4241 ut
1994 4186 2055 4241 in

2163 3300 2392 3357 Μωυσέα
2428 3304 2741 3372 μιμοῦνται,
2773 3300 2917 3376 νέφει
2948 3319 3005 3352 τε
3051 3295 3451 3369 καλυπτόμενοι
3501 3296 3589 3350 καὶ
3650 3293 3812 3369 ὅρους

2165 3391 2509 3465 ἀναχωρήσει
2566 3392 2663 3443 τοῦ
2718 3383 3076 3462 ταραχώδους
3125 3385 3247 3462 βίου
3316 3383 3508 3461 πόρῥω
3583 3383 3809 3447 ἑαυτοὺς

2162 3483 2536 3546 καθιστῶντες,
2594 3476 2969 3549 ἐνομοθέτουν.
3027 3479 3083 3529 Ὁ
3142 3473 3200 3530 δὲ
3272 3475 3477 3545 πατὴπ,
3531 3472 3702 3543 πολιᾷ
3748 3465 3834 3527 τ’

2170 3568 2534 3645 βαρυνόμενος
2588 3566 2677 3621 καὶ
2737 3565 3035 3640 φροντίσιν,
3069 3562 3145 3618 ἔτι
3203 3561 3261 3618 δὲ
3311 3562 3401 3618 καὶ
3467 3561 3646 3617 πένθει
3708 3565 3807 3616 τοῦ

2166 3658 2286 3711 υἱοῦ
2341 3655 2629 3729 Καισαρίου
2685 3654 2941 3718 πιεσθεὶς,
3003 3652 3064 3707 οὗ
3124 3652 3298 3730 φέρων
3373 3652 3472 3719 τήν
3551 3649 3805 3718 μόνωσιν,

2168 3742 2481 3806 ἐπιστολαῖς
2541 3741 2945 3813 δυσωπητικαῖς
2978 3743 3091 3814 (89)
3126 3742 3215 3794 τὸν
3276 3738 3578 3813 Γρηγόριον
3636 3738 3810 3791 πείθει

2166 3833 2300 3907 πρὸς
2332 3834 2431 3901 τὴν
2487 3828 2767 3887 ἐπάνοδον.
2799 3832 2855 3883 Ὁ
2887 3828 2964 3896 δὲ,
3013 3825 3243 3907 φοϐερὸν
3295 3828 3477 3903 κρίνας
3527 3828 3808 3901 παρακοὴν

2166 3922 2390 3994 πατρὸς,
2443 3921 2533 3975 καὶ
2608 3919 2817 3996 ἱερέως,
2870 3918 2960 3973 καί
3024 3913 3351 3993 πρεσϐύτου,
3402 3915 3655 3983 ἐπάνεισι,
3731 3915 3809 3983 πὴ

2171 4011 2263 4084 μὲν
2298 4008 2462 4079 ἄκων,
2497 4011 2572 4078 πή
2622 4006 2679 4063 δὶ
2728 4008 2817 4063 καὶ
2870 4006 3229 4084 βουλόμενος.
3264 4004 3522 4080 Ἡσυχίας
3576 4004 3667 4076 μὲν
3706 4004 3811 4078 γὰρ

2166 4098 2334 4162 πόθος
2368 4098 2419 4152 ἐν
2446 4103 2525 4169 τῷ
2554 4097 2744 4169 Πόντῳ
2779 4097 2955 4169 μένειν
3004 4094 3292 4158 ἀνέπειθεν·
3328 4092 3453 4149 ἀλλ’
3503 4089 3815 4147 ἀνθείλκυσε

2168 4187 2369 4248 σκοπὸς
2400 4181 2625 4254 εὐσεϐὴς
2654 4191 2920 4259 πατρικῆς
2951 4182 3258 4259 θεραπείας.

408 4274 588 4329 Ponto
618 4278 900 4341 maneret,
931 4274 1310 4329 hortabatur:
1343 4273 1422 4329 ita
1449 4275 1721 4329 eumdem
1772 4274 1952 4330 altera
1987 4291 2056 4331 ex
2101 4282 2267 4349 parte
2300 4277 2483 4349 pietas
2530 4275 2817 4347 trahebat,
2847 4274 3283 4330 inserviendum
3316 4271 3467 4344 patri
3502 4285 3633 4327 esse
3661 4284 3814 4342 pra-

406 4362 687 4417 scribens.

480 4450 625 4505 Cum
666 4454 860 4505 autem
928 4449 1230 4517 Caesarius,
1290 4450 1381 4504 cui
1442 4451 1737 4521 provincia
1801 4452 2057 4509 maxima

478 4609 521 4644 "
552 4608 753 4664 Matth.
785 4624 947 4675 xvm,
970 4609 1063 4663 20.

475 4792 593 4863 (77)
622 4791 705 4846 Ita
734 4793 860 4847 cod.
895 4792 989 4847 0r.
1023 4797 1079 4846 et
1109 4792 1363 4848 Combef.
1399 4798 1457 4848 et
1503 4792 1662 4848 Colb.
1714 4796 1765 4847 2.
1815 4795 1874 4849 In
1909 4794 2048 4850 edit.

410 4860 768 4935 μετακλήσεις
779 4906 789 4917 .

446 4934 588 5021 ’(78)
620 4936 755 4989 Cod.
817 4934 877 4989 P.
918 4978 931 5002 ,

406 5024 539 5063 σιας.

390 5100 393 5101 ν
451 5074 587 5149 ,(79)
613 5074 707 5149 Sic
738 5075 863 5149 cod.
897 5078 991 5130 ΟΡ.
1024 5075 1302 5149 etmelius
1326 5077 1469 5131 forte
1492 5077 1739 5149 quamin
1773 5078 2049 5143 Clllt.,Ubi

404 5143 591 5229 τξφον,
625 5146 913 5217 siquidem
956 5150 1079 5217 jam
1140 5147 1311 5219 paulo
1356 5152 1489 5204 ante
1509 5143 1742 5221 'legitur
1785 5153 2050 5225 σοφιστῶν

402 5236 589 5270 τυφον.

498 5292 599 5357 80),
621 5286 1381 5363 ῌεποιημέναηρυίὺυεᾶᾶῐῐι
1414 5290 1546 5345 edit.
1582 5291 1834 5363 placeret
1865 5291 2052 5363 magis

404 5355 1248 5437 πεποικιλμένα,’δηρριιεείίιεηι
1283 5355 1621 5433 variegatam
1652 5380 1665 5419 :
1701 5362 1873 5435 paulo
1920 5355 2053 5437 post

402 5434 731 5517 “9169-5.
747 5433 988 5517 “animt-
1006 5434 1333 5517 ,ιοιίεράιιω
1371 5438 1535 5506 putat
1557 5433 1810 5512 γραφαῖς.

500 5488 590 5570 δι)
622 5488 756 5558 csa.
795 5504 851 5556 ρ.
885 5488 1291 5571 meantem;
1324 5488 1327 5489 ί
1373 5488 1399 5571 ‘_

496 5556 587 5642 323
615 5556 755 5630 csa;
784 5573 843 5629 P.
879 5556 1099 5643 ἤεαντα.

499 5640 587 5722 83)
619 5645 754 5703 Cod.
794 5646 850 5703 P.
879 5640 1202 5731 φιλοσόφου.

988 4932 1233 5009 ῥητόρων
1293 4928 1461 5006 ὄψεις,
1540 4932 1787 4988 κλεπτῶν
1869 4930 2050 4989 ἐπιϐα-

2084 4615 2132 4679 D

2242 4452 2389 4508 Ἐπεὶ
2448 4450 2539 4507 οὗν
2600 4454 2909 4528 Καισάριος,
2971 4449 3148 4525 ἀρχὴν
3214 4446 3471 4523 μεγίστην
3525 4466 3813 4501 πεπιστευ-

2233 4792 2346 4863 (84)
2405 4786 2576 4843 Πάλιν
2623 4786 2895 4858 ἀλλήλοις
2951 4781 3374 4863 προσέδραμον-.
3420 4783 3647 4863 Billius
3721 4782 3809 4863 in_-

2161 4857 2530 4933 terpretatur,
2546 4864 2693 4917 inter
2720 4857 2776 4916 se
2798 4878 2859 4915 ru
2869 4857 3459 4933 rsus'mira'celeritgte
3464 4857 3651 4933 jungti
3656 4859 3806 4933 sunt.

2162 4926 2364 4989 Teitui
2398 4926 2651 4988 conSona
2683 4933 2873 5002 magis
2894 4932 3121 5002 videtur
3149 4926 3700 5002 versioppmbefisii.

2232 5007 2344 5077 (85)
2376 5005 2534 5061 Colb.
2568 5005 2618 5071 l,
2652 4994 2823 5077 Ὅποῦ
2857 4999 2985 5077 δ’-ἃν
3022 4996 3318 5077 ὧσιιίξφηη.
3340 4994 3471 5077 δύο,
3492 5000 3809 5077 ubicunque

2158 5066 2387 5147 fuerint,
2422 5068 2622 5146 inquit,
2654 5075 2779 5147 (tuo.
2820 5075 2956 5147 (ἱρά.
2994 5078 3074 5147 Δξ).
3134 5066 3230 5147 δύο
3257 5066 3264 5069 ⁷
3288 5071 3321 5137 ἢ
3354 5074 3501 5144 τρεῖς
3552 5066 3603 5137 ἐξ
3636 5066 3809 5138 ὑμῶν.

2230 5148 2344 5217 (86)
2372 5138 2510 5203 Cod:
2543 5138 2638 5201 0r.
2672 5138 2938 5218 διέτριϐον
2965 5140 3049 5218 -δέ
3088 5144 3211 5211 τήν.

2233 5209 2342 5290 (87)
2375 5219 2435 5273 In
2466 5219 2635 5275 codd.
2697 5209 2797 5273 Or:
2848 5222 2905 5272 et
2960 5216 3014 5271 P.
3075 5209 3429 5282 συναύξοντες.
3477 5211 3557 5265 ita
3630 5209 3810 5265 etiam

2163 5290 2413 5345 Montac.
2448 5293 2503 5345 et
2534 5289 2652 5343 alii.

2255 5362 2345 5428 88)
2370 5359 2471 5415 Καί
2502 5362 2660 5416 deest
2693 5359 2750 5413 in
2779 5357 2935 5413 Colb.
2968 5359 3023 5411 2.

2155 5436 2185 5503 ’ί
2233 5424 2345 5503 (89)
2377 5433 2512 5488 Cod.
2549 5433 2606 5487 P.
2639 5425 3321 5503 300'm1'tibv.Hu_ncloqum
3348 5424 3648 5503 reddimus
3668 5438 3806 5503 cum

2160 5496 2419 5559 Combef.
2455 5503 2660 5558 Billius
2692 5506 2976 5558 verterat:
3010 5501 3114 5555 Ea:
3141 5499 3224 5553 ad
3255 5498 3588 5567 Gregorium
3607 5496 3809 5566 episto-

2162 5574 2247 5630 las
2274 5576 2513 5646 scripsit,
2546 5575 2738 5646 quibus
2766 5575 2947 5704 ipsum
2974 5571 3182 5646 pudore
3209 5569 3443 5646 quodam
3460 5576 3515 5627 et
3546 5581 3804 5627 reveren-

2162 5648 2241 5704 tia
2262 5648 2341 5704 ad
2378 5646 2618 5704 reditum
2639 5647 2786 5704 imae
2809 5645 2962 5703 teret.

2160 5648 2241 5709 tia
2262 5648 2341 5708 ad
2378 5645 2618 5705 reditum
2639 5645 2962 5722 impelleret.
