4152 6208
294 325 382 385 261

1254 313 1619 378 AUCTORE
1665 314 2061 375 GREGORIO
2106 314 2648 377 PRESBYTEHO.

3529 320 3647 381 262

294 455 444 533 μένος,
478 450 817 525 ἐπιμελητὴς
856 452 963 504 τῶν
1015 451 1296 524 θησαυρῶν
1494 445 1774 519 καταστὰς,
1804 447 1893 500 καὶ

2040 449 2340 516 ommissa,
2374 465 2439 505 ac
2490 450 2894 505 thesaurorum
2944 467 3103 521 cura,
3160 451 3646 527 publicarumque

292 544 454 618 ταμίας
484 546 590 596 τῶν
644 539 921 613 δημοσίων
968 535 1271 614 χρημάτων
1320 538 1455 611 (91),
1505 535 1557 591 ἐν
1602 540 1680 609 τῷ
1728 538 1900 611 καιρῷ

2036 537 2387 592 pecuniarum
2420 542 2712 609 quaestura
2746 538 3021 595 mandata
3068 540 3277 611 fuerat,
3335 542 3477 597 dum
3524 560 3646 599 ma-

294 637 369 701 τῆς
410 633 582 708 ἀρχῆς
633 626 884 685 ἐτελεύτα
928 628 1018 683 τὸν
1074 624 1210 701 βίον·
1262 623 1366 681 ἔδει
1420 623 1475 680 δὲ
1522 627 1657 681 κατὰ
1701 624 1900 698 νόμους

2036 625 2319 696 ςίεὶνοιυῐη
2351 632 2586 699 generet
2615 627 2788 683 vitam
2822 645 2955 683 cum
2977 633 3163 684 morte
3196 638 3647 702 commutasset,

293 731 371 792 τῆς
419 721 473 775 τέ
524 719 710 781 οὐσίας
762 722 860 773 τοῦ
907 714 1098 779 παιδὸς
1145 717 1235 771 τὸν
1296 716 1501 792 πατέρα
1554 713 1899 791 κληρονόμον

295 808 645 886 ἀναδειχθῆναι
697 810 829 882 (92),
875 807 966 862 καὶ
1014 808 1108 869 τὰς
1150 805 1424 881 ἐναγωγάς
1454 808 1562 858 τῶν
1611 803 1905 859 κινούντων

292 902 401 957 κατὰ
441 903 537 953 τοῦ
586 895 882 973 οἰχομένου
931 896 1012 974 ἐφ’
1068 897 1253 951 ἑαυτὸν
1308 894 1733 969 μεταστήσασθαι
1783 913 1904 946 συν-

294 986 372 1060 έϐη
415 987 614 1059 πο).Λῷ
662 988 889 1063 ταράχῳ
935 986 1027 1040 τὸν
1082 986 1246 1061 μέγαν
1307 982 1649 1053 ένειληθῆναι
1694 980 1905 1056 Γρηγό-

292 1101 407 1155 ριον,
453 1074 679 1132 πολλῶν
737 1071 966 1148 κομιδῆ,
1017 1075 1105 1129 οἶα
1160 1078 1331 1128 κυνῶν
1378 1069 1785 1145 ἐπιδραμόντων
1836 1072 1905 1143 τῇ

293 1168 428 1242 θήρᾳ,
486 1164 707 1242 ἐρήμην
764 1163 1029 1237 οἰομένων
1091 1161 1357 1237 λήψεσθαι
1414 1162 1512 1230 τὴν
1572 1159 1752 1215 οὐσίαν
1811 1162 1908 1213 τοῦ

287 1254 707 1324 τελευτησαντος.
750 1252 847 1307 Καὶ
879 1253 907 1307 ὁ
942 1252 1037 1326 μέν
1082 1253 1285 1328 πατὴρ,
1335 1252 1483 1327 γήρᾳ
1526 1270 1585 1305 τε
1625 1248 1714 1304 καὶ
1768 1246 1910 1320 νόσῳ

290 1343 553 1422 κιμνξθεὶς,
584 1342 901 1413 ἐννεήκοντα
943 1339 1050 1413 ἤδη
1108 1338 1375 1412 διηνυκὼς
1406 1335 1522 1410 ἔτη,
1552 1340 1649 1407 τὴν
1704 1337 1763 1393 ἐκ
1805 1340 1911 1391 τῶν

290 1430 632 1506 δικαστηρίων
688 1425 976 1505 συντριϐἠν
1015 1429 1191 1508 φέρειν
1239 1428 1338 1485 οὐκ
1384 1426 1611 1484 ἔσθενεν*
1664 1428 1741 1489 εἱς
1785 1429 1911 1481 τοῦ·

288 1544 364 1577 τον
413 1519 474 1590 δὴ
526 1519 621 1575 οὖν
663 1527 804 1576 πᾶσα
834 1522 869 1590 ἡ
924 1520 1143 1597 φροντὶς
1190 1518 1519 1595 περιίστατο.
1552 1514 1706 1587 Πλήν
1734 1536 1795 1592 γε
1843 1512 1909 1584 δὴ

291 1612 466 1687 ἡπρὸς
512 1615 698 1685 γονεῖς
741 1608 992 1685 θεραπεία
1039 1608 1127 1664 καὶ
1174 1609 1241 1664 τὰ
1284 1607 1521 1684 δυσχερῆ
1567 1607 1911 1681 κατεμέριζεν

291 1698 450 1756 ἐλπίδι
498 1704 613 1754 τῶν
666 1698 1094 1771 ἐναποκειμένων
1141 1698 1345 1771 μισθῶν
1394 1699 1533 1773 (93),
1584 1695 1636 1751 οἳ
1682 1700 1796 1757 τοῖς
1842 1692 1916 1755 εἷς

288 1791 453 1864 γονέας
483 1782 679 1859 εὗσεϐή
689 1807 836 1842 σασιν
865 1785 1275 1863 ἐπηγγέΛθησαν
1286 1831 1299 1843 .

350 1986 584 2061 Ἐγένετο
635 1981 692 2037 δὲ
734 1980 823 2037 καί
870 2003 923 2036 τι
968 1985 1214 2036 τοιοῦτον
1261 1988 1364 2049 τῆς
1416 1981 1758 2052 ’Δρειανικῆς
1804 1981 1912 2053 (94)

288 2074 523 2149 αἱρέσεως
578 2070 668 2127 διὰ
710 2076 818 2126 τῶν
868 2070 1187 2144 πνευμάτων
1234 2076 1333 2138 τῆς
1383 2069 1650 2144 πονηρίας
1688 2066 1913 2123 ἐπικλυ-

293 2163 468 2232 ζούσης
512 2162 617 2230 τὴν
664 2158 1010 2230 Ἐκκλησίαν.
1065 2158 1276 2215 Πολλοὶ
1325 2163 1432 2213 τῶν
1482 2158 1779 2232 ἀρχιερέων
1811 2161 1917 2211 τῶν

288 2251 483 2307 πόλεων
535 2248 1005 2325 ὑπερωρίσθησαν,
1055 2247 1254 2309 αἰκίαις
1299 2267 1358 2301 τε
1413 2245 1782 2321 πολυτρόποις
1828 2245 1917 2300 καὶ

290 2340 653 2416 συκοφαντίαις
696 2335 1038 2410 ἐκδεδομένοι
1068 2356 1080 2369 ο
1132 2337 1295 2404 ἱερεῖς
1342 2356 1401 2390 τε
1447 2334 1535 2389 καὶ
1587 2332 1727 2389 λαοῦ
1776 2355 1921 2406 παμ-

288 2427 458 2499 πληθῆ
510 2430 834 2500 συστήματα
881 2426 932 2480 ἐν
963 2424 1205 2499 ὑπαίθρῳ
1253 2422 1747 2499 ἐταλαιπωροῦντο,
1799 2420 1922 2477 οὔτε

291 2515 456 2579 οἴκους
507 2522 831 2593 προσευχῆς
878 2510 1119 2589 ἔχοντες,
1166 2510 1288 2568 οὕτε
1334 2520 1434 2583 τῆς
1482 2511 1542 2567 ἐκ
1585 2517 1693 2567 τῶν
1735 2511 1918 2586 νόμων

289 2602 627 2675 δικαιοσύνης
672 2609 788 2665 τοῖς
835 2597 1075 2658 ἀσεϐέσιν
1132 2602 1183 2673 ἐξ
1223 2598 1340 2657 ἷ¹σου
1391 2596 1921 2674 μεταλαμϐάνοντες,

286 2695 444 2748 πάντα
489 2691 694 2769 σχεδὸν
738 2698 837 2760 τῆς
886 2690 1143 2766 αἱρέσεως
1192 2684 1561 2759 ἐπιλαϐούσης
1587 2689 1656 2743 τὰ
1694 2688 1919 2764 πέρατα,

289 2782 532 2856 βασιλικῇ
567 2802 629 2836 τε
669 2779 815 2856 χειρὶ
846 2777 936 2834 καί
988 2772 1203 2849 ἀσεϐείᾳ
1249 2777 1668 2853 θρασυνομένης.
1725 2775 1920 2847 Ἐδόθη

286 2868 325 2924 δ’
371 2871 457 2925 οὖν
508 2868 796 2945 παρῥησία
849 2873 965 2929 τοῖς
1042 2866 1313 2942 ὀλεθρίοις
1366 2867 1640 2939 ποιμέσι,
1697 2865 1787 2919 καὶ
1844 2869 1924 2936 τῷ

285 2959 464 3033 ἡμέρῳ
492 2955 690 3029 κωδίῳ
718 2959 829 3028 (95)
857 2955 950 3010 τὸν
986 2953 1149 3009 λύκον
1182 2952 1667 3030 περικαλύπτουσι,
1710 2952 1920 3024 ἐξωθεῖν

281 3046 397 3108 τοὺς
448 3044 685 3106 πιστοὺς
742 3042 1067 3119 ἀρχιερέας,
1113 3042 1202 3097 καὶ
1247 3047 1344 3097 τοῦ
1391 3044 1612 3106 πρώτου
1662 3042 1923 3115 ποιμένος

286 3134 453 3203 ἀξίους
510 3137 780 3209 Χριστοῦ.
840 3131 1022 3205 Ταύτῃ
1074 3135 1201 3207 γοῦν
1262 3127 1394 3186 ἔνιοι
1456 3133 1550 3204 μὲν
1610 3126 1765 3208 φόϐῳ

283 3222 735 3297 καταπλαγέντες,
783 3221 835 3274 οἱ
890 3217 948 3273 δὲ
994 3217 1303 3280 κολακείαις
1363 3221 1777 3293 μαλακισθέντες
1812 3263 1827 3287 ,
1886 3220 1920 3289 ἢ

289 3313 557 3383 χρήμασιν
614 3309 979 3379 ἡττηθέντες,
1040 3304 1212 3382 ἕτεροι
1271 3304 1329 3362 δὶ
1386 3307 1655 3377 ἁπλότητι
1709 3308 1927 3384 τρόπων

288 3398 684 3474 φενακισθέντες
715 3443 731 3467 ,
782 3396 844 3450 τὸ
902 3392 1092 3471 δέλεαρ
1137 3402 1239 3464 τῆς
1294 3395 1547 3470 αἱρέσεως
1602 3393 1929 3471 καταδέχον-

290 3506 387 3551 ται,
416 3490 605 3564 γραφῇ
658 3505 719 3539 τε
765 3483 953 3559 χειρὸς
1001 3483 1090 3537 καὶ
1139 3483 1393 3555 κοινωνίᾳ
1421 3484 1765 3561 συναφθέντες
1812 3490 1927 3546 τοῖς

289 3574 781 3647 ὑπεναντίοις
814 3574 907 3626 Ὦν
957 3572 1032 3633 εἷς
1080 3572 1147 3641 ἧν
1196 3571 1285 3626 καὶ
1318 3573 1345 3625 ὁ
1373 3577 1471 3627 τοῦ
1516 3572 1779 3648 μακαρίου
1825 3593 1927 3627 πα-

286 3664 425 3738 τήρ,
479 3661 837 3737 ἀκεραιότητι
892 3661 1121 3735 γνώμης
1192 3665 1271 3732 τῷ
1346 3658 1623 3737 ἀγκίστρῳ
1678 3682 1926 3737 περιπε-

286 3752 381 3805 σών
435 3755 575 3826 (98).
620 3754 823 3804 Τοῦτον
873 3752 985 3821 (99)
1034 3749 1085 3803 οἱ
1133 3752 1230 3817 τῆς
1287 3750 1474 3825 χώρας
1533 3749 1790 3822 μονασταὶ
1850 3752 1927 3823 μή

287 3839 674 3915 ἀνασχόμενοι,
706 3840 804 3907 τῆς
832 3837 1116 3898 κοινωνίας
1146 3836 1309 3892 αὐτοῦ
1353 3838 1769 3911 ἀποτέμνονται,
1812 3860 1931 3895 συν-

288 3928 476 3997 απέστη
513 3926 575 3983 δὲ
606 3926 795 3989 αὐτοῖς
841 3926 930 3981 καὶ
976 3930 1074 3981 τοῦ
1122 3924 1258 3981 λαοῦ
1309 3925 1471 4002 μέρος
1521 3927 1583 3981 ού
1621 3928 1684 3981 τὸ
1720 3928 1926 4003 βραχύ-

282 4034 448 4087 τατον,
487 4021 561 4089 τῇ
624 4014 934 4086 ἀξιοπιστίᾳ
982 4018 1090 4069 τῶν
1145 4015 1393 4084 ἀσκητῶν
1445 4015 1688 4090 ἀτεχνῶς
1747 4015 1928 4088 ἐξακο-

285 4099 443 4175 λουθή
452 4124 645 4166 σαντες
671 4106 773 4177 (1

345 4211 402 4263 Τί
435 4210 529 4265 οὖν
564 4212 596 4266 ὁ
620 4206 721 4265 τοῖ’)
751 4212 884 4264 Θεοῦ
930 4208 1175 4285 θεράπων
1209 4228 1224 4277 ;
1254 4211 1331 4264 Τὰ
1381 4210 1474 4283 μὲν
1524 4215 1714 4286 πρῶτα
1752 4209 1928 4266 λιταιε

283 4317 333 4352 τε
374 4300 464 4353 καὶ
514 4298 814 4373 παννυχίσι
858 4299 950 4352 τὸν
1000 4299 1129 4353 Θεὸν
1177 4298 1560 4372 ἐξευμενίζετο,
1611 4297 1790 4355 δοῦναι
1838 4299 1932 4355 λύ-

284 4407 354 4439 σιν
380 4392 479 4442 τοῦ
528 4391 731 4457 κακοῦ,
783 4386 871 4441 καὶ
918 4393 1017 4455 τῆς
1057 4384 1369 4461 διαιρέσεως
1415 4390 1493 4462 (2)
1532 4388 1774 4462 γενέσθαι
1806 4410 1928 4444 συν-

281 4473 507 4530 ούλωσιν
545 4522 562 4546 ,
631 4476 846 4544 σιωπήν
902 4494 962 4529 τε
1014 4479 1112 4529 τοῦ
1170 4473 1343 4551 λέγειν
1404 4477 1576 4548 ἑαυτῷ
1634 4475 1882 4548 ἐπιτάξας
1913 4524 1927 4551 ,

2012 731 2077 769 ac
2110 720 2353 785 patrem,
2386 720 2450 770 ut
2479 715 2635 787 leges
2650 716 2928 787 ferebant,
2943 717 3118 772 simul
3149 723 3203 773 et
3232 717 3337 774 ﬁlii
3360 719 3646 779 haeredem

2013 800 2317 869 declarari,
2352 806 2407 857 et
2452 804 2703 858 actiones
2741 820 2963 875 eorum,
3018 807 3116 876 qui
3170 806 3331 863 litem
3379 809 3650 867 defuncto

2015 890 2342 958 movebant,
2375 891 2637 962 excipere
2668 897 2840 963 atque
2872 892 2930 948 in
2962 911 3023 950 se
3069 898 3384 954 transferre
3414 916 3650 958 necesse

2015 983 2251 1036 essent:
2284 979 2513 1050 magnis
2544 980 2930 1053 gravibusque
2986 984 3336 1042 tumultibus
3377 988 3651 1061 Gregorio

2014 1065 2226 1123 involvi
2257 1068 2518 1140 contigit,
2552 1068 2859 1139 permultis
2914 1071 3174 1129 videlicet
3224 1074 3409 1131 instar
3439 1094 3651 1135 canum

2019 1155 2091 1212 ad
2148 1157 2398 1228 praedam
2440 1157 2900 1227 accurrentibus,
2959 1176 3024 1217 ac
3080 1164 3293 1219 mortui
3349 1166 3656 1224 facultates

2019 1242 2180 1301 nullo
2210 1245 2523 1301 obsistente
2551 1264 2613 1302 se
2642 1252 2976 1320 arrepturos
3002 1251 3658 1312 existimantibus.Nam

2020 1339 2205 1407 pater,
2238 1339 2295 1390 et
2325 1341 2619 1392 senectute
2662 1342 2718 1392 et
2782 1338 2986 1394 morbo
3043 1340 3262 1396 fractus
3318 1343 3662 1413 (nonaginta

2020 1423 2175 1479 enim
2191 1424 2317 1495 jam
2348 1424 2475 1479 vitae
2505 1443 2690 1483 annos
2722 1426 3067 1500 expleverat)
3116 1429 3479 1500 judiciorum
3538 1436 3661 1488 tur-

2021 1511 2127 1567 bas
2158 1512 2574 1585 molestiasque
2596 1516 3098 1585 perferreminime
3131 1518 3380 1575 valebat:
3403 1521 3666 1594 obidque

2024 1602 2096 1657 ad
2127 1600 2284 1657 hunc
2344 1606 2460 1657 lota
2492 1619 2763 1659 curarum
2796 1603 2979 1660 moles
3011 1606 3439 1665 devolvebatur.
3482 1613 3663 1667 Crete-

2025 1706 2155 1745 rum
2177 1696 2484 1761 parentum
2523 1692 2718 1748 cultus
2750 1693 3047 1750 molestias
3094 1695 3339 1765 levabat,
3375 1715 3538 1771 spem
3571 1715 3665 1755 ea-

2026 1795 2155 1834 rum
2188 1780 2560 1849 praemiorum
2591 1781 2859 1849 efferens,
2892 1798 3020 1853 quas
3046 1783 3200 1854 ﬁliis,
3234 1791 3502 1857 parentes
3543 1789 3667 1845 offi-

2021 1866 2175 1923 ciose
2206 1867 2413 1938 pieque
2442 1867 2785 1938 colentibus,
2820 1871 3109 1942 promissa
3138 1878 3295 1928 sunt.

2092 1974 2435 2045 Hicquoque
2455 1971 3087 2047 hujusmodiquiddam
3110 1979 3183 2034 ab
3212 1982 3425 2036 Ariana
3440 1983 3666 2050 haeresi,

2023 2080 2151 2133 quas
2205 2079 2307 2133 per
2362 2063 2634 2133 nequitiae
2690 2066 2933 2135 spiritus
2989 2067 3303 2122 Ecclesiam
3362 2070 3665 2143 obruebat,

2025 2151 2253 2207 accidit.
2286 2150 2554 2221 Plerique
2601 2152 2890 2208 antistites
2921 2154 2978 2208 in
3036 2155 3307 2210 exsilium
3360 2160 3474 2213 acti
3505 2167 3665 2228 sunt,

2028 2238 2569 2311 multiplicibusque
2599 2242 2909 2297 tormentis
2955 2241 3383 2315 calumniisque
3434 2248 3667 2304 vexati:

2028 2327 2381 2392 sacerdotes,
2414 2344 2479 2382 ac
2513 2328 2985 2384 numerosissimi
3010 2332 3207 2402 p0puli
3238 2339 3420 2389 οιοιυο
3452 2337 3670 2392 subdio

2030 2415 2486 2480 afﬂictabantur,
2506 2432 2577 2470 ne
2600 2417 2804 2472 domos
2816 2417 3050 2487 quidem
3068 2420 3349 2476 orationis
3367 2422 3672 2492 habentes,

2031 2519 2136 2558 nec
2165 2503 2361 2575 legum
2390 2504 2663 2574 aequitate
2693 2521 2823 2560 cum
2858 2507 3056 2579 impiis
3085 2525 3154 2564 ex
3190 2526 3354 2581 aequo
3393 2513 3672 2580 fruentes,

2030 2591 2234 2647 haeresi
2268 2591 2547 2646 nimirum
2587 2609 2790 2650 omnes
2819 2594 2937 2649 fere
2966 2597 3124 2651 orbis
3154 2598 3300 2653 fines
3330 2605 3673 2670 occupante,

2030 2679 2313 2751 impiique
2343 2680 2711 2752 imperatoris
2741 2700 2848 2754 ope
2878 2688 3053 2755 atque
3079 2686 3295 2742 auxilio
3339 2689 3676 2745 subnitente

2033 2785 2098 2823 ac
2129 2768 2458 2825 ferociente.
2508 2773 2793 2826 Concessa
2848 2778 2937 2827 est
2975 2774 3171 2844 itaque
3222 2774 3454 2831 licentia
3483 2778 3678 2847 perni-

2033 2856 2208 2912 ciosis
2238 2857 2595 2927 pastoribus,
2640 2863 2696 2914 et
2736 2860 2844 2914 sub
2905 2870 3211 2918 mansueta
3265 2864 3414 2935 pelle
3470 2865 3678 2936 lupum

2032 2945 2383 3016 tegentibus,
2416 2946 2615 3001 ﬁdeles
2644 2949 2966 3021 episcopos,
3000 2955 3057 3004 et
3085 2950 3316 3007 Christo
3356 2954 3545 3025 primo
3574 2972 3677 3027 pa-

2033 3038 2187 3089 store
2217 3034 2447 3105 dignos,
2470 3036 2836 3091 exturbandi.
2871 3042 2992 3103 Quo
3049 3042 3264 3095 factum
3320 3047 3427 3107 est,
3462 3048 3525 3097 ut
3579 3043 3678 3098 alii

2034 3122 2652 3179 verborumillecebris
2683 3124 2929 3193 deliniti,
2981 3134 3082 3181 aut
3136 3130 3399 3199 pecuniis
3428 3132 3676 3201 subacti,

2039 3210 2135 3266 alii
2187 3227 2419 3266 morum
2474 3212 2849 3283 simplicitate
2902 3215 3147 3287 decepti,
3202 3218 3436 3274 haaresis
3484 3237 3679 3276 escam

2038 3300 2427 3370 susceperint,
2459 3300 2845 3374 chirographo
2871 3321 2977 3359 suo
3017 3310 3074 3360 et
3104 3307 3513 3364 communione
3542 3326 3679 3365 cum

2039 3387 2387 3443 adversariis
2418 3389 2735 3457 conjuncti.
2758 3391 2880 3454 Quo
2912 3391 2972 3447 in
2995 3410 3237 3449 numero
3268 3396 3421 3451 beati
3451 3414 3681 3468 quoque

2039 3474 2217 3546 hujus
2247 3476 2352 3531 viri
2384 3482 2548 3547 pater
2576 3485 2718 3548 erat,
2742 3480 2923 3535 animi
2943 3481 3315 3553 simplicitate
3343 3484 3400 3539 in
3435 3485 3679 3542 hamum

2038 3566 2370 3638 prolapsus.
2404 3568 2565 3633 Quod
2617 3567 2777 3625 illius
2824 3570 3042 3626 factum
3099 3589 3232 3627 cum
3293 3576 3680 3645 provinciales

2040 3654 2309 3710 monachi
2338 3655 2486 3711 ferre
2512 3674 2625 3712 non
2676 3664 2937 3729 possent,
2995 3659 3067 3715 ab
3114 3661 3297 3732 ipsius
3319 3678 3381 3717 se
3409 3680 3681 3725 commu-

2039 3743 2212 3798 nione
2242 3743 2634 3812 abscindunt;
2667 3745 2959 3817 simulque
2989 3748 3270 3804 abscessit
3314 3767 3449 3820 pars
3480 3751 3682 3821 papuli

2038 3831 2195 3887 haud
2261 3833 2489 3905 exigua,
2549 3835 2969 3891 monachorum
3021 3837 3423 3893 auctoritatem
3483 3846 3682 3911 aperte

2037 3928 2259 3981 secuta.

2111 4209 2259 4272 Quid
2292 4208 2472 4280 igitur
2500 4208 2595 4264 hic
2643 4211 2869 4266 consilii
2901 4212 3056 4283 capit
3108 4212 3202 4269 Dei
3261 4230 3464 4269 servus
3509 4214 3537 4269 ?
3564 4213 3686 4270 Pri-

2039 4311 2203 4350 mum
2237 4296 2597 4351 orationibus
2626 4302 2683 4352 et
2707 4298 2922 4369 vigiliis
2966 4299 3149 4354 Deum
3208 4302 3437 4372 placare
3468 4304 3684 4370 studet,

2039 4386 2112 4440 ab
2139 4401 2322 4455 eoque
2348 4386 2662 4457 impetrare
2693 4393 2758 4442 ut
2811 4388 2918 4443 hoc
2950 4390 3172 4446 malum
3206 4391 3454 4459 aboleat,
3509 4392 3683 4448 dissi-

2041 4473 2319 4543 diumque
2351 4480 2619 4530 exortum
2651 4474 2918 4531 cicatrice
2940 4479 3193 4533 obducat
3224 4496 3236 4534 :
3271 4478 3690 4551 silentiumque

280 4563 361 4617 καὶ
411 4541 562 4619 οὕτω
613 4563 681 4618 τὸ
726 4541 1039 4639 σκυθρωπὸν
1100 4541 1499 4636 ἐνδεικνύμενος
1529 4541 1559 4597 ’1
1594 4566 1707 4621 εἶτα
1754 4541 1920 4620 νουθεί

2041 4563 2153 4618 sibi
2176 4563 2399 4631 indicit,
2442 4571 2507 4620 ut
2558 4566 2741 4621 animi
2800 4568 3139 4623 mmstitiam
3199 4570 3307 4625 hac
3338 4569 3560 4625 ratione
3589 4571 3691 4626 de-

282 4654 437 4720 τησας
476 4654 576 4708 τὸν
628 4650 834 4727 πατέρα
880 4652 1206 4727 συγγνώμην
1255 4652 1470 4722 αίτῆσαι
1515 4657 1618 4708 τοῦ
1661 4654 1935 4728 πταίσμα-

346 4832 457 4904 (90)
518 4833 804 4908 Cod._0r.
862 4832 1041 4887 habet
1096 4833 1202 4883 τῶν
1266 4827 1560 4905 βασιλικῶν
1623 4835 1933 4908 θησαυρῶν,

283 4904 640 4959 imperatoris
662 4904 1053 4959 thesaurorum
1069 4919 1224 4958 cura.

366 4976 457 5046 91)
492 4976 640 5048 de.
679 4975 733 5029 Ρ.
767 4973 1119 5048 πραγμᾴτων.

349 4995 457 5046 (91)
492 4995 640 5030 L'oa.
679 4995 733 5029 ι’.
767 4995 1119 5099 πραγματων.

349 5048 458 5115 (9:2)
492 5046 757 5127 Montac.
792 5054 848 5101 et
863 5065 918 5127 ἐξ.
937 5046 974 5099 ii
999 5046 1141 5127 edit.
1174 5043 1376 5127 volunt
1404 5040 1819 5127 ἀποδειχθῆναι,
1854 5045 1932 5102 ita

283 5117 447 5171 etiam
478 5118 616 5172 cod.
657 5116 750 5171 0r.
798 5117 1016 5173 scilicet
1045 5116 1431 5171 demonstrari.

346 5190 460 5257 (93)
492 5190 591 5242 Sic
624 5188 845 5242 Colb.1
908 5193 966 5242 et
1011 5192 1065 5257 2.
1117 5187 1253 5242 edit.
1315 5185 1497 5241 ἐλπίδι
1552 5186 1640 5240 καὶ
1688 5191 1796 5241 τῶν
1849 5186 1932 5241 ἐν·

284 5256 698 5330 αποκειμένων,
720 5260 856 5314 Cod.
892 5259 988 5313 Or.
1016 5256 1409 5330 ἀποκειμένων.

345 5331 459 5400 (94)
490 5331 640 5403 Cod.
673 5329 771 5403 Or._
802 5330 1100 5403 ’ᾼρειανῆς2

346 5395 455 5474 (95)
501 5400 722 5474 Kal/=59
750 5395 943 5474 ἡμέρῳ
1002 5395 1206 5474 κωδίῳ,
1237 5404 1289 5456 et
1333 5401 1430 5456 sub
1458 5406 1745 5456 mansueta
1768 5402 1933 5474 pelle,

284 5472 429 5545 velut
459 5472 744 5545 alludens
776 5473 843 5527 ad
865 5472 1271 5545 ‘Evangelium,
1292 5474 1390 5527 sub
1410 5475 1585 5530 ovina
1608 5472 1800 5545 pelle}
1822 5472 1936 5528 Bil-

285 5540 391 5599 lius
418 5546 601 5600 vertit
650 5542 753 5616 sub
789 5552 979 5616 nostra
1007 5540 1149 5616 pelle
1199 5561 1224 5616 ί
1246 5558 1384 5616 sane

287 5616 584 5675 nonnullis
620 5611 843 5692 placuit
870 5611 1020 5676 editi
1040 5614 1180 5695 legit
1202 5611 1475 5701 ἡμετέρῳῖ

2043 4652 2241 4708 claret.
2272 4656 2481 4709 Postea
2508 4659 2731 4725 patrem
2762 4657 2835 4711 ad
2864 4657 3097 4712 veniam
3138 4658 3322 4730 culpis
3356 4660 3688 4732 petendam,

2116 4830 2231 4954 ἓ96)
2260 4829 2419 4914 Colb.
2442 4832 2511 4916 '1,
2531 4835 2587 4886 et
2616 4831 2711 4914 0r.
2736 4833 2903 4916 codd.
2937 4832 3154 4920 Ταύτης
3210 4838 3337 4909 γοῦν
3400 4832 3532 4891 ἔνιοι
3592 4836 3687 4911 μὶν

2158 4920 2221 4954 ω·
2258 4903 2409 4954 Illius
2430 4907 2607 4954 iaztur
2636 4904 2877 4954 licentiae
2905 4906 3011 4954 aln
3040 4908 3256 4954 cuidem
3284 4918 3446 4954 metu-

2047 4900 2221 4978 (96655
2258 4903 2412 4978 illius
2429 4904 2616 4978 igitur
2636 4904 2877 4978 licentiae
2905 4906 3013 4978 alii
3040 4900 3256 4977 quidem
3284 4918 3447 4964 metu.

2118 4974 2228 5046 (97)
2265 4973 2324 5027 In
2348 4974 2484 5029 edit.
2519 4974 2874 5046 quidusdam
2904 4973 3065 5032 sicut
3092 4983 3150 5033 et
3180 4979 3240 5035 in
3273 4980 3429 5037 Colb.
3462 4980 3517 5048 2,
3550 4977 3693 5034 ἐναν-

2044 5043 2237 5196 τίῖξέ)
2286 5115 2422 5169 Cod.
2483 5115 2577 5171 Or.
2662 5113 2741 5187 τῷ
2807 5115 3079 5192 ἀγκίστρῳ
3135 5118 3471 5196 περιπαρείς,
3531 5123 3689 5178 hamo

2048 5187 2367 5255 transﬁxus.
2856 5187 2865 5191 ”
3000 5187 3008 5192 ’
3052 5187 3060 5190 ⁷
3208 5187 3216 5195 ’
3340 5187 3351 5196 ’
3458 5187 3469 5193 ⁷

2117 5257 2397 5329 (99),C,0d.
2432 5256 2527 5311 ΟΡ.
2557 5254 2754 5329 τούτῳ.
3523 5309 3533 5320 ,

2224 5328 2444 5415 (inluni
2470 5334 2527 5382 et
2546 5329 2679 5415 90d.
2810 5329 3052 5406 ἀτεχνῶς
3084 5329 3532 5404 ἐξακολουθῆσαν.

2142 5398 2196 5469 ‘3)
2228 5400 2365 5455 Cod.
2391 5398 2485 5455 ΟΡ.
2542 5398 2890 5464 διαστάσεως.

2145 5472 2198 5552 3)
2233 5472 2316 5527 Ita
2344 5470 2511 5527 codd.
2540 5471 2634 5529 Or.
2667 5477 2723 5529 et
2750 5473 2811 5529 P.
2836 5474 2919 5533 ita
2951 5479 3009 5533 et
3036 5475 3286 5537 Montac.
3315 5477 3380 5536 In
3397 5477 3535 5536 edit.
3561 5498 3693 5552 συμ-

1440 5535 1939 5616 ᾳυοωόἀωοάυω
2047 5535 2282 5599 ϐιϐάσαι.
