4152 6208
454 343 570 400 263

1566 335 1744 398 VI'I‘A
1795 339 1857 398 S.
1910 339 2280 399 GBEGORII
2326 340 2714 402 THEOLOGI

3729 349 3849 412 264

450 473 872 544 veritatemque
905 488 1045 535 pure
1088 475 1144 526 et
1200 471 1421 526 sincere
1453 471 1854 543 profitendam,
1895 471 2062 527 horta

2199 491 2314 534 τος,
2364 473 2452 526 καὶ
2498 471 2839 549 ὁμολογῆσαι
2869 477 3116 547 καθαρῶς
3163 496 3221 530 τε
3251 475 3340 530 καὶ
3391 476 3701 556 εἰλικρινῶς
3748 483 3851 550 τὴν

450 565 550 617 tur
583 578 594 616 :
630 566 803 632 atque
835 577 932 615 eos
963 561 1057 631 qui
1095 564 1473 626 secesserant,
1534 560 1603 614 ad
1656 577 2006 615 consensum
2036 563 2092 614 et

452 650 819 707 concordiam
853 649 1121 703 adducit:
1155 649 1356 731 sipque
1384 665 1558 704 suum
1613 648 1878 704 Ecclesia
1920 666 2090 704 orna-

449 743 573 793 tum
600 737 806 800 reddit,
828 736 1198 792 veneratione
1229 737 1507 792 nimirum
1540 736 1631 792 sui
1663 742 1936 806 utrosque
1968 753 2091 808 per-

447 842 708 896 movens,
739 830 961 896 patrem
1004 841 1230 895 nempe,
1292 842 1357 880 ac
1406 825 1565 896 pium
1625 842 1877 898 gregem.
1939 825 2088 889 Quin

445 914 618 968 etiam
652 913 1016 968 orationibus
1049 914 1119 967 de
1152 930 1291 984 pace
1323 913 1542 969 habitis
1573 913 1973 968 celebritatem
1997 929 2089 969 ex-

450 1000 680 1066 hilarat,
709 1000 987 1056 distracta
1019 1018 1083 1055 ac
1114 1001 1301 1055 divisa
1339 1001 1602 1056 membra
1651 1000 2084 1073 conglutinans,

447 1095 503 1145 et
533 1089 800 1145 medendi
841 1089 1129 1144 celeritate
1175 1089 1522 1144 oblivionem
1575 1091 1758 1144 morbi
1818 1090 2084 1144 efferens.

447 1178 644 1234 Crates
672 1178 907 1249 quidam
932 1177 1246 1232 Thebanus
1276 1176 1482 1232 solitus
1513 1195 1640 1232 esse
1689 1177 1870 1233 fertur
1914 1177 2086 1234 dissi-

446 1268 647 1321 dentes
681 1267 885 1321 domos
942 1266 1122 1331 adire,
1162 1266 1695 1337 controversiasque
1751 1266 1982 1321 lenibus
2030 1270 2087 1322 et

444 1356 703 1427 paciﬁcis
735 1354 923 1410 verbis
965 1355 1308 1426 disceptare.
1340 1356 1411 1408 At
1441 1354 1535 1408 hic
1568 1359 1762 1409 noster
1790 1354 1959 1426 longe
1987 1372 2083 1410 su-

442 1445 633 1516 perior
655 1462 668 1512 ;
693 1460 806 1498 non
832 1443 986 1498 enim
1021 1443 1288 1514 privatim
1322 1442 1699 1513 quibusdam,
1728 1447 1792 1498 ut
1830 1443 1946 1510 ille,
1981 1445 2082 1499 sed

439 1533 722 1589 universis
780 1531 974 1605 patriae
1031 1532 1399 1587 concordiam
1455 1531 1685 1586 reduxit
1737 1550 1750 1587 :
1810 1533 2084 1604 quodque

439 1622 761 1676 maximum
785 1625 891 1687 est,
926 1637 1040 1674 non
1072 1620 1140 1674 de
1163 1619 1423 1691 pecuniis
1449 1624 1549 1674 aut
1579 1619 1811 1689 injuriis
1844 1625 2080 1675 conten-

440 1711 713 1765 dentibus
763 1710 1048 1764 arbitrum
1098 1725 1158 1764 se
1212 1709 1460 1780 przebuit
1507 1708 1629 1776 (ubi
1691 1725 1943 1780 persepe
1993 1708 2080 1765 vel

2198 557 2477 644 ἀλήθειαν,
2526 560 2648 622 νοός
2697 581 2756 616 τε
2805 561 3138 625 ἀποστάντας
3197 558 3534 638 συμϐιϐάσας
3584 570 3662 642 (3)
3707 570 3848 644 πρὸς

2197 643 2584 721 συγκατάϐασιν
2634 649 2722 703 καὶ
2774 650 3050 722 ὁμόνοιαν,
3105 649 3349 707 ἀπέδωκε
3396 653 3487 708 τὸν
3533 655 3742 728 κόσμον
3772 662 3842 724 τῇ

2199 734 2525 809 Ἐκκλησίᾳ,
2577 735 2856 811 αἰδέσιμος
2916 739 3242 817 ἀμφοτέροις
3299 745 3503 819 φανεὶς,
3562 746 3727 820 πατρί
3780 768 3841 802 τε

2195 823 2284 877 xui
2316 825 2559 897 ποιμνίῳ
2600 825 2859 890 θεοσεϐεῖ.
2907 825 3194 898 Φαιδρύνει
3229 827 3285 883 δὲ
3316 828 3504 905 λόγοις
3535 832 3841 906 είρηνικοῖς

2193 912 2291 979 τὴν
2323 915 2650 988 πανήγυριν,
2703 914 2936 987 συνάψας
2978 916 3044 968 τὰ
3094 913 3373 989 διεστῶτα,
3419 920 3507 973 καὶ
3559 925 3636 992 τῷ
3679 924 3840 997 τάχει

2192 1003 2290 1053 τοῦ
2322 999 2548 1074 ἷάματος
2581 1000 2756 1072 λήθην
2789 1002 3092 1074 ἐμποιήσας
3139 1005 3236 1059 τοῦ
3277 1005 3707 1082 ἆρῥωστήματος

2196 1089 2406 1162 Κράτης
2460 1091 2553 1161 μὲν
2609 1089 2700 1145 οὖν
2752 1091 3022 1168 λέγεταιό
3052 1087 3312 1165 Θηϐαῖος,
3361 1101 3478 1158 τοῖς
3518 1098 3840 1169 στασιάζου-

2195 1197 2274 1230 σιν
2308 1177 2478 1240 οῗ’κοις
2528 1177 2843 1256 ἐπιφοιτῶν,
2895 1178 3086 1256 λόγοις
3135 1181 3353 1257 εἶρήνης
3405 1182 3694 1262 διακρίνειν
3740 1189 3838 1251 τὰς

2195 1263 2394 1352 ἔριδας
2457 1265 2580 1321 ἀλλ’
2632 1268 2857 1323 ἐνταῦθα
2910 1269 2973 1324 τό
3027 1276 3208 1342 μεῖζον
3267 1273 3573 1347 πρόσεστιν
3627 1274 3691 1329 οὐ
3733 1276 3833 1352 γὰρ

2195 1351 2306 1425 ἰδίᾳ
2335 1354 2492 1426 τισὶν,
2527 1352 2704 1428 ὥσπερ
2737 1355 2961 1425 ἐκεῖνος,
3012 1355 3156 1412 ἀλλὰ
3201 1359 3357 1434 κοινῇ
3387 1364 3455 1434 τῇ
3487 1360 3703 1437 πατρίδι
3733 1351 3833 1432 τήν

2193 1442 2450 1514 ὁμόνοιαν
2511 1443 2830 1519 ἐπανήγαγεο
2889 1445 2977 1499 καὶ
3026 1445 3088 1501 τό
3146 1467 3208 1521 γε
3267 1449 3517 1524 μέγιστον
3553 1493 3569 1518 ,
3629 1451 3709 1506 ὅτι
3769 1453 3832 1506 οὐ

2191 1531 2312 1606 περῖ
2372 1533 2675 1606 χρημάτων
2821 1528 3027 1607 ὕϐρεων
3085 1531 3512 1611 ἀμφισϐητοῦσιν
3570 1534 3837 1612 ἐϐράϐευ-

2191 1638 2276 1672 σεν
2309 1617 2466 1689 (ὅπου
2493 1641 2553 1695 γε
2583 1623 2661 1693 (5)
2708 1618 2975 1684 πολλάκις
3022 1622 3110 1676 καὶ
3157 1626 3191 1692 ἠ
3240 1629 3480 1699 τυχοῦσα
3518 1627 3832 1702 παραίνεσις

2191 1704 2387 1781 ῥᾳδίως
2448 1703 2689 1781 ὤνησεν),
2745 1707 2888 1764 ἀλλὰ
2942 1711 3063 1785 περὶ
3120 1711 3350 1774 πίστεως
3406 1716 3777 1784 στασιάζουσιν
3810 1762 3827 1785 ,

435 1797 575 1854 levis
605 1799 926 1853 cohortatio
959 1797 1123 1853 facile
1146 1798 1424 1868 prodest),
1454 1798 1553 1852 sed
1581 1798 1648 1852 de
1669 1797 1778 1851 fide
1810 1813 2066 1868 pugnan-

2188 1790 2305 1849 ἔνθα
2357 1794 2505 1872 φιλεῖ
2545 1801 2624 1868 τῷ
2683 1798 2890 1872 μεγέθει
2937 1803 3033 1852 τοῦ
3081 1799 3400 1875 πράγματος
3433 1806 3829 1876 συνιξισοῦσθαι

435 1887 717 1953 tibus,ubi
735 1887 956 1941 rixandi
978 1885 1239 1941 studium
1270 1886 1350 1941 rei
1374 1885 1833 1956 magnitudinem
1850 1901 2066 1956 aequare

2187 1883 2274 1936 xui
2304 1884 2366 1938 τὸ
2398 1883 2730 1961 φιλόνεικον,
2763 1886 2838 1946 ὡς
2885 1886 2974 1940 καὶ
3020 1888 3147 1948 τοὺς
3201 1887 3327 1962 ἄγαν
3382 1890 3578 1963 σοφοὺς
3630 1891 3828 1968 λόγους

432 1975 599 2040 solet,
631 1992 697 2030 ac
731 1975 971 2048 proinde
1000 1975 1376 2046 quantumvis
1437 1975 1692 2044 prudens
1750 1983 1803 2028 et
1852 1975 2080 2030 erudita

433 2064 614 2119 oratio
668 2065 739 2119 ad
799 2065 1200 2135 componenda
1257 2063 1500 2118 dissidia
1559 2079 1762 2133 parum
1813 2079 2078 2135 aegreque

433 2153 680 2223 proﬁcit.

502 2241 803 2296 Enimvero
853 2243 1164 2311 postquam
1215 2239 1676 2295 Christianorum
1728 2241 2074 2312 perversitas

430 2346 495 2384 ac
527 2329 812 2385 dissoluta
842 2329 1092 2401 ignavia,
1140 2329 1238 2384 Dei
1299 2329 1829 2400 mandatorumque
1887 2329 2072 2399 ipsius

429 2422 785 2490 contemptu,
814 2419 981 2489 quasi
1005 2418 1206 2473 morbo
1265 2418 1516 2488 quodam
1560 2416 1852 2487 laborans,
1886 2433 2070 2489 eoque

427 2523 724 2578 grassans,
758 2507 1166 2578 imperatorem
1180 2504 1719 2561 Christoinfeusum
1751 2506 1918 2561 nobis
1938 2523 2069 2562 sus-

425 2595 627 2650 citavit
655 2595 978 2667 (Julianum
1011 2599 1324 2667 tyrannum
1356 2594 1506 2658 dico,
1538 2594 1638 2664 qui
1671 2595 1882 2649 avitam
1916 2594 2063 2650 Con-

424 2683 668 2738 stantini
701 2682 892 2754 Magni
944 2683 1118 2738 ﬁdem
1152 2699 1217 2737 ac
1267 2681 1533 2737 virtutem
1575 2683 1879 2738 contrariis
1910 2682 2065 2739 vitiis

421 2787 697 2842 superare
729 2771 972 2836 studuit,
1005 2787 1249 2842 eamque
1290 2770 1361 2826 oh
1415 2787 1652 2826 causam
1705 2771 2064 2828 Christianos

421 2860 696 2915 omnibus
719 2860 873 2931 juris
905 2859 1189 2932 praesidiis
1220 2858 1490 2930 spoliare,
1525 2875 1638 2913 non
1690 2859 1922 2930 quidem
1956 2877 2062 2931 pu-

419 2949 571 3004 blico
592 2949 778 3004 edicto
808 2948 1269 3004 Christianorum
1305 2947 1764 3019 persecutionem
1803 2949 2062 3019 promul-

418 3055 584 3110 gans,
618 3039 714 3094 sed
757 3037 1069 3105 voluntate,
1094 3037 1282 3108 iisque
1307 3038 1503 3104 rebus,
1550 3053 1696 3108 quas
1725 3040 1938 3094 tacitus
1961 3040 2061 3095 ad-

2191 1971 2380 2046 μικρὸν
2412 1972 2500 2026 καὶ
2536 1972 2698 2045 μόλις
2730 1973 2904 2028 ἀνύειν
2935 1977 3010 2048 (6)
3043 1973 3290 2030 δόνασθαι
3323 1979 3458 2054 πρὸς
3488 1981 3552 2035 τὸ
3600 1982 3828 2054 συνάψαι

2183 2059 2249 2113 τὰ
2281 2057 2559 2117 διεστῶτα.

2253 2233 2474 2305 Ἐπειδὴ
2535 2234 2592 2292 δὲ
2641 2240 2716 2310 (7)
2760 2240 2794 2306 ἡ
2848 2245 3178 2315 Χριστιανων
3236 2242 3396 2296 κακία
3442 2244 3531 2297 καὶ
3582 2241 3823 2318 ἔκλυσις,

2180 2325 2575 2402 καταφρόνησιν
2621 2331 2751 2380 Θεοῦ
2797 2327 2885 2380 καὶ
2933 2332 3039 2382 τῶν
3089 2328 3253 2384 αὐτοῦ
3305 2329 3537 2386 ἐντολῶν
3587 2336 3824 2403 νοσήσα-

2177 2412 2242 2465 σά
2269 2417 2351 2483 (8)
2381 2434 2438 2468 τε
2465 2413 2552 2468 καῖ
2605 2414 2964 2486 μελετήσασα,
3016 2415 3298 2493 ἐπήγειρεν
3347 2421 3482 2492 ἡμῖν
3525 2422 3616 2476 τὸν
3660 2423 3816 2494 μισό-

2176 2520 2399 2576 χριστον
2454 2501 2821 2578 αὐτοκράτορα
2890 2502 3205 2576 (Ἰουλιανὸν
3278 2505 3336 2561 δὶ
3389 2511 3466 2581 (9)
3521 2507 3668 2584 λέγω
3721 2511 3815 2565 τὸν

2172 2589 2456 2664 τύραννον,
2486 2591 2547 2653 ὃς
2574 2592 2672 2659 τὴν
2703 2593 3032 2667 προγονικὴν
3081 2594 3258 2649 πίστιν
3308 2597 3396 2650 καὶ
3436 2596 3630 2671 ἀρετὴν
3662 2601 3818 2655 Κωνο

2175 2678 2452 2733 σταντίνου
2497 2683 2592 2733 τοῦ
2657 2679 2912 2754 Μεγάλου
2975 2686 3091 2743 τοῖς
3138 2681 3400 2746 ἐναντίοις
3460 2684 3812 2758 ὑπερνικῆσαι

2173 2764 2567 2843 ἐφιλονείκησε,
2599 2767 2807 2822 καὶδιᾶ
2856 2773 3017 2824 τοῦτο
3061 2772 3274 2825 πάντων
3321 2769 3538 2827 δικαίων
3591 2774 3813 2830 ἀπεστέ-

2173 2875 2251 2930 ρει
2285 2855 2658 2931 Χριστιανοὺς,
2691 2856 2739 2910 εἷ’
2767 2857 2856 2911 καὶ
2891 2859 2966 2930 μὴ
3002 2855 3255 2932 δημοσίῳ
3293 2861 3670 2936 προστάγματι
3698 2865 3814 2938 (10)

2168 2945 2260 2997 τὸν
2304 2948 2409 2998 τῶν
2464 2947 2796 3019 Χριστιανῶν
2845 2943 3087 3021 διωγμὸν
3138 2948 3502 3023 προκηρύξας,
3554 2949 3675 3005 ἀλλ’
3719 2951 3812 3007 οὖν

2168 3037 2247 3103 τῷ
2279 3032 2611 3107 βουλήματι,
2642 3033 2730 3087 καὶ
2763 3036 2846 3096 οἷς
2874 3055 2932 3089 τε
2963 3040 3179 3090 σιωπῶν
3211 3039 3328 3092 κατ’
3371 3039 3546 3093 αὐτῶν
3597 3037 3806 3115 ἔδρασε,

415 3143 618 3182 versus
641 3142 738 3182 eos
788 3127 1178 3199 perpetrabat,
1231 3126 1472 3198 profana
1519 3125 1843 3182 eruditione
1889 3130 2059 3198 atque

2176 3120 2258 3174 xui
2291 3123 2373 3183 οἷς
2417 3121 2797 3193 ἐνομοθέτησεν
2845 3121 3182 3192 Ἑλληνικῶν
3233 3123 3414 3199 λόγων
3462 3128 3549 3181 καὶ
3589 3126 3810 3183 παιδευο

418 3215 680 3270 doctrina
711 3215 855 3287 ipsis
888 3215 1283 3284 interdicens).
1325 3215 1416 3269 Dei
1479 3214 1674 3285 itaque
1716 3217 2056 3286 aequanimi-

2176 3208 2354 3281 μάτων
2384 3191 2646 3282 ἀμοίρους
2677 3191 2810 3264 εἶναι
2841 3191 3232 3286 Χριστιανούς).
3264 3191 3326 3270 ’11
3359 3212 3450 3267 οὖν
3493 3216 3668 3291 ἀνοχή
3709 3223 3808 3272 τοῦ

415 3307 527 3367 tas,
563 3321 689 3375 quae
724 3304 1007 3360 nefarium
1041 3308 1096 3359 et
1151 3304 1567 3359 exsecrandum
1600 3303 1897 3358 hominem
1925 3305 2052 3359 diu-

415 3393 534 3448 tius
564 3393 750 3448 efferri
784 3398 957 3464 atque
997 3392 1342 3448 insolescere
1370 3392 2053 3464 permiserat,postquam

415 3481 602 3553 ipsius
625 3481 1054 3553 improbitatem
1077 3480 1235 3536 nulla
1256 3481 1492 3536 omnino
1508 3480 1846 3552 pmnitentia
1867 3482 2051 3554 frangi

412 3569 720 3640 perspexit,
755 3569 1001 3640 gladium
1031 3571 1254 3624 vibrans
1283 3571 1346 3636 9⁸,
1387 3585 1532 3640 quas
1563 3569 1750 3640 ipsius
1781 3570 2053 3640 impietas

411 3659 762 3728 merebatur,
797 3676 997 3730 poenas
1044 3658 1252 3730 exegit,
1312 3658 1370 3712 in
1421 3658 1800 3712 barbarorum
1835 3658 2051 3714 ﬁnibus

413 3748 722 3803 barbaram
767 3747 952 3820 ipsius
985 3751 1041 3802 et
1071 3746 1385 3802 belluinam
1442 3747 1618 3801 vitam
1674 3748 2047 3818 abrumpens.

409 3836 538 3892 Mox
571 3854 818 3908 magnus
848 3837 1154 3909 Gregorius
1184 3836 1371 3906 ipsius
1393 3834 1583 3890 scelus
1615 3840 1670 3889 et
1691 3835 2046 3906 impietatem

405 3925 686 3980 invectiva
716 3925 972 3980 oratione
1001 3925 1340 3996 proscindit,
1390 3940 1455 3979 ac
1513 3924 1861 3995 Sybariticas
1891 3928 2049 3979 Gras-

403 4028 601 4067 corum
636 4014 1041 4084 ohscenitates,
1076 4017 1415 4082 veteresque
1464 4011 1713 4078 fabulas,
1763 4028 1827 4066 ac
1854 4013 2051 4067 multi-

400 4100 568 4171 plicis
601 4101 918 4156 divinitatis
949 4116 1204 4155 errorem
1236 4100 1533 4170 detegens,
1569 4103 1741 4170 atque
1771 4101 2046 4156 omnibus

401 4189 472 4244 ob
503 4188 701 4243 oculos
754 4205 996 4258 ponens,
1057 4205 1366 4243 commune
1414 4187 1732 4241 ludibrium
1791 4189 2044 4244 cordatis

399 4277 539 4330 viris
574 4276 894 4346 proposuit.
922 4277 1030 4331 Sed
1059 4277 1197 4348 quid
1232 4292 1476 4346 magnas
1508 4280 1563 4330 et
1594 4275 1851 4330 excelsas
1867 4276 2043 4347 hujus

399 4365 502 4420 viri
535 4363 738 4419 laudes
760 4364 1040 4419 orationis
1068 4364 1347 4418 brevitate
1379 4363 1727 4418 imminuere
1766 4381 1830 4418 ac
1869 4365 2039 4420 dede-

398 4469 529 4508 core
560 4452 787 4507 afﬁcere
811 4451 1133 4522 aggredior,
1169 4451 1455 4521 planeque
1486 4451 1542 4505 in
1567 4452 2036 4508 contrariumire.

2165 3301 2318 3365 Θεοῦ,
2352 3298 2438 3352 ἐπὶ
2469 3296 2612 3352 πολὺ
2641 3299 2731 3353 τὸν
2764 3297 3048 3375 ἀλιτήριον
3077 3303 3188 3373 (11)
3222 3302 3504 3375 ὑψωθῆναι
3542 3325 3810 3381 παραχω-

2164 3389 2390 3456 ρήσασα,
2425 3387 2499 3448 ὡς
2532 3387 2674 3460 ἐώρα
2701 3389 2981 3450 παντελῶς
3031 3389 3194 3444 αὐτοῦ
3242 3392 3341 3459 τὴν
3375 3393 3638 3467 πονηρίαν
3668 3394 3811 3466 ἀμε-

2161 3473 2468 3546 ταμέλητον
2521 3477 2653 3549 (12),
2688 3471 3033 3531 στιλϐώσασα
3055 3479 3152 3545 τὴν
3188 3477 3477 3556 ῥομφαίαν,
3523 3481 3669 3552 ἀξίαν
3695 3490 3802 3552 τῆς

2161 3559 2403 3625 ἀσεϐείας
2450 3561 2602 3634 δίκην
2651 3564 3040 3638 εἰσπράττεται,
3091 3565 3143 3620 ἐν
3173 3566 3322 3642 ὅροις
3375 3564 3660 3644 βαρϐάρων
3698 3573 3804 3640 τήν

2165 3647 2431 3727 βάρϐαρον
2464 3651 2627 3707 αὐτοῦ
2655 3653 2745 3707 καὶ
2793 3650 3038 3728 θηριώδη
3093 3657 3235 3723 ζωὴν
3287 3653 3616 3732 διαρῥήξασα
3662 3661 3802 3732 (13).

2157 3739 2357 3796 Αὐτίκα
2387 3740 2415 3794 ὁ
2451 3741 2616 3814 μέγας
2657 3740 2954 3815 Γρηγόριος
3004 3741 3309 3811 στηλιτεόει
3360 3745 3453 3816 μὶν
3500 3746 3668 3800 αὐτοῦ
3697 3748 3802 3815 τήν

2156 3826 2342 3883 κακίαν
2394 3828 2482 3882 καὶ
2529 3829 2627 3896 τὴν
2677 3824 2919 3883 ἀσέϐειαν
2947 3871 2960 3895 ,
3004 3830 3099 3891 τὰς
3168 3828 3224 3884 δὲ
3275 3827 3635 3904 Συϐαριτικὰς
3683 3837 3806 3906 (14)

2157 3915 2438 3986 Ἑλλήνων
2483 3915 2897 3993 αἰσχρολογίας,
2951 3917 3040 3971 καὶ
3081 3917 3208 3980 τοὺς
3259 3918 3526 3983 παλαιοὺς
3571 3922 3801 3994 μύθους,

2154 4006 2242 4060 καὶ
2272 4006 2370 4073 τήν
2402 4005 2667 4060 πολύθεον
2700 4004 2911 4075 πλάνην
2945 4005 2995 4060 ἐν
3027 4012 3147 4068 ταῖς
3177 4006 3424 4063 ἁπάντων
3458 4009 3797 4084 ἀπογυμνώς

2155 4115 2248 4156 σας
2281 4089 2454 4166 ὄψεσι,
2501 4095 2681 4149 κοινὸν
2714 4100 2832 4155 τοῖς
2872 4100 3208 4172 σωφρονοῦσι
3240 4095 3519 4172 προῦθηκε
3555 4097 3796 4174 γέλωτα.

2153 4181 2326 4237 Ἀλλᾶ
2352 4183 2406 4236 τί
2436 4179 2500 4252 δή
2530 4182 2598 4236 τὰ
2631 4181 2838 4258 μεγάλα
2865 4187 2962 4238 τοῦ
3008 4181 3199 4259 ἀνδρὸς
3237 4185 3327 4239 καὶ
3360 4185 3632 4263 ὑπέρογκα
3667 4189 3800 4264 βρα-

2152 4277 2244 4346 χεῖ
2289 4269 2442 4346 λόγῳ
2485 4269 2722 4346 ἐγχειρῶ
2767 4266 3130 4345 καθυϐρίζειν,
3179 4273 3268 4327 καὶ
3319 4273 3394 4335 είς
3447 4276 3508 4330 τὸ
3558 4275 3799 4332 ἐναντίον

2148 4361 2283 4415 ἱέναι
2332 4365 2428 4414 τοῦ
2474 4358 2760 4421 ἐνεστῶτος
2806 4364 3030 4432 σκοποῦ,
3079 4361 3168 4415 καὶ
3198 4361 3249 4416 ἐν
3283 4367 3456 4438 καιρῷ
3507 4363 3800 4439 ἐγκωμίων

2150 4450 2282 4521 (15),
2315 4447 2402 4503 ὅτε
2442 4445 2523 4502 δεῖ
2572 4446 2808 4520 μάλιστα
2853 4449 2944 4503 τὸν
2992 4448 3398 4523 ἐπαινούμενον,
3449 4455 3516 4524 τῇ
3567 4449 3800 4527 διεξόδῳ

397 4556 575 4612 quam
606 4539 886 4594 orationis
917 4539 1252 4594 institutum
1277 4539 1440 4608 ferat,
1465 4539 1638 4610 idque
1683 4538 2037 4596 laudationis
2065 4616 2066 4621 γ

2176 4539 2258 4610 16)
2310 4541 2415 4591 τῶν
2473 4538 2860 4612 πεπραγμένων
2919 4534 3610 4614 ἐπιδοξότερον-γίνεσθαι,
3673 4540 3794 4611 ἐξὸν

394 4636 655 4701 tempore
684 4629 824 4700 (quo
855 4627 1225 4700 potissimum
1262 4627 1320 4682 in
1353 4627 1459 4682 hoc
1490 4625 1904 4684 elaborandum
1929 4633 2039 4699 est,

465 4781 509 4816 9°
537 4780 692 4836 Psal.
725 4796 823 4849 vn,
862 4779 947 4833 l3.

467 4930 544 5000 (4)
570 4930 748 4985 codd.
782 4932 875 4984 Or.
911 4928 970 4983 Ρ.
1003 4933 1060 4984 et
1091 4928 1248 4983 Colb.
1284 4927 1464 4994 1,1134
1498 4923 1819 5000 essent“.

487 5001 542 5070 5)
579 5005 641 5052 Γε
671 5002 832 5055 deest
857 5001 914 5054 in
947 5000 1114 5054 codd.
1148 5000 1304 5055 Colb.
1331 5001 1380 5064 1,
1413 5001 1469 5070 2,
1499 4999 1555 5054 et
1575 4999 1669 5053 Or.

487 5074 542 5144 6)
567 5073 652 5127 Ita
682 5072 848 5127 codd.
885 5072 943 5126 P.
973 5070 1129 5126 Colb.
1165 5073 1214 5140 1,
1246 5072 1299 5139 2,
1323 5077 1379 5126 et
1402 5069 1496 5126 Or.
1512 5071 1768 5127 Combet‘.
1800 5071 1862 5128 In
1893 5070 2032 5127 edit.

393 5140 560 5196 ἀνύεμ

2147 4624 2440 4701 ἐντυχόντα
2467 4630 2581 4688 τοῖς
2614 4623 3041 4696 στηλιτευτικοῖς
3091 4625 3275 4702 λόγοις
3324 4629 3592 4702 σαυμάσαι
3640 4630 3701 4684 τό
3731 4651 3798 4686 τε

3259 4731 3311 4809 ,ὃ
3355 4737 3366 4758 ι

2141 4947 2328 5077 was)
2357 5001 2494 5077 God;
2527 5001 2646 5070 Or.,
2681 4999 3047 5077 unopg'ﬁﬁucu.

2239 5002 2307 5058 13
2357 5001 2494 5057 Cod.
2527 5001 2646 5070 Or.,
2681 5001 3047 5077 άπορᾆξασα.

2212 5001 2328 5158 (μέ)
2366 5065 2797 5158 ,ξυϐαριτιικάςέκ
2818 5075 3028 5158 (1191188,
3064 5073 3447 5158 ,υοίμρίῑιοδαθ
3497 5074 3694 5158 ἐρῶ..
3733 5076 3790 5144 1,

2139 5139 2234 5204 τάξ
2271 5139 2668 5216 δὶίὺϐριστικὰς
2718 5139 3021 5214 Ἑλλήνων,
3051 5139 3373 5216 Ῑῖαθὶιῖρδαις.
3401 5147 3460 5200 in
3491 5139 3796 5202 luxurians

462 5216 538 5284 (7)
572 5213 634 5266 Δὲ
667 5212 903 5286 deestin
954 5213 1120 5268 codd.
1153 5212 1309 5286 Colb.
1377 5215 1426 5282 1,
1485 5215 1538 5280 2,
1600 5217 1656 5268 et
1711 5213 1807 5270 Or.
1858 5213 2031 5270 Paulo
2134 5210 2543 5286 protrahemes.
2585 5215 2722 5271 Cod.
2752 5215 2846 5271 Or.
2878 5210 3086 5286 habet
3129 5210 3536 5286 Συϐαρητικάς.
3595 5222 3652 5272 et
3708 5219 3792 5274 ad

391 5282 529 5356 post
552 5286 726 5339 iidem
759 5285 926 5340 codd.
960 5287 1092 5338 Θεοῦ
1132 5303 1191 5336 κε
1222 5282 1328 5336 καί.

567 5358 700 5428 Cod.
730 5357 785 5412 P.
823 5355 1079 5423 νοήσασα.

460 5424 625 5498 Δέ
658 5429 818 5482 deost
851 5428 906 5498 in
940 5424 1247 5498 cod._Colb.
1273 5426 1324 5495 1,
1361 5429 1417 5480 et
1444 5427 1539 5482 0r.

605 5499 762 5572 Colb.
799 5500 846 5563 1,
874 5494 1122 5572 δημοσίῳ
1142 5494 1444 5572 πράγματι.

493 5501 551 5553 10
605 5501 762 5553 Colb.
799 5501 846 5563 1,
874 5501 1122 5568 δημοσίῳ
1142 5501 1246 5570 πρά

493 5501 572 5641 lii
603 5570 738 5644 Ολοᾱ.
771 5571 889 5644 01),
923 5569 1246 5644 ἀλᾼητήριον.

492 5632 568 5716 12)
621 5641 757 5698 Cod.
819 5632 940 5714 oh,
976 5632 1362 5718 ἀμετανόητον.
1389 5638 1527 5721 (1οᾱΞ
1547 5642 1634 5718 Ρ.,
1670 5632 2025 5717 ἀμεταμελή-

2140 5283 2464 5371 in'a.r'ginem
2497 5285 2708 5371 legitur
2741 5303 2753 5341 :
2785 5284 3122 5363 τρυφηλοὺς,
3153 5283 3505 5371 φιληδόνους,
3540 5287 3795 5360 deliciis,

2139 5356 2366 5412 libidini
2392 5356 2711 5412 servientes.
2822 5356 2830 5361 ⁷
2900 5356 2909 5363 “

2209 5429 2321 5552 (15)
2351 5429 2485 5483 Cod.
2523 5429 2578 5482 P.
2613 5425 2909 5552 ἐγκωὲμου.

2208 5499 2301 5552 (16
2353 5499 2438 5552 Ita
2466 5499 2622 5552 Colb.
2653 5503 2703 5552 1-
2792 5540 2804 5552 .
2835 5498 2909 5552 0r

2208 5498 2321 5569 (16)
2353 5499 2438 5554 Ita
2466 5499 2622 5555 Colb.
2651 5498 2703 5566 ‘1,
2748 5498 2932 5569 2,__Qr.
2964 5498 3027 5556 P.
3081 5503 3139 5558 et
3191 5499 3446 5559 Combef.
3503 5515 3609 5560 nec
3668 5517 3794 5562 non

2136 5565 2360 5644 antiqui
2392 5571 2530 5628 edit.
2563 5565 2768 5629 Billius
2795 5565 2982 5649 ἐξόδῳ.
