  <div class='ocr_page' id='page_1' title='image "/cluster/home/n/w/nwhite01/storage/ocr_20150623/35/hvd.32044054100326/138.png"; bbox 0 0 4152 6208; ppageno 0'>
   <div class='ocr_carea' id='block_1_1' title="bbox 246 295 335 355">
    <p class='ocr_par' dir='ltr' id='par_1_1' title="bbox 246 295 335 355">
     <span class='ocr_line' id='line_1_1' title="bbox 246 295 335 355; baseline -0.045 0"><span class='ocrx_word' id='word_1_1' title='bbox 246 295 335 355; x_wconf 83' lang='grc'><strong>265</strong></span> 
     </span>
    </p>
   </div>
   <div class='ocr_carea' id='block_1_2' title="bbox 1200 286 2565 351">
    <p class='ocr_par' dir='ltr' id='par_1_2' title="bbox 1200 286 2565 351">
     <span class='ocr_line' id='line_1_2' title="bbox 1200 286 2565 351; baseline 0.003 -3"><span class='ocrx_word' id='word_1_2' title='bbox 1200 289 1565 349; x_wconf 81' lang='lat' dir='ltr'><strong>AUCTORE</strong></span> <span class='ocrx_word' id='word_1_3' title='bbox 1612 286 2009 347; x_wconf 80' lang='lat' dir='ltr'><strong>GBEGORIO</strong></span> <span class='ocrx_word' id='word_1_4' title='bbox 2051 288 2565 351; x_wconf 78' lang='lat' dir='ltr'><strong>PRESBYTERO</strong></span> 
     </span>
    </p>
   </div>
   <div class='ocr_carea' id='block_1_3' title="bbox 3468 292 3587 351">
    <p class='ocr_par' dir='ltr' id='par_1_3' title="bbox 3468 292 3587 351">
     <span class='ocr_line' id='line_1_3' title="bbox 3468 292 3587 351; baseline 0.025 -3"><span class='ocrx_word' id='word_1_5' title='bbox 3468 292 3587 351; x_wconf 76' lang='grc'><strong>266</strong></span> 
     </span>
    </p>
   </div>
   <div class='ocr_carea' id='block_1_4' title="bbox 244 418 1846 498">
    <p class='ocr_par' dir='ltr' id='par_1_4' title="bbox 244 418 1831 498">
     <span class='ocr_line' id='line_1_4' title="bbox 244 418 1831 498; baseline -0.004 -18"><span class='ocrx_word' id='word_1_6' title='bbox 244 424 411 494; x_wconf 74' lang='grc' dir='ltr'>πλῆθος</span> <span class='ocrx_word' id='word_1_7' title='bbox 435 428 527 492; x_wconf 88' lang='grc' dir='ltr'><strong>τῆς</strong></span> <span class='ocrx_word' id='word_1_8' title='bbox 564 422 807 498; x_wconf 73' lang='grc' dir='ltr'><strong>ἱστορίας</strong></span> <span class='ocrx_word' id='word_1_9' title='bbox 850 420 938 477; x_wconf 80' lang='grc' dir='ltr'><strong>καὶ</strong></span> <span class='ocrx_word' id='word_1_10' title='bbox 985 422 1083 490; x_wconf 73' lang='grc' dir='ltr'>τὴν</span> <span class='ocrx_word' id='word_1_11' title='bbox 1127 420 1410 498; x_wconf 82' lang='grc' dir='ltr'>ἁρμονίαν,</span> <span class='ocrx_word' id='word_1_12' title='bbox 1462 418 1593 490; x_wconf 80' lang='grc' dir='ltr'>δσην</span> <span class='ocrx_word' id='word_1_13' title='bbox 1624 440 1681 475; x_wconf 88' lang='grc' dir='ltr'><strong>τε</strong></span> <span class='ocrx_word' id='word_1_14' title='bbox 1713 420 1831 496; x_wconf 80' lang='grc' dir='ltr'>εἶχε</span> 
     </span>
    </p>
   </div>
   <div class='ocr_carea' id='block_1_5' title="bbox 1964 418 3592 498">
    <p class='ocr_par' dir='ltr' id='par_1_5' title="bbox 1964 423 3592 497">
     <span class='ocr_line' id='line_1_5' title="bbox 1964 423 3592 497; baseline -0.002 -19"><span class='ocrx_word' id='word_1_15' title='bbox 1964 426 2009 478; x_wconf 83' lang='lat' dir='ltr'><strong>1t</strong></span> <span class='ocrx_word' id='word_1_16' title='bbox 2052 423 2123 493; x_wconf 92' lang='lat' dir='ltr'><strong>is,</strong></span> <span class='ocrx_word' id='word_1_17' title='bbox 2157 425 2326 495; x_wconf 77' lang='lat' dir='ltr'><strong>cujus</strong></span> <span class='ocrx_word' id='word_1_18' title='bbox 2356 423 2559 480; x_wconf 81' lang='lat' dir='ltr'>laudes</span> <span class='ocrx_word' id='word_1_19' title='bbox 2602 423 3011 497; x_wconf 68' lang='lat' dir='ltr'><strong>praedicantur,</strong></span> <span class='ocrx_word' id='word_1_20' title='bbox 3046 440 3245 480; x_wconf 88' lang='lat' dir='ltr'><strong>rerum</strong></span> <span class='ocrx_word' id='word_1_21' title='bbox 3288 425 3592 494; x_wconf 81' lang='lat' dir='ltr'><strong>gestarum</strong></span> 
     </span>
    </p>
   </div>
   <div class='ocr_carea' id='block_1_6' title="bbox 240 508 789 587">
    <p class='ocr_par' dir='ltr' id='par_1_6' title="bbox 240 508 789 587">
     <span class='ocr_line' id='line_1_6' title="bbox 240 508 789 587; baseline -0.013 -18"><span class='ocrx_word' id='word_1_22' title='bbox 240 518 313 569; x_wconf 79' lang='grc' dir='ltr'><strong>τοῦ</strong></span> <span class='ocrx_word' id='word_1_23' title='bbox 338 513 491 587; x_wconf 85' lang='grc' dir='ltr'>λέγειν</span> <span class='ocrx_word' id='word_1_24' title='bbox 518 508 746 583; x_wconf 81' lang='grc' dir='ltr'>δύναμιν</span> <span class='ocrx_word' id='word_1_25' title='bbox 775 529 789 579; x_wconf 86' lang='grc'>;</span> 
     </span>
    </p>
   </div>
   <div class='ocr_carea' id='block_1_7' title="bbox 244 598 3598 671">
    <p class='ocr_par' dir='ltr' id='par_1_7' title="bbox 244 598 3598 671">
     <span class='ocr_line' id='line_1_7' title="bbox 244 598 3598 671; baseline -0.001 -11"><span class='ocrx_word' id='word_1_26' title='bbox 244 601 745 660; x_wconf 83' lang='lat' dir='ltr'><strong>commemoratione</strong></span> <span class='ocrx_word' id='word_1_27' title='bbox 774 600 982 656; x_wconf 86' lang='lat' dir='ltr'><strong>clarior</strong></span> <span class='ocrx_word' id='word_1_28' title='bbox 1012 600 1158 671; x_wconf 81' lang='lat' dir='ltr'><strong>fiat),</strong></span> <span class='ocrx_word' id='word_1_29' title='bbox 1194 616 1328 655; x_wconf 91' lang='lat' dir='ltr'><strong>cum</strong></span> <span class='ocrx_word' id='word_1_30' title='bbox 1360 598 1542 655; x_wconf 83' lang='lat' dir='ltr'><strong>cuivis</strong></span> <span class='ocrx_word' id='word_1_31' title='bbox 1588 598 1776 668; x_wconf 91' lang='lat' dir='ltr'><strong>liceat,</strong></span> <span class='ocrx_word' id='word_1_32' title='bbox 1810 616 1877 654; x_wconf 78' lang='lat' dir='ltr'><strong>ex</strong></span> <span class='ocrx_word' id='word_1_33' title='bbox 1916 598 2334 656; x_wconf 89' lang='lat' dir='ltr'><strong>invectivarum</strong></span> <span class='ocrx_word' id='word_1_34' title='bbox 2382 600 2709 657; x_wconf 77' lang='lat' dir='ltr'><strong>orationum</strong></span> <span class='ocrx_word' id='word_1_35' title='bbox 2761 601 3025 670; x_wconf 82' lang='lat' dir='ltr'><strong>lectione,</strong></span> <span class='ocrx_word' id='word_1_36' title='bbox 3060 605 3187 657; x_wconf 83' lang='lat' dir='ltr'><strong>tum</strong></span> <span class='ocrx_word' id='word_1_37' title='bbox 3218 600 3598 656; x_wconf 83' lang='lat' dir='ltr'><strong>historiarum</strong></span> 
     </span>
    </p>
   </div>
   <div class='ocr_carea' id='block_1_8' title="bbox 242 687 3018 765">
    <p class='ocr_par' dir='ltr' id='par_1_8' title="bbox 242 687 3018 765">
     <span class='ocr_line' id='line_1_8' title="bbox 242 687 3018 765; baseline -0.001 -16"><span class='ocrx_word' id='word_1_38' title='bbox 242 692 441 765; x_wconf 80' lang='lat' dir='ltr'><strong>copiam,</strong></span> <span class='ocrx_word' id='word_1_39' title='bbox 469 696 593 745; x_wconf 89' lang='lat' dir='ltr'><strong>tum</strong></span> <span class='ocrx_word' id='word_1_40' title='bbox 625 689 905 746; x_wconf 89' lang='lat' dir='ltr'><strong>orationis</strong></span> <span class='ocrx_word' id='word_1_41' title='bbox 936 688 1413 758; x_wconf 74' lang='lat' dir='ltr'><strong>concinnitatem,</strong></span> <span class='ocrx_word' id='word_1_42' title='bbox 1445 689 1691 759; x_wconf 83' lang='lat' dir='ltr'><strong>ejusque</strong></span> <span class='ocrx_word' id='word_1_43' title='bbox 1724 687 1781 742; x_wconf 92' lang='lat' dir='ltr'><strong>in</strong></span> <span class='ocrx_word' id='word_1_44' title='bbox 1810 687 2056 744; x_wconf 90' lang='lat' dir='ltr'><strong>dicendo</strong></span> <span class='ocrx_word' id='word_1_45' title='bbox 2087 688 2198 744; x_wconf 89' lang='lat' dir='ltr'><strong>vim</strong></span> <span class='ocrx_word' id='word_1_46' title='bbox 2234 693 2291 744; x_wconf 90' lang='lat' dir='ltr'><strong>et</strong></span> <span class='ocrx_word' id='word_1_47' title='bbox 2320 689 2655 745; x_wconf 82' lang='lat' dir='ltr'><strong>facultatem</strong></span> <span class='ocrx_word' id='word_1_48' title='bbox 2687 690 3018 746; x_wconf 85' lang='lat' dir='ltr'><strong>admirari?</strong></span> 
     </span>
    </p>
   </div>
   <div class='ocr_carea' id='block_1_9' title="bbox 293 792 1833 873">
    <p class='ocr_par' dir='ltr' id='par_1_9' title="bbox 293 792 1833 873">
     <span class='ocr_line' id='line_1_9' title="bbox 293 792 1833 873; baseline -0.003 -22"><span class='ocrx_word' id='word_1_49' title='bbox 293 796 412 873; x_wconf 82' lang='grc' dir='ltr'>Πρός</span> <span class='ocrx_word' id='word_1_50' title='bbox 464 794 518 849; x_wconf 70' lang='grc' dir='ltr'>δὲ</span> <span class='ocrx_word' id='word_1_51' title='bbox 574 796 674 863; x_wconf 76' lang='grc' dir='ltr'>τὴν</span> <span class='ocrx_word' id='word_1_52' title='bbox 728 794 1024 867; x_wconf 83' lang='grc' dir='ltr'>θαυμασίαν</span> <span class='ocrx_word' id='word_1_53' title='bbox 1078 798 1172 849; x_wconf 75' lang='grc' dir='ltr'>τοῦ</span> <span class='ocrx_word' id='word_1_54' title='bbox 1203 794 1467 868; x_wconf 88' lang='grc' dir='ltr'>τυράννου</span> <span class='ocrx_word' id='word_1_55' title='bbox 1514 792 1833 865; x_wconf 77' lang='grc' dir='ltr'>νομοθεσίαν</span> 
     </span>
    </p>
   </div>
   <div class='ocr_carea' id='block_1_10' title="bbox 2011 795 3601 869">
    <p class='ocr_par' dir='ltr' id='par_1_10' title="bbox 2011 795 3601 869">
     <span class='ocr_line' id='line_1_10' title="bbox 2011 795 3601 869; baseline 0.001 -19"><span class='ocrx_word' id='word_1_56' title='bbox 2011 796 2141 850; x_wconf 87' lang='lat' dir='ltr'><strong>Jam</strong></span> <span class='ocrx_word' id='word_1_57' title='bbox 2176 796 2467 867; x_wconf 79' lang='lat' dir='ltr'><strong>egregiam</strong></span> <span class='ocrx_word' id='word_1_58' title='bbox 2498 796 2661 851; x_wconf 88' lang='lat' dir='ltr'><strong>illam</strong></span> <span class='ocrx_word' id='word_1_59' title='bbox 2691 797 2925 869; x_wconf 85' lang='lat' dir='ltr'><strong>tyranni</strong></span> <span class='ocrx_word' id='word_1_60' title='bbox 2956 797 3166 869; x_wconf 86' lang='lat' dir='ltr'><strong>legem,</strong></span> <span class='ocrx_word' id='word_1_61' title='bbox 3192 814 3308 868; x_wconf 91' lang='lat' dir='ltr'><strong>qua</strong></span> <span class='ocrx_word' id='word_1_62' title='bbox 3327 795 3601 852; x_wconf 82' lang='lat' dir='ltr'><strong>Christia.</strong></span> 
     </span>
    </p>
   </div>
   <div class='ocr_carea' id='block_1_11' title="bbox 238 880 1846 959">
    <p class='ocr_par' dir='ltr' id='par_1_11' title="bbox 238 880 1836 959">
     <span class='ocr_line' id='line_1_11' title="bbox 238 880 1836 959; baseline -0.003 -19"><span class='ocrx_word' id='word_1_63' title='bbox 238 888 312 954; x_wconf 73' lang='grc' dir='ltr'>τήν</span> <span class='ocrx_word' id='word_1_64' title='bbox 338 884 747 959; x_wconf 75' lang='grc' dir='ltr'>προστάττουσαν</span> <span class='ocrx_word' id='word_1_65' title='bbox 786 885 860 955; x_wconf 83' lang='grc' dir='ltr'>μή</span> <span class='ocrx_word' id='word_1_66' title='bbox 897 881 1005 937; x_wconf 83' lang='grc' dir='ltr'>δεῖν</span> <span class='ocrx_word' id='word_1_67' title='bbox 1058 881 1410 957; x_wconf 79' lang='grc' dir='ltr'>Χριστιανοὺς</span> <span class='ocrx_word' id='word_1_68' title='bbox 1453 882 1521 936; x_wconf 80' lang='grc' dir='ltr'><strong>τὰ</strong></span> <span class='ocrx_word' id='word_1_69' title='bbox 1551 880 1836 952; x_wconf 79' lang='grc' dir='ltr'>Ἑλλήνων</span> 
     </span>
    </p>
   </div>
   <div class='ocr_carea' id='block_1_12' title="bbox 1964 880 3599 959">
    <p class='ocr_par' dir='ltr' id='par_1_12' title="bbox 1964 884 3599 955">
     <span class='ocr_line' id='line_1_12' title="bbox 1964 884 3599 955; baseline 0.001 -17"><span class='ocrx_word' id='word_1_70' title='bbox 1964 900 2049 938; x_wconf 71' lang='lat' dir='ltr'><strong>nos</strong></span> <span class='ocrx_word' id='word_1_71' title='bbox 2081 884 2410 939; x_wconf 72' lang='lat' dir='ltr'><strong>Graacorum</strong></span> <span class='ocrx_word' id='word_1_72' title='bbox 2462 884 2791 955; x_wconf 86' lang='lat' dir='ltr'><strong>disciplinis</strong></span> <span class='ocrx_word' id='word_1_73' title='bbox 2844 885 3031 941; x_wconf 90' lang='lat' dir='ltr'><strong>imbui</strong></span> <span class='ocrx_word' id='word_1_74' title='bbox 3073 891 3356 950; x_wconf 86' lang='lat' dir='ltr'><strong>vetuerat,</strong></span> <span class='ocrx_word' id='word_1_75' title='bbox 3388 885 3599 954; x_wconf 85' lang='lat' dir='ltr'><strong>videte,</strong></span> 
     </span>
    </p>
   </div>
   <div class='ocr_carea' id='block_1_13' title="bbox 244 968 1834 1047">
    <p class='ocr_par' dir='ltr' id='par_1_13' title="bbox 244 968 1834 1047">
     <span class='ocr_line' id='line_1_13' title="bbox 244 968 1834 1047; baseline -0.003 -19"><span class='ocrx_word' id='word_1_76' title='bbox 244 975 440 1047; x_wconf 79' lang='grc' dir='ltr'>μυεῖσθαι</span> <span class='ocrx_word' id='word_1_77' title='bbox 493 974 807 1044; x_wconf 80' lang='grc' dir='ltr'>μαθήματα,</span> <span class='ocrx_word' id='word_1_78' title='bbox 860 973 1020 1047; x_wconf 80' lang='grc' dir='ltr'>ὁρᾶτε</span> <span class='ocrx_word' id='word_1_79' title='bbox 1065 974 1162 1025; x_wconf 73' lang='grc' dir='ltr'><strong>τοῦ</strong></span> <span class='ocrx_word' id='word_1_80' title='bbox 1224 970 1490 1046; x_wconf 81' lang='grc' dir='ltr'>μακαρίου</span> <span class='ocrx_word' id='word_1_81' title='bbox 1536 970 1635 1038; x_wconf 71' lang='grc' dir='ltr'>τὴν</span> <span class='ocrx_word' id='word_1_82' title='bbox 1684 968 1834 1024; x_wconf 79' lang='grc' dir='ltr'>σύνε-</span> 
     </span>
    </p>
   </div>
   <div class='ocr_carea' id='block_1_14' title="bbox 238 1054 1835 1136">
    <p class='ocr_par' dir='ltr' id='par_1_14' title="bbox 238 1054 1835 1136">
     <span class='ocr_line' id='line_1_14' title="bbox 238 1054 1835 1136; baseline -0.004 -16"><span class='ocrx_word' id='word_1_83' title='bbox 238 1085 317 1120; x_wconf 81' lang='grc' dir='ltr'>σιν.</span> <span class='ocrx_word' id='word_1_84' title='bbox 355 1062 689 1134; x_wconf 77' lang='grc' dir='ltr'>Χρησάμενος</span> <span class='ocrx_word' id='word_1_85' title='bbox 736 1063 1005 1136; x_wconf 74' lang='grc' dir='ltr'>ἡρωϊκοῖς</span> <span class='ocrx_word' id='word_1_86' title='bbox 1052 1080 1111 1115; x_wconf 90' lang='grc' dir='ltr'><strong>τε</strong></span> <span class='ocrx_word' id='word_1_87' title='bbox 1139 1057 1227 1114; x_wconf 79' lang='grc' dir='ltr'><strong>καί</strong></span> <span class='ocrx_word' id='word_1_88' title='bbox 1270 1054 1548 1133; x_wconf 75' lang='grc' dir='ltr'>ἷαμϐικοῖς</span> <span class='ocrx_word' id='word_1_89' title='bbox 1582 1061 1713 1131; x_wconf 84' lang='grc'>(17),</span> <span class='ocrx_word' id='word_1_90' title='bbox 1745 1057 1835 1113; x_wconf 80' lang='grc' dir='ltr'><strong>καὶ</strong></span> 
     </span>
    </p>
   </div>
   <div class='ocr_carea' id='block_1_15' title="bbox 239 1145 1835 1226">
    <p class='ocr_par' dir='ltr' id='par_1_15' title="bbox 239 1145 1835 1226">
     <span class='ocr_line' id='line_1_15' title="bbox 239 1145 1835 1226; baseline -0.004 -19"><span class='ocrx_word' id='word_1_91' title='bbox 239 1151 475 1226; x_wconf 76' lang='grc' dir='ltr'><strong>ἐλεγείοις,</strong></span> <span class='ocrx_word' id='word_1_92' title='bbox 502 1149 595 1205; x_wconf 88' lang='grc' dir='ltr'><strong>καὶ</strong></span> <span class='ocrx_word' id='word_1_93' title='bbox 626 1150 964 1224; x_wconf 73' lang='grc' dir='ltr'>τριμέτροις,</span> <span class='ocrx_word' id='word_1_94' title='bbox 998 1148 1088 1203; x_wconf 88' lang='grc' dir='ltr'><strong>καὶ</strong></span> <span class='ocrx_word' id='word_1_95' title='bbox 1138 1146 1340 1223; x_wconf 73' lang='grc' dir='ltr'>ἑτέροις</span> <span class='ocrx_word' id='word_1_96' title='bbox 1372 1145 1630 1218; x_wconf 80' lang='grc' dir='ltr'>πολλοῖς,</span> <span class='ocrx_word' id='word_1_97' title='bbox 1662 1166 1835 1222; x_wconf 88' lang='grc' dir='ltr'>χαρα-</span> 
     </span>
    </p>
   </div>
   <div class='ocr_carea' id='block_1_16' title="bbox 234 1233 1838 1317">
    <p class='ocr_par' dir='ltr' id='par_1_16' title="bbox 234 1233 1838 1317">
     <span class='ocr_line' id='line_1_16' title="bbox 234 1233 1838 1317; baseline -0.004 -22"><span class='ocrx_word' id='word_1_98' title='bbox 234 1238 391 1317; x_wconf 72' lang='grc' dir='ltr'>κτῆρσί</span> <span class='ocrx_word' id='word_1_99' title='bbox 415 1260 469 1294; x_wconf 90' lang='grc' dir='ltr'><strong>τε</strong></span> <span class='ocrx_word' id='word_1_100' title='bbox 492 1236 803 1314; x_wconf 76' lang='grc' dir='ltr'><strong>τραγῳδίας</strong></span> <span class='ocrx_word' id='word_1_101' title='bbox 831 1237 920 1291; x_wconf 80' lang='grc' dir='ltr'><strong>καὶ</strong></span> <span class='ocrx_word' id='word_1_102' title='bbox 969 1233 1290 1311; x_wconf 81' lang='grc' dir='ltr'><strong>κωμῳδίας,</strong></span> <span class='ocrx_word' id='word_1_103' title='bbox 1323 1235 1414 1290; x_wconf 88' lang='grc' dir='ltr'><strong>καὶ</strong></span> <span class='ocrx_word' id='word_1_104' title='bbox 1466 1235 1674 1305; x_wconf 68' lang='grc' dir='ltr'>ἁπάσης</span> <span class='ocrx_word' id='word_1_105' title='bbox 1713 1256 1838 1311; x_wconf 90' lang='grc' dir='ltr'>συγ-</span> 
     </span>
    </p>
   </div>
   <div class='ocr_carea' id='block_1_17' title="bbox 233 1321 1839 1406">
    <p class='ocr_par' dir='ltr' id='par_1_17' title="bbox 233 1321 1839 1406">
     <span class='ocr_line' id='line_1_17' title="bbox 233 1321 1839 1406; baseline -0.004 -23"><span class='ocrx_word' id='word_1_106' title='bbox 233 1331 454 1406; x_wconf 74' lang='grc' dir='ltr'>γραφικῆς</span> <span class='ocrx_word' id='word_1_107' title='bbox 485 1325 633 1389; x_wconf 83' lang='grc' dir='ltr'>ἷδέας</span> <span class='ocrx_word' id='word_1_108' title='bbox 663 1329 801 1401; x_wconf 90' lang='grc'>(18),</span> <span class='ocrx_word' id='word_1_109' title='bbox 834 1324 1030 1400; x_wconf 87' lang='grc' dir='ltr'>ὀλίγου</span> <span class='ocrx_word' id='word_1_110' title='bbox 1062 1322 1169 1380; x_wconf 88' lang='grc' dir='ltr'>δεῖν</span> <span class='ocrx_word' id='word_1_111' title='bbox 1200 1331 1303 1379; x_wconf 85' lang='grc' dir='ltr'><strong>πᾶν</strong></span> <span class='ocrx_word' id='word_1_112' title='bbox 1336 1321 1479 1387; x_wconf 70' lang='grc' dir='ltr'>εἶδος</span> <span class='ocrx_word' id='word_1_113' title='bbox 1509 1321 1839 1385; x_wconf 78' lang='grc' dir='ltr'>παιδεύσεως</span> 
     </span>
    </p>
   </div>
   <div class='ocr_carea' id='block_1_18' title="bbox 233 1413 1838 1491">
    <p class='ocr_par' dir='ltr' id='par_1_18' title="bbox 233 1413 1838 1491">
     <span class='ocr_line' id='line_1_18' title="bbox 233 1413 1838 1491; baseline -0.004 -20"><span class='ocrx_word' id='word_1_114' title='bbox 233 1422 325 1479; x_wconf 78' lang='grc' dir='ltr'>τοῖς</span> <span class='ocrx_word' id='word_1_115' title='bbox 375 1414 524 1478; x_wconf 76' lang='grc' dir='ltr'>ἰδίοις</span> <span class='ocrx_word' id='word_1_116' title='bbox 578 1415 770 1491; x_wconf 83' lang='grc' dir='ltr'>λόγοις</span> <span class='ocrx_word' id='word_1_117' title='bbox 823 1415 1215 1470; x_wconf 85' lang='grc' dir='ltr'>ἀπετυπώσατο</span> <span class='ocrx_word' id='word_1_118' title='bbox 1250 1458 1264 1483; x_wconf 94' lang='grc'><strong>,</strong></span> <span class='ocrx_word' id='word_1_119' title='bbox 1327 1413 1602 1474; x_wconf 78' lang='grc' dir='ltr'>ὑποθέσεις</span> <span class='ocrx_word' id='word_1_120' title='bbox 1659 1413 1838 1467; x_wconf 84' lang='grc' dir='ltr'>θεοσε-</span> 
     </span>
    </p>
   </div>
   <div class='ocr_carea' id='block_1_19' title="bbox 233 1500 1840 1580">
    <p class='ocr_par' dir='ltr' id='par_1_19' title="bbox 233 1500 1840 1580">
     <span class='ocr_line' id='line_1_19' title="bbox 233 1500 1840 1580; baseline -0.003 -21"><span class='ocrx_word' id='word_1_121' title='bbox 233 1502 322 1567; x_wconf 72' lang='grc' dir='ltr'>θεῖς</span> <span class='ocrx_word' id='word_1_122' title='bbox 347 1508 447 1579; x_wconf 88' lang='grc'>(19)</span> <span class='ocrx_word' id='word_1_123' title='bbox 494 1509 776 1580; x_wconf 75' lang='grc' dir='ltr'>πανταχοῦ</span> <span class='ocrx_word' id='word_1_124' title='bbox 823 1504 1239 1575; x_wconf 81' lang='grc' dir='ltr'>ἐνστησάμενος,</span> <span class='ocrx_word' id='word_1_125' title='bbox 1288 1503 1323 1571; x_wconf 73' lang='grc' dir='ltr'>ἢ</span> <span class='ocrx_word' id='word_1_126' title='bbox 1356 1502 1550 1578; x_wconf 89' lang='grc' dir='ltr'>ἀρετῆς</span> <span class='ocrx_word' id='word_1_127' title='bbox 1602 1500 1840 1569; x_wconf 81' lang='grc' dir='ltr'>ἔπαινον,</span> 
     </span>
    </p>
   </div>
   <div class='ocr_carea' id='block_1_20' title="bbox 233 1589 1839 1669">
    <p class='ocr_par' dir='ltr' id='par_1_20' title="bbox 233 1589 1839 1669">
     <span class='ocr_line' id='line_1_20' title="bbox 233 1589 1839 1669; baseline -0.002 -22"><span class='ocrx_word' id='word_1_128' title='bbox 233 1593 459 1669; x_wconf 68' lang='grc' dir='ltr'>ἧψυχῆς</span> <span class='ocrx_word' id='word_1_129' title='bbox 496 1615 560 1648; x_wconf 87' lang='grc' dir='ltr'><strong>τε</strong></span> <span class='ocrx_word' id='word_1_130' title='bbox 607 1593 698 1647; x_wconf 80' lang='grc' dir='ltr'><strong>καὶ</strong></span> <span class='ocrx_word' id='word_1_131' title='bbox 752 1594 1004 1666; x_wconf 86' lang='grc' dir='ltr'>σώματος</span> <span class='ocrx_word' id='word_1_132' title='bbox 1054 1590 1330 1666; x_wconf 82' lang='grc' dir='ltr'>κάθαρσιν,</span> <span class='ocrx_word' id='word_1_133' title='bbox 1379 1592 1413 1660; x_wconf 73' lang='grc' dir='ltr'>ἢ</span> <span class='ocrx_word' id='word_1_134' title='bbox 1469 1589 1771 1665; x_wconf 82' lang='grc' dir='ltr'>θεολογίαν,</span> <span class='ocrx_word' id='word_1_135' title='bbox 1804 1590 1839 1658; x_wconf 69' lang='grc' dir='ltr'>ἢ</span> 
     </span>
    </p>
   </div>
   <div class='ocr_carea' id='block_1_21' title="bbox 232 1677 1844 1757">
    <p class='ocr_par' dir='ltr' id='par_1_21' title="bbox 232 1677 1844 1757">
     <span class='ocr_line' id='line_1_21' title="bbox 232 1677 1844 1757; baseline 0.004 -29"><span class='ocrx_word' id='word_1_136' title='bbox 232 1683 497 1757; x_wconf 75' lang='grc' dir='ltr'>προσευχὰς</span> <span class='ocrx_word' id='word_1_137' title='bbox 531 1685 668 1756; x_wconf 83' lang='grc'>(20),</span> <span class='ocrx_word' id='word_1_138' title='bbox 711 1682 747 1750; x_wconf 74' lang='grc' dir='ltr'><strong>ἢ</strong></span> <span class='ocrx_word' id='word_1_139' title='bbox 794 1682 861 1736; x_wconf 75' lang='grc' dir='ltr'>τὰ</span> <span class='ocrx_word' id='word_1_140' title='bbox 907 1685 1130 1735; x_wconf 77' lang='grc' dir='ltr'>τοιαῦτα</span> <span class='ocrx_word' id='word_1_141' title='bbox 1178 1680 1307 1733; x_wconf 84' lang='grc' dir='ltr'>ἄττα</span> <span class='ocrx_word' id='word_1_142' title='bbox 1338 1682 1449 1753; x_wconf 91' lang='grc'>(21)</span> <span class='ocrx_word' id='word_1_143' title='bbox 1492 1677 1844 1755; x_wconf 79' lang='grc' dir='ltr'>λογογραφή-</span> 
     </span>
    </p>
   </div>
   <div class='ocr_carea' id='block_1_22' title="bbox 235 1765 1842 1847">
    <p class='ocr_par' dir='ltr' id='par_1_22' title="bbox 235 1765 1842 1847">
     <span class='ocr_line' id='line_1_22' title="bbox 235 1765 1842 1847; baseline -0.002 -24"><span class='ocrx_word' id='word_1_144' title='bbox 235 1791 305 1830; x_wconf 77' lang='grc' dir='ltr'><strong>σας</strong></span> <span class='ocrx_word' id='word_1_145' title='bbox 352 1769 631 1845; x_wconf 76' lang='grc' dir='ltr'><strong>ἐμμέτρως</strong></span> <span class='ocrx_word' id='word_1_146' title='bbox 667 1788 681 1800; x_wconf 83' lang='lat'><strong><em>°</em></strong></span> <span class='ocrx_word' id='word_1_147' title='bbox 742 1770 927 1847; x_wconf 78' lang='grc' dir='ltr'>φυγὼν</span> <span class='ocrx_word' id='word_1_148' title='bbox 1001 1769 1094 1840; x_wconf 78' lang='grc' dir='ltr'><strong>μὶν</strong></span> <span class='ocrx_word' id='word_1_149' title='bbox 1170 1768 1502 1821; x_wconf 82' lang='grc' dir='ltr'>παντάπασιν</span> <span class='ocrx_word' id='word_1_150' title='bbox 1558 1765 1842 1841; x_wconf 83' lang='grc' dir='ltr'>ἀσελγείας</span> 
     </span>
    </p>
   </div>
   <div class='ocr_carea' id='block_1_23' title="bbox 1943 972 3597 1044">
    <p class='ocr_par' dir='ltr' id='par_1_23' title="bbox 1943 972 3597 1044">
     <span class='ocr_line' id='line_1_23' title="bbox 1943 972 3597 1044; baseline 0 -18"><span class='ocrx_word' id='word_1_151' title='bbox 1943 989 2341 1043; x_wconf 66' lang='lat' dir='ltr'><strong>quaeso,quam</strong></span> <span class='ocrx_word' id='word_1_152' title='bbox 2374 973 2518 1028; x_wconf 88' lang='lat' dir='ltr'><strong>scite</strong></span> <span class='ocrx_word' id='word_1_153' title='bbox 2548 978 2605 1027; x_wconf 88' lang='lat' dir='ltr'><strong>et</strong></span> <span class='ocrx_word' id='word_1_154' title='bbox 2635 973 2956 1044; x_wconf 87' lang='lat' dir='ltr'><strong>prudenter</strong></span> <span class='ocrx_word' id='word_1_155' title='bbox 2984 973 3071 1027; x_wconf 93' lang='lat' dir='ltr'><strong>vir</strong></span> <span class='ocrx_word' id='word_1_156' title='bbox 3096 974 3304 1028; x_wconf 89' lang='lat' dir='ltr'><strong>beatus</strong></span> <span class='ocrx_word' id='word_1_157' title='bbox 3330 972 3597 1029; x_wconf 90' lang='lat' dir='ltr'><strong>eluserit.</strong></span> 
     </span>
    </p>
   </div>
   <div class='ocr_carea' id='block_1_24' title="bbox 1944 1060 3597 1133">
    <p class='ocr_par' dir='ltr' id='par_1_24' title="bbox 1944 1060 3597 1133">
     <span class='ocr_line' id='line_1_24' title="bbox 1944 1060 3597 1133; baseline 0.001 -19"><span class='ocrx_word' id='word_1_158' title='bbox 1944 1061 2223 1128; x_wconf 85' lang='lat' dir='ltr'><strong>Heroicis,</strong></span> <span class='ocrx_word' id='word_1_159' title='bbox 2276 1064 2333 1115; x_wconf 91' lang='lat' dir='ltr'><strong>et</strong></span> <span class='ocrx_word' id='word_1_160' title='bbox 2390 1060 2680 1131; x_wconf 88' lang='lat' dir='ltr'><strong>iambicis,</strong></span> <span class='ocrx_word' id='word_1_161' title='bbox 2729 1064 2787 1116; x_wconf 90' lang='lat' dir='ltr'><strong>et</strong></span> <span class='ocrx_word' id='word_1_162' title='bbox 2841 1060 3132 1133; x_wconf 89' lang='lat' dir='ltr'><strong>elegiacis,</strong></span> <span class='ocrx_word' id='word_1_163' title='bbox 3175 1066 3233 1116; x_wconf 90' lang='lat' dir='ltr'><strong>et</strong></span> <span class='ocrx_word' id='word_1_164' title='bbox 3290 1061 3597 1127; x_wconf 81' lang='lat' dir='ltr'><strong>trimetris,</strong></span> 
     </span>
    </p>
   </div>
   <div class='ocr_carea' id='block_1_25' title="bbox 1945 1148 3597 1223">
    <p class='ocr_par' dir='ltr' id='par_1_25' title="bbox 1945 1148 3597 1223">
     <span class='ocr_line' id='line_1_25' title="bbox 1945 1148 3597 1223; baseline 0.001 -19"><span class='ocrx_word' id='word_1_165' title='bbox 1945 1148 2193 1221; x_wconf 88' lang='lat' dir='ltr'><strong>aliisque</strong></span> <span class='ocrx_word' id='word_1_166' title='bbox 2224 1148 2428 1205; x_wconf 87' lang='lat' dir='ltr'><strong>multis</strong></span> <span class='ocrx_word' id='word_1_167' title='bbox 2472 1151 2757 1220; x_wconf 88' lang='lat' dir='ltr'><strong>versibus,</strong></span> <span class='ocrx_word' id='word_1_168' title='bbox 2786 1156 2846 1205; x_wconf 90' lang='lat' dir='ltr'><strong>et</strong></span> <span class='ocrx_word' id='word_1_169' title='bbox 2889 1150 3185 1223; x_wconf 68' lang='lat' dir='ltr'><strong>tragoediae</strong></span> <span class='ocrx_word' id='word_1_170' title='bbox 3216 1156 3274 1205; x_wconf 87' lang='lat' dir='ltr'><strong>et</strong></span> <span class='ocrx_word' id='word_1_171' title='bbox 3303 1151 3597 1206; x_wconf 66' lang='lat' dir='ltr'><strong>comoediae</strong></span> 
     </span>
    </p>
   </div>
   <div class='ocr_carea' id='block_1_26' title="bbox 1945 1238 3596 1311">
    <p class='ocr_par' dir='ltr' id='par_1_26' title="bbox 1945 1238 3596 1311">
     <span class='ocr_line' id='line_1_26' title="bbox 1945 1238 3596 1311; baseline -0.001 -17"><span class='ocrx_word' id='word_1_172' title='bbox 1945 1244 2254 1308; x_wconf 84' lang='lat' dir='ltr'><strong>caractere,</strong></span> <span class='ocrx_word' id='word_1_173' title='bbox 2285 1244 2462 1311; x_wconf 89' lang='lat' dir='ltr'><strong>atque</strong></span> <span class='ocrx_word' id='word_1_174' title='bbox 2509 1238 2666 1293; x_wconf 90' lang='lat' dir='ltr'><strong>omni</strong></span> <span class='ocrx_word' id='word_1_175' title='bbox 2716 1238 3162 1310; x_wconf 89' lang='lat' dir='ltr'><strong>conscriptionis</strong></span> <span class='ocrx_word' id='word_1_176' title='bbox 3194 1255 3403 1309; x_wconf 83' lang='lat' dir='ltr'><strong>genere</strong></span> <span class='ocrx_word' id='word_1_177' title='bbox 3450 1256 3596 1293; x_wconf 87' lang='lat' dir='ltr'><strong>usus</strong></span> 
     </span>
    </p>
   </div>
   <div class='ocr_carea' id='block_1_27' title="bbox 1944 1326 3598 1399">
    <p class='ocr_par' dir='ltr' id='par_1_27' title="bbox 1944 1326 3598 1399">
     <span class='ocr_line' id='line_1_27' title="bbox 1944 1326 3598 1399; baseline -0.001 -16"><span class='ocrx_word' id='word_1_178' title='bbox 1944 1332 2053 1397; x_wconf 89' lang='lat' dir='ltr'><strong>est,</strong></span> <span class='ocrx_word' id='word_1_179' title='bbox 2080 1328 2139 1382; x_wconf 93' lang='lat' dir='ltr'><strong>in</strong></span> <span class='ocrx_word' id='word_1_180' title='bbox 2173 1344 2356 1398; x_wconf 90' lang='lat' dir='ltr'><strong>eoque</strong></span> <span class='ocrx_word' id='word_1_181' title='bbox 2386 1328 2583 1383; x_wconf 90' lang='lat' dir='ltr'><strong>labore</strong></span> <span class='ocrx_word' id='word_1_182' title='bbox 2613 1328 2694 1383; x_wconf 91' lang='lat' dir='ltr'><strong>ita</strong></span> <span class='ocrx_word' id='word_1_183' title='bbox 2723 1344 2784 1384; x_wconf 91' lang='lat' dir='ltr'><strong>se</strong></span> <span class='ocrx_word' id='word_1_184' title='bbox 2813 1328 3018 1399; x_wconf 86' lang='lat' dir='ltr'><strong>gessit,</strong></span> <span class='ocrx_word' id='word_1_185' title='bbox 3042 1333 3106 1381; x_wconf 90' lang='lat' dir='ltr'><strong>ut</strong></span> <span class='ocrx_word' id='word_1_186' title='bbox 3124 1326 3219 1381; x_wconf 80' lang='lat' dir='ltr'><strong>vix</strong></span> <span class='ocrx_word' id='word_1_187' title='bbox 3250 1326 3437 1381; x_wconf 91' lang='lat' dir='ltr'><strong>ullum</strong></span> <span class='ocrx_word' id='word_1_188' title='bbox 3468 1327 3598 1381; x_wconf 90' lang='lat' dir='ltr'><strong>doc-</strong></span> 
     </span>
    </p>
   </div>
   <div class='ocr_carea' id='block_1_28' title="bbox 1944 1416 3596 1490">
    <p class='ocr_par' dir='ltr' id='par_1_28' title="bbox 1944 1416 3596 1490">
     <span class='ocr_line' id='line_1_28' title="bbox 1944 1416 3596 1490; baseline -0.001 -17"><span class='ocrx_word' id='word_1_189' title='bbox 1944 1418 2112 1474; x_wconf 70' lang='lat' dir='ltr'><strong>trinae</strong></span> <span class='ocrx_word' id='word_1_190' title='bbox 2155 1419 2231 1473; x_wconf 89' lang='lat' dir='ltr'><strong>sit</strong></span> <span class='ocrx_word' id='word_1_191' title='bbox 2278 1435 2484 1489; x_wconf 90' lang='lat' dir='ltr'><strong>genus,</strong></span> <span class='ocrx_word' id='word_1_192' title='bbox 2518 1422 2673 1490; x_wconf 91' lang='lat' dir='ltr'><strong>quod</strong></span> <span class='ocrx_word' id='word_1_193' title='bbox 2705 1436 2819 1474; x_wconf 91' lang='lat' dir='ltr'><strong>non</strong></span> <span class='ocrx_word' id='word_1_194' title='bbox 2854 1418 3020 1474; x_wconf 85' lang='lat' dir='ltr'><strong>libris</strong></span> <span class='ocrx_word' id='word_1_195' title='bbox 3052 1419 3177 1474; x_wconf 87' lang='lat' dir='ltr'><strong>suis</strong></span> <span class='ocrx_word' id='word_1_196' title='bbox 3226 1416 3596 1489; x_wconf 83' lang='lat' dir='ltr'><strong>expresserit,</strong></span> 
     </span>
    </p>
   </div>
   <div class='ocr_carea' id='block_1_29' title="bbox 1950 1506 3599 1579">
    <p class='ocr_par' dir='ltr' id='par_1_29' title="bbox 1950 1506 3599 1579">
     <span class='ocr_line' id='line_1_29' title="bbox 1950 1506 3599 1579; baseline 0.001 -19"><span class='ocrx_word' id='word_1_197' title='bbox 1950 1506 2046 1577; x_wconf 91' lang='lat' dir='ltr'><strong>pia</strong></span> <span class='ocrx_word' id='word_1_198' title='bbox 2075 1510 2422 1578; x_wconf 87' lang='lat' dir='ltr'><strong>argumenta</strong></span> <span class='ocrx_word' id='word_1_199' title='bbox 2443 1508 2660 1579; x_wconf 90' lang='lat' dir='ltr'><strong>ubique</strong></span> <span class='ocrx_word' id='word_1_200' title='bbox 2686 1508 3019 1574; x_wconf 89' lang='lat' dir='ltr'><strong>instituens,</strong></span> <span class='ocrx_word' id='word_1_201' title='bbox 3040 1506 3129 1561; x_wconf 92' lang='lat' dir='ltr'><strong>vel</strong></span> <span class='ocrx_word' id='word_1_202' title='bbox 3157 1506 3391 1561; x_wconf 92' lang='lat' dir='ltr'><strong>laudem</strong></span> <span class='ocrx_word' id='word_1_203' title='bbox 3422 1506 3599 1561; x_wconf 87' lang='lat' dir='ltr'><strong>virtu-</strong></span> 
     </span>
    </p>
   </div>
   <div class='ocr_carea' id='block_1_30' title="bbox 1950 1594 3600 1667">
    <p class='ocr_par' dir='ltr' id='par_1_30' title="bbox 1950 1594 3600 1667">
     <span class='ocr_line' id='line_1_30' title="bbox 1950 1594 3600 1667; baseline 0.001 -18"><span class='ocrx_word' id='word_1_204' title='bbox 1950 1595 2046 1661; x_wconf 91' lang='lat' dir='ltr'><strong>tis,</strong></span> <span class='ocrx_word' id='word_1_205' title='bbox 2072 1595 2158 1649; x_wconf 94' lang='lat' dir='ltr'><strong>vel</strong></span> <span class='ocrx_word' id='word_1_206' title='bbox 2191 1595 2398 1650; x_wconf 70' lang='lat' dir='ltr'><strong>animze</strong></span> <span class='ocrx_word' id='word_1_207' title='bbox 2429 1602 2486 1651; x_wconf 86' lang='lat' dir='ltr'><strong>et</strong></span> <span class='ocrx_word' id='word_1_208' title='bbox 2515 1595 2772 1667; x_wconf 88' lang='lat' dir='ltr'><strong>corporis</strong></span> <span class='ocrx_word' id='word_1_209' title='bbox 2806 1597 3234 1667; x_wconf 82' lang='lat' dir='ltr'><strong>purgationem,</strong></span> <span class='ocrx_word' id='word_1_210' title='bbox 3259 1594 3345 1650; x_wconf 90' lang='lat' dir='ltr'><strong>vel</strong></span> <span class='ocrx_word' id='word_1_211' title='bbox 3374 1594 3600 1650; x_wconf 89' lang='lat' dir='ltr'><strong>theolo-</strong></span> 
     </span>
    </p>
   </div>
   <div class='ocr_carea' id='block_1_31' title="bbox 1950 1683 3598 1756">
    <p class='ocr_par' dir='ltr' id='par_1_31' title="bbox 1950 1683 3598 1756">
     <span class='ocr_line' id='line_1_31' title="bbox 1950 1683 3598 1756; baseline 0 -18"><span class='ocrx_word' id='word_1_212' title='bbox 1950 1684 2128 1756; x_wconf 88' lang='lat' dir='ltr'><strong>giam,</strong></span> <span class='ocrx_word' id='word_1_213' title='bbox 2160 1683 2247 1739; x_wconf 90' lang='lat' dir='ltr'><strong>vel</strong></span> <span class='ocrx_word' id='word_1_214' title='bbox 2297 1685 2673 1755; x_wconf 88' lang='lat' dir='ltr'><strong>precationes,</strong></span> <span class='ocrx_word' id='word_1_215' title='bbox 2713 1684 2802 1739; x_wconf 89' lang='lat' dir='ltr'><strong>vel</strong></span> <span class='ocrx_word' id='word_1_216' title='bbox 2851 1684 2967 1739; x_wconf 88' lang='lat' dir='ltr'><strong>alia</strong></span> <span class='ocrx_word' id='word_1_217' title='bbox 3013 1684 3301 1753; x_wconf 85' lang='lat' dir='ltr'><strong>ejusmodi</strong></span> <span class='ocrx_word' id='word_1_218' title='bbox 3332 1684 3598 1739; x_wconf 81' lang='lat' dir='ltr'><strong>versibus</strong></span> 
     </span>
    </p>
   </div>
   <div class='ocr_carea' id='block_1_32' title="bbox 1952 1772 3600 1844">
    <p class='ocr_par' dir='ltr' id='par_1_32' title="bbox 1952 1772 3600 1844">
     <span class='ocr_line' id='line_1_32' title="bbox 1952 1772 3600 1844; baseline 0 -17"><span class='ocrx_word' id='word_1_219' title='bbox 1952 1772 2310 1843; x_wconf 86' lang='lat' dir='ltr'><strong>complexus,</strong></span> <span class='ocrx_word' id='word_1_220' title='bbox 2344 1773 2776 1844; x_wconf 81' lang='lat' dir='ltr'><strong>obsccsnitates,</strong></span> <span class='ocrx_word' id='word_1_221' title='bbox 2804 1779 2861 1828; x_wconf 91' lang='lat' dir='ltr'><strong>et</strong></span> <span class='ocrx_word' id='word_1_222' title='bbox 2887 1773 3218 1829; x_wconf 88' lang='lat' dir='ltr'><strong>fabularum</strong></span> <span class='ocrx_word' id='word_1_223' title='bbox 3249 1772 3600 1828; x_wconf 91' lang='lat' dir='ltr'><strong>deliramen-</strong></span> 
     </span>
    </p>
   </div>
   <div class='ocr_carea' id='block_1_33' title="bbox 232 1854 1846 1933">
    <p class='ocr_par' dir='ltr' id='par_1_33' title="bbox 232 1854 1840 1933">
     <span class='ocr_line' id='line_1_33' title="bbox 232 1854 1840 1933; baseline -0.002 -21"><span class='ocrx_word' id='word_1_224' title='bbox 232 1879 276 1912; x_wconf 84' lang='grc' dir='ltr'><strong>τε</strong></span> <span class='ocrx_word' id='word_1_225' title='bbox 307 1858 383 1913; x_wconf 74' lang='grc' dir='ltr'><strong>καὶ</strong></span> <span class='ocrx_word' id='word_1_226' title='bbox 426 1858 636 1933; x_wconf 77' lang='grc' dir='ltr'>λήρους</span> <span class='ocrx_word' id='word_1_227' title='bbox 688 1859 910 1929; x_wconf 78' lang='grc' dir='ltr'>μύθων,</span> <span class='ocrx_word' id='word_1_228' title='bbox 959 1858 1048 1910; x_wconf 83' lang='grc' dir='ltr'><strong>καὶ</strong></span> <span class='ocrx_word' id='word_1_229' title='bbox 1100 1857 1233 1911; x_wconf 82' lang='grc' dir='ltr'>θεῶν</span> <span class='ocrx_word' id='word_1_230' title='bbox 1285 1855 1557 1929; x_wconf 85' lang='grc' dir='ltr'>τερατείας</span> <span class='ocrx_word' id='word_1_231' title='bbox 1593 1898 1610 1922; x_wconf 85' lang='grc'><strong>,</strong></span> <span class='ocrx_word' id='word_1_232' title='bbox 1660 1854 1840 1929; x_wconf 85' lang='grc' dir='ltr'>ὥσπερ</span> 
     </span>
    </p>
   </div>
   <div class='ocr_carea' id='block_1_34' title="bbox 1964 1854 3598 1933">
    <p class='ocr_par' dir='ltr' id='par_1_34' title="bbox 1964 1861 3598 1933">
     <span class='ocr_line' id='line_1_34' title="bbox 1964 1861 3598 1933; baseline 0.001 -18"><span class='ocrx_word' id='word_1_233' title='bbox 1964 1877 2026 1929; x_wconf 64' lang='lat' dir='ltr'><strong>.a,</strong></span> <span class='ocrx_word' id='word_1_234' title='bbox 2062 1861 2424 1931; x_wconf 89' lang='lat' dir='ltr'><strong>deorumque</strong></span> <span class='ocrx_word' id='word_1_235' title='bbox 2457 1862 2782 1933; x_wconf 69' lang='lat' dir='ltr'><strong>praestigias</strong></span> <span class='ocrx_word' id='word_1_236' title='bbox 2809 1862 3070 1933; x_wconf 88' lang='lat' dir='ltr'><strong>omnino,</strong></span> <span class='ocrx_word' id='word_1_237' title='bbox 3105 1866 3168 1917; x_wconf 89' lang='lat' dir='ltr'><strong>ut</strong></span> <span class='ocrx_word' id='word_1_238' title='bbox 3197 1878 3303 1933; x_wconf 92' lang='lat' dir='ltr'><strong>par</strong></span> <span class='ocrx_word' id='word_1_239' title='bbox 3330 1866 3476 1932; x_wconf 89' lang='lat' dir='ltr'><strong>erat,</strong></span> <span class='ocrx_word' id='word_1_240' title='bbox 3510 1862 3598 1917; x_wconf 87' lang='lat' dir='ltr'><strong>fu-</strong></span> 
     </span>
    </p>
   </div>
   <div class='ocr_carea' id='block_1_35' title="bbox 234 1942 1840 2023">
    <p class='ocr_par' dir='ltr' id='par_1_35' title="bbox 234 1942 1840 2023">
     <span class='ocr_line' id='line_1_35' title="bbox 234 1942 1840 2023; baseline -0.002 -22"><span class='ocrx_word' id='word_1_241' title='bbox 234 1946 368 2016; x_wconf 82' lang='grc' dir='ltr'>είκὸς,</span> <span class='ocrx_word' id='word_1_242' title='bbox 393 1948 663 2023; x_wconf 79' lang='grc' dir='ltr'>πάνσοφον</span> <span class='ocrx_word' id='word_1_243' title='bbox 698 1943 756 2000; x_wconf 76' lang='grc' dir='ltr'>δὶ</span> <span class='ocrx_word' id='word_1_244' title='bbox 794 1942 1140 2000; x_wconf 82' lang='grc' dir='ltr'>διδασκαλίαν</span> <span class='ocrx_word' id='word_1_245' title='bbox 1190 1946 1534 2019; x_wconf 88' lang='grc' dir='ltr'>Χριστιανοῖς</span> <span class='ocrx_word' id='word_1_246' title='bbox 1583 1942 1840 2014; x_wconf 79' lang='grc' dir='ltr'>ἐνστησά-</span> 
     </span>
    </p>
   </div>
   <div class='ocr_carea' id='block_1_36' title="bbox 235 2028 1842 2110">
    <p class='ocr_par' dir='ltr' id='par_1_36' title="bbox 235 2028 1842 2110">
     <span class='ocr_line' id='line_1_36' title="bbox 235 2028 1842 2110; baseline 0.002 -22"><span class='ocrx_word' id='word_1_247' title='bbox 235 2038 536 2108; x_wconf 79' lang='grc' dir='ltr'>μενος</span> <span class='ocrx_word' id='word_1_248' title='bbox 594 2035 732 2089; x_wconf 83' lang='grc' dir='ltr'>ὥστε</span> <span class='ocrx_word' id='word_1_249' title='bbox 784 2030 951 2107; x_wconf 82' lang='grc' dir='ltr'>μηδὲν</span> <span class='ocrx_word' id='word_1_250' title='bbox 1011 2028 1209 2110; x_wconf 70' lang='grc' dir='ltr'>ὄφελος</span> <span class='ocrx_word' id='word_1_251' title='bbox 1268 2029 1524 2108; x_wconf 80' lang='grc' dir='ltr'>δεχθῆναι</span> <span class='ocrx_word' id='word_1_252' title='bbox 1584 2034 1694 2104; x_wconf 88' lang='lat'><strong>(23)</strong></span> <span class='ocrx_word' id='word_1_253' title='bbox 1741 2038 1842 2100; x_wconf 84' lang='grc' dir='ltr'><strong>τῆς</strong></span> 
     </span>
    </p>
   </div>
   <div class='ocr_carea' id='block_1_37' title="bbox 231 2118 1841 2196">
    <p class='ocr_par' dir='ltr' id='par_1_37' title="bbox 231 2118 1841 2196">
     <span class='ocr_line' id='line_1_37' title="bbox 231 2118 1841 2196; baseline -0.004 -17"><span class='ocrx_word' id='word_1_254' title='bbox 231 2130 307 2179; x_wconf 77' lang='grc' dir='ltr'><strong>τοῦ</strong></span> <span class='ocrx_word' id='word_1_255' title='bbox 354 2119 577 2186; x_wconf 72' lang='grc' dir='ltr'>ἀσεϐοῦς</span> <span class='ocrx_word' id='word_1_256' title='bbox 642 2122 881 2194; x_wconf 74' lang='grc' dir='ltr'>ἀθέσμου</span> <span class='ocrx_word' id='word_1_257' title='bbox 937 2118 1292 2194; x_wconf 81' lang='grc' dir='ltr'>νομοθεσίας,</span> <span class='ocrx_word' id='word_1_258' title='bbox 1352 2124 1694 2196; x_wconf 82' lang='grc' dir='ltr'>Χριστιανοῖς</span> <span class='ocrx_word' id='word_1_259' title='bbox 1753 2118 1841 2173; x_wconf 77' lang='grc' dir='ltr'>ἐπὶ</span> 
     </span>
    </p>
   </div>
   <div class='ocr_carea' id='block_1_38' title="bbox 229 2206 1842 2287">
    <p class='ocr_par' dir='ltr' id='par_1_38' title="bbox 229 2206 1842 2287">
     <span class='ocr_line' id='line_1_38' title="bbox 229 2206 1842 2287; baseline -0.003 -22"><span class='ocrx_word' id='word_1_260' title='bbox 229 2217 281 2284; x_wconf 70' lang='grc' dir='ltr'>τῇ</span> <span class='ocrx_word' id='word_1_261' title='bbox 323 2210 522 2283; x_wconf 74' lang='grc' dir='ltr'>παιδείᾳ</span> <span class='ocrx_word' id='word_1_262' title='bbox 584 2210 966 2287; x_wconf 86' lang='grc' dir='ltr'>βασκαίνοντος</span> <span class='ocrx_word' id='word_1_263' title='bbox 1018 2210 1149 2283; x_wconf 71' lang='grc'>(24),</span> <span class='ocrx_word' id='word_1_264' title='bbox 1199 2206 1344 2263; x_wconf 68' lang='grc' dir='ltr'>ἀλλὰ</span> <span class='ocrx_word' id='word_1_265' title='bbox 1400 2207 1489 2261; x_wconf 77' lang='grc' dir='ltr'><strong>καὶ</strong></span> <span class='ocrx_word' id='word_1_266' title='bbox 1537 2206 1842 2261; x_wconf 70' lang='grc' dir='ltr'>τούναντίον</span> 
     </span>
    </p>
   </div>
   <div class='ocr_carea' id='block_1_39' title="bbox 232 2293 1845 2375">
    <p class='ocr_par' dir='ltr' id='par_1_39' title="bbox 232 2293 1845 2375">
     <span class='ocr_line' id='line_1_39' title="bbox 232 2293 1845 2375; baseline -0.003 -22"><span class='ocrx_word' id='word_1_267' title='bbox 232 2299 401 2355; x_wconf 81' lang='grc' dir='ltr'>ἁλῶναι</span> <span class='ocrx_word' id='word_1_268' title='bbox 456 2301 547 2355; x_wconf 76' lang='grc' dir='ltr'><strong>καὶ</strong></span> <span class='ocrx_word' id='word_1_269' title='bbox 607 2299 1124 2375; x_wconf 87' lang='grc' dir='ltr'>προσζημιωθῆναι.</span> <span class='ocrx_word' id='word_1_270' title='bbox 1176 2300 1428 2351; x_wconf 79' lang='grc' dir='ltr'>Τοιοῦτον</span> <span class='ocrx_word' id='word_1_271' title='bbox 1484 2297 1585 2371; x_wconf 81' lang='grc' dir='ltr'><strong>γὰρ</strong></span> <span class='ocrx_word' id='word_1_272' title='bbox 1645 2296 1673 2349; x_wconf 86' lang='grc' dir='ltr'>ὁ</span> <span class='ocrx_word' id='word_1_273' title='bbox 1720 2293 1845 2372; x_wconf 77' lang='grc' dir='ltr'><strong>φθό-</strong></span> 
     </span>
    </p>
   </div>
   <div class='ocr_carea' id='block_1_40' title="bbox 226 2384 1840 2462">
    <p class='ocr_par' dir='ltr' id='par_1_40' title="bbox 226 2384 1840 2462">
     <span class='ocr_line' id='line_1_40' title="bbox 226 2384 1840 2462; baseline -0.003 -20"><span class='ocrx_word' id='word_1_274' title='bbox 226 2410 302 2450; x_wconf 89' lang='grc' dir='ltr'><strong>νος</strong></span> <span class='ocrx_word' id='word_1_275' title='bbox 329 2391 426 2462; x_wconf 82' lang='lat'><strong>(25)</strong></span> <span class='ocrx_word' id='word_1_276' title='bbox 468 2390 641 2462; x_wconf 81' lang='grc' dir='ltr'>μικρά</span> <span class='ocrx_word' id='word_1_277' title='bbox 684 2387 719 2456; x_wconf 72' lang='grc' dir='ltr'>ἢ</span> <span class='ocrx_word' id='word_1_278' title='bbox 770 2384 923 2442; x_wconf 73' lang='grc' dir='ltr'>οὐδὲν</span> <span class='ocrx_word' id='word_1_279' title='bbox 974 2384 1235 2457; x_wconf 70' lang='grc' dir='ltr'>ἀδικήσας</span> <span class='ocrx_word' id='word_1_280' title='bbox 1280 2385 1407 2447; x_wconf 83' lang='grc' dir='ltr'>τοὺς</span> <span class='ocrx_word' id='word_1_281' title='bbox 1456 2386 1840 2462; x_wconf 70' lang='grc' dir='ltr'>φθονηθέντας,</span> 
     </span>
    </p>
   </div>
   <div class='ocr_carea' id='block_1_41' title="bbox 231 2469 1707 2553">
    <p class='ocr_par' dir='ltr' id='par_1_41' title="bbox 231 2469 1707 2553">
     <span class='ocr_line' id='line_1_41' title="bbox 231 2469 1707 2553; baseline 0 -23"><span class='ocrx_word' id='word_1_282' title='bbox 231 2477 449 2553; x_wconf 76' lang='grc' dir='ltr'>μεγάλως</span> <span class='ocrx_word' id='word_1_283' title='bbox 476 2476 609 2537; x_wconf 77' lang='grc' dir='ltr'>τοὺς</span> <span class='ocrx_word' id='word_1_284' title='bbox 640 2476 798 2531; x_wconf 80' lang='grc' dir='ltr'>αὐτὸν</span> <span class='ocrx_word' id='word_1_285' title='bbox 830 2477 1187 2549; x_wconf 80' lang='grc' dir='ltr'>γεννήσαντας</span> <span class='ocrx_word' id='word_1_286' title='bbox 1221 2469 1541 2544; x_wconf 76' lang='grc' dir='ltr'>ἐλωϐήσατο</span> 
     </span>
    </p>
   </div>
   <div class='ocr_carea' id='block_1_42' title="bbox 284 2556 1846 2638">
    <p class='ocr_par' dir='ltr' id='par_1_42' title="bbox 284 2556 1846 2638">
     <span class='ocr_line' id='line_1_42' title="bbox 284 2556 1846 2638; baseline -0.004 -16"><span class='ocrx_word' id='word_1_287' title='bbox 284 2564 408 2638; x_wconf 82' lang='grc' dir='ltr'>Ἤδη</span> <span class='ocrx_word' id='word_1_288' title='bbox 458 2563 514 2620; x_wconf 69' lang='grc' dir='ltr'>δὲ</span> <span class='ocrx_word' id='word_1_289' title='bbox 567 2566 658 2619; x_wconf 87' lang='grc' dir='ltr'><strong>καὶ</strong></span> <span class='ocrx_word' id='word_1_290' title='bbox 707 2564 758 2618; x_wconf 79' lang='grc' dir='ltr'><strong>έν</strong></span> <span class='ocrx_word' id='word_1_291' title='bbox 805 2565 1053 2634; x_wconf 78' lang='grc' dir='ltr'>Ἀθήναις</span> <span class='ocrx_word' id='word_1_292' title='bbox 1083 2562 1242 2624; x_wconf 81' lang='grc' dir='ltr'>αὐτός</span> <span class='ocrx_word' id='word_1_293' title='bbox 1274 2584 1330 2617; x_wconf 85' lang='grc' dir='ltr'><strong>τε</strong></span> <span class='ocrx_word' id='word_1_294' title='bbox 1379 2556 1693 2637; x_wconf 72' lang='grc' dir='ltr'>διατρίϐων,</span> <span class='ocrx_word' id='word_1_295' title='bbox 1726 2583 1846 2615; x_wconf 89' lang='grc' dir='ltr'>συν-</span> 
     </span>
    </p>
   </div>
   <div class='ocr_carea' id='block_1_43' title="bbox 229 2646 1845 2727">
    <p class='ocr_par' dir='ltr' id='par_1_43' title="bbox 229 2646 1845 2727">
     <span class='ocr_line' id='line_1_43' title="bbox 229 2646 1845 2727; baseline -0.002 -20"><span class='ocrx_word' id='word_1_296' title='bbox 229 2650 398 2710; x_wconf 75' lang='grc' dir='ltr'>ἐόαλλι</span> <span class='ocrx_word' id='word_1_297' title='bbox 418 2660 493 2727; x_wconf 79' lang='grc' dir='ltr'>τῷ</span> <span class='ocrx_word' id='word_1_298' title='bbox 524 2652 818 2724; x_wconf 88' lang='grc' dir='ltr'>Ἰουλιανῷ</span> <span class='ocrx_word' id='word_1_299' title='bbox 846 2649 1049 2725; x_wconf 87' lang='grc' dir='ltr'>κομιδῆ</span> <span class='ocrx_word' id='word_1_300' title='bbox 1234 2650 1339 2724; x_wconf 83' lang='grc' dir='ltr'>νέῳ</span> <span class='ocrx_word' id='word_1_301' title='bbox 1388 2646 1519 2721; x_wconf 76' lang='grc' dir='ltr'>ὄντι,</span> <span class='ocrx_word' id='word_1_302' title='bbox 1552 2650 1642 2704; x_wconf 83' lang='grc' dir='ltr'><strong>καὶ</strong></span> <span class='ocrx_word' id='word_1_303' title='bbox 1692 2646 1845 2705; x_wconf 67' lang='grc' dir='ltr'>οὔπω</span> 
     </span>
    </p>
   </div>
   <div class='ocr_carea' id='block_1_44' title="bbox 226 2735 1846 2819">
    <p class='ocr_par' dir='ltr' id='par_1_44' title="bbox 226 2735 1846 2819">
     <span class='ocr_line' id='line_1_44' title="bbox 226 2735 1846 2819; baseline -0.004 -21"><span class='ocrx_word' id='word_1_304' title='bbox 226 2750 307 2811; x_wconf 86' lang='grc' dir='ltr'><strong>τῆς</strong></span> <span class='ocrx_word' id='word_1_305' title='bbox 349 2742 626 2819; x_wconf 83' lang='grc' dir='ltr'>βασιλείας</span> <span class='ocrx_word' id='word_1_306' title='bbox 677 2740 1109 2814; x_wconf 76' lang='grc' dir='ltr'>έπειλημμένῳ,</span> <span class='ocrx_word' id='word_1_307' title='bbox 1154 2737 1279 2795; x_wconf 89' lang='grc' dir='ltr'>ἀλλ’</span> <span class='ocrx_word' id='word_1_308' title='bbox 1337 2738 1411 2801; x_wconf 60' lang='grc' dir='ltr'>εἷς</span> <span class='ocrx_word' id='word_1_309' title='bbox 1489 2735 1846 2799; x_wconf 83' lang='grc' dir='ltr'>διδασκάλους</span> 
     </span>
    </p>
   </div>
   <div class='ocr_carea' id='block_1_45' title="bbox 229 2826 1849 2909">
    <p class='ocr_par' dir='ltr' id='par_1_45' title="bbox 229 2826 1849 2909">
     <span class='ocr_line' id='line_1_45' title="bbox 229 2826 1849 2909; baseline -0.003 -23"><span class='ocrx_word' id='word_1_310' title='bbox 229 2837 474 2909; x_wconf 68' lang='grc' dir='ltr'>φοιτῶντι,</span> <span class='ocrx_word' id='word_1_311' title='bbox 502 2832 603 2887; x_wconf 79' lang='grc' dir='ltr'><strong>καὶ</strong></span> <span class='ocrx_word' id='word_1_312' title='bbox 633 2836 752 2892; x_wconf 85' lang='grc' dir='ltr'>τοῖς</span> <span class='ocrx_word' id='word_1_313' title='bbox 783 2829 966 2908; x_wconf 82' lang='grc' dir='ltr'>φίλοις</span> <span class='ocrx_word' id='word_1_314' title='bbox 1017 2830 1482 2904; x_wconf 82' lang='grc' dir='ltr'>προκατεμήνυεν,</span> <span class='ocrx_word' id='word_1_315' title='bbox 1524 2826 1761 2882; x_wconf 76' lang='grc' dir='ltr'>ὕπουλόν</span> <span class='ocrx_word' id='word_1_316' title='bbox 1790 2847 1849 2881; x_wconf 93' lang='grc' dir='ltr'><strong>τε</strong></span> 
     </span>
    </p>
   </div>
   <div class='ocr_carea' id='block_1_46' title="bbox 226 2914 1846 2992">
    <p class='ocr_par' dir='ltr' id='par_1_46' title="bbox 226 2914 1846 2992">
     <span class='ocr_line' id='line_1_46' title="bbox 226 2914 1846 2992; baseline -0.004 -18"><span class='ocrx_word' id='word_1_317' title='bbox 226 2920 299 2975; x_wconf 78' lang='grc' dir='ltr'><strong>καὶ</strong></span> <span class='ocrx_word' id='word_1_318' title='bbox 341 2922 585 2989; x_wconf 81' lang='grc' dir='ltr'>ἄπιστον,</span> <span class='ocrx_word' id='word_1_319' title='bbox 634 2920 725 2974; x_wconf 72' lang='grc' dir='ltr'>ναὶ</span> <span class='ocrx_word' id='word_1_320' title='bbox 774 2914 960 2979; x_wconf 67' lang='grc' dir='ltr'>ἀσεϐὲς</span> <span class='ocrx_word' id='word_1_321' title='bbox 1008 2920 1143 2990; x_wconf 85' lang='grc'>(28),</span> <span class='ocrx_word' id='word_1_322' title='bbox 1189 2916 1276 2971; x_wconf 86' lang='grc' dir='ltr'><strong>καὶ</strong></span> <span class='ocrx_word' id='word_1_323' title='bbox 1330 2914 1468 2992; x_wconf 78' lang='grc' dir='ltr'>πρὸς</span> <span class='ocrx_word' id='word_1_324' title='bbox 1514 2915 1701 2969; x_wconf 88' lang='grc' dir='ltr'>κακίαν</span> <span class='ocrx_word' id='word_1_325' title='bbox 1743 2915 1846 2969; x_wconf 80' lang='grc' dir='ltr'>πά-</span> 
     </span>
    </p>
   </div>
   <div class='ocr_carea' id='block_1_47' title="bbox 226 3003 1847 3084">
    <p class='ocr_par' dir='ltr' id='par_1_47' title="bbox 226 3003 1847 3084">
     <span class='ocr_line' id='line_1_47' title="bbox 226 3003 1847 3084; baseline -0.004 -21"><span class='ocrx_word' id='word_1_326' title='bbox 226 3029 300 3062; x_wconf 76' lang='grc' dir='ltr'><strong>σαν</strong></span> <span class='ocrx_word' id='word_1_327' title='bbox 326 3007 572 3081; x_wconf 71' lang='grc' dir='ltr'>εὔκολον,</span> <span class='ocrx_word' id='word_1_328' title='bbox 602 3007 893 3084; x_wconf 85' lang='grc' dir='ltr'>προλέγων</span> <span class='ocrx_word' id='word_1_329' title='bbox 948 3004 1148 3060; x_wconf 81' lang='grc' dir='ltr'>ἔσεσθαι</span> <span class='ocrx_word' id='word_1_330' title='bbox 1197 3004 1259 3058; x_wconf 90' lang='grc' dir='ltr'>τὸ</span> <span class='ocrx_word' id='word_1_331' title='bbox 1311 3004 1610 3079; x_wconf 79' lang='grc' dir='ltr'>μειράκιον·</span> <span class='ocrx_word' id='word_1_332' title='bbox 1642 3003 1847 3075; x_wconf 77' lang='grc' dir='ltr'>τεκμήο</span> 
     </span>
    </p>
   </div>
   <div class='ocr_carea' id='block_1_48' title="bbox 228 3089 1847 3172">
    <p class='ocr_par' dir='ltr' id='par_1_48' title="bbox 228 3089 1847 3172">
     <span class='ocr_line' id='line_1_48' title="bbox 228 3089 1847 3172; baseline -0.004 -20"><span class='ocrx_word' id='word_1_333' title='bbox 228 3117 300 3169; x_wconf 64' lang='lat' dir='ltr'><strong>pta</strong></span> <span class='ocrx_word' id='word_1_334' title='bbox 344 3093 640 3170; x_wconf 73' lang='grc' dir='ltr'>λαμϐάνων</span> <span class='ocrx_word' id='word_1_335' title='bbox 688 3102 1038 3172; x_wconf 86' lang='grc' dir='ltr'>χαρακτῆρος</span> <span class='ocrx_word' id='word_1_336' title='bbox 1092 3094 1184 3167; x_wconf 73' lang='grc' dir='ltr'>μὲν</span> <span class='ocrx_word' id='word_1_337' title='bbox 1241 3095 1349 3168; x_wconf 82' lang='grc'>(29)</span> <span class='ocrx_word' id='word_1_338' title='bbox 1396 3089 1713 3168; x_wconf 80' lang='grc' dir='ltr'>ταραχῶδες</span> <span class='ocrx_word' id='word_1_339' title='bbox 1750 3112 1847 3146; x_wconf 87' lang='grc' dir='ltr'>κα·-</span> 
     </span>
    </p>
   </div>
   <div class='ocr_carea' id='block_1_49' title="bbox 221 3178 1845 3261">
    <p class='ocr_par' dir='ltr' id='par_1_49' title="bbox 221 3178 1845 3261">
     <span class='ocr_line' id='line_1_49' title="bbox 221 3178 1845 3261; baseline -0.003 -22"><span class='ocrx_word' id='word_1_340' title='bbox 221 3185 458 3259; x_wconf 78' lang='grc' dir='ltr'>τάστημα,</span> <span class='ocrx_word' id='word_1_341' title='bbox 489 3187 591 3242; x_wconf 83' lang='grc' dir='ltr'><strong>καὶ</strong></span> <span class='ocrx_word' id='word_1_342' title='bbox 628 3184 845 3261; x_wconf 80' lang='grc' dir='ltr'>γέλωτα</span> <span class='ocrx_word' id='word_1_343' title='bbox 875 3190 1144 3257; x_wconf 83' lang='grc' dir='ltr'>προπετῆ,</span> <span class='ocrx_word' id='word_1_344' title='bbox 1181 3180 1407 3258; x_wconf 75' lang='grc' dir='ltr'>βλέμμα</span> <span class='ocrx_word' id='word_1_345' title='bbox 1450 3202 1509 3236; x_wconf 86' lang='grc' dir='ltr'><strong>τε</strong></span> <span class='ocrx_word' id='word_1_346' title='bbox 1557 3178 1845 3257; x_wconf 81' lang='grc' dir='ltr'>θηριῶδες,</span> 
     </span>
    </p>
   </div>
   <div class='ocr_carea' id='block_1_50' title="bbox 223 3264 1845 3347">
    <p class='ocr_par' dir='ltr' id='par_1_50' title="bbox 223 3264 1845 3347">
     <span class='ocr_line' id='line_1_50' title="bbox 223 3264 1845 3347; baseline -0.002 -21"><span class='ocrx_word' id='word_1_347' title='bbox 223 3274 295 3327; x_wconf 76' lang='grc' dir='ltr'>καὶ</span> <span class='ocrx_word' id='word_1_348' title='bbox 321 3276 445 3330; x_wconf 78' lang='grc' dir='ltr'>ἅπαν</span> <span class='ocrx_word' id='word_1_349' title='bbox 474 3278 539 3330; x_wconf 83' lang='grc' dir='ltr'><strong>τὸ</strong></span> <span class='ocrx_word' id='word_1_350' title='bbox 600 3278 759 3347; x_wconf 83' lang='grc' dir='ltr'>σῶμα</span> <span class='ocrx_word' id='word_1_351' title='bbox 806 3267 962 3343; x_wconf 77' lang='grc' dir='ltr'>ᾇττόν</span> <span class='ocrx_word' id='word_1_352' title='bbox 996 3273 1105 3345; x_wconf 89' lang='grc'>(30)</span> <span class='ocrx_word' id='word_1_353' title='bbox 1151 3291 1210 3326; x_wconf 89' lang='grc' dir='ltr'><strong>τε</strong></span> <span class='ocrx_word' id='word_1_354' title='bbox 1257 3271 1345 3325; x_wconf 79' lang='grc' dir='ltr'><strong>καὶ</strong></span> <span class='ocrx_word' id='word_1_355' title='bbox 1396 3264 1714 3345; x_wconf 84' lang='grc' dir='ltr'>φερόμενον·</span> <span class='ocrx_word' id='word_1_356' title='bbox 1756 3267 1845 3323; x_wconf 87' lang='grc' dir='ltr'><strong>καὶ</strong></span> 
     </span>
    </p>
   </div>
   <div class='ocr_carea' id='block_1_51' title="bbox 222 3352 1844 3439">
    <p class='ocr_par' dir='ltr' id='par_1_51' title="bbox 222 3352 1844 3439">
     <span class='ocr_line' id='line_1_51' title="bbox 222 3352 1844 3439; baseline -0.002 -25"><span class='ocrx_word' id='word_1_357' title='bbox 222 3365 382 3439; x_wconf 63' lang='grc' dir='ltr'>πλήρη</span> <span class='ocrx_word' id='word_1_358' title='bbox 431 3364 626 3425; x_wconf 81' lang='grc' dir='ltr'>ἀνοίας</span> <span class='ocrx_word' id='word_1_359' title='bbox 678 3362 978 3438; x_wconf 77' lang='grc' dir='ltr'>ὁρμήματα</span> <span class='ocrx_word' id='word_1_360' title='bbox 1024 3363 1162 3434; x_wconf 88' lang='grc'>(31),</span> <span class='ocrx_word' id='word_1_361' title='bbox 1210 3356 1471 3429; x_wconf 70' lang='grc' dir='ltr'>διαλέξεις</span> <span class='ocrx_word' id='word_1_362' title='bbox 1501 3379 1561 3414; x_wconf 92' lang='grc' dir='ltr'><strong>τε</strong></span> <span class='ocrx_word' id='word_1_363' title='bbox 1599 3352 1844 3419; x_wconf 74' lang='grc' dir='ltr'>ἀσεϐείας</span> 
     </span>
    </p>
   </div>
   <div class='ocr_carea' id='block_1_52' title="bbox 228 3444 1849 3525">
    <p class='ocr_par' dir='ltr' id='par_1_52' title="bbox 228 3444 1849 3525">
     <span class='ocr_line' id='line_1_52' title="bbox 228 3444 1849 3525; baseline -0.004 -19"><span class='ocrx_word' id='word_1_364' title='bbox 228 3453 412 3522; x_wconf 75' lang='grc' dir='ltr'>μεστὰς,</span> <span class='ocrx_word' id='word_1_365' title='bbox 465 3452 569 3508; x_wconf 75' lang='grc' dir='ltr'><strong>κᾶν</strong></span> <span class='ocrx_word' id='word_1_366' title='bbox 635 3452 884 3525; x_wconf 73' lang='grc' dir='ltr'>σχήματι</span> <span class='ocrx_word' id='word_1_367' title='bbox 937 3447 1237 3525; x_wconf 87' lang='grc' dir='ltr'>γυμνασίας</span> <span class='ocrx_word' id='word_1_368' title='bbox 1297 3444 1456 3516; x_wconf 83' lang='grc' dir='ltr'>δῆθεν</span> <span class='ocrx_word' id='word_1_369' title='bbox 1513 3444 1849 3521; x_wconf 78' lang='grc' dir='ltr'>παρεκαλύ-</span> 
     </span>
    </p>
   </div>
   <div class='ocr_carea' id='block_1_53' title="bbox 227 3535 1853 3614">
    <p class='ocr_par' dir='ltr' id='par_1_53' title="bbox 227 3535 1853 3614">
     <span class='ocr_line' id='line_1_53' title="bbox 227 3535 1853 3614; baseline -0.002 -21"><span class='ocrx_word' id='word_1_370' title='bbox 227 3559 415 3614; x_wconf 74' lang='grc' dir='ltr'>πτονιο,</span> <span class='ocrx_word' id='word_1_371' title='bbox 470 3541 563 3596; x_wconf 80' lang='grc' dir='ltr'><strong>καὶ</strong></span> <span class='ocrx_word' id='word_1_372' title='bbox 627 3539 713 3594; x_wconf 79' lang='grc' dir='ltr'>ὅτι</span> <span class='ocrx_word' id='word_1_373' title='bbox 770 3539 905 3608; x_wconf 78' lang='grc' dir='ltr'>ἦσαν</span> <span class='ocrx_word' id='word_1_374' title='bbox 961 3537 1107 3608; x_wconf 82' lang='grc' dir='ltr'>αὐτῷ</span> <span class='ocrx_word' id='word_1_375' title='bbox 1162 3535 1392 3611; x_wconf 89' lang='grc' dir='ltr'>πονηροί</span> <span class='ocrx_word' id='word_1_376' title='bbox 1448 3556 1508 3590; x_wconf 89' lang='grc' dir='ltr'><strong>τε</strong></span> <span class='ocrx_word' id='word_1_377' title='bbox 1565 3535 1853 3612; x_wconf 85' lang='grc' dir='ltr'>στεργόμε-</span> 
     </span>
    </p>
   </div>
   <div class='ocr_carea' id='block_1_54' title="bbox 226 3623 1851 3704">
    <p class='ocr_par' dir='ltr' id='par_1_54' title="bbox 226 3623 1851 3704">
     <span class='ocr_line' id='line_1_54' title="bbox 226 3623 1851 3704; baseline -0.002 -23"><span class='ocrx_word' id='word_1_378' title='bbox 226 3633 443 3704; x_wconf 81' lang='grc' dir='ltr'>νοι(32),</span> <span class='ocrx_word' id='word_1_379' title='bbox 475 3631 566 3685; x_wconf 84' lang='grc' dir='ltr'><strong>καὶ</strong></span> <span class='ocrx_word' id='word_1_380' title='bbox 602 3629 658 3683; x_wconf 75' lang='grc' dir='ltr'>οἳ</span> <span class='ocrx_word' id='word_1_381' title='bbox 702 3634 801 3697; x_wconf 89' lang='grc' dir='ltr'><strong>τῆς</strong></span> <span class='ocrx_word' id='word_1_382' title='bbox 848 3627 1045 3701; x_wconf 88' lang='grc' dir='ltr'>ἀρετῆς</span> <span class='ocrx_word' id='word_1_383' title='bbox 1094 3623 1363 3680; x_wconf 76' lang='grc' dir='ltr'>ἐπαινέται</span> <span class='ocrx_word' id='word_1_384' title='bbox 1410 3623 1851 3702; x_wconf 73' lang='grc' dir='ltr'>καταφρονούμε-</span> 
     </span>
    </p>
   </div>
   <div class='ocr_carea' id='block_1_55' title="bbox 228 3712 1851 3792">
    <p class='ocr_par' dir='ltr' id='par_1_55' title="bbox 228 3712 1851 3792">
     <span class='ocr_line' id='line_1_55' title="bbox 228 3712 1851 3792; baseline -0.001 -23"><span class='ocrx_word' id='word_1_385' title='bbox 228 3737 309 3775; x_wconf 80' lang='grc' dir='ltr'>νοι.</span> <span class='ocrx_word' id='word_1_386' title='bbox 361 3724 534 3773; x_wconf 72' lang='grc' dir='ltr'>Ταῦτα</span> <span class='ocrx_word' id='word_1_387' title='bbox 594 3717 842 3792; x_wconf 57' lang='lat' dir='ltr'><strong>hope»,</strong></span> <span class='ocrx_word' id='word_1_388' title='bbox 893 3713 1198 3791; x_wconf 74' lang='grc' dir='ltr'>προῦλεγεν</span> <span class='ocrx_word' id='word_1_389' title='bbox 1254 3715 1416 3768; x_wconf 81' lang='grc' dir='ltr'>ἅπασι</span> <span class='ocrx_word' id='word_1_390' title='bbox 1490 3716 1591 3784; x_wconf 76' lang='grc' dir='ltr'>τὴν</span> <span class='ocrx_word' id='word_1_391' title='bbox 1648 3712 1851 3768; x_wconf 73' lang='grc' dir='ltr'>ἐκείνου</span> 
     </span>
    </p>
   </div>
   <div class='ocr_carea' id='block_1_56' title="bbox 226 3800 1852 3881">
    <p class='ocr_par' dir='ltr' id='par_1_56' title="bbox 226 3800 1852 3881">
     <span class='ocr_line' id='line_1_56' title="bbox 226 3800 1852 3881; baseline -0.002 -22"><span class='ocrx_word' id='word_1_392' title='bbox 226 3808 452 3878; x_wconf 75' lang='grc' dir='ltr'>κακίστην</span> <span class='ocrx_word' id='word_1_393' title='bbox 510 3805 776 3879; x_wconf 74' lang='grc' dir='ltr'>ἐσομένην</span> <span class='ocrx_word' id='word_1_394' title='bbox 852 3800 1064 3880; x_wconf 78' lang='grc' dir='ltr'>ἕκρηξιν</span> <span class='ocrx_word' id='word_1_395' title='bbox 1123 3802 1212 3857; x_wconf 82' lang='grc' dir='ltr'><strong>καὶ</strong></span> <span class='ocrx_word' id='word_1_396' title='bbox 1268 3804 1567 3881; x_wconf 76' lang='grc' dir='ltr'>φανέρωσιν</span> <span class='ocrx_word' id='word_1_397' title='bbox 1603 3845 1616 3858; x_wconf 93' lang='grc'><strong>.</strong></span> <span class='ocrx_word' id='word_1_398' title='bbox 1676 3801 1852 3856; x_wconf 78' lang='grc' dir='ltr'>Δειναῖ</span> 
     </span>
    </p>
   </div>
   <div class='ocr_carea' id='block_1_57' title="bbox 229 3887 1853 3972">
    <p class='ocr_par' dir='ltr' id='par_1_57' title="bbox 229 3887 1853 3972">
     <span class='ocr_line' id='line_1_57' title="bbox 229 3887 1853 3972; baseline -0.002 -25"><span class='ocrx_word' id='word_1_399' title='bbox 229 3895 315 3970; x_wconf 74' lang='grc' dir='ltr'>γὰρ</span> <span class='ocrx_word' id='word_1_400' title='bbox 364 3898 413 3950; x_wconf 77' lang='grc' dir='ltr'>αἱ</span> <span class='ocrx_word' id='word_1_401' title='bbox 465 3895 698 3971; x_wconf 76' lang='grc' dir='ltr'>καθαραὶ</span> <span class='ocrx_word' id='word_1_402' title='bbox 748 3894 930 3972; x_wconf 69' lang='grc' dir='ltr'>φύσεις</span> <span class='ocrx_word' id='word_1_403' title='bbox 978 3895 1353 3967; x_wconf 80' lang='grc' dir='ltr'>τεκμηριῶσαι</span> <span class='ocrx_word' id='word_1_404' title='bbox 1400 3891 1463 3944; x_wconf 83' lang='grc' dir='ltr'>τὸ</span> <span class='ocrx_word' id='word_1_405' title='bbox 1497 3887 1726 3963; x_wconf 82' lang='grc' dir='ltr'>μέλλον,</span> <span class='ocrx_word' id='word_1_406' title='bbox 1764 3890 1853 3945; x_wconf 86' lang='grc' dir='ltr'><strong>καὶ</strong></span> 
     </span>
    </p>
   </div>
   <div class='ocr_carea' id='block_1_58' title="bbox 221 3979 1854 4059">
    <p class='ocr_par' dir='ltr' id='par_1_58' title="bbox 221 3979 1854 4059">
     <span class='ocr_line' id='line_1_58' title="bbox 221 3979 1854 4059; baseline -0.001 -24"><span class='ocrx_word' id='word_1_407' title='bbox 221 3990 321 4046; x_wconf 83' lang='grc' dir='ltr'>τοῖς</span> <span class='ocrx_word' id='word_1_408' title='bbox 350 3983 607 4059; x_wconf 77' lang='grc' dir='ltr'>ἀμυδρῶς</span> <span class='ocrx_word' id='word_1_409' title='bbox 662 3981 1030 4054; x_wconf 71' lang='grc' dir='ltr'>δεικνυμένοις</span> <span class='ocrx_word' id='word_1_410' title='bbox 1085 3980 1341 4055; x_wconf 79' lang='grc' dir='ltr'>εὐστοχίᾳ</span> <span class='ocrx_word' id='word_1_411' title='bbox 1386 3979 1475 4034; x_wconf 87' lang='grc' dir='ltr'><strong>καὶ</strong></span> <span class='ocrx_word' id='word_1_412' title='bbox 1524 3980 1729 4034; x_wconf 78' lang='grc' dir='ltr'>συνέσει</span> <span class='ocrx_word' id='word_1_413' title='bbox 1756 3983 1854 4033; x_wconf 83' lang='grc' dir='ltr'><strong>τοῦ</strong></span> 
     </span>
    </p>
   </div>
   <div class='ocr_carea' id='block_1_59' title="bbox 221 4067 1853 4146">
    <p class='ocr_par' dir='ltr' id='par_1_59' title="bbox 221 4067 1853 4146">
     <span class='ocr_line' id='line_1_59' title="bbox 221 4067 1853 4146; baseline -0.001 -22"><span class='ocrx_word' id='word_1_414' title='bbox 221 4068 457 4143; x_wconf 65' lang='grc' dir='ltr'>ἐσομένου</span> <span class='ocrx_word' id='word_1_415' title='bbox 503 4072 1033 4146; x_wconf 83' lang='grc' dir='ltr'>καταστοχάσασθαι.</span> <span class='ocrx_word' id='word_1_416' title='bbox 1085 4067 1240 4125; x_wconf 84' lang='grc' dir='ltr'>Ἀλλ’</span> <span class='ocrx_word' id='word_1_417' title='bbox 1274 4070 1300 4123; x_wconf 85' lang='grc' dir='ltr'>ὁ</span> <span class='ocrx_word' id='word_1_418' title='bbox 1364 4068 1457 4141; x_wconf 71' lang='grc' dir='ltr'>μὲν</span> <span class='ocrx_word' id='word_1_419' title='bbox 1514 4069 1679 4129; x_wconf 88' lang='grc' dir='ltr'>κακὸς</span> <span class='ocrx_word' id='word_1_420' title='bbox 1709 4067 1853 4138; x_wconf 89' lang='grc' dir='ltr'>ἀπη-</span> 
     </span>
    </p>
   </div>
   <div class='ocr_carea' id='block_1_60' title="bbox 219 4152 1851 4236">
    <p class='ocr_par' dir='ltr' id='par_1_60' title="bbox 219 4152 1851 4236">
     <span class='ocr_line' id='line_1_60' title="bbox 219 4152 1851 4236; baseline -0.001 -23"><span class='ocrx_word' id='word_1_421' title='bbox 219 4156 405 4236; x_wconf 63' lang='grc' dir='ltr'>λέγχθη</span> <span class='ocrx_word' id='word_1_422' title='bbox 439 4164 586 4235; x_wconf 86' lang='grc'>(33),</span> <span class='ocrx_word' id='word_1_423' title='bbox 640 4161 921 4232; x_wconf 73' lang='grc' dir='ltr'>ἀνομήσας</span> <span class='ocrx_word' id='word_1_424' title='bbox 973 4156 1246 4230; x_wconf 77' lang='grc' dir='ltr'>διακενῆς,</span> <span class='ocrx_word' id='word_1_425' title='bbox 1277 4157 1367 4211; x_wconf 89' lang='grc' dir='ltr'><strong>καὶ</strong></span> <span class='ocrx_word' id='word_1_426' title='bbox 1418 4153 1569 4211; x_wconf 71' lang='grc' dir='ltr'>οὐδὲν</span> <span class='ocrx_word' id='word_1_427' title='bbox 1604 4152 1785 4232; x_wconf 71' lang='grc' dir='ltr'>’ἑτερον</span> <span class='ocrx_word' id='word_1_428' title='bbox 1817 4157 1851 4225; x_wconf 74' lang='grc' dir='ltr'><strong>ἢ</strong></span> 
     </span>
    </p>
   </div>
   <div class='ocr_carea' id='block_1_61' title="bbox 218 4245 1235 4322">
    <p class='ocr_par' dir='ltr' id='par_1_61' title="bbox 218 4245 1235 4322">
     <span class='ocr_line' id='line_1_61' title="bbox 218 4245 1235 4322; baseline 0.002 -21"><span class='ocrx_word' id='word_1_429' title='bbox 218 4245 333 4320; x_wconf 66' lang='grc' dir='ltr'>ὅλην</span> <span class='ocrx_word' id='word_1_430' title='bbox 363 4250 649 4311; x_wconf 70' lang='grc' dir='ltr'>κολάσεως</span> <span class='ocrx_word' id='word_1_431' title='bbox 681 4249 854 4320; x_wconf 67' lang='grc' dir='ltr'>ἑαυτῷ</span> <span class='ocrx_word' id='word_1_432' title='bbox 887 4246 1235 4322; x_wconf 85' lang='grc' dir='ltr'>θησαυρίσας.</span> 
     </span>
    </p>
   </div>
   <div class='ocr_carea' id='block_1_62' title="bbox 1950 1949 3600 2021">
    <p class='ocr_par' dir='ltr' id='par_1_62' title="bbox 1950 1949 3600 2021">
     <span class='ocr_line' id='line_1_62' title="bbox 1950 1949 3600 2021; baseline 0.001 -18"><span class='ocrx_word' id='word_1_433' title='bbox 1950 1950 2137 2021; x_wconf 91' lang='lat' dir='ltr'><strong>giens,</strong></span> <span class='ocrx_word' id='word_1_434' title='bbox 2193 1965 2259 2005; x_wconf 92' lang='lat' dir='ltr'><strong>ac</strong></span> <span class='ocrx_word' id='word_1_435' title='bbox 2315 1949 2808 2020; x_wconf 86' lang='lat' dir='ltr'><strong>sapientissimam</strong></span> <span class='ocrx_word' id='word_1_436' title='bbox 2865 1951 3191 2005; x_wconf 89' lang='lat' dir='ltr'><strong>doctrinam</strong></span> <span class='ocrx_word' id='word_1_437' title='bbox 3249 1949 3600 2005; x_wconf 85' lang='lat' dir='ltr'><strong>Christianis</strong></span> 
     </span>
    </p>
   </div>
   <div class='ocr_carea' id='block_1_63' title="bbox 1950 2038 3598 2109">
    <p class='ocr_par' dir='ltr' id='par_1_63' title="bbox 1950 2038 3598 2109">
     <span class='ocr_line' id='line_1_63' title="bbox 1950 2038 3598 2109; baseline 0.001 -18"><span class='ocrx_word' id='word_1_438' title='bbox 1950 2054 2301 2109; x_wconf 90' lang='lat' dir='ltr'><strong>proponens.</strong></span> <span class='ocrx_word' id='word_1_439' title='bbox 2337 2040 2422 2092; x_wconf 89' lang='lat' dir='ltr'><strong>lta</strong></span> <span class='ocrx_word' id='word_1_440' title='bbox 2451 2038 2670 2109; x_wconf 89' lang='lat' dir='ltr'><strong>impius</strong></span> <span class='ocrx_word' id='word_1_441' title='bbox 2701 2039 2895 2107; x_wconf 90' lang='lat' dir='ltr'><strong>homo,</strong></span> <span class='ocrx_word' id='word_1_442' title='bbox 2928 2038 3299 2104; x_wconf 86' lang='lat' dir='ltr'><strong>Christianis,</strong></span> <span class='ocrx_word' id='word_1_443' title='bbox 3322 2039 3598 2094; x_wconf 62' lang='lat' dir='ltr'><strong>doctrina)</strong></span> 
     </span>
    </p>
   </div>
   <div class='ocr_carea' id='block_1_64' title="bbox 1951 2125 3598 2198">
    <p class='ocr_par' dir='ltr' id='par_1_64' title="bbox 1951 2125 3598 2198">
     <span class='ocr_line' id='line_1_64' title="bbox 1951 2125 3598 2198; baseline 0.001 -18"><span class='ocrx_word' id='word_1_444' title='bbox 1951 2126 2187 2181; x_wconf 89' lang='lat' dir='ltr'><strong>nomine</strong></span> <span class='ocrx_word' id='word_1_445' title='bbox 2217 2125 2505 2193; x_wconf 89' lang='lat' dir='ltr'><strong>invidens,</strong></span> <span class='ocrx_word' id='word_1_446' title='bbox 2538 2143 2607 2181; x_wconf 83' lang='lat' dir='ltr'><strong>ex</strong></span> <span class='ocrx_word' id='word_1_447' title='bbox 2649 2125 2930 2182; x_wconf 87' lang='lat' dir='ltr'><strong>scelerata</strong></span> <span class='ocrx_word' id='word_1_448' title='bbox 2961 2127 3086 2198; x_wconf 90' lang='lat' dir='ltr'><strong>lege</strong></span> <span class='ocrx_word' id='word_1_449' title='bbox 3134 2125 3279 2181; x_wconf 90' lang='lat' dir='ltr'><strong>nihil</strong></span> <span class='ocrx_word' id='word_1_450' title='bbox 3328 2126 3598 2182; x_wconf 85' lang='lat' dir='ltr'><strong>utilitatis</strong></span> 
     </span>
    </p>
   </div>
   <div class='ocr_carea' id='block_1_65' title="bbox 1951 2213 3597 2286">
    <p class='ocr_par' dir='ltr' id='par_1_65' title="bbox 1951 2213 3597 2286">
     <span class='ocr_line' id='line_1_65' title="bbox 1951 2213 3597 2286; baseline 0 -17"><span class='ocrx_word' id='word_1_451' title='bbox 1951 2218 2040 2269; x_wconf 89' lang='lat' dir='ltr'><strong>cst</strong></span> <span class='ocrx_word' id='word_1_452' title='bbox 2089 2218 2439 2269; x_wconf 86' lang='lat' dir='ltr'><strong>consecutus</strong></span> <span class='ocrx_word' id='word_1_453' title='bbox 2473 2232 2487 2270; x_wconf 88' lang='lat'><strong>:</strong></span> <span class='ocrx_word' id='word_1_454' title='bbox 2519 2215 2658 2286; x_wconf 91' lang='lat' dir='ltr'><strong>quin</strong></span> <span class='ocrx_word' id='word_1_455' title='bbox 2717 2213 2912 2286; x_wconf 87' lang='lat' dir='ltr'><strong>potius</strong></span> <span class='ocrx_word' id='word_1_456' title='bbox 2968 2214 3093 2286; x_wconf 90' lang='lat' dir='ltr'><strong>ipse</strong></span> <span class='ocrx_word' id='word_1_457' title='bbox 3149 2218 3458 2285; x_wconf 84' lang='lat' dir='ltr'><strong>superatus</strong></span> <span class='ocrx_word' id='word_1_458' title='bbox 3488 2216 3597 2282; x_wconf 91' lang='lat' dir='ltr'><strong>est,</strong></span> 
     </span>
    </p>
   </div>
   <div class='ocr_carea' id='block_1_66' title="bbox 1950 2302 3601 2374">
    <p class='ocr_par' dir='ltr' id='par_1_66' title="bbox 1950 2302 3601 2374">
     <span class='ocr_line' id='line_1_66' title="bbox 1950 2302 3601 2374; baseline 0.001 -18"><span class='ocrx_word' id='word_1_459' title='bbox 1950 2302 2315 2374; x_wconf 89' lang='lat' dir='ltr'><strong>graviorique</strong></span> <span class='ocrx_word' id='word_1_460' title='bbox 2352 2303 2567 2357; x_wconf 90' lang='lat' dir='ltr'><strong>damno</strong></span> <span class='ocrx_word' id='word_1_461' title='bbox 2617 2303 2877 2358; x_wconf 76' lang='lat' dir='ltr'><strong>affectus.</strong></span> <span class='ocrx_word' id='word_1_462' title='bbox 2910 2302 3259 2372; x_wconf 88' lang='lat' dir='ltr'><strong>Hujusmodi</strong></span> <span class='ocrx_word' id='word_1_463' title='bbox 3306 2303 3462 2357; x_wconf 91' lang='lat' dir='ltr'><strong>enim</strong></span> <span class='ocrx_word' id='word_1_464' title='bbox 3511 2307 3601 2357; x_wconf 86' lang='lat' dir='ltr'><strong>est</strong></span> 
     </span>
    </p>
   </div>
   <div class='ocr_carea' id='block_1_67' title="bbox 1950 2390 3598 2461">
    <p class='ocr_par' dir='ltr' id='par_1_67' title="bbox 1950 2390 3598 2461">
     <span class='ocr_line' id='line_1_67' title="bbox 1950 2390 3598 2461; baseline 0 -17"><span class='ocrx_word' id='word_1_465' title='bbox 1950 2390 2169 2445; x_wconf 91' lang='lat' dir='ltr'><strong>invidia</strong></span> <span class='ocrx_word' id='word_1_466' title='bbox 2201 2408 2214 2446; x_wconf 91' lang='lat'><strong>:</strong></span> <span class='ocrx_word' id='word_1_467' title='bbox 2248 2407 2455 2461; x_wconf 90' lang='lat' dir='ltr'><strong>parum</strong></span> <span class='ocrx_word' id='word_1_468' title='bbox 2486 2397 2588 2446; x_wconf 90' lang='lat' dir='ltr'><strong>aut</strong></span> <span class='ocrx_word' id='word_1_469' title='bbox 2615 2390 2760 2445; x_wconf 91' lang='lat' dir='ltr'><strong>nihil</strong></span> <span class='ocrx_word' id='word_1_470' title='bbox 2808 2408 2906 2446; x_wconf 90' lang='lat' dir='ltr'><strong>eos</strong></span> <span class='ocrx_word' id='word_1_471' title='bbox 2955 2390 3131 2457; x_wconf 61' lang='lat' dir='ltr'><strong>laedit,</strong></span> <span class='ocrx_word' id='word_1_472' title='bbox 3164 2407 3312 2461; x_wconf 89' lang='lat' dir='ltr'><strong>quos</strong></span> <span class='ocrx_word' id='word_1_473' title='bbox 3342 2390 3598 2456; x_wconf 87' lang='lat' dir='ltr'><strong>lacessit,</strong></span> 
     </span>
    </p>
   </div>
   <div class='ocr_carea' id='block_1_68' title="bbox 1952 2480 3241 2551">
    <p class='ocr_par' dir='ltr' id='par_1_68' title="bbox 1952 2480 3241 2551">
     <span class='ocr_line' id='line_1_68' title="bbox 1952 2480 3241 2551; baseline 0.002 -18"><span class='ocrx_word' id='word_1_474' title='bbox 1952 2494 2186 2551; x_wconf 86' lang='lat' dir='ltr'><strong>gravem</strong></span> <span class='ocrx_word' id='word_1_475' title='bbox 2218 2484 2411 2534; x_wconf 88' lang='lat' dir='ltr'><strong>autem</strong></span> <span class='ocrx_word' id='word_1_476' title='bbox 2444 2495 2653 2534; x_wconf 86' lang='lat' dir='ltr'><strong>noxam</strong></span> <span class='ocrx_word' id='word_1_477' title='bbox 2688 2480 3029 2550; x_wconf 89' lang='lat' dir='ltr'><strong>parentibus</strong></span> <span class='ocrx_word' id='word_1_478' title='bbox 3059 2481 3241 2535; x_wconf 77' lang='lat' dir='ltr'><strong>affert.</strong></span> 
     </span>
    </p>
   </div>
   <div class='ocr_carea' id='block_1_69' title="bbox 2024 2566 3603 2640">
    <p class='ocr_par' dir='ltr' id='par_1_69' title="bbox 2024 2566 3603 2640">
     <span class='ocr_line' id='line_1_69' title="bbox 2024 2566 3603 2640; baseline 0.001 -19"><span class='ocrx_word' id='word_1_479' title='bbox 2024 2566 2337 2639; x_wconf 88' lang='lat' dir='ltr'><strong>Gregorius</strong></span> <span class='ocrx_word' id='word_1_480' title='bbox 2368 2584 2559 2639; x_wconf 92' lang='lat' dir='ltr'><strong>porro,</strong></span> <span class='ocrx_word' id='word_1_481' title='bbox 2589 2567 2832 2623; x_wconf 89' lang='lat' dir='ltr'><strong>Athenis</strong></span> <span class='ocrx_word' id='word_1_482' title='bbox 2879 2568 3071 2623; x_wconf 91' lang='lat' dir='ltr'><strong>adhuc</strong></span> <span class='ocrx_word' id='word_1_483' title='bbox 3102 2584 3303 2640; x_wconf 89' lang='lat' dir='ltr'><strong>agens,</strong></span> <span class='ocrx_word' id='word_1_484' title='bbox 3335 2584 3468 2622; x_wconf 91' lang='lat' dir='ltr'><strong>cum</strong></span> <span class='ocrx_word' id='word_1_485' title='bbox 3498 2567 3603 2623; x_wconf 88' lang='lat' dir='ltr'><strong>Ju-</strong></span> 
     </span>
    </p>
   </div>
   <div class='ocr_carea' id='block_1_70' title="bbox 1953 2654 3605 2727">
    <p class='ocr_par' dir='ltr' id='par_1_70' title="bbox 1953 2654 3605 2727">
     <span class='ocr_line' id='line_1_70' title="bbox 1953 2654 3605 2727; baseline 0.001 -18"><span class='ocrx_word' id='word_1_486' title='bbox 1953 2654 2111 2710; x_wconf 90' lang='lat' dir='ltr'><strong>liano</strong></span> <span class='ocrx_word' id='word_1_487' title='bbox 2141 2655 2460 2711; x_wconf 89' lang='lat' dir='ltr'><strong>admodum</strong></span> <span class='ocrx_word' id='word_1_488' title='bbox 2491 2654 2877 2723; x_wconf 84' lang='lat' dir='ltr'><strong>adolescente,</strong></span> <span class='ocrx_word' id='word_1_489' title='bbox 2906 2658 3151 2711; x_wconf 87' lang='lat' dir='ltr'><strong>necdum</strong></span> <span class='ocrx_word' id='word_1_490' title='bbox 3184 2656 3256 2710; x_wconf 91' lang='lat' dir='ltr'><strong>ad</strong></span> <span class='ocrx_word' id='word_1_491' title='bbox 3290 2656 3605 2727; x_wconf 88' lang='lat' dir='ltr'><strong>imperium</strong></span> 
     </span>
    </p>
   </div>
   <div class='ocr_carea' id='block_1_71' title="bbox 1955 2742 3605 2816">
    <p class='ocr_par' dir='ltr' id='par_1_71' title="bbox 1955 2742 3605 2816">
     <span class='ocr_line' id='line_1_71' title="bbox 1955 2742 3605 2816; baseline -0.001 -17"><span class='ocrx_word' id='word_1_492' title='bbox 1955 2749 2173 2811; x_wconf 89' lang='lat' dir='ltr'><strong>evecto,</strong></span> <span class='ocrx_word' id='word_1_493' title='bbox 2198 2746 2299 2799; x_wconf 89' lang='lat' dir='ltr'><strong>sed</strong></span> <span class='ocrx_word' id='word_1_494' title='bbox 2331 2742 2758 2816; x_wconf 87' lang='lat' dir='ltr'><strong>ludimagistris</strong></span> <span class='ocrx_word' id='word_1_495' title='bbox 2780 2761 3015 2816; x_wconf 89' lang='lat' dir='ltr'><strong>operam</strong></span> <span class='ocrx_word' id='word_1_496' title='bbox 3038 2747 3213 2800; x_wconf 90' lang='lat' dir='ltr'><strong>dante</strong></span> <span class='ocrx_word' id='word_1_497' title='bbox 3234 2761 3605 2816; x_wconf 86' lang='lat' dir='ltr'><strong>congressus,</strong></span> 
     </span>
    </p>
   </div>
   <div class='ocr_carea' id='block_1_72' title="bbox 1957 2831 3609 2903">
    <p class='ocr_par' dir='ltr' id='par_1_72' title="bbox 1957 2831 3609 2903">
     <span class='ocr_line' id='line_1_72' title="bbox 1957 2831 3609 2903; baseline 0.001 -17"><span class='ocrx_word' id='word_1_498' title='bbox 1957 2832 2149 2903; x_wconf 87' lang='lat' dir='ltr'><strong>qualis</strong></span> <span class='ocrx_word' id='word_1_499' title='bbox 2178 2831 2492 2902; x_wconf 88' lang='lat' dir='ltr'><strong>aliquando</strong></span> <span class='ocrx_word' id='word_1_500' title='bbox 2538 2832 2772 2888; x_wconf 86' lang='lat' dir='ltr'><strong>futurus</strong></span> <span class='ocrx_word' id='word_1_501' title='bbox 2801 2838 2977 2898; x_wconf 87' lang='lat' dir='ltr'><strong>esset,</strong></span> <span class='ocrx_word' id='word_1_502' title='bbox 3012 2834 3217 2888; x_wconf 88' lang='lat' dir='ltr'><strong>amicis</strong></span> <span class='ocrx_word' id='word_1_503' title='bbox 3263 2838 3426 2888; x_wconf 89' lang='lat' dir='ltr'><strong>tanto</strong></span> <span class='ocrx_word' id='word_1_504' title='bbox 3475 2838 3609 2888; x_wconf 84' lang='lat' dir='ltr'><strong>ante</strong></span> 
     </span>
    </p>
   </div>
   <div class='ocr_carea' id='block_1_73' title="bbox 1957 2920 3610 2993">
    <p class='ocr_par' dir='ltr' id='par_1_73' title="bbox 1957 2920 3610 2993">
     <span class='ocr_line' id='line_1_73' title="bbox 1957 2920 3610 2993; baseline 0.001 -17"><span class='ocrx_word' id='word_1_505' title='bbox 1957 2920 2327 2992; x_wconf 80' lang='lat' dir='ltr'><strong>significavit,</strong></span> <span class='ocrx_word' id='word_1_506' title='bbox 2360 2920 2676 2976; x_wconf 91' lang='lat' dir='ltr'><strong>subdolum</strong></span> <span class='ocrx_word' id='word_1_507' title='bbox 2716 2920 3002 2991; x_wconf 89' lang='lat' dir='ltr'><strong>videlicet,</strong></span> <span class='ocrx_word' id='word_1_508' title='bbox 3036 2926 3093 2977; x_wconf 87' lang='lat' dir='ltr'><strong>et</strong></span> <span class='ocrx_word' id='word_1_509' title='bbox 3138 2922 3385 2977; x_wconf 84' lang='lat' dir='ltr'><strong>infidum</strong></span> <span class='ocrx_word' id='word_1_510' title='bbox 3434 2927 3610 2993; x_wconf 86' lang='lat' dir='ltr'><strong>atque</strong></span> 
     </span>
    </p>
   </div>
   <div class='ocr_carea' id='block_1_74' title="bbox 1958 3009 3609 3082">
    <p class='ocr_par' dir='ltr' id='par_1_74' title="bbox 1958 3009 3609 3082">
     <span class='ocr_line' id='line_1_74' title="bbox 1958 3009 3609 3082; baseline 0.001 -18"><span class='ocrx_word' id='word_1_511' title='bbox 1958 3009 2231 3081; x_wconf 89' lang='lat' dir='ltr'><strong>impium,</strong></span> <span class='ocrx_word' id='word_1_512' title='bbox 2263 3016 2321 3064; x_wconf 92' lang='lat' dir='ltr'><strong>et</strong></span> <span class='ocrx_word' id='word_1_513' title='bbox 2359 3010 2429 3064; x_wconf 92' lang='lat' dir='ltr'><strong>ad</strong></span> <span class='ocrx_word' id='word_1_514' title='bbox 2476 3026 2649 3066; x_wconf 92' lang='lat' dir='ltr'><strong>omne</strong></span> <span class='ocrx_word' id='word_1_515' title='bbox 2705 3009 2896 3066; x_wconf 89' lang='lat' dir='ltr'><strong>scelus</strong></span> <span class='ocrx_word' id='word_1_516' title='bbox 2954 3010 3268 3082; x_wconf 90' lang='lat' dir='ltr'><strong>proclivem</strong></span> <span class='ocrx_word' id='word_1_517' title='bbox 3325 3025 3461 3066; x_wconf 91' lang='lat' dir='ltr'><strong>eum</strong></span> <span class='ocrx_word' id='word_1_518' title='bbox 3489 3010 3609 3065; x_wconf 87' lang='lat' dir='ltr'><strong>fore</strong></span> 
     </span>
    </p>
   </div>
   <div class='ocr_carea' id='block_1_75' title="bbox 1957 3097 3609 3170">
    <p class='ocr_par' dir='ltr' id='par_1_75' title="bbox 1957 3097 3609 3170">
     <span class='ocr_line' id='line_1_75' title="bbox 1957 3097 3609 3170; baseline 0.001 -19"><span class='ocrx_word' id='word_1_519' title='bbox 1957 3097 2305 3169; x_wconf 71' lang='lat' dir='ltr'><strong>praedicens;</strong></span> <span class='ocrx_word' id='word_1_520' title='bbox 2349 3101 2745 3168; x_wconf 89' lang='lat' dir='ltr'><strong>conjecturam</strong></span> <span class='ocrx_word' id='word_1_521' title='bbox 2777 3099 2957 3169; x_wconf 89' lang='lat' dir='ltr'><strong>hujus</strong></span> <span class='ocrx_word' id='word_1_522' title='bbox 3001 3098 3085 3154; x_wconf 89' lang='lat' dir='ltr'><strong>rei</strong></span> <span class='ocrx_word' id='word_1_523' title='bbox 3134 3098 3349 3154; x_wconf 85' lang='lat' dir='ltr'><strong>faciens</strong></span> <span class='ocrx_word' id='word_1_524' title='bbox 3379 3116 3449 3153; x_wconf 86' lang='lat' dir='ltr'><strong>ex</strong></span> <span class='ocrx_word' id='word_1_525' title='bbox 3478 3116 3609 3170; x_wconf 90' lang='lat' dir='ltr'><strong>per-</strong></span> 
     </span>
    </p>
   </div>
   <div class='ocr_carea' id='block_1_76' title="bbox 1960 3185 3611 3258">
    <p class='ocr_par' dir='ltr' id='par_1_76' title="bbox 1960 3185 3611 3258">
     <span class='ocr_line' id='line_1_76' title="bbox 1960 3185 3611 3258; baseline 0.001 -17"><span class='ocrx_word' id='word_1_526' title='bbox 1960 3185 2211 3241; x_wconf 88' lang='lat' dir='ltr'><strong>turbatis</strong></span> <span class='ocrx_word' id='word_1_527' title='bbox 2269 3186 2387 3242; x_wconf 89' lang='lat' dir='ltr'><strong>oris</strong></span> <span class='ocrx_word' id='word_1_528' title='bbox 2445 3186 2838 3252; x_wconf 87' lang='lat' dir='ltr'><strong>lineamentis,</strong></span> <span class='ocrx_word' id='word_1_529' title='bbox 2899 3194 2957 3243; x_wconf 88' lang='lat' dir='ltr'><strong>et</strong></span> <span class='ocrx_word' id='word_1_530' title='bbox 3013 3188 3133 3243; x_wconf 88' lang='lat' dir='ltr'><strong>risu</strong></span> <span class='ocrx_word' id='word_1_531' title='bbox 3191 3186 3499 3258; x_wconf 88' lang='lat' dir='ltr'><strong>petulanti,</strong></span> <span class='ocrx_word' id='word_1_532' title='bbox 3552 3191 3611 3244; x_wconf 90' lang='lat' dir='ltr'><strong>et</strong></span> 
     </span>
    </p>
   </div>
   <div class='ocr_carea' id='block_1_77' title="bbox 1958 3274 3608 3348">
    <p class='ocr_par' dir='ltr' id='par_1_77' title="bbox 1958 3274 3608 3348">
     <span class='ocr_line' id='line_1_77' title="bbox 1958 3274 3608 3348; baseline 0.001 -19"><span class='ocrx_word' id='word_1_533' title='bbox 1958 3274 2142 3330; x_wconf 83' lang='lat' dir='ltr'><strong>ferino</strong></span> <span class='ocrx_word' id='word_1_534' title='bbox 2199 3280 2461 3347; x_wconf 89' lang='lat' dir='ltr'><strong>aspectu,</strong></span> <span class='ocrx_word' id='word_1_535' title='bbox 2493 3280 2550 3331; x_wconf 91' lang='lat' dir='ltr'><strong>et</strong></span> <span class='ocrx_word' id='word_1_536' title='bbox 2606 3280 2729 3331; x_wconf 90' lang='lat' dir='ltr'><strong>toto</strong></span> <span class='ocrx_word' id='word_1_537' title='bbox 2787 3292 3025 3348; x_wconf 89' lang='lat' dir='ltr'><strong>corpore</strong></span> <span class='ocrx_word' id='word_1_538' title='bbox 3072 3292 3216 3347; x_wconf 88' lang='lat' dir='ltr'><strong>vago</strong></span> <span class='ocrx_word' id='word_1_539' title='bbox 3270 3279 3608 3347; x_wconf 91' lang='lat' dir='ltr'><strong>temereque</strong></span> 
     </span>
    </p>
   </div>
   <div class='ocr_carea' id='block_1_78' title="bbox 1957 3361 3609 3436">
    <p class='ocr_par' dir='ltr' id='par_1_78' title="bbox 1957 3361 3609 3436">
     <span class='ocr_line' id='line_1_78' title="bbox 1957 3361 3609 3436; baseline 0.001 -18"><span class='ocrx_word' id='word_1_540' title='bbox 1957 3361 2349 3433; x_wconf 87' lang='lat' dir='ltr'><strong>subsultante,</strong></span> <span class='ocrx_word' id='word_1_541' title='bbox 2373 3365 2651 3420; x_wconf 63' lang='lat' dir='ltr'><strong>vecordia</strong></span> <span class='ocrx_word' id='word_1_542' title='bbox 2684 3363 2872 3436; x_wconf 89' lang='lat' dir='ltr'><strong>plenis</strong></span> <span class='ocrx_word' id='word_1_543' title='bbox 2893 3364 3073 3420; x_wconf 88' lang='lat' dir='ltr'><strong>animi</strong></span> <span class='ocrx_word' id='word_1_544' title='bbox 3106 3364 3526 3436; x_wconf 88' lang='lat' dir='ltr'><strong>agitationibus</strong></span> <span class='ocrx_word' id='word_1_545' title='bbox 3550 3368 3609 3419; x_wconf 89' lang='lat' dir='ltr'><strong>et</strong></span> 
     </span>
    </p>
   </div>
   <div class='ocr_carea' id='block_1_79' title="bbox 1958 3451 3604 3525">
    <p class='ocr_par' dir='ltr' id='par_1_79' title="bbox 1958 3451 3604 3525">
     <span class='ocr_line' id='line_1_79' title="bbox 1958 3451 3604 3525; baseline 0.001 -18"><span class='ocrx_word' id='word_1_546' title='bbox 1958 3451 2290 3518; x_wconf 90' lang='lat' dir='ltr'><strong>conatibus,</strong></span> <span class='ocrx_word' id='word_1_547' title='bbox 2324 3452 2510 3523; x_wconf 89' lang='lat' dir='ltr'><strong>plenis</strong></span> <span class='ocrx_word' id='word_1_548' title='bbox 2553 3452 2851 3525; x_wconf 88' lang='lat' dir='ltr'><strong>impietate</strong></span> <span class='ocrx_word' id='word_1_549' title='bbox 2899 3452 3204 3524; x_wconf 90' lang='lat' dir='ltr'><strong>colloquiis</strong></span> <span class='ocrx_word' id='word_1_550' title='bbox 3237 3458 3293 3509; x_wconf 92' lang='lat' dir='ltr'><strong>et</strong></span> <span class='ocrx_word' id='word_1_551' title='bbox 3339 3453 3604 3523; x_wconf 88' lang='lat' dir='ltr'><strong>disputa-</strong></span> 
     </span>
    </p>
   </div>
   <div class='ocr_carea' id='block_1_80' title="bbox 1956 3538 3606 3612">
    <p class='ocr_par' dir='ltr' id='par_1_80' title="bbox 1956 3538 3606 3612">
     <span class='ocr_line' id='line_1_80' title="bbox 1956 3538 3606 3612; baseline 0.001 -17"><span class='ocrx_word' id='word_1_552' title='bbox 1956 3538 2241 3605; x_wconf 87' lang='lat' dir='ltr'><strong>tionibus,</strong></span> <span class='ocrx_word' id='word_1_553' title='bbox 2263 3540 2437 3595; x_wconf 88' lang='lat' dir='ltr'><strong>etiam</strong></span> <span class='ocrx_word' id='word_1_554' title='bbox 2471 3541 2521 3595; x_wconf 93' lang='lat' dir='ltr'><strong>si</strong></span> <span class='ocrx_word' id='word_1_555' title='bbox 2550 3539 2649 3596; x_wconf 89' lang='lat' dir='ltr'><strong>illa</strong></span> <span class='ocrx_word' id='word_1_556' title='bbox 2688 3541 3115 3596; x_wconf 84' lang='lat' dir='ltr'><strong>exercitationis</strong></span> <span class='ocrx_word' id='word_1_557' title='bbox 3144 3546 3421 3611; x_wconf 66' lang='lat' dir='ltr'><strong>praetextu</strong></span> <span class='ocrx_word' id='word_1_558' title='bbox 3450 3540 3606 3612; x_wconf 88' lang='lat' dir='ltr'><strong>lege-</strong></span> 
     </span>
    </p>
   </div>
   <div class='ocr_carea' id='block_1_81' title="bbox 1960 3628 3609 3701">
    <p class='ocr_par' dir='ltr' id='par_1_81' title="bbox 1960 3628 3609 3701">
     <span class='ocr_line' id='line_1_81' title="bbox 1960 3628 3609 3701; baseline 0.001 -19"><span class='ocrx_word' id='word_1_559' title='bbox 1960 3634 2190 3693; x_wconf 87' lang='lat' dir='ltr'><strong>rentur;</strong></span> <span class='ocrx_word' id='word_1_560' title='bbox 2224 3645 2293 3683; x_wconf 82' lang='lat' dir='ltr'><strong>ex</strong></span> <span class='ocrx_word' id='word_1_561' title='bbox 2322 3646 2388 3684; x_wconf 92' lang='lat' dir='ltr'><strong>eo</strong></span> <span class='ocrx_word' id='word_1_562' title='bbox 2418 3629 2691 3700; x_wconf 90' lang='lat' dir='ltr'><strong>denique,</strong></span> <span class='ocrx_word' id='word_1_563' title='bbox 2723 3630 2875 3701; x_wconf 92' lang='lat' dir='ltr'><strong>quod</strong></span> <span class='ocrx_word' id='word_1_564' title='bbox 2922 3630 3219 3701; x_wconf 91' lang='lat' dir='ltr'><strong>improbos</strong></span> <span class='ocrx_word' id='word_1_565' title='bbox 3262 3628 3609 3699; x_wconf 86' lang='lat' dir='ltr'><strong>complecte-</strong></span> 
     </span>
    </p>
   </div>
   <div class='ocr_carea' id='block_1_82' title="bbox 1962 3717 3613 3788">
    <p class='ocr_par' dir='ltr' id='par_1_82' title="bbox 1962 3717 3613 3788">
     <span class='ocr_line' id='line_1_82' title="bbox 1962 3717 3613 3788; baseline -0.001 -17"><span class='ocrx_word' id='word_1_566' title='bbox 1962 3722 2140 3783; x_wconf 88' lang='lat' dir='ltr'><strong>retur,</strong></span> <span class='ocrx_word' id='word_1_567' title='bbox 2162 3722 2220 3772; x_wconf 89' lang='lat' dir='ltr'><strong>et</strong></span> <span class='ocrx_word' id='word_1_568' title='bbox 2249 3717 2482 3773; x_wconf 88' lang='lat' dir='ltr'><strong>virtutis</strong></span> <span class='ocrx_word' id='word_1_569' title='bbox 2513 3718 2845 3774; x_wconf 87' lang='lat' dir='ltr'><strong>laudatores</strong></span> <span class='ocrx_word' id='word_1_570' title='bbox 2876 3718 3246 3788; x_wconf 88' lang='lat' dir='ltr'><strong>cultoresque</strong></span> <span class='ocrx_word' id='word_1_571' title='bbox 3278 3722 3613 3771; x_wconf 88' lang='lat' dir='ltr'><strong>contemne-</strong></span> 
     </span>
    </p>
   </div>
   <div class='ocr_carea' id='block_1_83' title="bbox 1963 3804 3613 3879">
    <p class='ocr_par' dir='ltr' id='par_1_83' title="bbox 1963 3804 3613 3879">
     <span class='ocr_line' id='line_1_83' title="bbox 1963 3804 3613 3879; baseline -0.002 -19"><span class='ocrx_word' id='word_1_572' title='bbox 1963 3811 2066 3861; x_wconf 86' lang='lat' dir='ltr'><strong>ret.</strong></span> <span class='ocrx_word' id='word_1_573' title='bbox 2088 3805 2219 3860; x_wconf 75' lang='lat' dir='ltr'><strong>Haec</strong></span> <span class='ocrx_word' id='word_1_574' title='bbox 2249 3805 2345 3861; x_wconf 89' lang='lat' dir='ltr'><strong>ille</strong></span> <span class='ocrx_word' id='word_1_575' title='bbox 2376 3806 2756 3879; x_wconf 86' lang='lat' dir='ltr'><strong>perspiciens,</strong></span> <span class='ocrx_word' id='word_1_576' title='bbox 2785 3807 3057 3862; x_wconf 90' lang='lat' dir='ltr'><strong>omnibus</strong></span> <span class='ocrx_word' id='word_1_577' title='bbox 3088 3808 3210 3861; x_wconf 84' lang='lat' dir='ltr'><strong>fore</strong></span> <span class='ocrx_word' id='word_1_578' title='bbox 3243 3804 3613 3877; x_wconf 67' lang='lat' dir='ltr'><strong>praedicebat,</strong></span> 
     </span>
    </p>
   </div>
   <div class='ocr_carea' id='block_1_84' title="bbox 1964 3894 3616 3966">
    <p class='ocr_par' dir='ltr' id='par_1_84' title="bbox 1964 3894 3616 3966">
     <span class='ocr_line' id='line_1_84' title="bbox 1964 3894 3616 3966; baseline -0.002 -17"><span class='ocrx_word' id='word_1_579' title='bbox 1964 3897 2029 3949; x_wconf 89' lang='lat' dir='ltr'><strong>ut</strong></span> <span class='ocrx_word' id='word_1_580' title='bbox 2058 3894 2118 3948; x_wconf 93' lang='lat' dir='ltr'><strong>in</strong></span> <span class='ocrx_word' id='word_1_581' title='bbox 2142 3894 2561 3966; x_wconf 81' lang='lat' dir='ltr'><strong>gravissimum</strong></span> <span class='ocrx_word' id='word_1_582' title='bbox 2584 3895 2775 3952; x_wconf 89' lang='lat' dir='ltr'><strong>scelus</strong></span> <span class='ocrx_word' id='word_1_583' title='bbox 2805 3895 3042 3950; x_wconf 90' lang='lat' dir='ltr'><strong>tandem</strong></span> <span class='ocrx_word' id='word_1_584' title='bbox 3068 3900 3417 3965; x_wconf 84' lang='lat' dir='ltr'><strong>erumperet,</strong></span> <span class='ocrx_word' id='word_1_585' title='bbox 3444 3896 3616 3962; x_wconf 88' lang='lat' dir='ltr'><strong>atque</strong></span> 
     </span>
    </p>
   </div>
   <div class='ocr_carea' id='block_1_85' title="bbox 1962 3977 3617 4053">
    <p class='ocr_par' dir='ltr' id='par_1_85' title="bbox 1962 3977 3617 4053">
     <span class='ocr_line' id='line_1_85' title="bbox 1962 3977 3617 4053; baseline -0.003 -17"><span class='ocrx_word' id='word_1_586' title='bbox 1962 3982 2021 4036; x_wconf 91' lang='lat' dir='ltr'><strong>in</strong></span> <span class='ocrx_word' id='word_1_587' title='bbox 2055 3987 2321 4053; x_wconf 88' lang='lat' dir='ltr'><strong>apertum</strong></span> <span class='ocrx_word' id='word_1_588' title='bbox 2344 3982 2621 4053; x_wconf 88' lang='lat' dir='ltr'><strong>prodiret.</strong></span> <span class='ocrx_word' id='word_1_589' title='bbox 2648 3984 2806 4038; x_wconf 60' lang='lat' dir='ltr'><strong>Pura</strong></span> <span class='ocrx_word' id='word_1_590' title='bbox 2829 3981 2985 4037; x_wconf 87' lang='lat' dir='ltr'><strong>enim</strong></span> <span class='ocrx_word' id='word_1_591' title='bbox 3018 3986 3237 4037; x_wconf 65' lang='lat' dir='ltr'><strong>naturae</strong></span> <span class='ocrx_word' id='word_1_592' title='bbox 3263 3979 3413 4034; x_wconf 91' lang='lat' dir='ltr'><strong>mira</strong></span> <span class='ocrx_word' id='word_1_593' title='bbox 3433 3977 3617 4033; x_wconf 75' lang='lat' dir='ltr'><strong>futuri</strong></span> 
     </span>
    </p>
   </div>
   <div class='ocr_carea' id='block_1_86' title="bbox 1964 4067 3619 4142">
    <p class='ocr_par' dir='ltr' id='par_1_86' title="bbox 1964 4067 3619 4142">
     <span class='ocr_line' id='line_1_86' title="bbox 1964 4067 3619 4142; baseline -0.004 -15"><span class='ocrx_word' id='word_1_594' title='bbox 1964 4071 2312 4141; x_wconf 87' lang='lat' dir='ltr'><strong>conjiciendi</strong></span> <span class='ocrx_word' id='word_1_595' title='bbox 2357 4070 2633 4127; x_wconf 77' lang='lat' dir='ltr'><strong>facultate</strong></span> <span class='ocrx_word' id='word_1_596' title='bbox 2680 4071 2899 4139; x_wconf 90' lang='lat' dir='ltr'><strong>valent,</strong></span> <span class='ocrx_word' id='word_1_597' title='bbox 2933 4069 3269 4142; x_wconf 86' lang='lat' dir='ltr'><strong>ingeniique</strong></span> <span class='ocrx_word' id='word_1_598' title='bbox 3299 4067 3619 4139; x_wconf 87' lang='lat' dir='ltr'><strong>sagacitate</strong></span> 
     </span>
    </p>
   </div>
   <div class='ocr_carea' id='block_1_87' title="bbox 1965 4155 3615 4229">
    <p class='ocr_par' dir='ltr' id='par_1_87' title="bbox 1965 4155 3615 4229">
     <span class='ocr_line' id='line_1_87' title="bbox 1965 4155 3615 4229; baseline -0.004 -14"><span class='ocrx_word' id='word_1_599' title='bbox 1965 4165 2137 4229; x_wconf 90' lang='lat' dir='ltr'><strong>atque</strong></span> <span class='ocrx_word' id='word_1_600' title='bbox 2180 4158 2417 4215; x_wconf 88' lang='lat' dir='ltr'><strong>solertia</strong></span> <span class='ocrx_word' id='word_1_601' title='bbox 2446 4176 2515 4215; x_wconf 85' lang='lat' dir='ltr'><strong>ex</strong></span> <span class='ocrx_word' id='word_1_602' title='bbox 2543 4160 2809 4216; x_wconf 90' lang='lat' dir='ltr'><strong>obscuris</strong></span> <span class='ocrx_word' id='word_1_603' title='bbox 2858 4160 3034 4215; x_wconf 91' lang='lat' dir='ltr'><strong>etiam</strong></span> <span class='ocrx_word' id='word_1_604' title='bbox 3082 4158 3337 4225; x_wconf 88' lang='lat' dir='ltr'><strong>indiciis,</strong></span> <span class='ocrx_word' id='word_1_605' title='bbox 3366 4157 3423 4211; x_wconf 92' lang='lat' dir='ltr'><strong>id</strong></span> <span class='ocrx_word' id='word_1_606' title='bbox 3458 4155 3615 4228; x_wconf 92' lang='lat' dir='ltr'><strong>quod</strong></span> 
     </span>
    </p>
   </div>
   <div class='ocr_carea' id='block_1_88' title="bbox 1963 4245 3618 4321">
    <p class='ocr_par' dir='ltr' id='par_1_88' title="bbox 1963 4245 3618 4321">
     <span class='ocr_line' id='line_1_88' title="bbox 1963 4245 3618 4321; baseline -0.002 -17"><span class='ocrx_word' id='word_1_607' title='bbox 1963 4255 2310 4304; x_wconf 87' lang='lat' dir='ltr'><strong>eventurum</strong></span> <span class='ocrx_word' id='word_1_608' title='bbox 2360 4254 2468 4316; x_wconf 90' lang='lat' dir='ltr'><strong>est,</strong></span> <span class='ocrx_word' id='word_1_609' title='bbox 2501 4252 2837 4321; x_wconf 87' lang='lat' dir='ltr'><strong>conjectura</strong></span> <span class='ocrx_word' id='word_1_610' title='bbox 2880 4252 3294 4320; x_wconf 89' lang='lat' dir='ltr'><strong>assequuntur.</strong></span> <span class='ocrx_word' id='word_1_611' title='bbox 3324 4248 3403 4303; x_wconf 85' lang='lat' dir='ltr'><strong>Ac</strong></span> <span class='ocrx_word' id='word_1_612' title='bbox 3443 4245 3618 4301; x_wconf 88' lang='lat' dir='ltr'><strong>scele-</strong></span> 
     </span>
    </p>
   </div>
   <div class='ocr_carea' id='block_1_89' title="bbox 214 4333 3613 4413">
    <p class='ocr_par' dir='ltr' id='par_1_89' title="bbox 214 4333 3613 4413">
     <span class='ocr_line' id='line_1_89' title="bbox 214 4333 3613 4413; baseline -0.001 -20"><span class='ocrx_word' id='word_1_613' title='bbox 214 4344 355 4396; x_wconf 85' lang='lat' dir='ltr'><strong>ratus</strong></span> <span class='ocrx_word' id='word_1_614' title='bbox 384 4342 628 4413; x_wconf 88' lang='lat' dir='ltr'><strong>quidem</strong></span> <span class='ocrx_word' id='word_1_615' title='bbox 691 4338 788 4394; x_wconf 89' lang='lat' dir='ltr'><strong>ille</strong></span> <span class='ocrx_word' id='word_1_616' title='bbox 845 4337 1243 4409; x_wconf 88' lang='lat' dir='ltr'><strong>deprehensus</strong></span> <span class='ocrx_word' id='word_1_617' title='bbox 1290 4340 1398 4407; x_wconf 90' lang='lat' dir='ltr'><strong>est,</strong></span> <span class='ocrx_word' id='word_1_618' title='bbox 1433 4337 1764 4407; x_wconf 84' lang='lat' dir='ltr'><strong>frustraque</strong></span> <span class='ocrx_word' id='word_1_619' title='bbox 1795 4336 1996 4408; x_wconf 92' lang='lat' dir='ltr'><strong>inique</strong></span> <span class='ocrx_word' id='word_1_620' title='bbox 2045 4355 2110 4394; x_wconf 95' lang='lat' dir='ltr'><strong>ac</strong></span> <span class='ocrx_word' id='word_1_621' title='bbox 2160 4338 2436 4395; x_wconf 85' lang='lat' dir='ltr'><strong>scelerate</strong></span> <span class='ocrx_word' id='word_1_622' title='bbox 2466 4356 2529 4395; x_wconf 90' lang='lat' dir='ltr'><strong>se</strong></span> <span class='ocrx_word' id='word_1_623' title='bbox 2570 4341 2775 4412; x_wconf 88' lang='lat' dir='ltr'><strong>gessit,</strong></span> <span class='ocrx_word' id='word_1_624' title='bbox 2809 4338 3075 4411; x_wconf 90' lang='lat' dir='ltr'><strong>nihilque</strong></span> <span class='ocrx_word' id='word_1_625' title='bbox 3133 4336 3292 4393; x_wconf 91' lang='lat' dir='ltr'><strong>aliud</strong></span> <span class='ocrx_word' id='word_1_626' title='bbox 3349 4333 3613 4408; x_wconf 87' lang='lat' dir='ltr'><strong>profecit,</strong></span> 
     </span>
    </p>
   </div>
   <div class='ocr_carea' id='block_1_90' title="bbox 225 4425 1854 4502">
    <p class='ocr_par' dir='ltr' id='par_1_90' title="bbox 225 4425 1854 4502">
     <span class='ocr_line' id='line_1_90' title="bbox 225 4425 1854 4502; baseline 0 -21"><span class='ocrx_word' id='word_1_627' title='bbox 225 4441 387 4496; x_wconf 86' lang='lat' dir='ltr'><strong>quam</strong></span> <span class='ocrx_word' id='word_1_628' title='bbox 418 4434 483 4485; x_wconf 86' lang='lat' dir='ltr'><strong>ut</strong></span> <span class='ocrx_word' id='word_1_629' title='bbox 517 4443 831 4502; x_wconf 62' lang='lat' dir='ltr'><strong>poenarum</strong></span> <span class='ocrx_word' id='word_1_630' title='bbox 861 4426 1169 4483; x_wconf 90' lang='lat' dir='ltr'><strong>materiam</strong></span> <span class='ocrx_word' id='word_1_631' title='bbox 1201 4425 1313 4481; x_wconf 89' lang='lat' dir='ltr'><strong>sibi</strong></span> <span class='ocrx_word' id='word_1_632' title='bbox 1344 4425 1469 4498; x_wconf 92' lang='lat' dir='ltr'><strong>ipse</strong></span> <span class='ocrx_word' id='word_1_633' title='bbox 1498 4429 1854 4497; x_wconf 90' lang='lat' dir='ltr'><strong>congereret.</strong></span> 
     </span>
    </p>
   </div>
   <div class='ocr_carea' id='block_1_91' title="bbox 273 4530 1846 4612">
    <p class='ocr_par' dir='ltr' id='par_1_91' title="bbox 273 4530 1843 4612">
     <span class='ocr_line' id='line_1_91' title="bbox 273 4530 1843 4612; baseline -0.002 -24"><span class='ocrx_word' id='word_1_634' title='bbox 273 4533 571 4612; x_wconf 81' lang='grc' dir='ltr'>Γρηγόριος</span> <span class='ocrx_word' id='word_1_635' title='bbox 607 4531 667 4589; x_wconf 80' lang='grc' dir='ltr'>δὶ</span> <span class='ocrx_word' id='word_1_636' title='bbox 697 4535 812 4608; x_wconf 89' lang='grc' dir='ltr'>μετ’</span> <span class='ocrx_word' id='word_1_637' title='bbox 842 4532 904 4587; x_wconf 81' lang='grc' dir='ltr'><strong>οὐ</strong></span> <span class='ocrx_word' id='word_1_638' title='bbox 952 4530 1122 4587; x_wconf 74' lang='grc' dir='ltr'>πολὺν</span> <span class='ocrx_word' id='word_1_639' title='bbox 1177 4530 1377 4609; x_wconf 86' lang='grc' dir='ltr'>χρόνον</span> <span class='ocrx_word' id='word_1_640' title='bbox 1423 4530 1643 4609; x_wconf 78' lang='grc' dir='ltr'>στίφους</span> <span class='ocrx_word' id='word_1_641' title='bbox 1674 4530 1843 4607; x_wconf 84' lang='grc' dir='ltr'>αἱρετι</span> 
     </span>
    </p>
   </div>
   <div class='ocr_carea' id='block_1_92' title="bbox 1964 4530 3628 4612">
    <p class='ocr_par' dir='ltr' id='par_1_92' title="bbox 1964 4530 3628 4608">
     <span class='ocr_line' id='line_1_92' title="bbox 1964 4530 3628 4608; baseline -0.006 -13"><span class='ocrx_word' id='word_1_642' title='bbox 1964 4537 2267 4608; x_wconf 82' lang='lat' dir='ltr'><strong>Gregorius</strong></span> <span class='ocrx_word' id='word_1_643' title='bbox 2303 4540 2497 4594; x_wconf 88' lang='lat' dir='ltr'><strong>autem</strong></span> <span class='ocrx_word' id='word_1_644' title='bbox 2522 4536 2680 4592; x_wconf 88' lang='lat' dir='ltr'><strong>haud</strong></span> <span class='ocrx_word' id='word_1_645' title='bbox 2730 4533 2915 4591; x_wconf 91' lang='lat' dir='ltr'><strong>multo</strong></span> <span class='ocrx_word' id='word_1_646' title='bbox 2945 4536 3079 4608; x_wconf 92' lang='lat' dir='ltr'><strong>post</strong></span> <span class='ocrx_word' id='word_1_647' title='bbox 3131 4536 3393 4605; x_wconf 88' lang='lat' dir='ltr'><strong>tempore</strong></span> <span class='ocrx_word' id='word_1_648' title='bbox 3448 4530 3628 4587; x_wconf 77' lang='lat' dir='ltr'><strong>haere-</strong></span> 
     </span>
    </p>
   </div>
   <div class='ocr_carea' id='block_1_93' title="bbox 278 4832 1862 4911">
    <p class='ocr_par' dir='ltr' id='par_1_93' title="bbox 278 4832 1862 4911">
     <span class='ocr_line' id='line_1_93' title="bbox 278 4832 1862 4911; baseline -0.003 -20"><span class='ocrx_word' id='word_1_649' title='bbox 278 4837 385 4911; x_wconf 44' lang='lat'><strong>(1‘7)</strong></span> <span class='ocrx_word' id='word_1_650' title='bbox 414 4838 603 4894; x_wconf 81' lang='lat' dir='ltr'><strong>Codd.</strong></span> <span class='ocrx_word' id='word_1_651' title='bbox 636 4836 797 4911; x_wconf 89' lang='lat' dir='ltr'><strong>Colb.</strong></span> <span class='ocrx_word' id='word_1_652' title='bbox 827 4837 885 4911; x_wconf 68' lang='grc'>2,</span> <span class='ocrx_word' id='word_1_653' title='bbox 916 4841 975 4894; x_wconf 91' lang='lat' dir='ltr'><strong>et</strong></span> <span class='ocrx_word' id='word_1_654' title='bbox 1000 4836 1413 4911; x_wconf 45' lang='grc' dir='ltr'>ΟνεξΠρωΐκοῖς</span> <span class='ocrx_word' id='word_1_655' title='bbox 1440 4832 1657 4909; x_wconf 89' lang='grc' dir='ltr'>μέτροις</span> <span class='ocrx_word' id='word_1_656' title='bbox 1687 4854 1745 4888; x_wconf 89' lang='grc' dir='ltr'><strong>τε</strong></span> <span class='ocrx_word' id='word_1_657' title='bbox 1772 4832 1862 4888; x_wconf 77' lang='grc' dir='ltr'><strong>καὶ</strong></span> 
     </span>
    </p>
   </div>
   <div class='ocr_carea' id='block_1_94' title="bbox 220 4901 1366 4982">
    <p class='ocr_par' dir='ltr' id='par_1_94' title="bbox 220 4901 1366 4982">
     <span class='ocr_line' id='line_1_94' title="bbox 220 4901 1366 4982; baseline 0.004 -24"><span class='ocrx_word' id='word_1_658' title='bbox 220 4901 510 4982; x_wconf 73' lang='grc' dir='ltr'>ἰαμϐικοῖς’</span> <span class='ocrx_word' id='word_1_659' title='bbox 541 4912 709 4965; x_wconf 84' lang='lat' dir='ltr'><strong>deest</strong></span> <span class='ocrx_word' id='word_1_660' title='bbox 738 4910 806 4982; x_wconf 32' lang='lat' dir='ltr'><strong>in‘</strong></span> <span class='ocrx_word' id='word_1_661' title='bbox 954 4908 1044 4982; x_wconf 79' lang='grc' dir='ltr'><strong>καὶ</strong></span> <span class='ocrx_word' id='word_1_662' title='bbox 1077 4901 1366 4982; x_wconf 72' lang='grc' dir='ltr'>ἐλεγείοις.</span> 
     </span>
    </p>
   </div>
   <div class='ocr_carea' id='block_1_95' title="bbox 278 4973 1741 5053">
    <p class='ocr_par' dir='ltr' id='par_1_95' title="bbox 278 4973 1741 5053">
     <span class='ocr_line' id='line_1_95' title="bbox 278 4973 1741 5053; baseline -0.001 -19"><span class='ocrx_word' id='word_1_663' title='bbox 278 4980 385 5053; x_wconf 88' lang='grc'>(18)</span> <span class='ocrx_word' id='word_1_664' title='bbox 411 4982 557 5036; x_wconf 81' lang='lat' dir='ltr'><strong>Cod.</strong></span> <span class='ocrx_word' id='word_1_665' title='bbox 595 4982 691 5053; x_wconf 65' lang='lat' dir='ltr'><strong>Gr.</strong></span> <span class='ocrx_word' id='word_1_666' title='bbox 714 4976 939 5053; x_wconf 15' lang='grc' dir='ltr'>νείδὸας.</span> <span class='ocrx_word' id='word_1_667' title='bbox 966 4981 1098 5037; x_wconf 84' lang='lat' dir='ltr'><strong>Mox</strong></span> <span class='ocrx_word' id='word_1_668' title='bbox 1126 4973 1285 5037; x_wconf 72' lang='lat' dir='ltr'><strong>Cdlb.</strong></span> <span class='ocrx_word' id='word_1_669' title='bbox 1318 4980 1374 5048; x_wconf 89' lang='lat'><strong>2,</strong></span> <span class='ocrx_word' id='word_1_670' title='bbox 1411 4975 1607 5053; x_wconf 83' lang='grc' dir='ltr'>ὀλίγου</span> <span class='ocrx_word' id='word_1_671' title='bbox 1639 4973 1741 5032; x_wconf 89' lang='grc' dir='ltr'>δεῖ.</span> 
     </span>
    </p>
   </div>
   <div class='ocr_carea' id='block_1_96' title="bbox 279 5051 1024 5121">
    <p class='ocr_par' dir='ltr' id='par_1_96' title="bbox 279 5051 1024 5121">
     <span class='ocr_line' id='line_1_96' title="bbox 279 5051 1024 5121; baseline 0.001 -15"><span class='ocrx_word' id='word_1_672' title='bbox 279 5052 393 5121; x_wconf 83' lang='grc'>(19)</span> <span class='ocrx_word' id='word_1_673' title='bbox 423 5053 568 5108; x_wconf 90' lang='lat' dir='ltr'><strong>Cod.</strong></span> <span class='ocrx_word' id='word_1_674' title='bbox 610 5052 668 5107; x_wconf 89' lang='lat' dir='ltr'><strong>P.</strong></span> <span class='ocrx_word' id='word_1_675' title='bbox 702 5051 1024 5112; x_wconf 87' lang='grc' dir='ltr'>θεοσεοείας.</span> 
     </span>
    </p>
   </div>
   <div class='ocr_carea' id='block_1_97' title="bbox 298 5119 1711 5195">
    <p class='ocr_par' dir='ltr' id='par_1_97' title="bbox 298 5119 1711 5195">
     <span class='ocr_line' id='line_1_97' title="bbox 298 5119 1711 5195; baseline -0.001 -18"><span class='ocrx_word' id='word_1_676' title='bbox 298 5119 384 5188; x_wconf 72' lang='grc'>20)</span> <span class='ocrx_word' id='word_1_677' title='bbox 414 5122 694 5195; x_wconf 42' lang='grc' dir='ltr'>ΟοᾴάηΡ.</span> <span class='ocrx_word' id='word_1_678' title='bbox 727 5124 888 5195; x_wconf 84' lang='lat' dir='ltr'><strong>Colb.</strong></span> <span class='ocrx_word' id='word_1_679' title='bbox 922 5126 974 5192; x_wconf 84' lang='lat'><strong>1,</strong></span> <span class='ocrx_word' id='word_1_680' title='bbox 1004 5124 1058 5193; x_wconf 90' lang='grc'>2,</span> <span class='ocrx_word' id='word_1_681' title='bbox 1094 5126 1152 5179; x_wconf 90' lang='lat' dir='ltr'><strong>et</strong></span> <span class='ocrx_word' id='word_1_682' title='bbox 1179 5122 1275 5179; x_wconf 90' lang='lat' dir='ltr'><strong>Or.</strong></span> <span class='ocrx_word' id='word_1_683' title='bbox 1308 5120 1345 5189; x_wconf 74' lang='grc' dir='ltr'><strong>ἢ</strong></span> <span class='ocrx_word' id='word_1_684' title='bbox 1374 5119 1711 5195; x_wconf 82' lang='grc' dir='ltr'>προσευχήν.</span> 
     </span>
    </p>
   </div>
   <div class='ocr_carea' id='block_1_98' title="bbox 299 5193 833 5262">
    <p class='ocr_par' dir='ltr' id='par_1_98' title="bbox 299 5193 833 5262">
     <span class='ocr_line' id='line_1_98' title="bbox 299 5193 833 5262; baseline 0.006 -14"><span class='ocrx_word' id='word_1_685' title='bbox 299 5196 387 5262; x_wconf 88' lang='grc'><strong>21)</strong></span> <span class='ocrx_word' id='word_1_686' title='bbox 416 5194 565 5250; x_wconf 90' lang='lat' dir='ltr'><strong>Cod.</strong></span> <span class='ocrx_word' id='word_1_687' title='bbox 604 5194 659 5250; x_wconf 91' lang='lat' dir='ltr'><strong>P.</strong></span> <span class='ocrx_word' id='word_1_688' title='bbox 696 5193 833 5251; x_wconf 85' lang='grc' dir='ltr'>τινά.</span> 
     </span>
    </p>
   </div>
   <div class='ocr_carea' id='block_1_99' title="bbox 280 5263 1153 5337">
    <p class='ocr_par' dir='ltr' id='par_1_99' title="bbox 280 5263 1153 5337">
     <span class='ocr_line' id='line_1_99' title="bbox 280 5263 1153 5337; baseline 0.001 -17"><span class='ocrx_word' id='word_1_689' title='bbox 280 5263 390 5334; x_wconf 81' lang='grc'>(22)</span> <span class='ocrx_word' id='word_1_690' title='bbox 420 5266 569 5322; x_wconf 87' lang='lat' dir='ltr'><strong>Cod.</strong></span> <span class='ocrx_word' id='word_1_691' title='bbox 608 5265 664 5320; x_wconf 90' lang='lat' dir='ltr'><strong>P.</strong></span> <span class='ocrx_word' id='word_1_692' title='bbox 698 5263 1153 5337; x_wconf 83' lang='grc' dir='ltr'>ἀναστησάμενος.</span> 
     </span>
    </p>
   </div>
   <div class='ocr_carea' id='block_1_100' title="bbox 280 5334 1872 5461">
    <p class='ocr_par' dir='ltr' id='par_1_100' title="bbox 280 5334 1872 5461">
     <span class='ocr_line' id='line_1_100' title="bbox 280 5334 1872 5461; baseline -0.002 -68"><span class='ocrx_word' id='word_1_693' title='bbox 280 5338 391 5461; x_wconf 51' lang='lat' dir='ltr'><strong>(23g</strong></span> <span class='ocrx_word' id='word_1_694' title='bbox 413 5337 603 5425; x_wconf 70' lang='lat' dir='ltr'><strong>Codd.</strong></span> <span class='ocrx_word' id='word_1_695' title='bbox 638 5337 731 5393; x_wconf 88' lang='lat' dir='ltr'><strong>0r.</strong></span> <span class='ocrx_word' id='word_1_696' title='bbox 765 5343 823 5394; x_wconf 89' lang='lat' dir='ltr'><strong>et</strong></span> <span class='ocrx_word' id='word_1_697' title='bbox 868 5334 929 5394; x_wconf 90' lang='lat' dir='ltr'><strong>P.</strong></span> <span class='ocrx_word' id='word_1_698' title='bbox 973 5334 1086 5393; x_wconf 84' lang='lat' dir='ltr'><strong>nec</strong></span> <span class='ocrx_word' id='word_1_699' title='bbox 1136 5352 1255 5393; x_wconf 93' lang='lat' dir='ltr'><strong>non</strong></span> <span class='ocrx_word' id='word_1_700' title='bbox 1302 5334 1533 5407; x_wconf 88' lang='lat' dir='ltr'><strong>antiqui</strong></span> <span class='ocrx_word' id='word_1_701' title='bbox 1584 5334 1723 5391; x_wconf 91' lang='lat' dir='ltr'><strong>edit.</strong></span> <span class='ocrx_word' id='word_1_702' title='bbox 1773 5350 1872 5390; x_wconf 91' lang='lat' dir='ltr'><strong>vo-</strong></span> 
     </span>
     <span class='ocr_line' id='line_1_101' title="bbox 280 5409 683 5461; baseline 0 0"><span class='ocrx_word' id='word_1_703' title='bbox 280 5415 330 5461; x_wconf 82' lang='lat' dir='ltr'><strong>ut</strong></span> <span class='ocrx_word' id='word_1_704' title='bbox 396 5409 683 5461; x_wconf 72' lang='grc' dir='ltr'>ειγθηναι.</span> 
     </span>
    </p>
   </div>
   <div class='ocr_carea' id='block_1_101' title="bbox 222 5409 683 5477">
    <p class='ocr_par' dir='ltr' id='par_1_101' title="bbox 222 5409 683 5477">
     <span class='ocr_line' id='line_1_102' title="bbox 222 5409 683 5477; baseline 0.011 -18"><span class='ocrx_word' id='word_1_705' title='bbox 222 5415 330 5462; x_wconf 81' lang='lat' dir='ltr'><strong>.unt</strong></span> <span class='ocrx_word' id='word_1_706' title='bbox 364 5409 683 5477; x_wconf 82' lang='grc' dir='ltr'>δειχθῆναι.</span> 
     </span>
    </p>
   </div>
   <div class='ocr_carea' id='block_1_102' title="bbox 279 5472 1560 5555">
    <p class='ocr_par' dir='ltr' id='par_1_102' title="bbox 279 5472 1560 5555">
     <span class='ocr_line' id='line_1_103' title="bbox 279 5472 1560 5555; baseline -0.003 -18"><span class='ocrx_word' id='word_1_707' title='bbox 415 5472 564 5555; x_wconf 53' lang='lat' dir='ltr'><strong>cdd:</strong></span> <span class='ocrx_word' id='word_1_708' title='bbox 698 5480 760 5555; x_wconf 56' lang='lat' dir='ltr'><strong>in</strong></span> <span class='ocrx_word' id='word_1_709' title='bbox 794 5485 913 5537; x_wconf 90' lang='lat' dir='ltr'><strong>not.</strong></span> <span class='ocrx_word' id='word_1_710' title='bbox 949 5495 1133 5555; x_wconf 60' lang='lat' dir='ltr'><strong>marg,</strong></span> <span class='ocrx_word' id='word_1_711' title='bbox 1168 5478 1560 5555; x_wconf 77' lang='grc' dir='ltr'>φθονήσαντος.</span> 
     </span>
    </p>
   </div>
   <div class='ocr_carea' id='block_1_103' title="bbox 300 5549 1385 5626">
    <p class='ocr_par' dir='ltr' id='par_1_103' title="bbox 300 5549 1385 5626">
     <span class='ocr_line' id='line_1_104' title="bbox 300 5549 1385 5626; baseline -0.002 -19"><span class='ocrx_word' id='word_1_712' title='bbox 419 5551 681 5626; x_wconf 65' lang='lat' dir='ltr'><strong>Oolb._i,</strong></span> <span class='ocrx_word' id='word_1_713' title='bbox 705 5552 946 5626; x_wconf 67' lang='grc' dir='ltr'><strong>⁸Τοιοῦτο</strong></span> <span class='ocrx_word' id='word_1_714' title='bbox 974 5549 1139 5626; x_wconf 30' lang='grc' dir='ltr'><strong>γὰρήὸ</strong></span> <span class='ocrx_word' id='word_1_715' title='bbox 1170 5549 1385 5626; x_wconf 51' lang='grc' dir='ltr'>φθονος.</span> 
     </span>
    </p>
   </div>
   <div class='ocr_carea' id='block_1_104' title="bbox 283 5554 1428 5706">
    <p class='ocr_par' dir='ltr' id='par_1_104' title="bbox 283 5554 1428 5706">
     <span class='ocr_line' id='line_1_105' title="bbox 300 5554 1385 5682; baseline 0 -77"><span class='ocrx_word' id='word_1_716' title='bbox 300 5554 368 5605; x_wconf 81' lang='grc'><strong>25</strong></span> <span class='ocrx_word' id='word_1_717' title='bbox 419 5554 591 5608; x_wconf 87' lang='lat' dir='ltr'><strong>Colb.</strong></span> <span class='ocrx_word' id='word_1_718' title='bbox 630 5554 681 5616; x_wconf 92' lang='grc'>1,</span> <span class='ocrx_word' id='word_1_719' title='bbox 703 5554 946 5636; x_wconf 44' lang='grc' dir='ltr'>’Τοιοῦτο</span> <span class='ocrx_word' id='word_1_720' title='bbox 974 5554 1078 5626; x_wconf 82' lang='grc' dir='ltr'>γὰρ</span> <span class='ocrx_word' id='word_1_721' title='bbox 1111 5554 1139 5604; x_wconf 85' lang='grc' dir='ltr'>ὁ</span> <span class='ocrx_word' id='word_1_722' title='bbox 1170 5554 1385 5682; x_wconf 58' lang='grc' dir='ltr'>Ξθόνος.</span> 
     </span>
     <span class='ocr_line' id='line_1_106' title="bbox 283 5554 1428 5706; baseline -0.001 -24"><span class='ocrx_word' id='word_1_723' title='bbox 283 5554 390 5706; x_wconf 74' lang='grc'>(26)</span> <span class='ocrx_word' id='word_1_724' title='bbox 419 5622 569 5684; x_wconf 86' lang='lat' dir='ltr'><strong>Cod.</strong></span> <span class='ocrx_word' id='word_1_725' title='bbox 606 5621 665 5680; x_wconf 88' lang='lat' dir='ltr'><strong>P.</strong></span> <span class='ocrx_word' id='word_1_726' title='bbox 701 5640 763 5682; x_wconf 80' lang='lat' dir='ltr'><strong>in</strong></span> <span class='ocrx_word' id='word_1_727' title='bbox 792 5628 914 5684; x_wconf 90' lang='lat' dir='ltr'><strong>not.</strong></span> <span class='ocrx_word' id='word_1_728' title='bbox 950 5638 1137 5698; x_wconf 81' lang='lat' dir='ltr'><strong>marg.</strong></span> <span class='ocrx_word' id='word_1_729' title='bbox 1197 5614 1428 5702; x_wconf 73' lang='grc' dir='ltr'>ϐλαψεν.</span> 
     </span>
    </p>
   </div>
   <div class='ocr_carea' id='block_1_105' title="bbox 551 5751 1265 5817">
    <p class='ocr_par' dir='ltr' id='par_1_105' title="bbox 551 5751 1265 5817">
     <span class='ocr_line' id='line_1_107' title="bbox 551 5751 1265 5817; baseline 0.008 -9"><span class='ocrx_word' id='word_1_730' title='bbox 551 5751 794 5814; x_wconf 58' lang='lat' dir='ltr'><strong>Parnm.</strong></span> <span class='ocrx_word' id='word_1_731' title='bbox 864 5753 952 5815; x_wconf 80' lang='lat' dir='ltr'><strong>GR</strong></span> <span class='ocrx_word' id='word_1_732' title='bbox 1022 5751 1265 5817; x_wconf 85' lang='lat' dir='ltr'><strong>XXXV.</strong></span> 
     </span>
    </p>
   </div>
   <div class='ocr_carea' id='block_1_106' title="bbox 2014 4819 3629 4919">
    <p class='ocr_par' dir='ltr' id='par_1_106' title="bbox 2014 4819 3629 4919">
     <span class='ocr_line' id='line_1_108' title="bbox 2014 4819 3629 4919; baseline -0.009 -32"><span class='ocrx_word' id='word_1_733' title='bbox 2014 4831 2157 4919; x_wconf 83' lang='lat'><strong>~(27)</strong></span> <span class='ocrx_word' id='word_1_734' title='bbox 2190 4830 2275 4886; x_wconf 89' lang='lat' dir='ltr'><strong>Ita</strong></span> <span class='ocrx_word' id='word_1_735' title='bbox 2322 4826 2489 4883; x_wconf 92' lang='lat' dir='ltr'><strong>codd.</strong></span> <span class='ocrx_word' id='word_1_736' title='bbox 2525 4825 2584 4881; x_wconf 87' lang='lat' dir='ltr'><strong>P.</strong></span> <span class='ocrx_word' id='word_1_737' title='bbox 2617 4822 2777 4881; x_wconf 86' lang='lat' dir='ltr'><strong>Colb.</strong></span> <span class='ocrx_word' id='word_1_738' title='bbox 2808 4823 2863 4892; x_wconf 88' lang='lat'><strong>2,</strong></span> <span class='ocrx_word' id='word_1_739' title='bbox 2915 4826 2972 4878; x_wconf 89' lang='lat' dir='ltr'><strong>et</strong></span> <span class='ocrx_word' id='word_1_740' title='bbox 3014 4822 3110 4879; x_wconf 90' lang='lat' dir='ltr'><strong>Or.</strong></span> <span class='ocrx_word' id='word_1_741' title='bbox 3145 4822 3206 4876; x_wconf 91' lang='lat' dir='ltr'><strong>In</strong></span> <span class='ocrx_word' id='word_1_742' title='bbox 3257 4819 3421 4889; x_wconf 88' lang='lat' dir='ltr'><strong>edit.,</strong></span> <span class='ocrx_word' id='word_1_743' title='bbox 3464 4838 3629 4892; x_wconf 86' lang='grc' dir='ltr'>κομι-</span> 
     </span>
    </p>
   </div>
   <div class='ocr_carea' id='block_1_107' title="bbox 2008 4924 2074 4955">
    <p class='ocr_par' dir='ltr' id='par_1_107' title="bbox 2008 4924 2074 4955">
     <span class='ocr_line' id='line_1_109' title="bbox 2008 4924 2074 4955; baseline -0.045 0"><span class='ocrx_word' id='word_1_744' title='bbox 2008 4924 2074 4955; x_wconf 70' lang='grc' dir='ltr'><strong>ἠν</strong></span> 
     </span>
    </p>
   </div>
   <div class='ocr_carea' id='block_1_108' title="bbox 2033 4944 2723 5044">
    <p class='ocr_par' dir='ltr' id='par_1_108' title="bbox 2033 4944 2723 5044">
     <span class='ocr_line' id='line_1_110' title="bbox 2033 4944 2723 5044; baseline -0.01 -16"><span class='ocrx_word' id='word_1_745' title='bbox 2033 4944 2160 5044; x_wconf 72' lang='grc'><strong>⁸(23)</strong></span> <span class='ocrx_word' id='word_1_746' title='bbox 2192 4971 2328 5044; x_wconf 72' lang='lat' dir='ltr'><strong>God.</strong></span> <span class='ocrx_word' id='word_1_747' title='bbox 2361 4969 2456 5025; x_wconf 90' lang='lat' dir='ltr'><strong>Or.</strong></span> <span class='ocrx_word' id='word_1_748' title='bbox 2489 4962 2723 5044; x_wconf 69' lang='grc' dir='ltr'>ἀσθενές.</span> 
     </span>
    </p>
   </div>
   <div class='ocr_carea' id='block_1_109' title="bbox 2048 5035 3628 5115">
    <p class='ocr_par' dir='ltr' id='par_1_109' title="bbox 2048 5035 3628 5115">
     <span class='ocr_line' id='line_1_111' title="bbox 2048 5035 3628 5115; baseline -0.006 -16"><span class='ocrx_word' id='word_1_749' title='bbox 2048 5035 2160 5115; x_wconf 72' lang='grc'>(29)</span> <span class='ocrx_word' id='word_1_750' title='bbox 2192 5042 2303 5115; x_wconf 75' lang='grc' dir='ltr'><strong>Μὲν</strong></span> <span class='ocrx_word' id='word_1_751' title='bbox 2340 5045 2463 5096; x_wconf 88' lang='lat' dir='ltr'><strong>erat</strong></span> <span class='ocrx_word' id='word_1_752' title='bbox 2492 5041 2551 5115; x_wconf 77' lang='lat' dir='ltr'><strong>in</strong></span> <span class='ocrx_word' id='word_1_753' title='bbox 2585 5038 2723 5115; x_wconf 62' lang='lat' dir='ltr'><strong>edit.</strong></span> <span class='ocrx_word' id='word_1_754' title='bbox 2758 5037 2881 5115; x_wconf 81' lang='lat' dir='ltr'><strong>sed</strong></span> <span class='ocrx_word' id='word_1_755' title='bbox 2904 5035 3056 5092; x_wconf 84' lang='lat' dir='ltr'><strong>delet</strong></span> <span class='ocrx_word' id='word_1_756' title='bbox 3088 5035 3340 5115; x_wconf 68' lang='lat' dir='ltr'><strong>Montae.</strong></span> <span class='ocrx_word' id='word_1_757' title='bbox 3375 5050 3479 5090; x_wconf 89' lang='lat' dir='ltr'><strong>nec</strong></span> <span class='ocrx_word' id='word_1_758' title='bbox 3510 5050 3628 5115; x_wconf 77' lang='lat' dir='ltr'><strong>non</strong></span> 
     </span>
    </p>
   </div>
   <div class='ocr_carea' id='block_1_110' title="bbox 1978 5104 3630 5179">
    <p class='ocr_par' dir='ltr' id='par_1_110' title="bbox 1978 5104 3630 5179">
     <span class='ocr_line' id='line_1_112' title="bbox 1978 5104 3630 5179; baseline -0.009 -7"><span class='ocrx_word' id='word_1_759' title='bbox 1978 5104 2212 5172; x_wconf 48' lang='lat' dir='ltr'><strong>et‘co&#39;d.</strong></span> <span class='ocrx_word' id='word_1_760' title='bbox 2257 5113 2353 5170; x_wconf 90' lang='lat' dir='ltr'><strong>Or.</strong></span> <span class='ocrx_word' id='word_1_761' title='bbox 2406 5110 2534 5168; x_wconf 91' lang='lat' dir='ltr'><strong>cod.</strong></span> <span class='ocrx_word' id='word_1_762' title='bbox 2584 5110 2645 5165; x_wconf 92' lang='lat' dir='ltr'><strong>P.</strong></span> <span class='ocrx_word' id='word_1_763' title='bbox 2682 5110 2739 5163; x_wconf 92' lang='lat' dir='ltr'><strong>in</strong></span> <span class='ocrx_word' id='word_1_764' title='bbox 2790 5111 2910 5164; x_wconf 89' lang='lat' dir='ltr'><strong>not.</strong></span> <span class='ocrx_word' id='word_1_765' title='bbox 2946 5123 3129 5179; x_wconf 87' lang='lat' dir='ltr'><strong>marg.</strong></span> <span class='ocrx_word' id='word_1_766' title='bbox 3162 5110 3384 5179; x_wconf 83' lang='grc' dir='ltr'>σημεῖα,</span> <span class='ocrx_word' id='word_1_767' title='bbox 3431 5104 3630 5179; x_wconf 79' lang='grc' dir='ltr'>στοχά-</span> 
     </span>
    </p>
   </div>
   <div class='ocr_carea' id='block_1_111' title="bbox 1982 5206 2179 5241">
    <p class='ocr_par' dir='ltr' id='par_1_111' title="bbox 1982 5206 2179 5241">
     <span class='ocr_line' id='line_1_113' title="bbox 1982 5206 2179 5241; baseline 0 0"><span class='ocrx_word' id='word_1_768' title='bbox 1982 5206 2179 5241; x_wconf 70' lang='grc' dir='ltr'>σματα.</span> 
     </span>
    </p>
   </div>
   <div class='ocr_carea' id='block_1_112' title="bbox 2018 5209 3198 5323">
    <p class='ocr_par' dir='ltr' id='par_1_112' title="bbox 2018 5209 3198 5323">
     <span class='ocr_line' id='line_1_114' title="bbox 2018 5209 3198 5323; baseline -0.008 -8"><span class='ocrx_word' id='word_1_769' title='bbox 2018 5209 2332 5323; x_wconf 38' lang='lat' dir='ltr'><strong>“(ﬁdem</strong></span> <span class='ocrx_word' id='word_1_770' title='bbox 2368 5254 2429 5309; x_wconf 91' lang='grc' dir='ltr'><strong>Ρ.</strong></span> <span class='ocrx_word' id='word_1_771' title='bbox 2465 5253 2523 5307; x_wconf 92' lang='lat' dir='ltr'><strong>in</strong></span> <span class='ocrx_word' id='word_1_772' title='bbox 2557 5257 2676 5308; x_wconf 92' lang='lat' dir='ltr'><strong>not.</strong></span> <span class='ocrx_word' id='word_1_773' title='bbox 2712 5266 2896 5323; x_wconf 90' lang='lat' dir='ltr'><strong>marg.</strong></span> <span class='ocrx_word' id='word_1_774' title='bbox 2919 5247 3198 5320; x_wconf 82' lang='grc' dir='ltr'>πηδῶντα.</span> 
     </span>
    </p>
   </div>
   <div class='ocr_carea' id='block_1_113' title="bbox 2052 5260 3634 5410">
    <p class='ocr_par' dir='ltr' id='par_1_113' title="bbox 2052 5260 3634 5410">
     <span class='ocr_line' id='line_1_115' title="bbox 2074 5260 3198 5323; baseline -0.008 -9"><span class='ocrx_word' id='word_1_775' title='bbox 2074 5260 2165 5323; x_wconf 87' lang='grc'>30)</span> <span class='ocrx_word' id='word_1_776' title='bbox 2195 5260 2332 5312; x_wconf 91' lang='lat' dir='ltr'><strong>Cod.</strong></span> <span class='ocrx_word' id='word_1_777' title='bbox 2368 5260 2429 5309; x_wconf 92' lang='lat' dir='ltr'><strong>P.</strong></span> <span class='ocrx_word' id='word_1_778' title='bbox 2465 5260 2523 5307; x_wconf 89' lang='lat' dir='ltr'><strong>in</strong></span> <span class='ocrx_word' id='word_1_779' title='bbox 2557 5260 2676 5308; x_wconf 92' lang='lat' dir='ltr'><strong>not.</strong></span> <span class='ocrx_word' id='word_1_780' title='bbox 2712 5266 2896 5323; x_wconf 90' lang='lat' dir='ltr'><strong>marg.</strong></span> <span class='ocrx_word' id='word_1_781' title='bbox 2919 5260 3198 5320; x_wconf 80' lang='grc' dir='ltr'>πηδῶντα.</span> 
     </span>
     <span class='ocr_line' id='line_1_116' title="bbox 2052 5260 3634 5410; baseline -0.007 -23"><span class='ocrx_word' id='word_1_782' title='bbox 2052 5260 2394 5410; x_wconf 73' lang='grc' dir='ltr'>(31)11λήρη</span> <span class='ocrx_word' id='word_1_783' title='bbox 2446 5323 2630 5410; x_wconf 66' lang='grc' dir='ltr'>ἀνοίας</span> <span class='ocrx_word' id='word_1_784' title='bbox 2683 5323 3000 5410; x_wconf 70' lang='grc' dir='ltr'>ὁρμῆματα,</span> <span class='ocrx_word' id='word_1_785' title='bbox 3034 5323 3206 5380; x_wconf 80' lang='lat' dir='ltr'><strong>vertit</strong></span> <span class='ocrx_word' id='word_1_786' title='bbox 3255 5320 3477 5393; x_wconf 88' lang='lat' dir='ltr'><strong>Billius,</strong></span> <span class='ocrx_word' id='word_1_787' title='bbox 3506 5336 3634 5396; x_wconf 82' lang='lat' dir='ltr'><strong>pro-</strong></span> 
     </span>
    </p>
   </div>
   <div class='ocr_carea' id='block_1_114' title="bbox 1981 5396 2768 5476">
    <p class='ocr_par' dir='ltr' id='par_1_114' title="bbox 1981 5396 2768 5476">
     <span class='ocr_line' id='line_1_117' title="bbox 1981 5396 2768 5476; baseline -0.008 -20"><span class='ocrx_word' id='word_1_788' title='bbox 1981 5396 2251 5476; x_wconf 58' lang='lat' dir='ltr'><strong>gressibus</strong></span> <span class='ocrx_word' id='word_1_789' title='bbox 2279 5396 2542 5476; x_wconf 55' lang='lat' dir='ltr'><strong>uecordia</strong></span> <span class='ocrx_word' id='word_1_790' title='bbox 2571 5396 2768 5476; x_wconf 56' lang='lat' dir='ltr'><strong>plenis.</strong></span> 
     </span>
    </p>
   </div>
   <div class='ocr_carea' id='block_1_115' title="bbox 2077 5465 3333 5542">
    <p class='ocr_par' dir='ltr' id='par_1_115' title="bbox 2077 5465 3333 5542">
     <span class='ocr_line' id='line_1_118' title="bbox 2077 5465 3333 5542; baseline -0.003 -14"><span class='ocrx_word' id='word_1_791' title='bbox 2077 5475 2171 5540; x_wconf 84' lang='grc'>32)</span> <span class='ocrx_word' id='word_1_792' title='bbox 2201 5470 2361 5526; x_wconf 91' lang='lat' dir='ltr'><strong>Colb.</strong></span> <span class='ocrx_word' id='word_1_793' title='bbox 2396 5469 2457 5542; x_wconf 82' lang='grc' dir='ltr'>Ρ.</span> <span class='ocrx_word' id='word_1_794' title='bbox 2490 5468 2551 5523; x_wconf 91' lang='lat' dir='ltr'><strong>in</strong></span> <span class='ocrx_word' id='word_1_795' title='bbox 2572 5465 2701 5542; x_wconf 55' lang='lat' dir='ltr'><strong>not,</strong></span> <span class='ocrx_word' id='word_1_796' title='bbox 2737 5483 2923 5542; x_wconf 77' lang='lat' dir='ltr'><strong>marg.</strong></span> <span class='ocrx_word' id='word_1_797' title='bbox 2948 5465 3333 5542; x_wconf 68' lang='grc' dir='ltr'>ἀγαπώμενοι.</span> 
     </span>
    </p>
   </div>
   <div class='ocr_carea' id='block_1_116' title="bbox 2053 5473 3037 5621">
    <p class='ocr_par' dir='ltr' id='par_1_116' title="bbox 2053 5473 3037 5621">
     <span class='ocr_line' id='line_1_119' title="bbox 2077 5473 3037 5542; baseline -0.011 -14"><span class='ocrx_word' id='word_1_798' title='bbox 2077 5475 2171 5540; x_wconf 84' lang='grc'>32)</span> <span class='ocrx_word' id='word_1_799' title='bbox 2201 5473 2361 5526; x_wconf 91' lang='lat' dir='ltr'><strong>Colb.</strong></span> <span class='ocrx_word' id='word_1_800' title='bbox 2396 5473 2457 5524; x_wconf 91' lang='lat' dir='ltr'><strong>P.</strong></span> <span class='ocrx_word' id='word_1_801' title='bbox 2490 5473 2551 5523; x_wconf 88' lang='lat' dir='ltr'><strong>in</strong></span> <span class='ocrx_word' id='word_1_802' title='bbox 2582 5473 2701 5523; x_wconf 91' lang='lat' dir='ltr'><strong>not.</strong></span> <span class='ocrx_word' id='word_1_803' title='bbox 2737 5483 2923 5539; x_wconf 86' lang='lat' dir='ltr'><strong>marg.</strong></span> <span class='ocrx_word' id='word_1_804' title='bbox 2958 5473 3037 5542; x_wconf 73' lang='grc' dir='ltr'><strong>άγι</strong></span> 
     </span>
     <span class='ocr_line' id='line_1_120' title="bbox 2053 5473 3037 5621; baseline -0.008 -18"><span class='ocrx_word' id='word_1_805' title='bbox 2053 5473 2168 5621; x_wconf 70' lang='grc'>(33)</span> <span class='ocrx_word' id='word_1_806' title='bbox 2198 5542 2356 5600; x_wconf 88' lang='lat' dir='ltr'><strong>Colb.</strong></span> <span class='ocrx_word' id='word_1_807' title='bbox 2388 5541 2444 5610; x_wconf 88' lang='lat'><strong>2,</strong></span> <span class='ocrx_word' id='word_1_808' title='bbox 2464 5543 2644 5602; x_wconf 83' lang='grc' dir='ltr'>κακῶς</span> <span class='ocrx_word' id='word_1_809' title='bbox 2676 5536 3037 5616; x_wconf 75' lang='grc' dir='ltr'>ἀπηλέγχθη.</span> 
     </span>
    </p>
   </div>
   <div class='ocr_carea' id='block_1_117' title="bbox 2145 4974 2160 5116">
    <p class='ocr_par' dir='ltr' id='par_1_117' title="bbox 2145 4974 2160 5116">
     <span class='ocr_line' id='line_1_121' title="bbox 2145 4974 2160 5116; baseline 0 0"><span class='ocrx_word' id='word_1_810' title='bbox 2145 4974 2160 5116; x_wconf 68' lang='lat' dir='ltr'><strong>l</strong></span> 
     </span>
    </p>
   </div>
   <div class='ocr_carea' id='block_1_118' title="bbox 3282 5740 3318 5800">
    <p class='ocr_par' dir='ltr' id='par_1_118' title="bbox 3282 5740 3318 5800">
     <span class='ocr_line' id='line_1_122' title="bbox 3282 5740 3318 5800; baseline 0 0"><span class='ocrx_word' id='word_1_811' title='bbox 3282 5740 3318 5800; x_wconf 89' lang='lat'><strong>9</strong></span> 
     </span>
    </p>
   </div>
  </div>
