4152 6208
467 341 588 397 267

466 562 622 626 dem,
655 559 749 630 pio
796 558 942 627 viro,
977 555 1167 611 adhuc
1225 552 1563 625 metropolis
1620 551 1846 608 clavum
1905 551 2115 622 guber-

470 653 666 720 nante,
698 650 971 702 caeterum
1003 660 1136 700 cum
1170 659 1383 715 magno
1416 641 1651 712 Basilio,
1685 641 1784 712 qui
1817 641 2119 712 presbyter

467 742 611 808 erat,
641 740 813 807 atque
861 737 920 790 in
969 735 1145 790 Ponto
1197 730 1743 804 philosophabatur,
1778 729 2116 784 inimicitias

466 830 722 898 gerente,
749 822 1152 880 haereticorum
1183 822 1488 892 conjurata
1518 837 1682 876 arma
1711 819 2117 890 impetumque

467 915 876 985 reformidans,
911 914 1062 984 quod
1094 912 1339 968 antistes
1389 910 1571 967 aciem
1622 912 1825 965 contra
1871 909 2117 964 educere

468 1023 582 1062 non
623 1009 821 1078 posset
850 1007 1213 1077 (quanquam
1262 1000 1416 1057 enim
1464 999 1562 1055 ille
1606 999 1734 1054 vitae
1782 997 2116 1070 integritate

465 1095 802 1168 praestabat,
820 1093 1121 1166 theologia;
1139 1095 1337 1148 tamen
1357 1090 1522 1145 rudis
1538 1093 1662 1145 erat
1678 1091 1736 1144 et
1759 1086 2112 1160 imperitus),

465 1186 538 1241 ad
578 1183 883 1255 Basilium,
914 1182 1144 1238 illustre
1189 1180 1335 1236 illud
1385 1180 1572 1245 sidus,
1604 1176 1828 1249 scribit,
1861 1191 2114 1247 eumque

463 1275 808 1345 obtestatur,
839 1289 913 1329 ne
933 1272 1114 1330 ullam
1131 1269 1573 1326 inimicitiarum
1595 1267 1878 1323 rationem
1900 1266 2114 1321 habeat

461 1366 564 1420 sed
597 1364 929 1420 animarum
978 1359 1305 1431 periculum
1345 1361 1538 1413 mente
1569 1359 1869 1428 reputans,
1899 1358 2110 1411 metro-

460 1453 730 1525 politanae
764 1450 1029 1506 Ecclesia:
1061 1450 1185 1504 sine
1230 1447 1349 1502 ulla
1389 1463 1553 1502 mora
1583 1445 1884 1516 suppetias
1916 1444 2063 1498 ferat
2095 1458 2108 1498 :

461 1541 636 1596 simul
669 1540 845 1595 etiam
879 1555 940 1594 se
967 1539 1310 1604 affuturum,
1338 1535 1589 1606 bellique
1620 1534 1952 1589 societatem
1978 1547 2110 1586 cum

460 1647 525 1685 eo
558 1631 846 1686 coiturum
879 1627 1201 1700 pollicetur.
1235 1626 1355 1688 Qua
1398 1624 1658 1678 oratione
1689 1621 1969 1677 eximium
2004 1621 2110 1675 du-

461 1736 583 1774 cem
635 1719 705 1773 ad
754 1717 972 1772 bellum
1024 1714 1465 1785 suscipiendum
1515 1711 1779 1783 impellit.
1816 1710 2110 1764 Profectus

458 1809 638 1882 igitur
681 1810 806 1879 ipse
853 1821 1101 1876 quoque,
1137 1807 1524 1873 susceptaque
1572 1816 1705 1855 cum
1755 1815 1821 1854 eo
1870 1798 2106 1869 expedio

459 1901 638 1968 tione,
657 1898 716 1953 in
739 1895 1146 1952 haereticorum
1171 1892 1508 1963 praesidium
1527 1894 1583 1945 et
1599 1904 1791 1944 arcem
1815 1885 2109 1958 irrumpit,

461 1989 827 2057 concisisque
859 1984 1174 2056 impiorum
1201 1980 1510 2036 hominum
1534 1994 1600 2033 ac
1627 1976 1948 2049 proﬂigatis
1971 1976 2109 2047 dog-

460 2077 718 2133 matibus
739 2080 1022 2145 tropaeum
1041 2069 1218 2125 simul
1240 2085 1373 2124 cum
1394 2065 1608 2122 Basilio
1631 2065 1819 2137 erigit,
1838 2064 2106 2119 hostibus

455 2165 697 2238 ignaviae
729 2180 846 2219 suae
880 2158 1412 2229 imbecillitatisque
1435 2154 1789 2211 conscientia
1819 2153 1874 2207 in
1905 2153 2105 2224 fugam

456 2253 663 2310 versis.
700 2254 772 2306 Ac
821 2248 960 2305 talia
990 2247 1141 2302 Deus
1190 2261 1294 2318 per
1339 2260 1535 2300 servos
1567 2242 1744 2298 efﬁcit
1775 2258 1787 2296 :
1823 2241 1922 2312 qui
1969 2257 2104 2296 cum

455 2341 768 2398 immodice
797 2339 1223 2394 excrescentem
1267 2339 1444 2405 atque
1491 2331 1883 2388 exundantem
1916 2329 2106 2385 homi-

455 2447 599 2487 num
633 2427 1006 2499 iniquitatem
1038 2423 1242 2490 cernit,
1268 2420 1740 2494 praestantissimi
1770 2423 1945 2490 atque
1975 2418 2105 2474 cha-

455 2518 674 2576 rissimi
702 2515 962 2589 ﬁgmenti
1011 2512 1381 2572 miseratione
1427 2513 1748 2582 permotus,
1778 2507 1930 2564 viros
1980 2523 2104 2562 om-

455 2610 630 2664 nibus
659 2604 892 2661 virtutis
923 2601 1187 2658 numeris
1226 2596 1526 2656 absolutos
1557 2598 1786 2664 excitat,
1820 2595 2101 2653 auxilium

455 2697 750 2767 quoddam
781 2691 1270 2763 disciplinamque
1300 2687 1395 2754 iis,
1418 2703 1667 2758 quorum
1692 2685 1852 2741 salus
1885 2684 2105 2756 pericli-

454 2789 635 2851 tatur,
697 2796 1054 2853 procurans;
1110 2794 1182 2833 ne
1237 2777 1469 2832 fultura:
1528 2779 1701 2846 atque
1757 2773 2102 2829 adminiculi

455 2871 701 2944 penuria
731 2872 1058 2925 humanum
1103 2882 1289 2938 genus
1337 2881 1546 2920 noxam
1597 2862 1903 2918 contrahat
1934 2867 1990 2917 et
2019 2861 2102 2917 la-

453 2961 778 3016 befactetur
809 2975 822 3012 :
859 2955 1356 3029 quemadmodum
1392 2958 1517 3008 tum
1551 2968 1781 3023 quoque
1813 2951 1963 3017 fecit,
1996 2951 2104 3007 hos

453 3050 609 3104 viros
653 3047 932 3113 excitans,
969 3060 1033 3098 ac
1063 3043 1219 3098 velut
1265 3040 1575 3112 coagulum
1620 3040 1918 3110 quoddam
1965 3039 2102 3096 lacti

1591 333 1778 392 Vl'l‘A
1826 332 1886 390 S.
1940 329 2310 390 GltlSGORlI
2357 331 2747 392 THEULOGI

464 472 716 527 ticorum
748 468 980 540 agmine
1002 467 1321 521 Caesaream
1355 463 1688 536 populante,
1714 462 1964 518 Eusebio
1997 461 2100 531 qui

2233 464 2340 513 κῶν
2399 459 2838 537 καταδραμόντος
2892 471 2990 534 τῆς
3045 466 3355 542 Καισαρέων
3392 511 3406 536 ,

3762 343 3880 402 268

3475 465 3641 524 Εὐσεϐ
3651 470 3730 526 ίου
3785 473 3880 546 μὶν

2223 553 2320 603 τοῦ
2354 549 2506 604 ὁσίου
2537 547 2612 605 ἔτι
2645 549 3153 628 πηδαδιουχοῦντος
3201 557 3298 624 τήν
3335 557 3701 634 μητρόπολιν,
3741 562 3878 634 πρὸς

2227 635 2283 692 δὲ
2313 640 2403 693 τὸν
2439 639 2604 716 μέγαν
2654 639 2933 697 Βασίλειον
2979 639 3341 721 πρεσϐύτερον
3390 642 3533 717 ὄντα,
3580 648 3668 703 καὶ
3715 649 3766 704 ἐν
3798 655 3876 724 τῷ

2225 727 2416 801 Πόντῳ
2448 728 2870 808 φιλοσοφοῦντα,
2905 727 3104 808 ἔχθραν
3148 733 3506 809 ἀνῃρημένου,
3560 735 3737 801 δείσας
3766 745 3874 795 τῶν

2224 818 2508 894 αἱρετικῶν
2537 820 2628 874 τὸν
2678 821 3068 894 συνασπισμὸν,
3103 823 3191 876 καὶ
3241 824 3338 891 τὴν
3386 821 3576 900 ἔφοδον
3608 830 3704 880 τοῦ
3734 847 3874 903 προ-

2226 911 2456 971 εστῶτος
2515 909 2589 981 μή
2643 908 2918 973 σθένοντος
2948 910 3374 984 παρατάττεσθαι
3414 916 3551 986 (34),
3585 916 3671 989 (ἧν
3706 913 3751 970 δ’
3784 917 3876 972 οὗ-

2220 1017 2336 1065 τος,
2371 997 2417 1052 εἰ
2446 997 2534 1056 καὶ
2564 998 2654 1053 τὸν
2688 998 2804 1074 βίον
2855 1000 3074 1074 σεμνὸς,
3123 1000 3250 1056 ἀλλ’
3283 1000 3374 1057 οῦν
3421 1004 3558 1078 πρὸς
3591 1003 3871 1082 θεολογίαν

2224 1084 2608 1161 ἀγύμναστος),
2643 1086 2951 1143 ἐπιστέλλει
3003 1089 3298 1162 Βασιλείῳ,
3348 1095 3427 1163 τῷ
3474 1100 3740 1170 φωστῆρι,
3772 1103 3874 1166 τῆς

2222 1172 2420 1252 ἔχθρας
2454 1177 2549 1249 μὶν
2725 1177 3028 1234 ἀντιοολῶν
3071 1176 3368 1254 ἀλογῆσαι,
3397 1180 3489 1236 τὸν
3539 1179 3786 1239 κίνδυνον
3817 1181 3874 1240 δὶ

2219 1267 2326 1318 τῶν
2358 1267 2549 1340 ψυχῶν
2601 1265 2927 1338 ἐννοήσαντα
2971 1273 3195 1343 ταχεῖαν
3249 1268 3563 1346 ἐπικουρίαν
3597 1274 3708 1346 (36)
3750 1273 3870 1329 δαυ-

2220 1353 2309 1406 τὸν
2334 1353 2556 1425 κομίσαι
2597 1358 2664 1428 τῇ
2699 1355 2992 1428 Ἐκκλησία
3037 1363 3139 1425 τῆς
3197 1358 3594 1430 μητροπόλεως
3642 1362 3753 1433 ἅμα
3781 1371 3870 1416 και

2219 1443 2316 1510 τήν
2370 1445 2482 1515 (37)
2531 1445 2720 1498 ἑαυτοῦ
2775 1445 3069 1521 παρουσίαν
3121 1446 3210 1500 καὶ
3268 1448 3588 1523 συμμαχίαν
3640 1446 3876 1527 ὑποσχό-

2226 1551 2404 1603 μενος.
2465 1537 2638 1587 Ταῦτα
2688 1535 2873 1603 εἰπὼν,
2932 1535 3104 1588 πείθει
3154 1534 3247 1589 τὸν
3299 1534 3516 1611 ἄριστον
3568 1542 3868 1615 στρατηγὸν

2220 1619 2497 1683 ἀνελέσθαι
2545 1622 2635 1675 τὸν
2688 1621 2955 1694 πόλεμον.
3005 1623 3211 1678 Ἐλθὼν
3270 1622 3360 1679 οῦν
3411 1626 3501 1680 καὶ
3551 1627 3728 1699 αὐτὸς,
3779 1630 3868 1683 καὶ

2219 1710 2698 1782 συνεκστρατεύσας
2742 1714 2853 1784 (38)
2902 1713 3066 1784 αὐτῷ,
3118 1712 3192 1774 εἰς
3239 1714 3300 1767 τὸ
3349 1713 3619 1790 ὀχύρωμα
3645 1737 3753 1771 των
3785 1717 3868 1772 αἶ-

2220 1802 2443 1871 ρετικῶν
2476 1797 2805 1874 παραδύεται
2832 1801 2965 1873 (39),
2994 1800 3083 1855 καὶ
3125 1801 3193 1856 τὰ
3223 1807 3327 1857 τῶν
3361 1799 3566 1860 ἀσεϐῶν
3618 1803 3869 1880 δόγματα

2218 1884 2564 1958 κατατέμνων
2622 1886 2711 1940 καὶ
2767 1884 3046 1958 διαλύων,
3104 1890 3396 1966 συνεγείρει
3446 1893 3508 1947 τὸ
3563 1893 3867 1968 τρόπαιον,

2220 1971 2455 2050 φυγάδας
2487 1971 2783 2048 ἀπελέγξας
2810 1977 2941 2038 τοὺς
2989 1975 3314 2050 πολεμίους,
3345 1986 3447 2048 τῆς
3496 1979 3670 2037 αὐτῶν
3712 1983 3866 2038 ἀναν·-

2216 2057 2365 2135 δρίας
2400 2057 2665 2125 λαῦόντας
2697 2062 3058 2135 συναίσθησιν.
3109 2070 3341 2123 Τοιαῦτα
3387 2065 3477 2123 διὰ
3523 2074 3631 2126 τῶν
3675 2072 3867 2128 ἑαυτοῦ

2214 2150 2555 2225 Θεραπόντων
2606 2151 2734 2214 Θεὸς
2781 2153 3187 2228 κατεργάζεταιο
3240 2157 3318 2227 ὃς,
3371 2155 3496 2213 ὅταν
3528 2156 3617 2234 ἴδῃ
3646 2159 3862 2231 πολλὴν

2214 2237 2646 2308 ἐπιπολάζουσαν
2702 2246 2811 2296 τῶν
2884 2242 3185 2319 ἀνθρώπων
3242 2247 3583 2321 παρανομίαν
3617 2297 3632 2323 ,
3697 2248 3865 2324 οἷ’κτῳ

2211 2333 2308 2382 τοῦ
2335 2331 2670 2402 τιμιωτάτου
2707 2330 3026 2405 πλάσματος
3077 2331 3323 2411 ἐξεγείρει
3371 2335 3610 2400 τελείους
3669 2337 3865 2415 ἄνδρας

2215 2417 2524 2493 ἐπικουρίαν
2573 2420 2694 2473 τινὰ
2740 2420 2828 2475 καὶ
2885 2419 3261 2498 παιδαγωγίαν
3331 2429 3447 2488 τοῖς
3495 2425 3864 2484 κινδυνεύουσι

2211 2507 2691 2582 προμηθούμενος,
2717 2507 2810 2564 τίνα
2842 2510 2918 2584 μὴ
2967 2515 3065 2566 τοῦ
3112 2512 3462 2588 στηρίζοντος
3501 2519 3535 2585 ἠ
3570 2517 3769 2594 ἀπορία
3797 2519 3862 2573 τὸ

2210 2596 2363 2671 γένος
2413 2594 2765 2669 λυμήνηται·
2818 2599 2953 2654 καθὰ
2999 2599 3088 2654 καὶ
3135 2600 3258 2656 τότε
3301 2603 3589 2677 πεποίηκε,
3638 2606 3863 2669 τούτους

2213 2681 2589 2755 διαναστήσας,
2639 2686 2726 2740 καὶ
2777 2687 2888 2744 οἷόν
2938 2710 3057 2743 τινα
3115 2688 3246 2745 ὀπὸν
3297 2691 3386 2746 τὸν
3442 2688 3860 2768 ἐμϐαλλόμενον

2211 2772 2443 2848 γάλακτι
2487 2773 2711 2838 τούτους
2761 2777 2837 2839 εἷς
2888 2779 3048 2850 μέσον
3096 2779 3264 2843 τιθεὶς
3314 2782 3429 2853 (40)
3474 2784 3601 2845 τοὺς
3640 2788 3708 2857 τῇ
3755 2805 3860 2839 πο-

2213 2861 2465 2938 λυσχιδεῖ
2521 2864 2758 2940 πονηρίᾳ
2833 2867 2922 2920 καὶ
2993 2862 3208 2939 ἀσεϐείᾳ
3264 2869 3521 2926 πλεῖστον
3591 2871 3859 2943 ἀλλήλων

2213 2951 2580 3058 ἀφεστηκότας
2631 2956 2743 3027 (41)
2793 2955 2870 3017 εἷς
2923 2954 3046 3029 μίαν
3094 2955 3276 3012 συνδεῖ
3330 2957 3514 3037 φιλίαν
3564 2960 3651 3016 καὶ
3691 2964 3862 3038 ἁρμο-

2212 3061 2351 3097 νιαν.

452 3138 734 3208 injectum
766 3136 827 3190 in
858 3133 1118 3188 medium
1161 3146 1414 3202 ponens;
1447 3134 1621 3200 atque
1650 3128 1732 3183 ita
1760 3145 1857 3183 eos
1907 3128 2008 3199 qui
2057 3129 2346 3184 multifida
2393 3130 2764 3202 improbitate
2813 3138 2870 3189 et
2917 3134 3213 3207 impietate
3262 3135 3580 3209 plurimum
3611 3139 3766 3197 inter
3793 3157 3859 3197 se

451 3226 644 3282 dissiti
679 3227 864 3291 erant,
894 3223 954 3277 in
986 3236 1164 3275 unam
1197 3218 1513 3275 amicitiam
1544 3216 2029 3288 concordiamque
2059 3219 2487 3291 constringens.

519 3333 645 3387 Non
677 3329 931 3386 multum
975 3325 1258 3398 temporis
1307 3325 1738 3390 intercesserat,
1770 3339 1904 3378 cum
1954 3340 2094 3394 pra:-

2282 3323 2354 3378 Ού
2385 3323 2530 3379 πολὺ
2558 3325 2619 3379 τὸ
2653 3324 2704 3380 ἐν
2742 3325 2907 3401 μέσῳ,
2938 3328 3029 3383 καὶ
3060 3329 3088 3383 ὁ
3123 3330 3216 3403 μὲν
3256 3330 3548 3405 εἰρημένος
3591 3332 3858 3409 πρόεδρος

447 3421 636 3476 dictus
666 3420 794 3491 ejus
835 3415 1102 3473 Ecclesiae
1150 3413 1394 3470 antistes
1443 3413 1516 3467 ad
1566 3411 1865 3467 meliorem
1915 3413 2095 3467 vitam

445 3508 738 3582 migravit.
774 3507 1021 3577 Magnus
1053 3520 1223 3576 porro
1256 3503 1421 3558 labor
1448 3502 1722 3572 Gregorio
1755 3502 2097 3558 subeundus

444 3601 575 3666 fuit,
595 3603 723 3653 tum
747 3594 1022 3668 privatim
1046 3592 1423 3664 quibusdam,
1455 3595 1582 3646 tum
1607 3589 1838 3662 publice
1860 3590 2096 3646 univer-

444 3688 526 3743 sis
557 3687 724 3742 urbis
772 3684 997 3740 civibus
1028 3682 1326 3751 scribenti,
1353 3685 1545 3751 atque,
1578 3684 1635 3735 et
1664 3679 1868 3750 patris,
1902 3684 1960 3734 et
1988 3696 2094 3735 suo

445 3776 680 3832 nomine
711 3773 981 3830 suadenti
1017 3776 1081 3826 ut
1119 3769 1400 3826 Basilium
1450 3768 1508 3823 in
1561 3768 2093 3840 archiepiscopatus

442 3867 655 3921 throno
688 3863 1061 3920 collocarent.
1085 3858 1361 3914 Praeclare
1393 3858 1448 3912 id
1477 3858 1744 3929 quodque
1767 3863 1942 3928 atque
1972 3874 2093 3929 per-

444 3956 609 4010 fecte.
641 3952 838 4024 Neque
886 3951 1041 4006 enim
1075 3953 1140 4003 ut
1172 3947 1341 4002 amici
1393 3946 1717 4001 commodis
1765 3946 2090 4017 inserviret,

445 4043 597 4097 hanc
631 4057 867 4112 operam
913 4037 1285 4108 suscipiebat,
1319 4037 1420 4090 sed
1469 4039 1534 4090 ut
1581 4034 1822 4106 publica:
1855 4035 2093 4090 utilitati

448 4128 824 4201 prospiceret.
856 4128 1036 4183 Norat
1079 4126 1235 4181 enim
1269 4125 1590 4196 perspicue,
1625 4128 1792 4178 norat
1837 4123 2090 4200 opitula-

444 4223 629 4273 torem
661 4217 879 4288 Spiritu
911 4219 1111 4270 sancto
1143 4214 1386 4284 dignum
1421 4231 1434 4268 :
1468 4213 1540 4288 ob
1570 4229 1816 4284 eamque
1851 4229 2089 4268 causam

445 4323 562 4363 non
593 4310 726 4361 ante
756 4304 1040 4375 impetum
1083 4302 1327 4370 remisit,
1361 4318 1558 4372 quam,
1591 4302 1742 4372 quod
1776 4306 1927 4356 recte
1958 4319 2092 4372 pro-

443 4400 736 4469 posuerat,
772 4395 843 4449 ad
887 4393 1105 4448 exitum
1154 4391 1540 4463 perduxisset,
1591 4392 2085 4460 quemadmodum

439 4487 613 4541 etiam
645 4483 932 4556 perduxit.
967 4483 1046 4535 Ac
1078 4480 1329 4535 Basilius
1375 4478 1612 4550 quidem
1644 4480 2086 4536 Caesariensium

437 4572 836 4646 gubernacula
860 4571 1114 4627 tenebat.
1144 4568 1365 4624 Invidia
1386 4572 1603 4637 autem,
1626 4569 2086 4640 dominandique

436 4664 752 4734 cupiditate
809 4658 1213 4752 gliscentibus,
1267 4657 1652 4752 Cappadocia,
1688 4674 1812 4752 quae
1865 4663 1997 4714 ante
2031 4660 2082 4714 id
2118 4687 2164 4752 Ι)

433 4756 666 4825 tempus
699 4767 819 4806 una
861 4748 1302 4821 agnoscebatur,
1336 4745 1396 4801 in
1449 4746 1595 4802 duas
1647 4745 1833 4802 divisa
1881 4752 1988 4817 est,
2023 4765 2088 4804 ac

504 4957 615 5029 (34)
648 4958 732 5011 Ita
763 4955 888 5010 cod.
923 4953 980 5029 P_.
1015 4955 1070 5029 et
1101 4950 1185 5029 sic
1229 4948 1537 5029 legendum
1590 4955 1786 5029 monet
1835 4953 2082 5029 Montac.

434 5021 542 5087 nec
573 5021 688 5084 non
719 5032 777 5083 et
805 5025 1061 5082 Combef.
1105 5024 1166 5078 In
1207 5022 1343 5077 edit.
1378 5021 1755 5094 quibusdam,
1790 5024 2084 5100 σπαράττε-

438 5103 752 5246 σθῗέῦμίὲν
812 5170 975 5246 deest
1015 5168 1114 5246 inﬁ
1149 5165 1315 5246 codd.
1368 5163 1737 5246 Golb:‘2,~et
1785 5167 2088 5246 Or.,_mox

438 5233 550 5317 qu‘e
605 5233 855 5300 Colbert.
889 5241 940 5309 1,
974 5244 1030 5295 et
1079 5238 1174 5294 0r.
1223 5237 1442 5308 legunt,
1501 5233 1792 5311 ἀλογῆσαι,
1846 5233 1936 5292 καὶ
1991 5240 2082 5295 τὸν

435 5313 704 5372 κίνδυνον.

507 5388 620 5459 (36)
653 5386 790 5459 Cod.
823 5385 943 5459 Qr.,
969 5378 1178 5459 710316qu
1193 5375 1493 5459 ἐπικουρία.

504 5447 620 5532 (37)
651 5457 808 5532 Qolb.
839 5457 894 5532 2,
926 5447 983 5510 et
1013 5447 1107 5532 οἱ)
1145 5447 1465 5532 augeam;
1496 5449 1615 5532 εήν.

505 5461 596 5532 (37
651 5459 808 5513 Colb.
839 5459 894 5526 2,
927 5459 983 5510 et
1013 5459 1107 5511 Or.
1146 5459 1256 5524 ἅμα
1289 5459 1344 5503 δὲ
1378 5459 1465 5504 καὶ
1496 5459 1615 5519 τήν.

649 5528 807 5586 Colb.
870 5529 920 5599 1,
965 5531 1021 5582 et
1064 5525 1160 5582 Or.
1209 5520 1413 5578 Ἐλθὼν
1474 5518 1564 5575 οῦν
1622 5519 1710 5575 καὶ
1771 5543 2081 5602 συνεκστρα-

431 5619 641 5666 τεύσας.

505 5673 619 5771 (39)
649 5671 810 5732 Colb.
844 5671 895 5746 1,
927 5665 1238 5728 ἀποδύεται.

2203 3409 2371 3482 τῆσδε
2420 3413 2744 3483 Έκκλησίας
2796 3419 2908 3489 (42)
2957 3417 3094 3491 πρὸς
3139 3419 3238 3486 τὴν
3298 3418 3506 3493 ἀμείνω
3559 3424 3857 3496 μετανέστη

2207 3503 2351 3572 ζωήν
2384 3504 2519 3576 (43)’
2547 3502 2722 3565 πολὺς
2772 3502 2829 3559 δὲ
2874 3505 3039 3568 πόνος
3088 3505 3167 3579 τῷ
3210 3509 3498 3584 Γρηγορίῳ
3539 3513 3856 3568 καθίσταται

2203 3591 2465 3669 γράφοντι
2512 3593 2648 3669 πρὸς
2693 3594 2792 3662 τὴν
2834 3593 3020 3663 πόλιν,
3070 3596 3159 3649 καὶ
3212 3594 3322 3669 ἰδίᾳ
3368 3600 3506 3673 τισὶ,
3558 3603 3644 3655 καί
3694 3607 3856 3677 κοινῇ

2203 3685 2354 3750 πᾶσι,
2381 3679 2469 3735 καί
2500 3681 2737 3745 πείθοντι
2785 3683 2850 3737 τὰ
2905 3683 3000 3756 μὶν
3055 3681 3143 3739 διὰ
3185 3690 3281 3740 τοῦ
3329 3688 3554 3765 πατρὸς,
3586 3691 3652 3744 τὰ
3683 3688 3740 3745 δὲ
3787 3688 3861 3746 δι’

2205 3768 2394 3824 ἑαυτοῦ
2449 3769 2528 3843 τῷ
2586 3771 2759 3846 θρόνῳ
2815 3778 2914 3840 τῆς
2991 3772 3406 3850 ἀρχιερωσύνης
3475 3776 3856 3856 ἐγκαθιδρῦσαι

2204 3858 2503 3914 Βασίλειον·
2541 3859 2658 3914 λίαν
2704 3861 2793 3915 καὶ
2841 3866 3000 3916 τοῦτο
3048 3862 3296 3926 τελείως.
3345 3865 3422 3922 Οὐ
3452 3867 3553 3942 γὰρ
3586 3869 3659 3930 ὡς
3709 3869 3856 3947 φίλῳ

2201 3948 2563 4024 χαριζόμενος
2625 3949 2903 4025 ἔπραττεν,
2965 3950 3111 4006 ἀλλὰ
3166 3957 3262 4007 τοῦ
3320 3960 3507 4010 κοινοῦ
3564 3961 3852 4030 προνοῶν.

2201 4035 2350 4105 ’ῌδει
2411 4038 2538 4114 γὰρ,
2594 4034 2714 4112 ᾔδει
2774 4044 2956 4117 σαφῶς
3013 4040 3104 4095 τὸν
3163 4045 3265 4095 τοῦ
3329 4043 3643 4118 [Ινεύματος
3705 4045 3852 4117 ἄξιον

2199 4125 2543 4201 παραστάτην
2571 4147 2582 4159 '
2635 4125 2724 4181 διὰ
2768 4132 2929 4183 τοῦτο
2981 4129 3078 4183 οὐκ
3125 4129 3332 4205 ἀνῆκε,
3383 4133 3510 4208 πρὶν
3569 4135 3643 4196 είς
3689 4135 3853 4200 τέλος

2199 4215 2373 4291 ἀγάγῃ
2402 4219 2513 4289 (44)
2559 4216 2620 4270 τὸ
2669 4217 3054 4292 προσηκόντως
3093 4214 3544 4295 βεϐουλευμένον·
3579 4225 3668 4278 καὶ
3727 4227 3858 4298 μέν-

2197 4326 2279 4360 τοι
2311 4306 2399 4359 καὶ
2432 4303 2658 4380 ἤγαγεν.
2712 4308 2767 4359 Ὀ
2819 4307 2910 4380 μὲν
2965 4305 3055 4361 οῦν
3109 4308 3390 4373 Βασίλειος
3424 4311 3542 4386 εἶχε
3587 4320 3684 4382 τῆς
3717 4316 3857 4371 Και-

2198 4395 2402 4469 σαρέων
2429 4393 2555 4457 τοὺς
2588 4392 2791 4456 οἷίακας.
2848 4391 3059 4459 Φθόνου
3111 4394 3168 4451 δὲ
3214 4397 3304 4452 καὶ
3354 4396 3654 4478 φιλαρχίας
3687 4401 3856 4458 ἐπαυ-

2198 4482 2492 4554 ξηθέντων,
2532 4481 2814 4559 διαιρεῖται
2871 4483 2945 4546 εἷς
2997 4482 3090 4539 δύο
3141 4488 3175 4556 ἡ
3225 4487 3620 4561 Καππαδοκῶν,
3676 4493 3851 4569 μέχρι

2194 4571 2316 4627 τότε
2368 4573 2466 4645 μία
2509 4574 2645 4634 τέως
2696 4575 2809 4647 (45)
2858 4579 3260 4650 γνωριζομένη’
3309 4577 3397 4632 καὶ
3440 4576 3854 4655 ἀντιδιαιρεῖται

2193 4668 2293 4730 τῆς
2326 4663 2631 4737 Καισαρέων
2660 4663 2726 4716 τὰ
2754 4661 2949 4731 Τύανα,
3002 4664 3076 4725 ὡς
3109 4662 3303 4721 λοιπὸν
3355 4664 3678 4723 ἐκδικεῖσθαι
3722 4671 3859 4746 παρ’

2202 4752 2522 4827 ἀμφοτέρων
2555 4753 2689 4825 (46),
2738 4751 2828 4805 καὶ
2877 4750 2971 4812 τὰς
3013 4750 3283 4828 πολίχνας
3333 4751 3857 4835 ἀμφισϐητούντων,

2289 4957 2378 5025 40)
2411 4954 2567 5011 Colb.
2600 4957 2654 5024 2,
2689 4958 2748 5027 et
2775 4955 2895 5027 Or.,
2929 4955 3002 5018 εἷς
3038 4957 3195 5027 μέσον
3220 4957 3348 5021 θείς.

2409 5028 2544 5108 god.
2580 5027 2663 5108 PI,
2689 5024 2963 5108 πλείστων
2995 5024 3259 5108 ἄλλη-λων
3296 5029 3628 5108 ἐφεστώτων.

2233 5097 2377 5224 ίϋ((42)
2409 5097 2569 5154 Colb.
2606 5097 2656 5169 1,
2688 5101 2746 5169 2,
2784 5107 2841 5156 et.
2899 5101 2993 5157 Or.
3048 5097 3199 5174 006.,
3237 5097 3404 5172 τῆσδε
3459 5111 3561 5174 τῆς
3613 5102 3856 5175 Ἐκκλη-

2194 5189 2331 5230 σιας.

2262 5240 2561 5324 (43)·Οοίὶ).
2599 5242 2650 5313 1,
2687 5239 2913 5313 μετέστη
2968 5244 3136 5315 ζωήν,
3167 5246 3238 5301 ad
3274 5248 3558 5304 meliorem
3602 5249 3858 5306 transla-

2193 5317 2278 5370 tus
2309 5318 2387 5369 est
2418 5317 2606 5369 vitam.

2288 5385 2542 5465 god.
2575 5385 2659 5465 13.,
2695 5384 2899 5465 dye'rfet:
2933 5385 3072 5465 god:
3105 5389 3225 5458 Or.,
3259 5388 3501 5465 ἀγαγεῖν.

2288 5458 2373 5527 45)
2403 5456 2544 5515 Τέως
2575 5456 2750 5512 deest
2767 5456 2827 5511 in
2857 5457 3015 5514 Colb.
3044 5461 3097 5513 2.

2285 5529 2374 5601 46)
2398 5530 2486 5601 ιω
2518 5528 2827 5601 legendum
2852 5536 3093 5586 monent
3113 5531 3342 5601 antiqui
3367 5532 3539 5601 editi;
3564 5532 3643 5588 ita
3665 5531 3851 5591 etiam

2188 5600 2358 5684 codd.
2381 5599 2453 5684 'P.
2485 5603 2543 5655 et
2566 5599 2860 5684 95;.Coll)‘,
2892 5603 2927 5684 ἓ
2965 5601 3141 5684 habet
3191 5599 3534 5660 ἓκδικεῖσθαι
3558 5607 3667 5662 τῶν
3714 5607 3852 5684 παρ’

2188 5668 2534 5754 ἀμφοτέρων.
2566 5669 2792 5731 Billius.
2826 5667 2957 5744 ἐκδη
2969 5676 3206 5751 μεῖσθαι.
