4152 6208
308 314 412 380 269
1292 316 1658 380 AUCTORE
1704 317 2099 379 GBEGOItlt)
2145 314 2684 380 PRESBYTERO.
3575 322 3696 381 270

305 448 478 503 ὁποίαν
535 447 787 523 έκατέρας
843 447 974 503 εἶναι
1032 448 1233 523 χρεών.
1277 445 1470 517 Πολλὴ
1517 451 1647 522 γοῦν
1699 445 1932 503 έντεῦθεν

2060 449 2372 521 l‘yanensis
2429 449 2629 505 civitas
2681 467 2716 505 a
2772 451 3033 507 Caesarea
3087 450 3472 521 distrahitur,
3530 454 3700 525 eique

307 539 491 612 ἐξήχθη
541 537 656 610 (47)
714 534 1039 611 φιλονεικία,
1090 534 1356 614 πρόφασιν
1430 536 1524 610 μὲν
1594 535 1796 612 ἔχουσα
1841 535 1938 591 πί-

2062 538 2361 610 )pponitur
2393 556 2405 595 :
2440 540 2581 595 adeo
2627 543 2693 594 ut
2743 539 3018 612 deinceps
3068 540 3141 596 de
3198 540 3428 613 Oppidis
3470 558 3702 614 quoque

303 647 401 681 στιν
431 628 540 699 (48)
571 624 660 680 καὶ
706 626 808 694 τήν
857 628 1050 700 ψυχῶν
1103 621 1263 695 δῆθεν
1309 622 1658 698 κηδεμονίαν,
1692 622 1934 695 σπουδὴν

2070 631 2199 683 nter
2254 633 2537 700 utrosque
2594 628 2991 686 controversia
3048 633 3399 696 moveretur,
3445 629 3598 687 inter
3642 646 3702 687 se

303 713 352 770 δέ
378 713 681 787 πλεονεξίαν
716 714 805 769 καὶ
837 711 1162 791 φιλαρχίαν,
1196 719 1414 788 σεμναῖς
1460 712 1687 785 κλήσεσι
1735 733 1936 789 πειρω-

2065 717 2484 785 ιοηῐοηᾱοηῒοε,
2520 717 2631 771 utri
2667 718 2863 789 potius
2913 717 3223 789 metropoli
3270 734 3339 774 ea
3388 720 3705 777 asserenda

306 804 459 878 μένων
490 802 883 878 κατακρύπτειν
905 803 971 857 τὰ
1002 802 1195 877 αἴσχη.

2061 809 2260 861 :ssent.
2291 806 2480 876 Atque
2526 804 2661 860 hinc
2692 806 2988 862 contentio
3030 811 3231 863 exorta
3260 811 3350 863 est
3382 825 3396 863 :
3428 807 3540 864 hoc
3570 808 3701 881 qui-

303 895 420 951 dem
445 895 685 950 obtentu
719 909 786 949 ac
819 898 1118 966 praatextu,
1151 893 1322 965 quasi
1353 893 1488 949 fidei
1519 894 1751 966 negotio
1780 898 1955 967 atque
1984 893 2313 949 animarum
2346 910 2485 950 cura
2514 899 2887 950 moverentur
2919 912 2931 951 :
2967 912 3028 951 re
3058 900 3255 952 autem
3284 896 3433 967 ipsa,
3465 900 3704 969 propter

302 983 587 1043 avaritiam
619 982 1081 1055 dominandique
1109 981 1448 1053 libidinem;
1482 982 1823 1040 hominibus
1855 983 2136 1040 nimirum
2168 1000 2259 1039 res
2291 988 2492 1055 turpes
2522 987 2580 1040 et
2610 983 2792 1040 foedas
2839 983 3103 1041 honestis
3156 985 3497 1042 nominibus
3527 986 3701 1043 obve-

303 1075 411 1131 lsre
438 1072 806 1129 conantibus.

363 1159 861 1233 Καινοτομούμενος
920 1156 997 1229 δὲ,
1030 1159 1121 1213 καὶ
1177 1162 1285 1214 τῶν
1345 1158 1562 1214 οἲκείων
1607 1159 1642 1214 ἀ
1689 1158 1939 1236 οστερού-

2122 1164 2196 1217 Αι
2223 1178 2358 1232 vero
2408 1177 2661 1233 magnus
2693 1161 2969 1229 Basilius,
3000 1178 3147 1218 novo
3197 1165 3376 1235 atque
3422 1163 3703 1222 inusitato

302 1272 444 1324 μενος
472 1252 589 1323 (49)
615 1249 645 1304 ὁ
678 1249 844 1325 μέγας
875 1247 1177 1317 Βασίλειος,
1212 1246 1384 1303 έννοεῖ
1428 1256 1760 1319 καταστῆσαι
1816 1253 1937 1310 τοῖς

2065 1249 2315 1322 exemplo
2346 1249 2472 1306 suis
2504 1251 2736 1323 oppidis
2766 1250 3074 1323 spoliatus,
3099 1250 3436 1323 episcopum
3459 1251 3705 1308 Sasimis

301 1340 556 1413 Σασίμοις
636 1336 959 1409 ἐπίσκοπον,
1040 1334 1150 1405 ἵνα,
1224 1339 1617 1409 κοινοποιήσας
1694 1338 1807 1411 (50)
1880 1338 1941 1393 τὸ

2064 1339 2410 1395 :onstituere
2467 1340 2761 1412 proponit,
2811 1344 2897 1409 ut,
2960 1342 3115 1412 quod
3174 1341 3502 1397 abscissum
3561 1346 3704 1412 erat,

300 1428 511 1504 σχίσμα,
572 1428 673 1496 τὴν
730 1424 958 1482 ἄλλοθεν
1019 1425 1166 1498 αὐτῷ
1222 1427 1668 1503 παραγενομένην
1741 1426 1940 1499 ζημίαν

2066 1444 2366 1484 :ommune
2407 1428 2646 1495 faciens,
2679 1429 3099 1486 detrimentum
3130 1428 3368 1487 aliunde
3405 1434 3706 1502 acceptum

304 1518 522 1573 ἐντεῦθεν
584 1515 822 1587 ἰάσηταιο
884 1515 974 1570 καὶ
1032 1516 1145 1589 ἅμα
1209 1517 1308 1585 τὴν
1371 1516 1559 1591 χώραν
1626 1515 1943 1579 ἐπισκόποις

2067 1533 2162 1572 Jac
2212 1518 2436 1574 ratione
2483 1518 2757 1587 sarciret;
2791 1518 3088 1591 simulque
3144 1519 3380 1591 regione
3420 1516 3707 1590 episcOpis

301 1607 737 1675 καταπυκνώσας,
789 1603 1104 1677 ἐπιμέλειαν
1153 1609 1273 1666 ταῖς
1328 1604 1675 1676 Ἐκκλησίαις
1728 1603 1941 1678 μᾶλλον

2066 1605 2399 1675 )bﬁrmata,
2466 1606 2859 1663 Ecclesiarum
2928 1607 3424 1664 administrationi
3496 1606 3706 1663 melius

304 1695 610 1773 χαρίσηται.
645 1692 834 1757 Οὐδεὶς
867 1694 958 1749 οὗν
994 1690 1169 1748 ἐδόκει
1198 1693 1466 1766 Βασιλείῳ
1523 1694 1944 1769 χρησιμώτερος

2066 1694 2400 1751 :onsuleret.
2436 1696 2617 1752 Nemo
2662 1714 2833 1769 porro
2870 1697 2923 1753 ei
2954 1698 3025 1753 ad
3058 1697 3447 1753 moderandas
3477 1696 3706 1769 episco—

298 1790 383 1840 τοῦ
428 1784 764 1861 Γρηγορίου,
798 1783 889 1837 καὶ
944 1782 1297 1858 ἰσχυρότερος
1348 1782 1648 1853 ἐπισκοπῆς
1694 1803 1938 1859 καινουρ-

2068 1786 2225 1853 patus
2271 1799 2473 1839 recens
2520 1785 2700 1841 creati
2750 1784 3007 1841 habenas
3040 1784 3316 1859 Gregorio
3347 1784 3708 1841 commodior

298 1874 551 1949 γηθείσης
625 1867 1005 1927 ἀντιλαϐέσθαι
1059 1875 1196 1945 (51).
1256 1876 1425 1926 Τοῦτο
1507 1870 1938 1947 βουλευσάμενος

2065 1871 2448 1945 ﬁrmiorisque
2496 1872 2677 1929 animi
2709 1874 3036 1930 videbatur.
3070 1876 3144 1931 Ac
3173 1875 3417 1947 proinde
3461 1872 3705 1931 consilio

304 1964 424 2038 μετὰ
477 1967 585 2018 τοῦ
638 1961 843 2035 πατρὸς
902 1960 1210 2037 Γρηγορίου
1259 1965 1357 2016 τοῦ
1403 1960 1729 2034 θαυμασίου,
1778 1981 1943 2037 προσ-

2062 1976 2187 2015 3um
2207 1961 2314 2016 viri
2342 1961 2673 2018 admirandi
2697 1967 2861 2034 patre
2887 1964 3111 2032 habito,
3134 1963 3384 2019 invitum
3403 1963 3702 2019 hominem

299 2023 398 2129 έγει
459 2023 795 2128 βιασάμενος
843 2053 912 2124 τῇ
946 2023 1275 2127 ¹χείροτονίᾳ
1317 2052 1431 2125 (52)
1476 2023 1567 2105 τδν
1619 2023 1939 2124 ἄνδρα·¹καὶ

2064 2066 2118 2105 1c
2139 2055 2563 2123 repugnantem
2586 2052 2903 2122 pontificali
2927 2052 3113 2122 gratia
3132 2053 3704 2123 consecratum,ejus

298 2142 351 2196 τὸ
383 2141 469 2215 μὲν
500 2140 668 2215 ἔργον
729 2141 848 2216 εἶχε
872 2137 1053 2201 τέλος.
1086 2140 1142 2193 Ὀ
1174 2137 1251 2209 δὲ,
1282 2141 1420 2203 καθὰ
1465 2137 1739 2202 πολλάκις
1788 2140 1938 2215 εἰρή-

2064 2138 2319 2195 Ecclesia
2349 2138 2511 2195 clavo
2543 2140 2839 2209 admovet;
2886 2157 2952 2196 ac
2984 2158 3073 2197 res
3102 2142 3341 2213 quidem
3373 2156 3545 2212 opere
3576 2157 3704 2212 per-

299 2251 477 2301 καμεν,
533 2229 744 2284 σκοπὸν
821 2224 964 2304 ἔχων
1040 2227 1276 2303 ἡσυχίας
1330 2248 1389 2283 τε
1444 2229 1534 2283 καὶ
1608 2227 1939 2304 πραγμάτων

2067 2228 2261 2283 icitur.
2282 2228 2565 2284 Caeterum
2596 2228 2713 2297 ille,
2739 2233 2804 2283 ut
2832 2246 2983 2301 saepe
3009 2230 3289 2301 diximus,
3312 2227 3707 2301 tranquillita-

300 2318 620 2394 ἐλευθερίας,
672 2320 889 2388 ἠνιᾶτο,
937 2316 1243 2395 ἐδυσφόρει,
1293 2318 1467 2390 ἑαυτῴ
1522 2318 1803 2394 ηροσέχειν
1852 2317 1940 2373 καὶ

2061 2321 2195 2385 tem,
2218 2319 2707 2391 negotiorumque
2737 2318 3172 2375 immunitatem
3201 2320 3312 2375 sibi
3343 2319 3701 2391 pr0positam

301 2406 509 2477 ἷδιάζειν
564 2407 857 2482 ἀναγκαῖον
917 2406 1051 2461 εἶναι
1113 2406 1381 2481 οἰόμενος.
1445 2408 1586 2483 Πρὸς
1637 2405 1694 2461 δὲ
1738 2406 1827 2461 καὶ
1879 2406 1941 2461 τὸ

2065 2408 2297 2474 habens,
2314 2425 2382 2462 an
2391 2408 2638 2480 gebatur
2653 2408 3343 2481 animo,permolesteque
3360 2425 3480 2464 rem
3500 2407 3705 2479 hujus-

299 2496 517 2571 χωρίον,
550 2498 622 2551 τὰ
655 2496 869 2569 Σάσιμα
898 2494 1069 2570 λέγω,
1102 2496 1168 2565 ἦν
1213 2495 1359 2567 αὐτῷ
1406 2494 1802 2567 ἀνεπιτήδειον.
1854 2498 1939 2551 οἷα

2064 2496 2211 2551 modi
2239 2496 2476 2563 ferebat,
2499 2496 2609 2552 sibi
2641 2495 2753 2569 ipsi
2785 2497 3049 2553 animum
3071 2502 3359 2554 attentum
3384 2497 3616 2567 habere,
3639 2513 3704 2552 ac

299 2584 457 2656 ζάλης
482 2606 545 2640 τε
574 2583 670 2639 καὶ
728 2584 958 2639 ἀστικῶν
1010 2577 1256 2660 θορύϐων
1302 2582 1762 2657 πεπληρωμένον.
1794 2591 1939 2639 Λεω-

2061 2584 2338 2656 privatam
2361 2585 2540 2640 vitam
2564 2584 2749 2640 colere
2772 2586 3167 2642 necessarium
3189 2603 3317 2642 esse
3338 2586 3701 2642 existimans.

298 2674 454 2752 φόρου
503 2676 622 2749 (53)
672 2676 774 2749 γὰρ
830 2671 1121 2747 βασιλικῆς
1173 2670 1333 2745 μέσον
1378 2671 1653 2745 κείμενον,
1704 2672 1793 2728 καὶ
1846 2678 1938 2728 τοῦ

2065 2676 2177 2729 Huc
2210 2674 2522 2730 accedebat
2558 2672 2666 2730 loci
2700 2675 3172 2746 incommoditas,
3207 2680 3407 2747 utpote
3438 2673 3705 2747 procellis

297 2760 555 2837 δημοσίου
611 2760 821 2838 δρόμου
872 2759 999 2838 ἔχον
1051 2762 1118 2817 τὰ
1169 2762 1517 2831 ἷπποστάσια,
1553 2760 1788 2818 δονεῖται
1827 2768 1937 2825 τοῖς

2067 2763 2391 2835 urbicisque
2420 2763 2774 2819 tumultibus
2814 2763 2989 2836 pleni.
3024 2765 3386 2821 Sasimorum
3415 2763 3571 2820 enim
3598 2779 3707 2835 op-

296 2858 513 2927 παροῦσι
546 2855 691 2926 (54),
720 2849 942 2920 πολλὴν
980 2852 1072 2925 μὲν
1105 2850 1256 2905 ἀνίαν
1291 2850 1450 2928 φέρον
1500 2856 1618 2914 τοῖς
1666 2851 1936 2927 ἡσυχίοις,

2067 2852 2258 2925 pidum
2305 2852 2364 2906 in
2396 2852 2564 2924 regiae
2611 2857 2667 2908 et
2725 2852 3000 2909 militaris
3028 2853 3131 2909 via;
3164 2854 3356 2910 medio
3405 2851 3609 2921 situm,
3642 2867 3707 2906 ac

298 2940 589 2997 ἀπόλαυσιν
629 2939 689 2996 δὲ
716 2943 751 3011 ἢ
788 2940 1056 3019 ὠφέλειαν
1109 2938 1235 2995 οὐδὲ
1283 2942 1383 3010 τὴν
1428 2945 1699 3016 τυχοῦσαν
1750 2938 1938 3017 σχεδὸν

2065 2941 2489 2999 veredariorum
2537 2958 2824 3013 equorum
2868 2942 3150 2999 stationes
3199 2944 3441 3012 habens,
3473 2944 3705 3013 praeter-

300 3031 698 3107 παρεχόμενον.
750 3034 925 3084 Ταῦτα
973 3027 1162 3084 ἐνιδὼν
1222 3031 1358 3103 (55),
1399 3029 1474 3092 εἷς
1532 3032 1940 3108 φροντιστήριον

2066 3031 2324 3087 euntium
2354 3029 2711 3087 tumultibus
2759 3032 3017 3103 undique
3066 3032 3374 3105 perstrepit
3420 3034 3478 3087 et
3523 3030 3706 3102 agita-

300 3118 519 3176 ἀσθενῶν
563 3118 919 3196 καταφεύγει,
972 3114 1216 3190 διακονίᾳ
1260 3138 1320 3173 τε
1363 3118 1453 3173 καὶ
1502 3117 1689 3195 λόγοις
1750 3139 1940 3196 πατρι-

2067 3124 2182 3188 tur;
2215 3124 2393 3191 atque
2422 3120 2719 3192 ingentem
2742 3121 2982 3192 quidem
3006 3120 3334 3177 molestiam
3369 3118 3707 3176 hominibus

299 3215 407 3272 κοῖς
461 3209 525 3264 τὸ
589 3206 1127 3281 δυσαλθὲςτῆς
1186 3206 1346 3262 νόσου
1402 3207 1809 3283 καταπραΰνων,
1857 3206 1939 3263 καῖ

2068 3208 2385 3281 tranquillae
2434 3208 2567 3264 vitea
2627 3209 2911 3265 studiosis
2963 3210 3168 3283 gignit,
3199 3210 3454 3266 fructum
3512 3212 3708 3264 autem

301 3296 621 3377 φιλοσοφίας
678 3297 771 3351 τὸν
821 3298 1007 3372 καιρὸν
1052 3298 1167 3370 (57)
1210 3295 1673 3372 έγγυμναστήριον
1722 3296 1941 3353 τίθεται.

2068 3301 2232 3369 atque
2292 3297 2600 3353 utilitatem
2632 3314 2704 3353 ne
2752 3298 3057 3354 minimam
3104 3298 3341 3370 quidem
3402 3312 3708 3371 pr0pemo-

301 3389 509 3464 Λέγεται
561 3383 663 3443 οὗν
845 3382 985 3459 μηδὲ
1030 3386 1340 3463 προσφορὰν
1372 3387 1408 3455 ἢ
1442 3386 1781 3461 χειροτονίαν
1814 3388 1941 3459 (59),

2068 3388 2203 3442 dum
2235 3387 2419 3442 aﬁ‘ert.
2449 3388 2610 3453 Quod
2651 3403 2786 3442 cum
2831 3386 2928 3442 ille
2958 3388 3333 3459 perspiceret,
3364 3388 3436 3443 ad
3468 3390 3708 3459 aegroto-

302 3478 332 3545 ἢ
377 3474 559 3553 ἕτερόν
612 3497 671 3531 τι
712 3479 820 3529 τῶν
867 3476 1108 3545 συνήθων
1156 3480 1275 3536 τοῖς
1334 3474 1676 3543 ἐπισκόποις,
1726 3474 1778 3530 έν
1826 3480 1942 3536 τοῖς

2069 3492 2185 3531 rum
2219 3474 2578 3530 domicilium
2610 3475 2891 3547 confugit,
2919 3476 3245 3532 ministerio
3276 3476 3581 3546 verbisque
3613 3491 3709 3546 pa-

304 3566 556 3639 Σασίμοις
744 3561 1070 3632 ἐπιτελέσαι,
1102 3560 1229 3619 ἀλλ’
1259 3564 1372 3635 ἅμα
1400 3567 1468 3637 τῇ
1500 3564 1809 3640 χειροτονίᾳ
1853 3562 1944 3617 τὸν

2064 3563 2237 3619 ternis
2267 3563 2455 3618 morbi
2503 3562 2906 3619 difﬁcultatem
2938 3564 3401 3637 gravitatemque
3432 3564 3655 3619 leniens
3689 3577 3704 3619 :

305 3651 530 3729 δρασμὸν
568 3655 683 3726 (61)
715 3652 987 3722 ἐννοῆσαι.

2066 3670 2124 3709 ac
2156 3651 2537 3725 philosophiae
2582 3653 3097 3708 exercitamentum
3129 3658 3363 3725 tempus
3410 3652 3553 3708 illud
3592 3650 3706 3707 sibi

302 3745 627 3803 constituit.
664 3744 880 3800 Ferunt
922 3747 1118 3798 autem
1168 3758 1324 3813 eum,
1356 3759 1462 3798 nec
1504 3742 1879 3815 oblationem,
1913 3759 2017 3799 nec
2047 3742 2493 3813 ordinationem,
2525 3757 2714 3813 neque
2762 3741 3087 3813 quidquam
3136 3742 3296 3797 aliud
3344 3757 3544 3797 eorum
3578 3757 3705 3810 quae

306 3836 450 3906 apud
480 3835 796 3907 episcopos
828 3831 1093 3888 consueti
1134 3832 1321 3888 munii
1371 3836 1527 3901 sunt,
1561 3832 1810 3889 Sasimis
1842 3832 2161 3905 peregrisse
2195 3848 2207 3888 :
2240 3847 2442 3887 verum
2474 3829 2653 3886 simul
2683 3833 2856 3901 atque
2887 3831 3198 3902 episcopus
3245 3830 3549 3886 ordinatus
3595 3833 3706 3897 est,

304 3923 495 3996 fugam
526 3924 732 3979 animo
763 3921 1119 3994 concepisse.

370 4013 425 4065 Ὀ
457 4008 515 4065 δὲ
570 4010 757 4083 πατὴρ
807 4007 952 4064 πολὺ
1005 4008 1099 4081 μὲν
1149 4008 1216 4076 ἦν
1263 4003 1566 4064 ἀντιϐολῶν
1618 4008 1776 4064 αὐτόν
1838 4009 1952 4082 (62)

2132 4008 2235 4064 Hic
2265 4023 2396 4063 vero
2427 4011 2590 4079 pater
2639 4007 2890 4063 multum
2922 4007 3158 4079 quidem
3198 4008 3414 4080 diuque
3459 4023 3615 4075 eum,
3648 4010 3714 4062 ut

306 4100 368 4154 τὰ
423 4102 648 4173 Σάσιμα
700 4095 971 4173 δέχεσθαι*
1033 4094 1161 4152 ἀλλ’
1217 4094 1405 4165 ἐπειδή
1454 4101 1551 4151 τοῦ
1605 4101 1810 4152 σκοποῦ
1848 4096 1946 4150 ἀπ-

2075 4096 2292 4152 Sasima
2336 4100 2578 4160 teneret,
2613 4096 2955 4152 obsecravit.
2989 4097 3132 4153 Cum
3166 4101 3360 4153 autem
3392 4096 3547 4168 quod
3580 4110 3715 4167 pro-

312 4187 588 4263 ετόγχανε,
645 4182 890 4261 δεύτερον
937 4190 1166 4239 πειεῖται
1215 4184 1323 4239 ἀνθ’
1371 4185 1562 4239 ἑαυτοῦ
1602 4184 1802 4240 ἐκεῖνον
1853 4186 1952 4253 τῆς

2078 4185 2311 4255 )onehat
2344 4185 2587 4241 minime
2628 4186 2863 4257 assequi
2897 4190 3113 4257 posset,
3146 4186 3253 4242 hoc
3288 4186 3545 4242 secundo
3576 4184 3718 4260 egit,

311 4275 638 4345 Ἐκκλησίας
662 4276 777 4347 (63)
810 4278 1103 4343 Ναζιανζοῦ
1148 4272 1425 4328 ἀνελέσθαι
1466 4274 1565 4342 τὴν
1617 4272 1947 4348 ἐπιμέλειαν.

2075 4280 2128 4330 ut
2158 4291 2261 4347 pro
2294 4291 2356 4331 se
2387 4274 2483 4330 ille
2527 4274 2792 4331 Ecclesiae
2824 4275 3200 4331 Nazianzenaa
3233 4292 3435 4330 curam
3465 4272 3715 4331 admini-

313 4365 400 4421 Καὶ
457 4369 625 4420 τοῦτο
682 4360 936 4437 ἔπραττεν
997 4362 1058 4418 οὐ
1116 4360 1383 4435 νουθεσίᾳ,
1438 4361 1624 4435 μόνον,
1665 4360 1792 4417 ἀλλ’
1839 4359 1948 4433 ἤδη

2078 4364 2531 4436 strationemque
2588 4364 2932 4437 susciperet.
2974 4365 3062 4420 Ad
3118 4380 3365 4438 eamque
3415 4380 3561 4431 rem,
3600 4378 3718 4419 non

382 4592 492 4663 (47)
524 4590 669 4647 Cod.
701 4589 795 4646 0r.
830 4588 892 4645 P.
925 4592 983 4645 et
1020 4587 1178 4645 Colb.
1216 4589 1267 4659 1,
1301 4587 1537 4652 ιντεεθεν
1580 4587 1807 4666 ἐξήφθη,
1838 4589 1967 4645 hinc

2146 4590 2259 4662 (54)
2291 4593 2531 4666 Δονεξται
2578 4594 2714 4666 τ-οῖς-
2749 4592 3009 4666 παροῦσι,
3039 4590 3180 4666 limo
3219 4591 3409 4666 verba
3460 4587 3724 4666 restitui-

318 4661 541 4719 accensa
570 4669 668 4735 est.
770 4731 783 4735 Α
1102 4731 1117 4735 _
1172 4728 1183 4735 Α
1415 4732 1425 4735 _
1686 4661 1696 4666 '
1764 4732 1887 4735 _____
2075 4661 2210 4735 mus
2239 4678 2307 4717 ex
2338 4664 2465 4718 cod.
2498 4661 2658 4719 Colb.
2688 4664 2724 4715 2
2751 4661 2878 4735 quae
2916 4662 3170 4719 reddidit
3216 4663 3275 4719 in
3325 4661 3586 4719 versione
3617 4677 3728 4719 sua

383 4736 496 4805 (48)
528 4730 718 4805 Πίστιν
752 4731 969 4802 deerat,
1019 4731 1121 4805 sed
1168 4728 1228 4805 in
1276 4732 1543 4787 versione
1599 4749 1710 4789 sua
1764 4732 1967 4805 Billius

660 4752 718 4805 τιν
752 4731 969 4802 deerat,
1019 4731 1121 4805 sed
1168 4728 1228 4805 in
1276 4732 1543 4787 versione
1599 4749 1710 4789 sua
1764 4732 1967 4805 Billius
2075 4733 2300 4790 Billius.

321 4801 629 4932 rtzsCtlithjt;1
649 4802 732 4859 sic
760 4804 963 4861 volunt
992 4801 1089 4857 alii
1118 4801 1256 4859 edit.
1288 4818 1394 4859 nec
1424 4821 1541 4860 non
1589 4808 1646 4860 et
1692 4804 1867 4859 Codd.
1901 4809 1961 4859 P.

324 4890 351 4931 e
442 4893 474 4931 ο
549 4918 562 4931 .
641 4917 653 4928 .

2149 4806 2261 4876 (55)
2305 4804 2463 4860 Colb.
2519 4806 2569 4871 1,
2620 4808 2674 4860 et
2720 4805 2845 4861 cod.
2895 4805 2990 4861 Or.
3034 4804 3192 4859 Ταῦτ’
3241 4801 3389 4860 ἰδών.
3444 4804 3727 4876 Combef.,

2087 4876 2223 4929 ταῦτ’
2255 4872 2345 4929 οὖν
2381 4872 2532 4932 ἰδών,

385 4948 503 5057 ((49)
530 4947 601 5002 In
630 4945 755 5001 cod.
792 4946 849 5001 P.
882 4944 1093 5000 desunt
1142 4943 1263 5000 haec
1304 4945 1482 5002 verba
1529 4960 1543 5002 :
1595 4944 1685 5001 καὶ
1731 4949 1837 5001 τῶν
1887 4945 1968 4999 oi-

387 5038 478 5070 .ων
508 5014 999 5071 ἀποστερούμενος.

2324 4948 2482 5003 Colb.
2549 4949 2598 5014 1,
2655 4946 2719 5000 τὸ
2777 4943 3047 5008 δυσανθές.
3110 4947 3247 5005 Cod.
3307 4949 3430 5018 On,
3485 4945 3545 4999 τὸ
3607 4942 3731 5000 δυσ-

323 5016 999 5093 κείωνξάποστερούμενος.
1170 5086 1181 5093 _
1206 5088 1221 5093 _
1269 5091 1276 5093 _
1680 5090 1690 5093 _
1930 5090 1939 5093 Α
2082 5016 2266 5093 α’χοές.

390 5090 502 5162 (50)
535 5089 675 5145 Cod.
718 5085 830 5143 ΟΡ.⁷
868 5087 1083 5143 habere
1129 5086 1358 5144 videtur
1403 5090 1814 5159 καινοποιήσας,
1846 5090 1972 5161 reﬁ-

390 5178 485 5216 ms.
784 5158 1127 5233 Té‘dyﬁpa‘._
1272 5232 1277 5233 ί
1554 5227 1565 5233 _

1670 5090 1814 5159 (σας,
1846 5090 1972 5161 reﬁ-
2123 5085 2264 5159 "'57)
2294 5089 2453 5143 Colb.
2490 5089 2571 5151 P.,
2601 5085 2924 5165 φιλοσοφίαν
2956 5092 3061 5142 τῶν
3090 5092 3310 5163 καιρῶν.

2091 5229 2105 5233 Δ
2152 5100 2266 5233 158)
2298 5160 2456 5217 Colb.
2490 5162 2514 5215 1
2552 5165 2609 5216 et
2635 5161 2691 5227 2,
2737 5158 2956 5233 Λέγεται
3006 5164 3157 5233 γοῦν.
3188 5162 3304 5218 Cod

2140 5080 2155 5092 ‘-

520 5160 662 5237 C_od_.
694 5160 749 5237 P_.
784 5158 1091 5237 τὸ-σχῆμαε
1117 5228 1129 5237 _
1266 5232 1293 5237 _
1324 5234 1362 5237 _
1553 5227 1565 5237 .
1906 5158 1913 5161 ν

2094 5229 2131 5237 __
2298 5160 2456 5217 Colb.
2490 5162 2514 5215 1
2552 5158 2691 5227 et'2,
2737 5158 2956 5236 Λέγεται
3006 5164 3157 5235 γοῦν.
3186 5158 3327 5218 Cod.
3360 5162 3480 5232 Or.,
3513 5160 3734 5237 Λέγεται

394 5178 485 5216 ms.
520 5177 662 5217 uoa.
694 5177 749 5215 ι’.
784 5177 847 5212 το
877 5178 908 5211 σ
953 5177 1091 5231 ημα.

394 5232 505 5304 (51)
539 5232 682 5287 Cod.
811 5177 990 5287 addyit.
1024 5227 1169 5304 πλὴν
1199 5232 1297 5283 τοῦ
1318 5227 1655 5304 ᾲΓρηγορᾼίου.
1971 5303 1976 5304 ν

637 5177 1169 5304 1.ῗ.τὲἀῖ1ζέμτῗλήν
1199 5232 1297 5283 τοῦ
1318 5227 1655 5304 ᾲΓρηγορᾼίου.
1971 5303 1976 5304 ί
2087 5229 2133 5286 δ’
2156 5177 2277 5287 εἴ).

395 5300 506 5378 (52)
538 5302 809 5378 Προσάγει
858 5300 1189 5378 χειροτονία
1208 5300 1427 5378 _red_dit
1456 5300 1696 5371 'Billius,
1726 5303 1980 5378 eiectioni

1761 5303 1980 5378 lectioni
2302 5302 2684 5378 ξὶίξᾲοοᾷηῧς.
2712 5303 2770 5359 in
2802 5304 2942 5361 edit.
2972 5302 3401 5378 χειρονοτονίαν.

330 5370 603 5449 admovet,
643 5370 792 5447 quod
832 5370 979 5449 nihil
1018 5370 1698 5449 ecclesiasticum__sonat.
1723 5376 1815 5431 Sic
1842 5392 1970 5449 pas-

2159 5370 2272 5449 (60)
2303 5374 2461 5431 Colb.
2495 5377 2529 5430 2
2558 5374 2734 5432 habet
2757 5370 3127 5432 tantuni'n‘iw
3158 5377 3402 5447 συνήθων
3432 5379 3551 5440 τοῖς
3587 5370 3741 5431 Σασί-

333 5445 437 5521 sim
468 5442 944 5520 ρει-χειροτονίαν
992 5445 1306 5521 electionem
1354 5444 1662 5519 intelligit;
1696 5442 1973 5521 combefi-

604 5442 944 5519 χειροτονίαν
992 5445 1306 5521 electionem
1354 5444 1662 5519 intelligit;
1696 5442 1981 5521 combefi-
2094 5442 2239 5521 μοις.

334 5517 453 5574 sius
469 5514 648 5593 'vero;
678 5514 848 5589 quem
894 5516 1218 5589 sequimur,
1249 5534 1519 5574 manuum
1545 5514 1979 5592 E’mpositionem,
2095 5514 2105 5521 ’
2163 5519 2275 5593 (61)
2304 5517 2483 5593 Codd.
2518 5517 2612 5593 Or.
2645 5519 2791 5593 et_P.
2822 5517 2893 5593 τὸΔ
2919 5514 3152 5593 δράσειν.

2185 5587 2277 5648 62)
2310 5587 2475 5645 Αὐτόν
2510 5590 2673 5645 deest
2704 5591 2761 5646 in
2793 5591 2921 5648 cod.
2953 5587 3051 5648 Or.

2186 5657 2276 5733 63)
2305 5657 2636 5735 Ἐκκλησίας
2666 5662 2829 5722 deest
2858 5664 2918 5721 in
2950 5662 3078 5720 cod.
3112 5660 3211 5723 Or.

339 5591 812 5647 consecrationem.

404 5661 513 5741 (53)
547 5660 688 5721 Cod.
718 5661 780 5719 P.
814 5654 1114 5741 λαοφόρου.
