4152 6208
429 304 536 359 271

1552 295 1731 356 VlTA
1782 295 1847 352 S.
1896 290 2263 351 GREGORII
2307 291 2699 353 THEOLOGI

3706 293 3825 356 272

428 431 888 489 admonitionem
918 434 1150 486 tantum
1181 432 1237 484 et
1275 427 1731 485 cobortationem
1775 423 2067 492 afferebat,

2187 419 2275 476 καὶ
2325 420 2454 496 ἀράν
2507 444 2624 477 τινα
2672 423 3009 500 προσμιγνὺς
3066 422 3124 479 ἐκ
3171 416 3537 499 πρεσϐυτικῆς
3568 425 3833 500 ὁρμωμε-

428 520 527 577 sed
541 520 665 592 jam
679 519 853 576 etiam
871 518 1349 591 imprecationem
1363 517 1677 589 quamdam
1697 512 2078 581 admiscebat,

428 625 496 665 ex
526 608 843 665 senectutis
865 611 1199 680 contemptu
1233 606 1718 679 proficiscentem.
1745 604 1848 659 Hic
1879 604 2077 658 autem

428 697 607 756 simul
639 698 874 769 quidem
906 700 962 752 et
982 696 1162 752 vitam
1196 694 1374 751 nullis
1398 692 1883 767 occupationibus
1912 691 2088 745 inter-

428 786 703 858 pellatam
748 785 860 841 sibi
908 802 1252 859 procurans,
1285 789 1343 842 et
1398 785 1595 857 magni
1645 780 1929 839 momenti
1961 794 2084 834 rem

425 892 553 933 esse
582 891 830 932 censens
879 891 1103 932 morem
1153 874 1306 948 patri
1352 890 1571 947 gerere,
1605 873 1698 929 bis
1729 869 1915 927 verbis
1948 883 2083 924 eum

426 964 746 1038 alloquitur
777 978 828 1019 :«
854 964 1042 1031 Pater,
1073 963 1309 1020 tametsi
1342 962 1486 1019 mihi
1515 961 1766 1018 molesta
1796 962 1936 1015 sunt
1956 972 2083 1029 ques

427 1053 705 1126 imperas,
720 1052 779 1108 in
799 1051 1049 1125 gratiam
1068 1056 1262 1108 tamen
1280 1051 1365 1107 tui
1384 1051 1839 1123 haudquaquam
1854 1061 2079 1102 recuso.

426 1141 692 1199 Nazianzi
725 1157 927 1197 curam
970 1141 1247 1214 suscipio.
1282 1140 1401 1197 Hoc
1440 1145 1637 1197 tamen
1670 1136 1845 1194 velim
1877 1137 2084 1191 sancta

425 1235 531 1288 tua
567 1229 1130 1303 religiosissimaque
1179 1228 1490 1302 prudentia
1537 1229 1869 1301 cognoscat,
1919 1221 2081 1278 nulla

428 1320 653 1375 ratione
683 1318 805 1374 ﬁeri
838 1334 1030 1391 posse,
1067 1321 1128 1373 ut
1168 1322 1225 1375 te
1263 1334 1330 1375 ex
1360 1318 1469 1374 hac
1496 1317 1614 1373 vita
1644 1314 1943 1372 subtracto
1974 1311 2078 1366 Ec-

425 1408 667 1465 clesiam
700 1408 1004 1464 retineam.
1037 1432 1065 1459 ››
1102 1407 1457 1463 Praeveniens
1488 1406 1668 1479 igitur
1696 1408 1860 1477 pater
1893 1416 1958 1455 :«
1995 1399 2081 1454 Ita

423 1514 585 1568 sane,
612 1497 827 1568 inquit,
851 1513 883 1552 ο
916 1495 1019 1567 ﬁli,
1046 1495 1191 1551 mihi
1220 1496 1436 1551 viventi
1467 1490 1899 1567 scipionisivice
1929 1490 2074 1554 esto,

2190 530 2285 580 νην
2347 507 2663 586 ὀλιγωρίας.
2724 511 2780 566 Ὀ
2839 509 2915 585 δὲ,
2973 511 3036 567 τό
3090 532 3149 567 τε
3203 510 3595 587 ἀπερίσπαστον
3656 513 3832 587 ἑαυτῷ

2195 594 2589 673 διοικούμενος,
2620 599 2815 672 καὶτῷ
2840 599 3006 676 πατρὶ
3062 601 3375 676 πειθαρχεῖν
3427 602 3565 676 μέγα
3610 601 3834 678 κρίνων,

2195 687 2327 765 φησί
2373 688 2510 763 πρὸς
2560 688 2737 743 αὐτόν*
2780 690 2901 744 «Ὦ
2948 690 3137 765 πάτερ,
3170 688 3264 743 κᾶν
3315 687 3396 743 ὅτι
3449 686 3688 766 δυσχερῆ
3745 711 3836 764 μοι

2191 776 2258 830 τὰ
2287 777 2749 852 προσταττόμενα,
2781 776 2933 851 ὅμως
2976 775 3033 832 δὲ
3079 779 3176 846 σήν
3224 777 3384 854 χάριν
3436 777 3535 833 οὐκ
3576 778 3835 838 ἆνανεύω.

2194 865 2435 941 Δέχομαι
2466 867 2566 935 τήν
2600 864 2860 945 φροντίδα
2889 871 3208 935 Ναζιανζοῦ.
3240 866 3553 922 Γινωσκέτω
3585 864 3642 923 δέ
3674 889 3769 923 σου
3800 871 3835 938 ἡ

2192 953 2309 1029 ἱερὰ
2339 953 2428 1009 καὶ
2459 953 2723 1033 θεοφιλὴς
2752 976 2982 1027 συνεσις,
3014 956 3089 1018 ὡς
3122 954 3227 1031 οὐχ
3258 956 3372 1011 οἷόν
3401 958 3460 1011 τέ
3494 977 3581 1029 με,
3614 961 3711 1011 σοῦ
3737 962 3837 1013 τοῦ

2188 1041 2319 1115 τῇδε
2351 1042 2472 1119 βίου
2504 1043 2902 1120 χωοιζομένου,
2934 1052 3034 1115 τῆς
3060 1044 3383 1116 Ἐκκλησίας
3432 1044 3769 1121 ἀντέχεσθαι.
3803 1072 3831 1100 η

2186 1133 2519 1211 Ὑποφθάσας
2568 1133 2660 1189 οὗν
2714 1134 2743 1188 6
2789 1134 2992 1211 πατὴρ,
3026 1158 3054 1185 ‹‹
3090 1134 3244 1207 Ἐμοὶ
3300 1134 3415 1206 μὲν,
3458 1130 3583 1212 ἔφη,
3616 1136 3660 1189 ὦ
3711 1141 3831 1207 παῖ,

2192 1222 2352 1287 ζῶντι
2413 1219 2680 1297 βακτηρία
2729 1225 2910 1297 γενοῦ,
2940 1220 3003 1276 τὸ
3060 1227 3234 1298 γῆρας
3289 1221 3693 1299 ὑποσοηρίζων,
3739 1226 3832 1279 καὶ

2185 1312 2304 1370 ταῖς
2348 1315 2633 1383 πατρικαῖς
2694 1309 2883 1386 εὐχαῖς
2938 1310 3348 1387 στηριζόμενος.
3400 1310 3829 1383 Τελευτήσαντος

2188 1393 2265 1466 δὲ,
2323 1397 2396 1459 ὡς
2454 1398 2512 1452 ἂν
2564 1398 2601 1474 ᾖ
2660 1420 2742 1453 σοι
2807 1398 2990 1477 φίλον,
3041 1397 3307 1464 διατίθεσο
3364 1402 3477 1475 (64)
3532 1402 3600 1456 τὰ
3653 1403 3827 1479 πράγ-

2191 1505 2350 1557 ματα,
2381 1510 2409 1537 ››

425 1588 784 1641 senectutem
818 1600 1007 1640 meam
1042 1584 1400 1651 suﬂ‘ulciens,
1431 1582 1806 1655 paternisque
1854 1576 2127 1650 precibus
2165 1575 2423 1632 vicissim
2458 1577 2658 1635 fultus.
2692 1584 2834 1634 Cum
2884 1583 3080 1635 autem
3130 1596 3160 1635 e
3210 1579 3330 1636 vita
3375 1597 3695 1650 excessero,
3726 1598 3828 1654 pro

423 1673 606 1730 animi
639 1672 922 1730 arbitratu
954 1690 1045 1729 res
1076 1677 1208 1729 tuas
1238 1673 1546 1729 constitue.
1577 1695 1598 1721 ιι

494 1764 596 1820 His
627 1763 864 1829 auditis,
902 1763 1177 1818 assiduus
1226 1762 1340 1834 ipsi
1374 1760 1722 1828 adhaerebat,
1757 1754 2067 1830 praeclaris-

2256 1753 2469 1808 Τούτων
2521 1754 2770 1825 ἀκούσας,
2821 1755 3120 1830 προσέμενε
3166 1762 3499 1834 γηροκομῶν
3550 1761 3664 1831 (65)
3711 1755 3828 1835 ἄρι-

423 1853 570 1909 sime
602 1869 815 1908 curans
843 1856 972 1907 tum
1012 1852 1203 1924 ipsius
1233 1851 1527 1917 canitiem,
1553 1851 1679 1921 jam
1724 1848 1793 1903 ad
1828 1842 2071 1901 centesi-

424 1958 587 1997 mum
627 1957 850 1997 annum
894 1941 1240 2008 accedentis,
1273 1945 1401 1996 tum
1451 1939 1658 1995 matris
1689 1938 2072 2001 senectutem,

423 2046 537 2085 non
562 2030 809 2084 multum
829 2029 903 2084 ab
925 2045 993 2084 ea
1012 2032 1179 2085 aetate
1196 2028 1501 2095 distantis;
1528 2042 1777 2098 quorum
1802 2029 2074 2096 uterque,

421 2123 484 2173 ut
512 2117 813 2189 probabile
868 2121 977 2183 est,
1011 2132 1224 2189 magna
1281 2134 1421 2171 cura
1468 2120 1524 2171 et
1553 2133 1587 2171 a
1615 2114 1813 2170 labore
1871 2112 2071 2184 requie

415 2222 564 2278 opus
593 2205 864 2276 habebat,
899 2205 1220 2278 prasertim
1254 2207 1379 2276 jam
1414 2205 1686 2260 defuncto
1715 2202 1983 2267 Caesarie,
2015 2204 2072 2256 et

416 2294 708 2367 Gorgonis
725 2311 921 2350 sorore
940 2294 1315 2350 sanctissima
1337 2294 1573 2360 femina,
1588 2296 1761 2364 atque
1781 2291 2069 2347 ambobus

416 2384 488 2441 ad
519 2383 700 2439 vitam
728 2382 875 2438 senii
905 2386 1198 2455 expertem
1222 2388 1615 2454 aeternamque
1645 2380 2067 2436 beatitudinem

416 2472 738 2541 translatis,
764 2488 910 2544 quos
936 2472 1111 2528 etiam
1146 2472 1489 2528 funebribus
1510 2469 1871 2526 orationibus
1903 2470 2071 2524 deco-

417 2562 586 2629 ravit,
602 2561 763 2617 solus
784 2560 1021 2617 relictus
1048 2561 1366 2617 senectitus
1388 2560 1677 2627 solatium,
1703 2558 2067 2614 inﬁrmitatis

416 2650 729 2718 medicina,
763 2650 991 2721 piorum
1037 2654 1367 2722 parentum,
1400 2648 1448 2705 si
1480 2649 1564 2705 ita
1610 2648 1769 2720 loqui
1821 2649 1909 2703 fas
1954 2652 2063 2717 est,

416 2738 624 2794 melior
652 2738 966 2804 successio,
990 2739 1335 2809 abundeque
1366 2737 1559 2810 ampla
1590 2738 1911 2807 majoribus
1941 2738 2066 2792 suis

417 2826 600 2900 gloria
632 2827 702 2881 ad
740 2828 1177 2898 propagandam
1211 2843 1412 2883 eorum
1448 2826 1812 2894 memoriam,
1845 2829 1901 2881 et
1930 2841 2062 2880 cum

415 2916 574 2972 orbis
620 2915 901 2971 incolumi
950 2919 1106 2971 statu
1150 2915 1580 2987 porrigendam.
1614 2914 1826 2986 Ecquis
1865 2918 2062 2969 autem

416 3004 623 3076 majori
658 3004 897 3076 pietatis
942 3003 1115 3059 laude
1154 3003 1489 3059 domesticis
1538 3004 1786 3076 praefuit,
1818 3002 2063 3058 scientia

414 3099 471 3149 et
518 3094 728 3164 pietate
758 3094 995 3148 domum
1038 3094 1371 3161 moderans,
1403 3092 1559 3148 velut
1605 3092 1864 3164 optimus
1895 3093 2051 3164 quis-
2087 3118 2129 3185 Ο

409 3183 567 3254 piam
592 3186 1082 3255 procurator,quae
1103 3182 1316 3253 cuique
1334 3182 1641 3237 commoda
1658 3185 1840 3251 erant,
1864 3181 2057 3236 distri-

410 3272 619 3335 buens.
638 3271 925 3343 cognatis,
957 3270 1182 3335 amicis,
1209 3270 1465 3336 famulis,
1486 3270 1818 3342 hospitibus
1843 3287 1857 3325 :
1883 3275 2057 3341 atque

410 3361 492 3415 ita
522 3376 729 3415 rursus
759 3358 1029 3415 Ecclesia
1079 3360 1311 3431 negotia
1357 3359 1797 3427 administrans,
1832 3363 1897 3414 ut
1928 3360 2055 3431 ejus

412 3449 686 3519 pascendi
718 3448 910 3520 gregis
944 3448 1090 3503 ratio
1120 3448 1393 3504 omnibus
1421 3448 1581 3504 velut
1614 3452 1765 3504 recta
1796 3449 2056 3504 amussis

410 3536 706 3609 proposita
734 3536 928 3592 esset?
974 3537 1288 3593 Commode
1335 3541 1530 3592 autem
1561 3555 1592 3591 a
1624 3537 1801 3592 Paulo
1831 3538 2054 3592 dictum

410 3632 499 3681 est
548 3642 561 3681 :
617 3626 679 3682 Si
734 3629 855 3697 quis
910 3625 1222 3681 domesticis
1275 3642 1504 3698 praesa:
1556 3629 1744 3692 nescit,
1793 3626 2054 3697 quomodo

410 3715 669 3771 Ecclesiae
696 3715 795 3770 Dei
833 3731 1024 3770 curam
1068 3714 1287 3770 habebit
1306 3714 1393 3769 97?
1441 3714 1667 3770 Etenim
1714 3716 1813 3787 qui
1867 3731 2053 3771 unum

409 3804 728 3875 prudenter
774 3804 1004 3871 rexerit,
1036 3803 1130 3857 hic
1179 3803 1380 3873 utique
1427 3809 1482 3859 et
1533 3805 1773 3860 domum
1828 3821 2056 3861 servare

409 3896 583 3964 queat
610 3910 625 3948 :
653 3892 754 3964 qui
785 3896 978 3947 autem
1010 3892 1273 3960 domum,
1308 3893 1463 3948 idem
1494 3897 1551 3948 et
1576 3893 1889 3949 Ecclesiam
1918 3912 1929 3948 :
1954 3894 2055 3965 qui

408 3998 615 4037 rursus
646 3979 1061 4046 Ecclesium,is
1101 3985 1156 4036 et
1182 3980 1663 4037 civitatem.Nam
1718 3987 1775 4038 et
1821 3984 2055 4052 domus,

405 4073 700 4124 contracta
731 4071 997 4140 quaedam
1040 4068 1367 4140 respublica
1396 4074 1485 4125 est
1518 4088 1531 4126 :
1567 4076 1625 4126 et
1666 4072 1892 4144 civitas,
1926 4091 2054 4146 per-

409 4157 610 4212 fectior
640 4160 907 4228 quaedam
956 4159 1168 4214 domus
1205 4158 1538 4231 descriptio.
1573 4161 1849 4231 Ejusdem
1898 4164 2054 4220 enim

410 4245 666 4300 scientias
696 4250 805 4313 est,
837 4251 894 4302 et
942 4246 1177 4317 multos,
1212 4252 1268 4303 et
1297 4264 1535 4320 paucos,
1567 4254 1671 4305 aut
1718 4268 1902 4307 unum
1934 4270 2052 4309 ser-

403 4349 541 4390 vare
575 4350 589 4388 :
625 4349 729 4389 nec
756 4333 817 4389 in
855 4338 1044 4390 totum
1075 4340 1130 4390 et
1159 4336 1519 4407 universum,
1545 4338 1643 4393 sed
1667 4338 1792 4396 sola
1820 4344 2056 4412 quanti-

407 4423 545 4477 tatis
578 4422 799 4478 ratione
828 4421 1166 4495 hujusmodi
1200 4440 1293 4479 res
1322 4424 1476 4480 inter
1504 4442 1562 4481 se
1593 4427 1890 4485 differunt.

2184 1862 2299 1896 στα·
2333 1842 2493 1897 αὐτόν
2559 1865 2618 1899 τε
2674 1841 2784 1914 ἤδη
2846 1844 3031 1899 ἑκατὸν
3087 1843 3224 1900 ἔτεσι
3282 1844 3675 1915 πλησιάσαντα,
3734 1848 3825 1901 καὶ

2181 1932 2278 2000 τήν
2316 1932 2524 2007 μητέρα
2550 1932 2757 1988 τούτων
2793 1933 2972 2009 βραχύ
3009 1956 3059 1989 τι
3095 1932 3445 2003 ἀποδέουσαν,
3476 1934 3717 2006 πολλῆς,
3752 1937 3828 1998 ὡς

2183 2019 2346 2086 εἷ’κὸς,
2407 2022 2687 2098 Θεραπείας
2753 2022 2842 2076 καὶ
2925 2022 3271 2086 ἀναπαύσεως
3344 2024 3670 2101 χρῄζοντας,
3736 2043 3827 2098 καὶ

2184 2106 2419 2182 μάλιστα
2464 2107 2572 2180 ἤδη
2624 2108 2918 2187 Καισαρίου
2947 2110 3039 2166 τὸν
3095 2111 3211 2187 βίον
3258 2112 3657 2189 μετειληχότος
3688 2116 3824 2189 (66),

2178 2197 2267 2252 καὶ
2327 2198 2618 2274 Γοργονίας
2673 2205 2775 2269 τῆς
2832 2199 3134 2270 ὁσιωτάτης
3184 2201 3236 2255 ἐν
3264 2201 3503 2276 γυναιξὶν
3555 2201 3822 2281 ἀδελφῆς,

2178 2287 2497 2365 ἀμφοτέρων
2536 2289 2927 2361 μετατεθέντων
2958 2290 3096 2365 πρὸς
3152 2290 3251 2358 τὴν
3296 2289 3490 2367 ἀγήρω
3540 2293 3681 2361 ζωὴν
3731 2294 3823 2347 καὶ

2179 2374 2417 2446 ἄληκτον
2450 2375 2813 2451 εὐδαιμονίαν,
2846 2377 2939 2440 οὓς
2985 2379 3075 2433 καὶ
3126 2378 3315 2455 λόγοις
3363 2381 3665 2459 ἐπιταφίοις
3714 2382 3821 2437 ἐτί-

2181 2487 2341 2539 μησε,
2403 2466 2568 2540 μόνος
2644 2465 2993 2545 ἀπολειφθεὶς
3051 2470 3163 2539 (67)
3230 2470 3417 2545 γήρως
3483 2469 3819 2546 παραμυθία,

2175 2554 2450 2619 ἀσθενείας
2502 2555 2726 2631 ἰατρεία,
2775 2557 2977 2623 γονέων
3030 2552 3282 2627 εὐσεϐῶν,
3316 2557 3362 2613 εἰ
3416 2558 3491 2631 μή
3547 2560 3684 2635 μέγα
3739 2559 3816 2615 εἰ·

2174 2650 2317 2718 πεῖν,
2359 2644 2593 2719 ἀμείνων
2644 2641 2901 2721 διαδοχή,
2952 2644 3043 2700 καὶ
3093 2646 3329 2722 ἀρκοῦσα
3368 2652 3485 2702 τοῖς
3533 2647 3824 2724 προγόνοις

2176 2731 2411 2804 εὔκλεια,
2446 2732 2583 2788 ὥστε
2612 2733 2786 2788 αὐτῶν
2819 2731 3128 2810 δολιχεύειν
3161 2737 3272 2809 (68)
3297 2736 3397 2805 τὴν
3447 2739 3692 2810 μνήμην,
3721 2738 3814 2792 καὶ

2173 2828 2241 2898 τῇ
2293 2823 2537 2878 συστάσει
2584 2828 2679 2877 τοῦ
2725 2823 2933 2897 κόσμου
2986 2825 3533 2899 συμπαρεκτείνισθαι
3562 2828 3694 2900 (69).
3728 2827 3822 2889 Τίς

2178 2913 2271 2987 μὲν
2329 2910 2418 2967 οὗν
2475 2908 2876 2989 Θεοσεϐέστερον
2946 2913 3159 2967 οἰκείων
3228 2914 3489 2990 προέστη,
3539 2914 3816 2990 ἐπιστήμη

2172 3002 2501 3075 οἰκονομῶν,
2550 3001 2639 3056 καὶ
2689 3000 2941 3079 φιλοθεΐᾳ
2988 3002 3077 3056 τὸν
3127 3001 3273 3057 οἶκον
3320 3006 3456 3077 (70),
3505 3002 3683 3079 ὥσπερ
3732 3026 3818 3069 τις

2171 3088 2385 3167 ἄριστος
2411 3086 2723 3164 οἰκονόμος,
2758 3091 2963 3164 ἑκάστῳ
3009 3092 3188 3164 νέμων
3236 3093 3303 3146 τὰ
3349 3092 3651 3171 πρόσφορα,
3685 3114 3817 3171 συγ-

2166 3182 2367 3256 γενέσι,
2426 3179 2631 3258 φίλοις,
2683 3179 2940 3249 οἰκέταις,
2991 3179 3180 3252 ξένοις’
3231 3180 3298 3236 τὰ
3350 3178 3407 3236 δὲ
3453 3181 3813 3252 τῆςἘκκλ-η-

2165 3269 2279 3331 σίας
2311 3268 2504 3336 οὕτως,
2537 3269 2610 3330 ὡς
2640 3267 2835 3323 κανόνα
2880 3271 3191 3344 προκεῖσθαι
3242 3267 3448 3325 δίκαιον
3500 3270 3660 3325 ἅπασι
3706 3273 3811 3340 τήν

2165 3358 2369 3414 ἐκείνου
2418 3360 2826 3429 ποιμαντικήν;
2878 3358 3276 3432 Προσηκόντως
3326 3360 3437 3431 (71)
3488 3356 3545 3414 δὶ
3594 3358 3809 3434 εἴρηται

2162 3452 2239 3519 τῷ
2297 3447 2425 3519 θείῳ
2481 3444 2706 3517 Παύλῳ
2756 3446 2819 3500 Εἰ
2859 3443 2915 3501 δέ
2960 3467 3045 3507 τις
3092 3451 3201 3502 τῶν
3248 3446 3462 3502 οἱκείων
3510 3450 3616 3521 (72)
3664 3469 3810 3521 προ-

2164 3542 2351 3605 στῆναι
2413 3534 2511 3590 οὐκ
2566 3532 2699 3603 οἶδε,
2753 3539 2870 3597 πῶς
2926 3535 3251 3605 Ἐκκλησίας
3328 3541 3462 3591 Θεοῦ
3536 3536 3808 3609 ἐπιμελή-

2162 3645 2305 3680 σεται
2333 3644 2346 3693 ;
2377 3627 2437 3681 Ὁ
2466 3625 2567 3700 γὰρ
2597 3621 2689 3678 ἕνα
2721 3626 2834 3697 (73)
2864 3620 3290 3701 παιδαγωγησας
3343 3626 3476 3698 μετὰ
3522 3626 3808 3696 συνέσεως,

2164 3714 2320 3776 οὗτος
2369 3711 2551 3783 δήπου
2596 3711 2687 3766 καὶ
2734 3711 2881 3767 οἶκον
2930 3712 3149 3767 σώσειεν
3183 3716 3317 3786 (74)·
3353 3716 3381 3768 6
3414 3712 3471 3768 δὲ
3502 3714 3668 3784 οἶκον,
3717 3715 3810 3770 καὶ

2165 3800 2509 3872 Ἐκκλησίανο
2545 3802 2573 3855 6
2607 3799 2664 3856 δὲ
2694 3798 3039 3873 Ἐκκλησίαν,
3070 3801 3161 3856 καὶ
3192 3797 3379 3858 πόλιν.
3412 3803 3571 3865 Οἴκός
3599 3824 3656 3858 τε
3704 3806 3810 3880 γάρ

2164 3893 2274 3948 ἐστι
2306 3890 2559 3947 πολιτεία
2606 3888 3030 3963 συνεσταλμένη·
3062 3889 3153 3945 καὶ
3199 3890 3363 3954 πόλις
3412 3892 3470 3947 ἃν
3521 3890 3603 3963 εἷή
3657 3892 3813 3948 οἷ’κου

2161 3981 2464 4055 τελεωτέρα
2495 3982 2605 4053 (75)
2658 3981 2986 4057 περιγραφή.
3020 3982 3138 4049 Τῆς
3189 3977 3247 4035 δὲ
3290 3980 3457 4050 αὐτῆς
3504 3980 3815 4054 ἐπιστήμης

2163 4068 2410 4132 πολλούς
2467 4089 2527 4123 τε
2569 4068 2757 4136 σώζειν
2807 4067 2897 4122 καὶ
2947 4066 3191 4143 ὀλίγους,
3233 4070 3268 4138 ἢ
3322 4066 3437 4139 ἕνα,
3485 4070 3573 4124 καὶ
3628 4069 3689 4124 οὐ
3731 4075 3813 4139 τῷ

2164 4158 2279 4233 ὅλῳ
2309 4158 2397 4213 καὶ
2430 4157 2609 4227 παντὶ,
2641 4154 2786 4211 ἀλλὰ
2812 4161 2892 4229 τῷ
2922 4155 3076 4230 ποσῷ
3111 4156 3262 4230 μόνῳ
3295 4160 3407 4232 (76)
3457 4156 3697 4236 διαφέρει
3743 4159 3815 4215 τὰ

2160 4252 2402 4305 τοιαῦτα.

479 4510 783 4568 Enimvero
812 4527 947 4567 cum
997 4511 1312 4584 Gregorius
1368 4520 1531 4585 pater
1572 4515 1678 4580 (sic
1726 4518 1882 4574 enim
1933 4520 2057 4593 ipse

2240 4521 2350 4572 Τοῦ
2409 4514 2465 4571 δὲ
2494 4514 2697 4589 πατρὸς
2745 4512 2893 4587 αὐτῷ
2925 4515 3057 4588 (77),
3091 4514 3399 4591 Γρηγορίου
3451 4515 3648 4589 (οὕτως
3699 4514 3813 4591 πὰρ

473 4691 515 4727 9"
546 4690 569 4745 Ι
600 4689 752 4747 Tim.
785 4694 869 4762 in,
899 4691 953 4746 5.

493 4886 584 4953 64)
613 4887 791 4943 Codd.
823 4886 918 4944 Or.
951 4888 1014 4943 P.
1048 4889 1103 4942 et
1132 4885 1292 4942 Colb.
1328 4886 1378 4954 1,
1412 4881 1655 4951 διατίθει.

493 4959 585 5034 εὲεὲ)
616 4959 873 5034 Qombsf-
902 4961 1269 5034 γηρωκοιξῶγτ
1352 5030 1361 5034 _
1480 4962 1491 4971 ’

473 5031 589 5107 ((66)
616 5031 758 5107 _Cod_.
790 5031 885 5107 0r.
1050 5037 1107 5087 et.
1130 5028 1305 5107 Γλοῦ).
1322 5030 1392 5107 ,1,
1419 5028 1871 5107 μετηλλαχότος,
1919 5055 2048 5096 cum

400 5101 693 5172 dra/unctus
722 5103 891 5172 fuerit
923 5103 1223 5165 amarius,
1253 5100 1341 5156 vel
1372 5100 1541 5157 vitam
1581 5100 1901 5165 mutaverit.

613 5175 899 5263 (I‘talco'dd:
934 5176 1119 5263 Ornet
1146 5174 1232 5239 P.;
1266 5175 1324 5227 in
1357 5172 1883 5263 ed‘it.’&1to)\h‘q300£tc.

468 5240 583 5332 (66)
612 5243 748 5301 Cod.
783 5245 842 5302 P.
874 5245 934 5301 in
967 5250 1086 5301 not.
1112 5261 1296 5317 marg.
1320 5240 1623 5315 κυκλεύειν,
1657 5240 1745 5303 διᾶ
1778 5250 2042 5325 μακρόθεν

431 5333 659 5369 υοευειν.

393 5332 659 5390 γυρευειν.

609 5387 745 5462 Cod.
867 5385 1402 5462 συμπαρατείνεσθαι.

487 5458 579 5514 70)
609 5458 743 5513 Cod.
777 5457 872 5514 Or.
903 5455 1012 5513 τῶν
1045 5455 1230 5513 οἷ’κων.

487 5458 558 5511 70
609 5458 743 5513 Cod.
777 5458 872 5514 Or.
903 5462 1012 5513 τῶν
1045 5458 1230 5513 οἷ’κων.

482 5458 579 5619 711)
603 5530 738 5619 09d.
874 5528 1293 5605 προσεικόντως,
1341 5530 1399 5585 et
1443 5528 1504 5585 in
1554 5534 1673 5588 not.
1726 5550 1911 5610 marg.
1962 5534 2044 5619 ἐφ’

393 5596 602 5681 ὁμοίως
631 5600 666 5672 ἢ
698 5596 927 5679 πρέπονξ

2230 4897 2344 4969 (72)
2373 4893 2520 4969 (Ξοᾷέ
2562 4891 2814 4969 Οιλτῶν
2869 4887 3042 4961 ἰδίων,
3092 4893 3340 4961 privatas
3385 4908 3491 4951 res.
3523 4892 3639 4949 Cod
3672 4893 3734 4949 P.
3761 4892 3814 4949 si

2159 4963 2216 5022 δέ
2236 4961 2439 5038 ’τι,’τὸν
2472 4961 2609 5038 ἴδιον
2640 4962 2807 5038 οἷκον.

2230 5030 2340 5108 (73)
2372 5037 2509 5094 Cod.
2542 5036 2638 5091 Or.
2666 5031 2817 5108 i'OLSe
2846 5030 2960 5092 ἕνα.

2228 5102 2340 5182 (74)
2372 5107 2684 5182 Σώσξιενχρ
2714 5103 2771 5160 δὲ
2802 5106 3073 5182 οἷκον-καὶ
3116 5102 3424 5182 έκξλμησίαν·
3459 5106 3487 5161 ὁ
3519 5102 3576 5161 δὲ
3604 5104 3808 5182 ἐκκλη-

2156 5175 2271 5235 σίάν
2303 5175 2393 5236 καὶ
2422 5175 2607 5235 πόλιν.
2640 5179 2771 5235 Haec
2818 5178 3146 5235 reddiderat
3191 5177 3419 5248 Billius,
3450 5183 3507 5235 et
3551 5175 3809 5235 restitui-

2156 5271 2289 5309 mus
2344 5269 2413 5308 ex
2466 5267 2755 5307 consensu
2810 5252 3186 5323 antiquorum
3242 5250 3380 5305 edit.
3422 5255 3479 5306 et
3532 5251 3806 5309 omnium

2153 5326 2322 5382 codd.
2359 5338 2624 5378 manusc.

2223 5397 2336 5539 (75)
2367 5396 2502 5452 Cod.
2629 5388 2958 5468 τιλιιοτέρα.

2243 5470 2315 5523 76
2368 5467 2430 5522 In
2476 5467 2614 5522 edit.
2648 5462 2824 5538 πόνῳ,
2854 5466 2957 5521 sed

2243 5459 2333 5530 76)
2368 5467 2430 5522 In
2476 5466 2614 5522 edit.
2648 5462 2824 5538 πόνῳ,
2854 5459 2957 5521 sed
3010 5464 3138 5521 cod.
3194 5478 3399 5521 omnes
3446 5462 3649 5521 volunt
3698 5459 3806 5537 μό-

2149 5560 2331 5685 νῳ(77)
2361 5608 2498 5665 Cod.
2529 5606 2625 5664 Or.
2659 5607 2837 5665 habet
2863 5604 3048 5665 αὐτοῦ.
