4152 6208
310 414 414 475 273

1297 419 1664 481 AUCTORE
1709 422 2107 484 GBEGOIUO
2157 424 2695 487 PRESBYTERO.

3577 426 3697 485 274

305 548 382 602 καὶ
422 545 575 609 αὐτὸς
626 545 962 621 ὠνομάζετο)
1007 548 1098 603 τὸν
1150 547 1264 623 βίον
1320 550 1754 623 μεταλλάξαντος
1786 599 1800 623 ,
1850 575 1923 609 τι-

2045 558 2383 630 vocabatur)
2404 575 2472 613 ex
2501 558 2609 612 hac
2639 557 2756 613 vita
2776 556 3107 629 migrasset,
3132 554 3395 611 funebris
3415 557 3696 615 orationis

309 638 469 711 μήσας
498 635 587 689 τὸν
620 636 826 721 πατέρα
869 634 1054 713 λόγοις
1100 636 1426 716 ἐπιταφίοις,
1474 642 1573 711 τήν
1618 662 1675 696 τε
1705 642 1931 721 θεοφιλῆ

310 723 500 800 μητέρα
571 719 768 779 Νόνναν
841 724 1186 801 ἐγκωμιάσας
1267 724 1343 783 ἔτι
1422 732 1593 798 ζῶσαν
1631 751 1643 763 ·
1704 719 1824 785 ὅσιά
1877 754 1937 808 γε

305 818 459 869 ποιῶν
491 813 579 869 καὶ
629 817 716 869 οἷα
767 814 909 876 εἷκὸς
955 816 1044 869 τὸν
1079 815 1425 893 φιλοπάτορα
1470 839 1529 873 τε
1568 821 1657 873 καὶ
1689 818 1934 898 φιλομή-

304 927 443 981 τορα,
474 904 561 959 καὶ
606 904 989 983 φιλόχριστον,
1042 906 1129 960 καὶ
1179 902 1718 981 ἀντιλαμϐανόμενος
1766 908 1932 979 αὐτῆς

304 994 348 1048 ἐν
376 992 571 1070 χηρείᾳ
617 993 705 1047 καὶ
755 992 926 1063 πολιᾷ
976 993 1160 1068 βαθείᾳ
1208 991 1469 1068 δεομένης
1518 995 1829 1073 ἐπικουρίας
1877 1020 1934 1054 τε

301 1084 377 1138 καὶ
407 1083 655 1151 ἀνέσεως,
702 1083 838 1156 μετᾶ
886 1084 985 1151 τὴν
1032 1082 1199 1152 αὐτῆς
1247 1083 1506 1155 τελευτήν
1555 1093 1654 1155 τῆς
1703 1085 1933 1158 Ἐκκλη-

302 1172 402 1233 σίας
451 1172 862 1247 ὑπανεχώρησε³
917 1172 1005 1226 καὶ
1047 1167 1370 1227 καταλαϐὼν
1418 1175 1516 1243 τήν
1571 1173 1886 1230 Σελεύκειαν
1919 1222 1932 1246 ,

296 1268 365 1333 τῷ
393 1264 688 1336 παρθενῶνι
717 1267 815 1330 τῆς
845 1260 1120 1336 πανάγνου
1164 1260 1377 1332 Θέκλης
1426 1260 1749 1319 ἐνδιαιτᾶται
1792 1267 1928 1337 (78),

295 1350 463 1426 καιρὸν
542 1347 786 1411 ἐνδιδοὺς
861 1351 974 1424 (79)
1053 1349 1341 1405 ἐπίσκοπόν
1408 1373 1530 1406 τινα
1604 1360 1929 1423 καταστῆναι

294 1443 599 1508 Ναζιανζοῦ.
660 1440 748 1500 Ὠς
798 1435 855 1493 δὲ
904 1438 1239 1515 ὑποστρέψας
1298 1439 1349 1495 ἐν
1408 1445 1527 1503 τοῖς
1571 1441 1787 1514 ὁμοίοις
1840 1443 1927 1512 ἦν,

296 1530 420 1600 μήτε
448 1524 709 1601 ποιμὲνος
758 1522 1185 1600 προϐληθέντος,
1228 1529 1318 1583 καί
1364 1534 1461 1584 τοῦ
1510 1528 1645 1584 λαοῦ
1679 1531 1813 1603 μετὰ
1843 1529 1930 1586 δα-

293 1614 452 1692 κρύων
503 1615 667 1671 αὐτὸν
717 1615 1065 1671 ἱκετευόντων
1104 1659 1117 1684 ,
1165 1616 1227 1671 οὐ
1275 1616 1576 1691 κάμπτεται
1633 1620 1769 1694 πρὸς
1826 1622 1925 1689 τήν

295 1704 506 1777 αἶ’τησιν,
570 1702 694 1760 ἀλλ’
742 1700 923 1777 ἔμενεν
970 1704 1218 1777 ἀκλινὴς,
1260 1705 1366 1783 οὐχ
1394 1707 1556 1777 ἧττον
1585 1709 1620 1777 ἢ
1656 1706 1781 1784 δρῦς
1815 1711 1927 1783 (80)

294 1794 413 1869 πρὸς
445 1788 692 1867 ἐμϐολὰς
717 1792 929 1867 ἀνέμων
966 1793 1267 1851 ἀτίνακτος.

355 2060 412 2111 '0
468 2055 525 2113 δὶ
584 2055 651 2112 αῦ
704 2062 901 2135 μικροῦ
950 2058 1062 2131 (81)
1106 2057 1417 2133 παρέδραμε
1474 2062 1585 2133 (82)
1638 2062 1736 2130 τὴν
1788 2061 1923 2135 ἐμὴν

296 2149 526 2220 μνήμην,
563 2148 822 2222 μέγιστον
875 2148 957 2218 ὃν,
1004 2151 1165 2202 τοῦτο
1217 2148 1343 2220 ὑμῖν
1394 2145 1754 2223 διηγήσομαι,
1789 2151 1923 2205 ἐκεί-

291 2259 356 2308 νῳ
383 2257 441 2312 γε
490 2235 565 2298 είς
608 2236 881 2314 εὐφημίαν
924 2234 1023 2291 οὐκ
1070 2234 1291 2291 ἔλαττον
1337 2238 1371 2306 ἢ
1426 2237 1551 2310 ὑμῖν
1603 2237 1679 2300 εἷς
1713 2238 1925 2314 εὐεργε-

290 2326 411 2381 σίαν.
458 2330 565 2379 Πᾶν
612 2326 714 2401 γὰρ
764 2324 930 2380 καλὸν
977 2325 1067 2380 καὶ
1116 2323 1361 2396 ζηλωτὸν
1416 2323 1613 2396 δήπου’
1646 2325 1707 2381 τὸ
1740 2324 1797 2381 δὲ
1829 2333 1923 2398 ζη-

289 2412 447 2469 λωτὸν
479 2412 569 2468 καὶ
601 2414 915 2490 ποριστικὸν
962 2415 1179 2490 ἀρετῆς·
1212 2416 1248 2484 ἡ
1300 2411 1357 2469 δὲ
1403 2415 1538 2489 πρὸς
1597 2414 1724 2471 Θεὸν
1776 2417 1923 2493 φέρει

286 2502 397 2565 τοὺς
446 2502 771 2575 ἐπομένους.
820 2507 987 2579 Ὁρῶν
1040 2503 1067 2556 ὁ
1115 2502 1282 2578 μέγας
1336 2504 1623 2565 Βασίλειος
1661 2503 1789 2567 τοὺς
1820 2503 1927 2559 λω-

287 2587 574 2665 ϐουμὲνους
610 2594 723 2663 (83)
768 2589 1035 2665 ἀδελφοὺς
1084 2589 1203 2646 λίαν
1241 2593 1333 2663 μὲν
1366 2591 1631 2654 ἐλεεινοὺς
1664 2593 1753 2647 καὶ
1785 2614 1920 2666 συμ-

286 2682 491 2745 παθείας
536 2681 747 2752 ἀξίους,
797 2680 992 2749 ἥκιστα
1038 2683 1147 2751 (84)
1206 2678 1263 2735 δὲ
1320 2681 1781 2756 οίκτειρομὲνους,
1833 2682 1923 2737 καὶ

289 2769 353 2831 ὡς
384 2766 507 2845 ἄγος
552 2770 670 2841 (85)
716 2790 790 2839 τι,
839 2769 927 2823 καὶ
980 2768 1209 2841 μίασμα,
1258 2769 1347 2823 καὶ
1396 2769 1762 2843 ἀποτρόπαιον
1806 2776 1923 2833 τοῖς

290 2857 508 2920 πολλοῖς
537 2852 701 2919 ὄντας
734 2854 803 2911 δι’
831 2857 1090 2930 ἀμάθειαν
1124 2856 1211 2911 καὶ
1249 2859 1679 2933 μισανθρωπίαν,
1709 2858 1798 2912 καὶ
1849 2860 1925 2920 εἱς

292 2944 479 3002 ἔννοιαν
510 2953 616 3017 τῆς
668 2945 875 3024 φύσεως
926 2944 1122 3016 ἐλθὼν,
1181 2946 1386 3021 βουλὴν
1418 2946 1729 3021 προτίθεται
1777 2947 1925 3002 εὐσε-

290 3032 374 3107 ϐῆ,
403 3035 487 3091 καί
515 3042 622 3106 τῆς
657 3034 855 3090 ἐκείνου
905 3032 1263 3113 φιλαδελφίας
1314 3034 1482 3106 ἀξίαν.
1534 3034 1730 3099 Οἶόιους
1776 3058 1924 3111 παμ-

294 3125 515 3200 μεγέθεις
567 3122 1019 3197 ἀναδειμάμενος,
1066 3124 1152 3178 καὶ
1202 3122 1503 3200 προσόδους
1555 3125 1769 3196 ἐτησίας
1812 3129 1924 3200 (86)

289 3215 451 3285 τάξας,
511 3213 575 3275 ’ὰς
639 3213 698 3268 ἐκ
751 3217 856 3267 τῶν
913 3211 1155 3289 εὐπόρων
1206 3215 1651 3289 περιεποιήσατο,
1699 3215 1923 3289 προτρέ-

1958 1930 2006 1994 Β

2045 662 2179 701 eum
2211 645 2429 701 honore
2459 646 2668 701 affecit.
2701 646 2930 716 Deoque
2959 644 3234 700 dilectam
3268 650 3512 700 matrem
3545 646 3695 702 Non-

2046 750 2181 789 nam
2216 734 2408 789 adhuc
2438 735 2724 789 viventem
2755 734 3031 789 laudibus
3076 738 3420 806 prosecutus
3449 739 3567 802 est;
3600 734 3693 807 pie

2044 822 2102 877 id
2134 822 2365 893 quidem
2403 822 2641 889 faciens,
2680 828 2854 894 atque
2904 828 2967 877 ut
3015 821 3309 877 hominem
3343 822 3604 893 decebat,
3636 828 3693 879 et

2045 910 2248 981 patris,
2272 916 2328 965 et
2355 911 2579 980 matris,
2605 916 2661 965 et
2692 912 2791 965 Dei
2821 916 3135 978 amantem,
3161 911 3465 982 ipsiusque
3486 929 3689 967 curam

2044 998 2424 1071 amplectens,
2449 1000 2503 1053 in
2534 998 2813 1053 viduitate
2833 1003 2889 1053 et
2911 999 3199 1069 profunda
3224 998 3433 1054 canitie
3456 1017 3691 1056 summa

2042 1103 2149 1158 Ope
2180 1092 2237 1143 et
2269 1088 2462 1159 quiete
2507 1105 2654 1160 opus
2686 1088 2975 1142 habentis.
3012 1088 3146 1141 Post
3185 1090 3354 1158 cujus
3387 1104 3687 1145 excessum

2040 1193 2109 1231 ex
2142 1176 2395 1233 Ecclesia
2440 1194 2500 1231 se
2550 1175 2856 1248 proripuit,
2890 1175 3328 1245 Seleuciamque
3376 1178 3693 1250 profectus,

2040 1265 2100 1320 in
2132 1265 2477 1321 castissimae
2510 1264 2751 1337 virginis
2782 1262 3009 1319 Thecla)
3040 1263 3400 1335 parthenone
3431 1281 3690 1320 commo-

2041 1359 2205 1409 ratus
2236 1359 2325 1409 est
2358 1371 2369 1407 :
2406 1358 2471 1408 ut
2500 1353 2789 1422 videlicet,
2824 1353 3053 1408 interim
3097 1353 3237 1407 dum
3288 1352 3414 1424 ipse
3445 1354 3690 1418 abesset,

2039 1442 2349 1514 episcopus
2390 1443 2631 1514 quidam
2680 1441 3051 1497 Nazianzenaa
3101 1440 3233 1497 urbi
3285 1441 3690 1513 praﬁceretur.

2040 1531 2112 1587 Ut
2159 1535 2352 1587 autem
2402 1530 2753 1586 Nazianzum
2812 1546 3079 1585 reversus
3129 1533 3236 1595 est,
3268 1530 3472 1584 eodem
3535 1533 3691 1585 statu

2038 1620 2237 1676 omnia
2268 1620 2501 1691 reperit,
2525 1634 2630 1673 nec
2665 1621 2956 1690 pastorem
2990 1617 3176 1673 ullum
3210 1617 3590 1673 institutum:
3624 1635 3691 1673 ac

2037 1707 2307 1779 quamvis
2350 1707 2516 1778 plebs
2564 1722 2697 1761 cum
2756 1705 3032 1777 lacrymis
3091 1705 3287 1776 ipsum
3336 1705 3689 1774 obsecraret,

2037 1796 2309 1868 precibus
2340 1800 2536 1851 tamen
2582 1795 2821 1850 minime
2852 1794 3211 1858 ﬂectebatur,
3242 1795 3343 1849 sed
3397 1794 3603 1850 ﬁrmus
3634 1800 3693 1849 et

2036 1884 2359 1942 immobilis
2401 1884 2695 1954 manebat,
2742 1900 2857 1939 non
2902 1900 3071 1939 secus
3132 1900 3199 1938 ac
3252 1900 3505 1955 quercus
3562 1900 3689 1955 quis

2038 1973 2197 2030 nullo
2228 1978 2535 2029 ventorum
2567 1974 2788 2045 impetu
2820 1972 3049 2027 concuti
3080 1976 3289 2044 potest.

2109 2062 2270 2127 Quod
2292 2067 2487 2118 autem
2521 2062 2664 2118 mihi
2690 2077 2834 2133 pene
2857 2061 3139 2117 memoria
3166 2060 3411 2132 efﬂuxit,
3432 2061 3539 2118 hoc
3561 2063 3685 2134 jam

2036 2151 2528 2221 commemorabo,
2562 2155 2760 2221 utpote
2812 2150 3135 2205 maximum
3174 2154 3537 2205 momentum
3586 2151 3688 2206 ha-

2034 2242 2199 2310 bens,
2224 2245 2343 2295 tam
2370 2238 2455 2293 illi
2485 2240 2555 2294 ad
2579 2239 2836 2305 laudem,
2863 2255 3036 2308 quam
3059 2238 3223 2293 vobis
3244 2238 3316 2293 ad
3342 2237 3681 2294 utilitatem.

2035 2328 2329 2400 Quidquid
2381 2328 2536 2383 enim
2598 2327 2911 2383 honestum
2972 2330 3031 2381 et
3086 2326 3428 2397 praclarum
3489 2330 3596 2397 est,
3628 2327 3686 2382 id

2034 2434 2269 2491 quoque
2297 2416 2727 2472 aemulationem
2767 2414 2957 2487 gignit
2986 2430 2999 2469 :
3035 2414 3188 2486 quod
3222 2418 3415 2469 autem
3447 2414 3685 2470 temule-

2034 2507 2212 2563 tionis
2236 2506 2499 2562 studium
2523 2505 2732 2577 gignit,
2760 2504 2910 2558 idem
2936 2503 3110 2558 etiam
3132 2503 3205 2558 ad
3230 2503 3684 2574 comparandam

2032 2596 2309 2650 virtutem
2354 2594 2611 2649 confert:
2642 2593 2827 2647 virtus
2885 2608 3055 2663 porro
3113 2591 3205 2646 sui
3265 2592 3562 2647 studiosos
3612 2592 3684 2646 ad

2034 2683 2220 2740 Deum
2251 2682 2429 2737 ducit.
2458 2680 2706 2753 Magnus
2750 2681 2943 2751 itaque
2992 2679 3244 2735 Basilius
3277 2680 3484 2736 fratres
3512 2680 3684 2752 lepra

2034 2771 2131 2828 lue
2170 2771 2437 2837 infectos,
2469 2770 2603 2825 licet
2651 2770 2969 2825 admodum
3001 2768 3374 2825 calamitosos
3423 2774 3482 2824 et
3528 2785 3686 2824 com-

2034 2860 2410 2916 miseratione
2466 2858 2698 2931 dignos,
2762 2858 3008 2913 minima
3058 2863 3252 2913 tamen
3310 2857 3685 2913 miseratione

2034 2949 2263 3007 animos
2294 2948 2601 3003 hominum
2632 2963 2988 3019 permovere,
3012 2946 3128 3002 imo
3160 2946 3336 3002 etiam
3367 2945 3682 3018 plerisque,

2035 3056 2150 3111 qua
2204 3040 2370 3094 erant
2426 3035 2745 3092 stoliditate
2791 3039 2848 3092 et
2888 3035 3275 3104 immanitate,
3304 3034 3465 3092 velut
3520 3034 3685 3090 nefas

2036 3128 2332 3201 quoddam
2355 3130 2411 3182 et
2433 3125 2752 3198 piaculum,
2775 3125 3252 3197 horrendumque
3280 3123 3683 3196 spectaculum

2036 3215 2235 3272 haberi
2252 3214 2633 3287 perspiciens,
2647 3217 2988 3285 naturaeque
3003 3213 3272 3269 humanae
3290 3212 3681 3269 conditionem

286 3306 375 3375 φας
404 3302 665 3365 συνέσεως
706 3300 891 3377 λόγοις
938 3288 1075 3377 πρὸς
1106 3303 1203 3370 τὴν
1254 3300 1518 3372 ἐπίδοσιν,
1548 3288 1750 3366 πάντας
1792 3304 1919 3368 τοὺς

2037 3305 2232 3360 animo
2259 3308 2555 3376 reputans,
2581 3303 2743 3375 pium
2765 3302 3076 3359 consilium
3100 3303 3462 3375 dignumque
3493 3302 3681 3374 ipsius

284 3391 495 3453 ἀσθενεῖς
547 3391 628 3453 είς
656 3390 850 3446 ταύτὸν
896 3388 1137 3466 ἤθροισε,
1188 3394 1576 3468 φροντιστήρια
1604 3396 1771 3447 ταῦτα
1818 3414 1914 3447 κα-

281 3478 419 3543 λέσας
464 3484 711 3555 πτωχῶν
744 3521 757 3533 .
812 3478 1027 3534 Τούτων
1078 3481 1330 3555 συνεργὸς
1378 3481 1465 3534 καὶ
1519 3483 1914 3557 συναγωνιστὴς

280 3567 475 3644 ὑπῆρχε
522 3567 856 3643 Γρηγόριος,
909 3568 1047 3622 καθά
1091 3565 1256 3637 δηλοῖ
1304 3569 1333 3622 ὁ
1362 3568 1486 3645 περὶ
1526 3566 1911 3645 φιλοπτωχίας

277 3654 445 3728 λόγος,
502 3657 640 3728 ὅσην
689 3656 812 3732 περὶ
859 3657 922 3711 τὸ
969 3662 1194 3732 πρᾶγμα
1238 3655 1480 3726 σπουδὴν
1528 3656 1794 3730 Βασιλείῳ
1836 3663 1914 3730 τῷ

280 3744 485 3819 μεγάλῳ
536 3739 993 3821 συγκατεϐάλετο,
1053 3743 1313 3819 μεγίστην
1374 3742 1543 3816 δείξας
1593 3750 1699 3800 τῶν
1763 3746 1910 3801 ἐντο-

279 3831 376 3888 λῶν
401 3832 849 3910 πτωχοτροφίαν,
898 3833 986 3887 καὶ
1018 3840 1117 3902 τῆς
1160 3838 1257 3887 τοῦ
1308 3838 1440 3889 Θεοῦ
1484 3834 1910 3910 μεγαλειότητος

279 3920 355 3975 καί
382 3922 793 4000 φιλανθρωπίας
842 3921 1013 3993 ἀξίαν.
1046 3919 1225 3976 Ἀλλὰ
1269 3927 1431 3978 τοῦτο
1468 3924 1562 3996 μὲν
1610 3924 1685 3985 εἷς
1724 3928 1911 3978 τοσοῦ-

278 4028 377 4083 τον,
406 4009 524 4066 ὅσον
557 4015 659 4066 τοῦ
693 4011 769 4083 μή
814 4007 960 4081 δόξαι
1005 4008 1433 4089 παραλελεῖφθαι
1482 4015 1743 4066 τοσοῦτον
1792 4032 1914 4066 κατ-

283 4096 509 4171 όρθωμα.

2030 3392 2311 3449 charitate
2351 3390 2605 3447 destinat
2650 3396 2708 3447 et
2756 3390 3046 3464 proponit.
3078 3390 3473 3463 Amplissimis
3519 3390 3677 3446 enim

2024 3483 2246 3538 adibus
2276 3481 2612 3551 exstructis,
2637 3479 2968 3552 annuisque
3000 3480 3375 3553 proventibus
3396 3480 3679 3535 constitu-

2021 3571 2122 3639 tis,
2146 3586 2292 3642 quos
2326 3586 2360 3624 a
2388 3568 2667 3625 divitibus
2696 3573 2754 3625 et
2797 3570 3052 3641 copiosis
3100 3568 3441 3624 hominibus
3474 3567 3673 3624 solerti

2023 3658 2281 3714 oratione
2308 3658 2380 3713 ad
2416 3656 2783 3729 largitionem
2818 3656 3088 3729 impulsis
3118 3656 3448 3729 collegerat,
3482 3673 3670 3728 aegro-

2022 3750 2113 3802 tos
2139 3762 2343 3801 omnes
2373 3745 2431 3799 in
2462 3761 2646 3800 unum
2678 3745 2889 3817 coegit,
2915 3762 3236 3817 pauperum
3269 3745 3575 3817 gymnasia
3606 3762 3671 3799 ac

2022 3851 2218 3891 sacras
2249 3835 2454 3890 domos
2502 3833 2624 3888 haec
2669 3833 2795 3889 loca
2833 3834 3152 3904 appellans.
3186 3833 3331 3888 Huic
3378 3849 3447 3887 ea
3496 3833 3554 3887 in
3612 3850 3671 3887 re

2023 3924 2257 3995 adjutor
2288 3922 2618 3991 laborisque
2658 3921 2949 3993 particeps
2994 3921 3102 3977 fuit
3132 3921 3462 3993 Gregorius.
3497 3921 3577 3975 Ex
3607 3937 3676 3975 ea

2023 4012 2262 4083 quippe,
2302 4026 2476 4081 quam
2527 4010 2597 4065 de
2648 4026 2973 4081 pauperum
3032 4025 3227 4066 amore
3282 4008 3508 4079 habuit,
3539 4025 3673 4065 ora-

2022 4100 2180 4156 tione
2209 4099 2344 4170 (88),
2374 4096 2596 4176 liquido
2644 4102 2872 4154 constat
2918 4103 3137 4169 quanto
3187 4097 3384 4153 studio
3436 4098 3495 4153 in
3544 4113 3675 4152 eam

281 4204 388 4243 rem
415 4206 549 4245 cum
590 4188 806 4245 Basilio
857 4188 1211 4258 incubuerit,
1246 4190 1567 4245 maximum
1611 4191 1877 4246 omnium
1926 4189 2341 4245 mandatorum
2389 4202 2517 4242 esse
2565 4186 2901 4256 ostendens,
2953 4186 3295 4242 alendorum
3346 4201 3672 4258 pauperum

281 4277 545 4348 studium,
578 4278 803 4350 Deique
834 4277 1269 4350 magnificentia
1315 4282 1372 4334 et
1419 4280 1777 4353 benignitate
1806 4280 2074 4353 dignum.
2109 4279 2297 4349 Atque
2327 4275 2448 4331 haec
2479 4276 2717 4347 quidem
2760 4275 3044 4332 hactenus
3073 4291 3086 4331 :
3122 4291 3195 4331 ne
3246 4275 3387 4331 adeo
3438 4274 3673 4347 praecla-

283 4382 395 4421 rum
427 4366 655 4421 facinus
685 4366 1120 4438 praatermisisse
1150 4366 1478 4424 videamur.

342 4457 444 4521 Τῆς
477 4450 533 4507 δὲ
563 4454 905 4529 Ἀρειανικῆς
953 4456 1067 4527 (87)
1112 4454 1368 4528 αἱρέσεως
1419 4455 1478 4509 ἐκ
1507 4454 1731 4511 πολλῶν
1779 4455 1909 4531 χρό-

2089 4451 2307 4509 Ariana
2333 4469 2466 4508 vero
2496 4451 2704 4508 haeresi
2737 4452 3096 4525 jampridem
3125 4450 3443 4508 Ecclesiam
3476 4452 3671 4523 oppri-

287 4542 379 4591 νῶν
430 4540 722 4609 πιεζούσης
776 4542 876 4609 τήν
922 4540 1269 4613 Ἐκκλησίαν,
1329 4540 1418 4595 καὶ
1469 4539 1726 4617 βασιλικῇ
1770 4542 1916 4618 χειρὶ

2036 4546 2241 4610 mente,
2270 4540 2759 4613 imperatoriaque
2793 4558 2971 4596 manu
3000 4557 3065 4596 ac
3096 4540 3376 4612 potentia,
3402 4540 3503 4595 Dei
3536 4558 3675 4612 prm-

277 4629 769 4707 καταστρεφομένης
816 4627 885 4683 τὰ
933 4633 1029 4684 τοῦ
1079 4633 1212 4684 Θεοῦ
1261 4628 1621 4705 ὀχυρώματα,
1660 4635 1738 4702 τῷ
1768 4631 1903 4706 πρὸς

2036 4632 2168 4687 ιὶἀὶο.
2198 4630 2569 4687 subvertente
2597 4629 2689 4701 (ea
2732 4629 2957 4685 scilicet
2989 4628 3234 4700 ratione,
3260 4630 3415 4700 quod
3447 4628 3672 4700 simpli-

280 4710 503 4772 ἀσέϐειαν
560 4719 965 4773 ὖποσπάσασθαι
1023 4716 1149 4780 τοὺς
1222 4716 1625 4795 ἁπλουστέρους
1661 4763 1675 4789 ,
1738 4718 1903 4795 μέγαν

2036 4721 2204 4777 :iores
2229 4720 2299 4775 ad
2324 4718 2683 4790 impietatem
2707 4717 2911 4773 furtim
2936 4716 3341 4788 abstraheret),
3370 4732 3677 4787 magnum-

280 4824 331 4857 τε
357 4806 478 4861 Θεὸν
506 4808 597 4862 τὸν
638 4804 848 4883 Πατέρα
877 4806 967 4861 καὶ
1018 4808 1207 4881 μικρὸν
1250 4808 1340 4863 τὸν
1393 4808 1538 4878 Υἱὸν,
1570 4808 1659 4862 καὶ
1709 4807 1911 4881 κτίσμα

2036 4826 2131 4882 lue
2160 4808 2343 4865 Deum
2375 4811 2628 4874 Patrem,
2651 4810 2708 4862 et
2738 4822 2983 4878 parvum
3026 4804 3264 4875 Filium,
3288 4808 3346 4860 et
3388 4805 3672 4877 Spiritum

280 4891 335 4946 τὸ
387 4894 531 4970 ἅγιον
593 4899 810 4969 Πνεῦμα
868 4892 1325 4971 δογματιζούσης,
1386 4895 1623 4974 ἐπεφύη,
1682 4897 1795 4951 οἷον
1858 4896 1909 4968 ἐξ

2036 4901 2290 4955 sanctum
2322 4900 2653 4952 creaturam
2684 4895 3047 4961 afﬁrmante;
3079 4897 3345 4949 exortum
3376 4896 3483 4964 est,
3518 4892 3675 4949 velut

284 4978 429 5057 ὕδρας
456 4984 600 5046 τινὸς
646 4982 910 5053 νεοθαλὴς
960 4984 1195 5062 κεφαλὴ,
1226 4989 1332 5039 τῶν
1360 4985 1839 5061 πνευματομάχων
1873 4988 1907 5055 ἡ

2036 5004 2087 5043 3x
2119 4986 2306 5058 hydra
2344 4984 2617 5057 quadam,
2642 5000 2855 5039 novum
2906 4986 3104 5055 caput,
3126 4981 3387 5038 hostium
3418 4982 3672 5054 Spiritus

286 5066 493 5145 αἵρεσις,
544 5071 666 5148 περὶ
717 5072 809 5145 μὲν
858 5071 948 5126 τὸν
1000 5072 1119 5127 Υἱὸν
1170 5071 1610 5149 εὐγνωμονοῦσα,
1658 5073 1749 5128 καὶ
1796 5071 1908 5129 ἴσον

2036 5075 2209 5131 sancti
2234 5072 2495 5141 haeresis,
2519 5072 2589 5128 de
2610 5071 2756 5128 Filio
2778 5071 3017 5143 quidem
3042 5071 3287 5127 candide
3307 5070 3587 5142 sentiens,
3607 5087 3673 5128 ac

2025 5289 2501 5365 pévoug._Co_d._P.
2534 5281 2921 5365 λωϐουμένους
2953 5288 3043 5342 καὶ
3079 5286 3511 5361 βλαπτομένους.

2094 5364 2209 5433 (84)
2242 5362 2380 5419 Cod.
2418 5362 2472 5417 P.
2503 5356 2780 5433 οῦδαμῶξ.

2120 5428 2210 5505 85)
2242 5433 2379 5489 Cod.
2515 5428 2819 5505 βδέλυγμα.

2120 5502 2211 5573 86)
2242 5505 2381 5561 Cod.
2410 5502 2525 5560 ΟΡ(
2539 5502 2808 5573 αἰτησίας.

2120 5577 2209 5649 87)
2241 5576 2420 5649 Codd.
2453 5576 2549 5631 Or.
2583 5581 2641 5632 et
2676 5575 3068 5649 P._'Apetavﬁ<.

2120 5647 2213 5720 88)
2244 5648 2399 5705 Orat.
2427 5664 2544 5717 xxv,
2576 5664 2633 5720 p.
2664 5647 2790 5703 257.

364 5287 451 5359 78)
481 5288 613 5344 God.
650 5290 710 5344 P.
745 5284 1091 5344 ἐνδιαττεται.

364 5291 451 5359 78)
481 5291 613 5344 God.
650 5291 710 5344 P.
745 5291 1091 5344 ἐνδιαττεται.

346 5291 452 5498 (79)
480 5360 654 5415 Codd.
688 5359 849 5416 Colb.
888 5360 1033 5444 1.”Ρ.
1067 5364 1124 5416 et
1152 5361 1246 5416 Or.
1278 5360 1464 5435 καιρὸν
1498 5356 1700 5423 διδούς.

370 5431 453 5498 80)
484 5430 621 5486 Cod.
654 5431 752 5489 Or.
794 5430 827 5498 ἢ
862 5429 989 5498 δρυς
1021 5452 1126 5493 τις.

484 5430 621 5486 Cod.
654 5431 752 5489 Or.
794 5430 827 5499 ἢ
862 5429 989 5501 δρῦς
1021 5452 1126 5493 τις.

374 5450 453 5554 Eli)
484 5450 621 5486 U00.
654 5450 752 5489 UP.
794 5450 827 5499 η
862 5450 960 5557 Οὲυ

379 5506 459 5577 Δ.)
487 5504 623 5577 ςοᾷο
656 5502 716 5577 13-
751 5521 966 5577 mea

376 5570 459 5648 82)
488 5572 624 5648 Cod.
654 5570 1090 5648 Οιιξπρξοὲὃοαμε
1120 5590 1252 5631 mox
1288 5574 1347 5630 in
1380 5575 1506 5631 cod.
1541 5576 1665 5631 cod.
1700 5580 1757 5632 et
1787 5577 1913 5633 cod.

301 5637 537 5719 P.1deiest
569 5637 926 5719 ptytorov'dv.

365 5713 466 5787 (83)
496 5711 579 5773 Ita
606 5711 771 5776 obdd.
799 5718 956 5777 Colb.
992 5718 1043 5788 1,
1074 5718 1129 5787 2,
1161 5721 1218 5775 et
1247 5718 1341 5775 ΟΡ.
1374 5717 1438 5775 In
1469 5716 1607 5775 edit.
1642 5711 1919 5773 λελωϐου-

2098 5438 2115 5721 Ξ
