4152 6208
349 372 465 432 9.75

1467 364 1646 427 VITA
1698 368 1762 428 s.
1814 367 2187 427 Gmcooml
2232 356 2622 426 maxime!

3638 360 3759 423 Q76

349 504 608 562 Verbum
630 501 786 560 Patri
810 500 1098 575 coaequale
1118 504 1400 567 statuens,
1421 504 1693 557 caeterum
1714 500 1996 573 Spiritum

2133 503 2186 571 τῷ
2217 497 2385 575 Πατρὶ
2412 496 2665 571 τιθεμένη
2696 498 2787 551 τὸν
2838 494 3039 571 Λόγον,
3068 495 3132 549 τὸ
3181 491 3238 550 δὲ
3269 499 3484 568 Πνεῦμα
3511 494 3574 550 τὸ
3604 495 3759 570 ἅγιον

355 598 628 651 sanctum
661 591 1023 664 blasphemis
1070 590 1260 646 verbis
1304 589 1613 661 impetens,
1642 590 1821 662 idque
1851 589 2001 644 bifa-

355 684 525 740 riam.
558 682 669 737 Alii
718 681 873 737 enim
923 684 1248 735 creaturam
1293 684 1490 752 aperte
1536 680 1729 750 ipsum
1781 693 2003 735 assere-

357 774 501 829 bant
533 789 546 828 :
576 770 672 825 alii
706 786 811 825 nec
842 773 1194 835 creaturam,
1226 785 1331 824 nec
1377 774 1576 839 Deum,
1600 770 1699 824 sed
1732 768 2003 835 liberum,

358 875 507 932 quos
538 857 781 930 proinde
811 855 1203 912 Semiarianos
1234 855 1331 911 ille
1359 856 1617 923 vocabat,
1649 871 1862 910 nomen
1894 854 2006 909 sci-

356 949 494 1004 licet
523 962 724 1003 eorum
766 944 1023 1017 opinioni
1058 961 1381 1016 congruum
1415 948 1471 999 et
1501 944 1831 1015 appositum
1865 942 2010 1014 ipsis

358 1037 697 1109 imponens;
728 1035 944 1106 quippe
974 1033 1073 1105 qui
1104 1034 1184 1088 ita
1230 1032 1441 1088 Filium
1473 1032 1532 1088 in
1565 1032 1783 1089 honore
1827 1032 2011 1087 habe-

361 1130 515 1193 rent,
548 1129 613 1180 ut
640 1123 874 1179 interim
919 1121 1203 1195 Spiritum
1236 1126 1505 1177 sanctum
1538 1124 2009 1193 aspernarentur.

435 1212 619 1285 Igitur
648 1210 992 1285 h‘ujusmodi
1023 1210 1395 1266 contentione
1425 1227 1528 1282 per
1558 1214 1735 1265 lotam
1767 1208 2015 1265 Romani

363 1302 595 1375 imperii
627 1301 909 1357 ditionem
938 1299 1241 1371 gliscente,
1265 1300 1572 1372 magisque
1590 1298 1765 1355 etiam
1796 1299 2014 1371 Byzan—

365 1390 431 1447 tii
461 1389 689 1462 vigente
720 1405 787 1445 ac
819 1389 1136 1456 obtinente,
1160 1388 1315 1443 Deus
1345 1403 1465 1455 eos,
1491 1388 1592 1459 qui
1614 1387 1885 1459 pestifera
1906 1386 2017 1442 hac

365 1479 630 1536 doctrina
660 1476 1203 1550 exstinguebantur,
1236 1476 1570 1545 miseratus,
1590 1482 1844 1532 sanctum
1872 1474 2017 1531 Gre-

366 1568 515 1640 gorii
542 1566 818 1637 Theologi
848 1568 1108 1638 spiritum
1149 1567 1355 1621 emcitat
1378 1566 1442 1635 9⁸,
1474 1581 1540 1621 ac
1566 1563 1827 1640 velut,ad
1860 1565 2015 1636 Moy-

367 1674 491 1714 sem
524 1656 605 1710 ait
625 1656 668 1691 9°
702 1672 714 1711 :
756 1655 945 1712 Viden:
983 1654 1098 1710 vidi
1124 1656 1487 1726 afﬂictionem
1530 1654 1721 1726 populi
1769 1654 1899 1724 mei,
1922 1654 2021 1725 qui

369 1748 435 1802 in
463 1746 689 1816 Aigypto
718 1748 793 1799 est
817 1744 1118 1816 (/Egyptus
1152 1748 1345 1799 autem
1377 1744 1748 1799 Hebraeorum
1778 1742 2016 1813 quidem

370 1833 574 1906 lingua
605 1833 852 1888 tenebras
890 1837 1079 1900 sonat,
1112 1848 1270 1887 nunc
1316 1849 1451 1888 vero
1498 1832 1745 1887 offusam
1777 1848 1841 1887 ac
1871 1830 2017 1887 deti-

375 1926 612 1980 nentem
644 1922 930 1977 bteresum
961 1920 1270 1992 caliginem
1310 1921 1647 1993 significat),
1680 1925 1730 1977 ct
1753 1922 2021 1991 gemitum

371 2028 561 2069 eorum
584 2011 795 2080 audivi,
825 2012 985 2081 atque
1012 2010 1089 2065 ad
1115 2025 1204 2065 eos
1234 2009 1545 2065 liberandos
1572 2009 1841 2065 descendi.
1878 2013 2023 2081 Quo-

372 2102 522 2157 circa
548 2116 697 2154 nunc
726 2100 884 2160 veni;
932 2099 993 2153 in
1033 2100 1328 2170 Egyptum
1354 2102 1406 2154 te
1433 2100 1665 2154 mittam.
1696 2100 1885 2171 Atque
1915 2098 2023 2153 hac

371 2188 767 2246 cohortatione
797 2192 1149 2260 permotum,
1173 2187 1541 2259 Spiritusque
1563 2188 1749 2243 sancti
1780 2186 2024 2243 numine

370 2275 702 2349 impletum,
734 2274 1075 2347 Byzantium
1124 2275 1325 2346 mittit,
1357 2279 1423 2331 ut
1467 2292 1569 2347 pro
1600 2276 1819 2348 Spiritu
1852 2275 2022 2331 dimi-

368 2369 544 2422 caret.
594 2364 870 2419 Protinus
930 2362 1109 2436 igitur
1164 2362 1282 2433 ille,
1315 2380 1528 2437 magno
1585 2363 1685 2419 illo
1742 2363 2021 2420 luminari

369 2452 583 2511 Basilio
627 2452 816 2526 ipsius
864 2452 1177 2524 cupiditati
1208 2452 1613 2525 alacritatique
1645 2452 1814 2527 quasi
1865 2454 2021 2509 faces

276 2567 283 2574 -
368 2543 655 2615 quasdam
688 2542 997 2608 subdente,
1029 2546 1201 2613 atque
1229 2542 1301 2597 ad
1343 2541 1675 2614 spiritualia
1705 2541 2024 2598 certamina

367 2632 564 2706 ipsum
610 2632 953 2703 inungente,
985 2630 1233 2702 aliisque
1263 2631 1665 2702 compluribus
1709 2630 2020 2703 episcopis,

370 2719 769 2792 principisque
790 2718 953 2775 urbis
971 2719 1216 2788 civibus,
1240 2720 1373 2774 ﬁdei
1396 2719 1611 2791 pietate
1643 2718 1924 2792 praeditis,
1949 2719 2021 2775 ab

370 2825 436 2865 eo
469 2808 679 2865 obnixe
719 2808 1229 2876 contendentibus,
1265 2812 1330 2863 ut
1374 2808 1521 2881 ipsis
1552 2808 1765 2864 auxilio
1797 2808 2022 2880 egenti-

370 2899 484 2954 bus
516 2896 806 2952 malorum
829 2912 890 2951 se
911 2896 1279 2968 depulsorem
1301 2898 1601 2969 praeberet,
1624 2899 2027 2953 Constantino-

372 2986 552 3059 polim
577 2986 756 3056 venit,
771 2989 1004 3041 terrena
1019 2984 1256 3055 quidem
1280 2986 1438 3041 omni
1460 2987 1787 3042 substantia
1806 2991 1863 3042 et
1883 2987 2021 3044 luxu

371 3092 440 3132 ac
470 3075 690 3131 divitiis
710 3090 935 3141 carens,
957 3076 1229 3130 caeterum
1251 3074 1467 3147 Spiritu
1492 3074 1717 3147 plenus.
1738 3076 2024 3148 Exceptus

371 3168 563 3220 autem
598 3180 631 3218 a
661 3162 1037 3233 quibusdam,
1068 3167 1126 3218 et
1172 3164 1401 3235 generis
1441 3168 1497 3220 et
1544 3164 1777 3235 pietatis
1828 3166 2024 3221 afﬁni-

370 3258 489 3310 tate
528 3269 660 3309 cum
711 3269 777 3308 eo
826 3253 1176 3323 conjunctis,
1209 3253 1526 3309 Ecclesium
1572 3255 1830 3322 offendit,
1863 3257 2023 3326 quasi
2051 3238 2095 3306 C

375 3343 586 3397 malum
617 3342 772 3397 navis
802 3341 862 3395 in
889 3345 1094 3408 monte,
1118 3350 1215 3397 aut
1243 3344 1406 3413 quasi
1432 3343 1660 3415 signum
1689 3344 1754 3399 in
1781 3345 1936 3410 colle,
1960 3346 2026 3399 ut

376 3430 710 3502 prophetae‘
744 3429 938 3483 verbis
986 3434 1143 3499 utar,
1189 3429 1297 3485 hoc
1354 3434 1462 3499 est,
1514 3446 1756 3487 numero
1806 3432 2021 3505 perexi-

373 3536 550 3591 guam
581 3522 756 3589 atque
785 3517 1095 3573 obscuram
1130 3518 1308 3590 (quod
1337 3518 1609 3574 videlicet
1638 3520 1751 3591 piis
1782 3520 1920 3576 viris
1950 3519 2020 3576 li-

374 3610 570 3664 bertas
597 3605 791 3662 omnis
823 3605 896 3661 ab
926 3620 992 3661 eo
1024 3605 1124 3677 qui
1163 3606 1475 3678 imperium
1505 3607 1758 3672 tenebat,
1792 3607 2022 3664 sublata

373 3696 570 3768 esset),
590 3711 788 3751 sacras
807 3693 982 3750 etiam
1007 3710 1210 3750 omnes
1231 3699 1460 3767 ereptas
1488 3696 1659 3764 aedes,
1684 3712 1751 3751 ac
1772 3713 1874 3769 per
1902 3698 2019 3752 vim

374 3788 706 3857 occupatas.
740 3782 866 3839 Una
909 3785 1122 3840 sanctis
1168 3783 1487 3839 Anastasias
1536 3784 1780 3840 aedicula
1825 3785 2020 3841 ortho-

375 3874 540 3931 doxis
570 3873 824 3946 patebat,
855 3872 1099 3929 fortasse
1127 3872 1303 3928 etiam
1335 3874 1473 3945 quia
1501 3878 1737 3946 propter
1765 3874 2023 3932 ambitus

2052 1876 2099 1941 B

2116 585 2540 665 βλασφημοῦσα,
2586 585 2675 641 καὶ
2723 590 2884 640 τοῦτο
2935 582 3131 660 διχῶς.
3165 585 3229 639 Οἱ
3281 584 3374 657 μὶν
3420 583 3520 660 γὰρ
3558 583 3761 656 κτίσμα

2114 681 2355 755 φανερῶς
2402 674 2782 751 ἐδογμάτιζον,
2834 673 2885 729 οἱ
2918 672 2976 730 δὲ
3024 671 3147 731 οὔτε
3192 672 3393 746 κτίσμα
3440 670 3562 728 οὔτε
3606 673 3758 743 Θεὸν,

2114 765 2240 823 ἀλλ’
2268 764 2569 842 ἐλεύθερον·
2605 765 2697 827 οὓς
2738 764 3083 840 Ἦμιαρείους
3136 765 3244 836 (89)
3289 762 3489 823 ἐκεῖνος
3535 760 3760 835 ὠνόμα-

2120 859 2193 925 ζε,
2226 856 2530 929 πρέπουσαν
2560 858 2627 927 τῇ
2678 850 2803 927 δόξῃ
2848 852 3021 907 αὐτῶν
3070 853 3169 921 τὴν
3200 850 3572 927 προσηγορίαν
3615 850 3761 906 ἐπει-

2117 946 2256 998 πών·
2288 944 2363 1006 ὡς
2406 948 2607 1016 τιμῶσι
2658 942 2751 1015 μὶν
2788 944 2895 1017 (90)
2937 942 3027 997 τὸν
3074 942 3192 995 Υἱὸν
3240 943 3303 997 τὸ
3350 938 3408 997 δὲ
3453 944 3671 1013 Πνεῦμα
3699 941 3761 996 τὸ

2120 1033 2273 1107 ἅγιον
2307 1032 2646 1106 ἀτιμάζουσι.

2191 1212 2307 1279 Τῆς
2348 1208 2439 1264 οὖν
2488 1207 2744 1279 τοιαύτης
2798 1206 2976 1284 ἔριδος
3024 1213 3194 1264 πᾶσα)
3244 1203 3627 1280 ὑπολαϐούσης
3671 1210 3771 1279 τὴν

2126 1298 2229 1355 ὑπὸ
2259 1297 2562 1371 Ῥωμαίους
2610 1300 2724 1372 (91)
2775 1297 2973 1374 ἀρχὴν,
3024 1296 3192 1353 πλέον
3246 1296 3303 1354 δὲ
3332 1302 3430 1353 τοῦ
3471 1299 3770 1368 Βυζαντίου

2122 1386 2584 1463 κατακρατούσης,
2662 1386 2912 1462 ἐξεγείρει
2990 1388 3018 1440 ὁ
3085 1388 3215 1448 Θεὸς
3287 1388 3350 1442 τὸ
3424 1393 3636 1461 πνεῦμα
3704 1388 3766 1443 τὸ

2124 1478 2277 1552 ἅγιον
2329 1473 2635 1552 Γρηγορίου
2684 1479 2781 1529 τοῦ
2828 1474 3122 1549 Θεολόγου,
3167 1473 3393 1546 ἐλεήσας
3432 1474 3562 1538 τοὺς
3594 1476 3767 1532 ἀπολ-

2128 1564 2394 1637 λυμένους
2429 1563 2530 1618 ὑπὸ
2558 1570 2659 1632 τῆς
2692 1563 3026 1640 φθοροποιοῦ
3072 1561 3239 1633 τῆσδε
3268 1561 3637 1628 διδασκαλίας·
3677 1566 3767 1621 καὶ

2127 1654 2238 1709 οἷον
2288 1653 2423 1727 πρὸς
2481 1653 2710 1707 Μωυσέα
2760 1650 2967 1730 φησίν·
3028 1649 3179 1707 Ἰδών
3237 1650 3377 1708 εἶδον
3430 1656 3529 1724 τὴν
3589 1656 3769 1709 κάκω-

2128 1763 2208 1796 σιν
2266 1745 2363 1797 τοῦ
2420 1740 2554 1796 λαοῦ
2606 1762 2710 1813 μου
2763 1746 2860 1795 τοῦ
2912 1741 2963 1796 ἐν
3020 1741 3279 1818 Αἲγύπτῳ
3342 1744 3556 1817 (σκὸτος
3616 1741 3673 1799 δὲ
3730 1746 3765 1814 ἡ

2126 1828 2397 1906 Αἴγυπτος
2448 1828 2664 1905 λέγεται
2701 1829 2770 1906 τῇ
2806 1834 2959 1908 φωνῇ
3012 1835 3118 1885 τῶν
3158 1827 3444 1908 Ἐϐραίων·
3498 1830 3665 1903 δηλοῖ
3712 1831 3771 1888 δὶ

2129 1924 2220 1975 νῦν
2272 1923 2379 1974 τῶν
2435 1918 2688 1993 αἱρέσεων
2747 1920 2839 1975 τὸν
2887 1919 3225 1996 κατασχόντα
3285 1920 3491 1999 ζόφον),
3541 1923 3630 1976 καὶ
3673 1926 3771 1977 τοῦ

2131 2012 2430 2084 στεναγμοῦ
2485 2007 2658 2062 αὐτῶν
2734 2006 2978 2077 ἤκουσα·
3038 2008 3128 2063 καὶ
3200 2004 3433 2080 κατέϐην
3508 2014 3606 2066 τοῦ
3664 2014 3775 2086 (92)

2132 2094 2403 2167 ἐξελέσθαι
2476 2094 2667 2158 αὐτούς
2711 2139 2724 2153 .
2784 2098 2883 2151 Καὶ
2951 2101 3043 2152 νῦν
3120 2094 3279 2173 δεῦρο
3353 2098 3643 2154 ἀποστελῶ
3721 2121 3779 2156 σε

2132 2185 2207 2247 είς
2262 2182 2532 2261 Αἴγυπτον
2566 2228 2579 2241 .
2647 2185 2747 2240 Καὶ
2819 2184 3041 2259 τοιαύτῃ
3107 2184 3495 2260 παρακελεύσει
3552 2190 3773 2259 κινήσας

2127 2272 2220 2329 τὸν
2276 2270 2462 2348 ἄνδρα,
2509 2271 2585 2335 είς
2636 2273 2697 2327 τὸ
2758 2270 3044 2343 Βυζάντιον
3094 2272 3417 2330 ἀποστέλλει
3472 2272 3772 2351 πληρώσας

2131 2360 2423 2435 Πνεύματι,
2476 2359 2568 2417 τίνα
2623 2362 2991 2438 ὑπερμαχήσῃ
3043 2366 3140 2418 τοῦ
3193 2362 3547 2437 Πνεύματος.
3602 2366 3657 2420 Ὀ
3715 2364 3773 2421 δὲ

2130 2451 2338 2524 αὐτίκα,
2371 2450 2660 2508 Βασιλείου
2690 2454 2786 2506 τοῦ
2821 2449 3063 2527 μεγάλου
3113 2459 3403 2531 φωστῆρος
3448 2455 3547 2523 τήν
3597 2454 3775 2529 ὁρμὴν

2128 2539 2275 2613 αὖτῷ
2330 2540 2802 2609 συνεπιτείνοντος,
2859 2540 2947 2596 καὶ
3008 2541 3145 2617 πρὸς
3197 2542 3325 2604 τοὺς
3383 2542 3774 2616 πνευματικοὺς

2128 2629 2345 2705 ἀγῶνας
2392 2627 2740 2707 ἀλείφοντος,
2790 2626 2977 2684 ἄλλων
3025 2650 3084 2685 τε
3129 2629 3397 2686 πλείστων
3451 2632 3773 2708 ἀρχιερέων,

2127 2718 2217 2774 καὶ
2246 2723 2351 2773 τῶν
2384 2722 2587 2772 πιστῶν
2627 2724 2726 2787 τῆς
2778 2715 3059 2794 βασιλίδος
3106 2714 3538 2777 ἀντιϐολούντων
3591 2720 3775 2783 αὐτοῖς

2128 2805 2441 2878 ἀλεξίκακον
2502 2809 2614 2879 (93)
2671 2805 2913 2882 γενέσθαι
2974 2806 3273 2882 χρῄζουσιν
3343 2806 3651 2884 ἐπικουρίας
3704 2812 3773 2883 τῇ

2134 2892 2371 2972 βασιλίδι
2421 2901 2620 2969 παρῆν·
2671 2893 2810 2965 ὕλης
2862 2895 2956 2967 μὲν
3007 2896 3240 2965 ἁπάσης,
3290 2896 3379 2950 καὶ
3429 2904 3638 2975 τρυφῆς
3683 2896 3775 2952 καὶ

2128 2983 2371 3040 πλουτου
2402 2983 2623 3060 ἅπορος,
2658 2981 2802 3039 ἀλλὰ
2846 2982 3156 3057 Ηνεύματος
3202 2981 3448 3059 πλήρης.
3478 2983 3771 3061 Ὑπεδέχθη

2132 3071 2189 3129 δὶ
2235 3073 2381 3149 παρὰ
2428 3076 2696 3149 συγγενῶν
2744 3072 2834 3127 καὶ
2878 3074 2940 3127 τὸ
2989 3077 3146 3145 σῶμα
3189 3074 3278 3127 καὶ
3324 3074 3422 3142 τὴν
3483 3069 3775 3144 εὐσέϐειαν,

2131 3162 2252 3238 εὗρε
2296 3160 2354 3217 δὲ
2394 3163 2493 3231 τὴν
2550 3158 2896 3233 Ἐκκλησίαν,
2945 3161 3020 3222 ὡς
3068 3162 3213 3217 ἱστὸν
3257 3162 3338 3216 ἐπ’
3389 3158 3573 3237 ὅρους,
3623 3165 3659 3232 ἢ
3702 3164 3780 3226 ὡς

2131 3250 2367 3324 σημαίαν
2415 3250 2503 3306 ἐπὶ
2556 3250 2777 3325 βουνοῦ,
2825 3254 3182 3327 προφητικῶς
3233 3250 3436 3318 εἰπεῖν,
3491 3253 3777 3328 βραχεῖαν,

2130 3339 2221 3395 καὶ
2280 3338 2667 3414 εὐαρίθμητον,
2727 3338 2816 3394 καὶ
2874 3340 3235 3403 λανθάνουσαν
3268 3385 3281 3409 ,
3341 3338 3430 3395 διὰ
3482 3341 3544 3395 τὸ
3600 3342 3781 3411 πάσης

2129 3428 2435 3506 παρρησίας
2494 3428 2599 3483 ὑπὸ
2653 3431 2750 3483 τοῦ
2809 3426 3038 3501 κράτους
3094 3427 3537 3503 ἀποστερεῖσθαι·
3598 3428 3782 3493 θ’ίκους

2131 3515 2189 3572 δέ
2218 3516 2396 3593 ἱεροὺς
2441 3518 2677 3579 ἅπαντας
2722 3513 3181 3592 διηρπασμένους,
3223 3518 3311 3571 καὶ
3349 3517 3440 3593 βίᾳ
3477 3518 3781 3593 κατεχομέ-

2131 3627 2254 3668 νους
2284 3649 2297 3662 .
2344 3605 2493 3676 Μόνη
2547 3601 2604 3660 δέ
2646 3607 2681 3674 ἡ
2732 3604 2861 3680 ἁγία
2906 3605 3227 3660 Ἀναστασία
3280 3612 3398 3668 τοῖς
3456 3605 3780 3677 ὀπθοδόξοις

2134 3695 2331 3750 ἀνεῖτο·
2378 3694 2523 3770 τάχα
2574 3693 2667 3767 μὲν
2714 3694 2802 3749 καὶ
2849 3691 2983 3763 αὕτη
3038 3696 3500 3773 καταφρονηθεῖσα
3531 3693 3619 3751 διὰ
3657 3718 3785 3770 σμι-

2134 3783 2373 3860 κρότητα
2415 3789 2773 3859 περιγραφῆς,
2825 3782 2899 3844 ὡς
2942 3780 3128 3838 είδεῖεν
3180 3784 3237 3838 ἃν
3285 3784 3334 3838 οἱ
3369 3786 3690 3857 θεασάμενοι
3718 3786 3784 3840 τὸ

2137 3869 2370 3927 παλαιὸν
2403 3870 2566 3941 αὐτῆς
2594 3872 2839 3945 τέμενος.

374 3968 431 4019 et
459 3958 1022 4034 circumscriptionis
1066 3960 1400 4033 angustiam
1451 3962 1810 4033 contemptui
1857 3962 2228 4019 habebatur:
2264 3961 2763 4033 quemadmodum
2814 3964 3050 4029 norunt,
3083 3961 3182 4033 qui
3214 3966 3379 4018 vetus
3421 3962 3530 4019 hoc
3579 3962 3783 4019 fanum

375 4066 744 4122 conspexere.

445 4138 762 4194 Confestim
792 4138 992 4211 itaque
1034 4137 1183 4211 ipse,
1216 4138 1453 4196 Davidis
1500 4139 1809 4211 cujusdam
1844 4156 2024 4212 more,

375 4228 447 4283 ad
478 4225 746 4298 praelium
776 4243 839 4282 se
869 4232 1189 4300 comparat,
1212 4228 1517 4301 firmisque
1538 4246 1604 4284 ac
1626 4228 1829 4285 solidis
1852 4246 2027 4302 argu-

376 4313 613 4382 mentis,
646 4313 817 4386 quasi
846 4314 1029 4370 funda
1071 4319 1259 4371 rotato
1307 4316 1520 4388 lapide,
1556 4316 1889 4373 Pbilisthaaa
1921 4318 2028 4376 do-

2206 4135 2378 4200 Εύθὺς
2408 4134 2499 4193 οὖν
2546 4136 2726 4207 αὐτὸς,
2778 4134 2957 4213 ὥσπερ
3003 4158 3085 4198 τις
3134 4132 3320 4207 Δαϐὶδ,
3370 4137 3781 4211 παρατάττεται·

2134 4227 2224 4282 καὶ
2256 4224 2518 4305 σφενδονᾷ
2544 4226 2611 4282 τὰ
2643 4222 2933 4304 ἀλλόφυλα
2981 4222 3228 4301 δόγματα
3279 4226 3459 4302 λόγων
3489 4226 3784 4304 στερρότη-

2134 4337 2210 4385 τι,
2268 4316 2357 4370 καὶ
2404 4319 2522 4377 τοῖς
2572 4319 2788 4377 πιστοῖς
2836 4318 3041 4376 πιστῶς
3102 4313 3353 4389 ἐπανάγει
3399 4316 3499 4384 τὴν
3551 4315 3784 4392 παῤῥη-

376 4405 575 4475 gmata
604 4406 827 4474 petens,
862 4403 976 4474 piis
1004 4402 1344 4461 hominibus
1374 4404 1466 4476 pie
1496 4404 1821 4461 libertatem
1853 4407 2019 4462 redu-

2134 4404 2273 4476 σίαν,
2317 4404 2437 4459 καθ’
2482 4404 2691 4479 ἡμέραν
2742 4398 3182 4478 προσλαμϐάνων
3211 4446 3224 4471 ,
3282 4403 3371 4459 καὶ
3429 4401 3783 4479 αἰχμαλωτί-

375 4491 471 4561 cit,
486 4491 742 4562 quotidie
760 4508 969 4549 novam
987 4490 1243 4563 aliquam
1263 4491 1563 4565 copiarum
1581 4510 1821 4549 suarum
1841 4511 2029 4551 acces-

377 4580 601 4636 sionem
632 4579 871 4648 faciens,
895 4585 1121 4653 Deoque
1151 4598 1272 4647 eos,
1294 4582 1395 4654 qui
1422 4582 1702 4639 adversus
1725 4583 2022 4639 veritatem

378 4668 531 4726 male
560 4669 1019 4736 insurrexerunt,
1054 4669 1310 4744 captivos
1359 4671 1679 4727 adducens.
1712 4671 2026 4745 Perexiguo

375 4758 575 4831 itaque
606 4758 887 4831 temporis
928 4762 1128 4815 exacto
1156 4759 1445 4816 curriculo
1475 4763 1709 4816 tantum
1760 4759 2028 4816 multitu-

376 4846 498 4903 dini
531 4847 957 4905 incrementum
988 4846 1205 4916 attulit,
1238 4851 1303 4903 ut
1342 4847 1503 4904 nulla
1525 4848 1654 4920 jam
1688 4865 1821 4904 cum
1852 4849 2031 4921 priori

375 4952 574 4994 rerum
605 4939 763 4993 statu
808 4941 1165 5011 comparatio
1216 4935 1676 5009 relinqueretur;
1723 4941 1899 5011 atque
1939 4938 2032 4994 hic

2140 4498 2243 4562 ζων
2281 4496 2360 4565 τῷ
2408 4496 2524 4565 Θεῷ
2571 4493 2696 4555 τοὺς
2741 4496 2922 4555 κακῶς
2969 4491 3364 4556 ἐπαναστάντας
3410 4496 3479 4568 τῇ
3528 4492 3784 4567 ἀληθείᾳ.

2131 4579 2353 4657 Ὀλίγου
2399 4580 2577 4637 τοίνυν
2630 4580 2835 4658 χρόνου
2885 4579 3276 4658 διαδραμόντος
3326 4584 3461 4658 (94),
3511 4581 3781 4655 τοσαύτην

2132 4674 2229 4726 τοῦ
2259 4669 2507 4741 πλήθους
2563 4671 2662 4739 τὴν
2720 4667 2959 4726 ἐπίδοσιν
3020 4670 3337 4745 ἐποιήσατο,
3386 4670 3463 4733 ὡς
3524 4672 3600 4745 μὴ
3649 4670 3787 4727 εἶναι

2134 4763 2300 4815 ταῦτα
2348 4762 2462 4833 (95)
2510 4759 2808 4835 συγκρίνειν
2859 4764 2979 4822 τοῖς
3024 4758 3323 4837 πρότερον·
3356 4758 3622 4815 κάνταῦθα

2138 4849 2198 4904 τὸ
2248 4847 2389 4921 ἱερὸν
2437 4847 2773 4913 τελειοῦσθαι
2820 4849 3086 4925 γράμμα·
3131 4849 3187 4904 '0
3236 4848 3384 4912 οἶκος
3435 4843 3601 4904 Δαϐὶδ
3650 4847 3783 4905 ἐπο-

2141 4936 2345 5013 ρεύετο,
2402 4934 2492 4992 καί
2545 4935 2906 5014 ἐμεγαλύνετο
2938 4956 2952 4972 ·
3012 4938 3041 4993 ὁ
3099 4935 3156 4993 δὲ
3212 4937 3359 5001 οἶκος
3417 4935 3601 4995 Σαοὺλ
3657 4935 3788 4995 ἰπο-

441 5054 485 5090 ”
515 5053 660 5110 Dan.
692 5070 817 5121 xm,
848 5054 938 5109 45.
1014 5054 1059 5089 ⁹⁰
1088 5054 1264 5111 Exod.
1296 5070 1382 5124 ιιι,
1414 5055 1450 5107 7
1480 5058 1537 5111 et
1565 5070 1685 5127 seq.
1766 5058 1783 5092 ί
1817 5055 1928 5112 Isa.
1959 5072 2090 5122 xxx,
2123 5056 2212 5112 17.

586 5179 763 5253 Codd.
805 5180 900 5253 Or.
943 5184 1001 5253 et
1142 5178 1345 5253 ἐκεῖνος
1402 5178 1655 5253 ἑτοίμως·
1689 5182 1845 5253 Colb.
1882 5185 1933 5253 1,
1966 5188 2024 5239 et

372 5248 923 5390 (ξοῗῶ.ζὴμιαρείους
967 5248 1203 5324 ἑτοίμως
1235 5248 1697 5325 ὠνόμαζεδϐοἰὺ.
1730 5255 1785 5322 2,
1810 5248 2024 5327 ἐτύμως

375 5343 447 5376 ων
492 5342 563 5390 μα
599 5341 643 5377 ε.

375 5341 643 5394 ωνομαςε.

465 5391 556 5465 90)
586 5394 721 5449 Cod.
755 5394 815 5448 P.
852 5391 1035 5449 εἰπών.
1072 5394 1203 5449 Mox
1231 5394 1308 5455 ὡς
1339 5395 1502 5451 deest
1534 5394 1593 5450 in
1624 5395 1762 5451 Cod.
1795 5399 1890 5451 Or.

466 5466 557 5535 91)
590 5465 676 5521 Ita
705 5465 873 5521 codd.
908 5466 968 5521 P.
1002 5470 1096 5523 Or.
1129 5470 1185 5521 et
1217 5465 1377 5523 Colb.
1412 5467 1437 5521 1
1482 5470 1540 5523 et
1568 5470 1621 5522 2.
1655 5467 1718 5522 In
1750 5467 1887 5523 edit.
1920 5466 2018 5535 τὴν

374 5534 480 5589 τῶν
514 5534 819 5608 Ῥωμαίων.

447 5608 557 5678 (92)
586 5607 711 5678 Τοῦ.
740 5608 914 5665 Deest
944 5609 1001 5665 in
1032 5607 1193 5665 Colb.
1226 5609 1287 5677 1;
1319 5624 1452 5665 mox
1491 5609 1646 5665 idem
1679 5614 1737 5666 et
1762 5610 1889 5666 cod.
1922 5610 2017 5666 0r.

375 5676 683 5734 ἀποστείλω
713 5698 791 5735 σε.

2203 5182 2315 5255 (93)
2345 5182 2481 5238 Cod.
2515 5182 2575 5237 Ρ.
2610 5181 2670 5236 in
2703 5185 3043 5255 notqmarg.
3076 5178 3487 5237 ἀποκωλυτικὸν
3527 5184 3657 5255 τῶνῄ
3683 5201 3783 5255 κα-

2131 5251 2264 5323 κῶν,
2297 5251 2441 5324 ipsos
2466 5271 2501 5309 a
2527 5254 2692 5308 malis
2720 5251 3049 5324 prohiberet.
3084 5254 3291 5311 Billius
3320 5256 3512 5321 vertit,
3542 5251 3784 5323 ἀλεξίκα-

2130 5344 2246 5399 κον,
2292 5327 2452 5396 quasi
2498 5325 2795 5381 Herculem
2828 5326 3117 5395 quemdam
3164 5327 3487 5383 Alewiacum
3534 5343 3589 5383 se
3631 5340 3783 5399 prae-

2133 5397 2311 5555 ὺεξὲἓὶ
2342 5468 2477 5555 εξοεέο
2509 5467 2571 5555 ιζ
2604 5462 3075 5555 τειραδραμάιτοςο

2201 5536 2315 5609 (95)
2344 5538 2500 5593 Colb.
2534 5542 2587 5608 2,
2621 5536 2759 5609 ὥστε
2903 5537 3031 5609 εἶναι
3062 5543 3247 5595 ταῦτα.

2202 5606 2314 5681 (96)
2344 5609 2503 5664 Colb.
2543 5606 2590 5679 1,
2624 5606 2769 5663 ἀλλὰ
2795 5606 2890 5663 κᾶν
2921 5607 3107 5669 ταῦτα,
