4152 6208
295 340 388 402 2T1
1242 337 1613 403 AUCTORE
1657 340 2055 403 GREGORIO
2100 338 2646 403 PRESBYTERO.

3530 335 3651 397 278

292 470 452 550 ρεύετο,
503 466 585 523 καὶ
642 469 886 539 ἠσθένει.
945 470 1045 527 Ἦν
1106 470 1232 545 ὁρᾷν
1296 468 1387 524 οὖν
1450 470 1708 542 ποικίλην
1764 472 1867 525 τινέ

1998 471 2143 528 illud
2176 474 2485 546 Scriptura:
2511 471 2891 544 impleretur:
2916 470 3115 526 Domus
3141 467 3314 525 David
3344 468 3458 524 ibat
3484 476 3535 524 et
3568 471 3652 524 ἰη-

290 564 370 615 τῶν
397 558 695 629 σωζομένων
744 559 842 627 τὴν
894 556 1132 632 εῦταξίαν
1179 559 1314 631 (97).
1369 560 1436 618 Ol
1484 560 1579 633 μὶν
1629 561 1732 635 γὰρ
1771 556 1879 631 ἤδη

290 646 689 722 ἐσαγηνεύθησαν,
725 647 775 702 οἱ
806 645 864 703 δὲ
894 646 1151 721 ἔμελλον
1200 648 1253 703 οἱ
1308 646 1384 719 δὲ,
1416 647 1525 720 ἤδη
1572 649 1884 705 τελειωθέν-

286 759 367 807 τες,
390 734 554 791 ἄλλων
582 739 715 805 ἦσαν
768 737 1020 813 θηρευταὶ
1068 738 1157 791 καὶ
1203 734 1541 795 διδάσκαλοι.
1593 739 1714 793 Ἐπὶ
1756 738 1883 793 τού-

283 847 371 887 τοις
410 824 481 886 τίς
518 822 576 879 ἃν
634 821 819 899 ἕτερος
868 823 1062 902 ἤνεγκε
1109 830 1216 881 τῶν
1282 828 1374 899 μὲν
1436 828 1725 901 Ἀρειανῶν
1780 829 1879 895 τὴν

286 913 432 989 ὀργὴν,
473 916 574 967 τῶν
635 910 693 968 δὲ
742 912 911 976 πέλας
955 915 1056 982 την
1103 914 1388 990 βασκανίαν
1425 933 1438 984 ;
1473 913 1711 986 O'ltweq,
1764 913 1881 970 δέον

284 1002 563 1078 ἐπικουρεῖν,
622 1000 711 1057 καὶ
771 1002 1161 1077 ἀγωνιζομένῳ
1213 1004 1707 1078 συναγωνίζεσθαι,
1762 1009 1878 1067 τοῖς

278 1091 639 1165 κατορθώμασιν
693 1089 861 1145 αὑτοῦ
913 1088 1294 1168 ἐδυσχέραινον
1346 1094 1478 1166 (98),
1530 1089 1743 1167 ἔξαμμα
1780 1097 1878 1149 τοῦ

277 1178 435 1257 φθόνου
460 1185 555 1249 τῆς
590 1178 916 1250 Ἐκκλησίας
965 1180 1285 1253 ποιούμενοι
1329 1182 1428 1250 τὴν
1478 1179 1735 1252 ἐπίδοσιν,
1787 1182 1877 1237 καὶ

270 1272 363 1328 τοῖς
389 1263 511 1328 ἴσοις
539 1273 756 1341 κρατεῖν
790 1267 889 1322 οὑκ
921 1267 1226 1343 ἰσχύοντες,
1257 1270 1293 1338 ἢ
1317 1268 1378 1324 ού
1407 1269 1732 1345 βουλόμενοι
1762 1273 1875 1344 (99)

269 1354 397 1427 κακίᾳ
420 1357 508 1425 τὴν
538 1355 739 1432 ἀρετὴν
775 1352 1097 1432 ὑπερϐαλεῖν
1131 1357 1545 1430 ἡμιλλήθησαν.

1993 565 2301 623 crescebat;
2332 563 2526 617 domus
2558 565 2741 616 autem
2772 558 2911 615 Saul
2931 558 3044 613 ibat
3071 564 3123 613 et
3153 557 3486 613 decrescebat
3507 558 3549 611 9.
3569 559 3648 613 Αο

1992 651 2218 705 varium
2252 651 2565 723 quemdam
2616 666 2840 717 eorum,
2874 648 2973 718 qui
3023 646 3274 702 salutem
3325 662 3645 718 conseque-

1993 740 2227 807 bantur,
2261 738 2523 810 lepidum
2572 737 2836 791 ordinem
2887 751 3121 791 cernere
3152 738 3293 789 erat.
3327 734 3441 789 Alii
3488 735 3646 791 enim

1989 828 2109 898 jam
2136 843 2353 899 sagena
2374 825 2587 881 inclusi
2609 826 2977 890 tenebantur,
2998 824 3094 879 alii
3110 824 3360 895 jamjam
3379 824 3647 895 capiendi

1991 924 2152 971 erant
2178 934 2190 971 :
2215 916 2309 971 alii
2344 916 2519 971 etiam
2546 916 2670 984 jam
2706 913 3119 985 perfectionem
3154 912 3369 984 adepti,
3396 912 3644 967 aliorum

1988 1008 2292 1059 venatores
2322 1021 2387 1059 ac
2420 1002 2685 1075 magistri
2726 1006 2909 1056 erant.
2943 1000 3158 1055 Verum
3189 1001 3483 1056 enimvero
3514 1001 3645 1071 quis

1989 1091 2140 1149 alius
2172 1093 2305 1147 hinc
2326 1094 2677 1147 Arianorum
2711 1091 2878 1157 iram,
2904 1090 3042 1144 hinc
3064 1089 3526 1161 propinquorum
3560 1091 3647 1145 in-

1986 1182 2203 1236 vidiam
2230 1182 2377 1237 ferre
2406 1180 2733 1253 potuisset?
2758 1180 2864 1243 Qui
2889 1178 3148 1250 quidem,
3174 1194 3304 1232 cum
3340 1178 3451 1249 ipsi
3474 1194 3643 1250 opem

1986 1271 2134 1325 ferre
2156 1288 2220 1326 ac
2243 1271 2639 1326 decertantem
2667 1270 2943 1336 adjuvare
2965 1267 3265 1332 deberent,
3284 1265 3468 1337 ipsius
3493 1270 3646 1322 recte

1986 1362 2154 1417 factis
2186 1362 2652 1429 oll'endebantur,
2684 1358 2951 1415 Ecclesiae
2983 1358 3411 1413 incrementum
3446 1356 3646 1414 livoris

266 1446 416 1503 facem
442 1450 495 1502 et
522 1445 887 1502 incentivum
918 1448 1194 1504 facientes
1228 1466 1241 1508 :
1273 1453 1329 1504 et
1359 1466 1494 1505 cum
1525 1449 1735 1505 iisdem
1769 1451 1945 1507 rebus
1976 1451 2309 1523 superiores
2340 1452 2465 1522 ipso
2496 1467 2624 1506 esse
2652 1448 2741 1505 vel
2772 1448 3103 1521 nequirent,
3135 1446 3221 1502 vel
3254 1445 3497 1514 nollent,
3530 1445 3646 1501 vir'

266 1538 416 1589 tatem
444 1534 662 1591 scelere
693 1552 971 1607 superare
1002 1538 1448 1594 contendebant.

315 1620 455 1677 Οῧπω
485 1619 539 1677 δὲ
574 1622 769 1679 τούτου
800 1621 1158 1703 λωφήσαντος
1207 1630 1304 1680 τοῦ
1350 1630 1540 1696 κακοῦ,
1593 1624 1875 1702 ἐπιφύεται

263 1710 457 1786 ὁΣύρος
494 1710 941 1788 Ἀπολλινάριος,
994 1710 1134 1768 ἰδίαν
1180 1713 1301 1768 τινὰ
1346 1714 1598 1784 καινίζων
1642 1712 1873 1771 κακοδο-

262 1798 367 1868 ξίαν.
418 1801 515 1869 Τὴν
576 1800 678 1877 γὰρ
736 1800 1138 1875 ἐνανθρώπησιν
1207 1802 1388 1873 ἀληθῆ
1447 1806 1521 1877 μή
1583 1802 1819 1875 δοξάζων
1856 1850 1870 1876 ,

260 1889 417 1959 σαρκὸς
443 1886 757 1965 πρόσληψιν
804 1890 892 1945 καὶ
926 1894 1112 1967 ψυχῆς
1145 1890 1347 1968 ἀλόγου
1399 1892 1568 1965 μόνην
1601 1890 1867 1966 ἐδίδασκε,

256 1978 407 2052 ψυχῆς
434 1984 623 2054 νοερᾶς
662 1981 762 2048 τὴν
809 1979 1124 2053 οἴκονομίαν
1175 1981 1635 2055 ἀποτεμνόμενος.
1679 1980 1871 2038 Ἐλλόο

255 2086 388 2139 γιμος
432 2064 485 2122 δὲ
541 2064 619 2122 ὢν
669 2070 770 2137 τὴν
815 2072 923 2123 τῶν
976 2067 1258 2140 Ἑλλήνων
1299 2069 1600 2141 παίδευσιν,
1646 2069 1866 2125 κλέπτει

255 2152 461 2217 πολλοὺς
487 2158 554 2229 τῇ
587 2155 843 2229 ποικιλίᾳ
868 2161 977 2212 τῶν
1032 2156 1233 2232 λόγων.
1284 2164 1534 2233 Παρῆσαν
1572 2156 1663 2213 οὗν
1709 2160 1870 2214 ἁπαν-

252 2247 397 2317 ταχοῦ
448 2251 547 2320 γῆς
614 2245 856 2317 μαθηταὶ
913 2253 1014 2315 τῆς
1073 2247 1331 2323 αἱρέσεως
1363 2294 1378 2321 ,
1432 2245 1684 2311 ἕλκοντες
1738 2247 1868 2310 τοὺς

252 2328 468 2403 ἀμαθεῖς,
514 2331 700 2405 ὥσπερ
752 2332 1065 2410 ἀγκίστροις
1118 2334 1192 2398 εἷς
1240 2336 1340 2403 την
1388 2334 1662 2392 ἀπώλειαν
1697 2380 1711 2393 .
1762 2335 1867 2390 A6-

248 2420 315 2481 θις
343 2418 421 2475 οὖν
447 2420 614 2497 ἀγῶνι
641 2418 908 2497 δυσμάχῳ
940 2422 1239 2499 συνείχετο,
1275 2422 1545 2500 ἐλέγχων,
1578 2423 1865 2497 ἐπιτιμῶν,

246 2508 559 2583 παρακαλῶν,
595 2509 725 2573 τοὺς
761 2512 854 2585 μὲν
886 2510 938 2566 ἐν
986 2516 1054 2586 τῇ
1103 2512 1276 2567 πίστει
1311 2510 1708 2591 διαφυλάττων,
1739 2513 1867 2576 τοὺς

245 2592 289 2651 δὲ
314 2594 597 2675 ἐπανάγων,
644 2598 760 2654 ὅθεν
814 2600 1078 2673 ἐξέπεσον.
1124 2602 1224 2657 Οἴα
1269 2601 1316 2657 δ’
1363 2600 1453 2657 οὖν
1503 2603 1705 2681 πέφυκε
1734 2624 1867 2677 συμ-

244 2684 428 2741 πίπτειν
459 2686 511 2741 ὲν
537 2693 661 2750 τοῖς
690 2689 984 2761 τοιούτοις,
1016 2692 1051 2760 ἡ
1073 2697 1172 2760 τῆς
1192 2690 1405 2753 τελείας
1438 2690 1715 2767 ὁμολογία
1742 2712 1865 2768 σαρ-

240 2773 429 2838 κώσεως
487 2776 564 2839 είς
620 2774 720 2832 δύο
801 2777 949 2841 υἱοὺς
1021 2778 1281 2852 ἐνομίσθη
1350 2784 1463 2841 τοῖς
1519 2778 1862 2843 ἀπαιδεύτοις

2057 1629 2330 1684 Nondum
2362 1628 2472 1684 hoc
2504 1626 2726 1683 malum
2770 1626 3037 1682 sedatum
3069 1626 3213 1691 erat,
3236 1638 3368 1677 cum
3406 1625 3642 1679 exortus

1983 1716 2382 1787 Apollinarius
2412 1718 2593 1787 Syrus
2623 1715 2975 1788 peculiarem
2998 1712 3315 1785 quamdam
3338 1714 3396 1766 et
3424 1728 3634 1766 novam

1986 1807 2249 1862 haeresim
2281 1806 2339 1861 in
2375 1806 2564 1861 lucem
2598 1806 2777 1861 eﬂ‘ert.
2812 1803 3107 1859 Christum
3139 1801 3294 1857 enim
3325 1800 3633 1872 haudqua-

1978 1912 2155 1968 quam
2186 1912 2316 1951 vere
2348 1896 2566 1950 iactum
2598 1894 2899 1949 hominem
2932 1892 3211 1961 sentiens,
3235 1906 3471 1945 carnem
3500 1894 3631 1945 tan-

1976 1989 2103 2039 tum
2134 1984 2515 2055 animamque
2547 1982 2789 2037 rationis
2832 1984 3127 2052 expertem
3159 1979 3230 2034 ab
3262 1995 3328 2034 eo
3361 1995 3632 2050 assump-

1977 2077 2095 2129 tam
2129 2090 2257 2128 esse
2304 2072 2567 2137 docebat,
2602 2072 2858 2126 animam
2891 2068 3278 2140 intelligentia
3324 2068 3630 2139 przeditam

1978 2161 2050 2216 ab
2083 2160 2270 2232 ipsius
2300 2160 2665 2215 humanitate
2694 2158 3066 2215 abscindens.
3091 2158 3356 2228 Cumque
3388 2157 3632 2227 profana

1977 2249 2305 2305 eruditione
2325 2248 2649 2319 excelleret,
2675 2247 2891 2302 multos
2913 2248 3222 2301 verborum
3251 2245 3539 2300 lenocinio
3569 2245 3631 2299 in

1978 2338 2243 2394 fraudem
2267 2337 2599 2393 inducebat.
2619 2337 2876 2391 Aderant
2902 2335 3081 2407 igitur
3102 2334 3316 2405 ubique
3342 2337 3631 2389 terrarum

1978 2426 2214 2483 haeresis
2254 2426 2550 2497 discipuli,
2582 2426 2848 2481 indoctos
2896 2423 3165 2479 homines
3215 2422 3384 2493 quasi
3440 2422 3633 2477 hamis

1977 2516 2331 2587 quibusdam
2364 2515 2422 2569 in
2445 2514 2687 2570 exitium
2719 2513 3039 2568 trahentes.
3069 2512 3296 2566 Rursus
3324 2511 3501 2583 igitur
3528 2511 3636 2564 dif-

1975 2603 2111 2659 ficili
2136 2604 2454 2659 certamine
2475 2602 2830 2658 constrictus
2858 2601 3167 2656 tenebatur
3188 2600 3519 2672 Gregorius,
3545 2615 3635 2654 ar-

1973 2708 2180 2765 guens,
2205 2692 2535 2763 increpans,
2560 2691 2873 2746 obsecrans
2894 2690 2937 2757 ⁸,
2960 2689 3106 2744 alios
3129 2689 3188 2743 in
3212 2689 3324 2743 ﬁde
3347 2688 3627 2755 retinens,

1974 2780 2120 2836 alios
2150 2796 2215 2836 eo
2247 2781 2402 2835 unde
2422 2780 2757 2835 exciderant
2781 2779 3088 2834 reducens.
3112 2777 3185 2833 Ut
3205 2780 3400 2831 autem
3435 2776 3495 2831 in
3527 2776 3631 2831 hu-

242 2857 490 2936 διαίρεσις.
544 2862 666 2919 Ἀεὶ
717 2862 807 2918 οὗν
861 2870 939 2936 τῷ
988 2862 1153 2939 δήμῳ
1200 2866 1711 2941 προσκαθεζομένων
1757 2872 1861 2923 τῶν

1979 2869 2229 2941 [usmodi
2253 2868 2427 2923 rebus
2450 2867 2713 2923 accidere
2734 2866 2903 2928 solet.
2921 2866 3187 2938 perfectas
3208 2864 3627 2921 incarnationis

241 2956 483 3027 φοιτητῶν
526 2950 979 3030 Ἀπολλιναρίου,
1028 2954 1118 3009 καὶ
1155 2959 1325 3009 ταῦτα
1371 2953 1467 3010 τοῦ
1499 2955 1651 3011 ὁσίου
1695 2976 1863 3027 κατη-

237 3039 534 3114 γορούντων,
603 3038 827 3117 ἴσχυσεν
886 3044 920 3113 ἡ
983 3042 1229 3119 ἐπήρεια.
1279 3042 1445 3107 Ῥανίς
1492 3045 1593 3121 γὰρ
1653 3042 1862 3101 ἐνδελε-

237 3133 386 3203 χοῦσα
430 3129 697 3187 κοιλαίνει
754 3131 978 3209 πέτραν.
1030 3134 1129 3187 Καὶ
1180 3130 1367 3201 ἐπειδὴ
1410 3133 1477 3188 τὰ
1505 3133 1733 3189 τοιαῦύα
1761 3140 1863 3203 τῆς

1973 2956 2262 3014 confessio
2293 2958 2365 3013 ab
2396 2955 2685 3028 imperitis
2735 2955 2817 3011 ita
2861 2959 3099 3027 accepta
3126 2958 3230 3024 est,
3265 2953 3433 3025 quasi
3464 2953 3625 3009 Chri-

1973 3050 2101 3103 stus
2126 3047 2187 3101 in
2219 3047 2366 3102 duos
2393 3045 2544 3101 filios
2567 3043 2939 3100 divideretur.
2962 3045 3040 3098 Ac
3071 3043 3315 3115 proinde
3336 3041 3630 3114 Apollina-

1973 3136 2040 3191 rii
2056 3134 2360 3206 discipulis
2377 3149 2683 3205 nunquam
2700 3149 2817 3188 non
2836 3131 2990 3204 plebi
3008 3131 3425 3201 assidentibus,
3441 3131 3630 3203 pium-

233 3222 323 3271 τῶν
348 3218 571 3276 πολλῶν
629 3220 799 3291 ἀκοῆς
845 3219 1176 3297 ὑψηλότερα,
1231 3224 1306 3295 μὴ
1342 3219 1653 3295 δυναμένων
1685 3224 1859 3278 συνιέ-

1979 3240 2087 3296 que
2102 3224 2295 3280 virum
2313 3222 2877 3292 accusantibus,vim
2898 3220 3101 3277 habuit
3122 3220 3438 3276 calumnia.
3454 3221 3629 3275 Gutta

237 3326 307 3359 ναι
333 3314 425 3378 τῆς
453 3309 779 3383 οἰκονομίας
826 3311 889 3365 τὸ
944 3312 1127 3387 βάθος,
1162 3311 1320 3366 λύκοι
1364 3313 1459 3384 μὲν
1491 3311 1858 3367 ἐπιπεύοντο⁴

237 3394 333 3450 ὁδὶ
359 3400 563 3471 ποιμήν
595 3398 841 3475 ὑπῆρχεν
873 3398 925 3453 ἐν
978 3399 1200 3473 ὑποψίᾳ,
1231 3401 1331 3469 τήν
1381 3399 1640 3472 ἀλήθειαν
1678 3400 1864 3456 ἐκπαι-

237 3479 399 3545 δεύων,
432 3487 495 3540 Οἱ
525 3484 625 3541 οὖν
673 3493 775 3557 τῆς
826 3487 1040 3563 Ἀρείου
1091 3485 1253 3558 δόξης
1312 3487 1649 3564 ὑπέρμαχοι,
1684 3488 1863 3566 ὥσπερ

233 3571 332 3635 σύες
364 3577 439 3649 (1)
468 3573 655 3653 ἄγριοι
685 3576 821 3631 κατὰ
869 3580 967 3630 τοῦ
1014 3576 1166 3632 ὁσίου
1214 3574 1384 3632 πάλαι
1432 3578 1530 3646 τήν
1560 3578 1724 3653 ὁργὴν
1758 3600 1865 3633 πα-

236 3661 534 3737 ραθήγοντες
582 3665 684 3738 (2),
732 3659 1133 3739 προσλαϐόντες
1184 3663 1241 3719 δὲ
1284 3663 1372 3719 καὶ
1419 3666 1517 3734 τήν
1569 3665 1864 3721 ἐπαναστᾶ-

233 3768 309 3802 σαν
339 3750 479 3824 αὑτῷ
517 3753 771 3827 ταραχήν
818 3752 906 3808 καὶ
954 3754 1307 3831 συκοφαντίαν
1358 3753 1417 3809 ἐκ
1462 3759 1567 3809 τῶν
1617 3752 1864 3825 δοξαζόν-

230 3857 320 3892 των
343 3840 405 3894 τὰ
434 3839 893 3917 ’Δπολλιναρίου,
942 3840 1225 3916 ἐξάψαντες
1274 3842 1366 3898 τὸν
1420 3840 1596 3917 δῆμον
1646 3841 1863 3919 ψευδέσι

232 3923 420 4001 λόγοις,
474 3928 659 3993 λίθοις
710 3930 805 4003 μὲν
849 3928 941 3986 τὸν
990 3928 1154 4005 ἄνδρα
1201 3932 1547 4005 κατέλευσαν,
1600 3932 1673 3996 ὥς
1732 3955 1865 3989 ποτε

229 4013 460 4073 Ἰουδαῖοι
500 4018 599 4074 τὸν
653 4019 945 4098 Στέφανον·
1000 4019 1145 4092 πλήν
1200 4042 1260 4097 γε
1290 4019 1521 4098 ἄστοχοι
1570 4022 1745 4078 αὐτῶν
1778 4045 1863 4098 γε-

227 4101 387 4177 γόνασι
418 4107 474 4162 αἱ
510 4107 678 4184 βολαὶ
710 4110 809 4183 (3),
844 4112 979 4164 Θεοῦ
1028 4108 1321 4174 σκέποντος
1368 4110 1461 4165 τὸν
1514 4109 1702 4167 ἑαυτοῦ
1733 4111 1863 4189 πρό-

232 4212 409 4270 μαχον.

1971 3313 2128 3369 enim
2159 3312 2520 3369 continenter
2563 3310 2838 3367 decidens
2883 3314 3047 3366 cavat
3076 3310 3353 3381 lapidem.
3386 3310 3452 3364 Et
3482 3325 3628 3380 quo-

1975 3402 2134 3457 niam
2155 3401 2497 3474 hujusmodi
2516 3400 2947 3472 disputationes
2963 3399 3122 3472 vulgi
3140 3404 3311 3473 captu
3331 3398 3632 3455 sublimio-

1974 3508 2067 3547 res
2105 3494 2288 3556 erant,
2314 3489 2531 3563 quippe
2569 3490 2725 3561 quod
2772 3489 3187 3545 incarnationis
3232 3489 3443 3544 divinas
3492 3506 3627 3560 pro-

1973 3580 2324 3636 funditatem
2355 3578 2589 3651 assequi
2622 3596 2738 3635 non
2771 3582 2971 3651 posset
2996 3594 3009 3635 :
3034 3578 3251 3633 idcirco
3282 3577 3403 3650 lupi
3428 3577 3541 3633 ﬁde
3569 3581 3627 3634 et

1973 3670 2317 3725 auctoritate
2373 3669 2531 3741 apud
2591 3667 3031 3724 multitudinem
3079 3667 3392 3723 valebant:
3427 3671 3627 3739 pastor

1973 3758 2504 3825 contra,veritatem
2530 3757 2745 3813 docens
2767 3756 3101 3829 suspicione
3124 3754 3444 3811 laborabat.
3471 3758 3621 3820 Quo-

1972 3848 2123 3902 circa
2138 3848 2358 3902 Arianaa
2376 3847 2679 3903 sententia:
2700 3850 3181 3918 propugnatores,
3197 3844 3298 3914 qui
3320 3842 3474 3897 velut
3496 3843 3623 3913 apri

1972 3935 2288 3991 truculenti
2320 3936 2467 3991 iram
2491 3951 2659 3990 suam
2673 3932 3031 4006 jampridem
3056 3933 3333 3987 adversus
3354 3935 3621 3986 sanctum

1972 4028 2269 4091 acuerent,
2301 4024 2609 4079 accedente
2639 4024 2765 4094 jam
2815 4037 2882 4078 eo
2930 4020 3191 4077 tumultu
3220 4024 3277 4075 et
3304 4019 3621 4086 calumnia,

1972 4131 2098 4187 quas
2128 4113 2241 4185 ipsi
2274 4112 2345 4168 ab
2376 4111 2722 4184 Apollinarii
2752 4110 2992 4167 asseclis
3014 4108 3266 4165 conﬂata
3294 4113 3437 4177 erat,
3463 4108 3625 4165 falsis

1971 4203 2345 4260 sermonibus
2401 4202 2767 4258 inﬂammata
2825 4200 3021 4274 plebe,
3078 4199 3373 4272 lapidibus
3430 4199 3626 4255 homi-

229 4297 364 4355 nem,
396 4287 901 4358 quemadmodum
935 4287 1075 4344 olim
1124 4289 1312 4345 Judaei
1362 4290 1720 4361 Stephanum
1742 4292 1783 4363 ‘,
1831 4290 2213 4349 insectantur.
2246 4292 2461 4348 Verum
2492 4291 2608 4347 Deo
2637 4289 2887 4346 militem
2936 4306 3113 4346 suum
3164 4305 3473 4362 causasque
3504 4306 3627 4346 suae

229 4371 575 4431 defensorem
607 4372 860 4447 tegente,
890 4376 1109 4432 frustra
1139 4377 1198 4432 in
1230 4392 1367 4433 eum
1398 4395 1538 4434 saxa
1566 4379 1961 4448 conjecerunt.

286 4457 703 4536 Συλλαϐόμενοι
737 4459 795 4517 δὲ
823 4461 1005 4535 αὑτὸν,
1035 4468 1114 4535 τῷ
1159 4468 1256 4519 τοῦ
1298 4464 1561 4521 ὑπατικοῦ
1590 4467 1859 4541 παρέστη-

2040 4471 2191 4526 Tum
2212 4486 2345 4526 vero
2368 4472 2699 4541 correptum
2722 4468 2918 4542 ipsum
2940 4469 3010 4524 ad
3035 4467 3341 4524 consulare
3364 4466 3625 4523 tribunal

227 4566 305 4602 σαν
339 4551 568 4623 βήματι,
600 4549 675 4612 ὥς
724 4571 847 4607 τινα
888 4556 1146 4627 ταραχῶν
1178 4553 1268 4607 καὶ
1298 4552 1533 4608 στάσεων
1570 4552 1763 4612 αἷίτιον.
1797 4556 1863 4610 Ὠ

224 4641 311 4705 τῆς
338 4637 675 4715 ἀναλγησίας
702 4640 715 4696 !
750 4636 794 4695 ὣ
828 4639 1020 4716 ἰσχύος
1050 4643 1128 4714 (4)
1158 4645 1254 4696 τοῦ
1283 4639 1536 4717 ψεύδους,
1571 4644 1616 4698 εἷ
1649 4643 1860 4721 Γρηγό-

224 4744 327 4799 ριος
356 4730 477 4802 περί
506 4728 772 4785 τοιούτων
794 4728 1086 4804 έκρίνετο,ὁ
1104 4730 1314 4801 καὶτῆς
1342 4735 1451 4787 τῶν
1483 4730 1670 4788 ἄλλων
1692 4733 1861 4810 ὀργῆς

222 4833 275 4898 τε
298 4814 381 4870 καὶ
412 4815 629 4889 ἀταξίας
672 4818 988 4889 ἠπιώτατος
1040 4818 1246 4894 ἰατρὸς,
1278 4820 1306 4874 ὁ
1335 4827 1435 4890 τῆς
1464 4820 1687 4894 εἰρήνης
1725 4823 1862 4898 βρα-

224 4897 425 4975 ﬂeet-lle,
456 4908 486 4963 ὁ
519 4910 755 4983 Χριστοῦ
788 4908 1061 4981 μαθητὴς,
1104 4912 1200 4964 τοῦ
1247 4909 1418 4986 πρᾴον
1469 4914 1559 4965 καὶ
1605 4897 1863 4966 ταπεινοῦ

223 4992 301 5046 καὶ
344 5000 769 5070 νομοθετοῦντος
812 4997 912 5067 τὴν
958 4995 1245 5054 ἐπιείκειαν
1272 5000 1286 5056 ι
1318 4998 1494 5061 Αὐτὸς
1538 4996 1617 5073 δὲ,
1665 4999 1860 5078 καίπερ

285 5172 305 5208 ³
331 5174 381 5233 Il
413 5174 557 5250 Reg.
591 5192 674 5233 nx.
777 5177 800 5213 ³
829 5177 883 5233 II
913 5175 1063 5233 Tim.
1097 5194 1174 5250 ιν,
1202 5177 1259 5235 2.
1335 5178 1360 5215 ι
1385 5179 1511 5236 Act.
1536 5195 1640 5252 vn,
1668 5179 1760 5237 58.

422 5370 586 5428 Colb.
622 5372 672 5441 1,
702 5370 801 5442 τὴν
835 5368 1071 5442 ἀταξίαν.

305 5440 391 5519 aa)
420 5443 560 5519 φυςι-
593 5440 688 5519 9r.
718 5440 1112 5519 ἐδυσχέραινον·

306 5462 371 5496 νο
420 5462 560 5499 una.
593 5462 688 5500 ur.
732 5462 822 5499 ιου
905 5462 1112 5519 ερανον.

305 5462 391 5592 99)
421 5515 563 5571 Cod.
593 5516 652 5571 P.
687 5516 801 5592 οἷον
829 5462 1201 5592 Ἐὲυλόμενοι,
1232 5518 1539 5587 superiores
1587 5519 1703 5592 ipso
1746 5535 1862 5577 esse

322 5588 503 5658 ptirent
534 5588 793 5658 quomodo
821 5588 1042 5645 vellent.

315 5655 361 5728 1)
392 5655 626 5716 CodfP.
655 5661 769 5729 ὗες,
800 5664 859 5717 et
887 5660 946 5716 in
977 5663 1097 5717 not.
1134 5675 1319 5733 marg.
1352 5662 1559 5737 χοῖροι.

1971 4558 2209 4626 sistunt,
2233 4558 2391 4614 velut
2426 4558 2742 4630 quemdam
2789 4557 3152 4613 tumultuum
3183 4561 3240 4612 et
3269 4557 3622 4612 seditionum

1971 4652 2289 4704 auctorem.
2307 4647 2351 4703 Ο
2369 4650 2669 4719 stuporem
2689 4646 3099 4702 admirandum
3119 4644 3131 4699 l
3152 4662 3184 4701 ο
3202 4644 3317 4700 vim
3337 4643 3625 4700 mendacii

1970 4737 2288 4810 insignem,
2312 4736 2362 4794 si
2385 4736 2698 4808 Gregorius
2732 4736 2804 4791 de
2833 4735 2926 4791 his
2951 4734 3125 4790 rebus
3164 4750 3401 4790 causam
3425 4734 3620 4789 dicen-

1972 4826 2107 4881 dam
2138 4825 2422 4893 habebat;
2446 4824 2564 4895 ille,
2588 4824 2847 4896 inquam,
2870 4824 3046 4879 etiam
3069 4821 3268 4878 alienae
3302 4822 3399 4877 iraa
3421 4826 3479 4879 et
3502 4839 3625 4895 per-

1971 4913 2327 4971 turbationis
2365 4913 2703 4970 lenissimus
2734 4911 3018 4983 medicus,
3050 4910 3148 4966 ille
3179 4910 3339 4983 pacis
3386 4911 3621 4984 arbiter,

1972 5002 2069 5060 ille
2099 5001 2336 5072 Christi,
2368 5002 2759 5061 mansuetiet
2788 5000 3051 5071 humilis,
3084 5001 3624 5059 mansuetudinem-

2040 5376 2119 5519 (2)
2149 5378 2284 5433 Cod.
2319 5378 2381 5433 P.
2413 5372 2821 5451 παροξύνοντες.

2065 5450 2122 5519 3)
2149 5448 2404 5505 Combef.
2436 5447 2491 5503 αἱ
2536 5445 2752 5519 βουλαί,
2784 5449 2821 5504 ίι

1968 5445 2122 5576 “(‘3)
2149 5448 2404 5505 Combef.
2436 5445 2502 5503 αϊ
2536 5445 2752 5524 βουλαί,
2784 5448 2954 5504 irrita
2994 5450 3223 5522 fuerunt
3268 5466 3459 5509 eorum
3488 5467 3623 5508 εοη.

2000 5538 2015 5575 ι
2068 5538 2122 5576 a.

2040 5593 2117 5665 (4)
2148 5593 2284 5650 Cod.
2319 5591 2415 5651 0r.
2449 5587 2494 5646 ὣ
2522 5596 2623 5662 τῆς
2655 5587 2874 5670 ίσχύοςί
