4152 6208
444 388 562 446 279

1568 387 1744 445 Vl'l‘A
1798 388 1860 443 S.
1912 385 2279 445 GRICGOIUI
2333 384 2725 446 THEOLOGI

3732 390 3855 452 280

444 536 558 593 que
589 518 757 574 nobis
786 517 906 574 lata
954 517 1077 589 lege
1128 516 1574 590 promulgantis,
1626 517 1991 591 discipulus!
2028 519 2092 571 At

2211 513 2553 585 τηλικούτοις
2585 514 2853 592 χαλεποῖς
2902 517 3290 592 συνεχόμενος,
3341 517 3514 573 ἐκεῖνα
3554 519 3763 598 ἐφρόνει
3794 543 3856 579 τε

441 624 575 662 vero
607 607 752 677 ipse,
775 604 1009 660 tametsi
1033 609 1117 659 tot
1135 605 1431 677 tantisque
1460 622 1652 661 rerum
1677 606 2093 661 acerbitatibus

2211 606 2296 659 mi
2326 604 2613 683 ἐφθέγγετο
2655 608 2733 678 (5)
2778 603 2953 662 ἕνεκεν
2998 611 3095 661 τοῦ
3154 606 3420 680 ὀνόματός
3471 630 3593 677 σου,
3627 610 3851 685 Χριστέ·

446 698 825 770 premeretur,
860 693 980 748 haec
1014 697 1210 749 tamen
1261 694 1551 750 sentiebat
1595 712 1661 751 ac
1710 694 2092 766 proloqueba-

444 789 541 840 tur
573 788 810 855 propter
839 799 1047 837 nomen
1090 787 1281 849 tuum,
1315 783 1543 838 Christe
1576 800 1587 837 :
1621 784 1853 838 Etiamsi
1894 786 2093 838 ambu-

441 873 629 927 lavero
660 874 721 926 in
742 872 924 925 medio
946 872 1161 927 umbrae
1185 874 1398 938 mortis,
1422 888 1531 927 non
1558 873 1756 927 timebo
1779 874 1946 938 mala,
1970 888 2097 942 quo-

438 964 593 1016 niam
625 964 683 1014 tu
712 976 927 1015 mecum
956 976 1014 1015 es
1034 962 1072 1015 ⁸.
1099 960 1243 1014 Hinc
1273 960 1455 1033 igitur
1484 980 1517 1017 a
1539 962 1736 1033 judice
1759 961 1881 1015 sine
1903 962 2097 1017 verbe-

441 1051 607 1105 ribus
639 1052 695 1104 et
731 1049 1042 1104 tormentis
1074 1049 1358 1103 dimissus
1397 1053 1505 1115 est,
1540 1058 1757 1122 martyr
1788 1050 1913 1105 sine
1945 1050 2094 1121 peri-

443 1137 614 1208 culis,
639 1142 697 1193 et
727 1138 851 1193 sine
900 1137 1190 1192 vibicibus
1235 1136 1556 1208 laureatus,
1588 1155 1721 1194 cum
1754 1138 1863 1193 hoc
1909 1155 2094 1194 unum

444 1230 834 1302 praestitisset,
860 1234 924 1285 ut
976 1246 1045 1285 ea
1100 1230 1296 1285 animo
1345 1234 1403 1286 et
1448 1230 1745 1286 voluntate
1792 1231 2093 1303 perferret,

447 1335 577 1391 quae
607 1318 799 1391 ipsum
832 1319 951 1390 pati
983 1318 1245 1374 Christus
1279 1318 1519 1375 minime
1550 1318 1833 1390 permisit.

520 1407 871 1477 Hujusmodi
910 1408 1107 1480 itaque
1134 1408 1558 1464 certaminibus
1597 1408 1920 1463 clarissime
1968 1424 2098 1481 per-

451 1496 829 1567 t‘unctus,jam
850 1497 999 1569 apud
1022 1512 1223 1552 omnes
1242 1497 1435 1552 clarus
1456 1502 1599 1565 erat,
1618 1498 1956 1569 beatusque,
1972 1502 2097 1554 tum

449 1585 520 1641 ob
554 1585 793 1641 liberam
820 1602 967 1641 verae
990 1586 1268 1641 doctrinae
1298 1585 1847 1659 promulgationem,
1872 1591 1997 1642 tum
2025 1589 2099 1644 ob

446 1674 745 1741 virtutem,
766 1678 967 1746 totque
996 1673 1323 1730 exantlatos
1354 1674 1580 1730 labores
1612 1675 1991 1732 censebatur:
2026 1676 2098 1730 il-

446 1762 653 1818 lustris
684 1764 860 1818 etiam
893 1768 949 1818 et
979 1764 1333 1835 conspicuus
1365 1764 1437 1820 ob
1471 1764 1737 1820 Ecclesiae
1770 1764 2097 1820 multitudi-

2205 694 2324 748 Ἐάν
2396 695 2484 749 καὶ
2553 698 2803 767 πορευθῶ
2880 694 2931 748 ἐν
3014 693 3159 767 μέσῳ
3232 702 3384 758 σκιᾶς
3454 698 3730 769 Θανάτου,
3788 699 3850 755 οὗ

2204 776 2590 859 φοϐηθήσομαι
2648 783 2806 850 κακὰ,
2865 782 2946 837 ὅτι
3008 782 3071 837 σὺ
3132 785 3245 855 μετ’
3302 783 3437 857 ἐμοῦ
3496 785 3562 842 εἶ.
3619 787 3850 843 Κάντεῦ-

2205 872 2289 924 θεν
2318 875 2446 946 γοῦν
2479 874 2555 943 (6)
2613 871 2880 946 μαστίγων
2936 872 3024 926 καὶ
3082 871 3257 934 αἰκίας
3315 874 3491 949 χωρὶς
3557 874 3849 949 ἀπελύετο,

2208 960 2410 1034 μάρτυς
2468 956 2591 1013 ἄνευ
2621 956 2880 1013 κινδύνων
2915 962 3012 1031 (7),
3062 960 3151 1014 καὶ
3202 959 3333 1036 δίχα
3379 960 3673 1034 μωλώπων
3726 986 3849 1020 στε-

2206 1048 2539 1125 φανηφόρος,
2586 1053 2871 1109 τοσοῦτον,
2901 1049 3063 1121 μόνον
3122 1050 3435 1125 εἴσενεγκὼν
3463 1096 3477 1123 ,
3535 1050 3657 1106 ὅσον
3725 1054 3852 1108 ὑπο-

2211 1141 2388 1208 μεῖναι
2440 1142 2506 1206 τῆ
2537 1138 2867 1213 προαιρέσει,
2917 1137 2951 1191 ἃ
2996 1139 3072 1210 μὴ
3122 1140 3305 1193 παθεῖν
3340 1139 3571 1215 Χριστὸς
3612 1143 3854 1217 συνεχώ-

2209 1245 2354 1301 ρησε.

2277 1399 2556 1461 Τοιούτοις
2609 1420 2701 1454 ουν
2752 1404 2831 1471 (8)
2880 1397 3195 1473 διαλάμψας
3250 1401 3473 1477 ἀγῶσιν,
3528 1399 3636 1472 ἤδη
3693 1409 3852 1459 πᾶσιν

2211 1489 2429 1564 ὑπῆρχε
2480 1490 2814 1566 καταφανής*
2868 1486 3116 1559 ζηλωτὸς
3180 1490 3272 1562 μέν
3321 1489 3389 1564 τῇ
3438 1490 3714 1567 παρῥησίᾳ
3754 1501 3854 1563 τῆς

2208 1576 2490 1647 ἀληθείας,
2529 1576 2777 1646 ζηλωτὸς
2811 1575 2867 1632 δὲ
2897 1582 2962 1652 τῇ
2992 1579 3155 1651 ἀρετῇ
3186 1578 3272 1632 καὶ
3302 1584 3419 1641 τοῖς
3464 1580 3748 1644 τοσούτοις
3781 1586 3859 1656 (9)

2206 1666 2417 1727 πόνοις·
2467 1661 2812 1729 ἀπόϐλεπτος
2866 1664 2922 1721 δέ
2968 1665 3047 1738 τῷ
3098 1666 3299 1737 πλήθει
3358 1674 3459 1737 τῆς
3504 1668 3855 1739 Ἐκκλησίας.

2203 1757 2363 1809 Ὥστε
2392 1756 2481 1809 καὶ
2531 1757 2755 1831 Πέτρον,
2801 1753 3092 1810 ἐπίσκοπον
3140 1754 3267 1809 ὅντα
3315 1762 3415 1825 τῆς
3456 1756 3853 1835 Ἀλεξανδρέων

446 1867 605 1907 nem.
626 1854 747 1917 Quo
770 1853 984 1907 factum
1009 1857 1095 1907 est
1113 1858 1177 1907 ut
1201 1856 1419 1923 Petrus,
1435 1870 1659 1925 magnae
1678 1854 1842 1909 urbis
1859 1853 2095 1909 Alexan-

2211 1842 2657 1920 μεγαλοπόλεως,
2708 1844 3025 1899 Ἀθανασίου
3072 1849 3169 1898 τοῦ
3215 1844 3352 1899 πάνυ
3404 1847 3503 1913 τήν
3561 1868 3858 1920 ποιμαντι-

2255 1933 2270 1949 ε
2364 1931 2377 1949 ,
2426 1931 2450 1949 η
2486 1933 2537 1949 ι,
2759 1935 2863 1949 μη.
2942 1932 2956 1949 .
3124 1931 3167 1949 ,κ
3290 1940 3328 1949 ..
3520 1933 3533 1949 ,
3668 1940 3694 1949 -

444 1939 625 1995 drinze
656 1939 991 2012 episcopus,
1023 1939 1356 2012 egregiique
1388 1938 1548 1994 illius
1580 1939 1874 1996 Athanasii
1902 1939 1962 1993 in
1996 1957 2098 2011 pa-

444 2027 645 2084 storali
676 2044 915 2083 munere
964 2045 1288 2097 successor,
1326 2028 1396 2082 ad
1429 2028 1770 2101 Gregorium
1820 2029 2098 2101 Magnum

445 2116 767 2189 scripserit,
791 2115 1443 2188 Constantinopolitanae
1486 2115 1758 2172 Ecclesize
1787 2116 2098 2189 imperium

447 2204 498 2262 ei
529 2206 904 2260 confirmans.
941 2206 1007 2259 Et
1039 2205 1274 2277 quidem
1308 2205 1631 2261 rectissime
1663 2210 1718 2259 et
1747 2205 2099 2277 mquissime,

451 2310 584 2351 eum
617 2294 956 2366 episcopum
989 2309 1139 2359 esse,
1167 2293 1267 2365 qui
1297 2293 1527 2349 labores
1552 2298 1684 2349 ante
1713 2294 2099 2366 impenderat,

450 2399 627 2456 quam
672 2381 743 2437 ad
788 2381 1134 2454 dignitatem
1169 2382 1511 2452 perveniret,
1542 2382 1960 2454 thronumque,
1984 2400 2100 2439 non

453 2471 712 2526 humano
746 2471 957 2541 favore,
993 2471 1090 2524 sed
1126 2486 1228 2542 pro
1276 2470 1557 2525 sudorum
1589 2470 1825 2542 praemio
1855 2474 1912 2526 et
1941 2488 2101 2527 mer-

450 2561 587 2617 cede
618 2562 932 2631 acceperat.
968 2562 1314 2629 Quanquam
1347 2563 1540 2614 autem
1575 2576 1769 2614 rerum
1803 2560 1873 2615 ab
1904 2576 1969 2616 eo
1995 2576 2100 2633 ge-

441 2654 666 2705 starum
698 2648 864 2720 copia
886 2652 1123 2720 repente
1156 2647 1211 2701 in
1248 2648 1511 2703 animum
1544 2647 1785 2705 subiens
1817 2649 2098 2706 orationis

439 2738 649 2795 seriem
684 2737 1005 2810 perturbat,
1041 2753 1107 2792 ac
1149 2736 1309 2792 velut
1358 2736 1416 2792 in
1466 2737 1763 2809 reciproca
1808 2738 2095 2795 ﬂuctuum

440 2827 779 2899 agitatione,
805 2824 1179 2896 sequentium
1206 2825 1460 2897 impetus
1488 2827 1681 2896 priora
1701 2826 1897 2881 obruit
1921 2845 1933 2882 :
1958 2845 2097 2899 quo-

440 2917 595 2971 niam
618 2920 810 2969 tamen
836 2915 902 2969 ad
931 2914 1243 2969 dicendum
1270 2913 1448 2969 semel
1473 2930 1786 2987 aggressus
1806 2932 1959 2981 sum,
1978 2934 2092 2973 non

438 3005 604 3077 prius
635 3004 947 3059 abscedam
973 3019 1151 3073 quam
1174 3003 1245 3057 ad
1277 3003 1451 3058 ﬁnem
1476 3020 1806 3075 pervenero,
1831 3004 2094 3077 Gregorii

437 3098 621 3149 Deum
657 3090 1019 3147 infirmitatis
1041 3108 1183 3147 meae
1205 3091 1615 3163 opitulatorem
1648 3108 1978 3161 assumens,
2001 3110 2095 3150 ve-

437 3186 737 3252 stramque
768 3179 1193 3235 humanitatem
1226 3182 1283 3234 et
1323 3179 1657 3236 facilitatem
1689 3180 1946 3236 intuens.

512 3243 737 3324 Eratin
770 3268 928 3339 regia
972 3267 1204 3323 civitate
1252 3268 1542 3323 Maximus
1588 3268 1849 3340 quidam,
1882 3286 2091 3341 genere
2122 3243 2165 3311 α

437 3357 763 3431 Egyplius,
790 3356 1054 3412 moribus
1086 3356 1390 3423 barbarus,
1415 3373 1598 3412 novus
1629 3358 1919 3429 quispiam
1950 3359 2091 3413 Jan-

440 3464 545 3504 nes
565 3448 609 3513 ⁸,
631 3448 914 3502 adversus
944 3445 1315 3515 Gregorium,
1336 3444 1496 3500 velut
1516 3446 1790 3501 adversus
1813 3446 2092 3519 Moysem,

441 3537 626 3592 aciem
658 3536 977 3591 instruens.
1016 3534 1137 3600 Hic,
1170 3550 1303 3589 cum
1351 3533 1613 3606 cynicam
1662 3533 2096 3606 philosophiam

445 3625 752 3698 amplexus
784 3628 956 3691 esset,
981 3621 1309 3693 baculoque
1339 3628 1395 3677 et
1426 3638 1593 3678 coma
1621 3626 1678 3676 et
1710 3622 1884 3695 pallio
1917 3624 2100 3697 gravi-

439 3715 577 3770 tatis
610 3712 863 3786 speciem
895 3728 1012 3783 prae
1059 3727 1121 3766 se
1172 3711 1364 3778 ferret,
1390 3711 1792 3784 hactenusque
1840 3713 2098 3784 philoso-

441 3804 750 3877 pharetur;
796 3804 1070 3857 caeterum
1132 3800 1389 3872 ingluvie
1446 3805 1502 3855 et
1557 3800 1872 3872 cupiditate
1930 3806 2098 3873 atque

438 3889 805 3963 impudentia
838 3889 1003 3945 canis
1034 3888 1231 3960 potius
1266 3906 1445 3961 quam
1479 3888 1715 3962 cynicus
1738 3894 1913 3955 esset,
1943 3891 2097 3945 Anti-

434 3980 663 4035 sthenis
711 3978 1097 4035 sectatoribus
1153 3978 1500 4046 contrarius,
1552 3976 1821 4050 talisque,
1866 3979 2096 4052 qualem

438 4067 740 4139 Scriptura
769 4066 952 4123 Nabal
1005 4066 1321 4123 describit"
1355 4083 1368 4123 :
1404 4067 1475 4121 ad
1526 4083 1759 4123 sacrum
1805 4073 2099 4140 pastorem

444 4156 687 4221 accedit,
721 4160 895 4227 atque
935 4156 1007 4211 ab
1059 4173 1125 4212 eo
1170 4156 1303 4212 ﬁdei
1353 4156 1697 4211 Christianas
1750 4157 2100 4213 rudimentis

444 4244 731 4313 imbutus,
766 4243 1124 4316 impietatem
1172 4245 1651 4317 dediscens,pars
1682 4245 1943 4302 Ecclesiae
1975 4248 2099 4301 effi-

441 4333 597 4388 citur
628 4349 794 4388 sacro
843 4333 1196 4406 baptismate
1246 4338 1513 4401 renatus;
1564 4335 1819 4405 fictaque
1867 4336 2100 4407 pietatis

442 4420 634 4494 specie
660 4421 741 4477 ita
772 4421 1111 4494 episcopum
1140 4423 1312 4494 cepit,
1339 4426 1403 4476 ut
1430 4424 1633 4478 eadem
1667 4440 1797 4477 cum
1830 4440 1895 4478 eo
1927 4424 2100 4480 domo

438 4511 762 4582 eademque
795 4526 999 4565 mensa
1045 4513 1324 4577 uteretur,
1349 4514 1524 4582 atque
1556 4510 1665 4583 ipsi
1709 4510 1940 4583 quidvis
1971 4528 2099 4567 esse

2206 1933 2307 2001 κήν
2360 1931 2707 2007 ἐκδεξάμενον
2755 1935 2888 2007 (10),
2939 1931 3239 1988 ἐπιστεῖλαι
3290 1933 3583 2009 Γρηγορίῳ
3627 1940 3707 2007 τῷ
3760 1958 3855 2010 με-

2208 2021 2367 2097 γάλῳ
2412 2023 2511 2091 τὴν
2563 2021 2970 2077 Κωνσταντίνου
3026 2019 3242 2084 πόλεως
3291 2021 3470 2099 ἀρχὴν
3541 2019 3857 2099 βεϐαιοῦντα

2208 2114 2343 2183 (il).
2377 2110 2475 2166 Καὶ
2508 2108 2625 2166 λίαν
2656 2131 2717 2187 γε
2749 2111 2922 2187 ὀρθῶς
2965 2110 3054 2165 καὶ
3104 2108 3350 2181 δικαίως,
3397 2116 3587 2167 τοῦτον
3635 2112 3860 2169 ἐπίσκο-

2209 2220 2311 2255 πον
2344 2201 2456 2273 (12)
2506 2199 2658 2272 εἶναι,
2700 2199 2791 2254 τὸν
2838 2198 2967 2255 τοὺς
3014 2199 3214 2261 πόνους
3260 2200 3735 2276 προεισενεγκόντα
3763 2206 3862 2256 τοῦ

2212 2288 2538 2361 ἀξιώματος,
2569 2287 2659 2342 καὶ
2695 2286 2881 2361 μισθὸν
2914 2285 3161 2361 ἱδρώτων
3200 2289 3291 2343 τὸν
3341 2288 3551 2365 θρόνον,
3588 2288 3734 2346 ἀλλὰ
3786 2292 3861 2363 μὴ

2210 2376 2372 2452 χάριν
2406 2376 2747 2451 ἀνθρωπίνην
2797 2375 3247 2453 ἀπενεγκάμενον.
3296 2377 3367 2432 Τὸ
3426 2379 3518 2451 μὶν
3573 2376 3665 2432 οὖν
3716 2378 3865 2449 πλῆ-

2209 2466 2299 2527 θος
2344 2469 2452 2520 τῶν
2501 2466 2897 2542 πεπραγμένων
2949 2465 3094 2537 αὐτῷ
3145 2464 3396 2541 ἀθρόως,
3459 2465 3695 2521 ἐπεισιόν
3759 2489 3862 2540 μου

2206 2556 2274 2626 τῇ
2325 2552 2553 2627 διανοίᾳ,
2601 2561 2797 2630 συγχεῖ
2842 2555 2941 2624 τήν
2998 2553 3347 2625 ἀκολουθίαν,
3394 2556 3484 2609 καὶ
3535 2557 3773 2629 καθάπερ
3804 2556 3859 2611 ἐν

2206 2645 2458 2716 κυμάτων
2510 2642 2855 2697 ἐπαναστάσει
2917 2646 3023 2697 τῶν
3082 2640 3345 2720 δευτέρων
3404 2646 3437 2712 ἡ
3499 2645 3638 2721 φορὰ
3694 2644 3862 2699 καλύ-

2204 2752 2323 2785 πτει
2353 2731 2421 2785 τὰ
2450 2732 2737 2808 φθάσαντα.
2791 2728 2948 2785 Ἀλλ’
2997 2730 3088 2785 οὖν
3139 2731 3275 2802 ἅπαξ
3324 2733 3589 2793 καταστάς
3640 2731 3713 2793 εἲς
3760 2732 3854 2788 τὸν

2206 2818 2386 2896 λόγον,
2421 2819 2482 2874 οὐ
2513 2822 3002 2897 προαποστήσομαι
3032 2824 3129 2874 τοῦ
3175 2819 3392 2894 τέλους,
3422 2822 3513 2875 τὸν
3547 2822 3850 2898 Γρηγορίου

2204 2910 2329 2965 Θεὸν
2393 2903 2687 2982 λαμϐάνων
2740 2915 2842 2978 τῆς
2899 2908 3165 2971 ἀσθενείας
3222 2911 3334 2983 (13)
3391 2908 3699 2985 ἐπίκουρον,
3755 2910 3849 2965 καὶ

2204 2997 2278 3059 εἷς
2355 2997 2418 3051 τὸ
2477 2997 2795 3074 σύγγνωμον
2875 2998 3090 3075 ἀφορῶν
3165 3004 3266 3067 τῆς
3345 2996 3605 3071 ὑμετέρας
3679 2997 3849 3053 ἐπιει-

2199 3084 2370 3149 κείας.

2269 3264 2512 3340 Ἐγένετό
2564 3285 2646 3325 τις
2706 3262 2757 3317 ἐν
2817 3267 2885 3337 τῇ
2966 3261 3207 3339 βασιλίδι
3266 3263 3533 3337 Μάξιμος,
3589 3266 3652 3319 τὸ
3689 3263 3845 3341 γένο)

2200 3352 2524 3429 Αῖγύπτιος,
2573 3353 2664 3406 τὸν
2708 3351 2911 3428 τρόπον
2967 3346 3260 3428 βάρϐαρος,
3320 3354 3523 3422 Ἰαννῆς
3577 3374 3659 3415 τις
3708 3352 3858 3423 νέος,

2204 3445 2319 3498 οἷον
2366 3442 2500 3497 κατᾶ
2540 3438 2637 3496 τοῖ’)
2685 3440 2958 3503 Μωυσέως
3010 3441 3302 3517 Γρηγορίῳ
3349 3442 3851 3515 παραταττόμενος·

2204 3530 2361 3594 οὗτος
2410 3528 2710 3609 φιλόσοφος
2759 3526 2832 3583 ὢν
2898 3530 3113 3592 κυνικὸς
3178 3535 3245 3604 τῇ
3298 3530 3587 3607 βακτηρίᾳ,
3641 3530 3730 3584 καὶ
3782 3534 3856 3604 τῇ

2203 3619 2349 3693 κόμῃ
2382 3664 2395 3689 ,
2453 3619 2542 3673 καὶ
2594 3623 2674 3690 τῷ
2732 3613 2959 3695 τρίϐωνι
3020 3619 3412 3691 σεμνυνόμενος
3450 3661 3464 3678 .
3523 3620 3613 3673 καὶ
3688 3619 3859 3694 μέχρι

2202 3708 2398 3763 τούτου
2432 3710 2543 3783 (14)
2592 3704 2733 3783 ἔχων
2783 3708 2844 3761 τὸ
2897 3706 3238 3786 φιλοσοφεῖν·
3270 3710 3368 3776 τὴν
3421 3705 3478 3761 δέ
3519 3728 3857 3785 γαστριμαρ-

2205 3797 2344 3873 γίαν,
2401 3796 2489 3851 καὶ
2542 3796 2640 3865 τήν
2698 3796 3032 3867 πλεονεξίαν,
3092 3797 3181 3851 καὶ
3236 3797 3335 3864 τήν
3386 3794 3651 3851 ἀναίδειαν
3709 3797 3856 3851 κύων

2211 3884 2423 3959 μᾶλλον
2471 3886 2505 3954 ἢ
2561 3887 2797 3953 κυνικὸς,
2846 3885 2934 3939 καὶ
2987 3889 3095 3939 τῶν
3146 3884 3513 3949 Ἀντισθένους
3561 3884 3856 3962 γνωρίμων

2208 3974 2501 4038 ἀντίθετος·
2554 3974 2643 4028 καὶ
2703 3976 2817 4028 οἷον
2873 3975 2964 4028 τὸν
3013 3969 3231 4045 Νάϐαλ,
3291 3974 3557 4047 ἀκούομεν
3618 3974 3859 4050 προσελ-

2206 4064 2312 4119 θὼν
2360 4067 2438 4135 τῷ
2486 4063 2617 4139 ἱερῷ
2681 4064 2917 4136 ποιμένι,
2968 4064 3056 4118 καὶ
3113 4064 3239 4137 παρ’
3290 4062 3454 4118 αὐτοῦ
3498 4063 3857 4139 κατηχηθεὶς,

2212 4152 2534 4227 μεταμαθὼν
2584 4152 2681 4221 τὴν
2731 4150 2932 4222 ἀθεΐαν,
2992 4151 3153 4227 μέρος
3202 4160 3301 4221 τῆς
3354 4151 3674 4222 Ἐκκλησίας
3725 4153 3857 4206 καθ-

2213 4242 2437 4308 ίσταται,
2487 4240 2863 4316 ἀναγεννηθεῖς
2905 4245 2985 4313 τῷ
3047 4241 3398 4317 βαπτίσματι.
3448 4236 3745 4295 Εὐλάϐειαν
3799 4237 3862 4294 δὲ

2212 4329 2656 4407 ὑποκρινόμενος,
2702 4330 3001 4408 ὁμορόφιος
3053 4332 3167 4404 (15)
3210 4330 3299 4383 καὶ
3346 4331 3716 4406 ὁμοτράπεζος
3760 4332 3863 4383 τοῦ

2209 4419 2506 4497 ἀρχιερέως
2557 4418 2888 4492 καθίσταται,
2937 4420 3110 4472 πάντα
3158 4417 3303 4489 αὐτῷ
3352 4418 3485 4473 είναι
3536 4421 3650 4489 (16)
3699 4438 3864 4491 νομι-

2211 4508 2459 4583 ζόμενος,
2521 4510 2743 4584 γνήσιος
2789 4508 3088 4583 ὑπηρέτης,
3148 4502 3326 4583 λόγων
3386 4506 3708 4577 ἐπαινέτης,
3770 4502 3865 4560 εὔ-

438 4604 793 4671 censeretur,
818 4598 1081 4654 sincerus
1112 4597 1399 4670 minister,
1423 4598 1698 4656 doctrinm
1731 4616 2094 4657 sermonum-

2211 4619 2326 4661 μους
2354 4599 2695 4672 Χριστιανοῖς
2726 4599 2859 4672 (17),
2911 4595 2973 4653 οὐ
3024 4590 3385 4675 φαυλότατος.
3432 4597 3521 4659 Ὠς
3574 4593 3633 4651 δὲ
3670 4600 3866 4671 πεῖραν

508 4760 530 4795 ⁸
560 4757 714 4815 Psal.
746 4774 887 4825 xm,
920 4758 973 4813 4.
1049 4758 1071 4793 ⁸
1105 4758 1283 4814 Exod.
1319 4774 1383 4827 ιι,
1417 4758 1512 4827 11;
1546 4758 1594 4814 ΙΙ
1626 4758 1778 4813 Tim.
1810 4775 1899 4829 ιιι,
1929 4762 1984 4816 8.
2060 4762 2080 4797 ⁷

2211 4775 2313 4833 .eg.
2346 4776 2477 4827 xxv,
2508 4760 2543 4815 3
2572 4775 2703 4831 sqq.

509 4920 584 4986 (5)
609 4921 747 4978 Cod.
779 4925 843 4975 P.
878 4916 1168 4975 ἐδίδασκεν.

508 4991 586 5063 (6)
617 4992 793 5065 Codd.
827 4991 923 5065 Or.
950 4998 1023 5065 iet
1058 4992 1216 5065 C91b_.
1248 4995 1304 5065 _2,
1335 4995 1655 5065 Τοιγαροῦν.
1689 4992 1846 5050 Colb.
1884 4997 1934 5051 1.
1968 5000 2093 5049 Τοι-

435 5062 586 5139 γοῦν,
620 5063 752 5139 M0;
782 5064 917 5139 cod,
946 5064 1006 5118 P.
1039 5062 1128 5116 καὶ
1159 5062 1354 5139 αίτίας,
1394 5062 1516 5121 situt
1541 5066 1723 5139 culpa.

888 5131 1008 5187 ἄνευ
1038 5131 1342 5226 μαστίγευνέ

507 5205 583 5277 (8)
615 5206 775 5261 Colb.
813 5208 865 5275 1,
893 5205 1175 5268 τοσούτοις
1206 5205 1317 5277 οὖν,
1350 5209 1521 5263 tantis
1548 5209 1745 5276 igitur.

508 5222 583 5347 (ὅ)
615 5222 775 5261 UOID.
813 5222 865 5275 1,
893 5222 1175 5268 τοσούτοις
1206 5222 1317 5277 ουν,
1350 5222 1521 5263 (amis
1548 5222 1745 5276 ιριιιιν.
2026 5280 2035 5291 ο

508 5279 584 5367 (9’
620 5278 703 5333 [ta
732 5278 857 5333 cod.
892 5278 1050 5335 Colb.
1106 5280 1155 5347 1,
1204 5282 1259 5349 2,
1312 5279 1405 5334 Or.
1440 5284 1493 5335 et
1542 5279 1800 5335 Combet‘.
1837 5282 1894 5334 In
1947 5281 2085 5334 edit.

436 5368 730 5408 τοιούτοις.

510 5421 620 5491 (10)
652 5420 747 5493 Sic
794 5420 1036 5493 Colbr‘Z,
1081 5424 1137 5475 et
1182 5421 1437 5476 Combet‘.
1491 5438 1637 5493 cum,
1672 5422 1894 5493 antiqui
1945 5422 2083 5477 edit.

441 5488 575 5545 Cod.
636 5492 730 5547 Or.
783 5488 1177 5562 εἰσδεξάμενον.
1240 5494 1307 5566 ln_
1359 5493 1496 5547 edit.
1554 5488 1943 5566 §x8e5apévou,‘
1983 5494 2084 5566 Sed

444 5580 774 5646 perperam;
810 5580 945 5646 nam
996 5564 1348 5646 Petrum,‘de
1377 5579 1491 5645 quo
1540 5564 2084 5646 Gregorius_loqui-

444 5646 555 5692 tur.
588 5640 809 5689 certum
867 5639 955 5690 est
1012 5642 1141 5707 post
1190 5636 1573 5690 Athanasium
1635 5636 2079 5692 Alexandrinam

444 5706 756 5760 Ecclesiam
791 5705 1026 5760 rexisse.

461 5722 756 5762 SCOIBBlam
791 5722 1026 5764 P911886.

2301 4922 2386 4995 11)
2418 4922 2598 4978 Codd.
2649 4922 2707 4978 P.
2741 4921 2901 4979 Colb.
2956 4924 2981 4977 1
3034 4926 3091 4995 et
3137 4925 3190 4991 2,
3240 4916 3650 4995 ἀρχιερωσύνην
3709 4918 3858 4991 αὐτῷ

2207 4994 2862 5070 βεϐαιοῦνταυςιιῃιιηιηη
2889 4994 3251 5070 sacerdotium
3278 4994 3331 5070 ei
3356 4994 3712 5070 conﬁrmans.

2273 5066 2390 5134 (12)
2423 5066 2600 5121 Codd.
2634 5066 2728 5121 ΟΡ.
2757 5065 2820 5120 Ρ.
2855 5069 2912 5135 et
2941 5064 3099 5135 Colb.
3136 5066 3188 5135 1,
3220 5067 3411 5118 τοῦτον
3446 5064 3781 5118 ἐπισκοπεῖν.

2303 5132 2387 5205 13)
2420 5137 2556 5192 Cod.
2588 5140 2682 5193 Or.
2714 5141 2816 5204 τῆς
2848 5132 3128 5205 ἀληθείας.

2419 5208 2578 5281 Colb.
2613 5209 2662 5275 1,
2698 5205 2869 5281 μέχρι
2892 5205 3119 5281 τούτων.

2415 5279 2573 5354 Cglb.
2694 5270 2996 5354 δμϐρόφιός
3025 5298 3101 5354 τε,
3135 5279 3262 5333 cod.
3297 5278 3393 5333 Or.
3430 5274 3767 5353 ὁμόρῥοφος.

2299 5352 2384 5417 16)
2421 5350 2565 5404 Εἶναι
2602 5353 2765 5407 deest
2797 5350 2852 5405 in
2886 5350 3012 5405 cod.
3048 5351 3143 5405 0r.
3177 5355 3231 5404 et
3266 5354 3325 5403 P.

2298 5424 2381 5492 17)
2416 5424 2549 5477 Cod.
2586 5423 2680 5478 Or.
2715 5420 3058 5495 Χριστιανός,
3093 5438 3225 5495 cum
3278 5437 3393 5495 qua
3441 5419 3687 5495 lectione
3705 5433 3853 5495 Aver-

2194 5490 2433 5548 tendum
2483 5499 2657 5565 esset,
2688 5490 3003 5549 sermonum
3052 5490 3312 5548 laudator
3354 5492 3655 5554 benevolus,
3691 5490 3853 5565 Caria

2192 5568 2407 5636 uicinus
2450 5582 2557 5619 non
2606 5561 2863 5636 vitlgaris.
2899 5566 2984 5621 Ita
3030 5570 3086 5619 et
3136 5565 3263 5619 cod.
3294 5565 3357 5636 ΔΡ.
3391 5579 3623 5636 omnem
3674 5561 3850 5617 solvit

2192 5635 2615 5761 dil'ﬁrgiltatem,
2647 5632 2787 5692 dum
2822 5637 2877 5691 in
2912 5654 2978 5693 eo
3008 5635 3221 5710 legitur
3249 5633 3312 5689 οὐ
3343 5632 3679 5711 φαυλότατος
3712 5637 3847 5709 Χρια

2192 5726 2337 5761 στιαν
2376 5726 2421 5761 ς.

2191 5726 2421 5769 στιανος.
