4152 6208
305 418 414 478 281

1308 419 1677 482 AUCTORE
1722 419 2120 482 GttEGOHIO
2166 420 2709 483 PRESBYTERO.

3590 418 3708 478 282

299 555 372 621 τῷ
400 550 585 625 χρόνῳ
638 546 844 623 διδοὺς,
878 549 1022 621 ἄξιος
1078 550 1335 625 ἐνομίσθη
1389 555 1486 607 τοῦ
1542 552 1814 627 βήματος,
1844 572 1939 623 τη-

2057 568 2165 625 que
2195 552 2481 619 laudator,
2516 569 2620 609 nec
2654 552 2877 625 vulgari
2923 551 3322 608 benevolentia
3372 568 3504 625 erga
3535 550 3700 607 Chri-

299 644 514 696 νικαῦτα
565 643 647 710 τῷ
704 638 901 713 κλήρῳ
963 638 1393 716 έγκαταλέγεται·
1440 640 1530 695 καὶ
1585 640 1675 696 τὸν
1737 638 1937 698 Ἰούδαν

304 728 570 799 ζηλώσας,
628 727 921 783 ἀπόστασιν
991 729 1158 785 ἐννοεῖ
1230 730 1364 784 κατὰ
1440 734 1536 784 τοῦ
1612 727 1940 785 διδασκάλου

306 814 715 889 ἐπιστρατεύων,
772 822 1011 894 συνεργῷ
1068 818 1358 894 χρώμενός
1418 840 1520 873 τινι
1592 814 1939 895 πρεσϐυτέρῳ

304 912 397 974 τῆς
426 903 776 974 Ἐκκλησίας,
821 906 899 972 ὃς,
946 904 1086 979 μηδὲ
1133 906 1473 979 ἐπιτιμηθεὶς
1521 907 1763 973 πώποτε,
1798 906 1941 962 ἀλλὰ

306 996 387 1049 καὶ
448 991 572 1047 λίαν
632 992 683 1047 ἰν
737 1000 854 1056 τοῖς
915 999 1123 1068 τιμίοις
1184 996 1469 1071 ὑπάρχων,
1499 1000 1575 1067 τῷ
1622 995 1851 1068 Μαξίμῳ
1877 996 1939 1051 τὸ

307 1083 477 1157 δρᾶμα
524 1084 909 1159 συνεσκαιώρει
942 1086 1075 1157 (18).
1133 1086 1203 1139 Τὸ
1260 1082 1316 1139 δὲ
1374 1088 1434 1153 ἦν
1497 1083 1787 1139 ἐπίσκοπον
1844 1106 1939 1139 κα-

300 1177 555 1239 ταστῆσαι
612 1176 714 1224 τοῦ
771 1172 1064 1240 Βυζαντίου
1113 1173 1204 1227 τὸν
1249 1174 1516 1245 Μάξιμον.
1550 1172 1698 1228 Ἐπεὶ
1749 1171 1805 1228 δὲ
1851 1175 1941 1227 καὶ

299 1259 523 1335 χρυσίου
575 1256 681 1315 ἔδει
732 1260 867 1335 πρὸς
917 1262 985 1315 τὰ
1028 1266 1270 1333 τοιαῦτα,
1303 1262 1465 1325 πόθεν
1495 1263 1523 1317 ὁ
1553 1261 1746 1337 πόρος,
1779 1262 1939 1317 ἀκού-

298 1370 433 1405 σατε.
497 1343 872 1423 Πρεσϐύτερός
940 1371 1023 1411 τις
1108 1352 1384 1421 νησιώτης
1441 1350 1500 1405 ἐκ
1578 1350 1806 1421 Θάσσου,
1860 1352 1940 1422 τῷ

300 1436 569 1510 Βυζαντίῳ
626 1438 1069 1515 προσορμισθεὶς,
1136 1438 1357 1511 ἐκόμιζε
1406 1441 1689 1515 χρήματα,
1728 1439 1938 1502 πλάκας

301 1526 587 1599 μαρμάρου
647 1528 762 1600 (49)
810 1527 1181 1599 Ηροκονησίας
1260 1528 1747 1602 ἐμπορευσάμενος.
1805 1534 1938 1583 Τοῦ-

293 1636 377 1670 τον
430 1615 673 1682 ἑλόντες,
731 1613 821 1669 καί
882 1616 1203 1692 ὑποσχέσεσι
1267 1620 1379 1689 (20)
1442 1615 1785 1678 δελεάσαντες
1834 1616 1941 1689 (εὕ-

297 1725 474 1758 πιστον
536 1704 645 1778 γὰρ
700 1706 736 1773 ἡ
796 1704 1069 1782 κουφότης
1126 1706 1259 1780 πρὸς
1316 1704 1525 1774 ἀπάτην
1585 1705 1939 1778 καθίσταται),

300 1787 632 1864 λαμϐάνουσι
663 1792 726 1845 τὸ
769 1791 996 1867 χρυσίον
1042 1799 1143 1861 τῆς
1192 1793 1515 1869 κακουργίας
1576 1795 1939 1868 συνέμπορον,

298 1880 377 1934 καὶ
459 1880 777 1953 πέμψαντες
854 1880 929 1942 εἷς
1012 1882 1111 1949 τὴν
1190 1879 1619 1956 ’Δλεξάνδρειαν,
1696 1882 1939 1938 πείθουσι

296 1970 379 2021 τὸν
433 1967 642 2042 Πέτρον
720 1968 1039 2024 ἀποστεῖλαι
1119 1967 1313 2044 ἄνδρας
1392 1978 1773 2046 χειροτονῆσαι
1849 1972 1941 2025 τὸν

298 2056 538 2130 Μάξιμον
555 2100 570 2113 .

2052 642 2273 697 stianos
2331 641 2588 697 aﬁectus.
2640 642 2713 697 Ut
2770 646 2965 697 autem
3025 657 3337 715 progressu
3395 640 3699 713 temporis,

2050 730 2512 802 experimentum
2546 730 2634 785 sui
2680 732 2961 801 praebens,
2996 731 3212 802 dignus
3244 731 3370 802 jam
3396 731 3699 800 judicatus

2049 824 2136 876 est
2168 820 2267 890 qui
2300 818 2355 872 in
2386 819 2850 875 ecclesiasticum
2873 819 3135 874 ordinem
3160 823 3549 891 cooptaretur,
3572 823 3698 873 tum

2052 925 2184 963 vero
2215 908 2271 961 in
2306 907 2524 963 clerum
2576 907 2907 973 ascribitur,
2942 925 3007 961 ac
3056 908 3269 962 Judam
3302 906 3632 973 aemulatus,
3668 925 3701 962 ο.

2052 1000 2399 1068 praeceptore
2452 1012 2558 1050 suo
2620 995 2835 1066 perﬁde
2893 996 3155 1064 deﬁcere,
3189 1000 3361 1067 atque
3420 996 3699 1050 adversus

2051 1102 2185 1140 eum
2218 1083 2640 1157 expeditionem
2686 1084 3000 1155 suscipere,
3033 1083 3092 1138 in
3134 1084 3396 1139 animum
3431 1085 3697 1152 inducit;

2050 1175 2359 1244 cujusdam
2392 1172 2660 1228 Ecclesiae
2684 1173 3000 1245 presbyteri
3026 1189 3202 1243 opera
3225 1190 3389 1237 usus,
3418 1174 3513 1244 qui
3540 1190 3695 1241 cum,

2052 1279 2166 1317 non
2192 1263 2363 1317 modo
2386 1278 2689 1333 nunquam
2715 1278 2746 1315 a
2765 1261 3040 1334 Gregorio
3060 1261 3403 1332 objurgatus
3426 1262 3699 1316 duriusve

2052 1350 2399 1423 appellatus,
2433 1351 2530 1405 sed
2566 1356 2621 1404 et
2658 1350 2814 1405 inter
2853 1348 3182 1421 singulares
3212 1350 3433 1404 amicos
3463 1349 3700 1405 habitus

2051 1440 2283 1507 fuisset,
2318 1439 2574 1495 fabulam
2625 1439 2775 1511 hanc
2825 1455 2960 1494 cum
2992 1438 3243 1494 Maximo
3292 1438 3562 1505 cudebat,
3597 1438 3701 1493 hoc

2048 1528 2317 1584 videlicet
2340 1544 2539 1600 agens,
2564 1532 2630 1583 ut
2651 1528 2937 1584 Maximus
2958 1528 3215 1599 Byzantii
3237 1528 3545 1599 episcopus
3566 1544 3699 1581 con-

2052 1618 2413 1673 stitueretur.
2439 1620 2517 1672 Ac
2550 1616 2823 1689 quoniam
2850 1617 2920 1671 ad
2943 1616 3233 1687 ejusmodi
3257 1633 3347 1671 res
3381 1633 3521 1671 auro
3554 1632 3701 1688 Opus

2051 1711 2193 1773 erat,
2231 1707 2383 1760 unde
2412 1706 2468 1761 id
2506 1706 2943 1778 suppeditatum
2980 1705 3172 1772 fuerit,
3207 1705 3421 1761 audite.
3455 1706 3702 1779 Presby-

2052 1798 2142 1850 ter
2166 1794 2403 1867 quidam
2437 1794 2749 1850 insulanus
2772 1794 2995 1850 Thasso
3020 1795 3359 1865 Byzantium
3393 1793 3700 1867 appulsae,

2053 1884 2333 1957 pecunias
2356 1886 2593 1955 ferebat,
2610 1889 2676 1940 ut
2698 1900 3056 1939 marmoreas
3074 1882 3307 1938 tabulas
3327 1883 3702 1938 Proconesias

2050 1978 2287 2030 emeret.
2322 1974 2439 2029 Hoc
2488 1977 2740 2045 arrepto,
2775 1990 2840 2028 ac
2880 1972 3363 2045 pollicitationum
3414 1970 3701 2027 illecebris

2050 2060 2291 2118 delinito
2350 2062 2525 2133 (leves
2584 2062 2739 2116 enim
2799 2062 3064 2117 homines
3123 2061 3303 2116 nimia
3361 2059 3703 2116 credulitate

295 2147 451 2203 facile
484 2150 547 2202 in
584 2148 849 2203 fraudem
894 2147 1325 2219 impelluntur),
1354 2166 1562 2205 aurum
1613 2150 1849 2206 sceleris
1878 2150 2306 2207 adminiculum
2355 2150 2668 2223 accipiunt,
2700 2154 2875 2222 atque
2922 2148 3332 2205 Alexandriam
3380 2149 3699 2215 mittentes,

296 2235 517 2291 Petrum
559 2252 625 2291 eo
655 2236 974 2301 adducunt,
1011 2243 1077 2291 ut
1108 2242 1293 2292 certos
1326 2237 1521 2293 mittat
1552 2238 1820 2294 homines
1850 2240 1922 2294 ad
1953 2238 2270 2295 Maximum
2302 2240 2617 2294 creandum
2648 2238 3008 2309 episcopum.

358 2324 458 2379 Καὶ
518 2320 589 2392 δὴ
654 2325 845 2377 θᾶττον
904 2322 1072 2399 λόγου
1121 2328 1288 2379 ταῦτα
1329 2324 1638 2399 ἐπράττετο.
1692 2331 1941 2401 Παρῆσαν

291 2411 375 2466 ἀπ’
403 2412 692 2485 Αἰγύπτου
722 2413 775 2466 οἱ
804 2414 904 2481 τὴν
956 2413 1258 2481 ἐπισκοπὴν
1308 2410 1570 2476 δώσοντες
1603 2416 1736 2487 (21).
1772 2414 1943 2477 Οὗτος

293 2500 549 2575 ὁΠέτρος
611 2499 841 2569 ἐκεῖνος,
874 2501 903 2554 ὁ
932 2500 1061 2576 πρὶν
1126 2501 1220 2574 μὶν
1276 2502 1573 2578 Γρηγόριον
1620 2502 1942 2576 ὲνθρόνίσας,

296 2593 379 2641 νῦν
438 2587 498 2643 δὲ
555 2593 890 2665 χειροτονῶν
953 2590 1225 2664 Μάξιμον,
1278 2590 1369 2645 καὶ
1425 2589 1549 2646 οὐδὲ
1615 2592 1678 2646 τὸ
1753 2592 1943 2647 ἑαυτοῦ

294 2678 518 2752 γράμμα
549 2676 922 2749 δυσωπηθεὶς,
959 2679 1005 2732 εί
1059 2680 1133 2751 μή
1181 2701 1233 2734 τι
1291 2681 1387 2749 τήν
1446 2679 1640 2756 ἀρετὴν
1700 2684 1796 2735 τοῦ
1850 2680 1942 2735 ἆν-

297 2763 416 2838 δρὸς
472 2767 565 2820 καὶ
622 2767 687 2821 τὸ
738 2767 923 2828 κλέος.
957 2768 1045 2829 Ὠς
1078 2765 1126 2821 δ’
1165 2766 1260 2821 οὖν
1318 2769 1452 2839 ἧκον
1512 2770 1563 2824 οἱ
1612 2771 1737 2841 παρ’
1779 2770 1943 2824 αὑτοῦ

299 2854 599 2921 σταλέντες,
654 2851 847 2930 ὄρθρος
895 2858 983 2923 ἦν,
1032 2855 1122 2909 καὶ
1175 2856 1327 2911 αὐτοὶ
1374 2864 1619 2932 παρῆσαν
1670 2855 1798 2911 εἷ’σω
1846 2865 1945 2927 τῆς

298 2942 609 3015 ἐκκλησίας,
667 2944 729 2998 οὗ
787 2949 865 3015 τῷ
921 2945 1140 3016 ποιμένι
1188 2948 1300 3018 (22)
1345 2951 1511 3001 ταῦτα
1566 2946 1943 3022 γνωρίσαντες,

300 3030 357 3085 οὗ
393 3029 810 3107 πρεσϐυτέροις,
861 3032 923 3087 οὐ
980 3030 1198 3109 κλήρῳ,
1252 3034 1313 3089 οὐ
1358 3038 1466 3090 τῶν
1522 3034 1572 3089 ἐν
1622 3034 1766 3090 τέλει
1816 3034 1943 3105 τινὶ,

302 3119 357 3174 οὐ
384 3119 499 3192 λαῷ
528 3125 735 3192 πιστῷ,
767 3120 895 3176 ἀλλ’
924 3120 1114 3176 αὐτίκα
1164 3129 1262 3192 τῆς
1321 3124 1661 3199 χειροτονίας
1708 3121 1944 3199 εἷ’χοντο.

300 3210 489 3278 Ἀκοῆς
540 3208 601 3265 δὲ
646 3210 945 3285 γενομένης
998 3210 1231 3286 ἀθρόως,
1290 3218 1535 3284 παρῆσαν
1592 3214 1773 3287 ἱερεῖς,
1804 3210 1944 3282 κλῆ-

299 3317 406 3369 ρος,
457 3298 594 3360 λαὸς
649 3296 917 3373 ἔκκριτος,
969 3300 1254 3374 αἱρετικῶν
1302 3308 1531 3373 σμῆνος.
1580 3302 1800 3372 Πάντες,
1842 3302 1946 3377 γὰρ

2125 2328 2193 2382 Et
2224 2328 2461 2399 quidem
2497 2327 2617 2382 haec
2648 2327 2801 2381 dicto
2840 2326 3013 2381 citius
3052 2326 3420 2398 gerebantur.
3446 2327 3703 2382 Aderant

2053 2416 2124 2471 ab
2156 2420 2420 2488 IEgypto,
2449 2414 2549 2487 qui
2582 2415 2982 2487 episcopatum
3016 2414 3264 2471 Maximo
3296 2415 3519 2469 darent.
3544 2414 3702 2470 Talis

2054 2504 2256 2559 Petrus
2282 2504 2379 2559 ille
2399 2508 2542 2571 erat,
2559 2504 2677 2575 qui,
2705 2521 2836 2559 cum
2862 2504 3024 2577 prius
3045 2503 3383 2575 Gregorium
3408 2503 3467 2558 in
3488 2504 3701 2559 throno

2053 2592 2410 2661 collocasset,
2436 2598 2636 2664 postea
2685 2593 3003 2648 Maximum
3042 2592 3379 2665 episcopum
3431 2592 3701 2648 institue-

2052 2680 2172 2746 bat,
2219 2698 2291 2737 ne
2336 2681 2560 2736 litteras
2591 2680 2827 2752 quidem
2881 2696 3001 2745 eas,
3044 2697 3187 2751 quas
3236 2681 3307 2735 ad
3356 2680 3699 2753 Gregorium

2054 2770 2393 2841 scripserat,
2424 2770 2668 2835 veritus;
2712 2770 2924 2823 nedum
2967 2770 3152 2840 ipsius
3184 2770 3476 2836 virtutem,
3511 2768 3699 2824 nomi-

2057 2858 2263 2930 nisque
2296 2858 2685 2930 sptendorem.
2722 2862 3036 2929 Postquam
3081 2857 3261 2929 igitur
3290 2859 3570 2913 advenere
3600 2856 3702 2928 qui

2055 2947 2127 3003 ab
2158 2963 2224 3001 eo
2270 2946 2436 3002 missi
2490 2947 2737 3013 fuerant,
2771 2948 2881 3004 sub
2930 2951 3191 3002 exortum
3234 2946 3348 3002 diei
3396 2945 3702 3003 ecclesiam

2054 3035 2496 3107 ingrediuntur;
2532 3050 2703 3106 reque
2746 3052 2852 3092 nec
2902 3035 3144 3107 pastori,
3178 3052 3282 3091 nec
3330 3034 3701 3107 presbyteris,

2056 3140 2160 3179 nec
2191 3123 2362 3194 clero,
2397 3140 2501 3179 nec
2550 3123 2824 3195 cuiquam
2856 3140 2923 3179 ex
2953 3123 3415 3196 magistratibus,
3448 3140 3553 3179 nec
3603 3124 3700 3178 de-

2054 3212 2230 3284 nique
2261 3213 2366 3283 piae
2408 3212 2561 3285 plebi
2611 3214 2919 3283 patefacta,
2952 3213 3151 3268 statim
3182 3213 3241 3268 in
3272 3213 3702 3268 ordinationem

2054 3300 2423 3357 incumbunt.
2475 3304 2690 3356 Verum
2750 3301 2931 3372 hujus
2987 3302 3069 3357 rei
3129 3302 3284 3357 fama
3340 3317 3442 3373 per
3496 3302 3701 3355 urbem

294 3386 472 3464 ἐχθροί
530 3410 594 3444 τε
658 3388 868 3461 ὁμοίως
927 3389 1015 3443 καὶ
1048 3387 1202 3467 φίλοι
1254 3390 1357 3445 ὑπὸ
1414 3390 1600 3463 μανίας
1632 3390 1937 3468 ἀνήφθῃσαν

2057 3407 2278 3463 sparsa,
2322 3394 2555 3463 repente
2603 3390 2841 3445 adfuere
2892 3391 3244 3461 sacerdotes,
3278 3390 3488 3454 clerus,
3538 3387 3703 3461 plebs

288 3478 376 3545 τήν
407 3478 630 3551 ἀταξίαν
661 3476 837 3531 αὐτῶν
887 3479 976 3532 καὶ
1022 3479 1123 3547 τήν
1179 3478 1486 3555 μοχθηρίαν
1521 3482 1629 3551 (23)
1669 3494 1943 3535 καταπλα-

289 3566 473 3640 γέντες.
576 3566 751 3622 Κακία
832 3567 936 3641 γὰρ
1019 3568 1237 3643 ἄμαχος
1326 3568 1415 3623 καὶ
1496 3568 1623 3630 τοὺς
1710 3567 1940 3645 ἐχθροὺς

291 3653 553 3718 πολλάκις
610 3659 711 3709 τοῦ
766 3653 1076 3730 πάσχοντος
1133 3655 1273 3731 πρὸς
1331 3654 1537 3728 ἄμυναν
1587 3654 1938 3726 διανίστησιν.

291 3742 371 3804 Ὠς
411 3741 457 3797 δ’
500 3744 592 3798 ὑπ’
641 3742 879 3818 ἀνάγκης
930 3743 1167 3813 ἀνήνυτα
1212 3746 1278 3813 ἧν
1328 3743 1502 3798 αὐτῶν
1545 3747 1659 3817 (24)
1688 3745 1755 3799 τὰ
1808 3746 1941 3819 βου-

292 3828 531 3903 λεύματα
713 3831 818 3906 γὰρ
874 3831 1170 3906 προπέτεια
1224 3834 1316 3886 τὸν
1377 3830 1554 3904 δῆμον
1615 3833 1796 3894 αὐτοῖς
1846 3834 1939 3888 ὑπ-

294 3918 518 3995 ετείχισε
595 3923 729 3991 (25),
771 3920 823 3973 τί
888 3918 1124 3991 δρῶσιν;
1172 3919 1508 3994 Ἐξελθόντες
1573 3929 1673 3992 τῆς
1737 3920 1937 3993 ἐκκλη-

294 4007 421 4069 σίας,
477 4009 554 4070 εἷς
621 4011 771 4062 οἷκον
833 4008 1176 4084 ἀφικνοῦνται
1252 4009 1535 4086 χοραύλου
1595 4012 1711 4083 (26)
1767 4012 1936 4079 τινὸς,

292 4096 436 4151 κάκεῖ
481 4101 867 4172 χειροτονοῦσι
912 4099 1004 4152 τόν
1054 4098 1323 4171 Μάξιμον,
1370 4098 1661 4173 συνεργοὺς
1719 4097 1937 4175 ἔχοντές

291 4206 427 4247 τινας
479 4190 580 4240 τοῦ
644 4184 779 4239 λαοῦ
834 4183 924 4240 καῖ
981 4184 1392 4261 συλλήπτορας,
1434 4187 1518 4241 ἐπ’
1566 4187 1760 4250 αἰτίαις
1809 4188 1937 4243 ἀτα-

293 4272 395 4341 ξίας
448 4281 551 4343 τῆς
606 4273 936 4343 Ἐκκλησίας
995 4270 1454 4348 ἐκϐεϐλημένους.
1516 4275 1775 4351 Χαίρο·›σι
1832 4278 1936 4352 γὰρ

292 4362 336 4415 οἱ
364 4362 606 4418 τοιοῦτοι
647 4368 763 4424 ταῖς
801 4360 1095 4440 αἶφνιδίοις
1151 4359 1502 4437 μεταϐολαῖς,
1534 4364 1669 4441 πρὸς
1719 4366 1813 4437 μὲν
1870 4367 1938 4420 τά

292 4452 655 4521 καθεστηκότα
702 4455 808 4505 τῶν
859 4453 1196 4527 πραγμάτων
1247 4452 1706 4529 ἀπεχθανόμενοι,
1756 4455 1836 4509 ἀεὶ
1880 4452 1938 4508 δὲ

290 4539 637 4614 καινοτομίας
668 4539 915 4616 ἐρῶντες.
946 4542 1007 4597 Ἡ
1042 4538 1088 4595 δ’
1132 4538 1223 4595 οὖν
1281 4540 1445 4604 πόλις
1506 4546 1663 4615 θυμῷ
1724 4544 1933 4614 ζέουσα,

292 4626 337 4679 τί
367 4628 421 4681 ἄν
452 4650 536 4690 τις
567 4627 748 4703 λέγοι,
782 4627 989 4699 ὁπόσης
1039 4626 1321 4703 λοιδορίας
1366 4634 1465 4685 τοῦ
1513 4630 1759 4703 Μαξίμου
1806 4652 1935 4687 κατ-

294 4714 438 4790 έχεον
498 4720 637 4789 (27),
675 4716 1018 4796 μεμφόμενοι
1078 4719 1169 4773 καὶ
1226 4718 1374 4792 αὖτῷ
1431 4718 1739 4796 Γρηγορίῳ,
1802 4720 1933 4775 ὁπό-

296 4824 387 4873 σης
462 4804 675 4868 εὐνοίας
940 4806 1031 4860 τὸν
1128 4807 1374 4880 Μάξιμον
1463 4806 1554 4862 καὶ
1636 4807 1934 4885 παρρησίας

360 4950 468 5026 (18)
496 4949 638 5026 ng.
673 4948 784 5026 0r._
799 4948 1187 5026 _auvscxedipet,
1216 4952 1368 5026 _c_od.
1423 4956 1482 5005 P.
1529 4951 1935 5026 συνεσκευώρει,

296 5020 727 5075 muchz'nabatur.
764 5020 893 5076 Mox
924 5020 1100 5076 iidem
1129 5022 1297 5077 codd.
1330 5028 1676 5090 καταστῆναι.

358 5092 635 5168 (i9)_Cod_.
668 5091 763 5168 O_r.
802 5094 1123 5168 μαρμάρων·
1159 5094 1317 5168 Colb.
1352 5096 1403 5165 1,
1440 5092 1730 5168 μαρμάρου
1775 5097 1936 5166 Προι-

296 5160 558 5239 κονησίας.
592 5160 825 5239 Antiqui
876 5160 1015 5218 edit.
1063 5160 1398 5239 legendum'
1427 5160 1937 5239 putant'dmmxw-

295 5232 489 5309 χησίασ
546 5238 607 5287 et
660 5232 872 5288 aiunt:
925 5232 1144 5309 Insulaj
1181 5236 1300 5291 hzec
1357 5232 1748 5309 Propontidis,
1784 5238 1936 5293 unde

296 5302 627 5381 Qyzicenum
686 5321 964 5381 marmor,
1020 5306 1319 5381 Ptolemaeo
1348 5302 1488 5381 rest'
1515 5307 1933 5381 Προικόννησος.

300 5374 726 5439 Prmconnesus;
780 5376 1196 5433 Leuvenclaius
1243 5379 1458 5435 idcirco
1506 5374 1678 5435 vertit
1722 5374 1937 5435 tabulas

303 5449 976 5525 ςξζωςοηεείἱπιᾳηῃονίξρ·
1006 5453 1066 5503 at
1108 5449 1501 5525 Straboniest
1533 5449 1932 5525 Προκόννησοςν

305 5516 391 5593 lib.
424 5536 546 5593 xui,
587 5524 642 5593 et
674 5518 875 5593 Plinio,
910 5519 1333 5593 Proconnesus,
1367 5522 1467 5577 lib.
1502 5539 1553 5593 ν,
1583 5516 1634 5578 δ.
1666 5524 1753 5577 32.

382 5589 469 5680 ἓ9ὶ
666 5590 765 5680 ρε-
794 5588 1111 5680 Praua"-

384 5662 471 5731 21)
500 5662 640 5716 uod.
664 5666 759 5717 Or.
790 5657 1158 5731 ἐπιδώσω-τες.

504 5732 643 5789 Cod.
674 5732 734 5789 Ρ.
762 5730 917 5786 οὔπω
945 5730 1187 5806 ποιμένι.

2051 3478 2266 3534 selecta
2294 3482 2350 3533 et
2387 3478 2729 3541 orthodoxa,
2764 3478 3165 3535 haereticorum
3214 3478 3392 3534 etiam
3436 3494 3700 3533 examen.

2051 3567 2266 3624 Omnes
2294 3568 2476 3632 enim,
2500 3568 2669 3622 amici
2704 3569 2864 3638 juxta
2895 3572 2952 3623 et
2982 3567 3228 3634 inimici,
3261 3584 3374 3639 prae
3404 3567 3583 3623 animi
3618 3567 3703 3620 fu-

2051 3673 2179 3712 rore
2208 3660 2562 3723 exarserant,
2596 3657 2920 3711 temeritate
2962 3672 3162 3712 eorum
3214 3656 3702 3727 perversitateque

2050 3745 2459 3817 obstupefacti.
2498 3745 2730 3802 Perdita
2787 3744 2940 3800 enim
2980 3749 3038 3799 et
3089 3744 3393 3815 proﬂigata
3440 3743 3704 3814 nequitia

2050 3833 2250 3889 hostes
2303 3834 2476 3889 etiam
2540 3848 2781 3904 porsepe
2825 3834 2977 3903 ejus.
3009 3833 3107 3903 qui
3151 3832 3366 3901 injuria
3422 3830 3698 3897 afﬁcitur,

2049 3923 2119 3976 ad
2153 3922 2433 3976 ultionem
2468 3922 2696 3977 excitat.
2730 3920 2804 3976 Ut
2843 3926 3038 3975 autem
3072 3920 3318 3975 consilia
3349 3936 3457 3974 sua
3486 3919 3700 3975 infecta

2048 4012 2377 4081 relinquere
2408 4010 2590 4065 coacti
2623 4014 2759 4064 sunt
2800 4008 3147 4080 (petulantia
3175 4009 3330 4063 enim
3364 4025 3467 4063 sua
3500 4006 3698 4079 p0puli

2049 4100 2299 4154 favorem
2333 4098 2442 4152 sibi
2479 4097 2937 4169 praecluserant),
2973 4096 3110 4169 quid
3157 4096 3414 4152 faciunt?
3447 4095 3701 4151 Ecclesia

2045 4186 2285 4261 egressi,
2318 4187 2378 4241 in
2420 4186 2706 4241 choraules
2755 4187 3060 4256 cujusdam
3108 4186 3348 4242 domum
3399 4202 3461 4241 se
3504 4186 3697 4240 confe-

2045 4279 2207 4346 runt,
2232 4274 2469 4347 illicque
2511 4274 2827 4329 Maximum
2878 4275 3217 4347 episcopum
3250 4274 3542 4337 ordinant,
3580 4274 3698 4345 ple-

2046 4364 2159 4420 beii
2189 4364 2411 4419 ordinis
2438 4364 2747 4435 quosdam,
2772 4363 2871 4434 qui
2897 4363 2969 4419 ob
2994 4364 3399 4435 perturbatum
3432 4364 3698 4418 ordinem

2045 4454 2117 4509 ab
2151 4452 2408 4509 Ecclesia
2436 4453 2745 4525 proscripti
2776 4453 3028 4519 fuerant,
3063 4452 3251 4509 socios
3283 4451 3587 4517 habentes,
3622 4454 3702 4507 fa-

2044 4542 2380 4613 cinorisque
2420 4541 2755 4614 participes.
2789 4542 2978 4613 Hujus
3026 4541 3181 4597 enim
3232 4541 3462 4613 generis
3508 4540 3698 4597 homi-

2045 4649 2149 4689 nes
2182 4632 2506 4705 repentinis
2537 4631 2962 4689 mutationibus
2991 4631 3374 4704 delectantur,
3407 4630 3699 4704 tranquil-

2044 4721 2170 4778 lum
2198 4721 2707 4794 compositumque
2752 4737 2945 4777 rerum
2975 4724 3198 4777 statum
3227 4737 3375 4794 aagre
3422 4720 3695 4789 ferentes,

2051 4814 2446 4885 perpetuoque
2502 4826 2781 4866 novarum
2848 4826 3043 4866 rerum
3102 4810 3295 4866 studio
3362 4810 3695 4882 ﬂagrantes.

2118 4953 2231 5023 (23)
2266 4950 2452 5005 Αὐτῶν
2493 4951 2580 5004 καὶ
2612 4951 2709 5019 τὴν
2745 4949 3053 5025 μοχθηρίαν
3105 4951 3283 5005 textui
3333 4952 3697 5025 reddidimus

2047 5022 2434 5079 ex’consensu
2465 5028 2590 5077 tum
2638 5022 2892 5079 veterum
2934 5022 3071 5078 edit.
3103 5027 3228 5078 tum
3276 5024 3541 5079 omnium
3575 5040 3698 5080 ma-

2047 5111 2215 5151 D1160.

2118 5167 2229 5239 (24)
2430 5166 2525 5219 Or.
2550 5169 2614 5239 _et
2640 5163 2800 5239 qub.
2833 5163 2888 5229 2,
2920 5160 3086 5233 αὐτῷ.

2116 5233 2230 5304 (25)
2263 5238 2508 5309 Colb._2,
2546 5233 2867 5309 ἐπετείχισε.

2116 5310 2227 5384 (26)
2258 5307 2501 5384 ϐοόκῇ.
2547 5306 2606 5362 in
2662 5306 2784 5362 net.
2807 5319 3010 5384 margL
3039 5306 3386 5384 κιθαριστοῦ,
3419 5307 3453 5375 ἣ
3486 5327 3699 5384 τραγῳ-

2045 5372 2161 5449 δοῧ,
2260 5383 2366 5432 τῶν
2401 5376 2586 5439 ἄλλως
2615 5397 2731 5438 πως
2760 5376 2859 5444 τὴν
2891 5372 3105 5446 ἀοῖδήν.

2114 5452 2229 5522 (2⁷)
2258 5451 2349 5506 Sic
2379 5450 2581 5506 volunt
2630 5449 2856 5520 antiqui
2886 5450 3024 5505 edit.
3071 5455 3128 5503 et
3175 5450 3340 5503 codd.
3378 5451 3436 5505 P.
3471 5451 3629 5507 Colb.
3670 5453 3691 5507 1

2042 5524 2100 5577 et
2127 5527 2181 5589 2,
2217 5523 2299 5577 sic
2331 5522 2504 5578 etiam
2538 5522 2677 5589 legit
2708 5521 2933 5575 Billius.
2972 5522 3031 5574 In
3064 5521 3203 5575 edit.
3236 5526 3514 5577 κατεῖπον.

2116 5596 2227 5659 (28)
2266 5595 2345 5649 lta
2396 5593 2562 5647 codd.
2597 5591 2657 5648 P.
2690 5592 2851 5662 Colb.
2886 5592 2937 5661 1,
2969 5594 3024 5662 2,
3054 5596 3116 5662 et,
3160 5591 3420 5650 Combef.
3472 5609 3694 5651 necnon

2042 5666 2268 5737 antiqui
2306 5665 2445 5721 edit.
2485 5668 2543 5719 In
2575 5664 2709 5721 edit.
2748 5660 2948 5722 ὁπόσας
2978 5660 3203 5724 ἐννοίας.
