4152 6208
344 359 459 423 283

1466 375 1655 438 VITA
1699 379 1764 437 S.
1813 377 2186 438 GBEGORII
2229 379 2623 440 THEOLOGI

3627 380 3750 440 284

344 491 494 585 Urbs
525 510 696 566 porro
728 496 813 553 ira
843 502 1120 570 zestuaos,
1155 503 1266 558 dici
1297 521 1412 560 non
1460 510 1648 577 potest
1678 512 1818 578 quot
1847 523 1986 562 con-

2109 505 2294 577 ἠξίου;
2347 508 2608 585 Περιέστη
2676 512 2802 585 γοῦν
2858 506 3003 582 αύτῷ
3064 507 3350 579 κάνταῦθα,
3402 507 3477 572 είς
3533 507 3744 564 ἀπολο-

344 582 627 639 viciorum
658 585 915 656 plaustra
948 588 1007 643 in
1035 592 1351 648 Maximum
1380 595 1667 663 effuderit,
1701 595 1811 668 ipsi
1845 612 1988 666 quo-

349 687 461 742 que
513 672 785 746 Gregorio
834 693 1206 746 succensens,
1238 682 1338 753 qui
1389 688 1550 740 tanta
1594 684 1991 741 benevolentia

345 765 400 815 et
431 760 822 819 familiaritate
849 767 1134 825 nefarium
1162 771 1458 828 hominem
1490 773 1827 846 complexus
1857 774 1993 830 fuis-

2097 597 2216 671 γίας
2267 598 2378 670 (29)
2421 596 2602 673 ἀγῶνα
2672 598 2735 654 τὸ
2805 595 3006 671 δρᾶμα.
3063 603 3356 674 Τοιγαροῦν
3409 603 3507 655 τοῦ
3563 597 3744 672 δήμου

2097 684 2159 739 τὸ
2202 683 2538 762 φλεγμαῖνον
2584 690 2653 760 τῇ
2705 687 3010 765 φαρμακείᾳ
3054 691 3161 742 τῶν
3210 684 3389 762 λόγων
3439 689 3552 763 (30)
3583 709 3744 743 κατα-

2100 774 2375 848 πραύνων,
2410 774 2540 851 φησὶ
2572 776 2710 852 πρὸς
2744 774 2961 838 αὐτούς.

337 851 678 939 set._ltaque
702 854 826 924 jam
863 872 926 912 co
959 875 1049 914 res
1082 860 1192 931 ipsi
1228 862 1531 930 reciderat,
1564 869 1629 919 ut
1658 868 1714 918 et
1758 863 1881 935 ipse
1913 863 2003 919 sui
2035 865 2321 936 purgandi
2354 864 2614 922 laborem
2665 867 2863 923 subire
2915 871 3236 939 cogeretur.
3269 869 3347 923 Ac
3379 867 3646 939 proinde,
3679 872 3747 922 ut

332 936 691 996 exulceratos
720 941 908 1014 plebis
940 947 1169 1004 animos
1200 950 1479 1006 orationis
1513 951 1936 1007 medicamento
1967 951 2190 1020 leniret,
2225 951 2306 1007 ita
2334 969 2432 1008 eos
2465 954 2678 1010 affatus
2708 958 2797 1010 est
2829 970 2843 1009 :

405 1076 434 1104 «
471 1053 680 1126 Nolite,
714 1077 745 1115 ο
778 1061 906 1130 viri,
941 1064 1086 1120 mihi
1138 1067 1288 1138 patri
1319 1072 1509 1124 vestro
1543 1084 1907 1124 succensere.
1939 1068 1995 1122 Si

333 1144 490 1198 enim
526 1162 655 1218 ego,
679 1152 833 1221 quod
869 1169 960 1208 me
991 1155 1308 1228 benignum
1334 1156 1415 1210 illi
1440 1174 1506 1212 ac
1528 1157 1825 1212 liberalem
1849 1174 1993 1229 prae-

328 1233 584 1303 buerim,
618 1237 807 1310 culpa;
843 1241 1128 1299 obnoxius
1178 1262 1337 1313 sum,
1371 1245 1507 1316 quia
1556 1245 1842 1302 malitiam
1877 1263 1991 1301 non

329 1324 593 1394 praescivi
629 1344 642 1382 :
679 1328 821 1399 quid
858 1332 1094 1387 tandem
1139 1332 1236 1389 ille
1284 1335 1473 1402 fuerit,
1501 1335 1600 1407 qui
1633 1334 1992 1407 benignitate

335 1427 466 1467 mea
487 1418 545 1469 et
572 1414 851 1472 beneﬁcio
883 1436 1048 1490 usus,
1077 1421 1225 1477 hanc
1253 1422 1394 1478 mihi
1420 1423 1670 1495 gratiam
1703 1422 1991 1495 rependit.

339 1506 405 1556 ut
426 1501 555 1558 vitae
578 1520 718 1561 mea:
739 1507 984 1564 insidias
1011 1511 1300 1567 strueret?
1329 1512 1526 1584 Neque
1547 1513 1702 1569 enim
1725 1512 1989 1568 fraudem

341 1607 454 1646 non
486 1595 843 1665 praevidisse,
877 1598 1106 1654 crimini
1147 1600 1268 1656 dari
1316 1601 1489 1657 debet
1521 1617 1533 1657 :
1568 1601 1677 1657 hoc
1708 1601 1864 1657 enim
1896 1617 1988 1657 so-

335 1679 449 1735 lius
485 1681 581 1737 Dei
612 1688 718 1741 est.
741 1687 820 1741 Ac
868 1692 1149 1758 praaterea
1195 1689 1341 1763 legis
1390 1690 1722 1763 praescripto
1769 1689 1990 1747 viscera

331 1770 612 1828 omnibus
657 1775 880 1846 aperire
923 1779 1224 1848 jubemur,
1271 1784 1626 1852 paternoquc
1674 1781 1879 1836 aﬂ'ectu
1932 1793 1994 1845 et,

338 1857 744 1918 benevolentia
785 1880 905 1933 eos,
935 1867 1033 1938 qui
1087 1869 1201 1924 ﬁde
1250 1870 1477 1940 praediti
1535 1873 1694 1939 sunt,
1719 1864 1992 1940 amplecti

331 1963 395 2002 ac
426 1950 599 2004 tueri.
637 1953 774 2008 Eum
817 1958 986 2022 enim,
1019 1959 1115 2028 qui
1160 1961 1308 2013 venit
1355 1959 1424 2014 ad
1463 1975 1568 2026 me,
1596 1958 1675 2013 ait
1703 1957 1989 2016 Christus.

335 2053 445 2091 ποη
482 2039 712 2106 eiiciam
762 2045 970 2113 foras“.
1007 2047 1286 2119 Magnum
1333 2047 1611 2119 quiddam
1662 2046 1799 2100 mihi
1849 2051 1990 2101 erat,

342 2125 634 2184 Maximus
666 2148 698 2186 a
729 2132 1057 2190 Graecorum
1092 2137 1509 2208 superstitione
1532 2137 1602 2190 ad
1633 2136 1993 2207 baptismum

346 2217 657 2285 accedens,
712 2226 768 2276 et
818 2223 1160 2279 Trinitatem
1220 2225 1484 2281 Herculis
1542 2225 1666 2282 loco
1720 2224 1989 2290 adorans:

339 2307 617 2377 Amplum
678 2326 744 2365 ac
807 2312 1148 2383 praeclarum
1203 2315 1531 2385 videbatur,
1565 2313 1738 2369 homo
1789 2296 1992 2368 virtutl

339 2397 604 2464 studens,
641 2399 869 2456 etiamsi
920 2402 978 2456 in
1026 2404 1340 2474 postremis
1385 2405 1561 2460 rebus
1609 2401 1820 2474 prioris
1865 2401 1993 2457 vitm

336 2485 692 2557 hypocrisim
746 2490 1072 2546 luculenter
1115 2493 1386 2548 ostendit.
1422 2493 1533 2548 Sed
1567 2496 1828 2547 nostrum
1880 2507 1994 2545 non

338 2579 426 2630 est
458 2574 579 2631 haec
618 2578 935 2651 explorare.
969 2585 1093 2636 Non
1125 2581 1283 2636 enim
1325 2581 1384 2636 in
1435 2581 1740 2637 hominum
1774 2579 1994 2650 cogita-

337 2663 526 2720 tiones
557 2672 954 2737 penetramus,
980 2686 1084 2725 nec
1117 2670 1344 2726 futuros
1375 2674 1616 2726 eventus
1657 2672 1993 2740 perspectos

343 2752 649 2822 habemus,
711 2755 822 2811 nisi
873 2758 1311 2829 sapientissimo
1380 2760 1480 2815 Dei
1529 2757 1770 2814 consilio
1819 2761 1994 2828 atque

2176 1092 2204 1118 «
2239 1069 2324 1138 Μή
2382 1089 2498 1141 μοι,
2548 1067 2592 1122 ὦ
2643 1066 2849 1141 ἄνδρες,
2903 1074 2981 1141 τῷ
3030 1069 3192 1144 πατρὶ
3241 1067 3630 1145 χαλεπαίνητε.
3683 1069 3745 1124 Et

2103 1157 2202 1232 γὰρ
2234 1156 2358 1232 ἐγὼ,
2414 1158 2654 1232 χρηστὸς
2705 1157 2895 1230 ἐκείνῳ
2945 1158 3142 1236 φανεὶς,
3177 1159 3347 1220 αίτίας
3398 1157 3612 1235 ἔνοχος,
3667 1160 3742 1231 μὴ

2102 1245 2372 1319 προγνοὺς
2419 1247 2516 1314 τὴν
2566 1247 2776 1316 κακίαν,
2809 1247 2861 1302 τί
2913 1249 3032 1302 ποτ’
3064 1248 3123 1302 ἂν
3165 1246 3245 1310 εἷή
3282 1249 3309 1302 ὁ
3339 1254 3440 1316 τῆς
3499 1248 3743 1323 χρηστό-

2099 1354 2266 1403 τητος
2313 1333 2648 1401 ἀπολαύσας,
2698 1336 2789 1390 καί
2848 1331 3166 1398 ἐπιϐουλαῖς
3214 1335 3620 1410 ἀμειψάμενος;
3671 1337 3744 1391 Ού

2100 1421 2203 1497 γὰρ
2241 1423 2303 1476 τὸ
2355 1423 2431 1494 μὴ
2477 1421 2792 1499 προϊδέσθαι
2837 1426 2938 1494 τὴν
2993 1424 3179 1480 κακίαν
3233 1425 3543 1480 ὑπεύθυνον·
3585 1429 3747 1480 τοῦτο

2099 1511 2204 1586 γὰρ
2266 1510 2434 1583 μόνου
2489 1516 2643 1571 Θεοῦ.
2705 1515 2847 1588 Πρὸς
2905 1511 2962 1568 δὲ
3015 1514 3105 1568 καὶ
3163 1515 3329 1587 νόμος
3396 1517 3531 1588 ἡμῖν
3604 1513 3744 1569 ἐστιν

2100 1599 2291 1654 ἅπασιν
2350 1599 2580 1676 ἀνοίγειν
2625 1601 2693 1657 τὰ
2739 1601 3045 1678 σπλάγχνα,
3084 1603 3172 1657 καὶ
3240 1606 3444 1678 στοργῇ
3508 1607 3744 1679 πατρικῇ

2097 1693 2203 1742 τῶν
2268 1689 2630 1745 πιστευόντων
2685 1686 3200 1763 ἀντιλαμϐάνεσθαι.
3250 1692 3356 1748 Τὸν
3427 1691 3529 1766 γὰρ
3583 1691 3744 1766 ἐρχό-

2108 1798 2260 1850 μενον
2338 1779 2474 1854 πρὸς
2554 1780 2639 1853 μὶ,
2701 1779 2928 1854 Χριστός
3001 1801 3184 1857 φησιν,
3243 1779 3304 1834 ού
3384 1781 3459 1853 μὴ
3521 1775 3742 1834 ἐκϐάλω

2103 1864 2222 1937 ἔξω.
2274 1868 2424 1942 Μέγα
2474 1890 2568 1941 μοι
2615 1870 2682 1937 ἦν
2737 1869 2787 1938 ἐξ
2835 1867 3119 1940 Ἑλλήνων
3176 1867 3424 1942 Μάξιμος
3487 1867 3744 1944 βαπτιζό-

2108 1977 2288 2030 μενος,
2323 1957 2412 2012 καὶ
2466 1955 2665 2033 Τριάδα
2715 1956 2987 2031 λατρεύων
3039 1957 3150 2012 ἀνθ’
3199 1956 3552 2032 Ἡρακλέους.
3595 1957 3747 2032 Μέγα

2108 2066 2202 2119 μοι
2243 2047 2310 2115 ἢν
2360 2047 2492 2123 ἀνὴρ
2544 2047 3002 2119 μεταποιούμενος
3048 2046 3264 2122 ἀρετῆς,
3315 2047 3360 2101 εἰ
3401 2046 3490 2101 καὶ
3541 2045 3592 2100 ἐν
3629 2053 3745 2108 τοῖς

2101 2132 2434 2197 τελευταίοις
2491 2133 2653 2208 ἔδειξε
2707 2137 2805 2204 τὴν
2863 2135 2913 2189 ἐν
2972 2141 3088 2197 τοῖς
3148 2138 3389 2212 πρώτοις
3445 2135 3743 2210 ὑπόκρισιν.

2102 2221 2259 2278 Ἀλλ’
2307 2222 2414 2298 ούχ
2457 2225 2618 2296 ἡμῶν
2663 2220 2972 2296 δοκιμάζειν
3020 2228 3206 2280 ταῦτα.
3255 2223 3327 2278 Ού
3371 2224 3471 2299 γὰρ
3521 2222 3749 2296 ἐνθυμή-

2107 2333 2264 2385 μασιν
2299 2307 2688 2385 ἐμϐατεύομεν,
2721 2311 2846 2368 οὐδὲ
2872 2313 2934 2368 τὸ
2976 2312 3178 2386 μέλλον
3229 2309 3382 2385 ἴσμεν
3430 2311 3577 2381 πλὴν
3628 2312 3745 2366 ὲπι-

2103 2401 2336 2478 φροσύνῃ
2409 2404 2521 2474 (31)
2583 2405 2716 2458 Θεοῦ
2781 2405 2943 2457 τοῦτο
3028 2400 3340 2478 χαρίσαίτο.
3403 2403 3595 2473 Ἡμεῖς
3656 2402 3750 2474 μὲν

2102 2488 2193 2545 οὖν
2251 2491 2462 2563 ὁρῶμεν
2524 2489 2598 2552 είς
2659 2490 2972 2566 πρόσωπον·
3006 2491 3137 2552 Θεὸς
3197 2488 3254 2545 δὲ
3312 2491 3413 2565 ὁρᾷ
3469 2489 3546 2551 είς
3622 2510 3748 2563 καρ-

2103 2575 2238 2646 δίαν,
2313 2578 2444 2654 ὅπερ
2529 2579 2815 2650 ἠκούσατε.
2877 2605 2905 2632 ››
2963 2579 3188 2640 Τούτοις
3265 2582 3553 2655 τοιγαροῦν
3625 2599 3752 2632 κατ-

2101 2666 2300 2736 εστάλη
2331 2667 2394 2723 τὸ
2423 2670 2654 2741 πλῆθος,
2687 2669 2776 2723 καὶ
2805 2671 2873 2743 τῇ
2907 2668 3086 2740 εὐνοίᾳ
3119 2666 3331 2741 μᾶλλον
3367 2671 3448 2740 τῷ
3505 2666 3758 2743 ἀρχιερεῖ

2105 2757 2402 2830 προσετέθη
2414 2778 2528 2813 σαν.

337 2859 578 2899 munere
609 2844 664 2899 id
708 2847 876 2901 nobis
907 2846 1217 2903 tribuatur.
1250 2849 1353 2903 an
1382 2850 1530 2904 enim
1577 2846 1824 2902 videmus
1855 2847 1914 2900 in
1939 2845 2143 2916 [aciem
2174 2864 2193 2899 :
2227 2847 2364 2902 Deus
2412 2851 2597 2903 autem
2644 2864 2738 2904 cor
2790 2848 2968 2919 ipsum
3016 2849 3264 2903 intuetur
3284 2849 3325 2914 θ,
3361 2845 3753 2919 quemadmo-

330 2931 470 2986 dum
504 2933 776 2990 audistis.
813 2957 839 2984 υ
871 2935 986 2990 Hac
1021 2937 1279 2993 oratione
1312 2935 1711 2992 multitudinis
1741 2934 2046 2990 iracundia
2075 2935 2276 2991 sedata
2327 2941 2502 3008 atque
2547 2953 2812 3010 repressa
2841 2941 2949 3004 est,
2985 2936 3313 3009 maiorique
3344 2933 3756 2991 benevolentia

336 3019 594 3090 pontiﬁci
630 3024 927 3095 adjuncta.

403 3139 535 3195 Jam
573 3158 707 3198 vero
757 3143 1107 3215 imperatore
1156 3144 1503 3211 Theodosio,
1537 3144 1636 3216 qui
1684 3159 1868 3216 genus
1918 3158 1986 3197 ex

2169 3145 2272 3194 Τοῦ
2333 3139 2389 3196 δὲ
2451 3140 2717 3217 βασιλέως
2760 3138 3074 3209 Θεοδοσίου,
3121 3141 3181 3203 ὃς
3232 3140 3476 3217 ὑπῆρχεν
3531 3160 3589 3194 εκ
3647 3145 3757 3208 τῆς

346 3228 627 3300 Hispania
683 3232 954 3300 ducebat,
986 3233 1044 3288 in
1105 3235 1500 3289 Macedoniam
1550 3250 1683 3289 cum
1741 3231 1994 3287 exercitu

347 3320 620 3391 profecto,
639 3319 972 3394 bellumque
990 3340 1122 3378 cum
1146 3323 1620 3378 Occidentalibus
1643 3321 1998 3393 quibusdam

348 3409 610 3464 barbaris
633 3416 891 3481 gerente,
910 3412 1633 3484 Maximus,/Egyptiorum
1657 3410 1998 3481 prae-aulum,

343 3515 376 3552 a
407 3497 622 3569 quibus
655 3498 964 3569 episcopus
995 3500 1337 3572 designatus
1371 3501 1579 3566 fuerat,
1603 3513 1810 3569 agmen
1844 3498 1998 3553 acci-

339 3587 541 3658 piens;
593 3603 657 3642 ac
698 3587 1179 3643 Thessalonicam
1239 3589 1532 3660 profectus
1587 3587 1999 3660 imperatorem

346 3676 488 3745 adit,
514 3681 689 3749 atque
722 3683 982 3749 augustas
1019 3679 1178 3734 urbis
1203 3678 1606 3750 episcopatum
1639 3677 1710 3732 ab
1741 3695 1806 3733 eo
1838 3677 1996 3749 petit.

349 3766 632 3831 Quoniam
669 3767 821 3821 enim
867 3767 923 3821 in
973 3767 1200 3839 legibus
1250 3768 1768 3839 sanctionibusque
1816 3765 1998 3822 eccle-

351 3855 604 3911 siasticis
635 3856 778 3910 nihil
828 3857 1080 3911 habebat
1127 3874 1241 3928 quo
1293 3857 1594 3922 niteretur,
1627 3856 2000 3928 imperatorio

348 3944 535 3998 edicto
568 3946 958 4000 sacerdotium
989 3943 1284 3999 vindicare
1316 3944 1626 4016 cogitabat,
1662 3947 1725 3999 ut
1756 3943 1853 4015 qui
1887 3959 2000 3997 non

350 4034 732 4098 sacerdotem,
767 4035 866 4089 sed
918 4039 1232 4106 tyrannum
1283 4049 1452 4106 agerc
1501 4033 1558 4088 in
1609 4033 1870 4088 animum
1912 4031 2002 4085 in-

349 4120 632 4176 duxisset.
652 4122 864 4176 Verum
890 4122 1050 4178 illinc
1073 4123 1406 4193 ejiciuntur,
1425 4123 1772 4194 imperatore
1794 4137 1892 4176 eos
1918 4119 2006 4174 ira

355 4209 648 4279 minisque
706 4209 1148 4267 vehementibus
1205 4211 1550 4267 insectante.
1610 4211 1758 4274 Quid
1826 4208 2006 4282 igitur

354 4297 638 4352 Maximus
671 4298 785 4368 (vix
815 4299 971 4354 enim
1004 4299 1193 4373 frangi
1225 4306 1281 4356 et
1311 4301 1628 4372 expugnari
1662 4304 1851 4370 potest
1879 4316 2004 4354 am-

358 4386 562 4457 bitio)?
606 4385 1014 4442 Alexandriam
1075 4388 1205 4443 navi
1264 4389 1426 4460 petit,
1485 4404 1736 4461 cumque
1794 4389 2004 4443 iisdem

353 4473 581 4529 technis
603 4477 890 4545 quosdan;
913 4475 1063 4529 Petri
1089 4474 1466 4529 familiarium
1488 4492 1627 4530 auro
1651 4474 2003 4544 pellexisset,

2037 4477 2215 4565 Βτῆς
2275 4472 2392 4544 ἷ¹σης
2462 4471 2772 4565 μοχθηρίας
2829 4471 3298 4565 προσςρέρεται.-‹‹

2109 3229 2374 3292 Ἱσπανίας
2431 3232 2494 3286 τὸ
2547 3229 2725 3306 γένος,
2767 3231 2817 3285 έν
2875 3232 2944 3302 τῇ
3011 3226 3314 3301 Μακεδονίᾳ
3363 3225 3760 3303 στρατοπεδεύ-

2110 3339 2316 3391 σαντος,
2366 3320 2455 3373 γαί
2501 3341 2608 3373 τισι
2657 3323 2765 3373 τῶν
2823 3318 3082 3395 ἐσπερίων
3127 3318 3504 3390 πολεμοῦντος
3557 3311 3761 3390 βαρϐά-

2109 3426 2241 3482 ρων,
2301 3402 2484 3462 λαϐὼν
2563 3409 2805 3481 Μάξιμος
2864 3407 2923 3462 τὸ
3000 3411 3187 3484 στῖφος
3263 3411 3369 3461 τῶν
3448 3405 3760 3481 Αἰγυπτίων

2109 3495 2441 3569 ιπισκόπων,
2487 3501 2594 3551 τῶν
2657 3496 3167 3572 προχειρισαμένων
3222 3495 3382 3550 αὐτὸν
3455 3495 3530 3557 είς
3591 3494 3761 3565 ἱερέα,

2109 3586 2280 3650 ἐλθὼν
2329 3585 2403 3648 είς
2453 3583 2872 3656 Θεσσαλονίκην,
2922 3589 3002 3656 τῷ
3051 3583 3409 3659 αὐτοκράτορι
3460 3582 3762 3658 πρόσεισιν,

2110 3676 2272 3730 αἰτῶν
2335 3681 2433 3744 τῆς
2491 3672 2771 3750 βασιλίδος
2829 3675 2926 3742 τὴν
2985 3673 3303 3744 ἐπισκοπήν.
3361 3674 3456 3728 Ἐκ
3500 3671 3602 3749 γὰρ
3674 3673 3766 3725 θε-

2111 3769 2262 3838 σμῶν
2296 3763 2758 3834 ἐκκλησιαστικῶν
2807 3763 2869 3817 τὸ
2920 3760 3126 3838 ίσχύειν
3176 3761 3276 3817 οὐκ
3323 3759 3492 3838 ἔχων,
3524 3761 3760 3834 προστά-

2109 3875 2274 3931 γματι
2346 3855 2614 3929 βασιλικῷ
2688 3850 2977 3925 ἱερατεύειν
3045 3849 3319 3923 διενοήθη,
3393 3848 3574 3926 ὥσπερ
3652 3849 3764 3926 ούχ

2064 4012 2071 4019 ι
2110 3940 2423 4018 ἱερατεύειν,
2472 3940 2615 3997 ἄλλα
2658 3945 2931 4015 τυραννεῖν
2975 3938 3256 4015 ᾑρημένος
3308 3941 3440 4012 (32).
3491 3937 3756 3996 Ἀπελαύ-

2110 4052 2291 4086 νονται
2339 4027 2396 4085 δὲ
2442 4029 2661 4098 ἐκεῖθεν,
2694 4033 2791 4084 τοῦ
2845 4026 3110 4104 βασιλέως
3162 4027 3354 4088 αὐτοὺς
3398 4027 3534 4103 ὀργῇ
3565 4047 3624 4081 τε
3670 4025 3764 4080 καῖ

2113 4118 2362 4181 ἀπειλαῖς
2421 4116 2678 4197 σφοδραῖς
2747 4115 3126 4188 ἐκδιώξαντος.
3187 4116 3248 4170 Τί
3295 4112 3386 4169 οὗν
3435 4117 3462 4170 ὁ
3516 4115 3764 4188 Μάξιμος

2113 4207 2415 4286 (δύσμαχον
2466 4207 2568 4283 γὰρ
2602 4209 2636 4277 ἡ
2670 4205 2993 4285 φιλαρχία);
3040 4205 3158 4260 Ἐπὶ
3204 4205 3301 4273 τὴν
3359 4201 3764 4279 Ἀλεξάνδρειαν

2115 4295 2290 4366 ἔπλει,
2344 4296 2434 4352 καὶ
2489 4302 2605 4358 τοῖς
2665 4295 2848 4357 αὐτοῖς
2909 4291 3270 4370 έγχειρήμασί
3325 4314 3474 4355 τινας
3516 4297 3623 4347 τῶν
3680 4292 3768 4346 οἰ-

2114 4386 2275 4442 κείων
2332 4390 2428 4441 τοῦ
2497 4384 2700 4461 Ηέτρου
2772 4383 3082 4457 ὑποκλέψας
3146 4381 3380 4458 χρυσίῳ,
3435 4380 3667 4454 κάκείνῳ
3712 4381 3770 4436 ἐκ

3359 4472 3421 4526 Ἠ
3489 4469 3593 4547 γάρ
3649 4491 3766 4542 μοι,

353 4564 551 4637 ipsum
583 4579 817 4636 quoque
858 4563 984 4635 pari
1031 4562 1402 4635 improbitate
1448 4563 1805 4636 aggreditur.
1844 4585 1864 4611 α
1902 4565 1996 4618 Aut

2118 4563 2272 4642 φησὶ,
2326 4569 2426 4632 τῆς
2486 4559 2770 4638 βασιλίδος
2826 4562 2926 4631 τὴν
2983 4561 3282 4628 ἐπισκοπὴν
3323 4557 3766 4635 περιποίησαι,ἣ

350 4656 507 4712 enim
550 4654 714 4721 mihi,
764 4655 978 4728 inquit,
1013 4659 1274 4726 augustae
1307 4654 1555 4710 civitatis
1605 4655 2006 4727 episcopatum

353 4761 572 4815 assere,
606 4749 706 4800 aut
751 4763 784 4801 a
830 4749 931 4800 tuo
982 4760 1097 4799 non
1151 4744 1523 4800 abstinebo.»
1561 4744 1630 4799 Et
1660 4745 1894 4817 quidem
1946 4745 2006 4800 in

353 4837 619 4906 apertum
652 4832 874 4890 malum
915 4833 1105 4889 audax
1134 4832 1392 4890 hominis
1440 4833 1667 4890 facinus
1715 4833 2006 4906 desiisset,

423 5045 445 5082 ⁸
474 5049 646 5102 Joan.
677 5062 756 5118 v1,
788 5045 879 5102 37.
955 5045 977 5081 ⁹
1007 5046 1029 5103 Ι
1060 5045 1201 5120 Reg.
1233 5062 1350 5119 xvx,
1377 5046 1434 5102 7.

427 5269 539 5342 (29)
571 5268 748 5342 Codd.
878 5267 1126 5342 eticolb.
1159 5264 1319 5342 Lai:
1349 5264 1654 5342 ἀπολογίαν
1683 5265 1771 5323 καὶ
1804 5265 2005 5342 ἀγῶνα,

354 5341 436 5397 ita
467 5340 691 5413 antiqui
724 5341 912 5396 edit...
941 5340 1368 5413 VertitiBillius
1403 5357 1415 5396 :
1451 5349 1510 5396 ut
1547 5340 1683 5413 lacti
1719 5343 1813 5396 sui
1854 5340 2001 5412 pur-

357 5412 632 5485 gationem
661 5413 1025 5485 quierande
1056 5412 1300 5485 haberet.

455 5485 545 5558 30)
577 5480 714 5558 Cod.
749 5486 842 5539 Or.
873 5480 970 5537 τοῦ
1001 5480 1195 5558 λύγου.

455 5553 544 5625 31)
576 5556 667 5612 Sic
697 5557 898 5625 legunt
927 5553 1149 5625 antiqui
1182 5554 1318 5610 edit.
1351 5557 1412 5625 et
1455 5555 1580 5609 cod.
1615 5553 1861 5625 Colb.p2.
1899 5553 2004 5610 Alii

360 5623 473 5710 alio
522 5623 714 5710 modo,
754 5623 1012 5710 :Com‘bef.
1063 5623 1450 5710 ξπευφροσύνγλ,
1482 5626 1607 5682 cod.
1641 5632 1736 5710 Ol".
1782 5623 2004 5710 έπιιρρο-

359 5697 511 5776 σύνῃ.
543 5696 709 5760 Golb.‘
745 5702 799 5773 1,
848 5696 994 5768 πλὴν
1047 5696 1093 5753 ε⁹ί
1143 5696 1235 5772 μοι
1283 5696 1416 5752 Θεοῦ
1464 5696 1780 5776 σωφροσύνῃ
1822 5696 2006 5755 τοῦτο.

2114 4655 2212 4722 τῆς
2271 4659 2369 4721 σῆς
2429 4650 2529 4706 ούκ
2585 4650 2870 4725 ἀφέξομαι.
2916 4673 2944 4701 ››
2991 4648 3088 4703 Καὶ
3142 4646 3209 4717 δὴ
3264 4646 3321 4703 ἂν
3366 4647 3442 4709 εἷς
3491 4647 3768 4723 προῦπτον

2114 4739 2278 4796 κακὸν
2336 4737 2678 4810 ἐτελεύτησεν
2737 4741 2772 4808 ἡ
2830 4736 3036 4811 τόλμα,
3070 4737 3114 4792 εί
3152 4738 3227 4811 μὴ
3275 4737 3302 4791 ὁ
3349 4743 3450 4805 τῆς
3511 4734 3767 4807 Ἀλεξαν-

2117 4827 2298 4906 δρείας
2364 4827 2614 4906 ὕπαρχος
2673 4825 2780 4884 δέει
2837 4825 3072 4889 στάσεως
3129 4826 3219 4882 καὶ
3278 4825 3455 4903 φόνων
3515 4827 3627 4900 (33)
3672 4826 3764 4880 τὸν

2115 5267 2250 5345 god.
2284 5261 2528 5345 Rat)?“
2577 5264 2712 5345 Θεοῦ
2761 5255 3112 5345 έπιφροσύνῃ.
3142 5257 3354 5345 βίὶιὶυε
3401 5259 3620 5345 vertit“:
3655 5260 3776 5345 Nisi

2113 5340 2212 5395 Dei
2234 5331 2535 5410 prudentia
2559 5345 2614 5392 et
2647 5331 2907 5410 beueﬁcio
2937 5333 3037 5390 hoc
3060 5331 3217 5389 nobis
3237 5348 3550 5390 concessum
3579 5333 3769 5402 fuerit.

2116 5413 2177 5466 In
2197 5402 2349 5484 edit.
2384 5407 2469 5462 ἐπὶ
2502 5402 2843 5484 σωφροσύνῃ.

2186 5483 2298 5554 (32.)
2331 5481 2415 5536 Ita
2445 5474 2808 5554 codL'omnes'
2839 5492 2945 5532 nec
2976 5491 3091 5531 non
3121 5474 3261 5544 edit,
3284 5477 3405 5532 ant.
3438 5474 3578 5532 olim
3603 5495 3772 5551 τροῃ-

2118 5547 2540 5629 Metios-€104-
2571 5547 2937 5629 Ριρῖόμεγος·

2211 5625 2301 5697 33)
2325 5625 2460 5681 Cod.
2495 5624 2592 5680 Or.
2625 5618 2730 5677 δέει
2760 5614 2996 5682 στάσεως
3024 5615 3114 5674 καὶ
3144 5614 3329 5695 φόνου.
