4152 6208
291 40 315 80 ί

246 312 339 371 285
1215 306 1583 372 AUCTORE
1627 303 2024 369 GREGOBIO
2066 304 2614 368 PRESBYTERO.

3494 299 3615 362 286

240 442 451 517 Μάξιμον
506 446 604 512 τῆς
658 439 875 503 πόλεως
933 439 1238 511 ἥλασεν,¹0
1300 441 1394 514 μὲν
1442 439 1534 498 οὖν
1567 441 1678 515 (34)
1727 434 1846 514 ἄξια

1963 439 2074 497 nisi
2135 439 2492 496 Alexandria
2552 438 2861 512 praefectus
2908 433 3215 494 seditionis
3260 438 3318 493 et
3363 434 3614 493 medium

241 538 321 590 τοῦ
347 531 557 610 θράτους
592 528 811 603 ἐδέξατο
838 531 907 587 τὰ
936 529 1208 610 ἐπίχειρα.

300 712 581 787 Γρηγόριος
612 707 691 782 δὲ’
720 713 801 783 τῷ
830 710 1031 782 πλήθει
1058 714 1166 766 τῶν
1216 708 1397 765 πόνων
1441 708 1679 774 πιεσθεὶς
1711 711 1851 779 (35),

241 800 311 856 καὶ
364 798 667 871 ἀπειρηκὼς
723 799 859 875 πρὸς
915 799 1011 862 τὰς
1042 798 1298 861 ποικίλας
1328 796 1636 876 φροντίδας,
1668 794 1853 853 οἷ’καδε

242 886 347 962 ἵετο,
385 889 448 944 τὰ
494 888 737 965 ἐξιτήρια
778 893 858 961 τῷ
924 885 1043 961 λαῷ
1101 887 1625 966 προσφθεγεάμενος,
1664 888 1849 941 νουθε-

238 980 389 1048 τήσας
418 976 611 1040 αὐτοὺς
657 982 844 1051 τηρεῖν
886 987 986 1046 την
1051 977 1254 1045 πίστιν,
1302 978 1364 1047 ἣν
1426 975 1849 1054 παρειλήφασιν,

238 1067 510 1141 ἐργάζεσθαι
566 1067 667 1135 τὴν
721 1067 938 1140 ἀρετὴν,
972 1068 1037 1136 ἣν
1096 1065 1425 1140 αὐτοῖς
1467 1062 1616 1141 ἔργῳ
1658 1086 1718 1120 τε
1763 1064 1853 1119 καὶ

240 1154 361 1230 λόγῳ
397 1152 685 1226 ὑπέδειξεν.
738 1152 959 1223 Ἐπειδὴ
1005 1153 1213 1211 τούτων
1260 1152 1498 1224 ἤκουσαν
1540 1152 1749 1228 κλῆρός
1795 1175 1855 1209 τε

237 1244 309 1301 καὶ
358 1242 505 1315 λαὸς,
570 1244 667 1317 μία
726 1244 829 1320 βοὴ
888 1246 1003 1318 (37)
1049 1244 1197 1321 παρά
1260 1246 1475 1299 πάντων
1534 1241 1703 1320 ἤρθη,
1750 1245 1849 1313 τήν

235 1332 464 1407 ἐκδημίαν
538 1338 635 1389 τοῦ
710 1332 974 1406 ποιμένος
1048 1331 1413 1409 ὀδυρομένων·
1472 1334 1539 1403 ἦν
1602 1354 1663 1388 τε
1720 1330 1849 1387 ἰδεῖν

233 1421 429 1478 ἐλεεινὸν
499 1423 698 1495 θέαμα,
750 1418 966 1498 ἄνδρας,
1029 1428 1310 1497 γυναῖκας,
1368 1424 1483 1496 (38)
1529 1420 1699 1491 νέους,
1761 1421 1852 1497 γὲ-

234 1530 419 1586 ροντας,
458 1508 799 1586 ἐλλογίμους
851 1509 942 1565 καὶ
989 1510 1238 1583 ἀμαθεῖς,
1284 1510 1573 1588 ἄρχοντας,
1605 1508 1853 1581 ἴδιώτας,

233 1600 435 1661 ἅπαντας
489 1599 718 1674 οἰμωγῇ
780 1601 1058 1677 συμφώνῳ
1127 1601 1546 1676 κατεχομένους,
1606 1600 1694 1654 καὶ
1750 1600 1849 1668 τήν

234 1688 453 1765 ὀρφανίαν
488 1687 555 1743 ού
590 1690 871 1766 φέροντας·
910 1688 1049 1743 ὥστε
1086 1690 1227 1762 τινὰ,
1258 1690 1356 1758 τήν
1388 1690 1577 1767 φωνὴν
1630 1685 1850 1761 ἄραντα,

230 1777 472 1849 τολμῆσαι
563 1777 750 1833 εἰπεῖν·
812 1802 841 1829 ‹‹

230 1871 348 1938 αυτῷ
380 1868 488 1941 (39)
549 1868 650 1935 τὴν
708 1863 928 1939 Τριάδα.
981 1890 1007 1917 n
1058 1866 1267 1937 Ταύτης
1307 1866 1538 1929 ἀκούσας
1592 1867 1691 1935 τῆς
1738 1888 1852 1945 φω-

230 1952 666 2030 νῆςόγεννάδας,
701 1954 956 2033 ἐλώφησε
1008 1962 1110 2025 τῆς
1168 1957 1370 2029 ὁρμῆς,
1437 1955 1526 2010 καὶ
1587 1956 1854 2031 ὑπέσχετο

229 2042 638 2119 συμπαραμένειν
707 2043 911 2114 αὐτοῖς,
975 2044 1172 2119 μέχρις
1218 2043 1276 2099 ἂν
1335 2044 1641 2099 ἐπισκόπων
1716 2064 1852 2119 παρ-

231 2132 355 2186 ουσία
414 2134 523 2205 (καῖ
586 2133 687 2209 γὰρ
746 2134 811 2202 ἦν
882 2131 1244 2206 ἐλπιζομένῃ)
1301 2128 1685 2209 προϐάλληται
1744 2135 1853 2208 (40)

229 2242 326 2276 τινα
363 2227 459 2291 τῆς
507 2220 817 2290 ἰπισκοπῆς
866 2220 1037 2292 ἄξιον,
1066 2222 1125 2283 ὃς
1169 2220 1328 2277 αὐτὸν
1364 2219 1665 2299 φροντίδων
1700 2220 1852 2278 ἐλευ-

232 2310 448 2381 θερώσει,
506 2309 789 2386 ἐπιτρέψει
824 2330 884 2364 τε
947 2311 1061 2383 ἅμα
1105 2311 1203 2380 τὴν
1254 2305 1456 2381 ἔξοδον.
1517 2310 1702 2374 Οὕτως
1759 2311 1851 2366 οὗν

235 2395 528 2467 διελύθησαν
590 2402 663 2472 τῇ
735 2397 1029 2475 ὑποσχέσει
1099 2398 1476 2476 θαρρήσαντες,
1536 2399 1686 2475 ὅρκῳ
1757 2400 1851 2473 μὶν

231 2485 281 2541 ού
305 2489 406 2561 (41)
450 2482 865 2562 βεϐαιωθέντςς,
892 2491 972 2559 τῷ
1030 2485 1089 2543 δὲ
1134 2486 1316 2564 παγίῳ
1360 2493 1457 2543 τοῦ
1504 2484 1710 2563 τρόπου
1754 2510 1853 2544 κα-

231 2575 667 2638 ταπιστεύσαντες.

283 2668 384 2718 Τῶν
433 2662 524 2719 οὖν
574 2661 762 2720 δεινῶν
814 2662 1083 2737 εἶξάντων,
1131 2664 1222 2720 καὶ
1280 2662 1493 2742 σχολῆς
1545 2663 1850 2737 ὲνδοθείσης

228 2756 323 2813 τοῖς
373 2754 706 2828 πράγμασιν,
763 2751 916 2818 αὖθις
974 2751 1252 2829 ἀνέλαμπε
1324 2761 1425 2825 τῆς
1499 2753 1725 2829 Τριάδος
1788 2757 1850 2811 τὸ

231 2836 398 2915 δόγμα,
439 2839 769 2913 διδασκαλίᾳ
817 2841 906 2897 καὶ
956 2836 1145 2904 πόνοις
1190 2846 1287 2897 τοῦ
1340 2844 1603 2918 μακαρίου
1650 2843 1852 2900 πλατυ-

231 2927 431 3000 νομένης
483 2930 559 2993 εἷς
610 2929 817 2992 πάντας
862 2933 963 2999 τῆς
1012 2929 1264 3003 πίστεως,
1294 2932 1356 3001 ἦν
1407 2931 1662 3009 ἐγεώργει
1715 2933 1849 2989 κάλ-

231 3015 362 3072 λιστά
405 3039 461 3074 τε
505 3018 601 3074 καὶ
645 3025 747 3089 τῆς
797 3023 915 3074 Νῶε
976 3019 1247 3096 γεωργίας
1308 3019 1659 3096 τιμιωτέραν.
1710 3028 1851 3089 Γεη-

233 3111 385 3161 πονῶν
414 3109 516 3184 γὰρ
552 3115 660 3178 τῆς
691 3106 1016 3176 Ἐκκλησίας
1045 3109 1145 3177 τὴν
1178 3110 1432 3187 ἄρουραν,
1462 3111 1556 3173 τὰς
1608 3110 1701 3184 μὶν
1734 3113 1848 3185 (42)

910 1780 975 1833 Ὠ
1039 1777 1235 1854 Πάτερ,
1312 1773 1691 1840 συνεκϐάλλεις
1770 1798 1852 1832 σε·
1885 1812 1933 1878 Β

1961 533 2122 585 metu
2155 529 2476 584 Maximum
2525 529 2668 585 urbe
2712 527 3097 584 exturbasset.
3124 530 3311 597 Atque
3356 525 3455 582 ille
3484 524 3615 598 qui-

1961 619 2093 675 dem
2127 617 2369 690 praemia
2398 618 2724 674 temeritate
2756 617 2935 690 digna
2963 616 3118 671 tulit.

2035 706 2351 780 Gregorius
2375 710 2569 763 autem
2590 706 2858 762 laborum
2882 705 3258 761 multitudine
3278 720 3616 776 oppressus,

1963 796 2260 867 variisque
2282 795 2439 851 curis
2468 796 2766 853 confectus
2797 813 2863 851 ac
2895 794 3252 862 debilitatus,
3277 794 3335 850 in
3369 794 3619 866 patriam

1962 885 2219 940 reditum
2244 885 2509 956 parabat,
2526 883 2752 956 plebem
2771 888 3093 940 extremum
3116 883 3426 951 allocutus,
3444 887 3617 955 atque

1963 974 2231 1029 hortatus
2261 978 2325 1028 ut
2356 974 2555 1043 ﬁdem,
2588 989 2765 1044 quam
2798 977 3161 1044 acceperant,
3184 976 3612 1041 conservarent,

1963 1067 2021 1118 et
2050 1067 2116 1117 ut
2144 1063 2443 1133 virtutem,
2476 1078 2654 1133 quam
2703 1060 2848 1133 ipsis
2896 1078 3066 1133 opere
3115 1062 3331 1133 pariter
3374 1078 3439 1116 ao
3486 1078 3614 1117 ser-

1965 1167 2137 1207 mone
2173 1152 2526 1221 ostenderat,
2560 1149 2834 1206 colerent.
2869 1149 3002 1213 Quaa
3050 1166 3184 1205 cum
3233 1154 3291 1205 et
3339 1149 3526 1206 clerus
3558 1154 3615 1206 et

1963 1240 2217 1312 populus
2247 1239 2594 1306 audiissent,
2622 1256 2777 1295 unus
2808 1237 3072 1295 omnium
3095 1236 3315 1292 clamor
3347 1237 3615 1294 sublatus

1964 1332 2053 1384 est
2074 1329 2328 1401 pastoris
2353 1329 2678 1385 discessum
2702 1328 3031 1401 lugentium
3056 1345 3068 1383 :
3094 1344 3160 1382 ac
3188 1326 3355 1383 triste
3385 1332 3614 1399 specta-

1963 1417 2159 1474 culum
2194 1432 2430 1473 cernere
2475 1423 2619 1488 erat,
2652 1418 2807 1473 viros
2856 1420 2914 1473 et
2962 1415 3259 1484 mulieres,
3282 1417 3529 1488 juvenes
3560 1420 3618 1472 et

1964 1522 2157 1575 senes,
2189 1508 2448 1563 eruditos
2486 1511 2544 1563 et
2584 1506 2870 1574 indoctos,
2906 1504 3199 1578 principes
3230 1508 3287 1561 et
3334 1504 3613 1575 privatos,

1964 1613 2168 1652 omnes
2197 1596 2469 1652 concordi
2493 1597 2757 1652 detenlos
2788 1596 2922 1652 fletu
2956 1612 3060 1651 nec
3090 1594 3399 1650 orbitatem
3431 1596 3615 1650 feren-

1962 1688 2071 1752 tes,
2096 1686 2237 1741 adeo
2270 1690 2333 1739 ut
2364 1685 2659 1757 quispiam
2683 1684 2915 1740 sublata
2943 1701 3078 1740 voce
3098 1684 3287 1739 dicere
3308 1700 3422 1739 non
3444 1684 3612 1738 dubi-

1962 1776 2111 1829 taret
2132 1792 2180 1830 :«
2206 1774 2249 1829 0
2272 1773 2464 1841 Pater,
2486 1774 2828 1830 Trinitatem
2851 1778 3043 1829 tecum
3069 1772 3253 1844 ejicis.
3278 1795 3305 1823 »
3332 1775 3455 1837 Qua
3476 1789 3612 1829 voce

1964 1862 2165 1917 audita
2194 1862 2281 1917 vir
2310 1862 2579 1935 egregius
2609 1862 2942 1918 discedendi
2975 1862 3353 1934 cupiditatem
3384 1878 3609 1934 repres-

1963 1951 2060 2019 sit,
2083 1951 2485 2023 tantisperque
2524 1968 2586 2007 se
2625 1953 2781 2024 apud
2829 1968 2927 2007 eos
2978 1968 3324 2007 mansurum
3375 1952 3614 2024 recepit,

1963 2040 2154 2111 quoad
2186 2040 2464 2112 episcopi,
2497 2057 2749 2112 quorum
2782 2041 3065 2097 adventus
3103 2040 3163 2096 in
3195 2057 3298 2113 spe
3331 2044 3388 2095 et
3412 2058 3613 2112 exspe-

1962 2129 2216 2184 ctatione
2265 2132 2409 2197 erat,
2450 2128 2704 2200 aliquem
2746 2128 3081 2201 episcopatu
3123 2129 3368 2201 dignum
3404 2128 3612 2200 elegis-

1963 2221 2113 2286 sent,
2145 2217 2374 2288 sibique
2405 2218 2562 2273 curis
2608 2217 2848 2272 liberato
2880 2217 3215 2272 facultatem
3247 2216 3499 2271 abeundi
3531 2217 3610 2271 fe-

1962 2306 2199 2363 cissent.
2232 2311 2420 2379 Atque
2460 2308 2541 2363 ita
2570 2306 2800 2363 dimissi
2848 2309 3007 2373 sunt,
3039 2304 3187 2360 nihil
3238 2305 3476 2360 omnino
3507 2306 3612 2360 du-

1962 2395 2237 2463 bitantes,
2270 2395 2413 2468 quin
2463 2395 2562 2452 ille
2608 2412 2713 2467 pro
2761 2412 2869 2451 sua
2921 2393 3223 2467 gravitate,
3257 2411 3609 2467 morumque

1962 2485 2308 2555 constantia,
2343 2484 2617 2557 promissi
2666 2484 2758 2540 sui
2803 2485 2999 2555 ﬁdem,
3030 2483 3165 2541 licet
3194 2482 3354 2539 nullo
3377 2484 3605 2556 jureju-

1961 2573 2142 2629 rando
2173 2574 2491 2641 ﬁrmatam,
2524 2572 2799 2647 expleret.

2030 2662 2301 2734 Depulsis
2330 2662 2528 2734 itaque
2573 2662 2869 2734 periculis,
2902 2666 2960 2717 et
2989 2662 3183 2733 quiete
3230 2660 3405 2718 rebus
3438 2662 3608 2719 resti-

1960 2755 2101 2819 tuta,
2133 2752 2168 2806 Ἰ
2184 2751 2435 2807 rinitatis
2466 2752 2679 2824 dogma
2727 2769 2933 2806 rursus
2973 2750 3305 2823 eﬁ‘ulgebat,
3339 2768 3403 2806 ac
3451 2751 3608 2807 beati

1956 2840 2065 2895 viri
2096 2839 2361 2896 doctrina
2388 2843 2446 2896 et
2473 2840 2775 2896 laboribus
2824 2840 2968 2895 ﬁdes
3014 2841 3085 2895 ad
3116 2856 3321 2896 omnes
3350 2840 3609 2913 porrige-

1958 2930 2131 2986 batur
2161 2946 2175 2985 :
2209 2945 2387 3001 quam
2432 2928 2824 3001 pulcherrime
2855 2928 3169 2998 excolebat,
3201 2930 3603 3001 praestantius-

1956 3034 2086 3089 que,
2114 3034 2289 3090 quam
2323 3022 2387 3074 ut
2415 3017 2771 3090 agricultura
2800 3018 2918 3075 Noe
2942 3018 2985 3055 ίο
3014 3034 3148 3075 cum
3178 3034 3246 3075 ea
3274 3019 3600 3092 comparari

1960 3106 2163 3179 possit.
2222 3105 2489 3163 Ecclesiae
2545 3106 2701 3163 enim
2759 3124 2963 3163 arvum
3020 3108 3317 3177 excolens,
3377 3107 3606 3165 animas

234 3196 383 3270 ψυγὰς
428 3179 548 3251 οἷον
605 3197 842 3272 ἠροτρία
896 3202 1005 3253 τῶν
1057 3179 1325 3263 have-(LV.
1358 3179 1847 3270 ἀπαλλάττων

1963 3196 2246 3268 quasdam
2269 3194 2425 3252 velut
2452 3200 2644 3252 aratro
2674 3196 3108 3268 prosoindebat,
3130 3198 3449 3270 impietatis
3480 3198 3605 3270 spi-

238 3279 468 3354 ἀσεϐείας,
517 3287 619 3349 τὰς
681 3283 738 3341 δὲ
785 3286 1052 3358 ὡμάλιζε,
1101 3293 1455 3365 προφητικῶς
1509 3288 1698 3360 εἰπεῖν,
1749 3287 1847 3343 ἄλ-

238 3367 335 3434 λαις
385 3371 595 3451 ἔσπειρε
652 3375 742 3429 τὸν
801 3376 942 3430 θεῖον
1004 3375 1186 3451 Λόγον
1220 3377 1275 3430 αἱ
1306 3373 1364 3431 δὲ
1393 3375 1592 3452 ἀρτίως
1624 3376 1848 3433 ἰφύοντό

233 3479 279 3513 τε
323 3462 401 3516 καὶ
456 3462 793 3540 ὶῤῥιζοῦντο·
825 3464 879 3518 αἱ
934 3461 992 3519 δὲ
1060 3460 1167 3535 ἤδη
1231 3463 1457 3535 ἐπύαζόν
1500 3486 1559 3521 τε
1601 3463 1691 3521 καί
1734 3468 1845 3521 οἷον

230 3547 383 3621 γόνασι
451 3550 832 3623 διεζώννυντοο
903 3551 1068 3609 ἄλλαι
1155 3554 1292 3630 πρὸς
1374 3554 1573 3630 στάχυν
1651 3554 1846 3611 ἀπετυ-

228 3643 411 3695 ποῦντο·
469 3638 653 3718 ἕτεραι
722 3638 779 3696 δὲ
838 3640 1209 3714 ἐπεπαίνοντο,
1266 3642 1356 3698 καὶ
1424 3644 1561 3719 πρὸς
1637 3645 1847 3717 ἀμητὸν

226 3725 332 3792 ἦσαν
379 3729 743 3804 ἐτοιμύτεραι·
776 3730 868 3793 τὰς
923 3727 981 3785 δὲ
1032 3729 1180 3793 ἅλως
1231 3730 1368 3806 εἶχε,
1411 3733 1506 3793 τὰς
1555 3729 1613 3787 δὲ
1654 3734 1847 3805 θημών

226 3834 305 3876 τις·
357 3816 515 3874 ἄλλαι
573 3822 647 3893 τῇ
702 3816 965 3892 λικμήσει
1019 3819 1084 3874 τὸ
1142 3817 1427 3896 ἀγυρῶδες
1486 3822 1574 3875 καὶ
1616 3819 1843 3897 ἀλογίας

227 3902 341 3973 ἄξιον
387 3912 491 3962 τῶν
550 3906 847 3983 δογμάτων
897 3896 1215 3965 ἀπέϐαλλον
1274 3912 1413 3983 (43),
1469 3915 1686 3986 Χριστῷ
1738 3896 1843 3967 κα-

228 3994 524 4069 θαιρόμεναι·
585 3993 768 4073 ἕτεραι
830 3994 888 4052 δὲ
942 4000 1076 4067 ἦσαν
1135 3994 1282 4054 ἔνδον
1359 4001 1467 4054 τῶν
1549 3998 1840 4071 ἀποθηκῶν

228 4076 357 4150 ἄξιαι·
399 4086 449 4139 αἱ
502 4083 559 4141 δὲ
612 4084 779 4163 ἄρτος
826 4082 937 4158 ἤδη
985 4085 1461 4163 κατειργασμένος.
1511 4092 1681 4144 Τοῦτο
1738 4090 1841 4166 γὰρ

226 4167 359 4243 πέρας
388 4179 482 4243 τῆς
517 4172 810 4251 γεωργίας,
842 4175 1041 4230 σκοπὸν
1077 4173 1311 4250 ἰχούσης
1339 4182 1440 4245 τῆς
1488 4183 1696 4253 τροφῆς
1729 4177 1841 4250 (44)

225 4258 301 4325 τὴν
356 4260 679 4338 μετάληψιν,
718 4262 808 4318 καὶ
859 4263 950 4319 διὰ
984 4266 1146 4319 τοῦτο
1190 4261 1461 4335 πονούσης
1510 4285 1567 4319 τε
1612 4265 1701 4320 καὶ
1747 4266 1841 4321 τὸν

228 4344 401 4418 ἀμητὸν
432 4350 684 4425 εὐθύμως
715 4352 1050 4427 κομιζομένη
1062 4373 1108 4416 ς.

1961 3285 2052 3341 nis
2074 3301 2172 3341 eas
2194 3284 2471 3353 liberans,
2496 3285 2663 3355 alias,
2684 3290 2748 3341 ut
2770 3286 3061 3359 prophetae
3084 3288 3257 3343 verbo
3280 3292 3431 3357 utar,
3457 3305 3612 3343 com—

1960 3373 2235 3446 planabat
2260 3376 2328 3442 ¹ί,
2362 3374 2494 3429 aliis
2542 3374 2805 3430 divinum
2843 3376 3086 3432 verbum
3136 3376 3449 3445 inserebat,
3484 3377 3610 3434 aliae

1959 3480 2158 3519 recens
2189 3463 2639 3533 enascebantur,
2665 3464 3007 3536 radicesque
3037 3467 3308 3538 agebant,
3335 3466 3460 3521 alia;
3484 3467 3610 3536 jam

1956 3552 2396 3624 herbescebant,
2429 3569 2495 3608 ac
2540 3552 2699 3608 velut
2746 3553 3031 3625 geniculis
3078 3555 3607 3628 prsecingebantur,

1955 3641 2079 3698 alia;
2125 3643 2196 3697 ad
2240 3641 2503 3698 culmum
2552 3641 3040 3711 informnbantur,
3077 3642 3200 3699 aliae
3250 3648 3607 3701 maturesce-

1955 3731 2116 3798 bant,
2132 3735 2306 3803 atque
2324 3732 2393 3786 ad
2419 3747 2669 3787 messem
2693 3731 3015 3803 paratiores
3038 3732 3365 3798 erant,aliae
3387 3733 3445 3787 in
3471 3750 3607 3790 area

1954 3825 2139 3891 erant,
2185 3819 2313 3876 aliae
2364 3820 2423 3875 in
2473 3836 2674 3876 acervo
2704 3820 2980 3892 quodam,
3013 3820 3163 3887 aliae,
3196 3838 3324 3893 quae
3376 3821 3607 3878 Christo

1954 3912 2369 3981 purgarentur,
2391 3907 2532 3964 viles
2563 3912 2621 3964 et
2651 3910 3115 3965 contemnendas
3141 3910 3481 3982 dogmatum
3515 3928 3610 3980 pa-

1952 3996 2073 4053 leas
2106 4013 2209 4069 per
2236 3996 2675 4053 ventilationem
2719 3997 3110 4065 excutiebant,
3145 3996 3270 4053 aliis
3293 3998 3419 4070 jam
3448 3998 3607 4054 domi

1952 4085 2177 4141 horreis
2202 4085 2389 4159 dignae
2411 4089 2598 4153 erant,
2627 4084 2753 4141 alia;
2785 4086 3037 4158 denique
3069 4087 3237 4158 panis
3259 4087 3386 4159 jam
3419 4088 3609 4144 confe-

1952 4179 2081 4232 ctus
2109 4179 2293 4231 erant.
2325 4174 2431 4230 Hic
2477 4174 2631 4230 eni
2664 4174 3029 4246 agriculturae
3077 4176 3215 4232 ﬁnis
3245 4181 3353 4245 est,
3386 4177 3603 4249 quippe

1950 4281 2080 4337 qua
2109 4263 2221 4320 cibi
2253 4264 2649 4334 sumptionem
2699 4281 2803 4335 pro
2849 4281 3023 4337 scopo
3055 4264 3289 4337 habeat,
3322 4266 3395 4322 ob
3426 4266 3604 4338 idque

1947 4354 2179 4411 labores
2232 4353 2538 4425 suscipiat,
2593 4368 2963 4425 messemque
3011 4353 3187 4410 alacri
3216 4354 3412 4412 animo
3463 4373 3600 4412 con-

1946 4447 2131 4517 gerat.

279 4523 413 4582 Ἀλλ’
465 4529 493 4583 ὁ
555 4530 649 4603 μὲν
705 4526 874 4607 ἱδρὼς
928 4534 1008 4603 τῷ
1064 4529 1335 4607 ἀνθρώπῳ
1404 4533 1519 4607 (45)
1548 4536 1646 4587 τοῦ
1704 4537 1839 4593 Θεοῦ

2015 4534 2095 4590 Ac
2136 4531 2303 4589 labor
2331 4530 2569 4604 quidem
2612 4530 2871 4589 hominis
2924 4532 3024 4589 Dei
3067 4536 3270 4589 tantus
3299 4536 3441 4602 erat,
3476 4537 3604 4589 tan-

278 4686 312 4721 ¹⁰
334 4686 463 4745 Gen.
498 4706 576 4759 ιι,
607 4691 698 4746 20.
775 4693 821 4729 ’ί
854 4690 964 4747 Isa.
997 4708 1089 4761 xc,
1121 4693 1174 4748 4.

250 4855 370 4935 ~(35)
398 4859 550 4915 Colb.
586 4861 634 4918 1.
669 4860 727 4913 Ὃ
761 4859 856 4934 μὶν
892 4857 984 4915 οὗν
1014 4860 1190 4932 οὗτος,
1224 4863 1352 4920 cod.
1384 4863 1481 4921 Or.
1513 4863 1575 4921 Ὀ
1615 4863 1710 4937 μέν
1740 4861 1831 4918 οὖν

1963 4862 2193 4937 301b,},
2224 4864 2307 4920 sic
2324 4864 2514 4937 habet
2546 4878 2559 4917 :
2592 4857 3025 4937 προϐαλλομένη
3059 4864 3181 4937 τινὰ
3224 4870 3331 4937 τῆς
3381 4862 3600 4937 ἐπισκο-

226 4944 481 5073 [ta
505 5005 753 5073 Montac,
784 5006 842 5073 et
869 5002 1130 5061 Combef.
1164 5004 1224 5061 in
1254 5005 1396 5063 edit.
1430 5003 1685 5070 πεισθείς.

278 5000 353 5065 (35
400 5000 481 5056 Ita
505 5005 753 5073 Montac,
784 5006 842 5059 et
869 5002 964 5060 Co:

689 5074 758 5199 ἣκὶ
782 5072 964 5135 αὐτός.

304 5210 309 5211 γ
518 5187 531 5201 .
647 5186 658 5198 .
698 5166 737 5211 μ
762 5165 795 5199 α
829 5165 964 5211 φωντ

396 5141 531 5201 Cod.
565 5143 658 5217 ΟΡ.
698 5141 795 5217 μία
829 5145 1008 5217 φωνή.

275 5210 920 5290 (38))1ωσμνοιυριῌοᾶἱι.
954 5210 1206 5290 antiqui,
1238 5219 1360 5275 haac
1398 5219 1568 5277 codd.
1601 5236 1826 5290 omnes,

224 5272 315 5368 hac
330 5272 495 5368 etiam
526 5286 651 5359 ipse
681 5288 917 5368 Billius;
950 5272 1206 5345 licet‘in’
1228 5272 1364 5346 edit.
1398 5272 1574 5348 verba
1604 5272 1825 5368 ᾶῐὲρἆζ

224 5359 432 5416 γυναῖκας
464 5359 754 5415 deessent.

1940 4932 2249 5025 ῇςῗᾶξιον,
2280 4930 2790 5025 αἴύτον-φρονδτίδῳν
2806 4930 3188 5025 ἐλευθερώσῃ,
3220 4930 3472 5011 ιριτρέψῃ
3520 4956 3599 4993 τε.

1939 5003 2087 5064 Mcx.
2121 5003 2248 5079 cod.
2285 5008 2345 5062 P.
2379 5023 2481 5079 pro
2498 5003 2695 5079 ’ἔξοδον
2726 5006 2902 5079 habet
2930 5003 3187 5069 εἰς’ὁδόν.

2034 5080 2124 5149 41)
2157 5078 2295 5149 Cod.
2334 5075 2395 5135 ΡΣ
2418 5075 2614 5149 ’Ὁρκῳᾲ
2638 5076 2734 5149 μὶν
2767 5075 2883 5134 οὗν.

2156 5148 2317 5224 Qolh.
2348 5151 2405 5224 lg,
2435 5147 2530 5212 τὰς
2565 5147 2662 5222 μὲν
2691 5150 2808 5224 τῶν
2832 5151 3048 5224 ψυχῶν.

2030 5214 2120 5279 43)
2155 5221 2239 5278 Ita
2266 5214 2427 5278 Colb.
2457 5224 2494 5277 2
2524 5214 2582 5278 et
2611 5222 2739 5278 cod.
2773 5214 2871 5278 01".
2905 5214 2965 5277 Ϊῖ]
2998 5222 3138 5279 edit.
3173 5214 3469 5279 ἀπέϐαλον.

2032 5293 2122 5369 ιζ.)
2150 5294 2286 5369 god,
2318 5292 2414 5363 Or;
2444 5298 2546 5369 τῆς
2574 5298 2809 5369 τρυφῆς.

2026 5365 2116 5447 45)
2150 5365 2244 5447 Sic
2270 5364 2582 5447 legendum
2612 5364 2916 5447 proponit
2953 5364 3218 5447 Montem1
3241 5365 3374 5447 licet
3422 5383 3597 5447 repu-

277 5422 366 5510 (β9)
510 5429 759 5510 Montac.
791 5433 849 5486 et
892 5430 1011 5503 alii,
1047 5447 1153 5488 nec
1184 5449 1297 5488 non
1349 5434 1478 5490 cod.
1509 5433 1669 5490 Colb.
1706 5436 1731 5490 1
1767 5439 1825 5492 et
1932 5422 2115 5510 gn'ent
2144 5422 2758 5510 codd.umanuscripti‘
2782 5444 2989 5510 praeter
3020 5439 3147 5494 cod.
3182 5439 3241 5494 P.
3274 5422 3594 5510 zihanc‘ta-

224 5489 263 5541 2·
281 5489 485 5573 ,ῙΗ
518 5499 710 5573 ἑαυτῷ.

1931 5507 2065 5563 men
2098 5507 2404 5565 lectionem
2435 5507 2674 5565 secutus
2705 5507 2803 5565 est
2834 5508 3061 5566 Billius.
3099 5510 3162 5566 In
3193 5510 3330 5569 edit.
3363 5512 3471 5564 τῶν
3500 5508 3593 5566 ἀν-

395 5569 634 5651 μοιιῐιιο.
655 5562 722 5653 :et
750 5572 851 5653 alii
882 5571 1089 5629 volunt
1115 5567 1566 5653 προξαλλομένη,
1592 5576 1822 5653 _et_huic

1965 5577 2183 5653 ρώπων

228 5621 410 5695 ιαὲιίοὶιί
438 5621 1088 5703 consentiunt-omnes-
1107 5621 1279 5703 οόᾱά.
1299 5621 1821 5721 ἰίιὲὲἷιεὲινίᾙιῇἒῐ
