  <div class='ocr_page' id='page_1' title='image "/cluster/home/n/w/nwhite01/storage/ocr_20150623/35/hvd.32044054100326/149.png"; bbox 0 0 4152 6208; ppageno 0'>
   <div class='ocr_carea' id='block_1_1' title="bbox 334 250 550 360">
    <p class='ocr_par' dir='ltr' id='par_1_1' title="bbox 334 250 550 360">
     <span class='ocr_line' id='line_1_1' title="bbox 334 250 550 360; baseline 0 0"><span class='ocrx_word' id='word_1_1' title='bbox 334 250 335 255; x_wconf 7' lang='grc' dir='ltr'><strong><em>Ν</em></strong></span> <span class='ocrx_word' id='word_1_2' title='bbox 434 295 550 360; x_wconf 76' lang='lat'>287</span> 
     </span>
    </p>
   </div>
   <div class='ocr_carea' id='block_1_2' title="bbox 1561 298 2709 365">
    <p class='ocr_par' dir='ltr' id='par_1_2' title="bbox 1561 298 2709 365">
     <span class='ocr_line' id='line_1_2' title="bbox 1561 298 2709 365; baseline -0.001 -2"><span class='ocrx_word' id='word_1_3' title='bbox 1561 298 1748 363; x_wconf 75' lang='lat' dir='ltr'>VITA</span> <span class='ocrx_word' id='word_1_4' title='bbox 1788 299 1857 363; x_wconf 89' lang='lat' dir='ltr'>S.</span> <span class='ocrx_word' id='word_1_5' title='bbox 1904 299 2274 365; x_wconf 80' lang='lat' dir='ltr'>GREGORII</span> <span class='ocrx_word' id='word_1_6' title='bbox 2318 298 2709 363; x_wconf 85' lang='lat' dir='ltr'>THEOLOGI</span> 
     </span>
    </p>
   </div>
   <div class='ocr_carea' id='block_1_3' title="bbox 3716 297 3835 362">
    <p class='ocr_par' dir='ltr' id='par_1_3' title="bbox 3716 297 3835 362">
     <span class='ocr_line' id='line_1_3' title="bbox 3716 297 3835 362; baseline 0 -1"><span class='ocrx_word' id='word_1_7' title='bbox 3716 297 3835 362; x_wconf 75' lang='lat'>288</span> 
     </span>
    </p>
   </div>
   <div class='ocr_carea' id='block_1_4' title="bbox 428 426 2092 506">
    <p class='ocr_par' dir='ltr' id='par_1_4' title="bbox 428 429 2081 506">
     <span class='ocr_line' id='line_1_4' title="bbox 428 429 2081 506; baseline 0.001 -18"><span class='ocrx_word' id='word_1_8' title='bbox 428 442 615 504; x_wconf 74' lang='lat' dir='ltr'>usque</span> <span class='ocrx_word' id='word_1_9' title='bbox 646 429 1041 487; x_wconf 80' lang='lat' dir='ltr'>multitudinis</span> <span class='ocrx_word' id='word_1_10' title='bbox 1074 430 1320 488; x_wconf 81' lang='lat' dir='ltr'>salutem</span> <span class='ocrx_word' id='word_1_11' title='bbox 1353 432 1463 489; x_wconf 83' lang='lat' dir='ltr'>sibi</span> <span class='ocrx_word' id='word_1_12' title='bbox 1498 435 1893 506; x_wconf 90' lang='lat' dir='ltr'>proponebat:</span> <span class='ocrx_word' id='word_1_13' title='bbox 1920 440 2081 489; x_wconf 58' lang='lat' dir='ltr'>crete-</span> 
     </span>
    </p>
   </div>
   <div class='ocr_carea' id='block_1_5' title="bbox 2207 426 3834 506">
    <p class='ocr_par' dir='ltr' id='par_1_5' title="bbox 2207 426 3834 505">
     <span class='ocr_line' id='line_1_5' title="bbox 2207 426 3834 505; baseline -0.001 -19"><span class='ocrx_word' id='word_1_14' title='bbox 2207 436 2469 501; x_wconf 80' lang='grc' dir='ltr'>τοσοῦτος,</span> <span class='ocrx_word' id='word_1_15' title='bbox 2528 432 2616 485; x_wconf 87' lang='grc' dir='ltr'>καὶ</span> <span class='ocrx_word' id='word_1_16' title='bbox 2674 430 2747 492; x_wconf 79' lang='grc' dir='ltr'>εἷς</span> <span class='ocrx_word' id='word_1_17' title='bbox 2802 426 3077 485; x_wconf 77' lang='grc' dir='ltr'>τοσούτων</span> <span class='ocrx_word' id='word_1_18' title='bbox 3146 426 3414 505; x_wconf 80' lang='grc' dir='ltr'>σωτηρίαν</span> <span class='ocrx_word' id='word_1_19' title='bbox 3472 429 3582 503; x_wconf 81' lang='grc'>(46)</span> <span class='ocrx_word' id='word_1_20' title='bbox 3635 428 3834 486; x_wconf 73' lang='grc' dir='ltr'>ἐσπου-</span> 
     </span>
    </p>
   </div>
   <div class='ocr_carea' id='block_1_6' title="bbox 431 522 2077 595">
    <p class='ocr_par' dir='ltr' id='par_1_6' title="bbox 431 522 2077 595">
     <span class='ocr_line' id='line_1_6' title="bbox 431 522 2077 595; baseline 0.001 -18"><span class='ocrx_word' id='word_1_21' title='bbox 431 538 561 577; x_wconf 90' lang='lat' dir='ltr'>rum</span> <span class='ocrx_word' id='word_1_22' title='bbox 598 522 820 577; x_wconf 85' lang='lat' dir='ltr'>fructus</span> <span class='ocrx_word' id='word_1_23' title='bbox 862 536 1237 593; x_wconf 79' lang='lat' dir='ltr'>nequaquam</span> <span class='ocrx_word' id='word_1_24' title='bbox 1287 522 1469 578; x_wconf 82' lang='lat' dir='ltr'>labori</span> <span class='ocrx_word' id='word_1_25' title='bbox 1518 523 1919 595; x_wconf 81' lang='lat' dir='ltr'>respondebat.</span> <span class='ocrx_word' id='word_1_26' title='bbox 1952 523 2077 578; x_wconf 91' lang='lat' dir='ltr'>Non</span> 
     </span>
    </p>
   </div>
   <div class='ocr_carea' id='block_1_7' title="bbox 432 609 2075 685">
    <p class='ocr_par' dir='ltr' id='par_1_7' title="bbox 432 609 2075 685">
     <span class='ocr_line' id='line_1_7' title="bbox 432 609 2075 685; baseline 0 -18"><span class='ocrx_word' id='word_1_27' title='bbox 432 610 584 667; x_wconf 84' lang='lat' dir='ltr'>enim</span> <span class='ocrx_word' id='word_1_28' title='bbox 618 609 804 665; x_wconf 90' lang='lat' dir='ltr'>instar</span> <span class='ocrx_word' id='word_1_29' title='bbox 841 609 1105 683; x_wconf 65' lang='lat' dir='ltr'>agricolae</span> <span class='ocrx_word' id='word_1_30' title='bbox 1141 612 1362 668; x_wconf 88' lang='lat' dir='ltr'>fructus</span> <span class='ocrx_word' id='word_1_31' title='bbox 1403 612 1779 684; x_wconf 83' lang='lat' dir='ltr'>percipiebat,</span> <span class='ocrx_word' id='word_1_32' title='bbox 1812 613 1911 667; x_wconf 91' lang='lat' dir='ltr'>sed</span> <span class='ocrx_word' id='word_1_33' title='bbox 1946 629 2075 685; x_wconf 87' lang='lat' dir='ltr'>gra-</span> 
     </span>
    </p>
   </div>
   <div class='ocr_carea' id='block_1_8' title="bbox 432 698 2077 772">
    <p class='ocr_par' dir='ltr' id='par_1_8' title="bbox 432 698 2077 772">
     <span class='ocr_line' id='line_1_8' title="bbox 432 698 2077 772; baseline 0.001 -18"><span class='ocrx_word' id='word_1_34' title='bbox 432 698 579 754; x_wconf 88' lang='lat' dir='ltr'>tuito</span> <span class='ocrx_word' id='word_1_35' title='bbox 611 698 902 769; x_wconf 83' lang='lat' dir='ltr'>benignus</span> <span class='ocrx_word' id='word_1_36' title='bbox 930 703 1075 768; x_wconf 90' lang='lat' dir='ltr'>erat,</span> <span class='ocrx_word' id='word_1_37' title='bbox 1107 699 1336 756; x_wconf 82' lang='lat' dir='ltr'>labores</span> <span class='ocrx_word' id='word_1_38' title='bbox 1367 701 1603 772; x_wconf 87' lang='lat' dir='ltr'>quidem</span> <span class='ocrx_word' id='word_1_39' title='bbox 1636 718 1854 769; x_wconf 81' lang='lat' dir='ltr'>serens,</span> <span class='ocrx_word' id='word_1_40' title='bbox 1878 717 2077 757; x_wconf 90' lang='lat' dir='ltr'>verum</span> 
     </span>
    </p>
   </div>
   <div class='ocr_carea' id='block_1_9' title="bbox 435 787 2077 860">
    <p class='ocr_par' dir='ltr' id='par_1_9' title="bbox 435 787 2077 860">
     <span class='ocr_line' id='line_1_9' title="bbox 435 787 2077 860; baseline 0.002 -20"><span class='ocrx_word' id='word_1_41' title='bbox 435 787 559 841; x_wconf 88' lang='lat' dir='ltr'>sine</span> <span class='ocrx_word' id='word_1_42' title='bbox 590 790 827 857; x_wconf 90' lang='lat' dir='ltr'>sumptu</span> <span class='ocrx_word' id='word_1_43' title='bbox 860 788 1231 860; x_wconf 86' lang='lat' dir='ltr'>Evangelium</span> <span class='ocrx_word' id='word_1_44' title='bbox 1258 790 1367 844; x_wconf 86' lang='lat' dir='ltr'>sibi</span> <span class='ocrx_word' id='word_1_45' title='bbox 1391 790 1752 846; x_wconf 88' lang='lat' dir='ltr'>constituens</span> <span class='ocrx_word' id='word_1_46' title='bbox 1778 791 1843 844; x_wconf 66' lang='lat'>19.</span> <span class='ocrx_word' id='word_1_47' title='bbox 1865 790 1946 844; x_wconf 84' lang='lat' dir='ltr'>Ex</span> <span class='ocrx_word' id='word_1_48' title='bbox 1967 806 2077 859; x_wconf 88' lang='lat' dir='ltr'>quo</span> 
     </span>
    </p>
   </div>
   <div class='ocr_carea' id='block_1_10' title="bbox 433 874 2080 949">
    <p class='ocr_par' dir='ltr' id='par_1_10' title="bbox 433 874 2080 949">
     <span class='ocr_line' id='line_1_10' title="bbox 433 874 2080 949; baseline 0.003 -20"><span class='ocrx_word' id='word_1_49' title='bbox 433 874 541 929; x_wconf 85' lang='lat' dir='ltr'>hoc</span> <span class='ocrx_word' id='word_1_50' title='bbox 572 876 1012 946; x_wconf 78' lang='lat' dir='ltr'>assequebatur,</span> <span class='ocrx_word' id='word_1_51' title='bbox 1045 882 1110 932; x_wconf 90' lang='lat' dir='ltr'>ut</span> <span class='ocrx_word' id='word_1_52' title='bbox 1140 879 1439 933; x_wconf 80' lang='lat' dir='ltr'>ardentius</span> <span class='ocrx_word' id='word_1_53' title='bbox 1469 883 1781 945; x_wconf 88' lang='lat' dir='ltr'>amaretur,</span> <span class='ocrx_word' id='word_1_54' title='bbox 1809 883 1980 949; x_wconf 90' lang='lat' dir='ltr'>atque</span> <span class='ocrx_word' id='word_1_55' title='bbox 2011 895 2080 935; x_wconf 85' lang='lat' dir='ltr'>ex</span> 
     </span>
    </p>
   </div>
   <div class='ocr_carea' id='block_1_11' title="bbox 433 964 2078 1040">
    <p class='ocr_par' dir='ltr' id='par_1_11' title="bbox 433 964 2078 1040">
     <span class='ocr_line' id='line_1_11' title="bbox 433 964 2078 1040; baseline 0.002 -21"><span class='ocrx_word' id='word_1_56' title='bbox 433 964 749 1019; x_wconf 89' lang='lat' dir='ltr'>ardentiori</span> <span class='ocrx_word' id='word_1_57' title='bbox 784 982 979 1021; x_wconf 90' lang='lat' dir='ltr'>amore</span> <span class='ocrx_word' id='word_1_58' title='bbox 1008 965 1285 1022; x_wconf 81' lang='lat' dir='ltr'>libentius</span> <span class='ocrx_word' id='word_1_59' title='bbox 1315 968 1637 1035; x_wconf 83' lang='lat' dir='ltr'>audiretur,</span> <span class='ocrx_word' id='word_1_60' title='bbox 1666 968 1976 1040; x_wconf 85' lang='lat' dir='ltr'>pluresque</span> <span class='ocrx_word' id='word_1_61' title='bbox 2005 969 2078 1023; x_wconf 90' lang='lat' dir='ltr'>ad</span> 
     </span>
    </p>
   </div>
   <div class='ocr_carea' id='block_1_12' title="bbox 434 1052 2081 1128">
    <p class='ocr_par' dir='ltr' id='par_1_12' title="bbox 434 1052 2081 1128">
     <span class='ocr_line' id='line_1_12' title="bbox 434 1052 2081 1128; baseline 0.002 -20"><span class='ocrx_word' id='word_1_62' title='bbox 434 1052 617 1109; x_wconf 89' lang='lat' dir='ltr'>Deum</span> <span class='ocrx_word' id='word_1_63' title='bbox 650 1054 982 1121; x_wconf 86' lang='lat' dir='ltr'>adduceret,</span> <span class='ocrx_word' id='word_1_64' title='bbox 1008 1072 1118 1111; x_wconf 91' lang='lat' dir='ltr'>non</span> <span class='ocrx_word' id='word_1_65' title='bbox 1142 1073 1211 1111; x_wconf 82' lang='lat' dir='ltr'>ex</span> <span class='ocrx_word' id='word_1_66' title='bbox 1230 1056 1317 1112; x_wconf 90' lang='lat' dir='ltr'>ira</span> <span class='ocrx_word' id='word_1_67' title='bbox 1346 1057 1696 1128; x_wconf 83' lang='lat' dir='ltr'>percutiens,</span> <span class='ocrx_word' id='word_1_68' title='bbox 1719 1059 1820 1113; x_wconf 89' lang='lat' dir='ltr'>sed</span> <span class='ocrx_word' id='word_1_69' title='bbox 1844 1056 2081 1113; x_wconf 85' lang='lat' dir='ltr'>lenitate</span> 
     </span>
    </p>
   </div>
   <div class='ocr_carea' id='block_1_13' title="bbox 431 1140 2079 1216">
    <p class='ocr_par' dir='ltr' id='par_1_13' title="bbox 431 1140 2079 1216">
     <span class='ocr_line' id='line_1_13' title="bbox 431 1140 2079 1216; baseline 0.003 -21"><span class='ocrx_word' id='word_1_70' title='bbox 431 1140 825 1213; x_wconf 82' lang='lat' dir='ltr'>ignorantiam</span> <span class='ocrx_word' id='word_1_71' title='bbox 854 1148 909 1197; x_wconf 90' lang='lat' dir='ltr'>et</span> <span class='ocrx_word' id='word_1_72' title='bbox 938 1144 1324 1200; x_wconf 84' lang='lat' dir='ltr'>rusticitatem</span> <span class='ocrx_word' id='word_1_73' title='bbox 1355 1144 1626 1209; x_wconf 90' lang='lat' dir='ltr'>evellens,</span> <span class='ocrx_word' id='word_1_74' title='bbox 1655 1146 2079 1216; x_wconf 89' lang='lat' dir='ltr'>animabusque</span> 
     </span>
    </p>
   </div>
   <div class='ocr_carea' id='block_1_14' title="bbox 432 1232 2078 1290">
    <p class='ocr_par' dir='ltr' id='par_1_14' title="bbox 432 1232 2078 1290">
     <span class='ocr_line' id='line_1_14' title="bbox 432 1232 2078 1290; baseline 0.002 -5"><span class='ocrx_word' id='word_1_75' title='bbox 432 1232 645 1286; x_wconf 89' lang='lat' dir='ltr'>bonam</span> <span class='ocrx_word' id='word_1_76' title='bbox 676 1247 743 1286; x_wconf 89' lang='lat' dir='ltr'>ex</span> <span class='ocrx_word' id='word_1_77' title='bbox 776 1247 1046 1287; x_wconf 89' lang='lat' dir='ltr'>sermone</span> <span class='ocrx_word' id='word_1_78' title='bbox 1092 1238 1147 1287; x_wconf 90' lang='lat' dir='ltr'>et</span> <span class='ocrx_word' id='word_1_79' title='bbox 1195 1234 1460 1289; x_wconf 86' lang='lat' dir='ltr'>doctrina</span> <span class='ocrx_word' id='word_1_80' title='bbox 1507 1234 1912 1290; x_wconf 85' lang='lat' dir='ltr'>habitudinem</span> <span class='ocrx_word' id='word_1_81' title='bbox 1942 1234 2078 1290; x_wconf 78' lang='lat' dir='ltr'>affe-</span> 
     </span>
    </p>
   </div>
   <div class='ocr_carea' id='block_1_15' title="bbox 434 1318 2078 1394">
    <p class='ocr_par' dir='ltr' id='par_1_15' title="bbox 434 1318 2078 1394">
     <span class='ocr_line' id='line_1_15' title="bbox 434 1318 2078 1394; baseline 0.002 -20"><span class='ocrx_word' id='word_1_82' title='bbox 434 1336 590 1375; x_wconf 89' lang='lat' dir='ltr'>rens.</span> <span class='ocrx_word' id='word_1_83' title='bbox 638 1318 751 1373; x_wconf 88' lang='lat' dir='ltr'>Alii</span> <span class='ocrx_word' id='word_1_84' title='bbox 798 1320 954 1375; x_wconf 89' lang='lat' dir='ltr'>enim</span> <span class='ocrx_word' id='word_1_85' title='bbox 992 1321 1273 1377; x_wconf 90' lang='lat' dir='ltr'>orationis</span> <span class='ocrx_word' id='word_1_86' title='bbox 1330 1322 1614 1379; x_wconf 89' lang='lat' dir='ltr'>lenocinio</span> <span class='ocrx_word' id='word_1_87' title='bbox 1665 1323 2078 1394; x_wconf 87' lang='lat' dir='ltr'>capiebantur;</span> 
     </span>
    </p>
   </div>
   <div class='ocr_carea' id='block_1_16' title="bbox 435 1407 2080 1482">
    <p class='ocr_par' dir='ltr' id='par_1_16' title="bbox 435 1407 2080 1482">
     <span class='ocr_line' id='line_1_16' title="bbox 435 1407 2080 1482; baseline 0.002 -19"><span class='ocrx_word' id='word_1_88' title='bbox 435 1407 533 1463; x_wconf 88' lang='lat' dir='ltr'>alii</span> <span class='ocrx_word' id='word_1_89' title='bbox 565 1414 896 1463; x_wconf 83' lang='lat' dir='ltr'>accuratam</span> <span class='ocrx_word' id='word_1_90' title='bbox 921 1414 977 1465; x_wconf 92' lang='lat' dir='ltr'>et</span> <span class='ocrx_word' id='word_1_91' title='bbox 1005 1415 1264 1465; x_wconf 83' lang='lat' dir='ltr'>exactam</span> <span class='ocrx_word' id='word_1_92' title='bbox 1305 1412 1643 1482; x_wconf 89' lang='lat' dir='ltr'>dogmatum</span> <span class='ocrx_word' id='word_1_93' title='bbox 1674 1412 2080 1467; x_wconf 86' lang='lat' dir='ltr'>tractationem</span> 
     </span>
    </p>
   </div>
   <div class='ocr_carea' id='block_1_17' title="bbox 433 1496 2081 1567">
    <p class='ocr_par' dir='ltr' id='par_1_17' title="bbox 433 1496 2081 1567">
     <span class='ocr_line' id='line_1_17' title="bbox 433 1496 2081 1567; baseline 0.004 -18"><span class='ocrx_word' id='word_1_94' title='bbox 433 1496 969 1567; x_wconf 89' lang='lat' dir='ltr'>amplectebantur;</span> <span class='ocrx_word' id='word_1_95' title='bbox 1003 1496 1123 1567; x_wconf 88' lang='lat' dir='ltr'>alii,</span> <span class='ocrx_word' id='word_1_96' title='bbox 1154 1498 1265 1553; x_wconf 91' lang='lat' dir='ltr'>viri</span> <span class='ocrx_word' id='word_1_97' title='bbox 1313 1498 1612 1556; x_wconf 88' lang='lat' dir='ltr'>laboribus</span> <span class='ocrx_word' id='word_1_98' title='bbox 1651 1517 1717 1556; x_wconf 89' lang='lat' dir='ltr'>ac</span> <span class='ocrx_word' id='word_1_99' title='bbox 1761 1500 2081 1557; x_wconf 64' lang='lat' dir='ltr'>tolerantiae</span> 
     </span>
    </p>
   </div>
   <div class='ocr_carea' id='block_1_18' title="bbox 434 1584 2082 1652">
    <p class='ocr_par' dir='ltr' id='par_1_18' title="bbox 434 1584 2082 1652">
     <span class='ocr_line' id='line_1_18' title="bbox 434 1584 2082 1652; baseline 0.003 -13"><span class='ocrx_word' id='word_1_100' title='bbox 434 1585 744 1652; x_wconf 88' lang='lat' dir='ltr'>cedebant;</span> <span class='ocrx_word' id='word_1_101' title='bbox 805 1584 903 1639; x_wconf 89' lang='lat' dir='ltr'>alii</span> <span class='ocrx_word' id='word_1_102' title='bbox 953 1588 1464 1643; x_wconf 88' lang='lat' dir='ltr'>mansuetudinem</span> <span class='ocrx_word' id='word_1_103' title='bbox 1496 1589 1855 1645; x_wconf 84' lang='lat' dir='ltr'>venerationi</span> <span class='ocrx_word' id='word_1_104' title='bbox 1905 1589 2082 1645; x_wconf 83' lang='lat' dir='ltr'>habe-</span> 
     </span>
    </p>
   </div>
   <div class='ocr_carea' id='block_1_19' title="bbox 434 1674 2083 1750">
    <p class='ocr_par' dir='ltr' id='par_1_19' title="bbox 434 1674 2083 1750">
     <span class='ocr_line' id='line_1_19' title="bbox 434 1674 2083 1750; baseline 0.004 -22"><span class='ocrx_word' id='word_1_105' title='bbox 434 1675 605 1741; x_wconf 90' lang='lat' dir='ltr'>bant;</span> <span class='ocrx_word' id='word_1_106' title='bbox 639 1674 737 1728; x_wconf 88' lang='lat' dir='ltr'>alii</span> <span class='ocrx_word' id='word_1_107' title='bbox 768 1674 840 1729; x_wconf 93' lang='lat' dir='ltr'>ob</span> <span class='ocrx_word' id='word_1_108' title='bbox 880 1674 1207 1745; x_wconf 89' lang='lat' dir='ltr'>simplicem</span> <span class='ocrx_word' id='word_1_109' title='bbox 1257 1680 1313 1731; x_wconf 89' lang='lat' dir='ltr'>et</span> <span class='ocrx_word' id='word_1_110' title='bbox 1354 1676 1767 1747; x_wconf 87' lang='lat' dir='ltr'>inexquisitam</span> <span class='ocrx_word' id='word_1_111' title='bbox 1822 1677 2083 1750; x_wconf 89' lang='lat' dir='ltr'>philoso-</span> 
     </span>
    </p>
   </div>
   <div class='ocr_carea' id='block_1_20' title="bbox 436 1761 2083 1839">
    <p class='ocr_par' dir='ltr' id='par_1_20' title="bbox 436 1761 2083 1839">
     <span class='ocr_line' id='line_1_20' title="bbox 436 1761 2083 1839; baseline 0.004 -24"><span class='ocrx_word' id='word_1_112' title='bbox 436 1761 786 1833; x_wconf 87' lang='lat' dir='ltr'>phicamque</span> <span class='ocrx_word' id='word_1_113' title='bbox 802 1761 928 1817; x_wconf 57' lang='lat' dir='ltr'>vitae</span> <span class='ocrx_word' id='word_1_114' title='bbox 950 1763 1235 1820; x_wconf 88' lang='lat' dir='ltr'>rationem</span> <span class='ocrx_word' id='word_1_115' title='bbox 1260 1766 1476 1820; x_wconf 85' lang='lat' dir='ltr'>arctius</span> <span class='ocrx_word' id='word_1_116' title='bbox 1506 1766 1618 1838; x_wconf 91' lang='lat' dir='ltr'>ipsi</span> <span class='ocrx_word' id='word_1_117' title='bbox 1649 1769 2083 1839; x_wconf 83' lang='lat' dir='ltr'>conjungeban-</span> 
     </span>
    </p>
   </div>
   <div class='ocr_carea' id='block_1_21' title="bbox 432 1849 2086 1927">
    <p class='ocr_par' dir='ltr' id='par_1_21' title="bbox 432 1849 2086 1927">
     <span class='ocr_line' id='line_1_21' title="bbox 432 1849 2086 1927; baseline 0.005 -24"><span class='ocrx_word' id='word_1_118' title='bbox 432 1853 559 1915; x_wconf 90' lang='lat' dir='ltr'>tur;</span> <span class='ocrx_word' id='word_1_119' title='bbox 595 1849 714 1915; x_wconf 89' lang='lat' dir='ltr'>alii,</span> <span class='ocrx_word' id='word_1_120' title='bbox 739 1852 892 1922; x_wconf 91' lang='lat' dir='ltr'>quod</span> <span class='ocrx_word' id='word_1_121' title='bbox 925 1852 1117 1923; x_wconf 89' lang='lat' dir='ltr'>ipsum</span> <span class='ocrx_word' id='word_1_122' title='bbox 1145 1853 1508 1923; x_wconf 88' lang='lat' dir='ltr'>accivissent,</span> <span class='ocrx_word' id='word_1_123' title='bbox 1530 1854 1690 1911; x_wconf 88' lang='lat' dir='ltr'>velut</span> <span class='ocrx_word' id='word_1_124' title='bbox 1720 1857 1975 1927; x_wconf 66' lang='lat' dir='ltr'>praedam</span> <span class='ocrx_word' id='word_1_125' title='bbox 2005 1859 2086 1912; x_wconf 91' lang='lat' dir='ltr'>te-</span> 
     </span>
    </p>
   </div>
   <div class='ocr_carea' id='block_1_22' title="bbox 438 1940 2084 2009">
    <p class='ocr_par' dir='ltr' id='par_1_22' title="bbox 438 1940 2084 2009">
     <span class='ocr_line' id='line_1_22' title="bbox 438 1940 2084 2009; baseline 0.004 -16"><span class='ocrx_word' id='word_1_126' title='bbox 438 1942 663 2009; x_wconf 80' lang='lat' dir='ltr'>nentes,</span> <span class='ocrx_word' id='word_1_127' title='bbox 699 1940 1095 2008; x_wconf 86' lang='lat' dir='ltr'>confovebant,</span> <span class='ocrx_word' id='word_1_128' title='bbox 1130 1958 1303 1997; x_wconf 91' lang='lat' dir='ltr'>suum</span> <span class='ocrx_word' id='word_1_129' title='bbox 1345 1944 1403 1997; x_wconf 87' lang='lat' dir='ltr'>in</span> <span class='ocrx_word' id='word_1_130' title='bbox 1437 1959 1503 1999; x_wconf 91' lang='lat' dir='ltr'>eo</span> <span class='ocrx_word' id='word_1_131' title='bbox 1534 1944 1822 1999; x_wconf 90' lang='lat' dir='ltr'>calculum</span> <span class='ocrx_word' id='word_1_132' title='bbox 1855 1948 2084 2000; x_wconf 85' lang='lat' dir='ltr'>tuentes</span> 
     </span>
    </p>
   </div>
   <div class='ocr_carea' id='block_1_23' title="bbox 436 2029 2086 2105">
    <p class='ocr_par' dir='ltr' id='par_1_23' title="bbox 436 2029 2086 2105">
     <span class='ocr_line' id='line_1_23' title="bbox 436 2029 2086 2105; baseline 0.004 -24"><span class='ocrx_word' id='word_1_133' title='bbox 436 2043 504 2081; x_wconf 92' lang='lat' dir='ltr'>ac</span> <span class='ocrx_word' id='word_1_134' title='bbox 536 2029 907 2083; x_wconf 81' lang='lat' dir='ltr'>sententiam.</span> <span class='ocrx_word' id='word_1_135' title='bbox 944 2030 1003 2083; x_wconf 92' lang='lat' dir='ltr'>ln</span> <span class='ocrx_word' id='word_1_136' title='bbox 1042 2030 1148 2084; x_wconf 92' lang='lat' dir='ltr'>boc</span> <span class='ocrx_word' id='word_1_137' title='bbox 1191 2047 1360 2102; x_wconf 90' lang='lat' dir='ltr'>porro</span> <span class='ocrx_word' id='word_1_138' title='bbox 1391 2031 1608 2088; x_wconf 89' lang='lat' dir='ltr'>clarius</span> <span class='ocrx_word' id='word_1_139' title='bbox 1638 2032 1869 2089; x_wconf 88' lang='lat' dir='ltr'>lucebat</span> <span class='ocrx_word' id='word_1_140' title='bbox 1898 2033 2086 2105; x_wconf 89' lang='lat' dir='ltr'>ipsius</span> 
     </span>
    </p>
   </div>
   <div class='ocr_carea' id='block_1_24' title="bbox 438 2114 2087 2192">
    <p class='ocr_par' dir='ltr' id='par_1_24' title="bbox 438 2114 2087 2192">
     <span class='ocr_line' id='line_1_24' title="bbox 438 2114 2087 2192; baseline 0.005 -22"><span class='ocrx_word' id='word_1_141' title='bbox 438 2114 677 2171; x_wconf 89' lang='lat' dir='ltr'>solertia</span> <span class='ocrx_word' id='word_1_142' title='bbox 708 2117 1007 2188; x_wconf 89' lang='lat' dir='ltr'>animique</span> <span class='ocrx_word' id='word_1_143' title='bbox 1051 2119 1426 2190; x_wconf 83' lang='lat' dir='ltr'>perspicacia,</span> <span class='ocrx_word' id='word_1_144' title='bbox 1453 2122 1607 2192; x_wconf 91' lang='lat' dir='ltr'>quod</span> <span class='ocrx_word' id='word_1_145' title='bbox 1657 2139 1770 2178; x_wconf 90' lang='lat' dir='ltr'>nou</span> <span class='ocrx_word' id='word_1_146' title='bbox 1812 2122 2087 2178; x_wconf 89' lang='lat' dir='ltr'>omnibus</span> 
     </span>
    </p>
   </div>
   <div class='ocr_carea' id='block_1_25' title="bbox 443 2204 2086 2282">
    <p class='ocr_par' dir='ltr' id='par_1_25' title="bbox 443 2204 2086 2282">
     <span class='ocr_line' id='line_1_25' title="bbox 443 2204 2086 2282; baseline 0.004 -21"><span class='ocrx_word' id='word_1_147' title='bbox 443 2204 643 2261; x_wconf 89' lang='lat' dir='ltr'>omnia</span> <span class='ocrx_word' id='word_1_148' title='bbox 678 2206 1101 2274; x_wconf 88' lang='lat' dir='ltr'>committebat,</span> <span class='ocrx_word' id='word_1_149' title='bbox 1146 2224 1350 2263; x_wconf 89' lang='lat' dir='ltr'>verum</span> <span class='ocrx_word' id='word_1_150' title='bbox 1397 2210 1863 2282; x_wconf 87' lang='lat' dir='ltr'>uniuscujusque</span> <span class='ocrx_word' id='word_1_151' title='bbox 1910 2212 2086 2277; x_wconf 90' lang='lat' dir='ltr'>vires,</span> 
     </span>
    </p>
   </div>
   <div class='ocr_carea' id='block_1_26' title="bbox 441 2295 2087 2371">
    <p class='ocr_par' dir='ltr' id='par_1_26' title="bbox 441 2295 2087 2371">
     <span class='ocr_line' id='line_1_26' title="bbox 441 2295 2087 2371; baseline 0.005 -25"><span class='ocrx_word' id='word_1_152' title='bbox 441 2308 554 2347; x_wconf 86' lang='lat' dir='ltr'>non</span> <span class='ocrx_word' id='word_1_153' title='bbox 580 2309 748 2348; x_wconf 88' lang='lat' dir='ltr'>secus</span> <span class='ocrx_word' id='word_1_154' title='bbox 769 2309 831 2349; x_wconf 91' lang='lat' dir='ltr'>ac</span> <span class='ocrx_word' id='word_1_155' title='bbox 855 2295 1378 2366; x_wconf 69' lang='lat' dir='ltr'>praestantissimus</span> <span class='ocrx_word' id='word_1_156' title='bbox 1401 2298 1663 2354; x_wconf 91' lang='lat' dir='ltr'>medicus</span> <span class='ocrx_word' id='word_1_157' title='bbox 1683 2300 2087 2371; x_wconf 65' lang='lat' dir='ltr'>aagrotantium</span> 
     </span>
    </p>
   </div>
   <div class='ocr_carea' id='block_1_27' title="bbox 440 2380 2090 2460">
    <p class='ocr_par' dir='ltr' id='par_1_27' title="bbox 440 2380 2090 2460">
     <span class='ocr_line' id='line_1_27' title="bbox 440 2380 2090 2460; baseline 0.005 -25"><span class='ocrx_word' id='word_1_158' title='bbox 440 2380 869 2449; x_wconf 88' lang='lat' dir='ltr'>habitudinem,</span> <span class='ocrx_word' id='word_1_159' title='bbox 929 2382 1283 2454; x_wconf 79' lang='lat' dir='ltr'>explorabat,</span> <span class='ocrx_word' id='word_1_160' title='bbox 1339 2391 1753 2459; x_wconf 85' lang='lat' dir='ltr'>congruentem</span> <span class='ocrx_word' id='word_1_161' title='bbox 1802 2389 2090 2460; x_wconf 88' lang='lat' dir='ltr'>cujusque</span> 
     </span>
    </p>
   </div>
   <div class='ocr_carea' id='block_1_28' title="bbox 443 2471 2091 2548">
    <p class='ocr_par' dir='ltr' id='par_1_28' title="bbox 443 2471 2091 2548">
     <span class='ocr_line' id='line_1_28' title="bbox 443 2471 2091 2548; baseline 0.005 -24"><span class='ocrx_word' id='word_1_162' title='bbox 443 2471 646 2526; x_wconf 89' lang='lat' dir='ltr'>morbo</span> <span class='ocrx_word' id='word_1_163' title='bbox 699 2472 1047 2527; x_wconf 89' lang='lat' dir='ltr'>medicinam</span> <span class='ocrx_word' id='word_1_164' title='bbox 1099 2475 1476 2546; x_wconf 87' lang='lat' dir='ltr'>distribuens,</span> <span class='ocrx_word' id='word_1_165' title='bbox 1512 2493 1759 2548; x_wconf 90' lang='lat' dir='ltr'>eamque</span> <span class='ocrx_word' id='word_1_166' title='bbox 1805 2478 2091 2533; x_wconf 90' lang='lat' dir='ltr'>rationem</span> 
     </span>
    </p>
   </div>
   <div class='ocr_carea' id='block_1_29' title="bbox 442 2562 2090 2638">
    <p class='ocr_par' dir='ltr' id='par_1_29' title="bbox 442 2562 2090 2638">
     <span class='ocr_line' id='line_1_29' title="bbox 442 2562 2090 2638; baseline 0.006 -26"><span class='ocrx_word' id='word_1_167' title='bbox 442 2562 672 2624; x_wconf 88' lang='lat' dir='ltr'>tenens,</span> <span class='ocrx_word' id='word_1_168' title='bbox 706 2564 769 2614; x_wconf 90' lang='lat' dir='ltr'>ut</span> <span class='ocrx_word' id='word_1_169' title='bbox 797 2577 901 2616; x_wconf 87' lang='lat' dir='ltr'>nec</span> <span class='ocrx_word' id='word_1_170' title='bbox 934 2562 1193 2631; x_wconf 83' lang='lat' dir='ltr'>profanis</span> <span class='ocrx_word' id='word_1_171' title='bbox 1223 2568 1323 2618; x_wconf 85' lang='lat' dir='ltr'>aut</span> <span class='ocrx_word' id='word_1_172' title='bbox 1353 2563 1604 2619; x_wconf 81' lang='lat' dir='ltr'>infirmis</span> <span class='ocrx_word' id='word_1_173' title='bbox 1637 2566 1879 2622; x_wconf 90' lang='lat' dir='ltr'>auribus</span> <span class='ocrx_word' id='word_1_174' title='bbox 1908 2568 2090 2638; x_wconf 84' lang='lat' dir='ltr'>perfe-</span> 
     </span>
    </p>
   </div>
   <div class='ocr_carea' id='block_1_30' title="bbox 441 2646 2091 2726">
    <p class='ocr_par' dir='ltr' id='par_1_30' title="bbox 441 2646 2091 2726">
     <span class='ocr_line' id='line_1_30' title="bbox 441 2646 2091 2726; baseline 0.005 -25"><span class='ocrx_word' id='word_1_175' title='bbox 441 2646 705 2702; x_wconf 86' lang='lat' dir='ltr'>ctissima</span> <span class='ocrx_word' id='word_1_176' title='bbox 736 2651 1015 2719; x_wconf 86' lang='lat' dir='ltr'>mysteria</span> <span class='ocrx_word' id='word_1_177' title='bbox 1062 2652 1453 2713; x_wconf 77' lang='lat' dir='ltr'>concrederet,</span> <span class='ocrx_word' id='word_1_178' title='bbox 1480 2669 1581 2709; x_wconf 89' lang='lat' dir='ltr'>nec</span> <span class='ocrx_word' id='word_1_179' title='bbox 1614 2654 1880 2724; x_wconf 87' lang='lat' dir='ltr'>perfectis</span> <span class='ocrx_word' id='word_1_180' title='bbox 1915 2654 2091 2726; x_wconf 90' lang='lat' dir='ltr'>quid-</span> 
     </span>
    </p>
   </div>
   <div class='ocr_carea' id='block_1_31' title="bbox 442 2736 2098 2813">
    <p class='ocr_par' dir='ltr' id='par_1_31' title="bbox 442 2736 2098 2813">
     <span class='ocr_line' id='line_1_31' title="bbox 442 2736 2098 2813; baseline 0.004 -25"><span class='ocrx_word' id='word_1_181' title='bbox 442 2750 622 2805; x_wconf 91' lang='lat' dir='ltr'>quam</span> <span class='ocrx_word' id='word_1_182' title='bbox 648 2736 944 2792; x_wconf 90' lang='lat' dir='ltr'>occultum</span> <span class='ocrx_word' id='word_1_183' title='bbox 970 2737 1227 2807; x_wconf 88' lang='lat' dir='ltr'>haberet,</span> <span class='ocrx_word' id='word_1_184' title='bbox 1253 2740 1420 2811; x_wconf 90' lang='lat' dir='ltr'>quasi</span> <span class='ocrx_word' id='word_1_185' title='bbox 1451 2741 1715 2813; x_wconf 89' lang='lat' dir='ltr'>ipsorum</span> <span class='ocrx_word' id='word_1_186' title='bbox 1739 2743 1978 2799; x_wconf 89' lang='lat' dir='ltr'>utilitati</span> <span class='ocrx_word' id='word_1_187' title='bbox 2008 2743 2098 2798; x_wconf 87' lang='lat' dir='ltr'>in-</span> 
     </span>
    </p>
   </div>
   <div class='ocr_carea' id='block_1_32' title="bbox 443 2820 2095 2904">
    <p class='ocr_par' dir='ltr' id='par_1_32' title="bbox 443 2820 2095 2904">
     <span class='ocr_line' id='line_1_32' title="bbox 443 2820 2095 2904; baseline 0.008 -30"><span class='ocrx_word' id='word_1_188' title='bbox 443 2820 669 2878; x_wconf 88' lang='lat' dir='ltr'>videns.</span> <span class='ocrx_word' id='word_1_189' title='bbox 699 2821 859 2879; x_wconf 83' lang='lat' dir='ltr'>Alios</span> <span class='ocrx_word' id='word_1_190' title='bbox 891 2824 1119 2894; x_wconf 89' lang='lat' dir='ltr'>publice</span> <span class='ocrx_word' id='word_1_191' title='bbox 1150 2828 1451 2899; x_wconf 86' lang='lat' dir='ltr'>arguebat,</span> <span class='ocrx_word' id='word_1_192' title='bbox 1483 2847 1629 2900; x_wconf 91' lang='lat' dir='ltr'>quos</span> <span class='ocrx_word' id='word_1_193' title='bbox 1660 2830 1942 2887; x_wconf 91' lang='lat' dir='ltr'>nimirum</span> <span class='ocrx_word' id='word_1_194' title='bbox 1968 2849 2095 2904; x_wconf 89' lang='lat' dir='ltr'>pro-</span> 
     </span>
    </p>
   </div>
   <div class='ocr_carea' id='block_1_33' title="bbox 445 2910 2095 2989">
    <p class='ocr_par' dir='ltr' id='par_1_33' title="bbox 445 2910 2095 2989">
     <span class='ocr_line' id='line_1_33' title="bbox 445 2910 2095 2989; baseline 0.008 -25"><span class='ocrx_word' id='word_1_195' title='bbox 445 2910 548 2965; x_wconf 94' lang='lat' dir='ltr'>bro</span> <span class='ocrx_word' id='word_1_196' title='bbox 577 2912 646 2965; x_wconf 90' lang='lat' dir='ltr'>ad</span> <span class='ocrx_word' id='word_1_197' title='bbox 695 2911 1089 2982; x_wconf 81' lang='lat' dir='ltr'>pcenitentiam</span> <span class='ocrx_word' id='word_1_198' title='bbox 1134 2916 1259 2987; x_wconf 88' lang='lat' dir='ltr'>cogi</span> <span class='ocrx_word' id='word_1_199' title='bbox 1308 2934 1456 2989; x_wconf 92' lang='lat' dir='ltr'>opus</span> <span class='ocrx_word' id='word_1_200' title='bbox 1504 2925 1671 2974; x_wconf 88' lang='lat' dir='ltr'>erat:</span> <span class='ocrx_word' id='word_1_201' title='bbox 1708 2919 1839 2975; x_wconf 92' lang='lat' dir='ltr'>aliis</span> <span class='ocrx_word' id='word_1_202' title='bbox 1889 2938 2095 2978; x_wconf 91' lang='lat' dir='ltr'>rursus</span> 
     </span>
    </p>
   </div>
   <div class='ocr_carea' id='block_1_34' title="bbox 446 2999 2092 3080">
    <p class='ocr_par' dir='ltr' id='par_1_34' title="bbox 446 2999 2092 3080">
     <span class='ocr_line' id='line_1_34' title="bbox 446 2999 2092 3080; baseline 0.007 -27"><span class='ocrx_word' id='word_1_203' title='bbox 446 2999 717 3069; x_wconf 89' lang='lat' dir='ltr'>privatim</span> <span class='ocrx_word' id='word_1_204' title='bbox 749 3006 939 3056; x_wconf 87' lang='lat' dir='ltr'>errata</span> <span class='ocrx_word' id='word_1_205' title='bbox 987 3007 1507 3061; x_wconf 86' lang='lat' dir='ltr'>commonstrabat.</span> <span class='ocrx_word' id='word_1_206' title='bbox 1540 3006 1695 3062; x_wconf 86' lang='lat' dir='ltr'>Alios</span> <span class='ocrx_word' id='word_1_207' title='bbox 1724 3009 2092 3080; x_wconf 86' lang='lat' dir='ltr'>objurgabat,</span> 
     </span>
    </p>
   </div>
   <div class='ocr_carea' id='block_1_35' title="bbox 444 3088 2093 3161">
    <p class='ocr_par' dir='ltr' id='par_1_35' title="bbox 444 3088 2093 3161">
     <span class='ocr_line' id='line_1_35' title="bbox 444 3088 2093 3161; baseline 0.007 -19"><span class='ocrx_word' id='word_1_208' title='bbox 444 3104 578 3143; x_wconf 90' lang='lat' dir='ltr'>cum</span> <span class='ocrx_word' id='word_1_209' title='bbox 609 3088 666 3143; x_wconf 89' lang='lat' dir='ltr'>id</span> <span class='ocrx_word' id='word_1_210' title='bbox 696 3104 728 3144; x_wconf 85' lang='grc' dir='ltr'>ο</span> <span class='ocrx_word' id='word_1_211' title='bbox 759 3106 819 3145; x_wconf 90' lang='lat' dir='ltr'>re</span> <span class='ocrx_word' id='word_1_212' title='bbox 849 3089 1111 3161; x_wconf 91' lang='lat' dir='ltr'>ipsorum</span> <span class='ocrx_word' id='word_1_213' title='bbox 1145 3108 1272 3148; x_wconf 89' lang='lat' dir='ltr'>esse</span> <span class='ocrx_word' id='word_1_214' title='bbox 1305 3095 1701 3151; x_wconf 81' lang='lat' dir='ltr'>arbitrabatur</span> <span class='ocrx_word' id='word_1_215' title='bbox 1732 3112 1745 3151; x_wconf 88' lang='lat'>:</span> <span class='ocrx_word' id='word_1_216' title='bbox 1781 3096 1925 3153; x_wconf 91' lang='lat' dir='ltr'>alios</span> <span class='ocrx_word' id='word_1_217' title='bbox 1956 3114 2093 3153; x_wconf 87' lang='lat' dir='ltr'>con-</span> 
     </span>
    </p>
   </div>
   <div class='ocr_carea' id='block_1_36' title="bbox 2188 516 3837 593">
    <p class='ocr_par' dir='ltr' id='par_1_36' title="bbox 2188 516 3837 593">
     <span class='ocr_line' id='line_1_36' title="bbox 2188 516 3837 593; baseline -0.002 -18"><span class='ocrx_word' id='word_1_218' title='bbox 2188 518 2471 593; x_wconf 66' lang='grc' dir='ltr'>δκσμένοςθ</span> <span class='ocrx_word' id='word_1_219' title='bbox 2529 521 2563 589; x_wconf 80' lang='grc' dir='ltr'>ἠ</span> <span class='ocrx_word' id='word_1_220' title='bbox 2624 516 2681 573; x_wconf 75' lang='grc' dir='ltr'>δὲ</span> <span class='ocrx_word' id='word_1_221' title='bbox 2740 517 3039 581; x_wconf 87' lang='grc' dir='ltr'>ἀπόλαυσις</span> <span class='ocrx_word' id='word_1_222' title='bbox 3100 516 3206 593; x_wconf 75' lang='grc' dir='ltr'>οὔχ</span> <span class='ocrx_word' id='word_1_223' title='bbox 3255 516 3441 590; x_wconf 83' lang='grc' dir='ltr'>ὁμοία.</span> <span class='ocrx_word' id='word_1_224' title='bbox 3476 517 3550 572; x_wconf 79' lang='grc' dir='ltr'>Οὐ</span> <span class='ocrx_word' id='word_1_225' title='bbox 3598 517 3703 593; x_wconf 82' lang='grc' dir='ltr'>γὰρ</span> <span class='ocrx_word' id='word_1_226' title='bbox 3760 518 3837 581; x_wconf 83' lang='grc' dir='ltr'>ὡς</span> 
     </span>
    </p>
   </div>
   <div class='ocr_carea' id='block_1_37' title="bbox 2186 604 3838 684">
    <p class='ocr_par' dir='ltr' id='par_1_37' title="bbox 2186 604 3838 684">
     <span class='ocr_line' id='line_1_37' title="bbox 2186 604 3838 684; baseline 0 -21"><span class='ocrx_word' id='word_1_227' title='bbox 2186 608 2428 684; x_wconf 82' lang='grc' dir='ltr'>γεωργὸς</span> <span class='ocrx_word' id='word_1_228' title='bbox 2506 613 2725 683; x_wconf 83' lang='grc' dir='ltr'>μετεῖχε</span> <span class='ocrx_word' id='word_1_229' title='bbox 2796 612 2902 663; x_wconf 90' lang='grc' dir='ltr'>τῶν</span> <span class='ocrx_word' id='word_1_230' title='bbox 2981 608 3348 684; x_wconf 76' lang='grc' dir='ltr'>γεννημάτων,</span> <span class='ocrx_word' id='word_1_231' title='bbox 3418 604 3564 661; x_wconf 83' lang='grc' dir='ltr'>ἀλλά</span> <span class='ocrx_word' id='word_1_232' title='bbox 3635 612 3838 684; x_wconf 84' lang='grc' dir='ltr'>προῖκα</span> 
     </span>
    </p>
   </div>
   <div class='ocr_carea' id='block_1_38' title="bbox 2187 692 3836 773">
    <p class='ocr_par' dir='ltr' id='par_1_38' title="bbox 2187 692 3836 773">
     <span class='ocr_line' id='line_1_38' title="bbox 2187 692 3836 773; baseline -0.02 1"><span class='ocrx_word' id='word_1_233' title='bbox 2187 698 2427 773; x_wconf 79' lang='grc' dir='ltr'>χρηστὸς</span> <span class='ocrx_word' id='word_1_234' title='bbox 2483 700 2571 769; x_wconf 80' lang='grc' dir='ltr'>ἧν,</span> <span class='ocrx_word' id='word_1_235' title='bbox 2603 697 2729 759; x_wconf 80' lang='grc' dir='ltr'>τοὺς</span> <span class='ocrx_word' id='word_1_236' title='bbox 2793 698 2887 769; x_wconf 83' lang='grc' dir='ltr'>μὲν</span> <span class='ocrx_word' id='word_1_237' title='bbox 2934 696 3134 758; x_wconf 81' lang='grc' dir='ltr'>πόνους</span> <span class='ocrx_word' id='word_1_238' title='bbox 3164 692 3673 769; x_wconf 79' lang='grc' dir='ltr'>καταϐαλλόμενος,</span> <span class='ocrx_word' id='word_1_239' title='bbox 3703 694 3836 751; x_wconf 81' lang='grc' dir='ltr'>ἀδά-</span> 
     </span>
    </p>
   </div>
   <div class='ocr_carea' id='block_1_39' title="bbox 2187 784 3838 862">
    <p class='ocr_par' dir='ltr' id='par_1_39' title="bbox 2187 784 3838 862">
     <span class='ocr_line' id='line_1_39' title="bbox 2187 784 3838 862; baseline -0.001 -20"><span class='ocrx_word' id='word_1_240' title='bbox 2187 807 2357 842; x_wconf 86' lang='grc' dir='ltr'>πανον</span> <span class='ocrx_word' id='word_1_241' title='bbox 2407 784 2463 841; x_wconf 73' lang='grc' dir='ltr'>δὲ</span> <span class='ocrx_word' id='word_1_242' title='bbox 2507 787 2570 841; x_wconf 85' lang='grc' dir='ltr'>τὸ</span> <span class='ocrx_word' id='word_1_243' title='bbox 2635 785 2967 862; x_wconf 81' lang='grc' dir='ltr'>Εὐαγγέλιον</span> <span class='ocrx_word' id='word_1_244' title='bbox 3039 786 3212 857; x_wconf 86' lang='grc' dir='ltr'>ἑαυτῷ</span> <span class='ocrx_word' id='word_1_245' title='bbox 3267 784 3459 849; x_wconf 81' lang='grc' dir='ltr'>τιθείς.</span> <span class='ocrx_word' id='word_1_246' title='bbox 3510 786 3665 841; x_wconf 85' lang='grc' dir='ltr'>Ὅθεν</span> <span class='ocrx_word' id='word_1_247' title='bbox 3717 807 3838 841; x_wconf 87' lang='grc' dir='ltr'>συν-</span> 
     </span>
    </p>
   </div>
   <div class='ocr_carea' id='block_1_40' title="bbox 2188 872 3836 951">
    <p class='ocr_par' dir='ltr' id='par_1_40' title="bbox 2188 872 3836 951">
     <span class='ocr_line' id='line_1_40' title="bbox 2188 872 3836 951; baseline 0 -22"><span class='ocrx_word' id='word_1_248' title='bbox 2188 872 2391 930; x_wconf 75' lang='grc' dir='ltr'>έϐαινεν</span> <span class='ocrx_word' id='word_1_249' title='bbox 2422 874 2568 949; x_wconf 81' lang='grc' dir='ltr'>αὐτῷ</span> <span class='ocrx_word' id='word_1_250' title='bbox 2596 873 2764 930; x_wconf 87' lang='grc' dir='ltr'>πλέον</span> <span class='ocrx_word' id='word_1_251' title='bbox 2798 876 3132 951; x_wconf 68' lang='grc' dir='ltr'>στέργεσθαι,</span> <span class='ocrx_word' id='word_1_252' title='bbox 3164 873 3330 930; x_wconf 88' lang='grc' dir='ltr'>πλέον</span> <span class='ocrx_word' id='word_1_253' title='bbox 3381 872 3438 929; x_wconf 85' lang='grc' dir='ltr'>δὲ</span> <span class='ocrx_word' id='word_1_254' title='bbox 3487 877 3836 950; x_wconf 83' lang='grc' dir='ltr'>στεργομένῳ</span> 
     </span>
    </p>
   </div>
   <div class='ocr_carea' id='block_1_41' title="bbox 2192 962 3835 1039">
    <p class='ocr_par' dir='ltr' id='par_1_41' title="bbox 2192 962 3835 1039">
     <span class='ocr_line' id='line_1_41' title="bbox 2192 962 3835 1039; baseline -0.001 -20"><span class='ocrx_word' id='word_1_255' title='bbox 2192 964 2407 1039; x_wconf 80' lang='grc' dir='ltr'>μᾶλλον</span> <span class='ocrx_word' id='word_1_256' title='bbox 2448 964 2751 1032; x_wconf 76' lang='grc' dir='ltr'>ἀκούεσθαι,</span> <span class='ocrx_word' id='word_1_257' title='bbox 2784 965 2872 1018; x_wconf 80' lang='grc' dir='ltr'>καὶ</span> <span class='ocrx_word' id='word_1_258' title='bbox 2920 969 2998 1036; x_wconf 79' lang='grc' dir='ltr'>τῷ</span> <span class='ocrx_word' id='word_1_259' title='bbox 3048 965 3166 1037; x_wconf 86' lang='grc' dir='ltr'>Θεῷ</span> <span class='ocrx_word' id='word_1_260' title='bbox 3213 963 3504 1039; x_wconf 76' lang='grc' dir='ltr'>προσάγειν</span> <span class='ocrx_word' id='word_1_261' title='bbox 3555 962 3835 1032; x_wconf 81' lang='grc' dir='ltr'>πλείονας,</span> 
     </span>
    </p>
   </div>
   <div class='ocr_carea' id='block_1_42' title="bbox 2189 1051 3839 1126">
    <p class='ocr_par' dir='ltr' id='par_1_42' title="bbox 2189 1051 3839 1126">
     <span class='ocr_line' id='line_1_42' title="bbox 2189 1051 3839 1126; baseline -0.002 -17"><span class='ocrx_word' id='word_1_262' title='bbox 2189 1054 2250 1109; x_wconf 70' lang='grc' dir='ltr'>οὗ</span> <span class='ocrx_word' id='word_1_263' title='bbox 2281 1055 2438 1126; x_wconf 79' lang='grc' dir='ltr'>θυμῷ</span> <span class='ocrx_word' id='word_1_264' title='bbox 2466 1052 2789 1125; x_wconf 85' lang='grc' dir='ltr'>πλήσσοντι,</span> <span class='ocrx_word' id='word_1_265' title='bbox 2823 1051 2948 1108; x_wconf 86' lang='grc' dir='ltr'>ἀλλ’</span> <span class='ocrx_word' id='word_1_266' title='bbox 2978 1052 3237 1123; x_wconf 73' lang='grc' dir='ltr'>ἐπιεικείᾳ</span> <span class='ocrx_word' id='word_1_267' title='bbox 3254 1054 3353 1121; x_wconf 82' lang='grc' dir='ltr'>τὴν</span> <span class='ocrx_word' id='word_1_268' title='bbox 3385 1052 3645 1126; x_wconf 83' lang='grc' dir='ltr'>ἀμάθειαν</span> <span class='ocrx_word' id='word_1_269' title='bbox 3678 1052 3839 1126; x_wconf 78' lang='grc' dir='ltr'>ἐκμο-</span> 
     </span>
    </p>
   </div>
   <div class='ocr_carea' id='block_1_43' title="bbox 2189 1139 3838 1218">
    <p class='ocr_par' dir='ltr' id='par_1_43' title="bbox 2189 1139 3838 1218">
     <span class='ocr_line' id='line_1_43' title="bbox 2189 1139 3838 1218; baseline -0.001 -22"><span class='ocrx_word' id='word_1_270' title='bbox 2189 1141 2468 1218; x_wconf 84' lang='grc' dir='ltr'>χλεύοντι,</span> <span class='ocrx_word' id='word_1_271' title='bbox 2500 1142 2590 1196; x_wconf 78' lang='grc' dir='ltr'>καὶ</span> <span class='ocrx_word' id='word_1_272' title='bbox 2623 1142 2819 1211; x_wconf 80' lang='grc' dir='ltr'>εὐεξίαν</span> <span class='ocrx_word' id='word_1_273' title='bbox 2851 1146 2968 1203; x_wconf 84' lang='grc' dir='ltr'>ταῖς</span> <span class='ocrx_word' id='word_1_274' title='bbox 3002 1146 3204 1217; x_wconf 83' lang='grc' dir='ltr'>ψυχαῖς</span> <span class='ocrx_word' id='word_1_275' title='bbox 3238 1141 3557 1213; x_wconf 77' lang='grc' dir='ltr'>ἐμποιοῦντι</span> <span class='ocrx_word' id='word_1_276' title='bbox 3608 1139 3696 1195; x_wconf 80' lang='grc' dir='ltr'>διὰ</span> <span class='ocrx_word' id='word_1_277' title='bbox 3738 1146 3838 1197; x_wconf 75' lang='grc' dir='ltr'>τοῦ</span> 
     </span>
    </p>
   </div>
   <div class='ocr_carea' id='block_1_44' title="bbox 2190 1228 3832 1308">
    <p class='ocr_par' dir='ltr' id='par_1_44' title="bbox 2190 1228 3832 1308">
     <span class='ocr_line' id='line_1_44' title="bbox 2190 1228 3832 1308; baseline -0.002 -21"><span class='ocrx_word' id='word_1_278' title='bbox 2190 1230 2377 1308; x_wconf 82' lang='grc' dir='ltr'>λόγου.</span> <span class='ocrx_word' id='word_1_279' title='bbox 2410 1232 2472 1286; x_wconf 74' lang='lat' dir='ltr'>Ol.</span> <span class='ocrx_word' id='word_1_280' title='bbox 2508 1232 2601 1304; x_wconf 79' lang='grc' dir='ltr'>μὲν</span> <span class='ocrx_word' id='word_1_281' title='bbox 2632 1232 2732 1307; x_wconf 74' lang='grc' dir='ltr'>γὰρ</span> <span class='ocrx_word' id='word_1_282' title='bbox 2757 1235 2824 1303; x_wconf 81' lang='grc' dir='ltr'>τῇ</span> <span class='ocrx_word' id='word_1_283' title='bbox 2856 1230 3157 1304; x_wconf 79' lang='grc' dir='ltr'>γλυκύτητι</span> <span class='ocrx_word' id='word_1_284' title='bbox 3187 1235 3285 1286; x_wconf 76' lang='grc' dir='ltr'>τοῦ</span> <span class='ocrx_word' id='word_1_285' title='bbox 3317 1229 3488 1305; x_wconf 82' lang='grc' dir='ltr'>λόγου</span> <span class='ocrx_word' id='word_1_286' title='bbox 3514 1228 3832 1299; x_wconf 81' lang='grc' dir='ltr'>ἡλίσκοντο,</span> 
     </span>
    </p>
   </div>
   <div class='ocr_carea' id='block_1_45' title="bbox 2190 1314 3839 1394">
    <p class='ocr_par' dir='ltr' id='par_1_45' title="bbox 2190 1314 3839 1394">
     <span class='ocr_line' id='line_1_45' title="bbox 2190 1314 3839 1394; baseline -0.002 -18"><span class='ocrx_word' id='word_1_287' title='bbox 2190 1322 2243 1376; x_wconf 80' lang='lat' dir='ltr'>ol</span> <span class='ocrx_word' id='word_1_288' title='bbox 2276 1318 2333 1375; x_wconf 74' lang='grc' dir='ltr'>δὲ</span> <span class='ocrx_word' id='word_1_289' title='bbox 2361 1322 2673 1390; x_wconf 82' lang='grc' dir='ltr'>ἠσπάζοντο</span> <span class='ocrx_word' id='word_1_290' title='bbox 2702 1324 2811 1374; x_wconf 90' lang='grc' dir='ltr'>τῶν</span> <span class='ocrx_word' id='word_1_291' title='bbox 2843 1317 3132 1394; x_wconf 80' lang='grc' dir='ltr'>δογμάτων</span> <span class='ocrx_word' id='word_1_292' title='bbox 3163 1320 3224 1374; x_wconf 87' lang='grc' dir='ltr'>τὸ</span> <span class='ocrx_word' id='word_1_293' title='bbox 3253 1314 3492 1394; x_wconf 76' lang='grc' dir='ltr'>ἀκριϐές·</span> <span class='ocrx_word' id='word_1_294' title='bbox 3529 1318 3691 1374; x_wconf 81' lang='grc' dir='ltr'>ἄλλοι</span> <span class='ocrx_word' id='word_1_295' title='bbox 3719 1325 3839 1379; x_wconf 83' lang='grc' dir='ltr'>τοῖς</span> 
     </span>
    </p>
   </div>
   <div class='ocr_carea' id='block_1_46' title="bbox 2188 1404 3836 1483">
    <p class='ocr_par' dir='ltr' id='par_1_46' title="bbox 2188 1404 3836 1483">
     <span class='ocr_line' id='line_1_46' title="bbox 2188 1404 3836 1483; baseline -0.002 -19"><span class='ocrx_word' id='word_1_296' title='bbox 2188 1409 2376 1470; x_wconf 84' lang='grc' dir='ltr'>πόνοις</span> <span class='ocrx_word' id='word_1_297' title='bbox 2417 1413 2515 1465; x_wconf 77' lang='grc' dir='ltr'>τοῦ</span> <span class='ocrx_word' id='word_1_298' title='bbox 2565 1406 2757 1483; x_wconf 84' lang='grc' dir='ltr'>ἀνδρὸς</span> <span class='ocrx_word' id='word_1_299' title='bbox 2801 1408 2891 1463; x_wconf 87' lang='grc' dir='ltr'>καὶ</span> <span class='ocrx_word' id='word_1_300' title='bbox 2933 1412 3000 1481; x_wconf 81' lang='grc' dir='ltr'>τῇ</span> <span class='ocrx_word' id='word_1_301' title='bbox 3059 1407 3318 1483; x_wconf 82' lang='grc' dir='ltr'>καρτερίᾳ</span> <span class='ocrx_word' id='word_1_302' title='bbox 3362 1408 3687 1462; x_wconf 84' lang='grc' dir='ltr'>ὑπέκυπτον’</span> <span class='ocrx_word' id='word_1_303' title='bbox 3720 1404 3836 1462; x_wconf 74' lang='grc' dir='ltr'>ἓτε-</span> 
     </span>
    </p>
   </div>
   <div class='ocr_carea' id='block_1_47' title="bbox 2192 1494 3838 1575">
    <p class='ocr_par' dir='ltr' id='par_1_47' title="bbox 2192 1494 3838 1575">
     <span class='ocr_line' id='line_1_47' title="bbox 2192 1494 3838 1575; baseline -0.001 -22"><span class='ocrx_word' id='word_1_304' title='bbox 2192 1519 2277 1575; x_wconf 93' lang='grc' dir='ltr'>ροι</span> <span class='ocrx_word' id='word_1_305' title='bbox 2325 1495 2382 1553; x_wconf 73' lang='grc' dir='ltr'>δὲ</span> <span class='ocrx_word' id='word_1_306' title='bbox 2427 1500 2488 1553; x_wconf 87' lang='grc' dir='ltr'>τὸ</span> <span class='ocrx_word' id='word_1_307' title='bbox 2534 1501 2705 1573; x_wconf 80' lang='grc' dir='ltr'>πρᾷον</span> <span class='ocrx_word' id='word_1_308' title='bbox 2750 1496 2915 1551; x_wconf 77' lang='grc' dir='ltr'>αὐτοῦ</span> <span class='ocrx_word' id='word_1_309' title='bbox 2964 1494 3035 1550; x_wconf 81' lang='grc' dir='ltr'>δι’</span> <span class='ocrx_word' id='word_1_310' title='bbox 3072 1494 3259 1558; x_wconf 77' lang='grc' dir='ltr'>αἰδοῦς</span> <span class='ocrx_word' id='word_1_311' title='bbox 3316 1496 3491 1572; x_wconf 72' lang='grc' dir='ltr'>εἴχοψ</span> <span class='ocrx_word' id='word_1_312' title='bbox 3528 1496 3655 1558; x_wconf 76' lang='grc' dir='ltr'>τοὺς</span> <span class='ocrx_word' id='word_1_313' title='bbox 3688 1494 3747 1551; x_wconf 72' lang='grc' dir='ltr'>δὲ</span> <span class='ocrx_word' id='word_1_314' title='bbox 3774 1498 3838 1551; x_wconf 87' lang='grc' dir='ltr'>τὸ</span> 
     </span>
    </p>
   </div>
   <div class='ocr_carea' id='block_1_48' title="bbox 2188 1583 3841 1662">
    <p class='ocr_par' dir='ltr' id='par_1_48' title="bbox 2188 1583 3841 1662">
     <span class='ocr_line' id='line_1_48' title="bbox 2188 1583 3841 1662; baseline -0.002 -20"><span class='ocrx_word' id='word_1_315' title='bbox 2188 1586 2606 1657; x_wconf 79' lang='grc' dir='ltr'>ἀνεπιτήδευτον</span> <span class='ocrx_word' id='word_1_316' title='bbox 2662 1590 2760 1640; x_wconf 77' lang='grc' dir='ltr'>τοῦ</span> <span class='ocrx_word' id='word_1_317' title='bbox 2815 1583 3011 1661; x_wconf 80' lang='grc' dir='ltr'>ἀνδρὸς</span> <span class='ocrx_word' id='word_1_318' title='bbox 3065 1586 3155 1640; x_wconf 88' lang='grc' dir='ltr'>καὶ</span> <span class='ocrx_word' id='word_1_319' title='bbox 3226 1583 3525 1662; x_wconf 82' lang='grc' dir='ltr'>φιλόσοφον</span> <span class='ocrx_word' id='word_1_320' title='bbox 3602 1593 3841 1655; x_wconf 83' lang='grc' dir='ltr'>συνῆπτε</span> 
     </span>
    </p>
   </div>
   <div class='ocr_carea' id='block_1_49' title="bbox 2190 1672 3840 1748">
    <p class='ocr_par' dir='ltr' id='par_1_49' title="bbox 2190 1672 3840 1748">
     <span class='ocr_line' id='line_1_49' title="bbox 2190 1672 3840 1748; baseline -0.002 -18"><span class='ocrx_word' id='word_1_321' title='bbox 2190 1674 2379 1731; x_wconf 82' lang='grc' dir='ltr'>πλέον’</span> <span class='ocrx_word' id='word_1_322' title='bbox 2414 1676 2467 1729; x_wconf 72' lang='grc' dir='ltr'>οἱ</span> <span class='ocrx_word' id='word_1_323' title='bbox 2516 1672 2592 1746; x_wconf 69' lang='grc' dir='ltr'>δὲ,</span> <span class='ocrx_word' id='word_1_324' title='bbox 2645 1675 2721 1736; x_wconf 88' lang='grc' dir='ltr'>ὡς</span> <span class='ocrx_word' id='word_1_325' title='bbox 2765 1672 3109 1741; x_wconf 69' lang='grc' dir='ltr'>καλέσαντες,</span> <span class='ocrx_word' id='word_1_326' title='bbox 3142 1673 3231 1727; x_wconf 85' lang='grc' dir='ltr'>καὶ</span> <span class='ocrx_word' id='word_1_327' title='bbox 3280 1674 3604 1748; x_wconf 77' lang='grc' dir='ltr'>κατέχοντες</span> <span class='ocrx_word' id='word_1_328' title='bbox 3636 1675 3748 1746; x_wconf 77' lang='grc'>(47)</span> <span class='ocrx_word' id='word_1_329' title='bbox 3777 1674 3840 1727; x_wconf 84' lang='grc' dir='ltr'>τὸ</span> 
     </span>
    </p>
   </div>
   <div class='ocr_carea' id='block_1_50' title="bbox 2191 1760 3836 1838">
    <p class='ocr_par' dir='ltr' id='par_1_50' title="bbox 2191 1760 3836 1838">
     <span class='ocr_line' id='line_1_50' title="bbox 2191 1760 3836 1838; baseline -0.001 -19"><span class='ocrx_word' id='word_1_330' title='bbox 2191 1765 2411 1838; x_wconf 79' lang='grc' dir='ltr'>θήραμα</span> <span class='ocrx_word' id='word_1_331' title='bbox 2459 1762 2721 1829; x_wconf 80' lang='grc' dir='ltr'>ἕθαλπον,</span> <span class='ocrx_word' id='word_1_332' title='bbox 2778 1763 2878 1831; x_wconf 79' lang='grc' dir='ltr'>τήν</span> <span class='ocrx_word' id='word_1_333' title='bbox 2953 1762 3153 1816; x_wconf 91' lang='grc' dir='ltr'>ἑαυτῶν</span> <span class='ocrx_word' id='word_1_334' title='bbox 3222 1760 3563 1833; x_wconf 76' lang='grc' dir='ltr'>περιέποντες</span> <span class='ocrx_word' id='word_1_335' title='bbox 3630 1764 3836 1837; x_wconf 81' lang='grc' dir='ltr'>ψῆφον.</span> 
     </span>
    </p>
   </div>
   <div class='ocr_carea' id='block_1_51' title="bbox 2194 1849 3833 1925">
    <p class='ocr_par' dir='ltr' id='par_1_51' title="bbox 2194 1849 3833 1925">
     <span class='ocr_line' id='line_1_51' title="bbox 2194 1849 3833 1925; baseline -0.003 -18"><span class='ocrx_word' id='word_1_336' title='bbox 2194 1855 2291 1908; x_wconf 80' lang='grc' dir='ltr'>Καὶ</span> <span class='ocrx_word' id='word_1_337' title='bbox 2346 1853 2409 1907; x_wconf 88' lang='grc' dir='ltr'>τὸ</span> <span class='ocrx_word' id='word_1_338' title='bbox 2478 1849 2545 1920; x_wconf 80' lang='grc' dir='ltr'>δὴ</span> <span class='ocrx_word' id='word_1_339' title='bbox 2609 1857 2793 1924; x_wconf 85' lang='grc' dir='ltr'>μεῖζον</span> <span class='ocrx_word' id='word_1_340' title='bbox 2848 1849 3012 1905; x_wconf 78' lang='grc' dir='ltr'>αὐτοῦ</span> <span class='ocrx_word' id='word_1_341' title='bbox 3066 1857 3167 1919; x_wconf 81' lang='grc' dir='ltr'>τῆς</span> <span class='ocrx_word' id='word_1_342' title='bbox 3224 1849 3530 1925; x_wconf 83' lang='grc' dir='ltr'>ἀγχινοίας,</span> <span class='ocrx_word' id='word_1_343' title='bbox 3562 1849 3625 1905; x_wconf 80' lang='grc' dir='ltr'>ού</span> <span class='ocrx_word' id='word_1_344' title='bbox 3674 1856 3833 1904; x_wconf 81' lang='grc' dir='ltr'>πᾶσιν</span> 
     </span>
    </p>
   </div>
   <div class='ocr_carea' id='block_1_52' title="bbox 2193 1935 3843 2011">
    <p class='ocr_par' dir='ltr' id='par_1_52' title="bbox 2193 1935 3843 2011">
     <span class='ocr_line' id='line_1_52' title="bbox 2193 1935 3843 2011; baseline -0.003 -15"><span class='ocrx_word' id='word_1_345' title='bbox 2193 1944 2398 1997; x_wconf 73' lang='grc' dir='ltr'>ἅπαντα</span> <span class='ocrx_word' id='word_1_346' title='bbox 2445 1939 2839 1996; x_wconf 76' lang='grc' dir='ltr'>κατεπίστευενο</span> <span class='ocrx_word' id='word_1_347' title='bbox 2899 1936 3045 1994; x_wconf 82' lang='grc' dir='ltr'>ἀλλὰ</span> <span class='ocrx_word' id='word_1_348' title='bbox 3100 1945 3203 2007; x_wconf 87' lang='grc' dir='ltr'>τῆς</span> <span class='ocrx_word' id='word_1_349' title='bbox 3265 1935 3546 2011; x_wconf 83' lang='grc' dir='ltr'>δυνάμεως</span> <span class='ocrx_word' id='word_1_350' title='bbox 3615 1937 3843 1993; x_wconf 75' lang='grc' dir='ltr'>ἑκάστου</span> 
     </span>
    </p>
   </div>
   <div class='ocr_carea' id='block_1_53' title="bbox 2192 2026 3842 2105">
    <p class='ocr_par' dir='ltr' id='par_1_53' title="bbox 2192 2026 3842 2105">
     <span class='ocr_line' id='line_1_53' title="bbox 2192 2026 3842 2105; baseline -0.002 -20"><span class='ocrx_word' id='word_1_351' title='bbox 2192 2027 2638 2105; x_wconf 79' lang='grc' dir='ltr'>κατεστοχάζετο,</span> <span class='ocrx_word' id='word_1_352' title='bbox 2673 2027 2747 2090; x_wconf 84' lang='grc' dir='ltr'>ὥς</span> <span class='ocrx_word' id='word_1_353' title='bbox 2780 2048 2859 2090; x_wconf 82' lang='grc' dir='ltr'>τις</span> <span class='ocrx_word' id='word_1_354' title='bbox 2909 2026 3125 2101; x_wconf 79' lang='grc' dir='ltr'>ἄριστος</span> <span class='ocrx_word' id='word_1_355' title='bbox 3171 2028 3358 2101; x_wconf 74' lang='grc' dir='ltr'>ἱατρὸς</span> <span class='ocrx_word' id='word_1_356' title='bbox 3398 2034 3499 2097; x_wconf 80' lang='grc' dir='ltr'>τῆς</span> <span class='ocrx_word' id='word_1_357' title='bbox 3548 2031 3657 2082; x_wconf 89' lang='grc' dir='ltr'>τῶν</span> <span class='ocrx_word' id='word_1_358' title='bbox 3701 2047 3842 2098; x_wconf 86' lang='grc' dir='ltr'>καμ-</span> 
     </span>
    </p>
   </div>
   <div class='ocr_carea' id='block_1_54' title="bbox 2193 2112 3845 2194">
    <p class='ocr_par' dir='ltr' id='par_1_54' title="bbox 2193 2112 3845 2194">
     <span class='ocr_line' id='line_1_54' title="bbox 2193 2112 3845 2194; baseline -0.004 -20"><span class='ocrx_word' id='word_1_359' title='bbox 2193 2119 2394 2174; x_wconf 86' lang='grc' dir='ltr'>νόντων</span> <span class='ocrx_word' id='word_1_360' title='bbox 2429 2114 2615 2191; x_wconf 68' lang='grc' dir='ltr'>ἕξεως,</span> <span class='ocrx_word' id='word_1_361' title='bbox 2645 2114 2996 2185; x_wconf 87' lang='grc' dir='ltr'>κατάλληλον</span> <span class='ocrx_word' id='word_1_362' title='bbox 3046 2117 3145 2185; x_wconf 73' lang='grc' dir='ltr'>τὴν</span> <span class='ocrx_word' id='word_1_363' title='bbox 3195 2115 3530 2194; x_wconf 78' lang='grc' dir='ltr'>φαρμακείαν</span> <span class='ocrx_word' id='word_1_364' title='bbox 3580 2112 3845 2187; x_wconf 70' lang='grc' dir='ltr'>διανέμων</span> 
     </span>
    </p>
   </div>
   <div class='ocr_carea' id='block_1_55' title="bbox 2196 2199 3843 2279">
    <p class='ocr_par' dir='ltr' id='par_1_55' title="bbox 2196 2199 3843 2279">
     <span class='ocr_line' id='line_1_55' title="bbox 2196 2199 3843 2279; baseline -0.003 -17"><span class='ocrx_word' id='word_1_365' title='bbox 2196 2206 2425 2278; x_wconf 85' lang='grc' dir='ltr'>ἑκάστῳ,</span> <span class='ocrx_word' id='word_1_366' title='bbox 2456 2207 2545 2260; x_wconf 85' lang='grc' dir='ltr'>καὶ</span> <span class='ocrx_word' id='word_1_367' title='bbox 2596 2206 2736 2278; x_wconf 85' lang='grc' dir='ltr'>μήτε</span> <span class='ocrx_word' id='word_1_368' title='bbox 2801 2199 3063 2279; x_wconf 76' lang='grc' dir='ltr'>βεϐήλοις</span> <span class='ocrx_word' id='word_1_369' title='bbox 3105 2205 3141 2273; x_wconf 74' lang='grc' dir='ltr'><strong>ἢ</strong></span> <span class='ocrx_word' id='word_1_370' title='bbox 3191 2203 3461 2267; x_wconf 82' lang='grc' dir='ltr'>ἀσθενέσιν</span> <span class='ocrx_word' id='word_1_371' title='bbox 3505 2203 3695 2265; x_wconf 82' lang='grc' dir='ltr'>ἀκοαῖς</span> <span class='ocrx_word' id='word_1_372' title='bbox 3745 2224 3843 2257; x_wconf 73' lang='grc' dir='ltr'>κα⁹</span> 
     </span>
    </p>
   </div>
   <div class='ocr_carea' id='block_1_56' title="bbox 2194 2290 3846 2367">
    <p class='ocr_par' dir='ltr' id='par_1_56' title="bbox 2194 2290 3846 2367">
     <span class='ocr_line' id='line_1_56' title="bbox 2194 2290 3846 2367; baseline -0.003 -17"><span class='ocrx_word' id='word_1_373' title='bbox 2194 2294 2527 2351; x_wconf 83' lang='grc' dir='ltr'>ταπιστεύων</span> <span class='ocrx_word' id='word_1_374' title='bbox 2584 2298 2683 2349; x_wconf 80' lang='grc' dir='ltr'>τοῦ</span> <span class='ocrx_word' id='word_1_375' title='bbox 2744 2292 3047 2367; x_wconf 87' lang='grc' dir='ltr'>μυστηρίου</span> <span class='ocrx_word' id='word_1_376' title='bbox 3074 2292 3142 2347; x_wconf 81' lang='grc' dir='ltr'>τὰ</span> <span class='ocrx_word' id='word_1_377' title='bbox 3192 2290 3395 2363; x_wconf 83' lang='grc' dir='ltr'>τέλεια,</span> <span class='ocrx_word' id='word_1_378' title='bbox 3432 2294 3571 2365; x_wconf 82' lang='grc' dir='ltr'>μήτε</span> <span class='ocrx_word' id='word_1_379' title='bbox 3608 2296 3713 2346; x_wconf 90' lang='grc' dir='ltr'>τῶν</span> <span class='ocrx_word' id='word_1_380' title='bbox 3761 2313 3846 2346; x_wconf 83' lang='grc' dir='ltr'>τε-</span> 
     </span>
    </p>
   </div>
   <div class='ocr_carea' id='block_1_57' title="bbox 2197 2379 3842 2459">
    <p class='ocr_par' dir='ltr' id='par_1_57' title="bbox 2197 2379 3842 2459">
     <span class='ocr_line' id='line_1_57' title="bbox 2197 2379 3842 2459; baseline -0.005 -19"><span class='ocrx_word' id='word_1_381' title='bbox 2197 2384 2357 2441; x_wconf 87' lang='grc' dir='ltr'>λείων</span> <span class='ocrx_word' id='word_1_382' title='bbox 2390 2381 2598 2459; x_wconf 86' lang='grc' dir='ltr'>ἀνδρῶν</span> <span class='ocrx_word' id='word_1_383' title='bbox 2629 2380 2986 2457; x_wconf 75' lang='grc' dir='ltr'>ἀποκρύπτων</span> <span class='ocrx_word' id='word_1_384' title='bbox 3021 2402 3094 2453; x_wconf 85' lang='grc' dir='ltr'>τι,</span> <span class='ocrx_word' id='word_1_385' title='bbox 3127 2382 3238 2436; x_wconf 79' lang='grc' dir='ltr'>οἷον</span> <span class='ocrx_word' id='word_1_386' title='bbox 3303 2380 3601 2455; x_wconf 87' lang='grc' dir='ltr'>βασκαίνων</span> <span class='ocrx_word' id='word_1_387' title='bbox 3654 2379 3842 2441; x_wconf 80' lang='grc' dir='ltr'>αὐτοῖς</span> 
     </span>
    </p>
   </div>
   <div class='ocr_carea' id='block_1_58' title="bbox 2195 2466 3839 2551">
    <p class='ocr_par' dir='ltr' id='par_1_58' title="bbox 2195 2466 3839 2551">
     <span class='ocr_line' id='line_1_58' title="bbox 2195 2466 3839 2551; baseline -0.004 -22"><span class='ocrx_word' id='word_1_388' title='bbox 2195 2481 2297 2544; x_wconf 82' lang='grc' dir='ltr'>τῆς</span> <span class='ocrx_word' id='word_1_389' title='bbox 2356 2471 2646 2551; x_wconf 82' lang='grc' dir='ltr'>ὠφελείας,</span> <span class='ocrx_word' id='word_1_390' title='bbox 2702 2469 2828 2532; x_wconf 82' lang='grc' dir='ltr'>τοὺς</span> <span class='ocrx_word' id='word_1_391' title='bbox 2908 2471 3002 2543; x_wconf 75' lang='grc' dir='ltr'>μὲν</span> <span class='ocrx_word' id='word_1_392' title='bbox 3081 2467 3290 2546; x_wconf 65' lang='grc' dir='ltr'>ἤλεγχε</span> <span class='ocrx_word' id='word_1_393' title='bbox 3356 2466 3619 2542; x_wconf 85' lang='grc' dir='ltr'>δημοσίᾳ,</span> <span class='ocrx_word' id='word_1_394' title='bbox 3679 2467 3839 2530; x_wconf 77' lang='grc' dir='ltr'>ὅσους</span> 
     </span>
    </p>
   </div>
   <div class='ocr_carea' id='block_1_59' title="bbox 2200 2554 3845 2637">
    <p class='ocr_par' dir='ltr' id='par_1_59' title="bbox 2200 2554 3845 2637">
     <span class='ocr_line' id='line_1_59' title="bbox 2200 2554 3845 2637; baseline -0.005 -20"><span class='ocrx_word' id='word_1_395' title='bbox 2200 2562 2429 2637; x_wconf 79' lang='grc' dir='ltr'>αἰσχύνῃ</span> <span class='ocrx_word' id='word_1_396' title='bbox 2484 2560 2619 2635; x_wconf 90' lang='grc' dir='ltr'>πρὸς</span> <span class='ocrx_word' id='word_1_397' title='bbox 2680 2558 2986 2631; x_wconf 84' lang='grc' dir='ltr'>μετάμελον</span> <span class='ocrx_word' id='word_1_398' title='bbox 3035 2560 3147 2631; x_wconf 85' lang='grc'>(48)</span> <span class='ocrx_word' id='word_1_399' title='bbox 3171 2560 3293 2632; x_wconf 84' lang='grc' dir='ltr'>ήγε·</span> <span class='ocrx_word' id='word_1_400' title='bbox 3318 2563 3435 2618; x_wconf 86' lang='grc' dir='ltr'>τοῖς</span> <span class='ocrx_word' id='word_1_401' title='bbox 3493 2554 3551 2612; x_wconf 73' lang='grc' dir='ltr'>δὲ</span> <span class='ocrx_word' id='word_1_402' title='bbox 3613 2554 3722 2628; x_wconf 84' lang='grc' dir='ltr'>ἰδίᾳ</span> <span class='ocrx_word' id='word_1_403' title='bbox 3778 2557 3845 2610; x_wconf 77' lang='grc' dir='ltr'>τὰ</span> 
     </span>
    </p>
   </div>
   <div class='ocr_carea' id='block_1_60' title="bbox 2199 2643 3841 2726">
    <p class='ocr_par' dir='ltr' id='par_1_60' title="bbox 2199 2643 3841 2726">
     <span class='ocr_line' id='line_1_60' title="bbox 2199 2643 3841 2726; baseline -0.004 -21"><span class='ocrx_word' id='word_1_404' title='bbox 2199 2648 2508 2721; x_wconf 86' lang='grc' dir='ltr'>πταίσματα</span> <span class='ocrx_word' id='word_1_405' title='bbox 2537 2647 2823 2726; x_wconf 77' lang='grc' dir='ltr'>ένεφάνιζε·</span> <span class='ocrx_word' id='word_1_406' title='bbox 2855 2652 2972 2708; x_wconf 88' lang='grc' dir='ltr'>τοῖς</span> <span class='ocrx_word' id='word_1_407' title='bbox 3004 2647 3063 2701; x_wconf 74' lang='grc' dir='ltr'>δὲ</span> <span class='ocrx_word' id='word_1_408' title='bbox 3106 2646 3354 2719; x_wconf 82' lang='grc' dir='ltr'>ἐπετίμα,</span> <span class='ocrx_word' id='word_1_409' title='bbox 3388 2648 3470 2707; x_wconf 81' lang='grc' dir='ltr'>οἷς</span> <span class='ocrx_word' id='word_1_410' title='bbox 3526 2650 3685 2701; x_wconf 79' lang='grc' dir='ltr'>τοῦτο</span> <span class='ocrx_word' id='word_1_411' title='bbox 3744 2643 3841 2699; x_wconf 71' lang='grc' dir='ltr'>λυο</span> 
     </span>
    </p>
   </div>
   <div class='ocr_carea' id='block_1_61' title="bbox 2202 2732 3843 2811">
    <p class='ocr_par' dir='ltr' id='par_1_61' title="bbox 2202 2732 3843 2811">
     <span class='ocr_line' id='line_1_61' title="bbox 2202 2732 3843 2811; baseline -0.004 -18"><span class='ocrx_word' id='word_1_412' title='bbox 2202 2738 2408 2800; x_wconf 78' lang='grc' dir='ltr'>σιτελὲς</span> <span class='ocrx_word' id='word_1_413' title='bbox 2467 2737 2601 2792; x_wconf 79' lang='grc' dir='ltr'>εἶναι</span> <span class='ocrx_word' id='word_1_414' title='bbox 2659 2734 2819 2809; x_wconf 76' lang='grc' dir='ltr'>ᾤετο·</span> <span class='ocrx_word' id='word_1_415' title='bbox 2878 2735 3005 2797; x_wconf 76' lang='grc' dir='ltr'>τοὺς</span> <span class='ocrx_word' id='word_1_416' title='bbox 3064 2733 3142 2803; x_wconf 68' lang='grc' dir='ltr'>δὲ,</span> <span class='ocrx_word' id='word_1_417' title='bbox 3196 2739 3591 2811; x_wconf 82' lang='grc' dir='ltr'>κατορθοῦννας</span> <span class='ocrx_word' id='word_1_418' title='bbox 3656 2732 3843 2805; x_wconf 74' lang='grc' dir='ltr'>ἐπῄνει</span> 
     </span>
    </p>
   </div>
   <div class='ocr_carea' id='block_1_62' title="bbox 2202 2821 3843 2901">
    <p class='ocr_par' dir='ltr' id='par_1_62' title="bbox 2202 2821 3843 2901">
     <span class='ocr_line' id='line_1_62' title="bbox 2202 2821 3843 2901; baseline -0.004 -19"><span class='ocrx_word' id='word_1_419' title='bbox 2202 2831 2476 2901; x_wconf 82' lang='grc' dir='ltr'>πατρικῶς</span> <span class='ocrx_word' id='word_1_420' title='bbox 2504 2847 2563 2880; x_wconf 90' lang='grc' dir='ltr'>τε</span> <span class='ocrx_word' id='word_1_421' title='bbox 2589 2825 2679 2880; x_wconf 87' lang='grc' dir='ltr'>καὶ</span> <span class='ocrx_word' id='word_1_422' title='bbox 2725 2822 3127 2897; x_wconf 86' lang='grc' dir='ltr'>κηδεμονικῶς.</span> <span class='ocrx_word' id='word_1_423' title='bbox 3159 2822 3233 2878; x_wconf 78' lang='grc' dir='ltr'>Οὐ</span> <span class='ocrx_word' id='word_1_424' title='bbox 3265 2824 3364 2899; x_wconf 77' lang='grc' dir='ltr'>γὰρ</span> <span class='ocrx_word' id='word_1_425' title='bbox 3424 2824 3559 2898; x_wconf 85' lang='grc' dir='ltr'>πρὸς</span> <span class='ocrx_word' id='word_1_426' title='bbox 3612 2821 3843 2886; x_wconf 82' lang='grc' dir='ltr'>θωπείαν</span> 
     </span>
    </p>
   </div>
   <div class='ocr_carea' id='block_1_63' title="bbox 2201 2908 3845 2988">
    <p class='ocr_par' dir='ltr' id='par_1_63' title="bbox 2201 2908 3845 2988">
     <span class='ocr_line' id='line_1_63' title="bbox 2201 2908 3845 2988; baseline -0.004 -17"><span class='ocrx_word' id='word_1_427' title='bbox 2201 2916 2437 2983; x_wconf 69' lang='grc' dir='ltr'>ἐσκόπει,</span> <span class='ocrx_word' id='word_1_428' title='bbox 2473 2913 2599 2969; x_wconf 82' lang='grc' dir='ltr'>ἀλλ’</span> <span class='ocrx_word' id='word_1_429' title='bbox 2649 2911 2907 2968; x_wconf 85' lang='grc' dir='ltr'>ὡδοποίει</span> <span class='ocrx_word' id='word_1_430' title='bbox 2963 2917 3032 2986; x_wconf 79' lang='grc' dir='ltr'>τῇ</span> <span class='ocrx_word' id='word_1_431' title='bbox 3094 2914 3256 2988; x_wconf 77' lang='grc' dir='ltr'>ἀρετῇ</span> <span class='ocrx_word' id='word_1_432' title='bbox 3308 2909 3397 2966; x_wconf 77' lang='grc' dir='ltr'>διὰ</span> <span class='ocrx_word' id='word_1_433' title='bbox 3424 2919 3525 2981; x_wconf 79' lang='grc' dir='ltr'>τῆς</span> <span class='ocrx_word' id='word_1_434' title='bbox 3557 2908 3845 2986; x_wconf 85' lang='grc' dir='ltr'>ἀποδοχῆς</span> 
     </span>
    </p>
   </div>
   <div class='ocr_carea' id='block_1_64' title="bbox 2204 2998 3848 3081">
    <p class='ocr_par' dir='ltr' id='par_1_64' title="bbox 2204 2998 3848 3081">
     <span class='ocr_line' id='line_1_64' title="bbox 2204 2998 3848 3081; baseline -0.004 -21"><span class='ocrx_word' id='word_1_435' title='bbox 2204 3004 2344 3081; x_wconf 77' lang='grc' dir='ltr'>ἄγων</span> <span class='ocrx_word' id='word_1_436' title='bbox 2394 3003 2468 3066; x_wconf 84' lang='grc' dir='ltr'>είς</span> <span class='ocrx_word' id='word_1_437' title='bbox 2508 3004 2811 3075; x_wconf 86' lang='grc' dir='ltr'>προκοπήν.</span> <span class='ocrx_word' id='word_1_438' title='bbox 2842 3001 3020 3076; x_wconf 83' lang='grc' dir='ltr'>Ταύτῃ</span> <span class='ocrx_word' id='word_1_439' title='bbox 3070 3002 3173 3077; x_wconf 77' lang='grc' dir='ltr'>γὰρ</span> <span class='ocrx_word' id='word_1_440' title='bbox 3202 3004 3237 3070; x_wconf 85' lang='grc' dir='ltr'>ἡ</span> <span class='ocrx_word' id='word_1_441' title='bbox 3271 3003 3384 3076; x_wconf 76' lang='grc'>(49)</span> <span class='ocrx_word' id='word_1_442' title='bbox 3418 3000 3682 3077; x_wconf 79' lang='grc' dir='ltr'>ῥητορική</span> <span class='ocrx_word' id='word_1_443' title='bbox 3736 2998 3848 3054; x_wconf 87' lang='grc' dir='ltr'>δια-</span> 
     </span>
    </p>
   </div>
   <div class='ocr_carea' id='block_1_65' title="bbox 2205 3089 3851 3172">
    <p class='ocr_par' dir='ltr' id='par_1_65' title="bbox 2205 3089 3851 3172">
     <span class='ocr_line' id='line_1_65' title="bbox 2205 3089 3851 3172; baseline -0.003 -23"><span class='ocrx_word' id='word_1_444' title='bbox 2205 3094 2350 3172; x_wconf 90' lang='grc' dir='ltr'>φέρει</span> <span class='ocrx_word' id='word_1_445' title='bbox 2395 3090 2740 3171; x_wconf 79' lang='grc' dir='ltr'>φιλοσοφίας.</span> <span class='ocrx_word' id='word_1_446' title='bbox 2780 3092 2843 3147; x_wconf 84' lang='grc' dir='ltr'><strong>Ἡ</strong></span> <span class='ocrx_word' id='word_1_447' title='bbox 2881 3091 2975 3164; x_wconf 75' lang='grc' dir='ltr'>μὲν</span> <span class='ocrx_word' id='word_1_448' title='bbox 3025 3090 3128 3166; x_wconf 79' lang='grc' dir='ltr'>γὰρ</span> <span class='ocrx_word' id='word_1_449' title='bbox 3173 3089 3430 3162; x_wconf 87' lang='grc' dir='ltr'>κολακείᾳ</span> <span class='ocrx_word' id='word_1_450' title='bbox 3485 3090 3559 3152; x_wconf 83' lang='grc' dir='ltr'>ὡς</span> <span class='ocrx_word' id='word_1_451' title='bbox 3595 3091 3707 3163; x_wconf 88' lang='grc'>(50)</span> <span class='ocrx_word' id='word_1_452' title='bbox 3758 3109 3851 3144; x_wconf 85' lang='grc' dir='ltr'>κα-</span> 
     </span>
    </p>
   </div>
   <div class='ocr_carea' id='block_1_66' title="bbox 444 3171 2092 3258">
    <p class='ocr_par' dir='ltr' id='par_1_66' title="bbox 444 3178 2092 3258">
     <span class='ocr_line' id='line_1_66' title="bbox 444 3178 2092 3258; baseline 0.007 -26"><span class='ocrx_word' id='word_1_453' title='bbox 444 3181 719 3249; x_wconf 88' lang='lat' dir='ltr'>tra,quos</span> <span class='ocrx_word' id='word_1_454' title='bbox 751 3178 940 3235; x_wconf 81' lang='lat' dir='ltr'>officio</span> <span class='ocrx_word' id='word_1_455' title='bbox 977 3180 1137 3252; x_wconf 87' lang='lat' dir='ltr'>fungi</span> <span class='ocrx_word' id='word_1_456' title='bbox 1165 3182 1413 3251; x_wconf 90' lang='lat' dir='ltr'>videbat,</span> <span class='ocrx_word' id='word_1_457' title='bbox 1448 3188 1685 3256; x_wconf 84' lang='lat' dir='ltr'>paterae</span> <span class='ocrx_word' id='word_1_458' title='bbox 1714 3185 2092 3258; x_wconf 82' lang='lat' dir='ltr'>consultaque</span> 
     </span>
    </p>
   </div>
   <div class='ocr_carea' id='block_1_67' title="bbox 2207 3171 3849 3258">
    <p class='ocr_par' dir='ltr' id='par_1_67' title="bbox 2207 3171 3849 3258">
     <span class='ocr_line' id='line_1_67' title="bbox 2207 3171 3849 3258; baseline -0.003 -21"><span class='ocrx_word' id='word_1_459' title='bbox 2207 3171 2416 3255; x_wconf 81' lang='grc' dir='ltr'>πηλικῇ</span> <span class='ocrx_word' id='word_1_460' title='bbox 2450 3179 2532 3258; x_wconf 81' lang='grc' dir='ltr'>ἐφ’</span> <span class='ocrx_word' id='word_1_461' title='bbox 2561 3182 2753 3249; x_wconf 80' lang='grc' dir='ltr'>ἑαυτὴν</span> <span class='ocrx_word' id='word_1_462' title='bbox 2784 3185 2897 3241; x_wconf 82' lang='grc' dir='ltr'>τοῖς</span> <span class='ocrx_word' id='word_1_463' title='bbox 2929 3177 3229 3255; x_wconf 75' lang='grc' dir='ltr'>ἐγκωμίοις</span> <span class='ocrx_word' id='word_1_464' title='bbox 3260 3176 3481 3234; x_wconf 85' lang='grc' dir='ltr'>κλέπτει</span> <span class='ocrx_word' id='word_1_465' title='bbox 3519 3182 3628 3233; x_wconf 87' lang='grc' dir='ltr'>τῶν</span> <span class='ocrx_word' id='word_1_466' title='bbox 3676 3176 3849 3239; x_wconf 89' lang='grc' dir='ltr'>πέλας</span> 
     </span>
    </p>
   </div>
   <div class='ocr_carea' id='block_1_68' title="bbox 446 3265 2093 3344">
    <p class='ocr_par' dir='ltr' id='par_1_68' title="bbox 446 3265 2093 3344">
     <span class='ocr_line' id='line_1_68' title="bbox 446 3265 2093 3344; baseline 0.007 -24"><span class='ocrx_word' id='word_1_467' title='bbox 446 3265 743 3321; x_wconf 86' lang='lat' dir='ltr'>laudabat.</span> <span class='ocrx_word' id='word_1_468' title='bbox 774 3266 888 3323; x_wconf 90' lang='lat' dir='ltr'>Nec</span> <span class='ocrx_word' id='word_1_469' title='bbox 917 3268 1073 3324; x_wconf 90' lang='lat' dir='ltr'>enim</span> <span class='ocrx_word' id='word_1_470' title='bbox 1115 3269 1222 3326; x_wconf 85' lang='lat' dir='ltr'>hoc</span> <span class='ocrx_word' id='word_1_471' title='bbox 1255 3272 1482 3344; x_wconf 87' lang='lat' dir='ltr'>agebat,</span> <span class='ocrx_word' id='word_1_472' title='bbox 1505 3277 1571 3328; x_wconf 91' lang='lat' dir='ltr'>ut</span> <span class='ocrx_word' id='word_1_473' title='bbox 1612 3289 1709 3329; x_wconf 89' lang='lat' dir='ltr'>eos</span> <span class='ocrx_word' id='word_1_474' title='bbox 1758 3274 2093 3331; x_wconf 88' lang='lat' dir='ltr'>adulatione</span> 
     </span>
    </p>
   </div>
   <div class='ocr_carea' id='block_1_69' title="bbox 449 3354 2097 3432">
    <p class='ocr_par' dir='ltr' id='par_1_69' title="bbox 449 3354 2097 3432">
     <span class='ocr_line' id='line_1_69' title="bbox 449 3354 2097 3432; baseline 0.007 -24"><span class='ocrx_word' id='word_1_475' title='bbox 449 3354 855 3427; x_wconf 89' lang='lat' dir='ltr'>permulceret,</span> <span class='ocrx_word' id='word_1_476' title='bbox 898 3359 998 3413; x_wconf 92' lang='lat' dir='ltr'>sed</span> <span class='ocrx_word' id='word_1_477' title='bbox 1050 3362 1113 3413; x_wconf 91' lang='lat' dir='ltr'>ut</span> <span class='ocrx_word' id='word_1_478' title='bbox 1159 3358 1310 3415; x_wconf 89' lang='lat' dir='ltr'>viam</span> <span class='ocrx_word' id='word_1_479' title='bbox 1372 3362 1569 3416; x_wconf 90' lang='lat' dir='ltr'>virtuti</span> <span class='ocrx_word' id='word_1_480' title='bbox 1618 3367 1888 3432; x_wconf 87' lang='lat' dir='ltr'>strueret,</span> <span class='ocrx_word' id='word_1_481' title='bbox 1920 3369 1977 3419; x_wconf 88' lang='lat' dir='ltr'>et</span> <span class='ocrx_word' id='word_1_482' title='bbox 2023 3365 2097 3420; x_wconf 90' lang='lat' dir='ltr'>ad</span> 
     </span>
    </p>
   </div>
   <div class='ocr_carea' id='block_1_70' title="bbox 452 3444 2095 3524">
    <p class='ocr_par' dir='ltr' id='par_1_70' title="bbox 452 3444 2095 3524">
     <span class='ocr_line' id='line_1_70' title="bbox 452 3444 2095 3524; baseline 0.007 -26"><span class='ocrx_word' id='word_1_483' title='bbox 452 3444 675 3515; x_wconf 82' lang='lat' dir='ltr'>majora</span> <span class='ocrx_word' id='word_1_484' title='bbox 727 3450 879 3502; x_wconf 89' lang='lat' dir='ltr'>recte</span> <span class='ocrx_word' id='word_1_485' title='bbox 928 3447 1209 3504; x_wconf 79' lang='lat' dir='ltr'>factorum</span> <span class='ocrx_word' id='word_1_486' title='bbox 1260 3450 1676 3521; x_wconf 90' lang='lat' dir='ltr'>approbatione</span> <span class='ocrx_word' id='word_1_487' title='bbox 1736 3453 2095 3524; x_wconf 90' lang='lat' dir='ltr'>proveheret.</span> 
     </span>
    </p>
   </div>
   <div class='ocr_carea' id='block_1_71' title="bbox 451 3531 2097 3612">
    <p class='ocr_par' dir='ltr' id='par_1_71' title="bbox 451 3531 2097 3612">
     <span class='ocr_line' id='line_1_71' title="bbox 451 3531 2097 3612; baseline 0.006 -25"><span class='ocrx_word' id='word_1_488' title='bbox 451 3531 568 3588; x_wconf 87' lang='lat' dir='ltr'>Hoc</span> <span class='ocrx_word' id='word_1_489' title='bbox 599 3533 815 3606; x_wconf 89' lang='lat' dir='ltr'>quippe</span> <span class='ocrx_word' id='word_1_490' title='bbox 840 3536 1077 3592; x_wconf 91' lang='lat' dir='ltr'>nomine</span> <span class='ocrx_word' id='word_1_491' title='bbox 1108 3537 1395 3594; x_wconf 90' lang='lat' dir='ltr'>rethorica</span> <span class='ocrx_word' id='word_1_492' title='bbox 1426 3556 1457 3593; x_wconf 90' lang='lat' dir='ltr'>a</span> <span class='ocrx_word' id='word_1_493' title='bbox 1488 3539 1857 3612; x_wconf 86' lang='lat' dir='ltr'>philosOphia</span> <span class='ocrx_word' id='word_1_494' title='bbox 1885 3542 2097 3599; x_wconf 67' lang='lat' dir='ltr'>differt.</span> 
     </span>
    </p>
   </div>
   <div class='ocr_carea' id='block_1_72' title="bbox 2202 3266 3854 3346">
    <p class='ocr_par' dir='ltr' id='par_1_72' title="bbox 2202 3266 3854 3346">
     <span class='ocr_line' id='line_1_72' title="bbox 2202 3266 3854 3346; baseline -0.003 -20"><span class='ocrx_word' id='word_1_495' title='bbox 2202 3273 2303 3342; x_wconf 74' lang='grc' dir='ltr'>τὴν</span> <span class='ocrx_word' id='word_1_496' title='bbox 2337 3267 2568 3326; x_wconf 70' lang='grc' dir='ltr'>εὔνοιαν·</span> <span class='ocrx_word' id='word_1_497' title='bbox 2600 3271 2636 3339; x_wconf 84' lang='grc' dir='ltr'><strong>ἡ</strong></span> <span class='ocrx_word' id='word_1_498' title='bbox 2670 3266 2748 3338; x_wconf 76' lang='grc' dir='ltr'>δὲ,</span> <span class='ocrx_word' id='word_1_499' title='bbox 2777 3269 2875 3337; x_wconf 79' lang='grc' dir='ltr'>τὴν</span> <span class='ocrx_word' id='word_1_500' title='bbox 2909 3267 3172 3346; x_wconf 75' lang='grc' dir='ltr'>ὠφέλειαν</span> <span class='ocrx_word' id='word_1_501' title='bbox 3231 3272 3337 3322; x_wconf 91' lang='grc' dir='ltr'>τῶν</span> <span class='ocrx_word' id='word_1_502' title='bbox 3397 3266 3694 3343; x_wconf 86' lang='grc' dir='ltr'>ἀνθρώπων</span> <span class='ocrx_word' id='word_1_503' title='bbox 3754 3287 3854 3321; x_wconf 89' lang='grc' dir='ltr'>πε-</span> 
     </span>
    </p>
   </div>
   <div class='ocr_carea' id='block_1_73' title="bbox 2208 3354 3853 3436">
    <p class='ocr_par' dir='ltr' id='par_1_73' title="bbox 2208 3354 3853 3436">
     <span class='ocr_line' id='line_1_73' title="bbox 2208 3354 3853 3436; baseline -0.003 -21"><span class='ocrx_word' id='word_1_504' title='bbox 2208 3363 2560 3436; x_wconf 74' lang='grc' dir='ltr'>ρισκοποῦσά,</span> <span class='ocrx_word' id='word_1_505' title='bbox 2594 3358 2706 3413; x_wconf 81' lang='grc' dir='ltr'>οἷον</span> <span class='ocrx_word' id='word_1_506' title='bbox 2736 3356 2915 3430; x_wconf 84' lang='grc' dir='ltr'>μέλιτι</span> <span class='ocrx_word' id='word_1_507' title='bbox 2945 3362 3062 3419; x_wconf 84' lang='grc' dir='ltr'>τοῖς</span> <span class='ocrx_word' id='word_1_508' title='bbox 3096 3355 3334 3417; x_wconf 81' lang='grc' dir='ltr'>ἐπαίνοις</span> <span class='ocrx_word' id='word_1_509' title='bbox 3358 3360 3465 3410; x_wconf 90' lang='grc' dir='ltr'>τῶν</span> <span class='ocrx_word' id='word_1_510' title='bbox 3525 3354 3706 3431; x_wconf 87' lang='grc' dir='ltr'>λόγων</span> <span class='ocrx_word' id='word_1_511' title='bbox 3738 3357 3853 3428; x_wconf 86' lang='grc'>(51)</span> 
     </span>
    </p>
   </div>
   <div class='ocr_carea' id='block_1_74' title="bbox 2206 3443 3852 3525">
    <p class='ocr_par' dir='ltr' id='par_1_74' title="bbox 2206 3443 3852 3525">
     <span class='ocr_line' id='line_1_74' title="bbox 2206 3443 3852 3525; baseline -0.004 -20"><span class='ocrx_word' id='word_1_512' title='bbox 2206 3446 2722 3525; x_wconf 81' lang='grc' dir='ltr'>καταγλυκαίνουσα,</span> <span class='ocrx_word' id='word_1_513' title='bbox 2756 3446 2821 3520; x_wconf 69' lang='grc' dir='ltr'>τῇ</span> <span class='ocrx_word' id='word_1_514' title='bbox 2878 3443 3049 3519; x_wconf 60' lang='grc' dir='ltr'>⁴ἡδονῇ</span> <span class='ocrx_word' id='word_1_515' title='bbox 3104 3450 3212 3501; x_wconf 86' lang='grc' dir='ltr'>τῶν</span> <span class='ocrx_word' id='word_1_516' title='bbox 3271 3444 3502 3500; x_wconf 80' lang='grc' dir='ltr'>ἐπαίνων</span> <span class='ocrx_word' id='word_1_517' title='bbox 3553 3444 3690 3520; x_wconf 86' lang='grc' dir='ltr'>πρὸς</span> <span class='ocrx_word' id='word_1_518' title='bbox 3730 3445 3852 3519; x_wconf 85' lang='grc' dir='ltr'>ἀρε-</span> 
     </span>
    </p>
   </div>
   <div class='ocr_carea' id='block_1_75' title="bbox 2208 3533 3119 3611">
    <p class='ocr_par' dir='ltr' id='par_1_75' title="bbox 2208 3533 3119 3611">
     <span class='ocr_line' id='line_1_75' title="bbox 2208 3533 3119 3611; baseline -0.003 -17"><span class='ocrx_word' id='word_1_519' title='bbox 2208 3540 2307 3608; x_wconf 80' lang='grc' dir='ltr'>τὴν</span> <span class='ocrx_word' id='word_1_520' title='bbox 2339 3534 2487 3593; x_wconf 68' lang='grc' dir='ltr'>ἕλκει</span> <span class='ocrx_word' id='word_1_521' title='bbox 2516 3536 2643 3597; x_wconf 78' lang='grc' dir='ltr'>τοὺς</span> <span class='ocrx_word' id='word_1_522' title='bbox 2677 3533 3119 3611; x_wconf 73' lang='grc' dir='ltr'>ἐντυγχάνοντας.</span> 
     </span>
    </p>
   </div>
   <div class='ocr_carea' id='block_1_76' title="bbox 450 3618 3856 3697">
    <p class='ocr_par' dir='ltr' id='par_1_76' title="bbox 450 3618 3856 3697">
     <span class='ocr_line' id='line_1_76' title="bbox 450 3618 3856 3697; baseline 0.001 -21"><span class='ocrx_word' id='word_1_523' title='bbox 450 3618 555 3676; x_wconf 89' lang='lat' dir='ltr'>Illa</span> <span class='ocrx_word' id='word_1_524' title='bbox 596 3621 752 3676; x_wconf 91' lang='lat' dir='ltr'>enim</span> <span class='ocrx_word' id='word_1_525' title='bbox 784 3622 1020 3680; x_wconf 89' lang='lat' dir='ltr'>sordida</span> <span class='ocrx_word' id='word_1_526' title='bbox 1049 3628 1106 3680; x_wconf 90' lang='lat' dir='ltr'>et</span> <span class='ocrx_word' id='word_1_527' title='bbox 1131 3627 1487 3697; x_wconf 87' lang='lat' dir='ltr'>caupouaria</span> <span class='ocrx_word' id='word_1_528' title='bbox 1534 3630 1924 3687; x_wconf 88' lang='lat' dir='ltr'>assentatione</span> <span class='ocrx_word' id='word_1_529' title='bbox 1969 3648 2037 3687; x_wconf 90' lang='lat' dir='ltr'>ac</span> <span class='ocrx_word' id='word_1_530' title='bbox 2083 3629 2417 3687; x_wconf 89' lang='lat' dir='ltr'>laudatione</span> <span class='ocrx_word' id='word_1_531' title='bbox 2446 3627 2519 3683; x_wconf 87' lang='lat' dir='ltr'>ad</span> <span class='ocrx_word' id='word_1_532' title='bbox 2548 3626 2812 3682; x_wconf 91' lang='lat' dir='ltr'>hominm</span> <span class='ocrx_word' id='word_1_533' title='bbox 2858 3623 3316 3680; x_wconf 88' lang='lat' dir='ltr'>benevolentiam</span> <span class='ocrx_word' id='word_1_534' title='bbox 3363 3623 3616 3695; x_wconf 87' lang='lat' dir='ltr'>irrepere</span> <span class='ocrx_word' id='word_1_535' title='bbox 3664 3622 3856 3678; x_wconf 84' lang='lat' dir='ltr'>solet:</span> 
     </span>
    </p>
   </div>
   <div class='ocr_carea' id='block_1_77' title="bbox 449 3708 3859 3791">
    <p class='ocr_par' dir='ltr' id='par_1_77' title="bbox 449 3708 3859 3791">
     <span class='ocr_line' id='line_1_77' title="bbox 449 3708 3859 3791; baseline 0.001 -29"><span class='ocrx_word' id='word_1_536' title='bbox 449 3708 571 3764; x_wconf 72' lang='lat' dir='ltr'>haac</span> <span class='ocrx_word' id='word_1_537' title='bbox 601 3716 801 3765; x_wconf 89' lang='lat' dir='ltr'>contra</span> <span class='ocrx_word' id='word_1_538' title='bbox 831 3728 1030 3767; x_wconf 90' lang='lat' dir='ltr'>eorum</span> <span class='ocrx_word' id='word_1_539' title='bbox 1067 3714 1378 3771; x_wconf 82' lang='lat' dir='ltr'>utilitatem</span> <span class='ocrx_word' id='word_1_540' title='bbox 1410 3721 1702 3788; x_wconf 83' lang='lat' dir='ltr'>spectans,</span> <span class='ocrx_word' id='word_1_541' title='bbox 1733 3716 2008 3775; x_wconf 89' lang='lat' dir='ltr'>laudibus</span> <span class='ocrx_word' id='word_1_542' title='bbox 2036 3719 2203 3791; x_wconf 89' lang='lat' dir='ltr'>quasi</span> <span class='ocrx_word' id='word_1_543' title='bbox 2238 3716 2407 3773; x_wconf 87' lang='lat' dir='ltr'>melle</span> <span class='ocrx_word' id='word_1_544' title='bbox 2434 3730 2765 3772; x_wconf 85' lang='lat' dir='ltr'>sermonem</span> <span class='ocrx_word' id='word_1_545' title='bbox 2806 3712 3057 3783; x_wconf 85' lang='lat' dir='ltr'>edulcat,</span> <span class='ocrx_word' id='word_1_546' title='bbox 3091 3730 3156 3769; x_wconf 90' lang='lat' dir='ltr'>ac</span> <span class='ocrx_word' id='word_1_547' title='bbox 3186 3729 3289 3784; x_wconf 89' lang='lat' dir='ltr'>per</span> <span class='ocrx_word' id='word_1_548' title='bbox 3318 3711 3561 3768; x_wconf 87' lang='lat' dir='ltr'>laudum</span> <span class='ocrx_word' id='word_1_549' title='bbox 3591 3710 3859 3784; x_wconf 88' lang='lat' dir='ltr'>volupta-</span> 
     </span>
    </p>
   </div>
   <div class='ocr_carea' id='block_1_78' title="bbox 450 3800 1535 3862">
    <p class='ocr_par' dir='ltr' id='par_1_78' title="bbox 450 3800 1535 3862">
     <span class='ocr_line' id='line_1_78' title="bbox 450 3800 1535 3862; baseline 0.008 -9"><span class='ocrx_word' id='word_1_550' title='bbox 450 3802 566 3853; x_wconf 90' lang='lat' dir='ltr'>tem</span> <span class='ocrx_word' id='word_1_551' title='bbox 602 3800 671 3854; x_wconf 90' lang='lat' dir='ltr'>ad</span> <span class='ocrx_word' id='word_1_552' title='bbox 708 3800 979 3857; x_wconf 79' lang='lat' dir='ltr'>virtutem</span> <span class='ocrx_word' id='word_1_553' title='bbox 1013 3804 1309 3860; x_wconf 88' lang='lat' dir='ltr'>auditores</span> <span class='ocrx_word' id='word_1_554' title='bbox 1339 3805 1535 3862; x_wconf 87' lang='lat' dir='ltr'>trahit.</span> 
     </span>
    </p>
   </div>
   <div class='ocr_carea' id='block_1_79' title="bbox 524 3887 2102 3969">
    <p class='ocr_par' dir='ltr' id='par_1_79' title="bbox 524 3887 2102 3969">
     <span class='ocr_line' id='line_1_79' title="bbox 524 3887 2102 3969; baseline 0.008 -28"><span class='ocrx_word' id='word_1_555' title='bbox 524 3887 872 3961; x_wconf 88' lang='lat' dir='ltr'>Dogmatum</span> <span class='ocrx_word' id='word_1_556' title='bbox 908 3907 1077 3962; x_wconf 89' lang='lat' dir='ltr'>porro</span> <span class='ocrx_word' id='word_1_557' title='bbox 1108 3892 1465 3949; x_wconf 87' lang='lat' dir='ltr'>sublimitate</span> <span class='ocrx_word' id='word_1_558' title='bbox 1495 3912 1560 3951; x_wconf 90' lang='lat' dir='ltr'>ac</span> <span class='ocrx_word' id='word_1_559' title='bbox 1590 3895 1882 3969; x_wconf 89' lang='lat' dir='ltr'>theologia</span> <span class='ocrx_word' id='word_1_560' title='bbox 1914 3912 2102 3969; x_wconf 87' lang='lat' dir='ltr'>usque</span> 
     </span>
    </p>
   </div>
   <div class='ocr_carea' id='block_1_80' title="bbox 453 3976 2102 4055">
    <p class='ocr_par' dir='ltr' id='par_1_80' title="bbox 453 3976 2102 4055">
     <span class='ocr_line' id='line_1_80' title="bbox 453 3976 2102 4055; baseline 0.007 -25"><span class='ocrx_word' id='word_1_561' title='bbox 453 3976 597 4030; x_wconf 82' lang='lat' dir='ltr'>adeo</span> <span class='ocrx_word' id='word_1_562' title='bbox 629 3978 964 4046; x_wconf 77' lang='lat' dir='ltr'>excellebat,</span> <span class='ocrx_word' id='word_1_563' title='bbox 992 3984 1053 4035; x_wconf 89' lang='lat' dir='ltr'>ut</span> <span class='ocrx_word' id='word_1_564' title='bbox 1082 3982 1353 4053; x_wconf 86' lang='lat' dir='ltr'>quamvis</span> <span class='ocrx_word' id='word_1_565' title='bbox 1386 3985 1657 4055; x_wconf 89' lang='lat' dir='ltr'>permulti</span> <span class='ocrx_word' id='word_1_566' title='bbox 1688 3985 1795 4040; x_wconf 88' lang='lat' dir='ltr'>viri</span> <span class='ocrx_word' id='word_1_567' title='bbox 1828 3986 2102 4041; x_wconf 79' lang='lat' dir='ltr'>doctrinae</span> 
     </span>
    </p>
   </div>
   <div class='ocr_carea' id='block_1_81' title="bbox 454 4063 2103 4146">
    <p class='ocr_par' dir='ltr' id='par_1_81' title="bbox 454 4063 2103 4146">
     <span class='ocr_line' id='line_1_81' title="bbox 454 4063 2103 4146; baseline 0.008 -29"><span class='ocrx_word' id='word_1_568' title='bbox 454 4063 627 4120; x_wconf 79' lang='lat' dir='ltr'>laude</span> <span class='ocrx_word' id='word_1_569' title='bbox 653 4066 908 4123; x_wconf 87' lang='lat' dir='ltr'>celebres</span> <span class='ocrx_word' id='word_1_570' title='bbox 934 4069 1108 4125; x_wconf 90' lang='lat' dir='ltr'>variis</span> <span class='ocrx_word' id='word_1_571' title='bbox 1138 4071 1367 4127; x_wconf 67' lang='lat' dir='ltr'>saeculis</span> <span class='ocrx_word' id='word_1_572' title='bbox 1400 4072 1735 4145; x_wconf 65' lang='lat' dir='ltr'>theologica:</span> <span class='ocrx_word' id='word_1_573' title='bbox 1763 4075 1843 4129; x_wconf 90' lang='lat' dir='ltr'>rei</span> <span class='ocrx_word' id='word_1_574' title='bbox 1867 4092 2103 4146; x_wconf 90' lang='lat' dir='ltr'>operam</span> 
     </span>
    </p>
   </div>
   <div class='ocr_carea' id='block_1_82' title="bbox 454 4151 2102 4235">
    <p class='ocr_par' dir='ltr' id='par_1_82' title="bbox 454 4151 2102 4235">
     <span class='ocr_line' id='line_1_82' title="bbox 454 4151 2102 4235; baseline 0.007 -30"><span class='ocrx_word' id='word_1_575' title='bbox 454 4151 740 4219; x_wconf 88' lang='lat' dir='ltr'>dederint,</span> <span class='ocrx_word' id='word_1_576' title='bbox 765 4155 856 4211; x_wconf 87' lang='lat' dir='ltr'>hic</span> <span class='ocrx_word' id='word_1_577' title='bbox 888 4160 1081 4213; x_wconf 89' lang='lat' dir='ltr'>tamen</span> <span class='ocrx_word' id='word_1_578' title='bbox 1116 4160 1276 4215; x_wconf 89' lang='lat' dir='ltr'>solus</span> <span class='ocrx_word' id='word_1_579' title='bbox 1322 4166 1451 4233; x_wconf 88' lang='lat' dir='ltr'>post</span> <span class='ocrx_word' id='word_1_580' title='bbox 1490 4162 1779 4219; x_wconf 90' lang='lat' dir='ltr'>Joannem</span> <span class='ocrx_word' id='word_1_581' title='bbox 1810 4162 2102 4235; x_wconf 84' lang='lat' dir='ltr'>evangeli—</span> 
     </span>
    </p>
   </div>
   <div class='ocr_carea' id='block_1_83' title="bbox 456 4241 2103 4323">
    <p class='ocr_par' dir='ltr' id='par_1_83' title="bbox 456 4241 2103 4323">
     <span class='ocr_line' id='line_1_83' title="bbox 456 4241 2103 4323; baseline 0.01 -31"><span class='ocrx_word' id='word_1_582' title='bbox 456 4242 606 4295; x_wconf 86' lang='lat' dir='ltr'>stam</span> <span class='ocrx_word' id='word_1_583' title='bbox 630 4241 903 4317; x_wconf 83' lang='lat' dir='ltr'>Theologi</span> <span class='ocrx_word' id='word_1_584' title='bbox 950 4247 1181 4303; x_wconf 91' lang='lat' dir='ltr'>nomine</span> <span class='ocrx_word' id='word_1_585' title='bbox 1203 4249 1523 4321; x_wconf 86' lang='lat' dir='ltr'>insignitus</span> <span class='ocrx_word' id='word_1_586' title='bbox 1544 4252 1639 4321; x_wconf 89' lang='lat' dir='ltr'>sit,</span> <span class='ocrx_word' id='word_1_587' title='bbox 1667 4256 1841 4323; x_wconf 90' lang='lat' dir='ltr'>atque</span> <span class='ocrx_word' id='word_1_588' title='bbox 1866 4254 1968 4308; x_wconf 88' lang='lat' dir='ltr'>hoc</span> <span class='ocrx_word' id='word_1_589' title='bbox 2009 4268 2103 4307; x_wconf 86' lang='lat' dir='ltr'>co-</span> 
     </span>
    </p>
   </div>
   <div class='ocr_carea' id='block_1_84' title="bbox 454 4334 2106 4410">
    <p class='ocr_par' dir='ltr' id='par_1_84' title="bbox 454 4334 2106 4410">
     <span class='ocr_line' id='line_1_84' title="bbox 454 4334 2106 4410; baseline 0.009 -29"><span class='ocrx_word' id='word_1_590' title='bbox 454 4335 839 4401; x_wconf 91' lang='lat' dir='ltr'>gnomentum</span> <span class='ocrx_word' id='word_1_591' title='bbox 870 4334 1026 4389; x_wconf 90' lang='lat' dir='ltr'>velut</span> <span class='ocrx_word' id='word_1_592' title='bbox 1056 4338 1356 4407; x_wconf 88' lang='lat' dir='ltr'>proprium</span> <span class='ocrx_word' id='word_1_593' title='bbox 1388 4344 1445 4393; x_wconf 84' lang='lat' dir='ltr'>et</span> <span class='ocrx_word' id='word_1_594' title='bbox 1476 4339 1764 4410; x_wconf 90' lang='lat' dir='ltr'>peculiare</span> <span class='ocrx_word' id='word_1_595' title='bbox 1796 4341 1874 4396; x_wconf 91' lang='lat' dir='ltr'>sit</span> <span class='ocrx_word' id='word_1_596' title='bbox 1904 4357 2106 4396; x_wconf 90' lang='lat' dir='ltr'>conse-</span> 
     </span>
    </p>
   </div>
   <div class='ocr_carea' id='block_1_85' title="bbox 2284 3885 3863 3965">
    <p class='ocr_par' dir='ltr' id='par_1_85' title="bbox 2284 3885 3863 3965">
     <span class='ocr_line' id='line_1_85' title="bbox 2284 3885 3863 3965; baseline -0.004 -18"><span class='ocrx_word' id='word_1_597' title='bbox 2284 3894 2367 3947; x_wconf 86' lang='lat' dir='ltr'>’Ev</span> <span class='ocrx_word' id='word_1_598' title='bbox 2412 3889 2469 3946; x_wconf 84' lang='grc' dir='ltr'>δὲ</span> <span class='ocrx_word' id='word_1_599' title='bbox 2500 3887 2788 3965; x_wconf 83' lang='grc' dir='ltr'>δογμάτων</span> <span class='ocrx_word' id='word_1_600' title='bbox 2820 3888 2940 3963; x_wconf 70' lang='grc' dir='ltr'>ὕψει</span> <span class='ocrx_word' id='word_1_601' title='bbox 2972 3889 3061 3944; x_wconf 88' lang='grc' dir='ltr'>καὶ</span> <span class='ocrx_word' id='word_1_602' title='bbox 3094 3886 3347 3964; x_wconf 83' lang='grc' dir='ltr'>θεολογίᾳ</span> <span class='ocrx_word' id='word_1_603' title='bbox 3389 3890 3650 3943; x_wconf 78' lang='grc' dir='ltr'>τοσοῦτον</span> <span class='ocrx_word' id='word_1_604' title='bbox 3713 3885 3863 3959; x_wconf 82' lang='grc' dir='ltr'>αὖτῷ</span> 
     </span>
    </p>
   </div>
   <div class='ocr_carea' id='block_1_86' title="bbox 2209 3974 3865 4055">
    <p class='ocr_par' dir='ltr' id='par_1_86' title="bbox 2209 3974 3865 4055">
     <span class='ocr_line' id='line_1_86' title="bbox 2209 3974 3865 4055; baseline -0.004 -20"><span class='ocrx_word' id='word_1_605' title='bbox 2209 3982 2272 4037; x_wconf 83' lang='grc' dir='ltr'>τὸ</span> <span class='ocrx_word' id='word_1_606' title='bbox 2328 3980 2512 4055; x_wconf 85' lang='grc' dir='ltr'>περιὸν</span> <span class='ocrx_word' id='word_1_607' title='bbox 2572 3981 2667 4047; x_wconf 73' lang='grc' dir='ltr'>τῆς</span> <span class='ocrx_word' id='word_1_608' title='bbox 2727 3975 3027 4050; x_wconf 86' lang='grc' dir='ltr'>δυνάμεως,</span> <span class='ocrx_word' id='word_1_609' title='bbox 3063 3977 3218 4045; x_wconf 83' lang='grc' dir='ltr'>ὥστε,</span> <span class='ocrx_word' id='word_1_610' title='bbox 3268 3974 3495 4033; x_wconf 80' lang='grc' dir='ltr'>πολλῶν</span> <span class='ocrx_word' id='word_1_611' title='bbox 3550 3977 3685 4031; x_wconf 79' lang='grc' dir='ltr'>κατὰ</span> <span class='ocrx_word' id='word_1_612' title='bbox 3734 3974 3865 4036; x_wconf 71' lang='grc' dir='ltr'>τοὺς</span> 
     </span>
    </p>
   </div>
   <div class='ocr_carea' id='block_1_87' title="bbox 2211 4063 3871 4147">
    <p class='ocr_par' dir='ltr' id='par_1_87' title="bbox 2211 4063 3871 4147">
     <span class='ocr_line' id='line_1_87' title="bbox 2211 4063 3871 4147; baseline -0.013 -16"><span class='ocrx_word' id='word_1_613' title='bbox 2211 4069 2442 4147; x_wconf 81' lang='grc' dir='ltr'>χρόνους</span> <span class='ocrx_word' id='word_1_614' title='bbox 2474 4070 2585 4142; x_wconf 86' lang='grc'>(52)</span> <span class='ocrx_word' id='word_1_615' title='bbox 2620 4065 3063 4143; x_wconf 81' lang='grc' dir='ltr'>θεολογησάντων</span> <span class='ocrx_word' id='word_1_616' title='bbox 3114 4063 3324 4143; x_wconf 86' lang='grc' dir='ltr'>ἀνδρῶν</span> <span class='ocrx_word' id='word_1_617' title='bbox 3376 4065 3463 4120; x_wconf 77' lang='grc' dir='ltr'>ἐπὶ</span> <span class='ocrx_word' id='word_1_618' title='bbox 3515 4063 3673 4142; x_wconf 79' lang='grc' dir='ltr'>σοφίᾳ</span> <span class='ocrx_word' id='word_1_619' title='bbox 3729 4085 3871 4139; x_wconf 82' lang='grc' dir='ltr'>γνω-</span> 
     </span>
    </p>
   </div>
   <div class='ocr_carea' id='block_1_88' title="bbox 2215 4153 3868 4235">
    <p class='ocr_par' dir='ltr' id='par_1_88' title="bbox 2215 4153 3868 4235">
     <span class='ocr_line' id='line_1_88' title="bbox 2215 4153 3868 4235; baseline -0.005 -21"><span class='ocrx_word' id='word_1_620' title='bbox 2215 4159 2413 4235; x_wconf 87' lang='grc' dir='ltr'>ρίμων,</span> <span class='ocrx_word' id='word_1_621' title='bbox 2452 4157 2615 4230; x_wconf 90' lang='grc' dir='ltr'>μόνον</span> <span class='ocrx_word' id='word_1_622' title='bbox 2646 4160 2835 4211; x_wconf 69' lang='grc' dir='ltr'>τοῦτον</span> <span class='ocrx_word' id='word_1_623' title='bbox 2872 4159 3007 4229; x_wconf 84' lang='grc' dir='ltr'>μετά</span> <span class='ocrx_word' id='word_1_624' title='bbox 3034 4154 3126 4211; x_wconf 79' lang='grc' dir='ltr'>τὸν</span> <span class='ocrx_word' id='word_1_625' title='bbox 3188 4153 3581 4230; x_wconf 78' lang='grc' dir='ltr'>εὖαγγελιστήν</span> <span class='ocrx_word' id='word_1_626' title='bbox 3611 4155 3868 4223; x_wconf 79' lang='grc' dir='ltr'>Ἰωάννην</span> 
     </span>
    </p>
   </div>
   <div class='ocr_carea' id='block_1_89' title="bbox 2215 4241 3874 4323">
    <p class='ocr_par' dir='ltr' id='par_1_89' title="bbox 2215 4241 3874 4323">
     <span class='ocr_line' id='line_1_89' title="bbox 2215 4241 3874 4323; baseline -0.005 -20"><span class='ocrx_word' id='word_1_627' title='bbox 2215 4247 2476 4323; x_wconf 89' lang='grc' dir='ltr'>θεολόγον</span> <span class='ocrx_word' id='word_1_628' title='bbox 2510 4246 2880 4319; x_wconf 74' lang='grc' dir='ltr'>ἀνομασθῆναι</span> <span class='ocrx_word' id='word_1_629' title='bbox 2913 4248 3048 4319; x_wconf 63' lang='grc'>(53)</span> <span class='ocrx_word' id='word_1_630' title='bbox 3083 4245 3173 4299; x_wconf 88' lang='grc' dir='ltr'>καὶ</span> <span class='ocrx_word' id='word_1_631' title='bbox 3217 4246 3330 4299; x_wconf 80' lang='grc' dir='ltr'>οἷον</span> <span class='ocrx_word' id='word_1_632' title='bbox 3384 4242 3647 4318; x_wconf 79' lang='grc' dir='ltr'>ἐξαίρετον</span> <span class='ocrx_word' id='word_1_633' title='bbox 3700 4241 3874 4313; x_wconf 76' lang='grc' dir='ltr'>αὐτῷ,</span> 
     </span>
    </p>
   </div>
   <div class='ocr_carea' id='block_1_90' title="bbox 2214 4331 3873 4409">
    <p class='ocr_par' dir='ltr' id='par_1_90' title="bbox 2214 4331 3873 4409">
     <span class='ocr_line' id='line_1_90' title="bbox 2214 4331 3873 4409; baseline -0.004 -18"><span class='ocrx_word' id='word_1_634' title='bbox 2214 4335 2412 4406; x_wconf 80' lang='grc' dir='ltr'>ταύτην</span> <span class='ocrx_word' id='word_1_635' title='bbox 2472 4332 2939 4409; x_wconf 83' lang='grc' dir='ltr'>ἀποκληρωθῆναι</span> <span class='ocrx_word' id='word_1_636' title='bbox 2989 4331 3390 4409; x_wconf 81' lang='grc' dir='ltr'>προσηγορίαν.</span> <span class='ocrx_word' id='word_1_637' title='bbox 3435 4334 3613 4386; x_wconf 73' lang='grc' dir='ltr'>’Ἃπαν</span> <span class='ocrx_word' id='word_1_638' title='bbox 3664 4332 3779 4403; x_wconf 79' lang='grc'>(54)</span> <span class='ocrx_word' id='word_1_639' title='bbox 3813 4352 3873 4385; x_wconf 88' lang='grc' dir='ltr'>τε</span> 
     </span>
    </p>
   </div>
   <div class='ocr_carea' id='block_1_91' title="bbox 455 4417 2092 4501">
    <p class='ocr_par' dir='ltr' id='par_1_91' title="bbox 455 4417 2092 4489">
     <span class='ocr_line' id='line_1_91' title="bbox 455 4417 2092 4489; baseline 0.007 -18"><span class='ocrx_word' id='word_1_640' title='bbox 455 4419 648 4472; x_wconf 89' lang='lat' dir='ltr'>cutus.</span> <span class='ocrx_word' id='word_1_641' title='bbox 682 4417 751 4473; x_wconf 90' lang='lat' dir='ltr'>Et</span> <span class='ocrx_word' id='word_1_642' title='bbox 795 4422 1289 4489; x_wconf 85' lang='lat' dir='ltr'>quemadmodum</span> <span class='ocrx_word' id='word_1_643' title='bbox 1330 4442 1564 4481; x_wconf 89' lang='lat' dir='ltr'>omnem</span> <span class='ocrx_word' id='word_1_644' title='bbox 1614 4426 1789 4483; x_wconf 89' lang='lat' dir='ltr'>aliam</span> <span class='ocrx_word' id='word_1_645' title='bbox 1836 4429 2092 4484; x_wconf 70' lang='lat' dir='ltr'>virtutem</span> 
     </span>
    </p>
   </div>
   <div class='ocr_carea' id='block_1_92' title="bbox 2207 4417 3871 4501">
    <p class='ocr_par' dir='ltr' id='par_1_92' title="bbox 2215 4418 3871 4499">
     <span class='ocr_line' id='line_1_92' title="bbox 2215 4418 3871 4499; baseline -0.003 -19"><span class='ocrx_word' id='word_1_646' title='bbox 2215 4425 2381 4481; x_wconf 83' lang='grc' dir='ltr'>καλὸν</span> <span class='ocrx_word' id='word_1_647' title='bbox 2413 4423 2465 4479; x_wconf 81' lang='grc' dir='ltr'>ἐν</span> <span class='ocrx_word' id='word_1_648' title='bbox 2492 4428 2560 4498; x_wconf 79' lang='grc' dir='ltr'>τῇ</span> <span class='ocrx_word' id='word_1_649' title='bbox 2593 4424 2786 4478; x_wconf 80' lang='grc' dir='ltr'>ἑαυτοῦ</span> <span class='ocrx_word' id='word_1_650' title='bbox 2812 4419 3011 4498; x_wconf 86' lang='grc' dir='ltr'>καρδίᾳ</span> <span class='ocrx_word' id='word_1_651' title='bbox 3058 4419 3424 4499; x_wconf 84' lang='grc' dir='ltr'>συνειληφὼς,</span> <span class='ocrx_word' id='word_1_652' title='bbox 3458 4418 3582 4475; x_wconf 69' lang='grc' dir='ltr'>οὐδὲ</span> <span class='ocrx_word' id='word_1_653' title='bbox 3629 4424 3725 4474; x_wconf 81' lang='grc' dir='ltr'>τοῦ</span> 
     </span>
    </p>
   </div>
   <div class='ocr_carea' id='block_1_93' title="bbox 458 4504 2092 4590">
    <p class='ocr_par' dir='ltr' id='par_1_93' title="bbox 458 4504 2092 4585">
     <span class='ocr_line' id='line_1_93' title="bbox 458 4504 2092 4585; baseline 0.007 -24"><span class='ocrx_word' id='word_1_654' title='bbox 458 4522 524 4561; x_wconf 89' lang='lat' dir='ltr'>ac</span> <span class='ocrx_word' id='word_1_655' title='bbox 554 4504 787 4563; x_wconf 90' lang='lat' dir='ltr'>laudem</span> <span class='ocrx_word' id='word_1_656' title='bbox 832 4510 1015 4565; x_wconf 91' lang='lat' dir='ltr'>animi</span> <span class='ocrx_word' id='word_1_657' title='bbox 1063 4512 1195 4566; x_wconf 89' lang='lat' dir='ltr'>sinu</span> <span class='ocrx_word' id='word_1_658' title='bbox 1243 4513 1581 4585; x_wconf 87' lang='lat' dir='ltr'>complexus</span> <span class='ocrx_word' id='word_1_659' title='bbox 1627 4520 1770 4584; x_wconf 88' lang='lat' dir='ltr'>erat,</span> <span class='ocrx_word' id='word_1_660' title='bbox 1802 4516 1882 4571; x_wconf 89' lang='lat' dir='ltr'>ita</span> <span class='ocrx_word' id='word_1_661' title='bbox 1913 4533 2017 4572; x_wconf 90' lang='lat' dir='ltr'>nec</span> <span class='ocrx_word' id='word_1_662' title='bbox 2047 4516 2092 4572; x_wconf 80' lang='lat' dir='ltr'>ir</span> 
     </span>
    </p>
   </div>
   <div class='ocr_carea' id='block_1_94' title="bbox 2207 4504 3866 4590">
    <p class='ocr_par' dir='ltr' id='par_1_94' title="bbox 2217 4504 3866 4590">
     <span class='ocr_line' id='line_1_94' title="bbox 2217 4504 3866 4590; baseline -0.005 -22"><span class='ocrx_word' id='word_1_663' title='bbox 2217 4511 2574 4590; x_wconf 61' lang='grc' dir='ltr'>προφητεύει)</span> <span class='ocrx_word' id='word_1_664' title='bbox 2634 4510 3060 4583; x_wconf 85' lang='grc' dir='ltr'>ἀπελιμπάνετο.</span> <span class='ocrx_word' id='word_1_665' title='bbox 3114 4510 3212 4565; x_wconf 81' lang='grc' dir='ltr'>Καὶ</span> <span class='ocrx_word' id='word_1_666' title='bbox 3258 4510 3349 4565; x_wconf 81' lang='grc' dir='ltr'>τὸν</span> <span class='ocrx_word' id='word_1_667' title='bbox 3397 4508 3583 4584; x_wconf 92' lang='grc' dir='ltr'>λόγον,</span> <span class='ocrx_word' id='word_1_668' title='bbox 3617 4506 3673 4563; x_wconf 76' lang='grc' dir='ltr'>εὖ</span> <span class='ocrx_word' id='word_1_669' title='bbox 3724 4504 3866 4577; x_wconf 81' lang='grc' dir='ltr'>οἶδα,</span> 
     </span>
    </p>
   </div>
   <div class='ocr_carea' id='block_1_95' title="bbox 458 4594 2109 4673">
    <p class='ocr_par' dir='ltr' id='par_1_95' title="bbox 458 4594 2109 4673">
     <span class='ocr_line' id='line_1_95' title="bbox 458 4594 2109 4673; baseline 0.008 -25"><span class='ocrx_word' id='word_1_670' title='bbox 458 4594 727 4652; x_wconf 84' lang='lat' dir='ltr'>futurum</span> <span class='ocrx_word' id='word_1_671' title='bbox 756 4598 1113 4655; x_wconf 89' lang='lat' dir='ltr'>vaticinandi</span> <span class='ocrx_word' id='word_1_672' title='bbox 1142 4601 1192 4656; x_wconf 89' lang='lat' dir='ltr'>ei</span> <span class='ocrx_word' id='word_1_673' title='bbox 1224 4596 1411 4673; x_wconf 86' lang='lat' dir='ltr'>gratia</span> <span class='ocrx_word' id='word_1_674' title='bbox 1442 4603 1661 4658; x_wconf 86' lang='lat' dir='ltr'>deerat.</span> <span class='ocrx_word' id='word_1_675' title='bbox 1696 4604 1810 4660; x_wconf 91' lang='lat' dir='ltr'>Nec</span> <span class='ocrx_word' id='word_1_676' title='bbox 1840 4621 1973 4661; x_wconf 89' lang='lat' dir='ltr'>vero</span> <span class='ocrx_word' id='word_1_677' title='bbox 2004 4605 2109 4661; x_wconf 90' lang='lat' dir='ltr'>du-</span> 
     </span>
    </p>
   </div>
   <div class='ocr_carea' id='block_1_96' title="bbox 534 4746 1021 4816">
    <p class='ocr_par' dir='ltr' id='par_1_96' title="bbox 534 4746 1021 4816">
     <span class='ocr_line' id='line_1_96' title="bbox 534 4746 1021 4816; baseline 0.004 -13"><span class='ocrx_word' id='word_1_678' title='bbox 534 4746 577 4782; x_wconf 81' lang='grc'>¹²</span> <span class='ocrx_word' id='word_1_679' title='bbox 610 4747 631 4802; x_wconf 91' lang='grc' dir='ltr'>Ι</span> <span class='ocrx_word' id='word_1_680' title='bbox 661 4747 787 4804; x_wconf 88' lang='lat' dir='ltr'>Cor.</span> <span class='ocrx_word' id='word_1_681' title='bbox 824 4766 902 4816; x_wconf 81' lang='lat' dir='ltr'>1x,</span> <span class='ocrx_word' id='word_1_682' title='bbox 936 4750 1021 4805; x_wconf 89' lang='grc'>18.</span> 
     </span>
    </p>
   </div>
   <div class='ocr_carea' id='block_1_97' title="bbox 530 4888 2112 4967">
    <p class='ocr_par' dir='ltr' id='par_1_97' title="bbox 530 4888 2112 4967">
     <span class='ocr_line' id='line_1_97' title="bbox 530 4888 2112 4967; baseline 0.005 -22"><span class='ocrx_word' id='word_1_683' title='bbox 530 4888 643 4967; x_wconf 72' lang='lat'>(_4_6)</span> <span class='ocrx_word' id='word_1_684' title='bbox 674 4890 768 4946; x_wconf 92' lang='lat' dir='ltr'>Sic</span> <span class='ocrx_word' id='word_1_685' title='bbox 797 4890 939 4965; x_wconf 90' lang='lat' dir='ltr'>legit</span> <span class='ocrx_word' id='word_1_686' title='bbox 960 4892 1206 4967; x_wconf 15' lang='lat' dir='ltr'>gBillius,</span> <span class='ocrx_word' id='word_1_687' title='bbox 1238 4894 1324 4950; x_wconf 91' lang='lat' dir='ltr'>sic</span> <span class='ocrx_word' id='word_1_688' title='bbox 1373 4894 1576 4967; x_wconf 88' lang='lat' dir='ltr'>volunt</span> <span class='ocrx_word' id='word_1_689' title='bbox 1622 4895 1849 4967; x_wconf 90' lang='lat' dir='ltr'>antiqui</span> <span class='ocrx_word' id='word_1_690' title='bbox 1880 4897 2017 4953; x_wconf 86' lang='lat' dir='ltr'>edit.</span> <span class='ocrx_word' id='word_1_691' title='bbox 2052 4900 2112 4953; x_wconf 87' lang='lat' dir='ltr'>et</span> 
     </span>
    </p>
   </div>
   <div class='ocr_carea' id='block_1_98' title="bbox 461 4961 2109 5035">
    <p class='ocr_par' dir='ltr' id='par_1_98' title="bbox 461 4961 2109 5035">
     <span class='ocr_line' id='line_1_98' title="bbox 461 4961 2109 5035; baseline 0.005 -20"><span class='ocrx_word' id='word_1_692' title='bbox 461 4961 630 5016; x_wconf 92' lang='lat' dir='ltr'>codd.</span> <span class='ocrx_word' id='word_1_693' title='bbox 665 4961 925 5020; x_wconf 69' lang='lat' dir='ltr'>manusc.</span> <span class='ocrx_word' id='word_1_694' title='bbox 958 4965 1020 5019; x_wconf 91' lang='lat' dir='ltr'>P.</span> <span class='ocrx_word' id='word_1_695' title='bbox 1054 4961 1211 5022; x_wconf 87' lang='lat' dir='ltr'>Colb.</span> <span class='ocrx_word' id='word_1_696' title='bbox 1237 4968 1288 5035; x_wconf 89' lang='lat'>1,</span> <span class='ocrx_word' id='word_1_697' title='bbox 1320 4971 1377 5022; x_wconf 83' lang='lat' dir='ltr'>et</span> <span class='ocrx_word' id='word_1_698' title='bbox 1406 4966 1501 5022; x_wconf 91' lang='lat' dir='ltr'>Or.</span> <span class='ocrx_word' id='word_1_699' title='bbox 1535 4967 1694 5023; x_wconf 90' lang='lat' dir='ltr'>Colb.</span> <span class='ocrx_word' id='word_1_700' title='bbox 1726 4961 1783 5034; x_wconf 63' lang='grc'>2,</span> <span class='ocrx_word' id='word_1_701' title='bbox 1814 4967 1889 5031; x_wconf 81' lang='grc' dir='ltr'>εἷς</span> <span class='ocrx_word' id='word_1_702' title='bbox 1918 4967 2109 5023; x_wconf 87' lang='grc' dir='ltr'>τοσού-</span> 
     </span>
    </p>
   </div>
   <div class='ocr_carea' id='block_1_99' title="bbox 459 5034 1873 5114">
    <p class='ocr_par' dir='ltr' id='par_1_99' title="bbox 459 5034 1873 5114">
     <span class='ocr_line' id='line_1_99' title="bbox 459 5034 1873 5114; baseline 0.008 -29"><span class='ocrx_word' id='word_1_703' title='bbox 459 5034 885 5114; x_wconf 50' lang='grc' dir='ltr'>των-σωτηρίας.</span> <span class='ocrx_word' id='word_1_704' title='bbox 922 5035 983 5114; x_wconf 75' lang='lat' dir='ltr'>lu</span> <span class='ocrx_word' id='word_1_705' title='bbox 1014 5037 1151 5092; x_wconf 85' lang='lat' dir='ltr'>edit.</span> <span class='ocrx_word' id='word_1_706' title='bbox 1184 5034 1544 5114; x_wconf 62' lang='grc' dir='ltr'>εἰςτοσοῖιτον</span> <span class='ocrx_word' id='word_1_707' title='bbox 1579 5038 1873 5114; x_wconf 78' lang='grc' dir='ltr'>σωτηρίας.</span> 
     </span>
    </p>
   </div>
   <div class='ocr_carea' id='block_1_100' title="bbox 535 5103 2113 5181">
    <p class='ocr_par' dir='ltr' id='par_1_100' title="bbox 535 5103 2113 5181">
     <span class='ocr_line' id='line_1_100' title="bbox 535 5103 2113 5181; baseline 0.006 -24"><span class='ocrx_word' id='word_1_708' title='bbox 535 5103 647 5181; x_wconf 55' lang='grc'>(47)</span> <span class='ocrx_word' id='word_1_709' title='bbox 679 5103 792 5181; x_wconf 51' lang='lat' dir='ltr'>Ital</span> <span class='ocrx_word' id='word_1_710' title='bbox 818 5106 1157 5181; x_wconf 72' lang='grc' dir='ltr'>κατέχοντες,</span> <span class='ocrx_word' id='word_1_711' title='bbox 1198 5116 1327 5181; x_wconf 86' lang='lat' dir='ltr'>etc.</span> <span class='ocrx_word' id='word_1_712' title='bbox 1384 5110 1608 5166; x_wconf 90' lang='lat' dir='ltr'>Clarior</span> <span class='ocrx_word' id='word_1_713' title='bbox 1664 5103 1834 5168; x_wconf 71' lang='lat' dir='ltr'>nobis</span> <span class='ocrx_word' id='word_1_714' title='bbox 1884 5112 2113 5167; x_wconf 91' lang='lat' dir='ltr'>videtur</span> 
     </span>
    </p>
   </div>
   <div class='ocr_carea' id='block_1_101' title="bbox 463 5174 2111 5253">
    <p class='ocr_par' dir='ltr' id='par_1_101' title="bbox 463 5174 2111 5253">
     <span class='ocr_line' id='line_1_101' title="bbox 463 5174 2111 5253; baseline 0.005 -23"><span class='ocrx_word' id='word_1_715' title='bbox 463 5174 796 5253; x_wconf 65' lang='lat' dir='ltr'>gombeﬁsii</span> <span class='ocrx_word' id='word_1_716' title='bbox 844 5174 1265 5253; x_wconf 75' lang='lat' dir='ltr'>interpretatio,</span> <span class='ocrx_word' id='word_1_717' title='bbox 1312 5198 1491 5253; x_wconf 89' lang='lat' dir='ltr'>quam</span> <span class='ocrx_word' id='word_1_718' title='bbox 1546 5182 1889 5253; x_wconf 84' lang='lat' dir='ltr'>sequimur;</span> <span class='ocrx_word' id='word_1_719' title='bbox 1936 5183 2111 5239; x_wconf 89' lang='lat' dir='ltr'>vertit</span> 
     </span>
    </p>
   </div>
   <div class='ocr_carea' id='block_1_102' title="bbox 465 5245 2112 5321">
    <p class='ocr_par' dir='ltr' id='par_1_102' title="bbox 465 5245 2112 5321">
     <span class='ocr_line' id='line_1_102' title="bbox 465 5245 2112 5321; baseline 0.007 -23"><span class='ocrx_word' id='word_1_720' title='bbox 465 5245 690 5321; x_wconf 74' lang='lat' dir='ltr'>Billius.</span> <span class='ocrx_word' id='word_1_721' title='bbox 716 5250 859 5305; x_wconf 84' lang='lat' dir='ltr'>velut</span> <span class='ocrx_word' id='word_1_722' title='bbox 885 5245 1136 5321; x_wconf 52' lang='lat' dir='ltr'>prg&#39;dam</span> <span class='ocrx_word' id='word_1_723' title='bbox 1163 5245 1600 5308; x_wconf 56' lang='lat' dir='ltr'>sua&#39;m&#39;consertis</span> <span class='ocrx_word' id='word_1_724' title='bbox 1619 5245 2112 5312; x_wconf 46' lang='lat' dir='ltr'>manibus&#39;retine-</span> 
     </span>
    </p>
   </div>
   <div class='ocr_carea' id='block_1_103' title="bbox 468 5316 1834 5407">
    <p class='ocr_par' dir='ltr' id='par_1_103' title="bbox 468 5316 1834 5407">
     <span class='ocr_line' id='line_1_103' title="bbox 468 5316 1834 5407; baseline 0.009 -37"><span class='ocrx_word' id='word_1_725' title='bbox 468 5316 816 5407; x_wconf 30' lang='lat' dir='ltr'>miramque</span> <span class='ocrx_word' id='word_1_726' title='bbox 845 5316 1042 5407; x_wconf 51' lang='lat' dir='ltr'>{pendo</span> <span class='ocrx_word' id='word_1_727' title='bbox 1060 5324 1342 5407; x_wconf 71' lang='lat' dir='ltr'>judicium</span> <span class='ocrx_word' id='word_1_728' title='bbox 1369 5342 1532 5380; x_wconf 76' lang='lat' dir='ltr'>suum</span> <span class='ocrx_word' id='word_1_729' title='bbox 1558 5328 1834 5397; x_wconf 77' lang='lat' dir='ltr'>fovebant.</span> 
     </span>
    </p>
   </div>
   <div class='ocr_carea' id='block_1_104' title="bbox 536 5388 1241 5531">
    <p class='ocr_par' dir='ltr' id='par_1_104' title="bbox 536 5388 1241 5531">
     <span class='ocr_line' id='line_1_104' title="bbox 536 5388 1241 5531; baseline 0.01 -88"><span class='ocrx_word' id='word_1_730' title='bbox 536 5388 650 5531; x_wconf 55' lang='lat'><strong>(48)</strong></span> <span class='ocrx_word' id='word_1_731' title='bbox 676 5388 810 5447; x_wconf 68' lang='lat' dir='ltr'>de.</span> <span class='ocrx_word' id='word_1_732' title='bbox 844 5392 904 5447; x_wconf 89' lang='grc' dir='ltr'>Ρ.</span> <span class='ocrx_word' id='word_1_733' title='bbox 943 5388 1241 5463; x_wconf 77' lang='grc' dir='ltr'>μετάνοιαν.</span> 
     </span>
     <span class='ocr_line' id='line_1_105' title="bbox 563 5461 1241 5522; baseline 0.012 -8"><span class='ocrx_word' id='word_1_734' title='bbox 563 5461 629 5514; x_wconf 82' lang='grc'>49</span> <span class='ocrx_word' id='word_1_735' title='bbox 680 5466 738 5516; x_wconf 87' lang='grc' dir='ltr'>Ἡ</span> <span class='ocrx_word' id='word_1_736' title='bbox 768 5465 929 5519; x_wconf 86' lang='lat' dir='ltr'>deest</span> <span class='ocrx_word' id='word_1_737' title='bbox 958 5466 1014 5519; x_wconf 90' lang='lat' dir='ltr'>in</span> <span class='ocrx_word' id='word_1_738' title='bbox 1047 5467 1171 5521; x_wconf 93' lang='lat' dir='ltr'>cod.</span> <span class='ocrx_word' id='word_1_739' title='bbox 1206 5467 1241 5522; x_wconf 84' lang='grc' dir='ltr'>Ο</span> 
     </span>
    </p>
   </div>
   <div class='ocr_carea' id='block_1_105' title="bbox 563 5461 1298 5522">
    <p class='ocr_par' dir='ltr' id='par_1_105' title="bbox 563 5461 1298 5522">
     <span class='ocr_line' id='line_1_106' title="bbox 563 5461 1298 5522; baseline 0.008 -8"><span class='ocrx_word' id='word_1_740' title='bbox 563 5461 650 5522; x_wconf 82' lang='grc'>49)</span> <span class='ocrx_word' id='word_1_741' title='bbox 680 5466 738 5516; x_wconf 87' lang='grc' dir='ltr'>Ἡ</span> <span class='ocrx_word' id='word_1_742' title='bbox 768 5461 1014 5519; x_wconf 64' lang='grc' dir='ltr'>ἀοοειῖι]</span> <span class='ocrx_word' id='word_1_743' title='bbox 1047 5467 1171 5521; x_wconf 93' lang='lat' dir='ltr'>cod.</span> <span class='ocrx_word' id='word_1_744' title='bbox 1206 5467 1298 5522; x_wconf 90' lang='lat' dir='ltr'>Or.</span> 
     </span>
    </p>
   </div>
   <div class='ocr_carea' id='block_1_106' title="bbox 541 5533 2109 5607">
    <p class='ocr_par' dir='ltr' id='par_1_106' title="bbox 541 5533 2109 5607">
     <span class='ocr_line' id='line_1_107' title="bbox 541 5533 2109 5607; baseline 0.006 -22"><span class='ocrx_word' id='word_1_745' title='bbox 541 5533 660 5607; x_wconf 74' lang='lat'><strong>(50)</strong></span> <span class='ocrx_word' id='word_1_746' title='bbox 683 5534 770 5595; x_wconf 83' lang='grc' dir='ltr'>Ὠς</span> <span class='ocrx_word' id='word_1_747' title='bbox 803 5536 966 5607; x_wconf 82' lang='lat' dir='ltr'>deest</span> <span class='ocrx_word' id='word_1_748' title='bbox 995 5538 1063 5607; x_wconf 89' lang='lat' dir='ltr'>in_</span> <span class='ocrx_word' id='word_1_749' title='bbox 1082 5538 1210 5593; x_wconf 92' lang='lat' dir='ltr'>cod.</span> <span class='ocrx_word' id='word_1_750' title='bbox 1246 5539 1365 5607; x_wconf 85' lang='lat' dir='ltr'>Or.,</span> <span class='ocrx_word' id='word_1_751' title='bbox 1399 5538 1498 5593; x_wconf 88' lang='lat' dir='ltr'>sed</span> <span class='ocrx_word' id='word_1_752' title='bbox 1551 5539 1817 5607; x_wconf 87' lang='lat' dir='ltr'>Montac.,</span> <span class='ocrx_word' id='word_1_753' title='bbox 1850 5539 2109 5597; x_wconf 84' lang='lat' dir='ltr'>Combet‘.</span> 
     </span>
    </p>
   </div>
   <div class='ocr_carea' id='block_1_107' title="bbox 465 5604 2111 5686">
    <p class='ocr_par' dir='ltr' id='par_1_107' title="bbox 465 5604 2111 5686">
     <span class='ocr_line' id='line_1_108' title="bbox 465 5604 2111 5686; baseline 0.004 -25"><span class='ocrx_word' id='word_1_754' title='bbox 465 5604 523 5661; x_wconf 88' lang='lat' dir='ltr'>et</span> <span class='ocrx_word' id='word_1_755' title='bbox 570 5604 725 5661; x_wconf 86' lang='lat' dir='ltr'>Colb.</span> <span class='ocrx_word' id='word_1_756' title='bbox 758 5608 810 5674; x_wconf 82' lang='lat'>2,</span> <span class='ocrx_word' id='word_1_757' title='bbox 858 5604 934 5667; x_wconf 86' lang='grc' dir='ltr'>ὡς</span> <span class='ocrx_word' id='word_1_758' title='bbox 980 5604 1067 5660; x_wconf 77' lang='grc' dir='ltr'>καί</span> <span class='ocrx_word' id='word_1_759' title='bbox 1114 5604 1340 5677; x_wconf 85' lang='grc' dir='ltr'>ποικίλη</span> <span class='ocrx_word' id='word_1_760' title='bbox 1392 5608 1471 5686; x_wconf 81' lang='grc' dir='ltr'>ἑφ⁹</span> <span class='ocrx_word' id='word_1_761' title='bbox 1518 5608 1732 5679; x_wconf 84' lang='grc' dir='ltr'>ἑαυτήν.</span> <span class='ocrx_word' id='word_1_762' title='bbox 1780 5604 1917 5668; x_wconf 83' lang='lat' dir='ltr'>Cod.</span> <span class='ocrx_word' id='word_1_763' title='bbox 1952 5616 2014 5665; x_wconf 83' lang='grc' dir='ltr'>Ρ.</span> <span class='ocrx_word' id='word_1_764' title='bbox 2047 5610 2111 5667; x_wconf 86' lang='grc' dir='ltr'>Ἡ</span> 
     </span>
    </p>
   </div>
   <div class='ocr_carea' id='block_1_108' title="bbox 2216 4595 3865 4676">
    <p class='ocr_par' dir='ltr' id='par_1_108' title="bbox 2216 4595 3865 4676">
     <span class='ocr_line' id='line_1_109' title="bbox 2216 4595 3865 4676; baseline -0.004 -19"><span class='ocrx_word' id='word_1_765' title='bbox 2216 4603 2523 4671; x_wconf 78' lang='grc' dir='ltr'>πιστοῦσθε,</span> <span class='ocrx_word' id='word_1_766' title='bbox 2555 4599 2671 4655; x_wconf 77' lang='grc' dir='ltr'>ὅσοι</span> <span class='ocrx_word' id='word_1_767' title='bbox 2702 4604 2799 4654; x_wconf 80' lang='grc' dir='ltr'>τοῦ</span> <span class='ocrx_word' id='word_1_768' title='bbox 2830 4595 3022 4675; x_wconf 86' lang='grc' dir='ltr'>ἀνδρὸς</span> <span class='ocrx_word' id='word_1_769' title='bbox 3078 4604 3179 4668; x_wconf 85' lang='grc' dir='ltr'>τῆς</span> <span class='ocrx_word' id='word_1_770' title='bbox 3230 4598 3421 4676; x_wconf 82' lang='grc' dir='ltr'>σοφίας</span> <span class='ocrx_word' id='word_1_771' title='bbox 3469 4600 3865 4672; x_wconf 76' lang='grc' dir='ltr'>κατατρυφᾶτε.</span> 
     </span>
    </p>
   </div>
   <div class='ocr_carea' id='block_1_109' title="bbox 2224 4890 3831 5023">
    <p class='ocr_par' dir='ltr' id='par_1_109' title="bbox 2224 4890 3831 5023">
     <span class='ocr_line' id='line_1_110' title="bbox 2224 4890 3831 4973; baseline -0.003 -24"><span class='ocrx_word' id='word_1_772' title='bbox 2224 4895 2317 4970; x_wconf 78' lang='grc' dir='ltr'>μὲν</span> <span class='ocrx_word' id='word_1_773' title='bbox 2387 4895 2450 4969; x_wconf 73' lang='grc' dir='ltr'>ἀρ</span> <span class='ocrx_word' id='word_1_774' title='bbox 2480 4892 2713 4949; x_wconf 85' lang='grc' dir='ltr'>κολακία</span> <span class='ocrx_word' id='word_1_775' title='bbox 2736 4890 3043 4962; x_wconf 80' lang='grc' dir='ltr'>καπηλική.</span> <span class='ocrx_word' id='word_1_776' title='bbox 3588 4962 3599 4973; x_wconf 46' lang='grc'><strong><em>.</em></strong></span> <span class='ocrx_word' id='word_1_777' title='bbox 3821 4962 3831 4971; x_wconf 44' lang='lat'>&#39;</span> 
     </span>
     <span class='ocr_line' id='line_1_111' title="bbox 2292 4913 3831 5023; baseline -0.005 0"><span class='ocrx_word' id='word_1_778' title='bbox 2292 4913 2403 5023; x_wconf 55' lang='lat'><strong>(51)</strong></span> <span class='ocrx_word' id='word_1_779' title='bbox 2434 4966 2677 5023; x_wconf 81' lang='lat' dir='ltr'>Antiqui</span> <span class='ocrx_word' id='word_1_780' title='bbox 2705 4964 2843 5022; x_wconf 90' lang='lat' dir='ltr'>edit.</span> <span class='ocrx_word' id='word_1_781' title='bbox 2875 4963 3098 5022; x_wconf 89' lang='lat' dir='ltr'>volunt.</span> <span class='ocrx_word' id='word_1_782' title='bbox 3127 4962 3218 5018; x_wconf 87' lang='grc' dir='ltr'>τὸν</span> <span class='ocrx_word' id='word_1_783' title='bbox 3250 4960 3435 5023; x_wconf 81' lang='grc' dir='ltr'>λόγον.</span> <span class='ocrx_word' id='word_1_784' title='bbox 3468 4966 3526 5019; x_wconf 91' lang='lat' dir='ltr'>et</span> <span class='ocrx_word' id='word_1_785' title='bbox 3553 4978 3639 5018; x_wconf 83' lang='lat'>810</span> <span class='ocrx_word' id='word_1_786' title='bbox 3669 4961 3831 5017; x_wconf 79' lang='lat' dir='ltr'>reddi</span> 
     </span>
    </p>
   </div>
   <div class='ocr_carea' id='block_1_110' title="bbox 2266 4960 3870 5050">
    <p class='ocr_par' dir='ltr' id='par_1_110' title="bbox 2266 4960 3870 5050">
     <span class='ocr_line' id='line_1_112' title="bbox 2266 4960 3870 5050; baseline -0.01 -27"><span class='ocrx_word' id='word_1_787' title='bbox 2266 4960 2677 5050; x_wconf 39' lang='lat' dir='ltr'>.(5&#39;1)&quot;§ntiqui</span> <span class='ocrx_word' id='word_1_788' title='bbox 2705 4964 2843 5022; x_wconf 89' lang='lat' dir='ltr'>edit.</span> <span class='ocrx_word' id='word_1_789' title='bbox 2872 4960 3098 5022; x_wconf 83' lang='lat' dir='ltr'>volunt.</span> <span class='ocrx_word' id='word_1_790' title='bbox 3127 4962 3218 5018; x_wconf 87' lang='grc' dir='ltr'>τὸν</span> <span class='ocrx_word' id='word_1_791' title='bbox 3250 4960 3435 5039; x_wconf 81' lang='grc' dir='ltr'>λόγον,</span> <span class='ocrx_word' id='word_1_792' title='bbox 3468 4966 3526 5019; x_wconf 90' lang='lat' dir='ltr'>et</span> <span class='ocrx_word' id='word_1_793' title='bbox 3553 4962 3639 5018; x_wconf 88' lang='lat' dir='ltr'>sic</span> <span class='ocrx_word' id='word_1_794' title='bbox 3669 4961 3870 5017; x_wconf 88' lang='lat' dir='ltr'>reddi.</span> 
     </span>
    </p>
   </div>
   <div class='ocr_carea' id='block_1_111' title="bbox 2221 5038 3867 5187">
    <p class='ocr_par' dir='ltr' id='par_1_111' title="bbox 2221 5038 3867 5187">
     <span class='ocr_line' id='line_1_113' title="bbox 2221 5038 3867 5187; baseline 0 0"><span class='ocrx_word' id='word_1_795' title='bbox 2221 5038 2743 5187; x_wconf 58' lang='grc' dir='ltr'>ὼίέἒῗὲἓεῗζςοωο</span> <span class='ocrx_word' id='word_1_796' title='bbox 2765 5109 2802 5161; x_wconf 80' lang='lat'><strong><em>2</em></strong></span> <span class='ocrx_word' id='word_1_797' title='bbox 2825 5100 3423 5187; x_wconf 49' lang='lat' dir='ltr'>rei»;</span> 
     </span>
    </p>
   </div>
   <div class='ocr_carea' id='block_1_112' title="bbox 2312 5175 3874 5249">
    <p class='ocr_par' dir='ltr' id='par_1_112' title="bbox 2312 5175 3874 5249">
     <span class='ocr_line' id='line_1_114' title="bbox 2312 5175 3874 5249; baseline -0.004 -12"><span class='ocrx_word' id='word_1_798' title='bbox 2312 5175 2403 5249; x_wconf 85' lang='lat'>53)</span> <span class='ocrx_word' id='word_1_799' title='bbox 2436 5182 2522 5237; x_wconf 89' lang='lat' dir='ltr'>Ita</span> <span class='ocrx_word' id='word_1_800' title='bbox 2566 5181 2816 5244; x_wconf 87' lang='lat' dir='ltr'>Moutac,</span> <span class='ocrx_word' id='word_1_801' title='bbox 2844 5182 2902 5233; x_wconf 90' lang='lat' dir='ltr'>et</span> <span class='ocrx_word' id='word_1_802' title='bbox 2947 5177 3043 5233; x_wconf 90' lang='lat' dir='ltr'>alii</span> <span class='ocrx_word' id='word_1_803' title='bbox 3075 5178 3214 5233; x_wconf 91' lang='lat' dir='ltr'>edit.</span> <span class='ocrx_word' id='word_1_804' title='bbox 3246 5177 3338 5233; x_wconf 86' lang='lat' dir='ltr'>Sic</span> <span class='ocrx_word' id='word_1_805' title='bbox 3388 5176 3528 5249; x_wconf 87' lang='lat' dir='ltr'>legit</span> <span class='ocrx_word' id='word_1_806' title='bbox 3560 5175 3788 5249; x_wconf 25' lang='lat' dir='ltr'>AB&#39;illius</span> <span class='ocrx_word' id='word_1_807' title='bbox 3818 5180 3874 5230; x_wconf 89' lang='lat' dir='ltr'>et</span> 
     </span>
    </p>
   </div>
   <div class='ocr_carea' id='block_1_113' title="bbox 2218 5246 3870 5339">
    <p class='ocr_par' dir='ltr' id='par_1_113' title="bbox 2218 5246 3870 5339">
     <span class='ocr_line' id='line_1_115' title="bbox 2218 5246 3870 5339; baseline -0.003 -34"><span class='ocrx_word' id='word_1_808' title='bbox 2218 5246 2424 5339; x_wconf 71' lang='lat' dir='ltr'>volunt</span> <span class='ocrx_word' id='word_1_809' title='bbox 2470 5253 2640 5309; x_wconf 89' lang='lat' dir='ltr'>codd.</span> <span class='ocrx_word' id='word_1_810' title='bbox 2693 5251 2752 5305; x_wconf 92' lang='lat' dir='ltr'>P.</span> <span class='ocrx_word' id='word_1_811' title='bbox 2786 5249 2945 5306; x_wconf 91' lang='lat' dir='ltr'>Colb.</span> <span class='ocrx_word' id='word_1_812' title='bbox 2997 5250 3049 5316; x_wconf 89' lang='lat'>1,</span> <span class='ocrx_word' id='word_1_813' title='bbox 3079 5250 3134 5316; x_wconf 88' lang='lat'>2,</span> <span class='ocrx_word' id='word_1_814' title='bbox 3166 5252 3224 5304; x_wconf 84' lang='lat' dir='ltr'>et</span> <span class='ocrx_word' id='word_1_815' title='bbox 3252 5249 3349 5304; x_wconf 90' lang='lat' dir='ltr'>Or.</span> <span class='ocrx_word' id='word_1_816' title='bbox 3399 5246 3471 5304; x_wconf 74' lang='grc' dir='ltr'>Ιῐῐ</span> <span class='ocrx_word' id='word_1_817' title='bbox 3508 5247 3647 5303; x_wconf 87' lang='lat' dir='ltr'>edit.</span> <span class='ocrx_word' id='word_1_818' title='bbox 3678 5246 3870 5322; x_wconf 80' lang='grc' dir='ltr'>ἀναφα-</span> 
     </span>
    </p>
   </div>
   <div class='ocr_carea' id='block_1_114' title="bbox 2220 5344 3873 5468">
    <p class='ocr_par' dir='ltr' id='par_1_114' title="bbox 2220 5344 3873 5468">
     <span class='ocr_line' id='line_1_116' title="bbox 2220 5344 3873 5468; baseline -0.008 -16"><span class='ocrx_word' id='word_1_819' title='bbox 2429 5394 2704 5468; x_wconf 88' lang='lat' dir='ltr'>Combef._</span> <span class='ocrx_word' id='word_1_820' title='bbox 2727 5391 2987 5468; x_wconf 56' lang='lat' dir='ltr'>&#39;Ejra&#39;v_&#39;te</span> <span class='ocrx_word' id='word_1_821' title='bbox 3018 5388 3417 5468; x_wconf 36' lang='lat' dir='ltr'>~1alév‘_COlb.</span> <span class='ocrx_word' id='word_1_822' title='bbox 3475 5393 3529 5457; x_wconf 80' lang='grc'>2,</span> <span class='ocrx_word' id='word_1_823' title='bbox 3578 5392 3752 5445; x_wconf 63' lang='lat' dir='ltr'>&quot;Amm</span> <span class='ocrx_word' id='word_1_824' title='bbox 3814 5384 3873 5441; x_wconf 70' lang='grc' dir='ltr'>δὲ</span> 
     </span>
    </p>
   </div>
   <div class='ocr_carea' id='block_1_115' title="bbox 2220 5459 3476 5534">
    <p class='ocr_par' dir='ltr' id='par_1_115' title="bbox 2220 5459 3476 5534">
     <span class='ocr_line' id='line_1_117' title="bbox 2220 5459 3476 5534; baseline -0.005 -16"><span class='ocrx_word' id='word_1_825' title='bbox 2220 5459 2404 5521; x_wconf 59' lang='grc' dir='ltr'>καλόνί</span> <span class='ocrx_word' id='word_1_826' title='bbox 2444 5483 2575 5534; x_wconf 66' lang='lat' dir='ltr'>mox</span> <span class='ocrx_word' id='word_1_827' title='bbox 2605 5466 2732 5521; x_wconf 88' lang='lat' dir='ltr'>cod.</span> <span class='ocrx_word' id='word_1_828' title='bbox 2765 5464 2861 5520; x_wconf 84' lang='lat' dir='ltr'>Or.</span> <span class='ocrx_word' id='word_1_829' title='bbox 2895 5461 2947 5516; x_wconf 85' lang='grc' dir='ltr'>έν</span> <span class='ocrx_word' id='word_1_830' title='bbox 2978 5465 3047 5534; x_wconf 79' lang='grc' dir='ltr'>τῇ</span> <span class='ocrx_word' id='word_1_831' title='bbox 3068 5459 3273 5534; x_wconf 67' lang='grc' dir='ltr'>αὐτοῦ.</span> <span class='ocrx_word' id='word_1_832' title='bbox 3402 5532 3445 5534; x_wconf 43' lang='grc' dir='ltr'>μ</span> <span class='ocrx_word' id='word_1_833' title='bbox 3472 5485 3476 5488; x_wconf 43' lang='grc'><em>⁴</em></span> 
     </span>
    </p>
   </div>
   <div class='ocr_carea' id='block_1_116' title="bbox 2292 5530 3870 5611">
    <p class='ocr_par' dir='ltr' id='par_1_116' title="bbox 2292 5530 3870 5611">
     <span class='ocr_line' id='line_1_118' title="bbox 2292 5530 3870 5611; baseline -0.004 -18"><span class='ocrx_word' id='word_1_834' title='bbox 2292 5538 2403 5609; x_wconf 88' lang='grc'>(55)</span> <span class='ocrx_word' id='word_1_835' title='bbox 2460 5533 2744 5611; x_wconf 20' lang='grc' dir='ltr'>Ουδὲλτοῦ</span> <span class='ocrx_word' id='word_1_836' title='bbox 2800 5530 3182 5611; x_wconf 77' lang='grc' dir='ltr'>προφητεύειν,</span> <span class='ocrx_word' id='word_1_837' title='bbox 3242 5537 3351 5611; x_wconf 79' lang='lat' dir='ltr'>etc.</span> <span class='ocrx_word' id='word_1_838' title='bbox 3400 5531 3586 5611; x_wconf 68' lang='lat' dir='ltr'>Yertit</span> <span class='ocrx_word' id='word_1_839' title='bbox 3645 5530 3870 5603; x_wconf 85' lang='lat' dir='ltr'>Billius,</span> 
     </span>
    </p>
   </div>
   <div class='ocr_carea' id='block_1_117' title="bbox 2221 5604 3604 5681">
    <p class='ocr_par' dir='ltr' id='par_1_117' title="bbox 2221 5604 3604 5681">
     <span class='ocr_line' id='line_1_119' title="bbox 2221 5604 3604 5681; baseline -0.004 -17"><span class='ocrx_word' id='word_1_840' title='bbox 2221 5604 2443 5666; x_wconf 55' lang='lat' dir='ltr'>itdne&#39;a</span> <span class='ocrx_word' id='word_1_841' title='bbox 2468 5608 2762 5681; x_wconf 54' lang='lat' dir='ltr'>prophetia</span> <span class='ocrx_word' id='word_1_842' title='bbox 2791 5604 3009 5681; x_wconf 61' lang='lat' dir='ltr'>quidem</span> <span class='ocrx_word' id='word_1_843' title='bbox 3035 5607 3216 5675; x_wconf 75' lang='lat' dir='ltr'>gratia</span> <span class='ocrx_word' id='word_1_844' title='bbox 3238 5604 3604 5660; x_wconf 77' lang='lat' dir='ltr'>deserebatur.</span> 
     </span>
    </p>
   </div>
  </div>
