4152 6208
279 374 381 434 289

1249 370 1615 435 AUCTORE
1659 340 2053 432 esseomo
2097 366 2639 435 Passev'rsao.

3530 372 3649 438 290

279 501 433 562 Καλὸν
467 500 524 557 δὲ
546 506 662 564 τοῖς
709 498 872 558 αὐτοῦ
928 501 1115 578 ῥητοῖς
1162 504 1253 558 καὶ
1293 505 1390 572 τὴν
1433 503 1743 580 συγγραφὴν
1775 503 1889 574 (56)

2024 503 2122 559 )ito
2154 503 2297 576 quin
2341 507 2497 577 apud
2539 523 2657 574 vos,
2682 506 2783 578 qui
2815 506 3001 579 ipsius
3050 506 3337 579 sapientia
3366 509 3648 579 majorem

275 598 365 648 τῶν
433 592 574 663 αὐτῷ
655 590 1047 668 πεπραγμένων
1148 589 1309 662 τήνδε
1412 597 1888 665 κατακοσμεῖσθαι.

276 688 410 757 Ἔχει
441 679 495 735 δὲ
524 683 558 749 ἡ
592 680 736 751 λέξις
770 680 941 743 οὕτως
977 680 1035 736 ἐκ
1061 686 1159 736 τοῦ
1191 679 1358 757 λόγου
1387 687 1483 736 τοῦ
1516 682 1590 743 εἰς
1621 683 1719 751 τήν
1751 701 1887 756 παρ-

276 770 432 824 ουσίαν
504 774 611 824 τῶν
690 770 876 825 ἑκατὸν
951 772 1287 839 πεντήκοντα
1370 773 1482 844 (57)
1558 768 1886 824 ἐπισκόπων·

277 884 299 914 ι
324 858 539 916 Τοιοῦτό
587 880 720 914 ποτε
765 864 927 915 τοῦτο
956 860 1018 914 τὸ
1050 858 1333 932 ποίμνιον,
1364 860 1454 914 καὶ
1504 863 1723 914 τοιοῦτο
1774 862 1889 931 νῦν,

275 948 426 1009 οὕτως
480 946 728 1002 εὐεκτοῦν
782 969 840 1003 τε
890 949 981 1003 καὶ
1037 947 1465 1022 πλατυνόμενον·
1509 949 1557 1002 εἲ
1612 946 1669 1003 δὲ
1724 949 1893 1022 μήπω

272 1035 469 1108 τελέως,
528 1034 657 1091 ἀλλ’
712 1034 789 1098 εἰς
858 1036 1022 1091 τοῦτό
1076 1059 1136 1113 γε
1186 1043 1303 1099 ταῖς
1532 1037 1668 1091 κατὰ
1728 1036 1893 1110 μέρος

275 1121 435 1178 ὁδεῦον
481 1124 836 1199 προσθήκαις
889 1124 1220 1203 προφητεῦω
1268 1122 1347 1193 δὲ,
1380 1123 1461 1179 ὅτι
1508 1125 1597 1179 καὶ
1651 1121 1891 1178 ὁδεῦσον.

274 1210 386 1267 Τάδε
443 1233 535 1284 μοι
586 1212 848 1289 προλέγει
897 1213 960 1267 τὸ
1012 1217 1229 1286 Ηνεῦμα
1274 1213 1338 1267 τὸ
1386 1213 1566 1287 ἅγιον,
1599 1210 1724 1268 εἷ’τι
1755 1232 1895 1288 προ-

273 1301 475 1378 ςητικὸς
524 1300 653 1376 ἐγὼ,
698 1300 785 1356 καὶ
841 1300 1058 1377 βλέπων
1105 1301 1173 1357 τὰ
1218 1299 1543 1377 ἔμπροσθεν.
1593 1326 1622 1352 ››
1670 1299 1779 1356 Οὐκ
1823 1300 1898 1361 εἰς

276 1390 462 1466 μακρὰν
525 1386 587 1444 δὲ
640 1390 731 1445 καὶ
780 1390 846 1445 τὸ
900 1390 1378 1469 προφητευόμενον
1441 1388 1771 1466 ἐπληροῦτο,
1806 1412 1897 1463 μι-

270 1485 387 1553 κροῦ
420 1478 697 1550 Θαλάσσης
746 1480 972 1553 ψάμμον
1002 1478 1223 1554 (59)τῷ
1268 1478 1467 1550 πλήθει
1515 1487 1615 1549 τῆς
1664 1478 1901 1549 Ἐκκλη-

274 1569 371 1629 σίας
425 1569 821 1641 μιμησαμένης
877 1568 966 1623 καὶ
1028 1569 1091 1623 τὸ
1145 1568 1443 1645 παράδοξον
1509 1575 1609 1638 τῆς
1682 1588 1898 1646 προφη-

269 1657 394 1718 τείας
420 1657 482 1711 τὸ
514 1661 701 1730 θαῦμα
738 1665 839 1727 τῆς
866 1652 1133 1719 ἐκϐάσεως
1165 1657 1470 1714 ἐπιστοῦτο.

1999 591 2059 647 in
2093 594 2334 647 modum
2366 594 2761 665 oblectamini,
2788 595 2962 651 ﬁdem
3002 596 3123 651 haec
3151 597 3338 652 oratio
3370 597 3648 654 inveniat.

2000 680 2111 736 Sed
2146 686 2339 736 tamen
2374 698 2559 753 Operae
2603 685 2854 754 pretium
2889 683 3066 739 fuerit
3095 684 3243 739 hanc
3273 685 3344 739 de
3373 686 3550 741 rebus
3580 685 3652 741 ab

2000 784 2066 825 eo
2102 771 2281 842 gestis
2316 770 2617 826 historiam
2652 772 2962 844 ipsiusmet
2984 773 3175 829 verbis
3204 774 3416 829 ornari.
3442 775 3535 830 Sic
3557 793 3655 830 au-

2003 862 2120 914 tem
2146 860 2217 913 ad
2240 861 2479 914 verbum
2507 860 2755 915 habetur
2778 862 2837 916 in
2861 878 2928 917 ea
2948 862 3229 933 oratione,
3249 879 3425 935 quam
3448 864 3656 920 habuit

2003 946 2063 1002 in
2112 948 2419 1018 praesentia
2470 952 2705 1004 centum
2739 950 3168 1022 quinquaginta
3197 950 3603 1023 episcoporum
3636 969 3652 1011 :

2004 1058 2033 1086 ‹‹
2065 1036 2224 1091 Talis
2272 1041 2406 1091 ante
2434 1034 2527 1091 hic
2557 1053 2699 1109 grex
2729 1042 2925 1093 noster
2971 1043 3117 1108 erat,
3140 1037 3388 1110 talisque
3420 1040 3477 1095 in
3508 1058 3655 1113 pra:-

2013 1125 2223 1191 sentia,
2256 1129 2495 1196 tamque
2548 1125 2945 1194 succulentus,
2976 1126 3207 1199 lateque
3236 1133 3555 1199 porrectus,
3589 1147 3657 1188 ao

2008 1215 2057 1270 si
2090 1216 2350 1270 nondum
2396 1215 2807 1286 perfectionem
2840 1221 3166 1287 assecutus,
3198 1218 3269 1272 ad
3303 1234 3431 1273 eam
3462 1222 3658 1275 tamen

2008 1303 2365 1373 quotidianis
2411 1304 2787 1360 incrementis
2825 1305 3221 1376 progrediens,
3255 1310 3430 1378 atque
3459 1307 3660 1377 etiam,

2009 1397 2075 1447 ut
2130 1409 2408 1464 auguror,
2464 1409 2903 1465 progressurus.
2944 1394 3063 1449 Hoc
3112 1394 3257 1449 mihi
3314 1394 3662 1451 vaticinatur

2010 1481 2262 1552 Spiritus
2294 1486 2552 1546 sanctus,
2578 1482 2626 1537 si
2659 1482 2796 1553 quid
2829 1481 3183 1538 vaticinandi
3216 1488 3337 1538 arte
3365 1484 3545 1552 valeo,
3571 1486 3661 1541 fu-

2009 1576 2258 1641 turaque
2289 1570 2598 1641 prospicio.
2630 1594 2649 1619 ι
2686 1571 2800 1626 Nec
2839 1588 2972 1627 vero
3012 1571 3185 1643 longo
3214 1578 3347 1642 post
3374 1578 3658 1645 tempore,

2011 1660 2165 1730 quod
2200 1659 2543 1731 praedixerat
2572 1659 2932 1731 explebatur,
2958 1659 3216 1716 Ecclesia
3236 1661 3516 1718 nimirum
3540 1679 3661 1719 are-

273 1764 343 1801 nis
374 1747 552 1803 maris
587 1746 1022 1803 multitudinem
1054 1748 1475 1819 propemodum
1506 1752 1803 1819 mquante;
1836 1746 2318 1819 prophetiamque
2340 1747 2411 1803 ab
2442 1747 2750 1804 hominum
2779 1748 3051 1820 opinione
3080 1754 3387 1818 remotam,
3419 1756 3660 1808 eventus

270 1837 607 1891 miraculum
637 1837 1076 1908 comprobabat.

329 1923 466 1979 Έπεὶ
517 1920 605 1992 δὲ,
661 1921 928 1998 βασιλέως
989 1918 1239 1984 εὐσεϐοῦς
1288 1921 1759 1999 ἀνακηρυχθέντος
1803 1927 1902 1978 τοῦ

2082 1926 2227 1982 Cum
2278 1928 2471 1981 autem
2520 1924 2616 1997 pio
2648 1924 2998 1995 Theodosio,
3031 1927 3201 1997 cujus
3239 1928 3367 1998 jam
3417 1945 3451 1982 a
3496 1929 3667 1985 nobis

270 2008 363 2081 ἤδη
398 2010 699 2085 εἰρημένου
728 2009 1037 2083 Θεοδοσίου,
1069 2015 1184 2088 φῶς
1242 2010 1522 2088 ἐλεύθερον
1569 2015 1639 2086 τῇ
1671 2011 1903 2083 Ἐκκλη-

272 2100 350 2171 eis
375 2098 685 2174 ἐπέλαμψε,
713 2099 767 2154 τί
802 2097 883 2155 δεῖ
916 2097 1116 2176 λέγειν,
1167 2098 1295 2162 ὅσας
1342 2100 1673 2176 πανηγύρεις
1722 2098 1906 2176 λόγοις

274 2186 587 2267 ἐφαίδρυνεν,
614 2188 758 2243 ὅσων
786 2192 899 2263 (60)
934 2186 1237 2263 ὀρθοδόξων
1293 2189 1462 2262 θυμὸν
1522 2190 1903 2262 κατεπράϋνεν,

273 2278 645 2354 ἆντιμετρῆσαι
676 2279 792 2340 τοῖς
824 2278 1114 2351 αἱρετικοῖς
1165 2280 1264 2348 τήν
1314 2298 1449 2332 ποτε
1495 2277 1681 2332 κακίαν
1739 2276 1907 2350 ἁμιλ-

274 2366 545 2439 λωμένων,
599 2366 692 2421 καὶ
748 2367 877 2429 τοὺς
933 2366 985 2422 έν
1031 2372 1202 2439 καιρῷ
1252 2364 1558 2428 δυναστείας
1618 2363 1904 2437 διώξαντάς

269 2455 427 2510 τεκαὶ
485 2455 875 2528 αἷκισαμένους
922 2454 973 2509 ἐν
1031 2459 1204 2529 καιρῷ
1265 2449 1574 2528 μεταϐολῆς
1623 2460 1740 2517 τοῖς
1772 2451 1905 2517 ἷῖσοις

274 2544 622 2614 ἀντιλυπῆσαι
650 2563 665 2613 ;
696 2544 757 2598 Τί
788 2542 879 2598 οὖν
912 2545 939 2599 ὁ
973 2544 1236 2621 μακάριος
1286 2542 1508 2619 ἔλεγεν,
1541 2568 1568 2596 ‹‹
1601 2543 1679 2600 Οὐ
1718 2547 1906 2614 ταῦτα,

272 2634 309 2686 ὦ
338 2633 588 2707 ποίμνιον
644 2632 800 2706 ἐμὸν,
828 2633 1055 2709 Χριστὸς
1106 2634 1337 2688 ἀπαιτεῖ
1374 2630 1485 2688 οὐδ’
1534 2632 1705 2695 οὕτως
1758 2635 1907 2705 ἡμᾶς

272 2718 494 2775 διδάσκει
524 2721 590 2777 τὸ
623 2721 981 2797 Εὐαγγέλιον.
1014 2722 1216 2797 Καιρὸς
1249 2721 1407 2784 οὗτος
1454 2721 1769 2796 ἐπιστρέψαι
1818 2742 1910 2776 πε-

270 2808 664 2883 πλανημένους.
700 2812 995 2865 Γνώτωσαν
1030 2807 1369 2886 διδαχθέντες
1406 2810 1473 2865 τὰ
1517 2810 1903 2887 ἁμαρτήματα·

268 2902 713 2970 προσπεσάτωσαν
763 2898 842 2971 τῷ
892 2899 1093 2975 Κυρίῳ·
1138 2898 1595 2975 έξαγγειλάτωσαν
1639 2901 1738 2969 τὴν
1792 2899 1909 2955 ἀσέ-

268 2982 422 3059 ϐειαν,
454 2989 543 3042 καὶ
584 2992 660 3060 τῇ
699 2987 906 3061 ποίμνῃ
958 2990 1332 3064 μιχθήτωσαν.
1367 2987 1535 3043 Τοῦτο
1582 2987 1705 3061 ἐμοὶ
1757 2986 1906 3043 ὑκδί-

270 3096 434 3147 κησις,
467 3084 720 3145 σωθῆναι
750 3076 878 3138 τοὺς
928 3073 1283 3148 ἀδικήσαντας
1315 3079 1451 3151 (61),
1481 3077 1569 3131 καὶ
1628 3075 1908 3154 ὁμολογῆ-

272 3185 345 3218 σαι
397 3166 539 3221 καλὰ
602 3165 742 3220 εἶναι
792 3164 827 3219 ’ὰ
881 3166 1073 3241 πρῴην
1125 3163 1369 3222 ἐδίωκον.
1418 3167 1907 3241 Μακροθυμήσατε,

300 3251 315 3282 1

275 3340 447 3405 Καλῶς
504 3345 781 3413 ποιήσατε
834 3349 950 3406 τοῖς
1014 3349 1257 3417 μισοῦσιν
1309 3345 1464 3417 ὑμᾶς,
1497 3345 1585 3399 καὶ
1627 3341 1785 3419 ἄφετε
1814 3344 1909 3398 αῦ-

275 3436 375 3493 τοῖς
427 3430 641 3494 τελέως
698 3433 766 3486 τὰ
820 3435 1253 3508 παραπτώματα.
1286 3432 1348 3487 Εἰ
1408 3430 1464 3487 δὲ
1521 3433 1640 3489 λίαν
1683 3434 1711 3487 ὁ
1741 3433 1910 3507 θυμὸς

274 3525 465 3594 περιξεῖ
496 3523 640 3594 (62),
673 3520 761 3574 καὶ
821 3517 1171 3583 δυσκάθεκτος
1214 3524 1248 3591 ἡ
1283 3523 1442 3598 ὀργὴ,
1497 3522 1730 3597 γενέσθω
1786 3523 1911 3597 παρ’

279 3607 413 3680 ὑμῶν
458 3610 553 3665 καὶ
606 3609 674 3664 τὸ
723 3606 971 3686 δεύτερον
1024 3613 1157 3684 (63).
1200 3612 1420 3665 Ἐάσατε
1463 3616 1630 3666 ταῦτα
1675 3615 1909 3686 Χριστῷ,

276 3697 352 3749 καὶ
415 3698 495 3771 τῷ
589 3698 766 3754 ἐκεῖσε
850 3697 1182 3775 δικαστηρίῳ
1261 3701 1675 3776 παραπέμψατε.
1753 3700 1909 3771 Ἐμοὶ

274 3786 365 3862 γὰρ
418 3786 731 3859 ἐκδίκησις,
792 3787 901 3863 ἐγὼ
969 3785 1337 3843 ἀνταποδώσω
1396 3791 1527 3862 (61),
1589 3787 1737 3863 λέγει
1801 3786 1908 3844 Κύ-

272 3893 394 3946 ριος.
430 3898 458 3926 »
502 3874 793 3939 Τοιούτοις
842 3874 909 3944 δὴ
961 3875 1147 3951 λόγοις
1214 3876 1362 3952 ἄγειν
1416 3877 1589 3941 πείθει
1630 3878 1729 3945 τὴν
1778 3879 1911 3947 ἡσυ-

274 3962 385 4037 χίαν
413 3967 555 4039 (65.)

272 3254 431 3310 τέκνα.
520 3255 695 3328 Ἀνὴρ
803 3254 1154 3330 μακρόθυμος
1225 3254 1399 3317 πολὺς
1492 3254 1543 3309 έν
1631 3258 1905 3333 φρονήσει.
1942 3292 1984 3359 C

2017 2015 2235 2070 mentio
2268 2016 2417 2069 facta
2444 2018 2552 2080 est,
2578 2014 2928 2085 imperatore
2959 2019 3172 2085 creato,
3196 2015 3445 2071 liberum
3480 2016 3668 2073 Eccle-

2016 2104 2116 2159 site
2146 2102 2344 2158 lumen
2375 2101 2709 2170 affulsisset,
2738 2103 2878 2172 quid
2912 2120 3363 2160 commemorem
3388 2110 3531 2176 quot
3564 2123 3667 2177 pu-

2017 2192 2202 2247 blicos
2233 2196 2552 2247 conventus
2582 2191 2946 2247 orationibus
2976 2192 3101 2247 suis
3130 2192 3487 2261 exhilararit,
3523 2198 3665 2265 quot

2017 2279 2473 2335 orthodoxorum
2507 2279 2871 2334 iracundiam
2902 2280 3205 2352 mitigarit,
3238 2281 3339 2352 qui
3380 2281 3665 2337 haereticis

2018 2384 2168 2435 eam,
2194 2385 2312 2439 qua
2342 2368 2639 2440 quondam
2690 2367 2781 2423 usi
2825 2372 3012 2436 erant,
3044 2370 3478 2440 perversitatem
3511 2371 3667 2442 inju-

2018 2458 2285 2529 riamque
2332 2457 2667 2528 rependere,
2690 2462 2867 2528 atque
2915 2474 3035 2527 eos,
3058 2474 3093 2511 a
3121 2458 3359 2528 quibus,
3385 2475 3519 2514 cum
3570 2476 3666 2515 re-

2020 2562 2151 2601 rum
2200 2546 2546 2617 potirentur,
2574 2545 2774 2601 afﬂicti
2800 2550 2857 2601 et
2886 2546 3196 2601 excruciati
3247 2547 3497 2613 fuerant,
3529 2564 3667 2603 con-

2017 2634 2199 2690 versis
2223 2636 2349 2705 jam
2385 2633 2667 2706 temporis
2698 2633 2943 2702 vicibus,
2974 2634 3182 2690 iisdem
3224 2633 3508 2690 molestiis
3540 2636 3667 2691 affi-

2018 2739 2144 2778 cere
2176 2723 2604 2779 contendebant
2623 2721 2650 2776 ‘I
2679 2724 2801 2786 Qua
2830 2722 3009 2794 igitur
3050 2722 3311 2779 oratione
3344 2723 3431 2778 vir
3460 2724 3669 2780 beatus

2020 2813 2320 2868 utebatur!
2363 2834 2383 2862 αι
2418 2812 2543 2867 Non
2595 2811 2738 2879 haec,
2772 2828 2804 2867 o
2835 2828 2993 2883 grex,
3043 2812 3310 2868 Christus
3358 2812 3665 2884 postulat:

2019 2918 2131 2956 non
2160 2901 2243 2956 ita
2274 2918 2379 2956 nos
2409 2900 2784 2972 Evangelium
2828 2902 3013 2957 docet.
3048 2901 3165 2957 Hoc
3211 2907 3469 2972 tempore
3500 2903 3669 2959 aber-

2018 2998 2212 3047 rantes
2244 2990 2303 3045 in
2343 2990 2496 3046 viam
2554 2990 2830 3045 reducere
2886 2990 3176 3046 convenit.
3218 2993 3552 3046 Curandum
3602 2994 3668 3047 ut

2020 3085 2257 3151 peccata
2286 3096 2394 3135 sua
2423 3078 2775 3151 intelligant,
2809 3078 3038 3134 Domini
3073 3079 3319 3152 pedibus
3352 3080 3667 3137 advolven-

2018 3175 2135 3235 tur,
2158 3167 2520 3240 impietatem
2551 3167 2878 3236 enuntient,
2900 3168 3177 3239 gregique
3209 3167 3664 3225 admisceantur.

2022 3257 2138 3312 Hoc
2169 3273 2274 3329 ego
2323 3273 2425 3328 pro
2458 3254 2678 3311 ultione
2707 3256 2913 3324 habeo,
2948 3260 3012 3311 ut
3039 3255 3100 3323 ii,
3124 3274 3157 3311 a
3188 3255 3403 3327 quibus
3450 3256 3669 3328 injuria

2021 3344 2277 3401 lacessiti
2321 3362 2551 3409 sumus,
2584 3343 2836 3400 salutem
2876 3349 3326 3415 consequantur,
3361 3345 3669 3418 praeclara-

2022 3452 2134 3507 que
2164 3452 2231 3489 ea
2258 3450 2387 3489 esse
2419 3435 2825 3503 confiteantur,
2846 3450 2971 3505 quae
3005 3451 3118 3489 non
3149 3433 3230 3489 ita
3260 3435 3487 3506 pridem
3518 3435 3673 3492 inse-

2021 3523 2349 3581 ctabantur.
2377 3521 2570 3577 Animi
2601 3522 2932 3594 aequitatem
2973 3522 3201 3592 habete,
3229 3522 3377 3580 Filii.
3410 3523 3514 3578 Vir
3544 3523 3671 3579 ani-

2022 3613 2101 3667 mi
2133 3612 2403 3683 aaquitate
2432 3611 2709 3682 praeditus
2739 3610 2925 3666 alﬂuit
2967 3612 3277 3682 prudentia
3300 3613 3361 3668 1³.
3387 3612 3671 3668 Beneﬁcio

2020 3702 2233 3756 afﬁcite
2279 3717 2377 3756 eos
2406 3700 2503 3771 qui
2542 3716 2643 3755 vos
2691 3700 3007 3755 oderunt“
3053 3700 3240 3772 iisque
3290 3700 3502 3756 delicta
3540 3717 3670 3772 per-

2020 3790 2167 3845 fecte
2198 3790 2585 3845 condonante.
2617 3789 2777 3853 Quod
2820 3790 2869 3844 si
2918 3788 3170 3843 nimium
3202 3788 3288 3844 ira
3317 3788 3673 3856 infervescit,

2019 3881 2266 3950 ejusque
2297 3894 2446 3950 aegre
2479 3878 2734 3949 impetus
2758 3878 3007 3933 coerceri
3033 3882 3223 3948 potest
3247 3894 3259 3932 :
3284 3879 3438 3949 quod
3461 3894 3671 3934 secun-

2021 3969 2163 4022 dum
2211 3971 2321 4036 est,
2373 3972 2661 4038 praestate.
2696 3965 2924 4021 Christo
2976 3967 3091 4021 hzsc
3138 3965 3475 4037 relinquite,
3504 3971 3674 4037 atque

276 4055 338 4109 ad
367 4057 643 4111 futurum
673 4055 929 4111 tribunal
960 4056 1359 4113 transmittite.
1386 4057 1522 4111 Mihi
1553 4058 1709 4113 enim
1742 4057 2077 4124 vindictam,
2101 4072 2205 4128 ego
2237 4055 2577 4124 retribuam,
2609 4056 2750 4111 dicit
2777 4056 3061 4112 Dominus
3082 4056 3146 4111 ¹⁵.
3172 4077 3201 4105 ››
3231 4054 3455 4119 Quibus
3485 4055 3678 4112 verbis

276 4142 380 4199 iras
408 4146 619 4201 sedare
651 4145 965 4217 persuasit.

338 4236 438 4286 Τοῦ
468 4231 529 4287 δὲ
586 4230 841 4305 πολέμου
899 4231 1276 4311 λωφήσαντος,
1305 4234 1363 4297 ’ὸς
1421 4235 1555 4307 πρὸς
1608 4233 1733 4297 τοὺς
1765 4233 1914 4289 ἐσπε-

284 4318 418 4395 ρίους
482 4315 799 4398 βαρϐάρους
856 4320 1104 4395 συνέστη,
1136 4322 1225 4378 καὶ
1282 4325 1415 4378 κατά
1460 4328 1584 4379 νοῦν
1618 4318 1911 4393 ἐκϐεϐηκό-

278 4426 360 4469 τος
396 4410 475 4482 τῷ
524 4410 911 4487 αὐτοκράτορι,
959 4408 1115 4482 δίκην
1160 4433 1218 4467 τε
1266 4411 1459 4474 αὐτοὺς
1509 4411 1915 4488 εἰσπραξαμένῳ

280 4502 365 4553 τοῦ
395 4500 630 4575 θράσους
662 4500 832 4574 ἀξίαν,
865 4500 1260 4578 αἰχμαλώτους
1308 4523 1367 4557 τε
1416 4497 1642 4558 λαϐόντι
1688 4503 1778 4557 καὶ
1825 4502 1918 4580 φό-

282 4606 396 4660 ρους
440 4588 663 4660 τάξαντι
709 4596 825 4653 τοῖς
870 4589 1221 4663 ἡττημένοις,
1274 4586 1469 4663 συνέϐη
1531 4596 1779 4666 παρεῖναι
1846 4594 1916 4664 τῇ

2095 4237 2237 4289 Cum
2268 4238 2465 4289 autem
2498 4231 2717 4289 bellum
2747 4232 2911 4305 illud,
2943 4233 3098 4305 quod
3131 4249 3268 4289 cum
3300 4230 3679 4289 occidentali-

2024 4324 2134 4379 bus
2181 4323 2445 4379 barbaris
2476 4327 2707 4395 gestum
2759 4322 2965 4390 fuerat,
2999 4322 3257 4395 sopitum
3306 4326 3461 4378 esset
3506 4327 3681 4393 atque

2028 4412 2362 4483 imperatori
2406 4429 2475 4467 ex
2522 4411 2701 4467 animi
2752 4412 3043 4467 sententia
3071 4411 3361 4481 cessisset,
3384 4410 3457 4466 ab
3490 4410 3681 4482 iisque

2027 4501 2147 4568 ille,
2171 4518 2319 4574 quas
2349 4517 2549 4557 eorum
2599 4502 2845 4556 audacia
2890 4502 3243 4572 merebatur,
3276 4516 3478 4572 poenas
3508 4515 3681 4572 expe-

2027 4591 2237 4658 tiisset,
2270 4590 2645 4662 captivosque
2683 4590 2956 4662 cepisset,
2986 4594 3044 4645 et
3089 4588 3258 4645 victis
3301 4588 3522 4644 tributa
3569 4587 3682 4644 im-

284 4674 538 4752 βασιλίδι,
572 4684 690 4740 τοῖς
720 4673 1010 4755 θριάμϐοις
1061 4678 1356 4756 ἐπηρμένῳ
1402 4680 1491 4735 καὶ
1541 4678 1909 4757 γαυρουμένῳ⁴

2031 4678 2345 4752 posuisset,
2369 4679 2441 4735 ad
2467 4679 2669 4735 urbem
2701 4683 3012 4752 augustam
3032 4678 3209 4747 venit,
3233 4676 3552 4749 triumphis
3571 4674 3688 4733 ela-

347 4796 389 4830 ¹³
418 4796 584 4853 Prov.
618 4814 733 4868 xxv,
762 4798 854 4853 29.
934 4799 981 4834 “
1008 4797 1213 4854 Matth.
1245 4815 1301 4865 ν,
1331 4800 1419 4854 Ui.
1497 4800 1543 4835 1⁵
1570 4804 1736 4855 Deut.
1768 4815 1949 4866 xxxn,
1980 4797 2080 4864 35;
2115 4796 2281 4852 Rom.
2312 4811 2412 4865 xu,
2448 4796 2534 4851 19.

369 4914 457 4985 56)
488 4915 580 4988 Ita
623 4915 1031 4988 corrigendum
1064 4915 1266 4972 volunt
1313 4916 1563 4973 Montac.
1598 4922 1653 4973 et
1683 4918 1808 4985 alii;
1843 4916 1926 4971 sic

288 4982 457 5073 habet
481 4986 731 5073 (imbui.
763 4982 823 5042 lvn
859 4988 997 5073 edit.
1029 4990 1097 5060 τῇ
1131 4990 1435 5073 συγγραφῇ.

293 5056 713 5184 memmium
741 5056 1083 5129 πεντήκοντα
1123 5056 1359 5116 desunt.
1381 5056 1442 5116 in
1489 5062 1617 5117 cod.
1652 5062 1711 5118 P.
1744 5064 1838 5117 Or.
1872 5062 1930 5115 et

355 5198 465 5267 (58)
495 5203 625 5260 Ταῖς
657 5201 818 5258 deest
846 5202 906 5257 in
938 5202 1065 5257 cod.
1099 5202 1196 5258 Or.

358 5270 461 5341 l59)
501 5272 642 5327 Cod.
699 5273 759 5328 P.
819 5271 1052 5346 ψάμμῳ·
1110 5290 1242 5330 mox
1292 5273 1447 5329 idem
1506 5275 1632 5330 cod.
1688 5293 1930 5348 μιμησα-

299 5338 453 5408 μένων
462 5381 475 5393 .

356 5411 462 5550 (60)
497 5413 677 5469 Codd.
711 5414 770 5471 P.
805 5415 901 5472 Or.
935 5416 1091 5472 Colb.
1127 5416 1151 5470 1
1187 5420 1245 5471 et
1270 5417 1325 5482 2,
1360 5413 1505 5471 ὅσον.

378 5484 438 5538 61
492 5484 656 5540 Hanc
702 5487 1009 5543 lectionem
1057 5504 1126 5543 ex
1174 5487 1347 5543 variis
1399 5489 1503 5544 cod

378 5484 461 5561 61)
492 5484 656 5561 Hanc
685 5487 1009 5561 lectionem
1057 5504 1126 5543 ex
1167 5487 1347 5561 variis
1392 5488 1566 5561 codd.
1601 5491 1935 5561 proponunt

298 5550 529 5626 plantae.
563 5559 625 5611 et
653 5556 747 5612 alii
778 5560 943 5626 edit.;
979 5558 1130 5615 hanc
1164 5558 1221 5613 in
1252 5559 1519 5616 versione
1549 5550 1789 5616 admisit
1820 5559 1934 5615 Bil-

299 5620 812 5770 ξῖἓᾶνξξιςῗιὴὼοοι
838 5620 1013 5693 nobis
1039 5631 1206 5689 codd.
1224 5630 1322 5688 Or.
1344 5636 1402 5689 et
1430 5631 1492 5691 P.
1525 5632 1590 5689 In
1620 5632 1758 5690 edit.
1792 5628 1935 5688 ἐκδι-

2251 4913 2385 4987 god:
2413 4912 2508 4987 ΟΡ·
2541 4915 2757 4987 περιζῇτ

2109 4980 2219 5056 (63)
2252 4983 2497 5057 Colb.},
2516 4980 2625 5057 ,κᾶν
2658 4980 2719 5038 τὸ
2748 4980 3017 5057 δεύτερον.

2107 5048 2221 5147 (ὃρ)
2251 5056 2386 5112 Cod.
2419 5048 2761 5113 P.'Combef.
2794 5059 2851 5111 et
2879 5048 2939 5111 in
2971 5053 3109 5111 edit.
3144 5052 3502 5127 quibusdam
3532 5048 3687 5105 ἀντα-

2037 5146 2107 5180 πο
2146 5146 2292 5181 ωσω.

2110 5200 2221 5270 (65)
2253 5197 2417 5270 Hunc
2446 5197 2640 5253 locum
2671 5198 2827 5270 varie
2855 5197 2997 5270 varii
3040 5196 3179 5270 edit:
3212 5195 3496 5270 legerunt.
3522 5194 3686 5270 Mon-

2038 5265 2149 5326 tac.
2184 5265 2414 5343 ἡσυχίαν
2467 5288 2609 5343 αγειν
2658 5269 2827 5323 πείθει
2880 5269 2978 5336 τὴν
3031 5265 3376 5343 Ἐκκλησίαν.
3400 5266 3693 5343 fer-suasit

2040 5339 2403 5399 Ecclesiae'at
2443 5339 2860 5412 conquiesceret.
2893 5341 3316 5412 Leuvenclaius
3345 5354 3357 5393 :
3391 5339 3692 5412 Ecclesium

2040 5416 2275 5485 miriﬁce
2302 5415 2359 5485 in
2391 5410 2565 5485 suam:
2588 5416 2915 5469 sententiam
2956 5412 3254 5484 pertrahit.
3287 5410 3472 5485 Quam
3522 5410 3691 5485 resti-

2041 5479 2253 5564 tuim'us
2284 5484 2511 5564 videtur
2556 5484 2779 5564 Bil_li_us_
2808 5479 3125 5564 lectionem.
3140 5482 3456 5564 admisisse
3479 5496 3511 5564 ἐ
3536 5479 3685 5564 hanc

2044 5558 2213 5613 nobis
2242 5556 2516 5611 exhibent
2546 5558 2707 5612 codd.
2745 5558 2803 5612 P.
2828 5556 2923 5612 Or.
2949 5563 3005 5610 et
3033 5554 3191 5610 Colb.
3222 5557 3273 5608 1.
3296 5553 3458 5607 Colb.
3479 5554 3530 5603 2.
3558 5553 3685 5623 ἄγαν

2043 5629 2213 5683 πείθει
2242 5628 2341 5696 τήν
2392 5626 2674 5701 ἡσυχίαν-ε
2702 5629 2803 5684 illa
2832 5631 3077 5701 oratione
3123 5625 3360 5701 miriﬁce
3402 5616 3653 5701 persuadl‘

2044 5708 2105 5760 ut
2134 5689 2434 5775 ᾳυίεδὲαηιζ
2466 5689 2541 5756 Ili.
2559 5698 2696 5757 edit.
2730 5718 2857 5777 αγαν
2885 5698 3054 5753 πέιθει
3083 5696 3181 5766 τὴν
3213 5689 3536 5763 Ἐκκλησίαν
