4152 6208
454 432 561 491 291

1588 420 1761 483 VI'I‘A
1815 428 1876 481 Β.
1929 414 2297 482 GREGOltll
2345 415 2739 484 'I‘lIwLUGl

3746 425 3859 485 292

449 576 553 627 tus
583 568 639 620 et
666 562 944 635 gestiens.
974 562 1052 614 Ac
1083 562 1205 613 tum
1240 556 1573 629 pontificem
1606 556 1974 630 Gregorium,
2008 572 2087 627 pri

2226 554 2315 608 καὶ
2370 552 2664 624 τηνικαῦτα
2718 552 3102 630 προσδέξασθαι
3177 554 3271 609 τὸν
3334 556 3590 631 ἀρχιερεα
3649 556 3858 633 Γρηγό-

456 672 524 712 eo
556 670 620 709 ac
652 652 952 708 laboribus
1000 647 1161 703 illius
1199 646 1444 719 dignum
1492 651 1636 714 erat,
1660 646 1976 702 honoriﬁce
2006 660 2106 700 ac-

458 743 631 815 cepit,
662 738 1075 812 prolixiorique
1108 735 1360 809 alloquio
1402 752 1570 791 suam
1602 752 1739 807 erga
1766 751 1901 791 eum
1932 734 2106 789 bene-

452 831 769 889 volentiam
800 826 1101 898 animique
1123 824 1484 881 alacritatem
1510 824 1853 892 declaravit;
1880 839 1945 879 ac
1977 839 2107 894 pos-

450 928 638 977 tremo
669 920 792 975 haec
823 918 893 973 ad
926 933 1059 972 eum
1092 916 1269 971 verba
1315 914 1525 970 habuit
1558 931 1571 969 ε
1603 937 1623 963 α
1659 915 1703 969 Ο
1733 913 1922 979 Pater,
1956 913 2105 968 Deus

448 1011 577 1081 tibi,
600 1010 839 1081 tuisque
869 1006 1207 1071 sudoribus,
1242 1018 1461 1076 ρει-,ωε
1494 1002 1807 1059 Ecclesiam
1839 1000 2107 1056 commit-

446 1102 539 1157 tit.
574 1100 657 1156 En
688 1113 914 1154 sacram
956 1095 1138 1150 aedem
1170 1098 1226 1150 et
1254 1093 1532 1148 thronum
1566 1092 1672 1147 tibi
1704 1091 1889 1146 trado.
1913 1110 1941 1140 »
1965 1091 2103 1146 Bea-

448 1195 548 1247 tus
574 1205 745 1262 porro
775 1185 1110 1257 Gregorius,
1144 1182 1390 1237 mirifica
1421 1180 1619 1236 laatitia
1650 1180 1942 1252 perfusus,
1967 1194 2100 1234 cum

449 1282 860 1352 imperatorem
885 1273 1219 1337 salutasset,
1246 1285 1311 1325 ac
1332 1269 1479 1325 votis
1500 1269 1888 1341 precibusque
1915 1284 2105 1323 remu-

453 1372 691 1425 neratus
735 1368 908 1430 esset,
940 1362 1147 1434 pedem
1196 1358 1330 1414 aula
1377 1356 1603 1414 extulit.
1636 1357 1833 1412 Ariani
1882 1361 2099 1427 autem,

450 1459 546 1529 qui
577 1457 647 1512 ad
682 1455 794 1510 hoc
826 1466 1013 1523 usque
1061 1454 1294 1519 tempus
1343 1450 1772 1502 sacrosanctam
1804 1444 1983 1500 aedem
2016 1449 2101 1500 te-

446 1549 713 1611 nuerant,
747 1540 1092 1599 sicariorum
1125 1552 1365 1592 manum
1400 1535 1707 1607 parabant,
1741 1550 1845 1604 pro
1878 1550 1945 1588 ea
1966 1549 2100 1588 cum

445 1638 613 1692 beato
643 1634 763 1689 viro
794 1629 973 1687 armis
997 1628 1306 1682 decernere
1332 1624 1779 1679 constituentes.
1808 1622 2006 1693 Itaque
2028 1622 2099 1677 ab

444 1727 794 1797 imperatore
826 1718 1063 1791 quidem
1096 1714 1365 1785 precibus
1395 1712 1841 1777 contendebant,
1866 1726 1937 1765 ne
1960 1715 2103 1765 tem-

446 1815 610 1888 plum
642 1810 754 1867 sibi
785 1806 1001 1864 auferri
1033 1804 1269 1869 sineret,
1292 1802 1443 1873 quod
1476 1799 1747 1855 videlicet
1772 1798 1959 1871 ipsius
1989 1798 2099 1888 im-

448 1887 607 1977 perio
640 1898 911 1956 resistere
956 1896 1295 1949 vererentur
1326 1906 1339 1943 :
1373 1893 1646 1945 ceterum
1698 1888 1792 1959 pio
1823 1887 1965 1957 viro,
1998 1887 2099 1942 iis-

448 2010 561 2066 que
593 1988 693 2061 qui
726 1984 989 2060 partibus
1036 1980 1226 2054 ipsius
1253 1978 1587 2046 studebant,
1619 1977 1825 2066 mortis
1874 1984 2095 2066 metum

445 2064 840 2143 intentabant,
871 2078 997 2128 tum
1028 2069 1259 2142 publice
1291 2068 1471 2122 armis
1506 2065 1798 2131 instructi,
1820 2069 1944 2119 tum
1978 2064 2093 2136 pri-

2216 662 2329 718 ριον
2381 642 2613 715 ἐντίμως
2660 664 2718 698 τε
2765 644 2854 697 καὶ
2896 647 3001 699 τῶν
3054 643 3218 698 αὐτοῦ
3265 642 3444 699 πόνων
3478 643 3729 715 ἐπαξίως,
3769 646 3860 701 καὶ

2214 728 2447 803 διαλέξει
2491 732 2797 806 πλατυτέρα
2840 733 2903 787 τὸ
2950 732 3075 808 περὶ
3126 732 3284 788 αὐτὸν
3342 730 3666 803 ἐνδείξασθαι
3714 734 3855 811 πρό-

2212 821 2406 893 θυμον,
2462 820 2551 875 καὶ
2604 818 2764 882 τέλος
2820 819 3011 876 εἰπεῖν·
3064 846 3093 874 ι(
3153 822 3219 876 Ὠ
3275 822 3464 898 πάτερ,
3517 823 3603 877 σοί
3653 843 3709 878 τε
3766 823 3856 879 καὶ

2211 914 2328 971 τοῖς
2359 906 2548 985 ἱδρῶσι
2576 914 2698 972 τοῖς
2734 914 2851 972 σοῖς
2901 909 2971 965 δι’
2995 911 3156 984 ἡμῶν
3189 910 3218 965 6
3248 911 3373 973 Θεὸς
3420 911 3709 987 ἐγχειρίζει
3754 913 3852 981 τὴν

2212 997 2558 1068 Ἐκκλησίαν.
2591 995 2729 1054 Ἰδοὺ
2761 996 2964 1073 δίδωμί
2996 1020 3079 1055 σοι
3108 999 3200 1055 τὸν
3244 999 3390 1055 οἶκον
3438 1002 3530 1055 τὸν
3573 1001 3717 1077 ἱερὸν
3765 1002 3855 1056 καὶ

2210 1088 2300 1143 τὸν
2345 1088 2551 1164 θρόνον.
2596 1110 2625 1140 »
2673 1088 2731 1142 '0
2780 1085 2840 1144 δὲ
2888 1086 3174 1164 μακάριος,
3226 1088 3580 1165 περιχαρείας
3628 1087 3854 1166 πληρω-

2210 1175 2319 1238 θεὶς
2376 1179 2508 1249 (66),
2569 1175 2946 1251 ἀσπασάμενος
3000 1177 3094 1233 τὸν
3179 1176 3570 1252 αὐτοκράτορα,
3626 1179 3715 1233 καὶ
3774 1178 3855 1235 εὗ-

2210 1270 2337 1341 χαῖς
2384 1266 2775 1340 ἀμειψάμενος,
2826 1264 2967 1339 ἐξῄει
2997 1268 3112 1339 (67)
3158 1271 3266 1321 τῶν
3322 1264 3635 1340 βασιλείων.
3685 1269 3747 1323 Οἱ
3796 1266 3854 1325 δὲ

2210 1355 2478 1428 ’Δρειανοὶ
2509 1353 2700 1430 (μέχρι
2732 1356 2833 1431 γάρ
2864 1359 2961 1410 τοῦ
2992 1354 3192 1430 χρόνου
3220 1352 3379 1411 τοῦδε
3422 1357 3516 1411 τὸν
3566 1357 3710 1432 ἱερὸν
3758 1379 3853 1413 κα·

2210 1448 2363 1517 εῖχον
2438 1442 2610 1517 οἶκον)
2689 1442 3079 1519 παρετάττοντο
3150 1446 3416 1523 ξιφήρεις,
3479 1445 3611 1521 ὑπὲρ
3686 1446 3850 1502 αὐτοῦ

2208 1530 2472 1604 πολεμεῖν
2499 1530 2771 1605 ᾑρημένοι
2817 1533 2953 1609 πρὸς
3000 1533 3092 1587 τὸν
3148 1534 3432 1608 μακάριον.
3465 1534 3564 1589 Καὶ
3611 1534 3703 1589 τὸν
3755 1536 3848 1609 μὲν

2213 1621 2438 1696 βασιλέα
2462 1621 2700 1675 ἱκέτευον
2736 1622 2810 1694 μὴ
2861 1622 3210 1699 ἀφαιρεθῆναι
3244 1625 3356 1695 (68)
3406 1625 3496 1677 τὸν
3546 1622 3717 1694 οἶκον,
3762 1623 3848 1679 δε-

2209 1706 2448 1769 δοικότες
2481 1704 2803 1764 ἀντιϐαίνειν
2834 1714 2913 1781 τῷ
2950 1710 3153 1786 κράτει·
3184 1716 3263 1783 τῷ
3312 1708 3369 1765 δὲ
3417 1711 3552 1784 ὁσίῳ
3598 1712 3687 1766 καὶ
3733 1719 3850 1775 τοῖς

2211 1799 2326 1871 μετ’
2372 1797 2536 1852 αὐτοῦ
2593 1800 2815 1853 θάνατον
2872 1798 3228 1870 ἐπηπείλουν,
3289 1797 3529 1873 δημοσίᾳ
3582 1822 3641 1856 τε
3697 1801 3850 1857 ὁπλι-

2210 1887 2441 1955 σθέντες,
2472 1887 2562 1941 καὶ
2595 1884 2704 1959 ἰδίᾳ
2732 1888 2838 1941 τινὶ
2889 1887 3234 1962 ὑποθέμενοι,
3268 1889 3443 1964 λάθρα
3492 1890 3847 1966 προσελθόντι

2207 1973 2296 2030 διὰ
2344 1979 2453 2030 τῶν
2506 1974 2834 2051 σπλάγχνων
2874 1980 2971 2031 τοῦ
3022 1976 3325 2053 ἀρχιερέως
3354 1977 3509 2033 ὠθεῖν
3560 1978 3621 2032 τὸ
3673 1978 3844 2055 ξίφος.

2206 2063 2303 2119 Καὶ
2333 2066 2369 2134 ἡ
2405 2062 2499 2137 μὶν
2534 2063 2783 2126 σύστασις
2811 2069 2919 2119 τῶν
2951 2063 3234 2137 πολεμίων
3264 2066 3525 2135 τοσαύτη.

439 2172 622 2229 vatim
654 2166 970 2223 subornato
1000 2158 1280 2232 quodam,
1309 2155 1408 2228 qui
1457 2155 1530 2210 ad
1580 2154 1914 2226 pontiﬁcem
1964 2154 2281 2227 accederet,
2314 2156 2561 2227 ejusque
2592 2160 2795 2227 pectus
2826 2171 2966 2211 ense
2994 2156 3305 2227 trajiceret.
3340 2162 3525 2228 Atque
3574 2157 3694 2213 hac
3725 2163 3849 2213 erat

433 2261 693 2320 hostium
724 2249 1097 2325 conspiratio.

506 2350 674 2407 Mane
702 2346 924 2415 itaque,
947 2355 1081 2394 cum
1112 2333 1366 2409 populus
1396 2331 1498 2389 Dei
1529 2331 1705 2388 simul
1728 2348 1862 2388 cum
1895 2335 2086 2405 pasto-

433 2459 493 2498 re
524 2440 598 2495 ad
631 2448 857 2493 sacram
889 2429 1069 2484 aedem
1104 2423 1498 2496 recipiendam
1530 2422 1939 2494 perrexissent,
1968 2438 2083 2477 non

434 2531 633 2587 minus
665 2522 876 2598 gravis,
905 2532 1083 2590 quam
1114 2514 1162 2570 si
1194 2513 1399 2569 civitas
1430 2510 1627 2567 hostili
1662 2512 1881 2583 impetu
1912 2527 2087 2582 expu-

437 2620 734 2693 gnaretur,
758 2606 1051 2666 tumultus
1078 2603 1362 2693 excitatus
1384 2605 1494 2668 est,
1520 2599 1719 2693 multis
1743 2599 2084 2693 hominibus

437 2688 497 2765 in
526 2704 669 2762 vicis
691 2707 747 2757 et
776 2695 1018 2768 distegis
1041 2709 1107 2749 ac
1129 2691 1387 2762 tristegis
1410 2706 1542 2745 cum
1565 2689 1745 2743 armis
1767 2688 2080 2757 stantibus,

433 2793 899 2860 mulieribusque
928 2788 985 2840 et
1012 2780 1211 2854 pueris
1248 2794 1479 2851 gravem
1513 2776 1797 2847 ejulatum
1831 2776 2083 2847 permis-

429 2888 537 2943 tim
560 2880 892 2939 edentibus.
919 2874 1046 2944 Ipse
1066 2885 1296 2941 quoque
1319 2868 1634 2937 imperator
1658 2864 1940 2936 templum
1965 2882 2083 2920 una

429 2990 563 3032 cum
595 2974 760 3027 beato
790 2960 1064 3034 Gregorio
1098 2959 1398 3030 ingressus
1430 2959 1537 3011 est.
1566 2954 1638 3010 Ut
1668 2960 1861 3010 autem
1898 2953 2083 3009 multa

429 3067 489 3121 in
524 3061 697 3119 rebus
729 3050 1003 3112 humanis
1033 3064 1173 3104 casu
1205 3045 1433 3101 evenire
1465 3044 1674 3109 solent,
1699 3043 1955 3099 nubibus
1987 3058 2080 3098 so-

434 3152 507 3209 lis
538 3150 736 3206 orbem
790 3142 900 3199 sub
949 3152 1219 3194 auroram
1270 3133 1683 3202 subeuntibus,
1709 3133 1955 3187 tenebras
1988 3147 2080 3186 re-

435 3244 606 3315 pente
636 3237 840 3290 coorta:
873 3231 1030 3285 sunt.
1060 3226 1193 3288 Quae
1221 3239 1350 3315 ‘res,
1375 3227 1439 3276 ut
1468 3238 1500 3275 a
1531 3222 1676 3315 l‘esto
1706 3220 2082 3315 hujusmpdi-

2265 2329 2484 2405 Πρωΐας
2533 2328 2591 2385 δὲ
2636 2331 2948 2407 γενομένης,
3002 2332 3030 2386 6
3080 2329 3213 2393 λαὸς
3260 2336 3357 2387 τοῦ
3419 2336 3552 2388 Θεοῦ
3601 2333 3713 2406 ἅμα
3760 2337 3839 2404 τῷ

2192 2419 2409 2493 ποιμένι
2437 2418 2600 2490 ἤεσαν
2627 2422 2737 2493 (69)
2772 2422 2863 2475 τὸν
2909 2421 3052 2496 ἱερὸν
3100 2421 3246 2476 οἶκον
3298 2420 3734 2495 ἀποληψόμενον
3767 2422 3835 2490 ἦν

2194 2506 2285 2563 οὖν
2320 2510 2479 2586 θροῦς
2506 2530 2564 2564 τε
2588 2506 2763 2571 πολὺς
2790 2508 2880 2563 καὶ
2908 2509 3169 2585 τάραχος,
3205 2509 3313 2585 οὐχ
3358 2513 3519 2579 ἧττον
3550 2510 3585 2579 ἢ
3619 2507 3836 2572 πόλεως

2191 2599 2576 2672 πορθουμένης
2607 2596 2665 2653 ἐκ
2692 2596 2975 2671 πολεμίων
3008 2596 3223 2676 ἐφόδου,
3246 2597 3473 2653 πολλῶν
3506 2596 3834 2676 ὁπλοφόρων

2192 2686 2243 2741 ἐν
2271 2685 2553 2749 πλατείαις
2583 2708 2641 2742 τε
2668 2686 2759 2741 καὶ
2792 2683 3087 2763 διωρόφοις
3117 2687 3205 2743 καί
3253 2688 3585 2766 τριωρόφοις
3641 2683 3831 2760 ὄντων,

2189 2773 2409 2845 πολλῆς
2437 2796 2496 2830 τε
2526 2774 2779 2850 οἴμωγῆς
2810 2780 3079 2851 γυναικῶν
3128 2776 3217 2831 καὶ
3266 2774 3473 2831 παίδων
3526 2797 3834 2853 συμμιγνυ-

2194 2863 2383 2938 μένης.
2432 2863 2619 2939 Είσῄει
2677 2867 2789 2939 (70)
2837 2862 2884 2919 δ’
2941 2864 3033 2919 οὗν
3074 2866 3162 2920 καὶ
3213 2866 3240 2920 6
3294 2863 3545 2939 βασιλεὺς
3600 2866 3712 2939 ἅμα
3759 2869 3838 2936 τῷ

2194 2952 2444 3027 μακαρίῳ
2475 2951 2550 3015 εἷς
2578 2952 2669 3008 τὸν
2701 2953 2857 3010 νεών.
2894 2954 2991 3007 Οἴα
3021 2950 3078 3008 δὲ
3109 2951 3293 3009 πολλᾶ
3325 2949 3608 3026 συμϐαίνει
3640 2954 3692 3008 ἐν
3721 2955 3836 3027 (71)
3914 2976 3919 2983 ·

2191 3041 2552 3118 ἀνθρωπίνοις
2605 3038 2908 3116 πράγμασι,
2958 3040 3169 3118 πρωίας
3214 3038 3381 3112 οὔσης
3443 3043 3645 3119 γίνεται
3705 3041 3831 3097 σκό-

2187 3151 2302 3202 τος,
2334 3128 2564 3207 νεφέλης
2593 3130 2685 3184 τὸν
2715 3128 2945 3199 ἡλιακὸν
2994 3129 3195 3186 κύκλον
3248 3128 3669 3203 ὑποδραμούσης
3696 3133 3833 3205 (72).

2188 3217 2286 3273 Καὶ
2316 3218 2379 3273 τὸ
2409 3212 2638 3291 συμϐὰν,
2668 3218 2863 3293 ἑορτῆς
2892 3239 2952 3273 τε
3008 3219 3097 3273 καὶ
3156 3216 3516 3297 φαιδρότητα
3572 3219 3835 3290 τοιαύτης

434 3304 547 3403 que
577 3323 867 3381 hilaritate
904 3317 1115 3385 aliena,
1138 3312 1383 3367 Arianos
1433 3310 1713 3379 majorem
1747 3309 1803 3363 in
1840 3309 2079 3364 modum

2203 3304 2436 3381 Βπάρχσν
2468 3304 2783 3381 ἀλλότριον,
2810 3306 2937 3368 τοὺς
2990 3307 3083 3380 μὲν
3137 3307 3445 3383 Ἀρειανοὺς
3494 3306 3663 3363 ἐποίει
3704 3328 3834 3382 φαι-

429 3392 747 3482 recreabat,
773 3407 1010 3477 perinde
1031 3420 1096 3458 ac
1124 3402 1170 3457 si
1205 3401 1567 3475 Deus'sacraa
1589 3398 1729 3453 aedis
1756 3397 2083 3454 translatio-

2203 3392 2502 3471 Βροτέρους,
2534 3394 2609 3456 ὡς
2634 3399 2729 3449 τοῦ
2760 3399 2892 3450 Θεοῦ
2926 3396 3002 3469 μή
3045 3393 3395 3459 εὐδοκοῦντος
3444 3400 3511 3469 τῇ
3557 3397 3836 3470 μεταθέσει

429 3524 565 3565 nem
599 3503 793 3559 minus
841 3499 1066 3569 gratam
1117 3490 1356 3545 haberet
1388 3504 1401 3543 :
1433 3486 1689 3541 lidelium
1722 3492 1924 3541 contra
1953 3486 2080 3542 ani-

427 3613 555 3654 mas
588 3584 978 3648 intolerabilis
1006 3579 1172 3635 dolor
1200 3577 1515 3633 cruciabat.
1548 3574 1763 3630 Verum
1795 3576 1971 3630 simul
1994 3580 2080 3631 at-

424 3702 537 3760 que
581 3680 893 3754 episcopus
922 3676 981 3727 et
1010 3671 1330 3741 imperator
1360 3681 1559 3721 sacras
1588 3663 1780 3760 valvas
1829 3663 2084 3735 ingressi

424 3750 583 3839 sunt,
617 3750 794 3839 atque
824 3774 1029 3819 omnes
1069 3773 1246 3812 unam
1296 3753 1681 3824 eamdemque
1730 3750 2085 3810 laudationis

426 3878 629 3920 vocem
661 3851 1049 3918 sustulerunt,
1075 3859 1402 3914 manusque
1434 3858 1567 3897 cum
1600 3840 1873 3913 lacrymis
1896 3846 2085 3898 exten-

429 3953 662 4015 derunt,
686 3939 1018 4003 confestim,
1044 3934 1141 3990 Dei
1176 3930 1555 4005 providentia,
1583 3929 1871 3985 subducta
1902 3930 2078 4017 nube,

423 4040 719 4111 fulgentes
748 4031 890 4088 solis
922 4024 1064 4082 radii
1089 4037 1314 4079 sacram
1340 4020 1580 4075 domum
1605 4017 1914 4090 splendore
1949 4035 2078 4086 per-

422 4108 729 4191 fuderunt;
766 4132 1013 4189 aereque
1056 4112 1396 4169 collustrato
1428 4108 1694 4164 homines
1726 4108 1905 4163 animi
1936 4125 2081 4164 mce-

420 4232 612 4275 rorem
656 4214 713 4267 in
747 4208 1009 4265 laetitiam
1057 4203 1714 4269 commutarunt,atque
1765 4196 2079 4269 imperato-

423 4324 569 4377 rem,
593 4307 658 4359 ut
700 4300 1040 4372 episcopum
1074 4294 1131 4345 in
1162 4290 1374 4344 throno
1422 4286 1751 4353 collocaret,
1775 4286 2078 4343 obsecrem

425 4374 599 4467 atque
650 4385 928 4446 obtestari
986 4381 1305 4468 emperunt.
1336 4377 1409 4431 At
1455 4374 1789 4468 Gregorius,
1822 4390 1955 4468 cum
2003 4375 2077 4468 ab

427 4461 531 4541 illa
561 4481 697 4539 sede
745 4461 1107 4539 abhorreret,
1134 4483 1240 4521 nec
1288 4481 1403 4536 pra:
1442 4464 1567 4518 vita:
1614 4461 1991 4532 continentia,
2020 4467 2079 4519 et

426 4571 688 4644 corporis
720 4561 1087 4625 inﬁrmitate,
1109 4570 1306 4611 vocem
1340 4553 1398 4607 in
1430 4555 1592 4607 tanto
1624 4550 1931 4605 hominum
1964 4567 2079 4606 nu-

428 4638 591 4720 mero
623 4659 823 4714 eii‘erre
854 4651 1069 4724 posset,
1106 4662 1207 4718 per
1236 4640 1551 4714 quemdam
1582 4640 1675 4695 his
1704 4639 1893 4695 verbis
1925 4638 2075 4695 mul-

428 4751 744 4809 titudinem
789 4743 1000 4800 affatur
1029 4754 1043 4793 :
1079 4755 1145 4792 :«
1180 4734 1224 4789 Ο
1256 4731 1381 4797 lilii,
1414 4746 1569 4785 nunc
1601 4733 1833 4801 tempus
1879 4732 1969 4785 est
2015 4733 2080 4784 ut

428 4836 695 4899 beneﬁcii
726 4844 1038 4896 memores,
1066 4825 1141 4881 ob
1183 4839 1251 4879 ea
1282 4837 1409 4892 quae
1439 4816 1649 4891 largita
1678 4817 1936 4873 Trinitas
1965 4822 2073 4888 est,

502 5040 612 5109 (66)
644 5038 892 5109 Montao.
926 5035 985 5109 et
1003 5028 1111 5109 alii
1143 5025 1281 5081 edit.
1310 5020 1511 5077 volunt
1537 5015 1786 5084 πληθείς.

519 5100 1118 5172 δγδροάωικὲξίει..
1216 5167 1226 5172 _
1486 5166 1495 5172 Δ
1636 5162 1691 5172 η
1883 5160 1948 5172 ._

519 5114 589 5167 67
643 5114 779 5166 Cod.
813 5114 909 5161 Ur.
942 5114 1086 5172 εξιει.
1936 5160 1948 5171 _

497 5114 970 5269 E68iSip~volunt
1005 5167 1230 5241 antiqui
1278 5165 1414 5221 edit.
1449 5166 1505 5219 et
1549 5162 1717 5218 codd.
1768 5166 1972 5218 nostri.
2008 5161 2071 5217 In

596 5040 612 5252 Ξ

426 5254 1108 5400 Θᾶίθθῖἓΐόδγαὸίχῗεσαν·
1155 5324 1291 5400 mox
1340 5304 1587 5400 Colb.J2,
1620 5302 2070 5400 tif:0).£j¢69£39t.

424 5376 1216 5466 ΟοὶᾱίῬῖκατερχόμενοι,’ᾳιι
1260 5376 1728 5466 sacramfi’omum
1773 5377 2071 5434 descendis-

694 5446 1057 5539 quiliuisd'anl
1084 5446 1223 5539 ed'it'.
1256 5446 1731 5522 ἀποκληψόμενοι.

502 5522 776 5613 ⁷70)-Ῑῗοῖ1.
809 5536 903 5591 Or.
937 5537 993 5613 et
1020 5530 1079 5583 P.
1118 5522 1290 5579 εἷσίει.

519 5616 609 5684 71)
643 5612 727 5664 Ἐν
763 5609 921 5661 deest.
946 5620 1003 5657 in
1036 5597 1290 5680 cod.”Or.

496 5544 611 5759 i723
644 5685 731 5759 l_ta
760 5680 1009 5759 Montao.
1036 5678 1092 5759 et
1111 5669 1210 5726 alii
1230 5668 1290 5759 ed

519 5597 609 5684 71’)
643 5612 727 5664 Ἐν
760 5609 921 5684 deest
946 5604 1003 5657 in
1036 5597 1319 5684 c_od‘.”Or;3

406 5689 413 5695 '
496 5662 611 5753 (ᾖ)
644 5662 731 5739 Ita
760 5680 1009 5753 Montao.
1036 5678 1092 5753 et
1111 5669 1210 5726 alii
1230 5666 1370 5753 edit.
1396 5680 1502 5724 nec
1527 5679 1643 5723 non
1667 5679 1870 5721 amnes
1900 5662 2071 5724 codd.

423 5737 730 5823 ιιοῖιίὶῖξῐο
762 5751 902 5811 edit.
931 5737 1397 5830 περιδραμοόσης.

2256 3489 2282 3499 ,.
2373 3480 2398 3504 ,ι
2496 3502 2509 3515 .
2647 3504 2665 3518 ﬂ
2698 3483 2710 3499 ε
2832 3480 2855 3500 κ
3095 3489 3121 3500 υ
3314 3484 3327 3505 ι
3434 3484 3448 3503 ν
3506 3485 3518 3505 ι
3713 3487 3727 3503 ο

2188 3505 2286 3540 του
2340 3504 2489 3538 οικου
2570 3486 2751 3559 ψυχας
2828 3484 2886 3538 οὲ
2959 3505 3164 3540 πιστων
3241 3485 3361 3540 ἀνια
3431 3491 3631 3555 επιεζεν
3708 3506 3837 3540 υπο-

2190 3571 2477 3649 σμόχουσα
2502 3573 2740 3646 (⁸73).Ὠ.ς
2768 3569 2825 3627 δὲ
2851 3579 2951 3643 τῆς
2981 3574 3129 3646 ἱερᾶς
3160 3572 3445 3649 κιγκλίδος
3477 3574 3508 3630 6'
3534 3596 3592 3630 τε
3622 3576 3833 3647 ποιμὴν

2190 3662 2280 3717 καὶ
2329 3663 2357 3717 6
2404 3660 2655 3737 βασιλεὺς
2704 3657 2832 3716 εἷ’σω
2876 3660 3177 3737 παρέδυσαν
3208 3665 3342 3737 (74),
3376 3660 3519 3737 ἤρθη
3568 3684 3627 3718 τε
3677 3664 3831 3739 φωνή

2195 3751 2291 3825 μία
2346 3749 2491 3826 παρὰ.
2547 3750 2761 3804 πάντων
2818 3749 3092 3818 αἰνέσεως,
3129 3748 3331 3825 δάκρυά
3364 3772 3421 3805 τε
3479 3751 3569 3805 καὶ
3626 3756 3830 3828 χειρῶν

2190 3838 2423 3901 ἔκτασις.
2457 3835 2697 3913 ’Δθρόως
2752 3842 2850 3893 τοῦ
2907 3837 3097 3917 νέφους
3158 3838 3543 3910 ὑπεξελθόντος
3602 3840 3832 3916 προνοίᾳ

2190 3932 2344 4000 Θεοῦ,
2376 3924 2657 4001 ἐκλάμψαν
2717 3929 2830 4001 (75)
2884 3927 3114 3997 ἡλιακὸν
3171 3926 3329 3991 σέλας
3385 3929 3476 3984 τὸν
3503 3929 3646 4004 ἱερὸν
3680 3928 3827 3984 οἷκον

2189 4017 2511 4092 κατηόγασε’
2562 4015 2653 4071 καὶ
2693 4020 2771 4087 τῷ
2817 4014 2932 4091 ἀέρι
2984 4016 3301 4095 φωτισθέντι
3350 4018 3404 4072 αἱ
3452 4022 3561 4073 τῶν
3628 4017 3831 4094 ἀνθρώ-

2188 4127 2304 4161 πων
2335 4102 2563 4159 διάνοιαι
2592 4104 2693 4173 τὴν
2728 4100 3022 4177 δυσθυμίαν
3057 4108 3166 4179 (76)
3199 4104 3274 4167 είς
3308 4102 3641 4182 φαιδρότητα
3690 4126 3825 4180 συμ-

2191 4188 2510 4268 μετέϐαλον,
2578 4192 2670 4247 τόν
2748 4212 2807 4247 τε
2887 4192 3111 4269 βασιλέα
3185 4194 3427 4249 ἱκέτευον
3512 4191 3828 4269 ἐγκαθιδρῦ-

2185 4305 2270 4339 σαι
2304 4285 2415 4356 (77)
2447 4282 2538 4336 τὸν
2572 4282 2829 4356 ἀρχιερέα
2855 4286 2933 4353 τῷ
2963 4281 3157 4357 θρόνῳ.
3188 4283 3246 4336 Ὀ
3294 4280 3352 4338 δε
3412 4282 3694 4359 μακάριος,
3749 4283 3825 4357 μὴ

2190 4366 2523 4448 βουλόμενος
2561 4370 2731 4425 ἐκεῖσε
2760 4367 3198 4444 καθιδρυνθῆναι,
3230 4370 3391 4435 αὐτὸς
3440 4372 3495 4427 ἐν
3550 4370 3831 4435 τοσούτοις

2186 4460 2442 4539 ἐκφωνεῖν
2473 4459 2575 4514 ὑπὸ
2620 4465 2721 4529 τῆς
2768 4457 3079 4536 ἐγκρατείας
3126 4460 3216 4514 καὶ
3262 4462 3361 4529 τῆς
3407 4460 3677 4521 ἀσθενείας
3720 4458 3829 4536 οὐχ

2186 4549 2301 4611 οἶός
2350 4570 2408 4605 τε
2461 4545 2558 4618 ὢν,
2590 4553 2903 4626 προσφωνεῖ
2938 4552 3017 4620 τῷ
3070 4547 3267 4620 πλήθει
3316 4546 3407 4604 διά
3454 4569 3600 4611 τινος
3648 4546 3825 4625 λέγων

2186 4638 2391 4701 αὐτοῖς·
2426 4662 2455 4690 ‹‹
2494 4639 2560 4691 Ὠ
2602 4635 2779 4709 τέκνα,
2828 4641 2919 4691 νῦν
2963 4638 3153 4714 καιρὸς
3204 4637 3679 4714 εὐγνωμονοῦντας
3725 4639 3826 4708 τὴν

2189 4727 2350 4803 χάριν
2381 4722 2678 4801 ὁμολογεῖν
2704 4724 2783 4803 ἐφ’
2814 4727 2895 4787 οῖς
2928 4724 3219 4802 ἐχαρίσατο
3248 4728 3383 4801 ἡμῖν
3416 4728 3450 4795 ἡ
3482 4724 3664 4801 Τριάς.
3702 4725 3830 4800 Περὶ

2187 4814 2245 4871 δὲ
2271 4820 2368 4871 τοῦ
2400 4813 2594 4892 θρόνου
2626 4814 2856 4877 εἰσαῦθις
2888 4810 3288 4889 ἀναλαϐώμεθα
3317 4817 3451 4891 (78).
3503 4840 3530 4866 ι)
3584 4819 3759 4871 Ταῦτα
3800 4815 3830 4869 6

2252 5018 2365 5089 (73)
2397 5016 2557 5071 Hanc
2610 5014 2917 5089 lectionem
2974 5017 3249 5089 exhibent
3306 5015 3471 5089 codd.
3522 5014 3829 5089 Or._Colb.

2184 5084 2301 5145 let
2328 5084 2383 5155 2,
2430 5103 2535 5143 nec
2589 5104 2703 5144 non
2761 5088 3017 5145 Combel‘.
3070 5088 3133 5145 In
3191 5089 3326 5145 edit.
3386 5086 3572 5142 ἀνίατα
3628 5084 3834 5156 ἐπίεζεν

2184 5160 2438 5215 ὑποσμῦγ
2448 5178 2527 5215 ον.

2314 5210 2495 5301 Δί)ἒῆ
2515 5210 2737 5286 omnes
2784 5230 2952 5286 codd.
2985 5232 3193 5288 nostri.
3224 5232 3286 5287 In
3336 5229 3474 5287 edit.
3506 5225 3832 5301 παρέδοσαν.

2274 5301 2368 5361 75)
2400 5304 2483 5358 Ita
2512 5301 2765 5357 Montao.
2798 5306 2855 5357 et
2885 5319 3089 5361 omnes
3139 5304 3306 5360 codd.
3341 5302 3526 5360 nostri
3573 5318 3640 5359 ac
3666 5306 3834 5359 Gom-

2181 5368 2295 5431 bel‘.
2329 5368 2393 5429 I'n
2424 5373 2563 5445 edit.
2580 5368 2906 5445 ἐλλάμψαν.

2272 5446 2365 5520 79>
2398 5444 2535 5520 9m!-
2567 5443 2661 5520 9r.
2696 5439 3029 5520 δύςτέρῃμίαν-

2272 5449 2343 5499 76
2398 5449 2535 5501 Cod.
2567 5449 2661 5500 0r.
2696 5449 3026 5520 δυσφημίαν.

2395 5515 2640 5592 God--01:
2689 5511 3026 5592 ξαθιδρῦσαι·

2255 5579 2366 5660 (78)
2399 5586 2774 5663 Οοᾶάηφρὶὺ.
2816 5579 2941 5644 [εἰς
2985 5591 3041 5657 2,
3091 5585 3325 5650 εἰσαῦθις
3372 5579 3837 5663 ἀναδαλλώμεθα,

2181 5661 2246 5720 in
2272 5658 2550 5736 poetarum
2576 5658 2915 5735 differamus.
