4152 6208
342 304 466 365 293

1349 292 1718 358 AUCTORE
1763 286 2160 354 GBEGORIO
2205 290 2744 355 PRESBYTERO.

3634 299 3754 364 294

353 434 449 507 μὶν
481 430 615 494 λαὸς
649 429 961 505 δεξάμενος,
1008 424 1323 505 ἐπραῦνετο’
1355 427 1384 481 6
1414 424 1760 500 αὐτοκράτωρ
1812 420 1870 477 δὲ
1898 428 1996 491 τῆς
2024 484 2026 490 η

2139 426 2328 490 :ratias
2358 427 2699 483 referamus.
2724 428 2803 484 De
2823 428 3030 486 throno
3062 435 3256 487 autem
3280 433 3424 489 alias
3453 451 3754 507 agemus.»

354 521 713 599 μετριότητος
782 522 895 594 (79)
954 522 1051 574 τοῦ
1126 513 1319 594 ἀνδρὸς
1383 513 1785 584 κατεπλήττετο
1819 556 1832 569 .
1900 510 2000 567 Καὶ

350 610 527 674 οὕτως
605 612 700 684 μὲν
759 612 793 679 ἡ
866 610 1167 683 πανήγυρις
1230 604 1449 676 διελύθη
1490 649 1505 662 .
1565 603 1894 682 εὐφροσύνην
1944 622 2003 656 τε

348 700 618 771 πλείστην
647 700 1070 776 παρασχομένου
1108 698 1342 773 Χριστοῦ
1388 693 1479 749 καὶ
1520 691 1833 771 ἀσφάλειαν,
1867 689 2005 745 ὥστε

348 791 780 858 κατευνασθῆναι
825 791 933 843 τῶν
986 806 1047 841 τε
1104 784 1290 841 ὅπλων
1359 785 1459 852 τὴν
1515 782 1856 858 παρασκευὴν
1915 778 2004 834 καὶ

346 882 453 949 τῆς
510 877 703 953 μανίας
747 878 812 933 τὸ
871 875 1009 946 ζέον’
1064 874 1120 929 ἓν
1180 870 1238 929 δὲ
1298 872 1462 947 μόνον
1521 871 1804 948 γυμνωθὲν
1856 868 2004 946 ξίφος

354 967 631 1043 ἀναιμωτὶ
660 966 827 1023 πάλιν
862 959 1209 1039 ἐμϐληθῆναι
1238 966 1308 1037 τῇ
1340 962 1625 1041 ξιφοθήκῃ.

430 1232 589 1305 Πλήν
616 1253 682 1309 γε
711 1230 812 1287 οὐκ
849 1230 924 1293 εἰς
964 1228 1126 1292 τέλος
1174 1227 1534 1304 συνεχωρήθη
1590 1226 1666 1300 μὴ
1700 1221 2011 1300 ἐνιδρυνθῆ-

353 1344 445 1379 ναι
477 1327 557 1395 τῷ
607 1321 805 1395 θρόνῳ.
858 1319 1058 1393 Καίπερ
1105 1317 1207 1395 γὰρ
1258 1316 1357 1371 οὐκ
1395 1314 1667 1383 ἐθέλοντα,
1716 1312 1804 1369 καὶ
1855 1313 2011 1390 ἰσχυ-

359 1416 477 1489 ρῶς
525 1410 899 1483 ἀναινόμενον,
951 1406 1104 1480 ὅμως
1156 1404 1397 1481 ἐνίδρυσε
1450 1410 1551 1474 τῆς
1601 1400 2011 1489 ἀρχιερωσύνης

354 1505 479 1561 τοῖς
540 1500 739 1559 θώκοις
795 1497 1097 1572 ἀρχιερέων
1154 1493 1369 1565 πληθύς
1405 1536 1417 1548 .
1473 1496 1647 1547 Ταῦτα
1703 1488 1762 1546 δὲ
1820 1491 2011 1564 μικρὸν

359 1589 605 1665 ὕστερον.
668 1588 730 1644 Ὁ
791 1586 884 1660 μὶν
940 1583 1036 1639 οὗν
1099 1583 1353 1660 βασιλεὺς
1408 1586 1487 1654 τῷ
1540 1578 1691 1656 ἀνδρὶ
1744 1579 2013 1654 ἐγεγήθει,

358 1678 571 1753 πατρὸς
630 1676 776 1748 αύτῷ
829 1676 998 1748 τιμὴν
1056 1674 1145 1727 καὶ
1206 1669 1341 1727 αἰδῶ
1392 1670 1704 1743 ἀπονέμων.
1764 1667 1882 1753 Καὶ,
1913 1668 2015 1743 γὰρ

2112 514 2242 570 Haec
2270 515 2443 571 verba
2486 516 2730 571 audiens
2762 517 3011 589 populus
3044 520 3411 589 mitesccbat;
3442 522 3761 597 imperator

2110 620 2245 659 vero
2274 604 2529 660 hominis
2563 606 2912 662 modestiam
2941 608 3011 663 ad
3043 612 3342 681 stuporem
3372 628 3558 685 usque
3589 616 3764 672 mira-

2114 693 2307 748 batur.
2364 693 2455 748 Sic
2512 694 2713 749 concio
2778 695 2969 751 soluta
3024 702 3144 765 est,
3203 699 3429 756 Christo
3500 702 3761 761 laetitiam

2116 798 2410 838 summam
2461 782 2954 855 securitatemque
2985 786 3282 857 afferente;
3318 789 3403 845 ita
3450 796 3514 845 ut
3561 797 3618 847 et
3663 811 3762 849 ar-

2118 888 2345 927 morum
2404 876 2720 944 apparatus
2777 874 3117 946 consopitus
3174 876 3379 947 fuerit,
3434 884 3491 935 et
3546 881 3760 939 furoris

2118 961 2292 1017 ardor
2319 961 2662 1029 exstinctus,
2695 965 2871 1033 atque
2912 979 3066 1019 unus
3104 965 3386 1023 duntaxat
3414 969 3571 1027 ensis
3603 988 3766 1028 exer-

2117 1054 2216 1106 tus
2245 1049 2372 1105 sine
2416 1048 2517 1105 illa
2562 1049 2787 1106 cruoris
2814 1050 3098 1110 effusione
3135 1070 3342 1112 rursus
3372 1058 3581 1130 vagina
3626 1078 3767 1117 con-

2120 1138 2297 1194 ditus.

2192 1231 2474 1283 Ceterum
2516 1228 2567 1284 ei
2614 1228 2686 1284 ad
2725 1231 3043 1285 extremum
3073 1246 3262 1302 usque
3317 1233 3599 1292 obsistere
3654 1252 3772 1295 non

2121 1316 2305 1383 licuit,
2328 1317 2643 1387 quominus
2676 1318 2735 1373 in
2762 1317 2970 1375 throno
2999 1318 3394 1379 collocaretur.
3422 1325 3771 1384 Pontificum

2123 1406 2279 1462 enim
2313 1405 2628 1461 multitudo
2658 1423 2815 1473 eum,
2840 1408 3108 1478 quamvis
3137 1409 3431 1467 nolentem
3462 1412 3773 1470 vehemen-

2124 1499 2327 1566 terque
2359 1499 2745 1563 recusantem,
2780 1496 2835 1550 in
2877 1496 3355 1571 archiepiscopali
3388 1502 3525 1558 sede
3557 1504 3777 1559 consti-

2123 1584 2256 1638 tuit.
2279 1584 2384 1638 Sed
2419 1582 2539 1639 haec
2573 1583 2873 1655 aliquanto
2903 1588 3214 1657 posterius.
3245 1590 3468 1644 Interea
3520 1593 3777 1663 impera-

2126 1677 2217 1727 tor
2238 1671 2496 1727 hominis
2518 1673 2942 1729 consuetudine
2964 1674 3381 1748 delectabatur,
3400 1694 3653 1750 eumque
3675 1696 3777 1753 pro

359 1751 548 1837 ἦνρεί
594 1766 685 1820 καὶ
732 1760 1064 1825 παιδεύσεως
1114 1759 1366 1835 ἄμοιρος,
1417 1757 1545 1815 ἀλλ’
1592 1756 1684 1812 οὖν
1732 1751 1957 1825 εύσεϐἠς
1988 1756 2016 1810 6

2139 1765 2370 1832 parente
2418 1760 2663 1816 colebat.
2707 1761 2982 1828 Quamvis
3039 1763 3195 1819 enim
3255 1766 3527 1821 doctrinae
3575 1751 3780 1841 exp—crs

362 1856 509 1931 ἀνὴρ
536 1855 627 1910 καὶ
652 1859 848 1932 πρᾷος,
888 1850 942 1907 εἷ’
962 1872 1063 1926 περ
1112 1853 1226 1924 (80)
1252 1871 1338 1912 τις
1387 1846 1581 1910 ἄλλος.
1616 1846 1788 1907 Αὐτὸς
1818 1844 1875 1901 δὲ
1905 1848 2019 1917 Θεῷ

2139 1854 2303 1914 esset,
2328 1850 2461 1921 pius
2485 1854 2683 1905 tamen
2706 1850 2792 1905 vir
2820 1856 2962 1919 erat,
2988 1868 3338 1925 morumque
3368 1855 3605 1913 lenitate
3633 1875 3779 1930 prae-

362 1943 661 2022 σχολάζειν
700 1941 913 2017 μᾶλλον
958 1941 993 2011 ἢ
1048 1939 1262 2017 βασιλεῖ
1309 1942 1416 1993 τῶν
1460 1935 1642 1992 καλῶν
1676 1935 1805 1991 εἶναι
1837 1934 2021 2007 οἰόμε-

361 2054 478 2107 νος,
513 2032 574 2087 ού
606 2034 819 2108 συχνῶς
867 2028 1070 2103 ὡμίλει
1112 2032 1228 2089 τοῖς
1279 2024 1599 2102 βασιλείοις.
1650 2022 2018 2099 Φιλαργυρίαν

366 2120 427 2177 δὶ
469 2120 602 2183 τοὺς
649 2117 1086 2197 παρισταμένους
1135 2120 1214 2188 τῷ
1265 2112 1481 2191 βασιλεῖ
1526 2118 1814 2175 νοσοῦντας
1855 2113 2021 2188 ὁρῶν,

360 2211 456 2266 καὶ
485 2210 613 2271 τοὺς
646 2206 795 2282 δῶρα
842 2206 1247 2283 χαριζομένους
1293 2200 1760 2279 ἀποδεχομένους,
1800 2205 1908 2256 τῶν
1942 2197 2020 2273 δὶ,

365 2300 486 2361 οἷος
536 2301 604 2368 ἦν
652 2296 811 2357 αὐτὸς
853 2297 992 2369 (81),
1046 2293 1193 2368 μάλα
1241 2294 1741 2372 καταφρονοῦντας·
1804 2287 1893 2344 διά
1937 2310 2023 2345 τοι

361 2392 538 2443 ταῦτα
582 2391 700 2449 ταῖς
750 2388 1088 2461 προσευχαῖς
1137 2382 1229 2437 καὶ
1278 2380 1601 2457 ἀγρυπνίαις
1648 2379 1738 2433 καὶ
1771 2375 2023 2433 διδασκα-

369 2475 524 2538 λίαις
570 2480 853 2550 προσεῖχε,
903 2473 993 2529 καὶ
1051 2472 1284 2527 ἀσθεδῶν
1337 2467 1645 2541 θεραπείαις
1675 2467 1764 2523 καὶ
1812 2466 2023 2523 ἐπισκέ-

370 2569 485 2640 ψει,
533 2568 651 2637 Θεῷ
696 2562 913 2624 τούτοις
957 2561 1227 2637 καθαίρων
1277 2558 1464 2615 ἑαυτὸν
1511 2557 1600 2613 καὶ
1645 2558 1709 2613 τὸ
1746 2555 2023 2630 ποίμνιον·

369 2655 510 2710 ποτὶ
558 2650 617 2708 δὲ
662 2653 752 2707 καὶ
801 2652 939 2728 πρὸς
989 2648 1187 2727 ἀγροὺς
1238 2648 1600 2724 ὑπανεχώρει,
1640 2647 1741 2717 τήν
1790 2645 2026 2722 ἡσυχίαν

373 2746 587 2812 ποθῶν,
642 2743 732 2797 καὶ
787 2742 851 2795 τὸ
904 2740 1127 2816 συνεχὲς
1181 2742 1288 2793 τῶν
1332 2737 1511 2792 πόνων
1556 2735 1723 2810 ταύτῃ
1770 2735 2027 2809 ἰώμενος,

376 2833 453 2894 ὡς
498 2831 557 2886 ἃν
608 2829 755 2902 αὐτῷ
798 2830 861 2884 τὸ
903 2833 1060 2901 σῶμα
1105 2826 1242 2903 πρὸς
1286 2826 1411 2888 τοὺς
1460 2824 1650 2904 ἐφεξῆς
1699 2823 1900 2886 πόνους
1952 2826 2026 2898 μὴ

376 2921 681 2993 ἀποκάμοι.
713 2917 919 2981 Αύλαῖς
942 2914 1000 2972 δὲ
1025 2914 1315 2994 βασιλείων
1339 2914 1578 2991 χρονίως
1612 2908 1873 2968 ἐνέϐαλλε
1892 2915 2028 2986 (82),

372 3011 439 3065 τὸ
488 3016 591 3079 τῆς
648 3007 955 3081 Παροιμίας
1010 3004 1067 3061 εὗ
1123 3004 1214 3060 καὶ
1269 3002 1586 3079 πρεπόντως
1637 2999 2027 3075 ἐκμελετήσας·

2130 1939 2311 2009 ditus,
2335 1943 2399 1994 ut
2430 1938 2477 1994 si
2525 1938 2819 2011 quispiam
2852 1940 3026 1997 alius.
3048 1941 3264 1998 Verum
3298 1943 3610 2016 Gregorius
3640 1946 3779 2015 Deo,

2130 2044 2305 2100 quam
2358 2027 2715 2099 imperatori,
2741 2045 2977 2101 operam
3018 2030 3155 2087 dare
3200 2033 3536 2103 praeclarius
3581 2036 3778 2092 existi-

2132 2133 2322 2179 mans,
2355 2116 2513 2171 haud
2555 2117 2885 2187 frequenter
2914 2118 2971 2173 in
3005 2119 3139 2175 aula
3164 2122 3527 2187 versabatur,
3547 2140 3646 2179 eos
3675 2125 3779 2197 qui

2131 2204 2503 2277 imperatoris
2530 2204 2688 2261 latus
2709 2205 3040 2278 cingebant,
3065 2209 3316 2264 avaritias
3339 2212 3540 2267 morbo
3572 2213 3777 2283 teneri,

2133 2297 2305 2365 atque
2336 2296 2399 2348 ut
2442 2309 2541 2349 eos
2571 2293 2672 2364 qui
2717 2311 2962 2350 munera
2991 2296 3328 2369 aii'erebant,
3350 2314 3516 2355 caros
3547 2299 3783 2371 habere,

2133 2382 2215 2437 ita
2267 2382 2356 2437 sui
2409 2380 2634 2438 similes
2682 2383 3001 2440 admodum
3050 2387 3349 2458 aspernari
3400 2389 3780 2461 perspiciens.

2134 2471 2414 2537 Quocirca
2443 2470 2878 2543 precationibus
2910 2476 2967 2527 et
2996 2474 3335 2546 pervigiliis,
3357 2480 3534 2549 atque
3565 2479 3784 2535 doctri-

2135 2560 2248 2627 nis,
2273 2560 2622 2631 azgrotisque
2650 2559 2926 2616 curandis
2955 2564 3012 2616 et
3037 2561 3357 2619 invisendis
3384 2563 3783 2635 incumbebat,

2139 2654 2250 2705 Deo
2282 2664 2410 2704 sese
2437 2648 2531 2703 his
2561 2649 2737 2705 rebus
2768 2664 3117 2721 gregemque
3147 2668 3406 2724 purgans
3440 2669 3453 2710 :
3488 2656 3781 2712 interdum

2136 2738 2309 2795 etiam
2343 2737 2466 2793 ruri
2513 2737 2837 2807 secedebat,
2871 2738 3248 2796 solitudinem
3281 2746 3577 2815 expetens,
3600 2761 3783 2817 eaque

2138 2827 2436 2900 perpetuis
2477 2824 2777 2882 laboribus
2815 2826 3099 2883 afﬂictum
3130 2845 3342 2902 corpus
3389 2848 3677 2900 recreans,
3710 2849 3783 2891 ne

2139 2917 2207 2971 ad
2243 2918 2553 2986 sequentes
2600 2914 2829 2971 labores
2879 2915 3188 2972 fatisceret.
3220 2918 3301 2973 Ad
3336 2918 3531 2977 aulam
3589 2926 3786 2980 autem

2140 3021 2270 3060 raro
2317 3004 2701 3075 commeabat,
2743 3002 2885 3059 illud
2940 3005 3385 3063 Proverbiorum
3439 3014 3591 3067 recte
3650 3029 3788 3069 con-

380 3096 618 3154 Σπάνιον
687 3096 864 3173 εἴσαγε
936 3096 1025 3150 σὸν
1101 3090 1244 3149 πόδα
1315 3094 1451 3169 πρὸς
1528 3092 1618 3147 σὸν
1692 3090 1885 3169 φίλον,
1940 3088 2026 3146 ’ἕνα

2139 3109 2401 3166 grueque
2432 3091 2851 3164 permeditatus
2885 3110 2898 3149 :
2931 3095 3073 3151 Raro
3115 3095 3305 3167 pedem
3351 3102 3508 3154 tuum
3537 3102 3685 3171 infer
3712 3101 3792 3159 ad

386 3188 463 3262 μὴ
495 3184 761 3256 πλησθείς
792 3206 887 3240 σου
917 3185 1027 3259 (83)
1065 3184 1267 3258 μισ-ήσῃ
1297 3202 1373 3237 σε.

451 3273 731 3345 Τοσαύτης
782 3270 840 3328 δὲ
884 3274 1096 3346 ποιμὴν
1149 3269 1475 3340 Ἐκκλησίας
1522 3265 1890 3344 ἀποδειχθεὶς,
1941 3269 2031 3323 καὶ

382 3358 718 3441 παραλαϐὼν
748 3359 1057 3439 προσόδους
1104 3382 1164 3416 τε
1208 3359 1297 3415 καὶ
1328 3358 1686 3414 παντοδαπῶν
1724 3356 2031 3431 κειμηλίων

383 3453 640 3523 πλῆθος,
694 3451 818 3527 μίαν
872 3448 1129 3529 δραχμὴν
1187 3449 1421 3504 ἐντεῦθεν
1479 3447 1541 3502 οὗ
1605 3449 2034 3520 προσεκτήσατο·

383 3542 563 3600 καίτοι
614 3563 679 3619 γε
738 3538 1063 3618 βουλομένῳ
1118 3539 1207 3594 καὶ
1259 3536 1538 3593 ταλάντων
1583 3536 1837 3615 ἀφθονίαν
1892 3537 2037 3608 αὐτῷ

386 3632 785 3709 περιποιεῖσθαι
835 3629 897 3684 ἃν
948 3626 1243 3705 ἐξεγένετο,
1290 3626 1352 3683 ού
1405 3625 1709 3702 λογισμοὺς
1754 3624 2038 3702 προσόδων

389 3722 481 3779 καὶ
535 3719 860 3791 διοικήσεως
920 3719 1034 3793 (84)
1084 3718 1229 3793 παρὰ
1282 3720 1391 3771 τῶν
1446 3713 1914 3788 οἰκονομησάντων
1972 3715 2039 3769 τὰ

388 3818 493 3882 τῆς
545 3806 876 3881 Ἐκκλησίας
926 3807 1278 3878 ἐπεζήτησεν,
1326 3804 1425 3860 οὐκ
1470 3804 1782 3882 ἀναγραφὴν
1835 3807 2037 3859 σκευῶν

388 3902 577 3975 ἱερῶν,
616 3895 942 3969 καπηλικῶν
997 3894 1209 3970 μᾶλλον
1254 3896 1289 3964 ἢ
1322 3891 1781 3964 ἑκκλησιαστικῶν
1833 3889 2038 3968 ἀνδρῶν

392 3990 454 4045 τὸ
514 3987 670 4067 ἔργον
726 3987 839 4062 (85)
894 3989 1055 4041 τοῦτο
1115 3978 1431 4054 ὑπολαϐὼν,
1480 3981 1570 4036 καὶ
1619 3980 1902 4058 ἀρχόντων
1943 3980 2043 4036 οὐκ

392 4076 707 4134 ἐπισκόπων
741 4094 756 4109 ·
814 4074 1029 4137 τούτοις
1088 4073 1319 4134 ἅπαντας
1375 4068 1704 4126 ἐκπαιδεύων
1764 4074 1879 4142 Θεῷ
1929 4071 2042 4143 (86)

391 4166 737 4243 καθαρότητα
806 4164 1128 4241 προσφέρειν
1200 4168 1300 4232 τῆς
1355 4157 1710 4230 συνειδήσεως
1744 4203 1758 4231 ,
1816 4158 1904 4214 καὶ
1966 4158 2042 4233 μὴ

393 4255 713 4333 ἀνθρώπους
741 4253 1022 4329 πειρᾶσθαι
1051 4249 1474 4327 λογοθετοῦντας
1503 4247 1727 4305 πείθειν.

2061 3164 2103 3230 C
2139 3164 2401 3251 amicum,
2432 3197 2502 3237 ne
2530 3184 2675 3252 forte
2700 3184 2931 3239 satiatus
2959 3164 3141 3240 oderit
3169 3193 3219 3241 te
3244 3186 3309 3241 1⁸.

2214 3272 2413 3327 Tanta;
2445 3286 2614 3342 porro
2649 3270 2916 3328 Ecclesiae
2947 3273 3158 3344 praesul
3188 3273 3516 3345 institutus,
3542 3294 3794 3351 proven-

2144 3362 2358 3431 tusque
2389 3362 2446 3413 et
2474 3357 2764 3414 inﬁnitam
2797 3359 2988 3416 omnis
3018 3362 3247 3434 generis
3278 3363 3669 3437 eximiamque
3701 3384 3796 3423 su-

2146 3444 2493 3520 pellectilem
2527 3450 2895 3516 consecutus,
2928 3465 3001 3504 ne
3044 3450 3216 3507 unica
3245 3452 3481 3523 quidem
3512 3455 3795 3513 drachma

2147 3536 2284 3591 hinc
2316 3534 2622 3591 facultates
2652 3552 2790 3591 suas
2829 3538 3027 3593 auxit:
3063 3556 3195 3594 cum
3227 3544 3422 3596 tamen
3474 3543 3793 3600 maximam

2146 3625 2499 3680 talentorum
2531 3624 2779 3696 copiam,
2814 3625 2863 3680 si
2892 3626 2973 3680 ita
3018 3625 3204 3698 ipsius
3246 3629 3517 3686 voluntas
3548 3631 3797 3704 tulisset,

2148 3712 2417 3785 colligere
2465 3713 2774 3785 potuisset.
2808 3713 2891 3769 Ne
2920 3715 3215 3771 redituum
3262 3718 3495 3788 quidem
3526 3725 3583 3774 et
3611 3722 3799 3776 admi-

2150 3802 2515 3858 nistrationis
2546 3803 2835 3858 rationem
2867 3803 2939 3858 ab
2984 3802 3079 3872 iis,
3104 3805 3204 3876 qui
3254 3805 3521 3863 Ecclesiae
3566 3811 3799 3881 negotia

2150 3895 2582 3965 procurassent,
2615 3891 2898 3963 repetivit,
2931 3908 3036 3947 nec
3073 3891 3452 3964 supellectilis
3486 3912 3665 3953 sacra
3696 3898 3796 3953 de-

2152 3980 2525 4052 scriptionem
2563 3996 2892 4052 cauponam
2924 3980 3136 4049 verius,
3160 3998 3339 4054 quam
3372 3984 3795 4043 ecclesiastico-

2151 4087 2284 4126 rum
2328 4069 2611 4136 vivorum,
2641 4069 2699 4125 id
2748 4086 2877 4125 esse
2928 4074 3214 4137 statuens,
3246 4088 3313 4127 ac
3367 4074 3802 4147 praefectorum,

2154 4176 2269 4215 non
2302 4157 2709 4230 episcoporum
2735 4173 2748 4212 :
2773 4162 2947 4230 atque
2969 4157 3060 4214 his
3082 4160 3257 4216 rebus
3279 4178 3482 4219 omnes
3505 4165 3805 4235 erudiens,

2156 4253 2222 4304 ut
2280 4245 2648 4303 conscientiae
2708 4247 3021 4318 puritatem
3080 4248 3274 4320 potius
3336 4252 3447 4307 Deo
3505 4254 3806 4323 offerrent,

2158 4353 2333 4409 quam
2367 4339 2433 4391 ut
2468 4334 2796 4391 rationibus
2838 4336 3158 4394 referendis
3204 4341 3468 4397 muneris
3496 4341 3588 4397 sui
3619 4342 3809 4401 admi-

2158 4424 2567 4481 nistrationem
2598 4423 2938 4482 hominibus
2968 4427 3217 4499 probare
3247 4429 3591 4488 niterentur.

474 4521 740 4599 Συνεχείᾳ
769 4518 826 4576 δὲ
854 4518 1055 4592 πόνων,
1086 4520 1235 4595 γήρᾳ
1276 4538 1336 4573 τε
1362 4516 1452 4573 καὶ
1500 4514 1740 4588 ἀσθενείᾳ
1767 4512 1877 4587 ἤδη
1907 4537 2026 4591 καμ

2228 4514 2488 4569 Tandem
2520 4512 2775 4570 assiduis
2806 4512 3128 4586 laboribus,
3152 4520 3208 4573 et
3228 4520 3410 4587 senio,
3435 4519 3811 4593 corporisque

400 4612 697 4685 πτόμενος,
756 4609 1110 4687 ἀρρωστήσας
1167 4606 1254 4662 ἐπὶ
1312 4610 1411 4663 τοῦ
1461 4602 1765 4679 σκίμποδος
1810 4608 1898 4674 ἦν.
1956 4612 2026 4660 Κα

2162 4601 2564 4659 imbecillitate
2607 4601 2849 4669 fractus,
2876 4608 3120 4677 urgente
3148 4605 3201 4661 vi
3233 4606 3442 4679 morbi,
3465 4609 3707 4681 grabato
3749 4625 3813 4666 se

404 4701 476 4771 δὴ
504 4704 604 4756 τοῦ
634 4698 815 4774 δήμου
846 4698 1060 4768 πλῆθος
1094 4695 1302 4772 ἀθρόως
1335 4691 1626 4764 ἐπεισῆλθε
1652 4697 1730 4765 τῷ
1768 4690 2054 4767 δωματίῳ,

2161 4693 2415 4749 tenebat.
2457 4694 2540 4746 Ac
2589 4689 2907 4749 multitudo
2953 4692 3153 4765 populi
3201 4694 3430 4769 ingens,
3470 4697 3811 4755 cubiculum

402 4792 533 4847 ἔνθα
589 4790 887 4844 κατέκειτο.
945 4788 1003 4840 Ὁ
1061 4782 1156 4855 δὲ,
1216 4786 1303 4839 οἷα
1361 4784 1512 4862 φιλεῖ
1569 4777 1881 4856 συμϐαίνειν
1938 4787 2026 4837 τοῖ

2162 4782 2218 4836 in
2253 4797 2368 4853 quo
2391 4780 2627 4852 jacebat
2657 4786 2892 4853 repente
2920 4782 3187 4855 ingressa
3214 4789 3321 4841 est.
3358 4787 3485 4858 Ipse
3514 4787 3714 4860 igitur,
3746 4790 3814 4844 ut

403 4878 774 4951 πτοουμένοις
834 4879 995 4951 (87),
1055 4874 1377 4950 ἐπιστρέψας
1453 4871 1539 4927 ἐπὶ
1598 4878 1695 4927 τοῦ
1754 4868 2023 4944 σκίμποδο

2165 4870 2355 4925 solent
2383 4869 2483 4941 qui
2512 4869 2761 4941 strepitu
2792 4869 2988 4943 aliquo
3020 4879 3477 4944 commoventur,
3501 4876 3569 4931 ad
3605 4892 3667 4932 se
3695 4874 3814 4932 col-

399 4968 533 5031 τοὺς
562 4964 756 5036 πόδας,
808 4964 882 5026 εἷς
934 4961 1202 5041 τοῦδαφος
1254 4961 1450 5017 οὑτωσὶ
1496 4960 1793 5031 ἐκαθέζετο,
1841 4960 1893 5014 τί
1928 4958 2105 5034 βούο⁸

476 5087 522 5123 ³⁸
553 5085 720 5142 Prov.
750 5098 879 5150 xxv,
912 5082 996 5137 17.

574 5202 595 5559 ἓ

2165 4959 2331 5015 lectis
2353 4959 2410 5013 in
2434 4957 2578 5015 sella
2599 4959 2867 5031 pedibus,
2892 4960 2950 5015 in
2973 4977 3106 5017 eum
3136 4962 3377 5020 modum
3398 4963 3458 5019 in
3480 4965 3815 5037 pavimento

2336 5265 2355 5480 ξ

623 5198 871 5275 Colb.},
895 5196 995 5275 τὴν
1042 5193 1387 5275 μετριότητα.
2161 5210 2344 5275 τησεν.

475 5256 594 5343 (80)
886 5256 1053 5343 εί-’καί
1075 5256 1179 5327 τιξ.
1206 5338 1233 5343 Α
1287 5256 1297 5266 ’
1356 5336 1387 5343 μ

2381 5261 2453 5343 Τὸ
2482 5256 2831 5343 ἕργονᾼάϐϐξῇ
2861 5263 2919 5343 in
2950 5265 3087 5343 god.
3112 5269 3210 5343 Or.

498 5335 591 5408 81)
622 5342 800 5401 Codd.
833 5340 993 5396 Colb.
1024 5340 1079 5408 2,
1112 5343 1170 5394 et
1197 5338 1292 5394 Or.
1325 5336 1505 5399 οὗτος.
1665 5405 1676 5408 _
1725 5402 1774 5408 ﬂ
1816 5406 1824 5408 Α

2240 5335 2352 5408 (86)
2383 5336 2468 5408 Ita
2512 5335 2761 5408 Montac.
2785 5335 2922 5393 Cod.
2957 5337 3016 5393 P.
3041 5341 3097 5393 et
3125 5339 3379 5397 Combef.
3404 5340 3464 5396 In
3496 5339 3635 5397 edit.
3659 5338 3818 5399 Θεοῦ.

500 5402 593 5477 82)
625 5416 714 5472 Ita
741 5412 910 5469 codd.
942 5402 1100 5467 Colb.
1125 5412 1181 5477 2,
1213 5415 1271 5467 et
1296 5413 1392 5467 Or.
1426 5410 1484 5465 in
1515 5408 1635 5464 edit
1660 5402 1898 5466 ἐνέϐαλε.
2176 5476 2179 5477 ν
2242 5402 2355 5477 (87)
2383 5406 2474 5463 Sic
2501 5406 2705 5464 volunt
2744 5408 2994 5465 Montac.
3026 5410 3195 5466 codd.
3228 5412 3323 5468 Or.
3355 5417 3420 5468 P.
3462 5420 3516 5468 et
3554 5412 3819 5470 Combef.

502 5476 595 5556 83)
627 5482 737 5540 Σοῦ
768 5484 931 5541 deest
958 5476 1209 5556 in_Colb.
1237 5484 1293 5553 2,
1319 5478 1411 5536 τίνα
1440 5481 1499 5536 in
1530 5481 1657 5538 cod.
1690 5479 1786 5539 Or.
1820 5480 1922 5556 qui
1952 5481 2063 5539 ha-
2170 5476 2345 5556 hanc
2368 5478 2678 5556 lectionem
2726 5484 2961 5556 secutus
2989 5485 3099 5556 gest
3142 5482 3367 5556 Billius.
3401 5483 3464 5556 In
3515 5485 3654 5556 edit.
3685 5482 3820 5556 qui;

406 5549 509 5618 bet
538 5549 719 5629 φίλον,
755 5555 954 5629 μήπως
984 5550 1238 5629 πληϐείς.
1277 5549 1326 5629 '_
1771 5624 1787 5629 _
1834 5549 1881 5629 ζ
1943 5621 1982 5629 _,
2023 5622 2035 5629 _
2171 5550 2342 5629 bu_sd.
2383 5549 2766 5629 ποιουμένοις.
2808 5553 2937 5629 Mox
2977 5552 3136 5611 Colb.
3188 5556 3240 5629 1,
3271 5552 3561 5629 ἐπιτρέψας
3608 5549 3815 5629 έκξτοῦ

486 5576 509 5617 ῑ
583 5576 701 5615 ιΛον
796 5576 954 5627 ηπως
984 5576 1238 5625 πΛηυεις.

483 5579 596 5713 (ΒΣ)
840 5626 937 5688 0r.
967 5630 1027 5685 et
1053 5625 1116 5686 P.
1147 5621 1492 5701 διοικήσεων,
1523 5639 1661 5684 mox
1687 5624 1815 5686 cod.
1846 5624 1910 5685 P.
1941 5621 2026 5697 ἐξῆ

2172 5576 2342 5607 υυδιι.
2393 5576 2766 5624 ποιουμενοις.
2808 5576 2937 5610 mox
2977 5576 3136 5611 uuln.
3188 5576 3240 5626 1,
3271 5576 3452 5629 επιτρε
3498 5576 3561 5617 ας
3608 5576 3669 5609 εκ
3712 5576 3815 5607 του

2170 5618 2493 5698 σκίμποδος.
2523 5622 2729 5681 Billius
2771 5626 2961 5697 vertit,
2991 5628 3264 5684 conversi:
3292 5629 3353 5685 in
3380 5576 3520 5684 mia
3563 5624 3816 5700 pedibus.
