4152 6208
365 307 481 365 295

1483 302 1665 364 VITA
1717 305 1781 364 S.
1831 300 2200 364 GREGOMI
2244 298 2639 366 THEOLOGI

3654 308 3772 371 296

365 437 624 506 sedebat,
659 435 796 507 quid
829 435 940 490 sibi
985 453 1186 490 eorum
1235 437 1518 491 adventus
1552 435 1721 492 vellet
1770 454 2005 508 percun-

2129 433 2300 507 λεται,
2350 436 2773 510 πυνθανόμενος,
2824 440 2855 507 ἡ
2904 437 3080 493 αὐτῶν
3134 439 3417 513 παρουσία.
3463 442 3526 495 Οἱ
3558 439 3635 509 δὲ,
3670 442 3773 516 χά-

364 530 552 581 ctans.
580 524 666 579 illi
699 528 891 579 autem
916 540 1047 578 cum
1080 530 1135 578 et
1165 524 1237 579 ob
1267 541 1335 579 ea
1364 541 1491 595 qua:
1521 525 1853 580 acciderant
1882 541 2008 597 gra-

360 614 474 670 tias
520 618 631 668 Deo
678 611 953 683 egissent,
986 628 1051 665 ac
1110 627 1210 682 pro
1267 611 1636 684 imperatoris
1694 612 1901 682 salute,
1934 616 2006 669 ob

358 706 658 774 acceptum
709 700 1014 769 templum,
1049 699 1314 771 aliasque
1362 717 1559 756 sacras
1607 702 1781 772 aedes,
1812 702 2008 758 ortho-

258 858 264 867 ‘
358 793 758 860 doxorumque
804 787 1132 854 ecclesiam,
1182 794 1314 844 vota
1370 789 1659 858 fecissent,
1694 790 2007 861 ipsumque

360 881 572 936 horum
603 878 867 933 omnium
919 883 1211 932 auctorem
1246 882 1301 932 et
1331 877 1711 933 architectum
1762 879 2007 950 professi

365 968 633 1033 fuissent,
658 966 771 1022 laeti
796 965 1063 1021 cubiculo
1088 973 1482 1021 excesserunt.
1509 966 1854 1023 Adolescens
1877 984 2007 1023 vero

363 1057 602 1131 quidam
635 1055 890 1125 relictus,
924 1055 1314 1125 manibusque
1345 1056 1466 1109 suis
1513 1056 1662 1110 beati
1694 1056 1799 1110 viri
1832 1057 2007 1128 pedes

363 1146 780 1218 comprimens,
812 1144 883 1198 ab
915 1160 979 1198 eo
1011 1160 1142 1198 cum
1189 1142 1460 1215 lacrymis
1491 1149 1546 1198 et
1578 1143 2007 1200 lamentationi-

360 1236 471 1292 bus
502 1234 733 1290 sceleris
778 1232 1003 1289 veniam
1054 1231 1297 1303 supplex
1347 1231 1700 1303 postulabat.
1734 1231 2007 1304 Gregorio

357 1330 551 1381 autem
601 1321 935 1378 sciscitante
988 1320 1126 1392 quid
1178 1319 1289 1375 sibi
1350 1318 1457 1375 hoc
1511 1337 1777 1375 sermone
1814 1320 2006 1388 vellet,

356 1413 501 1468 nihil
537 1410 797 1483 responsi
846 1410 1022 1465 dabat
1054 1426 1067 1463 :
1098 1409 1198 1464 sed
1247 1412 1476 1463 tantum
1527 1408 1783 1480 lugebat,
1817 1426 1882 1464 ac
1913 1426 2007 1465 ve-

357 1503 515 1558 niam
549 1500 794 1573 petebat.
819 1504 963 1553 'l‘um
999 1498 1237 1570 quidam
1273 1514 1340 1552 ex
1371 1497 1441 1553 iis
1472 1499 1570 1568 qui
1603 1502 1893 1563 astabant,
1931 1501 2009 1554 ita

354 1590 588 1646 locutus
635 1592 725 1645 est
756 1607 768 1643 :
799 1608 825 1640 α
861 1588 959 1642 llic
1007 1592 1096 1642 est
1140 1586 1236 1641 ille
1266 1586 1521 1642 carnifex
1572 1592 1726 1654 tuus,
1759 1603 1791 1641 o
1823 1594 2005 1658 pater,

356 1680 514 1751 quia
536 1676 834 1734 nonnullis
862 1677 1219 1732 subornatus
1242 1674 1455 1729 ferrum
1479 1675 1582 1729 tibi
1605 1674 1663 1729 in
1692 1675 2009 1746 praecordia

357 1770 657 1824 defixurus
702 1771 846 1835 erat,
878 1764 989 1819 nisi
1022 1762 1286 1819 Christus
1320 1763 1623 1835 perspicue
1655 1763 1760 1818 tibi
1792 1763 2006 1819 auxilio
2039 1798 2085 1863 B

353 1857 581 1914 fuisset.
616 1856 778 1921 Quod
810 1859 1007 1910 autem
1058 1854 1128 1908 ad
1173 1869 1373 1908 eorum
1405 1851 1760 1907 voluntatem
1797 1853 2006 1907 attine-

353 1948 473 2012 bat,
498 1946 724 2001 facinus
748 1946 1141 2016 perpetratum
1164 1947 1273 1996 est.
1293 1941 1537 1996 Proinde
1564 1958 1716 1995 nunc
1739 1941 1809 1996 ad
1835 1943 2008 2011 pedes

350 2035 459 2091 tibi
491 2034 881 2107 procumbens
913 2031 1148 2098 clamat,
1172 2029 1427 2101 suscepti
1480 2029 1715 2084 sceleris
1756 2030 2006 2101 poenitu-

357 2124 492 2179 dine
522 2123 784 2178 affectus.
814 2146 833 2169 ι
872 2118 1185 2175 Confestim
1223 2122 1417 2172 autem
1468 2116 1654 2185 Pater,
1689 2122 1753 2172 ut
1781 2122 2005 2189 patrem

358 2228 591 2284 aequum
643 2214 787 2279 erat,
820 2208 1247 2263 adolescentem
1298 2205 1378 2259 ita
1420 2204 1738 2277 alloquitur
1763 2223 1777 2262 :
1802 2228 1830 2257 «
1864 2210 2007 2263 Pro-

356 2301 537 2374 pitius
584 2298 688 2355 tibi
719 2296 986 2353 Christus
1034 2296 1129 2363 sit,
1162 2312 1194 2350 ο
1225 2294 1590 2360 cbarissime,
1623 2294 1846 2365 tibique
1884 2296 2007 2367 ipse

357 2391 642 2462 ignoscat,
673 2388 771 2459 qui
818 2402 910 2441 me
959 2400 1194 2457 quoque
1243 2383 1506 2439 servavit.
1544 2383 1661 2438 Hoc
1709 2383 1899 2438 solum
1934 2385 2007 2439 ad

359 2477 634 2535 facinoris
665 2474 1096 2532 excusationem
1146 2478 1204 2527 et
1253 2472 1653 2543 purgationem
1688 2480 1804 2527 ate
1852 2479 2005 2544 peto,

346 2574 411 2623 ut
441 2584 605 2623 meus
638 2565 765 2630 ﬁas,
797 2561 1068 2618 haeresim
1116 2564 1472 2626 exsecratus,
1502 2564 1674 2630 atque
1705 2560 1776 2613 ad
1821 2559 2005 2615 Deum

2117 543 2198 600 ριν
2240 524 2681 601 ὁμολογήσαντες
2732 528 2844 597 (88)
2889 531 2969 597 τῷ
3020 531 3135 598 Θεῷ
3182 526 3269 581 ἐπὶ
3311 532 3427 590 τοῖς
3475 531 3771 604 γεγενημέ-

2115 632 2247 683 νοις,
2310 613 2398 668 καὶ
2470 614 2600 686 ὑπὲρ
2666 618 2762 668 τοῦ
2819 613 3087 689 βασιλέως
3148 615 3566 691 ὑπερευξάμενοι
3634 621 3771 691 (89),

2114 697 2289 755 ἕνεκεν
2332 706 2429 755 τοῦ
2478 702 2602 771 νεὼ,
2634 702 2725 756 καὶ
2774 707 2878 756 τῶν
2924 701 3109 757 ἄλλων
3141 704 3300 778 ἰερῶν
3334 703 3521 770 οίόιων,
3555 707 3646 760 καὶ
3675 711 3773 776 τῆς

2118 787 2439 858 Ἐκκλησίας
2468 793 2575 843 τῶν
2623 787 2950 865 όρθοδόξων,
2996 790 3206 846 πάντων
3260 789 3317 846 δὲ
3346 793 3551 848 τούτων
3595 792 3768 849 αἴτιον

2115 878 2497 950 προσειπόντες
2538 880 2630 933 τὸν
2687 880 2941 951 ποιμένα,
2996 880 3288 955 γεγηθότες
3339 881 3579 955 ἀπῄεσαν
3630 886 3767 958 (90).

2116 966 2342 1028 Νεανίας
2400 964 2456 1021 δέ
2513 988 2597 1029 τις
2659 966 3022 1045 ὑπολειφθεὶς,
3072 970 3160 1024 καὶ
3206 976 3327 1031 ταῖς
3379 972 3570 1026 ἑαυτοῦ
3609 974 3767 1048 χερσὶ

2116 1053 2412 1127 συμπιέσας
2453 1054 2616 1111 αὑτοῦ
2662 1056 2791 1119 τοὺς
2838 1053 3029 1127 πόδας,
3084 1055 3349 1131 ὀδυρμοῖς
3380 1060 3470 1113 καὶ
3512 1058 3763 1136 δάκρυσιν

2116 1142 2318 1198 ἱκέτευε
2365 1144 2457 1198 τὸν
2512 1144 2773 1218 μακάριον
2828 1150 3132 1221 συγγνῶναι
3180 1146 3326 1218 αὐτῷ
3368 1149 3431 1202 τὸ
3480 1148 3765 1223 πλημμέ-

2118 1228 2293 1303 λημα.
2325 1236 2430 1286 Τοῦ
2462 1230 2518 1287 δὲ
2547 1231 2948 1306 πυνθανομένου
2977 1232 3030 1288 τί
3078 1235 3140 1289 τὸ
3188 1233 3481 1310 λεγόμενον
3534 1233 3642 1308 είή,
3674 1236 3765 1292 ού-

2117 1317 2203 1375 δὲν
2262 1320 2604 1395 ἀπεκρίνατο,
2654 1319 2803 1390 πλὴν
2848 1326 2946 1377 τοῦ
2998 1324 3233 1399 θρηνεῖν,
3292 1324 3383 1378 καὶ
3431 1327 3764 1400 συγγνώμην

2116 1409 2303 1465 αἰτεῖν.
2338 1414 2457 1464 Τῶν
2509 1407 2567 1465 δὲ
2612 1412 3018 1487 περιπαμὲνων
3068 1432 3153 1473 τις
3197 1406 3319 1490 ἔφη.
3356 1437 3387 1464 ‹‹
3418 1412 3585 1476 Οὗτός
3625 1413 3765 1469 ἐστιν

2117 1498 2145 1552 6
2176 1498 2267 1559 σὸς
2300 1497 2513 1575 φονεὺς,
2546 1499 2590 1553 ὦ
2637 1501 2748 1572 (91)
2802 1500 2987 1574 πάτερ,
3018 1500 3078 1562 ’ὃς
3110 1496 3339 1573 ἔμελλεν
3382 1502 3440 1557 ἐκ
3468 1504 3764 1579 σκαιωρίας

2115 1591 2274 1640 τινῶν
2324 1586 2460 1641 κατὰ
2519 1592 2627 1641 τῶν
2679 1592 2786 1641 σῶν
2839 1586 3072 1663 ἐγκάτων
3125 1587 3365 1644 ἐλαύνειν
3426 1591 3575 1669 ξίφος
3627 1593 3762 1666 (92),

2115 1673 2204 1729 καὶ
2237 1677 2265 1729 6
2297 1675 2532 1748 Χριστός
2565 1697 2660 1730 σου
2707 1680 2891 1753 σαφῶς
2934 1672 3278 1736 ἀντελάϐετο.
3312 1680 3545 1752 Γνώμης
3579 1678 3636 1735 δὲ
3662 1684 3762 1749 τῆς

2116 1761 2290 1817 αὐτῶν
2322 1760 2496 1818 ἕνεκεν
2530 1764 2590 1817 τὸ
2639 1762 2820 1838 δρᾶμα
2867 1764 3194 1837 ἐξετελέσθη.
3230 1766 3412 1841 Ταύτῃ
3457 1789 3543 1823 τοι
3589 1789 3761 1845 προσ-

2113 1850 2325 1905 πίπτων
2366 1852 2466 1925 βοᾷ
2515 1850 2601 1906 ἐπὶ
2647 1857 2716 1926 τῇ
2765 1851 2948 1927 τόλμῃ
3000 1853 3465 1928 μεταμελόμενος.
3500 1879 3529 1909 ››
3558 1857 3763 1914 Αὐτίκα

2116 1935 2173 1993 δὲ
2203 1940 2231 1992 6
2262 1940 2469 2015 Πατὴρ,
2501 1943 2590 1994 οἷα
2627 1942 2806 2015 πατὴρ
2839 1943 2971 2014 (93),
3004 1940 3130 1997 τάδε
3179 1944 3331 2021 φησί’
3368 1969 3396 1997 ‹‹
3430 1945 3642 2001 Γενοιτό
3674 1968 3763 2001 σοι

2115 2026 2346 2100 Χριστὸς
2379 2030 2490 2100 (94)
2522 2027 2775 2099 εὐμενής,
2809 2031 2853 2083 ὦ
2888 2029 3138 2108 φίλτατε,
3184 2033 3273 2086 καὶ
3324 2029 3439 2104 δῴη
3493 2055 3578 2088 σοι
3629 2056 3760 2110 συγ-

2113 2115 2339 2191 γνώμην
2371 2114 2552 2188 αύτὸς,
2603 2118 2630 2171 6
2676 2118 2815 2192 κάμὲ
2862 2122 3187 2194 περισώσας.
3221 2120 3393 2176 Μόνον
3443 2122 3519 2185 εἰς
3554 2124 3763 2178 ἀπολο-

2114 2202 2236 2278 γίαν
2266 2210 2365 2273 τῆς
2392 2201 2609 2277 τόλμης
2661 2204 2790 2278 ἐμὸς
2837 2212 3016 2281 γενοῦ,
3048 2210 3147 2277 τὴν
3198 2206 3396 2285 αἵρεσιν
3434 2208 3763 2286 βδελυξάμεο

2112 2313 2227 2361 νος,
2274 2296 2389 2364 Θεῷ
2438 2313 2497 2347 τε
2543 2293 2809 2366 πρόσελθε
2844 2338 2857 2362 ,
2904 2296 2993 2350 καὶ
3050 2294 3273 2352 δούλευε
3318 2298 3463 2371 αὐτῷ
3510 2297 3760 2355 δουλείαν

2116 2378 2384 2455 εἰλικρινῆ
2432 2381 2521 2435 καὶ
2571 2385 2682 2454 (95)
2737 2382 3003 2441 ἑκούσιον.
3059 2410 3080 2435 ε
3132 2390 3193 2439 Ἡ
3243 2384 3333 2440 οὖν
3385 2383 3569 2455 πόλις,
3602 2389 3762 2443 ἀκού-

2118 2489 2249 2523 σασα
2293 2476 2394 2539 τῆς
2443 2470 2778 2546 ἀποκρίσεως
2805 2472 2868 2527 τὸ
2920 2473 3294 2549 μακρόθυμον,
3327 2474 3495 2531 πλέον
3542 2476 3625 2531 ἐπ’
3666 2477 3759 2531 αὖ·

2114 2562 2191 2631 τῷ
2223 2557 2423 2636 ἐξήφθη
2458 2557 2837 2636 φιλοστοργίᾳ-

356 2658 621 2726 accedas,
654 2654 883 2726 ipsique
929 2652 1217 2707 sinceram
1248 2654 1306 2705 et
1338 2648 1729 2704 voluntariam
1777 2650 2113 2704 servitutem
2164 2649 2455 2706 servias.»
2492 2649 2672 2722 Cujus
2715 2652 2841 2722 jam
2890 2653 3037 2711 lenis
3086 2656 3351 2727 responsi
3382 2672 3516 2711 cum
3550 2656 3762 2714 certior

352 2746 505 2801 facta
534 2747 689 2800 esset
717 2742 941 2809 civitas,
976 2736 1288 2794 ardentiori
1319 2754 1457 2809 erga
1487 2754 1620 2791 eum
1654 2753 1852 2792 amore
1882 2738 2119 2794 incensa
2148 2743 2256 2794 est.

425 2832 544 2888 Sub
568 2831 625 2887 id
644 2846 777 2884 vero
803 2833 1031 2899 tempus
1055 2844 1123 2881 ex
1145 2825 1303 2880 omni
1325 2826 1718 2879 Romanorum
1738 2825 2003 2896 imperio,

362 2929 748 2998 praeterquam
783 2937 850 2975 ex
871 2919 1113 2990 Egypto
1135 2922 1189 2972 et
1211 2915 1468 2971 occiduis
1502 2916 1781 2985 partibus,
1807 2920 2010 2971 sancta

364 3014 770 3087 episcoporum
806 3014 1036 3063 centum
1070 3010 1125 3061 et
1154 3004 1574 3075 quinquaginta
1621 3004 1878 3075 synodus
1909 3021 2008 3059 co-

361 3108 491 3160 acta
516 3107 604 3158 est
635 3103 756 3155 tum
792 3102 855 3152 ut
886 3096 1043 3168 pium
1078 3094 1385 3166 praesulem
1417 3096 1677 3164 augustae
1708 3093 1835 3147 urbi
1873 3110 2011 3164 prte-

2187 2823 2315 2879 Ὑπὸ
2347 2822 2403 2880 δὲ
2430 2826 2521 2881 τὸν
2565 2827 2751 2903 καιρὸν
2799 2831 2985 2883 τοῦτον
3039 2829 3097 2884 ἐκ
3139 2828 3315 2900 πάσης
3364 2833 3462 2900 τῆς
3500 2830 3602 2886 ὑπὸ
3630 2834 3761 2889 Ῥω-

2121 2911 2292 2985 μαίων
2327 2916 2436 2986 (96)
2470 2914 2669 2990 ἀρχῆς,
2701 2914 2846 2983 πλὴν
2897 2916 3168 2991 Αἰγύπτου
3214 2918 3303 2973 καὶ
3351 2926 3451 2987 τῆς
3487 2920 3756 2995 ὲσπερίας,

2119 2999 2380 3069 συνῆλθεν
2413 3005 2447 3071 ἡ
2477 3008 2585 3056 τῶν
2618 3003 2801 3058 ἑκατὸν
2854 3007 3187 3075 πεντήκοντα
3234 3006 3355 3080 ἁγία
3395 3005 3634 3079 σύνοδος,
3668 3008 3762 3084 ἀρ-

2117 3087 2305 3163 χιερέα
2350 3097 2676 3159 καταστῆσαι
2727 3096 2793 3165 τῇ
2847 3090 3087 3166 βασιλίδι
3136 3095 3346 3163 πιστὸν,
3391 3097 3481 3150 καὶ
3528 3097 3622 3159 τὰς
3673 3098 3758 3152 αἳ-

360 3193 621 3260 ﬁcerent,
654 3195 777 3243 tum
814 3191 873 3241 ut
904 3185 1152 3240 heereses
1186 3200 1311 3253 quae
1356 3180 1607 3249 interim,
1640 3182 1777 3235 dum
1811 3181 2005 3235 Ariani

2120 3175 2289 3250 ρέσεις
2316 3178 2411 3240 τὰς
2438 3176 2489 3233 ἐν
2530 3177 2608 3251 τῷ
2642 3178 2835 3251 μεταξὺ
2864 3185 2969 3234 τῶν
3001 3182 3348 3256 Ἀρειανιχῶν
3396 3186 3510 3256 (97)
3540 3186 3757 3261 χρόνων

359 3298 554 3336 rerum
589 3278 931 3349 potirentur,
955 3276 1165 3329 exortae
1217 3272 1463 3338 fuerant,
1496 3269 1836 3324 meumenici
1868 3286 2004 3324 con-

359 3368 477 3424 cilii
509 3369 736 3422 decreto
784 3364 853 3419 ab
898 3361 1153 3417 Ecclesia
1181 3359 1645 3414 extruderentur.
1679 3358 2004 3428 Enimvero,

359 3474 486 3529 quae
535 3456 605 3509 ad
660 3452 910 3507 hazreses
959 3449 1353 3521 proﬂigandas
1402 3447 1791 3517 pertinebant,
1823 3446 2005 3501 multo

357 3550 491 3600 ante
518 3559 689 3613 magn
702 3559 767 3595 us
796 3538 1107 3611 Gregorius
1134 3540 1561 3607 praestruxerat,
1586 3534 1739 3589 velut
1768 3533 2006 3589 insidio-

356 3651 453 3689 sas
485 3631 702 3688 bestias
733 3630 804 3684 ab
837 3627 1100 3683 Ecclesiae
1132 3624 1263 3680 ovili
1311 3641 1553 3679 arcens:
1586 3630 1760 3694 atque
1791 3622 1847 3677 in
1879 3624 2006 3693 ipsa

353 3722 531 3777 etiam
566 3722 936 3776 sacrosancta
980 3715 1199 3788 synodo
1249 3713 1370 3785 pari
1404 3711 1583 3766 animi
1633 3712 2004 3767 contentione

354 3827 489 3867 cum
531 3809 662 3865 aliis
712 3805 1044 3863 decertavit.
1077 3808 1287 3858 b‘ancta
1317 3806 1508 3855 autem
1560 3802 1819 3872 synodus
1867 3817 2001 3855 eum

352 3900 690 3972 episcOpum
732 3894 1052 3959 constituit,
1088 3892 1543 3962 antesignanum
1572 3895 1627 3944 et
1658 3889 1863 3944 ducem
1900 3889 2001 3944 ha-

352 3990 501 4044 bens
524 4003 800 4055 magnum
827 3984 990 4039 illum
1018 3979 1494 4035 Antiochensium
1521 3984 1809 4049 pastorem
1836 3978 2003 4034 Mele-

352 4077 522 4141 tium,
554 4077 742 4129 virum
774 4075 868 4144 pia
898 4072 1010 4127 ﬁde
1052 4070 1378 4140 praeditum,
1412 4067 1629 4138 quique
1662 4066 2003 4122 ﬂorentibus

354 4163 709 4219 Arianorum
742 4163 917 4217 rebus
941 4159 1193 4215 Ecclesia
1216 4156 1420 4229 pulsus
1454 4157 1659 4225 fuerat,
1684 4156 2003 4227 multisque

356 4250 796 4308 calamitatibus
819 4248 1119 4305 exhaustis
1142 4248 1418 4302 diuturno
1443 4244 1757 4299 mulctatus
1778 4246 2001 4300 exsilio.

355 4340 579 4407 Quibus
613 4344 805 4394 autem
833 4337 1093 4392 moribus
1116 4335 1391 4407 praeditus
1422 4338 1596 4397 esset,
1621 4332 1758 4404 quid
1795 4335 2006 4389 referre

355 4444 594 4484 necesse
625 4428 750 4482 est?
783 4427 939 4482 idem
964 4425 1119 4481 enim
1144 4429 1200 4479 et
1222 4428 1563 4478 mansuetus
1593 4427 1719 4477 erat
1746 4426 1803 4477 et
1832 4422 2005 4478 rebus

354 4516 629 4590 gerendis
660 4516 845 4572 solers
877 4521 933 4571 et
953 4514 1175 4578 efﬁcax,
1200 4512 1795 4584 temperans,justus,
1819 4511 2004 4576 fortis,

2117 3264 2436 3342 ἀναφυείσας
2490 3265 2751 3337 ἐξωθῆσαι
2796 3275 2897 3337 τῆς
2948 3267 3274 3340 Ἐκκλησίας
3309 3274 3474 3349 ψήφῳ
3506 3273 3761 3347 οίχουμε-

2113 3360 2271 3421 νικῆς
2318 3352 2691 3417 συνελεύσεως.
2745 3356 2818 3409 Τὰ
2873 3357 2966 3428 μὶν
3018 3355 3109 3411 οὗν
3156 3358 3290 3413 κατὰ
3344 3365 3452 3414 τῶν
3504 3362 3759 3435 αἱρέσεων

2113 3438 2562 3517 προωδοποίησεν
2615 3444 2642 3497 6
2696 3442 2859 3520 μέγας
2907 3445 3209 3521 Γρηγόριος
3256 3447 3315 3501 ἐκ
3360 3446 3586 3504 πολλῶν
3650 3456 3759 3506 τῶν

2114 3530 2350 3604 χρόνων,
2386 3530 2566 3606 ὥσπερ
2616 3533 2784 3607 θῆρας
2832 3528 3158 3597 ἐπιϐούλους
3211 3540 3308 3589 τοῦ
3356 3537 3613 3609 ποιμνίου
3657 3547 3759 3609 τῆς

2110 3618 2433 3689 Ἐκκλησίας
2482 3617 2827 3675 ἀποδιώκων·
2882 3620 2972 3676 καὶ
3026 3622 3193 3689 αὐτῆς
3242 3621 3299 3678 δὲ
3349 3626 3629 3697 παρούσης
3658 3635 3759 3697 τῆς

2112 3708 2268 3782 ἁγίας
2296 3704 2539 3778 συνόδου,
2581 3708 2790 3780 ὁμοίως
2837 3712 3261 3786 συνηγωνίσατο.
3291 3715 3352 3770 Ἠ
3386 3711 3443 3768 δὲ
3474 3714 3600 3790 ἁγία
3628 3715 3754 3770 σύν-

2112 3793 2237 3857 οδος
2282 3795 2438 3850 αὐτὸν
2489 3795 2832 3871 ἐνεθρόνισεν,
2880 3799 3127 3872 ἡγεμόνα
3183 3798 3385 3876 ἔχουσα
3434 3804 3527 3857 τὸν
3581 3806 3749 3880 μέγαν

2109 3886 2345 3957 ποιμένα
2372 3893 2471 3955 τῆς
2504 3886 2850 3962 Ἀντιοχέων,
2882 3886 3162 3957 Μελὲτιον,
3196 3887 3361 3966 ἄνδρα
3408 3888 3599 3962 εὐσεϐῆ
3654 3895 3750 3966 μὶν

2108 3977 2176 4047 τῇ
2208 3974 2385 4028 πίστει
2414 3974 2501 4029 καὶ
2553 3974 2604 4029 ἐν
2652 3980 2770 4037 τοῖς
2820 3976 3044 4051 χρόνοις
3089 3984 3186 4033 τοῦ
3241 3980 3579 4055 Ἀρειανικοῦ
3625 3982 3758 4058 κρά-

2108 4083 2234 4124 τους
2291 4061 2603 4133 ἐξελαθὲντα
2656 4066 2769 4137 (98)
2824 4072 2925 4134 τῆς
2985 4065 3308 4137 Ἐκκλησίας
3344 4113 3358 4140 ,
3418 4068 3649 4126 πλεῖύτά
3702 4092 3763 4127 τε

2110 4153 2580 4224 κακοπαθήσαντα,
2632 4148 2824 4223 συνέϐη
2877 4153 3056 4228 ἐξορ.ᾳ
3103 4154 3465 4232 πολυχρονίῳ
3522 4157 3763 4233 παραδο-

2112 4241 2289 4310 θῆναι·
2323 4241 2411 4295 τὸν
2468 4237 2524 4295 δὲ
2569 4240 2770 4316 τρόπον
2819 4242 2870 4296 τί
2901 4241 2983 4298 δεῖ
3031 4242 3226 4320 λέγειν,
3262 4246 3452 4308 ὁποῖός
3477 4267 3561 4310 τις
3595 4249 3768 4321 ὑπῆρ-

2112 4348 2208 4404 χεν
2244 4348 2257 4397 ς
2291 4330 2346 4382 '0
2375 4328 2475 4404 γὰρ
2508 4328 2668 4393 αὐτὸς
2700 4325 2873 4404 πρᾷός
2920 4352 2979 4386 τε
3025 4332 3092 4401 ἦν
3142 4332 3230 4387 καὶ
3264 4331 3613 4411 δραστήριος,
3656 4338 3766 4391 σώ-

2115 4438 2262 4495 φρων
2296 4419 2429 4490 (99),
2464 4415 2688 4491 δίκαιος,
2720 4416 2988 4495 ἀνδρεῖος,
3024 4422 3206 4499 σοφὸς,
3236 4421 3328 4477 καὶ
3357 4425 3494 4498 πρὸς
3525 4432 3629 4479 πᾶν
3661 4432 3765 4495 τῆς

2115 4505 2311 4579 ἀρετῆς
2450 4506 2657 4569 κάλλος
2705 4507 3079 4582 ἀπεξεσμένος.
3129 4510 3336 4566 Τούτου
3385 4508 3444 4567 δὲ
3485 4513 3767 4589 εἷσηγήσει

355 4582 614 4679 sapiens,
648 4611 822 4678 atque
862 4603 1023 4661 omni
1077 4582 1358 4658 virtutum
1406 4615 1618 4672 genere
1668 4598 2005 4671 perpolitus.

2117 4594 2205 4648 καὶ
2259 4588 2568 4667 συμϐουλίᾳ
2614 4593 2875 4666 συνοδική
2925 4601 3105 4677 ψῆφος
3158 4598 3395 4676 ἐκύρωσε
3436 4602 3537 4671 τήν
3595 4582 3765 4676 τέρόε-

355 4695 548 4767 Hujus
578 4695 821 4751 consilio
853 4698 1027 4765 atque
1056 4691 1291 4747 hortatu
1318 4689 1593 4759 Gregorio
1624 4693 1886 4759 augustae
1917 4704 2009 4743 ur-

354 4784 447 4841 bis
491 4784 862 4857 episcopatus
918 4780 1149 4838 concilii
1207 4779 1435 4833 decreto
1490 4776 1868 4832 conﬁrmatus
1897 4781 2004 4832 est.

356 4873 486 4946 Ipse
534 4878 749 4942 autem,
785 4870 1048 4946 quamvis
1101 4866 1361 4939 alioquin
1395 4865 1465 4921 ab
1497 4863 1832 4937 episcopatu
1867 4863 2008 4920 alie-

447 5052 537 5124 88)
567 5054 741 5109 Codd.
776 5052 931 5108 Colb.
967 5052 1021 5124 1,
1048 5050 1171 5124 2__et
1326 5041 1782 5124 δμολογήσοντες.

447 5052 537 5124 88)
567 5054 741 5109 Codd.
776 5052 931 5108 Colb.
967 5052 1017 5117 1,
1048 5052 1083 5103 2
1114 5052 1171 5104 et
1200 5052 1291 5101 Or.
1326 5052 1782 5117 ὁμολογήσοντες.

425 5052 538 5193 (89)
568 5125 746 5179 Codd.
781 5126 875 5179 Or.
910 5128 968 5179 et
992 5119 1217 5193 7Col_b._1
1250 5121 1307 5171 et
1334 5118 1391 5184 2,
1424 5114 1859 5188 ὑπερευξόμενοι.

570 5196 746 5249 Codd.
778 5198 872 5250 Or.
900 5198 957 5249 et
985 5192 1045 5247 P.
1080 5188 1319 5244 ἀπίεσαν.

448 5196 540 5258 90)
570 5196 746 5249 Codd.
778 5198 872 5250 Or.
900 5198 957 5249 et
985 5196 1045 5247 P.
1080 5196 1319 5244 ἀπίεσαν.

426 5196 542 5334 ί91)
570 5265 635 5334 Ὦ
667 5267 828 5322 deest
854 5268 911 5320 in
944 5264 1070 5321 cod.
1104 5262 1199 5317 Or.
1231 5263 1358 5314 Mox
1390 5257 1556 5313 codd.
1584 5256 1642 5311 P.
1675 5262 1732 5313 et
1757 5256 1916 5313 Colb.
1950 5258 2002 5324 1,

356 5333 561 5403 σκευωρ
573 5333 669 5395 ίας.

346 5431 349 5435 -
572 5407 706 5480 Cod.
740 5406 839 5480 Or.
865 5404 933 5480 se
959 5402 1130 5480 ξίφος.

572 5478 670 5550 φῖα
698 5478 877 5550 πατήρ
909 5471 1122 5532 desunt
1150 5473 1207 5550 in
1242 5471 1367 5528 cod.
1407 5471 1467 5525 Ρ.

447 5548 536 5613 94)
569 5548 702 5606 Cod.
741 5544 964 5606 Orico?)
993 5544 1243 5613 Χριστός.

448 5618 537 5697 95)
562 5619 663 5679 Καί
686 5622 882 5682 deerat
905 5622 960 5680 in
984 5614 1151 5691 cdit.,
1174 5615 1273 5676 sed
1300 5614 1723 5674 restituendum
1750 5614 2000 5675 Montac.

2117 4679 2270 4757 δρίαν
2318 4690 2419 4753 τῆς
2471 4681 2755 4759 βασιλίδος
2803 4690 2882 4758 τῷ
2929 4686 3238 4764 Γρηγορίῳ.
3269 4689 3325 4742 '0
3365 4686 3442 4759 δὲ,
3472 4693 3667 4767 καίπερ
3696 4692 3766 4747 τὰ

2116 4770 2261 4827 ἄλλα
2292 4769 2656 4848 δυσχεραίνων
2704 4774 2841 4848 πρὸς
2879 4776 2980 4845 τήν
3013 4775 3335 4847 ἐπισκοπὴν,
3388 4778 3546 4851 πόθῳ
3580 4780 3761 4851 μίντοι

2114 4867 2216 4931 τῆς
2246 4859 2506 4935 ποίμνης,
2538 4862 2626 4916 καὶ
2672 4868 2750 4935 τῷ
2787 4865 3050 4939 νομίζειν,
3082 4864 3125 4920 εἰ
3172 4872 3272 4936 τῆς
3324 4865 3605 4943 βασιλίδος
3636 4890 3762 4946 κρα-

2106 5041 2410 5115 judicavit.

2183 5116 2295 5189 (96)
2330 5114 2750 5189 Edit._quidam
2774 5115 2981 5189 volunt
3008 5115 3322 5189 Ῥωμαίοις,
3355 5118 3603 5175 Montac.
3628 5118 3763 5173 Ῥω-

2117 5184 2734 5259 μαίουςηθῐᾼείςᾞθςὺθι
2762 5187 2921 5245 Colb.
2956 5191 3005 5244 1.

2184 5258 2296 5329 (97)
2327 5256 2463 5313 Cod.
2492 5257 2933 5329 Οιδηᾊρειανῶν.

2185 5325 2296 5400 (98)
2326 5329 2463 5400 Cod.
2496 5329 2558 5384 Ρ.
2592 5325 2892 5397 ἐξελθόντα.

2182 5398 2296 5528 (99)
2328 5398 2569 5475 Σώφρων
2602 5401 2764 5457 deest
2793 5403 2851 5458 in
2883 5404 3010 5460 cod.
3045 5403 3141 5461 Or.

2210 5473 2260 5528 1)
2294 5472 2375 5525 Ita
2405 5473 2571 5528 codd.
2599 5471 2693 5528 Or.
2717 5472 2875 5528 Colb.
2911 5477 2935 5528 1
2972 5479 3029 5528 et
3054 5477 3141 5528 2.]

2114 5540 2147 5597 ἀ
2182 5456 2375 5557 (1).'lta
2405 5456 2571 5530 codd.
2599 5456 2697 5530 Or.
2717 5456 2943 5531 Colbxt
2960 5456 3029 5532 “et
3054 5456 3197 5532 ξίνῐη
3230 5475 3368 5533 edit.
3401 5477 3633 5533 tantum
3657 5481 3762 5532 πᾶν

2150 5561 2327 5597 ρετ-ης.

2150 5561 2327 5618 ρετης.
