4152 6208
232 380 363 441 297

1252 380 1616 444 AUCTORE
1660 381 2058 444 GREGOBIO
2101 384 2641 449 PRESBYTERO.

3534 390 3653 454 298

230 511 443 581 τήσειε,
477 506 701 571 δυνατὸς
743 507 949 565 ἔσεσθαι
996 510 1091 572 τὰς
1121 509 1172 566 ἐν
1204 509 1393 584 κύκλῳ
1421 518 1519 581 τῆς
1562 512 1890 585 οἰκουμένης

2011 532 2147 571 num
2178 517 2441 573 animum
2468 518 2728 586 haberet,
2760 518 2955 592 gregis
2976 522 3173 576 tamen
3205 526 3488 593 amore,et
3515 524 3655 591 quia

235 596 448 675 ἔριδας.
510 599 693 674 ὥσπερ
749 599 855 653 ἀπὸ
925 606 1151 661 σκοπιᾶς
1225 620 1367 663 τινος
1424 601 1844 674 καταμανθάνων
1880 647 1894 673 ,

236 686 511 761 διαλύειν,
543 688 636 743 καὶ
686 688 820 763 πρὸς
863 685 1050 743 ἕνωσιν
1097 688 1298 765 ἀμφοῖν
1346 694 1463 743 ταῖν
1512 695 1701 766 χεροῖν
1749 691 1896 765 ἄγειν

239 774 537 838 διεστώσας
578 776 674 839 τὰς
722 775 1069 847 Ἐκκλησίας,
1114 775 1290 833 ε’ίλετο
1342 774 1582 850 δέξασθαι
1629 783 1730 848 τήν
1782 778 1898 834 ἐπι-

243 869 455 937 σκοπήν
468 911 481 924 .

310 1138 422 1188 Τοῦ
455 1131 514 1188 δὲ
566 1130 717 1188 ὁσίου
767 1130 1039 1190 Μελετίου
1085 1132 1508 1205 τελευτήσαντος
1552 1133 1645 1189 τὸν
1696 1133 1810 1210 βίον
1843 1134 1894 1191 ἐν

237 1227 310 1295 τῇ
350 1220 620 1296 βασιλίδι,
646 1222 847 1299 γίνεται
894 1220 1038 1293 αὖτῷ
1065 1222 1202 1296 τιμὴ
1250 1224 1727 1298 προπεμπτηριος,
1761 1222 1898 1281 ὥστε

235 1317 417 1366 πᾶσαν
467 1310 550 1366 ἐπ’
598 1310 744 1383 αὗτῷ
791 1310 1083 1387 ἐκχυθῆναι
1130 1311 1228 1379 τὴν
1284 1308 1558 1386 βασιλίδα,
1610 1311 1797 1368 πολλὰ
1840 1310 1897 1367 δὲ

236 1406 573 1475 καταγαγεῖν
607 1397 829 1475 δάκρυα,
875 1400 967 1455 καὶ
1012 1404 1307 1470 τηνικαῦτα
1354 1398 1405 1454 ἐν
1455 1400 1720 1476 πρώτοις,
1771 1398 1894 1455 ὅσον

234 1488 324 1558 εἴη
387 1488 600 1559 πλῆθος
648 1488 1043 1565 ἐπιγνωσθῆναι
1092 1492 1190 1544 τοῦ
1246 1486 1471 1552 ἄστεως.
1526 1486 1689 1551 Αὖθις
1731 1490 1897 1567 φιλο-

236 1577 422 1633 νεικία
450 1579 575 1653 περῖ
618 1576 716 1632 τοῦ
753 1578 967 1654 θρόνου,
999 1577 1089 1633 καὶ
1137 1576 1273 1654 πρὸς
1312 1576 1597 1648 ἀλλήλους
1630 1578 1893 1654 ἐζυγομά-

238 1689 385 1745 χουν
432 1668 757 1724 ἐπίσκοποι.
808 1668 905 1721 Καὶ
958 1669 1009 1720 οἳ
1063 1668 1155 1738 μὲν
1204 1667 1269 1720 τὰ
1332 1668 1666 1744 ψηφισθέντα
1718 1664 1896 1722 δίκαια

240 1759 386 1812 εἶναι
430 1757 729 1832 κρίνοντες,
779 1750 969 1831 βέϐαια
1022 1760 1196 1827 μεῖναι
1241 1760 1409 1810 ταῦτα
1458 1751 1789 1811 ἐϐούλοντο’
1842 1758 1894 1811 οἱ

242 1843 301 1900 δὲ
332 1846 657 1900 ἀντέπιπτον
704 1843 840 1918 πρὸς
886 1864 953 1898 τα
998 1842 1108 1913 ἤδη
1155 1840 1455 1917 δεδογμένα
1500 1845 1703 1906 καλῶς.
1734 1850 1787 1897 Ὁ
1837 1842 1895 1899 δὲ

239 1934 571 2010 Γρηγόριος,
614 1936 690 2006 (2)
748 1934 883 2003 ἅπαξ
930 1934 1030 2001 τήν
1083 1930 1343 2007 καθέδραν
1402 1930 1715 2007 δεξάμενος,
1779 1954 1900 2006 μετ-

240 2029 485 2079 εποιεῖτο
534 2023 720 2095 αὐτῆς,
751 2024 887 2098 πρὸς
934 2021 1130 2084 αὐτοὺς
1183 2022 1470 2097 χρώμενος
1512 2020 1755 2078 τοιοῖσδε
1800 2021 1895 2077 λό-

240 2134 392 2187 γοιςο
426 2135 456 2165 ι(
494 2113 652 2187 Ἐγὼ,
702 2112 963 2183 ποιμένες
1009 2112 1147 2185 ἱεροὶ
1193 2110 1283 2165 καὶ
1335 2110 1535 2182 τίμιοι,
1565 2113 1665 2180 τήν
1716 2110 1895 2187 ἀρχὴν

239 2202 349 2257 οὐκ
400 2200 601 2270 ἤθελον
661 2207 763 2269 τῆς
824 2197 1106 2275 βασιλίδος
1164 2201 1465 2275 ἡγήσασθαι
1524 2198 1671 2255 ἀλλά
1717 2201 1807 2255 καὶ
1850 2199 1896 2255 εί

241 2291 443 2351 πόνοις
486 2310 545 2343 τε
587 2290 676 2344 καὶ
735 2286 956 2364 ἱδρῶσιν
1008 2288 1163 2361 ἐμοῖς
1212 2287 1382 2364 ἐπάγη
1430 2309 1490 2342 τε
1540 2287 1630 2342 καὶ
1685 2288 1893 2359 ηὐξήθη

239 2384 359 2434 τῶν
392 2375 522 2448 τῇδε
549 2381 585 2446 ἡ
616 2376 933 2449 Ἐκκλησία,
988 2376 1139 2452 ἤρκει
1185 2398 1278 2449 μοι
1320 2380 1489 2431 ταῦτα
1533 2380 1611 2447 τῷ
1657 2381 1772 2448 Θεῷ
1805 2388 1898 2447 θη-

242 2467 521 2540 σαυρίζειν
553 2467 682 2541 παρ’
712 2463 875 2521 αὐτοῦ
915 2466 1014 2533 τὴν
1065 2462 1334 2520 ἀντίδοσιν
1376 2463 1714 2537 ἀναμένοντι.
1748 2464 1897 2520 Ἐπεὶ

242 2553 306 2610 δὲ
336 2555 510 2618 πόθος
542 2575 599 2608 τε
626 2554 866 2626 ποίμνης
896 2554 986 2607 καὶ
1039 2554 1188 2625 ὑμῶν
1236 2554 1394 2622 κοινὴ
1443 2557 1625 2631 ψῆφος
1655 2551 1899 2623 δέξασθαί

245 2666 316 2718 με
338 2645 442 2713 τὴν
476 2646 554 2716 (3)
581 2641 841 2715 καθέδραν
887 2637 1213 2712 ἐξεϐιάσατᾳ
1246 2640 1308 2696 οὔ
1363 2662 1455 2714 μοι
1504 2640 1709 2697 δοκεῖτε
1736 2647 1897 2697 τοῦτο

243 2733 428 2807 ὀρθῶς
496 2737 586 2787 νῦν
636 2732 910 2806 πράττειν,
972 2730 1354 2804 ἀνατρέποντες
1411 2732 1476 2786 τὰ
1532 2731 1705 2786 οἰκεῖα
1761 2731 1897 2805 πρὸς

240 2823 324 2895 τῷ
356 2824 437 2895 (4)
473 2818 613 2894 μηδέ
659 2822 890 2882 ἅπαντας
939 2826 1269 2898 συμφωνεῖν’
1319 2818 1465 2875 ἀλλά
1509 2825 1626 2883 τοῖς
1680 2820 1772 2894 μὶν
1806 2818 1898 2875 δο-

240 2918 361 2968 κεῖν
407 2913 669 2985 κρατῆσαι
720 2910 787 2964 τὰ
830 2907 939 2979 ἤδη
992 2907 1253 2979 δόξαντα,
1302 2914 1418 2971 τοῖς
1471 2906 1528 2963 δὲ
1589 2909 1650 2963 οὐ
1697 2907 1896 2966 δοκεῖν.

242 3000 397 3075 Ἐγὼ
431 2997 490 3054 δὲ
540 2998 600 3054 οὐ
647 2997 914 3067 πλούτου,
968 2995 1093 3052 οὐδὲ
1137 2995 1356 3071 ὑψηλῆς
1407 2997 1687 3075 ἐφιέμενος
1742 2999 1899 3061 καθέ-

247 3086 402 3163 δρας,
450 3085 581 3143 τάδε
632 3109 798 3165 φημι,
852 3084 979 3141 οὐδέ
1035 3084 1316 3163 βασιλίδος
1362 3087 1723 3162 χρηματίζειν
1784 3086 1898 3142 ἐπί-

245 3198 474 3238 σκοπος·
524 3176 671 3232 ἀλλὰ
719 3180 933 3252 πρῶτον
995 3176 1089 3249 μὲν
1143 3174 1400 3253 ὀρφανίαν
1460 3174 1659 3231 τέκνων
1719 3177 1897 3254 φέρειν

2010 605 2276 661 futurum
2305 607 2766 675 existimabat,ut
2782 608 2830 664 si
2864 609 3063 664 urbem
3082 615 3651 683 augustamteneret,

2008 694 2407 750 contentiones
2436 712 2536 765 per
2565 696 2765 751 orbem
2796 699 3085 752 terrarum
3107 697 3458 768 oborientes,
3494 697 3655 754 velut

2008 797 2039 837 e
2070 783 2306 855 specula
2336 786 2589 854 quadam
2622 788 2977 856 perspectas,
3021 784 3439 859 exstingueret,
3471 787 3652 844 dissi-

2009 872 2327 944 dentesque
2358 873 2643 929 Ecclesiae
2674 874 2983 944 ambabus,
3015 876 3080 930 ut
3109 874 3344 942 dicitur,
3374 876 3651 933 manibus

2008 961 2080 1015 ad
2096 961 2370 1017 unionem
2398 962 2885 1033 concordiamque
2905 963 3650 1037 adduceret,episcopatum

2007 1048 2268 1121 accipere
2286 1067 2402 1106 non
2426 1051 2734 1107 recusavit.

2076 1138 2148 1193 At
2174 1155 2307 1195 vero
2339 1139 2605 1195 Meletius
2635 1143 2890 1195 extremo
2917 1138 3045 1195 vitae
3103 1139 3196 1195 die
3243 1140 3652 1199 Constantino-

2006 1225 2123 1297 poli
2154 1228 2515 1299 perl'unctus,
2549 1229 2691 1285 adeo
2734 1227 2946 1284 celebri
2996 1232 3170 1300 atque
3215 1228 3534 1285 honorifico
3570 1231 3655 1286 f‘u-

2007 1330 2143 1370 nere
2173 1317 2430 1385 effertur,
2465 1322 2530 1372 ut
2558 1318 2629 1372 ad
2665 1317 2861 1390 ipsum
2897 1317 3038 1372 urbs
3068 1321 3190 1372 tota
3220 1333 3347 1374 sese
3396 1317 3656 1375 offunde-

2007 1410 2113 1475 ret,
2147 1406 2578 1478 maximamque
2618 1406 3009 1479 lacrymarum
3058 1407 3176 1462 vim
3224 1407 3535 1475 emitteret,
3586 1424 3653 1464 ac

2004 1497 2129 1550 tum
2160 1495 2703 1567 imprimis,quanta
2725 1496 2938 1551 civium
2953 1495 3270 1552 multitudo
3287 1501 3650 1570 esset,agno-

2006 1589 2281 1640 sceretur.
2316 1585 2541 1641 Rursus
2564 1585 2762 1656 itaque
2806 1585 2877 1640 de
2924 1586 3134 1641 throno
3166 1584 3460 1642 contentio
3497 1586 3651 1642 exci-

2005 1676 2127 1728 tata
2150 1677 2258 1741 est,
2293 1678 2463 1744 atque
2492 1673 2643 1729 inter
2672 1690 2734 1729 se
2764 1673 3195 1729 altercabantur
3223 1673 3503 1747 episcopi.
3533 1673 3649 1731 Alii

2005 1761 2316 1832 enim,quae
2348 1760 2644 1833 suffragiis
2665 1764 2884 1816 statuta
2904 1761 3317 1831 fuerant,justa
3342 1762 3648 1834 essejudi-

2006 1852 2226 1920 cantes,
2253 1850 2425 1905 firma
2452 1865 2519 1904 ea
2549 1865 2785 1905 manere
2815 1848 3103 1906 volebant.
3135 1849 3246 1904 Alii
3274 1848 3503 1922 iis,quaa
3520 1851 3648 1922 jam

2007 1941 2159 1993 recte
2188 1938 2420 1993 decreta
2449 1937 3186 2004 fuerant,adversabantur.
3208 1941 3284 1994 At
3313 1939 3647 2011 Gregorius,

2007 2030 2070 2081 ut
2099 2025 2199 2097 qui
2220 2025 2400 2081 semel
2422 2026 2762 2082 cathedram
2784 2026 3273 2093 admisisset,eam
3294 2027 3648 2095 vindicabat,

2004 2113 2345 2185 hujusmodi
2377 2115 2447 2169 ad
2481 2130 2579 2169 eos
2610 2114 2869 2169 oratione
2900 2121 3071 2171 utens
3104 2133 3117 2170 :
3152 2138 3180 2165 α
3214 2116 3351 2187 Ego,
3384 2121 3648 2187 pastores

2006 2202 2154 2258 sacri
2206 2207 2262 2258 et
2290 2202 2671 2269 venerabiles,
2701 2202 2959 2274 primum
2992 2208 3251 2273 augusta
3291 2205 3454 2260 urbis
3506 2221 3648 2277 prm-

2005 2291 2286 2346 fecturam
2319 2290 2581 2362 accipere
2598 2291 2970 2347 recusabam:
3004 2308 3070 2347 ac
3091 2291 3225 2348 licet
3252 2292 3371 2349 haec
3392 2292 3651 2349 Ecclesia

2005 2379 2304 2442 laboribus
2346 2379 2776 2451 sudoribusque
2825 2380 2969 2436 meis
3026 2385 3427 2453 coagmentata
3470 2387 3648 2454 atque

2006 2467 2363 2540 amplificata
2394 2467 2623 2534 fuisset,
2646 2468 2790 2524 mihi
2816 2474 3012 2525 tamen
3031 2471 3175 2526 satis
3206 2486 3497 2542 superque
3519 2474 3648 2527 erat

2006 2556 2129 2612 hanc
2153 2562 2261 2612 Deo
2290 2556 2704 2621 thesaurizare,
2737 2562 2913 2629 atque
2963 2559 3036 2614 ab
3078 2575 3144 2613 eo
3201 2559 3527 2615 mercedem
3550 2574 3650 2615 ex-

2007 2650 2285 2717 spectare.
2321 2645 2638 2717 Postquam
2671 2649 2864 2701 autem
2895 2650 2953 2701 et
2980 2645 3171 2719 gregis
3201 2651 3479 2715 amore,et
3497 2663 3653 2703 com-

2006 2734 2288 2790 munibus
2317 2735 2529 2789 vestris
2552 2734 2810 2802 calculis,
2844 2735 3182 2791 cathedram
3229 2736 3488 2808 accipere
3517 2752 3650 2793 coa-

2009 2829 2137 2879 ctus
2154 2823 2459 2895 sum,mihi
2489 2823 2946 2895 haudquaquam
2970 2827 3121 2879 recte
3152 2840 3321 2896 agere
3347 2824 3651 2892 videmini,

2009 2913 2133 2983 qui,
2165 2913 2317 2984 quod
2353 2911 2465 2984 ipsi
2498 2912 2737 2983 fecistis,
2760 2912 3083 2968 convellitis
3116 2918 3288 2985 atque
3319 2913 3652 2985 abrogatis:

2010 3005 2075 3056 ut
2104 3002 2335 3057 interim
2376 3005 2624 3065 taceam,
2670 3002 2824 3072 quod
2856 3018 2928 3057 ne
2974 3001 3128 3056 inter
3164 3018 3368 3057 omnes
3412 3002 3649 3074 quidem

2011 3089 2156 3145 satis
2178 3089 2477 3156 convenit;
2513 3105 2711 3144 verum
2756 3089 2855 3144 alii
2895 3106 2963 3144 ea
3011 3106 3137 3161 quas
3175 3091 3303 3161 jam
3334 3090 3654 3147 constituta

2011 3184 2170 3245 sunt,
2204 3182 2328 3234 rata
2358 3193 2486 3233 esse
2515 3178 2725 3233 debere
2755 3181 3031 3246 censent;
3064 3178 3193 3234 aliis
3214 3195 3384 3235 secus
3403 3179 3651 3236 videtur.

247 3267 474 3328 ἀπαθῶς
504 3264 946 3343 δυσχερέστατον,
996 3264 1083 3319 καὶ
1134 3252 1368 3334 ἠλιθίων
1399 3265 1463 3319 τὸ
1491 3267 1680 3328 πάθος
1714 3252 1898 3321 ἔπειτα

2011 3267 2123 3324 Nec
2150 3282 2284 3323 vero
2314 3267 2432 3321 haec
2465 3284 2497 3321 a
2536 3282 2629 3321 me
2658 3282 2723 3322 eo
2754 3266 3054 3332 dicuntur,
3077 3267 3232 3338 quod
3254 3266 3343 3323 vel
3375 3283 3534 3340 opes,
3565 3266 3655 3323 vel

253 3358 331 3430 μή
378 3352 568 3426 δόξητε
599 3356 753 3427 ὑμεῖς
784 3354 962 3433 φθόνῳ
1000 3354 1107 3409 τινὶ
1141 3354 1168 3423 ἢ
1199 3354 1497 3431 κουφότητι
1547 3352 1703 3428 ἓτερα
1731 3357 1900 3431 πράτ-

244 3466 362 3500 τειν
395 3450 504 3499 ειῶν
552 3445 745 3517 πρώην
788 3441 1161 3518 ἐγνωσμένων.
1223 3443 1289 3499 Εἰ
1338 3440 1396 3497 δὲ
1446 3448 1569 3514 νικᾷ
1610 3444 1737 3519 παρ’
1771 3444 1896 3517 ὑμῖν

248 3534 317 3588 τὰ
365 3531 480 3604 νῦν,
525 3532 615 3587 καὶ
663 3533 729 3586 τά
773 3532 965 3605 πρώην
1013 3531 1089 3592 ὡς
1134 3527 1283 3585 ἕωλα
1329 3538 1740 3609 καταφρονεῖται
1800 3536 1896 3605 (5),

245 3621 481 3683 ἀλύπως
516 3627 619 3690 τῆς
652 3619 951 3688 ἐπισκοπῆς
999 3618 1299 3692 ἐξίσταμαι.
1350 3618 1696 3687 Βουλεόεσθε,
1727 3620 1897 3694 πράτ-

243 3732 365 3766 τετε
406 3712 476 3764 τὰ
504 3711 621 3773 καθ’
662 3709 906 3781 ἑαυτοὺς,
936 3708 1002 3763 τὰ
1049 3708 1436 3784 παριστάμενα.
1474 3710 1630 3782 Ἐμοὶ
1680 3707 1737 3763 δὲ
1765 3709 1897 3784 ἀγα-

245 3800 422 3871 πητὸν
456 3801 492 3867 ἡ
525 3798 728 3871 ἐρημία
778 3798 868 3851 καὶ
920 3795 1087 3851 πάλαι
1136 3797 1225 3851 καὶ
1256 3802 1366 3853 νῦν.
1399 3797 1476 3855 Οὐ
1504 3799 1603 3874 γὰρ
1634 3798 1723 3853 καὶ
1767 3804 1899 3853 Θεοῦ

246 3887 510 3963 εἴρξουσιν
546 3887 597 3941 οἱ
626 3886 717 3941 τὸν
752 3886 938 3961 θρόνον
973 3887 1444 3961 ἀποστερήσοντες.
1475 3910 1504 3937 ››

2010 3355 2323 3413 sublimem
2346 3354 2681 3410 cathedram
2730 3360 3014 3427 expetam,
3066 3355 3155 3411 vel
3185 3362 3445 3428 augustae
3491 3357 3656 3414 urbis

2008 3448 2317 3517 episcOpus
2351 3443 2640 3499 nominari
2673 3444 3108 3516 concupiscam.
3156 3445 3266 3501 Sed
3299 3446 3557 3517 primum
3584 3447 3653 3501 fi-

2008 3533 2221 3589 liorum
2252 3533 2562 3589 orbitatem
2592 3532 2910 3604 tranquillo
2942 3532 3139 3589 animo
3185 3534 3331 3589 ferre
3380 3533 3657 3589 difficilli-

2009 3640 2173 3678 mum
2207 3626 2314 3693 est,
2338 3638 2442 3677 nec
2474 3620 2587 3676 nisi
2618 3621 2880 3676 vecordia
2902 3622 3227 3693 cujuspiam
3250 3621 3507 3677 hominis
3529 3621 3655 3693 pla-

2009 3728 2197 3782 neque
2226 3710 2470 3782 stupidi.
2504 3709 2727 3765 Deinde
2759 3708 2903 3765 illud
2937 3710 3657 3777 metuendum,neinvidia

2009 3800 2263 3872 quadam
2295 3803 2395 3853 aut
2420 3798 2653 3854 levitate
2684 3814 2775 3853 res
2815 3814 2997 3869 nuper
3045 3798 3308 3853 decretas
3338 3797 3656 3853 immutare

2005 3887 2342 3944 videamini.
2375 3886 2536 3951 Quod
2560 3886 2608 3941 si
2662 3885 2823 3941 vobis
2881 3886 3189 3957 prassentia
3247 3885 3435 3957 magis
3493 3885 3653 3941 cordi

248 3994 413 4055 sunt,
445 4002 511 4042 ac
534 4002 627 4041 res
658 3984 809 4039 haud
839 3984 1066 4056 pridem
1100 3984 1447 4040 constitutas
1476 3984 1633 4039 velut
1662 3986 1953 4069 obsoletas
1982 3990 2039 4043 et
2068 3984 2304 4039 frivolas
2335 3982 2731 4049 contemnitis,
2765 3982 2923 4037 haud
2966 3987 3172 4037 moesto
3204 3984 3401 4038 animo
3427 3984 3651 4055 episco-

245 4079 391 4148 patu
422 4089 517 4129 me
548 4072 774 4128 abdico.
800 4071 1119 4127 Consilium
1152 4072 1311 4144 inite,
1345 4090 1437 4129 res
1466 4077 1688 4130 vestras
1718 4075 1892 4146 agite,
1924 4079 1981 4131 et
2011 4072 2298 4146 quidquid
2328 4071 2489 4127 vobis
2524 4071 2582 4125 in
2617 4074 2871 4125 mentem
2920 4069 3158 4125 venerit.
3222 4069 3364 4125 Mihi
3412 4070 3650 4142 quidem

245 4164 508 4222 solitudo
547 4166 606 4219 et
635 4162 773 4218 olim
804 4161 982 4218 chara
1010 4162 1137 4234 fuit,
1170 4166 1226 4218 et
1255 4179 1413 4218 nunc
1450 4165 1557 4219 est.
1589 4162 1713 4218 Non
1746 4163 1903 4219 enim
1937 4180 1970 4219 a
1992 4168 2105 4219 Deo
2136 4176 2364 4232 quoque
2392 4176 2500 4216 nos
2557 4159 2857 4227 arcebunt,
2917 4158 3019 4231 qui
3065 4158 3343 4215 thronum
3399 4158 3653 4216 ablaturi

246 4257 412 4311 sunt.
448 4275 479 4302 »

318 4353 496 4406 Ταῦτα
526 4349 715 4420 εἰπὼν,
765 4348 855 4403 καὶ
902 4347 1219 4421 αἰσθόμενος
1249 4346 1376 4411 τοὺς
1416 4347 1662 4411 πολλοὺς
1696 4345 1897 4425 προϐο-

246 4440 356 4510 λὴν
390 4438 568 4495 ἄλλου
592 4434 1015 4506 σπουδάζοντας,
1045 4436 1226 4507 αὐτὸς,
1262 4435 1551 4492 ἀπολιπὼν
1596 4437 1686 4492 τὸν
1729 4438 1899 4510 οἶκον,

246 4527 370 4585 ἔνθα
425 4529 737 4600 κατέμενεν,
789 4524 957 4582 ἄλλον
1015 4531 1334 4601 περισκοπεῖ
1385 4525 1575 4602 πόρρω
1630 4533 1730 4596 τῆς
1786 4528 1903 4584 Ἐκ-

244 4617 523 4689 κλησίας,
574 4616 703 4677 τούς
758 4636 816 4670 τε
873 4610 1137 4691 θορύϐους
1196 4612 1608 4690 ἀποδιδράσκων
1663 4616 1753 4671 καὶ
1808 4616 1903 4678 τὰς

246 4706 517 4782 ὀχλήσεις
556 4710 662 4761 τῶν
713 4702 1094 4761 συνελεύσεων.
1131 4702 1340 4759 Πολλοὶ
1372 4708 1501 4779 γοῦν
1533 4708 1629 4760 τοῦ
1661 4702 1796 4760 λαοῦ
1827 4707 1905 4779 (6)

245 4798 424 4852 ἐκεῖσε
482 4793 804 4870 συνέρρεον,
857 4791 1196 4868 δακρύοντες,
1251 4793 1577 4855 ἱκετεύοντες
1613 4837 1626 4864 ,
1685 4788 1901 4850 ἀντιϐο-

248 4884 474 4945 λοῦντες
510 4881 729 4951 ἐλεῆσαι
762 4882 823 4935 τὸ
876 4882 1153 4953 ποίμνιον,
1188 4882 1215 4935 ὃ
1246 4881 1436 4944 πόνοις
1478 4903 1538 4936 τε
1581 4882 1671 4937 καὶ
1713 4880 1901 4958 ἱδρῶσι

248 4973 537 5033 τοσούτοις
588 4970 831 5044 ἐξέθρεψέ
872 4991 931 5024 τε
977 4970 1065 5023 καὶ
1116 4966 1334 5039 ηὔξησε.
1367 4993 1395 5021 ‹‹
1426 4972 1524 5032 Δὸς
1564 4973 1664 5039 τήν
1716 4973 1903 5048 χάριν,

252 5058 466 5136 ἔλεγον,
498 5063 616 5119 τοῖς
647 5063 758 5119 σοῖς
808 5057 1113 5134 φιλτάτοις,
1161 5058 1249 5111 καὶ
1301 5060 1381 5120 οἷς
1433 5060 1495 5113 τὸ
1546 5060 1773 5132 ἀκμαῐὸν
1808 5082 1903 5114 σου

251 5157 351 5218 τῆς
384 5156 533 5218 ζωῆς
567 5145 953 5220 προανάλωσας
1000 5149 1159 5218 ἡμῖν,
1216 5143 1461 5223 δώρησαι
1490 5148 1577 5201 καὶ
1621 5148 1682 5202 τὸ
1715 5147 1903 5203 λειπό-

255 5256 441 5311 μενον.
468 5234 545 5291 τίν’
573 5232 796 5311 ἔχοιμεν
830 5236 906 5307 (7)
937 5233 1191 5308 λείψανον
1222 5234 1285 5289 τὸ
1317 5235 1407 5289 σὸν
1440 5239 1621 5309 σῶμα,
1653 5237 1707 5291 οἱ
1735 5239 1802 5311 τῇ
1835 5241 1902 5311 σῇ

251 5323 578 5396 διδασκαλίᾳ
620 5322 1047 5401 πεφωτισμένοι.
1081 5348 1109 5376 ››
1156 5324 1403 5393 Τούτοις,
1452 5327 1542 5379 οἶα
1588 5323 1904 5404 φιλότεκνος

320 5480 398 5553 (2)
430 5479 521 5553 ξΩς
555 5478 720 5553 deest
741 5475 802 5553 in
827 5475 956 5553 cod.
993 5474 1089 5553 0r.

320 5481 376 5553 (2
430 5481 521 5539 Ὠς
555 5481 720 5533 deest
741 5481 802 5531 in
827 5481 956 5531 cod.
993 5481 1089 5532 0r.

246 5596 251 5601 .
306 5481 398 5627 rei
428 5551 519 5609 Ita
549 5548 716 5606 codd.
749 5547 851 5605 0r.
906 5551 984 5605 et.
1030 5552 1093 5602 P.
1127 5547 1192 5604 In
1240 5548 1362 5605 edit
1404 5551 1635 5607 tantum
1664 5546 1907 5623 δέξασθαι

248 5624 371 5693 τήν.

318 5696 396 5773 (4)
429 5694 573 5752 Cod.
607 5692 703 5750 0r.
725 5689 863 5764 πρὸς
886 5688 955 5746 ,τό

573 5821 838 5882 Puram"
883 5817 994 5881 Ga.
1039 5817 1285 5885 XXXV.

2082 4350 2199 4405 Hac
2228 4348 2489 4405 oratione
2518 4346 2739 4415 habita,
2774 4363 2910 4403 cum
2965 4346 3273 4420 plerosque
3303 4346 3364 4402 in
3413 4345 3657 4404 alterius

2010 4438 2267 4512 episcopi
2298 4437 2649 4494 creationem
2697 4438 2958 4494 studiose
2986 4437 3324 4494 incumbere
3352 4436 3658 4505 sensisset,

2010 4530 2136 4599 ipss
2160 4528 2334 4583 domo
2363 4542 2451 4593 ea,
2503 4526 2561 4581 in
2594 4543 2712 4598 qua
2753 4527 3046 4595 manebat,
3107 4526 3329 4598 relicta,
3376 4524 3553 4582 aliam
3586 4525 3659 4582 ab

2011 4617 2271 4674 Ecclesia
2301 4614 2503 4688 procul
2535 4614 2809 4672 dissitam
2832 4615 3300 4688 circumspectat,
3335 4618 3399 4670 ut
3428 4614 3659 4670 tumul-

2013 4715 2129 4777 tus,
2160 4706 2556 4778 molestosque
2586 4709 2641 4761 et
2662 4704 3030 4777 importunos
3057 4704 3361 4759 hominum
3385 4720 3658 4776 congres-

2012 4812 2114 4852 sus
2146 4795 2446 4867 effugeret.
2479 4793 2756 4850 Permulti
2801 4794 3018 4866 quippe
3076 4810 3145 4849 ex
3200 4792 3425 4865 plebeia
3456 4793 3661 4849 ordine

2012 4884 2151 4941 illuc
2180 4884 2573 4949 conﬂuebant,
2598 4899 2731 4938 cum
2764 4882 3040 4955 lacrymis
3071 4899 3205 4939 eum
3237 4887 3469 4938 orantes
3486 4888 3662 4953 atque

2012 4975 2387 5039 obtestantes,
2424 4976 2486 5027 ut
2534 4971 2751 5044 gregis,
2780 4987 2954 5042 quem
2998 4975 3087 5026 tot
3115 4960 3409 5043 tantisque
3446 4970 3663 5027 labori-

2013 5064 2122 5117 bus
2164 5078 2229 5117 ac
2259 5060 2573 5117 sudoribus
2605 5060 2829 5115 aluerat
2857 5064 3046 5132 ﬁatque
3098 5064 3450 5131 provexerat,
3484 5059 3663 5115 mise-

2012 5154 2255 5206 reretur.
2306 5171 2334 5199 ‹‹
2358 5149 2441 5205 Da
2471 5149 2580 5204 hoc
2629 5148 2998 5205 charissimis
3026 5148 3131 5204 tibi
3181 5148 3538 5216 hominibus,
3571 5148 3663 5205 in-

2013 5238 2313 5311 quiebant,
2344 5243 2403 5293 et
2434 5237 2650 5309 quibus
2673 5236 2806 5293 vitae
2824 5242 2936 5292 tuas
2966 5238 3219 5310 vigorem
3255 5237 3664 5310 priusimpen-

2014 5326 2174 5399 disti,
2206 5326 2416 5383 iisdem
2448 5342 2703 5398 quoque,
2735 5327 2889 5399 quod
2918 5326 3046 5384 vita
3079 5331 3368 5400 superest,
3401 5326 3612 5402 largire
3645 5345 3661 5400 ;

2088 5480 2167 5696 g5)
2193 5478 2371 5535 Codd.
2405 5477 2502 5534 Or.
2537 5481 2594 5533 et
2623 5477 2685 5533 P.
2708 5480 3112 5565 καταφρονεῖτε.

2112 5550 2147 5605 6
2198 5550 2377 5607 Codd.
2410 5549 2506 5606 Or.
2538 5553 2595 5605 et
2620 5548 2681 5605 P.
2714 5546 2773 5602 ἐκ
2798 5568 2895 5603 του
2927 5546 3084 5605 λαου.

2111 5552 2168 5696 7)
2199 5622 2374 5680 Codd.
2407 5621 2501 5680 Or.
2524 5619 2686 5679 Colb.
2720 5622 2769 5695 1,
2800 5616 3038 5696 ἔχωμεν.

2112 5546 2168 5607 ὃν)
2198 5550 2377 5607 Codd.
2410 5549 2506 5606 Or.
2538 5553 2595 5605 et
2620 5548 2681 5605 P.
2714 5546 2773 5602 ἐκ
2798 5546 2896 5603 τοῦ
2927 5546 3084 5605 λαοῦ.

2112 5552 2147 5605 6
2198 5552 2377 5607 Codd.
2410 5552 2506 5606 Or.
2538 5553 2595 5605 et
2620 5552 2681 5605 P.
2714 5552 2773 5602 ἐκ
2798 5552 2895 5603 τοῦ
2927 5552 3038 5603 λαοῐ

2111 5552 2168 5696 7)
2199 5622 2374 5680 Codd.
2407 5621 2501 5680 Or.
2524 5619 2686 5679 Colb.
2720 5622 2769 5695 1,
2800 5616 3038 5696 ἔχωμεν.

3308 5820 3386 5905 ιθ
