4152 6208
424 401 541 461 299
1543 394 1733 455 νΙΤΑ
1774 397 1839 456 S.
1888 396 2089 455 GREG

2213 394 2261 452 lI
2305 393 2697 453 THEOLOGl
3712 394 3834 452 300

422 537 487 588 ut
508 532 606 605 qui
639 529 905 586 doctrina
944 532 1046 584 tua
1092 526 1413 581 oollustrati
1473 544 1702 600 sumus,
1756 528 1840 583 tui
1891 529 2065 584 etiam

2213 525 2380 600 τατήρ,
2434 520 2769 597 ἐμαλάσσετο
2819 522 2932 595 μὲν,
2979 520 3175 597 ἠπόρει
3228 518 3285 577 δέ
3325 519 3355 576 6'
3400 543 3450 576 τι
3484 519 3693 599 δράσειε
3735 525 3835 598 (8),

422 620 681 693 corporis
713 616 990 688 reliquias
1020 615 1365 670 habeamus.
1402 638 1429 665 »
1462 616 1560 671 His
1603 618 1795 672 verbis
1845 616 2067 672 mollie-

2213 612 2265 667 αἰ
2295 613 2383 666 τὸν
2417 612 2541 668 θεὸν
2577 610 2879 686 ἐξελιπάρει
2909 610 2969 665 τὸ
3016 610 3163 681 αὖτῷ
3212 610 3413 687 πρέπον
3450 610 3836 685 οῖ’κονομῆσαι.

419 711 594 765 batur
612 707 849 779 quidem
870 704 1423 776 indulgentissimus
1445 705 1609 761 Pater
1635 724 1647 773 ;
1675 712 1945 761 caeterum
1970 723 2073 760 an-

2213 701 2396 755 ὀύτων
2427 700 2664 776 ἐχόντων
2705 700 2795 754 τὸν
2836 698 3038 773 τρόπον
3085 704 3300 770 τοῦτον,
3332 706 3576 773 παρῆσαν
3624 700 3839 756 ἐπίσκο-

421 797 618 869 cipitis
648 800 773 852 erat
815 794 994 849 animi
1049 793 1189 864 quid
1243 799 1458 864 ageret,
1499 795 1799 866 Deumque
1832 794 2077 866 supplex

2213 812 2277 846 τοι
2326 789 2653 863 κεκλημένοι
2703 788 2762 844 ἔκ
2805 809 2863 843 τε
2907 788 3182 865 Αἱγύπτου
3238 788 3326 843 καὶ
3373 787 3708 852 Μακεδονίας
3757 790 3835 852 είς

420 886 624 941 orabat
652 889 740 950 ut,
772 883 927 954 quod
962 882 1067 937 sibi
1104 882 1357 937 maxime
1408 882 1761 950 conveniret,
1803 883 2075 955 dispone-

2220 882 2247 935 ὸ
2282 880 2588 949 Βυζάντιον,
2617 875 2692 933 ἔτι
2723 886 2823 947 τῆς
2874 877 3167 954 εῗρημένης
3214 876 3559 951 ἐνδημοόσης
3588 877 3836 937 συνόδου.

420 978 529 1029 ret.
564 975 699 1039 Quae
730 990 863 1027 cum
890 972 971 1027 ita
1002 988 1063 1027 se
1095 970 1397 1041 haberent,
1431 972 1645 1027 ati'uere
1666 972 2075 1044 episcopi,tum

2213 969 2293 1024 (αἱ
2327 966 2393 1036 δὴ
2426 968 2598 1036 οὗτοι,
2633 967 2708 1029 ὡς
2740 966 2915 1042 χωρὶς
2946 974 3045 1035 τῆς
3080 966 3253 1021 αὐτῶν
3282 967 3513 1041 γνώμης
3554 964 3840 1043 καθιδρυν-

419 1079 489 1117 ex
540 1062 804 1134 Egypto,
839 1067 964 1115 tum
998 1078 1067 1116 ex
1098 1060 1459 1129 Macedonia,
1492 1061 1834 1133 Byzantium
1871 1059 2077 1127 vocati,

2213 1060 2376 1119 lév-roc
2430 1062 2527 1111 τοῦ
2590 1056 2855 1129 μακαρίου
2913 1056 3241 1131 Γρηγορίου,
3294 1054 3451 1119 πάθει
3514 1056 3841 1131 ἀνθρωπίνῳ

422 1166 556 1207 cum
590 1151 782 1206 adhuc
807 1150 1146 1221 supradicta
1172 1149 1430 1220 synodus
1461 1149 1518 1204 in
1539 1150 1682 1205 urbe
1712 1150 2078 1205 consisteret.

2213 1145 2631 1220 ιατασχεθέντες,
2679 1143 2961 1218 ἀντέλεγον
3014 1148 3084 1217 τῇ
3138 1146 3327 1221 ψήφῳ
3362 1142 3490 1219 οὐχὶ
3536 1146 3841 1220 Γρηγόριον

422 1240 494 1297 Et
523 1240 758 1311 quidem
793 1238 899 1306 illi,
922 1238 1199 1310 quoniam
1212 1238 1525 1308 Gregorius
1555 1239 1702 1293 citra
1726 1253 1927 1293 eorum
1950 1253 2082 1293 sen-

2213 1238 2479 1295 ιισοῦντες
2511 1234 2610 1307 (ὡς
2654 1232 2811 1286 αὐτὸν
2845 1233 3150 1295 συνέπειθον
3180 1236 3254 1305 (9)
3284 1231 3535 1308 κρυφίοις
3573 1230 3843 1305 δηλώμα-

426 1328 669 1385 tentiam
700 1328 909 1383 throno
939 1327 1253 1399 impositus
1313 1327 1523 1392 fuerat,
1576 1326 1834 1381 humano
1874 1325 2083 1381 ail‘ectu

2213 1324 2321 1395 rw),
2354 1321 2499 1376 ἀλλὰ
2544 1320 2671 1383 τοὺς
2724 1317 3144 1395 καθιδρύσαντας
3195 1318 3547 1392 ἀμυνόμενοι,
3594 1320 3667 1381 ὡς
3715 1318 3848 1396 δίχα

429 1417 677 1483 obsessi,
705 1417 934 1471 decreto
966 1415 1409 1486 repugnabant:
1448 1431 1564 1470 non
1602 1414 1755 1485 quod
1788 1431 1921 1469 eum
1954 1414 2085 1469 odio

2213 1411 2423 1485 (νώμης
2454 1412 2565 1483 (10)
2596 1408 2768 1463 αὐτῶν
2821 1405 3125 1469 δεδωγότας
3169 1408 3260 1462 τὸν
3310 1408 3521 1483 θρόνον.
3553 1408 3613 1465 Ὀ
3653 1406 3708 1463 δὲ
3741 1430 3850 1482 μα-

430 1506 711 1561 haberent
740 1504 1262 1576 (quemadmodum
1296 1502 1539 1558 occultis
1568 1503 1619 1559 ei
1642 1502 2085 1575 signiﬁcationi-

2213 1501 2383 1575 ιάριος
2414 1498 2500 1552 ἐπὶ
2548 1499 2610 1552 τὸ
2641 1497 2771 1552 αὐτὸ
2813 1496 3024 1552 πάντων
3066 1498 3173 1568 [11)
3205 1498 3687 1571 συναθροισθέντων
3734 1503 3845 1553 τῶν

431 1595 543 1649 bus
576 1593 1043 1659 confirmabant),
1078 1593 1178 1646 sed
1211 1596 1277 1646 ut
1307 1608 1426 1658 eos,
1462 1593 1559 1663 qui
1586 1592 1780 1665 ipsum
1815 1593 2088 1664 praefece-

2213 1587 2530 1659 ἐπισκόπων,
2572 1586 2834 1648 καταστάς
2866 1584 2916 1640 έν
2955 1584 3101 1658 μέσῳ
3148 1606 3227 1658 τῳ
3276 1582 3533 1661 συλλόγῳ
3566 1588 3697 1659 (12),
3719 1583 3848 1641 τάδε

429 1682 1080 1749 rant,ulciscerentur:
1132 1686 1197 1735 ut
1226 1680 1327 1751 qui
1376 1680 1502 1735 sine
1550 1697 1751 1737 eorum
1802 1681 2092 1736 sententia
2201 1676 2350 1752 φησί’

428 1770 903 1842 archiepiscopali
935 1770 1071 1824 sede
1100 1768 1438 1841 Gregorium
1456 1770 1791 1825 donassent.
1828 1771 1899 1823 At
1917 1769 2005 1823 vir
2034 1769 2258 1837 beatus,
2292 1765 2567 1821 omnibus
2588 1764 2876 1837 episcopis
2925 1763 2985 1818 in
3033 1781 3217 1819 unum
3272 1764 3511 1831 coactis,
3559 1764 3616 1819 in
3650 1764 3844 1820 medio

431 1859 677 1916 concilio
700 1864 884 1925 stans,
919 1859 991 1913 ad
1025 1858 1180 1913 hunc
1203 1858 1443 1913 modum
1475 1860 1650 1914 verba
1689 1858 1829 1913 facit
1856 1875 1868 1913 :

508 1977 529 2005 ι
563 1956 685 2011 Viri
717 1955 968 2027 collegae,
996 1960 1459 2027 etcompastores
1493 1957 1866 2012 sacrosancti
1892 1955 2087 2028 gregis
2116 1957 2165 2022 B

428 2045 665 2109 Christi,
697 2052 865 2115 turpe
898 2047 1093 2113 fuerit,
1137 2061 1497 2116 prorsusque
1528 2063 1562 2100 a
1607 2046 1774 2101 vobis
1804 2045 2084 2110 alienum,

434 2134 504 2201 si,
547 2134 645 2206 qui
674 2134 745 2188 ad
769 2150 971 2205 pacem
1000 2132 1144 2189 alios
1173 2133 1442 2199 eruditis,
1465 2133 1810 2189 intestinum
1833 2133 1946 2206 ipsi
1966 2131 2086 2188 bel-

431 2222 555 2278 lum
581 2223 734 2278 inter
761 2239 859 2277 vos
890 2222 1169 2277 excitetis.
1218 2221 1479 2286 Quonam
1522 2222 1679 2277 enim
1718 2223 1888 2279 modo
1942 2221 2088 2277 alios

435 2312 505 2366 ad
538 2311 908 2366 concordiam
950 2311 1328 2380 adduxeritis,
1391 2310 1505 2383 ipsi
1554 2312 1707 2366 circa
1765 2310 2086 2366 sententias

434 2403 663 2455 vestras
696 2406 754 2453 et
776 2400 1006 2453 decreta
1038 2400 1480 2471 discrepantes?
1503 2401 1583 2455 Ac
1632 2416 1733 2455 vos
1764 2416 1866 2471 per
1895 2399 2087 2454 Trini-

435 2493 615 2545 tatem
648 2488 836 2559 ipsam
869 2487 1129 2554 obsecro,
1155 2492 1220 2541 ut
1243 2493 1433 2543 vestra
1463 2489 1695 2559 negotia
1740 2487 2013 2559 prmclare
2033 2492 2089 2542 et

436 2576 676 2649 pacitice
707 2575 860 2630 inter
892 2592 990 2629 vos
1022 2574 1384 2646 transigatis.
1447 2576 1609 2639 Quod
1663 2578 1713 2631 si
1771 2576 1937 2631 vobis
1969 2575 2086 2631 ullo
2130 2608 2139 2617 -

436 2666 611 2720 modo
644 2663 872 2719 dissidii
900 2680 1077 2718 causa
1106 2679 1258 2727 sum,
1315 2664 1527 2719 Jonam
1580 2664 1924 2736 prophetam
1956 2666 2087 2719 vita;

439 2753 780 2824 integritate
811 2768 925 2806 non
958 2768 1191 2822 supero.
1225 2752 1415 2807 Mittite
1460 2768 1546 2807 me
1584 2756 1647 2808 in
1676 2770 1849 2821 mare,
1898 2757 1947 2809 et
1975 2770 2089 2809 ces-

440 2841 630 2896 sabita
654 2840 801 2894 vobis
829 2840 1168 2893 tumulluum
1206 2840 1445 2910 procella
1488 2841 1550 2894 ιτ.
1603 2840 1894 2911 Quidquid
1928 2841 2089 2896 vobis

436 2928 632 2987 visum
662 2927 855 2999 fuerit,
884 2926 1119 2982 tametsi
1149 2944 1182 2982 a
1212 2926 1382 2999 culpa
1411 2927 1924 2997 immunis,vestrae
1953 2947 2089 2985 con-

441 3017 648 3073 cordiae
682 3032 875 3086 causa,
909 3014 1157 3070 libenter
1185 3017 1488 3088 perpetiar.
1512 3018 1742 3073 Throno
1766 3019 2088 3087 exturbate,

440 3106 585 3161 urbe
613 3105 820 3176 ejicite.
868 3105 1095 3159 Tantum
1143 3108 1425 3161 veritatem
1480 3115 1535 3161 et
1582 3122 1791 3177 pacem,
1843 3111 1906 3161 ut
1956 3124 2091 3162 cum

438 3194 716 3250 Zacharia
746 3193 972 3264 loquar,
1004 3193 1224 3262 diligite
1255 3194 1317 3247 ¹⁸.
1352 3193 1569 3261 Valete,
1619 3194 1769 3249 sacri
1804 3200 2089 3266 pastores.

442 3298 706 3338 meorum
738 3280 1003 3337 laborum
1021 3283 1365 3336 mermoriam
1407 3287 1748 3355 perpetuam
1782 3300 2088 3340 conserva-

442 3377 521 3427 te.
555 3393 582 3421 ››
608 3370 736 3425 Haec
766 3387 831 3426 eo
865 3369 1184 3441 prolocuto,
1219 3371 1439 3441 pudore
1469 3373 1719 3443 quodam
1774 3372 1885 3443 ipsi
1930 3378 2089 3428 tene-

444 3461 679 3526 bantur,
713 3459 841 3529 ejus
874 3457 1133 3514 oratione
1164 3460 1516 3530 compuncti.
1548 3461 1695 3514 Tum
1722 3461 1845 3531 ipso
1867 3462 1924 3515 in
1949 3465 2094 3534 Cap-

444 3549 750 3621 padociam
784 3550 1155 3618 perrecturus
1187 3563 1217 3601 e
1244 3545 1486 3602 concilio
1516 3548 1784 3614 excessit,
1803 3548 2095 3620 voluptate

444 3636 623 3693 simul
653 3642 709 3691 et
726 3652 969 3691 mcerore
1000 3636 1240 3690 affectus
1275 3651 1287 3689 :
1319 3634 1485 3702 illud,
1527 3638 1680 3707 quod
1715 3636 1981 3693 laborum
2005 3655 2094 3694 re-

445 3727 640 3799 quiem
673 3725 989 3780 invenisset
1019 3740 1031 3777 :
1068 3723 1197 3793 hoc,
1260 3728 1493 3795 prapter
1522 3740 1783 3797 gregem,
1837 3742 2093 3797 quonam

444 3815 617 3871 modo
650 3814 845 3886 ipsum
871 3813 1242 3880 relinqueret.

520 3922 581 3978 In
616 3921 809 3977 aulam
842 3924 1036 3976 autem
1069 3920 1379 3991 profectus,
1420 3920 1769 3976 benetlcium
1801 3922 1872 3977 ab
1908 3923 2095 3994 Impe-

448 4016 637 4066 ratore
670 4010 1021 4082 postulabat,
1057 4009 1148 4063 his
1177 4009 1367 4063 verbis
1424 4010 1587 4080 prius
1643 4026 1777 4065 eum
1836 4010 2047 4065 affatus
2079 4028 2093 4067 :

452 4120 481 4150 «
505 4099 633 4153 Tibi
667 4099 921 4170 quidem,
953 4115 985 4152 ο
1011 4100 1350 4169 Imperator,
1376 4098 1610 4169 protuis
1632 4114 1769 4171 erga
1784 4098 2096 4154 Ecclesiam

453 4187 679 4241 meritis
711 4187 991 4241 retribuat
1019 4186 1282 4241 Christus
1314 4187 1370 4241 in
1404 4187 1497 4242 die
1539 4188 1967 4243 retributionis.
1994 4189 2098 4242 Be-

453 4274 725 4331 neﬁcium
759 4280 974 4345 autem,
1008 4276 1160 4346 quod
1186 4292 1339 4330 nunc
1370 4292 1404 4330 a
1433 4282 1487 4330 te
1512 4281 1661 4347 peto,
1695 4277 2101 4348 potentissime

454 4363 744 4436 princeps,
772 4364 909 4417 dare
942 4379 1011 4417 ne
1041 4363 1317 4433 graveris.
1354 4364 1478 4420 Non
1539 4382 1641 4436 pro
1698 4366 1961 4436 pecuniis
1994 4366 2100 4421 tibi

456 4467 588 4508 sum
636 4451 878 4522 supplex
911 4468 924 4517 ;
957 4468 1073 4506 non
1122 4453 1375 4522 pretiosa
1414 4451 1685 4507 altarium
1765 4459 2104 4525 tegumenta

456 4542 805 4611 concupisco
830 4557 843 4605 ;
877 4556 991 4594 non
1018 4540 1282 4613 cognatis
1305 4539 1617 4611 dignitates
1648 4542 1843 4597 ambio
1869 4568 1882 4609 ;
1908 4544 2104 4610 sed,ut

385 4700 391 4706 _
456 4630 755 4685 laboribus
814 4629 1040 4697 liberer,
1086 4628 1344 4684 obsecro.
1387 4627 1584 4683 Cesset
1614 4630 1789 4685 etiam
1838 4631 2101 4702 invidia;

456 4734 656 4791 pacem
687 4717 880 4773 colant
909 4717 1194 4790 epi500pi;
1230 4722 1290 4772 tu
1324 4716 1575 4772 maxime
1606 4718 1664 4773 in
1696 4735 1823 4775 eam
1855 4736 1977 4775 rem
2007 4722 2107 4776 ad-

457 4808 639 4864 nitere
663 4824 675 4875 ;
698 4808 1065 4863 sacerdotum
1097 4806 1318 4862 bellum
1351 4805 1800 4879 comprime,qui
1833 4808 2106 4865 barbaro-

461 4999 504 5036 "
534 4997 665 5067 Jon,
699 4996 827 5052 142.
864 4996 906 5033 ¹⁸
937 4995 1106 5051 Zacb.
1136 5012 1257 5066 vm,
1293 4996 1378 5049 19.

536 5205 611 5279 (8)
643 5202 781 5279 God.
814 5207 909 5279 Or.
936 5198 1140 5279 δράσει.

538 5273 615 5348 (9)
646 5276 783 5332 Cod.
816 5276 911 5331 Or.
946 5273 1179 5348 ἔπειθον.

536 5345 651 5431 (10)
676 5350 760 5430 Ita
790 5348 1083 5431 codd..0'r.
1106 5347 1265 5431 Golb.
1301 5346 1353 5415 l,
1388 5350 1444 5431 et
1477 5346 1548 5431 ‘2.
1570 5345 1644 5431 in
1685 5346 1822 5401 edit.
1855 5346 2110 5431 γνώμων·

465 5414 601 5479 mox
633 5414 923 5475 ineisdem
963 5414 1281 5486 δεδωκότες,
1314 5414 1415 5474 sed
1474 5416 1783 5473 lectionem
1829 5414 1984 5474 codf
2014 5419 2109 5475 Or.

466 5490 895 5552 amplectimur.

598 5562 649 5618 il
681 5559 897 5614 Πάντων
931 5561 1093 5617 deest
1122 5561 1179 5615 in
1211 5560 1339 5614 cod.
1375 5558 1470 5615 Or.

565 5628 651 5704 12)
678 5634 813 5689 Cod.
846 5632 907 5687 P.
931 5635 1038 5704 τῶν
1073 5628 1379 5704 συυλόγων³

538 5696 652 5795 (13)
680 5705 815 5763 Cod.
847 5703 942 5762 Or.
974 5701 1201 5782 αἰσχρὸν
1238 5696 1333 5781 μὲν
1363 5698 1421 5757 ἂν
1450 5696 1558 5774 ε’ίη.

2270 1977 2296 2003 ‹‹
2330 1948 2563 2026 ’Ἄνδρες
2597 1950 2963 2023 συμποιμένες
2992 1956 3090 2018 τῆς
3138 1949 3285 2025 ἱεράς
3314 1948 3557 2022 ποίμνης
3589 1951 3847 2024 Χριστοῦ,

2195 2039 2427 2115 αἱσχρὸν
2481 2039 2575 2111 μὶν
2628 2035 2711 2106 εἷή
2765 2040 2877 2111 (13)
2934 2037 3022 2092 καὶ
3071 2036 3351 2100 παντελῶς
3404 2038 3511 2113 οὐχ
3558 2039 3731 2111 ὑμῶν,
3778 2040 3849 2109 εἰ,

2197 2128 2323 2190 τοὺς
2354 2126 2559 2189 ἄλλους
2610 2126 2831 2201 εἰρήνην
2883 2123 3247 2199 παιδεύοντες,
3302 2126 3454 2181 αὐτοὶ
3503 2128 3641 2199 πρὸς
3671 2126 3852 2197 άλλη-

2196 2216 2328 2279 λους
2382 2214 2628 2289 πόλεμον
2678 2213 2903 2290 ἤρασθε.
2953 2220 3077 2277 Πῶς
3134 2213 3180 2270 δ’
3228 2216 3287 2270 ἂν
3338 2218 3588 2289 ὁμονοεῖν
3634 2215 3854 2289 ἑτέρους

2196 2306 2415 2377 πείσητε
2446 2308 2582 2376 (14),
2612 2304 2764 2359 αὐτοὶ
2815 2299 2960 2367 ὄντες
3010 2304 3131 2381 περῖ
3179 2306 3247 2360 τὰ
3278 2302 3541 2360 δοκοῦντα
3582 2304 3847 2381 ἀσύμφω-

2195 2413 2329 2463 νοι;
2384 2391 2540 2448 ’Δλλ’
2592 2392 2815 2448 ἱκετεύω
2864 2393 3003 2466 ὑμᾶς
3054 2393 3184 2468 πρὸς
3232 2400 3332 2463 τῆς
3390 2391 3621 2469 Τριάδος
3676 2392 3851 2462 αὐτῆς

2195 2481 2379 2543 καλῶς
2409 2503 2467 2536 τε
2496 2480 2583 2536 καὶ
2618 2480 2904 2555 εἰρηνικῶς
2956 2478 3224 2535 διαθέσθαι
3274 2482 3339 2537 τὸ.
3370 2481 3505 2557 πρὸς
3536 2479 3844 2551 ἀλλήλους.

2196 2572 2261 2628 Εἴ
2293 2568 2349 2625 δέ
2373 2592 2426 2626 τι
2471 2571 2597 2644 ὑμῖν
2655 2570 2763 2645 ἐγὼ
2810 2576 2912 2640 τῆς
2962 2567 3286 2633 διαστάσεως
3334 2568 3527 2643 αἴτιος,
3582 2569 3679 2625 οὐκ
3728 2570 3847 2643 εἰμὶ

2197 2659 2515 2732 σεμνότερος
2562 2660 2719 2713 Ἰωνᾶ
2764 2663 2861 2713 τοῦ
2902 2661 3206 2737 προφήτου.
3260 2658 3457 2714 Βάλετέ
3508 2680 3572 2732 με
3616 2659 3689 2721 εἷς
3737 2660 3840 2727 τὴν

2198 2748 2508 2820 θάλασσαν,
2566 2748 2653 2803 καὶ
2710 2746 2967 2803 παύσεται
3024 2749 3113 2826 ἀφ’
3170 2748 3320 2821 ὑμῶν
3380 2749 3408 2802 6
3465 2746 3679 2803 κλύδων
3727 2753 3841 2802 τῶν

2197 2839 2616 2912 ταραχῶν(15).
2659 2838 2929 2909 Αἱροῦμαι
2983 2839 3168 2891 παθεῖν
3226 2836 3256 2891 6'
3310 2858 3361 2891 τι
3422 2836 3479 2890 ἂν
3546 2835 3844 2911 βούλησθε,

2198 2926 2389 3001 καίπερ
2422 2925 2596 2987 ἀθῶος
2645 2923 2741 2995 ὣν,
2773 2932 2873 2994 τῆς
2924 2927 3075 2997 ὑμῶν
3106 2922 3278 2980 ἕνεκεν
3327 2924 3603 2997 ὁμονοίας.
3638 2926 3848 2999 Θρόνου

2201 3014 2477 3085 έξώσατε,
2536 3013 2751 3075 πόλεως
2803 3013 3105 3069 ἀπελάσατε
3135 3056 3147 3068 .
3206 3014 3376 3069 Μόνον
3429 3016 3529 3083 τήν
3586 3014 3849 3084 ἀλήθειαν

2199 3103 2288 3157 καὶ
2317 3104 2417 3171 τὴν
2470 3102 2714 3176 εἰρήνην,
2757 3103 2832 3165 ὡς
2880 3103 2907 3156 6
2956 3103 3227 3178 Ζαχαρίας
3276 3104 3463 3181 φησὶν,
3513 3103 3847 3179 ἀγαπήσατε.

2199 3191 2496 3268 Ἔρρωσθε,
2551 3191 2685 3265 ἱεροὶ
2731 3190 3007 3265 ποιμένες,
3039 3192 3128 3246 καὶ
3176 3196 3282 3246 τῶν
3312 3191 3458 3265 ἐμῶν
3508 3192 3679 3247 πόνων
3718 3214 3857 3265 μνη-

2207 3281 2540 3354 μονεῦοντες,
2577 3281 2651 3353 μή
2688 3279 3019 3350 ἅπολήξητε.
3072 3306 3099 3333 n
3150 3286 3325 3336 Ταῦτα
3373 3281 3637 3353 εἰπόντος,
3680 3279 3858 3342 αἰδώς

2200 3391 2284 3431 τις
2341 3368 2533 3430 αὐτοὺς
2589 3369 2705 3443 εἶχε
2750 3375 2865 3429 τοῖς
2912 3369 3223 3441 εἰρημένοις
3274 3368 3660 3445 κατανυγέντας
3709 3372 3854 3438 (16),.

2199 3461 2258 3515 '0
2295 3458 2387 3531 μὶν
2417 3458 2507 3511 οὗν
2541 3458 2627 3511 ἐπὶ
2655 3459 2755 3526 τήν
2781 3456 3157 3513 Καππαδοκῶν
3191 3456 3547 3533 βαδιούμενος
3580 3457 3859 3530 ἐξῄειῌἹ)

2199 3553 2297 3602 τοῦ
2337 3545 2635 3619 συλλόγου,
2686 3548 2971 3621 συμμιγὴς
3023 3551 3169 3621 χαρᾷ
3214 3567 3272 3601 τε
3316 3546 3405 3600 καὶ
3455 3545 3735 3622 κατηφείᾳι
3788 3546 3856 3599 τὸ

2208 3637 2322 3709 μὲν,
2355 3635 2438 3690 ὅτι
2467 3640 2572 3689 τῶν
2602 3635 2778 3689 πόνων
2831 3634 3140 3690 ἀνάπαυλαν
3173 3634 3375 3711 ηὕρατο
3409 3638 3541 3708 (18),
3574 3635 3635 3689 τὸ
3666 3632 3721 3689 δὲ
3750 3639 3854 3688 τοῦ

2203 3723 2469 3797 ποιμνίου
2498 3722 2682 3800 χάριν,
2716 3722 2864 3786 ὅπως
2898 3723 3026 3778 αὐτὸ
3055 3722 3450 3797 καταλείψειεν.

2276 3918 2479 3976 Ἐλθὼν
2515 3918 2571 3974 δὲ
2615 3918 2692 3981 εἴς
2738 3918 2804 3973 τὰ
2856 3918 3124 3993 βασίλεια,
3176 3914 3292 3991 ᾔτει
3342 3917 3504 3994 χάριν
3554 3918 3643 3972 τὸν
3691 3916 3854 3971 αὖτο-

2206 4010 2462 4087 κράτορα,
2490 4005 2671 4062 τοιάδε
2702 4007 2865 4062 εἶ’πὼν
2894 4006 3177 4083 πρότερον·
3204 4031 3231 4059 ί(
3266 4005 3341 4060 Σὺ
3375 4007 3491 4079 μὲν,
3526 4007 3570 4060 ὦ
3608 4006 3857 4080 βασιλεῖ),

2208 4098 2281 4152 ὧν
2330 4099 2427 4166 τὴν
2484 4096 2805 4167 Ἐκκλησίαν
2866 4096 3267 4173 εὐηργέτησας,
3328 4097 3710 4171 ἀντιμετρήσαι
3769 4116 3862 4150 σοι

2210 4187 2439 4263 Χριστὸς
2472 4185 2523 4240 έν
2574 4184 2755 4259 ἡμέρᾳ
2803 4182 3231 4246 ἀνταποδόσεως’
3262 4186 3323 4237 θην
3355 4182 3411 4239 δέ
3459 4189 3546 4238 νῦν
3588 4184 3722 4238 αἱτῶ
3750 4184 3861 4259 χά-

2212 4297 2313 4349 ριν,
2347 4277 2391 4329 ῶ
2421 4274 2690 4350 κράτιστε,
2726 4272 2909 4328 δοῦναι
2963 4276 3040 4347 μὴ
3092 4276 3391 4349 ἀπαρνήσῃ.
3425 4273 3496 4327 Οὐ
3550 4273 3671 4345 περὶ
3712 4293 3863 4348 χρη-

2216 4365 2397 4439 μάτων
2449 4364 2711 4419 ἱκετεόω’
2763 4361 2885 4418 οὐδὲ
2934 4368 3089 4427 ποθῶ
3132 4361 3409 4431 πολυτελῆ
3465 4362 3867 4437 θυσιαπηρῖων

2214 4454 2582 4525 σκεπάσματα,
2635 4452 2696 4507 οὐ
2748 4457 3018 4527 συγγενῶν
3060 4452 3252 4528 ἀρχάς·
3304 4450 3430 4506 ἀλλ’
3477 4452 3700 4506 ἱκετεύω
3748 4456 3863 4505 τῶν

2213 4542 2393 4597 πόνων
2428 4542 2700 4610 ἀνεθῆναι.
2735 4542 2963 4617 Ληγέτω
2996 4538 3053 4595 δὲ
3081 4542 3170 4595 καὶ
3203 4544 3317 4615 (19)
3349 4540 3563 4618 φθόνος,
3597 4539 3866 4616 εἰρηνευὲ-

2212 4653 2385 4687 τωσαν
2423 4631 2473 4684 οἱ
2506 4629 2815 4703 ἐπίσκοποι,
2848 4636 2943 4685 σοῦ
2978 4629 3210 4704 μάλιστα
3240 4634 3398 4684 τοῦτο
3442 4626 3863 4696 σπουδάζοντος.

2220 4725 2427 4774 Παῦσον
2454 4723 2559 4773 τῶν
2589 4719 2773 4795 ἱερέων
2822 4721 2912 4774 τὸν
2962 4717 3231 4791 πόλεμον,
3264 4719 3291 4772 6
3322 4719 3520 4788 στήσας
3572 4710 3864 4791 βαρϐάρων

2218 4810 2432 4886 θράσος’
2462 4811 2526 4863 τὰ
2560 4808 2782 4885 μέγιστα
2810 4808 3042 4884 τρόπαια
3088 4812 3183 4862 τοῦ
3238 4811 3332 4861 σοῦ
3379 4808 3607 4882 κράτους
3658 4804 3737 4859 ἐνὶ
3767 4804 3868 4859 κό-

2298 5203 2589 5277 (14)(3011).
2628 5205 2693 5277 1,A
2711 5202 2967 5277 πείσοιτε.

2299 5274 2411 5346 (15)
2442 5277 2620 5332 Codd.
2664 5275 2760 5331 Or.
2830 5275 2890 5331 P.
2941 5275 3100 5347 Colb.
3138 5276 3162 5329 1
3215 5278 3272 5330 et
3298 5276 3354 5344 2,
3385 5277 3528 5347 τῶνᾼ
3551 5274 3876 5347 συμφορῶν.

2294 5344 2408 5421 (16)
2460 5348 2595 5404 Cod.
2658 5347 2753 5403 Or.
2832 5346 3236 5421 κατανυγέντες.
3291 5347 3428 5402 Cod.
3499 5344 3559 5401 P.
3625 5344 3879 5397 κατανοι-

2220 5419 2427 5492 γέντας.

2320 5492 2408 5563 17)
2438 5489 2577 5563 Cod.
2611 5488 2706 5563 ρι’.
2738 5485 2885 5563 ἔξιᾷει.

2324 5556 2406 5631 18)
2436 5562 2572 5617 Cod.
2622 5560 2716 5615 Or.
2774 5556 2990 5635 εὕρατο,
3038 5561 3196 5619 Colb.
3249 5562 3301 5616 1.
3358 5559 3562 5637 εὕρετο.
3620 5557 3761 5615 Cod.
3809 5556 3880 5620 Ρ.

2218 5628 2411 5709 459st?-

2288 5706 2401 5782 (19)
2430 5704 2495 5759 At
2524 5702 2614 5759 καί
2643 5704 2857 5762 desunt
2884 5702 2945 5762 in
2976 5705 3105 5763 cod.
3138 5703 3236 5763 Or.
