4152 6208
328 367 449 429 301

1345 370 1715 433 AUCTORE
1760 372 2155 434 GREGORIO
2200 375 2722 438 PRESBYTERO

3620 377 3739 439 302

327 502 648 573 σμησον,τῇ
679 498 964 578 συμφωνίᾳ
991 501 1106 575 (20)
1132 504 1240 556 τῶν
1269 500 1597 559 ἐπισκόπων.
1629 501 1837 572 Ταύτην
1868 503 1975 578 ἐγὼ

2114 524 2222 561 ιυω
2253 508 2555 564 audaciam
2586 508 2998 580 compescuisti
3032 507 3327 564 :maxima
3383 507 3616 579 imperii
3657 508 3741 565 tui

329 586 533 663 δωρεὰν
569 585 844 660 αἶ’τοῦμαι·
876 586 1077 657 ταύτην
1107 586 1417 643 τελευταίαν
1454 610 1547 662 μοι
1581 591 1690 662 (21)
1718 589 1975 664 παρέχεις

327 676 517 751 χάριν.
553 700 576 729 ι
620 677 909 748 Θαυμάσας
959 674 1017 731 δὲ
1060 678 1128 731 τὰ
1174 676 1434 753 εἰρημένα
1482 676 1512 731 ὅ
1553 698 1613 732 τε
1659 680 1772 751 (22)
1817 677 1976 733 αὐτο-

328 767 548 840 κράτωρ
573 764 662 819 καὶ
693 766 744 819 οἱ
774 772 872 834 τῆς
905 764 1214 840 συγκλήτου
1250 766 1477 841 βουλῆς,
1500 767 1586 821 οἷα
1616 769 1727 839 (23)
1759 764 1977 845 σφοδρῷ

328 858 410 925 τῷ
439 854 564 928 περὶ
621 852 780 908 αὐτὸν
836 852 991 925 πόθῳ
1042 854 1446 923 συντετηκότες,
1483 854 1645 928 μόλις
1704 852 1973 910 ἀπέλυσαν

330 941 494 998 αὑτὸν
525 944 660 1016 (24),
691 943 790 1011 τὴν
824 937 1003 1013 ἔξοδον
1026 941 1423 1017 ἐπιτρέψαντες.

397 1118 799 1192 Ἐνδημοῦντος
832 1117 889 1174 δὲ
917 1119 1083 1175 αὐτοῦ
1129 1115 1205 1175 ἔτι
1253 1124 1320 1194 τῇ
1374 1118 1634 1196 βασιλίδι,
1668 1120 1977 1175 καθίσταται

326 1208 405 1272 εἷς
453 1212 556 1279 τὴν
606 1208 771 1264 αὐτοῦ
804 1207 1129 1278 Ἐκκλησίαν
1190 1210 1292 1265 ὑπὸ
1340 1217 1439 1279 τῆς
1497 1205 1722 1263 συνόδου
1772 1208 1971 1263 Νεκτά-

319 1298 440 1370 ριός
496 1319 579 1359 τις
628 1296 943 1368 ἐπίσκοπος,
971 1298 1201 1370 Ταρσεὺς
1248 1298 1508 1373 ὑπάρχων
1557 1305 1657 1367 τῆς
1703 1295 1969 1358 Κιλικίας.

318 1385 500 1447 Αὐτὸς
546 1382 602 1441 δὲ
646 1385 1159 1461 προσκαλεσάμενος
1361 1388 1451 1441 τὸν
1501 1386 1708 1459 γλῆρον
1740 1386 1829 1440 καὶ
1877 1384 1972 1441 τοῦ

319 1475 463 1531 λαοῦ
510 1474 636 1536 τοὺς
684 1473 960 1549 ἐκκρίτους
1002 1479 1137 1549 (26),
1167 1478 1489 1545 νουθετήσας
1533 1496 1591 1530 τε
1646 1475 1840 1537 αὐτοὺς
1880 1496 1975 1549 φυ-

324 1564 542 1619 λάττειν
588 1564 688 1630 τὴν
751 1565 1207 1637 παρακαταθήκην
1272 1570 1374 1632 τῆς
1430 1563 1684 1630 πίστεως,
1732 1564 1822 1618 καὶ
1877 1564 1973 1626 τὰς

326 1648 558 1713 ἐντολὰς
642 1654 740 1705 τοῦ
832 1655 964 1706 Θεοῦ
1046 1652 1487 1725 κατεργάζεσθαι,
1576 1651 1972 1723 ἀσπασάμενος,

326 1737 519 1794 πολλά
544 1759 605 1793 τε
640 1740 865 1810 κινήσας
916 1740 1080 1794 ἅπασι
1130 1737 1351 1813 δάκρυα,
1384 1748 1483 1810 τῆς
1531 1737 1848 1816 ὁδοιπορίας
1900 1739 1973 1794 εἷ’-

329 1848 489 1903 χετο.
540 1833 797 1903 Ἔρχεται
852 1824 908 1881 δὲ
956 1828 1039 1889 είς*
1080 1828 1379 1903 Ἀριανζὸν,
1430 1828 1638 1903 χωρίον
1683 1826 1972 1883 Καππαδο-

328 1916 479 1985 κίας,
512 1914 643 1990 ὅπερ
701 1914 954 1984 ἐκέκτητο
986 1918 1098 1988 (27)
1148 1916 1207 1970 ἐκ
1260 1922 1523 1989 πατρικοῦ
1564 1915 1801 1992 κλήρου,
1847 1937 1975 1971 κατ-

332 2004 493 2060 ελθὸν
552 2004 626 2065 εἰς
675 2002 1111 2060 αὐτόν.ἸΙολλοῦ
1160 2001 1217 2059 δὲ
1272 2004 1476 2080 χρόνου
1549 2006 1975 2081 παρῳχηκὸτος,

331 2094 425 2170 ἀφ’
456 2093 517 2147 οὗ
549 2091 830 2155 Βασίλειος
862 2092 889 2146 ὁ
932 2091 1094 2167 μέγας
1142 2092 1279 2169 πρὸς
1326 2094 1416 2147 τὸν
1469 2094 1594 2149 Θεὸν
1647 2091 1976 2166 ἐνεδήμησεν

330 2181 395 2238 ἐκ
420 2186 520 2237 τοῦ
562 2181 683 2256 βίου
729 2180 946 2252 τούτου,
977 2180 1114 2255 πρὸς
1165 2181 1503 2256 ὑψηλοτέραν
1557 2184 1699 2251 ζωὴν
1754 2183 1979 2255 μετοιθέ-

336 2292 502 2343 μενος
549 2270 617 2324 τὰ
661 2269 923 2342 παρόντα,
956 2270 1163 2345 γράψας
1208 2271 1299 2325 τὸν
1346 2269 1428 2325 ἐπ’
1475 2270 1621 2343 αὐτῷ
1679 2270 1978 2349 ἐπιτάφιον,

328 2359 408 2421 εἲς
468 2359 564 2427 σὴν
613 2358 919 2432 Καισαρέων
980 2360 1082 2428 ἧκε
1125 2360 1224 2427 τὴν
1282 2359 1429 2434 ἱερὰν
1482 2358 1845 2434 μητρόπολιν·
1892 2360 1981 2415 καὶ

332 2450 741 2524 προσφωνήσας
784 2448 877 2503 τὸν
928 2445 1094 2523 λόγον
1140 2450 1207 2521 τῇ
1255 2447 1569 2519 Ἐκκλησία,
1621 2443 1857 2518 ὲϐάδιζει
1901 2446 1983 2503 οἷ’-

333 2535 491 2592 καδε.

408 2623 613 2698 Χρόνον
675 2621 733 2679 δὲ
788 2620 1041 2679 πλεῖστον
1098 2631 1197 2693 τῆς
1282 2623 1546 2697 πατρίδος
1615 2626 1780 2681 αὐτοῦ
1844 2626 1985 2681 ἀπο-

330 2712 650 2789 λειφθέντος
706 2710 794 2766 διὰ
848 2714 947 2781 τὴν
998 2712 1049 2766 ὲν
1100 2717 1168 2786 τῇ
1224 2712 1462 2788 βασιλίδι
1531 2709 1816 2791 διατριϐὴν
1866 2712 1985 2786 (δύο

335 2802 444 2875 γὰρ
496 2800 583 2855 καὶ
637 2797 763 2855 δέκα
812 2798 902 2869 ἔτη
956 2799 1118 2876 λόγος
1166 2799 1327 2856 αὐτόν
1356 2800 1407 2856 ἐν
1449 2806 1529 2873 τῷ
1576 2802 1851 2875 Βυζαντίῳ
1898 2823 1990 2857 πε·-

336 2888 673 2961 ποιηκέναι),
722 2884 916 2959 συνέϐη
964 2893 1072 2944 τῶν
1121 2888 1547 2965 Ἀπὸλλιναρίου
1601 2896 1855 2964 μαθητῶν
1905 2912 1988 2945 τι-

340 2997 439 3038 νας
474 2976 551 3038 εἷς
582 2978 680 3046 τήν
712 2974 957 3052 δευτέραν
1011 2976 1273 3053 ἐπαρχίαν
1321 2983 1428 3033 τῶν
1480 2978 1851 3034 Καππαδοκῶν
1881 2983 1992 3054 (28)

347 3064 601 3127 πολλοὺς
662 3066 757 3137 μὲν
811 3065 1130 3135 ἐξαπατῆσαι
1162 3073 1278 3129 τοῖς
1330 3065 1520 3142 λόγοις
1571 3071 1671 3138 τῆς
1728 3064 1993 3143 ἀσεϐείας,

348 3161 632 3226 τολμῆσαι
684 3152 740 3208 δὲ
791 3157 956 3229 μέχρι
1002 3155 1092 3209 καὶ
1135 3153 1295 3209 τοῦδε
1335 3159 1446 3230 (29)
1486 3155 1824 3232 προσελθεῖν,
1859 3157 1997 3212 ὥστε

2010 1874 2056 1939 Β

2088 595 2346 667 trophaea
2376 614 2491 651 una
2522 614 2582 652 re
2608 614 2840 664 exorna,
2859 597 3137 651 nimirum
3159 596 3569 668 episcoporum
3602 612 3741 652 con-

2087 684 2301 739 cordia.
2336 689 2453 740 Hoc
2483 702 2587 757 ego
2619 687 2839 741 donum
2871 703 2903 741 a
2943 690 2996 741 te
3030 690 3160 757 peto
3196 702 3209 739 :
3243 685 3352 741 hoc
3382 684 3529 740 mihi
3560 686 3744 742 bene-

2088 773 2283 828 ﬁcium
2309 773 2580 828 ultimum
2614 774 2865 846 porrige.
2900 796 2928 823 ››
2960 774 3076 829 Hac
3107 774 3371 829 oratione
3396 775 3738 844 Imperator.

2086 864 2143 915 et
2173 860 2274 929 qui
2298 862 2571 916 senatorii
2591 862 2814 917 ordinis
2831 861 3081 931 erant,in
3097 860 3541 917 admirationem
3564 862 3735 933 rapti,

2089 954 2151 1003 ut
2181 955 2312 1020 pote
2336 950 2618 1005 acerrimo
2660 950 2847 1021 ipsius
2879 966 3077 1005 amore
3107 951 3606 1015 contabescentes,
3634 950 3737 1005 ab-

2084 1038 2261 1091 eundi
2293 1038 2445 1093 facta
2476 1037 2749 1093 facultate
2769 1038 2863 1093 vix
2885 1055 2919 1093 a
2950 1054 3011 1093 se
3041 1038 3415 1094 dimiserunt.

2155 1128 2436 1182 Cteterum
2460 1126 2560 1181 illo
2591 1126 2784 1182 adhuc
2815 1126 2873 1181 in
2906 1132 3158 1197 augusta
3188 1127 3331 1182 urbe
3363 1131 3592 1199 agente,
3624 1128 3735 1183 Ne-

2085 1214 2301 1269 ctarius
2332 1216 2596 1286 quidam,
2646 1216 2829 1271 Tarso
2877 1214 3086 1269 Cilicia
3126 1213 3354 1270 civitate
3412 1218 3596 1282 ortus,
3631 1215 3737 1269 Ec-

2085 1303 2271 1357 clesiae
2302 1302 2488 1374 ipsius
2511 1321 2545 1359 a
2574 1304 2796 1375 synodo
2837 1304 3148 1375 episcOpus
3179 1302 3574 1358 constituitur.
3610 1302 3739 1373 Ipse

2085 1396 2279 1447 autem
2306 1407 2437 1447 cum
2473 1391 2692 1447 clerum
2725 1409 2791 1448 ac
2843 1391 3394 1464 praestantissimum
3450 1406 3742 1462 quemque

2084 1494 2152 1534 ex
2184 1480 2381 1551 populi
2427 1480 2809 1536 multitudine
2855 1480 3177 1546 accivisset,
3209 1496 3445 1551 eosque,
3496 1483 3561 1535 ut
3606 1479 3743 1535 ﬁdei

2085 1568 2416 1639 depositum
2450 1574 2766 1636 servarent,
2800 1568 3018 1640 Deique
3049 1572 3334 1640 praecepta
3365 1583 3746 1638 exsequerer

2084 1660 2201 1724 tur,
2234 1657 2659 1723 admonuisset,
2691 1657 3147 1729 complexusque
3174 1655 3743 1728 fuisset,multasque

2088 1745 2363 1801 omnibus
2388 1746 2645 1818 lacymas
2705 1746 3010 1815 movisset,
3062 1745 3257 1800 itineri
3307 1761 3368 1801 se
3401 1744 3580 1815 dedit,
3613 1748 3741 1799 tan-

2089 1834 2337 1905 demque
2365 1835 2676 1889 Arianzum
2710 1834 2989 1905 pervenit.
3040 1834 3414 1905 Cappadociae
3459 1836 3656 1889 autem
3689 1832 3741 1889 is

2086 1919 2249 1976 locus
2271 1927 2559 1993 est,quem
2592 1937 2659 1976 ex
2688 1925 2928 1991 paterna
2977 1921 3317 1976 haereditate
3358 1921 3432 1976 ad
3474 1936 3538 1976 se
3567 1921 3743 1975 devo-

2087 2008 2275 2064 lutum
2292 2010 2650 2081 possidebat.
2666 2010 2809 2064 Cum
2830 2014 3023 2065 autem
3048 2010 3301 2063 multum
3330 2008 3612 2081 temporis
3634 2008 3744 2064 ﬂu-

2086 2098 2288 2165 xisset,
2321 2114 2389 2153 ex
2419 2115 2532 2170 quo
2554 2098 2806 2153 Basilius
2821 2114 3068 2169 magnus
3087 2113 3153 2152 ex
3183 2097 3292 2153 hac
3309 2097 3429 2152 vita
3457 2096 3529 2151 ad
3552 2096 3739 2152 Deum

2088 2184 2358 2249 evolarat,
2396 2203 2462 2240 ac
2494 2186 2950 2257 praesentiacum
2968 2184 3311 2241 sublimiore
3339 2186 3460 2241 vita
3475 2200 3743 2241 commu.

2089 2278 2263 2347 tarat,
2298 2274 2524 2329 funebri
2547 2274 2806 2329 oratione
2836 2274 2896 2328 in
2921 2273 3112 2345 ipsius
3142 2273 3374 2329 laudem
3409 2272 3743 2344 conscripta

2091 2380 2315 2421 sacram
2348 2362 2790 2418 Caesariensium
2820 2361 3187 2433 metropolim
3239 2361 3403 2429 adiit,
3445 2360 3743 2417 Ecclesia-

2094 2469 2209 2525 que
2235 2457 2572 2524 nuncupata
2627 2468 2693 2507 ac
2722 2452 2916 2508 dicata
2962 2466 3030 2506 ea
3087 2450 3347 2506 oratione
3403 2451 3647 2506 domum
3679 2466 3744 2505 se

2094 2542 2329 2613 recepit.

2166 2630 2279 2685 Sed
2310 2646 2441 2685 cum
2470 2629 2677 2701 perdiu
2708 2629 2832 2701 ipse
2861 2646 2895 2684 a
2923 2627 3132 2700 patria,
3158 2630 3464 2699 propterea
3493 2625 3650 2697 quod
3683 2624 3747 2680 in

2097 2718 2472 2790 imperatoria
2504 2719 2645 2772 urbe
2676 2720 3156 2783 commoraretur,
3189 2714 3472 2770 abfuisset
3503 2714 3750 2785 (duode-

2098 2808 2212 2861 cim
2244 2822 2499 2876 namque
2548 2807 2742 2877 ipsum
2776 2804 3031 2878 Byzantii
3063 2820 3248 2859 annos
3287 2804 3477 2875 egisse
3505 2800 3748 2873 ferunt),

2100 2894 2311 2949 accidit
2339 2900 2403 2949 ut
2433 2895 2673 2965 quidam
2706 2893 3047 2965 Apollinarii
3088 2892 3362 2964 discipuli
3393 2891 3451 2945 in
3492 2891 3751 2946 secunda

2102 2984 2507 3055 Cappadocum
2524 2984 2792 3055 prmfectu
2803 3000 2865 3037 ra
2895 2982 3019 3039 suis
3036 2981 3355 3054 impietatis
3372 2979 3746 3036 sermonibus

2105 3073 2323 3127 multos
2353 3072 2413 3127 in
2446 3072 2708 3128 fraudem
2740 3072 3097 3138 inducerent,
3129 3086 3313 3142 eoque
3334 3069 3589 3125 audacia
3610 3084 3745 3139 pro-

2107 3165 2505 3234 grederentur,
2540 3165 2606 3215 ut
2634 3161 2704 3215 ad
2728 3160 2884 3215 hunc
2906 3175 3138 3230 quoque
3174 3159 3535 3225 accederent,
3569 3160 3747 3227 atque

349 3243 441 3297 καὶ
475 3243 803 3304 ἐπισκόπους
846 3243 897 3297 ἐν
944 3248 1011 3317 τῇ
1058 3245 1217 3319 χώρᾳ
1260 3253 1662 3321 χειροτονῆσαι,
1692 3246 1781 3300 καὶ
1831 3246 1993 3315 αὐτῆς

2114 3250 2410 3321 episcopos
2440 3248 2500 3303 in
2532 3264 2599 3304 ea
2647 3248 2879 3320 regione
2928 3252 3207 3314 crearent,
3268 3262 3339 3301 ne
3368 3246 3479 3317 ipsi
3513 3245 3752 3316 quidem

354 3329 414 3387 δὲ
455 3338 559 3401 τῆς
620 3336 940 3400 Ναζιανζοῦ.
990 3332 1241 3407 Καθαίρει
1305 3335 1398 3405 μὲν
1449 3332 1539 3388 οὖν
1586 3338 1701 3405 (30)
1746 3336 1844 3402 τὴν
1891 3341 1996 3389 Να-

355 3421 567 3489 ζιανζὸν
597 3426 695 3475 τοῦ
726 3420 980 3475 τοιούτου
1013 3420 1177 3496 ἄγους
1209 3423 1283 3485 ὡς
1314 3423 1563 3498 τάχιστα·
1617 3421 1736 3478 λίαν
1784 3420 1842 3477 δὲ
1894 3425 2000 3477 ἱκε-

351 3508 646 3581 τευόμενος
698 3512 991 3582 προστῆναι
1034 3518 1133 3581 τῆς
1179 3509 1459 3586 πατρίδος,
1517 3511 1578 3565 οὗ
1620 3509 1853 3589 ’δέχεται
1899 3514 1997 3581 τὴν

356 3598 666 3666 ἐπισκοπὴν
748 3598 947 3671 (μάλα
1029 3600 1130 3675 γὰρ
1212 3602 1303 3655 τὸν
1389 3600 1622 3676 ἡσύχιον
1708 3598 2003 3673 μετεδίωκε

358 3687 521 3761 βίον)·
582 3686 673 3740 καί
728 3707 849 3741 τινα
906 3686 1173 3743 Εὐλάλιον
1231 3692 1331 3757 τῆς
1399 3693 1697 3757 Ναζιανζοῦ
1771 3688 2003 3761 ποιμένα

352 3776 704 3845 κατέστησεν,
765 3777 822 3830 ὃν
883 3773 1038 3851 ἔσχεν
1103 3775 1231 3853 ἄγαν
1292 3777 1343 3832 ἐν
1398 3783 1514 3839 τοῖς
1566 3778 1797 3851 τιμίοις,
1849 3780 2003 3853 θερα-

354 3863 596 3918 πεύοντά
634 3884 694 3918 τε
748 3863 930 3934 αὐτὸν,
978 3866 1067 3919 καὶ
1140 3864 1356 3941 μέτριον
1422 3867 1486 3921 τὸ
1538 3868 1670 3935 ἦθος
1708 3868 2007 3941 τυγχάνον-

356 3972 424 4007 τα
454 3953 590 4024 (34).
624 3950 798 4013 Αὐτὸς
832 3950 889 4006 δὲ
918 3951 971 4006 ἐν
1002 3953 1240 4024 ἀσθενείᾳ
1285 3953 1674 4029 κρατούμενος,
1708 3953 1759 4007 ἐν
1790 3958 2005 4029 Ἀριαν-

364 4046 478 4109 ζοῖς
508 4039 568 4093 ἀν
577 4039 774 4115 ἐψυχεν
807 4043 943 4114 (32).

432 4126 776 4203 Ὀδοιπορεῖν
806 4128 904 4183 οὐκ
943 4126 1019 4184 ἔτι
1071 4130 1182 4192 οἷός
1225 4151 1285 4185 τε
1332 4128 1425 4201 ὣν,
1458 4128 1745 4185 ἐπέστελλε
1793 4128 2008 4201 Κληδο-

357 4217 465 4290 νίῳ
524 4215 603 4289 τῷ
659 4212 1029 4293 πρεσϐυτέρῳ,
1082 4216 1235 4293 ἀνδρὶ
1293 4214 1532 4273 θεοσεϐεῖ
1586 4220 1677 4273 καὶ
1724 4221 2011 4293 θεράποντι

360 4305 576 4380 γνησίῳ
635 4310 788 4378 Θεοῦ,
832 4306 921 4361 καὶ
981 4306 1182 4381 ἑτέροις
1237 4308 1398 4379 τισὶν,
1454 4307 1592 4362 ὥστε
1647 4308 1722 4380 μὴ
1783 4306 2012 4383 παραδέ-

358 4405 555 4471 χεσθαι
614 4394 705 4449 τὸν
764 4393 959 4467 λοιμὸν
1006 4402 1105 4465 τῆς
1148 4395 1426 4468 αἱρέσεως,
1459 4397 1552 4458 τάς
1582 4416 1641 4451 τε
1671 4397 2011 4472 χειροτονίας

435 4537 551 4608 (20)
585 4538 663 4592 Ita
690 4537 894 4595 volunt
913 4543 1159 4596 Montac.
1194 4544 1251 4595 et
1290 4539 1387 4594 alii
1420 4540 1558 4596 edit.
1593 4540 1681 4595 Ita
1710 4542 1879 4597 codd.
1916 4558 2015 4596 no-

363 4601 496 4682 stri.
529 4601 647 4677 Or.,
681 4608 839 4682 Colb.
871 4611 927 4677 l,
955 4613 1033 4678 2.,
1062 4618 1149 4682 P.,
1182 4628 1406 4667 necnon
1457 4617 1512 4667 ct
1542 4612 1743 4667 Comb.
1786 4614 1847 4667 In
1877 4614 2015 4668 edit.
2048 4601 2093 4664 D

361 4679 640 4756 κόσμισον
660 4681 761 4756 την
780 4684 1123 4756 συμφωνίαν.

436 4750 553 4823 (21)
585 4750 678 4805 Sic
698 4750 872 4808 Colb.
896 4750 945 4810 1’.
978 4761 1035 4811 et
1063 4757 1190 4811 cod.
1216 4753 1383 4809 Or.In
1401 4750 1643 4823 editpoi
1673 4754 1860 4809 deest:
1884 4771 2018 4810 mox

367 4822 544 4900 codd:
559 4826 715 4900 Paet
735 4823 894 4879 Colb.
932 4828 979 4893 1,
1014 4827 1301 4900 παρέχοις,
1334 4841 1511 4896 quam
1539 4822 1844 4882 lectionem
1869 4826 2018 4882 indi-

370 4896 465 4949 cat
488 4891 741 4947 Montac.

466 4963 560 5038 22)
590 4964 672 5018 Ita
689 4965 859 5038 (Colb.
889 4969 1004 5038 tet
1030 4972 1084 5038 2,
1120 4965 1207 5038 ὅτε
1238 4967 1403 5022 deest
1425 4966 1481 5020 in
1515 4967 1663 5021 edit.

466 4965 560 5105 22)
590 4965 672 5018 Ita
701 4965 859 5021 Colb.
889 4969 911 5021 1
949 4973 1004 5024 et
1030 4972 1084 5038 2,
1120 4965 1207 5020 ὅτε
1238 4967 1403 5022 deest
1425 4966 1481 5020 in
1515 4967 1663 5021 edit.

465 5034 726 5115 23.Cod.
760 5036 853 5093 Or.
889 5036 988 5110 ο⁹ίῳ
1045 5035 1289 5115 σφοδρῷ,
1332 5055 1465 5094 mox
1522 5038 1675 5092 idem
1737 5038 1863 5093 cod.
1898 5058 2018 5091 aov-

372 5104 682 5171 εστηκότες.

590 5173 766 5257 Μόλις
791 5253 797 5257 Α
824 5178 1090 5257 ἀπέλυσαν
1116 5252 1127 5257 _
1152 5177 1343 5257 αὐτόν,
1392 5183 1501 5257 etc.
1551 5179 1728 5234 Nobis
1783 5181 2023 5257 Combe-_-

371 5248 491 5323 ﬁsii
520 5248 924 5323 interpretatio
976 5252 1163 5323 magis
1193 5252 1409 5306 arridet
1442 5267 1626 5323 quam
1656 5251 1843 5307 versio
1873 5252 2023 5307 Billii

414 5319 471 5374 ui
524 5320 609 5374 sic
639 5319 831 5377 reddit
866 5340 878 5377 :
915 5345 943 5373 ‹‹
973 5319 1484 5379 νὶίᾱὶεοεάθηᾶῖ
1508 5326 1853 5393 potestatem
1912 5323 2022 5396 ipsi

396 5396 660 5447 'ecerunt.
695 5413 724 5441 »

442 5462 558 5532 (25)
586 5463 679 5519 Sic
709 5463 956 5520 Montac.
1017 5469 1076 5521 et
1128 5464 1226 5521 alii
1273 5462 1474 5520 volunt
1519 5464 1656 5519 edit.
1691 5480 1705 5519 :
1738 5464 1822 5520 sic
1855 5465 2024 5521 codd.

372 5533 495 5599 Or.,
530 5533 613 5606 P_.,
644 5534 802 5590 Colb.
834 5536 889 5600 l,
936 5540 992 5606 2,
1035 5540 1092 5592 et
1147 5537 1402 5592 Combef.
1452 5535 1519 5591 In
1569 5535 1707 5591 edit.
1763 5534 1935 5591 Αὐτὸν
1968 5533 2026 5591 δὲ

370 5602 879 5679 προκαλεσάμενος.

439 5678 563 5753 (26)
602 5674 738 5735 Cod.
801 5678 896 5735 Or.
947 5675 1250 5757 ἔγκρίτους,
1315 5677 1638 5750 νουθετήσας
1695 5674 1889 5742 αὐτοὺς
1932 5698 2027 5764 φυ-

2107 3338 2392 3393 Nazianzo
2422 3341 2744 3408 parcentes.
2785 3340 2911 3408 Ipse
2957 3352 3089 3391 vero
3135 3334 3487 3390 Nazianzum
3519 3332 3754 3404 quidem

2107 3427 2217 3481 hoc
2248 3424 2476 3496 piaculo
2508 3441 2683 3494 quam
2716 3423 3016 3479 celerrime
3064 3422 3352 3495 purgavit.
3384 3426 3526 3477 Cum
3558 3425 3757 3477 autem

2111 3514 2340 3569 obnixis
2373 3513 2643 3584 precibus
2662 3517 2986 3584 rogaretur,
3022 3517 3086 3567 ut
3116 3510 3315 3583 patrias
3355 3510 3598 3566 antistes
3633 3524 3763 3564 esse

2110 3601 2301 3669 vellet,
2335 3602 2545 3656 adduci
2569 3617 2684 3655 non
2716 3600 2907 3671 potuit
2947 3604 3012 3655 ut
3042 3600 3447 3671 episcopatum
3478 3596 3767 3667 acciperet

2114 3689 2518 3762 (tranquillam
2543 3688 2695 3744 enim
2730 3689 2909 3743 vitam
2951 3688 3196 3743 mirifice
3246 3684 3714 3755 consectabatur)
3747 3701 3764 3753 ;

2112 3796 2315 3835 verum
2348 3777 2642 3832 Eulalium
2675 3778 3227 3848 quemdam,quem,
3257 3779 3323 3828 ut
3351 3774 3441 3828 sui
3460 3772 3767 3840 cultorem,

2116 3869 2599 3936 moderatumque
2631 3864 2952 3932 hominem,
2988 3861 3282 3934 imprimis
3313 3861 3560 3915 charum
3586 3858 3770 3913 habe~

2116 3957 2236 4024 bat,
2268 3953 2541 4010 Nazianzi
2567 3954 2908 4025 episcopum
2940 3950 3268 4008 constituit.
3293 3950 3422 4020 Ipse
3450 3951 3648 4003 autem
3676 3945 3770 4003 in-

2118 4036 2391 4099 ﬁrmitate
2422 4058 2664 4113 pressus
2694 4041 2928 4097 Arianzi
2962 4056 3173 4112 corpus
3204 4036 3581 4093 refocillabat.

2187 4137 2329 4186 Cum
2359 4136 2556 4185 autem
2584 4131 2710 4199 jam
2743 4130 2853 4184 iter
2883 4130 3071 4185 facere
3127 4144 3243 4183 non
3300 4125 3537 4193 valeret,
3573 4124 3773 4180 Gledo-

2123 4222 2284 4276 nium
2330 4220 2754 4291 presbyterum,
2815 4218 3004 4273 virum
3054 4218 3241 4289 pium,
3298 4229 3619 4286 verumque
3673 4212 3773 4269 Dei

2123 4306 2704 4379 cultorem,aliosque
2737 4305 3052 4361 nonnullos
3076 4321 3179 4377 per
3200 4304 3428 4360 litteras
3444 4301 3772 4371 admonuit,

2124 4414 2196 4453 ne
2225 4394 2457 4451 haeresis
2507 4400 2728 4466 pestem
2776 4394 3164 4466 susciperent,
3198 4392 3299 4448 sed
3330 4389 3777 4463 Apollinarista-

2125 4536 2337 4594 λάττειν
2369 4556 2467 4605 την
2500 4535 2844 4609 παραθήκην.

2195 4610 2307 4681 (27)
2342 4601 2785 4681 l_ta'Mon'tac.'_et'
2804 4606 2900 4681 alii
2930 4606 3070 4681 edit.
3104 4604 3309 4662 volunt
3340 4622 3359 4660 :
3382 4603 3463 4659 ita
3494 4602 3663 4658 codd.
3685 4601 3776 4672 P.,

2123 4676 2245 4749 Or.,
2277 4676 2438 4735 Colb.
2464 4680 2489 4733 1
2526 4683 2582 4733 et
2608 4679 2662 4733 2.
2700 4679 2761 4733 In
2791 4678 2928 4734 edit.
2962 4676 3265 4746 ἐκέκτησεν.

2195 4744 2305 4823 (28)
2338 4751 2587 4823 Montac.
2616 4749 2855 4823 cuinon
2878 4744 3210 4823 repugnant
3230 4745 3500 4823 aliiedit.
3536 4762 3550 4800 :
3584 4744 3775 4823 Forte.

2126 4814 2338 4905 inquit,
2359 4823 2532 4903 .deest
2549 4817 2920 4905 ἐπεισδυντας,
2942 4814 3059 4903 aut
3074 4815 3504 4905 ἐπεισελθόντας·
3540 4831 3676 4905 nam
3706 4814 3779 4898 de

2127 4884 2270 4965 iisin
2286 4884 2474 4965 prima
2495 4884 2924 4965 adCledonium
2941 4888 3505 4965 epistolaQregorips
3527 4884 3668 4941 αἰιοὶ
3685 4887 3772 4936 νῦν

2127 4956 2464 5033 ἐπελθόντες,
2490 4962 2578 5018 vel
2611 4969 2677 5018 ut
2703 4968 2791 5019 est
2830 4964 2888 5017 in
2922 4956 3175 5034 scriptis,
3209 4956 3630 5034 ἐπεῖσελθόντες.

2200 5037 2313 5110 (29)
2345 5029 2799 5110 ΞὶοΜοηιειοῖλοι
2816 5034 2927 5110 _alii
2983 5029 3152 5110 εῷι.Δ
3180 5046 3429 5110 quorum
3463 5029 3775 5110 lectionem

2129 5099 2479 5164 confirmant
2507 5106 2675 5161 codd.
2697 5106 2781 5174 P.,
2806 5106 2926 5173 Or.,
2958 5104 3152 5161 Colb.l
3174 5099 3297 5171 e't2,
3328 5102 3388 5156 in
3420 5099 3778 5171 quibusdam

2130 5198 2263 5233 ποοε
2306 5179 2437 5233 θεῖν.

2173 5199 2780 5322 P(0350)“alttTaLMontac.et
2809 5247 2906 5304 alii
2930 5247 3066 5304 edit.
3088 5250 3171 5302 lta
3204 5243 3375 5301 codd.
3406 5240 3566 5299 Colb.
3589 5242 3614 5295 1
3639 5242 3696 5296 et
3722 5242 3779 5296 2.

2134 5315 2368 5377 In'ed’it.
2413 5315 2502 5372 οὖν
2532 5319 2714 5373 deest.

2204 5391 2613 5466 (731);Mont_ao.
2649 5389 2839 5466 ‘etAalii
2879 5388 3383 5466 θάἰιᾲὺπάρχοντα,
3462 5383 3554 5466 ita
3605 5382 3782 5466 etiam

2134 5453 2607 5533 codd.’_P.,Colb.
2639 5462 2691 5530 1,
2719 5462 2773 5517 2.
2815 5465 2944 5518 Mox
3002 5462 3117 5518 duo
3157 5453 3511 5533 posteriores
3540 5453 3781 5521 habent,

2133 5533 2294 5596 αὐτὸς
2318 5531 2373 5587 δὲ
2404 5531 2663 5596 ἀσθενείᾳ.

2204 5552 2294 5596 τος
2318 5552 2373 5587 οε
2404 5552 2605 5596 ασθενει
2651 5576 2663 5589 .

2204 5608 2316 5676 (32)
2348 5608 2484 5665 Cod.
2515 5609 2578 5660 P.
2608 5552 2887 5679 ἀνέψυξεν.
