4152 6208
427 387 547 447 303

1557 373 1743 434 VITA
1785 374 1847 430 S.
1897 367 2259 429 GREGORll
2306 366 2702 427 THEOLOGI

3717 367 3833 431 304

435 533 566 574 rum
599 513 1096 576 ordinationes,ut
1116 506 1368 564 nefarias
1398 510 1456 562 et
1484 507 1555 563 ab
1589 504 1843 561 Ecclesia
1862 502 2062 559 Catho-

2183 499 2387 556 ἀθετεῖν
2433 506 2540 555 τῶν
2592 499 3109 577 Ἀπολλιναριστῶν,
3159 499 3237 563 ὡς
3280 500 3544 572 ἀθέσμους
3590 500 3681 556 καὶ
3730 500 3829 557 ἀλ-

435 607 550 662 lica
579 604 820 669 alienas,
854 616 956 672 pro
986 598 1168 653 irritis
1217 596 1516 652 baberent.
1574 594 1688 651 Nec
1744 610 1877 649 vero
1936 590 2062 648 sati:

2190 587 2408 663 λοτρίας
2439 597 2540 659 τῆς
2570 590 2869 660 καθολικῆς
2894 589 3241 661 Ἐκκλησίας.
3274 588 3413 660 Ἤδη
3450 587 3509 645 δὶ
3547 590 3609 646 οὐ
3664 592 3830 667 μέχρι

435 692 688 748 habebat
716 689 874 744 nuda
904 691 959 741 et
989 684 1243 755 simplici
1276 681 1697 737 contestatione
1726 680 1797 735 ad
1828 695 1926 734 eos
1959 678 2077 734 uti:

431 795 631 835 verum
653 776 884 849 plenius
915 773 1271 844 uberiusque
1300 771 1608 837 scribebat,
1639 767 1875 841 singula
1913 768 2078 822 abor-

434 871 563 925 tisz
582 863 923 938 Apollinarii
956 862 1194 918 haeresis
1235 859 1667 931 impietatisque
1700 857 1890 927 capita
1917 872 2079 911 ever-

432 946 1861 1025 tensatqueopprimens,quemadmodumliquido
1884 948 2079 1001 osten-

435 1045 583 1100 dunt
610 1046 739 1097 tum
783 1041 911 1095 duaa
962 1038 1071 1093 illae
1130 1038 1202 1093 ad
1249 1036 1589 1093 Cledonium
1639 1033 1918 1106 epistolae,
1952 1037 2078 1087 tum

431 1130 721 1203 praecipue
740 1131 1022 1184 tractatus
1074 1125 1303 1198 poetici,
1337 1141 1483 1196 quos
1513 1122 1771 1195 reliquit.
1814 1122 1988 1177 Porro
2018 1120 2079 1175 in

430 1219 670 1291 poeticis
698 1214 1225 1285 lucubrationibus,
1245 1229 1492 1284 quarum
1506 1212 1680 1269 etiam
1712 1215 1847 1268 ante
1867 1209 2079 1266 memi-

434 1308 516 1378 ni,
549 1305 764 1377 duplex
811 1304 893 1358 illi
952 1319 1163 1374 scopus
1222 1300 1556 1373 propositus
1587 1305 1710 1356 erat
1752 1297 1962 1367 :alter,
2014 1301 2079 1353 ut

431 1395 675 1466 impiam
715 1390 1194 1465 tyranniJuliani
1235 1389 1446 1461 legem,
1507 1405 1625 1459 qua
1672 1386 1985 1442 Christiani
2041 1402 2076 1442 ο.

430 1482 691 1555 profanis
720 1479 1045 1552 disciplinis
1076 1478 1444 1543 arcebantur,
1470 1476 1749 1548 puerilem
1782 1480 1956 1547 atque
1985 1475 2074 1530 in-

432 1574 664 1626 firmam
686 1574 744 1625 et
764 1568 1070 1623 ridiculam
1085 1584 1211 1623 esse
1224 1567 1557 1622 ostenderet
1581 1584 1595 1622 :
1630 1564 2075 1635 alter,quoniam

430 1658 860 1732 Apollinarium
877 1656 1092 1711 multos
1124 1656 1303 1710 libros
1332 1654 1507 1710 variis
1538 1654 1867 1710 carminum
1900 1669 2072 1725 gene-

433 1748 596 1804 ribus
624 1747 896 1809 texuisse,
931 1746 1141 1815 iisque,
1187 1748 1385 1815 utpote
1412 1743 1705 1800 eruditum
1752 1743 2072 1807 hominem,

431 1834 779 1907 dicendique
807 1833 1080 1888 facultate
1103 1836 1499 1903 praestantem,
1533 1832 1749 1887 multos
1784 1832 1853 1885 ad
1886 1831 2071 1886 hisre-

2186 682 2283 732 τοῦ
2330 677 2469 752 ψιλῇ
2524 675 2885 754 διαμαρτυρίᾳ
2931 680 3068 755 πρὸς
3098 677 3293 740 αὐτοὺς
3324 680 3653 753 χρήσασθαι,
3687 679 3832 736 ἀλλὰ

2188 766 2276 821 καὶ
2327 765 2764 842 διεξοδικώτερον
2830 765 3050 844 ἔγραφε,
3097 768 3213 822 καθ’
3263 766 3317 821 ἓν
3385 767 3694 843 ἀνατρέπων
3764 769 3832 824 τὰ

2184 861 2285 923 τῆς
2342 850 2582 911 ἀσεϐείας
2641 854 3061 930 Ἀπολλιναρίου
3115 851 3483 929 ἀμϐλώματα.
3542 862 3713 912 Τοῦτο
3772 855 3830 913 δὲ

2189 941 2487 999 δεικνύουσι
2520 949 2705 1022 σαφῶς
2734 943 2789 999 α’ί
2842 966 2901 1000 τε
2946 946 3083 1019 πρὸς
3132 942 3428 1011 Κληδόνιον
3475 943 3571 1000 δύο
3620 944 3830 1001 ἐπιστο-

2189 1032 2302 1100 λαὶ,
2334 1032 2445 1107 οὐχ
2472 1031 2668 1101 ἥκιστα
2701 1030 2757 1088 δὲ
2786 1034 2872 1087 καὶ
2905 1034 2957 1087 οἱ
3003 1030 3264 1105 ἔμμετροι
3315 1030 3496 1108 λόγοι,
3529 1033 3623 1096 οὓς
3669 1056 3828 1089 κατα-

2188 1118 2415 1176 λέλοιπε
2462 1123 2596 1196 (33).
2629 1123 2777 1198 ,Περὶ
2823 1119 2881 1177 δὶ
2925 1126 3033 1177 τῶν
3081 1121 3385 1198 ἐμμέτρων,
3418 1122 3491 1176 ὧν
3553 1122 3825 1195 ἐμνήσθην

2185 1209 2274 1264 καὶ
2326 1210 2536 1285 πρώην,
2579 1196 2758 1273 δι’ττὸής
2814 1209 2961 1283 αὐτῷ
3011 1210 3223 1285 γέγονεν
3261 1196 3297 1264 τὸ
3341 1210 3563 1272 σκοπός
3614 1214 3830 1287 πρῶτος

2190 1297 2285 1370 μὶν
2314 1299 2448 1371 (34),
2481 1297 2628 1361 ὅπως
2671 1300 2769 1367 τὴν
2819 1296 3048 1371 ἄθεσμον
3082 1296 3380 1354 Ἰουλιανοῦ
3423 1303 3521 1353 τοῦ
3565 1300 3827 1373 τυράννου

2184 1385 2506 1459 νομοθεσίαν
2537 1384 2872 1461 μειρακιώδη
2923 1387 3011 1441 καὶ
3054 1386 3345 1462 ἀνίσχυρον
3398 1388 3694 1463 ἀπαλέγξῃ,
3745 1409 3827 1442 κε-

2188 1472 2447 1529 λεύουσαν
2519 1477 2594 1547 μὴ
2676 1480 2914 1548 μετεῖναι
2980 1478 3321 1551 Χριστιανοῖς
3386 1483 3485 1545 τῆς
3544 1475 3822 1547 Ἐλλήνων

2184 1560 2445 1626 παιδείας·
2481 1561 2729 1640 δεύτερος
2775 1561 2833 1619 δὲ
2879 1565 3012 1638 (35),
3045 1563 3158 1619 έπεὶ
3203 1565 3346 1639 ἑώρα
3402 1562 3821 1641 Ἀπολλινάριον

2187 1650 2422 1727 βάψαντα
2451 1654 2563 1725 (36)
2602 1651 2971 1728 πολυστίχους
3027 1647 3252 1727 βίϐλους
3303 1651 3362 1707 έκ
3410 1650 3681 1729 διαφόρων
3735 1654 3825 1726 μέ-

2181 1760 2347 1814 τρων,
2395 1742 2483 1795 καὶ
2540 1740 2752 1803 τούτοις
2799 1740 3070 1815 κλέψαντα
3111 1740 3237 1803 τοὺς
3303 1740 3545 1803 πολλοὺς
3599 1741 3675 1803 είς
3721 1744 3818 1811 τὴν

2181 1826 2406 1904 α’ίρεσιν,
2456 1830 2530 1892 ὡς
2590 1830 2892 1905 ἐλλόγιμον
2953 1828 3135 1900 δῆθεν,
3186 1830 3474 1905 ἀναγκαῖον
3535 1829 3715 1903 ᾠήθη,
3767 1829 3819 1886 έν

431 1926 544 1981 sim
579 1940 745 1980 suam
776 1921 1031 1977 illexisse
1060 1921 1466 1992 perspiciebat,
1502 1919 1826 1975 necessario
1858 1918 1970 1974 sibi
1995 1920 2062 1975 fa-

2182 1918 2481 1993 Ἀριανζοῖς
2513 1919 2804 1994 ἡσυχάζων
2837 1920 2970 1992 μετὰ
3006 1920 3104 1987 νήν
3156 1919 3501 1996 ὑποστροφὴν
3548 1918 3638 1975 καί
3693 1939 3823 1995 σχο-

431 2014 703 2069 ciendum
736 2010 979 2082 putavit,
1034 2015 1097 2064 ut
1126 2009 1353 2063 Arianzi
1412 2013 1545 2080 post
1592 2009 2070 2064 reditum‘suum

424 2102 753 2173 quiescens,
782 2104 955 2169 atque
987 2098 1059 2152 ab
1090 2097 1364 2152 omnibus
1397 2096 1642 2168 negotiis
1677 2095 2070 2167 accupationi-

421 2192 651 2261 busque
663 2189 924 2254 feriatus,
947 2187 1234 2244 cudendis
1258 2187 1524 2243 versibus
1556 2188 1821 2242 animum
1844 2186 2069 2257 adjice-

422 2285 530 2336 ret.
558 2282 741 2349 Atque
770 2277 905 2332 hinc
938 2276 1237 2331 uberrima
1265 2275 1409 2330 mihi
1442 2274 1622 2347 hujus
1643 2274 1922 2331 orationis
1944 2292 2067 2332 ma-

417 2368 564 2424 teria
592 2365 833 2423 collecta
860 2369 970 2421 est.

490 2456 635 2512 Cum
659 2459 854 2511 autem
888 2451 1579 2524 nonnihiltemporisillic
1600 2450 1896 2508 solitarius
1919 2452 2068 2526 egis-

416 2552 524 2613 set,
582 2545 880 2613 vitamque
927 2540 1298 2612 philosophia
1358 2545 1690 2612 purgasset,
1745 2557 1811 2596 ac
1855 2542 2068 2613 majori

416 2628 893 2702 contemplationi
923 2628 1189 2684 animum
1220 2627 1630 2697 addixisset,in
1649 2632 1906 2685 extrema
1936 2635 2064 2686 tan-

416 2724 551 2777 dem
581 2723 879 2775 senectute
911 2717 1193 2772 caducam
1224 2716 1375 2772 hanc
1413 2720 1594 2772 vitam
1652 2733 1783 2772 cum
1840 2718 2065 2775 meliori

412 2815 471 2866 et
521 2806 850 2864 sublimiori
902 2821 1097 2860 rerum
1159 2808 1336 2872 statu,
1399 2806 1568 2873 cujus
1625 2805 1717 2860 hic
1752 2812 2065 2877 pertenues

410 2896 584 2954 etiam
617 2893 841 2965 species
871 2892 963 2947 vix
995 2892 1235 2963 reperiri
1293 2898 1530 2963 queant,
1563 2893 1932 2964 permutavit.
1966 2897 2062 2950 At-

407 3001 518 3057 que
548 2982 792 3039 ornandi
818 2980 1054 3052 quidem
1078 2980 1338 3053 Gregorii
1370 2997 1611 3036 munere
1633 2998 1736 3051 pro
1767 2981 2067 3039 virilimea

410 3076 752 3147 perfunctus
782 3076 1231 3142 sum,quantum
1254 3071 1326 3125 ad
1350 3071 1406 3125 id
1432 3071 1737 3139 attinebat,
1758 3077 1822 3127 ut
1843 3078 1899 3127 et
1932 3072 2059 3128 bon‘

408 3163 598 3220 Patris
627 3167 926 3227 eteorum,
952 3160 1052 3231 qui
1076 3160 1253 3214 vitam
1284 3157 1445 3215 illius
1476 3160 1676 3215 audire
1695 3162 2043 3232 gestiebant,

2182 2006 2285 2075 λήν
2334 2008 2477 2081 ἄγων
2513 2011 2644 2081 (37),
2678 2009 2763 2062 οἷα
2806 2009 3139 2085 πραγμάτων
3188 2007 3635 2083 ἀπηλλαγμένος,
3664 2030 3818 2079 τηνι-

2177 2092 2344 2149 καῦτα
2417 2098 2616 2171 γράψαι
2673 2096 2741 2150 τὰ
2814 2091 3078 2169 ἔμμετρα,
3137 2096 3254 2151 ὅθεν
3337 2118 3428 2171 μοι
3506 2097 3726 2173 εὕρηται
3780 2101 3816 2167 ἡ

2177 2182 2405 2254 πλείστη
2441 2183 2546 2255 ὕλη
2577 2182 2741 2255 τῆσδε
2769 2188 2870 2255 τῆς
2904 2185 3229 2247 ὑποθέσεως.

2246 2451 2502 2515 Ἐνταῦθα
2548 2452 2832 2527 ἠρεμήσας
2880 2450 3101 2527 χρόνον,
3131 2452 3221 2507 καὶ
3264 2450 3496 2528 καθάρας
3548 2453 3638 2508 τὸν
3692 2453 3808 2529 βίον

2176 2538 2489 2617 φιλοσοφίᾳ,
2541 2539 2830 2613 γενόμενός
2877 2561 2935 2594 τε
2976 2539 3027 2593 έν
3080 2539 3277 2615 θεωρίᾳ
3327 2539 3555 2613 μείζονι,
3601 2542 3811 2614 μετατί-

2175 2630 2317 2683 θεται
2374 2629 2472 2697 τὴν
2522 2626 2778 2703 ἐπίκηρον
2823 2626 2983 2699 τήνδε
3033 2629 3176 2698 ζωὴν
3210 2629 3261 2684 ἐν
3297 2629 3487 2704 βαθείᾳ
3524 2634 3593 2704 τῇ
3644 2627 3812 2701 πολιᾷ

2172 2717 2309 2791 πρὸς
2337 2718 2437 2786 τήν
2481 2714 2686 2790 ἀμείνω
2732 2717 2821 2771 καὶ
2871 2711 3210 2792 ὑψηλοτέραν
3269 2720 3609 2788 κατάστασιν,
3641 2721 3703 2788 ἦς
3733 2718 3813 2773 έν-

2172 2807 2339 2860 ταῦθα
2397 2804 2557 2878 μόλις
2787 2805 2844 2860 ἂν
2906 2806 3144 2881 εὑρεθείη
3215 2806 3306 2861 καὶ
3375 2807 3441 2861 τὰ
3508 2804 3811 2880 ἰνδάλματα

2176 2894 2332 2965 Ἐμοὶ
2363 2895 2456 2965 μὲν
2488 2894 2578 2947 οὖν
2611 2896 2725 2967 (39)
2758 2896 2857 2963 τῆς
2907 2893 2981 2955 είς
3028 2894 3186 2949 αὐτὸν
3232 2902 3399 2967 τιμῆς
3450 2895 3526 2957 εἷς
3585 2893 3805 2969 δύναμιν

2174 2980 2489 3059 ἀφωσίωται
2528 2982 2649 3036 ὅσον
2700 2982 2789 3036 τὸν
2838 2982 3002 3037 πόθον
3051 2982 3451 3058 ἀποπληρῶσαι
3499 2985 3705 3057 Πατρός
3752 3008 3811 3042 τε

2175 3070 2374 3146 ἀγαθοῦ
2416 3072 2505 3124 καὶ
2551 3076 2657 3125 τῶν
2705 3070 2771 3125 τὰ
2817 3069 3021 3126 ἐκείνου
3067 3071 3515 3143 ποθούντων,καὶ
3567 3072 3722 3141 ὥστε,
3755 3073 3805 3129 έν

2174 3158 2345 3234 ὀλίγῳ
2389 3158 2801 3237 συνειληφότας,
2851 3156 2993 3235 ἔχειν
3050 3161 3309 3235 βραχεῖάν
3372 3181 3491 3215 τινα
3543 3166 3640 3217 τοῦ
3688 3161 3807 3237 βίου

409 3253 560 3310 votis
589 3251 1010 3315 satisfacerem,
1042 3252 1217 3319 atque
1247 3251 1314 3303 ut
1343 3248 1611 3320 exiguam
1638 3250 1957 3320 quamdam
1978 3250 2057 3306 vi-

2179 3249 2498 3325 Ξιναγρσιφήν⁸
2556 3248 2625 3302 Τὸ
2678 3248 2781 3322 γὰρ
2858 3248 3063 3303 ἅπαντα
3135 3245 3524 3323 ἐκδιηγεῖσθαι,
3580 3250 3616 3318 ἢ
3670 3250 3803 3326 πρδς

412 3347 481 3398 tae
514 3339 966 3411 descriptionem
1008 3337 1257 3392 breviter
1305 3337 1784 3408 comprehensam
1818 3338 2056 3394 habere-

414 3447 570 3487 mus.
595 3429 738 3483 Nam
772 3441 976 3482 omnes
1005 3424 1167 3480 illius
1197 3424 1399 3480 laudes
1445 3425 1690 3497 vitaque
1716 3432 2059 3483 ornamenta

414 3532 722 3590 exponere,
755 3520 855 3570 aut
885 3530 988 3586 pro
1037 3513 1118 3567 rei
1163 3512 1447 3584 dignitate
1475 3518 1743 3582 tractare,
1773 3516 1916 3570 adeo
1946 3514 2056 3570 dif-

412 3606 565 3663 ficile
596 3608 769 3675 atque
796 3604 1044 3657 arduum
1078 3601 1272 3672 fuerit,
1307 3606 1371 3656 ut
1426 3602 1580 3657 haud
1633 3603 1752 3658 scio
1792 3620 1865 3658 an
1900 3604 2057 3674 quis-

414 3711 610 3767 quam,
640 3708 841 3749 eorum
872 3691 1047 3745 etiam
1078 3690 1178 3760 qui
1237 3706 1533 3745 summam
1560 3690 1903 3747 eruditionis
1933 3692 2055 3748 lau-

415 3786 548 3840 dem
569 3779 864 3838 consecuti
896 3784 1053 3843 sunt,
1078 3778 1187 3833 hoc
1216 3782 1491 3849 praestare
1542 3780 1750 3850 possit.
1780 3781 1865 3834 Tu
1896 3797 2052 3849 vero,

414 3873 579 3929 Pater
627 3872 809 3934 beate,
840 3870 1062 3938 verique
1108 3866 1270 3921 illius
1309 3867 1655 3922 tabernaculi
1675 3869 1718 3903 ¹⁹
1758 3868 2055 3939 inspector

410 3967 469 4019 et
495 3959 744 4025 conscie,
780 3957 879 4012 ubi
928 3956 1318 4012 exsultationi:
1372 3958 1425 4010 et
1481 3957 1676 4011 salutis
1697 3973 1806 4012 vox
1832 3958 1878 3995 ²⁰
1923 3958 2051 4015 lau-

409 4048 676 4105 dantium
708 4047 890 4102 Deum
914 4043 1260 4117 angelorum
1310 4044 1529 4116 pariter
1575 4062 1641 4101 ac
1688 4050 2046 4117 sanctorum,

407 4136 666 4207 Gregorii
698 4135 804 4201 tui,
837 4134 935 4205 qui
960 4134 1229 4204 exiguam
1279 4132 1430 4188 hanc
1472 4134 1901 4191 oratiunculam
1935 4135 2046 4192 ela-

402 4223 649 4291 boravit,
676 4238 899 4277 memor
927 4225 1072 4276 esto.
1098 4221 1374 4286 Quamvis
1403 4221 1557 4276 enim
1593 4222 1665 4278 ob
1692 4224 1902 4280 virium
1932 4224 2046 4281 im-

2167 3336 2335 3406 ἀξίαν,
2369 3335 2468 3390 οὐκ
2520 3333 2640 3390 οἶδα
2697 3334 2749 3390 εἶ’
2792 3357 2876 3397 τις
2923 3337 3012 3391 καὶ
3053 3340 3161 3390 τῶν
3207 3334 3338 3412 ἄγαν
3366 3336 3453 3391 ἐπὶ
3485 3337 3645 3416 σοφίᾳ
3686 3350 3804 3402 θαυ-

2172 3423 2491 3497 μαζομένων
2545 3431 2769 3494 ποιῆσαι
2829 3423 3117 3500 ἰσχύσειεψ
3154 3424 3216 3479 σὺ
3275 3423 3330 3480 δέ
3391 3448 3508 3499 μοι,
3541 3427 3585 3481 ὧ
3638 3429 3802 3500 μακά-

2168 3532 2248 3587 ριε
2307 3512 2500 3588 Πάτερ,
2551 3512 2637 3567 καὶ
2692 3520 2794 3583 τῆς
2869 3520 3067 3583 σκηνῆς
3123 3517 3222 3584 τῆς
3275 3514 3545 3585 ἀληθινῆς
3602 3515 3806 3573 έπόπτα

2163 3605 2252 3655 καί
2316 3600 2508 3675 μύστα,
2540 3599 2660 3665 ἔνθα
2727 3604 2876 3680 φωνὴ
2939 3601 3317 3678 ἀγαλλιάσεως
3367 3605 3454 3658 καὶ
3515 3606 3803 3681 σωτηρίας,

2165 3689 2475 3762 ὑμνούντων
2508 3691 2633 3746 Θεὸν
2667 3689 2907 3767 ἀγγέλων
2956 3711 3014 3746 τε
3060 3692 3148 3746 καὶ
3199 3692 3362 3768 ἁγίων
3390 3696 3523 3767 (40),
3560 3694 3805 3768 μέμνησο

2162 3778 2465 3854 Γρηγορίου
2520 3783 2617 3834 τοῦ
2670 3784 2785 3851 σοῦ,
2842 3778 3049 3855 βραχέα
3109 3801 3189 3841 ςοι
3230 3778 3357 3836 τάδε
3406 3780 3803 3862 φιλοσοφήσανο

2158 3889 2270 3929 τος.
2306 3867 2368 3922 Εἰ
2418 3868 2521 3944 γὰρ
2562 3867 2651 3922 καὶ
2683 3875 2782 3937 τῆς
2811 3866 3089 3941 δυνάμεως
3119 3866 3310 3924 ἐνδέων
3357 3872 3470 3941 (41)
3499 3878 3597 3941 τῆς
3655 3871 3801 3944 ἀξίας

2159 3955 2636 4030 ἀπολιμπάνομαι,
2667 3956 2763 4011 κπὶ
2812 3958 2923 4031 (42)
2954 3961 3119 4012 ταῦτα
3155 3956 3278 4033 περὶ
3328 3963 3426 4012 σοῦ
3455 3961 3568 4033 (43)
3600 3958 3797 4035 λέγων,

2158 4042 2284 4100 ἀλλ’
2315 4044 2375 4099 ού
2411 4040 2597 4118 μέμψῃ
2626 4048 2693 4118 τῇ
2746 4045 3043 4120 προθυμίᾳ.
3082 4046 3161 4113 Σή
3211 4044 3314 4121 γάρ
3365 4046 3505 4103 έστιν
3552 4047 3725 4119 ἐκείνη
3758 4052 3793 4120 ἠ

2155 4134 2274 4210 ἱερὰ
2340 4135 2633 4211 φωνὴ,καὶ
2690 4138 2805 4207 Θεῷ
2863 4132 3093 4210 λέγουσα
3149 4134 3306 4213 φίλον
3354 4135 3486 4191 εἶναι
3543 4139 3606 4192 τὸ
3661 4140 3792 4193 κατά

2156 4219 2381 4295 δύναμιν
2415 4224 2550 4296 (44).

400 4310 775 4371 hecillitatem
804 4308 1115 4365 virtutibus
1144 4310 1261 4365 tuis
1292 4325 1490 4381 parem
1523 4310 1844 4367 orationem
1895 4329 2010 4368 non
2065 4312 2381 4379 attulerim,
2425 4312 2601 4383 idque
2650 4312 2721 4367 de
2764 4316 2819 4367 te
2866 4313 3039 4367 verba
3090 4313 3345 4381 faciens;
3386 4315 3794 4386 promptitudi-

398 4417 533 4458 nem
565 4403 761 4455 tamen
808 4396 988 4452 animi
1038 4395 1495 4468 haudquaquam
1543 4399 1863 4457 accusabis.
1915 4400 2038 4458 Tua
2085 4401 2240 4457 enim
2288 4418 2393 4456 vox
2442 4399 2543 4457 illa
2583 4416 2748 4457 sacra
2791 4405 2896 4472 est,
2949 4401 3064 4457 Dco
3102 4401 3160 4457 id
3193 4407 3425 4475 gratum
3456 4420 3603 4473 esse,
3637 4406 3787 4476 quod

395 4490 619 4547 viribus
649 4485 979 4559 respondet.

467 4722 512 4757 ¹⁹
539 4719 709 4775 Hebr.
743 4735 860 4791 VIII,
881 4720 936 4774 2.
969 4718 1014 4753 ³ο
1046 4714 1194 4774 Psal.
1228 4732 1400 4787 cxvn,
1427 4715 1512 4774 15.

463 4954 918 5029 (33)AMo_ntac._et
938 4948 1196 5029 aliiedit.
1222 4949 1559 5029 sic‘volunt,
1583 4967 1686 5007 nec
1718 4968 1832 5008 non
1864 4952 2030 5010 codd.

389 5018 727 5087 PfetColb.
759 5026 813 5079 2.
848 5024 912 5077 In
944 5022 1079 5077 edit.
1112 5018 1464 5078 καταλέλιπε.

481 5099 570 5164 34)
598 5097 733 5152 Cod.
766 5096 825 5151 P.
851 5096 1064 5167 πρῶτον
1100 5092 1217 5167 μέν.

481 5099 570 5164 34)
598 5099 733 5152 Cod.
766 5099 825 5151 P.
851 5099 1064 5167 πρῶτον
1100 5099 1193 5162 μέν

458 5099 569 5239 (35)
592 5167 728 5223 Cod.
765 5167 823 5221 P.
849 5160 1091 5239 δεύτερον

460 5234 572 5310 (36)
602 5242 845 5294 Montao.
879 5241 936 5292 et
965 5234 1062 5292 alii
1094 5236 1231 5290 edit.
1292 5251 1357 5291 ac
1406 5235 1571 5291 codd.
1604 5234 1763 5294 Colb.
1793 5240 1848 5308 2,
1882 5246 1933 5294 et
1964 5238 2024 5294 P.

384 5311 685 5510 γρξὲῧνίῗέ
712 5380 961 5435 Montac.
997 5380 1053 5432 et
1100 5375 1197 5431 alii
1253 5377 1415 5458 edit_.,
1448 5394 1552 5433 nec
1597 5395 1711 5434 non
1742 5380 1909 5436 codd.
1937 5380 2021 5452 P.,

388 5455 465 5510 Co
493 5455 548 5509 b.
585 5454 608 5507 1
637 5456 693 5507 et
720 5454 776 5510 2,
800 5466 864 5505 ac
895 5448 1149 5505 Combef.
1186 5450 1248 5502 In
1283 5448 1421 5504 edit.
1456 5468 1600 5510 αγων
1633 5451 1814 5508 deest.

388 5448 608 5513 Golbﬁl
637 5456 693 5507 et
720 5454 776 5515 2,
800 5466 864 5505 ac
895 5448 1149 5505 Combef.
1186 5450 1248 5502 In
1283 5448 1421 5504 edit.
1456 5468 1600 5524 αγων
1633 5451 1814 5508 deest,

460 5525 575 5617 (38)
606 5522 782 5581 Codd.
807 5520 965 5577 Colb.
997 5520 1021 5574 4
1061 5523 1118 5576 et
1142 5522 1178 5573 2
1211 5516 1391 5596 μόγις.

2214 4950 2325 5022 (39)
2355 4951 2512 5007 Colb.
2550 4952 2575 5005 1
2607 4955 2663 5006 et
2699 4955 2854 5023 2A.,ac
2910 4951 3165 5011 Combef.
3198 4954 3416 5011 habent
3461 4954 3526 5009 τὰ
3553 4960 3654 5023 τῆς
3683 4952 3775 5015 εἷς,

2141 5019 2271 5077 Mox
2291 5019 2416 5077 cod.
2448 5023 2506 5077 Ρ.
2540 5023 2685 5093 κατὰ,
2712 5019 2955 5093 δύναμιν.

2213 5094 2490 5168 Δροᾴ.
2523 5095 2581 5149 Ρ.
2606 5092 2694 5168 καὶ
2728 5092 3047 5168 ἀνθρώπων.

2211 5161 2322 5236 (41)
2342 5161 2570 5219 Ἐνδέων
2603 5166 2767 5221 deest
2798 5161 2854 5221 in
2882 5168 3008 5223 cod.
3043 5171 3107 5221 P.

2206 5235 2321 5307 (42)
2352 5236 2507 5292 Orat.
2543 5237 2600 5291 in
2624 5236 2926 5293 Basilium.

2346 5307 2501 5364 Colb.
2531 5308 2586 5376 2,
2622 5306 2753 5382 ὑπὲρ
2801 5312 2914 5361 σοῦ.
2968 5309 3097 5365 Mox
3140 5309 3266 5366 cod.
3318 5309 3377 5365 P.
3436 5306 3561 5365 ἀλλ’
3592 5308 3680 5363 οὗν
3713 5307 3776 5366 ού

2182 5419 2202 5429 σ

2300 5422 2342 5450 ιι·

2203 5447 2319 5523 (44)
2347 5449 2480 5523 Cod.
2515 5450 2575 5506 P.
2609 5450 2790 5520 addit,
2817 5449 2900 5506 ὅτι
2933 5448 3078 5523 αὐτῷ
3105 5452 3141 5519 ἡ
3165 5447 3290 5521 δόξα
3321 5449 3395 5512 εἲς
3426 5450 3553 5516 τοὺς
3582 5451 3777 5514 αἰῶνας

2128 5522 2237 5574 τῶν
2270 5519 2501 5580 αἰώνων.
2531 5523 2728 5596 Ἀμήν.
