4152 6208
358 375 481 438 305

1228 366 1607 439 VETERUM
1649 375 1751 435 ET
1794 374 2361 438 RECENTIORUM
2407 374 2913 439 TESTIMONIA.

3654 371 3774 435 806

1090 657 1595 743 SELECTA
1658 656 2228 745 VETERUM
2304 655 3023 744 'PESTIMONIA.

1447 836 1524 896 IN
1573 836 1893 897 LAUDEM
1941 835 2223 896 SANCTI
2271 836 2667 896 GREGORII.

1714 1115 1821 1177 Ex
1849 1114 2079 1176 Basilio
2105 1114 2295 1195 (epist.
2328 1117 2413 1196 8).

419 1252 620 1310 Σκεῦος
651 1248 891 1323 ἐκλογῆς
940 1249 1028 1302 καὶ
1075 1250 1241 1326 φρέαρ
1300 1248 1453 1324 βαθό’
1506 1246 1649 1323 λέγω
1698 1244 1754 1303 δὲ
1798 1247 1862 1303 τὸ
1899 1252 1995 1303 τοῦ

2180 1253 2295 1305 Vas
2326 1250 2645 1321 electionis,
2670 1254 2725 1304 et
2756 1252 2966 1321 puteus
2999 1249 3348 1321 profundus,
3370 1266 3435 1305 os
3462 1249 3587 1305 dico
3608 1250 3764 1304 Chri'

341 1339 585 1414 Χριστοῦ
614 1336 793 1411 στόμα
825 1336 1146 1412 Γρηγόριον.

2110 1339 2184 1394 sti
2222 1338 2586 1411 Gregorium.

687 1465 796 1526 Ea:
823 1464 1217 1547 Hieronymo,
1253 1465 1555 1542 Catologo
1585 1465 1798 1543 script.
1834 1464 2083 1539 eccles.,
2127 1485 2187 1537 η,
2225 1482 2411 1536 cxvu,
2464 1474 2601 1523 tom.
2655 1466 2754 1536 IV,
2783 1474 2948 1542 part.
2966 1480 3033 1536 II,
3092 1482 3237 1543 pag.
3278 1464 3416 1523 126.

415 1571 748 1638 Gregorius,
783 1569 1040 1641 primum
1085 1569 1473 1635 Sasimorum,
1514 1570 1723 1624 deinde
1754 1569 1995 1624 Nazian-

346 1674 529 1714 zenus
577 1658 909 1729 episcopus,
956 1658 1045 1711 vir
1094 1658 1633 1728 eloquentissimus,
1684 1662 1999 1728 preceptor

345 1763 537 1811 meus,
573 1763 606 1801 a
634 1762 746 1817 quo
793 1746 1114 1817 scripturas
1162 1746 1509 1817 explanante
1559 1746 1757 1813 didici,
1792 1747 1863 1800 ad
1896 1746 1996 1799 tri-

343 1836 511 1907 ginta
540 1834 729 1890 millia
757 1850 1029 1889 versuum
1062 1834 1259 1889 omnia
1289 1851 1462 1905 opera
1511 1852 1619 1889 sua
1647 1836 1994 1905 composuit,

341 1942 376 1980 e
405 1924 624 1996 quibus
658 1921 757 1978 illa
787 1927 961 1977 sunt:
999 1924 1071 1977 De
1111 1930 1283 1977 morte
1324 1924 1518 1993 fratris
1570 1923 1833 1985 Ca’sarii;
1868 1921 1992 1997 Περὶ

342 2010 755 2088 φιλοπτωχίας·
809 2011 1015 2066 Laudes
1058 2011 1535 2073 Machabzorum;
1582 2012 1788 2067 Laudes
1834 2013 1997 2067 Atha-

341 2103 495 2156 nasii
510 2119 530 2161 ;
562 2099 778 2155 Laudes
808 2100 1037 2153 Maximi
1062 2099 1401 2170 philosOphi,
1443 2104 1572 2171 post
1600 2100 1869 2155 exsilium
1903 2118 1993 2156 re-

339 2190 517 2258 versi,
544 2204 719 2260 quem
764 2188 908 2243 falso
958 2189 1192 2242 nomine
1225 2188 1463 2259 quidam
1514 2189 1760 2244 Heronis
1790 2206 1994 2261 super-

344 2280 714 2350 scripserunt
740 2293 753 2331 :
789 2277 929 2347 quia
958 2281 1045 2331 est
1076 2281 1132 2332 et
1160 2277 1310 2332 alius
1333 2276 1481 2332 liber
1506 2277 1993 2349 vituperationem

345 2369 615 2439 ejusdem
634 2365 867 2421 Maximi
894 2365 1233 2434 continens;
1257 2366 1420 2435 quasi
1458 2382 1572 2421 non
1594 2365 1994 2421 licueriteum-

2110 1570 2237 1624 dem
2272 1574 2328 1624 et
2358 1568 2597 1623 laudare
2630 1574 2687 1624 et
2716 1569 3042 1639 vituperare
3075 1585 3175 1638 pro
3206 1572 3486 1638 tempore.
3521 1572 3588 1622 Et
3615 1566 3763 1623 liber

2108 1658 2441 1713 hexametro
2471 1674 2661 1722 versu,
2695 1658 3049 1728 virginitatis
3092 1662 3148 1711 et
3186 1657 3523 1727 nuptiarum
3556 1661 3759 1711 contra

2108 1763 2169 1802 se
2198 1747 2635 1802 disserentium.
2670 1747 2965 1801 Adversum
3008 1748 3337 1800 Eunomium
3387 1745 3531 1799 liber
3561 1762 3753 1814 unus;

2111 1838 2179 1891 De
2206 1838 2421 1903 Spiritu
2449 1844 2630 1890 sancto
2660 1834 2806 1891 liber
2836 1852 2990 1890 unus
3015 1852 3027 1901 ;
3052 1842 3237 1890 contra
3264 1835 3555 1890 lulianum
3584 1838 3758 1905 impe-

2104 1934 2345 1979 ratorem
2375 1923 2505 1977 libri
2539 1925 2673 1978 duo.
2710 1924 2957 1977 Secutus
3000 1928 3088 1977 est
3134 1927 3331 1977 autem
3385 1922 3754 1977 Polemonem

2104 2014 2334 2067 dicendi
2390 2016 2719 2067 caractere:
2773 2012 3016 2082 vivoque
3044 2028 3105 2065 se
3154 2012 3495 2082 episcopum
3544 2011 3600 2065 in
3636 2012 3759 2067 loco

2105 2118 2211 2157 suo
2260 2102 2561 2167 ordinans,
2614 2100 2729 2154 ruri
2783 2100 2960 2154 vitam
3011 2099 3279 2154 monachi
3322 2100 3596 2155 exercuit.
3644 2101 3757 2155 De-

2104 2191 2396 2261 cessitque
2428 2194 2560 2244 ante
2582 2190 2690 2243 hoc
2722 2190 2901 2243 ferme
2923 2188 3264 2259 triennium,
3292 2189 3401 2243 sub
3433 2188 3756 2245 Theodosio

2102 2278 2385 2351 pﬁndpe

1049 2488 1154 2549 Ex
1185 2490 1421 2568 Rufino.
1459 2490 1715 2570 Prologo
1745 2492 1806 2550 in
1838 2497 1996 2552 orat.
2026 2492 2327 2571 Gregorii,
2362 2511 2507 2573 quas
2535 2491 2744 2551 Latine
2773 2489 3053 2551 reddidit.

418 2598 754 2672 Gregorius,
806 2600 893 2653 vir
941 2615 1043 2670 per
1100 2598 1298 2653 omnia
1345 2596 1839 2670 incomparabilis,
1894 2598 1995 2669 qui

343 2690 522 2745 verbo
572 2694 630 2743 et
654 2688 931 2760 operibus
958 2687 1173 2755 clarus,
1202 2685 1749 2758 splendidissimum
1794 2686 1994 2743 lumen

344 2779 605 2835 scientiae
635 2777 848 2834 Christi
893 2774 1162 2831 Ecclesiis
1211 2775 1481 2846 praebuit,
1513 2776 1651 2830 dum
1693 2792 1760 2830 ea
1798 2776 1996 2831 docuit

341 2885 475 2940 qua
505 2866 659 2936 fecit,
688 2882 792 2921 nec
840 2865 1099 2937 seipsum
1149 2864 1558 2919 condemnavit
1604 2865 1827 2936 agendo
1859 2882 1995 2919 con-

339 2957 525 3013 traria
555 2972 731 3027 quam
782 2954 1042 3009 docebat.
1099 2955 1161 3008 Et
1200 2955 1391 3007 multis
1440 2955 1773 3025 interjectis:
1805 2955 1993 3025 Hujus

341 3061 536 3118 neque
563 3044 679 3099 vita
708 3042 930 3114 aliquid
978 3041 1340 3114 probabilius
1388 3046 1445 3097 et
1492 3042 1773 3109 sanctius,
1807 3060 1994 3114 neque

340 3132 681 3206 eloquentia
708 3131 925 3187 clarius
955 3137 1011 3185 et
1056 3131 1367 3195 illustrius,
1420 3147 1608 3202 neque
1647 3132 1757 3186 fide
1790 3131 1993 3203 purius

341 3230 401 3280 et
430 3222 667 3289 rectius,
701 3236 889 3290 neque
930 3219 1177 3274 scientia
1208 3218 1437 3289 plenius
1476 3224 1532 3273 et
1560 3220 1873 3291 perfectius
1903 3220 1992 3275 in-

2105 2599 2299 2655 venire
2329 2604 2540 2671 potest,
2573 2603 2767 2671 utpote
2798 2599 2895 2671 qui
2919 2598 3080 2655 solus
3106 2599 3183 2656 sit
3211 2600 3281 2655 de
3311 2601 3480 2671 cujus
3512 2602 3625 2656 ﬁde
3656 2619 3756 2657 ne-

2105 2687 2453 2743 dissidentes
2487 2688 2723 2759 quidem
2753 2688 2905 2742 inter
2932 2704 2993 2743 se
3010 2690 3100 2757 (ut
3130 2688 3253 2742 fieri
3286 2687 3455 2759 solet)
3486 2694 3678 2759 partes
3700 2695 3759 2745 et

2104 2776 2299 2831 studia
2328 2777 2628 2848 disputare
2661 2776 2991 2847 potuerint:
3028 2778 3125 2832 sed
3166 2777 3219 2831 id
3254 2776 3570 2832 obtinuerit
3600 2779 3755 2849 apud

2103 2865 2419 2920 Dominum
2451 2870 2507 2919 et
2529 2864 2813 2921 Ecclesiae
2846 2866 2943 2921 Dei
2969 2864 3181 2933 meriti,
3216 2870 3283 2920 ut
3304 2866 3639 2939 quicunque
3661 2884 3761 2922 au-

2103 2971 2205 3011 sus
2238 2954 2407 3009 fuerit
2436 2954 2715 3010 doctrinae
2744 2956 2871 3025 ejus
2901 2955 2961 3009 in
2989 2953 3185 3025 aliquo
3215 2955 3513 3026 refragari,
3550 2973 3618 3011 ex
3648 2956 3758 3012 hoo

2102 3044 2229 3115 ipso
2261 3045 2399 3114 quia
2429 3044 2554 3114 ipse
2584 3044 2771 3116 magis
2803 3043 2881 3099 sit
2910 3044 3214 3100 haereticus
3245 3049 3543 3116 arguatur.
3576 3046 3757 3101 Mani-

2102 3134 2316 3188 festum
2351 3149 2605 3203 namque
2633 3132 2917 3188 indicium
2958 3138 3065 3200 est,
3100 3150 3215 3189 non
3260 3150 3389 3189 esse
3420 3139 3588 3189 rectae
3620 3136 3756 3191 ﬁdei

2101 3221 2423 3285 hominem,
2455 3222 2557 3292 qui
2590 3221 2648 3275 in
2681 3222 2793 3277 fide
2824 3222 3099 3294 Gregorio
3132 3240 3247 3277 non
3278 3226 3611 3280 concordat.

1012 3345 1121 3405 Ex
1159 3344 1197 3404 7
1205 3344 1456 3405 heodoro
1491 3345 1753 3407 Studita.
1788 3347 1977 3408 lamb.
2003 3366 2192 3423 van,
2222 3367 2365 3429 pag.
2414 3349 2552 3421 766,
2579 3346 2721 3407 edit.
2755 3347 3086 3409 Sirmondi.

490 3455 735 3525 Βροντῶν
767 3451 833 3525 τὰ
861 3451 974 3504 Beia
1236 3453 1341 3525 τῷν
1371 3446 1683 3525 δογμάτων,

488 3517 742 3608 ’Ήχησας
772 3517 1065 3608 ὅντωςιτήν
1088 3517 1432 3595 ὑπουράνιον,
1450 3517 1667 3608 ξμάκαρ·

488 3591 787 3668 Καῖπάσας
816 3591 983 3668 ἀπρὶξ,
1009 3591 1260 3668 μῳράνας
1289 3594 1384 3654 τὰς
1415 3591 1668 3668 αἱρέσεις,

485 3666 587 3720 Τὸν
620 3664 827 3737 κόσμον
862 3663 1140 3739 ἐστήριξας
1172 3663 1221 3717 ἐν
1254 3669 1369 3724 τοῖς
1402 3663 1515 3725 σοῖς
1549 3664 1757 3739 λόγοις.

2022 3456 2070 3521 Β

2244 3454 2379 3521 Quae
2410 3458 2467 3509 tu
2495 3456 2705 3525 potenti
2732 3471 2854 3509 voce
2882 3455 3081 3526 [adisti
3104 3464 3296 3511 tonans

2245 3526 2505 3591 Oracula,
2538 3528 2733 3589 omnis,
2766 3526 2908 3596 dive,
2942 3527 3175 3582 mundus
3204 3527 3420 3582 audiit:

2242 3598 2632 3666 Perimensque
2659 3602 2878 3652 cunctas
2907 3599 3141 3655 haereses
3167 3600 3460 3668 radicitus,

2245 3668 2438 3723 Orbem
2467 3671 2783 3723 universum
2811 3685 2984 3725 sermo
3014 3671 3257 3739 ﬁrmavit
3288 3680 3431 3726 tuus.

1048 3790 1206 3850 Idem
1239 3788 1381 3849 ibid.
1410 3788 1811 3850 Antirrhetico
1843 3807 1887 3850 II
1917 3791 2215 3851 adversus
2244 3793 2712 3865 lconomachos,
2740 3812 2883 3872 pag.
2922 3794 3055 3853 123.

410 3894 512 3949 Καὶ
574 3892 639 3963 δὴ
701 3894 1041 3967 ἀκουσόμεθα
1095 3899 1200 3948 τῶν
1229 3895 1669 3971 κορυφαιοτάτων
1716 3894 1988 3970 ΙΙατὲρων,

341 3982 652 4060 Βρηγορίου
686 3983 779 4057 μὲν
803 3987 899 4038 τοῦ
930 3980 1226 4058 Θεολόγου.
1308 4026 1321 4039 .
1403 4026 1415 4039 .
1497 3980 1783 4038 Βασιλείου
1809 3981 1866 4037 δὲ
1893 3987 1990 4038 τοῦ

339 4071 621 4150 Μεγάλου.

924 4161 1018 4215 Ἐκ
1044 4164 1150 4214 τῶν
1188 4158 1408 4216 Σουίδα.

414 4265 768 4343 Γρηγόριος,
848 4271 1147 4336 Ναζιανζοῦ
1212 4266 1503 4328 ἐπίσκοπος
1580 4268 1858 4339 (σταθμὸς
1934 4265 1991 4322 δὲ.

340 4357 482 4412 ἐστιν
544 4356 702 4418 οὗτος
757 4352 1213 4427 Καππαδοκίας),
1273 4357 1407 4430 ἀνὴρ
1488 4353 1939 4430 ἐλλογιμώτατος
1974 4401 1988 4427 ,

338 4446 634 4521 ἀναγκαῖος
680 4443 838 4523 φίλος
886 4445 1168 4499 Βασιλείου
1220 4448 1317 4498 τοῦ
1365 4452 1465 4514 τῆς
1509 4444 1823 4521 Καισαρείας
1874 4445 1989 4500 ἐπι-

342 4534 570 4602 σκόπου,
601 4540 702 4602 τῆς
746 4533 795 4588 ἐν
848 4532 1220 4604 Καππαδοκίᾳ.
1272 4532 1439 4595 Οὗτος
1490 4533 1549 4588 οὐ
1603 4534 1766 4606 μόνον
1813 4555 1990 4609 γραμ-

2172 3898 2489 3953 Audiemus
2522 3904 2673 3954 certe
2704 3899 2862 3970 ipsos
2895 3899 3129 3954 Patrum
3160 3900 3512 3971 coryphaaos,
3538 3900 3756 3970 Grego-

2102 3987 2254 4041 rium
2277 3988 2659 4059 Theologum.
2691 4030 2700 4040 .
2726 4024 2741 4041 .
2773 4029 2783 4041 .
2814 4029 2825 4040 .
2854 4030 2865 4042 .
2890 3987 3173 4043 Basilium
3196 4004 3428 4060 quoque
3452 3988 3754 4061 Magnum.

2312 4166 2395 4218 Ex
2424 4163 2613 4231 Suida,
2641 4163 2830 4219 chic.
2865 4174 2996 4219 tom.
3029 4166 3072 4232 I,
3100 4181 3228 4236 pag.
3263 4165 3389 4221 196.

2172 4269 2505 4341 Gregorius,
2529 4269 2837 4341 episcOpus
2860 4270 3255 4325 Nazianzenus
3286 4271 3398 4342 (est
3420 4275 3613 4327 autem
3637 4271 3755 4326 Na-

2100 4357 2145 4412 zi
2158 4375 2337 4413 anzus
2350 4357 2520 4411 statio
2534 4358 3573 4429 Cappadociae),vireloquentissimus
3598 4376 3757 4415 sum-

2102 4464 2234 4501 mus
2265 4447 2490 4501 amicus
2522 4447 2717 4501 Basilii
2749 4446 3017 4501 Caesareae
3049 4446 3426 4518 Cappadocia:
3452 4448 3615 4503 urbis
3636 4448 3755 4519 epi-

2101 4535 2280 4606 scopi.
2308 4535 2409 4590 Hic
2434 4552 2547 4591 non
2581 4535 2751 4590 modo
2773 4536 3169 4607 grammaticae
3187 4536 3555 4608 poeticesque
3581 4537 3754 4593 laude

344 4623 572 4696 ματικὸς
616 4622 705 4676 καὶ
752 4622 819 4675 τὰ
867 4621 920 4683 ἐς
962 4622 1060 4689 τήν
1112 4621 1332 4691 ποίησιν
1378 4619 1569 4694 δεξιὸς,
1618 4619 1761 4675 ἀλλὰ
1792 4621 1989 4695 πολλῷ

2105 4624 2361 4688 llorebat,
2396 4624 2492 4679 sed
2529 4624 2711 4678 multo
2736 4626 2923 4695 magis
2946 4624 3373 4694 philos0phiam
3400 4625 3751 4693 excoluerat,

336 4711 532 4766 πλεῖον
583 4710 673 4763 καὶ
724 4710 797 4771 είς
847 4708 1169 4786 φιλοσοφίαν
1217 4709 1503 4782 ἰξῆσκητο,
1554 4709 1640 4765 καὶ
1692 4710 1874 4786 ῥήτωρ
1918 4713 1986 4780 ἦν

339 4796 680 4875 ἀμφιδέξιος.
732 4799 903 4860 Οὗτος
960 4796 1157 4873 ἔγραψε
1210 4796 1591 4873 καταλογάδην
1641 4797 1844 4856 πολλά.
1893 4800 1985 4862 Εἷς

337 4888 444 4961 γάρ
503 4891 647 4959 τρεῖς
708 4883 967 4961 μυριάδας
1034 4886 1238 4962 στίχων
1296 4886 1362 4940 τὰ
1420 4888 1766 4961 συντάγματα
1824 4888 1986 4942 αὖτοῦ

338 4977 625 5044 συνέθηκεν
662 4994 673 5006 ·
735 4975 822 5051 ἀφ’
876 4976 948 5029 ὧν
1005 4975 1104 5030 εἶσι
1164 4973 1332 5029 τάδε·
1390 4976 1519 5048 Περὶ
1576 4979 1673 5045 τῆς
1729 4976 1987 5047 τελευτῆς

333 5068 436 5119 τοῦ
484 5062 723 5139 ἀδελφοῦ
776 5064 1092 5137 Καισαρείου
1125 5112 1138 5135 ,
1192 5063 1475 5142 ἐπιτάφιος
1524 5065 1599 5126 εἰς
1652 5068 1741 5120 τὸν
1795 5066 1985 5121 ἑαυτοῦ

340 5154 567 5227 πατέρα,
597 5150 779 5227 ἕτερος
825 5152 900 5214 είς
949 5155 1045 5221 τὴν
1095 5151 1335 5229 ἀδελφὴν
1386 5154 1700 5228 Γοργονίαν,
1737 5155 1864 5229 Περὶ
1897 5178 1983 5233 φι-

337 5241 668 5317 λοπτωχίας
704 5288 716 5312 ,

338 5335 647 5407 Κυπριανοῦ
681 5378 694 5402 ,

336 5441 425 5481 νος
503 5420 809 5498 φιλοσόφου
861 5439 874 5451 ·

337 5510 496 5585 λόγοι
551 5507 669 5580 δύο,
729 5511 859 5585 Περὶ
915 5514 1013 5565 τοῦ
1070 5510 1229 5585 ἆγίου
1287 5510 1599 5583 Πνεῦματος
1667 5508 1833 5585 λόγος
1889 5512 1984 5584 εἷς,

336 5599 702 5675 πανηγυρικοὶ
759 5596 913 5675 λόγοι
974 5596 1118 5668 δέκα,
1177 5600 1266 5654 καὶ
1322 5596 1495 5675 ’ἑτεροι
1551 5597 1839 5674 πλεῖστοι,
1898 5601 1986 5656 καὶ

339 5693 470 5744 πᾶσι
518 5688 811 5766 γνώριμοι.
864 5688 1237 5760 Ἡκολούθησε
1284 5686 1340 5744 δὲ
1384 5692 1463 5744 τῶ
1510 5686 1843 5765 Πολέμωνος
1891 5710 1989 5765 χα-

774 5244 1025 5297 Ἕπαινοι
1102 5247 1206 5296 τῶν
1269 5238 1673 5311 Μακκαϐαίων,
1736 5245 1986 5298 Ἕταινοι

754 5336 1005 5386 Ἔπαινοι
1063 5331 1377 5385 Ἀθανασίου
1414 5379 1427 5404 ,

932 5422 1075 5475 Κατᾶ
1153 5420 1453 5476 Ἰουλιανοῦ
1541 5426 1638 5475 τοῦ
1720 5422 1984 5495 βασιλέως

1486 5338 1735 5386 Ἔπαινοι
1804 5335 1983 5407 Ἥρω-

2101 4718 2274 4784 atque
2304 4714 2361 4767 in
2394 4714 2647 4768 oratoria
2678 4713 2947 4768 facultate
2976 4713 3226 4784 insignis
3257 4718 3397 4768 erat.
3431 4714 3608 4769 Prosa
3628 4730 3751 4769 ora-

2099 4802 2254 4856 tione
2285 4802 2572 4871 permulta
2620 4802 2983 4872 conscripsit.
3033 4803 3116 4856 Ad
3150 4802 3391 4873 triginta
3436 4802 3592 4857 enim
3624 4818 3750 4857 ver-

2097 4906 2272 4945 suum
2306 4889 2487 4945 millia
2536 4906 2711 4962 Opera
2740 4906 2847 4943 sua
2895 4890 3211 4954 contexuit,
3254 4907 3321 4944 ex
3364 4891 3578 4961 quibus
3612 4893 3750 4945 sunt

2098 4979 2254 5045 hanc;
2290 4980 2361 5033 De
2406 4987 2577 5033 morte
2627 4978 2853 5033 Caesarii
2896 4980 3119 5048 fratris,
3172 4978 3433 5034 funebris
3472 4979 3657 5033 oratio
3687 4978 3747 5033 in

2096 5068 2253 5122 obitu
2290 5068 2490 5138 patris,
2525 5067 2706 5121 altera
2734 5067 2791 5119 in
2841 5068 3037 5122 funere
3068 5066 3366 5137 Gorgonim
3407 5067 3645 5137 sororis,
3676 5068 3750 5124 De

2094 5172 2399 5227 pauperum
2429 5172 2638 5220 amore,
2689 5156 2898 5211 Laudes
2946 5155 3403 5222 Machabeeorum,
3459 5156 3749 5227 Cypriani,

2095 5247 2407 5315 Athanasii,
2467 5247 2699 5300 Heronis
2758 5246 3085 5315 philosophi,
3138 5247 3401 5300 adversus
3457 5247 3750 5301 lulianum

2097 5337 2389 5389 orationes
2420 5336 2567 5401 duas,
2606 5335 2677 5388 De
2721 5333 2933 5403 Spiritu
2961 5338 3147 5389 sancto
3178 5334 3323 5389 liber
3365 5350 3539 5401 unus,
3571 5352 3747 5406 pane-

2097 5424 2301 5496 gyricaa
2333 5423 2624 5479 orationes
2655 5424 2874 5494 decem,
2909 5424 3147 5493 aliaeque
3176 5424 3504 5495 complures
3535 5441 3599 5478 ac
3625 5425 3748 5479 cui-

2095 5515 2185 5568 vis
2216 5519 2383 5567 notae.
2416 5515 2659 5567 Secutus
2691 5517 2779 5567 est
2808 5513 2863 5567 in
2898 5512 3189 5567 scribendi
3239 5528 3447 5583 genere
3478 5513 3747 5567 Polemo-

2097 5618 2227 5657 nem
2265 5602 2699 5667 Laodicensem,
2733 5602 2831 5673 qui
2864 5602 3122 5672 Smyrna)
3156 5600 3503 5656 rhetoricam
3527 5599 3742 5664 docuit,

2097 5697 2271 5763 atque
2305 5690 2577 5747 Aristidis
2623 5690 2870 5747 oratoris
2919 5696 3236 5762 praeceptor
3279 5688 3520 5745 exstitit.
3550 5687 3743 5743 Alium
