4152 6208
408 337 526 400 307

1264 333 1647 396 VETERUM
1694 335 1793 395 ET
1838 332 2404 396 RECENTIOBUM
2448 328 2958 394 TESTIMONIA.

3698 325 3815 389 308

403 483 641 539 quoque
673 469 983 522 tractatum
1017 464 1245 520 heroico
1280 464 1537 519 carmine
1568 464 1825 536 scripsit,
1858 465 1915 520 in
1946 483 2061 536 quo

2177 467 2405 538 ρακτῆρι
2487 466 2583 516 τοῦ
2670 459 2994 532 Λαοεικέως,
3080 463 3177 513 τοῦ
3250 456 3692 536 σοφιστεύσαντος
3763 458 3813 513 ἐν

401 556 801 627 virginitatem
822 557 878 609 et
906 553 1083 607 vitam
1107 552 1479 623 conjugatam
1502 568 1603 624 per
1624 569 1686 609 se
1709 554 2064 609 disserentes

402 642 652 707 inducit,
685 641 917 713 aliaque
948 640 1125 695 etiam
1159 646 1506 713 argumenta
1540 642 1700 697 omni
1732 641 2062 696 carminum

405 745 615 802 genere
645 728 981 801 complexus
1028 733 1139 796 est,
1189 746 1314 801 quas
1363 730 1602 800 quidem
1659 731 1730 784 ad
1770 744 2065 784 summam

409 818 722 887 subducta,
755 816 996 889 triginta
1024 834 1303 874 versuum
1345 817 1532 873 millia
1578 818 1913 873 coniiciunt.
1946 822 2064 873 Hu-

399 905 503 976 jus
533 922 704 977 porro
734 905 990 977 Gregorii
1026 906 1272 962 Arianus
1296 924 1528 978 quoque
1557 908 1984 978 Philostorgius
2008 907 2066 960 in

408 994 501 1049 sui
532 997 813 1066 temporis
843 995 1089 1050 historia
1137 996 1496 1051 mentionem
1543 997 1680 1051 iacit
1709 996 1801 1051 his
1835 995 2024 1051 verbis
2053 1002 2068 1040 ε

411 1104 441 1132 ‹‹
476 1083 555 1138 Ea
582 1086 930 1154 tempestate
961 1084 1274 1155 Gregorius
1306 1084 1363 1138 in
1400 1085 1545 1139 urbe
1573 1083 1936 1139 Nazianzena
1967 1083 2068 1137 ﬂo-

410 1170 579 1228 rebat
609 1174 719 1241 (est
740 1177 932 1228 autem
956 1172 1281 1227 Nazianzus
1327 1173 1503 1227 statio
1527 1171 1945 1244 Cappadociae),
1968 1172 2072 1227 Ba-

414 1259 585 1316 silius
617 1262 677 1316 in
709 1265 965 1317 Caesarea
994 1260 1365 1333 Cappadocia
1389 1261 1616 1328 urbe,et
1635 1259 2071 1332 Appollinarius

415 1349 476 1405 in
504 1350 782 1405 Laodicea
810 1350 1007 1423 Syria.
1040 1350 1108 1404 Hi
1139 1354 1256 1405 tres
1302 1349 1411 1403 viri
1461 1366 1561 1421 pro
1610 1349 1977 1416 homoousio,
2011 1349 2069 1404 id

413 1445 503 1496 est
523 1438 1034 1505 consubstantiali,
1057 1439 1336 1494 adversus
1358 1455 1455 1493 eos
1483 1437 1584 1510 qui
1606 1438 1730 1492 Filii
1754 1438 2069 1493 essentiam

410 1543 446 1583 a
479 1526 669 1584 Patris
699 1527 955 1584 essentia
995 1527 1283 1582 diversam
1315 1542 1443 1583 esse
1492 1527 1934 1598 proﬁtebantur,
1967 1528 2067 1582 de-

413 1616 738 1683 certabant,
772 1616 1056 1687 longeque
1101 1632 1304 1672 omnes
1352 1632 1453 1671 eos
1491 1614 1933 1681 antecellebant,
1967 1603 2067 1686 qui

411 1704 501 1763 vel
534 1705 697 1777 prius
728 1705 815 1760 vel
846 1710 996 1777 post,
1028 1706 1098 1784 ad
1126 1721 1315 1760 meam
1347 1721 1534 1776 usque
1563 1709 1793 1759 aetatem
1823 1703 2069 1774 hujusce

2174 549 2417 624 Σμύρνῃ,
2450 551 2508 611 ὃς
2562 549 2795 625 ἐγεγόνει
2846 544 3173 609 διδάσκαλος
3208 544 3543 621 ’Δριστείδου
3585 551 3683 601 τοῦ
3718 546 3818 623 ῥή-

2169 659 2349 713 τορος.
2387 639 2626 715 Ἐγράφη
2664 636 2721 692 δὶ
2770 636 2914 707 αὐτῴ
2962 636 3051 691 καὶ
3097 635 3251 710 ἑτέρα
3304 630 3496 710 βίϐλος
3536 632 3607 689 δι’
3637 634 3820 709 ἑξαμέ-

2172 748 2334 802 τρων,
2366 725 2655 799 παρθενίας
2704 726 2793 780 καὶ
2846 727 3028 799 γάμου
3073 725 3188 778 καθ’
3238 722 3459 785 ἒάυτοὺς
3502 721 3820 800 διαλεγομέ-

2175 836 2303 870 νων·
2338 816 2425 870 καὶ
2460 816 2534 876 εἷς
2585 816 2766 889 ἑτέρας
2818 812 3102 877 ὑποθέσεις
3153 811 3203 866 ἐν
3254 812 3533 873 παντοίοις
3564 811 3653 866 καὶ
3703 809 3819 867 δια-

2178 905 2367 982 φόροις
2422 906 2673 978 μέτροις,
2726 905 2879 957 ἅτινα
2927 904 3241 977 συνάγονατι
3288 901 3365 962 εἷς
3412 900 3556 955 ἐπῶν
3608 903 3823 974 μυριά-

2179 992 2271 1055 δας
2299 999 2466 1067 τρεῖς.
2498 997 2602 1047 Τοῦ
2636 991 2692 1047 δὲ
2726 992 3023 1068 Γρηγορίου
3071 990 3264 1045 τούτου
3308 990 3396 1044 καὶ
3428 988 3826 1066 Φιλοστόργιος

2181 1083 2208 1136 6
2249 1084 2520 1155 Ἀρειανὸς
2581 1081 2631 1136 ἐν
2680 1085 2749 1155 τῇ
2796 1082 2912 1135 κατ’
2957 1079 3116 1134 αὐτὸν
3174 1078 3387 1153 ἱστορίᾳ
3440 1081 3663 1151 μνήμην
3725 1100 3826 1134 πε-

2179 1170 2423 1239 ποίηται,
2481 1170 2571 1223 καί
2629 1189 2786 1245 φησι·
2831 1192 2859 1219 ‹‹
2920 1167 3224 1243 Γρηγόριος
3280 1167 3384 1242 γὰρ
3438 1164 3654 1239 ἤκμαζε
3708 1167 3827 1222 κατ’

2180 1257 2417 1320 ἐκείνους
2464 1258 2589 1320 τοὺς
2640 1257 2873 1333 χρόνους
2926 1256 2978 1311 ἐν
3023 1260 3091 1329 τῇ
3144 1259 3424 1327 Ναζιανζῷ
3472 1256 3732 1328 (σταθμὸς
3765 1252 3825 1311 δὲ

2180 1348 2337 1409 οὗτος
2397 1349 2425 1402 6
2498 1342 2663 1409 τόπος
2742 1344 3197 1417 Καππαδοκίας),
3258 1347 3346 1399 καί
3426 1343 3706 1408 Βασίλειος
3774 1343 3826 1399 ἐν

2180 1435 2468 1509 Καισαρείᾳ
2513 1443 2613 1505 τῆς
2676 1432 3086 1505 Καππαδοκίας,
3147 1434 3235 1488 καὶ
3290 1431 3708 1509 Ἀπολλινάριος
3769 1432 3823 1488 ἐν

2176 1528 2245 1599 τῇ
2295 1522 2583 1595 Λαοδικείᾳ
2626 1527 2725 1593 τῆς
2777 1523 2992 1598 Συρίας.
3040 1527 3193 1598 Τρεῖς
3248 1520 3313 1590 δὴ
3364 1522 3513 1576 οὗτοι
3563 1521 3684 1577 τότε
3732 1520 3825 1577 ἄν·

2178 1610 2299 1688 δρες
2331 1618 2427 1669 τοῦ
2458 1612 2749 1686 ὁμοουσίόυ
2798 1611 3156 1688 προύμάχουν
3202 1610 3339 1666 κατὰ
3364 1614 3462 1665 τοῦ
3494 1608 3823 1686 ἐτερουσίου,

2181 1706 2372 1778 μακρῷ
2445 1703 2645 1763 πάντας
2723 1700 3136 1777 παρενεγκόντες
3212 1698 3337 1761 τοὺς
3413 1699 3672 1775 πρότερον
3729 1699 3825 1755 καὶ

414 1798 586 1850 sectae
617 1793 1003 1866 patrocinium
1049 1796 1471 1865 susceperunt:
1505 1793 1646 1848 adeo
1689 1797 1751 1847 ut
1780 1808 1893 1864 pra
1925 1792 2076 1894 ipsis‘

2182 1790 2399 1863 ὕστερον
2455 1792 2616 1866 ἄχρις
2679 1789 2814 1863 ἐμοῦ
2869 1791 2967 1858 της
3025 1788 3191 1858 αὐτῆς
3252 1789 3508 1866 αἱρέσεως
3565 1787 3829 1861 προστάν-

414 1881 499 1939 illi
534 1887 781 1939 externae
820 1881 1094 1938 doctrinm
1144 1881 1613 1954 magnitudinem
1663 1885 1985 1945 evaserant,
2019 1868 2077 1936 et

413 1971 772 2028 Athanasius
788 1988 933 2044 puer
956 1976 1309 2042 senseretur,
1325 1987 1576 2041 namque
1592 1974 1681 2025 est
1699 1969 1757 2023 in
1773 1986 2070 2025 summam

414 2058 475 2114 in
511 2059 695 2115 sacris
727 2060 1066 2131 Scripturis,
1112 2063 1396 2130 quantum
1442 2060 1513 2113 ad
1553 2058 1857 2113 lectionem
1890 2062 1945 2113 et
1974 2074 2069 2113 ex-

413 2148 670 2219 peditam
703 2147 1047 2203 memoriam
1071 2148 1461 2220 conducebat,
1495 2164 1610 2202 non
1640 2145 1941 2218 vulgarem
1968 2164 2069 2202 ex-

411 2235 756 2308 perientiam
804 2236 1118 2304 habebant,
1180 2252 1246 2292 ac
1294 2236 1671 2308 potissimum
1730 2236 2065 2309 Gregorius-

409 2322 543 2380 Jam
573 2339 704 2380 vero
734 2325 795 2379 in
827 2341 932 2380 suo
958 2324 1207 2396 quisque
1237 2324 1531 2381 scribendi
1571 2340 1782 2397 genere
1812 2325 2067 2381 maxima

410 2411 687 2469 facultate
708 2414 985 2484 praeditus
1004 2418 1146 2468 erat.
1171 2412 1566 2484 Apollinarius
1589 2414 1804 2484 quippe
1830 2413 1888 2468 in
1912 2429 2066 2469 com-

411 2501 697 2556 mentario
726 2501 957 2557 dicendi
988 2517 1197 2572 genere
1248 2500 1629 2572 praecellebat.
1678 2502 1930 2557 Basilius
1962 2520 2065 2557 au-

410 2592 530 2644 tem
560 2589 621 2643 in
648 2588 994 2660 panegyrico
1020 2589 1327 2663 insigniter
1347 2590 1661 2645 eminebat.
1687 2596 1761 2644 At
1779 2607 1911 2645 vero
1932 2591 2064 2647 Gre-

414 2676 575 2748 gorio
606 2676 665 2732 in
711 2681 960 2748 utroque
1007 2678 1140 2734 licet
1188 2678 1521 2748 exercitato,
1572 2679 1645 2733 ad
1684 2679 2064 2750 conscriptio-

419 2781 553 2820 nem
582 2769 779 2821 tamen
811 2766 998 2838 magis
1021 2767 1296 2822 tendebat
1315 2768 1520 2823 oratio.
1542 2769 1730 2838 Atque
1762 2772 1825 2823 ut
1853 2767 2069 2839 Apolli-

421 2853 587 2909 nario
618 2854 677 2907 in
721 2854 967 2909 dicendo
1016 2856 1294 2927 grandior
1342 2872 1409 2911 ac
1457 2855 1702 2928 plenior,
1752 2856 1832 2912 ita
1862 2873 2067 2912 rursus

423 2940 637 2997 Basilio
689 2941 912 2998 ﬁrmior
966 2948 1107 2998 erat.
1158 2944 1423 3016 Cumque
1470 2949 1632 3000 tanta
1675 2961 1877 3000 eorum
1915 2949 2071 3001 esset

419 3032 549 3085 tum
583 3030 641 3084 in
669 3030 912 3087 dicendo
935 3036 1061 3086 tum
1082 3031 1143 3087 in
1167 3032 1473 3088 scribendo
1496 3033 1761 3103 facultas,
1786 3037 1912 3088 tum
1936 3049 2069 3089 vero

420 3118 506 3175 ita
555 3120 820 3175 moribus
868 3121 1188 3192 comparati
1220 3126 1405 3187 erant,
1453 3126 1519 3176 ut
1560 3121 1645 3178 vel
1678 3122 1800 3177 solo
1830 3126 2070 3195 aspectu

2178 1900 2294 1941 τας·
2331 1880 2405 1941 ὡς
2444 1876 2611 1934 παῖδα
2657 1880 2783 1955 παρ’
2831 1878 3013 1939 αὐτοῖς
3061 1878 3308 1953 κριθῆναι
3355 1878 3445 1931 τὸν
3482 1878 3827 1935 Ἀθανάσιον.

2178 1973 2285 2037 Τῆς
2342 1988 2400 2022 τε
2460 1970 2561 2044 γὰρ
2638 1966 2826 2039 ἔξωθεν
2905 1965 3252 2039 καλουμένης
3322 1962 3656 2027 παιδεύσεως
3710 1964 3828 2019 ἐπι-

2177 2055 2434 2111 πλεῖστον
2477 2056 2627 2110 οὗτοι
2675 2054 3165 2129 προεληλύθεισαν,
3211 2052 3301 2108 καί
3346 2058 3453 2108 τῶν
3492 2054 3653 2128 ἱερῶν
3686 2059 3825 2127 Γρα-

2178 2149 2314 2221 φῶν,
2364 2144 2536 2199 ὁπόσα
2584 2144 2659 2207 εἷς
2708 2143 3007 2220 ἀνάγνωσιν
3054 2142 3143 2198 καὶ
3190 2143 3287 2211 τὴν
3338 2141 3637 2217 πρόχειρον
3690 2144 3827 2215 μνή-

2180 2255 2285 2307 μην
2319 2232 2511 2305 ἐτέλει,
2542 2232 2760 2302 πολλὴν
2794 2233 2946 2308 εἶχον
2975 2233 3074 2301 τήν
3103 2228 3404 2307 ἐμπειρίαν,
3443 2230 3531 2285 καὶ
3586 2228 3827 2303 μάλιστά

2174 2344 2237 2397 γε
2293 2322 2467 2378 αὐτῶν
2521 2323 2549 2377 6
2606 2322 2904 2398 Γρηγόριος
2939 2364 2952 2379 .
3012 2320 3110 2375 Καὶ
3180 2321 3285 2393 μὴν
3345 2320 3434 2375 καὶ
3492 2320 3823 2396 συγγράφειν

2170 2408 2392 2473 ἕκαστος
2435 2411 2608 2467 αὐτῶν
2660 2410 2735 2472 εἷς
2782 2412 2873 2465 τὸν
2914 2409 3076 2465 αὐτοῦ
3122 2409 3321 2485 τρόπον
3354 2411 3419 2478 ἦν
3459 2408 3817 2470 ἱκανώτατος.

2171 2505 2258 2571 Τῷ
2316 2500 2408 2573 μέν
2469 2522 2528 2576 γε
2584 2498 2993 2575 Ἀπολλιναρίῳ
3047 2499 3109 2554 τὸ
3164 2499 3611 2571 ὑπομνηματικὸν
3670 2493 3815 2558 εἶδος

2170 2596 2272 2658 τῆς
2331 2588 2524 2658 λέξεως
2585 2593 2774 2662 μακρῷ
2835 2585 3023 2663 ἄριστα
3076 2587 3207 2662 εἶχε
3270 2585 3549 2647 Βασίλειος
3608 2582 3665 2640 δὲ
3712 2605 3819 2639 πα-

2172 2678 2451 2753 νηγυρίσαι
2502 2676 2886 2752 λαμπρότατος
2934 2678 3023 2745 ἦν’
3072 2680 3150 2747 τῷ
3200 2672 3257 2730 δέ
3294 2693 3357 2749 γέ
3388 2674 3695 2750 Γρηγορίῳ,
3728 2672 3822 2728 καὶ

2174 2767 2299 2841 παρ’
2346 2766 2676 2842 ἀμφοτέροις
2729 2765 3111 2837 ἐξεταζομένῳ,
3165 2763 3331 2837 μέίζω
3382 2762 3532 2838 βάσιν
3586 2762 3659 2825 εἷς
3692 2783 3821 2837 συγ-

2174 2855 2384 2931 γραφήν
2432 2854 2574 2928 εἶχεν
2623 2854 2650 2908 6
2694 2852 2880 2928 λόγοςέ
2932 2853 3029 2906 Καὶ
3076 2856 3142 2921 ἦν
3182 2853 3348 2906 εἰπεῖν
3398 2849 3825 2925 Ἀπολλιναρίου

2182 2944 2274 3016 μὲν
2336 2940 2641 3015 άδρότερος,
2693 2940 2982 2998 Βασιλείου
3041 2939 3097 2996 δὲ
3155 2940 3571 3016 σταθερώτερος.
3627 2937 3833 2994 Τοσαύ-

2176 3052 2277 3101 της
2326 3029 2383 3086 δὲ
2430 3031 2611 3093 αὐτοῖς
2660 3031 2711 3085 ἐν
2758 3036 2836 3102 τῷ
2884 3029 3062 3105 λέγειν
3122 3029 3209 3084 καὶ
3268 3028 3488 3106 γράφειν
3541 3026 3828 3101 δυνάμεως

2181 3119 2369 3192 οὔσης,
2401 3119 2491 3174 καὶ
2519 3121 2582 3175 τὸ
2611 3122 2741 3189 ἦθος
2793 3117 2946 3174 οὐδὲν
2996 3120 3157 3188 ἧττον
3187 3120 3238 3173 οἱ
3278 3114 3465 3191 ἄνδρες
3495 3116 3827 3193 παρείχοντο

421 3207 730 3279 plerosque
761 3209 832 3263 ad
878 3226 941 3265 se
988 3208 1219 3265 allicere
1267 3208 1543 3265 facillime
1571 3215 1831 3282 possent.
1866 3211 2069 3283 Itaque

2181 3211 2316 3283 πρὸς
2371 3210 2471 3278 τήν
2527 3212 2634 3262 τῶν
2694 3206 2920 3262 πολλῶν
2978 3206 3097 3261 θέαν
3156 3204 3607 3280 ἐπαγωγότατον.
3664 3206 3832 3258 "Qa-ce

416 3295 630 3367 partim
686 3296 812 3368 ipso
862 3297 1098 3365 intuitu,
1148 3298 1360 3369 partim
1410 3299 1802 3369 sermonibus,
1850 3300 2062 3371 partim

418 3383 593 3440 editis
611 3383 1123 3442 lucubrationibus
1137 3388 1208 3441 ad
1223 3403 1361 3442 suas
1373 3392 1568 3458 partes
1582 3388 1739 3443 fami]
1750 3388 2065 3444 iaritatem-

413 3488 531 3544 que
563 3489 731 3529 suam
765 3490 864 3529 eos
893 3474 1329 3545 pertrahebant,
1361 3477 1456 3545 qui
1508 3476 1706 3547 aliqua
1735 3476 1941 3532 harum
1975 3494 2063 3533 re-

410 3577 543 3616 rum
577 3561 807 3618 facilius
839 3564 965 3634 capi
998 3568 1287 3634 poterant.
1310 3564 1442 3621 Haec
1472 3566 1543 3621 de
1572 3565 1691 3622 illis
1722 3567 1907 3621 obiter
1933 3566 2064 3621 Phi-

408 3648 750 3722 lostorgius,
783 3651 951 3723 isque
982 3653 1249 3720 Arianus,
1275 3642 1488 3709 litteris
1508 3656 1828 3710 mandavit.
1853 3655 2060 3710 Adhuc

408 3755 581 3811 porro
612 3745 912 3810 superstes
942 3741 1276 3813 Gregorius,
1306 3743 1620 3813 subrogato
1648 3743 1760 3798 sibi
1783 3745 1841 3797 in
1871 3743 2061 3800 Eccle-

410 3827 499 3883 sia
541 3827 905 3884 Nazianzena
950 3829 1241 3901 episcopo,
1286 3831 1409 3885 ruri
1452 3832 1632 3887 vitam
1674 3832 2060 3888 monasticam

409 3916 546 3989 egit.
578 3919 767 3988 Atque
798 3918 869 3973 ad
912 3919 1232 3991 nonaginta
1261 3936 1444 3975 annos
1470 3926 1528 3975 et
1557 3921 1711 3977 ultra
1740 3927 1906 3977 astate
1933 3939 2063 3994 pro-

408 4010 629 4072 vectus,
680 4006 1005 4063 Theodosio
1056 4007 1344 4063 decimum
1395 4010 1632 4065 tertium
1681 4011 1909 4082 imperii
1950 4029 2060 4067 an-

406 4110 552 4148 num
585 4099 810 4165 agente,
861 4096 1038 4151 vitam
1088 4114 1222 4151 cum
1272 4102 1457 4154 morte
1503 4102 1903 4170 commutavit,
1949 4102 2058 4157 hoc

410 4196 596 4234 unum
628 4179 937 4253 indignum
967 4184 1182 4240 virtute
1204 4202 1312 4241 sua
1337 4202 1566 4257 passus,
1591 4188 1745 4257 quod
1779 4187 2060 4260 principis

410 4265 575 4321 urbis
625 4267 901 4323 cathedra
949 4271 1231 4342 expulsus
1278 4277 1389 4340 est,
1439 4274 1808 4345 improbique
1865 4275 2060 4346 potius

409 4353 575 4411 electi
629 4360 787 4426 sunt,
836 4372 1014 4427 quam
1061 4359 1159 4429 qui
1208 4360 1419 4417 virtute
1467 4377 1532 4417 ac
1575 4362 1702 4418 vita:
1752 4362 2059 4435 splendore

410 4458 617 4500 omnes
647 4443 924 4499 anteibat.

2173 3297 2262 3352 καὶ
2294 3299 2374 3359 οἷς
2408 3297 2680 3373 ἑωρῶντο,
2712 3297 2801 3350 καὶ
2852 3298 2934 3358 οἷς
2977 3293 3165 3369 ἔλεγον
3198 3294 3287 3348 καὶ
3333 3293 3503 3348 ὁπόσα
3528 3293 3828 3370 γράφοντες

2174 3384 2494 3451 διεδίδοσαν,
2550 3386 2638 3440 διὰ
2684 3384 2897 3440 πάντων
2948 3383 3113 3460 ᾕρουν
3144 3384 3219 3445 είς
3261 3384 3358 3451 τὴν
3389 3383 3590 3437 ἑαυτῶν
3622 3402 3826 3436 κοινω-

2172 3474 2284 3529 νίαν
2316 3474 2443 3536 τοὺς
2474 3476 2592 3539 καθ’
2639 3476 2818 3529 ὁτιοῦν
2868 3472 3041 3528 αὐτῶν
3090 3472 3477 3547 εὐμαρέστερον
3508 3468 3819 3525 ἁλίσκεσθαι

2174 3561 2522 3637 δυναμένους.
2566 3568 2807 3618 Τοσαῦτα
2855 3562 2977 3637 περὶ
3031 3561 3202 3616 αὐτῶν
3262 3562 3338 3622 ὡς
3388 3559 3437 3613 ἐν
3486 3556 3822 3634 παραδρομῇ

2174 3652 2573 3726 Φιλοστόργιος
2606 3697 2622 3723 ,
2671 3651 2760 3706 καὶ
2816 3656 2984 3706 ταῦτα
3040 3650 3314 3724 Ἀρειανὸς
3372 3646 3485 3717 ὢν,
3543 3645 3768 3723 ἔγραψεν
3802 3688 3820 3705 .

2173 3744 2291 3798 Ἔτι
2333 3745 2461 3815 γοῦν
2493 3742 2694 3814 περιὼν
2728 3740 2802 3802 εἰς
2851 3740 2941 3794 τὸν
2994 3740 3191 3793 οῖκεῖον
3238 3738 3402 3792 τόπον
3436 3737 3464 3791 6
3497 3736 3825 3812 Γρηγόριος,

2173 3829 2461 3884 ἐπίσκοπον
2502 3830 2838 3898 καταστήσας
2886 3827 2937 3881 ἐν
2984 3831 3051 3901 τῇ
3098 3824 3347 3902 λαχούσῃ
3393 3824 3551 3880 αὐτὸν
3584 3823 3825 3893 Ἐκκλη-

2173 3919 2281 3989 σίᾳ,
2314 3918 2472 3979 αὐτὸς
2521 3918 2572 3971 ἐν
2618 3918 2767 3993 ἀγρῷ
2795 3938 2897 3970 τινι
2936 3915 3050 3991 βίον
3108 3908 3396 3987 μοναδικὸν
3456 3912 3823 3988 ἀπηνέγκατο.

2174 4006 2401 4069 Ἐλάσας
2453 4004 2510 4061 δὲ
2554 4006 2678 4081 περὶ
2735 4004 2802 4060 τὰ
2862 4005 3203 4074 ἐννενήκοντα
3250 4001 3341 4071 ἔτη
3370 4058 3374 4063 ,
3401 4001 3489 4056 καὶ
3536 4001 3782 4057 ἐπέκεινα
3811 4031 3828 4059 ι

2172 4093 2461 4152 Θεοδοσίου
2490 4095 2670 4169 τρίτον
2718 4093 2808 4148 καὶ
2859 4090 3077 4147 δέκατον
3127 4090 3248 4154 ἔτος
3278 4089 3531 4165 ἄγοντος,
3569 4088 3835 4145 καταλόει

2168 4187 2259 4239 τὸν
2300 4183 2437 4259 βίον,
2470 4184 2678 4253 ἀνάξιον
2704 4180 2865 4237 τοῦτο
2893 4188 2993 4250 τῆς
3043 4179 3206 4235 αὐτοῦ
3256 4181 3440 4234 παθῶν
3486 4178 3704 4255 ἀρετῆς,
3736 4178 3834 4232 καὶ

2169 4277 2265 4341 τῆς
2308 4270 2568 4347 καθέδρας
2620 4272 3058 4345 ἀποκρουσθῆναι
3104 4276 3203 4339 τῆς
3269 4266 3664 4344 βασιλευούσης
3712 4271 3831 4321 τῶν

2170 4360 2409 4432 πόλεων,
2462 4361 2552 4415 καὶ
2599 4367 2959 4435 προκριθῆναι
3015 4356 3228 4431 μᾶλλον
3261 4358 3388 4419 τοὺς
3433 4355 3829 4434 φαυλοτέρους,

2171 4454 2205 4521 ἢ
2232 4451 2322 4506 τὸν
2357 4449 2439 4504 ἐπ’
2470 4449 2634 4526 ἀρετῇ
2667 4449 2758 4503 καὶ
2789 4446 3139 4522 λαμπρότητι
3195 4445 3316 4522 βίου
3365 4446 3581 4503 πάντων
3613 4443 3827 4519 μᾶλλον

2172 4538 2528 4617 ὑπερέχοντα.

1678 4708 1788 4769 Ea:
1817 4709 2091 4775 Sz'meone
2120 4712 2542 4795 Metaphrasts.

484 4839 733 4911 Magnus
791 4840 886 4895 hic
934 4840 1248 4911 Gregorius
1306 4840 1635 4914 Theologus
1702 4826 1901 4898 vitam
1940 4846 2066 4917 ipse
2094 4856 2142 4921 D
2176 4863 2274 4904 eos
2304 4846 2403 4919 qui
2439 4845 2685 4902 actionis
2707 4845 2881 4901 laude
2905 4844 3213 4909 florebant,
3238 4844 3597 4914 superasset,
3620 4855 3685 4896 eo
3707 4857 3838 4896 rur-

409 4943 576 4983 suam
600 4929 867 5001 exposuit
888 4930 943 4982 in
971 4929 1042 4983 iis
1067 4930 1412 4986 funebribus
1434 4931 1818 5002 orationibus,
1848 4934 2065 5004 quibus

406 5016 687 5072 Basilium
720 5018 1022 5089 Magnum,
1067 5020 1409 5092 Gregorium
1458 5024 1703 5091 patrem,
1749 5023 2063 5078 Caesarium

403 5105 667 5175 fratrem,
700 5111 757 5160 et
786 5107 1138 5177 Gorgoniam
1186 5125 1447 5164 sororem
1489 5113 1678 5164 ornat.
1713 5112 1791 5164 Ac
1820 5112 2064 5182 proinde

409 5193 511 5265 qui
533 5193 711 5249 vitam
729 5193 888 5249 illius
908 5197 1403 5268 conscripserunt,
1420 5214 1533 5252 non
1553 5197 1978 5271 aliundequam
1997 5218 2065 5257 ex

408 5281 598 5352 ipsius
629 5283 903 5355 operibus
953 5285 1182 5341 dicendi
1233 5291 1642 5357 argumentum
1693 5295 2060 5361 acceperunt.

410 5370 529 5425 Hoc
573 5386 756 5426 unum
807 5373 1135 5428 necessario
1184 5374 1515 5443 dicendum,
1569 5377 1724 5447 quod
1774 5377 2062 5450 siquidem

412 5459 564 5530 apud
601 5457 867 5515 homines
898 5461 1170 5517 exsistere
1192 5478 1427 5517 necesse
1451 5468 1575 5519 erat
1596 5465 1849 5537 effigiem
1874 5484 2063 5537 quan-

415 5549 551 5605 dam
583 5553 634 5605 et
668 5549 1023 5606 calumniam
1050 5567 1115 5607 ex
1142 5554 1417 5609 omnibus
1446 5554 1759 5611 virtutibus
1791 5561 2063 5613 constan-

418 5640 558 5710 tem,
591 5637 700 5696 hoc
730 5643 855 5696 erat
883 5638 1215 5712 Gregorius.
1249 5641 1395 5697 Nam
1426 5658 1561 5703 eum
1598 5644 1727 5700 vita;
1754 5645 2065 5717 splendore

2177 4953 2279 4992 sus
2308 4933 2820 5007 contemplationis
2870 4948 3216 5006 progressus
3264 4935 3372 4998 est,
3425 4934 3491 4985 ut
3516 4945 3721 4985 omnes
3748 4928 3841 4984 illi

2179 5023 2477 5096 sapientiae
2534 5022 2925 5093 doctrinisque
2982 5021 3157 5076 laude
3214 5020 3509 5085 cederent,
3555 5022 3675 5074 tam
3705 5018 3840 5088 ejus

2176 5131 2302 5185 qute
2332 5112 2392 5167 in
2426 5112 2618 5167 verbis
2649 5127 2823 5184 quam
2859 5127 2986 5182 quae
3037 5109 3097 5165 in
3132 5108 3265 5164 fidei
3307 5108 3681 5179 dogmatibus
3708 5124 3842 5163 ver-

2176 5207 2363 5259 satur.
2398 5201 2560 5257 Unde
2592 5201 2766 5255 etiam
2799 5199 3077 5271 Theologi
3099 5201 3555 5271 cognomentum
3590 5197 3839 5267 adeptus

2172 5295 2279 5347 est.
2313 5292 2605 5355 Quantum
2660 5294 2857 5345 autem
2901 5290 2970 5344 ad
3022 5287 3281 5357 corporis
3326 5287 3573 5340 formam
3606 5284 3837 5353 attinet,

2174 5384 2398 5436 statura
2431 5378 2708 5435 mediocri
2739 5382 2883 5446 erat,
2917 5376 3173 5450 pallidus
3220 5374 3677 5447 aliquantulum,
3711 5368 3833 5433 non

2173 5473 2367 5524 tamen
2404 5470 2549 5523 citra
2579 5471 2964 5537 venustatem,
3000 5467 3273 5537 depresso
3297 5480 3461 5533 naso,
3495 5460 3829 5533 superciliis

2174 5559 2229 5613 in
2265 5562 2486 5614 rectum
2512 5556 2823 5629 protensis,
2856 5558 3095 5627 aspectu
3121 5551 3336 5609 blando
3357 5557 3415 5608 et
3435 5550 3619 5623 suavi,
3643 5548 3822 5609 altero

2172 5645 2358 5719 oculo,
2392 5662 2601 5718 nempe
2629 5647 2850 5714 dextro,
2887 5642 3209 5715 subtristis,
3243 5657 3417 5716 quem
3459 5641 3637 5699 etiam
3667 5639 3823 5698 cica-
