4152 6208
268 294 281 305 ’
333 320 459 380 309
1200 323 1579 388 VETEBUM
1624 323 1726 385 ET
1772 324 2339 385 RECENTIOHUM
2383 323 2892 387 TESTIMONIA.
3631 318 3750 383 sio

332 453 456 508 trix
504 454 775 525 quaedam
822 455 1219 524 contrahebat,
1272 456 1454 513 barba
1501 474 1616 513 non
1675 456 1986 529 promissa,
2020 456 2073 523 Α
2106 455 2301 511 calvus
2329 457 2474 528 erat)
2525 456 2688 513 albos
2739 458 2929 513 crines
2980 455 3248 525 habebat,
3302 469 3564 509 summas
3610 455 3748 511 item

334 542 526 596 densa
557 546 780 598 tamen.
814 545 936 611 Qua
965 549 1129 617 parte
1150 545 1346 600 calvus
1370 562 1483 602 non
1502 550 1625 602 erat
1657 546 1818 617 (nam
1852 546 1990 601 sub-
2102 543 2295 599 barbae
2328 550 2521 616 partes
2550 547 2707 601 velut
2739 547 2898 601 fumo
2930 545 3151 600 obsitas
3182 544 3544 600 ostendebat.

792 671 992 732 Conon
1021 672 1090 732 de
1119 682 1318 733 sancto
1350 673 1601 746 Basilio,
1635 673 1798 753 apud
1822 670 2107 733 Bolland.
2142 671 2417 751 Append.
2452 672 2533 732 ad
2558 682 2696 732 tom.
2732 672 2799 733 ΙΙ
2820 673 3013 745 Junii,
3046 671 3153 732 ode
3197 689 3304 731 v11.

412 776 478 828 Ὦ
523 774 799 847 σύμπνοια
854 780 949 829 νοῦ
1005 777 1125 851 ἱερά
1170 797 1229 831 τε
1275 776 1527 852 ξυνωρὶς,
1576 780 1611 847 ἡ
1664 776 1841 849 ὥσπερ
1897 778 1990 849 μία

2174 778 2217 833 Ο
2250 778 2555 833 consensio
2586 779 2916 833 animorum
2963 784 3020 833 et
3058 782 3259 834 sancta
3306 778 3587 833 societas!
3632 794 3747 849 qua

335 864 494 938 ψυχὴ
530 862 580 917 ἒν
616 862 733 918 δυσὶ
784 865 1025 937 σώμασιν
1079 863 1401 941 ἀδιαίρετος,
1437 866 1486 920 ἐν
1540 866 1831 941 Γρηγορίῳ
1882 873 1985 921 Βα-

2100 867 2258 921 velut
2281 884 2433 921 unus
2450 872 2505 921 et
2525 866 2864 921 individuus
2889 866 2946 922 in
2970 867 3201 939 gemino
3227 883 3465 938 corpore
3498 867 3746 938 spiritus

335 951 564 1023 σίλειος,
597 952 755 1025 πόθῳ
799 954 961 1024 Θεῖκῷ
1010 954 1366 1027 συνημμένοι,
1419 955 1470 1008 ἐν
1523 953 1791 1027 Βασιλείῳ
1844 962 1989 1029 Γρη⁴

2100 956 2157 1010 in
2182 956 2456 1026 Gregorio
2480 954 2730 1010 Basilius
2758 955 2951 1010 divino
2974 972 3174 1010 amore
3200 955 3419 1019 unitus,
3443 955 3502 1010 in
3529 954 3745 1011 Basilio

329 1039 543 1113 γόριος·
596 1038 689 1095 νῦν
750 1040 1051 1097 ὶχετεύσανε
1109 1042 1337 1117 Χριστὸν
1393 1044 1524 1119 ὑπὲρ
1578 1050 1678 1113 τῆς
1747 1042 1987 1117 ποίμνης

2099 1044 2412 1115 Gregorius
2444 1044 2571 1099 fuit.
2605 1046 2777 1100 Orate
2816 1059 2973 1099 nunc
3005 1060 3107 1115 pro
3138 1060 3310 1116 grege
3354 1048 3552 1099 nostro
3584 1043 3747 1100 Chri-

327 1130 363 1198 ἡ
386 1134 528 1202 μῶν.

2098 1138 2277 1190 stum.

404 1381 499 1457 [Iis
546 1381 858 1457 subnectere
910 1382 1202 1457 potuissem
1258 1385 1573 1457 testimonia
1621 1385 1899 1457 Haimonis
1954 1384 2437 1457 Halberstatensis,
2487 1400 2603 1457 cap.
2668 1384 2717 1451 4,
2771 1384 2869 1438 lib.
2905 1399 2939 1437 x
2972 1382 3186 1457 Hister.
3222 1378 3485 1457 _E_c_cles.;
3546 1379 3751 1457 ᾼάονξίε

344 1451 1031 1528 Kiennensisepiscopiin
1062 1453 1325 1528 Cbronic_.
1359 1459 1515 1510 aetate
1541 1464 1730 1518 sexta;
1763 1455 1993 1528 Goﬂridi
2044 1457 2245 1511 Viterb.
2285 1451 2574 1528 _Chronic.
2595 1464 2750 1525 parte
2779 1466 2959 1523 sexta,
2993 1456 3090 1508 ubi
3118 1452 3181 1507 de
3207 1453 3433 1528 Iuliano
3466 1451 3632 1528 verba
3660 1452 3749 1528 fa-

326 1524 631 1599 cit_;_Peti;i
660 1522 1052 1599 deJVatalibus
1086 1528 1141 1599 in
1174 1525 1437 1599 catalogo
1470 1522 1957 1599 sanctorumﬁiib.
1992 1544 2055 1594 II,
2088 1544 2205 1596 cap.
2238 1526 2343 1587 69;
2369 1529 2523 1599 Petri
2547 1522 2769 1599 Crini'ti,
2806 1528 2903 1580 tib.
2935 1542 3039 1599 vn,
3064 1542 3183 1599 cap.
3222 1525 3272 1589 1,
3304 1522 3639 1599 De_honest_.
3668 1522 3750 1599 dij

329 1594 503 1666 scipl.
532 1611 545 1648 :
584 1597 869 1650 Trithemzi
900 1596 979 1650 De
1010 1595 1275 1666 scriptor.
1310 1593 1669 1665 ecclesiast;
1706 1600 2008 1665 Mantuani,
2044 1593 2159 1654 libﬁ
2184 1615 2222 1662 1,
2255 1599 2398 1653 Fast.
2432 1598 2693 1651 Sahellici
2724 1597 2990 1651 Enneade
3020 1598 3073 1661 7,
3109 1593 3203 1649 lib.
3248 1612 3322 1649 ιχ.
3374 1594 3477 1648 Sed
3525 1595 3656 1663 quia
3686 1593 3748 1647 Ιιὶ

329 1680 522 1741 omnes
542 1682 650 1721 non
672 1666 897 1741 aliunde
922 1668 1151 1721 haurire
1177 1677 1495 1737 potuerunt,
1528 1685 1690 1741 quam
1718 1685 1787 1724 ea:
1815 1672 1899 1724 his
1946 1686 2075 1741 quos
2122 1686 2289 1739 supra
2340 1670 2650 1737 citavimus,
2682 1667 2845 1722 nulla
2892 1668 3035 1721 mihi
3079 1683 3246 1721 causa
3275 1666 3393 1719 visa
3424 1668 3746 1741 estquam-

330 1738 520 1811 qbrem
551 1737 793 1792 eamdem
822 1741 1080 1794 cramben
1112 1735 1273 1793 toties
1304 1742 1408 1794 tibi
1436 1735 1797 1795 obtruderem.
1832 1735 2009 1808 Quare
2039 1742 2127 1795 hic
2154 1735 2319 1811 ﬁnem
2350 1735 2646 1811 imponam,
2679 1755 2789 1793 non
2836 1744 3018 1793 tamen
3062 1744 3195 1811 ante
3223 1754 3385 1807 quam
3418 1735 3746 1811 Pselli‘Cyri

331 1808 510 1882 Graeci
538 1811 820 1882 scriptoris
850 1812 1194 1882 epigramma
1223 1811 1287 1866 de
1316 1811 1661 1867 Nazianzeno
1686 1807 1871 1867 nostro
1905 1814 2101 1867 Latine
2147 1807 2437 1882 utcunque
2453 1811 2766 1878 reddidero,
2798 1826 2863 1864 ac
2890 1810 3167 1865 coronidis
3199 1811 3331 1879 vice,
3366 1809 3558 1879 magni
3589 1807 3744 1862 illius

325 1880 556 1935 Erasmi
582 1880 647 1936 de
674 1882 865 1937 eodem
889 1881 1155 1950 judicium
1189 1898 1501 1953 apposuero.

1596 2106 1907 2170 PSELLI
1944 2106 2479 2170 EPIGRAMMA.

2013 2226 2061 2290 B
2092 2222 2445 2279 Christicolas
2466 2222 2737 2278 columen
2771 2222 3043 2277 defensor
3072 2220 3322 2276 maxime
3352 2219 3579 2292 gentis;

2158 2317 2457 2369 Stentoreo
2490 2312 2722 2367 Triadis
2754 2328 2971 2367 numen
3004 2310 3062 2365 in
3095 2326 3192 2365 ore
3225 2310 3436 2366 ferens.

327 2220 552 2276 Divinas
586 2220 803 2292 sophia
836 2222 1014 2276 decus
1045 2221 1374 2278 immortale
1406 2240 1689 2279 canamus

404 2309 770 2380 Gregorium,
802 2309 987 2381 viguit
1018 2327 1130 2383 quo
1163 2327 1309 2365 nova
1347 2316 1529 2367 Roma
1559 2313 1724 2368 duce.

322 2396 576 2453 Viribus
607 2397 820 2469 eloquii
850 2398 1055 2469 valuit,
1083 2398 1413 2471 linguasque
1442 2401 1669 2455 disertae
1694 2418 1707 2456 :

400 2485 713 2542 Mellifluos
742 2487 897 2542 dulci
932 2488 1174 2559 protulit
1205 2505 1304 2544 ore
1334 2506 1528 2545 sonos.

321 2575 589 2631 Maxima
613 2574 741 2629 laus
771 2575 830 2629 in
856 2592 922 2630 eo
954 2575 1229 2631 doctrinae
1260 2576 1567 2649 utriusque
1593 2577 1839 2645 refulsit,

397 2664 528 2719 Sive
556 2665 799 2736 profana
830 2664 973 2720 velis
1003 2666 1300 2737 dogmata,
1335 2665 1453 2721 sive
1487 2683 1671 2723 sacra.

322 2756 371 2810 Ο
402 2753 563 2809 salve
594 2753 847 2824 conjunx
877 2753 1221 2809 charissima
1251 2754 1625 2827 virginitatis,

393 2843 535 2905 Quae
564 2842 729 2913 prius
754 2843 812 2897 in
845 2859 1079 2899 summo
1110 2844 1372 2911 numine,
1406 2844 1614 2900 deinde
1646 2845 1840 2901 choris

316 2931 644 3004 Angelicis,
678 2931 956 3003 purisque
987 2932 1293 2987 hominum
1326 2933 1724 3005 complexibus
1756 2933 1970 2990 haeret:

392 3020 761 3092 Assidueque
791 3025 958 3075 tuum
991 3018 1121 3076 laeta
1147 3021 1337 3078 cubile
1370 3022 1537 3078 fovet.

2089 2402 2377 2457 Haereticie
2411 2401 2566 2457 salve
2598 2400 2807 2456 manias
2836 2399 3164 2455 certissima
3185 2399 3387 2469 pestis,

2156 2492 2280 2556 Qua
2302 2488 2476 2545 simul
2511 2488 2774 2560 oppressi
2810 2488 2962 2557 Lybs
2994 2487 3349 2557 Macedoque
3381 2486 3620 2540 cadunt.

2086 2579 2335 2647 Quaeque
2356 2579 2555 2632 Arium
2589 2576 3034 2648 perimis,cujus
3061 2574 3438 2631 sanctissima
3471 2574 3736 2645 primum

2156 2667 2431 2723 Horribili
2463 2684 2529 2723 ac
2561 2668 2751 2739 stygio
2784 2670 2941 2722 secta
2971 2666 3163 2721 furore
3193 2664 3381 2720 Trlas.
3621 2664 3734 2737 [est

2086 2756 2251 2812 Salve
2283 2756 2558 2811 doctrinae
2591 2756 2877 2823 Antistes,
2908 2759 3083 2825 atque
3113 2754 3288 2809 unica
3309 2770 3448 2809 cura

2156 2845 2472 2911 Pieridum,
2498 2844 2712 2915 eloquii
2744 2843 3178 2914 rhetoricesque
3210 2842 3409 2897 decus.

2084 2933 2338 2989 Saltator
2369 2932 2593 3005 lugens,
2618 2932 2848 2988 Triadis
2870 2932 2969 3003 qui
3003 2930 3243 2986 numine
3274 2930 3482 3002 plenus

2155 3022 2311 3078 Hanc
2341 3038 2571 3093 quoque
2600 3020 2907 3092 terrigenis
2939 3019 3215 3075 omnibus
3245 3017 3555 3091 eloqueris.

995 3269 1331 3331 ERASMI
1371 3269 1495 3332 DE
1543 3270 1967 3334 GREGORIO

2076 3269 2592 3333 ΑΖΙΑΝΖΕΝΟ
2630 3268 3057 3332 JUDIC'IUM.

1166 3375 1367 3455 Epist.
1395 3376 1660 3456 praeﬁxa
1689 3376 1831 3437 edit.
1871 3376 2121 3439 Claudii
2147 3375 2542 3449 Chevallonii,
2574 3395 2674 3436 an.
2711 3377 2887 3436 1532.

395 3508 453 3561 In
484 3506 764 3577 Gregorio
812 3506 1169 3562 Nazianzeno
1212 3507 1398 3580 pietas
1440 3510 1865 3580 propemodum
1896 3527 1965 3565 ex
2001 3512 2043 3577 C
2086 3509 2361 3577 modavit,
2395 3525 2579 3580 eoque
2611 3508 2795 3562 fusior
2826 3511 2934 3569 est.
2974 3523 3039 3561 ac
3082 3506 3436 3579 simplicior;
3471 3512 3526 3563 et
3558 3507 3616 3563 in
3645 3508 3731 3564 lo-

315 3612 485 3666 aequo
510 3599 693 3651 certat
723 3612 853 3650 cum
886 3597 1195 3664 facundia;
1231 3598 1331 3653 sed
1383 3594 1541 3653 amat
1571 3598 1967 3669 significantes

314 3682 758 3754 argutias,quas
780 3699 845 3737 eo
869 3683 1169 3738 difficilius
1191 3688 1279 3739 est
1312 3684 1512 3739 Latine
1545 3685 1966 3756 reddere,quod

310 3770 605 3842 pleraeque
644 3776 783 3826 sunt
827 3772 882 3825 in
929 3772 1121 3827 verbis
1173 3772 1317 3827 sitas.
1359 3772 1503 3827 Tota
1553 3788 1684 3827 vero
1736 3774 1967 3844 phrasis

308 3859 580 3915 nonnihil
616 3860 839 3915 accedit
874 3861 942 3914 ad
979 3866 1337 3917 structuram
1381 3862 1775 3917 lsocraticam.
1814 3863 1967 3917 Adde

306 3949 464 4019 quod
498 3948 571 4003 de
600 3949 775 4004 rebus
806 3949 1040 4019 divinis,
1074 3966 1200 4021 qua:
1231 3950 1323 4005 vix
1354 3949 1489 4005 ullis
1527 3950 1713 4006 verbis
1758 3951 1963 4005 huma-

302 4038 401 4092 nis
431 4036 711 4109 explicari
745 4042 1010 4109 possunt,
1044 4038 1294 4094 libenter
1314 4056 1379 4094 ac
1406 4039 1742 4111 frequenter
1774 4040 1963 4111 philo-

304 4127 614 4197 sophatur.
660 4128 859 4183 Frater
893 4127 1074 4199 hujus
1131 4129 1383 4184 Basilius
1433 4130 1597 4184 suavi
1627 4130 1877 4200 quodam
1910 4133 1966 4184 et

306 4218 647 4271 inaﬂ‘ectato
674 4215 949 4272 dictionis
986 4217 1167 4282 fluxu,
1200 4223 1257 4271 et
1282 4217 1579 4288 pietatem,
1604 4224 1660 4273 et
1689 4219 1964 4274 eruditio-

305 4322 460 4373 nem,
496 4311 556 4361 et
590 4322 859 4373 acumen,
893 4305 1082 4360 sicubi
1115 4322 1206 4361 res
1240 4306 1518 4377 postulat,
1552 4311 1608 4361 et
1637 4307 1963 4379 perspicui-

307 4398 510 4460 tatem,
539 4399 598 4448 et
622 4394 1085 4464 jucunditatem,
1110 4400 1165 4449 et
1189 4395 1238 4449 si
1270 4411 1447 4465 quam
1480 4394 1654 4449 aliam
1688 4396 1961 4450 virtutem

304 4482 369 4537 in
406 4488 640 4537 oratore
667 4481 999 4538 Christiano
1031 4484 1350 4554 quisquam
1393 4484 1725 4539 desiderare
1758 4484 1962 4556 possit,

308 4570 742 4642 complectitur.
770 4571 1025 4627 Joannes
1056 4571 1508 4643 Chrysostomus
1538 4571 1737 4627 Basilii
1758 4589 1961 4643 quem-

307 4660 631 4715 admodum
663 4659 722 4713 in
754 4658 991 4727 litteris,
1021 4661 1105 4716 sic
1137 4660 1313 4715 etiam
1341 4660 1400 4715 in
1453 4662 1811 4732 professione
1836 4662 1962 4717 sin-

303 4748 549 4804 cerioris
579 4747 707 4803 vitae
740 4750 957 4816 socius,
992 4753 1165 4821 atque
1196 4754 1287 4816 (ut
1315 4749 1395 4804 ita
1432 4749 1661 4821 loquar)
1691 4749 1958 4817 Achates,

300 4836 597 4908 quidquid
621 4836 739 4892 fere
761 4836 1010 4907 scripsit,
1032 4837 1102 4891 ad
1123 4836 1463 4908 popularem
1484 4843 1721 4910 captum
1743 4854 1961 4894 accom-

2079 3599 2163 3653 cis
2194 3598 2608 3654 communibus
2641 3596 2880 3667 spatiari
2913 3596 3138 3663 maluit,
3164 3613 3341 3667 quam
3366 3596 3422 3650 in
3459 3596 3732 3651 difficilli-

2079 3687 2191 3741 mis
2223 3686 2438 3741 versari
2461 3685 2902 3757 quaestionibus.
2940 3685 3055 3739 Hoc
3086 3684 3423 3739 triumviros
3447 3702 3563 3739 una
3592 3685 3730 3740 tulit

2076 3780 2215 3830 aetas
2246 3776 2398 3846 apud
2433 3774 2679 3842 Graecos,
2714 3775 2931 3844 pietate
2960 3789 3147 3843 pares,
3175 3789 3278 3826 nec
3307 3773 3577 3842 dispares
3597 3789 3724 3827 eru-

2077 3864 2317 3928 ditione,
2350 3864 2449 3918 sed
2483 3863 2756 3917 dictionis
2788 3866 3084 3916 caractere
3115 3860 3455 3915 dissimiles.
3490 3863 3646 3923 Quos
3670 3861 3720 3916 si

2076 3968 2204 4007 cum
2226 3952 2440 4006 nostris
2466 3951 2725 4006 conferre
2748 3948 2908 4004 velis.
2933 3948 3387 4020 Chrysostomus
3407 3966 3521 4003 non
3543 3949 3722 4004 dissi-

2076 4040 2233 4096 milis
2279 4048 2367 4095 est
2414 4040 2761 4110 Augustino,
2813 4038 3130 4109 Gregorius
3175 4036 3505 4104 Ambrosio,
3539 4038 3637 4109 qui
3673 4038 3723 4093 si

2075 4130 2266 4185 Graece
2299 4129 2649 4199 scripsisset,
2677 4127 2998 4199 plurimum
3031 4124 3246 4197 negotii
3273 4126 3481 4181 fuisset
3511 4126 3727 4182 exhibi-

2073 4223 2242 4273 turus
2274 4217 2593 4289 interpreti.
2629 4219 2806 4282 Quem
2869 4215 3079 4269 Basilio
3124 4214 3414 4269 conferam
3463 4216 3724 4271 nondum

2074 4307 2322 4371 invenio,
2376 4306 2487 4360 nisi
2541 4305 2589 4361 si
2640 4306 2771 4375 quis
2816 4304 3250 4375 Scripturarum
3306 4303 3724 4375 cognitionem,

2074 4413 2249 4466 quam
2276 4394 2480 4449 habuit
2513 4395 2922 4465 Hieronymus,
2950 4409 3083 4447 cum
3107 4392 3387 4447 Lactantii
3411 4391 3561 4447 felici
3586 4393 3723 4448 faci-

2073 4483 2237 4539 litate
2264 4482 2511 4554 copulet.
2539 4486 2623 4537 Me
2650 4487 2802 4536 certe
2833 4499 2866 4535 a
2896 4481 3171 4536 vertendo
3195 4481 3469 4551 Gregorio
3492 4497 3725 4553 semper

2072 4573 2355 4627 deterruit
2383 4571 2652 4625 dictionis
2685 4570 2935 4641 argutia,
2967 4574 3023 4623 et
3054 4585 3250 4623 rerum
3282 4568 3644 4634 sublimitas,
3667 4572 3724 4625 et

2073 4660 2390 4715 allusiones
2437 4660 2833 4714 subobscuras.
2887 4659 3024 4712 Eam
3083 4657 3439 4729 provinciam
3506 4657 3719 4712 eximio

2073 4750 2325 4820 quodam
2359 4748 2592 4819 pietatis
2620 4747 2824 4801 ardore
2851 4745 2960 4803 sibi
2991 4744 3245 4817 sumpsit
3270 4744 3592 4801 Bilibaldus
3623 4762 3719 4801 no-

2073 4842 2212 4906 ster,
2250 4837 2340 4893 cui
2374 4840 2431 4892 et
2461 4837 2815 4891 immortuus
2847 4840 2953 4890 est.

662 4988 779 5061 Qui
807 4987 971 5070 apud
1010 4998 1221 5050 veteres
1251 4999 1517 5050 auctores
1546 4988 1923 5051 Nazianzeni
1965 4993 2343 5130 mlemmerint
2370 5009 2444 5049 ea:
2475 4988 2749 5069 illiusque
2777 4988 3013 5068 scriptis
3045 4988 3375 5048 testimonia

1832 5080 2009 5130 nrotu
2037 5074 2213 5130 erint.

1827 5074 2213 5151 protulerint.

374 5193 476 5249 Vix
506 5191 669 5248 ullus
701 5192 760 5249 in
791 5196 914 5249 tota
943 5193 1162 5249 Graecia
1197 5194 1447 5266 scriptor
1474 5196 1718 5262 exstitit,
1752 5197 1821 5251 de
1870 5212 1961 5253 ec-
1996 5199 2042 5262 D
2074 5195 2176 5263 vit,
2225 5199 2289 5249 ut
2334 5195 2543 5249 bonam
2598 5196 2822 5265 partem
2882 5191 3165 5247 librorum
3220 5180 3461 5246 suorum
3511 5193 3581 5247 de
3614 5192 3727 5247 fide

299 5281 652 5337 cleaiasticis
682 5280 911 5354 loquor,
940 5282 1041 5354 qui
1076 5301 1189 5338 non
1224 5283 1711 5355 perhonoriﬁcam
1744 5286 1960 5357 Grego-

296 5371 371 5425 rii
402 5370 770 5427 mentionem
823 5371 1045 5441 fecerit,
1096 5389 1166 5428 ex
1214 5373 1519 5445 ipsiusque
1570 5374 1848 5446 Operibus
1882 5380 1965 5430 te-

298 5459 583 5515 stimonia
616 5459 968 5532 produxerit.
1021 5460 1423 5518 Damascenus
1466 5467 1621 5519 certe
1668 5480 1784 5519 non
1829 5480 1965 5519 con-

326 5553 504 5605 entus
557 5549 787 5621 scripta
840 5567 948 5605 sua
989 5549 1177 5621 ipsius
1224 5553 1565 5607 auctoritate
1605 5569 1966 5625 saepenume-

302 5650 368 5693 ro
398 5638 793 5705 conﬁrmare,
825 5638 1116 5694 sexcentis
1168 5637 1312 5695 locis
1352 5640 1433 5696 ita
1488 5656 1624 5697 eum
1684 5640 1971 5713 compila-

2075 5283 2405 5340 Orthodoxa
2435 5299 2502 5337 ex
2522 5283 2649 5353 ejus
2672 5280 2836 5337 libris
2861 5281 3176 5348 consuerit,
3202 5285 3355 5336 totas
3380 5281 3727 5352 plerumque

2077 5372 2345 5445 periodos
2377 5370 2556 5426 nullis
2586 5371 2778 5425 verbis
2808 5370 3137 5425 immutatis
3170 5370 3229 5424 in
3279 5368 3579 5425 volumina
3619 5387 3729 5426 sua

2076 5463 2453 5517 transferens.
2483 5460 2540 5514 Id
2561 5460 2713 5531 quod
2742 5459 3040 5532 productis
3063 5459 3417 5529 quibusdam
3444 5458 3583 5515 locis
3603 5458 3728 5531 pla-

2079 5568 2221 5605 num
2256 5552 2438 5605 facere
2466 5549 2906 5619 constitueram,
2944 5548 3001 5602 ni
3042 5548 3095 5602 id
3139 5548 3251 5620 ipsi
3290 5552 3409 5603 tam
3452 5550 3724 5619 frequens

2079 5655 2207 5696 esse
2236 5638 2676 5711 comperissem,
2708 5642 2772 5693 ut
2804 5636 2994 5709 prima
3033 5637 3221 5696 fronte
3264 5637 3484 5696 furtum
3516 5636 3721 5707 depre-
