4152 6208
417 287 532 351 311

1279 281 1655 346 VETEBUM
1700 282 1800 342 ET
1843 281 2402 345 RECENTIORUM
2447 281 2951 346 TESTIMONIA.

3704 282 3821 344 312

420 421 600 477 hendi
633 423 849 493 posset.
870 418 1016 482 Quid
1040 420 1110 473 de
1133 418 1496 473 Theodoreto
1519 416 1840 487 dicam,qui
1873 417 2060 487 ipsam
2093 416 2148 482 Α
2178 416 2406 471 Christo
2439 416 2603 485 illud,
2637 420 2692 473 et
2720 417 2778 471 in
2800 417 3060 473 Ecclesia
3080 417 3493 488 interpretans,
3520 433 3634 472 non
3662 416 3824 472 ssita

428 525 663 582 quoque
678 507 931 577 theologi
952 506 1213 578 phrasim
1228 505 1545 562 affectavit?
1562 505 2067 571 Quemadmodum
2176 510 2490 571 asserat,ut
2513 506 2830 562 testimonii
2854 506 3187 578 postulabat
3209 505 3823 578 dignitas,sxpressis-

428 615 497 655 ex
527 597 697 653 unico
727 596 913 667 capite
946 594 1079 649 libri
1113 594 1304 665 quarti
1336 597 1531 651 Haeret.
1555 594 1872 664 fabularum
1902 610 2067 664 aper-

427 687 656 743 tissime
680 684 883 756 liquet,
910 683 1009 740 ubi
1033 700 1100 738 ex
1124 684 1298 739 variis
1319 683 1575 754 Gregorii
1600 681 1831 754 scriptis
1862 681 2072 737 oratio-

429 790 564 831 nem
587 789 755 828 suam
775 771 1523 829 concinnavit.BeNestorio
1539 770 2070 840 enimloquens(45)

429 859 646 931 1Ἄλλην
681 859 730 930 ἐξ
763 856 939 928 ἄλλης
973 854 1215 932 ἀμείϐων
1262 859 1471 934 χώραν,
1501 859 1739 932 καθάπερ
1773 857 2070 932 Δί’γυπτια-

431 951 500 1021 κή
532 969 613 1011 τις
656 948 865 1022 μάστιξ,
898 951 965 1022 τῇ
1019 947 1231 1023 μεγάλῃ
1276 951 1383 1001 τῶν
1438 949 1764 1022 Ἀντιοχέων
1815 945 2071 1019 ἐνέσκηψε

434 1038 612 1095 πόλιν
651 1037 701 1093 έν
729 1036 894 1111 ταύτῃ
925 1035 1106 1111 λόγων
1155 1035 1471 1113 ἐλευθερίων
1518 1036 1747 1111 μετρίως
1803 1055 2072 1109 μετεσχη-

433 1128 662 1200 κὼς....,
717 1130 785 1200 τῇ
844 1124 1141 1196 Ἐκκλησία
1196 1124 1291 1180 τοῦ
1350 1129 1482 1180 Θεοῦ
1547 1125 1754 1201 προϊὼν
1832 1123 2073 1202 εἷσεφθά-

437 1239 527 1295 ρη.
561 1219 630 1273 Et
662 1217 833 1289 paulo
865 1217 1109 1272 inferius
1141 1235 1154 1270 :
1187 1216 1443 1270 Ἐνταῦθα
1489 1236 1580 1286 μοι
1632 1213 1822 1269 λοιπὸν
1873 1212 1961 1267 καὶ
2010 1211 2076 1267 τὰ

437 1303 705 1380 δράματα,
761 1305 835 1358 ὧν
900 1309 1095 1378 μικροῦ
1153 1302 1374 1379 πλήρης
1447 1309 1589 1357 πᾶσα
1629 1305 1700 1378 γῆ
1744 1324 1802 1356 τε
1847 1302 1936 1356 καὶ
1979 1301 2077 1356 θά-

437 1393 627 1451 λαττα.
654 1401 866 1450 Annon
899 1394 1022 1450 hzec
1054 1395 1168 1450 duo
1201 1395 1326 1449 loca
1356 1394 1426 1449 ad
1456 1393 1698 1448 verbum
1730 1393 2080 1464 transcripta

438 1489 578 1541 sunt
627 1500 694 1539 ex
743 1483 1142 1538 Athanasiana
1189 1481 1450 1553 Gregorii
1501 1481 1806 1536 oratione?
1854 1481 2080 1536 Rursus

437 1573 560 1629 haec
589 1572 765 1628 verba
815 1573 920 1638 Τῆς
959 1570 1093 1623 κατὰ
1146 1567 1711 1625 Κωνσταντινούπολιν
1758 1572 1864 1622 τῶν
1918 1568 2079 1643 ὀρθο-

441 1658 610 1730 δόξων
683 1659 980 1727 καθολικῆς
1059 1656 1380 1728 Ἐκριλησίας
1453 1659 1552 1726 τὴν
1627 1654 1915 1732 προεδρίαν
1992 1656 2079 1711 πί-

2178 611 2258 659 se,
2293 595 2390 649 sed
2425 596 2856 665 quodammodo
2889 595 3136 650 dixerit:
3191 595 3318 649 Scio
3351 595 3489 665 quia
3519 596 3682 650 locus
3712 594 3824 650 iste

2178 683 2572 739 ineffabilibus
2606 683 2814 754 plenus
2837 683 2911 740 sit
2935 684 3340 754 sacramentis,
3365 687 3420 739 et
3441 684 3703 739 divinum
3727 701 3826 740 cor

2180 776 2400 843 quaerat
2429 771 2783 844 interpretis.
2820 795 2846 820 »

2249 861 2613 933 Augustinus
2636 862 2743 932 (48)
2762 860 3007 932 epistola
3024 877 3229 916 CXLVIII
3252 861 3321 915 ad
3344 859 3827 916 Fortunatianum

2181 951 2372 1007 citatis
2402 951 2752 1022 quibusdam
2777 968 2845 1006 ex
2867 950 3206 1017 Athanasio,
3233 973 3259 998 ‹‹
3285 949 3597 1021 Gregorius
3628 948 3829 1017 etiam,

2183 1040 2390 1110 inquit,
2441 1045 2680 1095 sanctus
2726 1039 3036 1110 episcopus
3097 1037 3404 1094 Orientalis
3460 1036 3830 1108 apertissime

2183 1129 2344 1197 dicit,
2368 1129 2549 1184 Deum
2577 1133 2784 1183 natura
2804 1127 3175 1196 invisibilem,
3203 1127 3436 1198 quando
3460 1127 3722 1197 patribus
3742 1128 3828 1182 vi-

2185 1235 2287 1274 sus
2316 1222 2426 1284 est,
2449 1219 2601 1272 sicut
2622 1217 2822 1289 Moysi,
2848 1234 2982 1271 cum
3005 1233 3120 1287 quo
3144 1217 3284 1271 facie
3309 1216 3381 1270 ad
3409 1214 3613 1271 faciem
3633 1215 3831 1286 loqusz

2185 1307 2376 1374 batur,
2411 1305 2662 1376 alicujus
2692 1303 3106 1376 conspicabilis
3151 1303 3408 1358 materias
3447 1303 3830 1376 dispositione

2188 1399 2511 1466 assumpta,
2546 1393 2703 1450 salva
2733 1412 2840 1450 sua
2871 1392 3269 1448 invisibilitate
3298 1392 3478 1448 videri
3510 1392 3830 1465 potuisse.»

2188 1484 2339 1540 Citat
2371 1488 2571 1554 postea
2598 1483 2996 1538 Ambrosium.
3266 1491 3271 1496 '

2262 1573 2420 1627 Idem
2453 1573 2561 1643 (49)
2592 1572 2693 1626 lib.
2729 1589 2747 1625 ι
2782 1571 2978 1626 Contra
3023 1572 3310 1626 Iulianum
3344 1572 3728 1643 Pelagianam,
3761 1572 3833 1627 de

2191 1665 2423 1732 peccato
2455 1659 2744 1731 originali,
2770 1663 2898 1730 post
2920 1660 3126 1714 citatos
3150 1659 3477 1714 Occidentis
3508 1659 3830 1732 episcopos,

439 1748 701 1821 στεῦεται,
730 1746 881 1803 οὐδὲν
917 1745 973 1802 δὲ
1001 1750 1160 1817 ἦττον
1193 1746 1280 1801 καὶ
1311 1753 1410 1816 τῆς
1469 1745 1792 1819 οἰκουμένης
1848 1744 2079 1816 ἀπάσης.

2191 1749 2275 1804 sic
2306 1750 2375 1803 de
2405 1747 2675 1820 Gregorio
2719 1748 3100 1815 Nazianzeno,
3154 1764 3324 1819 quem
3375 1749 3631 1820 primum
3683 1749 3834 1804 inter

442 1840 749 1912 Ipsissima
779 1843 918 1894 sunt
949 1840 1122 1893 verba
1143 1837 1546 1908 Gregorii,etsi
1567 1837 1760 1893 locum
1785 1855 1940 1892 nunc
1966 1855 2080 1892 non
2116 1837 2157 1845 ”
2191 1837 2442 1893 Orientis
2473 1837 2777 1908 episcopos
2809 1837 3105 1894 nominat:
3161 1859 3189 1886 «
3221 1837 3331 1892 Sed
3367 1853 3483 1891 non
3515 1837 3620 1892 tibi
3651 1838 3836 1894 deerit

441 1929 584 1986 satis
618 1928 1054 1993 memini.Quod
1079 1931 1135 1982 et
1163 1927 1293 1982 aliis
1323 1925 1513 1981 verbis
1535 1926 1616 1982 ita
1645 1927 1807 1982 effert
1839 1927 1897 1981 in
1932 1927 2083 1983 Basi-

435 2019 611 2088 liana,
647 2018 744 2071 Διά
777 2020 902 2088 μιᾶς
930 2021 1029 2084 τῆς
1057 2015 1365 2090 Καισαρέως
1417 2011 1632 2076 πόλεως
1675 2015 1745 2084 τῇ
1794 2013 2081 2088 οἰκουμένῃ

437 2104 580 2179 πάσῃ
609 2102 911 2180 πυρσεύειν.
944 2105 1076 2159 Jam
1108 2121 1241 2158 cum
1273 2104 1424 2158 idem
1467 2103 1687 2159 Theod.
1720 2105 1919 2158 eodem
1955 2104 2079 2160 loco

429 2197 529 2263 ait,
580 2195 667 2255 Ὠς
704 2191 807 2268 γὰρ
858 2192 948 2247 τὸν
1000 2191 1250 2267 μέγιστον
1302 2190 1504 2246 ἐκεῖνον
1555 2186 1818 2246 κατέλαϐε
1866 2191 2076 2267 θρόνον,

430 2282 670 2358 καθάπερ
715 2281 835 2336 τινὰ
879 2278 1167 2356 τυραννίδα
1212 2281 1310 2349 τῆς
1356 2279 1768 2356 ἀρχιερωσύνης
1811 2281 1910 2349 τὴν
1943 2301 2076 2358 προ-

432 2370 645 2426 στασίαν
682 2371 941 2446 ἀρπάσας·
971 2370 1356 2442 proculdubio
1387 2370 1509 2426 haec
1541 2388 1573 2426 a
1600 2370 1876 2443 Gregorio
1916 2388 2076 2427 acce-

429 2461 535 2535 pit,
567 2462 736 2532 cujus
767 2460 827 2515 in
857 2459 1256 2516 Athanasiana
1286 2458 1410 2514 hac
1448 2459 1622 2515 verba
1667 2463 1828 2525 sunt,
1870 2456 1942 2513 Οὐ
1973 2458 2076 2534 γὰρ

436 2547 575 2623 ὁμοῦ
606 2569 662 2603 τε
692 2541 1099 2621 καταλαμϐάνει
1130 2547 1217 2600 τὸν
1252 2545 1466 2618 θρόνον,
1501 2544 1679 2621 ὥσπερ
1735 2546 1786 2600 οἱ
1831 2547 2076 2621 τυραννί-

431 2635 496 2692 δα
540 2636 659 2692 τινὰ
687 2638 722 2705 ἢ
769 2635 1143 2709 κληρονομίαν
1193 2632 1493 2708 παράδοξον
1547 2634 1897 2710 ἁρπάσαντες.
1931 2638 2073 2692 Rur-

434 2745 536 2784 sus
567 2723 847 2794 illa,oi’xov.
875 2727 942 2780 τὰ
969 2723 1155 2780 πολλὰ
1189 2719 1429 2800 βιϐλίοις
1455 2725 1934 2799 προσανέχων,καὶ
1957 2725 2075 2789 καθ’

434 2814 667 2888 ἡσυχίαν
702 2814 872 2884 ἑαυτῷ
919 2813 1328 2888 συγγινόμενος,
1363 2831 1430 2868 ex
1478 2815 1742 2870 oratione
1790 2815 1860 2870 ad
1911 2815 2072 2871 Aria-

427 2920 535 2960 nos
565 2907 803 2975 sumpta
833 2906 991 2958 sunt.
1024 2902 1136 2958 Sed
1168 2903 1237 2957 de
1269 2903 1378 2958 hoc
1411 2902 1574 2958 satis.
1605 2906 1843 2968 Quanta
1874 2908 2070 2959 autem

435 2993 603 3048 fama:
637 2996 810 3064 atque
837 2991 1202 3047 auctoritatis
1222 2991 1281 3046 in
1313 2992 1582 3046 universa
1598 2992 1854 3048 Ecclesia
1884 2992 2070 3064 ipsius

429 3085 812 3137 monumenta
841 3080 1078 3147 fuerint,
1111 3079 1271 3134 nullo
1302 3084 1649 3152 argumento
1683 3081 1940 3152 apertius
1970 3082 2069 3136 de-

2192 1926 2387 1997 magni
2415 1925 2670 1980 nominis
2695 1930 2750 1980 et
2775 1925 2929 1979 fama
2950 1925 3325 1980 celeberrima
3344 1925 3590 1981 illustris
3615 1927 3835 1998 episco-

2191 2032 2303 2087 pus
2323 2014 2496 2070 etiam
2520 2016 2590 2069 de
2613 2014 2879 2085 partibus
2899 2013 3170 2083 Orientis,
3195 2015 3363 2084 cujus
3384 2013 3616 2085 eloquia
3637 2014 3834 2085 ingen-

2191 2104 2263 2158 tis
2289 2104 2494 2159 merito
2516 2103 2736 2174 gratiae,
2760 2102 2932 2157 etiam
2967 2102 3023 2156 in
3054 2102 3315 2173 linguam
3351 2103 3616 2157 Latinam
3647 2107 3836 2158 trans-

2190 2191 2306 2246 lata
2327 2207 2749 2263 usquequaque
2773 2191 3123 2246 claruerunt.
3149 2191 3356 2246 Sedeat
3379 2207 3512 2262 ergo
3542 2207 3673 2246 cum
3701 2191 3832 2247 istis

2191 2281 2456 2337 Patribus
2485 2279 2730 2352 (Latinis
2761 2279 3004 2352 scilicet)
3030 2280 3204 2335 etiam
3230 2284 3466 2335 sanctus
3496 2280 3830 2352 Gregorius,

2188 2374 2243 2426 et
2271 2387 2404 2426 cum
2437 2370 2521 2426 eis
2554 2374 2668 2425 tua:
2698 2369 3124 2426 criminationis
3148 2369 3382 2425 inanem
3407 2369 3830 2442 patiaturinvi-

2187 2458 2377 2515 diam:
2412 2460 2554 2514 dum
2587 2463 2780 2514 tamen
2814 2475 2948 2514 cum
2971 2459 3054 2515 eis
3076 2462 3277 2514 contra
3300 2459 3572 2513 novitiam
3607 2462 3828 2530 pestem

2185 2552 2459 2617 vestram,
2493 2547 2896 2604 medicinalem
2929 2552 2985 2604 et
3016 2548 3140 2619 ipse
3173 2549 3426 2620 proferat
3456 2548 3826 2604 sententiam.

2184 2638 2337 2692 Audi
2369 2654 2504 2709 ergo
2534 2637 2672 2710 quid
2722 2638 2916 2693 dicat:
2967 2638 3182 2710 Imago,
3239 2637 3449 2708 inquit,
3483 2637 3582 2692 Dei
3636 2637 3826 2693 labem

2183 2742 2467 2798 corporeae
2491 2727 2892 2782 inundationis
2922 2731 3220 2798 expurget,
3243 2730 3299 2782 et
3320 2728 3688 2796 conjunctam
3716 2726 3826 2783 sibi

2181 2831 2416 2870 carnem
2448 2815 2619 2870 Verbi
2664 2816 2764 2870 Dei
2809 2815 3070 2870 sublevet
3115 2815 3342 2886 pennis.
3382 2817 3446 2869 Et
3475 2815 3760 2886 quamvis,
3791 2834 3817 2865 ι

2181 2907 2290 2959 etc.
2322 2904 2469 2958 Citat
2498 2908 2555 2958 et
2584 2909 2786 2975 postea
2830 2921 2898 2959 ex
2946 2904 3204 2958 oratione
3238 2909 3318 2960 De
3349 2905 3640 2975 baptismo.
3675 2926 3702 2954 α
3735 2911 3824 2960 An

2179 2992 2282 3047 tibi
2309 3010 2484 3064 parva
2505 2993 2562 3047 in
2588 3009 2703 3048 uno
2718 2993 2993 3064 Gregorio
3010 2993 3415 3064 episcoporum
3439 2993 3824 3049 Orientalium

2181 3081 2412 3136 videtur
2432 3082 2752 3136 auctoritas
2767 3082 2794 3135 Ἰ
2817 3083 2914 3137 Est
2935 3083 3167 3152 quidem
3192 3087 3353 3136 tanta
3378 3087 3713 3153 persona,ut
3735 3099 3828 3138 ne-

427 3169 743 3226 monstrari
776 3173 983 3241 potest,
1015 3185 1187 3239 quam
1239 3147 1401 3238 quod
1444 3168 1632 3222 Latini
1683 3147 1753 3224 ne
1785 3174 2069 3240 punctum
2101 3147 2145 3215 (ἶ
2183 3186 2295 3242 que
2322 3169 2416 3224 ille
2446 3170 2555 3224 hoc
2579 3169 2691 3224 nisi
2713 3186 2779 3225 ex
2802 3171 2914 3225 fide
2937 3147 3270 3225 Christiana
3292 3147 3565 3226 omnibus
3590 3147 3826 3227 notissi-

428 3258 667 3330 quidem
698 3257 977 3328 temporis
1001 3257 1072 3312 iis
1095 3272 1288 3311 carere
1305 3256 1715 3322 sustinuerint,
1739 3259 1838 3313 sed
1871 3259 2071 3313 statim

430 3348 492 3402 in
517 3346 739 3402 Latium
764 3346 1170 3401 transferenda
1190 3346 1793 3417 curarint,eorumque
1817 3349 2075 3404 testimo-

429 3435 545 3490 niis
567 3434 744 3490 libros
767 3452 905 3490 suos
928 3433 1422 3491 illustrariut.Nos
1445 3435 1665 3490 caateris
1685 3435 1921 3491 omissis
1944 3437 2072 3508 ipsa

426 3528 659 3580 tantum
691 3523 916 3578 lumina
949 3524 1329 3595 proferemus.

499 3613 882 3683 Hieronymus
915 3612 1025 3683 (46)
1048 3628 1180 3666 eum
1211 3615 1618 3682 prmesptorem
1641 3629 1813 3668 suum
1840 3613 1977 3669 facit
2011 3616 2067 3670 in

431 3700 711 3769 Catalogo
739 3703 1066 3772 scriptorum
1095 3701 1388 3755 ecclesiast.
1413 3705 1468 3754 et
1495 3701 1551 3753 in
1582 3701 1861 3774 Apologia
1883 3704 2073 3774 priore

429 3790 685 3846 adversus
715 3791 1010 3861 Ruﬁnum:
1045 3812 1073 3838 ‹‹
1105 3790 1188 3842 An
1247 3787 1485 3860 injuria,
1517 3788 1731 3860 inquit,
1785 3791 1889 3847 tibi
1922 3793 2074 3848 facta

422 3879 692 3949 est,quod
713 3895 814 3949 pro
837 3882 893 3932 te
917 3876 1795 3950 Apollinarium,Didymumque
1815 3885 2071 3938 sectatus

425 3983 559 4022 sum
586 3967 612 4020 ?
643 3966 940 4038 Numquid
995 3967 1052 4020 in
1095 3965 1195 4021 illa
1223 3965 1470 4037 epistola
1499 3965 1846 4039 Gregorium
1878 3969 2069 4027 virum

419 4054 972 4126 eloquentissimum
1006 4071 1119 4109 non
1153 4055 1312 4124 potui
1347 4054 1697 4110 nominare?
1744 4056 1882 4120 Quis
1913 4062 2068 4129 apud

420 4142 651 4197 Latinos
684 4159 787 4213 par
813 4144 902 4198 sui
937 4143 1072 4197 est?
1117 4145 1238 4209 Quo
1289 4158 1394 4215 ego
1440 4144 1721 4216 magistro
1766 4145 1982 4217 glorior
2010 4154 2068 4205 et

425 4229 671 4286 exsulto.
698 4251 727 4278 »
757 4231 856 4285 Sui
881 4234 1075 4286 autem
1104 4231 1386 4302 imparem
1411 4234 1566 4302 apud
1593 4233 1829 4290 Latinos
1853 4235 2064 4309 Grego-

422 4317 574 4372 rium
606 4317 835 4372 videtur
864 4319 1076 4385 dicere,
1113 4323 1177 4372 ut
1217 4323 1379 4374 notet
1418 4319 1736 4377 Ruﬁnum:
1783 4324 1880 4394 qui
1933 4342 2064 4382 cum

421 4405 546 4478 ipse
567 4406 721 4476 apud
745 4422 883 4461 suos
906 4411 1058 4461 esset
1078 4405 1875 4478 eloquentissimusﬁuﬁnus
1899 4413 1957 4467 in
1981 4415 2064 4469 in-

2182 3275 2280 3313 ma
2301 3259 2547 3313 diceret:
2577 3275 2678 3313 nec
2703 3257 2783 3312 illi
2804 3275 2936 3314 eum
2961 3263 3082 3314 tam
3107 3258 3330 3313 clarum
3355 3259 3635 3314 haberent
3656 3264 3828 3332 atque

2179 3347 2597 3414 venerandum,
2632 3347 2742 3402 nisi
2777 3346 2898 3401 haec
2931 3348 3001 3402 ab
3034 3347 3133 3402 illo
3159 3348 3314 3402 dicta
3337 3365 3402 3403 ex
3425 3349 3625 3420 regula
3646 3349 3826 3405 notis-

2183 3435 2343 3490 sima:
2370 3435 2626 3490 veritatis
2658 3438 3060 3508 agnoscerent.
3095 3457 3123 3485 »

2257 3523 2414 3577 Idem
2455 3522 2556 3578 lib.
2591 3540 2630 3577 ιι
2661 3525 2941 3578 adversus
2985 3525 3252 3579 eumdem
3302 3541 3432 3596 pag.
3464 3525 3569 3580 530
3601 3525 3741 3581 citat
3770 3529 3828 3581 et

2182 3612 2426 3684 explicat
2457 3612 2882 3667 Nazianzenum
2914 3629 2982 3668 ex
3005 3612 3103 3668 lib.
3129 3615 3486 3685 Apologelz’co.
3511 3615 3578 3669 Et
3601 3614 3700 3669 lib.
3723 3616 3825 3671 De-

2182 3701 2319 3757 dono
2348 3703 2768 3773 perseverantiae
2797 3718 2922 3773 cap.
2959 3702 3044 3772 19,
3091 3718 3158 3757 ex
3188 3703 3446 3758 oratione
3478 3704 3537 3758 in
3567 3707 3824 3759 Penteco-

2182 3795 2314 3847 stem
2346 3791 2744 3847 testimonium
2778 3793 3028 3863 profert:
3065 3792 3162 3846 ubi
3199 3796 3390 3847 tamen
3427 3809 3526 3864 pro
3560 3815 3586 3842 «
3620 3794 3824 3866 depre-

2181 3881 2426 3951 cabitur,
2462 3902 2489 3930 ››
2521 3881 2860 3936 vertendum
2893 3881 3102 3951 fuerat,
3140 3902 3166 3931 «
3197 3881 3660 3951 deprecabimur.
3697 3903 3725 3931 ››

2251 3969 2566 4041 Gregorius
2599 3969 2752 4040 Papa
2783 3970 2919 4040 (50),
2944 3969 3004 4024 in
3034 3969 3269 4041 prologo
3299 3970 3483 4025 tertia:
3513 3970 3696 4041 partis
3726 3972 3828 4025 Pa-

2177 4058 2404 4114 storalis
2433 4072 2606 4125 curae,
2642 4057 3004 4130 Theologum
3038 4061 3306 4113 nostrum
3351 4057 3433 4113 ita
3481 4058 3657 4114 citat:
3691 4081 3718 4108 «
3754 4058 3829 4114 Ut

2177 4133 2347 4219 longe
2378 4151 2513 4203 ante
2543 4164 2648 4202 nos
2679 4148 3012 4202 reverenda:
3043 4147 3334 4202 memoriaa
3367 4147 3680 4219 Gregorius
3711 4148 3832 4206 Na-

2175 4236 2485 4291 zianzenus
2507 4236 2888 4291 edocuit.Non
2905 4252 3024 4290 una
3039 4237 3360 4307 eademque
3375 4237 3602 4292 cunctis
3623 4237 3830 4293 exhor-

2173 4325 2314 4380 tatio
2347 4325 2636 4396 congruit,
2662 4325 2800 4396 quia
2822 4341 2936 4380 non
2970 4331 3211 4380 cunctos
3247 4343 3347 4396 par
3376 4342 3608 4381 morum
3641 4326 3830 4398 quali-

2172 4419 2269 4469 tas
2300 4413 2594 4486 astringit.
2617 4437 2644 4465 ››
2668 4414 2798 4469 Hac
2821 4431 2991 4484 porro
3012 4415 3182 4470 verba
3199 4419 3341 4469 sunt
3360 4415 3619 4486 Gregorii
3643 4417 3823 4472 nostri

424 4493 840 4566 terpretatione
864 4493 1088 4565 aliquot
1109 4494 1268 4549 illius
1289 4495 1614 4551 orationum
1639 4514 1845 4568 parum
1877 4505 2073 4572 gnavi-
2103 4512 2148 4576 D
2180 4519 2197 4556 ι
2229 4505 2496 4573 Apologet.

417 4587 507 4639 ter
535 4599 597 4638 se
627 4587 908 4655 gesserat,
935 4599 1121 4654 neque
1147 4582 1289 4638 satis
1312 4583 1557 4639 feliciter
1585 4590 1757 4641 tantas
1788 4589 2067 4662 eloquen-

417 4671 510 4727 tiae
541 4673 939 4744 responderat.

491 4760 647 4815 Idem
680 4760 1069 4833 Hieronymus
1103 4760 1234 4830 (47),
1270 4760 1566 4832 explicans
1598 4761 1739 4819 illud
1774 4766 1984 4839 Ephes.
2010 4788 2063 4843 γ,

410 4850 499 4920 32,
531 4853 957 4905 Sacr-amentum
989 4850 1086 4905 hoc
1115 4867 1374 4920 magnum
1404 4861 1484 4906 est
1513 4869 1533 4913 ;
1563 4869 1661 4922 ego
1711 4866 1919 4925 autem,
1953 4863 2062 4914 etc.

414 4962 442 4987 «
472 4939 784 5011 Gregorius
807 4939 1224 5007 Nazianzenus,
1248 4940 1462 5012 inquit,
1487 4941 1573 4996 vir
1594 4943 1759 4999 valde
1786 4946 2064 5019 eloquens

411 5031 468 5081 et
499 5027 555 5081 in
587 5028 900 5099 Scripturis
931 5028 1193 5100 apprime
1223 5029 1512 5093 eruditus,
1541 5047 1672 5087 cum
1707 5035 1777 5089 dc
1808 5035 1916 5092 hoc
1948 5054 2063 5092 me-

412 5132 546 5171 cum
580 5121 860 5172 tractaret
891 5116 1038 5184 loco,
1072 5117 1295 5174 solebat
1326 5120 1552 5176 dicere:
1587 5121 1729 5177 Vide
1774 5130 2060 5195 quantum

419 5204 592 5260 istius
647 5206 886 5277 capituli
945 5215 1370 5264 sacramentum
1429 5209 1526 5279 sit,
1561 5218 1620 5266 ul
1658 5213 1971 5285 Apostolus
2001 5215 2058 5270 in

491 5400 606 5474 (45)
636 5401 799 5474 Tom.
834 5401 926 5474 IV,
960 5419 1092 5474 pag.
1122 5403 1249 5458 244.

627 5473 798 5547 ΞΟΠ).
829 5473 928 5547 IV,
960 5471 1109 5545 part.
1144 5492 1205 5544 II,
1240 5493 1294 5547 p.
1329 5475 1452 5530 363.

482 5543 596 5619 (4?)
627 5543 790 5619 '_I‘_om.
827 5543 921 5619 IV,
953 5543 1114 5619 part.
1137 5563 1173 5613 l,
1194 5543 1264 5619 ρ’.
1293 5547 1416 5602 393.

485 5613 600 5685 (48)
629 5615 792 5672 Tom.
826 5615 895 5685 II,
928 5613 986 5687 p‘.
1019 5617 1145 5673 500.

2251 4593 2361 4646 Leo
2393 4596 2548 4662 Papa
2569 4592 2703 4663 (51),
2730 4592 2925 4664 Magni
2949 4597 3332 4664 cognomento
3363 4593 3705 4665 honoratus,
3725 4595 3823 4666 qui

2175 4681 2577 4751 pontiﬁcatum
2601 4681 2857 4753 suscepit
2878 4682 3032 4737 circa
3056 4698 3276 4737 annum
3301 4681 3531 4738 Domini
3552 4682 3675 4755 441,
3699 4683 3819 4756 epi-

2175 4773 2327 4825 stota
2355 4787 2559 4825 cxxmv
2588 4770 2658 4825 ad
2692 4770 2942 4826 Leonem
2972 4771 3300 4843 Augustum
3324 4776 3528 4827 contra
3548 4770 3820 4844 blasphe-

2175 4858 2324 4914 mias
2344 4858 2589 4915 Nestorii
2615 4862 2673 4914 et
2696 4859 3048 4933 Eutychetis,
3073 4860 3255 4915 sancti
3279 4861 3536 4934 Gregorii
3560 4862 3821 4933 episcopi

2173 4948 2520 5005 Nazianzeni
2548 4949 2604 5004 in
2638 4949 2879 5006 homilia
2909 4955 2992 5006 De
3021 4951 3341 5022 Epiphania
3382 4951 3503 5006 haec
3533 4951 3709 5007 verba
3739 4952 3820 5007 ci-

2175 5041 2302 5093 tat:
2337 5061 2364 5087 ‹‹
2398 5041 2541 5093 Cum
2572 5054 2710 5109 ergo
2741 5039 3121 5110 processisset
3150 5056 3219 5095 ex
3266 5039 3499 5111 Virgine
3550 5039 3726 5111 Deus,
3758 5041 3819 5097 in

2172 5143 2258 5195 ea,
2293 5143 2467 5196 quam
2525 5133 2931 5198 assumpserat
2988 5127 3249 5184 humana
3308 5133 3538 5195 natura,
3572 5145 3756 5184 unum
3789 5147 3821 5185 e

2172 5215 2403 5271 duobus
2435 5215 2546 5271 sibi
2582 5216 2828 5272 invicem
2862 5216 3171 5273 contrariis
3220 5218 3527 5287 exsistens,
3561 5233 3731 5274 carne
3763 5223 3821 5275 et

2239 5411 2353 5482 (49)
2385 5411 2550 5482 'I‘om.
2585 5414 2655 5480 Χ,
2691 5427 2747 5482 p.
2777 5412 2905 5467 504.

2239 5412 2332 5476 (49
2385 5412 2550 5466 Tom.
2585 5414 2655 5480 X,
2691 5427 2747 5482 p.
2777 5412 2849 5466 50

2239 5412 2353 5623 (soi
2380 5481 2545 5538 Tom.
2575 5482 2642 5552 II,
2677 5500 2733 5566 p_.
2761 5484 2849 5567 33.

2260 5554 2350 5623 51)
2384 5553 2442 5609 S.
2473 5554 2604 5621 Leo,
2638 5555 2775 5610 edit.
2803 5571 2849 5611 ιε

2260 5553 2350 5623 51)
2384 5553 2442 5609 s.
2473 5554 2604 5621 Leo,
2638 5553 2775 5610 edit.
2803 5554 2996 5613 in-fol.
3028 5556 3243 5630 p.353.
