4152 6208
330 399 439 461 313

1185 397 1565 460 VETERUM
1612 396 1710 458 ET
1752 395 2317 459 RECENTIORUM
2359 394 2864 461 TESTIMONIA.

3599 385 3719 446 314

322 536 544 609 spiritu,
571 534 726 592 aliud
751 534 807 590 in
831 534 1016 591 Deum
1033 534 1375 602 assumitur,
1395 532 1553 589 aliud
1578 531 1807 588 deitatis
1829 548 1954 603 gra-
1984 534 2040 600 Α
2143 531 2405 589 Gelasius
2437 533 2505 590 de
2538 534 2767 589 duabus
2810 532 2870 589 in
2903 530 3132 587 Christo
3179 528 3405 584 naturis
3436 526 3716 583 adversus

322 623 397 679 tia
426 628 675 698 praestat.
710 625 868 679 Idem
901 623 1091 678 infra:
1119 622 1335 677 Missus
1366 628 1452 677 est
1474 621 1732 693 quidem,
1760 621 1859 676 sed
1894 624 1959 676 ut

323 712 508 769 homo.
542 712 766 785 Duplex
786 712 940 767 enim
963 716 1085 767 erat
1104 711 1161 766 in
1189 727 1254 767 eo
1286 714 1516 767 natura.
1542 711 1682 765 Inde
1703 709 1957 782 denique

322 804 375 856 et
402 800 685 857 laboravit
715 819 781 856 ex
812 800 1036 861 itinere.
1072 800 1206 855 inde
1245 804 1301 855 et
1329 799 1553 869 esuriit,
1587 803 1642 853 et
1671 797 1870 864 sitivit,
1901 802 1958 853 et

322 890 696 946 contristatus
727 895 835 958 est,
868 893 924 945 et
956 889 1129 959 ﬂevit,
1160 889 1405 944 humani
1455 888 1715 960 corporis
1748 887 1890 958 lege.
1923 908 1951 938 »

316 978 454 1032 Citat
480 982 681 1050 postea
712 978 990 1033 Basilium
1024 979 1361 1050 episcopum
1392 977 1820 1049 Cappadocum.

378 1067 722 1123 Vincentius
756 1067 1078 1123 Lirinensis
1118 1068 1233 1122 fere
1266 1068 1337 1122 ad
1371 1067 1543 1121 finem
1577 1065 1731 1131 libri,
1778 1080 1953 1137 quem

314 1157 471 1212 docte
520 1157 801 1212 adversus
845 1157 1119 1228 profanas
1164 1157 1446 1211 novitates
1494 1153 1861 1225 conscripsit,
1894 1154 1954 1208 in

306 1244 590 1317 Ephesina
623 1246 843 1317 synodo
868 1261 973 1301 suo
996 1249 1257 1317 tempore
1284 1248 1484 1299 contra
1515 1243 1845 1299 Nestorium
1867 1258 1955 1296 ce-

304 1333 541 1404 lebrata,
576 1334 796 1406 scripta
825 1334 1170 1389 Nazianzeni
1199 1334 1436 1389 recitata
1466 1332 1687 1388 scribit.
1722 1354 1750 1381 «
1782 1330 1959 1386 Adhi-

304 1422 418 1477 bita
451 1427 593 1477 sunt
625 1423 822 1491 etiam,
880 1423 1092 1495 inquit,
1146 1422 1247 1478 illa
1293 1420 1661 1494 Cappadocia:
1705 1420 1953 1485 lumina,

306 1514 543 1567 sanctus
566 1511 882 1584 Gregorius
906 1511 1215 1584 episcopus
1233 1515 1290 1566 et
1306 1511 1602 1567 confessor
1624 1510 1693 1565 de
1714 1509 1954 1565 Nazian-

308 1599 376 1654 do
404 1599 490 1655 vel
518 1600 844 1655 Nazianzo:
879 1603 1119 1656 sanctus
1150 1599 1402 1655 Basilius
1433 1600 1704 1655 Cassareaa
1734 1601 1954 1670 Cappa-

308 1688 475 1743 dociae
506 1690 823 1761 episcopus
854 1693 911 1745 et
935 1690 1249 1744 confessor.
1284 1712 1305 1741 ι

369 1778 501 1842 Quas
534 1784 737 1834 autem
772 1779 829 1833 in
861 1795 929 1834 ea
957 1779 1178 1850 synodo
1208 1794 1278 1832 ex
1322 1777 1682 1832 Nazianzeno
1713 1775 1954 1832 recitata

302 1867 432 1934 sint,
461 1867 546 1922 sic
580 1868 860 1969 ﬂueticps
886 1868 1184 1969 diaconus.
1206 1871 1407 1923 contra
1435 1866 1951 1969 dfephallof'com'
1982 1905 2029 1969 Β
2059 1897 2387 1969 Epiphania
2416 1897 2555 1951 citat
2593 1866 2704 1967 (ἐξ)
2730 1912 2741 1949 :

304 1961 608 2020 memorat,
643 1956 741 2011 ubi
775 1958 846 2011 de
898 1957 1227 2011 differentia
1260 1960 1409 2011 Inter
1458 1957 1618 2013 Unus
1647 1959 1705 2009 et
1736 1954 1950 2021 Unum,

298 2044 453 2100 Alius
484 2050 544 2100 et
562 2045 760 2100 Aliud.
786 2068 813 2094 »
830 2048 966 2111 Sua,
983 2044 1176 2116 inquit
1195 2046 1327 2116 (55),
1345 2046 1621 2115 dogmata
1640 2044 1949 2099 confirma-

300 2132 377 2187 vit
403 2133 726 2205 (Ephesina
755 2132 978 2189 scilicet
1007 2133 1286 2206 synodus)
1319 2133 1471 2187 inter
1516 2131 1668 2188 beati
1702 2132 1951 2190 Nazian-

306 2221 423 2277 zeni
445 2222 715 2294 Gregorii
738 2222 1258 2289 leotiones,dicens
1283 2222 1401 2277 ita:
1434 2221 1598 2276 Alius
1628 2221 1860 2292 quidem
1895 2224 1953 2276 et

300 2309 455 2365 Aliud
488 2328 559 2366 ex
595 2311 811 2382 quibus
832 2311 1133 2366 Saivator:
1167 2310 1459 2381 siquidem
1486 2326 1599 2366 non
1628 2309 1783 2365 idem
1806 2307 1951 2363 invi-

296 2398 458 2455 sibile
478 2399 727 2469 visibili,
758 2403 816 2455 et
844 2399 902 2453 id
932 2399 1088 2470 quod
1108 2398 1491 2471 intemporale
1514 2398 1595 2453 illi
1618 2398 1775 2470 quod
1808 2398 1945 2453 sub-

296 2487 634 2558 temporale.
674 2509 701 2537 »
733 2487 868 2552 Quas
912 2488 1088 2543 verba
1134 2504 1202 2543 ex
1250 2487 1440 2558 priore
1488 2489 1558 2542 ad
1602 2487 1944 2543 Cledonium

298 2576 536 2647 epistola
554 2581 797 2647 sumpta
817 2581 977 2647 sunt,
1002 2593 1174 2646 quam
1197 2576 1257 2630 in
1279 2577 1480 2631 eodem
1503 2576 1652 2632 libro
1675 2576 1944 2648 pluribus

295 2662 429 2719 locis
462 2665 650 2732 citat;
685 2669 860 2735 atque
888 2665 1064 2720 etiam
1096 2664 1397 2720 haereticos
1441 2666 1529 2735 (ut
1555 2664 1635 2719 illi
1678 2665 1822 2720 nihil
1853 2666 1941 2721 in-

294 2755 577 2809 tentatum
630 2758 685 2809 et
730 2754 1135 2824 incorruptum
1186 2754 1549 2825 relinquunt)
1598 2758 1654 2808 et
1699 2756 1942 2812 maxime

292 2842 666 2897 Nestorianos
697 2841 1037 2897 Nazianzeni
1071 2842 1391 2897 sententias
1421 2843 1704 2914 quasdam
1737 2845 1808 2899 ad
1846 2845 1937 2900 sui

290 2930 493 2985 erroris
553 2930 1059 2986 confirmationem
1116 2932 1455 3001 detorquere
1504 2936 1781 2988 tentasse.
1842 2933 1935 2988 Sic

285 3019 429 3073 enim
462 3018 543 3074 ibi
579 3019 909 3087 hereticus,
940 3019 1039 3091 qui
1069 3019 1315 3092 loquens
1336 3020 1655 3090 inducitur,
1690 3022 1928 3091 objicit:

289 3126 314 3159 ι
338 3109 651 3163 Hominem
681 3124 855 3179 quem
886 3107 1202 3180 Apostolus
1245 3107 1401 3163 velut
1439 3108 1496 3163 in
1530 3110 1645 3164 duo
1678 3110 1930 3182 partitus

283 3200 380 3265 est,
411 3201 633 3253 sanctis
666 3197 957 3253 memoriae
980 3198 1291 3270 Gregorius
1313 3215 1498 3253 unum
1521 3199 1713 3254 modis
1743 3200 1930 3255 omni-

2069 621 2385 695 Eutychem
2412 626 2467 678 et
2494 624 2849 688 Nestorium,
2900 620 3085 677 multa
3130 622 3389 675 veterum
3421 617 3715 690 theologo-

2068 728 2220 775 rum,
2244 717 2310 766 ut
2334 712 2562 783 lgnatii,
2589 712 2896 776 Eustathii,
2926 708 3237 782 Hippolyti,
3261 707 3584 769 Athanasii.
3610 712 3717 762 Eu-
3792 748 3819 773 ,

2067 802 2211 857 sobii
2246 802 2530 873 Pamphili
2575 803 2761 857 citans
2806 801 3159 865 testimonia,
3202 804 3256 854 et
3289 799 3409 854 haec
3451 797 3712 870 Gregorii

2065 892 2405 947 Nazianzeni
2437 891 2495 945 in
2534 891 2718 947 Natali
2750 891 2975 945 Domini
3006 890 3205 944 laudat
3237 889 3385 959 (53):
3421 910 3448 937 «
3496 887 3717 958 Duplex

2064 984 2188 1036 erat
2217 981 2501 1045 Christus,
2532 979 2705 1035 homo
2749 979 2983 1049 quidem
3025 979 3175 1048 quod
3208 977 3530 1046 videbatur,
3565 980 3714 1031 Deus

2064 1085 2196 1124 vero
2215 1070 2368 1141 quod
2394 1085 2507 1123 non
2529 1068 2852 1137 videbatur,
2873 1067 3184 1122 comedens
3207 1066 3439 1137 quidem
3460 1064 3712 1122 uthomo

2063 1175 2194 1213 vere
2224 1163 2280 1213 et
2311 1158 2482 1213 sicuti
2517 1174 2642 1212 nos.
2668 1156 2883 1211 Habuit
2912 1155 3066 1210 enim
3090 1156 3281 1209 carnis
3303 1153 3555 1209 similem
3578 1171 3711 1225 pas-

2065 1247 2402 1303 sibilitatem
2418 1247 2583 1301 sicuti
2601 1263 2725 1301 nos.
2746 1268 2771 1294 ››
2790 1245 2906 1300 Ibid
2916 1262 3005 1300 em
3020 1245 3194 1299 etiam
3209 1260 3276 1299 ex
3287 1245 3549 1314 ejusdem
3565 1244 3719 1315 prio‘I

2065 1352 2125 1392 re
2148 1336 2216 1391 ad
2245 1336 2584 1391 Cledonium
2606 1334 2850 1407 epistola
2872 1333 3158 1405 permulta
3181 1332 3414 1405 profert,
3435 1335 3725 1403 quemad-~

2065 1426 2303 1481 modum
2335 1430 2390 1481 et
2420 1440 2487 1480 ex
2517 1424 2762 1497 epistola
2791 1425 2861 1479 ad
2893 1423 3247 1479 Ncotarium.

2133 1542 2387 1597 Joannes
2406 1541 2711 1613 episCOpus
2727 1541 3044 1605 Romanus,
3066 1539 3255 1594 tribus
3272 1537 3591 1593 Justiniani
3612 1536 3714 1594 im-

2063 1631 2348 1703 peratoris
2378 1628 2799 1701 quaestionibus
2826 1628 3207 1700 respondens,
3231 1630 3295 1681 ut
3327 1627 3529 1699 probet
3557 1626 3714 1683 Chri-

2062 1724 2219 1776 stum
2251 1736 2427 1774 unam
2459 1735 2587 1774 esse
2616 1735 2682 1773 ex
2705 1717 2967 1790 personis
2998 1716 3324 1782 Trinitatis,
3362 1719 3491 1787 post
3520 1717 3713 1789 Augu-
3768 1724 3776 1736 '

2062 1809 2282 1864 stinum
2342 1808 2461 1862 haec
2511 1805 2771 1879 Gregorii
2820 1806 3162 1860 Nazianzeni
3211 1822 3278 1860 ex
3326 1821 3593 1861 sermone
3642 1806 3713 1862 de

2790 1916 2818 1943 ‹‹
2872 1900 3046 1949 Deum
3095 1911 3228 1949 cum
3278 1895 3429 1962 dico,
3468 1894 3709 1951 omnino

2064 2002 2180 2041 uno
2203 1986 2425 2040 lumine
2446 1984 2815 2039 illustramur
2835 1982 3011 2038 simul
3031 1988 3088 2039 et
3104 1984 3313 2047 tribus,
3334 1999 3451 2037 uno
3473 1983 3711 2055 quidem

2061 2076 2384 2130 secundum
2409 2074 2873 2144 uniuscujusque
2895 2073 3275 2143 proprietates
3294 2072 3412 2126 sive
3434 2074 3711 2129 substan-

2058 2164 2191 2231 tias,
2226 2164 2379 2218 sicut
2400 2163 2589 2235 placet
2608 2162 2901 2232 aliquibus
2924 2161 3135 2229 dicere,
3159 2161 3277 2216 sive
3301 2176 3577 2232 personas
3599 2161 3710 2230 (ni-

2060 2253 2140 2307 hil
2169 2252 2324 2308 enim
2358 2269 2461 2324 pro
2491 2250 2903 2306 vocabulorum
2937 2249 3270 2304 diversitate
3300 2248 3709 2305 dissidendum

2058 2346 2165 2409 est,
2199 2358 2333 2396 cum
2365 2342 2435 2396 ad
2468 2340 2735 2396 eumdem
2770 2354 3011 2395 sensum
3064 2339 3371 2393 nominum
3403 2338 3710 2394 diversitas

2056 2434 2326 2504 provocet
2343 2434 2398 2485 et
2419 2428 2801 2499 intellectum)
2820 2446 2935 2483 unu
2949 2445 3002 2483 m
3024 2445 3091 2482 au
3102 2431 3216 2482 tem
3235 2427 3555 2482 secundum
3576 2428 3710 2483 sub-

2055 2521 2355 2590 stantiam,
2387 2519 2475 2574 vel
2500 2518 2729 2575 deitatis
2757 2519 3000 2572 ratione.
3036 2515 3321 2571 Dividitur
3349 2531 3507 2587 ergo,
3540 2519 3604 2570 ut
3627 2515 3709 2571 ita

2053 2609 2244 2664 dicam
2279 2607 2729 2674 indivisibiliter,
2763 2606 3139 2678 conjungitur
3168 2604 3555 2674 divisibiliter,
3590 2623 3708 2661 una

2050 2704 2138 2755 est
2167 2699 2223 2753 in
2258 2698 2445 2753 tribus
2478 2697 2683 2752 deitas.
2720 2719 2747 2745 »

2118 2816 2493 2872 Justinianus
2516 2815 2894 2885 IImperator,
2911 2813 3095 2867 Edict.
3116 2814 3394 2867 adversus
3417 2811 3529 2867 tria
3569 2811 3710 2884 Capi

2044 2905 2189 2967 tula.
2222 2910 2285 2959 ut
2314 2907 2461 2960 duas
2492 2908 2731 2959 naturas
2759 2908 2816 2958 et
2867 2902 3148 2957 unitatem
3183 2919 3439 2973 personae
3472 2906 3701 2957 asserat

2043 2993 2103 3049 in
2133 2992 2384 3064 Christo,
2417 2997 2687 3049 sanctum
2728 2993 3070 3065 Gregorium
3117 2991 3477 3063 Theologum
3512 2992 3693 3047 semel

2042 3086 2101 3138 et
2130 3082 2342 3138 iterum
2376 3082 2662 3138 nominat.
2700 3080 2903 3139 Concii.
2937 3086 3079 3137 tom.
3123 3081 3192 3152 V,
3229 3098 3284 3152 p.
3317 3082 3441 3135 698.

2108 3215 2354 3266 Sanctus
2380 3209 2722 3264 Theodorus
2753 3209 2985 3263 Studita
3007 3206 3277 3279 pluribus
3311 3208 3370 3261 in
3399 3205 3543 3263 locis
3574 3207 3688 3278 (55)

285 3284 383 3340 bus
404 3286 699 3353 nominat,
728 3303 799 3342 D0
821 3286 1052 3343 ChPiStO
1076 3303 1211 3342 eum
1234 3287 1555 3355 conferens.
1576 3288 1723 3344 duos
1746 3290 1932 3345 νίάϐθι-
1957 3264 2000 3330 C
2038 3299 2295 3371 Gregorii
2332 3300 2548 3370 profert
2592 3296 2951 3363 testimonia,
2994 3295 3083 3351 vel
3126 3295 3186 3350 in
3236 3312 3355 3350 sua;
3388 3296 3691 3350 sententia

286 3377 373 3429 tur
398 3374 669 3431 Christos
691 3392 970 3440 asserere,
996 3397 1024 3426 »
1056 3380 1163 3431 etc.
1189 3376 1257 3430 Et
1287 3379 1420 3447 post
1444 3392 1456 3431 :
1491 3398 1517 3427 «
1542 3377 1695 3432 Dixit
1718 3378 1930 3433 alicubi

293 3463 604 3534 Apostolus
633 3481 647 3520 :
673 3465 817 3533 Quia
835 3474 1037 3537 quanto
1057 3466 1130 3521 iis
1150 3467 1248 3536 qui
1263 3467 1400 3536 foris
1423 3466 1490 3532 ²¹,
1516 3488 1543 3517 ››
1567 3470 1674 3522 etc.
1701 3467 1941 3537 Subjici-

294 3554 382 3607 tur
408 3554 545 3609 inde
578 3554 887 3625 explicatio
908 3553 1169 3609 locorum
1196 3553 1359 3609 Pauli
1390 3558 1447 3610 et
1467 3555 1831 3611 Nazianzeni.
1858 3556 1941 3612 Ibi

295 3643 437 3699 enim
454 3648 665 3700 contra
686 3643 988 3701 haereticos
1006 3644 1274 3717 pluribus
1291 3646 1615 3717 explicatur
1631 3648 1744 3701 ista
1761 3648 1944 3704 Theo-

294 3730 399 3805 logi
430 3734 731 3788 sententia
756 3759 769 3789 ι
802 3735 895 3789 Sic
926 3750 994 3789 ex
1023 3735 1251 3789 duabus
1274 3734 1501 3789 naturis
1528 3735 1815 3801 Christus,
1834 3737 1943 3791 sic-

295 3825 353 3873 ut
379 3838 445 3875 ex
464 3822 674 3876 anima
693 3827 751 3877 et
779 3838 1019 3893 corpore
1039 3823 1231 3878 homo.
1260 3822 1423 3878 lllam
1447 3823 1603 3880 enim
1634 3824 1941 3881 haereticus

294 3913 352 3962 ut
380 3927 411 3963 a
442 3912 571 3966 suis
607 3911 868 3981 partibus
898 3915 1151 3966 stantem
1177 3911 1236 3966 in
1270 3912 1526 3967 medium
1555 3915 1937 3985 proponebat,

291 4000 348 4049 ut
376 4002 431 4052 et
460 3996 782 4053 nonnullas
813 3997 980 4067 alias,
1013 4015 1161 4069 quas
1192 3999 1467 4056 Rusticus
1490 4000 1613 4072 ipse
1641 4003 1845 4058 eodem
1877 4004 1941 4060 li-

291 4084 384 4139 bro
412 4085 691 4157 pluribus
721 4086 986 4157 explicat.

2051 3388 2463 3461 patrocinium.
2492 3386 2583 3441 vel
2615 3392 2679 3440 ut
2723 3387 2896 3441 verba
2928 3383 3115 3440 sancti
3166 3384 3421 3440 doctoris
3450 3400 3483 3438 a
3514 3384 3707 3453 pravis

2049 3477 2455 3533 haereticorum
2484 3474 3060 3547 interpretationibus
3089 3473 3364 3528 vindicet.
3396 3472 3485 3528 Sic
3515 3473 3709 3528 Antir-

2051 3564 2269 3620 rhetico
2300 3582 2339 3619 ιι
2369 3566 2627 3619 adversus
2657 3563 3069 3627 Iconomachos,
3102 3566 3243 3617 tom.
3278 3563 3347 3616 V.
3382 3562 3546 3634 Oper.
3584 3563 3704 3618 Sir-

2052 3655 2271 3717 mondi,
2306 3671 2358 3724 p.
2396 3654 2517 3708 107.
2552 3658 2720 3723 Item,
2752 3653 2894 3708 ibid.
2929 3669 3062 3725 pag.
3102 3654 3222 3719 125,
3260 3653 3380 3717 126,
3412 3652 3534 3705 127.
3561 3654 3702 3707 Item

2052 3744 2394 3813 Refutatione
2440 3744 2735 3814 impiorum
2783 3751 3115 3813 poematum,
3148 3756 3279 3811 pag.
3313 3740 3433 3795 193.
3480 3744 3703 3795 Rursus

2049 3831 2319 3887 Adversus
2348 3833 2743 3899 Iconomachos,
2768 3847 2894 3902 cap.
2917 3847 2971 3884 v1
2994 3833 3049 3885 et
3078 3846 3173 3894 νη,
3208 3845 3339 3901 pag.
3370 3829 3475 3882 213
3495 3832 3553 3882 et
3575 3844 3698 3899 seq.

2050 3921 2260 3975 Iterum
2295 3920 2461 3991 epist.
2499 3921 2595 3975 lib.
2630 3935 2690 3988 Il,
2736 3919 2906 3991 epist.
2952 3932 3112 3972 xxxw
3152 3931 3283 3989 pag.
3335 3917 3456 3971 445.
3492 3919 3570 3971 Ac
3599 3916 3700 3973 de-

2049 4025 2212 4064 mum
2244 4009 2411 4081 epist.
2444 4026 2589 4078 cmv,
2617 4026 2671 4081 p.
2705 4010 2830 4064 623.

1408 4187 1499 4249 De
1528 4190 1803 4269 operibus
1830 4201 1885 4253 et
1916 4195 2149 4276 scriptis
2182 4194 2572 4268 Nazianzeni,

351 4297 559 4355 Omnia
618 4316 745 4372 quas
803 4299 1148 4357 Nazianzeni
1211 4301 1447 4359 nomine
1506 4302 1935 4380 inscribuntur,

290 4383 419 4442 citra
449 4388 909 4444 controversiam
944 4389 1131 4462 ipsius
1174 4395 1314 4446 sunt
1364 4396 1570 4463 praeter
1600 4395 1933 4467 metaphra-

289 4472 368 4528 sin
400 4477 460 4530 in
488 4478 868 4545 Ecclesiasten,
920 4494 1043 4549 qua
1076 4478 1189 4551 ipsi
1239 4478 1386 4535 falso
1433 4481 1731 4550 tribuitur,
1782 4490 1846 4540 ut
1873 4486 1932 4540 in

291 4570 628 4635 argumento
656 4582 725 4621 ex
755 4566 1102 4640 Hieronymo
1150 4568 1457 4625 docuimus
1484 4585 1497 4637 ;
1551 4574 1608 4627 et
1636 4572 1931 4644 signiﬁca-

288 4650 494 4709 tionem
526 4655 590 4710 in
623 4655 978 4727 Ezechielem,
1028 4673 1153 4729 qua:
1194 4661 1294 4713 aut
1334 4657 1493 4716 illius
1526 4677 1640 4716 non
1695 4668 1803 4731 est,
1835 4668 1936 4719 aut

288 4747 430 4798 certe
460 4747 533 4801 ab
565 4762 633 4801 eo
664 4763 777 4803 non
805 4746 982 4804 edita.

352 4830 487 4889 Duas
536 4839 769 4891 exstant
820 4836 1111 4893 orationes
1167 4836 1326 4894 illius
1375 4855 1409 4894 a
1465 4840 1673 4897 Rufino
1721 4841 1933 4901 Latina!

292 4918 461 4988 facta,
494 4940 623 4995 qua
653 4941 767 4979 non
801 4929 939 4994 sunt
977 4926 1035 4981 in
1086 4930 1277 4983 Graeco
1326 4929 1659 5002 exemplari.
1697 4932 1926 5004 (Perpe-

294 5022 406 5063 ram
439 5010 712 5085 Gregorio
743 5015 1036 5069 orationes
1083 5015 1227 5071 istas
1256 5016 1466 5071 tribuit
1515 5018 1741 5085 Billius,
1775 5024 1840 5076 ut
1871 5022 1930 5078 in

296 5098 595 5173 praloquio
632 5103 1012 5175 notavimus.)

355 5187 430 5242 Ex
458 5190 629 5246 docta
659 5190 817 5248 illius
846 5192 905 5246 in
937 5194 1158 5248 dictum
1191 5195 1481 5267 Evangelii
1509 5196 1749 5255 homilia
1778 5201 1932 5257 vide-

295 5276 381 5329 tur
400 5278 615 5336 multas
639 5279 783 5337 alias
805 5282 931 5352 ejus
949 5282 1179 5353 generis
1201 5286 1604 5356 composuisse
1627 5303 1640 5341 :
1666 5292 1731 5343 ut
1751 5305 1925 5360 quem

291 5367 497 5422 certum
530 5369 607 5423 sit
634 5374 692 5424 et
718 5370 989 5425 Nazianzi
1019 5375 1077 5426 et
1137 5371 1638 5446 Constantinopoli
1687 5382 1744 5433 et
1788 5379 1925 5436 alibi

352 5491 393 5525 ²²
422 5495 445 5546 I
473 5492 600 5551 Cor.
633 5512 688 5565 ν,
722 5496 808 5553 13.

491 5634 813 5766 auitam.
845 5645 985 5697 tom.
1020 5640 1110 5697 IV.

376 5702 461 5766 53)
491 5705 576 5765 Id.
606 5708 750 5766 ibid.

2046 4312 2262 4383 saepius
2291 4329 2322 4368 e
2368 4317 2649 4386 suggestu
2700 4314 2772 4369 ad
2822 4314 3103 4386 populum
3152 4314 3583 4372 concionatum.
3616 4321 3698 4373 Ac

2046 4400 2291 4456 fortasse
2322 4401 2379 4456 in
2413 4419 2610 4459 sacros
2638 4402 2818 4459 libros
2846 4404 3299 4461 commentarios
3327 4404 3526 4472 edidit,
3560 4405 3699 4477 Epi-

2045 4488 2374 4562 stolamque
2416 4490 2578 4546 Pauli
2628 4493 2699 4547 ad
2748 4492 3150 4565 Philippenses
3196 4494 3423 4550 videtur
3464 4496 3696 4567 scriptis

2046 4576 2170 4633 suis
2202 4577 2548 4636 illustrasse.
2584 4582 2647 4635 In
2679 4580 2791 4637 fine
2820 4583 2973 4637 enim
3022 4581 3431 4639 Anathematis
3464 4601 3693 4639 morum

2044 4665 2239 4739 Cyriili
2269 4667 2353 4724 sic
2400 4668 2632 4741 legitur.
2667 4670 2732 4727 D.
2783 4669 3041 4743 Gregorii
3090 4671 3345 4744 episcopi
3390 4673 3447 4727 in
3478 4675 3694 4744 Episto-

2044 4756 2155 4810 lam
2196 4758 2271 4812 ad
2319 4758 2713 4830 Philippenses.
2767 4763 2956 4831 Atque
3003 4760 3111 4816 hoc
3163 4760 3552 4833 fragmentum
3599 4762 3694 4819 hic

2043 4846 2391 4903 ascribitur:
2428 4850 2532 4904 Hoc
2558 4851 2833 4921 sapiafur,
2880 4850 3088 4923 inquit,
3139 4852 3283 4922 quod
3310 4856 3360 4907 et
3391 4853 3452 4908 in
3480 4852 3694 4910 Christo

2039 4935 2183 5007 Iesu,
2216 4939 2312 5007 qui
2337 4955 2458 4992 cum
2490 4940 2547 4993 in
2577 4942 2763 5008 [arma
2816 4943 2917 4995 Dei
2954 4943 3104 5009 esset,
3151 4958 3260 4996 non
3309 4945 3566 5014 rapinam
3594 4961 3693 4997 ar-

2042 5023 2280 5080 bitratus
2310 5031 2388 5082 est
2418 5043 2529 5083 esse
2575 5028 2855 5099 aequalem
2900 5032 3041 5085 Deo:
3088 5029 3179 5086 sed
3224 5034 3574 5103 semetipsum
3605 5050 3694 5089 ex-

2038 5116 2301 5186 inanivit,
2331 5117 2566 5186 formam
2595 5119 2739 5175 servi
2778 5121 3083 5189 suscipiens
3106 5119 3173 5175 2’.
3222 5140 3244 5169 α
3296 5121 3444 5187 Quid
3476 5138 3693 5193 paupe-

2038 5203 2161 5260 rius
2193 5204 2251 5260 in
2290 5206 2423 5277 Deo,
2455 5224 2629 5278 quam
2676 5209 2861 5264 forma
2890 5209 3088 5265 servi?
3136 5210 3282 5277 Quid
3316 5210 3600 5267 humilius
3632 5212 3692 5267 in

2038 5293 2192 5366 Rege
2222 5297 2586 5362 cunctorum,
2613 5314 2790 5368 quam
2817 5299 2888 5353 ad
2918 5300 3391 5356 communionem
3417 5302 3692 5373 pauperis

2036 5385 2247 5440 nostris
2280 5388 2497 5440 naturae
2529 5390 2737 5457 sponte
2757 5388 2952 5444 venire
2972 5389 2999 5444 ‘I
3020 5388 3140 5445 Rex
3168 5405 3371 5462 regum
3406 5394 3462 5445 et
3491 5389 3688 5447 Domi-

2104 5507 2151 5542 ”
2180 5508 2427 5581 Philipp.
2461 5526 2524 5577 11,
2553 5510 2681 5566 5-7.

2098 5649 2212 5794 ἓξ)
2243 5650 2427 5778 Epist.
2523 5652 2594 5707 ad
2623 5651 2771 5724 Sam,
2805 5658 2846 5713 t.
2880 5654 2949 5712 IV
2981 5654 3167 5728 Cone,
3199 5674 3255 5729 p.
3292 5656 3447 5714 1751.

2188 5725 2212 5794 )
2242 5722 2285 5779 E
2329 5725 2393 5781 it.
2424 5725 2601 5784 Sirm.

2188 5722 2212 5795 9
2242 5722 2393 5781 Edit.
2424 5724 2575 5781 Sirm
2588 5765 2601 5784 .
