4152 6208
344 328 463 391 315

1466 335 1733 397 JACOBl
1779 336 2008 397 BILLII
2054 334 2643 398 PREFATIONES.

3635 337 3766 398 316

345 478 458 517 nus
488 461 920 518 dominantium
951 462 1215 521 induitur
1235 466 1421 521 forma
1452 467 1638 523 servi:
1664 468 1990 539 judexom-
2019 470 2075 535 Α
2106 467 2291 541 possit
2343 467 2740 524 Nazianzenus
2793 470 3009 537 noster,
3043 467 3279 539 quando
3331 467 3526 524 statim
3604 468 3761 525 aliud

344 550 511 605 nium
544 551 607 606 ﬁt
638 552 911 607 subditus
940 555 1325 625 potestatibus
1365 560 1639 612 creatura
1666 576 1678 613 :
1712 558 1996 613 Dominus

347 640 403 695 in
438 640 715 711 spelunca
745 642 1090 713 deponitur;
1123 644 1220 716 qui
1266 646 1463 701 omnia
1504 646 1779 718 continet,
1819 647 1878 702 in
1909 647 1996 703 di-

344 727 597 783 versorio
630 745 741 783 non
774 729 996 784 invenit
1044 730 1256 800 locum,
1291 734 1386 789 sed
1438 735 1495 790 in
1529 752 1783 808 prasepe
1816 735 1997 808 proji-

346 814 917 885 citurjumentorum
943 836 956 887 ;
981 821 1237 876 mundus
1270 826 1327 877 et
1350 822 1763 879 immaculatus
1797 825 1997 879 sordes

345 902 595 975 suscipit
617 903 887 960 humana
911 912 1153 976 natura,
1176 915 1229 965 et
1256 927 1357 983 per
1376 912 1574 966 omnia
1594 916 1995 985 paupertatem

345 996 606 1047 nostram
638 996 952 1061 transiens,
1005 1014 1184 1068 usque
1216 1000 1285 1054 ad
1338 1000 1541 1056 mortis
1588 1002 1745 1056 venit
1775 1000 1995 1071 experi-

345 1085 633 1136 mentum.
667 1082 1036 1140 Considerate
1087 1089 1441 1159 paupertatis
1472 1096 1806 1161 spontanea
1836 1106 1997 1145 men-

346 1185 545 1224 suram
573 1186 586 1225 :
612 1170 727 1225 vita
750 1178 994 1227 mortem
1019 1180 1244 1245 gustat:
1271 1176 1457 1232 Judex
1486 1178 1790 1233 deducitur
1812 1179 1996 1248 adju-

346 1256 564 1313 dicium
595 1283 610 1325 ;
641 1259 770 1314 vita
814 1262 1077 1317 omnium
1119 1264 1490 1320 existentium
1537 1266 1821 1322 Dominus
1852 1267 1998 1323 sub-

347 1346 507 1401 ditur
534 1348 837 1403 sententia
863 1351 1222 1421 judicantis;
1255 1371 1352 1409 rex
1396 1355 1659 1410 omnium
1690 1356 1995 1425 virtutum,

2105 558 2418 628 subjicitur
2463 574 2532 613 ex
2581 557 2796 613 Basilio
2847 561 3072 630 Magno,
3121 557 3191 612 de
3241 556 3430 612 fructu
3471 558 3762 629 passionis

2104 646 2319 703 Christi
2352 647 2776 702 testimonium.
2812 648 3108 719 Nyssenus
3152 650 3351 701 autem
3382 652 3438 702 et
3467 648 3761 703 Neoeasa-

2106 736 2338 800 riensis,
2358 736 2508 807 quod
2531 736 2737 799 sciam,
2762 735 2909 790 nihil
2926 736 2983 791 in
3008 735 3159 790 hanc
3178 734 3423 807 Paupuli
3445 735 3761 807 Epistolam
3804 761 3813 767 ι

2105 824 2486 895 scripserunt.

2179 912 2441 984 Baptista
2470 912 2764 968 Guarinus
2811 912 3049 968 Guarini
3099 912 3207 967 viri
3246 912 3572 968 doctissimi
3608 912 3763 969 ﬁlius

2106 1002 2167 1056 in
2201 1001 2464 1055 Latinum
2498 1001 2740 1056 vertisse
2776 1000 2991 1056 dicitur
3020 1001 3277 1074 Gregorii
3317 1001 3659 1058 Nazianzeni
3692 1002 3760 1057 ad

2107 1089 2403 1145 Christum
2435 1094 2490 1144 et
2522 1089 2763 1144 Mariam
2800 1090 3092 1145 orationes
3123 1091 3181 1144 in
3214 1089 3566 1161 appendice:
3603 1090 3764 1145 Cata-

2108 1180 2218 1249 logi
2241 1180 2571 1248 scriptorum
2600 1178 3096 1233 ecclesiasticarum
3125 1177 3430 1233 Trithemii
3463 1183 3520 1233 et
3550 1178 3765 1233 Biblio-

2108 1267 2277 1322 theca
2308 1266 2703 1339 Lycosthenis,
2725 1271 2788 1321 ut
2809 1271 2865 1322 et
2894 1267 3103 1322 beatus
3126 1266 3441 1322 Rhenanus
3473 1268 3619 1323 duas
3649 1269 3765 1339 epi-

2107 1355 2287 1411 stolas
2316 1356 2581 1425 ejusdem
2614 1356 2682 1409 ad
2713 1355 3123 1412 Themistium.
3159 1357 3229 1410 At
3260 1353 3369 1410 illa
3400 1371 3586 1426 neque
3610 1356 3757 1410 Gra-

349 1450 476 1505 qua
509 1434 664 1489 ultra
697 1439 982 1493 mundum
1006 1447 1163 1508 sunt,
1189 1442 1614 1514 spiculatorum
1640 1462 1751 1499 non
1777 1444 2000 1516 respuit

348 1538 582 1579 manus.
622 1548 641 1571 ι
678 1524 807 1581 Hac
837 1525 916 1582 ibi
947 1544 1015 1583 ex
1044 1528 1319 1602 Gregorio
1358 1531 1650 1604 episcopo;
1684 1533 1781 1604 qui
1816 1533 1996 1590 videri

2106 1462 2171 1501 oe
2201 1461 2389 1515 neque
2422 1443 2621 1499 Latine
2641 1444 2701 1499 in
2733 1461 2947 1500 manus
2980 1461 3139 1500 meas
3170 1444 3356 1499 adhuc
3391 1444 3645 1499 incidere
3668 1460 3764 1517 po-

2105 1536 2367 1589 tuerunt.

421 1768 547 1823 Hac
574 1777 698 1823 sunt
727 1784 850 1840 qua
896 1772 1099 1827 Billius
1146 1774 1363 1842 collegit
1409 1779 1463 1830 et
1488 1776 1788 1831 adornavit
1835 1778 1893 1830 in
1943 1775 2170 1831 laudem
2212 1783 2267 1830 et
2306 1774 2745 1830 illustrationem
2794 1776 2992 1829 eximii
3037 1775 3304 1829 Doctoris.
3340 1779 3529 1830 Pauca
3558 1774 3764 1845 adjeci'

347 1871 493 1909 mus.
537 1858 702 1912 Billio
730 1862 817 1913 vel
847 1862 1053 1929 ignota,
1084 1863 1167 1917 vel
1196 1863 1439 1918 nondum
1469 1866 1527 1918 in
1560 1865 1734 1919 lucem
1777 1865 1938 1919 edita.
1970 1869 2100 1922 Jam
2133 1867 2373 1934 superest
2415 1872 2473 1919 ut
2501 1865 2681 1930 Billii,
2731 1863 3113 1933 Leuvenklaii,
3149 1862 3498 1927 Genebrardi,
3532 1865 3581 1918 et
3610 1864 3760 1917 alio-

347 1960 473 1999 rum
501 1946 598 2018 qui
628 1946 873 2018 Gregorii
894 1951 1151 2021 operibus
1180 1969 1408 2007 manum
1458 1953 1831 2008 adhibuerunt
1871 1954 2242 2023 praefationes
2286 1953 2373 2007 hic
2400 1954 2778 2024 subjiciamus.
2838 1952 3004 2007 Billii
3037 1954 3321 2024 epistolam
3353 1952 3541 2007 Carolo
3573 1953 3768 2007 Letho-

348 2034 507 2105 ringo
535 2035 813 2091 cardinali
834 2043 1224 2111 nuncupatam,
1252 2043 1537 2113 priorique
1564 2044 1798 2098 editioni
1836 2043 2146 2113 praeﬁxum,
2177 2044 2365 2112 forsan
2412 2041 2697 2097 detrahere
2728 2043 2985 2096 licuisset.
3020 2042 3085 2096 At
3113 2042 3262 2099 tanti
3288 2042 3399 2097 viri
3426 2043 3763 2109 reverentia,

348 2123 601 2177 libellum
624 2126 679 2177 in
711 2142 814 2196 quo
836 2127 1177 2183 calamitosas
1204 2134 1543 2201 tempestates
1571 2134 1661 2185 sui
1687 2134 1797 2188 avi
1828 2139 1940 2186 tam
1968 2131 2244 2202 eleganter
2272 2131 2552 2201 describit,
2588 2140 2919 2185 tamamare
2957 2130 3345 2199 luget,cateris
3381 2130 3499 2195 eius
3555 2122 3768 2199 ingenii

348 2215 717 2268 monumentis
746 2219 1063 2273 connectere
1090 2217 1447 2288 decrevimus,
1474 2222 1722 2276 maxime
1749 2223 1810 2276 ut
1838 2235 1906 2276 ne
1932 2221 2235 2275 minimum
2279 2219 2409 2292 quid
2438 2220 2523 2275 vel
2552 2235 2621 2275 ex
2665 2219 2909 2290 antiquis
2945 2217 3278 2273 editionibus
3314 2216 3624 2273 desiderare
3655 2217 3762 2273 lec-

348 2309 517 2356 torem
543 2305 811 2359 sinamus.

954 2494 1452 2535 REVERENDISSIMO
1492 2498 1551 2535 ΙΝ
1591 2496 1830 2536 CHRISTO
1871 2496 2015 2535 PATR

2114 2495 2146 2534 ο
2186 2495 2407 2535 DOMINO
2448 2494 2505 2534 D.
2544 2495 2761 2533 (ΖΑΒοω
2801 2494 3158 2533 LOTHARINGO

1446 2584 1774 2637 manmsu,
1813 2585 1881 2623 ac
1919 2574 2171 2622 PRiNCIPI
2212 2584 2667 2631 ILLUSTRISSIMO,

1194 2672 1442 2712 JACOBUS
1481 2672 1707 2712 BILLIUS
1744 2673 1924 2713 ABBAS
1962 2672 2012 2711 8.
2055 2672 2361 2711 MICHAELIS
2402 2673 2460 2711 ΙΝ
2500 2672 2714 2725 EREMO,
2756 2672 2807 2711 S.
2849 2671 2904 2711 D.

408 2789 570 2853 Quod
622 2791 704 2845 ait
751 2792 848 2847 ille
895 2794 1079 2849 totius
1128 2796 1508 2868 philosophia
1568 2798 1811 2851 antistes
1860 2795 1992 2851 Pla-
2022 2799 2069 2864 B
2097 2813 2232 2868 pace
2288 2796 2601 2852 amaritudo
2640 2812 2761 2853 mea
2810 2797 3167 2852 amarissima
3197 2796 3261 2853 9‘.
3295 2795 3359 2851 In
3402 2798 3569 2849 tanta
3598 2798 3762 2849 tran-

337 2882 393 2931 ιο
424 2876 558 2948 (56),
592 2895 836 2935 summa
860 2886 1034 2953 atque
1054 2883 1344 2939 eii'renata
1365 2884 1651 2939 libertatis
1672 2889 1990 2940 extremam

339 2963 687 3039 plerumque
718 2970 1055 3025 servitutem
1106 2972 1389 3028 asseclam
1430 2989 1578 3039 esse,
1628 2975 1781 3045 quod
1816 2973 1991 3029 etiam

338 3052 717 3126 Hippocrates
746 3057 880 3129 (57),
926 3075 1231 3131 corporum
1282 3060 1656 3118 habitudines
1698 3063 1768 3118 ad
1800 3066 1992 3118 extre-

340 3159 503 3198 mum
530 3145 810 3202 bonitatis
840 3148 1173 3219 perductas,
1205 3150 1561 3222 periculosas
1592 3168 1720 3207 esse
1746 3168 1758 3207 :
1793 3151 1901 3207 hoc
1933 3151 1992 3206 in

335 3230 665 3290 Christiana
696 3242 896 3292 nostra
927 3238 1222 3309 republica
1261 3257 1374 3294 non
1423 3240 1550 3294 sine
1585 3240 1838 3295 maximo
1870 3241 1993 3312 pio-

335 3336 467 3375 rum
500 3322 763 3379 omnium
797 3325 993 3381 dolore
1024 3326 1133 3381 hac
1165 3327 1382 3382 misera
1432 3332 1779 3400 tempestate
1812 3346 1993 3384 unus-

340 3409 591 3481 quisque
622 3416 886 3468 nostrum
922 3416 1230 3487 experitur.
1265 3416 1409 3471 Nam
1452 3416 1499 3471 si
1532 3417 1667 3488 quis
1705 3417 1993 3473 ﬂorentis-

340 3498 557 3554 simum
590 3498 754 3555 illum
787 3506 1027 3569 statum,
1063 3520 1176 3574 quo
1207 3508 1444 3560 Patrum
1477 3505 1762 3561 memoria
1795 3502 1996 3577 religio

340 3592 485 3652 erat,
519 3605 652 3643 cum
700 3606 766 3645 eo
816 3608 989 3663 quem
1040 3592 1132 3647 his
1182 3593 1595 3664 perditissimis
1634 3594 1997 3665 temporibus

338 3676 631 3747 videmus,
662 3681 1076 3751 composuerit,
1112 3680 1362 3752 perfecto
1392 3692 1663 3753 quantum
1690 3684 1865 3737 distat
1898 3683 1995 3738 0r-

339 3775 425 3822 tus
449 3768 518 3822 ab
552 3768 836 3825 Occidente
859 3770 923 3835 ³³,
971 3774 1200 3825 tantum
1232 3771 1385 3826 inter
1433 3775 1747 3842 utrumque
1777 3776 1996 3826 statum

336 3854 619 3911 interesse
649 3858 985 3929 comperiet.
1020 3859 1133 3914 Nec
1162 3876 1294 3919 vero
1333 3860 1391 3913 in
1426 3877 1485 3914 re
1514 3860 1657 3914 adeo
1693 3860 2001 3914 manifesta

333 3942 510 4016 longa
538 3947 795 4002 oratione
827 3964 973 4018 opus
1012 3964 1140 4002 esse
1184 3954 1342 4017 puto.
1399 3948 1546 4003 Illud
1584 3949 1774 4019 potius
1802 3948 1998 4003 dolen'

341 4033 485 4087 dum
536 4037 711 4104 atque
757 4035 1283 4106 ingemiscendum,
1337 4055 1442 4093 nos
1490 4042 1609 4092 tam
1661 4037 1997 4109 praclaram

344 4120 746 4177 hareditatem
779 4140 811 4177 a
843 4124 1167 4195 majoribus
1198 4133 1493 4198 acceptam
1527 4130 1724 4182 tenere
1755 4144 1867 4181 non
1903 4143 1999 4196 po-

348 4209 556 4264 tuisse.
590 4210 697 4264 Sed
728 4210 949 4267 scilicet
997 4230 1193 4269 verum
1243 4220 1331 4270 est
1378 4216 1532 4287 quod
1564 4216 1675 4270 dici
1707 4216 1875 4281 solet,
1908 4232 2005 4270 sa-

350 4298 610 4353 tietatem
644 4300 1007 4355 contumelia
1028 4306 1203 4374 atque
1230 4303 1551 4359 insolentia
1576 4309 1822 4359 matrem
1854 4320 2003 4359 esse.

422 4386 539 4441 Nos
572 4404 983 4459 prosperarum
1034 4407 1225 4446 rerum
1279 4391 1438 4447 velut
1485 4397 1714 4448 nectare
1752 4393 2005 4464 quodam

349 4475 564 4540 obruti,
584 4476 737 4531 bona
767 4482 970 4533 nostra
1001 4478 1461 4550 ingnoravimus,
1483 4496 1587 4536 nec
1621 4478 1782 4554 μέγαν
1815 4474 2003 4550 ὄλϐον,

347 4570 413 4620 ut
460 4565 531 4619 de
588 4565 833 4621 Tantalo
894 4568 974 4621 ait
1031 4568 1318 4623 Pindarus
1547 4568 1846 4640 καταπέψαι
1896 4564 2005 4639 (591

346 4654 647 4727 potuimus
674 4670 686 4708 :
715 4653 985 4727 idemque
1009 4655 1177 4711 nobis
1202 4656 1413 4711 accidit
1439 4657 1593 4727 quod
1624 4657 1845 4712 Judais
1866 4656 2005 4712 olim

349 4759 501 4814 sape
524 4760 632 4798 usu
656 4744 884 4800 venisse
902 4742 1175 4816 legimus,
1198 4745 1297 4815 qui
1317 4745 1673 4816 simulatque
1692 4746 2002 4811 incrassati,

347 4832 704 4903 impinguati,
779 4833 1003 4888 dilatati
1079 4837 1238 4903 sunt,
1315 4834 1583 4907 protinus
1661 4833 2003 4890 recalcitra-

346 4926 480 4977 runt
501 4922 570 4993 2‘,
595 4926 660 4977 ut
703 4923 858 4993 quod
907 4922 1130 4994 Appius
1178 4922 1274 4977 ille
1324 4924 1393 4977 de
1427 4923 1706 4978 Romanis
1754 4924 2002 4991 dicebat,

346 5011 643 5081 negotium
676 5010 794 5066 illis
823 5011 1054 5079 melius,
1080 5028 1255 5083 quam
1281 5013 1467 5067 otium
1494 5012 1778 5067 committi
1810 5029 2000 5084 posse,

343 5108 404 5164 in
438 5116 543 5153 nos
576 5116 689 5155 non
730 5099 1023 5156 immerito
1072 5102 1329 5172 torqueri
1381 5102 1587 5173 possit,
1634 5100 2003 5173 Ecclesiaque

342 5187 437 5243 his
467 5187 723 5244 Ezecbia
773 5189 963 5245 verbis
1010 5190 1313 5246 commode
1366 5191 1447 5245 uti
1498 5194 1716 5263 queat:
1768 5191 1900 5245 Ecce
1942 5192 2001 5245 in

2104 2886 2369 2958 quilitate
2400 2898 2646 2942 somnus
2678 2886 2749 2940 iis
2794 2886 3073 2956 obrepsit,
3108 2884 3208 2955 qui
3249 2885 3318 2940 ad
3356 2884 3623 2939 Ecclesia
3655 2900 3763 2955 gu-

2103 2974 2419 3030 bernacula
2448 2975 2748 3030 sedebant.
2783 2974 2909 3029 Non
2939 2973 3267 3029 litterarum
3299 2988 3603 3028 sacrarum
3635 2977 3767 3028 stu-

2104 3063 2217 3120 diis
2249 3063 2604 3133 incumbere,
2639 3079 2755 3119 non
2790 3063 3017 3135 plebem
3054 3062 3163 3118 sibi
3195 3061 3573 3118 commissam
3608 3060 3768 3116 salu-

2102 3152 2274 3208 tifera
2318 3151 2585 3208 doctrina
2639 3167 2895 3224 pascere,
2956 3167 3071 3206 non
3128 3150 3257 3206 vita
3314 3149 3649 3222 integritate
3700 3166 3765 3206 ac

2104 3240 2492 3296 sanctimonia
2539 3241 2760 3296 cateris
2808 3238 3155 3312 pralucere;
3203 3239 3305 3294 sed
3354 3237 3444 3295 vel
3490 3239 3763 3308 dormire,

2101 3329 2192 3385 vel
2214 3329 2324 3385 sibi
2346 3329 2490 3401 ipsis
2516 3333 2749 3385 tantum
2770 3328 3030 3400 vigilare,
3055 3336 3113 3384 et
3134 3328 3373 3400 quidem
3406 3327 3487 3382 ita
3501 3326 3761 3398 vigilare,

2105 3422 2172 3473 ut
2196 3417 2381 3474 altum
2411 3417 2664 3473 dormire
2694 3417 3047 3489 prastiterit.
3095 3416 3296 3481 Qualis
3347 3431 3514 3487 porro
3546 3415 3764 3488 guber-

2107 3510 2293 3575 nator,
2325 3505 2472 3561 tales
2520 3510 2783 3578 proreta,
2829 3505 2976 3560 tales
3025 3509 3237 3569 nauta,
3288 3503 3434 3559 tales
3466 3509 3757 3571 vectores;

2107 3602 2185 3665 et,
2222 3600 2284 3650 ut
2315 3596 2396 3650 ait
2451 3595 2772 3665 Scriptura,
2805 3596 2983 3665 qualis
3029 3594 3298 3660 sacerdos,
3332 3594 3461 3648 talis
3507 3597 3561 3648 et
3585 3608 3765 3665 popu—

2109 3685 2196 3739 lus
2215 3685 2280 3751 εδ,
2316 3683 2478 3737 mala
2510 3684 2790 3737 sementis
2838 3682 2989 3737 mala
3039 3699 3227 3754 seges,
3260 3681 3548 3736 malorum
3584 3681 3770 3753 magi-

2111 3778 2364 3829 strorum
2398 3772 2534 3827 mali
2568 3771 2863 3842 discipuli,
2898 3770 3036 3826 mali
3065 3770 3314 3841 exempli
3350 3769 3503 3824 mala
3533 3787 3772 3841 expres-—

2112 3862 2218 3918 sio.
2251 3862 2466 3917 Omnes
2496 3859 2941 3924 declinavimus,
2964 3864 3020 3915 et
3040 3859 3279 3915 inutiles
3309 3859 3444 3914 facti
3481 3875 3688 3914 sumus
3708 3859 3773 3913 ⁷⁷.

2112 3955 2380 4006 Pastores
2409 3948 2619 4005 inertia
2648 3949 3033 4022 languerunt:
3070 3947 3325 4021 populus
3356 3946 3561 4020 quales
3594 3963 3780 4003 mere-

2112 4040 2306 4109 batur,
2342 4038 2487 4094 tales
2520 4044 2785 4110 pastores
2816 4037 3050 4093 habuit.

2192 4127 2429 4181 Interim
2477 4124 2801 4197 versipellis
2853 4130 3050 4180 noster
3100 4124 3397 4192 inimicus,
3448 4146 3475 4173 «
3509 4124 3648 4195 (59‘)
3677 4124 3777 4195 qui

2118 4215 2407 4270 inferioris
2453 4216 2631 4285 hujus
2678 4215 2882 4268 mundi
2940 4214 3195 4269 scabiem
3246 4230 3312 4268 ac
3369 4212 3775 4284 languentium

2118 4304 2314 4359 ulcera
2343 4302 2552 4375 scalpit
2581 4308 2755 4373 atque
2800 4301 3066 4374 ablingit,
3108 4302 3207 4373 qui
3257 4302 3355 4356 ubi
3387 4300 3526 4372 quid
3560 4300 3680 4355 vitii
3720 4306 3778 4356 et

2118 4391 2462 4463 corruptela
2491 4396 2597 4461 est,
2646 4391 3024 4446 cadaveribus
3072 4391 3293 4445 assidet
3325 4389 3776 4460 putredinesque

2118 4485 2456 4547 contrectat,
2492 4502 2519 4530 υ
2560 4479 2894 4551 pastoribus
2943 4479 3001 4533 in
3053 4479 3244 4534 officio
3294 4478 3680 4544 cessantibus,
3713 4478 3771 4532 in

2117 4587 2321 4643 agrum
2353 4568 2585 4625 Domini
2616 4568 2815 4622 furtim
2850 4567 3151 4639 ingressus
3181 4566 3401 4621 zizania
3422 4566 3772 4637 supersemi-

2116 4658 2274 4714 navit
2294 4658 2358 4725 ’3,
2387 4662 2731 4728 tantamque
2772 4655 3104 4725 justissimo
3151 4654 3251 4709 Dei
3295 4654 3518 4725 judicio
3545 4658 3774 4725 tempe-

2115 4752 2324 4803 statem
2359 4761 2673 4817 rerumque
2714 4744 2982 4799 omnium
3029 4742 3531 4814 perturbationem
3562 4741 3775 4796 excita-

2116 4836 2217 4900 vit,
2246 4840 2368 4891 uta
2396 4835 2576 4906 .jactis
2626 4832 2926 4903 religionis
2969 4835 3178 4887 nostra
3231 4830 3647 4897 fundamentis,
3686 4830 3775 4884 vix

2115 4924 2235 4980 ulla
2266 4923 2496 4996 gravior
2526 4922 2903 4992 acerbiorque
2952 4920 3273 4975 exstiterit:
3326 4936 3560 4991 quoque
3590 4920 3773 4990 majo.

2114 5029 2236 5067 rem
2270 5018 2525 5084 stragem
2551 5012 2609 5065 in
2644 5010 2740 5064 Dei
2765 5008 2973 5064 castris
2994 5010 3209 5079 ederet,
3243 5007 3432 5080 angeli
3466 5007 3615 5062 lucis
3646 5023 3777 5078 pera

2113 5117 2319 5156 sonam
2352 5100 2463 5155 sibi
2496 5098 2851 5155 induendam
2886 5096 3131 5168 putavit,
3159 5100 3224 5151 ut
3255 5112 3371 5167 quo
3402 5096 3637 5161 tectius,
3667 5094 3776 5151 hoc

2112 5205 2341 5262 quoque
2373 5188 2680 5243 nocentius
2703 5185 3206 5259 perniciosiusque
3237 5186 3396 5241 virus
3429 5200 3606 5239 suum
3632 5183 3777 5239 sim-

414 5304 642 5381 ”Ifsal.
707 5320 805 5372 cu,
868 5307 954 5363 12.
1033 5306 1080 5343 "
1111 5311 1274 5365 Deut.
1333 5325 1513 5377 χχιιι,
1548 5308 1632 5363 15.
1712 5308 1899 5366 “lea.
1955 5327 2020 5366 xx

2113 5325 2193 5381 ιιι,
2255 5310 2340 5364 17.
2419 5306 2462 5341 ³⁸
2518 5304 2760 5375 086.1V,
2806 5307 2862 5364 9.
2942 5308 2987 5341 ³⁷
3020 5306 3165 5364 Psal.
3218 5323 3314 5374 LII,
3362 5306 3416 5362 4.
3489 5305 3534 5341 ’⁸
3565 5304 3775 5362 Matth.

350 5392 477 5445 xm,
507 5377 597 5432 25.

441 5501 533 5573 56)
563 5500 689 5573 Lib.
722 5502 796 5557 De
819 5517 958 5573 rep.,
990 5503 1043 5559 3.

441 5501 511 5556 56
564 5501 689 5556 Lib.
722 5502 796 5557 De
819 5517 958 5573 rep.,
990 5503 1011 5557 Ξ

416 5501 533 5719 ἓ57ξ
562 5571 683 5627 Lib.
717 5589 755 5639 ι,
789 5574 925 5646 aph.
958 5575 1011 5630 3.

436 5644 506 5699 58
559 5643 801 5718 Olymp.,
831 5645 925 5703 od.
957 5646 1009 5701 1.

436 5643 528 5718 58)
559 5643 801 5718 Olymp.,
826 5643 925 5703 od.
957 5646 1009 5701 1.

2184 5505 2300 5645 (59;
2328 5504 2388 5559 Id
2420 5507 2509 5558 est
2539 5504 2823 5584 ingentem
2853 5502 3171 5572 felicitatem
3197 5517 3543 5574 concoquere.

2185 5577 2278 5645 (59
2328 5577 2433 5645 Ap.
2464 5575 2758 5645 Cyprian.,
2791 5590 2849 5628 ιιι
2884 5580 3055 5645 Αρρ.,
3087 5590 3144 5645 p.
3176 5590 3311 5630 ovu.

2185 5575 2300 5646 (59)
2328 5577 2433 5647 Ap.
2464 5575 2758 5647 Cyprian.,
2791 5575 2849 5628 in
2884 5580 3055 5646 App.,
3087 5590 3144 5646 p.
3176 5590 3311 5630 ovu.
