4152 6208
335 350 458 412 31⁵1

1478 351 1749 415 JACOBI
1795 352 2027 413 BILLII
2073 352 2666 417 PBEFATIONES.

3635 351 3753 414 318

338 483 684 557 plicioribus
715 483 927 539 animis
984 484 1312 540 instillaret.
1376 485 1495 541 Sub
1555 485 1662 553 hac
1709 485 1867 540 larva
1908 485 1988 540 ita
2019 488 2073 552 Α
2104 486 2238 541 dere
2268 485 2556 558 desiisset,
2591 503 2651 542 se
2685 490 2877 542 tamen
2913 501 3122 541 caecam
3150 501 3277 541 esse
3303 483 3614 554 nesciebat,
3649 487 3751 542 sed

341 574 539 629 omnia
573 573 838 628 confudit
859 590 922 629 ao
954 591 1190 630 sursum
1225 575 1617 645 deorsumque
1641 575 1903 646 jactavit,
1925 578 1990 631 ut

337 663 400 717 in
426 664 739 732 antiquum
773 663 947 718 chaos
982 681 1125 735 pene
1152 663 1481 729 reciderint,
1513 666 1650 734 facti
1679 679 1790 735 que
1818 665 1991 719 simus

340 754 499 822 quasi
513 753 569 804 in
599 753 876 821 principio
915 769 1038 806 cum
1075 755 1218 807 Deus
1237 754 1412 806 nostri
1444 769 1549 805 non
1583 752 1987 822 dominaretur,

337 857 436 895 nec
469 843 820 894 invocaretur
849 857 1046 894 nomen
1075 843 1190 911 ejus
1239 857 1407 912 super
1434 857 1528 894 nos
1562 842 1628 896 93.
1670 841 1866 895 Terris
1897 858 1988 896 sa-

335 930 520 984 lutem
548 928 781 999 longam
807 928 1024 983 dixisse
1055 930 1281 983 videtur
1299 929 1554 984 Charitas
1590 946 1602 995 ;
1627 929 1988 999 improbitati

336 1022 514 1088 atque
546 1016 922 1087 impudentiae
982 1017 1218 1072 habena
1263 1034 1464 1072 omnes
1516 1018 1771 1072 remissae
1827 1022 1986 1071 sunt.

333 1105 514 1160 Plena
546 1107 747 1160 omnia
776 1106 912 1172 odii,
945 1107 1198 1160 rixarum
1254 1111 1311 1161 et
1345 1106 1784 1171 maledicentia,
1817 1105 1990 1177 plena

329 1194 534 1249 livoris
567 1199 621 1248 et
669 1194 966 1248 virulenta:
997 1195 1407 1250 contentionis.
1441 1194 1771 1249 Amicorum
1804 1199 1861 1248 et
1893 1196 1990 1249 ho-

330 1283 515 1338 stium
550 1282 778 1337 nullum
830 1283 1166 1339 discrimen.
1219 1284 1398 1338 Nemo
1457 1283 1715 1354 seipsum
1749 1283 1988 1354 propius

332 1370 603 1442 inspicit,
637 1373 734 1426 sed
769 1372 1016 1427 salutem
1052 1389 1217 1427 suam
1255 1373 1309 1426 in
1343 1377 1468 1426 tuto
1525 1371 1739 1426 versari
1791 1372 1987 1426 existi-

336 1465 485 1530 mat,
510 1461 650 1514 dum
685 1459 829 1515 alios
861 1461 1019 1516 omni
1051 1461 1230 1516 animi
1264 1461 1577 1516 acerbitate
1617 1467 1791 1532 atque
1825 1478 1984 1515 ama-

342 1547 598 1603 rulentia
630 1550 966 1605 insectatur.
1002 1573 1028 1598 ‹‹
1064 1551 1312 1605 Pereunt
1343 1551 1514 1616 bona,
1566 1554 1630 1603 ut
1663 1550 1742 1604 ait
1792 1554 1988 1604 noster

331 1638 650 1709 Gregorius
679 1639 810 1710 (60),
845 1640 1001 1693 nuda
1031 1644 1087 1694 et
1113 1644 1313 1710 aperta
1362 1643 1501 1693 sunt
1548 1638 1720 1702 mala,
1756 1639 1988 1709 naviga—

333 1727 417 1782 tio
449 1727 509 1780 in
539 1733 727 1793 nocte,
762 1727 852 1782 fax
893 1744 1210 1798 nusquam,
1242 1727 1511 1782 Christus
1555 1727 1787 1781 dormit.
1828 1750 1846 1774 ι
1885 1730 1982 1782 Re-

327 1817 657 1885 frigescente
687 1814 772 1870 vel
822 1816 1014 1886 potius
1045 1815 1327 1869 exstincta
1357 1817 1625 1869 charitate
1655 1815 1896 1870 abundat
1924 1817 1984 1870 in
2018 1842 2063 1905 Β

329 1904 474 1958 orbe
504 1905 768 1976 iniquitas
797 1905 861 1958 ³ο.
894 1906 1240 1959 Exundante
1268 1920 1434 1975 porro
1459 1909 1630 1975 atque
1662 1905 1719 1958 in
1744 1907 1987 1959 immen-

327 2009 466 2048 sum
499 1999 863 2048 excrescente
893 1994 1224 2065 iniquitate,
1258 1993 1545 2048 vindicem
1576 1994 1676 2048 Dei
1728 1993 1989 2066 gladium

328 2082 726 2154 ardentesque
758 2082 888 2138 illas
920 2082 1165 2152 sagittas
1198 2083 1242 2119 ³¹
1268 2083 1324 2136 in
1357 2099 1464 2137 nos
1490 2083 1694 2138 cadere
1751 2100 1864 2138 non
1903 2087 1992 2138 est

324 2171 568 2228 mirum.

414 2262 610 2331 Itaque
639 2261 796 2315 haud
829 2261 945 2316 scio
999 2278 1072 2315 an
1123 2277 1238 2315 non
1293 2260 1476 2315 multo
1524 2261 1889 2317 commodius
1920 2263 1990 2317 de

341 2349 456 2403 hoc
489 2353 684 2404 nostro
711 2354 973 2420 tempore
1004 2349 1193 2404 dicere
1225 2350 1390 2403 nobis
1429 2348 1620 2414 liceat,
1669 2350 1824 2418 quod
1858 2351 1989 2421 Epi-

338 2437 600 2508 phanius
629 2438 902 2507 (61)olim
937 2439 1007 2493 de
1053 2455 1160 2493 sua
1207 2441 1552 2509 tempestate
1609 2439 1680 2493 ob
1722 2439 1986 2493 eamdem

342 2542 584 2580 causam
619 2527 864 2581 dicebat.
900 2550 926 2575 «
961 2527 1290 2581 Mirandum
1326 2532 1414 2581 est
1443 2527 1550 2581 hoc
1606 2533 1883 2597 tempore,
1932 2533 1988 2582 et

339 2630 458 2667 non
489 2614 843 2669 mirandum.
898 2615 1251 2682 Mirandum,
1316 2615 1471 2686 quod
1521 2618 1716 2670 nostro
1773 2616 1985 2671 saeculo

338 2701 539 2755 omnia
571 2702 890 2773 implentur
922 2721 934 2758 :
971 2720 1084 2757 non
1111 2708 1302 2757 autem
1340 2703 1982 2772 mirandum,quiaim-

332 2789 476 2860 pleri
509 2808 577 2845 ea
608 2807 842 2845 necesse
859 2796 964 2846 est.
988 2812 1016 2840 ››
1051 2793 1117 2845 Et
1169 2791 1371 2862 paucis
1401 2792 1589 2846 verbis
1620 2792 1938 2862 interjectis
1967 2810 1978 2848 :

331 2902 352 2926 ι
375 2880 498 2943 Quo
526 2895 836 2951 progressa
864 2885 950 2935 est
983 2896 1146 2934 mens
1179 2880 1434 2935 hominis
1463 2881 1726 2951 pronaad
1759 2880 1980 2936 malum

320 2968 392 3022 ab
418 2968 808 3023 adolescentia
839 2986 942 3023 sua
960 2969 987 3022 ?
1008 2972 1160 3034 Quas
1179 2970 1311 3023 ﬁdei
1344 2974 1536 3040 partes
1562 2986 1670 3023 non
1702 2969 1981 3040 perdidil?

315 3056 376 3110 ln
413 3059 633 3128 quibus
665 3057 1166 3128 disputationibus
1189 3058 1499 3113 utilitatem
1532 3074 1644 3112 non
1684 3059 1978 3129 perturba-

313 3151 396 3200 v1t
428 3147 658 3201 consilii
685 3146 1079 3217 perversitas?
1104 3169 1131 3198 ››
1167 3147 1313 3213 Quid
1345 3147 1498 3202 enim
1525 3147 1551 3201 (Ι
1580 3149 1666 3201 An
1727 3164 1840 3202 non
1873 3149 1972 3203 de-

316 3234 784 3307 ploratissimam
822 3236 970 3290 hanc
1014 3241 1239 3291 aatatem
1280 3235 1436 3291 velut
1484 3236 1663 3307 digito
1710 3235 1970 3292 indicare

316 3325 554 3378 videtur
577 3325 663 3378 vir
686 3324 781 3379 ille
813 3325 1250 3391 sanctissimus,
1282 3325 1340 3379 in
1372 3341 1488 3396 qua
1523 3325 1612 3379 vel
1645 3342 1788 3380 nova
1827 3343 1972 3396 quo-

317 3413 460 3468 tidie
491 3413 772 3484 dogmata
794 3413 1082 3480 feruntur,
1135 3413 1223 3468 vel
1250 3414 1375 3483 jam
1419 3413 1556 3468 olim
1607 3431 1887 3486 oppressa
1917 3418 1973 3469 et

323 3501 555 3573 sepulta
603 3503 663 3555 in
719 3502 908 3557 lucem
960 3503 1347 3557 revocantur?
1379 3502 1577 3573 Neque
1628 3503 1783 3557 enim
1829 3503 1972 3558 satis

318 3590 530 3645 habuit
579 3596 755 3646 Satan
791 3591 1166 3646 inferioribus
1209 3591 1341 3646 telis
1372 3592 1652 3647 adversus
1710 3609 1815 3647 nos
1866 3593 1971 3658 uti,

319 3681 434 3734 nisi
466 3681 646 3733 etiam
680 3697 921 3742 venena,
974 3684 1037 3733 ut
1062 3680 1150 3734 ait-
1173 3679 1289 3747 ille,
1349 3679 1490 3736 ccelo
1524 3685 1761 3751 peteret,
1796 3685 1973 3752 atque

318 3784 386 3822 ex
418 3768 831 3823 saluberrimis
863 3768 988 3822 vita
1014 3767 1272 3823 fontibus
1306 3785 1338 3822 a
1370 3785 1430 3823 se
1449 3769 1689 3833 vitiatis,
1727 3775 1970 3824 mortem

318 3855 488 3910 nobis
523 3856 879 3927 propinaret,
897 3857 1224 3927 sagittaque
1245 3856 1343 3911 illa
1365 3873 1467 3928 per
1485 3857 1638 3911 diem
1658 3857 1887 3911 volante
1905 3858 1974 3926 ³³,

313 3944 422 3999 hoc
454 3953 561 4009 est,
597 3952 660 3998 ut
693 3962 794 4016 per
829 3945 1126 4000 haereticos
1150 3945 1209 3999 in
1269 3950 1605 4000 sanctarum
1649 3945 1973 4017 intelligen-

316 4034 398 4088 tia
429 4035 888 4105 Scripturarum,
923 4033 1238 4088 Ecclesiam
1271 4034 1728 4090 convulneraret.

395 4123 678 4178 Hinoillas
706 4128 790 4178 tot
821 4129 1061 4194 tamque
1119 4123 1384 4178 dissectaa
1437 4130 1629 4188 sectas,
1683 4141 1828 4194 quas
1875 4141 1975 4195 per

314 4229 457 4269 suos
490 4212 774 4267 satellites
831 4217 951 4267 toto
1007 4212 1144 4266 orbe
1186 4212 1512 4267 Christiano
1571 4214 1809 4284 spargit,
1874 4215 1974 4284 qui

321 4302 551 4356 utinam
585 4300 699 4371 ipsi
732 4306 858 4355 tum
893 4318 1010 4356 sum
1042 4305 1167 4355 tum
1228 4301 1474 4356 aliorum
1525 4301 1732 4357 salutis
1778 4303 1976 4357 minus

319 4390 552 4462 prodigi
587 4390 817 4445 essent!
858 4389 1092 4445 Utinam
1124 4391 1342 4446 fastum
1394 4390 1562 4446 illum
1595 4407 1770 4446 suum
1803 4395 1977 4462 atque

321 4477 722 4549 arrogantiam
755 4477 1230 4550 comprimerent,
1261 4496 1365 4534 nec
1396 4479 1802 4548 antiquitatem
1852 4481 1976 4534 uni-

2099 574 2155 629 in
2183 575 2420 629 domum
2453 577 2820 631 tenebrosam
2870 577 2927 631 id
2987 575 3304 646 rejiciebat,
3359 573 3589 646 alioque
3649 574 3750 629 mi-

2099 680 2266 736 grare
2303 664 2446 719 velle
2498 665 2747 719 dicebat.
2809 667 2888 719 Ex
2947 682 3060 736 quo
3120 664 3369 719 efficitur
3417 667 3480 718 ut
3527 663 3748 719 nemini

2100 770 2341 824 prorsus
2374 753 2572 807 cedere
2606 754 2954 821 sustineant,
3009 771 3209 808 verum
3260 752 3478 808 cerebri
3540 753 3630 807 sui
3683 754 3748 807 fi-

2099 846 2336 913 gmenta
2370 844 2449 896 ita
2472 841 2691 912 perdite
2723 848 2914 896 ament
2949 848 3121 914 atque
3163 842 3584 913 amplexentur,
3622 846 3685 895 ut
3714 859 3748 897 a

2098 929 2415 985 visceribus
2447 931 2569 984 suis
2594 930 2786 1000 potius
2821 931 3004 999 avelli,
3044 948 3219 1002 quam
3253 949 3286 985 θ.
3317 935 3594 1002 concepta
3652 948 3742 986 se-

2100 1018 2210 1072 mel
2244 1019 2514 1088 opinione
2546 1019 2803 1074 abstrahi
2857 1020 3171 1090 patiantur.
3208 1020 3320 1090 (63)
3353 1043 3379 1069 ‹‹
3415 1023 3501 1073 Ita
3531 1020 3743 1091 perditi

2098 1108 2368 1178 perdunt,
2409 1114 2463 1162 et
2512 1109 2801 1177 depravati
2863 1124 3114 1162 errorem
3188 1108 3488 1178 pravitatis
3545 1108 3743 1163 infun-

2097 1197 2262 1262 dunt,
2297 1216 2322 1247 ι)
2363 1212 2426 1250 ac
2457 1196 2616 1250 virus
2644 1214 2814 1252 suum
2842 1212 3311 1268 quaquaversum
3334 1213 3605 1268 spargere
3629 1214 3746 1253 mo-

2098 1284 2326 1340 liuntur
2356 1303 2368 1339 :
2403 1290 2467 1338 ut
2497 1303 2610 1339 non
2645 1286 2748 1340 abs
2788 1303 2849 1340 re
2888 1286 3133 1357 Cyprius
3163 1284 3260 1339 ille
3291 1284 3600 1356 episcopus
3631 1286 3743 1357 (64)

2097 1391 2194 1429 eos
2253 1368 2593 1444 ἐκθαμϐητὰς
2652 1377 2756 1426 τῶν
2816 1368 3102 1448 προϐάτων
3180 1372 3268 1426 καὶ
3343 1370 3579 1445 πτύρτας
3636 1377 3743 1426 τῶν

2096 1466 2446 1536 περιστερῶν,
2505 1460 2592 1514 καὶ
2652 1457 2887 1530 scen-trite
2945 1466 3050 1515 τῶν
3108 1465 3204 1516 τοῦ
3254 1465 3485 1536 Χριστοῦ
3546 1461 3742 1534 ἀρνίων

2095 1551 2183 1605 καὶ
2218 1552 2543 1624 θρεμμάτων
2569 1557 2752 1607 vocet.
2794 1553 2881 1606 Sic
2914 1555 3183 1624 impurus
3243 1552 3428 1607 hostis
3487 1553 3746 1606 fructum

2096 1657 2328 1697 omnem
2361 1641 2758 1695 memorabilis
2789 1641 2946 1695 illius
2974 1640 3264 1712 supplicii,
3292 1640 3444 1711 quod
3477 1639 3746 1696 Christus

2095 1730 2154 1784 in
2179 1746 2347 1784 cruce
2374 1729 2633 1800 pertulit,
2686 1734 2746 1784 ut
2784 1731 2926 1798 ﬁlios
2979 1731 3094 1794 Dei,
3147 1731 3242 1800 qui
3286 1738 3443 1784 erant
3489 1729 3745 1800 dispersi,

2094 1827 2444 1889 congregaret
2465 1822 2518 1872 in
2550 1836 2722 1873 unum
2771 1819 2834 1886 ³³,
2870 1819 3136 1873 funditus
3167 1818 3368 1874 tollere
3391 1822 3565 1890 atque
3597 1818 3745 1873 evel-

2100 1908 2216 1963 lere
2241 1908 2427 1963 modis
2459 1908 2730 1962 omnibus
2763 1913 3024 1962 conatur.
3067 1907 3222 1961 Nihil
3256 1907 3409 1961 enim
3441 1923 3575 1961 eum
3609 1924 3748 1979 gra-

2098 1997 2226 2052 vius
2257 1997 2421 2069 angit
2442 2001 2498 2052 et
2526 1997 2838 2060 excruciat,
2865 2012 3041 2067 quam
3092 2013 3200 2066 pax
3229 1995 3475 2050 aliorum
3521 1999 3578 2050 et
3607 2011 3746 2050 con-

2098 2087 2316 2156 cordia,
2340 2088 2509 2155 cujus
2541 2102 2602 2140 se
2631 2102 2737 2139 suo
2770 2085 2982 2140 scelere
3012 2090 3304 2155 expertem
3360 2084 3536 2138 videt.
3587 2082 3746 2137 Nihil

2099 2180 2188 2231 est
2231 2175 2384 2245 quod
2419 2174 2643 2228 avidiu
2674 2177 2924 2244 expetat,
2974 2177 3148 2243 atque
3204 2173 3262 2225 in
3297 2188 3411 2242 quo
3443 2171 3748 2226 vehemen-

2097 2264 2218 2318 tius
2248 2263 2523 2332 elaboret,
2545 2279 2720 2332 quam
2755 2267 2815 2316 ut
2846 2261 3036 2316 nobile
3081 2261 3223 2314 illud
3275 2260 3489 2314 amoris
3548 2277 3613 2314 ac
3645 2261 3744 2314 be-

2097 2352 2435 2407 nevolentia:
2485 2351 2766 2422 legatum,
2807 2351 2961 2419 quod
3013 2349 3280 2404 Christus
3329 2347 3593 2402 Ecclesiae
3625 2363 3740 2402 suis

2097 2445 2448 2496 testamento
2471 2439 2726 2510 reliquit,
2752 2438 2920 2492 nobis
2950 2443 3309 2508 extorqueat.
3369 2440 3446 2490 Ac
3497 2437 3741 2508 proinde

2097 2547 2242 2601 quas
2275 2532 2465 2600 potest
2495 2527 2893 2583 contentiones
2926 2528 2979 2581 in
3006 2529 3176 2582 domo
3211 2526 3308 2581 Dei
3336 2525 3559 2591 serit,et
3581 2526 3737 2596 quod

2095 2619 2165 2673 de
2196 2622 2377 2673 morte
2404 2618 2786 2688 Hieronymus
2836 2616 3024 2671 aiebat
3050 2616 3184 2687 (65),
3221 2637 3240 2664 c
3278 2616 3483 2670 fratres
3515 2614 3738 2684 dividit,

2094 2713 2150 2762 et
2177 2706 2523 2762 charissima
2553 2706 2707 2760 inter
2736 2721 2797 2760 se
2856 2706 3094 2760 nomina
3132 2704 3384 2759 crudelis
3443 2708 3499 2758 et
3553 2705 3740 2758 durus

2091 2793 2387 2850 dissociat.
2415 2814 2436 2844 ι

2161 2888 2292 2938 Hac
2327 2883 2468 2954 proh
2505 2882 2702 2939 dolorl
2739 2900 2850 2938 non
2897 2883 3023 2953 jam
3079 2881 3342 2949 auribus,
3401 2883 3502 2936 sed
3553 2880 3738 2936 oculis

2091 2973 2236 3044 ipsis
2268 2972 2575 3027 haurimus
2610 2987 2623 3028 :
2658 2988 2772 3026 non
2798 2973 2931 3042 jam
2985 2971 3260 3041 legimus,
3305 2971 3405 3025 sed
3454 2969 3745 3025 sentimus

2090 3078 2386 3133 quamque
2434 3058 2661 3128 κακίστη
2723 3056 3024 3131 δαιμόνων,
3091 3064 3156 3114 ut
3213 3059 3510 3130 Euripidis
3569 3059 3741 3114 verbo

2088 3155 2239 3218 utar,
2271 3151 2348 3205 sit
2372 3149 2632 3216 haeresis,
2666 3167 2781 3204 non
2814 3154 2934 3204 tam
2968 3164 3036 3203 ex
3087 3147 3384 3202 annalium
3432 3147 3738 3216 memoria,

2082 3255 2259 3310 quam
2292 3255 2358 3293 ex
2389 3239 2728 3293 nostrismet
2763 3238 2876 3308 ipsi
2940 3236 3374 3291 calamitatibus
3422 3252 3605 3306 cogno
3626 3235 3748 3290 sci-

2083 3345 2238 3382 mus.
2274 3327 2489 3382 Multas
2519 3327 2757 3397 quidem
2786 3342 3110 3398 gravesque
3131 3325 3420 3380 haeresum
3459 3323 3745 3395 procellas

2083 3417 2138 3471 in
2174 3421 2431 3471 veterum
2466 3414 2864 3470 monumentis
2909 3415 3234 3486 descriptas
3266 3414 3536 3469 videmus
3577 3430 3589 3468 :
3643 3414 3743 3467 sed

2084 3505 2268 3560 multo
2291 3505 2524 3575 gravius
2558 3521 2663 3558 nos
2693 3503 2979 3568 afficiunt,
3021 3520 3167 3572 quas
3199 3502 3312 3572 ipsi
3348 3503 3647 3557 cernimus
3679 3519 3744 3556 ac

2083 3596 2398 3650 sentimus.
2457 3593 2529 3649 Ut
2568 3593 2724 3648 enim
2781 3609 2873 3647 res
2930 3592 3138 3662 procul
3196 3592 3266 3646 ab
3310 3592 3495 3646 oculis
3526 3591 3747 3646 dissitas

2084 3683 2268 3738 multo
2305 3683 2558 3737 minores
2605 3682 2896 3743 videntur,
2947 3697 3123 3751 quam
3175 3697 3305 3750 qua)
3365 3679 3618 3750 propiori
3651 3680 3746 3732 in-

2083 3771 2322 3827 tervallo
2356 3770 2945 3842 spectantur.eodem
2993 3770 3168 3824 modo
3214 3769 3336 3822 fieri
3385 3784 3497 3821 non
3532 3771 3742 3837 potest,

2085 3860 2225 3931 quin
2264 3876 2518 3930 prmsens
2549 3858 2852 3913 calamitas
2879 3857 3064 3911 multo
3102 3855 3422 3927 graviorem
3458 3855 3626 3909 nobis
3649 3855 3746 3909 do-

2083 3950 2265 4004 lorem
2305 3949 2520 4010 inurat,
2569 3964 2744 4017 quam
2778 3963 2925 4017 quas
2974 3945 3029 3998 in
3087 3943 3500 3998 historicorum
3577 3941 3743 3998 libris

2084 4038 2239 4092 velut
2271 4038 2328 4090 in
2353 4035 2554 4090 tabula
2589 4036 2843 4106 quadam
2884 4035 3068 4103 pietas
3101 4034 3420 4085 intuemur.
3479 4031 3544 4085 Et
3601 4048 3743 4086 sane

2086 4143 2317 4197 aequum
2352 4129 2494 4190 erat,
2529 4129 2594 4178 ut
2641 4123 2743 4194 qui
2775 4123 3102 4178 vicinorum
3156 4125 3489 4175 nostrorum
3523 4120 3744 4175 tristis-

2087 4215 2254 4271 simis
2303 4212 2584 4282 exemplis
2636 4211 2853 4266 erudiri
2916 4209 3301 4280 negleximus,
3358 4208 3468 4279 ipsi
3501 4209 3742 4263 tandem

2085 4303 2216 4358 aliis
2240 4303 2299 4357 in
2331 4301 2662 4371 exemplum
2686 4316 3164 4371 proponeremur,
3193 4298 3496 4368 ceaterique
3544 4315 3610 4352 ex
3646 4314 3744 4352 no-

2085 4393 2179 4447 bis
2209 4392 2624 4446 documentum
2658 4393 2952 4460 caperent,
2987 4388 3126 4458 quid
3180 4387 3292 4442 sibi
3347 4391 3500 4442 esset
3559 4386 3616 4440 in
3651 4403 3744 4441 ea-

2087 4480 2219 4535 dem
2253 4496 2430 4534 causa
2471 4477 3022 4548 pertimescendum.
3058 4480 3249 4546 Atque
3281 4476 3509 4529 utinam
3541 4476 3740 4530 verbe-

321 4582 553 4622 versam
575 4565 1386 4640 cacitatisatqueignorantiaa
1409 4570 1689 4624 damnare
1710 4567 1970 4634 mallent,
2004 4562 2051 4626 D
2083 4569 2245 4624 ribus
2269 4568 2494 4632 saltem,
2531 4567 2898 4638 utgPhryges,
2925 4570 2980 4620 et
3010 4565 3249 4636 quidem
3281 4565 3492 4618 iterum
3526 4580 3592 4619 ac
3622 4569 3740 4618 ter-

323 4671 502 4726 quam
535 4672 790 4711 errorem
814 4672 990 4711 suum
1022 4656 1316 4710 conﬁteri!
1374 4657 1483 4712 Sed
1517 4657 1691 4712 habet
1722 4657 1830 4712 hoc
1862 4657 1974 4711 im-

322 4744 499 4816 primi
535 4741 811 4819 φιλαυτία,
836 4744 1123 4800 haeresum
1158 4745 1422 4800 omnium
1485 4763 1696 4817 parens
1725 4746 1975 4802 certissi-

323 4850 444 4899 ma,
473 4834 630 4904 quod
663 4834 758 4900 iis,
819 4834 920 4904 qui
968 4833 1076 4888 hoc
1127 4833 1265 4889 vitio
1315 4834 1510 4889 infecti
1567 4839 1724 4904 sunt,
1776 4835 1974 4889 oculos

317 4939 565 4993 prorsus
597 4923 903 4994 morbique
934 4939 1168 4977 sensum
1203 4938 1434 4978 omnem
1460 4923 1648 4994 eripit,
1687 4924 1973 4996 planeque

318 5012 528 5067 eodem
579 5013 754 5067 modo
825 5028 922 5067 eos
963 5011 1163 5079 afficit,
1215 5028 1328 5083 quo
1369 5011 1714 5083 Harpastem
1748 5013 1971 5068 fatuam

318 5117 489 5155 suam
525 5101 746 5155 Seneca
767 5100 878 5171 (62)
927 5100 1225 5155 laborasse
1279 5100 1503 5170 scribit,
1563 5118 1690 5172 quae
1723 5118 1856 5156 cum
1888 5103 1971 5158 vi-

2086 4658 2164 4713 tio
2197 4657 2478 4729 repetitis,
2501 4655 2769 4710 meliores
2789 4655 3172 4719 efficeremur,
3207 4669 3272 4707 ac
3305 4669 3420 4706 non
3453 4653 3646 4722 potius
3666 4653 3738 4706 ad

2084 4751 2202 4801 tam
2236 4747 2413 4801 duras
2444 4744 2647 4816 plagas
2676 4745 3253 4813 obstupesceremus.
3287 4741 3420 4806 Sed,
3458 4741 3612 4811 quod
3647 4741 3738 4794 vix

2084 4835 2209 4891 sine
2236 4834 2508 4905 lacrymis
2531 4833 2641 4887 dici
2678 4837 2886 4893 potest,
2921 4832 2990 4884 ad
3026 4829 3240 4884 doloris
3284 4846 3520 4883 sensum
3555 4830 3740 4883 obdu-

2082 4927 2271 4980 ruisse
2295 4925 2580 4977 videmur.
2629 4923 2893 4990 Dissipati
2952 4921 3108 4973 enim
3161 4935 3374 4982 sumus,
3439 4925 3499 4972 ut
3549 4918 3742 4988 inquit

2079 5015 2390 5085 PrOpheta,
2424 5021 2473 5067 et
2522 5027 2632 5066 non
2660 5011 2972 5080 compuncti
2994 5009 3058 5063 3‘.
3097 5011 3372 5063 Percussat
3429 5023 3523 5061 nos
3556 5008 3741 5062 Domi-

2080 5120 2205 5172 nus,
2237 5109 2416 5157 etnon
2445 5100 2724 5156 doluimus
2754 5119 2776 5164 ;
2803 5099 3019 5154 attriuit
3075 5112 3196 5162 nos,
3234 5099 3286 5151 et
3335 5098 3623 5151 renuimus
3651 5113 3742 5150 ac-

387 5281 574 5334 ”Isa.
627 5296 783 5350 Lxm,
846 5279 931 5334 19.
999 5280 1044 5314 3°
1072 5281 1274 5336 Matth.
1303 5297 1453 5350 xxxv,
1504 5280 1588 5334 12.
1661 5281 1703 5316 ³¹
1764 5282 1919 5337 Psal.
1986 5297 2086 5350 vn,
2129 5283 2215 5338 17.
2275 5283 2321 5318 ⁸²
2379 5280 2530 5338 Psal.
2590 5296 2679 5347 xc,
2765 5281 2820 5334 6.
2885 5278 2928 5311 ³³
2974 5276 3143 5333 Joan.
3196 5293 3253 5342 x,
3303 5277 3393 5331 52.
3478 5275 3524 5311 ³⁸
3589 5275 3738 5332 Psal.

317 5368 507 5420 χχχιιι,
544 5351 633 5406 16.

389 5534 505 5600 (60)
528 5532 698 5602 Epist.
734 5531 804 5586 ad
826 5531 1161 5588 Eudoxium.
1187 5530 1264 5586 al.
1297 5549 1488 5588 χχχιχ.

394 5603 653 5677 (61)Ιῄ1).
689 5607 948 5677 m._tom.
986 5605 1065 5677 II,
1089 5603 1353 5677 Adversus
1414 5604 1676 5674 Auﬁdia,
1730 5620 1785 5677 p.
1822 5605 1978 5662 1034.

395 5677 510 5749 (62)
541 5675 743 5731 Senec.
776 5674 837 5733 in
869 5675 1087 5733 Hercul.
1123 5675 1322 5735 Oetaeo.

2305 5530 2685 5615 Cypriumnlib
2718 5535 2813 5615 De.
2833 5529 3148 5615 idol.'uan.,
3179 5530 3395 5615 Ρλλὲἓϐ.

2182 5600 2271 5676 64)
2308 5600 2514 5676 Epiph.
2547 5603 2648 5658 lib.
2683 5618 2765 5676 ιι]Σ
2800 5606 2943 5658 tom.
2976 5600 3045 5669 II,
3081 5616 3136 5671 p,
3174 5600 3328 5676 1,099.

2162 5611 2271 5749 E6!“
2309 5611 2514 5687 Epciph.
2547 5611 2648 5658 lib.
2683 5618 2765 5656 ιιι.
2800 5611 2943 5658 tom.
2976 5611 3045 5669 ll,
3081 5616 3136 5671 p,
3174 5611 3309 5653 10W

2184 5645 2273 5745 65$
2298 5677 2480 5750 Εριει.
2508 5675 2596 5748 35,
2619 5680 2661 5731 t.
2694 5673 2786 5743 ιν,
2821 5676 2971 5767 part.
3030 5687 3070 5742 ι,
3095 5688 3153 5744 ρ.
3184 5671 3309 5727 267.
