4184 6202
444 349 561 417 319

1550 370 1820 435 JACOBI
1861 372 2093 436 BILLlI
2136 376 2727 442 PRJEFATIONES.

3728 381 3847 447 320

444 490 626 560 cipcre
650 491 1000 589 disciplinam
1027 497 1094 589 f5.
1128 500 1336 560 Belluea
1395 507 1443 562 si
1503 509 1735 580 quando
1794 526 1823 565 e
1864 511 2088 581 laqueis
2117 514 2171 579 Α
2200 512 2440 584 tigrides
2474 532 2536 570 se
2577 518 2853 589 praebent.
2916 517 3147 589 Christi,
3208 517 3377 589 cujus
3436 517 3843 574 admirabilem

444 579 750 649 evaserint,
776 599 843 638 ea
880 587 1076 643 omnia
1118 589 1264 658 loca,
1323 593 1379 650 in
1431 579 1645 668 quibus
1677 597 1913 669 laqueos
1939 579 2088 656 esse

446 669 842 741 suspicantur,
860 676 1060 733 sedulo
1091 678 1327 753 fugiunt
1356 699 1369 751 ;
1403 702 1509 742 nos
1536 687 1699 743 bardi
1732 692 1788 744 et
1815 690 2088 745 vecordes

444 756 512 811 ad
539 760 808 815 eumdem
826 765 1085 833 quotidie
1106 767 1357 841 lapidem
1384 773 1789 847 impingimus,
1805 780 1860 831 et
1877 793 2085 848 pyrau-

440 849 664 937 starum
687 848 745 903 in
769 867 1011 920 morem,
1043 858 1314 914 ambusta
1355 863 1479 933 jam
1512 864 1682 919 toties
1726 882 1793 920 ac
1823 866 1937 921 fere
1958 866 2087 937 jam

442 936 652 991 adusta
682 955 924 1011 corpora
958 943 1210 1002 ﬂammis
1236 950 1425 1006 adhuc
1457 954 1858 1010 admovemus.

512 1026 984 1102 Quotusquisque
1016 1038 1103 1088 est
1132 1036 1311 1102 enim,
1340 1039 1438 1111 qui
1471 1040 1527 1095 in
1554 1044 1671 1097 tam
1703 1043 1883 1098 denso
1940 1042 2088 1098 cala-

439 1114 711 1171 mitatum
743 1121 975 1189 agmine
1012 1124 1306 1181 meliorem
1342 1133 1593 1185 mentem
1627 1130 1853 1195 induat.
1876 1137 1931 1187 et
1957 1148 2088 1187 con-

440 1202 638 1275 cipiat,
662 1221 728 1260 ac
761 1209 928 1277 quasi
976 1214 1261 1282 parturiat
1291 1217 1561 1287 spiritum
1594 1219 1802 1275 salutis
1830 1221 1873 1255 ³⁸
1893 1220 1920 1274 ?
1950 1220 2087 1276 Om-

442 1308 547 1348 nes
579 1310 725 1364 pene
757 1295 961 1353 iisdem
996 1302 1256 1374 vestigiis
1288 1304 1639 1374 insistimus,
1680 1309 1836 1365 vitiis
1868 1309 2087 1365 nostris

443 1380 917 1470 indulgemus,ea
944 1390 1239 1447 mordicus
1274 1393 1612 1466 retinemus,
1646 1398 1925 1469 novisque
1951 1415 2088 1470 quo-

439 1468 582 1526 tidie
612 1471 849 1544 ﬂagitiis
881 1476 1274 1547 cumulemus,
1337 1499 1460 1553 nec,
1500 1488 1565 1537 ut
1616 1501 1747 1540 cum
1798 1468 1984 1559 lyrico
2011 1488 2089 1541 lo-

443 1573 591 1629 quar
620 1562 752 1632 (66),
787 1578 888 1633 per
910 1569 1173 1621 nostrum
1207 1570 1464 1639 patimur
1484 1572 1677 1629 scelus
1698 1575 1979 1630 iracunda
1995 1575 2089 1631 Jo-

439 1662 570 1703 vem
603 1665 815 1720 ponere
848 1651 1112 1709 fulmina.
1149 1656 1308 1713 Hanc
1344 1676 1537 1715 rerum
1589 1663 1965 1718 acerbitatem
1990 1664 2087 1719 de-

442 1734 761 1807 ploramus,
786 1739 936 1796 hanc
976 1746 1257 1815 temporis
1291 1747 1684 1806 infelicitatem
1719 1768 2086 1820 accusamus,

443 1826 614 1896 cujus
646 1827 756 1897 ipsi
805 1830 962 1885 unici
1024 1833 1171 1889 fabri
1230 1840 1405 1908 atque
1464 1839 1713 1895 artifices
1747 1857 1971 1897 sumus.
2004 1843 2087 1897 Ad

444 1913 628 1987 ﬂagra
657 1933 1121 1990 murmuramus,
1152 1925 1635 1997 quiscorpionum
1656 1930 1698 1963 ⁸⁷
1731 1929 1880 1986 ictus
1902 1948 2087 1987 mere-

443 2019 596 2058 mur.
629 2004 904 2062 Dolemus
934 2012 1131 2066 omnia
1160 2011 1291 2082 plus
1313 2031 1487 2085 quam
1508 2017 1784 2074 feralibus
1814 2020 1962 2076 odiis
1994 2038 2086 2076 ar-

443 2091 599 2157 dere,
632 2098 688 2147 et
708 2110 841 2150 cum
896 2097 1005 2152 Deo
1036 2098 1092 2152 in
1126 2102 1373 2171 gratiam
1407 2105 1593 2161 redire
1625 2123 1740 2161 non
1787 2125 2083 2164 curamus.

443 2180 618 2269 Quasi
648 2198 778 2237 vero
810 2190 965 2240 certa
1006 2204 1117 2258 pax
1170 2190 1323 2245 inter
1368 2208 1465 2247 eos
1518 2194 1840 2252 coalescere
1890 2203 2085 2269 queat,

443 2268 543 2340 qui
573 2275 738 2326 aDeo
772 2274 930 2344 pacis
980 2292 1106 2332 sese
1172 2285 1539 2351 averterunt;
1596 2288 1774 2356 atque
1812 2286 1850 2340 ii
1897 2268 2084 2343 mem?

442 2358 549 2414 bra
568 2363 763 2415 tenere
818 2369 1051 2433 queant,
1113 2368 1210 2438 qui
1252 2375 1439 2441 caput,
1494 2377 1557 2427 ut
1593 2379 1680 2428 est
1727 2376 1881 2441 apud
1936 2380 2086 2448 Apo-

441 2448 659 2503 stolum
686 2450 750 2519 ³⁸,
776 2467 886 2508 non
914 2457 1114 2511 tenent.
1146 2461 1217 2512 Ut
1248 2460 1405 2516 enim
1448 2461 1507 2516 in
1568 2463 1784 2520 circulo
1816 2482 1927 2536 quo
1958 2466 2089 2522 lon-

442 2536 593 2626 gius
624 2555 680 2626 ar
712 2545 910 2596 centro
971 2542 1137 2600 lineaa
1195 2549 1639 2623 protrahuntur,
1696 2554 1805 2609 hoc
1854 2571 2087 2626 quoque

439 2621 802 2695 longioribus
835 2627 1316 2689 intervallisinter
1336 2654 1397 2691 se
1427 2621 1647 2694 distant
1680 2659 1691 2695 :
1724 2642 1794 2697 ad
1814 2621 2085 2698 eumdem

441 2714 681 2808 modum
715 2731 830 2808 quo
861 2717 1110 2808 quisque
1154 2720 1385 2795 longius
1460 2744 1493 2783 a
1549 2728 1665 2784 Deo
1724 2731 1989 2802 discedit,
2023 2749 2087 2789 eo

442 2801 617 2897 etiam
650 2801 839 2872 magis
871 2820 903 2856 a
934 2805 1184 2863 fraterna
1242 2812 1542 2882 charitate,
1586 2815 1704 2873 imo
1735 2818 1904 2873 etiam
1938 2801 2087 2877 ase-

445 2896 575 2958 ipso
598 2896 943 2946 removetur.

515 2977 661 3035 Nam
694 2981 831 3052 quid
864 2984 934 3039 de
964 2984 1036 3040 iis
1062 2986 1272 3055 dicam,
1309 2993 1407 3063 qui
1438 2994 1511 3049 ab
1542 2995 1807 3052 Ecclesiae
1849 3014 2087 3068 corpore

442 3068 663 3124 nefarie
712 3087 773 3125 se
820 3075 1228 3145 praeciderunt,
1287 3082 1386 3151 qui
1434 3084 1818 3141 inconsutam
1847 3087 1890 3126 ³ο
1921 3087 2085 3143 illam

440 3158 652 3214 Christi
682 3167 923 3232 vestem,
955 3167 1047 3220 cui
1081 3167 1495 3228 immanissimi
1550 3176 1725 3231 etiam
1782 3180 2083 3234 carniﬁces

2198 604 2511 673 quemdam
2541 605 2729 663 zelum
2761 624 2875 679 prae
2907 623 2969 663 se
3026 606 3306 675 ferebant,
3367 606 3586 678 templa
3624 606 3846 663 distur-

2197 691 2358 759 bant,
2384 695 2804 764 patrimonium
2828 696 3449 767 diripiunt,ministros
3467 695 3840 751 obtruncant.

2198 778 2390 854 Regis,
2416 784 2582 854 cujus
2614 786 3017 841 auctoritatem
3048 785 3480 856 imperiumque
3509 783 3623 840 sibi
3649 800 3843 841 sacro-

2198 875 2467 926 sanctum
2499 889 2627 928 esse
2649 874 2888 929 alternis
2918 890 3097 946 prope
3124 872 3317 929 verbis
3339 873 3845 941 affirmabant,ur-

2196 959 2300 1013 bes
2354 960 2408 1013 vi
2465 965 2637 1033 atque
2689 962 2878 1018 armis
2914 966 3268 1035 expugnant,
3328 962 3553 1016 tributa
3617 961 3844 1033 legunt,

2198 1052 2492 1120 sceptrum
2526 1049 2723 1116 etiam,
2748 1050 2795 1105 si
2828 1052 3075 1123 possint,
3096 1056 3436 1122 extorquere
3458 1051 3842 1105 contendunt.

2197 1136 2422 1209 Populi,
2454 1139 2622 1208 cujus
2653 1156 2850 1204 causa,
2882 1139 3193 1212 populares
3220 1138 3488 1194 videlicet
3553 1138 3843 1204 homines,

2197 1242 2349 1282 anno
2380 1227 2664 1299 superiori
2694 1229 2761 1282 ad
2805 1245 2970 1284 arma
3018 1246 3079 1283 se
3127 1228 3336 1283 invitos
3366 1228 3517 1283 trahi
3548 1228 3843 1283 testaban-

2197 1319 2312 1385 tur,
2355 1315 2620 1371 fortunas
2668 1333 2870 1372 omnes
2919 1334 3020 1389 per
3069 1316 3542 1372 crudelissimum
3611 1315 3841 1370 latroci-

2198 1403 2362 1458 nium
2395 1404 2845 1475 eripiunt,eique
2877 1422 2979 1476 pro
3009 1405 3273 1461 libertate
3306 1405 3597 1478 promissa
3627 1405 3843 1477 gravis—

2199 1492 2409 1547 simam
2435 1493 2801 1565 tyrannidem
2830 1494 3195 1564 invexerunt,
3217 1511 3318 1565 pro
3341 1493 3532 1565 ligneo
3550 1494 3695 1565 jugo
3728 1493 3844 1548 fer-

2198 1596 2361 1635 reum
2393 1580 2850 1652 imposuerunt?
2873 1582 3035 1638 Unde
3066 1587 3259 1637 autem
3294 1582 3452 1637 fures
3494 1598 3840 1653 agnoscere-

2200 1686 2351 1739 mus,
2377 1669 2488 1724 nisi
2522 1670 2872 1737 furarentur,
2906 1675 2963 1726 et
2993 1676 3398 1741 mactarent,et
3427 1671 3729 1741 perderent
3748 1671 3794 1705 ‘0
3814 1671 3843 1725 7

2202 1759 2361 1814 Unde
2385 1758 2571 1830 lupos,
2595 1759 2708 1815 nisi
2741 1759 3083 1831 sanguinem
3118 1760 3392 1815 sitirent?
3426 1759 3587 1815 Unde
3618 1760 3839 1829 vipera-

2200 1865 2328 1903 rum
2363 1849 2697 1922 progeniem
2720 1850 2785 1917 “,
2822 1849 2933 1903 nisi
2976 1853 3219 1903 matrem
3278 1847 3657 1903 arx-ederent?
3678 1846 3841 1902 Unde

2197 1955 2368 2010 apros
2402 1937 2690 1993 solitarios
2721 1939 2786 2003 ‘3,
2810 1938 2919 1992 nisi
2946 1936 3399 2009 pulcherrimam
3426 1934 3584 1990 illam
3610 1935 3837 1990 vineam

2199 2031 2596 2099 pervastarent
2626 2026 2652 2080 ?
2685 2027 2844 2081 Unde
2869 2026 3052 2082 leonis
3083 2025 3369 2098 rugientis
3399 2026 3442 2059 ‘3
3472 2023 3837 2091 catulos,nisi

2197 2115 2433 2172 obvium
2465 2132 2758 2186 quemque
2806 2116 3189 2171 devorarent?
3219 2113 3379 2169 Unde
3409 2114 3658 2184 denique
3688 2114 3838 2184 ejus,

2198 2205 2298 2277 qui
2335 2205 2459 2275 jam
2494 2204 2628 2258 inde
2685 2221 2718 2258 a
2774 2203 2963 2274 prima
3020 2219 3214 2257 rerum
3274 2201 3495 2274 origine
3549 2199 3843 2256 homicida

2197 2294 2401 2360 fuit“,
2434 2293 2667 2360 liberos,
2720 2292 2833 2348 nisi
2893 2308 3096 2347 cruore
3151 2294 3326 2362 atque
3378 2288 3538 2345 omni
3596 2288 3843 2344 feritatis

2197 2399 2406 2456 genere
2438 2385 2814 2454 pascerentur
2842 2381 2869 2435 ?

2267 2471 2406 2535 Quis
2438 2471 2808 2543 interpretari
2835 2473 3025 2542 potest
3044 2468 3384 2540 iniquiusne
3404 2467 3620 2524 bellum
3654 2482 3849 2523 susce-

2198 2561 2409 2633 perint,
2442 2578 2514 2615 an
2541 2559 2837 2615 crudelius
2911 2564 2968 2614 et
3019 2558 3287 2629 rapacius
3334 2560 3537 2628 gerant
3565 2556 3593 2611 ?
3623 2555 3847 2619 Quibus

2198 2651 2409 2723 opibus
2442 2651 2562 2706 haec
2592 2649 2891 2715 harathra,
2926 2665 3041 2720 quo
3059 2648 3347 2720 sanguine
3369 2647 3489 2702 haec
3521 2646 3842 2715 hirudines,

2197 2746 2330 2796 ante
2361 2756 2526 2810 quas,
2562 2744 2626 2793 ut
2646 2738 2958 2810 Scripturaa
2991 2736 3179 2792 verbis
3220 2740 3370 2806 utar,
3412 2738 3569 2807 quasi
3605 2734 3845 2788 nihilum

2195 2833 2277 2884 est
2296 2830 2525 2896 sanguis
2557 2828 2621 2893 ιδ,
2656 2826 2873 2898 expleri
2905 2830 3122 2897 queant
3152 2825 3179 2878 ?
3210 2824 3437 2878 Habent
3492 2828 3645 2878 certe
3690 2822 3842 2877 unde

2197 2919 2256 2974 in
2288 2917 2628 2973 confusione
2660 2933 2766 2971 sua
2796 2915 3139 2987 glorientur.
3167 2914 3446 2967 Vicerunt
3482 2927 3686 2966 omnes
3714 2926 3839 2964 om—

2196 3006 2357 3061 nium
2382 3008 2615 3060 mtatum
2646 3003 2971 3059 haereticos.
3003 2989 3283 3056 Vicerunt
3313 2999 3698 3073 impudentia,
3718 3014 3840 3058 sce-

2195 3096 2331 3163 lere,
2364 3094 2824 3166 impertunitate,
2875 3089 3117 3162 rapinis,
3177 3088 3536 3144 crudelitate.
3581 3088 3703 3142 Non
3736 3102 3840 3140 ex-

2196 3184 2493 3249 struendo,
2523 3186 2589 3238 ut
2614 3179 2944 3253 Babylonici
2976 3178 3349 3233 aedificatores
3382 3178 3446 3245 ‘5,
3481 3176 3581 3231 sed
3603 3178 3836 3230 vastan-

439 3256 842 3341 pepercerunt,
859 3252 916 3308 in
940 3255 1201 3313 inﬁnitas
1231 3265 1427 3331 partes
1457 3263 1775 3335 sciderunt,
1805 3272 2084 3340 tantaque
2114 3245 2156 3311 (ἶ
2195 3274 2288 3341 do,
2323 3271 2649 3334 avertendo,
2699 3245 2992 3325 eaurendo
3032 3282 3242 3322 nomen
3291 3282 3465 3321 suum
3525 3264 3836 3331 celebrare,

442 3338 697 3425 amentia
726 3342 1050 3414 praecipites
1078 3346 1363 3417 feruntur,
1387 3356 1451 3407 ut
1471 3356 1965 3425 quemadmodum
1990 3338 2083 3413 sa-

440 3423 748 3517 lamandra
778 3430 834 3484 in
867 3430 1018 3503 igne,
1053 3436 1135 3490 sic
1166 3436 1277 3508 ipsi
1318 3439 1377 3495 in
1427 3423 1689 3499 dissidiis
1720 3445 2084 3517 funestisque

442 3514 909 3604 conﬂictionibus
937 3521 1147 3600 vivant,
1168 3531 1341 3598 atque
1368 3530 1646 3587 adversus
1676 3533 1967 3604 publicam
1988 3514 2084 3589 or-

442 3600 534 3694 bis
556 3606 929 3663 concordiam
983 3614 1323 3683 conjurasse
1366 3600 1728 3676 videantur'?
1758 3646 1784 3672 «
1820 3623 1932 3694 (67)
1962 3624 2085 3678 Nisi

441 3691 597 3745 enim
624 3710 822 3763 pacem
846 3697 1129 3772 odissent,
1162 3702 1219 3758 in
1276 3707 1501 3765 unitate
1544 3715 1697 3766 certe
1727 3691 2086 3782 permansis-

440 3784 588 3835 sent.
615 3803 642 3830 ››
671 3782 732 3837 In
766 3801 998 3843 summa
1026 3791 1263 3849 miseria
1312 3813 1608 3855 summam
1639 3800 1993 3869 felicitatem,
2026 3801 2087 3856 in

440 3871 696 3962 maxime
736 3877 1171 3962 perturbatione
1212 3884 1709 3952 jucundissimam
1768 3892 2087 3962 quamdam

440 3960 694 4029 quietem
720 3961 809 4017 vel
831 3964 1136 4036 simulant,
1164 3971 1248 4025 vel
1283 3975 1573 4046 opinionis
1602 3960 1800 4035 errore
1824 3980 1934 4037 sibi
1957 3997 2090 4036 con-

443 4048 693 4121 fingunt.
730 4051 899 4110 Extra
930 4074 1125 4114 arcam
1166 4077 1297 4118 esse
1341 4067 1615 4135 gaudent,
1677 4086 1744 4124 ac
1814 4070 1970 4124 velut
2017 4071 2089 4125 de

444 4142 601 4233 certa
622 4139 810 4197 salute
840 4144 949 4199 sibi
981 4149 1369 4218 gratulantur.
1429 4156 1522 4211 Sic
1556 4157 1828 4214 nimiram
1887 4163 2086 4233 aegroti

445 4224 685 4319 quidam
717 4246 1008 4319 nusquam
1042 4253 1154 4292 non
1190 4240 1504 4310 quietiores
1534 4261 1595 4299 se
1631 4246 1770 4315 fore,
1794 4224 1971 4319 quam
2029 4250 2087 4304 in

446 4316 649 4409 stratis
677 4318 802 4374 suis
824 4322 1403 4385 arbitrantur.Perire
1426 4333 1622 4387 miseri
1648 4352 1763 4389 non
1797 4316 2089 4409 recusant,

446 4404 587 4459 dum
621 4405 765 4461 alios
795 4410 852 4462 in
899 4415 1164 4469 eamdem
1218 4433 1414 4472 secum
1469 4423 1784 4491 perniciem
1833 4404 2087 4481 trahant:

444 4493 725 4566 Idemque
743 4498 789 4551 si
810 4515 922 4554 non
955 4517 1071 4569 ore,
1102 4505 1292 4575 reipsa
1310 4511 1502 4563 tamen
1538 4510 1969 4585 clamant,quod
1995 4515 2092 4571 ille

2193 3360 2700 3431 immortalemque
2722 3359 2811 3413 sui
2847 3357 3188 3411 memoriam
3221 3354 3468 3427 posteris
3512 3352 3839 3423 relinquere

2194 3450 2537 3506 moliuntur.
2573 3450 2916 3519 Quanquam
2950 3446 3221 3502 credetne
3249 3460 3510 3516 unquam
3534 3441 3836 3513 posteritas

2193 3544 2422 3595 tantum
2452 3538 2663 3594 furoris
2694 3537 2749 3591 in
2784 3534 3021 3591 Francis
3056 3534 3416 3600 hominibus,
3449 3532 3639 3603 iisque
3668 3530 3839 3585 defes-

2195 3637 2334 3684 catze
2368 3626 2666 3698 religionis
2703 3624 2872 3680 titulo
2922 3641 3049 3679 sese
3108 3622 3561 3689 venditantibus,
3594 3618 3843 3674 exstitis-

2194 3734 2257 3774 se
2287 3717 2315 3772 7
2343 3717 2469 3772 Non
2501 3715 2713 3781 credet,
2746 3715 3136 3785 imposturam
3165 3711 3275 3766 sibi
3297 3710 3507 3765 factam
3541 3707 3837 3775 clamabit,

2197 3806 2309 3862 nisi
2343 3821 2617 3876 expressa
2647 3807 2821 3858 tantm
2881 3800 3149 3856 amentiae
3199 3800 3559 3854 monimenta
3602 3796 3660 3850 in
3694 3800 3840 3850 tem-

2196 3895 2423 3966 plorum
2457 3893 2643 3948 ruinis
2672 3891 2900 3947 viderit.
2934 3889 3075 3945 Mihi
3104 3887 3341 3961 quidem
3371 3904 3485 3942 non
3517 3886 3576 3941 in
3608 3884 3844 3957 publica

2198 3985 2395 4049 modo,
2424 3983 2523 4037 sed
2556 3981 2732 4037 etiam
2753 3980 2811 4034 in
2845 3978 3068 4050 privata
3098 3975 3449 4045 calamitate,
3483 3990 3658 4046 quam
3692 3971 3840 4027 nihil

2199 4073 2256 4128 in
2290 4071 2429 4139 illis,
2489 4087 2604 4125 non
2665 4069 2854 4124 dicam
2912 4065 3246 4131 Christiani,
3299 4064 3398 4119 sed
3460 4079 3532 4117 ne
3586 4060 3842 4117 hominis

2200 4162 2437 4234 quidem
2470 4164 2644 4224 esset,
2694 4157 2923 4213 abunde
2952 4153 3198 4225 experiri
3257 4152 3519 4224 contigit.
3579 4150 3745 4215 Nam,
3778 4153 3845 4203 ut

2202 4250 2503 4321 Regiensis
2552 4245 2759 4301 insulas
2816 4244 3145 4300 vastitatem
3208 4246 3546 4313 praeteream
3589 4239 3671 4311 (in
3703 4255 3838 4309 qua,

2201 4338 2455 4412 quandiu
2487 4335 2818 4407 superiores
2857 4332 3102 4399 fuimus,
3130 4329 3295 4385 licuit
3322 4328 3440 4384 illis
3471 4346 3577 4383 suo
3606 4328 3715 4382 ritu
3752 4326 3843 4381 vi-

2199 4446 2350 4494 vere,
2387 4425 2734 4481 faculatibus
2783 4422 2906 4477 suis
2954 4420 3133 4475 libere
3181 4417 3613 4490 tranquilleque
3661 4416 3773 4471 frui
3824 4432 3838 4469 :

2202 4515 2559 4585 simulatque
2586 4516 2779 4567 autem
2828 4509 3026 4565 vicinae
3058 4505 3314 4578 Rupellae
3374 4506 3617 4578 perfidia
3645 4502 3844 4558 basili-

444 4585 601 4677 ΡΡΨῘ
633 4586 917 4677 Ῡνθείουτη
951 4590 1085 4661 (68)»
1110 4615 1137 4640 (ί
1172 4592 1301 4648 H330
1333 4595 1463 4666 ipsa
1488 4597 1711 4668 pollens
1759 4601 1954 4674 inclyti
1987 4609 2086 4660 Pe-
2116 4613 2161 4677 ι)
2192 4603 2566 4671 scumillum,
2610 4616 2785 4673 quem
2823 4604 2908 4655 tot
2954 4597 3124 4653 annis
3179 4594 3548 4667 parturierat,
3597 4592 3841 4665 peperit,

443 4672 594 4745 lopis
616 4674 825 4731 domus
848 4683 978 4734 ruat
997 4679 1084 4734 vel
1128 4681 1186 4736 in
1220 4698 1333 4751 me,
1380 4685 1698 4743 dummodo
1729 4689 1787 4744 in
1849 4672 2084 4749 fratrem

441 4767 592 4816 ruat.
630 4784 658 4812 »

511 4856 717 4923 Itaque
746 4856 844 4926 qui
874 4873 989 4912 non
1019 4858 1100 4913 ita
1130 4862 1619 4935 pridem(tantum
1643 4867 1701 4922 in
1724 4868 1807 4923 eis
1839 4869 2085 4926 simula-

441 4940 619 4997 tionis
649 4944 963 5002 artiﬁcium
995 4950 1141 5021 erat)
1173 4951 1253 5006 nil
1287 4953 1397 5007 nisi
1451 4971 1651 5026 pacem
1692 4960 2088 5015 concordiam-

442 5047 554 5102 que
576 5031 799 5103 spirare
830 5036 1122 5108 plerisque
1151 5042 1517 5115 videbantur,
1543 5046 1717 5101 iidem
1736 5065 1891 5103 nunc
1920 5065 2084 5119 aper-

443 5126 499 5174 ta
522 5121 729 5190 fronte,
764 5129 821 5179 et
850 5141 1030 5197 regno
1062 5128 1312 5200 Parides,
1355 5138 1413 5188 et
1443 5135 1663 5203 optimo
1696 5138 1907 5207 cuique
1938 5137 2086 5192 Pha-

442 5207 681 5278 larides,
715 5215 863 5268 sacri
897 5215 1073 5271 etiam
1113 5220 1335 5276 ordinis
1366 5221 1700 5279 hominibus
1750 5225 1881 5296 plus
1908 5243 2087 5297 quam

2194 4695 2349 4752 illico
2379 4690 2612 4763 templis
2644 4689 2892 4744 flammai
2915 4686 3161 4756 injectas,
3197 4682 3445 4739 fortunis
3478 4680 3711 4749 nostris,
3744 4681 3846 4735 do-

2195 4782 2571 4852 mesticisque
2592 4777 2886 4843 omnibus,
2917 4792 3065 4848 quos
3085 4773 3323 4845 quidem
3359 4772 3610 4843 arripere
3638 4778 3842 4842 potue-

2195 4878 2354 4940 runt,
2388 4866 2800 4925 manusallatae
2824 4864 3150 4935 sunt),quis
3166 4859 3491 4916 Michaelini
3516 4859 3699 4914 nootri
3731 4875 3844 4913 coe-

2197 4961 2353 5017 nobii
2386 4959 2610 5015 cladem
2644 4956 2764 5011 ulla
2795 4952 3117 5025 quamlibet
3176 4950 3396 5022 tragica
3450 4947 3708 5004 oratione
3740 4964 3842 5019 pro

2198 5050 2275 5105 rei
2300 5048 2602 5103 atrocitate
2625 5043 2927 5115 deplorare
2955 5044 3129 5112 queat
3158 5040 3185 5094 ?

2267 5138 2487 5192 Domus
2516 5152 2584 5189 ea
2612 5130 3028 5205 antiquissima
3059 5133 3114 5185 et
3142 5127 3543 5182 illustrissima
3572 5130 3714 5192 erat,
3750 5130 3839 5179 at-

2200 5242 2310 5298 que
2333 5229 2461 5297 ipsa
2491 5239 2723 5296 quoque
2744 5225 3053 5275 structura:
3074 5216 3266 5289 specie
3280 5215 3618 5287 religionem
3637 5230 3845 5285 quam-

440 5417 481 5451 “
511 5346 701 5451 gJer.
734 5366 787 5415 ν,
815 5351 866 5404 3.
900 5350 944 5384 ³⁸
974 5353 1086 5407 Isa.
1145 5356 1295 5422 xxvi,
1334 5357 1415 5411 18.
1474 5358 1518 5391 ³⁷
1552 5359 1623 5414 ΙΙΙ
1682 5360 1821 5432 Reg.
1854 5364 1952 5427 xii,
1988 5362 2071 5415 14.

571 5419 691 5451 ηιιιι
753 5437 809 5451 ιη
865 5423 898 5451 "I
987 5424 1031 5451 89
1067 5424 1191 5451 ἴδη-1
1232 5443 1244 5451 .
1298 5444 1456 5451 -..---..
1518 5431 1573 5451 ιι
1678 5431 1717 5451 La
1754 5432 1763 5451 I
1803 5436 1929 5451 “In”
1990 5450 2017 5451 η
2072 5433 2086 5451 τ

2200 5359 2408 5416 301088.
2442 5375 2502 5427 ιι,
2562 5359 2639 5411 19.
2680 5357 2725 5391 3°
2771 5355 2940 5411 Joan.
2992 5370 3105 5421 xix,
3155 5351 3246 5415 23,
3299 5350 3343 5384 ‘0
3399 5348 3572 5405 Joan.
3639 5364 3696 5414 x,
3756 5347 3840 5401 10.

2204 5433 2244 5451 ιι
2300 5431 2429 5451 1___
2512 5446 2605 5451 ____-
2700 5428 2753 5451 ιι
2840 5426 2884 5451 Ls
2950 5422 3074 5451 0-..]
3182 5437 3276 5451 ..ιη
3362 5420 3425 5451 40
3533 5420 3577 5451 ιι
3634 5419 3821 5451 annos!

511 5418 715 5503 Matth.
753 5437 834 5487 ιιι,
865 5423 918 5475 7.
987 5424 1031 5457 ‘9
1063 5424 1196 5479 Psal
1232 5443 1244 5482 :
1284 5418 1480 5495 'LxXIX,
1516 5431 1605 5486 14.
1676 5418 1952 5487 ‘31UPetr:
1987 5450 2039 5503 v,
2070 5433 2123 5487 8.
2202 5433 2248 5467 “
2291 5431 2456 5487 Joan.
2490 5418 2632 5496 'vm,
2691 5428 2777 5481 44.
2840 5426 2884 5459 ⁸⁸
2950 5418 3101 5479 Eccl.
3182 5437 3303 5488 vm,
3362 5420 3447 5475 19.
3533 5420 3577 5456 ⁸⁸
3634 5419 3845 5475 Genes.

438 5506 516 5559 χι,
544 5494 593 5547 4.

534 5641 629 5715 66)
657 5638 878 5707 Horat...
908 5640 1012 5698 lib.
1035 5658 1056 5697 1
1078 5642 1284 5715 Carm,,
1316 5645 1409 5701 od.
1442 5646 1494 5701 3.

534 5642 605 5697 66
657 5642 878 5707 Horat...
908 5642 1012 5698 lib.
1035 5658 1056 5697 1
1078 5642 1284 5715 Carm,,
1316 5645 1409 5701 od.
1442 5646 1494 5701 3.

511 5642 629 5789 imi
647 5716 896 5787 August.
929 5714 994 5773 in
1017 5716 1161 5788 psal.
1193 5732 1342 5777 calx.
1375 5733 1414 5774 1.
1445 5717 1537 5778 IV.
1569 5737 1627 5793 p.
1664 5719 1823 5779 1371.

2264 5647 2375 5718 (68)
2406 5645 2606 5700 Senec.
2631 5642 2691 5697 in
2722 5640 2935 5712 Thyest.
