4184 6202
297 350 415 415 321

1414 343 1678 405 JOCOBI
1722 338 1951 401 BILLII
1994 334 2587 401 PREFATIONES.

3592 343 3708 407 3i2

302 490 440 545 dam
472 484 901 559 spectatoribus
934 481 1273 537 incutiebat.
1306 481 1385 535 Ea
1417 479 1620 534 multis
1650 476 1948 532 calamito-
1978 475 2034 543 Α
2068 474 2328 530 belehem
2378 492 2478 546 pro
2532 477 2792 549 legitimo
2850 479 3111 552 principe
3168 497 3481 553 agnoscere
3513 485 3709 542 volue-

302 580 385 633 sis
420 575 651 644 solatio,
688 574 915 644 pietatis
947 588 1123 626 causa
1161 568 1564 624 exsulantibus
1594 566 1856 637 perfugio
1888 580 1953 618 ac

302 664 597 738 praesidio,
630 668 687 718 et
735 670 798 716 ut
842 677 975 715 cum
1006 660 1114 714 Job
1137 660 1177 692 ‘7
1211 659 1423 724 dicam,
1457 658 1647 710 oculus
1674 669 1833 719 caeco,
1862 669 1954 723 pes

298 755 721 822 claudo,mat9r
740 751 979 820 pauperi
1000 748 1344 820 plerumque
1367 747 1570 801 fuerat.
1592 742 1953 813 Pracipuum

304 848 503 898 autem
538 840 725 911 ipsius
757 840 935 893 decus
980 841 1122 904 erat,
1156 836 1310 907 quod
1359 834 1419 888 in
1469 834 1576 887 hoc
1624 833 1954 886 animarum

304 932 521 987 diluvio
554 929 677 985 sola
725 943 893 999 pene,
918 925 1075 980 velut
1116 941 1250 978 arca
1277 923 1415 992 Noe,
1449 921 1647 976 diluvii
1677 921 1793 974 vim
1846 919 1953 973 mi-

303 1020 464 1075 nime
498 1021 783 1073 senserat.
817 1015 911 1070 Bis
942 1016 1204 1080 obsessa,
1238 1012 1325 1067 bis
1356 1012 1427 1066 de
1456 1010 1722 1065 hostibus
1752 1008 1958 1064 trium-

304 1109 540 1180 pharat.

435 1214 582 1263 Felix
612 1212 716 1261 heu
742 1211 753 1259 !
790 1210 1032 1267 nimium,
1063 1208 1189 1257 felix
1221 1208 1263 1255 si
1296 1208 1472 1257 littora
1492 1210 1699 1255 tantum

436 1275 728 1339 Anglorum
761 1286 1035 1335 nunquam
1055 1271 1353 1333 tetigissent
1381 1273 1565 1318 nostra
1593 1270 1803 1316 carinas.

302 1373 759 1444 Quamprimum
818 1369 971 1424 enim
1034 1367 1339 1439 Rupellani
1400 1384 1502 1438 pro
1556 1366 1687 1420 vino
1736 1372 1789 1419 et
1844 1362 1963 1419 sale

303 1461 562 1532 aliisque
606 1460 779 1515 rebus
830 1457 900 1512 ad
948 1456 1077 1511 vitae
1138 1472 1309 1510 usum
1372 1453 1742 1518 necessariis,
1776 1468 1966 1506 aeneas

302 1550 608 1606 machinas
640 1547 893 1619 ingentis
918 1544 1344 1617 magnitudinis
1368 1543 1439 1597 ab
1468 1541 1706 1614 Angelis
1737 1556 1967 1611 aceepe.

304 1643 468 1705 runt,
502 1638 701 1693 statim
749 1636 917 1690 tertia
947 1634 1230 1704 expeditio
1262 1633 1540 1687 adversus
1586 1632 1827 1685 domum
1863 1646 1968 1683 no-

306 1732 495 1783 stram
528 1725 868 1796 suscipitur.
903 1726 1229 1778 Accurrunt
1252 1721 1511 1792 undique
1546 1720 1742 1774 hostes
1779 1735 1847 1773 ex
1876 1734 1967 1786 op.

309 1815 466 1888 pidis
496 1819 551 1870 et
586 1814 774 1885 pagis,
807 1829 874 1867 ex
924 1811 1153 1866 insulis.
1190 1815 1339 1864 Deus
1386 1810 1765 1906 boum-quam
1820 1811 1972 1906 truci
2004 1840 2049 1904 B

306 1904 502 1971 vultu,
530 1918 708 1973 quam
749 1900 1053 1972 impotenti
1091 1899 1302 1963 furore,
1332 1915 1508 1969 quam
1557 1896 1818 1951 inaudita
1849 1896 1971 1950 ani-

312 2008 549 2048 morum
581 1989 776 2044 rabie!
810 1988 1036 2043 Nostris
1068 1987 1305 2057 quidem
1338 1986 1526 2057 primo
1577 2002 1680 2039 nec
1732 1984 1971 2039 animus

314 2082 387 2137 ad
415 2079 835 2145 resistendum,
862 2094 966 2132 nec
989 2077 1137 2131 vires
1160 2075 1565 2141 deerant.Sed,
1589 2078 1970 2145 posteaquam

314 2170 610 2223 immanes
635 2166 745 2221 illa:
769 2166 1101 2225 bombardae
1120 2164 1331 2218 dirutis
1351 2162 1625 2218 omnibus
1649 2177 1973 2233 propugna-

315 2256 468 2315 culis
499 2273 699 2311 muros
741 2256 863 2325 jam
916 2254 1076 2324 ipsos
1108 2252 1354 2323 dejicere
1384 2256 1683 2323 cmperunt
1717 2269 1729 2306 z
1765 2268 1970 2322 quem-

320 2362 557 2418 cunque
586 2345 738 2400 Deus
768 2340 1045 2399 voluisset
1090 2345 1358 2396 eventum
1388 2344 1720 2412 exspectare
1751 2340 1973 2396 malue-

320 2440 487 2502 runt,
519 2449 692 2505 quam
722 2431 910 2487 ullum
943 2429 1254 2486 deditionis
1285 2429 1525 2485 verbum
1558 2430 1711 2501 apud
1743 2446 1841 2486 eos
1871 2430 1973 2485 ha-

323 2526 661 2594 bere,quos
709 2520 996 2593 quidquid
1051 2518 1463 2591 promisissent
1508 2535 1623 2573 non
1660 2517 1773 2573 alia
1802 2536 1975 2590 quam

323 2612 549 2668 Punica
568 2611 679 2665 ﬁde
710 2609 1073 2682 prestituros
1091 2623 1218 2663 esse
1250 2606 1638 2663 certissimum
1664 2606 1976 2663 habebant.

327 2702 533 2757 Idibus
572 2715 707 2771 ergo
747 2696 1035 2761 Januarii,
1059 2711 1232 2767 quem
1266 2695 1419 2750 diem
1452 2695 1705 2767 Rupellae
1738 2696 1979 2752 defectio

332 2788 634 2861 superiore
668 2803 818 2841 anno
849 2785 955 2840 toti
1001 2784 1196 2839 Gallia
1228 2785 1518 2839 nefastum
1572 2784 1839 2854 reddidit,
1874 2786 1980 2840 ho-

332 2878 441 2934 stis
472 2895 577 2949 per
619 2876 894 2946 disjectas
946 2873 1097 2928 muri
1146 2878 1336 2943 partes
1381 2872 1734 2944 irrumpens,
1764 2873 1982 2945 promi-

333 2982 537 3022 scuam
599 2962 1045 3025 cmnobitarum,
1089 2960 1538 3016 domesticorum
1591 2978 1877 3027 meorum,
1919 2978 1984 3017 ac

334 3054 693 3110 rusticorum
742 3056 993 3122 stragem
1026 3050 1225 3103 edidit.
1259 3050 1465 3120 Optato
1494 3054 1689 3104 tamen
1744 3067 1853 3104 nox
1884 3050 1985 3104 ad-

331 3145 575 3199 veniens
606 3142 783 3196 finem
815 3138 1069 3195 caedibus
1110 3137 1425 3209 attulisset,
1458 3139 1506 3192 si
1539 3155 1670 3192 cum
1701 3138 1774 3193 iis
1807 3139 1987 3194 hosti-

2064 580 2127 615 ru
2140 570 2220 616 nt.
2246 567 2317 617 At
2350 569 2431 631 tu,
2468 565 2586 621 filia
2607 566 2916 638 Babylonis
2940 570 3174 635 misera,
3197 575 3259 625 tu
3286 588 3499 628 vesana
3528 577 3713 630 carni-

2064 652 2177 714 fex,
2210 656 2271 705 tu
2304 653 2507 708 mortis
2556 655 2695 721 tilia,
2721 661 2894 725 atque
2924 658 2981 712 in
3018 660 3207 715 medio
3241 663 3458 716 umbrae
3504 664 3710 720 mortis

2065 738 2361 806 habitans,
2394 742 2532 811 quid
2585 744 2794 812 egisti?
2845 745 2947 800 Ubi
2998 753 3088 802 est
3134 748 3373 805 victoria
3424 753 3567 807 tua?
3613 754 3711 808 Di-

2066 828 2287 882 ruendo
2348 828 2538 896 ruisti,
2573 832 2866 901 perdendo
2917 836 3161 904 periisti.
3203 837 3422 893 Coalum
3472 841 3711 908 habent,

2068 916 2281 986 quibus
2328 921 2579 985 terram;
2630 919 2876 989 patriam
2911 922 3144 987 habent,
3180 928 3393 995 quibus
3440 930 3711 987 exsilium

2070 1004 2349 1060 invidisti.
2367 1005 2409 1059 Ο
2434 1006 2615 1062 beatae
2642 1008 2870 1075 animae,
2887 1027 3061 1080 quam
3084 1015 3376 1083 pretiosus
3397 1016 3455 1071 in
3478 1034 3717 1091 conspe-

2069 1097 2165 1147 ctu
2198 1093 2426 1149 Domini
2459 1096 2743 1152 transitus
2772 1104 2980 1166 vester,
3009 1118 3043 1156 at
3080 1101 3203 1157 luto
3237 1105 3388 1160 faecis
3420 1106 3490 1160 ad
3519 1107 3715 1164 locum

2070 1197 2320 1252 pascuae,
2355 1200 2387 1237 a
2418 1188 2570 1239 terra
2609 1186 2838 1242 deserta
2876 1187 3034 1243 invia
3080 1195 3135 1245 et
3184 1191 3466 1262 inaquosa
3498 1197 3566 1250 ad
3599 1202 3714 1252 ter-

2071 1286 2196 1323 ram
2230 1272 2505 1326 ﬂuentem
2546 1273 2693 1329 lacte
2746 1280 2802 1329 et
2849 1276 3042 1343 melle,
3073 1296 3106 1332 a
3137 1284 3388 1336 torrente
3436 1285 3718 1340 amaritu-

2075 1359 2225 1413 dinis
2257 1361 2329 1413 ad
2382 1365 2697 1417 torrentem
2731 1364 3064 1436 voluptatis,
3095 1368 3165 1421 ab
3200 1368 3331 1439 igne
3362 1375 3418 1425 et
3446 1387 3599 1442 aqua
3647 1374 3720 1428 ad

2076 1447 2470 1518 refrigerium!
2496 1449 2679 1513 Quam
2704 1452 2873 1508 dulce
2894 1459 2981 1509 est
3001 1456 3162 1510 vobis
3187 1458 3243 1511 in
3268 1460 3415 1529 Agni
3441 1462 3719 1516 comitatu

2077 1538 2474 1605 esse,Christo
2523 1540 2791 1602 frui,sub
2842 1559 3065 1614 magna:
3116 1544 3273 1600 illius
3322 1547 3553 1618 gallinae
3612 1550 3721 1606 alis

2079 1624 2456 1695 requiescere,
2483 1627 2643 1681 nulla
2669 1629 2791 1698 jam
2825 1632 3117 1702 scandala,
3144 1635 3365 1691 nullam
3392 1636 3722 1707 gladiorum

2082 1715 2288 1782 aciem,
2315 1713 2505 1769 nullos
2528 1718 2859 1772 venantium
2898 1719 3156 1791 laqueos,
3182 1724 3402 1779 nullam
3426 1727 3540 1781 vim
3566 1729 3727 1783 bom-

2083 1802 2397 1858 bardarum
2430 1804 2840 1861 extimescere!
2875 1808 3057 1871 Quam
3092 1811 3433 1880 praeclarum
3468 1817 3727 1888 negotia-

2082 1892 2256 1946 tionis
2288 1909 2493 1963 genus,
2529 1911 2629 1963 pro
2660 1895 2882 1967 exiguis
2913 1900 3218 1970 sanguinis
3250 1905 3432 1973 guttis
3478 1922 3724 1977 regnum

2083 1980 2379 2049 cwlorum,
2416 2000 2515 2052 pro
2544 1986 2893 2040 carbonibus
2928 1986 3290 2058 thesaurum,
3325 2010 3427 2064 pro
3458 1997 3727 2051 stercori-

2082 2070 2192 2123 bus
2225 2071 2595 2140 margaritam
2630 2074 2890 2145 accipere

2154 2159 2261 2213 Sed
2296 2160 2549 2228 profecto
2571 2163 2663 2231 (ne
2695 2160 2918 2218 diutius
2948 2170 3110 2219 extra
3130 2168 3483 2225 curriculum
3509 2174 3729 2228 feratur

2083 2246 2347 2317 epistola)
2400 2264 2503 2302 nec
2560 2253 2759 2303 nostra
2815 2250 3042 2319 domus,
3076 2269 3179 2308 nec
3239 2261 3321 2309 tot
3374 2258 3726 2328 templorum

2084 2334 2270 2391 millia
2318 2335 2377 2389 in
2426 2335 2535 2390 hoc
2580 2354 2755 2408 regno
2801 2338 3280 2411 conflagrassent,
3322 2344 3431 2400 nisi
3478 2348 3727 2418 vulpibus

2084 2423 2234 2490 istis,
2282 2441 2399 2494 quae
2456 2427 2645 2481 vineas
2699 2426 3075 2484 demoliuntur
3107 2432 3168 2496 ‘9,
3201 2438 3382 2502 foveas
3440 2436 3641 2492 habere
3660 2438 3726 2505 ⁸ο,

2084 2513 2280 2583 vespis
2322 2512 2453 2567 istis
2500 2515 2658 2569 favos
2687 2516 2819 2586 (69),
2851 2517 2905 2571 id
2959 2524 3064 2585 est,
3099 2519 3385 2578 haereticis
3442 2525 3729 2581 Ecclesiae

2088 2602 2273 2656 facere
2306 2602 2552 2656 nimium
2603 2604 2701 2658 diu
2732 2605 3013 2662 licuisset.
3048 2608 3193 2663 Hinc
3240 2611 3587 2680 gravissima
3631 2614 3733 2669 illa

2088 2690 2238 2761 apud
2293 2689 2570 2745 Basilium
2619 2692 2893 2764 Magnum
2948 2696 3228 2765 querela:
3282 2700 3601 2771 Baptizant,
3644 2703 3733 2757 iu-

2090 2779 2217 2849 quit
2247 2778 2379 2848 (70),
2414 2778 2495 2832 illi
2546 2785 2809 2835 mortuos
2857 2782 3122 2849 efferunt,
3157 2792 3401 2856 aagrotos
3448 2788 3732 2862 invisunt,

2091 2872 2198 2922 etc.
2223 2867 2362 2931 Quis
2385 2867 2477 2922 hic
2501 2884 2613 2921 non
2640 2868 3023 2939 ingemiscat?
3044 2874 3183 2937 Quis
3208 2892 3318 2930 non
3342 2876 3734 2949 lacrymarum

2092 2956 2311 3010 fontem
2335 2972 2464 3010 cum
2489 2956 2792 3011 Jeremia51
2819 2960 3095 3029 requirat,
3114 2968 3176 3017 ut
3196 2967 3417 3020 tantam
3442 2966 3739 3022 calamita-

2094 3051 2209 3099 tem
2246 3046 2364 3115 pari
2400 3043 2534 3099 fletu
2570 3054 2959 3117 prosequatur
2981 3049 3007 3103 ?
3040 3050 3141 3105 llic
3170 3052 3325 3108 enim
3356 3058 3475 3110 tota
3496 3056 3580 3111 vis
3602 3056 3742 3112 mali

2096 3139 2378 3189 versatur.
2404 3134 2543 3188 Nam
2585 3152 2715 3189 cum
2751 3137 2930 3192 altare
2961 3140 3242 3197 adversus
3269 3143 3447 3199 altare
3478 3146 3743 3219 erigitur,

334 3232 445 3287 bus
476 3248 571 3285 res
600 3229 821 3284 nostris
874 3228 1100 3292 fuisset,
1125 3226 1223 3297 qui
1259 3226 1489 3281 nonnisi
1532 3227 1590 3280 in
1640 3228 1845 3298 primis
1893 3244 1985 3282 ex-
2020 3203 2061 3267 Ο
2101 3240 2163 3278 ac
2185 3240 2325 3277 verae
2351 3240 2574 3294 sponsae
2599 3222 2723 3279 loco
2748 3225 2933 3295 pellex
2956 3228 3501 3295 inducitur,inﬁrmi
3527 3203 3747 3305 quique

338 3318 720 3393 pugnationis
761 3315 1133 3403 tumultibus,
1168 3315 1346 3369 animi
1396 3316 1666 3370 ferociam
1718 3316 1995 3371 adhibere

336 3415 787 3464 consueverunt.
826 3405 935 3460 Sed
970 3420 1103 3458 cum
1138 3403 1436 3473 monstris,
1472 3420 1603 3457 cum
1637 3404 1827 3473 furiis,
1861 3421 1993 3458 cum

336 3495 662 3554 teterrimis
695 3494 886 3550 omnis
917 3492 1303 3547 humanitatis
1336 3491 1607 3546 hostibus
1639 3509 1727 3547 res
1760 3497 1902 3547 erat.

411 3587 619 3656 Itaque
661 3588 891 3655 postero
922 3581 1034 3651 die,
1070 3597 1202 3635 cum
1234 3580 1357 3649 jam
1392 3597 1493 3652 per
1525 3582 1712 3636 noctis
1743 3583 1995 3652 quietem

343 3675 430 3730 ira
470 3671 836 3729 deferbuisse
884 3671 1182 3733 debuerat,
1216 3669 1519 3724 inchoatas
1568 3671 1750 3725 cedes
1801 3687 1996 3741 prese-

348 3767 634 3835 quuntur,
659 3777 723 3815 ac
748 3760 909 3814 fusos
940 3773 1043 3829 per
1061 3756 1367 3829 templum,
1393 3757 1726 3827 passimque
1757 3763 1878 3813 tota
1898 3759 2001 3813 do-

352 3868 469 3917 mo,
492 3849 889 3921 nequidquam
933 3862 1133 3901 eorum
1175 3845 1659 3912 misericordiam,
1685 3864 1811 3919 quas
1845 3847 2005 3903 nulla

348 3938 407 3994 in
469 3937 673 3993 ferreis
730 3933 1062 4008 pectoribus
1120 3938 1275 3999 erat,
1331 3933 1712 4004 implorantes
1770 3939 2008 3996 necant.

349 4027 538 4095 Multi,
574 4026 927 4098 quibuscum
969 4025 1039 4079 de
1069 4023 1186 4078 vita
1230 4023 1411 4094 pretio
1444 4022 1784 4079 redimenda
1815 4030 2005 4080 trans-

349 4121 545 4172 actum
592 4114 801 4180 fuerat,
836 4113 1033 4167 statim
1067 4113 1240 4181 jussu
1275 4110 1490 4165 ducum
1524 4116 1725 4165 contra
1748 4114 1849 4183 jus
1880 4113 2004 4168 hel-

349 4204 415 4272 li,
447 4205 655 4273 fasque
685 4216 880 4265 omne,
911 4199 1208 4254 trucidati.
1246 4197 1444 4252 Multis
1477 4199 1651 4253 etiam
1683 4201 1751 4254 ad
1786 4201 2003 4273 impor-

348 4299 558 4349 tunam
591 4291 827 4346 victoris
871 4288 1175 4343 libidinem
1232 4284 1439 4357 laqueo
1488 4286 1681 4341 fractas
1733 4290 2004 4346 cervices.

355 4382 593 4453 Direpta
625 4395 777 4446 mox,
803 4382 979 4448 atque
1010 4374 1250 4430 incensa
1277 4374 1488 4429 domus
1513 4392 1525 4430 :
1550 4376 1810 4447 direptus
1831 4378 2006 4434 etiam

355 4486 566 4542 pagus,
599 4473 655 4524 et
694 4466 932 4540 quidem
966 4469 1087 4520 tam
1137 4463 1478 4531 inhumane,
1513 4468 1578 4519 ut
1605 4464 1796 4522 viduis
1826 4471 1883 4522 et
1913 4483 2003 4522 or-

2103 3312 2446 3367 addubitare
2463 3312 2967 3384 incipiunt,utram
2984 3320 3216 3373 tandem
3239 3337 3340 3391 pro
3355 3338 3487 3377 vera
3499 3326 3627 3393 conj
3639 3338 3748 3395 uge

2105 3404 2423 3472 agnoscant
2446 3416 2459 3456 :
2480 3400 2751 3472 idemque
2779 3407 3196 3475 propemodum
3230 3410 3413 3476 aiunt,
3439 3412 3592 3480 quod
3616 3410 3751 3466 Tul-

2103 3490 2217 3544 lius
2236 3507 2302 3544 ex
2323 3490 2616 3561 tragacdia,
2638 3493 2747 3543 Ποῦ
2769 3489 2969 3568 σκάφος
2991 3494 3053 3547 τὸ
3074 3498 3178 3548 τῶν
3201 3493 3487 3571 ’Δτρειδῶν
3506 3516 3519 3567 ;
3540 3500 3618 3554 Ex
3635 3516 3750 3571 quo

2107 3579 2375 3644 efficitur,
2394 3585 2455 3633 ut
2477 3579 2631 3634 velut
2650 3580 2877 3637 duabus
2903 3583 3062 3638 sellis
3093 3586 3353 3653 sedeant,
3378 3588 3649 3659 quodque
3681 3589 3753 3644 de

2113 3668 2405 3722 Dioscuris
2428 3668 2746 3737 antiquitas
2766 3669 2951 3736 tinxit,
2977 3689 3132 3727 nunc
3157 3676 3312 3745 apud
3344 3693 3586 3746 superos
3608 3676 3749 3742 sint,

2111 3772 2267 3810 nunc
2301 3757 2452 3825 apud
2485 3755 2739 3811 inferos:
2766 3774 2830 3811 ac
2875 3757 3190 3814 desultoria
3238 3763 3490 3831 quadam
3522 3762 3754 3817 levitate

2112 3860 2267 3898 nunc
2299 3843 2367 3897 ad
2405 3843 2509 3897 hos
2537 3860 2691 3897 nunc
2714 3844 2783 3898 ad
2808 3843 2937 3900 illos
2958 3862 3019 3900 se
3040 3848 3357 3902 conferant.
3383 3850 3546 3903 Nunc
3569 3849 3751 3904 Deum

2114 3930 2290 3987 Israel
2338 3938 2687 4002 sequuntur,
2732 3950 2884 3988 nunc
2918 3934 3077 4001 Baal;
3114 3952 3266 3991 nunc
3297 3937 3366 3992 de
3401 3955 3603 3993 mensa
3647 3942 3754 3993 Do-

2116 4019 2258 4074 mini
2291 4020 2624 4086 comedunt,
2660 4037 2814 4073 nunc
2861 4022 2931 4075 de
2978 4039 3181 4078 mensa
3208 4024 3460 4096 Jezabel,
3492 4027 3610 4081 imo
3641 4027 3756 4081 daa-

2117 4106 2475 4173 moniorum;
2532 4124 2685 4161 nunc
2740 4109 2987 4163 liliorum
3042 4112 3125 4166 vel
3176 4114 3366 4184 potius
3415 4115 3756 4187 angelorum

2114 4213 2262 4268 pane
2294 4200 2624 4265 vescuntur,
2658 4213 2813 4252 nunc
2844 4215 3152 4268 porcorum
3184 4201 3414 4273 siliquis
3444 4203 3760 4276 herbisque

2114 4284 2232 4340 illis
2278 4284 2515 4352 amaris,
2550 4301 2675 4355 qua:
2710 4287 2767 4339 in
2802 4287 3003 4341 mortis
3050 4289 3164 4345 olla
3211 4297 3570 4364 coquuntur;
3604 4310 3762 4350 nunc

2115 4375 2185 4428 de
2215 4375 2461 4428 Jordane
2519 4373 2746 4443 bibunt,
2780 4393 2937 4431 nunc
2977 4378 3044 4432 de
3093 4382 3266 4448 Mara,
3318 4382 3389 4436 de
3434 4383 3660 4437 Amana
3704 4388 3762 4439 et

2117 4462 2418 4534 Pharphar
2450 4462 2639 4517 fluviis
2665 4463 2961 4533 Damasci;
2998 4485 3151 4523 nunc
3182 4469 3252 4525 de
3285 4470 3538 4527 fontibos
3571 4468 3763 4527 Salva-

358 4559 593 4631 phanis,
623 4557 839 4628 quibus
889 4570 1045 4610 nunc
1095 4550 1236 4609 solis
1287 4553 1709 4623 propemodum
1758 4559 2002 4627 constat,
2038 4566 2082 4630 Ι)
2115 4551 2256 4607 toris
2289 4568 2472 4623 aquas
2502 4552 2804 4620 hauriunt,
2839 4572 2993 4611 nunc
3024 4557 3094 4612 de
3140 4558 3406 4614 cisternis
3438 4560 3760 4632 dissipatis.
3800 4616 3806 4620 .

359 4646 506 4703 nihil
539 4650 749 4718 praeter
776 4642 1214 4700 acerbissimam
1242 4641 1455 4696 famem
1488 4640 1891 4716 laerymasque
1921 4661 2007 4701 re-

356 4737 566 4792 lictum
591 4735 684 4790 sit.
704 4734 836 4804 Sed,
857 4750 888 4787 ο
910 4733 1134 4799 beatos,
1156 4729 1255 4801 qui
1281 4733 1516 4801 propter
1533 4731 1827 4787 Christum
1849 4733 2009 4803 (nam

361 4826 413 4881 is
445 4839 700 4896 quoque,
727 4826 791 4878 ut
819 4821 970 4877 veris
1009 4825 1067 4876 et
1113 4818 1484 4889 sempiternis
1516 4820 1724 4891 opibus
1772 4838 1876 4877 nos
1908 4838 2009 4877 cu-

360 4913 635 4979 mularet,
686 4912 742 4967 in
793 4908 1045 4983 egestate
1091 4906 1233 4963 vixit
1263 4906 1325 4978 ‘8)
1378 4907 1720 4965 facultatum
1769 4927 2010 4966 suarum

362 5002 740 5075 naufragium
772 5016 932 5071 aquo
977 4998 1172 5053 animo
1205 4997 1435 5051 ferunt!
1472 4998 1664 5069 Longe
1693 5015 1823 5055 vero
1872 5000 2011 5055 bea-

360 5093 564 5163 tiores,
589 5091 689 5162 qui
741 5088 922 5145 stolas
953 5104 1091 5143 suas
1121 5086 1179 5140 in
1213 5086 1346 5158 agni
1393 5087 1678 5158 sanguine
1727 5086 2012 5158 laverunt,

363 5180 692 5253 quibusque
724 5195 836 5233 non
869 5176 984 5233 alia
1028 5175 1234 5231 mortis
1266 5192 1446 5230 causa
1498 5174 1624 5243 fuit,
1650 5192 1826 5246 quam
1859 5179 2013 5249 quod

364 5284 473 5325 nec
503 5266 831 5323 adulteram
863 5281 966 5339 pro
989 5278 1227 5335 sponsa,
1252 5278 1355 5317 nec
1386 5278 1585 5317 semen
1608 5263 1880 5321 Chanaan
1912 5282 2015 5336 pro

367 5358 594 5415 semine
621 5356 790 5423 Juda,
818 5370 921 5410 nec
942 5350 1294 5408 Absalonem
1316 5355 1417 5407 aut
1441 5350 1751 5409 Jeroboam
1774 5358 1875 5410 aut
1904 5356 2017 5412 Ta-

2117 4641 2184 4695 Et
2217 4640 2715 4711 quemadmodum
2760 4642 3035 4700 animalia
3066 4648 3328 4718 quaedam
3361 4653 3519 4715 sunt,
3542 4665 3667 4719 quas
3702 4649 3761 4704 in

2121 4734 2365 4800 utroque
2412 4727 2699 4784 elemento
2758 4733 2997 4803 degunt,
3030 4736 3101 4788 ob
3157 4752 3402 4806 eamque
3461 4753 3696 4792 causam
3732 4754 3766 4791 a

2118 4818 2329 4873 Graecis
2379 4810 2614 4893 ἀμφίϐια
2671 4821 3067 4888 nominantur,
3096 4828 3153 4877 et
3207 4831 3465 4879 monstra
3496 4826 3764 4897 quaedam

2119 4907 2410 4962 interdum
2462 4908 2769 4975 exsistunt,
2814 4908 2993 4964 altera
3040 4914 3298 4982 corporis
3349 4920 3507 4985 parte
3557 4914 3764 4970 huma-

2124 5013 2279 5065 nam,
2305 4995 2484 5049 altera
2516 4994 2831 5050 belluinam
2866 4998 3111 5053 formam
3136 5002 3526 5071 praeferentia;
3563 5003 3766 5057 eodem

2124 5086 2295 5139 modo
2326 5083 2437 5154 ipsi
2471 5100 2573 5137 nec
2623 5084 2793 5154 plane
2830 5086 3157 5156 orthodoxi,
3192 5106 3295 5145 nec
3342 5097 3535 5162 aperte
3584 5090 3769 5146 haere-

2123 5174 2221 5228 tici
2255 5177 2412 5242 sunt,
2436 5173 2536 5227 sed
2596 5173 2850 5229 mediam
2906 5178 3224 5246 quamdam
3282 5179 3433 5233 inter
3489 5183 3770 5250 utrosque

2126 5260 2515 5317 conditionem
2551 5266 2767 5316 tenent.
2797 5263 2881 5318 Ita
2911 5264 2999 5319 vel
3030 5282 3162 5320 cum
3192 5267 3469 5322 Zacharia
3501 5269 3768 5324 obmute-

2126 5354 2319 5417 scunt,
2354 5347 2440 5405 vel
2474 5366 2607 5405 cum
2657 5350 2961 5408 dubitante
3006 5353 3173 5411 Petro
3223 5356 3407 5430 mergi
3456 5356 3770 5431 incipiunt,

437 5506 482 5542 ‘7
512 5505 645 5563 Job.
677 5519 834 5577 xxix,
867 5506 952 5563 15.
1030 5504 1075 5541 ⁸⁸
1108 5505 1159 5560 ΙΙ
1188 5502 1315 5560 Cor.
1346 5520 1470 5574 vm,
1501 5503 1555 5561 9.
1632 5505 1677 5541 ‘9
1705 5505 1867 5563 Cant.
1901 5523 1964 5577 ιι,

2161 5504 2205 5540 ⁵ο
2236 5502 2374 5559 Luc.
2406 5516 2484 5571 ιχ,
2514 5500 2605 5558 58.
2681 5502 2724 5538 δι
2755 5503 2970 5564 Jerem.
3005 5524 3081 5581 Ix,
3118 5508 3168 5566 1.

443 5659 564 5740 (69)
590 5659 839 5735 Tertul.,
871 5658 911 5718 l.
941 5674 1021 5735 ιν,
1051 5657 1173 5717 adv.
1204 5656 1368 5715 Marc.

2200 5653 2312 5735 (70)
2340 5652 2517 5713 Basil.
2550 5654 2578 5710 1
2611 5653 2786 5735 epist,
