4184 6202
412 395 530 456 323

1540 391 1571 452 J
1584 397 1622 452 A
1635 395 1731 454 CO
1744 393 1813 453 BI
1859 389 2092 453 BILLII
2137 388 2730 454 PRAEFATIONES.

3699 395 3817 454 334

404 529 526 598 jam
554 530 798 600 jamque
823 526 978 581 haud
1011 525 1184 580 dubie
1212 541 1448 596 pessum
1474 524 1633 592 ituri,
1655 526 1765 580 nisi
1800 525 2065 580 Christus
2095 529 2149 594 Α
2179 525 2461 581 bertatem
2493 525 2815 579 vindicatos
2858 540 2985 579 esse
3031 522 3378 594 gloriantur,
3407 539 3534 579 eum
3563 527 3660 596 qui
3689 527 3824 581 emit

409 634 507 678 eos
541 633 716 670 manu
753 618 1012 685 arreptos
1043 613 1098 667 in
1136 613 1461 669 naviculam
1494 613 1811 668 retraxerit.

476 715 622 766 Sunt
667 712 784 777 alii,
841 712 938 781 qui
988 711 1220 766 tametsi
1269 712 1339 766 ab
1390 711 1548 765 omni
1602 711 1798 766 haeresi
1849 710 2064 765 abhor-

405 803 591 866 reant,
625 798 863 868 perinde
893 803 1084 852 tamen
1120 804 1292 869 atque
1323 816 1420 853 eos
1444 799 1796 853 orthodoxiae
1827 799 2061 868 pudeat,

402 886 664 941 veritatis
699 887 1087 956 patrocinium
1112 887 1408 954 deserunt,
1439 903 1503 941 ac
1529 903 1598 941 ne
1632 887 1769 957 quid
1804 887 1918 941 odii
1953 887 2064 942 sibi

404 977 557 1048 apud
583 975 851 1029 homines
879 976 1148 1043 conﬂant,
1173 975 1385 1046 impias
1413 976 1695 1030 adversus
1724 976 1906 1030 Deum
1932 977 2062 1030 has-

401 1065 666 1136 phemias
701 1063 894 1118 surdis
940 1063 1182 1118 auribus
1231 1063 1680 1119 transmittunt:
1731 1064 1899 1134 quasi
1933 1080 2064 1120 vero

401 1170 518 1208 non
551 1157 613 1209 ut
640 1153 797 1208 corde
843 1153 912 1207 ad
952 1154 1234 1223 justitiam
1279 1153 1543 1220 creditur,
1594 1155 1673 1207 sic
1711 1169 1806 1207 ore
1835 1169 2066 1223 quoque

400 1245 667 1312 confessio
716 1241 785 1296 ad
832 1241 1063 1296 salutem
1108 1241 1237 1309 ﬁeri
1287 1242 1331 1275 ⁵³
1381 1242 1606 1296 debeat.
1663 1242 1735 1295 Ad
1790 1258 1939 1311 quos
1969 1258 2063 1297 ac-

403 1331 639 1395 cedunt,
673 1330 772 1399 qui
806 1331 876 1384 ad
908 1329 1377 1384 adversariorum
1410 1330 1660 1401 gratiam
1693 1330 1917 1385 aditum
1953 1329 2063 1385 sibi

404 1419 699 1486 muniunt,
733 1435 798 1472 ac
831 1418 983 1472 velut
1031 1419 1250 1473 amicos
1281 1422 1509 1489 parant,
1544 1420 1665 1488 qui,
1702 1419 1748 1472 si
1793 1419 1932 1473 forte
1965 1419 2063 1473 de-

401 1509 654 1578 fecerint,
706 1510 972 1578 recipiant
1031 1523 1128 1561 eos
1187 1511 1247 1561 in
1301 1524 1399 1561 sua
1457 1507 1816 1562 tabernacula
1839 1508 1901 1561 ⁵³.
1963 1507 2063 1562 His

406 1612 521 1650 non
546 1595 718 1666 paulo
739 1595 1138 1650 sceleratiores
1161 1595 1411 1650 habendi
1437 1601 1597 1664 sunt,
1623 1595 1720 1666 qui
1745 1597 1853 1650 sub
1868 1597 2061 1651 ovium

403 1684 551 1756 pelle
581 1683 750 1755 lupos
782 1683 1008 1751 celant;
1041 1701 1291 1755 quorum
1322 1701 1430 1739 vox
1481 1684 1717 1755 quidem
1749 1702 1856 1739 vox
1885 1684 2062 1740 Jacob

403 1778 513 1839 est,
546 1775 646 1828 sed
673 1778 728 1829 et
759 1789 968 1828 manus
999 1779 1054 1828 et
1086 1773 1320 1828 animus
1350 1774 1504 1828 Esau
1537 1777 1713 1840 sunt;
1745 1773 1845 1844 qui
1877 1774 1934 1827 in
1959 1774 2060 1829 Ec-

2175 630 2258 669 eos
2288 623 2566 683 negantes,
2598 630 2660 669 ac
2689 614 3121 684 superducentes,
3164 613 3274 667 sibi
3301 615 3525 667 celerem
3553 615 3818 684 perditio-

2175 719 2298 758 nem
2327 703 2389 757 ³⁸.
2425 703 2684 758 Ridendo
2716 710 2976 773 pereunt,
3014 701 3267 771 jocando
3317 700 3534 756 serium
3577 703 3817 758 exitium

2176 791 2286 846 sibi
2317 795 2642 846 accersunt.
2675 791 2745 845 Hi
2777 795 2917 845 sunt
2946 791 3059 844 veri
3095 789 3381 861 gigantes,
3415 790 3512 860 qui
3545 790 3818 862 blasphe-

2177 897 2333 935 mam
2367 881 2627 952 linguam
2661 880 2718 935 in
2751 880 2959 935 coelum
3009 879 3273 948 mittunt,
3319 895 3385 934 ac
3417 885 3596 936 Deum
3629 880 3816 935 omni-

2175 974 2468 1040 potentem
2501 969 2680 1039 impio
2725 969 2874 1023 bello
2924 968 3256 1024 lacessunt:
3310 985 3455 1038 quos
3505 970 3562 1024 in
3593 974 3817 1024 Satanas

2174 1058 2401 1128 peculio
2424 1059 2548 1128 jam
2580 1075 2707 1113 esse
2747 1057 3040 1128 quispiam
3090 1074 3205 1112 non
3254 1059 3545 1114 immerito
3593 1058 3817 1113 dixerit.

2174 1146 2390 1217 quippe
2421 1146 2521 1216 qui
2570 1151 2814 1200 aeternas
2864 1145 3201 1200 inimicitias
3251 1162 3384 1200 cum
3434 1163 3500 1201 eo
3550 1162 3819 1216 suscepe-

2175 1235 2312 1301 rint,
2346 1234 2444 1306 qui
2477 1233 2638 1289 solus
2669 1233 2812 1305 ipsis
2860 1234 3077 1288 mederi
3122 1239 3364 1304 poterat.
3415 1234 3530 1290 Hos
3563 1251 3676 1290 non
3711 1237 3820 1290 mi-

2175 1339 2285 1378 nus
2316 1340 2492 1393 quam
2528 1323 2888 1394 Epiphanius
2910 1325 3219 1377 Anommos
3244 1324 3378 1393 (72),
3405 1341 3426 1374 ι
3463 1324 3673 1395 virgini
3704 1341 3824 1379 cor-

2173 1416 2376 1481 rupta},
2411 1427 2595 1477 caecae,
2640 1411 2850 1478 surdis,
2904 1415 2962 1465 et
3010 1416 3183 1465 muta:
3232 1427 3570 1481 comparare
3614 1429 3822 1484 possu-

2174 1515 2329 1568 mus,
2362 1517 2536 1570 quam
2571 1516 2739 1554 nemo
2772 1504 3104 1570 corruptam
3137 1515 3263 1554 esse
3305 1500 3523 1554 nescit:
3560 1520 3587 1548 »
3621 1505 3822 1571 rogata

2173 1592 2367 1642 autem
2401 1606 2434 1643 a
2467 1605 2581 1660 quo
2614 1593 2886 1658 corrupta
2933 1588 3030 1654 sit,
3064 1605 3177 1643 non
3233 1588 3413 1654 audit,
3449 1589 3586 1658 quia
3616 1591 3817 1656 surda,

2173 1693 2277 1731 nec
2307 1693 2442 1731 eum
2475 1678 2642 1742 vidit,
2673 1676 2812 1748 quia
2855 1693 3025 1744 ceca,
3061 1693 3166 1731 nec
3213 1676 3407 1732 dicere
3435 1681 3644 1748 potest,
3679 1679 3818 1749 quia

2172 1770 2355 1822 muta.

403 1862 588 1958 clesias
621 1877 858 1958 corpore
892 1863 970 1916 ita
1009 1870 1180 1958 sunt,
1202 1866 1265 1916 ut
1293 1861 1470 1958 Sinon
1527 1861 1585 1958 in
1617 1861 1758 1958 urbe
1786 1861 2059 1930 Trojana,
2095 1895 2139 1958 Β
2219 1863 2592 1958 Quanquam
2621 1863 2760 1958 quid
2797 1867 2990 1958 mutos
3021 1878 3120 1918 eos
3156 1862 3362 1958 apollo,
3402 1862 3490 1958 xui
3523 1880 3639 1958 non
3670 1865 3810 1935 jam,

400 1951 490 2006 vel
523 1955 586 2006 ut
614 1950 798 2004 Judas
830 1949 888 2004 in
921 1967 1105 2004 omna.
1136 1950 1314 2005 Nemo
1359 1954 1446 2004 est
1475 1949 1574 2019 qui
1607 1949 1866 2004 oratione
1897 1966 2062 2005 asse-

408 2039 505 2110 qui
540 2039 745 2107 possit,
777 2043 1056 2109 quantam
1088 2039 1188 2093 isti
1219 2038 1471 2094 versutis
1501 2038 1625 2093 suis
1648 2036 1908 2092 consiliis
1938 2054 2061 2108 per-

405 2127 619 2182 niciem
693 2127 1021 2197 reipublicae
1079 2127 1419 2182 Christianas
1480 2125 1736 2197 quotidie
1796 2125 2058 2181 afferant.

406 2215 544 2271 Plus
593 2216 818 2270 artibus
866 2216 991 2271 suis
1040 2216 1320 2280 efficiunt,
1372 2232 1548 2284 quam
1601 2216 1818 2268 ferrum
1864 2230 2060 2282 omne,

410 2320 590 2375 quam
617 2303 704 2358 vis
737 2304 960 2358 ormnis
994 2320 1312 2358 armorum.
1346 2305 1423 2357 Ac
1445 2309 1749 2374 propterea
1779 2301 1893 2356 illis
1924 2318 2057 2357 cum

406 2392 585 2448 totius
610 2392 810 2447 mundi
837 2391 1112 2447 seandalo
1136 2409 1168 2446 a
1190 2391 1312 2446 suis
1335 2391 1655 2462 coryphasis
1679 2391 2057 2460 permittitur,

407 2481 767 2552 religionem,
801 2498 974 2551 quam
1010 2485 1195 2536 morte
1234 2481 1402 2551 pejus
1452 2480 1719 2545 oderunt,
1754 2478 2054 2547 simulare,

409 2570 870 2625 orthodoxorum
929 2568 1148 2640 templa
1187 2568 1366 2638 adire,
1400 2567 1480 2622 rei
1511 2584 1686 2623 sacrae
1752 2566 2055 2634 interesse,

407 2658 634 2728 aliaque
665 2657 883 2722 omnia,
917 2673 1044 2728 quae
1077 2661 1234 2711 secta
1255 2660 1605 2721 exsecratur,
1632 2657 1817 2709 facere
1845 2672 1858 2721 ;
1893 2655 2057 2710 dum-

409 2747 580 2801 modo
629 2746 735 2800 hac
784 2745 1156 2800 simulatione
1205 2743 1515 2799 factionem
1570 2745 1905 2814 provehant.
1954 2743 2054 2798 Hic

409 2834 665 2906 profecto
696 2833 838 2888 mihi
884 2832 1172 2888 succurrit
1214 2832 1355 2886 illud
1405 2831 1674 2904 Augusti,
1707 2831 1805 2902 qui
1838 2847 1906 2886 ex
1936 2835 2055 2886 tota

407 2938 475 2978 ea
506 2920 906 2993 suppellectile
959 2938 1134 2992 quam
1179 2922 1433 2975 moriens
1465 2921 1702 2991 quidam
1757 2920 2052 2974 Romanus

404 3009 694 3065 immenso
725 3027 832 3064 aere
864 3009 1050 3063 alieno
1082 3009 1327 3064 obrutus
1354 3008 1687 3079 reliquerat,
1720 3008 1932 3063 lectum
1965 3025 2053 3063 so-

405 3098 528 3155 lum
562 3100 872 3155 emendum
907 3097 1151 3166 curavit,
1184 3100 1337 3167 quod
1381 3097 1502 3152 fieri
1549 3113 1661 3152 non
1696 3113 1865 3168 posse
1897 3097 2050 3152 dice-

403 3193 514 3258 ret,
549 3187 690 3258 quin
725 3186 893 3258 longe
924 3189 1182 3257 optimus
1221 3191 1397 3252 esset,
1431 3187 1486 3239 in
1537 3203 1652 3256 quo
1686 3187 1859 3241 homo
1890 3189 2051 3241 tanta

2173 1955 2235 2005 ut
2263 1951 2425 2016 olim,
2455 1951 2810 2023 impietatem
2861 1956 3086 2023 pectore
3135 1951 3394 2006 clausam
3445 1956 3663 2017 tenent,
3697 1970 3812 2008 non

2171 2039 2229 2092 in
2262 2039 2513 2111 angulis,
2541 2046 2605 2094 ut
2626 2058 2830 2112 nuper,
2851 2041 3181 2105 effundunt,
3206 2040 3306 2095 sed
3329 2040 3388 2094 in
3415 2041 3680 2095 omnium
3699 2041 3814 2112 ple-

2170 2144 2416 2198 rumque
2445 2127 2628 2182 oculis
2687 2132 2859 2198 atque
2905 2133 3212 2198 conspectu
3275 2145 3343 2182 ex
3389 2145 3485 2182 ore
3517 2129 3811 2184 teterrima

2168 2222 2467 2282 evomunt,
2499 2222 2815 2288 portasque
2863 2217 3134 2286 aperiunt
3172 2233 3285 2271 non
3326 2216 3572 2286 justitiaa
3619 2217 3683 2283 ⁸⁷,
3710 2217 3811 2272 sed

2169 2304 2463 2360 atheismi.
2497 2305 2564 2360 Hi
2599 2306 2647 2359 si
2679 2305 2908 2376 superis
2952 2306 3158 2376 placet,
3209 2305 3537 2374 Scripturas
3583 2322 3814 2377 quoque

2169 2393 2489 2463 proferunt,
2517 2410 2664 2464 quas
2691 2393 2903 2462 rident,
2937 2409 3041 2448 nec
3071 2393 3305 2451 seriose
3331 2409 3521 2465 agere,
3553 2395 3654 2449 sed
3685 2400 3812 2449 tan-

2165 2484 2291 2534 tum
2325 2481 2624 2552 disputare
2645 2481 2790 2536 velle
2822 2482 3166 2552 profitentur
3191 2499 3203 2536 :
3231 2497 3295 2536 ac
3321 2481 3614 2537 Christum
3646 2498 3813 2538 oscu-

2166 2567 2381 2637 lantur,
2416 2574 2480 2625 ut
2511 2570 2793 2640 prodant;
2833 2570 2938 2624 hoc
2974 2574 3084 2634 est,
3113 2569 3437 2624 doctrinam
3470 2587 3694 2626 sacram
3727 2570 3811 2626 al-

2165 2653 2380 2726 legant,
2414 2662 2480 2711 ut
2509 2661 2788 2712 evertant.
2823 2658 3079 2722 Quorum
3103 2658 3210 2713 hac
3231 2663 3577 2728 tempestate
3607 2663 3808 2712 tantus

2163 2751 2477 2814 proventus
2507 2751 2615 2813 est,
2649 2751 2712 2801 ut
2743 2763 2857 2800 non
2889 2746 3016 2800 sine
3047 2763 3224 2800 causa
3252 2747 3404 2816 apud
3437 2751 3725 2801 nostrates
3746 2749 3806 2801 in

2163 2833 2532 2904 proverbium
2563 2834 2791 2903 abierit,
2824 2833 3035 2888 Noxias
3066 2834 3276 2888 herbas
3308 2834 3422 2890 cito
3453 2843 3800 2889 excrescet‘e.

2163 2943 2189 2969 ‹‹
2237 2921 2352 2992 (73)
2401 2922 2495 2976 Sic
2544 2922 2742 2976 inanes
2788 2922 2965 2994 paleas
3012 2925 3357 2992 tempestate
3399 2923 3715 2991 jactentur,
3748 2927 3808 2977 et

2159 3007 2426 3063 invalidas
2459 3010 2692 3065 arbores
2722 3011 2976 3065 turbinis
3020 3010 3352 3065 incursione
3382 3015 3737 3065 evertuntur.
3770 3030 3797 3063 ι

2160 3097 2265 3152 Sed
2299 3113 2614 3170 quanquan
2654 3098 2815 3154 nulla
2843 3098 3144 3169 capitalior
3174 3099 3355 3170 pestis
3385 3099 3456 3154 ab
3488 3098 3806 3154 infestissi-

2161 3201 2253 3239 mo
2285 3187 2514 3256 generis
2563 3188 2745 3242 nostri
2799 3187 2964 3243 hoste
3008 3187 3324 3259 excogitari
3374 3192 3581 3258 potest,
3627 3203 3805 3258 quam

406 3257 539 3332 aeris
565 3257 737 3331 alieni
773 3257 924 3331 mole
954 3290 1269 3346 oppressus
1301 3291 1506 3329 somno
1559 3274 1864 3329 frueretur.
1901 3273 2052 3329 Con—
2084 3257 2125 3322 C
2165 3274 2440 3329 haeresis:
2492 3292 2558 3329 ex
2607 3292 2674 3330 ea
2716 3282 2912 3330 tamen
2964 3276 3073 3331 hoc
3126 3257 3416 3331 commodi
3469 3257 3805 3346 percipitur.

406 3365 586 3419 simili
616 3365 770 3420 enim
806 3365 976 3418 modo
1000 3362 1375 3417 firmissimas
1399 3379 1462 3416 ac
1490 3362 1693 3417 robore
1723 3361 2059 3433 triplicique

405 3470 536 3523 tere,
570 3457 635 3506 ut
667 3452 762 3508 ille
794 3453 873 3508 ait
903 3453 1036 3523 (71),
1071 3452 1344 3521 obseptas
1391 3468 1518 3506 esse
1550 3450 1891 3520 hujusmodi
1921 3466 2058 3505 con-

404 3541 680 3598 scientias
711 3558 946 3596 necesse
977 3545 1084 3612 est,
1126 3557 1252 3612 quae
1303 3541 1360 3595 in
1395 3544 1555 3596 tanto
1598 3538 1812 3596 scelere
1841 3556 2058 3596 securas

404 3629 848 3700 conquiescunt.

473 3727 576 3781 Est
605 3727 763 3782 aliud
789 3726 1097 3782 hominum
1121 3743 1307 3798 genus
1339 3743 1586 3797 quorum
1622 3725 1783 3781 salus
1815 3742 1916 3796 spe
1939 3726 2057 3780 exi-

410 3831 528 3887 gua
557 3821 932 3886 extremaque
964 3817 1194 3886 pendet;
1220 3833 1284 3870 ac
1317 3831 1493 3886 prope
1525 3813 1824 3885 deplorata
1851 3819 1959 3880 est,
1992 3818 2057 3869 ut

412 3920 529 3958 non
561 3910 682 3959 tam
717 3905 961 3973 medico,
987 3921 1162 3974 quam
1191 3904 1438 3969 Christo,
1461 3904 1560 3974 qui
1585 3907 1844 3958 mortuos
1876 3903 2058 3958 susci-

403 3996 508 4059 tat,
559 4010 705 4064 opus
757 3994 964 4048 habere
999 3993 1329 4048 videantur.
1390 3993 1464 4047 De
1514 3991 1607 4048 his
1653 3991 1860 4064 loquor
1907 4009 2056 4064 quos

404 4083 710 4152 aptissimo
743 4083 974 4138 nomine
1007 4080 1402 4157 ἁπηλγηκὸτας
1453 4083 1768 4153 Apostolus
1799 4089 1964 4139 vocat
1987 4085 2054 4153 ⁵⁸,

405 4168 502 4238 qui
541 4173 601 4222 ut
633 4170 687 4222 in
717 4171 830 4225 Nili
863 4173 1167 4244 catadupis
1200 4174 1269 4228 ad
1305 4171 1527 4227 ruentis
1569 4172 1828 4228 ﬂuminis
1863 4173 2053 4245 frago-

402 4273 528 4311 rem
596 4257 795 4312 incola:
855 4260 1286 4316 obsurdescunt
1350 4261 1432 4316 ita
1499 4260 1582 4315 illi
1640 4266 2053 4332 perpetuarum

405 4345 867 4416 disputationum
919 4349 1086 4404 taedio
1146 4349 1309 4404 fracti
1369 4355 1544 4419 atque
1601 4351 1806 4415 enecti,
1851 4366 2054 4406 omnes

404 4434 466 4489 in
501 4433 832 4490 universum
869 4435 1177 4509 religiones
1209 4454 1471 4508 peraeque
1489 4444 1850 4509 aversantur,
1883 4444 2055 4509 atque

404 4523 464 4575 in
549 4521 840 4592 pestilenti
921 4524 1246 4579 derisorum
1324 4524 1602 4579 cathedra
1677 4525 1786 4580 sibi
1855 4527 2051 4581 sedem

2169 3363 2322 3432 quod
2351 3363 2487 3417 hinc
2519 3362 2725 3429 elucet,
2759 3365 2858 3435 qui
2891 3363 3076 3434 probi,
3111 3364 3210 3435 qui
3241 3364 3415 3418 fucati
3448 3368 3620 3434 atque
3651 3363 3814 3418 adul-

2166 3451 2340 3507 terini
2370 3452 2683 3507 Christiani
2732 3453 2869 3506 sint.
2921 3453 3140 3506 Necesse
3184 3460 3279 3518 est,
3333 3453 3525 3523 inquit
3568 3455 3811 3522 Aposto-

2165 3539 2259 3595 lus
2291 3540 2353 3610 ⁵⁸,
2387 3539 2617 3597 Ιῑᾶνεδθδ
2660 3557 2791 3610 esse,
2842 3548 2899 3595 ut
2935 3542 3032 3611 qui
3080 3540 3302 3611 probati
3348 3548 3498 3606 sunt,
3527 3542 3814 3610 manifesti

2165 3629 2322 3698 ﬁant.
2353 3629 2546 3684 Rebus
2578 3627 2913 3700 tranquillis
2943 3631 3000 3684 et
3031 3629 3272 3700 pacatis,
3298 3629 3464 3683 fortis
3494 3634 3549 3684 et
3578 3644 3815 3700 genero-

2166 3733 2269 3771 sus
2301 3716 2470 3771 miles
2503 3717 2574 3771 ab
2596 3716 2802 3787 ignavo
2823 3720 2878 3770 et
2899 3715 3104 3770 timido
3124 3714 3438 3770 internosci
3462 3729 3573 3770 non
3599 3717 3808 3786 potest.

2164 3807 2237 3860 At
2265 3811 2460 3862 exorto
2483 3803 2632 3859 bello
2664 3804 2805 3875 quid
2824 3803 2976 3858 inter
3001 3808 3314 3872 utrumque
3344 3802 3713 3858 descriminis
3735 3801 3813 3858 sit

2166 3893 2332 3950 facile
2362 3893 2730 3965 perspicitur.
2763 3891 2921 3947 Alter
2950 3891 3149 3947 statim
3180 3891 3404 3962 abjecto
3436 3895 3599 3947 scuto
3631 3891 3812 3963 turpi-

2164 3987 2254 4039 ter
2282 3999 2344 4038 se
2375 3983 2432 4037 in
2463 3982 2663 4054 fugam
2708 3981 2980 4051 conjicit:
3037 3979 3184 4035 alter
3231 3979 3505 4053 periculis
3536 3981 3810 4036 omnibus

2165 4088 2378 4143 magno
2409 4075 2582 4142 atque
2613 4069 2900 4142 intrepido
2931 4069 3126 4125 animo
3156 4085 3283 4125 sese
3311 4069 3498 4125 odert.
3531 4069 3680 4134 Quot
3711 4071 3808 4124 ho-

2164 4160 2352 4215 mines
2384 4158 2784 4232 superioribus
2833 4158 2992 4214 hisce
3023 4157 3192 4213 annis
3241 4158 3514 4226 vidimus,
3545 4157 3645 4228 qui
3675 4173 3806 4213 cum

2164 4248 2515 4303 orthodoxite
2547 4247 2799 4318 speciem
2832 4247 2991 4300 omni
3022 4246 3137 4302 vita
3165 4263 3279 4317 prae
3314 4263 3378 4303 se
3411 4245 3700 4314 tulissent,
3735 4246 3807 4301 ad

2165 4338 2382 4411 primas
2414 4337 2602 4392 noctis
2633 4318 2903 4391 tenebras
2927 4336 2984 4389 in
3006 4335 3233 4391 Christo
3257 4334 3629 4390 scandalizati
3647 4339 3808 4402 sunt,

2162 4443 2328 4498 eoque
2369 4427 2564 4481 relicto
2610 4427 2874 4496 fugerunt
2923 4424 2987 4489 5°,
3038 4424 3154 4478 imo
3204 4423 3691 4495 transfugerunt?
3744 4423 3810 4477 Et

2163 4516 2259 4588 qui
2293 4514 2423 4587 plus
2468 4530 2643 4585 quam
2689 4511 2922 4581 trabali,
2970 4516 3034 4567 ut
3079 4512 3263 4579 aiunt,
3313 4511 3472 4567 clavo
3521 4511 3580 4566 in
3616 4510 3807 4566 Eccle-

405 4611 592 4683 figunt
625 4611 687 4665 ⁵⁵.
724 4611 790 4666 Hi
824 4617 1055 4667 tantum
1099 4614 1262 4668 abest
1311 4617 1375 4667 ut
1406 4613 1512 4668 hac
1562 4630 1756 4667 rerum
1789 4614 2053 4670 omnium

2169 4604 2252 4660 sia
2287 4603 2382 4658 fixi
2431 4619 2559 4658 esse
2607 4601 2972 4671 videbantur,
3021 4617 3196 4670 seque
3245 4599 3442 4656 lsraeli
3495 4617 3598 4671 pro
3638 4616 3807 4655 muro

403 4700 838 4772 perturbatione
866 4709 1362 4767 commoveantur,
1399 4706 1462 4757 ut
1501 4701 1675 4755 etiam
1709 4717 1777 4756 ex
1808 4702 2055 4772 publicis

405 4788 839 4845 calamitatibus
889 4792 1245 4846 uberrimam
1298 4791 1450 4845 risus
1515 4805 1767 4844 messem
1820 4790 2050 4846 faciant.

407 4875 640 4945 Omnes,
702 4895 850 4948 quos
908 4879 1173 4934 Ecclesia:
1250 4896 1428 4934 causa
1483 4879 1633 4934 serio
1692 4879 1890 4950 afﬁcit,
1951 4897 2053 4952 pro

407 4965 604 5020 stultis
661 4971 716 5020 et
775 4967 1000 5023 insanis
1078 4967 1313 5034 habent,
1374 4985 1439 5023 ac
1498 4968 1567 5021 de
1626 4966 1760 5022 lana
1817 4969 2056 5040 caprina

407 5055 752 5110 contendere
786 5060 958 5128 atque
991 5057 1140 5112 inter
1170 5075 1230 5112 se
1263 5056 1528 5112 altercari
1563 5057 1746 5111 aiunt.
1780 5062 2057 5129 Compen-

406 5143 653 5199 diariam
680 5145 828 5202 viam
853 5146 924 5201 ad
951 5146 1410 5218 tranquilitatem
1433 5163 1560 5201 esse
1593 5152 1832 5201 censent
1855 5143 2051 5220 ἀθεΐαν,

347 5264 352 5268 ι
407 5232 647 5302 ejusque
682 5233 958 5291 beneﬁcio
990 5252 1052 5291 se
1083 5252 1152 5291 ex
1198 5234 1545 5308 gravissima
1589 5234 1866 5291 servitute
1891 5236 1951 5291 in
1982 5236 2050 5292 li-

2165 4693 2393 4747 futuros
2423 4691 2828 4755 ostendebant,
2863 4689 2973 4761 ipsi
3005 4689 3176 4761 primi
3226 4689 3541 4744 fcedissime
3571 4703 3806 4743 corrue-

2165 4781 2354 4837 runt?

2236 4879 2352 4936 Hoc
2383 4895 2517 4951 ergo
2551 4879 2771 4951 bonum
2804 4875 2998 4932 attulit
3027 4876 3285 4945 haeresis,
3321 4876 3472 4945 quod
3503 4881 3560 4931 et
3597 4875 3808 4931 horum

2165 4946 2602 5024 simulatidnem
2627 4946 2928 5038 .prodidit,
2978 4971 3034 5020 et
3080 4966 3367 5020 bonorum
3417 4964 3808 5020 constantiam

2165 5058 2462 5128 animique
2495 5055 2959 5127 magnitudinem
3008 5053 3338 5110 declaravit.
3375 5053 3504 5108 Fuit
3542 5069 3676 5124 ergo
3709 5052 3811 5108 illa

2166 5147 2336 5219 quasi
2368 5145 2517 5217 lapis
2549 5145 2790 5216 quidam
2812 5142 3102 5198 heraclius
3126 5159 3325 5198 verum
3359 5159 3568 5197 aurum
3600 5159 3632 5196 a
3665 5141 3809 5197 falso

2165 5236 2525 5302 discernens,
2560 5234 2728 5304 quasi
2759 5231 2910 5304 ignis
2939 5232 3261 5288 contrarias
3299 5232 3569 5288 materias
3599 5229 3812 5285 distin-

484 5385 934 5461 {'Bom.x,_10.
1012 5389 1054 5422 ⁸³
1085 5389 1222 5444 Luc.
1272 5407 1384 5460 xvx,
1434 5391 1488 5445 9.
1568 5389 1850 5461 Is‘Ephefl-
1913 5408 1989 5460 IV.
2042 5394 2057 5447 1

2206 5393 2250 5430 ⁵⁸
2279 5389 2434 5449 Psal.
2465 5405 2507 5459 ι,
2539 5390 2590 5443 1.
2667 5387 2711 5422 ⁵⁸
2744 5387 2791 5444 II
2835 5390 2990 5443 Petr.
3025 5403 3086 5460 ιι,
3120 5387 3170 5442 1.
3247 5388 3289 5422 ⁸⁷
3320 5386 3473 5442 Psal.
3507 5403 3673 5456 cxvu,
3709 5386 3794 5444 19.

411 5454 456 5489 ⁸⁸
483 5459 506 5509 Ι
537 5456 665 5510 Cor.
698 5474 776 5524 x1,
811 5458 894 5515 19.
973 5461 1016 5495 ⁵ο
1047 5461 1251 5516 Matth.
1286 5454 1439 5529 xxvi,
1469 5462 1560 5515 66.

505 5627 599 5706 Et)
629 5628 824 5706 iterat.
860 5633 928 5689 II.
961 5636 1217 5706 [Car-mw
1249 5635 1345 5691 od.
1376 5636 1428 5690 3.

505 5699 599 5775 '72)
631 5700 754 5759 Lib.
789 5719 871 5776 Ill,
907 5710 947 5762 t.
985 5705 1029 5778 1,
1059 5699 1349 5780 pagf990.

2242 5636 2351 5711 (73)
2383 5634 2574 5710 Cypr.,
2609 5632 2682 5688 De
2709 5631 2850 5690 unit.
2875 5631 3044 5700 Each,
3075 5648 3130 5705 p.
3168 5631 3288 5688 197.
