4184 6202
343 404 451 463 325

1458 398 1727 461 JACOBI
1774 397 1846 458 BI
1860 396 2000 458 ωλι
2050 394 2621 459 ΡΒιΕΡΑΤΙΟΝΕΞ
2635 443 2649 458 .

3614 401 3730 462 326

338 551 530 607 guens,
562 532 729 604 quasi
766 531 1158 588 ventilahrum
1210 530 1437 603 paleam
1490 549 1522 587 a
1564 530 1753 586 tritico
1802 546 1966 602 sepa-
1997 530 2052 596 Α
2084 529 2287 600 spicio,
2316 530 2942 603 immortaliquelaude
2965 529 3173 603 dignus
3196 532 3499 589 existimo:
3530 534 3749 607 quippe

338 640 465 679 rans
494 623 555 690 ⁸ο,
583 622 834 692 denique
864 623 1031 692 quasi
1064 625 1273 676 ventus
1305 624 1360 675 et
1390 619 1585 691 pluvia
1617 620 1831 692 quibus
1857 635 1975 690 per-

2089 617 2187 689 qui
2222 634 2424 674 omnes
2456 618 2675 691 ingenii
2706 620 3099 691 doctrinaeque
3158 637 3297 693 opes
3355 622 3424 676 ad
3476 628 3748 678 ornatum

339 711 593 782 spicuum
629 712 810 776 tieret,
846 711 942 780 qui
967 709 1024 763 in
1050 709 1158 764 levi
1185 727 1379 777 arena,
1406 710 1504 780 qui
1528 710 1585 763 in
1610 711 1779 763 firma
1819 713 1981 780 petra
2088 706 2290 776 templi
2325 706 2445 774 Dei,
2478 706 2585 762 hoc
2617 713 2705 763 est
2734 708 2998 763 Ecclesia
3050 710 3371 775 conferant,
3435 710 3597 766 nulla
3651 712 3751 767 ho-

338 799 462 853 ﬁdei
496 815 611 853 suae
646 799 1025 853 fundamenta
1074 798 1441 867 jecissent“.
1479 798 1671 853 Rebus
1720 797 1868 852 lzetis
1920 798 1979 850 in

338 885 700 942 adulatorum
734 887 909 942 turba
942 886 1154 941 sinceri
1187 887 1355 941 amici
1391 886 1606 943 latent:
1642 890 1839 941 aestate
1881 884 1981 957 qui

339 975 602 1047 parietes,
639 992 763 1046 quis
798 974 934 1031 tecti
963 979 1156 1046 partes
1189 974 1405 1029 vitiosas
1436 976 1574 1044 sint,
1609 992 1734 1046 quae
1784 978 1984 1029 contra

336 1064 465 1119 vitio
486 1069 722 1119 careant
752 1080 865 1118 non
891 1063 1057 1118 facile
1084 1063 1475 1135 dignoscitur:
1512 1064 1829 1135 tranquillo
1861 1079 1983 1117 ma-

338 1153 383 1208 ri
413 1154 504 1207 vix
535 1153 789 1207 discerni
822 1157 1034 1224 potest,
1067 1169 1195 1223 quaa
1227 1170 1360 1224 pars
1392 1154 1554 1207 navis
1612 1154 1838 1223 integra
1885 1152 1979 1220 sit,

334 1257 454 1312 qum
483 1241 859 1311 naufragium
892 1240 1168 1295 minetur.
1204 1241 1397 1295 Rebus
1432 1246 1628 1296 autem
1651 1240 1902 1309 afflictis,
1929 1243 1985 1295 et

334 1335 453 1384 orta
484 1329 699 1396 hieme,
720 1335 893 1400 atque
923 1333 1168 1399 urgente
1194 1334 1538 1401 tempestate
1555 1330 1749 1383 statim
1787 1328 1987 1383 discri-

336 1434 459 1472 men
494 1416 793 1480 elucescit,
826 1416 1169 1487 tolliturque
1201 1418 1393 1472 omnis
1422 1417 1728 1473 dubitatio.
1784 1421 1987 1472 Certus

336 1506 700 1561 Christianus
725 1506 783 1559 in
808 1522 867 1561 re
910 1504 1134 1560 incerta
1165 1506 1449 1561 cernitur:
1482 1506 1673 1561 hieme
1700 1523 1813 1562 non
1848 1506 1985 1577 ruit,

338 1595 431 1650 sed
488 1593 751 1648 firmiore
799 1594 975 1649 etiam
1024 1610 1197 1665 quam
1245 1599 1416 1650 antea
1466 1596 1649 1667 gradu
1699 1594 1986 1662 consistit,

339 1683 730 1754 periculisque
764 1682 909 1754 ipsis
942 1682 1267 1750 roboratur,
1302 1688 1476 1756 atque
1506 1689 1570 1739 ut
1600 1684 1894 1756 eleganter
1910 1684 1991 1739 ait

339 1778 498 1843 poeta
527 1773 669 1841 (74),
705 1773 783 1825 Ab
816 1772 940 1842 ipso
973 1772 1135 1826 ducit
1188 1789 1326 1843 opes
1375 1774 1758 1845 animumque
1814 1773 1985 1827 ferro.

2092 794 2316 848 minum
2344 795 2496 861 odia,
2531 795 2751 849 nullam
2786 796 3066 853 invidiam
3114 799 3518 869 extimescant,
3563 799 3752 855 nullas

2092 882 2349 937 hostium
2380 883 2570 939 minas
2594 883 2959 956 insidiasque
2985 886 3384 954 reformident,
3408 889 3579 944 modo
3602 905 3753 944 rem-

2095 970 2392 1042 publicam
2426 970 2818 1026 Christianam
2854 973 2924 1027 ab
2958 976 3117 1028 omni
3142 991 3334 1030 errore
3352 992 3557 1046 puram
3576 982 3752 1047 atque

2094 1060 2381 1131 integram
2416 1064 2716 1115 tueantur.
2747 1061 2789 1115 O
2826 1068 3105 1132 quantam
3136 1062 3257 1118 illis
3289 1063 3501 1119 laboris
3533 1081 3749 1137 operae-

2096 1164 2207 1219 que
2240 1149 2562 1203 mercedem
2598 1149 2881 1220 propheta
2912 1149 3250 1221 pollicetur:
3285 1152 3604 1221 Fulgebunt,
3661 1154 3750 1209 in-

2098 1236 2242 1307 quit,
2276 1239 2436 1307 quasi
2464 1237 2728 1308 splendor
2752 1239 3114 1309 ﬁrmamenti,
3164 1243 3214 1294 et
3271 1242 3431 1311 quasi
3477 1243 3645 1297 uelim
3692 1244 3753 1297 in

2091 1334 2382 1396 perpetuas
2411 1328 2757 1382 ﬁrmitates
2786 1328 2852 1381 ⁸³.

2168 1414 2312 1477 Quid
2348 1415 2525 1486 igitur
2556 1416 2625 1470 de
2650 1416 2721 1471 iis
2744 1416 3008 1471 dicemus
3032 1416 3203 1488 quiin
3231 1418 3755 1489 summajuvandar

2098 1502 2361 1559 Ecclesiae
2394 1504 2694 1570 facultate,
2726 1506 2865 1559 dum
2921 1507 3191 1577 praesenti
3252 1507 3369 1561 otio
3418 1508 3753 1575 consulunt,

2099 1596 2222 1658 aut,
2256 1594 2407 1664 quod
2450 1593 2795 1649 sceleratius
2828 1600 2936 1662 est,
2970 1595 3311 1651 hominibus
3343 1596 3653 1669 displicere
3683 1598 3757 1652 ti-

2099 1688 2279 1749 ment,
2313 1682 2463 1736 sacri
2495 1683 2675 1753 hujus
2709 1682 2839 1737 belli
2872 1684 3091 1739 otiosos
3133 1700 3193 1738 se
3225 1690 3581 1755 spectatores
3610 1702 3756 1756 pras-

2100 1770 2256 1835 hent,
2292 1787 2396 1825 nec
2428 1771 2497 1825 ad
2532 1770 2869 1841 hujusmodi
2904 1772 3240 1827 incendium
3271 1772 3755 1845 restinguendum

338 1861 401 1915 Et
428 1860 931 1931 quemadmodum
964 1860 1205 1933 egregia:
1237 1877 1482 1931 gemmae
1513 1863 1571 1916 in
1604 1862 1790 1917 noctis
1830 1866 1987 1917 tene-
2023 1896 2070 1960 B
2098 1857 2390 1957 guttulam
2636 1877 2797 1930 aquae
2832 1860 3035 1915 afferre
3092 1861 3345 1918 curant?
3390 1864 3496 1918 Sed
3549 1869 3611 1919 ut
3637 1863 3758 1960 -his

337 1949 448 2005 bris
472 1949 695 2005 clarius
734 1966 911 2021 quam
946 1950 1001 2004 in
1038 1950 1231 2004 media
1288 1950 1416 2005 luce
1457 1952 1711 2007 micant:
1755 1952 1839 2006 sic
1894 1950 1992 2006 ille

335 2038 390 2092 in
422 2037 901 2109 persecutionum
934 2037 1181 2110 caligine
1220 2038 1539 2095 illustriora
1598 2040 1828 2111 pietatis
1873 2056 1994 2095 suae

337 2127 687 2181 documenta
718 2128 950 2197 prebet.
986 2127 1226 2181 Etiamsi
1262 2128 1319 2182 in
1353 2128 1607 2185 Ecclesia
1634 2129 1852 2184 zizania
1906 2129 1991 2184 vi-

339 2216 487 2271 deat:
523 2232 647 2270 non
681 2215 809 2270 ideo
864 2220 1060 2271 tamen
1120 2216 1433 2272 Ecclesiam
1487 2218 1717 2273 deserit.
1778 2218 1991 2290 Exspe-

339 2305 609 2359 ctandam
641 2320 769 2359 esse
802 2321 1055 2359 messem
1091 2322 1203 2360 non
1226 2304 1457 2377 ignorat
1482 2324 1494 2362 :
1520 2306 1735 2379 alioqui
1762 2308 1991 2378 pericu-

340 2392 457 2447 lum
487 2393 860 2464 impendere,
896 2410 967 2448 ne
1017 2393 1194 2448 simul
1255 2411 1387 2449 cum
1442 2395 1680 2450 zizaniis
1732 2396 1993 2450 triticum

344 2482 510 2537 etiam
542 2480 846 2537 evellatur.
882 2480 1047 2537 Dolet
1078 2482 1315 2553 quidem
1348 2484 1459 2555 ipsi
1480 2484 1682 2539 noxias
1704 2484 1992 2541 herbasin

349 2572 561 2640 optimo
598 2586 735 2641 agro
767 2569 1092 2641 puliulare:
1126 2572 1226 2625 sed
1280 2588 1393 2626 non
1448 2572 1557 2627 hoc
1616 2572 1726 2627 sibi
1778 2578 1996 2628 temere

350 2660 712 2731 superbeque
742 2664 994 2730 arrogat,
1030 2660 1182 2730 quod
1214 2659 1321 2715 soli
1358 2661 1451 2715 Dei
1472 2661 1613 2716 Filio
1649 2656 1994 2723 reservatur.

350 2748 631 2802 nimirum
667 2747 890 2803 zizania
922 2765 954 2803 a
980 2747 1175 2813 ,tritico
1206 2765 1496 2820 separare,
1531 2766 1843 2821 areamque
1875 2767 1999 2821 per-

348 2851 618 2906 purgare.
648 2835 767 2889 Scit
797 2836 1031 2906 quidem
1060 2853 1127 2890 ea
1155 2836 1215 2890 in
1237 2852 1369 2891 area
1399 2854 1527 2893 esse
1556 2854 1741 2910 posse,
1774 2840 1832 2894 in
1872 2838 1999 2893 hor-

346 2939 437 2978 reo
468 2940 590 2979 non
627 2939 814 2995 posse.
850 2924 1086 2987 Quoties
1119 2924 1366 2980 haereses
1396 2931 1593 2982 enatas
1620 2927 1796 2997 videt,
1828 2928 1998 2983 toties

347 3011 708 3067 declarandae
739 3012 968 3066 virtutis
1000 3013 1453 3087 constantiaque
1482 3032 1599 3071 suae
1637 3017 1998 3072 occasionem

348 3100 448 3155 sibi
490 3100 756 3156 oblatam
790 3103 983 3156 sentit.

411 3190 521 3245 Cur
550 3194 754 3244 autem
786 3190 858 3245 ob
890 3190 1137 3246 haereses
1169 3198 1335 3247 nutet
1366 3192 1522 3248 illius
1547 3196 1709 3262 fides,
1735 3212 1861 3267 quae
1885 3195 1995 3250 nisi

347 3278 714 3347 exsisterent,
747 3279 937 3333 verbis
969 3279 1181 3334 Christi
1216 3280 1359 3336 tldes
1393 3299 1504 3337 non
1546 3260 1857 3352 constaret,
1892 3300 1994 3339 ve-
2028 3260 2069 3326 θ’

348 3366 607 3439 ritusque
636 3367 766 3438 ipsa
789 3367 917 3423 falsi
949 3368 1431 3426 convinceretur?
1486 3371 1687 3427 Nonne
1738 3372 2002 3427 Christus

351 3471 414 3509 ne
442 3472 546 3510 nos
580 3455 887 3527 inopinata
913 3456 1065 3513 mala
1099 3459 1527 3529 perturbarent,
1564 3466 2002 3517 exsurrecturos

350 3544 826 3614 pseudochristos
858 3550 915 3600 et
946 3547 1486 3618 pseudOprOphetas
1538 3550 1825 3620 praedixit,
1874 3556 2002 3605 tan-

352 3636 519 3705 taque
548 3633 733 3688 etiam
768 3633 1051 3689 miracula
1080 3635 1358 3705 edituros,
1404 3641 1468 3691 ut
1524 3637 1572 3691 si
1622 3638 1741 3693 fieri
1799 3638 2001 3709 possit,

355 3718 510 3775 electi
543 3737 785 3792 quoque
814 3720 874 3776 in
904 3737 1161 3779 errorem
1199 3724 1683 3795 impellantur"?
1713 3726 1784 3782 Ut
1840 3728 2002 3799 quis-

358 3809 483 3879 quis
512 3810 765 3865 miretur
792 3809 1039 3866 haereses
1069 3826 1218 3877 esse,
1250 3812 1403 3868 idem
1437 3814 1581 3869 nihil
1614 3815 1768 3870 aliud
1806 3816 2005 3870 mirari

358 3896 637 3968 videatur,
674 3914 848 3969 quam
884 3914 1006 3954 rem
1039 3916 1071 3955 a
1091 3900 1317 3956 Christo
1336 3906 1498 3957 tanto
1516 3907 1647 3958 ante
1670 3904 2006 3975 praedictam

363 3988 780 4057 repraesentari.
815 3986 961 4050 Quid
994 3990 1146 4060 quod
1180 3991 1408 4063 expedit
1440 3991 1784 4064 plerumque
1824 3993 2006 4050 haare-

364 4091 452 4130 ses
482 4076 715 4141 exoriri,
752 4081 814 4131 ut
852 4078 1298 4134 intermortuum
1351 4080 1584 4151 pietatis
1615 4082 1875 4137 studium
1918 4100 2035 4138 re--

368 4170 624 4230 novetur,
656 4164 915 4236 collapsa
944 4184 1010 4222 ac
1043 4184 1217 4239 prope
1238 4167 1422 4223 deleta
1445 4186 1675 4225 morum
1699 4171 2010 4244 disciplina

368 4253 620 4324 erigatur
649 4257 706 4307 et
734 4253 1112 4325 instauretur,
1146 4272 1212 4310 ac
1242 4256 1515 4328 denique,
1559 4260 1711 4330 quod
1762 4262 1842 4314 ait
1898 4262 2008 4315 Au-

369 4343 658 4411 gustinus,
693 4341 927 4413 pigritia
959 4345 1260 4400 hominum
1292 4348 1635 4401 excutiatur.
1670 4352 1831 4404 Certe
1875 4366 2009 4405 cum

369 4428 752 4485 Themistocle
783 4432 951 4486 nobis
981 4434 1197 4504 Optimo
1222 4437 1353 4504 jure
1382 4435 1571 4490 dicere
1620 4437 1773 4504 licet,
1822 4438 2010 4495 Perie-

372 4532 586 4585 ramus,
644 4520 756 4574 nisi
789 4521 1167 4590 perissemus.
1230 4525 1414 4579 Tanto
1460 4531 1693 4581 veterno
1747 4530 2011 4599 oppressi

2102 1947 2339 2001 omissis
2372 1948 2441 2001 ad
2466 1947 2802 2002 institutum
2828 1965 3157 2004 sermonem
3190 1952 3444 2016 redeam,
3477 1952 3757 2007 eximium

2102 2034 2243 2088 illud
2277 2052 2343 2090 ac
2375 2036 2672 2107 singulare
2702 2054 2839 2107 erga
2870 2054 2977 2092 nos
3007 2037 3220 2092 Christi
3247 2039 3594 2094 beneficium
3621 2040 3755 2118 fuit,

2103 2124 2257 2195 quod
2286 2124 2533 2179 hmreses
2564 2127 2680 2178 fore
2716 2125 3145 2195 praenuntiavit,
3196 2132 3261 2180 ut
3308 2128 3587 2183 adversus
3634 2146 3753 2200 eas,

2101 2216 2380 2282 tanquam
2417 2213 2696 2267 adversus
2729 2213 3175 2267 infestissimum
3201 2216 3757 2285 atqueimmanissi-

2104 2316 2267 2353 mum
2301 2300 2529 2355 hostem
2562 2300 2741 2353 animi
2774 2300 2959 2354 nostri
2992 2318 3181 2355 arcem
3205 2302 3389 2358 multo
3411 2310 3542 2359 ante
3568 2306 3761 2361 muni-

2104 2404 2321 2443 remus.
2356 2388 2584 2443 Accedit
2613 2388 2788 2443 etiam
2820 2388 2938 2456 illa,
2974 2394 3029 2443 et
3058 2391 3294 2459 quidem
3327 2393 3582 2447 maxima
3617 2410 3755 2449 con-

2107 2476 2335 2543 solatio,
2375 2494 2506 2531 cum
2542 2477 2866 2549 cogitamus
2924 2479 2998 2531 ab
3056 2478 3320 2533 Ecclesiae
3382 2481 3755 2540 incunabulis

2110 2583 2295 2636 usque
2326 2566 2395 2620 ad
2429 2565 2579 2620 hanc
2608 2572 2833 2620 aetatem
2866 2566 2956 2620 vix
2980 2566 3163 2621 ullum
3185 2571 3416 2639 tempus
3437 2571 3754 2641 exstitisse,

2107 2655 2259 2726 quod
2294 2672 2406 2709 non
2438 2655 2489 2710 ei
2522 2656 2799 2710 adversus
2829 2655 2960 2710 fidei
2984 2656 3179 2711 hostes
3197 2656 3606 2714 decertandum
3633 2661 3755 2715 fue-

2108 2746 2221 2799 rit:
2250 2748 2314 2798 ut
2344 2760 2455 2798 non
2490 2743 2615 2798 sine
2646 2760 2824 2798 causa
2869 2744 3129 2799 militans
3188 2745 3447 2801 Ecclesia
3496 2749 3755 2818 appelle-

2107 2838 2221 2888 tur.
2258 2833 2339 2889 Ne
2369 2849 2545 2887 aurea
2575 2833 2808 2903 quidem
2842 2838 2981 2887 istas
3010 2834 3081 2888 ab
3108 2833 3449 2903 hujusmodi
3482 2836 3757 2893 fluctibus

2108 2922 2393 2977 immunis
2424 2921 2551 2977 fuit.
2584 2921 2716 2992 Ipsa
2746 2939 2977 2993 quoque
3010 2940 3147 2977 suos
3181 2923 3383 2977 habuit
3412 2928 3756 2996 Hymenaeus

2108 3018 2164 3067 et
2193 3012 2566 3079 Alexandras,
2602 3027 2739 3065 suos
2768 3011 3037 3066 Nicolaos
3066 3016 3122 3066 et
3151 3010 3473 3078 Cerinthos,
3508 3015 3608 3085 qui
3666 3014 3759 3070 vix

2109 3102 2167 3155 in
2199 3101 2389 3155 lucem
2421 3100 2634 3154 editam
2668 3100 2972 3170 adhucque
2995 3100 3302 3155 lactentem
3335 3104 3661 3173 opprimere
3693 3120 3759 3159 ac

2110 3191 2180 3245 de
2213 3190 2404 3244 medio
2436 3189 2634 3243 tollere
2664 3189 2851 3243 conati
2884 3194 3040 3243 sunt.
3073 3188 3178 3243 Vix
3224 3205 3292 3243 ex
3339 3190 3432 3245 his
3481 3191 3758 3248 ﬂuctibus

2108 3283 2444 3344 emerserat,
2479 3295 2609 3331 cum
2645 3278 2775 3333 aliis
2806 3278 3052 3357 aliisque
3088 3278 3337 3333 subinde
3369 3279 3636 3350 procellis
3667 3282 3759 3350 ja-

2111 3367 2253 3423 ctari
2287 3367 2477 3438 erepit.
2528 3366 2698 3437 Saepe,
2744 3366 2957 3436 inquit,
3009 3373 3462 3436 expugnaverunt
3492 3386 3575 3423 me
3613 3370 3761 3441 aju-

2110 3461 2325 3513 ventute
2354 3474 2495 3521 mea,
2531 3457 2629 3510 sed
2664 3456 2801 3525 quid
2824 3456 2850 3509 ?
2879 3471 2985 3510 non
3045 3461 3299 3525 poterunt
3336 3458 3477 3512 mihi
3517 3459 3584 3513 “.
3637 3462 3763 3515 Ad-

2111 3563 2327 3601 versum
2344 3561 2429 3600 me
2446 3562 2511 3599 ne
2531 3546 2669 3615 ipsae
2681 3546 2910 3616 quidem
2935 3546 3290 3615 z'n/erz'porta.’
3312 3546 3765 3621 praevaluerunt,

2114 3654 2217 3692 nec
2250 3654 2506 3707 unquam
2539 3636 2914 3705 praevalebunt
2944 3636 3007 3689 ⁸⁵.

2098 3710 2105 3715 ’
2184 3729 2410 3793 Quanto
2441 3741 2576 3797 ergo
2600 3723 2804 3779 solatio
2830 3723 3288 3795 perfundi-debet
3317 3716 3633 3779 Christiani
3666 3741 3764 3797 pe~

2115 3820 2266 3886 ctus,
2299 3831 2432 3869 cum
2467 3813 2865 3868 tristissimam
2898 3811 3144 3881 hujusce
3175 3813 3766 3885 tempestatisimagi-

2116 3921 2247 3959 nem
2272 3904 2329 3957 in
2349 3908 2603 3958 veterum
2630 3902 3025 3957 monumentis
3050 3902 3129 3954 ita
3145 3900 3215 3954 ad
3242 3900 3433 3955 vivum
3474 3900 3766 3971 depictam

2114 3992 2290 4054 videt,
2324 3995 2387 4045 ut
2418 3990 2526 4044 sub
2558 4005 2758 4043 eorum
2796 4004 3042 4058 persona
3074 4002 3163 4041 res
3195 3990 3392 4041 nostra
3422 3987 3541 4057 geri
3573 3986 3767 4042 videa-

2116 4084 2213 4134 tur
2231 4079 2258 4132 ?
2282 4079 2424 4133 Nam
2448 4079 2494 4133 si
2519 4082 2729 4149 aegroto
2753 4094 2819 4131 ea
2843 4077 3077 4132 demum
3101 4075 3418 4129 consolatio
3432 4074 3771 4146 gratissima

2118 4185 2246 4224 esse
2277 4166 2441 4229 solet,
2474 4183 2601 4236 qum
2634 4167 2704 4219 ab
2746 4182 2811 4219 eo
2862 4164 3121 4229 affertur,
3172 4164 3270 4233 qui
3326 4165 3526 4219 eodem
3578 4164 3769 4219 morbi

2118 4272 2325 4329 genere
2350 4255 2661 4326 aliquando
2686 4254 3052 4308 conflictatus
3074 4258 3188 4307 est:
3218 4239 3356 4323 quid
3371 4253 3611 4307 tandem
3632 4270 3772 4307 cau-

2121 4363 2195 4401 sa;
2228 4360 2355 4400 esse
2386 4348 2593 4415 potest,
2625 4343 2761 4411 quin
2794 4342 2852 4396 in
2896 4341 3245 4411 gravissima
3294 4341 3399 4395 hac
3442 4340 3774 4397 calamitate

2122 4451 2333 4506 magno
2358 4433 2565 4488 solatio
2598 4431 2910 4487 Christiani
2948 4430 3205 4484 hominis
3256 4429 3419 4484 dolor
3449 4430 3771 4501 mitigetur,

2122 4541 2250 4579 cum
2288 4525 2501 4577 mentis
2531 4519 2729 4577 oculos
2772 4521 2842 4574 ad
2880 4519 3068 4590 prisca
3116 4518 3326 4573 saecula
3366 4518 3665 4585 convertit,
3710 4534 3775 4573 ac

373 4608 735 4675 tenebamur,
762 4613 825 4662 ut
848 4626 961 4665 non
989 4612 1096 4667 nisi
1121 4614 1438 4669 durissimo
1460 4614 1567 4669 hoc
1588 4615 1794 4671 baculo
1816 4634 2014 4690 exper-
2048 4628 2093 4689 D
2125 4630 2257 4669 cum
2290 4610 2679 4667 sanctissimis
2702 4610 2861 4673 viris,
2897 4608 2995 4679 qui
3030 4608 3085 4663 in
3118 4608 3337 4662 eisdem
3374 4624 3567 4662 rerum
3617 4623 3777 4662 acer-

377 4694 566 4763 gefieri
600 4713 931 4769 possemus,
966 4704 1135 4770 atque
1166 4702 1237 4756 ab
1270 4703 1475 4758 inertia
1506 4704 1575 4758 ad
1609 4703 1867 4761 laborem
1917 4709 2018 4762 do-

379 4782 686 4856 ctrinaeque
716 4788 978 4842 studium
1009 4789 1282 4845 revocari.
1322 4791 1451 4846 Haec
1482 4791 1679 4863 itaque
1709 4798 2025 4866 tempestas

379 4872 542 4927 nobis
574 4874 1029 4931 innumerabiles
1056 4877 1262 4933 heroas
1299 4881 1639 4951 procreavit,
1669 4882 1770 4953 qui
1809 4884 2023 4954 partim

380 4960 605 5030 optima:
636 4980 701 5018 ac
732 4966 1157 5035 probatissima;
1188 4969 1316 5022 vitas
1339 4972 1621 5042 exemplo,
1655 4974 1867 5042 partim
1901 4989 2027 5029 eru-

380 5048 683 5108 ditissimis
714 5053 833 5109 suis
863 5054 1370 5112 lucubrationibus
1396 5059 1714 5116 Ecclesiam
1746 5063 2025 5118 adversus

381 5137 625 5196 furiosos
656 5141 1059 5199 haereticorum
1117 5145 1370 5217 impetus
1426 5151 1706 5206 acerrime
1754 5151 2023 5207 defende-

380 5232 532 5312 runt.
566 5228 720 5292 Quos
752 5232 1020 5303 equidem
1051 5234 1177 5307 ipse
1209 5252 1312 5307 pro
1343 5253 1409 5292 eo
1441 5254 1505 5292 ac
1536 5243 1792 5295 meretur
1822 5240 2026 5312 singu-

381 5310 515 5371 laris
541 5334 741 5375 eorum
773 5320 957 5391 pietas
987 5326 1044 5379 et
1070 5324 1277 5396 virtus,
1310 5326 1479 5382 unice
1509 5327 1767 5383 admiror
1812 5346 1878 5385 ac
1920 5310 2024 5386 su-

2130 4703 2417 4759 bitatibus
2446 4700 2654 4755 versati
2683 4702 2841 4767 sunt,
2872 4698 3029 4751 velut
3051 4696 3442 4766 colloquitur?
3468 4697 3611 4751 Nam
3642 4711 3777 4752 cum

2132 4796 2263 4850 illos
2292 4810 2359 4847 ex
2384 4792 2469 4845 tot
2500 4788 2795 4859 tantisque
2821 4786 3239 4841 afflictionibus
3272 4786 3369 4840 Dei
3420 4784 3780 4856 benignitate

2130 4882 2367 4938 tandem
2391 4876 2706 4949 aliquando
2738 4879 3025 4929 extractos
3058 4874 3233 4929 fuisse
3264 4874 3424 4945 legit,
3456 4880 3654 4929 tamne
3676 4875 3782 4929 im-

2134 4974 2224 5044 pie
2249 4970 2334 5025 vel
2368 4969 2439 5022 de
2471 4964 2689 5021 summi
2721 4964 2983 5018 numinis
3017 4964 3293 5034 potentia,
3328 4962 3411 5017 vel
3471 4964 3540 5017 de
3593 4963 3781 5033 ipsius

2134 5078 2269 5132 erga
2302 5074 2407 5112 nos
2438 5070 2635 5111 amore
2666 5052 2963 5124 cogitabit,
2996 5058 3059 5105 ut
3090 5056 3189 5105 aut
3224 5068 3459 5105 manum
3494 5053 3621 5121 ejus
3678 5052 3781 5106 ah-

2134 5148 2451 5206 breviatam
2484 5159 2611 5198 esse
2641 5143 2707 5207 5°,
2739 5157 2845 5195 nec
2887 5142 3009 5211 jam
3048 5139 3270 5195 salvare
3301 5157 3493 5211 posse,
3527 5145 3627 5193 aut
3652 5140 3781 5209 ejus

2134 5256 2270 5311 erga
2304 5252 2406 5290 nos
2437 5232 2781 5289 charitatem
2814 5229 3107 5285 refrixisse
3133 5229 3491 5284 arbitretur?
3523 5230 3669 5294 Quid
3723 5228 3783 5283 in

2134 5322 2471 5398 hujusmodi
2498 5321 2782 5375 librorum
2805 5317 3049 5373 lectione
3094 5316 3225 5372 aliis
3251 5318 3493 5387 accidat,
3524 5333 3785 5389 pronun-

452 5470 495 5504 °°
516 5470 841 5553 Matth._m_,
874 5474 1036 5553 12.f‘
1071 5476 1273 5534 Matth.
1306 5495 1407 5547 vn,
1437 5480 1627 5535 25-27.
1660 5482 1708 5517 ⁸³
1740 5481 1943 5540 Matth.
1975 5501 2001 5540 ι

2114 5525 2129 5553 ,
2162 5482 2350 5539 11-24.
2381 5478 2426 5513 ⁸³
2458 5479 2600 5531 Dan.
2632 5490 2734 5541 xu,
2774 5472 2829 5528 3.
2861 5472 2907 5508 ⁶⁴
2940 5469 3093 5529 Psal.
3123 5486 3354 5538 cxxvur,
3386 5472 3444 5528 2.
3503 5470 3547 5506 ⁸⁵
3576 5467 3780 5526 Matth.

389 5556 498 5611 xvx,
532 5543 619 5597 18.
640 5543 684 5579 ⁸⁸
716 5545 849 5602 Isai.
884 5563 937 5616 ι,
967 5549 1023 5602 2.

465 5710 575 5790 (⁸74)
607 5713 761 5790 Hor.,
794 5715 897 5775 lib.
924 5733 980 5776 Iv
1009 5719 1214 5796 Carm,
1247 5723 1341 5781 od.
1372 5722 1429 5781 ι.
