4184 6202
420 319 536 408 327

1551 312 1819 375 JACOBI
1864 313 2089 376 BILLlI
2135 311 2598 376 PR/EFATION
2609 318 2722 378 ES.

3711 315 3830 377 328

419 451 564 506 tiare
598 466 841 521 nequeo.
875 449 956 505 De
987 464 1077 503 me
1107 452 1260 504 certe
1283 447 1576 503 afﬁrmare
1624 464 1886 518 possum,
1934 463 2060 502 eam
2092 452 2145 516 Α
2177 449 2411 504 nomine
2443 466 2536 503 me
2569 449 2672 504 tibi
2707 449 3134 504 obstrictiorem
3167 461 3440 519 agnosco,
3465 464 3640 518 quam
3669 450 3826 521 quod

422 540 566 594 mihi
591 539 934 612 plerumque
958 554 1168 609 magno
1192 537 1397 592 solatio
1421 542 1595 608 atque
1615 537 1847 590 utilitati
1866 535 2063 590 fuisse.

417 631 498 684 Ex
529 647 641 701 quo
663 633 876 683 factum
903 635 1008 695 est,
1057 634 1118 682 ut
1151 629 1375 683 Gracos
1408 627 1628 682 Latinis
1680 627 2063 697 conjungens,

416 718 474 773 in
510 718 700 772 nobile
731 718 874 772 illud
913 719 1234 772 amicorum
1288 734 1391 788 par
1439 717 1674 770 tandem
1723 715 2061 782 inciderem,

415 807 697 862 Basiliam
719 808 996 878 Magnum
1020 815 1072 860 et
1093 805 1436 876 Gregorium
1452 804 1880 859 Nazianzenum
1900 804 2058 858 dico:

413 895 472 949 in
501 912 750 966 quorum
783 896 1016 965 scriptis
1045 900 1274 948 tantum
1330 909 1474 948 vera
1530 893 1783 964 pietatis,
1829 897 2059 946 tantum

414 984 690 1039 doctrina
751 990 924 1055 atque
971 984 1312 1055 eloquentia
1371 982 1543 1049 lucet,
1605 987 1668 1034 ut
1725 981 1918 1036 nescio
1986 999 2058 1036 an

413 1075 566 1145 apud
600 1075 824 1129 Gracos
859 1074 1212 1145 Latinosque
1243 1069 1490 1127 inveniri
1517 1071 1764 1141 possint,
1796 1071 1893 1140 qui
1929 1069 2058 1141 plus

410 1163 757 1218 eruditionis
788 1180 921 1217 eum
951 1162 1158 1232 majori
1219 1160 1446 1217 dicendi
1496 1158 1768 1214 facultate
1818 1159 2057 1229 copula-

409 1253 548 1307 rint.

480 1341 568 1394 Me
602 1344 754 1395 certe
787 1339 1182 1393 Nazianzenus
1213 1337 1368 1408 gravi
1404 1336 1500 1389 illo
1541 1353 1603 1390 ac
1636 1335 1875 1390 sublimi
1908 1336 2056 1390 scri-

409 1429 582 1483 bendi
615 1445 822 1501 genere
853 1429 934 1482 ita
965 1429 1175 1496 affecit,
1210 1431 1273 1480 ut
1304 1425 1702 1481 incredibilem
1735 1425 2050 1495 quamdam

408 1517 848 1572 oblectationem
877 1534 944 1571 ex
1001 1518 1128 1586 ejus
1185 1515 1429 1569 lectione
1490 1530 1722 1585 semper
1778 1514 2048 1584 ceperim.

406 1606 682 1667 Quocirca
714 1605 856 1659 mihi
889 1605 1244 1675 jampridem
1277 1603 1430 1656 haud
1481 1603 1852 1657 mediocriter
1894 1601 2047 1656 dole-

403 1694 524 1759 bat,
560 1701 788 1750 tantum
812 1695 1000 1748 virum
1026 1693 1223 1746 minus
1248 1693 1580 1761 frequenter
1604 1690 1906 1745 hominum
1935 1707 2049 1744 ma-

2177 538 2233 592 in
2270 537 3058 608 Ecclesia,Christianissimi
3094 536 3266 607 regis,
3300 536 3595 608 totiusque
3644 537 3824 606 hujus

2176 626 2544 681 afﬂictissimi
2578 626 2738 697 regni
2772 643 3008 680 causam
3042 628 3204 678 tanta
3226 623 3822 680 animisollicitudine

2173 714 2485 780 incumbis,
2511 719 2594 769 tot
2616 731 2788 769 curas
2809 719 2891 768 tot
2926 730 3216 767 arumnas
3253 712 3525 784 suscipis,
3557 729 3622 768 eo
3652 714 3818 768 deni-

2173 820 2286 874 que
2318 804 2515 859 omnia
2543 809 2644 858 tua
2675 803 2873 859 studia
2905 803 3102 867 refers,
3132 806 3195 855 ut
3225 802 3513 856 truncatis
3532 803 3816 872 (quando-

2171 892 2404 964 quidem
2441 910 2542 948 nec
2573 893 2766 947 sanari
2800 890 3017 956 volunt,
3051 907 3154 945 nec
3187 890 3312 945 sine
3360 895 3517 945 certa
3560 892 3817 962 corporis

2169 983 2423 1053 pernicie
2456 981 2606 1036 ultra
2637 981 2870 1036 retineri
2921 980 3162 1051 queunt)
3208 978 3459 1051 putridis
3515 980 3814 1049 membris,

2168 1071 2402 1143 reliqua
2436 1077 2627 1143 partes
2649 1074 3081 1126 conserventur.
3116 1068 3254 1133 Quis
3277 1074 3472 1124 autem
3500 1085 3612 1125 non
3641 1069 3815 1140 videt,

2168 1165 2454 1232 quantum
2488 1161 2591 1215 tibi
2640 1159 2857 1215 laboris
2915 1159 3320 1230 perferendum
3381 1158 3479 1226 sit,
3531 1164 3817 1230 quantum

2165 1249 2558 1305 dimicationis
2589 1249 2983 1317 subeundum,
3018 1253 3083 1303 ut
3110 1252 3194 1302 tot
3215 1246 3680 1318 Achitophelium
3707 1247 3816 1302 sub

2162 1337 2332 1410 vulpe
2364 1338 2668 1393 latentium
2703 1337 2947 1393 consilia
2977 1336 3265 1407 dissipes;
3323 1341 3379 1391 et
3409 1336 3551 1391 dum
3607 1335 3704 1390 alii
3755 1336 3814 1391 in

2163 1432 2360 1498 aperto
2390 1427 2538 1482 bello
2568 1427 2857 1498 egregiam
2905 1425 3236 1496 reipublica
3286 1440 3523 1496 operam
3575 1429 3812 1492 navant,

2162 1516 2466 1584 provideas
2501 1516 2753 1582 interim,
2788 1533 2859 1569 ne
2889 1513 3024 1584 quid
3059 1514 3130 1568 ab
3162 1513 3402 1568 occultis
3435 1513 3703 1568 hostibus
3745 1531 3813 1569 ea

2160 1603 2492 1658 detrimenti
2525 1603 2781 1675 patiatur
2802 1603 2828 1656 ‘I
2858 1602 2954 1656 Est
2985 1601 3218 1673 quidem
3245 1601 3483 1656 omnino
3529 1618 3699 1673 grave
3739 1619 3806 1657 ac

2159 1691 2468 1747 molestum
2494 1692 2564 1758 ei,
2592 1691 2690 1762 qui
2711 1708 2778 1746 ex
2800 1690 3166 1762 publicorum
3194 1689 3557 1761 negotiorum
3584 1691 3810 1745 tumul-

404 1783 578 1838 nibus
610 1783 735 1854 teri,
764 1800 934 1853 quam
973 1781 1292 1882 singularis
1324 1779 1512 1878 ipsius
1544 1779 1814 1834 facundia
1872 1784 2046 1848 atque
2079 1819 2124 1882 Β
2156 1781 2315 1882 ίὶὺρε
2347 1781 2418 1835 ad
2451 1781 2780 1836 studiorum
2809 1779 3050 1879 vitaque
3082 1777 3572 1882 tranquillitatem
3615 1778 3808 1850 (cujus

405 1873 666 1926 doctrina
699 1874 1047 1926 merebatur.
1082 1870 1260 1940 Cujus
1314 1868 1390 1922 rei
1439 1885 1572 1923 cum
1623 1885 1750 1923 eam
1809 1875 2046 1922 causam

404 1977 531 2015 esse
562 1959 996 2027 intellexissem,
1031 1960 1183 2030 quod
1220 1959 1299 2011 ita
1330 1957 1635 2012 Latinitate
1665 1958 1917 2011 donatus
1958 1973 2046 2012 es-

404 2055 510 2115 set,
539 2055 601 2101 ut
620 2048 1022 2119 theologorum
1044 2046 1241 2101 studia
1265 2046 1576 2099 minimum
1594 2047 1797 2115 juvarc
1830 2051 2044 2116 posset,

399 2153 634 2207 operam
655 2139 903 2207 suscepi,
926 2153 1103 2206 quam
1127 2135 1204 2188 rei
1237 2133 1572 2205 theologica
1593 2133 1794 2188 utilem
1828 2134 2046 2203 nescio,

401 2225 544 2279 mihi
578 2230 728 2280 certe
758 2226 1073 2278 admodum
1096 2223 1337 2278 arduam
1358 2240 1420 2277 ac
1438 2221 1758 2292 difﬁcilem,
1784 2227 1847 2276 ut
1868 2239 2048 2293 quan-

400 2319 525 2368 tum
561 2313 755 2368 labore
789 2331 852 2367 ac
896 2313 1200 2383 diligentia
1256 2313 1535 2381 consequi
1587 2329 1838 2382 possem,
1895 2314 2045 2369 hunc

399 2408 692 2457 auctorem
727 2403 805 2456 ita
842 2407 1141 2468 verterem,
1165 2406 1229 2454 ut
1259 2400 1309 2454 si
1341 2417 1452 2454 non
1477 2399 1815 2470 elegantior,
1847 2402 2044 2458 minus

396 2491 602 2546 saltem
637 2492 922 2546 obscurus
983 2492 1039 2544 in
1074 2489 1260 2543 lucem
1295 2490 1566 2560 prodiret.
1601 2490 1767 2543 Potui
1802 2496 1953 2544 certe
1984 2492 2042 2545 in

397 2580 812 2649 amenioribus,
851 2580 1106 2649 mihique
1138 2577 1307 2648 longe
1338 2578 1702 2648 gravioribus
1751 2579 2042 2634 scribendi

396 2669 756 2738 argumentis
790 2669 1027 2734 versari,
1062 2667 1160 2721 sed
1193 2667 1328 2720 vicit
1351 2665 1596 2736 publica
1630 2665 1896 2720 utilitatis
1920 2672 2042 2722 stu-

397 2756 581 2821 dium,
606 2757 697 2811 cui
723 2773 825 2827 pro
849 2757 996 2809 virili
1023 2761 1183 2826 parte
1203 2755 1457 2825 optimus
1476 2753 1725 2825 quisque
1766 2755 2043 2811 inservire

397 2844 586 2899 debet.
621 2844 733 2899 Nec
766 2862 894 2898 vero
917 2862 1118 2898 eorum
1146 2846 1390 2912 labores,
1425 2843 1520 2913 qui
1555 2844 1612 2897 in
1646 2843 1753 2896 hoc
1793 2843 2041 2914 pistrino

396 2937 528 2987 ante
551 2951 644 2988 me
668 2935 1048 2999 desudaruut,
1075 2932 1305 2986 elevabo
1334 2949 1398 2985 ac
1421 2931 1770 3002 suggillabo,
1795 2933 1864 2985 ad
1898 2950 2042 3002 quo-

394 3037 525 3074 rum
558 3020 946 3090 eloquentiam
980 3020 1369 3091 doctrinaque
1401 3019 1630 3072 laudem
1668 3035 1756 3072 me
1801 3021 2043 3075 minime

393 3108 651 3178 aspirare
685 3124 852 3178 posse
879 3108 1084 3174 sentio,
1118 3105 1485 3176 ingenueque
1519 3109 1718 3159 fateor.
1771 3107 1881 3160 [loc
1913 3112 2040 3160 tan-

2160 1869 2527 1924 dulcedinem
2556 1886 2722 1924 nemo
2754 1868 2882 1936 scit,
2918 1867 3029 1922 nisi
3063 1868 3160 1938 qui
3194 1867 3468 1938 gustavit)
3501 1884 3629 1923 sese
3650 1885 3806 1923 asse-

2159 1959 2362 2028 ruerit,
2387 1975 2454 2013 ex
2476 1959 2582 2012 hoc
2607 1958 2817 2028 quietis
2836 1956 2990 2011 velut
3011 1956 3278 2027 paradiso
3327 1958 3580 2026 quodam
3614 1961 3808 2011 extur-

2159 2048 2305 2114 bari,
2325 2052 2499 2117 atque
2519 2047 2587 2100 ad
2615 2045 2978 2117 publicarum
2999 2061 3188 2098 rerum
3213 2043 3805 2116 administrationem,

2157 2141 2244 2191 tot
2269 2135 2555 2191 molestiis
2590 2135 2883 2199 refertam,
2916 2138 3001 2188 tot
3031 2133 3336 2188 hominum
3361 2133 3530 2199 odiis,
3553 2133 3806 2188 invidia-

2158 2242 2271 2296 que
2303 2224 2649 2296 expositam,
2680 2221 2854 2278 trahi.

2227 2314 2442 2368 Verum
2478 2312 2730 2368 hominis
2759 2316 2847 2367 est
2879 2327 3007 2366 vere
3051 2310 3388 2377 Christiani,
3443 2327 3575 2365 cum
3624 2311 3804 2367 Paulo

2158 2419 2435 2475 quaerere,
2457 2419 2569 2457 non
2595 2402 2745 2472 quod
2767 2401 2901 2469 sibi,
2926 2400 3024 2454 sed
3042 2400 3195 2470 quod
3222 2399 3421 2455 multis
3455 2400 3596 2454 utile
3622 2406 3710 2455 est
3735 2402 3797 2468 ιτ,

2154 2506 2332 2560 seque
2362 2494 2549 2544 totum
2584 2486 2907 2558 reipublica
2946 2486 3286 2541 Christiana
3333 2487 3657 2542 commodis
3708 2489 3802 2544 de-

2153 2595 2373 2633 vovere.
2399 2582 2587 2648 Atque
2609 2575 2753 2630 illud
2778 2576 2924 2631 satis
2966 2575 3370 2630 animadvertit
3418 2576 3666 2647 insignis
3697 2581 3799 2632 tua

2152 2668 2480 2738 prudentia,
2515 2665 2864 2736 multiplices
2919 2663 3051 2719 illas
3097 2664 3289 2719 omnis
3338 2665 3566 2736 generis
3615 2666 3796 2737 dotes,

2153 2757 2367 2827 quibus
2397 2760 2451 2811 te
2503 2755 2782 2810 Dominus
2810 2753 3127 2823 exornavit,
3159 2771 3271 2807 non
3303 2753 3361 2807 in
3394 2753 3503 2808 hoc
3534 2755 3637 2808 tibi
3682 2771 3800 2810 cre-

2152 2845 2303 2900 ditas
2337 2845 2536 2913 fuisse,
2572 2848 2752 2898 uteas
2776 2841 2861 2897 vel
2895 2843 3129 2897 sudario
3173 2841 3474 2897 obvolutae
3505 2859 3569 2896 ac
3605 2859 3797 2898 recon-

2153 2934 2303 2988 ditas
2336 2934 2571 2999 habeas,
2605 2932 2688 2986 vel
2739 2939 2898 2986 terra
2958 2932 3245 2996 infodias;
3307 2931 3404 2986 sed
3463 2936 3527 2985 ut
3587 2948 3798 3003 magno

2152 3024 2367 3077 foenore
2397 3039 2610 3094 augeas
2641 3027 2696 3076 et
2715 3020 3053 3088 ampliﬁces,
3087 3029 3261 3090 atque
3285 3026 3349 3074 ut
3373 3019 3673 3075 fabulosus
3699 3021 3796 3077 ille

2152 3112 2305 3166 Atlas
2329 3111 2558 3178 calum,
2593 3110 2674 3164 sic
2704 3115 2767 3163 tu
2808 3108 3149 3173 Ecclesiam,
3184 3126 3310 3179 qua
3353 3126 3587 3177 regnum
3633 3111 3794 3165 caelo-

391 3200 516 3251 tum
551 3197 738 3251 dicam
788 3212 886 3250 eos
929 3195 1291 3268 grovioribus
1335 3194 1549 3249 studiis
1598 3194 1880 3263 addictos,
1935 3213 2038 3251 nec
2070 3179 2111 3245 Ο
2149 3218 2274 3255 rum
2306 3219 2338 3255 a
2367 3199 2590 3254 Christo
2621 3198 2947 3270 appellatur
2976 3197 3020 3231 ⁸³
3047 3214 3287 3268 quaque
3320 3203 3371 3251 te
3399 3199 3455 3251 in
3487 3198 3793 3253 cardinum

387 3286 632 3341 fortasse
663 3286 774 3340 nisi
805 3284 1101 3339 recreandi
1132 3283 1310 3338 animi
1337 3299 1508 3336 causa
1539 3283 1596 3336 in
1634 3283 1741 3336 hac
1788 3283 2033 3338 transla-

387 3375 542 3429 tione
574 3381 852 3441 versatos,
884 3379 967 3428 tot
1001 3373 1139 3427 locis
1172 3373 1242 3426 ab
1267 3371 1522 3426 auctoris
1544 3373 1836 3426 sententia
1856 3390 2036 3428 reces-

386 3465 554 3534 sisse,
590 3469 653 3517 ut
677 3463 817 3517 mihi
843 3462 1133 3516 neminem
1157 3463 1275 3516 fore
1296 3462 1702 3531 persuadeam,
1727 3461 1824 3531 qui
1855 3461 2031 3515 inuti-

384 3550 500 3605 lem
532 3569 596 3606 ac
624 3567 1111 3622 supervacaneam
1143 3550 1293 3604 hanc
1337 3550 1654 3605 secundam
1707 3550 2028 3606 versionem

383 3639 564 3695 fuisse
595 3641 767 3695 dicat.
796 3641 959 3695 Hunc
982 3646 1144 3710 porto
1168 3639 1423 3693 laborem
1451 3656 1606 3704 cum,
1652 3640 1822 3708 cujus
1851 3640 2028 3709 potis-

379 3729 596 3782 simum
623 3730 844 3783 nomini
877 3745 1300 3794 consecrarem,
1335 3744 1563 3782 mecum
1596 3727 1721 3798 ipse
1779 3728 2026 3798 dispice-

378 3833 524 3887 rem,
559 3819 758 3872 statim
785 3835 937 3872 unus
962 3817 1289 3886 occurristi,
1325 3817 1414 3870 cui
1447 3815 1716 3887 pluribus
1747 3816 1816 3870 de
1834 3817 2027 3871 causis

377 3906 583 3961 merito
618 3907 1044 3976 nuncupandus
1073 3905 1383 3960 videretur.

444 3994 706 4049 Primum
741 3995 918 4058 enirn,
951 3995 997 4049 si
1031 4011 1311 4065 personas
1345 3995 1502 4065 ipsas
1531 3993 2022 4064 spectemus,cui-

373 4097 509 4135 nam
541 4098 734 4150 quaso
769 4084 1183 4152 congruentius
1214 4084 1400 4138 offerri
1436 4084 1625 4153 potuit
1654 4083 1762 4137 hoc
1793 4082 2022 4153 optimi,

373 4169 776 4238 eruditissimi,
820 4177 995 4241 atque
1041 4172 1335 4242 imprimis
1394 4171 1718 4242 eloquentis
1766 4171 2022 4242 episcopi

371 4256 849 4328 volumen,quam
877 4259 1311 4331 archiepiscopo
1336 4261 1705 4329 etcardinali,
1735 4259 2018 4332 singulari

368 4345 603 4412 virtute,
638 4347 899 4400 doctrina
931 4364 994 4402 ac
1027 4343 1155 4402 rara
1186 4349 1432 4417 quadam
1466 4354 1520 4402 et
1550 4349 1757 4403 eximia
1790 4348 2020 4403 dicendi

370 4433 646 4488 facultate
677 4435 918 4505 pradito
942 4435 969 4489 ?
999 4437 1212 4491 Deinde
1243 4453 1372 4490 cum
1405 4453 1502 4490 eos
1534 4453 1756 4503 omnes,
1790 4437 1890 4508 qui
1950 4438 2018 4492 de

2145 3307 2383 3345 suorum
2418 3305 2728 3343 numerum
2760 3287 2981 3352 ascivit,
3015 3303 3116 3357 pro
3149 3286 3296 3339 virili
3327 3291 3427 3340 tua
3477 3292 3634 3357 parte
3679 3286 3791 3341 ful-

2142 3378 2255 3432 cire
2274 3395 2338 3433 ac
2360 3378 2648 3431 sustinere
2672 3392 2859 3430 cures.
2886 3375 2944 3429 Id
2977 3376 3129 3446 quod
3163 3391 3303 3429 sane
3335 3391 3568 3430 summo
3592 3376 3785 3431 studio

2139 3467 2318 3522 facis:
2355 3471 2412 3520 et
2442 3465 2576 3534 quia
2606 3465 2768 3530 facis,
2803 3463 3015 3518 idcirco
3068 3463 3470 3534 improborum
3520 3463 3784 3518 omnium

2139 3555 2273 3609 odia
2303 3555 2358 3608 in
2393 3559 2446 3608 te
2477 3552 2798 3608 concitasti.
2836 3552 3313 3622 Quotusquisque
3335 3551 3490 3606 enim
3509 3556 3596 3606 est
3618 3552 3788 3607 hodie

2139 3644 2336 3714 patria
2371 3643 2619 3712 ﬁdeique
2651 3641 2856 3711 hostis,
2911 3640 3011 3711 qui
3046 3657 3159 3694 non
3221 3639 3394 3694 simul
3447 3657 3677 3711 quoque
3725 3644 3783 3695 te

2137 3731 2514 3786 acerbissimo
2547 3731 2678 3784 odio
2719 3728 3081 3783 insectatur?
3111 3729 3250 3794 Quis
3271 3728 3784 3784 famosuslibellus

2135 3820 2228 3874 his
2252 3837 2457 3874 novem
2482 3819 2651 3873 annis
2682 3817 2739 3872 in
2773 3817 2965 3872 lucem
3011 3817 3241 3888 prodiit,
3279 3818 3337 3871 in
3382 3833 3496 3888 quo
3528 3817 3784 3872 nominis

2133 3909 2218 3962 tui
2253 3908 2405 3962 fama
2437 3907 2729 3979 perpetuis
2763 3905 3217 3977 fcedissimisque
3247 3905 3524 3960 conviciis
3551 3923 3664 3960 non
3707 3906 3788 3961 sit

2133 3996 2430 4052 lacerata?
2461 3999 2806 4067 Quanquam
2841 3995 2977 4066 quid
3015 3994 3227 4049 mirum
3261 3999 3315 4049 te
3337 3994 3643 4049 virulentis
3672 3995 3782 4048 lin-

2133 4086 2266 4158 guis
2289 4087 2425 4158 peti,
2447 4103 2579 4140 cum
2603 4092 2659 4140 et
2682 4085 2835 4139 Elias
2877 4083 3108 4138 Israelis
3133 4084 3521 4154 perturbator,
3557 4087 3612 4138 et
3644 4100 3780 4154 apo-

2132 4175 2264 4230 stoli
2297 4173 2625 4243 temulenti,
2658 4179 2714 4228 et
2742 4171 2956 4227 Paulus
2990 4172 3254 4240 insanus,
3281 4177 3337 4226 et
3361 4173 3778 4244 paterfamilias

2129 4262 2251 4335 ipse
2281 4262 2616 4326 Beelzebub,
2668 4261 2942 4333 appellati
3000 4260 3158 4316 sint?
3203 4260 3346 4325 Quid
3409 4265 3626 4325 autem,
3679 4277 3779 4332 per

2129 4352 2313 4407 Deum
2345 4349 2758 4419 immortalem,
2792 4349 2894 4404 tibi
2929 4366 2994 4404 ac
3024 4348 3256 4404 laudem
3290 4348 3579 4404 illustrius
3629 4349 3777 4405 acci-

2129 4441 2262 4495 dere
2295 4444 2487 4511 queat,
2525 4455 2699 4510 quam
2733 4439 2886 4509 quod
2919 4438 3155 4492 eosdem
3191 4437 3385 4492 hostes
3409 4437 3773 4509 habes,quos

368 4540 428 4577 re
459 4523 737 4577 litteraria
763 4525 905 4579 bene
940 4525 1146 4579 mereri
1180 4526 1436 4584 student.
1473 4525 1870 4580 benevolentia
1916 4531 2020 4580 tua
2049 4547 2094 4611 D
2127 4528 2411 4590 Christus,
2448 4544 2596 4598 quos
2635 4525 2857 4597 religio,
2913 4543 3059 4596 quos
3120 4526 3327 4598 patria,
3379 4542 3526 4596 quos
3573 4543 3775 4582 omnes

367 4617 423 4667 et
457 4613 731 4667 comitate
761 4629 990 4683 semper
1030 4612 1366 4684 complexus
1420 4613 1619 4681 fueris,
1665 4630 2016 4684 quacunque

364 4702 627 4772 potueris
661 4701 880 4757 ratione
913 4703 1148 4770 iuveris,
1182 4701 1464 4768 evexeris;
1497 4704 1752 4772 profecto
1815 4703 2014 4757 littera

363 4791 489 4861 ipse
508 4789 565 4844 in
591 4795 778 4858 tuum,
806 4797 1083 4860 tanquam
1113 4791 1167 4844 in
1191 4791 1393 4862 optimi
1420 4791 1677 4861 parentis
1699 4795 1755 4844 et
1786 4791 2013 4860 patroni

363 4878 556 4934 sinum
591 4880 902 4951 confugere
932 4881 1225 4948 gestiunt:
1265 4897 1374 4934 non
1409 4884 1527 4934 tam
1564 4879 2014 4935 utetillustrent

363 4968 491 5038 (nec
513 4968 666 5023 enim
694 4969 862 5040 aquis
884 4971 1143 5024 Oceanus
1163 4971 1311 5041 eget)
1337 4987 1508 5040 quam
1539 4974 1600 5023 ut
1636 4986 1702 5024 ex
1734 4969 2014 5024 illustris-

363 5056 512 5110 simo
537 5062 636 5111 tuo
665 5059 898 5112 nomine
921 5057 1288 5129 splendorem
1318 5058 1454 5129 ipsa
1479 5059 1729 5113 trahant.
1765 5058 1886 5113 Huc
1920 5075 2010 5113 ac-

364 5146 577 5199 cedunt
608 5146 792 5201 multa
822 5151 922 5202 tua
953 5153 1010 5202 et
1032 5148 1304 5219 praclara
1337 5148 1391 5200 in
1427 5149 2010 5218 quosdam'meorurn

363 5235 665 5305 beneﬁcia,
699 5252 846 5307 quos
877 5251 1007 5290 cum
1043 5252 1202 5307 aque
1235 5253 1298 5291 ac
1330 5237 1503 5291 vitam
1558 5237 1745 5308 ipsam
1797 5253 2008 5306 amem,

363 5338 476 5376 non
511 5323 705 5378 minus
736 5331 885 5380 certe
918 5342 1011 5379 me
1062 5325 1450 5397 magnitudini
1482 5332 1592 5380 tua
1625 5327 1830 5381 debere
1876 5343 2010 5381 cen-

360 5427 479 5483 seo,
504 5429 677 5484 quam
721 5413 770 5468 si
801 5413 858 5469 in
891 5414 1178 5486 meipsum
1203 5431 1270 5469 ea
1295 5414 1662 5472 contulisses.
1707 5416 1818 5472 Sed
1851 5413 2009 5472 nullo

434 5628 476 5664 ⁸⁷
502 5629 526 5687 Ι
555 5631 680 5688 Cor.
711 5646 767 5700 x,
799 5629 887 5686 33.
962 5629 1008 5668 “
1039 5630 1248 5688 Matth.
1280 5646 1403 5703 xui,
1441 5631 1526 5703 11,
1559 5632 1647 5705 33,
1681 5632 1768 5688 45.

2124 4616 2260 4670 boni
2283 4620 2308 4669 .9
2328 4616 2488 4681 Quod
2512 4616 2583 4669 iis
2617 4614 2912 4686 displioes,
2939 4614 3152 4686 quibus
3175 4615 3400 4686 placere
3446 4631 3615 4669 nemo
3648 4616 3773 4670 sine

2124 4705 2367 4775 perﬁdia
2400 4704 2631 4775 possit?
2661 4704 2820 4769 Quod
2857 4704 2927 4758 ab
2959 4704 3031 4758 iis
3063 4703 3220 4758 omni
3253 4703 3644 4758 conviciorum
3671 4719 3772 4774 ge-

2122 4811 2259 4848 nere
2290 4792 2702 4864 pri,,;scinderis,
2736 4792 2835 4863 qui
2885 4792 3198 4848 Ecclesiam
3246 4792 3426 4864 prius,
3460 4792 3544 4846 vel
3579 4793 3772 4862 potius

2122 4883 2317 4954 seipos
2337 4883 2406 4937 ab
2433 4881 2684 4936 Ecclesia
2702 4882 3045 4936 sciderunt?
3078 4885 3231 4948 Quos
3282 4885 3344 4936 tu
3391 4882 3608 4952 Optima
3652 4882 3773 4934 her-

2123 4970 2207 5025 cle
2239 4972 2461 5025 ratione
2496 4969 2815 5035 ulcisceris,
2851 4987 2980 5024 cum
3008 4970 3409 5040 impurissime
3427 4985 3625 5024 eorum
3651 4985 3772 5023 ma-

2121 5058 2332 5114 ledicta
2355 5058 2699 5124 contemnis,
2724 5060 3169 5128 teterrimasque
3192 5058 3444 5130 linguas,
3471 5075 3596 5128 qua
3626 5059 3770 5111 bene

2120 5147 2279 5219 loqui
2315 5166 2426 5202 non
2459 5147 2812 5218 didicerunt,
2839 5148 2989 5202 male
3012 5147 3167 5218 loqui
3193 5147 3360 5200 sinis.
3391 5147 3771 5217 Disrumpun-

2119 5241 2218 5292 tur
2246 5237 2402 5292 enim
2437 5237 2656 5306 miseri,
2682 5253 2814 5292 cum
2839 5240 2895 5291 te
2918 5236 3100 5291 nihilo
3125 5236 3309 5308 magis
3324 5252 3523 5291 eorum
3549 5236 3769 5290 calum-

2121 5325 2255 5397 niis,
2288 5343 2462 5396 quam
2493 5325 2834 5398 elephantos
2869 5326 3096 5380 Indicos
3126 5324 3386 5396 pulicum
3449 5324 3767 5394 morsibus,

2120 5415 2470 5472 commoveri
2500 5415 2716 5470 vident.
2751 5414 2906 5470 Satis
2953 5430 3156 5487 graves
3203 5413 3564 5484 iniquissimi
3613 5412 3669 5468 in
3711 5417 3766 5467 te
