4184 6202
289 352 387 410 329

1375 338 1646 403 JACOBI
1693 338 1926 404 BILLII
1973 343 2569 413 PB/EFATIONES.

3538 357 3661 418 330

288 481 386 539 odii
414 495 594 552 paenae
624 477 910 548 pendunt,
932 491 1063 530 cum
1087 477 1163 538 te,
1197 489 1372 545 quem
1405 473 1476 529 de
1508 488 1754 528 summas
1794 490 1897 529 au-
1928 476 1980 542 Α
2012 476 2207 533 Galliae
2225 480 2391 535 sidus
2421 482 2853 540 exstinxissent.
2887 484 2994 551 Qui
3016 486 3063 541 si
3099 486 3444 555 cothurnus,
3480 489 3525 542 si
3552 490 3667 544 Eu-

288 568 534 625 ctoritatis
556 567 740 638 gradu
771 564 1040 636 dejicere,
1069 568 1242 635 atque
1266 562 1540 617 omnibus
1562 562 1899 619 hominibus

283 660 501 714 invisum
534 656 769 711 reddere
836 653 1029 709 conati
1062 658 1221 717 sunt,
1259 656 1317 706 et
1375 656 1532 706 stare
1585 656 1641 706 et
1672 650 1900 718 ﬂorere,

288 758 525 830 quodque
554 752 884 808 Palladium
948 753 1159 822 Trojaa,
1200 748 1257 804 id
1289 754 1346 804 te
1401 749 1659 805 Francia:
1691 755 1899 805 nostris

284 862 388 902 esse
408 842 787 915 conspiciunt.

342 933 598 998 Quocirca
632 931 861 987 noctuis
894 929 1046 1000 istis,
1065 927 1509 1000 quea,quoniam
1528 927 1678 982 male
1695 932 1899 1000 agunt,

284 1024 458 1080 merito
482 1023 669 1078 lucem
723 1022 995 1087 oderunt,
1043 1036 1149 1076 nec
1190 1020 1303 1075 nisi
1338 1020 1395 1075 in
1454 1020 1712 1076 tenebris
1742 1037 1900 1075 mor-

283 1115 417 1179 dent,
448 1112 576 1167 forti
609 1112 807 1165 animo
866 1110 1238 1181 contemptis,
1293 1110 1351 1163 in
1412 1109 1803 1180 pulcherrimo
1834 1125 1900 1165 eo

281 1218 511 1270 munere,
539 1200 696 1272 quod
717 1200 847 1268 tibi,
880 1204 1163 1270 tanquam
1182 1197 1387 1269 pisoni,
1411 1198 1695 1268 languens
1722 1196 1902 1268 patria

278 1288 549 1360 imposuit,
571 1292 908 1342 constanter
920 1302 1242 1357 persevera.
1261 1286 1503 1341 Medicis
1518 1285 1636 1341 illis
1658 1287 1900 1353 obsisto,

279 1377 361 1449 qui
388 1394 493 1432 non
523 1382 645 1431 tam
681 1375 995 1447 imperitia,
1030 1391 1207 1445 quam
1262 1374 1501 1443 malitia,
1554 1375 1769 1430 vulnus
1800 1391 1902 1430 no-

276 1473 438 1521 strum
462 1466 727 1520 nondum
760 1469 1151 1535 suppuratum
1191 1479 1255 1518 ac
1315 1469 1709 1535 percuratum,
1754 1464 1901 1519 cica-

274 1554 394 1609 trice
423 1554 712 1610 obducere
752 1553 1044 1619 nituntur,
1112 1569 1176 1607 ac
1233 1552 1425 1608 cinere
1475 1552 1675 1608 doloso
1705 1553 1901 1624 ignem

277 1644 538 1714 obtegere,
578 1660 695 1713 quo
728 1658 863 1697 mox
922 1647 1042 1696 tota
1071 1640 1257 1696 Gallia
1308 1658 1514 1696 rursus
1543 1642 1899 1696 exardescat.

274 1732 605 1786 Cbananaaos
637 1731 696 1786 in
730 1731 921 1785 medio
956 1729 1188 1786 Israelis
1249 1729 1580 1785 habitantes
1636 1734 1898 1786 observa.

273 1821 466 1876 Bonum
500 1824 800 1875 certamen
832 1828 985 1874 certa
1016 1819 1093 1874 69:
1128 1835 1324 1891 pugna
1352 1818 1616 1887 consilio,
1650 1819 1903 1874 auctori-

273 1915 389 1975 tate,
428 1910 643 1981 Opibus
677 1909 977 1977 omnibus,
1039 1908 1318 1963 adversus
1350 1923 1468 1977 eos,
1530 1908 1627 1978 qui
1674 1909 1904 1978 totjam

273 1998 513 2054 cladibus
555 1997 816 2071 patriam
847 1998 1187 2065 affecerunt,
1248 2002 1312 2051 ut
1368 1996 1630 2051 stultitiae
1664 1999 1740 2051 sit
1779 2013 1906 2066 spe-

274 2104 401 2152 rare,
436 2088 504 2142 iis
544 2086 731 2142 salvis
790 2085 1214 2157 rempublicam
1274 2084 1491 2140 salvam
1554 2101 1682 2141 esse
1714 2101 1904 2158 posse.

275 2175 524 2231 Maneant
576 2176 682 2248 qui
712 2175 904 2231 volent
936 2176 994 2230 in
1046 2173 1287 2246 Siceleg,
1344 2175 1675 2229 subsistant
1730 2174 1905 2230 etiam

269 2264 437 2336 ignavi
470 2267 539 2320 ad
590 2264 892 2320 sarcinas:
953 2268 1015 2319 tu
1050 2280 1155 2319 nec
1208 2262 1391 2319 oculis
1428 2262 1548 2318 tuis
1606 2281 1905 2332 somnum,

268 2371 357 2409 nec
388 2354 685 2427 palpebris
715 2353 1187 2409 dormitationem
1243 2353 1406 2424 prius
1448 2353 1581 2409 dato
1610 2354 1673 2421 7°,
1726 2370 1903 2424 quam

267 2460 381 2498 cum
413 2444 638 2499 Davide
668 2442 1043 2507 Amalecitas,
1075 2441 1239 2513 regni
1282 2441 1486 2512 spoliis
1516 2441 1901 2508 exsultantes,

265 2539 547 2588 assecutus
576 2532 762 2587 fueris
783 2534 852 2596 ⁷⁷,
885 2537 1058 2602 atque
1091 2530 1175 2585 ita
1206 2530 1469 2602 fregeris,
1504 2535 1567 2585 ut
1588 2548 1699 2586 non
1718 2531 1900 2587 levem

263 2626 469 2676 tantum
503 2622 677 2693 pacis
709 2620 978 2675 umbram
1037 2626 1094 2675 et
1148 2620 1322 2675 inane
1361 2620 1768 2687 simulacrum,
1797 2622 1897 2677 sed

260 2725 433 2765 veram
464 2727 531 2765 ac
563 2708 823 2766 solidam
858 2724 1057 2781 pacem
1088 2708 1411 2764 videamus.

318 2799 416 2854 Sed
449 2799 598 2871 quid
636 2815 741 2870 ego
775 2798 896 2854 haec
958 2798 1027 2852 ad
1061 2797 1162 2853 te?
1220 2798 1395 2862 Quasi
1424 2815 1556 2854 vero
1612 2804 1714 2853 aut
1746 2816 1894 2863 mea,

260 2893 347 2941 aut
372 2891 732 2961 cujusquam
758 2888 1155 2942 cohortatione
1202 2903 1350 2959 opus
1396 2887 1634 2959 habeas,
1667 2889 1764 2960 qui
1798 2894 1899 2944 tua

261 2982 445 3047 sponte
474 2976 697 3046 curris,
730 2981 788 3031 et
828 2983 891 3030 ut
920 2992 1105 3031 vaccae
1133 2975 1245 3030 illa;
1306 2976 1642 3044 Palaestinae,
1703 2994 1896 3033 arcam

263 3064 342 3118 Dei
372 3071 698 3136 gestantes,
760 3065 815 3118 in
858 3066 1146 3119 directum
1179 3065 1463 3137 graderis,
1504 3081 1609 3121 nec
1657 3067 1728 3120 ad
1762 3067 1895 3121 dex-

261 3157 390 3209 tram
422 3161 524 3210 aut
587 3154 897 3209 sinistram
931 3152 1189 3209 declinas
1219 3154 1299 3209 ⁷²ε
1334 3154 1393 3208 in
1425 3154 1534 3209 hoc
1581 3160 1734 3210 certe
1760 3172 1891 3210 cum

259 3241 388 3297 alios
416 3260 633 3298 omnes
666 3244 1017 3298 fratrestuos
1047 3242 1408 3297 clarissimos
1425 3243 1737 3315 principes,
1769 3249 1896 3299 tum

258 3334 562 3401 presertim
609 3332 1127 3401 incomparabilem
1144 3331 1306 3387 illum
1325 3331 1578 3398 heroem,
1603 3332 1744 3388 illud
1766 3333 1900 3389 belli

257 3418 479 3486 fulmen,
510 3421 693 3476 illum
728 3420 959 3476 Israelis
1018 3438 1255 3476 currum
1297 3426 1354 3477 et
1383 3422 1647 3493 aurigam
1677 3424 1744 3489 ⁷³,
1795 3424 1900 3477 do-

263 3523 490 3582 musque
517 3509 629 3565 Dei
662 3526 897 3564 murum
949 3508 1107 3564 haud
1139 3509 1312 3565 dubie
1369 3509 1726 3566 aheneum“
1756 3511 1901 3567 refe-

256 3613 395 3665 rens,
426 3600 737 3664 Martium,
788 3598 1054 3670 inquam,
1114 3597 1283 3653 illum
1344 3599 1741 3664 Franciscum,
1799 3601 1899 3672 qui

258 3685 419 3742 simul
448 3694 504 3743 et
535 3686 780 3743 Domini
821 3692 879 3741 et
936 3687 1090 3757 regis
1130 3688 1220 3742 sui
1279 3688 1475 3758 pralia
1507 3688 1897 3760 prwliabatur,

259 3776 436 3846 aquila
466 3776 749 3843 velocior,
784 3775 948 3831 leone
977 3776 1200 3847 fortior,
1233 3794 1376 3848 rupe
1416 3777 1657 3845 ﬁrmior,
1692 3777 1901 3848 plenus

255 3862 493 3921 victoriis
528 3883 603 3921 ac
635 3863 976 3936 triumphis.
1035 3864 1214 3933 Cujus
1246 3864 1359 3919 nisi
1391 3864 1707 3936 singularis
1738 3883 1900 3938 quaa-

258 3951 378 4008 dam
409 3972 473 4009 ac
507 3970 699 4026 prope
733 3953 929 4008 divina
954 3952 1139 4008 virtus
1186 3954 1583 4009 incredibilem
1631 3954 1899 4011 hostibus

261 4045 524 4098 terrorem
600 4039 922 4106 attulisset,
970 4058 1274 4113 nunquam
1325 4058 1465 4097 sane
1513 4047 1633 4098 tam
1680 4043 1898 4100 nefario

262 4131 561 4201 parricidio
626 4147 757 4186 sese
785 4130 1199 4202 devinxissent,
1259 4147 1364 4187 nec
1418 4131 1587 4189 toties
1642 4133 1899 4189 salutare

2010 566 2194 638 ripus,
2226 568 2275 623 si
2307 572 2548 626 Proteus
2589 572 2909 644 quispiam,
2943 583 3039 630 aut
3063 575 3287 630 arundo
3319 582 3490 632 vento
3539 578 3665 649 agi-

2007 660 2129 711 tata
2156 657 2200 691 ⁷⁵
2230 659 2574 727 exstitisset,
2632 662 2846 717 viveret
2882 664 3121 733 quidem
3180 664 3376 720 adhuc
3409 666 3660 723 fortasse

2010 744 2068 798 in
2103 744 2211 801 hoc
2241 746 2397 802 faecis
2438 747 2579 813 luto,
2614 750 2713 804 sed
2749 751 2937 821 turpis
2974 758 3031 807 et
3059 752 3370 821 inglorius,
3400 759 3539 808 etut
3571 753 3657 809 illi

2009 833 2111 904 qui
2141 835 2320 890 vitam
2347 853 2515 892 suam
2539 837 2597 892 in
2622 840 2838 893 mundo
2868 840 3108 911 diligere
3139 842 3654 914 malunt,quamin

2010 924 2186 979 vitam
2218 930 2493 981 aeternam
2527 927 2817 983 custodire
2840 930 2905 984 ⁷⁸.
2965 930 3126 994 Quod
3189 930 3327 1003 quia
3375 948 3489 987 non
3521 932 3650 997 fuit,

2009 1028 2113 1084 per
2140 1030 2440 1070 summum
2474 1016 2664 1071 scelus
2697 1016 2865 1071 nobis
2896 1023 3131 1090 ereptus
3161 1025 3286 1075 est:
3322 1020 3406 1075 ita
3432 1026 3650 1092 tamen,

2014 1106 2076 1156 ut
2106 1105 2605 1174 quemadmodum
2638 1106 2789 1161 Elias
2824 1106 3093 1162 melotem
3120 1109 3183 1175 ⁷⁷,
3216 1110 3324 1174 vel,
3359 1114 3421 1164 ut
3443 1110 3653 1179 aptiori

2011 1191 2272 1263 exemplo
2307 1198 2458 1262 utar,
2514 1195 2545 1249 ,Ι
2556 1196 2701 1250 udas
2734 1196 3101 1252 Machabeus
3149 1197 3441 1253 Jonathan
3472 1198 3536 1267 ⁷⁸,
3571 1198 3655 1253 sic

2009 1277 2135 1349 ipse
2165 1280 2335 1335 nobis
2364 1282 2729 1337 Aumalzsum
2776 1283 3036 1347 fratrem,
3098 1284 3657 1355 praestantissimum

2011 1366 2146 1422 belli
2177 1368 2382 1423 ducem
2416 1369 2734 1440 reliquerit,
2768 1371 2870 1443 qui
2902 1388 3004 1443 per
3059 1372 3260 1428 eadem
3310 1373 3556 1445 vestigia
3586 1373 3660 1429 ad

2012 1458 2278 1512 eamdem
2337 1458 2838 1515 immortalitatem
2898 1466 3218 1533 grassatur,
3254 1478 3528 1534 nuncque
3557 1463 3662 1517 ad-

2010 1562 2216 1601 versus
2273 1546 2646 1603 Germanicas
2697 1548 2956 1621 Harpyas
2985 1552 3139 1621 (quae
3183 1550 3435 1606 Francia:
3465 1550 3665 1607 vulne-

2013 1636 2176 1689 ribus
2208 1635 2357 1691 feros
2390 1653 2615 1708 ungues
2663 1638 2936 1709 infigunt,
2990 1644 3220 1695 acetum
3270 1657 3371 1711 pro
3403 1640 3529 1696 oleo
3568 1640 3661 1695 in-

2014 1724 2286 1794 fundunt,
2320 1725 2489 1797 eique
2521 1742 2664 1797 pene
2687 1727 2809 1796 jam
2844 1729 3144 1800 exsangui,
3208 1729 3491 1802 quidquid
3532 1729 3663 1785 reli-

2014 1829 2198 1884 quum
2226 1820 2349 1869 erat
2380 1814 2709 1887 sanguinis,
2741 1816 3080 1888 detrahunt)
3112 1835 3245 1873 cum
3278 1818 3532 1873 militum
3567 1835 3660 1875 ro-

2019 1904 2154 1958 bore
2186 1906 2464 1975 procedit,
2497 1905 2580 1959 ita
2629 1908 2824 1962 animo
2880 1913 3275 1979 comparatus,
3333 1914 3399 1964 ut
3428 1908 3660 1965 etiamsi

2017 1993 2073 2046 in
2108 1993 2216 2049 hoc
2249 1994 2385 2048 belli
2416 1994 2753 2051 discrimine
2786 1996 2900 2051 vita
2933 1997 3043 2068 ipsi
3076 2000 3344 2068 ponenda
3373 1997 3469 2067 sit,
3513 2014 3663 2069 pras-

2018 2082 2168 2137 clare
2194 2099 2391 2137 secum
2411 2089 2605 2138 actum
2635 2084 2703 2138 iri
2738 2090 2918 2156 putet,
2947 2086 3088 2140 dum
3112 2086 3452 2157 hujusmodi
3472 2092 3663 2157 pestes

2016 2190 2049 2231 θ,
2079 2173 2281 2243 patriae
2308 2171 2629 2228 cervicibus
2656 2178 2893 2229 avertat.

2087 2265 2265 2332 Perge
2296 2261 2513 2334 itaque,
2574 2261 2938 2334 amplissime
2995 2263 3328 2331 cardinalis,
3369 2280 3500 2318 cum
3553 2262 3663 2319 fore

2011 2349 2242 2405 tissimo
2268 2355 2369 2405 tuo
2401 2366 2699 2422 germano,
2734 2357 3134 2406 senescentem
3174 2351 3423 2408 Galliam
3450 2353 3657 2420 fovere,

2013 2446 2210 2513 atque,
2244 2448 2309 2497 ut
2340 2442 2519 2497 Grazci
2552 2442 2774 2508 dicunt,
2809 2440 3239 2518 ἀντιπελαργεῖν.
3274 2443 3435 2510 Quod
3455 2448 3654 2499 autem

2011 2531 2083 2586 ad
2139 2531 2562 2587 Nazianzenam
2622 2537 2881 2588 nostram
2942 2532 3388 2589 translationem
3420 2533 3653 2599 attinet,

2009 2621 2242 2676 tametsi
2303 2637 2415 2675 non
2466 2637 2626 2676 eram
2688 2622 2940 2689 nescius,
2975 2639 3102 2678 eam
3144 2623 3298 2678 haud
3331 2623 3647 2678 admodum

2007 2708 2244 2781 dignam
2279 2726 2427 2775 esse,
2480 2726 2609 2780 quae
2667 2710 2726 2764 in
2782 2715 2883 2765 tuo
2942 2712 3180 2767 nomine
3219 2715 3545 2783 appareret,
3579 2709 3651 2764 ob

2006 2798 2205 2871 idque,
2242 2815 2310 2854 ne
2339 2799 2408 2853 ad
2443 2806 2499 2854 te
2556 2815 2687 2854 cum
2720 2799 2945 2855 tantillo
2994 2816 3235 2856 munere
3294 2800 3650 2866 accederem,

2007 2889 2229 2959 pudore
2259 2887 2539 2943 nonnullo
2569 2889 2906 2944 deterrebar
2933 2906 2947 2943 :
2982 2888 3117 2945 fecit
3144 2893 3339 2944 tamen
3375 2893 3654 2960 perpetua

2006 2982 2107 3031 tua
2138 2976 2496 3044 humanitas,
2532 2993 2937 3049 propensaque
2967 2994 3104 3050 erga
3134 2977 3429 3033 studiosos
3451 2992 3655 3033 omnes

2004 3065 2293 3127 voluntas.
2332 3071 2393 3120 ut
2426 3066 2579 3120 hunc
2631 3072 2851 3121 metum
2900 3067 3316 3139 abstergerem,
3367 3083 3499 3121 cum
3534 3081 3655 3120 me-

2007 3172 2141 3210 cum
2174 3156 2545 3226 cogitassem,
2582 3172 2925 3227 magnorum
2960 3155 3288 3227 principum
3344 3171 3493 3224 esse,
3542 3171 3658 3209 non

2012 3244 2209 3299 minus
2236 3243 2485 3300 libenter
2517 3260 2690 3315 parva
2720 3244 3000 3316 accipere,
3042 3262 3218 3315 quam
3254 3260 3467 3315 magna
3496 3244 3654 3309 dare,

2010 3332 2258 3404 diisque,
2290 3338 2357 3387 ut
2386 3332 2627 3404 quidam
2684 3331 2743 3386 in
2795 3332 2973 3387 simili
3014 3348 3191 3387 causa
3248 3331 3475 3387 dicebat
3521 3331 3655 3399 (75),

2012 3438 2125 3477 non
2159 3421 2348 3476 solum
2382 3421 2574 3486 thure,
2606 3421 2707 3476 sed
2740 3421 2914 3476 etiam
2949 3421 3104 3477 mola
3160 3421 3314 3477 salsa
3344 3419 3520 3475 litari.
3556 3421 3655 3473 Ac-

2011 3511 2137 3582 cipe
2166 3527 2298 3581 ergo
2330 3516 2496 3583 grato
2544 3527 2610 3565 ac
2638 3510 2841 3566 libenti
2874 3510 3068 3566 animo
3101 3510 3208 3566 hoc
3236 3508 3522 3581 quidquid
3569 3512 3657 3563 est

2011 3600 2293 3666 muneris,
2326 3599 2725 3655 illustrissime
2754 3600 3090 3667 cardinalis,
3123 3599 3407 3670 mihique,
3443 3597 3491 3653 si
3542 3597 3654 3651 im-

2011 3694 2260 3763 portuna
2291 3690 2544 3761 quadam
2576 3688 2664 3743 tui
2695 3688 3171 3761 interpretatione
3213 3685 3462 3759 publicis
3493 3700 3653 3741 com-

2012 3777 2202 3834 modis
2235 3795 2457 3833 moram
2472 3777 2662 3845 attuli,
2685 3777 2857 3833 velim
2872 3776 3459 3848 ignoscas.Dominus
3480 3773 3653 3830 Jesus

2009 3872 2065 3922 te
2094 3884 2272 3939 quam
2326 3866 2657 3922 diutissime
2715 3864 2980 3921 Ecclesia
3010 3882 3127 3921 sua:
3158 3864 3513 3919 incolumem
3537 3876 3655 3915 ser-

2008 3961 2119 4012 vet.
2152 3954 2517 4011 Nannetibus
2552 3956 2616 4009 15
2647 3953 2886 4009 Kalend.
2919 3953 3160 4009 Januar.
3193 3967 3346 4006 anno
3378 3967 3412 4005 a
3450 3947 3655 4005 saluti-

2008 4045 2128 4100 fero
2161 4050 2331 4115 partu
2364 4042 2823 4116 quingentisimo
2879 4042 3241 4113 sexagesimo
3292 4055 3444 4095 nono
3477 4053 3657 4109 supra

2007 4132 2408 4189 millesimum.

259 4411 388 4493 Πρρς
471 4414 567 4493 cev
649 4412 808 4493 atra?
885 4412 1298 4493 ξπιφανὲστατον
1388 4421 1488 4493 τῆς
1553 4416 1715 4493 ,κατᾲ
1795 4417 1892 4485 τὴν

2012 4418 2155 4477 idem
2178 4417 2249 4475 ad
2276 4419 2531 4474 eumdem
2586 4418 3030 4493 illustrissimum
3080 4417 3329 4493 Ecclesiae
3358 4417 3656 4475 Gallicana

320 4486 589 4562 φραγκίαν
650 4484 1000 4562 Ἑκκᾉησίαξ
1030 4486 1338 4560 προστάτην
1386 4488 1476 4542 καὶ
1518 4484 1894 4562 εὐγενέστατον

321 4554 588 4632 ἄρχοντα,
620 4561 719 4612 τοῦ
749 4554 936 4615 αὐτοῦ.

258 4684 416 4756 Ἔργα
446 4686 586 4737 Θεοῦ
616 4683 856 4754 κομιεις,
885 4683 1105 4755 κομέεις
1138 4680 1195 4738 δέ
1223 4704 1282 4737 τε
1308 4684 1397 4737 καὶ
1432 4681 1720 4758 βασιλῆος,

320 4771 479 4825 Ὥστε
511 4771 642 4847 ῥόος
673 4776 924 4844 ποταμοῦ
956 4768 1153 4848 ἄνδιχα
1178 4771 1535 4845 τεμνόμενος.

260 4860 440 4913 nmen
470 4857 592 4935 ἔχει
625 4860 919 4935 θεράποντα
948 4860 1100 4928 Θεὸς,
1133 4860 1222 4916 καὶ
1254 4863 1441 4916 πιστὸν
1468 4861 1738 4938 ἀνάκτωρ,

327 4950 518 5003 ama»
550 4947 669 5025 ἔχει
701 4948 993 5025 πρόμαχον
1026 4950 1227 5017 πίστις,
1260 4948 1483 5025 ἔρεισμα
1508 4951 1722 5026 πατρίς.

263 5035 315 5091 Ἡ
346 5034 391 5090 δ’
415 5037 584 5111 ἀρετή
620 5035 902 5110 μελέτημα
929 5039 1070 5105 τεὸν,
1101 5039 1356 5114 Χριστοῖό
1374 5060 1433 5093 τε
1464 5043 1622 5111 σῶμα

327 5126 629 5201 Σχίζοντας
665 5126 901 5202 βαλέειν,
930 5126 1255 5203 αἲμοχαρεῖς
1283 5149 1342 5182 τε
1372 5125 1595 5191 λύκους.

260 5214 516 5281 Τοτῖνεκεν,
554 5215 603 5270 εἰ
635 5215 914 5270 πάντεσσιν
946 5216 1194 5292 ἀπήχθεο
1222 5222 1365 5272 τοῖσι
1392 5216 1690 5291 κακίστοις,

324 5300 482 5358 Οὐδὲν
513 5306 721 5378 Θαῦμα·
755 5304 915 5368 κύνας
946 5307 1049 5381 γὰρ
1081 5306 1359 5383 στυγέουσι
1396 5304 1577 5365 λύκοι.

326 5454 367 5489 ⁸⁹
393 5456 410 5510 l
436 5457 596 5512 Tim.
634 5474 706 5525 vr,
734 5460 818 5513 12.
925 5460 971 5494 ⁷ο
1001 5460 1149 5515 Psal.
1183 5478 1371 5526 cxxxr,
1406 5462 1458 5515 4.

264 5524 305 5559 ⁷⁴
322 5527 431 5584 Jer.
474 5546 518 5598 ι,
565 5530 656 5584 18.
731 5532 774 5566 ⁷⁸
813 5531 1020 5587 Matth.
1060 5549 1140 5604 x1,
1180 5533 1235 5589 7.
1312 5524 1366 5568 π’
1395 5533 1566 5590 Joan.
1607 5548 1709 5604 xu,
1751 5524 1841 5590 25.

334 5660 441 5737 (75)
464 5660 625 5718 Plin.
660 5662 718 5719 in
759 5665 931 5738 epist.
979 5682 1241 5739 nuncup.

585 5788 843 5855 ΡΑτιιοι..
888 5791 999 5855 Ga.
1045 5792 1291 5859 XXXV.

1554 5461 1646 5515 ⁷¹Ι
1702 5461 1839 5534 Reg.
1865 5463 2046 5529 xxx,l
2083 5479 2214 5590 eaq.

1554 5575 1566 5587 .
1607 5548 1709 5591 xu.
1751 5535 1841 5590 25.
1918 5535 1962 5571 ⁷⁷
1997 5534 2073 5591 IV
2159 5551 2214 5591 es

2217 4493 2514 4546 antistitem
2546 4494 2599 4545 et
2650 4490 3061 4546 nobilissimum
3114 4491 3440 4562 principem.

2011 4688 2122 4743 Res
2153 4687 2281 4744 caeli
2314 4691 2555 4753 tractas,
2587 4690 2922 4758 tractasque
2953 4687 3184 4759 negotia
3218 4688 3401 4761 regni,

2081 4777 2298 4832 Ambas
2330 4777 2387 4832 in
2422 4781 2614 4848 partes
2646 4775 2889 4831 ﬁnditur
2920 4781 2982 4831 ut
3011 4776 3244 4833 ﬂuvius.

2012 4865 2219 4921 Fidum
2254 4871 2308 4922 te
2338 4866 2560 4937 praebes
2592 4864 2861 4937 regisque
2895 4865 3108 4936 Deique
3140 4866 3498 4933 ministrum,

2085 4956 2168 5010 Tu
2193 4953 2407 5009 vallum
2443 4955 2597 5025 fidei,
2630 4959 2691 5008 tu
2724 4953 2994 5009 columen
3026 4954 3244 5026 patrias.

2014 5044 2145 5099 Haec
2174 5049 2274 5099 tua
2305 5060 2464 5111 cura,
2497 5044 2674 5098 decus
2702 5042 2957 5113 virtutis,
2982 5048 3239 5099 sternere
3269 5044 3481 5101 Christi

2086 5133 2307 5203 Corpus
2328 5133 2680 5199 scindentes,
2714 5131 3156 5204 mortiferosque
3185 5132 3377 5207 lupos.

2024 5222 2102 5278 Ad
2136 5227 2191 5277 te
2217 5238 2330 5277 non
2364 5225 2630 5277 moveant
2658 5221 2775 5276 odii
2806 5222 3042 5276 turbata
3070 5239 3290 5279 veneno

2087 5311 2307 5367 Corda:
2342 5309 2547 5383 lupum
2574 5311 2835 5382 jungunt
2865 5308 3084 5365 fmdera
3114 5311 3276 5370 nulla
3301 5314 3452 5372 cani.

2324 5464 2618 5546 “lite-g1
2653 5483 2744 5546 vi,
2780 5469 2900 5546 _12.
3004 5469 3399 5546 “UIVLReg.
3451 5486 3513 5541 ιι,
3576 5470 3662 5525 12”

2159 5551 2244 5610 eg.
2282 5553 2343 5605 ιι,
2386 5536 2470 5593 13.
2514 5536 2619 5594 ⁷⁸“Ι
2651 5539 2912 5596 Machab.
2948 5558 3024 5611 ix,
3049 5542 3139 5614 30,
3175 5543 3239 5597 31

3316 5799 3392 5881 ιι
