4184 6202
3429 76 4133 210 π

3691 181 3754 206 τ’
3853 183 3902 209 ..ἔ-

3691 181 3718 206 τ
3743 181 3902 226 ’.Ψέ-

483 388 595 447 331
1617 381 1892 445 JAGOBI
1940 382 2135 444 BILLl

2249 382 2693 444 ’RAEFATION
2701 383 2793 445 ES
2806 428 2822 443 .
3784 388 3901 450 332

485 524 547 575 In
571 525 625 574 te
652 535 766 573 non
800 516 1015 572 mirum
1048 514 1192 570 livor
1223 515 1271 570 si
1307 518 1575 586 torqueat
1597 532 1798 571 arma:

2160 516 2214 582 Α
2247 511 2401 580 Οὐδὲ,
2434 515 2558 583 τεήν
2593 513 2788 589 ἀρετὴν
2815 513 2896 570 ὅτι
2935 513 3196 590 βάσκανον
3230 509 3386 588 ὄμμα
3413 515 3659 587 τιταίνει,

557 606 768 662 Virtuti
803 621 1035 676 semper
1065 603 1256 659 tristia
1290 603 1441 658 bella
1468 604 1603 660 ciet.

2322 605 2511 675 Θαῦμά
2545 604 2598 675 μ’
2630 601 2766 678 ἔχει·
2799 602 2991 666 καλοῖς
3024 605 3051 659 ὁ
3083 604 3278 683 ῳθόνος
3310 605 3501 680 ἐχθρὸς
3530 606 3641 662 ἀεί.

486 697 691 752 Invida
719 695 1018 750 tabescant
1045 693 1133 748 vis
1155 693 1422 765 agmina;
1456 694 1629 748 turba
1658 692 1858 749 dolore

2245 694 2506 762 Τήκεσθαι
2539 691 2829 769 φθονεροὺς
2862 691 3085 763 ἐθέλεις,
3118 695 3205 748 καὶ
3246 693 3466 767 ἀνάρσια
3499 693 3641 774 φῦλα

554 787 818 856 Angatur
848 783 1050 838 rabido
1081 783 1358 852 dogmata
1389 799 1563 851 prava
1595 799 1796 838 serens
1818 782 1845 835 ?

2317 784 2614 856 Αἶρε-πικῶν
2648 790 2929 860 κρατεροῖς
2956 783 3168 860 ἄλγεσιν
3199 785 3472 857 ἐμπελάᾳν
3497 806 3507 855 ;

485 874 785 930 Certamen
818 877 974 928 certa
1001 871 1134 926 ﬁdei
1162 889 1174 939 ;
1205 871 1459 942 virtutis,
1494 877 1558 926 ut
1589 871 1749 942 olim,

2247 867 2466 926 Εὐσεϐέϊ
2495 873 2810 947 προμάχιζε
2842 870 3018 948 λόγῳ·
3059 874 3402 948 χραίσμησον
3437 875 3643 929 ἄνακτι·

553 966 734 1034 Perge
766 963 918 1016 viam
944 979 958 1029 ;
992 962 1076 1016 fer
1105 977 1274 1032 opem
1305 961 1739 1033 consiliumque
1770 963 2004 1019 throno.

1850 977 2004 1018 rono.
2315 960 2581 1031 Παντοίης
2615 961 2833 1036 ἀρετῆς,
2868 961 2944 1024 ὡς
2972 964 3318 1039 τοπάροιθεν,
3350 962 3502 1040 ἔχου.

480 1057 620 1124 lgne
653 1068 792 1107 suos
823 1054 952 1106 uret
980 1049 1158 1105 livor:
1188 1050 1475 1122 disrupta,
1513 1051 1727 1107 furoris

2244 1050 2317 1118 Δὴ
2351 1048 2472 1104 τότε
2499 1051 2586 1104 καὶ
2619 1050 2910 1128 φθονεροὺς
2939 1052 3085 1122 τήξει
3118 1051 3333 1129 φθόνος.
3369 1051 3642 1119 ἀντιθέους
3689 1073 3746 1109 τι

549 1141 786 1198 Occidet
813 1156 948 1197 esca
976 1139 1089 1212 sui,
1121 1155 1263 1211 gens
1296 1139 1536 1195 inimica
1569 1141 1699 1195 Deo.

2312 1140 2506 1212 ’Όψεαι
2541 1139 2824 1218 αὐτοφόνῳ
2859 1140 3222 1216 βοσκομένους
3257 1141 3437 1218 μανὲῃ.

1085 1380 1339 1452 Ejusdem
1368 1380 1509 1436 alia.

2789 1385 2893 1437 Τοῦ
2925 1381 3088 1438 αὐτοῦ
3116 1379 3296 1458 ἕτερον
3309 1425 3320 1440 .

476 1470 804 1526 Pandoram
839 1470 1036 1525 divum
1070 1470 1306 1524 donavit
1337 1470 1502 1542 copia
1535 1469 1792 1525 mundo:

2236 1466 2530 1545 Πανδώρην
2565 1470 2694 1525 ποτὲ
2725 1469 2862 1526 δῶκε
2901 1473 3032 1526 θεῶν
3066 1473 3235 1548 χορὸς
3266 1471 3565 1548 ἡμερὶοισι·

544 1561 877 1617 Pandorum
912 1560 1080 1615 nobis
1112 1563 1166 1614 te
1197 1559 1358 1614 dedit
1388 1559 1792 1631 Omnipotens.

1780 1601 1792 1613 .
2307 1556 2596 1635 Πάνδωρόν
2628 1581 2682 1615 σε
2719 1561 2879 1636 μέγας
2914 1563 3046 1634 ἡμῖν
3084 1559 3251 1616 ἔδωκε
3281 1563 3431 1623 Θεός.

475 1648 562 1706 Illi
593 1649 650 1704 in
684 1647 997 1722 perniciem
1032 1651 1292 1704 nostram
1327 1650 1488 1717 (nam
1522 1647 1877 1720 perniciosos

2235 1648 2297 1700 Oi
2333 1648 2426 1720 μὲν
2462 1646 2544 1701 ἐπ’
2578 1649 2832 1722 ἀργαλέῳ
2876 1649 3126 1725 μερόπων
3159 1655 3328 1722 κακῷο
3365 1651 3441 1712 ὡς
3467 1651 3567 1727 γὰρ
3599 1651 3779 1724 ἐῴκει,

545 1739 877 1796 Perniciosa
909 1739 1073 1793 decet
1095 1738 1326 1792 mittere
1349 1738 1501 1793 dona
1530 1738 1712 1810 deos).

2305 1736 2652 1809 Οὐλομένους
2679 1739 2910 1811 πέμπειν
2945 1736 3104 1795 οὕλια
3131 1737 3279 1814 δῶρα
3310 1741 3482 1801 θεούς·

474 1828 577 1884 Hic
610 1845 740 1884 vero
773 1829 843 1884 ad
877 1828 1107 1900 generis
1139 1827 1468 1883 certissima
1488 1827 1794 1883 commoda
1824 1826 2007 1882 nostri
2034 1843 2047 1882 :

2153 1825 2200 1889 B
2228 1827 2320 1888 Ὃς
2353 1824 2398 1880 δ’
2432 1826 2517 1880 ἐπὶ
2549 1825 2626 1899 τῷ
2657 1827 2868 1882 πάντων
2903 1829 3104 1903 ἀγαθῷ·
3137 1828 3226 1882 καὶ
3259 1831 3360 1903 γὰρ
3408 1827 3732 1905 παναρίστου

541 1917 860 1972 Commoda
889 1916 1106 1989 quippe
1135 1916 1322 1971 bonus
1354 1917 1454 1971 dat
1486 1933 1593 1972 sua
1623 1917 1775 1972 dona
1805 1916 1978 1972 Deus.

1933 1934 1978 1972 Β.
2299 1917 2476 1970 Ηάντα
2508 1921 2639 1971 Θεοῦ
2672 1917 2914 1991 χθονίοις
2946 1921 3194 1994 χρήσιμα
3226 1915 3372 1994 δῶρα
3410 1916 3585 1975 πέλει.

725 2077 797 2138 In
827 2076 1268 2139 Nazianzenam
1307 2075 1376 2136 D.
1412 2075 1626 2138 Jacobi
1651 2075 1828 2136 Billii
1856 2073 2082 2218 ibbbbatis
2116 2076 2468 2220 git'chailz'ni
2496 2079 2934 2141 translationem
2968 2078 3116 2142 God.
3148 2078 3368 2140 Billius
3407 2081 3620 2160 frater,

1981 2176 2046 2218 as
2165 2177 2329 2218 mcen
2360 2178 2465 2218 ius.

1981 2176 2046 2218 as
2122 2176 2376 2218 Vincenti
2385 2178 2465 2218 us.

459 2309 772 2380 Gregorius
803 2309 1100 2381 quondam
1134 2307 1324 2379 patria
1355 2306 1564 2362 tellure
1596 2307 1856 2378 fugatus,
2230 2309 2538 2365 Condoluit
2568 2309 2743 2364 frater
2764 2309 3028 2380 profugo,
3054 2309 3369 2382 docuitque
3395 2315 3690 2383 rogantem

528 2399 846 2472 Appulerat
875 2398 1042 2454 sedes
1074 2396 1236 2452 exsul
1260 2397 1330 2452 ad
1363 2397 1668 2452 Occiduas.
2300 2397 2531 2453 Mollius
2563 2399 2841 2454 Ausoniis
2868 2400 3044 2454 verba
3078 2416 3285 2455 sonare
3336 2400 3545 2456 modis.

461 2490 747 2562 Excepere
777 2487 965 2543 virum
999 2487 1272 2559 quidam:
1312 2487 1411 2542 sed
1447 2486 1618 2540 balba
1640 2485 1944 2558 loquentes
2229 2487 2474 2542 Miratur
2496 2488 2618 2558 jam
2652 2485 2988 2560 Gregorius,
3013 2487 3357 2560 dubitatque
3389 2488 3690 2562 Pelasgum

530 2578 696 2635 Hunc
719 2578 894 2635 etiam
917 2576 1087 2634 balbe
1119 2576 1478 2633 condoeuere
1505 2574 1686 2647 loqui.
2300 2576 2495 2632 Dicere
2525 2592 2586 2632 se
2618 2576 2860 2648 posthac
2890 2577 3120 2645 debeat,
3152 2594 3224 2632 an
3261 2577 3512 2633 Latium.

743 2739 812 2804 G.
851 2738 1258 2802 Genebrardus
1299 2737 1614 2817 Theologus
1643 2735 2017 2809 Parmensis,
2051 2736 2134 2817 ad
2172 2735 2250 2797 D.
2282 2736 2565 2798 Jacobum
2599 2737 2851 2798 Billium
2890 2739 3375 2814 ccenobiarclzam,
3406 2742 3587 2802 trium

1185 2816 1522 2899 linguarum
1555 2820 2001 2899 peritissimum,
2039 2816 2322 2898 Gregorii
2344 2817 2746 2880 Nazianzenti
2769 2820 3164 2900 interpretem.

463 2973 804 3048 Gregorium
839 2972 911 3028 ob
940 2988 1172 3026 versum
1203 2975 1402 3026 nostra
1429 2974 1485 3026 te
1515 2987 1650 3026 voce
1681 2969 1899 3025 salutat

1843 2974 1899 3025 at
2222 2969 2345 3023 Δῖάν
2381 2988 2473 3022 σου
2505 2968 2744 3046 κεφαλὴν
2770 2969 3053 3038 ἀσπάζοντ’
3085 2969 3213 3024 ἐννέ’
3242 2968 3495 3048 ἀδελφαὶ,

523 3063 707 3120 Pieris
728 3066 785 3116 et
811 3060 1104 3115 Charitum
1140 3059 1298 3114 nuda
1342 3075 1555 3114 corona
1584 3059 1786 3114 trium.

2290 3058 2449 3112 Ταυτί
2477 3079 2534 3112 τε
2564 3058 2928 3134 γυμνοχρόων
2961 3056 3125 3132 δρῶσι
3161 3060 3289 3134 γένη
3323 3060 3586 3134 Χαρίτων.

451 3155 600 3221 Qiun
623 3156 680 3209 et
712 3149 1025 3222 Gregorius
1055 3151 1213 3205 tanto
1247 3164 1349 3219 pro
1387 3163 1622 3204 munere
1654 3164 1918 3203 summas

2220 3147 2518 3222 Γρηγόριος
2551 3145 2596 3202 δ’
2627 3148 2783 3209 αὐτὸς
2819 3147 3004 3216 ζαθέαν
3041 3146 3109 3203 δι’
3143 3149 3274 3221 ἐμοῦ
3303 3151 3462 3224 χάριν
3496 3147 3657 3219 οἶδεν,

523 3247 668 3299 Cum
701 3256 978 3312 superum
1005 3243 1196 3310 grates
1219 3237 1450 3310 agmine
1483 3242 1685 3309 gratus
1711 3237 1848 3309 agit.
2133 3291 2172 3313 η

1813 3242 1848 3292 ι.
2133 3291 2172 3313 η
2285 3239 2434 3291 ’Ὀττι
2473 3237 2565 3309 μὲν
2596 3237 2670 3299 ὡς
2702 3239 2905 3312 Ἑρμῆν
2941 3237 3067 3313 ἔσχε
3099 3259 3153 3292 σε
3186 3238 3465 3295 Δύσόνιον.

451 3333 598 3389 Nam
630 3346 763 3385 cum
787 3327 1109 3384 barbaricis
1140 3327 1280 3382 olim
1313 3326 1652 3398 graderetur
1683 3325 1740 3380 in
1773 3324 1944 3393 arvis,

2131 3321 2172 3359 υ
2213 3327 2297 3380 Ἐν
2327 3327 2536 3402 χώραις
2568 3324 2843 3402 πρόπαλαι
2875 3327 2973 3402 γὰρ
3009 3325 3192 3400 ἐνῴκει
3228 3321 3691 3406 βαρϐαροφώνοις,

522 3422 658 3477 Arte
687 3423 788 3474 tua
800 3419 926 3490 jam
959 3432 1114 3473 nunc
1146 3431 1326 3489 regna
1356 3415 1560 3470 Latina
1590 3419 1768 3470 tenet.

2284 3419 2390 3469 Νῦν
2420 3413 2476 3471 δὲ
2505 3412 2621 3491 ἔχει
2654 3414 2742 3471 διὰ
2772 3420 2867 3471 σοῦ
2899 3418 3096 3486 σκήνεα
3125 3417 3423 3490 Ῥωμαϊκά.

452 3583 704 3646 Joannis
765 3577 1064 3646 Chatardi
1107 3578 1515 3659 Aquipersani
1565 3574 1648 3637 ad
1693 3575 2070 3659 Megaenafem
2133 3596 2303 3638 suum
2361 3577 2441 3638 Β.
2499 3578 2782 3639 Jacobum
2834 3578 3103 3650 Billium,
3163 3578 3381 3640 Sancti
3429 3577 3726 3659 Micizaelis
3783 3581 3844 3638 in

535 3664 761 3805 Egemo
830 3659 1112 3724 Abbatem
1155 3655 1614 3732 ornatissimum,
1665 3665 1720 3718 et
1769 3656 1850 3718 Β.
1914 3655 2195 3738 Gregorii
2247 3661 2507 3740 episcopi
2555 3659 2932 3720 Nazianzeni
2997 3660 3369 3741 interpretem
3422 3658 3849 3740 ﬁdelissimum,

531 3764 600 3827 ep
625 3761 923 3826 gramma.

451 3894 524 3951 Ut
551 3893 746 3949 Tobiae
769 3891 956 3948 lucem
989 3889 1218 3947 soboles
1242 3888 1523 3961 perchara
1555 3889 1782 3960 parenti
2208 3891 2314 3946 Sed
2344 3895 2403 3946 tu
2433 3895 2707 3963 praeterea
2736 3906 2935 3946 vocem
2967 3905 3104 3946 cum
3137 3891 3360 3946 lumine
3391 3889 3608 3961 reddis,

524 3981 799 4039 Restituit.
820 3981 884 4049 7°,
909 3980 991 4036 sic
1017 3984 1080 4034 tu
1112 3979 1340 4034 lumina
1373 3978 1668 4049 Gregorio.
2283 3979 2354 4034 Ut
2380 3981 2549 4035 modo
2583 3996 2715 4035 cum
2747 3979 2961 4036 Graecis
2992 3980 3166 4036 verba
3197 3980 3396 4036 Latina
3427 3983 3612 4035 sonet.

450 4072 555 4129 Ille
587 4071 820 4143 quidem
857 4069 1038 4142 patris
1069 4085 1135 4125 ex
1167 4067 1352 4124 oculis
1385 4067 1631 4140 caligine
1664 4066 1856 4139 pulsa,
2209 4067 2303 4123 Sic
2335 4085 2436 4139 per
2467 4074 2520 4123 te
2552 4068 2847 4140 (praeclara
2867 4071 2984 4124 duo
3009 4069 3309 4136 miracula)
3333 4085 3515 4139 nuper

521 4161 609 4214 Tu
639 4175 770 4215 vero
801 4175 834 4213 a
855 4163 973 4214 toto
1004 4175 1242 4229 corpore
1281 4157 1562 4229 Gregorii.
2280 4162 2473 4212 Caecus
2502 4163 2559 4212 et
2588 4158 2839 4230 elinguis
2871 4174 3024 4212 nunc
3054 4158 3230 4226 videt,
3263 4163 3319 4212 et
3349 4157 3626 4228 loquitur.

451 4247 624 4302 Illum
659 4264 796 4303 nam
828 4246 1002 4301 veluti
1039 4247 1184 4302 foede
1209 4252 1453 4303 cacarat
1483 4246 1755 4315 hirundo,
2207 4246 2311 4301 Vis
2345 4249 2590 4302 referam
2611 4249 2802 4318 majus
2825 4247 2852 4301 ?
2884 4247 3170 4317 Totojam
3215 4246 3394 4317 fulget
3439 4247 3498 4300 in
3545 4245 3704 4313 orbe,

523 4335 687 4391 Hunc
717 4335 798 4390 ita
827 4335 1175 4390 mendorum
1205 4336 1392 4392 versio
1432 4333 1604 4406 plena
1637 4335 1812 4406 prior.
2280 4335 2387 4400 Qui
2415 4336 2572 4392 velut
2603 4337 2661 4391 in
2689 4337 2944 4392 tenebris
2966 4342 3098 4392 ante
3124 4335 3386 4407 sepultus
3416 4340 3558 4391 erat.

1604 4503 1894 4584 Ejusdem
1943 4505 2238 4568 (.‘hatardi
2279 4507 2360 4568 ad
2390 4507 2682 4570 lectorem.

447 4639 787 4713 Squallidus
806 4639 865 4694 in
900 4653 1048 4694 caeco
1069 4637 1360 4708 Josephus
1386 4652 1634 4701 carcere,
1668 4637 1884 4709 dignus
2126 4641 2173 4704 D
2279 4641 2502 4712 Dignus
2533 4642 2632 4712 qui
2654 4641 2855 4696 volitet
2885 4644 3095 4695 cuncta
3127 4655 3228 4711 per
3258 4655 3358 4694 ora
3386 4637 3592 4695 virum.

517 4729 626 4785 Vix
654 4734 778 4786 erat
807 4733 1044 4800 aspectu
1079 4727 1252 4799 regis,
1285 4731 1342 4782 et
1373 4725 1647 4798 alloquio.
2205 4729 2428 4795 Billius,
2461 4730 2635 4802 idque
2656 4729 2844 4786 libens
2876 4744 3088 4801 magno
3120 4728 3331 4782 sudore
3361 4726 3578 4798 peregit

451 4819 588 4875 Inde
613 4819 712 4873 sed
744 4818 1012 4882 eductus,
1052 4816 1201 4871 foado
1231 4815 1524 4887 squallore
1555 4820 1796 4882 remoto,
2275 4819 2458 4884 Unus,
2493 4819 2646 4891 quod
2675 4817 2843 4874 multi
2868 4834 2980 4873 non
3007 4821 3243 4889 potuere
3273 4816 3471 4871 simul.

518 4906 803 4977 Principis
833 4909 890 4960 et
920 4903 1117 4976 populi
1156 4903 1368 4974 dignus
1390 4920 1586 4959 amore
1610 4903 1734 4958 fuit.
2203 4907 2484 4963 Praestitis
2514 4907 2604 4962 hic.
2637 4906 2800 4962 labor
2831 4912 2937 4972 est,
2975 4922 3088 4977 quo
3136 4922 3250 4961 non
3283 4902 3649 4976 praestantior
3681 4902 3853 4974 alter,

447 4996 538 5052 Sic
571 5011 802 5067 quoque
842 4993 1156 5065 Gregorius
1183 4994 1324 5048 dum
1356 4993 1628 5049 sordidus
1661 4998 1793 5050 aute
1818 4995 2038 5065 jaceret
2272 4997 2591 5068 Pluresque
2624 4996 2840 5068 ingenii
2871 4995 2969 5067 qui
3003 4995 3101 5049 libi
3133 4998 3319 5050 servet
3349 5011 3526 5065 opes:

517 5083 777 5149 Obsitus,
799 5083 1081 5156 indignus
1112 5082 1209 5152 qui
1240 5082 1549 5155 legeretur.
1581 5089 1725 5139 erat.
2201 5087 2280 5141 Ex
2313 5085 2404 5140 his
2435 5101 2582 5156 quas
2613 5084 2779 5139 facile
2815 5083 3031 5139 fulvum
3064 5083 3220 5138 velut
3241 5099 3434 5155 ungue
3465 5082 3691 5137 leonem

445 5172 617 5229 Nulla
646 5174 862 5229 etenim
895 5173 1171 5244 gravibus
1201 5171 1356 5227 vitiis
1390 5172 1616 5245 pagella
1649 5173 1878 5228 carebat
2271 5172 2572 5236 Peimitiis.
2605 5172 2786 5229 lector
2805 5173 3069 5238 candide,
3104 5188 3275 5227 nosse
3305 5175 3484 5243 potes.

513 5263 581 5317 Et
601 5263 726 5318 sine
761 5268 952 5318 mente
984 5278 1194 5317 sonum
1229 5261 1461 5333 singula
1491 5263 1667 5317 verba
1695 5262 1934 5317 dabant.
2198 5261 2395 5317 Nescit
2419 5269 2476 5317 et
2506 5263 2829 5318 exstinctus
2855 5262 3034 5331 (dictu
3067 5260 3350 5330 mirabile)
3383 5257 3614 5330 presul,

437 5354 542 5407 Ast
572 5351 674 5407 tibi
708 5368 888 5423 purus
919 5351 1104 5418 adest,
1137 5355 1190 5405 et
1221 5352 1424 5421 quovis
1457 5351 1655 5423 purior
1675 5368 1838 5421 auro,
2269 5350 2539 5406 Przesulis
2571 5351 2810 5405 alterius
2837 5351 2957 5418 jam
2990 5349 3280 5404 redivivus
3312 5365 3435 5418 ope.

511 5438 582 5496 Ut
613 5440 867 5511 primum
896 5439 1143 5495 accessit
1176 5439 1395 5495 Biblica
1427 5440 1596 5495 docta
1631 5457 1861 5495 manus.
2197 5442 2385 5510 Atque
2417 5441 2499 5494 ita
2525 5440 2624 5511 qui
2658 5439 2813 5494 clara
2849 5438 3087 5494 florebat
3120 5439 3175 5492 in
3219 5437 3454 5492 Hellade
3483 5440 3738 5503 tantum,

439 5529 604 5587 Nunc
637 5528 821 5585 oculis
851 5545 1078 5602 regum,
1132 5545 1285 5586 nunc
1316 5545 1549 5588 summo
1581 5529 1797 5601 dignus
1845 5527 2084 5599 honore,
2267 5528 2430 5584 Nunc
2462 5529 2640 5586 etiam
2676 5534 2792 5586 tota
2822 5527 2985 5583 ﬂoret
3016 5526 3074 5582 in
3104 5525 3380 5583 Ausonia.

510 5716 556 5796 τ’
583 5711 727 5774 Tob.
759 5725 838 5785 ιι,
874 5708 1058 5779 13-15,
