4184 6202
289 387 388 448 333

1369 381 1638 443 JACOBI
1686 381 1915 443 BILLII
1961 382 2555 448 PRJEFATIONES.

3535 396 3655 457 334

1084 523 3639 551 mm

905 672 1256 734 JACOBUS
1301 672 1639 748 BILLIUS,
1687 671 1942 732 ABBAS
1987 673 2052 732 s.
2102 674 2520 736 MlCHAELlS
2564 677 2640 736 IN
2688 680 2983 753 nemo,

1729 839 1824 886 PIO
1864 839 2150 886 LBCTORIS

336 1114 406 1168 l-‘In
433 1112 626 1178 habes,
665 1110 756 1183 pie
789 1111 1010 1181 Lector,
1058 1110 1337 1166 eximium
1370 1109 1536 1164 illum
1581 1108 1891 1164 Orientalis
1922 1110 1976 1176 Α
2006 1110 2394 1181 lnterpretum
2426 1113 3076 1188 translationem,cujus
3107 1122 3230 1175 tum
3255 1123 3372 1176 toto
3405 1121 3540 1179 orbe
3558 1140 3650 1180 sa-

278 1200 516 1258 Ecclesia
540 1202 836 1255 doctorem
871 1201 1213 1273 Gregorium
1271 1217 1303 1254 a
1357 1200 1526 1254 nobis
1587 1197 1897 1253 Latinitate

276 1292 561 1346 donatum:
592 1306 660 1344 ex
682 1291 853 1360 cujus
878 1288 1124 1344 lectione
1153 1288 1376 1342 utinam
1407 1291 1635 1343 tantum
1670 1287 1897 1343 fructus

276 1380 361 1434 tibi
391 1396 584 1450 capere
616 1379 935 1450 contingat,
966 1383 1250 1449 quantum
1284 1376 1499 1432 laboris
1530 1392 1596 1432 ac
1618 1373 1896 1430 molestia

274 1469 364 1524 fuit
390 1470 550 1525 nobis
581 1469 638 1522 in
673 1485 736 1524 eo
760 1469 1034 1523 vertendo
1052 1467 1449 1522 subeundum.
1476 1465 1574 1521 Vix
1594 1466 1750 1520 enim
1773 1463 1895 1518 cui-

273 1575 424 1629 quam
453 1557 726 1613 credibile
741 1558 862 1611 t'utu
876 1575 1001 1611 rum
1018 1560 1308 1627 est,quam
1325 1556 1567 1610 inivitus
1585 1555 1677 1609 hic
1697 1562 1900 1609 auctor

272 1650 401 1723 apud
431 1667 530 1704 nos
563 1649 991 1721 peregrinetur,
1027 1647 1138 1702 nisi
1195 1649 1292 1719 qui
1326 1648 1505 1718 hujus
1539 1647 1616 1701 rei
1669 1645 1897 1718 pericu-

270 1739 372 1794 lum
399 1739 747 1794 fecerit.Hoc
790 1755 918 1793 vero
971 1742 1024 1792 te
1055 1738 1411 1792 exorandum
1464 1735 1666 1801 habeo,
1701 1751 1769 1789 ne
1804 1751 1896 1790 me

270 1835 351 1884 aut
375 1829 542 1883 nimis
574 1827 778 1899 supini
811 1827 1124 1898 cujusdam
1158 1826 1255 1882 otii
1279 1827 1601 1881 notandum
1635 1841 1892 1889 censeas,

271 1918 352 1989 qui
379 1918 524 1972 velut
555 1935 681 1972 rem
707 1923 918 1988 actam,
955 1922 1018 1972 ut
1048 1916 1157 1971 dici
1192 1915 1357 1987 solet,
1382 1933 1492 1970 non
1526 1915 1651 1969 sine
1685 1929 1894 1985 magno

267 2008 518 2079 temporis
549 2007 864 2080 dispendio
896 2023 1101 2062 rursus
1124 2006 1340 2077 egerim
1367 2031 1380 2073 ;
1413 2008 1511 2058 aut
1533 2021 1736 2075 parum
1756 2021 1896 2057 can-

268 2097 367 2152 didi
399 2097 573 2152 animi
605 2114 738 2153 esse
761 2096 1014 2167 judices,
1041 2097 1137 2167 qui
1171 2096 1230 2150 in
1263 2094 1491 2150 labores
1537 2094 1780 2149 aliorum
1816 2093 1898 2147 in-

268 2187 523 2254 troierim,
557 2186 828 2259 ipsisque
861 2186 1078 2240 merita
1109 2185 1301 2241 laudis
1333 2188 1743 2256 argumentum
1787 2182 1895 2236 eri-

268 2291 382 2346 pere
412 2278 518 2331 sim
556 2280 827 2331 conatus.
862 2275 1120 2339 Quorum
1151 2279 1465 2345 utrumque
1496 2271 1724 2338 facile,a
1751 2275 1899 2341 te,ut

267 2366 465 2435 opinor.
497 2366 796 2435 obtinebo,
826 2364 874 2419 si
922 2365 1094 2419 modo
1125 2369 1354 2418 tantum
1394 2362 1501 2418 tibi
1555 2380 1588 2417 a
1620 2361 1896 2434 graviori-

264 2453 357 2508 bus
387 2458 499 2509 tuis
530 2454 750 2510 studiis
781 2453 881 2508 otii
915 2453 1110 2518 luerit,
1146 2457 1211 2507 ut
1243 2469 1468 2519 eorum,
1510 2451 1609 2522 qui
1643 2456 1773 2505 ante
1793 2467 1898 2549 .me
1933 2487 1974 2549 Β

265 2543 310 2596 in
338 2543 438 2598 hoc
472 2545 709 2616 negotio
741 2542 949 2597 versati
975 2540 1595 2608 sunt,translationem
1628 2556 1763 2595 cum
1792 2539 1898 2594 hac

266 2638 456 2701 nostra,
487 2639 540 2688 et
572 2638 887 2702 utramque
918 2631 988 2685 ad
1012 2629 1304 2701 exemplar
1326 2635 1898 2698 Gracum,tanquam

265 2723 319 2774 ad
351 2721 585 2793 Lydium
625 2721 903 2791 lapidem,
930 2719 1227 2790 explorare
1248 2723 1428 2773 vacet.
1464 2719 1625 2782 Quod
1660 2717 1707 2772 si
1749 2719 1898 2772 tece-

263 2810 347 2880 ris,
368 2828 474 2866 non
500 2811 782 2883 equidem
833 2809 1058 2874 dubito,
1117 2809 1259 2879 quin
1293 2808 1373 2862 ita
1421 2808 1502 2862 sis
1531 2807 1897 2862 existimatu-

263 2916 364 2967 rus,
395 2900 657 2956 laborem
691 2899 844 2953 hunc
877 2902 1143 2953 nostrum
1173 2915 1287 2952 non
1313 2898 1484 2952 modo
1517 2914 1630 2952 non
1664 2896 1897 2951 inanem

264 3003 316 3041 ac.
340 3004 856 3059 supervacaneum,
900 2988 1000 3042 sed
1043 2987 1216 3041 etiam
1267 3003 1444 3057 prope
1501 2985 1896 3041 necessarium

264 3077 438 3132 fuisse.
463 3077 780 3133 Neminem
817 3075 1092 3142 insector,
1138 3074 1358 3129 nullius
1416 3078 1605 3128 errata
1636 3074 1896 3129 traduco.

265 3166 556 3221 Barbarum
591 3170 689 3221 est
720 3164 1067 3236 sugillandis
1082 3163 1330 3218 aliorum
1354 3163 1653 3218 laboribus
1677 3163 1897 3235 ingenii

265 3255 637 3326 doctrinaeque
656 3253 890 3309 laudem
911 3252 1210 3325 aucupari.
1228 3252 1700 3318 Monstrum,non
1717 3252 1900 3306 homi-

265 3358 377 3398 nem
403 3361 527 3399 esse
557 3348 784 3409 statuo,
805 3344 906 3413 qui
941 3341 1052 3413 piis
1069 3341 1312 3396 aliorum
1337 3342 1641 3397 conatibus
1665 3340 1901 3396 studiis-

266 3449 357 3503 que
382 3451 490 3489 non
543 3435 762 3496 favere,
814 3431 915 3488 sed
974 3431 1296 3487 obtrectare
1355 3431 1531 3502 cupit,
1577 3447 1897 3502 eorumque

265 3519 438 3591 lapsus
471 3521 791 3578 crudeliter
846 3522 1037 3593 potius
1096 3522 1362 3593 detegere
1418 3525 1591 3592 atque
1632 3521 1896 3577 omnium

265 3611 422 3667 oculis
453 3628 744 3684 exponere
793 3615 1058 3678 conatur,
1117 3627 1293 3682 quam
1326 3610 1574 3664 fraterne
1610 3609 1896 3676 obvelare,

264 3701 335 3755 vel
362 3702 561 3758 saltem
597 3701 1019 3758 excusare.Sed
1065 3704 1124 3754 ut
1151 3700 1434 3755 nefarium
1469 3701 1524 3754 in
1558 3701 1766 3771 primis
1800 3700 1898 3755 ha-

265 3789 491 3846 bendum
521 3798 636 3858 est,
675 3807 740 3844 ex
771 3789 1094 3844 alienarum
1134 3788 1609 3843 lucubrationum
1643 3790 1891 3845 insecta-

2007 1204 2310 1255 crosancta
2339 1206 2462 1256 erat
2506 1204 2844 1275 auctoritas,
2900 1207 3161 1278 Aquilam
3194 1209 3366 1264 etiam
3399 1215 3455 1266 et
3482 1212 3651 1285 Sym-

2008 1288 2280 1343 machum
2315 1295 2370 1344 et
2398 1291 2850 1350 Theodotionem
2885 1296 3229 1369 plerumque
3251 1299 3651 1358 consulerent:

2007 1379 2070 1430 ut
2101 1376 2148 1432 si
2181 1378 2317 1449 quid
2343 1379 2485 1451 ipsis
2517 1381 3142 1456 caliginisoboriretur,
3179 1386 3515 1460 bujusmodi
3543 1389 3654 1447 col-

2006 1464 2220 1521 latione
2253 1467 2462 1524 discuti
2496 1476 2712 1542 posset.

2078 1555 2238 1618 Quod
2272 1557 2507 1627 quidem
2542 1561 2610 1614 ad
2647 1578 2736 1617 me
2768 1564 2992 1632 attinet,
3039 1566 3201 1636 potui
3251 1566 3361 1622 hoc
3393 1571 3652 1640 tempus,

2007 1645 2160 1715 quod
2196 1647 2560 1718 Gregoriana
2591 1652 2840 1707 versioni
2872 1655 3074 1710 datum
3131 1661 3241 1722 est,
3284 1657 3455 1730 longe
3484 1675 3660 1715 ama-

2006 1732 2270 1788 nioribus
2296 1736 3020 1810 mihiquejucundioribus
3053 1745 3263 1801 studiis
3285 1745 3656 1817 impendere:

2006 1822 2104 1877 sed
2137 1827 2527 1895 quorumdam
2575 1830 2818 1886 consilio
2871 1838 3046 1905 atque
3095 1833 3425 1891 auctoritati
3457 1838 3660 1893 ceden-

2006 1909 2143 1965 dum
2177 1913 2396 1983 putavi,
2437 1915 2535 1985 qui
2569 1916 2906 1975 doctissimo
2937 1921 3174 1991 quidem
3207 1922 3348 1988 viro,
3382 1930 3656 1980 caeterum

2006 2000 2156 2069 apud
2189 2001 2426 2058 Latinos
2460 2004 2653 2074 nimis,
2689 2014 2754 2062 ut
2784 2009 3037 2080 aiebant,
3055 2013 3322 2080 obscuro,
3344 2015 3657 2086 suique,ut

2006 2088 2392 2161 Hieronymus
2418 2091 2697 2164 loquitur,
2732 2097 2972 2170 dispari,
3007 2099 3154 2155 lucis
3193 2103 3417 2173 aliquid
3450 2120 3516 2158 ex
3546 2104 3655 2160 hac

2009 2183 2207 2233 nostra
2237 2181 2603 2239 traductione
2655 2201 3028 2243 accessurum
3061 2190 3204 2245 mihi
3237 2196 3390 2247 certo
3419 2191 3653 2264 pollice-

2007 2267 2238 2322 bantur.
2272 2273 2433 2326 Hanc
2467 2272 2660 2344 itaque
2683 2276 3040 2345 provinciam
3072 2281 3654 2352 suscepi,quamuti-

2006 2355 2116 2411 lem
2152 2358 2368 2427 nescio,
2404 2361 2547 2415 mihi
2578 2369 2732 2418 certe
2763 2366 2842 2420 ita
2873 2381 3106 2437 gravem
3141 2385 3206 2423 ac
3226 2369 3553 2437 molestam,
3591 2375 3656 2426 ut

2010 2444 2344 2501 inchoatum
2379 2467 2526 2520 opus
2560 2453 2905 2524 abrumpere
2949 2472 3014 2510 ac
3070 2457 3368 2528 perpetuis
3400 2460 3656 2515 tenebris

2008 2535 2288 2591 damnare
2321 2555 2432 2592 non
2467 2541 2645 2595 semel
2679 2543 3004 2614 cogitarim.
3037 2546 3199 2609 Quod
3233 2547 3282 2602 si
3311 2548 3458 2603 vires
3495 2565 3658 2605 meas

2010 2625 2185 2695 probe
2208 2627 2531 2698 exploratas
2562 2630 2925 2701 habuissem,
2957 2639 3131 2706 atque
3176 2643 3240 2690 ut
3281 2637 3564 2693 Dominus
3599 2638 3656 2693 in

2009 2714 2319 2786 Evangelio
2341 2718 2635 2785 admonet,
2661 2727 2933 2792 sumptus
2957 2725 3028 2778 ad
3051 2741 3172 2779 rem
3196 2726 3532 2796 hujusmodi
3560 2744 3655 2782 ne-

2008 2805 2294 2859 cessarios
2326 2814 2760 2879 computassem
2794 2813 2872 2879 9°;
2910 2813 2958 2867 si
2993 2831 3287 2869 summam
3325 2817 3518 2888 operis
3533 2817 3658 2871 difﬁ

2009 2893 2308 2962 cultatem,
2341 2899 2599 2968 corporis
2633 2900 2946 2971 plusquam
2983 2903 3656 2974 vitreamvaletudincm,

2009 2983 2401 3056 doctrinaque
2431 2987 2775 3043 tenuitatem
2807 2990 3003 3045 animo
3031 2993 3658 3064 perpendissem,nun~

2009 3088 2208 3142 quam,
2234 3074 2316 3128 ita
2349 3091 2439 3129 me
2471 3076 2624 3131 Deus
2655 3083 2829 3144 amet,
2863 3078 2998 3134 huic
3030 3083 3386 3138 traductioni
3413 3100 3656 3139 manum

2009 3161 2374 3231 adjecissem.
2444 3166 2551 3219 Sed
2608 3183 2742 3222 vera
2798 3173 2888 3223 est
2934 3169 3293 3242 Thucydidis
3343 3173 3656 3240 sententia,

2009 3249 2242 3322 ’Δμαθία
2275 3253 2488 3326 θράσος,
2524 3253 2550 3306 ὁ
2584 3253 2850 3328 λογισμὸς
2907 3253 2952 3309 δ’
2986 3252 3141 3312 ὄκνον
3205 3257 3372 3335 φέρει.
3405 3262 3518 3316 Nec
3551 3261 3654 3318 abs

2009 3357 2067 3394 re
2095 3339 2156 3393 τὸ
2189 3341 2361 3394 Γνῶθι
2405 3342 2642 3414 σεαυτόν,
2703 3346 2846 3400 tanti
2904 3347 2974 3402 ab
3024 3347 3251 3404 erudita
3308 3351 3658 3422 antiquitate

2010 3428 2223 3484 factum
2273 3435 2379 3498 est,
2414 3437 2479 3486 ut
2511 3433 2565 3486 id
2599 3449 2714 3488 non
2747 3435 2974 3489 mortali
3006 3437 3262 3508 cupiam,
3297 3438 3397 3494 sed
3430 3438 3566 3505 Deo,
3600 3443 3659 3494 et

2008 3518 2245 3572 deorum
2271 3519 2708 3591 sapientissimo
2731 3523 3169 3579 attribuendum
3191 3527 3557 3582 existimarit.
3581 3530 3659 3583 Ac

2009 3605 2150 3660 mihi
2175 3607 2326 3662 idem
2359 3626 2600 3679 prorsus
2631 3610 3134 3680 accidissesentio,
3167 3615 3323 3685 quod
3342 3616 3657 3687 navigandi

2006 3694 2393 3752 insolentibus
2448 3715 2547 3752 usu
2610 3700 2802 3755 venire
2832 3700 2979 3756 solet
3013 3726 3026 3768 ;
3060 3701 3160 3773 qui
3202 3702 3598 3759 allubescente
3629 3721 3660 3760 e

2007 3789 2160 3840 terra
2189 3786 2366 3840 maris
2381 3792 2615 3858 aspectu
2632 3789 2924 3844 miracum
2952 3791 3133 3845 animi
3149 3790 3441 3861 voluptate
3461 3792 3653 3849 navim

265 3879 398 3934 tione
426 3897 489 3935 ac
519 3854 904 3952 depressione
944 3894 1216 3942 crescere,
1278 3877 1616 3948 aditumque
1673 3879 1783 3933 sibi
1819 3879 1890 3934 ad
1924 3854 1966 3921 C
2006 3854 2575 3944 ingrediunturilati
2613 3877 2787 3930 etiam
2821 3882 2877 3932 et
2933 3876 3151 3933 alacres
3205 3854 3398 3934 littora
3430 3879 3652 3950 legunt,

264 3965 545 4024 hominum
583 3971 802 4023 famam
839 3967 1066 4021 munire
1126 3966 1268 4021 velle
1303 3983 1313 4020 :
1350 3969 1429 4020 ita
1480 3983 1610 4022 cum
1674 3966 1891 4038 publici

262 4058 527 4112 commodi
561 4074 744 4111 causa
775 4056 832 4110 id
867 4054 1143 4126 postulat,
1180 4055 1402 4110 nemini
1439 4056 1578 4111 vitio
1617 4057 1757 4110 verti
1792 4057 1892 4112 de-

263 4144 361 4210 bet,
399 4162 516 4200 rem
575 4147 650 4200 ab
681 4144 810 4198 aliis
870 4150 1177 4199 tractatam
1239 4148 1570 4209 retractare,
1630 4161 1696 4199 ac
1735 4145 1893 4200 velut

263 4235 355 4287 sub
386 4235 659 4290 incudem
707 4249 993 4287 revocare.
1026 4232 1213 4286 Nimis
1270 4232 1424 4286 enim
1479 4235 1734 4304 profecto
1779 4234 1892 4289 sibi

265 4329 471 4396 arrogat
494 4324 596 4396 qui
631 4321 985 4378 contumelia
1017 4338 1078 4377 se
1112 4321 1264 4377 afﬁci
1297 4327 1512 4390 censet,
1547 4323 1592 4377 si
1629 4323 1757 4396 quis
1806 4322 1891 4378 vel

265 4427 371 4481 qua
411 4414 534 4485 ipse
592 4410 913 4482 scripserit,
950 4410 1258 4466 emendare
1317 4427 1383 4465 ac
1438 4411 1742 4483 perpolire,
1805 4413 1894 4469 vel

264 4499 418 4555 etiam
445 4502 636 4555 eidem
675 4499 949 4566 materia,
984 4500 1032 4553 si
1057 4499 1113 4553 id
1154 4515 1184 4554 e
1242 4516 1302 4554 re
1333 4498 1613 4555 litteraria
1661 4501 1780 4557 fore
1810 4501 1891 4555 vi-

263 4588 465 4656 deatur,
508 4590 830 4645 secundam
867 4605 1107 4643 manum
1148 4587 1416 4644 admoliri
1448 4589 1689 4644 audeat:
1723 4591 1893 4646 modo

264 4676 372 4731 dua
393 4678 500 4732 illa
532 4677 843 4734 teterrima
903 4681 1094 4748 pestes
1133 4676 1332 4748 procul
1392 4681 1717 4747 arceantur,
1751 4678 1896 4735 livor

263 4770 311 4820 et
337 4767 690 4823 obtrectandi
725 4766 1008 4822 studium.
1044 4765 1206 4831 Quod
1232 4766 1438 4821 cumin
1472 4767 1630 4822 omni
1652 4769 1896 4840 scripto-

265 4871 380 4908 rum
403 4873 612 4928 genere
642 4855 925 4911 hactenus
956 4854 1185 4910 licuerit
1213 4856 1340 4924 (nec
1369 4856 1523 4910 enim
1564 4857 1690 4911 sine
1718 4874 1896 4913 causa

266 4943 577 5000 Graecorum
610 4945 911 5017 proverbio
944 4944 1176 5011 dicitur,
1212 4939 1458 5018 δευτέρας
1489 4941 1772 5020 φροντίδας
1803 4966 1894 4999 σο-

269 5032 489 5105 φωτέρας
518 5032 692 5106 εἶναι),
725 5040 852 5088 tum
899 5050 1030 5088 vero
1090 5034 1149 5088 in
1193 5034 1661 5090 traductionibus
1711 5035 1894 5092 multo

270 5121 464 5189 iustius
497 5124 928 5179 concedendum
961 5126 1050 5178 est
1083 5141 1095 5189 ;
1130 5140 1375 5192 quarum
1410 5124 1575 5194 copia
1608 5130 1782 5196 atque
1806 5127 1892 5180 di-

2003 3963 2192 4034 quoad
2225 3962 2282 4017 in
2322 3963 2507 4018 altum
2539 3965 2809 4035 pervecti,
2861 3967 3149 4022 subducta
3194 3967 3314 4036 jam
3361 3968 3521 4022 omni
3553 3969 3655 4026 illa

2002 4052 2356 4107 ammnitatis
2413 4054 2623 4124 specie,
2658 4053 2714 4107 in
2765 4056 3142 4126 gravissimos
3186 4055 3392 4127 capitis
3425 4056 3652 4113 dolores

2002 4142 2289 4206 incidunt,
2312 4158 2644 4212 nauseaque
2667 4144 2877 4199 misere
2893 4144 3254 4199 divexantur.
3274 4146 3354 4199 Ad
3375 4147 3648 4203 eumdem

2001 4231 2158 4284 enim
2190 4230 2314 4301 ipse
2343 4247 2574 4301 quoque
2607 4232 2846 4286 modum
2879 4232 2939 4287 in
2964 4232 3071 4288 hac
3102 4234 3485 4302 traductione,
3511 4251 3646 4290 cum

2002 4319 2177 4391 primi
2209 4319 2402 4374 aditus
2435 4319 2705 4376 facilitate
2736 4319 2967 4377 illectus
2998 4321 3651 4393 etinescatus,juvenili

2003 4409 2254 4480 quodam
2289 4408 2467 4463 animi
2502 4410 2706 4465 ardore
2741 4425 2806 4466 ac
2829 4411 3109 4483 pracipiti
3139 4411 3357 4484 impetu
3391 4413 3650 4468 stadium

2004 4514 2186 4552 unum
2220 4502 2391 4569 atque
2417 4497 2664 4552 alterum
2699 4515 2975 4555 emensus
3006 4501 3251 4555 fuissem
3274 4500 3385 4557 :ita
3415 4506 3650 4573 repente

2002 4587 2228 4642 lubrica
2258 4587 2456 4642 omnia
2478 4603 2863 4659 gressumque
2915 4588 3195 4657 fallentia,
3255 4590 3337 4645 ita
3366 4606 3573 4662 aspera
3598 4593 3655 4646 et

2003 4677 2301 4734 salebrosa
2329 4675 2534 4747 reperi,
2569 4681 2632 4731 ut
2651 4694 2754 4732 nec
2769 4679 2992 4749 regredi
3018 4678 3144 4750 jam
3161 4696 3273 4750 pra
3296 4680 3650 4752 pudore,neo

2005 4766 2272 4838 progredi
2307 4765 2432 4821 sine
2463 4765 2722 4836 periculo
2757 4783 3009 4836 possem.
3041 4768 3293 4823 Tantum
3348 4769 3406 4823 in
3453 4785 3545 4824 me
3576 4773 3652 4824 te-

2005 4855 2244 4910 meritas
2277 4853 2476 4918 valuit,
2502 4872 2628 4925 qua
2653 4873 2766 4910 non
2791 4857 2988 4911 minus
3021 4873 3197 4927 quam
3229 4857 3651 4929 ebrietas,spes

1994 4945 2166 5015 jubet
2188 4960 2314 4998 esse
2345 4947 2519 5010 ratas,
2576 4943 2633 4998 in
2672 4943 2871 5015 pralia
2924 4944 3110 5000 trudit
3138 4945 3454 5000 inermeml
3492 4947 3648 5001 Iner-

2006 5051 2159 5088 mem
2197 5033 2361 5104 plane
2399 5049 2492 5087 me
2550 5049 2676 5087 esse
2727 5034 2928 5104 fateor,
2978 5035 3130 5105 quod
3191 5034 3426 5106 quidem
3477 5035 3545 5090 ad
3594 5035 3652 5091 id

2005 5124 2230 5190 attinet,
2268 5127 2329 5176 ut
2358 5139 2488 5176 cum
2540 5127 2700 5181 tanto
2741 5123 2950 5177 Milone
3007 5129 3262 5194 quantus
3321 5129 3409 5179 est
3459 5130 3656 5180 noster

269 5211 513 5275 versitas,
549 5217 613 5266 ut
648 5211 790 5266 nihil
823 5213 979 5266 aliud
1028 5211 1295 5266 utilitatis
1348 5213 1554 5283 pariat;
1608 5213 1714 5267 hoc
1747 5219 1899 5270 certe
1927 5223 1974 5288 D
2005 5211 2312 5283 Gregorius
2338 5211 2619 5266 facundia
2653 5213 2966 5267 certamine
2989 5213 3268 5267 dimicare
3299 5213 3656 5284 queam,exi-

272 5301 536 5354 commodi
565 5301 746 5367 affert,
782 5302 935 5373 quod
968 5317 1034 5355 ex
1066 5301 1320 5372 plurium
1354 5301 1737 5372 interpretum
1781 5305 1896 5358 col-

273 5385 462 5444 latione
484 5391 738 5446 auctoris
769 5391 1058 5445 sententia
1101 5389 1312 5445 clarius
1347 5389 1640 5445 elucescit.
1696 5392 1786 5446 Sic
1816 5392 1899 5446 vi-

275 5473 457 5531 demus
490 5496 522 5531 a
553 5479 761 5550 priscis
797 5478 914 5533 illis
973 5478 1237 5534 Ecclesia
1288 5479 1622 5534 doctoribus
1653 5478 1900 5537 libenter

275 5560 581 5622 factitatum
610 5573 827 5639 esse,ut
849 5572 1058 5640 prater
1080 5567 1504 5624 nobilemillam
1523 5570 1896 5643 septuaginta

334 5714 373 5751 ⁸ο
403 5717 534 5774 Luc.
569 5735 680 5794 xxv,
709 5719 798 5774 28.

2008 5301 2274 5372 miasque
2302 5300 2491 5368 ipsius
2523 5300 2684 5354 dotes
2706 5300 2907 5355 Latina
2933 5300 3192 5356 oratione
3218 5307 3653 5373 repraesentare.

2007 5393 2195 5461 Atque
2225 5389 2381 5444 haud
2414 5387 2531 5443 scio
2564 5405 2635 5442 an
2669 5391 2982 5460 quisquam
3017 5390 3091 5444 sit
3119 5393 3284 5445 tanta
3311 5390 3537 5446 dicendi
3572 5391 3654 5446 fa-

2007 5480 2222 5535 cultate
2251 5495 2317 5534 ac
2347 5477 2652 5533 verborum
2676 5477 2840 5549 copia
2868 5478 3274 5550 praditus,qui
3304 5484 3422 5534 tam
3448 5479 3655 5534 uberes

2006 5575 2062 5625 et
2093 5570 2357 5641 profusas
2389 5566 2729 5638 eloquentia
2760 5583 2900 5640 opes
2920 5567 3052 5624 itas
3081 5568 3300 5624 Gracia
3329 5568 3387 5623 in
3425 5568 3652 5626 Latium
