4184 6202
445 391 560 451 335

1563 377 1826 440 JACOBl
1877 375 2106 436 BILLII
2154 372 2620 434 PRJEFATION
2630 372 2743 434 ES.

3735 371 3850 434 336

447 525 744 593 asportare
775 515 978 590 possit,
1010 520 1073 570 ut
1104 530 1216 569 non
1244 513 1529 567 mundum
1553 507 2089 582 illisgratiaapretii-
2120 509 2171 573 Α
2205 509 2334 561 ctus
2349 504 3000 576 sum,permultaeaque
3023 504 3477 577 castigatissima
3502 505 3857 577 exemplaria

445 628 558 682 que
588 628 656 664 ex
677 607 1012 677 hujusmodi
1033 601 2092 670 transvectionedecedat,cogaturque

439 699 676 754 tandem
711 697 817 751 hoc
833 693 1068 750 Homeri
1103 709 1270 747 versu
1307 691 1414 759 uti,

613 830 898 899 Δυστήνων
933 824 990 882 δὲ
1025 846 1082 880 τε
1119 821 1308 885 παῖδες
1353 823 1424 895 ἐῷ
1458 823 1605 896 μένει
1635 820 1911 876 ἀντιόωσι.

508 966 652 1022 Nam
685 981 820 1021 eum
855 963 1016 1019 nulla
1047 962 1248 1034 lingua
1277 965 1397 1016 tam
1445 959 1615 1030 inops
1672 963 1846 1028 atque
1883 956 2092 1025 jejuna

440 1057 517 1112 sit
547 1056 688 1128 quin
722 1052 1046 1126 permultas
1102 1066 1270 1106 voces
1324 1048 1554 1117 habeat,
1614 1063 1741 1118 quae
1796 1045 1854 1098 in
1915 1043 2090 1098 aliam

439 1145 703 1216 linguam
761 1145 885 1200 sine
944 1139 1188 1196 molesto
1244 1139 1546 1194 verborum
1610 1132 1855 1190 circuitu
1912 1137 2091 1203 atque

439 1233 743 1305 elegantiae
769 1230 1074 1302 dispendio
1106 1226 1408 1283 transferri
1467 1227 1778 1296 nequeant,
1812 1222 1952 1292 quid
1998 1221 2092 1275 hic

442 1341 575 1378 cum
630 1340 697 1377 eo
755 1326 991 1376 auctore
1039 1319 1323 1389 interpres
1371 1315 1560 1384 faciet,
1621 1313 1721 1385 qui
1779 1312 1837 1366 in
1897 1310 2089 1381 ecpio-

438 1411 677 1467 sissima
705 1409 908 1466 acsine
938 1408 1113 1462 dubio
1137 1399 2093 1473 omniumlocupletissimalingua

437 1502 747 1556 verborum
771 1497 1032 1569 argutias
1052 1496 1440 1564 undecunque
1453 1495 1647 1563 captat
1667 1508 1679 1545 ;
1698 1494 1912 1561 utquot
1933 1488 2090 1559 ejus-

438 1588 597 1644 modi
629 1604 796 1642 voces
827 1584 1074 1641 orationi
1107 1583 1440 1656 asperserit,
1475 1585 1560 1635 tot
1599 1596 1744 1651 pene
1777 1594 1977 1633 cruces
2011 1577 2092 1631 in-

437 1682 490 1733 te
507 1676 681 1748 rpreti
701 1676 894 1731 ﬁxisse
915 1675 1200 1729 videatur.

506 1766 654 1831 Quid
672 1765 742 1820 de
768 1763 1006 1837 prolixis
1023 1763 1140 1817 illis
1168 1761 1420 1832 periodis
1435 1759 1649 1828 dicam,
1672 1774 1794 1826 quae
1815 1761 1878 1811 ut
1896 1758 2090 1810 Grmco

437 1854 691 1911 sermoni
725 1854 795 1908 ob
829 1852 1208 1908 connectendi
1238 1849 1574 1904 facilitatem
1608 1864 1720 1901 non
1747 1861 1952 1916 parum
1967 1861 2090 1913 gra-
2122 1879 2169 1943 Β

436 1945 530 1998 tia:
555 1949 728 2015 atque
760 1941 1087 1997 ornamenti
1111 1941 1380 2004 afferunt,
1443 1938 1523 1991 ita
1558 1953 1689 1990 cum
1725 1937 1926 1989 Latine
1957 1934 2090 1987 effe-

439 2039 668 2100 runtur,
705 2031 954 2086 nimium
986 2031 1084 2084 diu
1109 2023 2087 2099 suspensumlectorisanimumte-

439 2127 711 2188 nent,nec
737 2121 864 2174 sine
894 2119 1144 2188 quodam
1177 2115 1413 2172 fastidio
1446 2110 2091 2169 transmittuntur.Jam

437 2226 572 2265 vero
603 2207 958 2263 brevissima»
990 2205 1105 2261 illae
1133 2203 1446 2260 allusiones
1480 2219 1606 2273 quae
1638 2205 1758 2256 toto
1780 2216 1952 2271 opere
1984 2216 2090 2252 un-

442 2298 619 2368 dique
652 2313 865 2368 sparsaa
899 2301 1057 2359 sunt,
1100 2310 1274 2365 quam
1309 2297 1694 2348 attentumac
1726 2289 2090 2361 diligentem,

443 2403 620 2457 quam
658 2403 770 2440 non
796 2385 969 2439 modo
1001 2382 1198 2437 multa:
1231 2381 1518 2446 lectionis,
1550 2380 1651 2434 sed
1685 2379 1858 2434 etiam
1885 2377 2088 2446 felicis,

444 2476 752 2546 cujusdam
787 2472 1076 2529 memoria:
1125 2472 1499 2542 interpretem
1535 2467 1860 2540 requirunt,
1894 2472 2094 2537 utpote

445 2581 571 2637 qum
604 2565 688 2619 vel
725 2564 1000 2636 ignoratae
1034 2561 1119 2616 vel
1152 2559 1458 2631 neglectim
1492 2564 1868 2623 transcursa,
1900 2561 2093 2611 tantas

443 2669 867 2724 nonnunquam
902 2647 1837 2722 interpretitenebrasoﬂ‘undunt,
1871 2645 2095 2716 utpsit-

441 2743 552 2797 taci
588 2757 745 2796 more
777 2741 916 2811 quid
945 2739 1221 2810 loquatur
1242 2738 1649 2807 nesciatatque
1682 2734 2094 2790 utJobiverbis

441 2837 598 2894 utar,
630 2827 822 2888 ἄλλοις
850 2830 1090 2902 νήχηται
1124 2824 1342 2900 λόγοις,
1374 2842 1552 2896 seque
1602 2825 1759 2879 velut
1813 2825 1870 2878 in
1904 2824 2092 2878 alieno

449 2919 590 2975 cmlo
619 2935 746 2974 esse
788 2918 1103 2973 arbitretur
1133 2921 1155 2972 Ξ)
1187 2917 1263 2970 Ex
1297 2931 1412 2986 quo
1431 2913 1576 2969 satis
1607 2917 1847 2984 apparet
1879 2913 2094 2984 quibus

445 3007 734 3081 praisidiis
766 3007 1117 3062 instructum
1137 3021 1268 3059 eum
1293 3021 1420 3059 esse
1449 3006 1731 3074 oporteat,
1766 3001 1867 3072 qui
1899 3002 1955 3055 in
1985 3000 2095 3055 hu-

442 3096 707 3168 jusmodi
731 3095 963 3166 scriptis
986 3092 1714 3164 transt'erendisspecimen
1734 3090 1822 3145 sui
1845 3091 2097 3161 praebere

448 3186 628 3257 cupit.
682 3190 804 3239 Huc
863 3183 1111 3248 accedit,
1150 3183 1303 3252 quod
1367 3183 1718 3252 peculiarem
1779 3180 2096 3250 quamdam

2203 596 2261 649 in
2305 593 2716 648 illustrissimas
2775 596 2987 665 regina:
3039 595 3390 650 bibliotheca
3420 612 3566 664 esse,
3601 612 3854 666 quorum

2199 701 2307 754 ope
2330 688 2504 754 atque
2535 684 2875 752 adjumento
2900 684 3327 739 insanabilibus
3351 683 3566 754 alioqui
3600 684 3854 739 vulneri-

2200 773 2311 826 bus
2347 772 2697 827 medicinam
2731 773 2934 827 afferre
2966 790 3220 844 possem.
3265 775 3386 838 Quo
3421 774 3626 828 nuntio
3677 790 3855 845 supra

2201 878 2376 932 quam
2409 861 2521 915 dici
2555 866 2728 931 queat
2750 861 3092 931 oblectatus,
3122 880 3222 934 per
3243 862 3648 917 doctissimum
3680 868 3854 933 atque

2199 950 2698 1005 humanissimum
2715 950 2905 1004 virum
2941 951 3294 1006 Ludovicum
3315 953 3850 1022 Ruszeum,regium

2201 1039 2614 1109 confessorem,
2651 1039 2805 1093 haud
2842 1056 3052 1111 magno
3084 1041 3314 1111 negotio
3371 1058 3404 1095 a
3434 1041 3636 1112 regina
3668 1041 3851 1112 impe-

2199 1127 2365 1198 travi,
2399 1132 2462 1182 ut
2493 1127 2636 1182 mihi
2667 1127 2860 1183 liceret
2893 1129 3148 1184 codicem
3188 1145 3369 1184 unum
3394 1131 3522 1201 (nec
3553 1129 3708 1185 enim
3733 1129 3857 1202 plu-

2201 1234 2295 1273 res
2324 1215 2501 1272 simul
2526 1234 2700 1288 passa
2729 1218 2840 1288 est)
2872 1235 2938 1273 ex
2996 1219 3184 1290 ipsius
3240 1218 3595 1274 bibliotheca
3623 1236 3850 1274 mecum

2200 1309 2420 1363 efferre.
2440 1309 2571 1364 Tuli
2585 1309 2763 1382 igitur
2783 1309 3216 1380 amplissimum
3235 1311 3490 1366 codicem
3505 1311 3851 1383 capitalibus

2199 1397 2411 1453 litteris
2443 1403 2765 1466 exaratum,
2813 1403 3040 1454 tantum
3099 1400 3468 1471 antiquitatis
3501 1418 3614 1472 prae
3663 1417 3723 1455 se
3767 1401 3846 1455 fe-

2200 1493 2444 1554 rentem,
2483 1495 2546 1542 ut
2578 1487 2764 1558 ipsius
2790 1489 3209 1558 pr0pemodum
3229 1491 3488 1561 Gregorii
3513 1495 3681 1545 aetate
3714 1491 3852 1544 scri-

2200 1582 2335 1648 ptus
2368 1594 2494 1632 esse
2524 1578 2820 1631 videretur
2855 1595 2866 1630 :
2901 1577 3245 1648 qui,praeter
3269 1580 3850 1650 epistolasetversus,

2200 1668 2397 1722 omnia
2428 1667 2616 1738 ipsius
2637 1685 2812 1739 opera
2844 1670 3194 1724 continebat.
3241 1674 3420 1736 Quem
3454 1688 3584 1725 cum
3618 1670 3851 1740 paucis-

2201 1755 2367 1810 simis
2399 1757 2607 1811 diebus
2638 1757 2964 1813 incredibili
3013 1759 3305 1814 celeritate
3353 1760 3752 1832 perlegissem,
3787 1776 3853 1814 ex

2200 1861 2384 1914 eoque
2415 1845 2724 1900 innumera
2754 1847 2878 1901 loca
2909 1865 3038 1919 quae
3071 1849 3126 1902 in
3158 1850 3445 1920 impresso
3474 1849 3674 1904 vitiose
3700 1849 3851 1916 lege-

2204 1933 2437 2001 bantur,
2473 1934 2791 2006 integritati
2828 1952 2947 1990 suae
3004 1937 3414 2003 restituissem,
3477 1937 3675 1992 statim
3718 1953 3850 1991 eum

2201 2022 2455 2076 Athenas
2487 2025 2624 2093 (quo
2658 2025 2812 2078 enim
2837 2023 3196 2079 alionomine
3220 2026 3674 2096 incomparabile
3706 2025 3850 2080 illud

2201 2111 2486 2165 bonarum
2520 2112 2780 2168 omnium
2812 2113 3135 2168 litterarum
3161 2113 3853 2187 ga20phylaciumappel-

2201 2198 2313 2253 lem
2339 2199 2366 2253 ?
2395 2201 2410 2270 )
2443 2201 2806 2256 referendum
2824 2202 3020 2270 habui,
3047 2208 3111 2258 ut
3131 2204 3377 2259 alterum
3409 2203 3702 2276 exemplar
3722 2206 3855 2260 inde

2203 2304 2409 2343 rursus
2440 2290 2749 2344 auferrem.
2789 2295 2845 2345 In
2871 2291 2978 2346 hoc
3014 2293 3302 2347 sexdecim
3337 2295 3620 2347 duntaxat
3641 2293 3852 2347 oratio-

2205 2394 2306 2432 nes
2323 2383 2509 2445 erant,
2543 2379 2904 2435 doctissimis
2943 2381 3156 2437 Nicetae
3212 2382 3461 2437 Serronii
3498 2389 3853 2437 commenta-

2202 2466 2307 2520 riis
2331 2466 2652 2537 illustratse,
2688 2469 2921 2524 intextis
2937 2470 3109 2525 etiam
3128 2471 3479 2542 quibusdam
3503 2471 3674 2526 Pselli
3693 2489 3856 2526 enar-

2205 2556 2532 2610 rationibus
2565 2557 2622 2610 in
2656 2558 2993 2614 obscuriora
3026 2558 3150 2614 loca
3182 2561 3449 2614 secunda:
3477 2560 3754 2614 orationis
3779 2565 3855 2614 De

2203 2644 2616 2708 PaschateQuo
2652 2647 2886 2718 quidem
2927 2647 3220 2704 volumine
3248 2649 3853 2719 cummihiproanimi

2207 2733 2490 2787 arbitratu
2525 2734 2609 2788 uti
2646 2735 2861 2801 liceret,
2898 2754 3009 2791 non
3047 2739 3213 2793 modo
3247 2740 3317 2792 ad
3362 2755 3426 2793 ea
3457 2756 3583 2808 qua:
3617 2738 3851 2792 inchoa-

2203 2837 2394 2876 veram
2414 2840 2476 2876 ac
2507 2822 2778 2896 velutpro
2801 2825 3089 2880 derelictis
3108 2827 3849 2898 habebam,prosequenda,

2206 2912 2302 2965 sed
2340 2913 2407 2964 ad
2446 2928 2512 2965 ea
2551 2913 2723 2967 etiam
2758 2931 2886 2985 quae
2923 2915 3153 2969 Nicetas
3207 2922 3633 2971 commentatus
3669 2919 3855 2971 fuerat

2206 2999 2466 3054 Romano
2499 3019 2764 3056 sermone
2788 3004 3058 3058 donanda
3091 3022 3180 3059 me
3213 3006 3454 3060 accinxi.
3491 3006 3603 3059 Nec
3635 3005 3789 3060 enim
3822 3024 3857 3062 a

2207 3088 2458 3159 publicis
2488 3092 3075 3147 commodisalionum
3094 3094 3213 3148 fore
3237 3093 3455 3164 putavi,
3477 3094 3525 3149 si
3558 3111 3854 3150 commen-

2208 3182 2362 3232 tator
2395 3179 2587 3233 Latine
2611 3179 2957 3250 loqueretur,
2983 3182 3081 3252 qui
3104 3186 3362 3237 Graecum
3389 3184 3683 3237 hominem
3705 3188 3856 3238 Grea-

451 3249 714 3346 phrasim
747 3273 923 3328 habet
968 3249 1301 3343 Gregorius,
1361 3249 1810 3324 disertissimam
1859 3268 2094 3339 quidem
2129 3249 2170 3313 (Σ
2210 3282 2313 3321 cus
2346 3268 2469 3337 ipse
2499 3249 3308 3340 interpretandumduxisset.
3345 3272 3504 3334 Quod
3526 3278 3716 3326 autem
3745 3290 3856 3327 non

451 3362 615 3419 illam
648 3368 822 3433 atque
855 3362 911 3415 in
947 3361 1152 3433 primis
1177 3358 1609 3426 eruditam,sod
1644 3355 2102 3428 quisvelperspi-

456 3451 796 3508 cacissimos
822 3449 1155 3521 interpretis
1181 3447 1377 3502 oculos
1398 3461 1797 3517 saepenumero
1820 3445 2100 3516 perstrin-

454 3545 572 3613 gat,
607 3546 673 3594 ut
705 3538 817 3594 nisi
847 3553 1142 3593 summam
1191 3553 1391 3591 curam
1425 3534 2101 3602 animadversionemque

455 3629 806 3694 adhibuerit,
838 3627 1332 3698 quemadmodum
1368 3625 1522 3678 Ixion
1556 3622 1653 3677 ille
1694 3639 1797 3693 pro
1829 3623 2099 3676 adamata

446 3717 676 3773 Junone
708 3718 945 3780 nubem,
971 3715 1053 3770 sic
1080 3713 1203 3786 ipse
1236 3730 1336 3784 pro
1367 3729 1501 3767 vera
1529 3711 1784 3766 auctoris
1811 3709 2100 3766 sententia

446 3823 562 3861 non
597 3806 709 3861 nisi
741 3804 924 3860 levem
955 3804 1272 3875 quamdam
1296 3808 1352 3856 et
1377 3801 1611 3856 inanem
1641 3801 1952 3855 verborum
1969 3815 2097 3853 um-

446 3896 614 3951 bram
649 3894 1052 3966 amplectatur.
1095 3892 1165 3948 Ut
1220 3893 1373 3946 enim
1435 3889 1649 3945 Daedali
1707 3895 1951 3949 statuas.
1986 3888 2098 3943 nisi

448 3985 807 4040 firmissimis
821 3982 1066 4037 vinculis
1092 3983 1572 4052 astringerentur,
1587 3981 1779 4050 fugam
1809 3978 2097 4049 corripere

447 4073 650 4128 solitas
682 4089 808 4128 esse
858 4072 1061 4127 scribit
1091 4070 1247 4125 Plato
1284 4089 1295 4126 :
1331 4071 1408 4123 ita
1454 4085 1767 4142 germanus
1818 4067 2095 4138 Theologi

449 4178 659 4216 sensus
689 4162 798 4214 nisi
826 4161 1155 4215 arctissima
1185 4159 1504 4214 attentione
1537 4175 1601 4212 ac
1636 4156 1939 4227 diligentia
1970 4157 2092 4209 vin-

445 4249 654 4314 ciatur,
690 4248 991 4320 interpreti
1044 4249 1213 4319 quasi
1253 4249 1322 4301 de
1356 4246 1626 4300 manibus
1657 4245 1924 4300 elabitur.
1958 4245 2093 4307 Quaa

446 4337 644 4393 omnia
674 4353 806 4390 cum
841 4353 932 4391 me
973 4337 1138 4390 miris
1189 4337 1376 4391 modis
1432 4334 1727 4398 torserint,
1761 4338 1886 4387 tum
1945 4333 2090 4387 illud

447 4423 618 4496 longe
647 4425 1049 4481 vehementius
1073 4425 1338 4478 animum
1359 4423 1727 4487 excruciavit,
1761 4423 1912 4492 quod
1950 4422 2087 4476 Her-

445 4513 732 4586 vagianus
765 4515 961 4582 codex,
993 4513 1093 4584 qui
1133 4529 1286 4566 unus
1318 4512 1682 4583 suppetebat,
1735 4515 1821 4564 tot
1851 4516 2090 4582 tamque

442 4603 611 4660 foedis
640 4603 936 4659 erroribus
956 4602 1237 4668 scatebat,
1259 4607 1322 4655 ut
1338 4601 1408 4654 ad
1446 4600 1549 4654 hoc
1570 4599 1766 4670 Augiaa
1789 4600 2086 4654 stabulum

438 4694 877 4765 repurgandum
909 4708 1024 4746 non
1060 4707 1174 4744 uno
1208 4689 1450 4744 Hercule
1504 4705 1654 4759 opus
1709 4694 1880 4742 esset.
1918 4688 2088 4745 Nulla

439 4781 642 4850 oratio,
666 4781 827 4836 nulla
859 4779 1278 4854 propemodum
1313 4777 1525 4849 pagina
1555 4776 1917 4848 gravissimis
1934 4794 2087 4832 men-

439 4871 530 4926 dis
559 4873 832 4936 vacabat;
867 4866 1245 4938 ὁλοσώματος,
1298 4871 1361 4920 ut
1410 4868 1489 4920 ita
1536 4866 1748 4933 dicam,
1810 4871 1932 4920 erat
1965 4865 2083 4922 hac

435 4959 623 5031 plaga.
674 4959 952 5024 Quocirca
1011 4975 1144 5012 cum
1196 4956 1511 5029 deploratis
1544 4955 1761 5009 morbis
1797 4956 2082 5011 medicam

437 5064 682 5103 manum
713 5048 1021 5103 admovere
1052 5045 1262 5101 medici
1297 5051 1507 5113 vetent,
1564 5060 1634 5098 ne
1690 5044 1815 5115 ipse
1846 5045 2079 5115 quidem

434 5152 674 5192 causam
709 5136 887 5191 ullam
919 5154 1047 5193 esse
1080 5135 1295 5207 putavi,
1327 5134 1532 5189 cumin
1563 5138 1682 5187 tam
1706 5137 2079 5204 corrupioat-

433 5242 546 5297 que
579 5226 892 5281 insanabili
918 5225 1111 5281 codice
1134 5225 1359 5281 diutius
1400 5240 1490 5278 me
1524 5221 1682 5277 inani
1715 5222 1910 5278 labore
1941 5239 2077 5278 con-

429 5316 683 5370 ﬂcerem.

503 5405 815 5474 Tantisper
855 5403 1051 5475 itaque
1081 5403 1227 5457 mihi
1259 5403 1330 5457 ab
1362 5402 1592 5473 incepta
1617 5401 1879 5455 versione
1910 5400 2071 5472 quie-

431 5497 546 5552 tem
580 5492 878 5565 imperavi,
914 5493 1106 5564 quoad
1140 5493 1210 5548 ab
1245 5491 1431 5547 amico
1471 5490 1727 5563 quodam
1757 5491 1967 5547 certior
1992 5491 2076 5546 fa-

500 5707 613 5804 ς76)
647 5706 827 5784 Soph,
851 5707 1028 5783 Ajac.,
1059 5719 1205 5764 vers.
1237 5705 1361 5762 878.

2212 3372 2416 3411 omnes
2439 3359 2566 3427 ejus
2599 3361 3067 3427 commentarios,
3105 3362 3201 3415 sed
3235 3378 3334 3416 eos
3379 3361 3592 3424 solum,
3626 3379 3770 3433 quos
3799 3363 3859 3415 in

2211 3447 2589 3517 panegyricas
2622 3448 2912 3502 orationes
2942 3449 3225 3518 ediderat,
3254 3450 3312 3504 in
3356 3455 3541 3504 totum
3578 3451 3859 3516 converti,

2211 3532 2319 3588 hoc
2351 3552 2464 3590 non
2497 3541 2616 3590 tam
2643 3535 2856 3591 laboris
2884 3538 3138 3609 fugiendi
3158 3540 3475 3606 causafeci,
3505 3557 3678 3610 quam
3702 3541 3858 3610 quod

2206 3639 2452 3693 vererer,
2482 3641 2552 3678 ne
2583 3625 2766 3679 nimia
2797 3624 2915 3680 haec
2948 3632 3144 3681 nostra
3165 3626 3449 3682 sedulitas
3469 3629 3600 3698 plus
3632 3627 3734 3681 tibi
3759 3634 3856 3681 ta-

2209 3711 2287 3764 dii
2321 3729 2494 3782 quam
2531 3712 2798 3769 utilitatis
2857 3715 3104 3770 afferret.
3165 3715 3257 3769 Sic
3315 3716 3509 3785 itaque
3559 3716 3853 3786 negotium

2205 3801 2545 3872 temperavi,
2581 3807 2644 3856 ut
2665 3820 2760 3857 eas
2794 3803 3027 3874 quidem
3062 3804 3478 3869 enarrationes,
3506 3820 3635 3874 quas
3665 3805 3736 3858 ad
3763 3822 3852 3859 re-

2206 3905 2335 3943 rum
2379 3891 2571 3960 potius
2605 3909 2777 3961 quam
2814 3894 3118 3947 verborum
3165 3892 3610 3964 explicationem
3674 3894 3858 3948 facere

2204 3979 2726 4048 videbantur,totas
2754 3982 2980 4036 Latinas
3015 3984 3293 4036 facerem:
3329 3983 3483 4035 exiis
3507 3987 3698 4035 autem
3730 3999 3854 4053 quae

2207 4085 2318 4121 non
2345 4074 2461 4122 tam
2499 4070 2759 4140 resipsas
2776 4072 3161 4142 exponebant,
3190 4088 3366 4141 quam
3392 4074 3859 4126 orationisverha

2205 4155 2334 4210 aliis
2366 4158 2556 4212 verbis
2589 4160 3010 4229 exprimebant,
3051 4159 3364 4214 utilissima
3396 4166 3624 4214 tantum
3659 4177 3857 4215 excera

2203 4263 2422 4317 perem,
2456 4248 2700 4319 atquein
2735 4249 3090 4303 scholiorum
3128 4250 3371 4303 formam
3397 4249 3856 4320 redigerem.Ubi

2203 4335 2375 4389 etiam
2410 4334 2609 4406 siquid
2648 4338 3081 4405 mihioccurrit,
3115 4339 3266 4410 quod
3287 4338 3853 4408 Nicetaaexpositioni

2201 4442 2314 4480 non
2348 4426 2715 4482 incommode
2747 4427 3489 4499 adjiciposseviderctur,id
3524 4429 3854 4498 quoqueiu-

2200 4531 2390 4570 serere
2422 4532 2534 4570 non
2569 4517 2858 4570 dubitavi:
2895 4515 3063 4571 afﬁxo
3078 4521 3273 4570 tamen
3307 4517 3422 4571 fere
3453 4533 3678 4586 semper
3699 4521 3849 4572 aste-

2121 4624 2165 4687 D
2199 4604 2368 4669 risco,
2404 4610 2468 4657 ut
2500 4611 2699 4658 nostra
2730 4622 2761 4658 a
2783 4605 3077 4660 Nicetanis
3124 4605 3353 4660 facilius
3387 4605 3848 4660 internocantur.

2197 4693 2354 4757 Quod
2372 4693 2606 4762 quidem
2622 4693 2931 4747 consilium
2950 4698 3212 4749 nostrum
3237 4693 3522 4748 tibifacile
3541 4694 3850 4766 probatum

2194 4781 2263 4834 iri
2293 4782 2540 4835 confido.
2577 4787 2761 4852 Atque
2795 4781 2887 4835 hic
2920 4799 3152 4854 quoque
3187 4799 3381 4836 verum
3433 4799 3560 4837 esse
3592 4798 3850 4852 comperi

2194 4871 2346 4940 quod
2380 4870 2681 4942 proverbio
2712 4874 2906 4925 Graeco
2940 4872 3152 4927 dicitur
3199 4873 3331 4942 (76),
3357 4868 3528 4930 Πόνος
3559 4868 3711 4941 πόνῳ
3745 4868 3847 4923 πό-

2193 4978 2277 5011 νον
2313 4960 2478 5035 φέρει.
2516 4959 2756 5014 Utenim
2794 4960 3018 5030 primus
3044 4959 3138 5015 ille
3168 4961 3530 5031 Gregorianae
3562 4960 3851 5015 versionis

2190 5047 2355 5102 labor
2385 5049 2627 5102 alterum
2672 5048 2928 5103 laborem
2962 5051 3279 5121 suscipere,
3313 5049 3421 5104 hoc
3453 5049 3844 5113 est,Nicetam

2191 5137 2412 5191 Latinis
2444 5137 2686 5191 auribus
2717 5138 2988 5192 exhibere
3024 5153 3113 5192 me
3145 5140 3369 5210 coegit:
3422 5137 3502 5192 ita
3543 5138 3844 5194 secundus

2188 5225 2281 5280 hic
2314 5225 2496 5292 labor,
2531 5227 2698 5296 quasi
2724 5227 2962 5299 quidam
2987 5228 3326 5301 Eurysteus,
3362 5227 3506 5281 mihi
3533 5225 3846 5281 novilabo-

2187 5315 2268 5371 ris
2300 5316 2657 5386 suscipiendi
2691 5315 3844 5387 necessitatemimposuit.Venitenimin

2187 5411 2444 5459 mentem
2473 5405 2904 5460 subverendum
2934 5422 3161 5474 esse,ne
3185 5422 3388 5476 parum
3414 5406 3524 5460 sibi
3550 5409 3845 5460 constaret

2185 5493 2281 5550 hic
2313 5500 2511 5550 noster
2541 5493 2722 5564 labor,
2752 5495 2801 5552 si
2831 5495 3184 5568 quibusdam
3218 5495 3603 5566 orationibus,
3623 5493 3842 5568 partim
