  <div class='ocr_page' id='page_1' title='image "/cluster/home/n/w/nwhite01/storage/ocr_20150623/35/hvd.32044054100326/174.png"; bbox 0 0 4184 6202; ppageno 0'>
   <div class='ocr_carea' id='block_1_1' title="bbox 350 347 473 408">
    <p class='ocr_par' dir='ltr' id='par_1_1' title="bbox 350 347 473 408">
     <span class='ocr_line' id='line_1_1' title="bbox 350 347 473 408; baseline 0.016 -2"><span class='ocrx_word' id='word_1_1' title='bbox 350 347 473 408; x_wconf 77' lang='lat'><strong>337</strong></span> 
     </span>
    </p>
   </div>
   <div class='ocr_carea' id='block_1_2' title="bbox 1472 346 2660 413">
    <p class='ocr_par' dir='ltr' id='par_1_2' title="bbox 1472 346 2660 413">
     <span class='ocr_line' id='line_1_2' title="bbox 1472 346 2660 413; baseline -0.004 -1"><span class='ocrx_word' id='word_1_2' title='bbox 1472 349 1743 413; x_wconf 78' lang='lat' dir='ltr'><strong>JACOBI</strong></span> <span class='ocrx_word' id='word_1_3' title='bbox 1789 347 2021 409; x_wconf 85' lang='lat' dir='ltr'><strong>BILLlI</strong></span> <span class='ocrx_word' id='word_1_4' title='bbox 2067 346 2660 409; x_wconf 65' lang='lat' dir='ltr'><strong>PRAEFATIONES.</strong></span> 
     </span>
    </p>
   </div>
   <div class='ocr_carea' id='block_1_3' title="bbox 3659 347 3779 409">
    <p class='ocr_par' dir='ltr' id='par_1_3' title="bbox 3659 347 3779 409">
     <span class='ocr_line' id='line_1_3' title="bbox 3659 347 3779 409; baseline -0.008 0"><span class='ocrx_word' id='word_1_5' title='bbox 3659 347 3779 409; x_wconf 87' lang='lat'><strong>338</strong></span> 
     </span>
    </p>
   </div>
   <div class='ocr_carea' id='block_1_4' title="bbox 348 478 3774 555">
    <p class='ocr_par' dir='ltr' id='par_1_4' title="bbox 348 478 3774 555">
     <span class='ocr_line' id='line_1_4' title="bbox 348 478 3774 555; baseline -0 -18"><span class='ocrx_word' id='word_1_6' title='bbox 348 482 742 537; x_wconf 76' lang='lat' dir='ltr'><strong>contractiore</strong></span> <span class='ocrx_word' id='word_1_7' title='bbox 762 482 1140 554; x_wconf 83' lang='lat' dir='ltr'><strong>expositione,</strong></span> <span class='ocrx_word' id='word_1_8' title='bbox 1173 484 1382 555; x_wconf 78' lang='lat' dir='ltr'><strong>partim</strong></span> <span class='ocrx_word' id='word_1_9' title='bbox 1407 484 1635 555; x_wconf 81' lang='lat' dir='ltr'><strong>integro</strong></span> <span class='ocrx_word' id='word_1_10' title='bbox 1658 487 2013 541; x_wconf 90' lang='lat' dir='ltr'><strong>commenta-</strong></span> <span class='ocrx_word' id='word_1_11' title='bbox 2038 485 2094 549; x_wconf 79' lang='grc' dir='ltr'><strong>Α</strong></span> <span class='ocrx_word' id='word_1_12' title='bbox 2124 482 2357 537; x_wconf 69' lang='lat' dir='ltr'><strong>bricataa</strong></span> <span class='ocrx_word' id='word_1_13' title='bbox 2390 482 2585 537; x_wconf 91' lang='lat' dir='ltr'><strong>futura</strong></span> <span class='ocrx_word' id='word_1_14' title='bbox 2616 485 2772 549; x_wconf 90' lang='lat' dir='ltr'><strong>sunt,</strong></span> <span class='ocrx_word' id='word_1_15' title='bbox 2807 485 2981 555; x_wconf 88' lang='lat' dir='ltr'><strong>atque</strong></span> <span class='ocrx_word' id='word_1_16' title='bbox 3028 487 3093 537; x_wconf 91' lang='lat' dir='ltr'><strong>ut</strong></span> <span class='ocrx_word' id='word_1_17' title='bbox 3140 480 3319 537; x_wconf 68' lang='grc' dir='ltr'><strong>(ἓνθοὶ</strong></span> <span class='ocrx_word' id='word_1_18' title='bbox 3372 481 3574 537; x_wconf 89' lang='lat' dir='ltr'><strong>aiunt:</strong></span> <span class='ocrx_word' id='word_1_19' title='bbox 3610 478 3774 537; x_wconf 71' lang='grc' dir='ltr'>Οὐδὲν</span> 
     </span>
    </p>
   </div>
   <div class='ocr_carea' id='block_1_5' title="bbox 346 571 2003 643">
    <p class='ocr_par' dir='ltr' id='par_1_5' title="bbox 346 571 2003 643">
     <span class='ocr_line' id='line_1_5' title="bbox 346 571 2003 643; baseline 0.002 -18"><span class='ocrx_word' id='word_1_20' title='bbox 346 572 434 626; x_wconf 88' lang='lat' dir='ltr'><strong>rio</strong></span> <span class='ocrx_word' id='word_1_21' title='bbox 453 571 805 642; x_wconf 83' lang='lat' dir='ltr'><strong>explanatis,</strong></span> <span class='ocrx_word' id='word_1_22' title='bbox 842 572 1078 643; x_wconf 81' lang='lat' dir='ltr'><strong>reliquae</strong></span> <span class='ocrx_word' id='word_1_23' title='bbox 1111 573 1265 627; x_wconf 78' lang='lat' dir='ltr'><strong>velut</strong></span> <span class='ocrx_word' id='word_1_24' title='bbox 1298 575 1486 629; x_wconf 74' lang='lat' dir='ltr'><strong>nothaa</strong></span> <span class='ocrx_word' id='word_1_25' title='bbox 1516 575 1642 631; x_wconf 86' lang='lat' dir='ltr'><strong>sine</strong></span> <span class='ocrx_word' id='word_1_26' title='bbox 1675 575 1791 631; x_wconf 91' lang='lat' dir='ltr'><strong>ullo</strong></span> <span class='ocrx_word' id='word_1_27' title='bbox 1822 590 2003 629; x_wconf 87' lang='lat' dir='ltr'><strong>anno-</strong></span> 
     </span>
    </p>
   </div>
   <div class='ocr_carea' id='block_1_6' title="bbox 346 661 2003 736">
    <p class='ocr_par' dir='ltr' id='par_1_6' title="bbox 346 661 2003 736">
     <span class='ocr_line' id='line_1_6' title="bbox 346 661 2003 736; baseline 0.001 -20"><span class='ocrx_word' id='word_1_28' title='bbox 346 662 641 716; x_wconf 86' lang='lat' dir='ltr'><strong>tationum</strong></span> <span class='ocrx_word' id='word_1_29' title='bbox 667 661 944 716; x_wconf 85' lang='lat' dir='ltr'><strong>comitatu</strong></span> <span class='ocrx_word' id='word_1_30' title='bbox 972 663 1289 732; x_wconf 77' lang='lat' dir='ltr'><strong>prodirent,</strong></span> <span class='ocrx_word' id='word_1_31' title='bbox 1317 681 1449 718; x_wconf 92' lang='lat' dir='ltr'><strong>cum</strong></span> <span class='ocrx_word' id='word_1_32' title='bbox 1476 669 1672 720; x_wconf 89' lang='lat' dir='ltr'><strong>tamen</strong></span> <span class='ocrx_word' id='word_1_33' title='bbox 1700 666 1835 736; x_wconf 71' lang='lat' dir='ltr'><strong>ipsa:</strong></span> <span class='ocrx_word' id='word_1_34' title='bbox 1860 680 2003 733; x_wconf 92' lang='lat' dir='ltr'><strong>quo-</strong></span> 
     </span>
    </p>
   </div>
   <div class='ocr_carea' id='block_1_7' title="bbox 345 750 2003 826">
    <p class='ocr_par' dir='ltr' id='par_1_7' title="bbox 345 750 2003 826">
     <span class='ocr_line' id='line_1_7' title="bbox 345 750 2003 826; baseline 0.002 -22"><span class='ocrx_word' id='word_1_35' title='bbox 345 766 460 821; x_wconf 87' lang='lat' dir='ltr'><strong>que</strong></span> <span class='ocrx_word' id='word_1_36' title='bbox 493 750 901 821; x_wconf 84' lang='lat' dir='ltr'><strong>compluribus</strong></span> <span class='ocrx_word' id='word_1_37' title='bbox 934 752 1075 806; x_wconf 90' lang='lat' dir='ltr'><strong>locis</strong></span> <span class='ocrx_word' id='word_1_38' title='bbox 1104 751 1302 808; x_wconf 83' lang='lat' dir='ltr'><strong>lumen</strong></span> <span class='ocrx_word' id='word_1_39' title='bbox 1335 754 1571 826; x_wconf 85' lang='lat' dir='ltr'><strong>aliquod</strong></span> <span class='ocrx_word' id='word_1_40' title='bbox 1604 752 2003 826; x_wconf 79' lang='lat' dir='ltr'><strong>explicationis</strong></span> 
     </span>
    </p>
   </div>
   <div class='ocr_carea' id='block_1_8' title="bbox 342 839 1092 912">
    <p class='ocr_par' dir='ltr' id='par_1_8' title="bbox 342 839 1092 912">
     <span class='ocr_line' id='line_1_8' title="bbox 342 839 1092 912; baseline 0.003 -19"><span class='ocrx_word' id='word_1_41' title='bbox 342 839 501 893; x_wconf 87' lang='lat' dir='ltr'><strong>haud</strong></span> <span class='ocrx_word' id='word_1_42' title='bbox 535 841 710 894; x_wconf 88' lang='lat' dir='ltr'><strong>dubie</strong></span> <span class='ocrx_word' id='word_1_43' title='bbox 744 840 1092 912; x_wconf 84' lang='lat' dir='ltr'><strong>ﬂagitarent.</strong></span> 
     </span>
    </p>
   </div>
   <div class='ocr_carea' id='block_1_9' title="bbox 413 929 1999 1003">
    <p class='ocr_par' dir='ltr' id='par_1_9' title="bbox 413 929 1999 1003">
     <span class='ocr_line' id='line_1_9' title="bbox 413 929 1999 1003; baseline 0.001 -20"><span class='ocrx_word' id='word_1_44' title='bbox 413 930 563 1001; x_wconf 82' lang='lat' dir='ltr'><strong>Ergo</strong></span> <span class='ocrx_word' id='word_1_45' title='bbox 598 929 654 983; x_wconf 92' lang='lat' dir='ltr'><strong>in</strong></span> <span class='ocrx_word' id='word_1_46' title='bbox 692 930 795 984; x_wconf 90' lang='lat' dir='ltr'><strong>has</strong></span> <span class='ocrx_word' id='word_1_47' title='bbox 828 931 1000 984; x_wconf 89' lang='lat' dir='ltr'><strong>etiam</strong></span> <span class='ocrx_word' id='word_1_48' title='bbox 1042 930 1265 985; x_wconf 78' lang='lat' dir='ltr'><strong>scholia</strong></span> <span class='ocrx_word' id='word_1_49' title='bbox 1313 931 1670 999; x_wconf 89' lang='lat' dir='ltr'><strong>elucubravi,</strong></span> <span class='ocrx_word' id='word_1_50' title='bbox 1706 931 1999 1003; x_wconf 78' lang='lat' dir='ltr'><strong>prolixita~</strong></span> 
     </span>
    </p>
   </div>
   <div class='ocr_carea' id='block_1_10' title="bbox 335 1018 1996 1089">
    <p class='ocr_par' dir='ltr' id='par_1_10' title="bbox 335 1018 1996 1089">
     <span class='ocr_line' id='line_1_10' title="bbox 335 1018 1996 1089; baseline 0.002 -18"><span class='ocrx_word' id='word_1_51' title='bbox 335 1024 456 1073; x_wconf 83' lang='lat' dir='ltr'><strong>tem</strong></span> <span class='ocrx_word' id='word_1_52' title='bbox 493 1018 712 1089; x_wconf 90' lang='lat' dir='ltr'><strong>ubique</strong></span> <span class='ocrx_word' id='word_1_53' title='bbox 742 1025 1029 1088; x_wconf 88' lang='lat' dir='ltr'><strong>quantum</strong></span> <span class='ocrx_word' id='word_1_54' title='bbox 1064 1019 1229 1074; x_wconf 80' lang='lat' dir='ltr'><strong>licuit</strong></span> <span class='ocrx_word' id='word_1_55' title='bbox 1258 1022 1484 1077; x_wconf 80' lang='lat' dir='ltr'><strong>vitans:</strong></span> <span class='ocrx_word' id='word_1_56' title='bbox 1524 1027 1585 1076; x_wconf 91' lang='lat' dir='ltr'><strong>ut</strong></span> <span class='ocrx_word' id='word_1_57' title='bbox 1616 1023 1662 1078; x_wconf 88' lang='lat' dir='ltr'><strong>si</strong></span> <span class='ocrx_word' id='word_1_58' title='bbox 1712 1022 1855 1076; x_wconf 89' lang='lat' dir='ltr'><strong>forte</strong></span> <span class='ocrx_word' id='word_1_59' title='bbox 1900 1021 1996 1075; x_wconf 90' lang='lat' dir='ltr'><strong>Ni-</strong></span> 
     </span>
    </p>
   </div>
   <div class='ocr_carea' id='block_1_11' title="bbox 337 1108 1995 1181">
    <p class='ocr_par' dir='ltr' id='par_1_11' title="bbox 337 1108 1995 1181">
     <span class='ocr_line' id='line_1_11' title="bbox 337 1108 1995 1181; baseline 0.002 -19"><span class='ocrx_word' id='word_1_60' title='bbox 337 1113 481 1162; x_wconf 69' lang='lat' dir='ltr'><strong>cetae</strong></span> <span class='ocrx_word' id='word_1_61' title='bbox 514 1108 917 1178; x_wconf 83' lang='lat' dir='ltr'><strong>interpretatio</strong></span> <span class='ocrx_word' id='word_1_62' title='bbox 950 1110 1275 1180; x_wconf 81' lang='lat' dir='ltr'><strong>prolixitate</strong></span> <span class='ocrx_word' id='word_1_63' title='bbox 1307 1110 1504 1181; x_wconf 82' lang='lat' dir='ltr'><strong>aliqua</strong></span> <span class='ocrx_word' id='word_1_64' title='bbox 1531 1112 1791 1165; x_wconf 92' lang='lat' dir='ltr'><strong>animum</strong></span> <span class='ocrx_word' id='word_1_65' title='bbox 1829 1115 1995 1165; x_wconf 88' lang='lat' dir='ltr'><strong>tuum</strong></span> 
     </span>
    </p>
   </div>
   <div class='ocr_carea' id='block_1_12' title="bbox 332 1197 1993 1263">
    <p class='ocr_par' dir='ltr' id='par_1_12' title="bbox 332 1197 1993 1263">
     <span class='ocr_line' id='line_1_12' title="bbox 332 1197 1993 1263; baseline 0.002 -13"><span class='ocrx_word' id='word_1_66' title='bbox 332 1197 633 1252; x_wconf 85' lang='lat' dir='ltr'><strong>interdum</strong></span> <span class='ocrx_word' id='word_1_67' title='bbox 667 1198 1052 1263; x_wconf 82' lang='lat' dir='ltr'><strong>suboffendat,</strong></span> <span class='ocrx_word' id='word_1_68' title='bbox 1079 1199 1199 1254; x_wconf 78' lang='lat' dir='ltr'><strong>haec</strong></span> <span class='ocrx_word' id='word_1_69' title='bbox 1224 1199 1491 1255; x_wconf 85' lang='lat' dir='ltr'><strong>molestia</strong></span> <span class='ocrx_word' id='word_1_70' title='bbox 1512 1200 1866 1255; x_wconf 84' lang='lat' dir='ltr'><strong>scholiorum</strong></span> <span class='ocrx_word' id='word_1_71' title='bbox 1892 1217 1993 1254; x_wconf 85' lang='lat' dir='ltr'><strong>no-</strong></span> 
     </span>
    </p>
   </div>
   <div class='ocr_carea' id='block_1_13' title="bbox 332 1286 1991 1361">
    <p class='ocr_par' dir='ltr' id='par_1_13' title="bbox 332 1286 1991 1361">
     <span class='ocr_line' id='line_1_13' title="bbox 332 1286 1991 1361; baseline 0.002 -20"><span class='ocrx_word' id='word_1_72' title='bbox 332 1296 593 1341; x_wconf 83' lang='lat' dir='ltr'><strong>strorum</strong></span> <span class='ocrx_word' id='word_1_73' title='bbox 629 1286 905 1341; x_wconf 81' lang='lat' dir='ltr'><strong>brevitate</strong></span> <span class='ocrx_word' id='word_1_74' title='bbox 954 1288 1232 1343; x_wconf 84' lang='lat' dir='ltr'><strong>diluatur.</strong></span> <span class='ocrx_word' id='word_1_75' title='bbox 1284 1289 1364 1345; x_wconf 92' lang='lat' dir='ltr'><strong>De</strong></span> <span class='ocrx_word' id='word_1_76' title='bbox 1405 1290 1621 1361; x_wconf 88' lang='lat' dir='ltr'><strong>quibus</strong></span> <span class='ocrx_word' id='word_1_77' title='bbox 1654 1289 1794 1344; x_wconf 84' lang='lat' dir='ltr'><strong>nihil</strong></span> <span class='ocrx_word' id='word_1_78' title='bbox 1833 1290 1991 1345; x_wconf 86' lang='lat' dir='ltr'><strong>aliud</strong></span> 
     </span>
    </p>
   </div>
   <div class='ocr_carea' id='block_1_14' title="bbox 332 1375 1990 1450">
    <p class='ocr_par' dir='ltr' id='par_1_14' title="bbox 332 1375 1990 1450">
     <span class='ocr_line' id='line_1_14' title="bbox 332 1375 1990 1450; baseline 0 -19"><span class='ocrx_word' id='word_1_79' title='bbox 332 1376 554 1441; x_wconf 88' lang='lat' dir='ltr'><strong>dicam,</strong></span> <span class='ocrx_word' id='word_1_80' title='bbox 589 1375 702 1431; x_wconf 87' lang='lat' dir='ltr'><strong>nisi</strong></span> <span class='ocrx_word' id='word_1_81' title='bbox 735 1392 827 1430; x_wconf 91' lang='lat' dir='ltr'><strong>me</strong></span> <span class='ocrx_word' id='word_1_82' title='bbox 857 1393 1093 1433; x_wconf 88' lang='lat' dir='ltr'><strong>summa</strong></span> <span class='ocrx_word' id='word_1_83' title='bbox 1122 1394 1263 1433; x_wconf 87' lang='lat' dir='ltr'><strong>cura</strong></span> <span class='ocrx_word' id='word_1_84' title='bbox 1302 1378 1724 1450; x_wconf 85' lang='lat' dir='ltr'><strong>diligentiaque</strong></span> <span class='ocrx_word' id='word_1_85' title='bbox 1754 1382 1990 1433; x_wconf 89' lang='lat' dir='ltr'><strong>conten-</strong></span> 
     </span>
    </p>
   </div>
   <div class='ocr_carea' id='block_1_15' title="bbox 332 1464 1990 1540">
    <p class='ocr_par' dir='ltr' id='par_1_15' title="bbox 332 1464 1990 1540">
     <span class='ocr_line' id='line_1_15' title="bbox 332 1464 1990 1540; baseline 0.001 -20"><span class='ocrx_word' id='word_1_86' title='bbox 332 1465 517 1533; x_wconf 84' lang='lat' dir='ltr'><strong>disse,</strong></span> <span class='ocrx_word' id='word_1_87' title='bbox 554 1469 619 1519; x_wconf 90' lang='lat' dir='ltr'><strong>ut</strong></span> <span class='ocrx_word' id='word_1_88' title='bbox 642 1464 737 1519; x_wconf 93' lang='lat' dir='ltr'><strong>hic</strong></span> <span class='ocrx_word' id='word_1_89' title='bbox 768 1470 969 1521; x_wconf 87' lang='lat' dir='ltr'><strong>auctor</strong></span> <span class='ocrx_word' id='word_1_90' title='bbox 998 1465 1296 1537; x_wconf 83' lang='lat' dir='ltr'><strong>aliquanto</strong></span> <span class='ocrx_word' id='word_1_91' title='bbox 1326 1467 1537 1522; x_wconf 92' lang='lat' dir='ltr'><strong>clarior</strong></span> <span class='ocrx_word' id='word_1_92' title='bbox 1566 1472 1620 1522; x_wconf 89' lang='lat' dir='ltr'><strong>et</strong></span> <span class='ocrx_word' id='word_1_93' title='bbox 1650 1466 1903 1540; x_wconf 87' lang='lat' dir='ltr'><strong>apertior</strong></span> <span class='ocrx_word' id='word_1_94' title='bbox 1929 1465 1990 1521; x_wconf 91' lang='lat' dir='ltr'><strong>in</strong></span> 
     </span>
    </p>
   </div>
   <div class='ocr_carea' id='block_1_16' title="bbox 330 1553 1991 1628">
    <p class='ocr_par' dir='ltr' id='par_1_16' title="bbox 330 1553 1991 1628">
     <span class='ocr_line' id='line_1_16' title="bbox 330 1553 1991 1628; baseline 0.001 -19"><span class='ocrx_word' id='word_1_95' title='bbox 330 1570 551 1609; x_wconf 87' lang='lat' dir='ltr'><strong>manus</strong></span> <span class='ocrx_word' id='word_1_96' title='bbox 570 1558 703 1609; x_wconf 89' lang='lat' dir='ltr'><strong>tuas</strong></span> <span class='ocrx_word' id='word_1_97' title='bbox 725 1553 1065 1626; x_wconf 82' lang='lat' dir='ltr'><strong>perveniret.</strong></span> <span class='ocrx_word' id='word_1_98' title='bbox 1092 1556 1287 1625; x_wconf 86' lang='lat' dir='ltr'><strong>Adieci</strong></span> <span class='ocrx_word' id='word_1_99' title='bbox 1312 1561 1593 1628; x_wconf 67' lang='lat' dir='ltr'><strong>praeterea</strong></span> <span class='ocrx_word' id='word_1_100' title='bbox 1613 1556 1801 1611; x_wconf 90' lang='lat' dir='ltr'><strong>Nonni</strong></span> <span class='ocrx_word' id='word_1_101' title='bbox 1821 1572 1991 1627; x_wconf 88' lang='lat' dir='ltr'><strong>opus-</strong></span> 
     </span>
    </p>
   </div>
   <div class='ocr_carea' id='block_1_17' title="bbox 328 1642 1987 1717">
    <p class='ocr_par' dir='ltr' id='par_1_17' title="bbox 328 1642 1987 1717">
     <span class='ocr_line' id='line_1_17' title="bbox 328 1642 1987 1717; baseline 0.002 -21"><span class='ocrx_word' id='word_1_102' title='bbox 328 1642 558 1711; x_wconf 87' lang='lat' dir='ltr'><strong>culum,</strong></span> <span class='ocrx_word' id='word_1_103' title='bbox 592 1658 707 1715; x_wconf 92' lang='lat' dir='ltr'><strong>quo</strong></span> <span class='ocrx_word' id='word_1_104' title='bbox 737 1642 1012 1715; x_wconf 83' lang='lat' dir='ltr'><strong>profanas</strong></span> <span class='ocrx_word' id='word_1_105' title='bbox 1058 1643 1334 1700; x_wconf 88' lang='lat' dir='ltr'><strong>historias</strong></span> <span class='ocrx_word' id='word_1_106' title='bbox 1365 1649 1421 1700; x_wconf 90' lang='lat' dir='ltr'><strong>et</strong></span> <span class='ocrx_word' id='word_1_107' title='bbox 1474 1644 1699 1701; x_wconf 88' lang='lat' dir='ltr'><strong>fabulas</strong></span> <span class='ocrx_word' id='word_1_108' title='bbox 1730 1643 1987 1717; x_wconf 82' lang='lat' dir='ltr'><strong>exponit,</strong></span> 
     </span>
    </p>
   </div>
   <div class='ocr_carea' id='block_1_18' title="bbox 326 1731 1988 1806">
    <p class='ocr_par' dir='ltr' id='par_1_18' title="bbox 326 1731 1988 1806">
     <span class='ocr_line' id='line_1_18' title="bbox 326 1731 1988 1806; baseline 0.001 -20"><span class='ocrx_word' id='word_1_109' title='bbox 326 1731 398 1786; x_wconf 88' lang='lat' dir='ltr'><strong>de</strong></span> <span class='ocrx_word' id='word_1_110' title='bbox 434 1731 653 1802; x_wconf 88' lang='lat' dir='ltr'><strong>quibus</strong></span> <span class='ocrx_word' id='word_1_111' title='bbox 684 1732 743 1785; x_wconf 92' lang='lat' dir='ltr'><strong>in</strong></span> <span class='ocrx_word' id='word_1_112' title='bbox 769 1732 1073 1788; x_wconf 89' lang='lat' dir='ltr'><strong>lnvectivis</strong></span> <span class='ocrx_word' id='word_1_113' title='bbox 1104 1734 1385 1789; x_wconf 88' lang='lat' dir='ltr'><strong>adversus</strong></span> <span class='ocrx_word' id='word_1_114' title='bbox 1415 1732 1718 1790; x_wconf 84' lang='lat' dir='ltr'><strong>Julianum</strong></span> <span class='ocrx_word' id='word_1_115' title='bbox 1749 1737 1988 1806; x_wconf 83' lang='lat' dir='ltr'><strong>Aposta-</strong></span> 
     </span>
    </p>
   </div>
   <div class='ocr_carea' id='block_1_19' title="bbox 2117 569 3823 643">
    <p class='ocr_par' dir='ltr' id='par_1_19' title="bbox 2117 569 3823 643">
     <span class='ocr_line' id='line_1_19' title="bbox 2117 569 3823 643; baseline 0.004 -20"><span class='ocrx_word' id='word_1_116' title='bbox 2117 569 2145 623; x_wconf 78' lang='grc' dir='ltr'><strong>ὁ</strong></span> <span class='ocrx_word' id='word_1_117' title='bbox 2181 569 2368 643; x_wconf 85' lang='grc' dir='ltr'><strong>βωμὸς</strong></span> <span class='ocrx_word' id='word_1_118' title='bbox 2399 570 2535 643; x_wconf 82' lang='grc' dir='ltr'>πρὸς</span> <span class='ocrx_word' id='word_1_119' title='bbox 2564 571 2626 623; x_wconf 82' lang='grc' dir='ltr'>τὸ</span> <span class='ocrx_word' id='word_1_120' title='bbox 2666 570 2836 641; x_wconf 73' lang='grc' dir='ltr'>ἱερόν.</span> <span class='ocrx_word' id='word_1_121' title='bbox 2888 571 3141 643; x_wconf 90' lang='lat' dir='ltr'><strong>lngenue</strong></span> <span class='ocrx_word' id='word_1_122' title='bbox 3190 573 3345 626; x_wconf 89' lang='lat' dir='ltr'><strong>enim</strong></span> <span class='ocrx_word' id='word_1_123' title='bbox 3394 576 3450 627; x_wconf 91' lang='lat' dir='ltr'><strong>et</strong></span> <span class='ocrx_word' id='word_1_124' title='bbox 3495 571 3620 626; x_wconf 88' lang='lat' dir='ltr'><strong>sine</strong></span> <span class='ocrx_word' id='word_1_125' title='bbox 3654 572 3772 629; x_wconf 89' lang='lat' dir='ltr'><strong>ullo</strong></span> <span class='ocrx_word' id='word_1_126' title='bbox 3816 610 3823 629; x_wconf 79' lang='grc' dir='ltr'><strong>ι</strong></span> 
     </span>
    </p>
   </div>
   <div class='ocr_carea' id='block_1_20' title="bbox 2112 660 3771 729">
    <p class='ocr_par' dir='ltr' id='par_1_20' title="bbox 2112 660 3771 729">
     <span class='ocr_line' id='line_1_20' title="bbox 2112 660 3771 729; baseline 0.003 -16"><span class='ocrx_word' id='word_1_127' title='bbox 2112 660 2422 715; x_wconf 89' lang='lat' dir='ltr'><strong>verborum</strong></span> <span class='ocrx_word' id='word_1_128' title='bbox 2445 661 2571 715; x_wconf 92' lang='lat' dir='ltr'><strong>fuco</strong></span> <span class='ocrx_word' id='word_1_129' title='bbox 2598 660 2797 729; x_wconf 88' lang='lat' dir='ltr'><strong>fateor,</strong></span> <span class='ocrx_word' id='word_1_130' title='bbox 2821 666 3047 716; x_wconf 85' lang='lat' dir='ltr'><strong>tantum</strong></span> <span class='ocrx_word' id='word_1_131' title='bbox 3070 660 3221 716; x_wconf 85' lang='lat' dir='ltr'><strong>inter</strong></span> <span class='ocrx_word' id='word_1_132' title='bbox 3241 660 3503 716; x_wconf 69' lang='lat' dir='ltr'><strong>Graecum</strong></span> <span class='ocrx_word' id='word_1_133' title='bbox 3528 661 3771 718; x_wconf 89' lang='lat' dir='ltr'><strong>Nazian-</strong></span> 
     </span>
    </p>
   </div>
   <div class='ocr_carea' id='block_1_21' title="bbox 2112 749 3766 816">
    <p class='ocr_par' dir='ltr' id='par_1_21' title="bbox 2112 749 3766 816">
     <span class='ocr_line' id='line_1_21' title="bbox 2112 749 3766 816; baseline 0.002 -13"><span class='ocrx_word' id='word_1_134' title='bbox 2112 765 2320 804; x_wconf 88' lang='lat' dir='ltr'><strong>zenum</strong></span> <span class='ocrx_word' id='word_1_135' title='bbox 2354 754 2409 804; x_wconf 91' lang='lat' dir='ltr'><strong>et</strong></span> <span class='ocrx_word' id='word_1_136' title='bbox 2442 754 2697 803; x_wconf 88' lang='lat' dir='ltr'><strong>nostram</strong></span> <span class='ocrx_word' id='word_1_137' title='bbox 2732 750 3053 804; x_wconf 85' lang='lat' dir='ltr'><strong>versionem</strong></span> <span class='ocrx_word' id='word_1_138' title='bbox 3086 750 3385 816; x_wconf 87' lang='lat' dir='ltr'><strong>interesse,</strong></span> <span class='ocrx_word' id='word_1_139' title='bbox 3417 754 3478 804; x_wconf 88' lang='lat' dir='ltr'><strong>ut</strong></span> <span class='ocrx_word' id='word_1_140' title='bbox 3510 749 3558 805; x_wconf 92' lang='lat' dir='ltr'><strong>si</strong></span> <span class='ocrx_word' id='word_1_141' title='bbox 3592 767 3683 806; x_wconf 90' lang='lat' dir='ltr'><strong>res</strong></span> <span class='ocrx_word' id='word_1_142' title='bbox 3706 751 3766 807; x_wconf 90' lang='lat' dir='ltr'><strong>in</strong></span> 
     </span>
    </p>
   </div>
   <div class='ocr_carea' id='block_1_22' title="bbox 2110 838 3763 911">
    <p class='ocr_par' dir='ltr' id='par_1_22' title="bbox 2110 838 3763 911">
     <span class='ocr_line' id='line_1_22' title="bbox 2110 838 3763 911; baseline 0.001 -18"><span class='ocrx_word' id='word_1_143' title='bbox 2110 838 2541 893; x_wconf 84' lang='lat' dir='ltr'><strong>contentionem</strong></span> <span class='ocrx_word' id='word_1_144' title='bbox 2566 838 2777 903; x_wconf 85' lang='lat' dir='ltr'><strong>veniat,</strong></span> <span class='ocrx_word' id='word_1_145' title='bbox 2802 856 2915 893; x_wconf 91' lang='lat' dir='ltr'><strong>non</strong></span> <span class='ocrx_word' id='word_1_146' title='bbox 2943 839 3128 909; x_wconf 89' lang='lat' dir='ltr'><strong>magis</strong></span> <span class='ocrx_word' id='word_1_147' title='bbox 3151 839 3272 893; x_wconf 74' lang='lat' dir='ltr'><strong>hrec</strong></span> <span class='ocrx_word' id='word_1_148' title='bbox 3292 840 3362 894; x_wconf 93' lang='lat' dir='ltr'><strong>ad</strong></span> <span class='ocrx_word' id='word_1_149' title='bbox 3388 838 3547 894; x_wconf 91' lang='lat' dir='ltr'><strong>illius</strong></span> <span class='ocrx_word' id='word_1_150' title='bbox 3567 840 3763 911; x_wconf 88' lang='lat' dir='ltr'><strong>splen-</strong></span> 
     </span>
    </p>
   </div>
   <div class='ocr_carea' id='block_1_23' title="bbox 2109 928 3762 998">
    <p class='ocr_par' dir='ltr' id='par_1_23' title="bbox 2109 928 3762 998">
     <span class='ocr_line' id='line_1_23' title="bbox 2109 928 3762 998; baseline 0.004 -17"><span class='ocrx_word' id='word_1_151' title='bbox 2109 928 2334 994; x_wconf 88' lang='lat' dir='ltr'><strong>dorem,</strong></span> <span class='ocrx_word' id='word_1_152' title='bbox 2386 944 2563 998; x_wconf 89' lang='lat' dir='ltr'><strong>quam</strong></span> <span class='ocrx_word' id='word_1_153' title='bbox 2613 933 2825 982; x_wconf 89' lang='lat' dir='ltr'><strong>noctua</strong></span> <span class='ocrx_word' id='word_1_154' title='bbox 2865 928 2935 981; x_wconf 91' lang='lat' dir='ltr'><strong>ad</strong></span> <span class='ocrx_word' id='word_1_155' title='bbox 2980 928 3330 983; x_wconf 82' lang='lat' dir='ltr'><strong>meridianos</strong></span> <span class='ocrx_word' id='word_1_156' title='bbox 3379 929 3519 983; x_wconf 91' lang='lat' dir='ltr'><strong>solis</strong></span> <span class='ocrx_word' id='word_1_157' title='bbox 3569 931 3762 987; x_wconf 89' lang='lat' dir='ltr'><strong>radios</strong></span> 
     </span>
    </p>
   </div>
   <div class='ocr_carea' id='block_1_24' title="bbox 2108 1016 3761 1091">
    <p class='ocr_par' dir='ltr' id='par_1_24' title="bbox 2108 1016 3761 1091">
     <span class='ocr_line' id='line_1_24' title="bbox 2108 1016 3761 1091; baseline 0.003 -21"><span class='ocrx_word' id='word_1_158' title='bbox 2108 1018 2425 1071; x_wconf 88' lang='lat' dir='ltr'><strong>consistere</strong></span> <span class='ocrx_word' id='word_1_159' title='bbox 2458 1016 2660 1088; x_wconf 88' lang='lat' dir='ltr'><strong>possit.</strong></span> <span class='ocrx_word' id='word_1_160' title='bbox 2687 1017 2795 1071; x_wconf 82' lang='lat' dir='ltr'><strong>Sed</strong></span> <span class='ocrx_word' id='word_1_161' title='bbox 2819 1033 2953 1070; x_wconf 92' lang='lat' dir='ltr'><strong>cum</strong></span> <span class='ocrx_word' id='word_1_162' title='bbox 2976 1017 3241 1071; x_wconf 86' lang='lat' dir='ltr'><strong>Christus</strong></span> <span class='ocrx_word' id='word_1_163' title='bbox 3273 1019 3387 1073; x_wconf 91' lang='lat' dir='ltr'><strong>duo</strong></span> <span class='ocrx_word' id='word_1_164' title='bbox 3418 1018 3517 1072; x_wconf 85' lang='lat' dir='ltr'><strong>illa</strong></span> <span class='ocrx_word' id='word_1_165' title='bbox 3550 1035 3761 1091; x_wconf 89' lang='lat' dir='ltr'><strong>paupe-</strong></span> 
     </span>
    </p>
   </div>
   <div class='ocr_carea' id='block_1_25' title="bbox 2107 1105 3759 1176">
    <p class='ocr_par' dir='ltr' id='par_1_25' title="bbox 2107 1105 3759 1176">
     <span class='ocr_line' id='line_1_25' title="bbox 2107 1105 3759 1176; baseline 0.003 -17"><span class='ocrx_word' id='word_1_166' title='bbox 2107 1106 2187 1159; x_wconf 92' lang='lat' dir='ltr'><strong>ris</strong></span> <span class='ocrx_word' id='word_1_167' title='bbox 2210 1108 2300 1161; x_wconf 93' lang='lat' dir='ltr'><strong>vid</strong></span> <span class='ocrx_word' id='word_1_168' title='bbox 2315 1125 2395 1161; x_wconf 80' lang='lat' dir='ltr'><strong>uae</strong></span> <span class='ocrx_word' id='word_1_169' title='bbox 2422 1105 3061 1176; x_wconf 87' lang='lat' dir='ltr'><strong>minuta,amplissimis</strong></span> <span class='ocrx_word' id='word_1_170' title='bbox 3084 1107 3258 1160; x_wconf 90' lang='lat' dir='ltr'><strong>etiam</strong></span> <span class='ocrx_word' id='word_1_171' title='bbox 3283 1106 3530 1161; x_wconf 89' lang='lat' dir='ltr'><strong>divitum</strong></span> <span class='ocrx_word' id='word_1_172' title='bbox 3556 1125 3759 1164; x_wconf 90' lang='lat' dir='ltr'><strong>mune-</strong></span> 
     </span>
    </p>
   </div>
   <div class='ocr_carea' id='block_1_26' title="bbox 2106 1193 3759 1268">
    <p class='ocr_par' dir='ltr' id='par_1_26' title="bbox 2106 1193 3759 1268">
     <span class='ocr_line' id='line_1_26' title="bbox 2106 1193 3759 1268; baseline 0.003 -20"><span class='ocrx_word' id='word_1_173' title='bbox 2106 1195 2288 1261; x_wconf 89' lang='lat' dir='ltr'><strong>ribus,</strong></span> <span class='ocrx_word' id='word_1_174' title='bbox 2348 1214 2476 1267; x_wconf 71' lang='lat' dir='ltr'><strong>quse</strong></span> <span class='ocrx_word' id='word_1_175' title='bbox 2535 1212 2713 1267; x_wconf 89' lang='lat' dir='ltr'><strong>opum</strong></span> <span class='ocrx_word' id='word_1_176' title='bbox 2775 1194 3009 1249; x_wconf 89' lang='lat' dir='ltr'><strong>nonnisi</strong></span> <span class='ocrx_word' id='word_1_177' title='bbox 3077 1193 3497 1268; x_wconf 69' lang='grc' dir='ltr'>περισσεῦματα,</span> <span class='ocrx_word' id='word_1_178' title='bbox 3558 1202 3633 1266; x_wconf 89' lang='lat' dir='ltr'><strong>et,</strong></span> <span class='ocrx_word' id='word_1_179' title='bbox 3696 1202 3759 1253; x_wconf 90' lang='lat' dir='ltr'><strong>ut</strong></span> 
     </span>
    </p>
   </div>
   <div class='ocr_carea' id='block_1_27' title="bbox 2104 1284 3756 1357">
    <p class='ocr_par' dir='ltr' id='par_1_27' title="bbox 2104 1284 3756 1357">
     <span class='ocr_line' id='line_1_27' title="bbox 2104 1284 3756 1357; baseline 0.001 -18"><span class='ocrx_word' id='word_1_180' title='bbox 2104 1284 2293 1339; x_wconf 87' lang='lat' dir='ltr'><strong>Plauti</strong></span> <span class='ocrx_word' id='word_1_181' title='bbox 2326 1286 2498 1340; x_wconf 89' lang='lat' dir='ltr'><strong>verbo</strong></span> <span class='ocrx_word' id='word_1_182' title='bbox 2530 1289 2679 1354; x_wconf 89' lang='lat' dir='ltr'><strong>utar,</strong></span> <span class='ocrx_word' id='word_1_183' title='bbox 2716 1284 3103 1356; x_wconf 62' lang='lat' dir='ltr'><strong>praesegmina</strong></span> <span class='ocrx_word' id='word_1_184' title='bbox 3133 1284 3395 1355; x_wconf 63' lang='lat' dir='ltr'><strong>quedam</strong></span> <span class='ocrx_word' id='word_1_185' title='bbox 3424 1286 3756 1357; x_wconf 86' lang='lat' dir='ltr'><strong>erant,plu-</strong></span> 
     </span>
    </p>
   </div>
   <div class='ocr_carea' id='block_1_28' title="bbox 2102 1372 3755 1445">
    <p class='ocr_par' dir='ltr' id='par_1_28' title="bbox 2102 1372 3755 1445">
     <span class='ocr_line' id='line_1_28' title="bbox 2102 1372 3755 1445; baseline 0.002 -17"><span class='ocrx_word' id='word_1_186' title='bbox 2102 1374 2183 1429; x_wconf 91' lang='lat' dir='ltr'><strong>ris</strong></span> <span class='ocrx_word' id='word_1_187' title='bbox 2214 1373 2553 1429; x_wconf 66' lang='lat' dir='ltr'><strong>aestimarit:</strong></span> <span class='ocrx_word' id='word_1_188' title='bbox 2588 1374 2759 1429; x_wconf 84' lang='lat' dir='ltr'><strong>debet</strong></span> <span class='ocrx_word' id='word_1_189' title='bbox 2790 1374 3044 1445; x_wconf 87' lang='lat' dir='ltr'><strong>profecto</strong></span> <span class='ocrx_word' id='word_1_190' title='bbox 3097 1372 3204 1428; x_wconf 87' lang='lat' dir='ltr'><strong>tibi</strong></span> <span class='ocrx_word' id='word_1_191' title='bbox 3259 1389 3492 1444; x_wconf 91' lang='lat' dir='ltr'><strong>quoque</strong></span> <span class='ocrx_word' id='word_1_192' title='bbox 3521 1379 3755 1441; x_wconf 78' lang='lat' dir='ltr'><strong>gratum</strong></span> 
     </span>
    </p>
   </div>
   <div class='ocr_carea' id='block_1_29' title="bbox 2099 1458 3753 1535">
    <p class='ocr_par' dir='ltr' id='par_1_29' title="bbox 2099 1458 3753 1535">
     <span class='ocr_line' id='line_1_29' title="bbox 2099 1458 3753 1535; baseline 0.001 -17"><span class='ocrx_word' id='word_1_193' title='bbox 2099 1479 2228 1518; x_wconf 88' lang='lat' dir='ltr'><strong>esse</strong></span> <span class='ocrx_word' id='word_1_194' title='bbox 2256 1462 2317 1515; x_wconf 84' lang='grc' dir='ltr'>τὸ</span> <span class='ocrx_word' id='word_1_195' title='bbox 2349 1462 2485 1516; x_wconf 74' lang='grc' dir='ltr'>κατὰ</span> <span class='ocrx_word' id='word_1_196' title='bbox 2524 1458 2773 1534; x_wconf 79' lang='grc' dir='ltr'><strong>δύναμιν·</strong></span> <span class='ocrx_word' id='word_1_197' title='bbox 2816 1462 2949 1517; x_wconf 93' lang='lat' dir='ltr'><strong>licet</strong></span> <span class='ocrx_word' id='word_1_198' title='bbox 2996 1460 3149 1518; x_wconf 92' lang='lat' dir='ltr'><strong>enim</strong></span> <span class='ocrx_word' id='word_1_199' title='bbox 3184 1461 3292 1517; x_wconf 92' lang='lat' dir='ltr'><strong>hoc</strong></span> <span class='ocrx_word' id='word_1_200' title='bbox 3322 1460 3447 1517; x_wconf 93' lang='lat' dir='ltr'><strong>loco</strong></span> <span class='ocrx_word' id='word_1_201' title='bbox 3493 1464 3753 1535; x_wconf 82' lang='lat' dir='ltr'><strong>Gregorii</strong></span> 
     </span>
    </p>
   </div>
   <div class='ocr_carea' id='block_1_30' title="bbox 2098 1550 3753 1623">
    <p class='ocr_par' dir='ltr' id='par_1_30' title="bbox 2098 1550 3753 1623">
     <span class='ocr_line' id='line_1_30' title="bbox 2098 1550 3753 1623; baseline 0.002 -17"><span class='ocrx_word' id='word_1_202' title='bbox 2098 1551 2283 1607; x_wconf 85' lang='lat' dir='ltr'><strong>nostri</strong></span> <span class='ocrx_word' id='word_1_203' title='bbox 2299 1553 2473 1607; x_wconf 89' lang='lat' dir='ltr'><strong>verba</strong></span> <span class='ocrx_word' id='word_1_204' title='bbox 2491 1567 2795 1623; x_wconf 89' lang='lat' dir='ltr'><strong>usurpare.</strong></span> <span class='ocrx_word' id='word_1_205' title='bbox 2830 1550 3204 1623; x_wconf 89' lang='lat' dir='ltr'><strong>Iniquaenim</strong></span> <span class='ocrx_word' id='word_1_206' title='bbox 3224 1568 3466 1622; x_wconf 88' lang='lat' dir='ltr'><strong>prorsus</strong></span> <span class='ocrx_word' id='word_1_207' title='bbox 3485 1551 3628 1606; x_wconf 90' lang='lat' dir='ltr'><strong>mihi</strong></span> <span class='ocrx_word' id='word_1_208' title='bbox 3649 1552 3753 1609; x_wconf 89' lang='lat' dir='ltr'><strong>abs</strong></span> 
     </span>
    </p>
   </div>
   <div class='ocr_carea' id='block_1_31' title="bbox 2097 1638 3751 1713">
    <p class='ocr_par' dir='ltr' id='par_1_31' title="bbox 2097 1638 3751 1713">
     <span class='ocr_line' id='line_1_31' title="bbox 2097 1638 3751 1713; baseline 0.002 -18"><span class='ocrx_word' id='word_1_209' title='bbox 2097 1644 2155 1696; x_wconf 91' lang='lat' dir='ltr'><strong>te</strong></span> <span class='ocrx_word' id='word_1_210' title='bbox 2186 1641 2375 1712; x_wconf 88' lang='lat' dir='ltr'><strong>gratia</strong></span> <span class='ocrx_word' id='word_1_211' title='bbox 2405 1641 2774 1713; x_wconf 85' lang='lat' dir='ltr'><strong>rependetur,</strong></span> <span class='ocrx_word' id='word_1_212' title='bbox 2808 1640 2857 1696; x_wconf 89' lang='lat' dir='ltr'><strong>si</strong></span> <span class='ocrx_word' id='word_1_213' title='bbox 2902 1657 3005 1712; x_wconf 91' lang='lat' dir='ltr'><strong>pro</strong></span> <span class='ocrx_word' id='word_1_214' title='bbox 3044 1642 3206 1696; x_wconf 90' lang='lat' dir='ltr'><strong>tanto</strong></span> <span class='ocrx_word' id='word_1_215' title='bbox 3249 1638 3446 1696; x_wconf 90' lang='lat' dir='ltr'><strong>labore</strong></span> <span class='ocrx_word' id='word_1_216' title='bbox 3478 1639 3751 1699; x_wconf 88' lang='lat' dir='ltr'><strong>utilitatis</strong></span> 
     </span>
    </p>
   </div>
   <div class='ocr_carea' id='block_1_32' title="bbox 2097 1728 3746 1803">
    <p class='ocr_par' dir='ltr' id='par_1_32' title="bbox 2097 1728 3746 1803">
     <span class='ocr_line' id='line_1_32' title="bbox 2097 1728 3746 1803; baseline 0.001 -19"><span class='ocrx_word' id='word_1_217' title='bbox 2097 1732 2214 1785; x_wconf 66' lang='lat' dir='ltr'><strong>tuae</strong></span> <span class='ocrx_word' id='word_1_218' title='bbox 2243 1746 2423 1785; x_wconf 88' lang='lat' dir='ltr'><strong>causa</strong></span> <span class='ocrx_word' id='word_1_219' title='bbox 2452 1734 2747 1803; x_wconf 91' lang='lat' dir='ltr'><strong>suscepto,</strong></span> <span class='ocrx_word' id='word_1_220' title='bbox 2779 1728 2925 1785; x_wconf 87' lang='lat' dir='ltr'><strong>nihil</strong></span> <span class='ocrx_word' id='word_1_221' title='bbox 2975 1728 3133 1785; x_wconf 88' lang='lat' dir='ltr'><strong>aliud</strong></span> <span class='ocrx_word' id='word_1_222' title='bbox 3166 1745 3340 1800; x_wconf 92' lang='lat' dir='ltr'><strong>quam</strong></span> <span class='ocrx_word' id='word_1_223' title='bbox 3374 1728 3746 1787; x_wconf 89' lang='lat' dir='ltr'><strong>obtrectatio-</strong></span> 
     </span>
    </p>
   </div>
   <div class='ocr_carea' id='block_1_33' title="bbox 319 1817 3748 1921">
    <p class='ocr_par' dir='ltr' id='par_1_33' title="bbox 319 1817 3748 1921">
     <span class='ocr_line' id='line_1_33' title="bbox 319 1817 3748 1921; baseline 0 -46"><span class='ocrx_word' id='word_1_224' title='bbox 319 1823 445 1875; x_wconf 88' lang='lat' dir='ltr'><strong>tam</strong></span> <span class='ocrx_word' id='word_1_225' title='bbox 479 1820 839 1876; x_wconf 90' lang='lat' dir='ltr'><strong>mentionem</strong></span> <span class='ocrx_word' id='word_1_226' title='bbox 870 1821 1009 1876; x_wconf 82' lang='lat' dir='ltr'><strong>facit</strong></span> <span class='ocrx_word' id='word_1_227' title='bbox 1028 1821 1342 1894; x_wconf 85' lang='lat' dir='ltr'><strong>Gregorius</strong></span> <span class='ocrx_word' id='word_1_228' title='bbox 1366 1840 1379 1890; x_wconf 90' lang='lat'><strong>;</strong></span> <span class='ocrx_word' id='word_1_229' title='bbox 1405 1823 1559 1894; x_wconf 92' lang='lat' dir='ltr'><strong>quod</strong></span> <span class='ocrx_word' id='word_1_230' title='bbox 1586 1826 1766 1878; x_wconf 90' lang='lat' dir='ltr'><strong>etiam</strong></span> <span class='ocrx_word' id='word_1_231' title='bbox 1787 1823 1983 1895; x_wconf 90' lang='lat' dir='ltr'><strong>ipsum</strong></span> <span class='ocrx_word' id='word_1_232' title='bbox 2014 1856 2062 1921; x_wconf 78' lang='grc' dir='ltr'><strong>Β</strong></span> <span class='ocrx_word' id='word_1_233' title='bbox 2096 1834 2231 1874; x_wconf 91' lang='lat' dir='ltr'><strong>nem</strong></span> <span class='ocrx_word' id='word_1_234' title='bbox 2261 1818 2597 1891; x_wconf 88' lang='lat' dir='ltr'><strong>laborisque</strong></span> <span class='ocrx_word' id='word_1_235' title='bbox 2619 1817 3285 1891; x_wconf 77' lang='lat' dir='ltr'><strong>nostrisuggillationem</strong></span> <span class='ocrx_word' id='word_1_236' title='bbox 3303 1818 3748 1891; x_wconf 42' lang='lat' dir='ltr'><strong>referas..Longe</strong></span> 
     </span>
    </p>
   </div>
   <div class='ocr_carea' id='block_1_34' title="bbox 324 1909 1981 1968">
    <p class='ocr_par' dir='ltr' id='par_1_34' title="bbox 324 1909 1981 1968">
     <span class='ocr_line' id='line_1_34' title="bbox 324 1909 1981 1968; baseline 0.002 -3"><span class='ocrx_word' id='word_1_237' title='bbox 324 1910 396 1965; x_wconf 88' lang='lat' dir='ltr'><strong>de</strong></span> <span class='ocrx_word' id='word_1_238' title='bbox 427 1909 625 1965; x_wconf 78' lang='lat' dir='ltr'><strong>Graeco</strong></span> <span class='ocrx_word' id='word_1_239' title='bbox 656 1910 715 1965; x_wconf 90' lang='lat' dir='ltr'><strong>in</strong></span> <span class='ocrx_word' id='word_1_240' title='bbox 748 1910 1017 1966; x_wconf 90' lang='lat' dir='ltr'><strong>Latinum</strong></span> <span class='ocrx_word' id='word_1_241' title='bbox 1050 1914 1461 1967; x_wconf 87' lang='lat' dir='ltr'><strong>convertimus.</strong></span> <span class='ocrx_word' id='word_1_242' title='bbox 1491 1911 1637 1967; x_wconf 91' lang='lat' dir='ltr'><strong>Illud</strong></span> <span class='ocrx_word' id='word_1_243' title='bbox 1670 1917 1865 1967; x_wconf 87' lang='lat' dir='ltr'><strong>autem</strong></span> <span class='ocrx_word' id='word_1_244' title='bbox 1889 1930 1981 1968; x_wconf 91' lang='lat' dir='ltr'><strong>ve-</strong></span> 
     </span>
    </p>
   </div>
   <div class='ocr_carea' id='block_1_35' title="bbox 321 1998 1980 2072">
    <p class='ocr_par' dir='ltr' id='par_1_35' title="bbox 321 1998 1980 2072">
     <span class='ocr_line' id='line_1_35' title="bbox 321 1998 1980 2072; baseline 0.002 -18"><span class='ocrx_word' id='word_1_245' title='bbox 321 1998 460 2068; x_wconf 86' lang='lat' dir='ltr'><strong>lim,</strong></span> <span class='ocrx_word' id='word_1_246' title='bbox 480 1999 623 2054; x_wconf 89' lang='lat' dir='ltr'><strong>mihi</strong></span> <span class='ocrx_word' id='word_1_247' title='bbox 648 2000 837 2054; x_wconf 86' lang='lat' dir='ltr'><strong>fraudi</strong></span> <span class='ocrx_word' id='word_1_248' title='bbox 864 2016 935 2056; x_wconf 85' lang='lat' dir='ltr'><strong>ne</strong></span> <span class='ocrx_word' id='word_1_249' title='bbox 956 2001 1053 2069; x_wconf 90' lang='lat' dir='ltr'><strong>sit,</strong></span> <span class='ocrx_word' id='word_1_250' title='bbox 1083 2002 1235 2072; x_wconf 93' lang='lat' dir='ltr'><strong>quod</strong></span> <span class='ocrx_word' id='word_1_251' title='bbox 1264 2000 1450 2055; x_wconf 89' lang='lat' dir='ltr'><strong>multa</strong></span> <span class='ocrx_word' id='word_1_252' title='bbox 1478 2001 1601 2056; x_wconf 92' lang='lat' dir='ltr'><strong>loca</strong></span> <span class='ocrx_word' id='word_1_253' title='bbox 1632 2001 1856 2056; x_wconf 88' lang='lat' dir='ltr'><strong>Veteris</strong></span> <span class='ocrx_word' id='word_1_254' title='bbox 1875 2003 1980 2057; x_wconf 88' lang='lat' dir='ltr'><strong>Te-</strong></span> 
     </span>
    </p>
   </div>
   <div class='ocr_carea' id='block_1_36' title="bbox 322 2087 1980 2159">
    <p class='ocr_par' dir='ltr' id='par_1_36' title="bbox 322 2087 1980 2159">
     <span class='ocr_line' id='line_1_36' title="bbox 322 2087 1980 2159; baseline 0.001 -17"><span class='ocrx_word' id='word_1_255' title='bbox 322 2089 601 2142; x_wconf 77' lang='lat' dir='ltr'><strong>staznenti</strong></span> <span class='ocrx_word' id='word_1_256' title='bbox 636 2087 803 2141; x_wconf 89' lang='lat' dir='ltr'><strong>aliter</strong></span> <span class='ocrx_word' id='word_1_257' title='bbox 830 2087 993 2153; x_wconf 88' lang='lat' dir='ltr'><strong>verti,</strong></span> <span class='ocrx_word' id='word_1_258' title='bbox 1029 2106 1207 2159; x_wconf 91' lang='lat' dir='ltr'><strong>quam</strong></span> <span class='ocrx_word' id='word_1_259' title='bbox 1242 2089 1299 2142; x_wconf 85' lang='lat' dir='ltr'><strong>in</strong></span> <span class='ocrx_word' id='word_1_260' title='bbox 1337 2088 1583 2159; x_wconf 84' lang='lat' dir='ltr'><strong>Vulgata</strong></span> <span class='ocrx_word' id='word_1_261' title='bbox 1613 2088 1980 2144; x_wconf 89' lang='lat' dir='ltr'><strong>traductione</strong></span> 
     </span>
    </p>
   </div>
   <div class='ocr_carea' id='block_1_37' title="bbox 320 2176 1976 2244">
    <p class='ocr_par' dir='ltr' id='par_1_37' title="bbox 320 2176 1976 2244">
     <span class='ocr_line' id='line_1_37' title="bbox 320 2176 1976 2244; baseline 0 -12"><span class='ocrx_word' id='word_1_262' title='bbox 320 2176 672 2232; x_wconf 84' lang='lat' dir='ltr'><strong>habeantur.</strong></span> <span class='ocrx_word' id='word_1_263' title='bbox 693 2177 835 2231; x_wconf 91' lang='lat' dir='ltr'><strong>Nam</strong></span> <span class='ocrx_word' id='word_1_264' title='bbox 862 2193 996 2231; x_wconf 91' lang='lat' dir='ltr'><strong>cum</strong></span> <span class='ocrx_word' id='word_1_265' title='bbox 1017 2177 1157 2231; x_wconf 91' lang='lat' dir='ltr'><strong>mihi</strong></span> <span class='ocrx_word' id='word_1_266' title='bbox 1182 2194 1315 2231; x_wconf 92' lang='lat' dir='ltr'><strong>cum</strong></span> <span class='ocrx_word' id='word_1_267' title='bbox 1339 2194 1404 2232; x_wconf 93' lang='lat' dir='ltr'><strong>eo</strong></span> <span class='ocrx_word' id='word_1_268' title='bbox 1427 2177 1661 2231; x_wconf 90' lang='lat' dir='ltr'><strong>homine</strong></span> <span class='ocrx_word' id='word_1_269' title='bbox 1688 2194 1779 2232; x_wconf 90' lang='lat' dir='ltr'><strong>res</strong></span> <span class='ocrx_word' id='word_1_270' title='bbox 1799 2183 1976 2244; x_wconf 89' lang='lat' dir='ltr'><strong>esset,</strong></span> 
     </span>
    </p>
   </div>
   <div class='ocr_carea' id='block_1_38' title="bbox 320 2265 1977 2338">
    <p class='ocr_par' dir='ltr' id='par_1_38' title="bbox 320 2265 1977 2338">
     <span class='ocr_line' id='line_1_38' title="bbox 320 2265 1977 2338; baseline 0.002 -19"><span class='ocrx_word' id='word_1_271' title='bbox 320 2265 421 2337; x_wconf 89' lang='lat' dir='ltr'><strong>qui</strong></span> <span class='ocrx_word' id='word_1_272' title='bbox 455 2283 570 2321; x_wconf 92' lang='lat' dir='ltr'><strong>non</strong></span> <span class='ocrx_word' id='word_1_273' title='bbox 597 2266 711 2320; x_wconf 88' lang='lat' dir='ltr'><strong>alia</strong></span> <span class='ocrx_word' id='word_1_274' title='bbox 755 2283 930 2337; x_wconf 90' lang='lat' dir='ltr'><strong>quam</strong></span> <span class='ocrx_word' id='word_1_275' title='bbox 982 2266 1125 2321; x_wconf 88' lang='lat' dir='ltr'><strong>LXX</strong></span> <span class='ocrx_word' id='word_1_276' title='bbox 1175 2267 1564 2338; x_wconf 88' lang='lat' dir='ltr'><strong>lnterpretum</strong></span> <span class='ocrx_word' id='word_1_277' title='bbox 1597 2266 1977 2322; x_wconf 88' lang='lat' dir='ltr'><strong>translatione</strong></span> 
     </span>
    </p>
   </div>
   <div class='ocr_carea' id='block_1_39' title="bbox 316 2355 1972 2429">
    <p class='ocr_par' dir='ltr' id='par_1_39' title="bbox 316 2355 1972 2429">
     <span class='ocr_line' id='line_1_39' title="bbox 316 2355 1972 2429; baseline 0.001 -19"><span class='ocrx_word' id='word_1_278' title='bbox 316 2361 607 2423; x_wconf 72' lang='lat' dir='ltr'><strong>uteretur,</strong></span> <span class='ocrx_word' id='word_1_279' title='bbox 642 2355 835 2411; x_wconf 88' lang='lat' dir='ltr'><strong>decuit</strong></span> <span class='ocrx_word' id='word_1_280' title='bbox 869 2372 960 2411; x_wconf 92' lang='lat' dir='ltr'><strong>me</strong></span> <span class='ocrx_word' id='word_1_281' title='bbox 994 2356 1270 2428; x_wconf 90' lang='lat' dir='ltr'><strong>profecto,</strong></span> <span class='ocrx_word' id='word_1_282' title='bbox 1296 2356 1408 2411; x_wconf 91' lang='lat' dir='ltr'><strong>imo</strong></span> <span class='ocrx_word' id='word_1_283' title='bbox 1431 2356 1667 2411; x_wconf 90' lang='lat' dir='ltr'><strong>omnino</strong></span> <span class='ocrx_word' id='word_1_284' title='bbox 1694 2357 1972 2429; x_wconf 91' lang='lat' dir='ltr'><strong>oportuit,</strong></span> 
     </span>
    </p>
   </div>
   <div class='ocr_carea' id='block_1_40' title="bbox 312 2442 1977 2516">
    <p class='ocr_par' dir='ltr' id='par_1_40' title="bbox 312 2442 1977 2516">
     <span class='ocr_line' id='line_1_40' title="bbox 312 2442 1977 2516; baseline 0.002 -19"><span class='ocrx_word' id='word_1_285' title='bbox 312 2442 505 2515; x_wconf 84' lang='lat' dir='ltr'><strong>ipsius</strong></span> <span class='ocrx_word' id='word_1_286' title='bbox 528 2446 787 2516; x_wconf 86' lang='lat' dir='ltr'><strong>vestigiis</strong></span> <span class='ocrx_word' id='word_1_287' title='bbox 808 2445 866 2499; x_wconf 92' lang='lat' dir='ltr'><strong>in</strong></span> <span class='ocrx_word' id='word_1_288' title='bbox 891 2446 1153 2501; x_wconf 88' lang='lat' dir='ltr'><strong>versione</strong></span> <span class='ocrx_word' id='word_1_289' title='bbox 1174 2462 1301 2501; x_wconf 91' lang='lat' dir='ltr'><strong>mea</strong></span> <span class='ocrx_word' id='word_1_290' title='bbox 1319 2445 1609 2511; x_wconf 90' lang='lat' dir='ltr'><strong>insistere,</strong></span> <span class='ocrx_word' id='word_1_291' title='bbox 1630 2450 1801 2515; x_wconf 92' lang='lat' dir='ltr'><strong>atque</strong></span> <span class='ocrx_word' id='word_1_292' title='bbox 1821 2463 1977 2501; x_wconf 89' lang='lat' dir='ltr'><strong>eam-</strong></span> 
     </span>
    </p>
   </div>
   <div class='ocr_carea' id='block_1_41' title="bbox 314 2531 1975 2605">
    <p class='ocr_par' dir='ltr' id='par_1_41' title="bbox 314 2531 1975 2605">
     <span class='ocr_line' id='line_1_41' title="bbox 314 2531 1975 2605; baseline 0.002 -20"><span class='ocrx_word' id='word_1_293' title='bbox 314 2531 453 2585; x_wconf 87' lang='lat' dir='ltr'><strong>dem</strong></span> <span class='ocrx_word' id='word_1_294' title='bbox 487 2531 932 2587; x_wconf 89' lang='lat' dir='ltr'><strong>translationem</strong></span> <span class='ocrx_word' id='word_1_295' title='bbox 967 2532 1155 2603; x_wconf 88' lang='lat' dir='ltr'><strong>sequi.</strong></span> <span class='ocrx_word' id='word_1_296' title='bbox 1186 2532 1414 2604; x_wconf 89' lang='lat' dir='ltr'><strong>Alioqui</strong></span> <span class='ocrx_word' id='word_1_297' title='bbox 1441 2532 1764 2588; x_wconf 82' lang='lat' dir='ltr'><strong>innumeris</strong></span> <span class='ocrx_word' id='word_1_298' title='bbox 1796 2550 1975 2605; x_wconf 88' lang='lat' dir='ltr'><strong>prope</strong></span> 
     </span>
    </p>
   </div>
   <div class='ocr_carea' id='block_1_42' title="bbox 313 2618 1970 2694">
    <p class='ocr_par' dir='ltr' id='par_1_42' title="bbox 313 2618 1970 2694">
     <span class='ocr_line' id='line_1_42' title="bbox 313 2618 1970 2694; baseline 0.002 -20"><span class='ocrx_word' id='word_1_299' title='bbox 313 2618 462 2675; x_wconf 87' lang='lat' dir='ltr'><strong>locis</strong></span> <span class='ocrx_word' id='word_1_300' title='bbox 495 2635 598 2674; x_wconf 91' lang='lat' dir='ltr'><strong>nec</strong></span> <span class='ocrx_word' id='word_1_301' title='bbox 630 2619 888 2692; x_wconf 88' lang='lat' dir='ltr'><strong>Gregorii</strong></span> <span class='ocrx_word' id='word_1_302' title='bbox 921 2620 1225 2692; x_wconf 87' lang='lat' dir='ltr'><strong>explicatio</strong></span> <span class='ocrx_word' id='word_1_303' title='bbox 1273 2638 1407 2676; x_wconf 85' lang='lat' dir='ltr'><strong>cum</strong></span> <span class='ocrx_word' id='word_1_304' title='bbox 1451 2622 1758 2694; x_wconf 62' lang='lat' dir='ltr'><strong>Scriptura;</strong></span> <span class='ocrx_word' id='word_1_305' title='bbox 1790 2627 1970 2689; x_wconf 87' lang='lat' dir='ltr'><strong>textu,</strong></span> 
     </span>
    </p>
   </div>
   <div class='ocr_carea' id='block_1_43' title="bbox 314 2709 1972 2783">
    <p class='ocr_par' dir='ltr' id='par_1_43' title="bbox 314 2709 1972 2783">
     <span class='ocr_line' id='line_1_43' title="bbox 314 2709 1972 2783; baseline 0.001 -18"><span class='ocrx_word' id='word_1_306' title='bbox 314 2725 422 2765; x_wconf 88' lang='lat' dir='ltr'><strong>nec</strong></span> <span class='ocrx_word' id='word_1_307' title='bbox 449 2709 661 2763; x_wconf 64' lang='lat' dir='ltr'><strong>Nicetes</strong></span> <span class='ocrx_word' id='word_1_308' title='bbox 706 2709 988 2781; x_wconf 85' lang='lat' dir='ltr'><strong>expositio</strong></span> <span class='ocrx_word' id='word_1_309' title='bbox 1029 2727 1163 2765; x_wconf 91' lang='lat' dir='ltr'><strong>cum</strong></span> <span class='ocrx_word' id='word_1_310' title='bbox 1209 2711 1491 2783; x_wconf 86' lang='lat' dir='ltr'><strong>Gregorii,</strong></span> <span class='ocrx_word' id='word_1_311' title='bbox 1543 2711 1972 2783; x_wconf 81' lang='lat' dir='ltr'><strong>Scripturaeque</strong></span> 
     </span>
    </p>
   </div>
   <div class='ocr_carea' id='block_1_44' title="bbox 313 2797 1972 2871">
    <p class='ocr_par' dir='ltr' id='par_1_44' title="bbox 313 2797 1972 2871">
     <span class='ocr_line' id='line_1_44' title="bbox 313 2797 1972 2871; baseline 0.003 -19"><span class='ocrx_word' id='word_1_312' title='bbox 313 2798 510 2853; x_wconf 81' lang='lat' dir='ltr'><strong>verbis</strong></span> <span class='ocrx_word' id='word_1_313' title='bbox 544 2797 663 2853; x_wconf 92' lang='lat' dir='ltr'><strong>ullo</strong></span> <span class='ocrx_word' id='word_1_314' title='bbox 694 2800 867 2854; x_wconf 92' lang='lat' dir='ltr'><strong>modo</strong></span> <span class='ocrx_word' id='word_1_315' title='bbox 900 2800 1285 2870; x_wconf 83' lang='lat' dir='ltr'><strong>quadrasset;</strong></span> <span class='ocrx_word' id='word_1_316' title='bbox 1317 2816 1516 2855; x_wconf 92' lang='lat' dir='ltr'><strong>verum</strong></span> <span class='ocrx_word' id='word_1_317' title='bbox 1541 2801 1696 2854; x_wconf 88' lang='lat' dir='ltr'><strong>aliud</strong></span> <span class='ocrx_word' id='word_1_318' title='bbox 1728 2801 1972 2871; x_wconf 87' lang='lat' dir='ltr'><strong>tibia,ut</strong></span> 
     </span>
    </p>
   </div>
   <div class='ocr_carea' id='block_1_45' title="bbox 312 2888 1841 2960">
    <p class='ocr_par' dir='ltr' id='par_1_45' title="bbox 312 2888 1841 2960">
     <span class='ocr_line' id='line_1_45' title="bbox 312 2888 1841 2960; baseline 0.002 -21"><span class='ocrx_word' id='word_1_319' title='bbox 312 2888 489 2959; x_wconf 78' lang='lat' dir='ltr'><strong>vulgo</strong></span> <span class='ocrx_word' id='word_1_320' title='bbox 520 2888 635 2941; x_wconf 91' lang='lat' dir='ltr'><strong>dici</strong></span> <span class='ocrx_word' id='word_1_321' title='bbox 667 2888 833 2957; x_wconf 90' lang='lat' dir='ltr'><strong>solet,</strong></span> <span class='ocrx_word' id='word_1_322' title='bbox 870 2888 1192 2959; x_wconf 86' lang='lat' dir='ltr'><strong>cecinisset,</strong></span> <span class='ocrx_word' id='word_1_323' title='bbox 1225 2889 1384 2943; x_wconf 89' lang='lat' dir='ltr'><strong>aliud</strong></span> <span class='ocrx_word' id='word_1_324' title='bbox 1418 2906 1520 2960; x_wconf 90' lang='lat' dir='ltr'><strong>pes</strong></span> <span class='ocrx_word' id='word_1_325' title='bbox 1551 2890 1841 2945; x_wconf 89' lang='lat' dir='ltr'><strong>saltasset.</strong></span> 
     </span>
    </p>
   </div>
   <div class='ocr_carea' id='block_1_46' title="bbox 385 2977 1970 3051">
    <p class='ocr_par' dir='ltr' id='par_1_46' title="bbox 385 2977 1970 3051">
     <span class='ocr_line' id='line_1_46' title="bbox 385 2977 1970 3051; baseline 0.002 -20"><span class='ocrx_word' id='word_1_326' title='bbox 385 2977 519 3031; x_wconf 72' lang='lat' dir='ltr'><strong>Haec</strong></span> <span class='ocrx_word' id='word_1_327' title='bbox 542 2982 704 3043; x_wconf 88' lang='lat' dir='ltr'><strong>sunt,</strong></span> <span class='ocrx_word' id='word_1_328' title='bbox 726 2978 947 3044; x_wconf 87' lang='lat' dir='ltr'><strong>Lector,</strong></span> <span class='ocrx_word' id='word_1_329' title='bbox 971 2995 1096 3049; x_wconf 67' lang='lat' dir='ltr'><strong>quae</strong></span> <span class='ocrx_word' id='word_1_330' title='bbox 1120 2979 1187 3033; x_wconf 74' lang='lat' dir='ltr'><strong>ad</strong></span> <span class='ocrx_word' id='word_1_331' title='bbox 1210 2978 1274 3033; x_wconf 92' lang='lat' dir='ltr'><strong>D.</strong></span> <span class='ocrx_word' id='word_1_332' title='bbox 1300 2978 1582 3051; x_wconf 84' lang='lat' dir='ltr'><strong>Gregorii,</strong></span> <span class='ocrx_word' id='word_1_333' title='bbox 1602 2978 1721 3034; x_wconf 91' lang='lat' dir='ltr'><strong>imo</strong></span> <span class='ocrx_word' id='word_1_334' title='bbox 1744 2979 1814 3033; x_wconf 89' lang='lat' dir='ltr'><strong>ad</strong></span> <span class='ocrx_word' id='word_1_335' title='bbox 1834 2984 1970 3034; x_wconf 88' lang='lat' dir='ltr'><strong>tem-</strong></span> 
     </span>
    </p>
   </div>
   <div class='ocr_carea' id='block_1_47' title="bbox 312 3066 1969 3139">
    <p class='ocr_par' dir='ltr' id='par_1_47' title="bbox 312 3066 1969 3139">
     <span class='ocr_line' id='line_1_47' title="bbox 312 3066 1969 3139; baseline 0.002 -17"><span class='ocrx_word' id='word_1_336' title='bbox 312 3066 393 3139; x_wconf 84' lang='lat' dir='ltr'><strong>pli</strong></span> <span class='ocrx_word' id='word_1_337' title='bbox 431 3067 549 3135; x_wconf 89' lang='lat' dir='ltr'><strong>Dei,</strong></span> <span class='ocrx_word' id='word_1_338' title='bbox 584 3068 754 3139; x_wconf 87' lang='lat' dir='ltr'><strong>cujus</strong></span> <span class='ocrx_word' id='word_1_339' title='bbox 794 3066 889 3122; x_wconf 89' lang='lat' dir='ltr'><strong>ille</strong></span> <span class='ocrx_word' id='word_1_340' title='bbox 926 3067 1077 3139; x_wconf 91' lang='lat' dir='ltr'><strong>lapis</strong></span> <span class='ocrx_word' id='word_1_341' title='bbox 1110 3068 1272 3123; x_wconf 89' lang='lat' dir='ltr'><strong>vivus</strong></span> <span class='ocrx_word' id='word_1_342' title='bbox 1315 3068 1441 3138; x_wconf 86' lang='lat' dir='ltr'><strong>fuit,</strong></span> <span class='ocrx_word' id='word_1_343' title='bbox 1474 3067 1904 3123; x_wconf 86' lang='lat' dir='ltr'><strong>exornationem</strong></span> <span class='ocrx_word' id='word_1_344' title='bbox 1936 3086 1969 3125; x_wconf 90' lang='lat' dir='ltr'><strong>a</strong></span> 
     </span>
    </p>
   </div>
   <div class='ocr_carea' id='block_1_48' title="bbox 313 3156 1965 3227">
    <p class='ocr_par' dir='ltr' id='par_1_48' title="bbox 313 3156 1965 3227">
     <span class='ocr_line' id='line_1_48' title="bbox 313 3156 1965 3227; baseline 0.002 -16"><span class='ocrx_word' id='word_1_345' title='bbox 313 3158 486 3212; x_wconf 89' lang='lat' dir='ltr'><strong>nobis</strong></span> <span class='ocrx_word' id='word_1_346' title='bbox 518 3157 729 3212; x_wconf 81' lang='lat' dir='ltr'><strong>collata</strong></span> <span class='ocrx_word' id='word_1_347' title='bbox 762 3160 939 3212; x_wconf 89' lang='lat' dir='ltr'><strong>sunt:</strong></span> <span class='ocrx_word' id='word_1_348' title='bbox 992 3174 1118 3227; x_wconf 68' lang='lat' dir='ltr'><strong>quae</strong></span> <span class='ocrx_word' id='word_1_349' title='bbox 1168 3156 1214 3210; x_wconf 89' lang='lat' dir='ltr'><strong>si</strong></span> <span class='ocrx_word' id='word_1_350' title='bbox 1272 3158 1343 3212; x_wconf 88' lang='lat' dir='ltr'><strong>ad</strong></span> <span class='ocrx_word' id='word_1_351' title='bbox 1390 3158 1600 3212; x_wconf 92' lang='lat' dir='ltr'><strong>virium</strong></span> <span class='ocrx_word' id='word_1_352' title='bbox 1632 3165 1965 3214; x_wconf 88' lang='lat' dir='ltr'><strong>nostrarum</strong></span> 
     </span>
    </p>
   </div>
   <div class='ocr_carea' id='block_1_49' title="bbox 2093 1907 3745 1981">
    <p class='ocr_par' dir='ltr' id='par_1_49' title="bbox 2093 1907 3745 1981">
     <span class='ocr_line' id='line_1_49' title="bbox 2093 1907 3745 1981; baseline 0.001 -17"><span class='ocrx_word' id='word_1_353' title='bbox 2093 1907 2248 1964; x_wconf 86' lang='lat' dir='ltr'><strong>enim</strong></span> <span class='ocrx_word' id='word_1_354' title='bbox 2278 1909 2503 1981; x_wconf 68' lang='lat' dir='ltr'><strong>aequius</strong></span> <span class='ocrx_word' id='word_1_355' title='bbox 2537 1925 2602 1963; x_wconf 91' lang='lat' dir='ltr'><strong>ac</strong></span> <span class='ocrx_word' id='word_1_356' title='bbox 2633 1908 2963 1964; x_wconf 89' lang='lat' dir='ltr'><strong>Christiano</strong></span> <span class='ocrx_word' id='word_1_357' title='bbox 2995 1907 3231 1964; x_wconf 88' lang='lat' dir='ltr'><strong>homine</strong></span> <span class='ocrx_word' id='word_1_358' title='bbox 3269 1908 3507 1981; x_wconf 89' lang='lat' dir='ltr'><strong>dignius</strong></span> <span class='ocrx_word' id='word_1_359' title='bbox 3536 1912 3625 1964; x_wconf 86' lang='lat' dir='ltr'><strong>est</strong></span> <span class='ocrx_word' id='word_1_360' title='bbox 3672 1910 3745 1966; x_wconf 92' lang='lat' dir='ltr'><strong>ob</strong></span> 
     </span>
    </p>
   </div>
   <div class='ocr_carea' id='block_1_50' title="bbox 2092 1997 3743 2070">
    <p class='ocr_par' dir='ltr' id='par_1_50' title="bbox 2092 1997 3743 2070">
     <span class='ocr_line' id='line_1_50' title="bbox 2092 1997 3743 2070; baseline 0.001 -17"><span class='ocrx_word' id='word_1_361' title='bbox 2092 1997 2278 2054; x_wconf 85' lang='lat' dir='ltr'><strong>multa</strong></span> <span class='ocrx_word' id='word_1_362' title='bbox 2295 1999 2441 2053; x_wconf 89' lang='lat' dir='ltr'><strong>bene</strong></span> <span class='ocrx_word' id='word_1_363' title='bbox 2469 1998 2626 2053; x_wconf 88' lang='lat' dir='ltr'><strong>dicta</strong></span> <span class='ocrx_word' id='word_1_364' title='bbox 2656 1999 2725 2053; x_wconf 92' lang='lat' dir='ltr'><strong>ad</strong></span> <span class='ocrx_word' id='word_1_365' title='bbox 2743 1998 3009 2069; x_wconf 76' lang='lat' dir='ltr'><strong>qua-dam</strong></span> <span class='ocrx_word' id='word_1_366' title='bbox 3024 2004 3211 2053; x_wconf 91' lang='lat' dir='ltr'><strong>errata</strong></span> <span class='ocrx_word' id='word_1_367' title='bbox 3230 1997 3743 2070; x_wconf 88' lang='lat' dir='ltr'><strong>connivere,quam</strong></span> 
     </span>
    </p>
   </div>
   <div class='ocr_carea' id='block_1_51' title="bbox 2091 2086 3742 2158">
    <p class='ocr_par' dir='ltr' id='par_1_51' title="bbox 2091 2086 3742 2158">
     <span class='ocr_line' id='line_1_51' title="bbox 2091 2086 3742 2158; baseline 0.001 -17"><span class='ocrx_word' id='word_1_368' title='bbox 2091 2088 2163 2142; x_wconf 94' lang='lat' dir='ltr'><strong>ob</strong></span> <span class='ocrx_word' id='word_1_369' title='bbox 2195 2088 2463 2158; x_wconf 64' lang='lat' dir='ltr'><strong>quaedam</strong></span> <span class='ocrx_word' id='word_1_370' title='bbox 2504 2093 2695 2142; x_wconf 88' lang='lat' dir='ltr'><strong>errata</strong></span> <span class='ocrx_word' id='word_1_371' title='bbox 2726 2091 2912 2142; x_wconf 90' lang='lat' dir='ltr'><strong>totum</strong></span> <span class='ocrx_word' id='word_1_372' title='bbox 2951 2104 3097 2158; x_wconf 90' lang='lat' dir='ltr'><strong>opus</strong></span> <span class='ocrx_word' id='word_1_373' title='bbox 3130 2086 3402 2155; x_wconf 88' lang='lat' dir='ltr'><strong>lacerare,</strong></span> <span class='ocrx_word' id='word_1_374' title='bbox 3455 2104 3520 2142; x_wconf 89' lang='lat' dir='ltr'><strong>ac</strong></span> <span class='ocrx_word' id='word_1_375' title='bbox 3548 2105 3742 2143; x_wconf 87' lang='lat' dir='ltr'><strong>scara-</strong></span> 
     </span>
    </p>
   </div>
   <div class='ocr_carea' id='block_1_52' title="bbox 2091 2176 3744 2248">
    <p class='ocr_par' dir='ltr' id='par_1_52' title="bbox 2091 2176 3744 2248">
     <span class='ocr_line' id='line_1_52' title="bbox 2091 2176 3744 2248; baseline 0.001 -18"><span class='ocrx_word' id='word_1_376' title='bbox 2091 2176 2245 2231; x_wconf 69' lang='lat' dir='ltr'><strong>baaos</strong></span> <span class='ocrx_word' id='word_1_377' title='bbox 2276 2176 2629 2247; x_wconf 89' lang='lat' dir='ltr'><strong>imitari,qui</strong></span> <span class='ocrx_word' id='word_1_378' title='bbox 2666 2176 2982 2247; x_wconf 87' lang='lat' dir='ltr'><strong>unguentis</strong></span> <span class='ocrx_word' id='word_1_379' title='bbox 3014 2177 3212 2230; x_wconf 89' lang='lat' dir='ltr'><strong>minus</strong></span> <span class='ocrx_word' id='word_1_380' title='bbox 3240 2176 3506 2231; x_wconf 89' lang='lat' dir='ltr'><strong>delectati</strong></span> <span class='ocrx_word' id='word_1_381' title='bbox 3538 2177 3744 2248; x_wconf 85' lang='lat' dir='ltr'><strong>putida</strong></span> 
     </span>
    </p>
   </div>
   <div class='ocr_carea' id='block_1_53' title="bbox 2088 2266 3741 2336">
    <p class='ocr_par' dir='ltr' id='par_1_53' title="bbox 2088 2266 3741 2336">
     <span class='ocr_line' id='line_1_53' title="bbox 2088 2266 3741 2336; baseline 0.001 -17"><span class='ocrx_word' id='word_1_382' title='bbox 2088 2268 2518 2319; x_wconf 89' lang='lat' dir='ltr'><strong>consectantur.</strong></span> <span class='ocrx_word' id='word_1_383' title='bbox 2539 2267 2879 2335; x_wconf 88' lang='lat' dir='ltr'><strong>Quanquam</strong></span> <span class='ocrx_word' id='word_1_384' title='bbox 2902 2281 3013 2318; x_wconf 91' lang='lat' dir='ltr'><strong>non</strong></span> <span class='ocrx_word' id='word_1_385' title='bbox 3038 2270 3159 2319; x_wconf 85' lang='lat' dir='ltr'><strong>tam</strong></span> <span class='ocrx_word' id='word_1_386' title='bbox 3180 2270 3309 2336; x_wconf 89' lang='lat' dir='ltr'><strong>peto</strong></span> <span class='ocrx_word' id='word_1_387' title='bbox 3343 2269 3405 2318; x_wconf 93' lang='lat' dir='ltr'><strong>ut</strong></span> <span class='ocrx_word' id='word_1_388' title='bbox 3433 2266 3505 2318; x_wconf 87' lang='lat' dir='ltr'><strong>ad</strong></span> <span class='ocrx_word' id='word_1_389' title='bbox 3519 2282 3741 2322; x_wconf 88' lang='lat' dir='ltr'><strong>errores</strong></span> 
     </span>
    </p>
   </div>
   <div class='ocr_carea' id='block_1_54' title="bbox 2085 2354 3742 2428">
    <p class='ocr_par' dir='ltr' id='par_1_54' title="bbox 2085 2354 3742 2428">
     <span class='ocr_line' id='line_1_54' title="bbox 2085 2354 3742 2428; baseline 0.002 -19"><span class='ocrx_word' id='word_1_390' title='bbox 2085 2354 2405 2428; x_wconf 89' lang='lat' dir='ltr'><strong>lapsusque</strong></span> <span class='ocrx_word' id='word_1_391' title='bbox 2435 2362 2665 2412; x_wconf 89' lang='lat' dir='ltr'><strong>nostros</strong></span> <span class='ocrx_word' id='word_1_392' title='bbox 2696 2356 3028 2426; x_wconf 85' lang='lat' dir='ltr'><strong>conniveas,</strong></span> <span class='ocrx_word' id='word_1_393' title='bbox 3062 2372 3237 2427; x_wconf 90' lang='lat' dir='ltr'><strong>quam</strong></span> <span class='ocrx_word' id='word_1_394' title='bbox 3262 2360 3325 2409; x_wconf 89' lang='lat' dir='ltr'><strong>ut</strong></span> <span class='ocrx_word' id='word_1_395' title='bbox 3357 2356 3427 2411; x_wconf 90' lang='lat' dir='ltr'><strong>ab</strong></span> <span class='ocrx_word' id='word_1_396' title='bbox 3460 2356 3742 2412; x_wconf 89' lang='lat' dir='ltr'><strong>obtrecta-</strong></span> 
     </span>
    </p>
   </div>
   <div class='ocr_carea' id='block_1_55' title="bbox 2085 2444 3739 2517">
    <p class='ocr_par' dir='ltr' id='par_1_55' title="bbox 2085 2444 3739 2517">
     <span class='ocr_line' id='line_1_55' title="bbox 2085 2444 3739 2517; baseline 0.001 -18"><span class='ocrx_word' id='word_1_397' title='bbox 2085 2444 2242 2501; x_wconf 90' lang='lat' dir='ltr'><strong>tione</strong></span> <span class='ocrx_word' id='word_1_398' title='bbox 2271 2451 2327 2501; x_wconf 89' lang='lat' dir='ltr'><strong>et</strong></span> <span class='ocrx_word' id='word_1_399' title='bbox 2386 2445 2791 2501; x_wconf 86' lang='lat' dir='ltr'><strong>maledicentia</strong></span> <span class='ocrx_word' id='word_1_400' title='bbox 2839 2449 3151 2517; x_wconf 89' lang='lat' dir='ltr'><strong>temperes.</strong></span> <span class='ocrx_word' id='word_1_401' title='bbox 3214 2444 3597 2501; x_wconf 82' lang='lat' dir='ltr'><strong>Admonendo</strong></span> <span class='ocrx_word' id='word_1_402' title='bbox 3652 2446 3739 2501; x_wconf 81' lang='lat' dir='ltr'><strong>vel</strong></span> 
     </span>
    </p>
   </div>
   <div class='ocr_carea' id='block_1_56' title="bbox 2084 2533 3735 2606">
    <p class='ocr_par' dir='ltr' id='par_1_56' title="bbox 2084 2533 3735 2606">
     <span class='ocr_line' id='line_1_56' title="bbox 2084 2533 3735 2606; baseline -0.001 -17"><span class='ocrx_word' id='word_1_403' title='bbox 2084 2535 2257 2589; x_wconf 89' lang='lat' dir='ltr'><strong>etiam</strong></span> <span class='ocrx_word' id='word_1_404' title='bbox 2292 2536 2634 2606; x_wconf 89' lang='lat' dir='ltr'><strong>corrigendo</strong></span> <span class='ocrx_word' id='word_1_405' title='bbox 2664 2552 2732 2590; x_wconf 88' lang='lat' dir='ltr'><strong>ea</strong></span> <span class='ocrx_word' id='word_1_406' title='bbox 2792 2534 2852 2589; x_wconf 93' lang='lat' dir='ltr'><strong>in</strong></span> <span class='ocrx_word' id='word_1_407' title='bbox 2885 2533 3101 2605; x_wconf 86' lang='lat' dir='ltr'><strong>quibus</strong></span> <span class='ocrx_word' id='word_1_408' title='bbox 3130 2549 3356 2589; x_wconf 85' lang='lat' dir='ltr'><strong>errasse</strong></span> <span class='ocrx_word' id='word_1_409' title='bbox 3384 2533 3735 2600; x_wconf 86' lang='lat' dir='ltr'><strong>videbimur,</strong></span> 
     </span>
    </p>
   </div>
   <div class='ocr_carea' id='block_1_57' title="bbox 2083 2621 3730 2695">
    <p class='ocr_par' dir='ltr' id='par_1_57' title="bbox 2083 2621 3730 2695">
     <span class='ocr_line' id='line_1_57' title="bbox 2083 2621 3730 2695; baseline 0.001 -17"><span class='ocrx_word' id='word_1_410' title='bbox 2083 2639 2206 2678; x_wconf 90' lang='lat' dir='ltr'><strong>rem</strong></span> <span class='ocrx_word' id='word_1_411' title='bbox 2232 2628 2289 2678; x_wconf 89' lang='lat' dir='ltr'><strong>et</strong></span> <span class='ocrx_word' id='word_1_412' title='bbox 2316 2623 2456 2678; x_wconf 90' lang='lat' dir='ltr'><strong>mihi</strong></span> <span class='ocrx_word' id='word_1_413' title='bbox 2481 2640 2595 2678; x_wconf 91' lang='lat' dir='ltr'><strong>non</strong></span> <span class='ocrx_word' id='word_1_414' title='bbox 2629 2623 2945 2695; x_wconf 87' lang='lat' dir='ltr'><strong>ingratam,</strong></span> <span class='ocrx_word' id='word_1_415' title='bbox 2997 2628 3053 2677; x_wconf 92' lang='lat' dir='ltr'><strong>et</strong></span> <span class='ocrx_word' id='word_1_416' title='bbox 3106 2621 3237 2677; x_wconf 92' lang='lat' dir='ltr'><strong>aliis</strong></span> <span class='ocrx_word' id='word_1_417' title='bbox 3282 2622 3485 2677; x_wconf 84' lang='lat' dir='ltr'><strong>utilem</strong></span> <span class='ocrx_word' id='word_1_418' title='bbox 3518 2622 3730 2679; x_wconf 86' lang='lat' dir='ltr'><strong>facies:</strong></span> 
     </span>
    </p>
   </div>
   <div class='ocr_carea' id='block_1_58' title="bbox 2081 2711 3732 2784">
    <p class='ocr_par' dir='ltr' id='par_1_58' title="bbox 2081 2711 3732 2784">
     <span class='ocr_line' id='line_1_58' title="bbox 2081 2711 3732 2784; baseline -0.001 -14"><span class='ocrx_word' id='word_1_419' title='bbox 2081 2712 2424 2770; x_wconf 90' lang='lat' dir='ltr'><strong>oblatrando</strong></span> <span class='ocrx_word' id='word_1_420' title='bbox 2455 2718 2513 2771; x_wconf 90' lang='lat' dir='ltr'><strong>et</strong></span> <span class='ocrx_word' id='word_1_421' title='bbox 2566 2713 2980 2769; x_wconf 88' lang='lat' dir='ltr'><strong>calumniando</strong></span> <span class='ocrx_word' id='word_1_422' title='bbox 3028 2729 3132 2768; x_wconf 91' lang='lat' dir='ltr'><strong>nec</strong></span> <span class='ocrx_word' id='word_1_423' title='bbox 3175 2711 3305 2768; x_wconf 91' lang='lat' dir='ltr'><strong>aliis</strong></span> <span class='ocrx_word' id='word_1_424' title='bbox 3345 2712 3628 2784; x_wconf 90' lang='lat' dir='ltr'><strong>proderis,</strong></span> <span class='ocrx_word' id='word_1_425' title='bbox 3678 2717 3732 2769; x_wconf 90' lang='lat' dir='ltr'><strong>et</strong></span> 
     </span>
    </p>
   </div>
   <div class='ocr_carea' id='block_1_59' title="bbox 2080 2800 3730 2875">
    <p class='ocr_par' dir='ltr' id='par_1_59' title="bbox 2080 2800 3730 2875">
     <span class='ocr_line' id='line_1_59' title="bbox 2080 2800 3730 2875; baseline 0 -18"><span class='ocrx_word' id='word_1_426' title='bbox 2080 2803 2239 2875; x_wconf 87' lang='lat' dir='ltr'><strong>gravi</strong></span> <span class='ocrx_word' id='word_1_427' title='bbox 2257 2800 3281 2875; x_wconf 83' lang='lat' dir='ltr'><strong>crimineteipsumobstringes.Nam</strong></span> <span class='ocrx_word' id='word_1_428' title='bbox 3306 2818 3435 2856; x_wconf 93' lang='lat' dir='ltr'><strong>cum</strong></span> <span class='ocrx_word' id='word_1_429' title='bbox 3463 2800 3730 2857; x_wconf 86' lang='lat' dir='ltr'><strong>Christus</strong></span> 
     </span>
    </p>
   </div>
   <div class='ocr_carea' id='block_1_60' title="bbox 2078 2890 3729 2963">
    <p class='ocr_par' dir='ltr' id='par_1_60' title="bbox 2078 2890 3729 2963">
     <span class='ocr_line' id='line_1_60' title="bbox 2078 2890 3729 2963; baseline -0.001 -17"><span class='ocrx_word' id='word_1_430' title='bbox 2078 2892 2154 2948; x_wconf 89' lang='lat' dir='ltr'><strong>iis</strong></span> <span class='ocrx_word' id='word_1_431' title='bbox 2184 2893 2359 2947; x_wconf 91' lang='lat' dir='ltr'><strong>etiam</strong></span> <span class='ocrx_word' id='word_1_432' title='bbox 2393 2911 2426 2948; x_wconf 91' lang='lat' dir='ltr'><strong>a</strong></span> <span class='ocrx_word' id='word_1_433' title='bbox 2446 2893 2663 2963; x_wconf 90' lang='lat' dir='ltr'><strong>quibus</strong></span> <span class='ocrx_word' id='word_1_434' title='bbox 2693 2891 2911 2962; x_wconf 90' lang='lat' dir='ltr'><strong>injuria</strong></span> <span class='ocrx_word' id='word_1_435' title='bbox 2935 2890 3102 2946; x_wconf 89' lang='lat' dir='ltr'><strong>nobis</strong></span> <span class='ocrx_word' id='word_1_436' title='bbox 3134 2894 3261 2945; x_wconf 91' lang='lat' dir='ltr'><strong>orta</strong></span> <span class='ocrx_word' id='word_1_437' title='bbox 3289 2895 3398 2957; x_wconf 86' lang='lat' dir='ltr'><strong>est,</strong></span> <span class='ocrx_word' id='word_1_438' title='bbox 3431 2891 3614 2946; x_wconf 91' lang='lat' dir='ltr'><strong>vicem</strong></span> <span class='ocrx_word' id='word_1_439' title='bbox 3644 2907 3729 2945; x_wconf 91' lang='lat' dir='ltr'><strong>re-</strong></span> 
     </span>
    </p>
   </div>
   <div class='ocr_carea' id='block_1_61' title="bbox 2078 2979 3727 3054">
    <p class='ocr_par' dir='ltr' id='par_1_61' title="bbox 2078 2979 3727 3054">
     <span class='ocr_line' id='line_1_61' title="bbox 2078 2979 3727 3054; baseline 0.001 -19"><span class='ocrx_word' id='word_1_440' title='bbox 2078 2982 2227 3036; x_wconf 88' lang='lat' dir='ltr'><strong>ferre</strong></span> <span class='ocrx_word' id='word_1_441' title='bbox 2257 2982 2596 3054; x_wconf 88' lang='lat' dir='ltr'><strong>prohibeat:</strong></span> <span class='ocrx_word' id='word_1_442' title='bbox 2631 2985 2849 3050; x_wconf 86' lang='lat' dir='ltr'><strong>quanto</strong></span> <span class='ocrx_word' id='word_1_443' title='bbox 2881 2980 3119 3035; x_wconf 89' lang='lat' dir='ltr'><strong>tandem</strong></span> <span class='ocrx_word' id='word_1_444' title='bbox 3152 2979 3400 3035; x_wconf 89' lang='lat' dir='ltr'><strong>atrocior</strong></span> <span class='ocrx_word' id='word_1_445' title='bbox 3427 2996 3525 3035; x_wconf 85' lang='lat' dir='ltr'><strong>eos</strong></span> <span class='ocrx_word' id='word_1_446' title='bbox 3557 2997 3727 3051; x_wconf 74' lang='lat' dir='ltr'><strong>praua</strong></span> 
     </span>
    </p>
   </div>
   <div class='ocr_carea' id='block_1_62' title="bbox 2078 3069 3725 3143">
    <p class='ocr_par' dir='ltr' id='par_1_62' title="bbox 2078 3069 3725 3143">
     <span class='ocr_line' id='line_1_62' title="bbox 2078 3069 3725 3143; baseline -0.001 -17"><span class='ocrx_word' id='word_1_447' title='bbox 2078 3076 2295 3139; x_wconf 88' lang='lat' dir='ltr'><strong>manet,</strong></span> <span class='ocrx_word' id='word_1_448' title='bbox 2329 3070 2426 3143; x_wconf 91' lang='lat' dir='ltr'><strong>qui</strong></span> <span class='ocrx_word' id='word_1_449' title='bbox 2452 3072 2595 3126; x_wconf 87' lang='lat' dir='ltr'><strong>bene</strong></span> <span class='ocrx_word' id='word_1_450' title='bbox 2625 3070 2696 3125; x_wconf 91' lang='lat' dir='ltr'><strong>de</strong></span> <span class='ocrx_word' id='word_1_451' title='bbox 2728 3086 2789 3125; x_wconf 92' lang='lat' dir='ltr'><strong>se</strong></span> <span class='ocrx_word' id='word_1_452' title='bbox 2819 3072 3127 3137; x_wconf 89' lang='lat' dir='ltr'><strong>merentes,</strong></span> <span class='ocrx_word' id='word_1_453' title='bbox 3161 3073 3264 3123; x_wconf 90' lang='lat' dir='ltr'><strong>aut</strong></span> <span class='ocrx_word' id='word_1_454' title='bbox 3319 3072 3472 3125; x_wconf 89' lang='lat' dir='ltr'><strong>certe</strong></span> <span class='ocrx_word' id='word_1_455' title='bbox 3516 3069 3725 3125; x_wconf 90' lang='lat' dir='ltr'><strong>mereri</strong></span> 
     </span>
    </p>
   </div>
   <div class='ocr_carea' id='block_1_63' title="bbox 2079 3157 3731 3228">
    <p class='ocr_par' dir='ltr' id='par_1_63' title="bbox 2079 3157 3731 3228">
     <span class='ocr_line' id='line_1_63' title="bbox 2079 3157 3731 3228; baseline -0.001 -14"><span class='ocrx_word' id='word_1_456' title='bbox 2079 3160 2382 3215; x_wconf 89' lang='lat' dir='ltr'><strong>studentes</strong></span> <span class='ocrx_word' id='word_1_457' title='bbox 2412 3160 2615 3215; x_wconf 90' lang='lat' dir='ltr'><strong>rabido</strong></span> <span class='ocrx_word' id='word_1_458' title='bbox 2661 3159 2833 3214; x_wconf 89' lang='lat' dir='ltr'><strong>dente</strong></span> <span class='ocrx_word' id='word_1_459' title='bbox 2864 3158 3277 3213; x_wconf 78' lang='lat' dir='ltr'><strong>insectantur?</strong></span> <span class='ocrx_word' id='word_1_460' title='bbox 3330 3159 3376 3213; x_wconf 83' lang='lat' dir='ltr'><strong>A</strong></span> <span class='ocrx_word' id='word_1_461' title='bbox 3424 3174 3539 3228; x_wconf 89' lang='lat' dir='ltr'><strong>quo</strong></span> <span class='ocrx_word' id='word_1_462' title='bbox 3593 3157 3731 3213; x_wconf 90' lang='lat' dir='ltr'><strong>vitio</strong></span> 
     </span>
    </p>
   </div>
   <div class='ocr_carea' id='block_1_64' title="bbox 312 3225 3735 3319">
    <p class='ocr_par' dir='ltr' id='par_1_64' title="bbox 312 3225 3735 3319">
     <span class='ocr_line' id='line_1_64' title="bbox 312 3225 3735 3319; baseline 0.001 -20"><span class='ocrx_word' id='word_1_463' title='bbox 312 3244 624 3299; x_wconf 91' lang='lat' dir='ltr'><strong>modulum</strong></span> <span class='ocrx_word' id='word_1_464' title='bbox 657 3244 979 3313; x_wconf 84' lang='lat' dir='ltr'><strong>exigantur,</strong></span> <span class='ocrx_word' id='word_1_465' title='bbox 1013 3262 1127 3299; x_wconf 90' lang='lat' dir='ltr'><strong>non</strong></span> <span class='ocrx_word' id='word_1_466' title='bbox 1161 3262 1334 3317; x_wconf 78' lang='lat' dir='ltr'><strong>parva</strong></span> <span class='ocrx_word' id='word_1_467' title='bbox 1372 3246 1651 3313; x_wconf 90' lang='lat' dir='ltr'><strong>fortasse;</strong></span> <span class='ocrx_word' id='word_1_468' title='bbox 1686 3247 1736 3302; x_wconf 88' lang='lat' dir='ltr'><strong>si</strong></span> <span class='ocrx_word' id='word_1_469' title='bbox 1767 3253 1965 3304; x_wconf 89' lang='lat' dir='ltr'><strong>autem</strong></span> <span class='ocrx_word' id='word_1_470' title='bbox 1998 3225 2040 3293; x_wconf 67' lang='grc' dir='ltr'><strong>(ἶ</strong></span> <span class='ocrx_word' id='word_1_471' title='bbox 2080 3249 2303 3305; x_wconf 86' lang='lat' dir='ltr'><strong>utinam</strong></span> <span class='ocrx_word' id='word_1_472' title='bbox 2335 3254 2388 3304; x_wconf 90' lang='lat' dir='ltr'><strong>te</strong></span> <span class='ocrx_word' id='word_1_473' title='bbox 2428 3249 2584 3304; x_wconf 91' lang='lat' dir='ltr'><strong>Deus</strong></span> <span class='ocrx_word' id='word_1_474' title='bbox 2640 3264 2873 3319; x_wconf 89' lang='lat' dir='ltr'><strong>semper</strong></span> <span class='ocrx_word' id='word_1_475' title='bbox 2919 3246 3273 3302; x_wconf 91' lang='lat' dir='ltr'><strong>incolumem</strong></span> <span class='ocrx_word' id='word_1_476' title='bbox 3324 3253 3531 3303; x_wconf 88' lang='lat' dir='ltr'><strong>servet.</strong></span> <span class='ocrx_word' id='word_1_477' title='bbox 3581 3248 3735 3303; x_wconf 90' lang='lat' dir='ltr'><strong>Bene</strong></span> 
     </span>
    </p>
   </div>
   <div class='ocr_carea' id='block_1_65' title="bbox 309 3334 1966 3408">
    <p class='ocr_par' dir='ltr' id='par_1_65' title="bbox 309 3334 1966 3408">
     <span class='ocr_line' id='line_1_65' title="bbox 309 3334 1966 3408; baseline 0.002 -19"><span class='ocrx_word' id='word_1_478' title='bbox 309 3334 383 3389; x_wconf 86' lang='lat' dir='ltr'><strong>ad</strong></span> <span class='ocrx_word' id='word_1_479' title='bbox 414 3334 794 3389; x_wconf 79' lang='lat' dir='ltr'><strong>excellentem</strong></span> <span class='ocrx_word' id='word_1_480' title='bbox 829 3336 1083 3390; x_wconf 90' lang='lat' dir='ltr'><strong>auctoris</strong></span> <span class='ocrx_word' id='word_1_481' title='bbox 1132 3335 1477 3407; x_wconf 65' lang='lat' dir='ltr'><strong>dignitatem</strong></span> <span class='ocrx_word' id='word_1_482' title='bbox 1510 3338 1966 3408; x_wconf 68' lang='lat' dir='ltr'><strong>perpendanturo</strong></span> 
     </span>
    </p>
   </div>
   <div class='ocr_carea' id='block_1_66' title="bbox 305 3421 1963 3497">
    <p class='ocr_par' dir='ltr' id='par_1_66' title="bbox 305 3421 1963 3497">
     <span class='ocr_line' id='line_1_66' title="bbox 305 3421 1963 3497; baseline 0.002 -19"><span class='ocrx_word' id='word_1_483' title='bbox 305 3423 509 3480; x_wconf 91' lang='lat' dir='ltr'><strong>minus</strong></span> <span class='ocrx_word' id='word_1_484' title='bbox 543 3439 721 3495; x_wconf 89' lang='lat' dir='ltr'><strong>quam</strong></span> <span class='ocrx_word' id='word_1_485' title='bbox 754 3421 856 3495; x_wconf 90' lang='lat' dir='ltr'><strong>pili</strong></span> <span class='ocrx_word' id='word_1_486' title='bbox 888 3439 1219 3495; x_wconf 87' lang='lat' dir='ltr'><strong>caprarum,</strong></span> <span class='ocrx_word' id='word_1_487' title='bbox 1251 3424 1552 3497; x_wconf 91' lang='lat' dir='ltr'><strong>pellesque</strong></span> <span class='ocrx_word' id='word_1_488' title='bbox 1581 3426 1830 3482; x_wconf 87' lang='lat' dir='ltr'><strong>arietum</strong></span> <span class='ocrx_word' id='word_1_489' title='bbox 1862 3444 1963 3483; x_wconf 87' lang='lat' dir='ltr'><strong>ru-</strong></span> 
     </span>
    </p>
   </div>
   <div class='ocr_carea' id='block_1_67' title="bbox 308 3662 1968 3724">
    <p class='ocr_par' dir='ltr' id='par_1_67' title="bbox 308 3662 1968 3724">
     <span class='ocr_line' id='line_1_67' title="bbox 308 3662 1968 3724; baseline 0.004 -8"><span class='ocrx_word' id='word_1_490' title='bbox 308 3662 617 3719; x_wconf 78' lang='grc' dir='ltr'><strong>ῘΑΚΩΒΟΣ</strong></span> <span class='ocrx_word' id='word_1_491' title='bbox 686 3663 731 3718; x_wconf 92' lang='grc' dir='ltr'>Ο</span> <span class='ocrx_word' id='word_1_492' title='bbox 796 3665 1082 3723; x_wconf 76' lang='grc' dir='ltr'><strong>ΒΙΛΛῘΟΣ</strong></span> <span class='ocrx_word' id='word_1_493' title='bbox 1157 3667 1323 3723; x_wconf 82' lang='grc' dir='ltr'><strong>ΤΟΙΣ</strong></span> <span class='ocrx_word' id='word_1_494' title='bbox 1391 3668 1968 3724; x_wconf 78' lang='grc' dir='ltr'><strong>ΕΝἸῈΥΞΟΜΕΝΟΙΣ</strong></span> 
     </span>
    </p>
   </div>
   <div class='ocr_carea' id='block_1_68' title="bbox 906 3759 1385 3809">
    <p class='ocr_par' dir='ltr' id='par_1_68' title="bbox 906 3759 1385 3809">
     <span class='ocr_line' id='line_1_68' title="bbox 906 3759 1385 3809; baseline 0.004 -2"><span class='ocrx_word' id='word_1_495' title='bbox 906 3759 989 3808; x_wconf 77' lang='lat' dir='ltr'><strong>EI‘</strong></span> <span class='ocrx_word' id='word_1_496' title='bbox 1032 3761 1385 3809; x_wconf 80' lang='lat' dir='ltr'><strong>IlPATTEIN.</strong></span> 
     </span>
    </p>
   </div>
   <div class='ocr_carea' id='block_1_69' title="bbox 386 3838 1966 3921">
    <p class='ocr_par' dir='ltr' id='par_1_69' title="bbox 386 3838 1966 3921">
     <span class='ocr_line' id='line_1_69' title="bbox 386 3838 1966 3921; baseline 0.004 -26"><span class='ocrx_word' id='word_1_497' title='bbox 386 3838 668 3895; x_wconf 76' lang='grc' dir='ltr'>ΚάΑλιστα</span> <span class='ocrx_word' id='word_1_498' title='bbox 701 3843 795 3913; x_wconf 74' lang='grc' dir='ltr'><strong>μὲν</strong></span> <span class='ocrx_word' id='word_1_499' title='bbox 821 3841 910 3896; x_wconf 60' lang='grc' dir='ltr'><strong>καὶ</strong></span> <span class='ocrx_word' id='word_1_500' title='bbox 942 3841 1365 3921; x_wconf 71' lang='grc' dir='ltr'><strong>φιλοσοφώτατα</strong></span> <span class='ocrx_word' id='word_1_501' title='bbox 1390 3849 1470 3917; x_wconf 80' lang='grc' dir='ltr'>τῷ</span> <span class='ocrx_word' id='word_1_502' title='bbox 1503 3846 1682 3921; x_wconf 78' lang='grc' dir='ltr'>Σιρᾶχ</span> <span class='ocrx_word' id='word_1_503' title='bbox 1735 3842 1966 3919; x_wconf 74' lang='grc' dir='ltr'><strong>εἶ’ρηται.</strong></span> 
     </span>
    </p>
   </div>
   <div class='ocr_carea' id='block_1_70' title="bbox 310 3928 1967 4010">
    <p class='ocr_par' dir='ltr' id='par_1_70' title="bbox 310 3928 1967 4010">
     <span class='ocr_line' id='line_1_70' title="bbox 310 3928 1967 4010; baseline 0.003 -26"><span class='ocrx_word' id='word_1_504' title='bbox 310 3930 403 3997; x_wconf 71' lang='grc' dir='ltr'><strong>Μὴ</strong></span> <span class='ocrx_word' id='word_1_505' title='bbox 470 3930 745 4003; x_wconf 73' lang='grc' dir='ltr'><strong>βιάζεσθαι</strong></span> <span class='ocrx_word' id='word_1_506' title='bbox 808 3928 918 3986; x_wconf 83' lang='grc' dir='ltr'>δεῖν</span> <span class='ocrx_word' id='word_1_507' title='bbox 976 3932 1099 4007; x_wconf 75' lang='grc' dir='ltr'>ῥοῦν</span> <span class='ocrx_word' id='word_1_508' title='bbox 1155 3938 1405 4007; x_wconf 78' lang='grc' dir='ltr'>ποταμοῦ</span> <span class='ocrx_word' id='word_1_509' title='bbox 1441 3954 1453 3967; x_wconf 81' lang='grc'><em>’</em></span> <span class='ocrx_word' id='word_1_510' title='bbox 1516 3934 1619 4010; x_wconf 79' lang='grc' dir='ltr'>ἐγὼ</span> <span class='ocrx_word' id='word_1_511' title='bbox 1690 3932 1745 3989; x_wconf 80' lang='grc' dir='ltr'><strong>δὲ</strong></span> <span class='ocrx_word' id='word_1_512' title='bbox 1801 3954 1967 4008; x_wconf 85' lang='grc' dir='ltr'>προσ-</span> 
     </span>
    </p>
   </div>
   <div class='ocr_carea' id='block_1_71' title="bbox 308 4016 1969 4099">
    <p class='ocr_par' dir='ltr' id='par_1_71' title="bbox 308 4016 1969 4099">
     <span class='ocr_line' id='line_1_71' title="bbox 308 4016 1969 4099; baseline 0.004 -28"><span class='ocrx_word' id='word_1_513' title='bbox 308 4018 462 4086; x_wconf 78' lang='grc' dir='ltr'>Θείην</span> <span class='ocrx_word' id='word_1_514' title='bbox 497 4016 556 4071; x_wconf 81' lang='grc' dir='ltr'><strong>ἃν</strong></span> <span class='ocrx_word' id='word_1_515' title='bbox 590 4018 691 4072; x_wconf 69' lang='grc' dir='ltr'>οὐκ</span> <span class='ocrx_word' id='word_1_516' title='bbox 738 4020 1060 4087; x_wconf 80' lang='grc' dir='ltr'><strong>ἀπεικότως,</strong></span> <span class='ocrx_word' id='word_1_517' title='bbox 1113 4021 1194 4076; x_wconf 78' lang='grc' dir='ltr'><strong>ὅτι</strong></span> <span class='ocrx_word' id='word_1_518' title='bbox 1249 4020 1388 4095; x_wconf 81' lang='grc' dir='ltr'><strong>μηδέ</strong></span> <span class='ocrx_word' id='word_1_519' title='bbox 1438 4023 1536 4091; x_wconf 78' lang='grc' dir='ltr'><strong>τήν</strong></span> <span class='ocrx_word' id='word_1_520' title='bbox 1579 4019 1756 4099; x_wconf 58' lang='grc' dir='ltr'>φύσι).</span> <span class='ocrx_word' id='word_1_521' title='bbox 1792 4026 1969 4080; x_wconf 79' lang='grc' dir='ltr'>Τοῦτο</span> 
     </span>
    </p>
   </div>
   <div class='ocr_carea' id='block_1_72' title="bbox 308 4103 1972 4181">
    <p class='ocr_par' dir='ltr' id='par_1_72' title="bbox 308 4103 1972 4181">
     <span class='ocr_line' id='line_1_72' title="bbox 308 4103 1972 4181; baseline 0.005 -23"><span class='ocrx_word' id='word_1_522' title='bbox 308 4103 369 4159; x_wconf 69' lang='grc' dir='ltr'><strong>δὲ</strong></span> <span class='ocrx_word' id='word_1_523' title='bbox 403 4103 552 4181; x_wconf 70' lang='grc' dir='ltr'><strong>λέγω</strong></span> <span class='ocrx_word' id='word_1_524' title='bbox 600 4106 708 4181; x_wconf 75' lang='grc' dir='ltr'>οὐχ</span> <span class='ocrx_word' id='word_1_525' title='bbox 759 4107 948 4170; x_wconf 80' lang='grc' dir='ltr'><strong>ἁπλῶς</strong></span> <span class='ocrx_word' id='word_1_526' title='bbox 998 4109 1248 4179; x_wconf 78' lang='grc' dir='ltr'><strong>εἷ’κάζων,</strong></span> <span class='ocrx_word' id='word_1_527' title='bbox 1293 4109 1418 4166; x_wconf 72' lang='grc' dir='ltr'>οὐδὲ</span> <span class='ocrx_word' id='word_1_528' title='bbox 1464 4116 1581 4173; x_wconf 85' lang='grc' dir='ltr'>τοῖς</span> <span class='ocrx_word' id='word_1_529' title='bbox 1614 4110 1799 4165; x_wconf 81' lang='grc' dir='ltr'>ἄλλων</span> <span class='ocrx_word' id='word_1_530' title='bbox 1835 4112 1972 4165; x_wconf 82' lang='grc' dir='ltr'>ὑπο-</span> 
     </span>
    </p>
   </div>
   <div class='ocr_carea' id='block_1_73' title="bbox 310 4192 1971 4276">
    <p class='ocr_par' dir='ltr' id='par_1_73' title="bbox 310 4192 1971 4276">
     <span class='ocr_line' id='line_1_73' title="bbox 310 4192 1971 4276; baseline 0.004 -27"><span class='ocrx_word' id='word_1_531' title='bbox 310 4192 565 4269; x_wconf 75' lang='grc' dir='ltr'><strong>δείγμασι</strong></span> <span class='ocrx_word' id='word_1_532' title='bbox 595 4198 851 4265; x_wconf 79' lang='grc' dir='ltr'><strong>πεισθεὶς,</strong></span> <span class='ocrx_word' id='word_1_533' title='bbox 903 4196 1030 4253; x_wconf 82' lang='grc' dir='ltr'><strong>ἀλλ’</strong></span> <span class='ocrx_word' id='word_1_534' title='bbox 1074 4198 1208 4272; x_wconf 79' lang='grc' dir='ltr'><strong>αὐτῇ</strong></span> <span class='ocrx_word' id='word_1_535' title='bbox 1255 4204 1322 4273; x_wconf 81' lang='grc' dir='ltr'>τῇ</span> <span class='ocrx_word' id='word_1_536' title='bbox 1371 4199 1533 4276; x_wconf 80' lang='grc' dir='ltr'>πείρᾳ</span> <span class='ocrx_word' id='word_1_537' title='bbox 1583 4201 1786 4273; x_wconf 83' lang='grc' dir='ltr'>μαθών,</span> <span class='ocrx_word' id='word_1_538' title='bbox 1838 4200 1971 4271; x_wconf 83' lang='grc' dir='ltr'>ὅσης</span> 
     </span>
    </p>
   </div>
   <div class='ocr_carea' id='block_1_74' title="bbox 308 4283 1972 4366">
    <p class='ocr_par' dir='ltr' id='par_1_74' title="bbox 308 4283 1972 4366">
     <span class='ocr_line' id='line_1_74' title="bbox 308 4283 1972 4366; baseline 0.002 -27"><span class='ocrx_word' id='word_1_539' title='bbox 308 4283 454 4339; x_wconf 75' lang='grc' dir='ltr'>ἐστὶν</span> <span class='ocrx_word' id='word_1_540' title='bbox 488 4284 739 4354; x_wconf 73' lang='grc' dir='ltr'><strong>εὐηθείας</strong></span> <span class='ocrx_word' id='word_1_541' title='bbox 771 4286 859 4340; x_wconf 77' lang='grc' dir='ltr'><strong>καὶ</strong></span> <span class='ocrx_word' id='word_1_542' title='bbox 895 4287 1256 4359; x_wconf 71' lang='grc' dir='ltr'><strong>ματαιότητος</strong></span> <span class='ocrx_word' id='word_1_543' title='bbox 1302 4291 1400 4358; x_wconf 64' lang='grc' dir='ltr'>τὴν</span> <span class='ocrx_word' id='word_1_544' title='bbox 1454 4290 1589 4366; x_wconf 85' lang='grc' dir='ltr'>πρὸς</span> <span class='ocrx_word' id='word_1_545' title='bbox 1636 4287 1972 4361; x_wconf 69' lang='grc' dir='ltr'><strong>ἐπιτήδευμά</strong></span> 
     </span>
    </p>
   </div>
   <div class='ocr_carea' id='block_1_75' title="bbox 308 4374 1969 4455">
    <p class='ocr_par' dir='ltr' id='par_1_75' title="bbox 308 4374 1969 4455">
     <span class='ocr_line' id='line_1_75' title="bbox 308 4374 1969 4455; baseline 0.003 -26"><span class='ocrx_word' id='word_1_546' title='bbox 308 4395 364 4429; x_wconf 88' lang='grc' dir='ltr'><strong>τι</strong></span> <span class='ocrx_word' id='word_1_547' title='bbox 410 4374 738 4451; x_wconf 78' lang='grc' dir='ltr'>προσφόρως</span> <span class='ocrx_word' id='word_1_548' title='bbox 785 4376 874 4430; x_wconf 80' lang='grc' dir='ltr'><strong>καὶ</strong></span> <span class='ocrx_word' id='word_1_549' title='bbox 930 4376 1145 4440; x_wconf 66' lang='grc' dir='ltr'>οῗκείως</span> <span class='ocrx_word' id='word_1_550' title='bbox 1202 4374 1432 4453; x_wconf 77' lang='grc' dir='ltr'>ἔχουσαν</span> <span class='ocrx_word' id='word_1_551' title='bbox 1491 4380 1675 4455; x_wconf 79' lang='grc' dir='ltr'>ψυχὴν</span> <span class='ocrx_word' id='word_1_552' title='bbox 1729 4378 1812 4445; x_wconf 78' lang='grc' dir='ltr'><strong>ἐφ’</strong></span> <span class='ocrx_word' id='word_1_553' title='bbox 1860 4377 1969 4434; x_wconf 76' lang='grc' dir='ltr'><strong>ὲτὲο</strong></span> 
     </span>
    </p>
   </div>
   <div class='ocr_carea' id='block_1_76' title="bbox 310 4462 1972 4543">
    <p class='ocr_par' dir='ltr' id='par_1_76' title="bbox 310 4462 1972 4543">
     <span class='ocr_line' id='line_1_76' title="bbox 310 4462 1972 4543; baseline 0.004 -28"><span class='ocrx_word' id='word_1_554' title='bbox 310 4483 409 4539; x_wconf 70' lang='grc' dir='ltr'>ραν</span> <span class='ocrx_word' id='word_1_555' title='bbox 454 4464 580 4517; x_wconf 70' lang='grc' dir='ltr'>τινὰ</span> <span class='ocrx_word' id='word_1_556' title='bbox 627 4468 725 4518; x_wconf 77' lang='grc' dir='ltr'><strong>τοῦ</strong></span> <span class='ocrx_word' id='word_1_557' title='bbox 772 4464 895 4539; x_wconf 81' lang='grc' dir='ltr'>βίου</span> <span class='ocrx_word' id='word_1_558' title='bbox 946 4462 1089 4520; x_wconf 78' lang='grc' dir='ltr'>ἶδέαν</span> <span class='ocrx_word' id='word_1_559' title='bbox 1156 4467 1497 4541; x_wconf 71' lang='grc' dir='ltr'><strong>ἀποτρέπειν,</strong></span> <span class='ocrx_word' id='word_1_560' title='bbox 1552 4468 1643 4522; x_wconf 84' lang='grc' dir='ltr'>καὶ</span> <span class='ocrx_word' id='word_1_561' title='bbox 1696 4468 1791 4543; x_wconf 83' lang='grc' dir='ltr'><strong>βίᾳ</strong></span> <span class='ocrx_word' id='word_1_562' title='bbox 1841 4469 1972 4541; x_wconf 79' lang='grc' dir='ltr'>μεθ-</span> 
     </span>
    </p>
   </div>
   <div class='ocr_carea' id='block_1_77' title="bbox 318 4551 527 4609">
    <p class='ocr_par' dir='ltr' id='par_1_77' title="bbox 318 4551 527 4609">
     <span class='ocr_line' id='line_1_77' title="bbox 318 4551 527 4609; baseline 0 -2"><span class='ocrx_word' id='word_1_563' title='bbox 318 4551 527 4609; x_wconf 65' lang='grc' dir='ltr'><strong>ἕλκειν.</strong></span> 
     </span>
    </p>
   </div>
   <div class='ocr_carea' id='block_1_78' title="bbox 388 4639 1975 4718">
    <p class='ocr_par' dir='ltr' id='par_1_78' title="bbox 388 4639 1975 4718">
     <span class='ocr_line' id='line_1_78' title="bbox 388 4639 1975 4718; baseline 0.003 -23"><span class='ocrx_word' id='word_1_564' title='bbox 388 4639 613 4710; x_wconf 79' lang='grc' dir='ltr'>Ἐπειδή</span> <span class='ocrx_word' id='word_1_565' title='bbox 650 4643 753 4718; x_wconf 73' lang='grc' dir='ltr'><strong>γὰρ</strong></span> <span class='ocrx_word' id='word_1_566' title='bbox 780 4642 963 4715; x_wconf 83' lang='grc' dir='ltr'>τρίτον</span> <span class='ocrx_word' id='word_1_567' title='bbox 1005 4642 1112 4716; x_wconf 72' lang='grc' dir='ltr'><strong>ἤδη</strong></span> <span class='ocrx_word' id='word_1_568' title='bbox 1161 4643 1281 4708; x_wconf 63' lang='grc' dir='ltr'><strong>ἔτος</strong></span> <span class='ocrx_word' id='word_1_569' title='bbox 1332 4645 1407 4708; x_wconf 73' lang='grc' dir='ltr'>εἰς</span> <span class='ocrx_word' id='word_1_570' title='bbox 1437 4645 1505 4701; x_wconf 78' lang='grc' dir='ltr'>τὰ</span> <span class='ocrx_word' id='word_1_571' title='bbox 1546 4644 1691 4701; x_wconf 73' lang='grc' dir='ltr'>οἷ’κοι</span> <span class='ocrx_word' id='word_1_572' title='bbox 1722 4643 1975 4700; x_wconf 79' lang='grc' dir='ltr'><strong>διδασκα-</strong></span> 
     </span>
    </p>
   </div>
   <div class='ocr_carea' id='block_1_79' title="bbox 311 4728 1977 4812">
    <p class='ocr_par' dir='ltr' id='par_1_79' title="bbox 311 4728 1977 4812">
     <span class='ocr_line' id='line_1_79' title="bbox 311 4728 1977 4812; baseline 0.002 -27"><span class='ocrx_word' id='word_1_573' title='bbox 311 4728 443 4785; x_wconf 70' lang='grc' dir='ltr'>λεῖα</span> <span class='ocrx_word' id='word_1_574' title='bbox 474 4733 737 4807; x_wconf 71' lang='grc' dir='ltr'>φοιτήσας</span> <span class='ocrx_word' id='word_1_575' title='bbox 785 4731 907 4796; x_wconf 74' lang='grc' dir='ltr'>ἅλις</span> <span class='ocrx_word' id='word_1_576' title='bbox 956 4730 1101 4809; x_wconf 81' lang='grc' dir='ltr'>ἔχειν</span> <span class='ocrx_word' id='word_1_577' title='bbox 1154 4732 1311 4806; x_wconf 77' lang='grc' dir='ltr'>ἔδοξα</span> <span class='ocrx_word' id='word_1_578' title='bbox 1355 4742 1453 4805; x_wconf 83' lang='grc' dir='ltr'>τῆς</span> <span class='ocrx_word' id='word_1_579' title='bbox 1504 4734 1783 4812; x_wconf 74' lang='grc' dir='ltr'><strong>ἐγχωρίου</strong></span> <span class='ocrx_word' id='word_1_580' title='bbox 1831 4756 1977 4791; x_wconf 89' lang='grc' dir='ltr'>στοι-</span> 
     </span>
    </p>
   </div>
   <div class='ocr_carea' id='block_1_80' title="bbox 309 4819 1977 4901">
    <p class='ocr_par' dir='ltr' id='par_1_80' title="bbox 309 4819 1977 4901">
     <span class='ocr_line' id='line_1_80' title="bbox 309 4819 1977 4901; baseline 0.003 -28"><span class='ocrx_word' id='word_1_581' title='bbox 309 4820 623 4895; x_wconf 82' lang='grc' dir='ltr'>χειώσεως,</span> <span class='ocrx_word' id='word_1_582' title='bbox 670 4819 757 4874; x_wconf 81' lang='grc' dir='ltr'>ἐπὶ</span> <span class='ocrx_word' id='word_1_583' title='bbox 804 4823 903 4890; x_wconf 77' lang='grc' dir='ltr'><strong>τὴν</strong></span> <span class='ocrx_word' id='word_1_584' title='bbox 954 4824 1259 4892; x_wconf 80' lang='grc' dir='ltr'>Λουτηκίαν</span> <span class='ocrx_word' id='word_1_585' title='bbox 1292 4823 1597 4901; x_wconf 66' lang='grc' dir='ltr'><strong>ἐπέμφθην,</strong></span> <span class='ocrx_word' id='word_1_586' title='bbox 1630 4825 1705 4886; x_wconf 87' lang='grc' dir='ltr'><strong>ὡς</strong></span> <span class='ocrx_word' id='word_1_587' title='bbox 1748 4821 1813 4893; x_wconf 78' lang='grc' dir='ltr'><strong>δὴ</strong></span> <span class='ocrx_word' id='word_1_588' title='bbox 1852 4826 1977 4897; x_wconf 79' lang='grc' dir='ltr'>μεθ-</span> 
     </span>
    </p>
   </div>
   <div class='ocr_carea' id='block_1_81' title="bbox 311 4908 1979 4987">
    <p class='ocr_par' dir='ltr' id='par_1_81' title="bbox 311 4908 1979 4987">
     <span class='ocr_line' id='line_1_81' title="bbox 311 4908 1979 4987; baseline 0.004 -26"><span class='ocrx_word' id='word_1_589' title='bbox 311 4908 450 4978; x_wconf 64' lang='grc' dir='ltr'>έξων</span> <span class='ocrx_word' id='word_1_590' title='bbox 501 4908 832 4984; x_wconf 71' lang='grc' dir='ltr'><strong>τελειοτέρας</strong></span> <span class='ocrx_word' id='word_1_591' title='bbox 880 4909 1254 4981; x_wconf 76' lang='grc' dir='ltr'><strong>παιδεύσεως,</strong></span> <span class='ocrx_word' id='word_1_592' title='bbox 1305 4914 1395 4967; x_wconf 82' lang='grc' dir='ltr'>καὶ</span> <span class='ocrx_word' id='word_1_593' title='bbox 1450 4914 1669 4987; x_wconf 75' lang='grc' dir='ltr'>μείζονα</span> <span class='ocrx_word' id='word_1_594' title='bbox 1726 4915 1822 4981; x_wconf 69' lang='grc' dir='ltr'>τὴν</span> <span class='ocrx_word' id='word_1_595' title='bbox 1875 4914 1979 4967; x_wconf 85' lang='grc' dir='ltr'>ἀπὸ</span> 
     </span>
    </p>
   </div>
   <div class='ocr_carea' id='block_1_82' title="bbox 310 4996 1976 5079">
    <p class='ocr_par' dir='ltr' id='par_1_82' title="bbox 310 4996 1976 5079">
     <span class='ocr_line' id='line_1_82' title="bbox 310 4996 1976 5079; baseline 0.002 -27"><span class='ocrx_word' id='word_1_596' title='bbox 310 5003 425 5052; x_wconf 78' lang='grc' dir='ltr'><strong>τῶν</strong></span> <span class='ocrx_word' id='word_1_597' title='bbox 485 4996 670 5071; x_wconf 83' lang='grc' dir='ltr'>λόγων</span> <span class='ocrx_word' id='word_1_598' title='bbox 740 4998 1005 5077; x_wconf 65' lang='grc' dir='ltr'><strong>ὠφέλειαν</strong></span> <span class='ocrx_word' id='word_1_599' title='bbox 1084 5002 1510 5076; x_wconf 81' lang='grc' dir='ltr'>καρπωσόμενος</span> <span class='ocrx_word' id='word_1_600' title='bbox 1545 5048 1558 5061; x_wconf 94' lang='grc'>.</span> <span class='ocrx_word' id='word_1_601' title='bbox 1620 5004 1828 5079; x_wconf 83' lang='grc' dir='ltr'>Ἔγωγε</span> <span class='ocrx_word' id='word_1_602' title='bbox 1886 4999 1976 5055; x_wconf 78' lang='grc' dir='ltr'><strong>οὖν</strong></span> 
     </span>
    </p>
   </div>
   <div class='ocr_carea' id='block_1_83' title="bbox 313 5087 1980 5169">
    <p class='ocr_par' dir='ltr' id='par_1_83' title="bbox 313 5087 1980 5169">
     <span class='ocr_line' id='line_1_83' title="bbox 313 5087 1980 5169; baseline 0.001 -27"><span class='ocrx_word' id='word_1_603' title='bbox 313 5087 515 5142; x_wconf 71' lang='grc' dir='ltr'>αὐτίκα</span> <span class='ocrx_word' id='word_1_604' title='bbox 547 5087 643 5159; x_wconf 71' lang='grc' dir='ltr'><strong>μὲν</strong></span> <span class='ocrx_word' id='word_1_605' title='bbox 693 5093 807 5150; x_wconf 82' lang='grc' dir='ltr'>τοῖς</span> <span class='ocrx_word' id='word_1_606' title='bbox 843 5090 943 5159; x_wconf 74' lang='grc' dir='ltr'>τὴν</span> <span class='ocrx_word' id='word_1_607' title='bbox 989 5091 1301 5163; x_wconf 78' lang='grc' dir='ltr'>Ῥωμαίων,</span> <span class='ocrx_word' id='word_1_608' title='bbox 1336 5091 1510 5169; x_wconf 82' lang='grc' dir='ltr'>ὀλίγῳ</span> <span class='ocrx_word' id='word_1_609' title='bbox 1561 5089 1607 5147; x_wconf 85' lang='grc' dir='ltr'><strong>δ’</strong></span> <span class='ocrx_word' id='word_1_610' title='bbox 1640 5091 1857 5167; x_wconf 75' lang='grc' dir='ltr'>ὕστερον</span> <span class='ocrx_word' id='word_1_611' title='bbox 1890 5091 1980 5145; x_wconf 81' lang='grc' dir='ltr'><strong>καὶ</strong></span> 
     </span>
    </p>
   </div>
   <div class='ocr_carea' id='block_1_84' title="bbox 309 5174 1982 5259">
    <p class='ocr_par' dir='ltr' id='par_1_84' title="bbox 309 5174 1982 5259">
     <span class='ocr_line' id='line_1_84' title="bbox 309 5174 1982 5259; baseline 0.003 -28"><span class='ocrx_word' id='word_1_612' title='bbox 309 5180 432 5238; x_wconf 82' lang='grc' dir='ltr'>τοῖς</span> <span class='ocrx_word' id='word_1_613' title='bbox 462 5177 562 5244; x_wconf 76' lang='grc' dir='ltr'><strong>τὴν</strong></span> <span class='ocrx_word' id='word_1_614' title='bbox 608 5174 892 5247; x_wconf 77' lang='grc' dir='ltr'>Ἐλλήνων</span> <span class='ocrx_word' id='word_1_615' title='bbox 946 5175 1291 5235; x_wconf 72' lang='grc' dir='ltr'><strong>διδάσκουσιν</strong></span> <span class='ocrx_word' id='word_1_616' title='bbox 1343 5180 1573 5253; x_wconf 78' lang='grc' dir='ltr'><strong>ἐμαυτὸν</strong></span> <span class='ocrx_word' id='word_1_617' title='bbox 1626 5183 1802 5259; x_wconf 72' lang='grc' dir='ltr'>φέρων</span> <span class='ocrx_word' id='word_1_618' title='bbox 1851 5199 1982 5254; x_wconf 87' lang='grc' dir='ltr'>παρ-</span> 
     </span>
    </p>
   </div>
   <div class='ocr_carea' id='block_1_85' title="bbox 304 5263 1979 5346">
    <p class='ocr_par' dir='ltr' id='par_1_85' title="bbox 304 5263 1979 5346">
     <span class='ocr_line' id='line_1_85' title="bbox 304 5263 1979 5346; baseline 0.001 -25"><span class='ocrx_word' id='word_1_619' title='bbox 304 5263 511 5321; x_wconf 67' lang='grc' dir='ltr'><strong>έδωκα.</strong></span> <span class='ocrx_word' id='word_1_620' title='bbox 548 5266 647 5319; x_wconf 79' lang='grc' dir='ltr'>Καὶ</span> <span class='ocrx_word' id='word_1_621' title='bbox 698 5263 763 5335; x_wconf 79' lang='grc' dir='ltr'><strong>δὴ</strong></span> <span class='ocrx_word' id='word_1_622' title='bbox 812 5268 902 5321; x_wconf 80' lang='grc' dir='ltr'><strong>καὶ</strong></span> <span class='ocrx_word' id='word_1_623' title='bbox 955 5267 1109 5331; x_wconf 80' lang='grc' dir='ltr'>ἐντὸς</span> <span class='ocrx_word' id='word_1_624' title='bbox 1160 5270 1222 5324; x_wconf 76' lang='grc' dir='ltr'><strong>οὐ</strong></span> <span class='ocrx_word' id='word_1_625' title='bbox 1268 5269 1487 5326; x_wconf 78' lang='grc' dir='ltr'>πολλοῦ</span> <span class='ocrx_word' id='word_1_626' title='bbox 1539 5270 1767 5346; x_wconf 79' lang='grc' dir='ltr'>χρόνου,</span> <span class='ocrx_word' id='word_1_627' title='bbox 1823 5270 1869 5325; x_wconf 76' lang='grc' dir='ltr'><strong>εἲ</strong></span> <span class='ocrx_word' id='word_1_628' title='bbox 1903 5271 1979 5341; x_wconf 84' lang='grc' dir='ltr'><strong>μὴ</strong></span> 
     </span>
    </p>
   </div>
   <div class='ocr_carea' id='block_1_86' title="bbox 311 5354 1981 5437">
    <p class='ocr_par' dir='ltr' id='par_1_86' title="bbox 311 5354 1981 5437">
     <span class='ocr_line' id='line_1_86' title="bbox 311 5354 1981 5437; baseline 0.002 -27"><span class='ocrx_word' id='word_1_629' title='bbox 311 5356 583 5431; x_wconf 76' lang='grc' dir='ltr'>περιττήν</span> <span class='ocrx_word' id='word_1_630' title='bbox 628 5375 746 5410; x_wconf 88' lang='grc' dir='ltr'>τινα</span> <span class='ocrx_word' id='word_1_631' title='bbox 794 5354 884 5411; x_wconf 72' lang='grc' dir='ltr'><strong>καὶ</strong></span> <span class='ocrx_word' id='word_1_632' title='bbox 936 5358 1262 5433; x_wconf 80' lang='grc' dir='ltr'>θαυμασίαν,</span> <span class='ocrx_word' id='word_1_633' title='bbox 1314 5358 1461 5416; x_wconf 81' lang='grc' dir='ltr'>ἀλλὰ</span> <span class='ocrx_word' id='word_1_634' title='bbox 1504 5359 1771 5430; x_wconf 78' lang='grc' dir='ltr'><strong>τοσαύτην</strong></span> <span class='ocrx_word' id='word_1_635' title='bbox 1820 5381 1881 5437; x_wconf 87' lang='grc' dir='ltr'><strong>γε</strong></span> <span class='ocrx_word' id='word_1_636' title='bbox 1929 5359 1981 5415; x_wconf 78' lang='grc' dir='ltr'>ἐν</span> 
     </span>
    </p>
   </div>
   <div class='ocr_carea' id='block_1_87' title="bbox 392 5524 884 5600">
    <p class='ocr_par' dir='ltr' id='par_1_87' title="bbox 392 5524 884 5600">
     <span class='ocr_line' id='line_1_87' title="bbox 392 5524 884 5600; baseline 0.004 -17"><span class='ocrx_word' id='word_1_637' title='bbox 392 5527 441 5563; x_wconf 75' lang='grc'><strong>⁸³</strong></span> <span class='ocrx_word' id='word_1_638' title='bbox 478 5524 651 5583; x_wconf 87' lang='lat' dir='ltr'><strong>Eccli.</strong></span> <span class='ocrx_word' id='word_1_639' title='bbox 682 5542 760 5600; x_wconf 81' lang='grc' dir='ltr'>ιν,</span> <span class='ocrx_word' id='word_1_640' title='bbox 794 5526 884 5585; x_wconf 85' lang='grc'><strong>32.</strong></span> 
     </span>
    </p>
   </div>
   <div class='ocr_carea' id='block_1_88' title="bbox 398 5687 1488 5763">
    <p class='ocr_par' dir='ltr' id='par_1_88' title="bbox 398 5687 1488 5763">
     <span class='ocr_line' id='line_1_88' title="bbox 398 5687 1488 5763; baseline 0.004 -19"><span class='ocrx_word' id='word_1_641' title='bbox 398 5688 519 5761; x_wconf 82' lang='grc'><strong>(77)</strong></span> <span class='ocrx_word' id='word_1_642' title='bbox 550 5688 704 5745; x_wconf 84' lang='lat' dir='ltr'><strong>Edit.</strong></span> <span class='ocrx_word' id='word_1_643' title='bbox 734 5687 933 5747; x_wconf 82' lang='lat' dir='ltr'><strong>Colon.</strong></span> <span class='ocrx_word' id='word_1_644' title='bbox 965 5688 1300 5763; x_wconf 64' lang='lat' dir='ltr'><strong>[Lipsienm]</strong></span> <span class='ocrx_word' id='word_1_645' title='bbox 1330 5690 1488 5748; x_wconf 75' lang='lat'><strong>1690.</strong></span> 
     </span>
    </p>
   </div>
   <div class='ocr_carea' id='block_1_89' title="bbox 2008 4603 2055 4668">
    <p class='ocr_par' dir='ltr' id='par_1_89' title="bbox 2008 4603 2055 4668">
     <span class='ocr_line' id='line_1_89' title="bbox 2008 4603 2055 4668; baseline 0 0"><span class='ocrx_word' id='word_1_646' title='bbox 2008 4603 2055 4668; x_wconf 93' lang='lat' dir='ltr'><strong>D</strong></span> 
     </span>
    </p>
   </div>
   <div class='ocr_carea' id='block_1_90' title="bbox 2078 3335 3733 3409">
    <p class='ocr_par' dir='ltr' id='par_1_90' title="bbox 2078 3335 3733 3409">
     <span class='ocr_line' id='line_1_90' title="bbox 2078 3335 3733 3409; baseline -0.001 -17"><span class='ocrx_word' id='word_1_647' title='bbox 2078 3337 2223 3403; x_wconf 89' lang='lat' dir='ltr'><strong>vale,</strong></span> <span class='ocrx_word' id='word_1_648' title='bbox 2249 3338 2469 3409; x_wconf 89' lang='lat' dir='ltr'><strong>optime</strong></span> <span class='ocrx_word' id='word_1_649' title='bbox 2498 3338 2717 3405; x_wconf 87' lang='lat' dir='ltr'><strong>Lector,</strong></span> <span class='ocrx_word' id='word_1_650' title='bbox 2750 3342 2807 3393; x_wconf 90' lang='lat' dir='ltr'><strong>et</strong></span> <span class='ocrx_word' id='word_1_651' title='bbox 2831 3336 3090 3392; x_wconf 91' lang='lat' dir='ltr'><strong>laborem</strong></span> <span class='ocrx_word' id='word_1_652' title='bbox 3115 3335 3271 3391; x_wconf 90' lang='lat' dir='ltr'><strong>hunc</strong></span> <span class='ocrx_word' id='word_1_653' title='bbox 3298 3340 3563 3392; x_wconf 88' lang='lat' dir='ltr'><strong>nostrum</strong></span> <span class='ocrx_word' id='word_1_654' title='bbox 3597 3337 3733 3392; x_wconf 91' lang='lat' dir='ltr'><strong>boni</strong></span> 
     </span>
    </p>
   </div>
   <div class='ocr_carea' id='block_1_91' title="bbox 2079 3426 2339 3483">
    <p class='ocr_par' dir='ltr' id='par_1_91' title="bbox 2079 3426 2339 3483">
     <span class='ocr_line' id='line_1_91' title="bbox 2079 3426 2339 3483; baseline 0 0"><span class='ocrx_word' id='word_1_655' title='bbox 2079 3426 2339 3483; x_wconf 89' lang='lat' dir='ltr'><strong>consule.</strong></span> 
     </span>
    </p>
   </div>
   <div class='ocr_carea' id='block_1_92' title="bbox 2260 3666 3561 3727">
    <p class='ocr_par' dir='ltr' id='par_1_92' title="bbox 2260 3666 3561 3727">
     <span class='ocr_line' id='line_1_92' title="bbox 2260 3666 3561 3727; baseline -0.003 0"><span class='ocrx_word' id='word_1_656' title='bbox 2260 3668 2551 3727; x_wconf 78' lang='lat' dir='ltr'><strong>JACOBUS</strong></span> <span class='ocrx_word' id='word_1_657' title='bbox 2579 3668 2848 3726; x_wconf 87' lang='lat' dir='ltr'><strong>BILLIUS</strong></span> <span class='ocrx_word' id='word_1_658' title='bbox 2882 3666 3300 3725; x_wconf 82' lang='lat' dir='ltr'><strong>LECTORIBUS</strong></span> <span class='ocrx_word' id='word_1_659' title='bbox 3321 3668 3561 3725; x_wconf 75' lang='lat' dir='ltr'><strong>FELICI-</strong></span> 
     </span>
    </p>
   </div>
   <div class='ocr_carea' id='block_1_93' title="bbox 2706 3740 3104 3812">
    <p class='ocr_par' dir='ltr' id='par_1_93' title="bbox 2706 3740 3104 3812">
     <span class='ocr_line' id='line_1_93' title="bbox 2706 3740 3104 3812; baseline -0.008 -16"><span class='ocrx_word' id='word_1_660' title='bbox 2706 3740 2933 3796; x_wconf 86' lang='lat' dir='ltr'><strong><em>TATEM</em></strong></span> <span class='ocrx_word' id='word_1_661' title='bbox 2965 3740 3104 3812; x_wconf 84' lang='lat'><strong>(77).</strong></span> 
     </span>
    </p>
   </div>
   <div class='ocr_carea' id='block_1_94' title="bbox 2154 3842 3737 3918">
    <p class='ocr_par' dir='ltr' id='par_1_94' title="bbox 2154 3842 3737 3918">
     <span class='ocr_line' id='line_1_94' title="bbox 2154 3842 3737 3918; baseline -0.004 -15"><span class='ocrx_word' id='word_1_662' title='bbox 2154 3848 2497 3903; x_wconf 84' lang='lat' dir='ltr'><strong>Rectissime</strong></span> <span class='ocrx_word' id='word_1_663' title='bbox 2554 3853 2610 3903; x_wconf 87' lang='lat' dir='ltr'><strong>et</strong></span> <span class='ocrx_word' id='word_1_664' title='bbox 2665 3844 3099 3918; x_wconf 88' lang='lat' dir='ltr'><strong>sapientissime</strong></span> <span class='ocrx_word' id='word_1_665' title='bbox 3149 3844 3353 3901; x_wconf 88' lang='lat' dir='ltr'><strong>Sirach</strong></span> <span class='ocrx_word' id='word_1_666' title='bbox 3407 3842 3550 3899; x_wconf 91' lang='lat' dir='ltr'><strong>dicit</strong></span> <span class='ocrx_word' id='word_1_667' title='bbox 3608 3844 3737 3898; x_wconf 82' lang='lat' dir='ltr'><strong>:Ne</strong></span> 
     </span>
    </p>
   </div>
   <div class='ocr_carea' id='block_1_95' title="bbox 2078 3932 3733 4007">
    <p class='ocr_par' dir='ltr' id='par_1_95' title="bbox 2078 3932 3733 4007">
     <span class='ocr_line' id='line_1_95' title="bbox 2078 3932 3733 4007; baseline -0.004 -13"><span class='ocrx_word' id='word_1_668' title='bbox 2078 3939 2291 3994; x_wconf 78' lang='lat' dir='ltr'><strong>coneris</strong></span> <span class='ocrx_word' id='word_1_669' title='bbox 2327 3943 2521 3993; x_wconf 84' lang='lat' dir='ltr'><strong>contra</strong></span> <span class='ocrx_word' id='word_1_670' title='bbox 2578 3938 2753 3993; x_wconf 78' lang='lat' dir='ltr'><strong>ictum</strong></span> <span class='ocrx_word' id='word_1_671' title='bbox 2782 3936 2943 4007; x_wconf 79' lang='lat' dir='ltr'><strong>ﬂuvii</strong></span> <span class='ocrx_word' id='word_1_672' title='bbox 2965 3935 3009 3970; x_wconf 85' lang='grc'><strong>⁸¹</strong></span> <span class='ocrx_word' id='word_1_673' title='bbox 3045 3949 3059 3988; x_wconf 89' lang='lat'><strong>:</strong></span> <span class='ocrx_word' id='word_1_674' title='bbox 3092 3932 3557 4004; x_wconf 57' lang='lat' dir='ltr'><strong>subjunaissem,</strong></span> <span class='ocrx_word' id='word_1_675' title='bbox 3616 3948 3733 3987; x_wconf 89' lang='lat' dir='ltr'><strong>non</strong></span> 
     </span>
    </p>
   </div>
   <div class='ocr_carea' id='block_1_96' title="bbox 2079 4018 3733 4097">
    <p class='ocr_par' dir='ltr' id='par_1_96' title="bbox 2079 4018 3733 4097">
     <span class='ocr_line' id='line_1_96' title="bbox 2079 4018 3733 4097; baseline -0.004 -15"><span class='ocrx_word' id='word_1_676' title='bbox 2079 4028 2354 4095; x_wconf 89' lang='lat' dir='ltr'><strong>absurde,</strong></span> <span class='ocrx_word' id='word_1_677' title='bbox 2401 4042 2585 4097; x_wconf 89' lang='lat' dir='ltr'><strong>neque</strong></span> <span class='ocrx_word' id='word_1_678' title='bbox 2632 4018 2836 4080; x_wconf 84' lang='lat' dir='ltr'><strong>contra</strong></span> <span class='ocrx_word' id='word_1_679' title='bbox 2865 4028 3135 4079; x_wconf 89' lang='lat' dir='ltr'><strong>naturam</strong></span> <span class='ocrx_word' id='word_1_680' title='bbox 3184 4026 3241 4077; x_wconf 89' lang='lat' dir='ltr'><strong>et</strong></span> <span class='ocrx_word' id='word_1_681' title='bbox 3271 4020 3548 4077; x_wconf 88' lang='lat' dir='ltr'><strong>indolem.</strong></span> <span class='ocrx_word' id='word_1_682' title='bbox 3584 4020 3733 4075; x_wconf 84' lang='lat' dir='ltr'><strong>Illud</strong></span> 
     </span>
    </p>
   </div>
   <div class='ocr_carea' id='block_1_97' title="bbox 2081 4109 3737 4184">
    <p class='ocr_par' dir='ltr' id='par_1_97' title="bbox 2081 4109 3737 4184">
     <span class='ocr_line' id='line_1_97' title="bbox 2081 4109 3737 4184; baseline -0.004 -14"><span class='ocrx_word' id='word_1_683' title='bbox 2081 4122 2275 4171; x_wconf 88' lang='lat' dir='ltr'><strong>autem</strong></span> <span class='ocrx_word' id='word_1_684' title='bbox 2310 4132 2421 4169; x_wconf 90' lang='lat' dir='ltr'><strong>non</strong></span> <span class='ocrx_word' id='word_1_685' title='bbox 2454 4131 2523 4170; x_wconf 82' lang='lat' dir='ltr'><strong>ex</strong></span> <span class='ocrx_word' id='word_1_686' title='bbox 2544 4115 2878 4184; x_wconf 84' lang='lat' dir='ltr'><strong>coniectura</strong></span> <span class='ocrx_word' id='word_1_687' title='bbox 2912 4116 3128 4166; x_wconf 89' lang='lat' dir='ltr'><strong>temere</strong></span> <span class='ocrx_word' id='word_1_688' title='bbox 3162 4111 3411 4181; x_wconf 90' lang='lat' dir='ltr'><strong>profero,</strong></span> <span class='ocrx_word' id='word_1_689' title='bbox 3444 4127 3557 4164; x_wconf 91' lang='lat' dir='ltr'><strong>non</strong></span> <span class='ocrx_word' id='word_1_690' title='bbox 3593 4109 3737 4164; x_wconf 89' lang='lat' dir='ltr'><strong>alio-</strong></span> 
     </span>
    </p>
   </div>
   <div class='ocr_carea' id='block_1_98' title="bbox 2081 4197 3741 4274">
    <p class='ocr_par' dir='ltr' id='par_1_98' title="bbox 2081 4197 3741 4274">
     <span class='ocr_line' id='line_1_98' title="bbox 2081 4197 3741 4274; baseline -0.004 -15"><span class='ocrx_word' id='word_1_691' title='bbox 2081 4221 2211 4259; x_wconf 92' lang='lat' dir='ltr'><strong>rum</strong></span> <span class='ocrx_word' id='word_1_692' title='bbox 2253 4204 2489 4259; x_wconf 72' lang='lat' dir='ltr'><strong>edoctus</strong></span> <span class='ocrx_word' id='word_1_693' title='bbox 2544 4202 2825 4274; x_wconf 84' lang='lat' dir='ltr'><strong>exemplis</strong></span> <span class='ocrx_word' id='word_1_694' title='bbox 2862 4219 2875 4269; x_wconf 90' lang='lat'><strong>;</strong></span> <span class='ocrx_word' id='word_1_695' title='bbox 2912 4201 3043 4272; x_wconf 90' lang='lat' dir='ltr'><strong>ipsa</strong></span> <span class='ocrx_word' id='word_1_696' title='bbox 3082 4215 3338 4271; x_wconf 90' lang='lat' dir='ltr'><strong>namque</strong></span> <span class='ocrx_word' id='word_1_697' title='bbox 3385 4197 3741 4271; x_wconf 88' lang='lat' dir='ltr'><strong>experientia</strong></span> 
     </span>
    </p>
   </div>
   <div class='ocr_carea' id='block_1_99' title="bbox 2080 4288 3739 4363">
    <p class='ocr_par' dir='ltr' id='par_1_99' title="bbox 2080 4288 3739 4363">
     <span class='ocr_line' id='line_1_99' title="bbox 2080 4288 3739 4363; baseline -0.004 -16"><span class='ocrx_word' id='word_1_698' title='bbox 2080 4292 2257 4347; x_wconf 90' lang='lat' dir='ltr'><strong>didici</strong></span> <span class='ocrx_word' id='word_1_699' title='bbox 2289 4309 2466 4363; x_wconf 91' lang='lat' dir='ltr'><strong>quam</strong></span> <span class='ocrx_word' id='word_1_700' title='bbox 2499 4292 2671 4346; x_wconf 87' lang='lat' dir='ltr'><strong>inane</strong></span> <span class='ocrx_word' id='word_1_701' title='bbox 2693 4291 2771 4346; x_wconf 91' lang='lat' dir='ltr'><strong>sit</strong></span> <span class='ocrx_word' id='word_1_702' title='bbox 2799 4295 2857 4345; x_wconf 89' lang='lat' dir='ltr'><strong>et</strong></span> <span class='ocrx_word' id='word_1_703' title='bbox 2880 4290 3149 4360; x_wconf 91' lang='lat' dir='ltr'><strong>iniquum</strong></span> <span class='ocrx_word' id='word_1_704' title='bbox 3172 4288 3471 4344; x_wconf 86' lang='lat' dir='ltr'><strong>retrahere</strong></span> <span class='ocrx_word' id='word_1_705' title='bbox 3486 4292 3739 4343; x_wconf 90' lang='lat' dir='ltr'><strong>mentem</strong></span> 
     </span>
    </p>
   </div>
   <div class='ocr_carea' id='block_1_100' title="bbox 2082 4376 3741 4452">
    <p class='ocr_par' dir='ltr' id='par_1_100' title="bbox 2082 4376 3741 4452">
     <span class='ocr_line' id='line_1_100' title="bbox 2082 4376 3741 4452; baseline -0.004 -14"><span class='ocrx_word' id='word_1_706' title='bbox 2082 4382 2155 4438; x_wconf 87' lang='lat' dir='ltr'><strong>ab</strong></span> <span class='ocrx_word' id='word_1_707' title='bbox 2188 4382 2429 4437; x_wconf 85' lang='lat' dir='ltr'><strong>utilibus</strong></span> <span class='ocrx_word' id='word_1_708' title='bbox 2452 4382 2774 4452; x_wconf 87' lang='lat' dir='ltr'><strong>amicisque</strong></span> <span class='ocrx_word' id='word_1_709' title='bbox 2806 4379 3043 4448; x_wconf 85' lang='lat' dir='ltr'><strong>studiis,</strong></span> <span class='ocrx_word' id='word_1_710' title='bbox 3103 4382 3157 4434; x_wconf 89' lang='lat' dir='ltr'><strong>et</strong></span> <span class='ocrx_word' id='word_1_711' title='bbox 3205 4378 3448 4433; x_wconf 87' lang='lat' dir='ltr'><strong>invitam</strong></span> <span class='ocrx_word' id='word_1_712' title='bbox 3480 4377 3552 4432; x_wconf 90' lang='lat' dir='ltr'><strong>ad</strong></span> <span class='ocrx_word' id='word_1_713' title='bbox 3585 4376 3741 4432; x_wconf 87' lang='lat' dir='ltr'><strong>aliud</strong></span> 
     </span>
    </p>
   </div>
   <div class='ocr_carea' id='block_1_101' title="bbox 2082 4472 2816 4544">
    <p class='ocr_par' dir='ltr' id='par_1_101' title="bbox 2082 4472 2816 4544">
     <span class='ocr_line' id='line_1_101' title="bbox 2082 4472 2816 4544; baseline -0.003 -17"><span class='ocrx_word' id='word_1_714' title='bbox 2082 4472 2210 4527; x_wconf 75' lang='lat' dir='ltr'><strong>vitea</strong></span> <span class='ocrx_word' id='word_1_715' title='bbox 2240 4488 2427 4544; x_wconf 87' lang='lat' dir='ltr'><strong>genus</strong></span> <span class='ocrx_word' id='word_1_716' title='bbox 2466 4476 2816 4527; x_wconf 86' lang='lat' dir='ltr'><strong>convertere.</strong></span> 
     </span>
    </p>
   </div>
   <div class='ocr_carea' id='block_1_102' title="bbox 2157 4645 3745 4721">
    <p class='ocr_par' dir='ltr' id='par_1_102' title="bbox 2157 4645 3745 4721">
     <span class='ocr_line' id='line_1_102' title="bbox 2157 4645 3745 4721; baseline -0.005 -14"><span class='ocrx_word' id='word_1_717' title='bbox 2157 4651 2289 4707; x_wconf 88' lang='lat' dir='ltr'><strong>Jam</strong></span> <span class='ocrx_word' id='word_1_718' title='bbox 2322 4648 2479 4705; x_wconf 92' lang='lat' dir='ltr'><strong>domi</strong></span> <span class='ocrx_word' id='word_1_719' title='bbox 2507 4665 2609 4721; x_wconf 91' lang='lat' dir='ltr'><strong>per</strong></span> <span class='ocrx_word' id='word_1_720' title='bbox 2644 4652 2767 4704; x_wconf 89' lang='lat' dir='ltr'><strong>tres</strong></span> <span class='ocrx_word' id='word_1_721' title='bbox 2816 4663 3004 4703; x_wconf 88' lang='lat' dir='ltr'><strong>annos</strong></span> <span class='ocrx_word' id='word_1_722' title='bbox 3054 4645 3290 4702; x_wconf 88' lang='lat' dir='ltr'><strong>scholas</strong></span> <span class='ocrx_word' id='word_1_723' title='bbox 3348 4646 3745 4717; x_wconf 81' lang='lat' dir='ltr'><strong>frequentave-</strong></span> 
     </span>
    </p>
   </div>
   <div class='ocr_carea' id='block_1_103' title="bbox 2086 4732 3740 4809">
    <p class='ocr_par' dir='ltr' id='par_1_103' title="bbox 2086 4732 3740 4809">
     <span class='ocr_line' id='line_1_103' title="bbox 2086 4732 3740 4809; baseline -0.004 -14"><span class='ocrx_word' id='word_1_724' title='bbox 2086 4757 2235 4807; x_wconf 91' lang='lat' dir='ltr'><strong>ram,</strong></span> <span class='ocrx_word' id='word_1_725' title='bbox 2259 4756 2391 4795; x_wconf 90' lang='lat' dir='ltr'><strong>cum</strong></span> <span class='ocrx_word' id='word_1_726' title='bbox 2421 4737 2625 4809; x_wconf 87' lang='lat' dir='ltr'><strong>patriis</strong></span> <span class='ocrx_word' id='word_1_727' title='bbox 2649 4736 3021 4805; x_wconf 90' lang='lat' dir='ltr'><strong>rudimentis,</strong></span> <span class='ocrx_word' id='word_1_728' title='bbox 3056 4734 3305 4790; x_wconf 91' lang='lat' dir='ltr'><strong>aliorum</strong></span> <span class='ocrx_word' id='word_1_729' title='bbox 3328 4732 3740 4805; x_wconf 85' lang='lat' dir='ltr'><strong>judicio,satis</strong></span> 
     </span>
    </p>
   </div>
   <div class='ocr_carea' id='block_1_104' title="bbox 2087 4822 3740 4894">
    <p class='ocr_par' dir='ltr' id='par_1_104' title="bbox 2087 4822 3740 4894">
     <span class='ocr_line' id='line_1_104' title="bbox 2087 4822 3740 4894; baseline -0.003 -10"><span class='ocrx_word' id='word_1_730' title='bbox 2087 4829 2434 4893; x_wconf 87' lang='lat' dir='ltr'><strong>instructus,</strong></span> <span class='ocrx_word' id='word_1_731' title='bbox 2470 4827 2759 4882; x_wconf 88' lang='lat' dir='ltr'><strong>Lutetiam</strong></span> <span class='ocrx_word' id='word_1_732' title='bbox 2788 4825 3010 4880; x_wconf 89' lang='lat' dir='ltr'><strong>missus</strong></span> <span class='ocrx_word' id='word_1_733' title='bbox 3041 4841 3197 4893; x_wconf 90' lang='lat' dir='ltr'><strong>sum,</strong></span> <span class='ocrx_word' id='word_1_734' title='bbox 3254 4828 3319 4878; x_wconf 88' lang='lat' dir='ltr'><strong>ut</strong></span> <span class='ocrx_word' id='word_1_735' title='bbox 3376 4822 3740 4894; x_wconf 87' lang='lat' dir='ltr'><strong>perfectioris</strong></span> 
     </span>
    </p>
   </div>
   <div class='ocr_carea' id='block_1_105' title="bbox 2087 4910 3743 4986">
    <p class='ocr_par' dir='ltr' id='par_1_105' title="bbox 2087 4910 3743 4986">
     <span class='ocr_line' id='line_1_105' title="bbox 2087 4910 3743 4986; baseline -0.003 -14"><span class='ocrx_word' id='word_1_736' title='bbox 2087 4916 2476 4972; x_wconf 88' lang='lat' dir='ltr'><strong>institutionis</strong></span> <span class='ocrx_word' id='word_1_737' title='bbox 2497 4916 2690 4971; x_wconf 85' lang='lat' dir='ltr'><strong>socius</strong></span> <span class='ocrx_word' id='word_1_738' title='bbox 2720 4920 2778 4969; x_wconf 89' lang='lat' dir='ltr'><strong>et</strong></span> <span class='ocrx_word' id='word_1_739' title='bbox 2810 4913 3102 4986; x_wconf 90' lang='lat' dir='ltr'><strong>particeps</strong></span> <span class='ocrx_word' id='word_1_740' title='bbox 3128 4913 3405 4983; x_wconf 83' lang='lat' dir='ltr'><strong>majorem</strong></span> <span class='ocrx_word' id='word_1_741' title='bbox 3440 4928 3507 4966; x_wconf 83' lang='lat' dir='ltr'><strong>ex</strong></span> <span class='ocrx_word' id='word_1_742' title='bbox 3530 4910 3743 4967; x_wconf 85' lang='lat' dir='ltr'><strong>studiis</strong></span> 
     </span>
    </p>
   </div>
   <div class='ocr_carea' id='block_1_106' title="bbox 2090 4999 3746 5074">
    <p class='ocr_par' dir='ltr' id='par_1_106' title="bbox 2090 4999 3746 5074">
     <span class='ocr_line' id='line_1_106' title="bbox 2090 4999 3746 5074; baseline -0.004 -13"><span class='ocrx_word' id='word_1_743' title='bbox 2090 5008 2345 5061; x_wconf 82' lang='lat' dir='ltr'><strong>fructum</strong></span> <span class='ocrx_word' id='word_1_744' title='bbox 2377 5004 2806 5074; x_wconf 84' lang='lat' dir='ltr'><strong>utilitatemque</strong></span> <span class='ocrx_word' id='word_1_745' title='bbox 2840 5002 3220 5074; x_wconf 89' lang='lat' dir='ltr'><strong>perciperem.</strong></span> <span class='ocrx_word' id='word_1_746' title='bbox 3256 5001 3531 5055; x_wconf 86' lang='lat' dir='ltr'><strong>Protinus</strong></span> <span class='ocrx_word' id='word_1_747' title='bbox 3564 4999 3746 5071; x_wconf 92' lang='lat' dir='ltr'><strong>igitur</strong></span> 
     </span>
    </p>
   </div>
   <div class='ocr_carea' id='block_1_107' title="bbox 2090 5088 3750 5166">
    <p class='ocr_par' dir='ltr' id='par_1_107' title="bbox 2090 5088 3750 5166">
     <span class='ocr_line' id='line_1_107' title="bbox 2090 5088 3750 5166; baseline -0.004 -15"><span class='ocrx_word' id='word_1_748' title='bbox 2090 5094 2289 5151; x_wconf 86' lang='lat' dir='ltr'><strong>Latine</strong></span> <span class='ocrx_word' id='word_1_749' title='bbox 2319 5098 2377 5150; x_wconf 89' lang='lat' dir='ltr'><strong>et</strong></span> <span class='ocrx_word' id='word_1_750' title='bbox 2424 5093 2595 5166; x_wconf 89' lang='lat' dir='ltr'><strong>paulo</strong></span> <span class='ocrx_word' id='word_1_751' title='bbox 2655 5096 2787 5165; x_wconf 88' lang='lat' dir='ltr'><strong>post</strong></span> <span class='ocrx_word' id='word_1_752' title='bbox 2835 5092 3029 5148; x_wconf 73' lang='lat' dir='ltr'><strong>Graece</strong></span> <span class='ocrx_word' id='word_1_753' title='bbox 3098 5090 3443 5146; x_wconf 91' lang='lat' dir='ltr'><strong>docentibus</strong></span> <span class='ocrx_word' id='word_1_754' title='bbox 3500 5088 3750 5145; x_wconf 89' lang='lat' dir='ltr'><strong>libenter</strong></span> 
     </span>
    </p>
   </div>
   <div class='ocr_carea' id='block_1_108' title="bbox 2090 5180 3748 5255">
    <p class='ocr_par' dir='ltr' id='par_1_108' title="bbox 2090 5180 3748 5255">
     <span class='ocr_line' id='line_1_108' title="bbox 2090 5180 3748 5255; baseline -0.004 -14"><span class='ocrx_word' id='word_1_755' title='bbox 2090 5182 2752 5255; x_wconf 89' lang='lat' dir='ltr'><strong>memetipsumtradidi.</strong></span> <span class='ocrx_word' id='word_1_756' title='bbox 2776 5180 3097 5252; x_wconf 91' lang='lat' dir='ltr'><strong>thuidem</strong></span> <span class='ocrx_word' id='word_1_757' title='bbox 3116 5180 3271 5236; x_wconf 89' lang='lat' dir='ltr'><strong>intra</strong></span> <span class='ocrx_word' id='word_1_758' title='bbox 3297 5180 3469 5235; x_wconf 90' lang='lat' dir='ltr'><strong>breve</strong></span> <span class='ocrx_word' id='word_1_759' title='bbox 3489 5182 3748 5250; x_wconf 88' lang='lat' dir='ltr'><strong>tempus,</strong></span> 
     </span>
    </p>
   </div>
   <div class='ocr_carea' id='block_1_109' title="bbox 2092 5268 3753 5344">
    <p class='ocr_par' dir='ltr' id='par_1_109' title="bbox 2092 5268 3753 5344">
     <span class='ocr_line' id='line_1_109' title="bbox 2092 5268 3753 5344; baseline -0.005 -15"><span class='ocrx_word' id='word_1_760' title='bbox 2092 5274 2138 5330; x_wconf 90' lang='lat' dir='ltr'><strong>si</strong></span> <span class='ocrx_word' id='word_1_761' title='bbox 2173 5290 2286 5328; x_wconf 90' lang='lat' dir='ltr'><strong>non</strong></span> <span class='ocrx_word' id='word_1_762' title='bbox 2342 5288 2521 5344; x_wconf 88' lang='lat' dir='ltr'><strong>supra</strong></span> <span class='ocrx_word' id='word_1_763' title='bbox 2551 5271 2787 5325; x_wconf 91' lang='lat' dir='ltr'><strong>modum</strong></span> <span class='ocrx_word' id='word_1_764' title='bbox 2845 5268 3434 5339; x_wconf 89' lang='lat' dir='ltr'><strong>admirationemque,</strong></span> <span class='ocrx_word' id='word_1_765' title='bbox 3493 5270 3553 5321; x_wconf 89' lang='lat' dir='ltr'><strong>at</strong></span> <span class='ocrx_word' id='word_1_766' title='bbox 3598 5271 3753 5322; x_wconf 86' lang='lat' dir='ltr'><strong>certe</strong></span> 
     </span>
    </p>
   </div>
   <div class='ocr_carea' id='block_1_110' title="bbox 2092 5356 3751 5433">
    <p class='ocr_par' dir='ltr' id='par_1_110' title="bbox 2092 5356 3751 5433">
     <span class='ocr_line' id='line_1_110' title="bbox 2092 5356 3751 5433; baseline -0.004 -14"><span class='ocrx_word' id='word_1_767' title='bbox 2092 5366 2319 5419; x_wconf 88' lang='lat' dir='ltr'><strong>tantum</strong></span> <span class='ocrx_word' id='word_1_768' title='bbox 2340 5361 2401 5416; x_wconf 86' lang='lat' dir='ltr'><strong>in</strong></span> <span class='ocrx_word' id='word_1_769' title='bbox 2431 5365 2681 5433; x_wconf 89' lang='lat' dir='ltr'><strong>utraque</strong></span> <span class='ocrx_word' id='word_1_770' title='bbox 2725 5359 2930 5432; x_wconf 87' lang='lat' dir='ltr'><strong>lingua</strong></span> <span class='ocrx_word' id='word_1_771' title='bbox 2978 5358 3217 5432; x_wconf 88' lang='lat' dir='ltr'><strong>profeci,</strong></span> <span class='ocrx_word' id='word_1_772' title='bbox 3266 5361 3351 5427; x_wconf 90' lang='lat' dir='ltr'><strong>ut,</strong></span> <span class='ocrx_word' id='word_1_773' title='bbox 3410 5356 3565 5414; x_wconf 88' lang='lat' dir='ltr'><strong>absit</strong></span> <span class='ocrx_word' id='word_1_774' title='bbox 3594 5372 3628 5412; x_wconf 87' lang='lat' dir='ltr'><strong>a</strong></span> <span class='ocrx_word' id='word_1_775' title='bbox 3658 5371 3751 5413; x_wconf 82' lang='lat' dir='ltr'><strong>me</strong></span> 
     </span>
    </p>
   </div>
  </div>
