4184 6202
360 362 479 421 339

1485 352 1757 417 JACOBI
1800 350 2032 413 BILLII
2076 350 2677 413 PREFATIONES.

3659 364 3783 426 340

385 491 741 564 arrogantia,
775 507 879 547 nec
906 490 1157 563 impensi
1190 488 1303 545 mei
1334 503 1511 544 causa
1532 487 1699 559 pretii
1732 488 2005 558 parentes

2136 480 2360 558 ἑκατέρᾳ
2395 486 2501 537 τῶν
2550 488 2808 559 γλωττῶν
2860 486 3146 562 προκοπὴν
3197 483 3562 562 ἐποιησάμην,
3614 490 3778 565 ὥστε,

380 598 485 638 nec
515 580 769 653 suscepti
803 584 868 635 ut
899 596 991 635 me
1020 577 1634 636 informarentlaboris
1660 576 2023 632 institutores

378 687 442 729 ac
482 669 922 742 ludimagistros
980 668 1305 742 paeniteret.
1365 672 1626 739 Integros
1682 682 1779 722 sex
1837 682 2022 721 annos

371 764 687 833 postquam
718 757 836 814 illis
868 758 925 813 in
949 757 1164 814 scholis
1200 772 1684 831 perseverassem,
1721 754 2022 811 accersivit

371 858 469 903 me
490 852 671 921 pater,
731 853 790 904 et
822 848 974 921 apud
1007 864 1068 904 se
1112 849 1268 904 haud
1327 847 1427 903 diu
1484 848 1779 903 detentum
1837 846 2020 901 Pieta-

360 938 525 992 vium
588 936 771 1005 misit,
832 938 1036 994 urbem
1088 937 1179 993 his
1233 937 1442 994 diebus
1505 936 1566 991 in
1620 934 1775 991 omni
1836 935 2022 991 Gallia

363 1027 912 1099 praestantissimam
943 1024 2020 1098 ﬂorentissimamquejurisprudentia:

361 1115 631 1172 scientia.

434 1384 647 1458 Ecquis
676 1385 1026 1458 exprimeret
1058 1386 1230 1443 verbo
1284 1402 1411 1459 quae
1464 1385 1607 1441 mihi
1662 1385 1931 1459 voluptas
1961 1389 2019 1443 et

365 1490 493 1546 quae
522 1475 695 1531 fuerit
716 1474 918 1530 laetitia
947 1474 1007 1530 in
1039 1476 1378 1532 societatem
1395 1476 1498 1547 jus
1526 1473 1803 1549 legesque
1824 1475 2016 1531 colen-

362 1562 512 1618 tium
547 1563 808 1619 ascribi?
834 1567 951 1619 Hoc
998 1564 1154 1620 enim
1210 1564 1327 1620 fere
1349 1565 1634 1636 juvenum
1668 1564 1875 1620 vitium
1906 1570 2015 1632 est,

361 1658 426 1707 ut
458 1652 709 1707 assuetis
753 1653 945 1708 satiati
998 1669 1146 1707 nova
1198 1668 1434 1725 semper
1492 1657 1727 1724 captent
1765 1657 1823 1707 et
1878 1654 2015 1708 totis

358 1740 747 1812 insequantur
773 1741 1016 1797 viribus.
1053 1742 1162 1797 Sed
1212 1757 1499 1797 evanuere
1556 1743 1670 1797 cito
1699 1741 2014 1814 voluptatis

356 1828 659 1923 illecebrae.
694 1829 904 1885 Primis
953 1830 1144 1923 legum
1197 1830 1524 1923 elementis
1557 1831 1823 1923 imbutus
1853 1833 2010 1923 (nam
2043 1860 2089 1923 Β

358 1934 467 1974 sua
484 1917 715 1973 Themis
748 1935 861 1974 non
893 1919 1081 1991 aperit
1112 1919 1390 1987 mysteria
1414 1919 1527 1975 nisi
1562 1919 1724 1991 prius
1744 1920 2012 1991 initiatis)

352 2007 518 2063 intus
549 2008 716 2078 quasi
748 2012 1119 2079 transgresso
1140 2007 1345 2063 limine
1376 2008 1676 2063 admissus
1707 2024 1838 2064 sum
1864 2026 1877 2064 :
1911 2025 2011 2064 ve-

354 2111 487 2150 rum
519 2096 577 2150 in
598 2096 877 2151 interiora
908 2094 1236 2167 penetranti
1289 2096 1374 2151 sic
1435 2113 1642 2168 aspera
1672 2097 1892 2164 omnia,
1928 2098 2011 2153 sic

357 2186 544 2241 ardua
580 2188 637 2241 et
694 2184 994 2241 inaccessa
1061 2190 1268 2257 praeter
1324 2201 1489 2258 spem
1548 2202 1889 2258 apparuere,
1945 2192 2013 2243 ut

358 2274 515 2345 quod
536 2272 793 2329 venerim
851 2272 1197 2341 Pictavium,
1240 2274 1385 2330 mihi
1439 2290 1811 2345 nequaquam
1843 2275 2009 2347 igno-

355 2364 931 2435 scerem,urbemque
952 2362 1111 2418 illam
1145 2379 1411 2419 vocarem
1430 2380 1585 2418 vanae
1607 2364 1804 2419 sedem
1827 2364 2009 2419 felici-

362 2451 521 2507 tatis.
555 2451 670 2524 Ipsi
692 2454 889 2507 tamen
921 2450 1154 2523 ingenio
1210 2452 1323 2507 vim
1364 2452 1644 2518 inferens,
1675 2452 1829 2508 ultra
1878 2470 2008 2525 pro-

358 2540 521 2614 gredi
549 2540 705 2596 omni
741 2557 847 2614 ope
876 2542 1194 2613 tentabam,
1229 2546 1285 2597 et
1325 2542 1495 2613 juxta
1550 2541 1693 2597 illud
1725 2541 2006 2614 Apostoli,

356 2629 428 2685 ad
455 2645 521 2685 ea
543 2644 668 2701 quae
695 2631 980 2685 anteriora
1016 2635 1174 2686 erant
1224 2633 1495 2702 meipsum
1532 2630 1823 2686 extendere
1842 2632 1909 2685 ⁸³.
1939 2634 2010 2686 At

353 2718 460 2773 illa
490 2720 628 2791 quid
663 2719 807 2774 mihi
842 2720 1058 2791 profuit
1089 2720 1269 2774 animi
1289 2720 1583 2775 contentio
1612 2718 1640 2774 ?
1678 2721 1760 2775 Ad
1790 2721 2005 2791 expeti-

352 2812 474 2863 tam
516 2824 630 2863 non
665 2808 893 2880 perveni
917 2808 1077 2880 juris
1108 2808 1415 2864 scientiam
1450 2809 1620 2880 ;quin
1645 2809 2010 2881 etipsaprior

348 2896 643 2953 institutio
676 2896 999 2969 plurimum
1015 2897 1350 2954 detrimenti
1370 2897 1628 2970 pertulit.
1652 2897 1825 2970 Spem
1848 2898 2004 2954 enim

349 3002 542 3042 meam
574 3004 687 3041 non
713 2987 885 3042 modo
923 2986 1125 3043 fefellit
1146 2986 1789 3059 jurisprudentia,pene
1819 2992 2006 3043 totum

347 3075 523 3131 etiam
559 3075 788 3130 efﬂuxit
815 3076 969 3147 quod
997 3077 1054 3130 in
1088 3092 1302 3147 magna
1341 3082 1483 3131 urbe
1514 3092 2003 3146 comparaveram-

348 3163 417 3220 Et
444 3163 597 3219 idem
632 3165 749 3219 fere
782 3164 924 3219 mihi
946 3165 1190 3238 contigit
1220 3164 1459 3236 quodiis
1491 3166 1707 3236 quibus
1737 3164 2001 3221 vitiatum

2131 570 2217 627 ἵνα
2251 570 2417 645 μηδὲν
2451 575 2705 649 φορτικὸν
2754 575 2910 645 εἴπω,
2947 573 3088 646 μηδέ
3140 582 3253 639 τοῖς
3292 584 3504 653 γονεῦσι
3540 585 3780 656 μεταμέ-

2131 658 2245 716 λειν
2271 669 2370 731 τῆς
2403 662 2485 716 ἐπ’
2518 660 2639 735 ἐμοὶ
2674 660 2934 737 δαπάνης,
2972 661 3113 737 μηδέ
3159 672 3274 729 τοῖς
3323 678 3661 746 καθηγηταῖς
3693 675 3780 728 καὶ

2132 748 2479 814 διδασκάλοις
2511 753 2583 806 ὧν
2618 752 2705 807 ἐπὶ
2733 756 2801 827 τῇ
2833 756 3075 831 ἡμετέρᾳ
3120 753 3394 812 παιδεύσει
3437 757 3774 836 ἐμόχθησαν.

2129 842 2223 910 ’Ἐξ
2282 839 2340 895 δὲ
2394 839 2560 896 ἔτεσιν
2620 842 2774 905 ὅλοις
2833 843 3254 919 έναπομείναντά
3315 868 3381 921 με
3436 856 3551 911 τοῖς
3610 850 3779 909 ἐκεῖσε

2130 927 2539 1007 παιδευτηρίοις
2593 931 3081 1007 μεταπεμψάμενος
3131 936 3159 989 ὁ
3189 937 3390 1013 πατὴρ,
3431 938 3521 993 καὶ
3567 941 3774 1016 βραχύν

2126 1038 2246 1075 τινα
2275 1020 2471 1096 χρόνον
2501 1022 2627 1097 παρ’
2667 1021 2839 1095 ἐαυτῷ
2888 1025 3198 1100 κατασχών,
3233 1024 3320 1081 ἐπὶ
3367 1027 3431 1081 τὸ
3481 1026 3775 1087 Πικτάϐιον

2127 1107 2458 1181 ἀπέστειλεν,
2504 1110 2667 1165 πόλιν
2717 1118 2817 1183 τῆς
2865 1113 3001 1168 κατὰ
3044 1115 3144 1183 τήν
3181 1117 3416 1189 νομικὴν
3465 1116 3777 1195 ἐπιστήμην

2127 1197 2373 1262 εὐκλείας
2420 1198 2542 1255 τότε
2589 1202 2656 1256 τὰ
2717 1208 2959 1273 πρωτεῖα
3015 1207 3318 1283 φερομένην
3371 1206 3423 1262 ἐν
3477 1208 3653 1285 ἁπάσῃ
3702 1214 3773 1285 τῇ

2127 1286 2356 1361 Γαλλίᾳ.

2199 1378 2301 1434 Καὶ
2330 1377 2411 1440 τίς
2464 1379 2523 1433 ἂν
2570 1380 2650 1453 τῷ
2699 1379 2848 1457 λόγῳ
2894 1384 3282 1458 παραστήσειεν
3337 1384 3412 1448 ὡς
3461 1384 3634 1456 ἡδέως
3683 1389 3773 1443 καὶ

2130 1468 2245 1540 μεθ’
2278 1466 2409 1539 ὅσης
2440 1475 2540 1538 τῆς
2570 1469 2924 1545 περιχαρείας
2966 1476 3081 1534 τοῖς
3118 1473 3217 1541 τὴν
3248 1473 3449 1549 τέχνην
3480 1474 3642 1546 τήνδε
3673 1499 3770 1549 με·

2123 1560 2329 1611 τιοῦσιν
2392 1556 2620 1629 ἐμαυτὸν
2669 1558 2985 1634 ἐγκατέλεξα
3019 1580 3032 1629 ;
3068 1560 3233 1617 Φιλεῖ
3288 1565 3390 1638 γὰρ
3449 1568 3482 1634 ἡ
3540 1566 3777 1637 νεότης,

2122 1651 2240 1707 τοῖς
2298 1646 2625 1719 εἰθισμένοις
2683 1649 3123 1724 ἀπαρεσκομένη,
3180 1653 3242 1706 τὸ
3297 1654 3480 1708 καινὸν
3540 1655 3621 1708 ἀεὶ
3681 1667 3780 1724 θη-

2126 1736 2312 1811 ρᾶσθαι
2354 1735 2440 1790 καὶ
2474 1737 2609 1791 κατὰ
2654 1736 2852 1810 κράτος
2901 1736 3138 1796 διώκειν.
3194 1740 3354 1797 Ἀλλ’
3384 1743 3482 1797 ούκ
3520 1742 3604 1797 ἐπὶ
3638 1740 3780 1799 ποδὺ

2123 1826 2396 1898 παρετάθη
2437 1846 2528 1899 μοι
2559 1827 2621 1882 τὸ
2664 1834 2762 1896 τῆς
2814 1825 3034 1898 ἡδονῆς.
3068 1830 3155 1891 Ὠς
3201 1832 3325 1905 γὰρ,
3376 1831 3442 1886 τὰ
3484 1830 3778 1907 προτέλεια

2120 1920 2223 1983 τῆς
2251 1913 2451 1989 τέχνης
2502 1918 2838 1992 κατηχηθεὶς
2885 1917 2970 1985 (οὐ
3001 1920 3105 1993 γάρ
3155 1920 3309 1991 θέμις
3351 1927 3632 1977 κοινωνεῖν
3665 1926 3771 1976 τῶν

2125 2004 2438 2079 μυστηρίων
2470 2011 2587 2067 τοῖς
2643 2007 2716 2079 μὴ
2765 2007 3029 2082 πρότερον
3084 2010 3378 2081 μυηθεῖσι),
3424 2009 3775 2065 καὶοῖνείτὰ

2120 2092 2364 2169 πρόθυρα
2392 2089 2599 2164 διαϐάς,
2634 2092 2782 2150 ἔνδον
2838 2096 3129 2171 ἐγενόμην,
3159 2103 3279 2159 τοῖς
3332 2100 3544 2174 βαθέσιν
3583 2099 3771 2161 αὐτοῖς

2121 2177 2455 2255 ἐμϐατεύων,
2505 2183 2648 2239 οὕτω
2697 2182 2935 2241 δύσκολα
2980 2185 3186 2257 πάντα,
3240 2186 3385 2242 οὕτω
3426 2190 3633 2264 τραχέα
3677 2190 3766 2244 καὶ

2121 2267 2410 2350 δυσέφικτα
2457 2274 2603 2348 παρὰ
2647 2275 2745 2344 τήν
2798 2274 2934 2346 ἐμὴν
2992 2274 3190 2331 ἐλπίδα
3241 2274 3572 2350 κατέλαϐον,
3632 2277 3772 2334 ὥστε

2119 2358 2305 2417 πολλὰ
2335 2360 2564 2434 ἐμαυτὸν
2614 2364 2913 2441 μέμφεσθαι
2950 2367 3050 2433 τῆς
3090 2365 3178 2419 ἐπὶ
3224 2366 3287 2420 τὸ
3320 2362 3610 2421 Πικτάϐιον
3649 2365 3766 2421 ἐπι-

2120 2447 2346 2522 δημίας,
2374 2450 2464 2505 καὶ
2512 2452 2669 2521 κενὴν
2720 2452 2981 2529 μακαρίαν
3032 2454 3130 2523 τήν
3178 2448 3341 2508 πόλιν
3389 2453 3595 2524 ἐκείνην
3631 2456 3765 2510 ἀπο-

2117 2538 2324 2597 καλεῖν.
2359 2539 2435 2597 Οὐ
2473 2541 2579 2614 μὴν
2611 2539 2755 2597 ἀλλὰ
2784 2542 2872 2597 καὶ
2903 2543 3000 2612 τὴν
3031 2542 3187 2621 φύσιν
3238 2542 3405 2613 αὐτὴν
3443 2544 3763 2619 βιαζόμενος

2118 2627 2171 2691 ἐς
2199 2629 2262 2684 τὸ
2314 2628 2501 2705 πρόσω
2547 2637 2773 2707 χωρεῖν,
2804 2632 2915 2705 καὶ,
2949 2632 3009 2687 τὸ
3060 2637 3155 2687 τοῦ
3201 2633 3562 2704 Ἀποστόλου,
3594 2633 3669 2696 εἷς
3699 2635 3765 2689 τὰ

2117 2715 2419 2794 ἔμπροσθεν
2477 2719 2860 2775 ἐπεκτείνεσθαι
2892 2765 2907 2790 ,
2960 2723 3095 2777 κατὰ
3168 2725 3342 2776 πάντα
3411 2722 3610 2797 τρόπον
3668 2722 3763 2777 ἐπ-

2118 2806 2385 2883 εχείρουν.
2418 2808 2477 2861 Τί
2508 2806 2564 2862 δὲ
2593 2815 2693 2877 τῆς
2731 2806 3095 2884 βεδιασμένης
3114 2810 3317 2880 ταύτης
3350 2808 3588 2879 σπουδῆς
3623 2811 3761 2867 ὠνά-

2121 2917 2227 2968 μην
2264 2913 2277 2964 ;
2312 2897 2453 2971 Πρὸς
2483 2901 2562 2970 τῷ
2592 2898 2692 2967 τῆς
2724 2894 3057 2974 διωχθείσης
3089 2899 3286 2976 τέχνης
3332 2899 3650 2976 ἀποτυχεῖν,
3686 2898 3765 2956 ἔτι

2115 2984 2205 3039 καὶ
2237 2984 2311 3046 εἰς
2364 2986 2461 3054 τὴν
2515 2986 2746 3061 ἀρχαίαν
2798 2984 3073 3042 παίδευσιν
3120 2987 3463 3060 ἐζημιώθην’
3499 2989 3559 3043 ού
3603 2989 3762 3061 μόνον

2114 3073 2214 3149 γάρ
2245 3081 2344 3143 τῆς
2375 3074 2719 3146 ἐλπισθείσης
2770 3075 3079 3149 ἐπιστήμης
3130 3074 3453 3152 διήμαρτον,
3487 3075 3632 3133 ἀλλὰ
3670 3080 3764 3133 καὶ

2114 3161 2309 3238 σχεδόν
2338 3184 2390 3217 τι
2442 3161 2660 3240 διερρύη
2693 3170 2794 3220 πᾶν
2837 3170 3021 3237 τοῦτο,
3055 3166 3185 3243 ὅπερ
3222 3188 3315 3240 μοι
3348 3167 3761 3242 συνειλεγμένον

346 3257 438 3309 est
489 3252 799 3325 palatum:
844 3254 1039 3310 cibum
1097 3233 1348 3325 aliquem
1406 3233 1525 3309 illis
1568 3255 1798 3319 oﬂ‘eras,
1852 3269 2002 3326 zegre

2116 3233 2188 3321 ἦν’
2212 3252 2262 3306 ἐν
2296 3256 2361 3326 τῇ
2420 3233 2814 3329 μεγαλοπόλει.
2848 3256 2946 3310 Καὶ
2994 3233 3376 3333 παραπλησιόν
3426 3278 3478 3312 τι
3523 3233 3765 3312 πέπονθα

347 3343 545 3397 ferunt
578 3360 590 3409 ;
625 3341 947 3412 quemlibet
975 3343 1182 3399 deinde
1242 3343 1606 3415 apposueris,
1667 3342 1885 3414 pariter
1913 3361 1999 3399 re-

348 3440 569 3501 spuunt
600 3436 1021 3503 aspernantes:
1061 3433 1145 3487 sic
1175 3437 1232 3487 et
1262 3449 1368 3488 nos
1416 3448 1519 3504 spe
1566 3431 1798 3487 sublata
1818 3433 2002 3504 juris-

349 3519 757 3593 prudenliae,et
786 3536 924 3593 erga
950 3537 1077 3577 eam
1109 3520 1261 3576 male
1293 3521 1712 3587 aﬂ‘ecti,omnes
1742 3538 1809 3576 ex
1838 3538 2001 3593 aequo

350 3606 575 3665 litteras
608 3609 857 3664 aversati
918 3627 1125 3666 sumus
1177 3614 1234 3666 et
1281 3610 1645 3679 horruimus,
1689 3609 2002 3681 cujuslibet

349 3697 694 3754 eruditionis
729 3699 1033 3755 fastidiosi.

419 3983 686 4056 Longum
720 3982 901 4054 igitur
928 3980 1117 4038 valere
1148 3980 1341 4038 studio
1373 3997 1508 4037 cum
1551 3981 1831 4038 dixissem
1858 3982 2004 4041 litte'

346 4087 569 4138 rarum,
615 4070 902 4142 meipsum
963 4069 1188 4128 deliciis
1239 4074 1297 4126 et
1351 4072 1883 4128 comessationibus
1914 4079 1999 4129 to-

347 4162 472 4214 tum
510 4160 727 4225 addixi,
758 4160 1015 4217 mollitiei
1045 4158 1445 4232 voluptatique
1461 4159 1718 4215 serviens
1736 4161 1998 4230 omnino,

340 4264 445 4321 pro
481 4248 723 4305 museeis
752 4250 1133 4323 frequentans
1165 4248 1579 4322 sphaeristeria,
1614 4250 1796 4305 donec
1825 4268 2001 4323 prava

340 4341 398 4392 et
444 4334 834 4394 immoderata
888 4337 1114 4395 vivendi
1171 4338 1596 4395 consuetudine
1656 4339 1713 4394 in
1766 4357 1997 4412 gravem

342 4426 827 4497 obstinatumque
858 4429 1126 4483 morbum
1160 4426 1462 4497 incidi,qui
1496 4443 1588 4482 me
1619 4445 1721 4500 per
1749 4434 2001 4499 quatuor

345 4531 578 4571 menses
599 4515 657 4570 in
689 4513 837 4573 lecto
869 4516 1113 4572 retinuit
1154 4516 1446 4586 jacentem
1470 4520 1526 4571 et
1556 4533 1701 4585 pene
1730 4520 1995 4574 confecit.

2108 3348 2225 3404 τοῖς
2277 3344 2374 3411 τήν
2430 3347 2609 3418 γεῦσιν
2662 3341 3094 3423 διεφθαρμένοις,
3145 3346 3218 3415 οἳ,
3272 3343 3484 3401 ἐπειδὰν
3534 3345 3670 3421 πρός
3710 3369 3764 3402 τι

2110 3435 2215 3486 τῶν
2269 3430 2552 3505 ἐδωδίμων
2604 3431 2747 3495 εἶδος
2796 3431 3202 3510 δυσχεράνωσι,
3250 3434 3340 3490 καὶ
3390 3436 3525 3512 πρὸς
3576 3438 3758 3491 ὁτιοῦν

2112 3519 2322 3592 ὁμοίως
2360 3526 2465 3576 τῶν
2500 3522 2952 3600 προσρερομένων
2978 3521 3160 3593 ἀηδῶς
3194 3522 3406 3600 ἔχουσι·
3439 3528 3628 3579 τοῦτον
3651 3526 3758 3602 γὰρ

2111 3609 2199 3662 καὶ
2231 3610 2394 3683 ἡμεῖς
2444 3610 2647 3684 τρόπον
2683 3614 2748 3681 ἧς
2778 3610 3083 3685 ἠλπίζομεν
3128 3615 3361 3686 νομικῆς
3412 3613 3757 3690 ἀποσφαλέν-

2109 3719 2218 3767 τες,
2271 3700 2358 3754 καί
2408 3698 2543 3776 πρός
2592 3701 2791 3771 ταύτην
2839 3698 3348 3778 δυσαρεστήσαντες,
3391 3703 3591 3765 πάντας
3641 3702 3757 3758 ἐπί-

2112 3809 2210 3859 σης
2263 3788 2391 3851 τοὺς
2441 3789 2636 3865 λόγους
2691 3789 3066 3864 ἐμισήσαμεν,
3118 3793 3208 3847 καὶ
3258 3792 3702 3867 ἀπεστρεψάμεθα
3737 3839 3753 3863 ,

2109 3878 2199 3933 καὶ
2228 3879 2365 3954 πρὸς
2395 3885 2498 3933 πᾶν
2532 3878 2777 3942 παιδείας
2805 3879 2958 3957 γένος
2997 3882 3297 3944 κακοσίτως
3341 3879 3677 3955 διετέθημεν.

2182 3985 2375 4042 Πολλά
2403 3985 2579 4041 τοίνυν
2631 3986 2839 4063 χαίρειν
2890 3985 3093 4066 φράσας
3138 3991 3207 4063 τῇ
3261 3986 3579 4067 φιλολογίᾳ,
3621 3988 3751 4045 ὅλον

2110 4074 2340 4148 ἐμαυτὸν
2366 4080 2543 4153 τρυφῇ
2574 4077 2663 4131 καὶ
2714 4077 2927 4150 κώμοις
2961 4074 3179 4133 ἔκδοτον
3211 4077 3461 4148 ἐποίησα,
3493 4078 3555 4133 τὸ
3588 4072 3752 4154 ἁϐρὸν

2110 4164 2197 4220 καὶ
2228 4162 2489 4241 ἐφήδονον
2542 4165 2592 4235 ἐξ
2642 4166 2878 4228 ἅπαντος
2927 4166 3254 4242 θεραπεύων,
3285 4167 3375 4221 καὶ
3421 4168 3486 4222 τὰ
3535 4188 3755 4243 σφαιρι-

2109 4256 2305 4331 στήρια
2354 4254 2466 4309 ἀντὶ
2513 4258 2619 4309 τῶν
2692 4254 2954 4327 μουσείων
3008 4255 3269 4330 ἐλόμενος
3305 4301 3319 4327 ,
3374 4256 3534 4332 ἅχρις
3585 4257 3645 4311 οὗ
3694 4256 3755 4312 ἐκ

2113 4346 2397 4419 μοχθηρᾶς
2428 4343 2516 4398 καὶ
2564 4341 2937 4416 πλημμελοῦς
2984 4342 3195 4415 διαίτης
3228 4345 3304 4408 είς
3350 4343 3601 4422 χαλεπήν
3633 4367 3755 4401 τινα

2107 4434 2196 4487 καὶ
2246 4431 2530 4507 δύσμαχον
2584 4430 2883 4508 ἀρρωστίαν
2942 4433 3213 4503 ἐνέπεσον,
3270 4434 3321 4505 ἐξ
3379 4438 3444 4503 ἧς
3496 4434 3751 4510 τέτταρας

2114 4528 2286 4595 μῆνας
2316 4520 2401 4576 ἐπὶ
2450 4521 2643 4592 κλίνης
2690 4522 3031 4577 κατακεῖσθαί
3082 4545 3175 4595 μοι
3226 4519 3420 4592 συνέϐη
3471 4524 3558 4577 καὶ
3607 4523 3757 4599 παρὰ

343 4602 542 4661 Morbo
574 4604 909 4677 quiescento
967 4608 1025 4660 et
1076 4604 1275 4677 fugata
1333 4604 1500 4671 febri,
1557 4603 1845 4672 vehiculo,
1888 4624 1991 4663 nec

2116 4612 2293 4687 ιικρὸν
2330 4611 2637 4667 ἀποθανεῖν.
2673 4613 3037 4690 Λωφήσαντος
3072 4610 3129 4666 δὲ
3157 4616 3254 4667 τοῦ
3294 4612 3751 4689 άῤῥωστήματος,

341 4692 498 4749 enim
530 4693 790 4767 equitare
820 4712 935 4767 pra;
958 4692 1491 4749 nimiainﬁrmitate
1516 4695 1990 4768 poteram,impo-

343 4783 494 4837 situs
517 4799 649 4838 sum
674 4788 731 4839 et
760 4784 1001 4839 domum
1030 4787 1332 4855 paternam
1358 4782 1593 4839 relatus.
1616 4784 1988 4842 Hicetmulto

338 4875 620 4943 tempore,
645 4876 702 4928 et
731 4888 870 4927 cura
902 4889 1017 4927 non
1050 4871 1314 4939 minima,
1371 4887 1593 4927 necnon
1629 4876 1751 4927 arte
1800 4874 1984 4929 medi-

336 4976 539 5016 corum
570 4977 718 5034 opus
749 4960 927 5017 habui
986 4965 1050 5016 ut
1080 4962 1378 5034 deperdita
1422 4960 1692 5017 valetudo
1725 4963 1986 5021 reﬁcere-

336 5053 453 5105 tur.
485 5048 594 5105 Vix
620 5054 814 5106 autem
848 5067 879 5106 e
938 5051 1141 5106 morbo
1188 5055 1535 5119 merentum,
1570 5052 1826 5125 corporis
1858 5053 1987 5109 viri-

330 5139 445 5193 bus
477 5139 782 5208 reparatis,
817 5140 888 5195 ad
919 5140 1183 5195 studium
1207 5140 1530 5196 litterarum
1556 5142 1849 5197 continuis
1865 5160 1983 5199 ser-

333 5227 608 5284 monibus
639 5228 899 5283 incitavit
929 5245 1020 5284 me
1052 5234 1216 5301 pater
1245 5246 1259 5285 :
1292 5230 1398 5285 etsi
1432 5230 1587 5285 enim
1622 5231 1980 5300 illitteratus,

333 5320 391 5372 at
413 5321 569 5373 certe
598 5316 987 5373 litteratorum
1011 5318 1456 5375 amantissimus
1500 5324 1555 5375 et
1596 5318 1820 5376 fervens
1851 5320 1980 5377 lau-

330 5406 517 5475 dator,
549 5412 613 5462 ut
639 5406 689 5462 si
718 5406 1011 5479 quispiam
1058 5406 1228 5463 alius.
1269 5408 1371 5464 Cui
1413 5408 1563 5465 inter
1594 5408 1709 5466 alia
1738 5426 1977 5482 repone-

328 5492 465 5550 bam
496 5494 569 5550 ad
599 5494 943 5551 excolendas
973 5495 1210 5553 altiores
1255 5495 1535 5553 scientias
1585 5514 1677 5553 me
1708 5504 1977 5571 paratum

398 5693 445 5731 ⁸²
471 5693 725 5769 Philipp.
759 5711 840 5765 ιιι,
872 5695 963 5755 13.

2099 4701 2189 4755 καὶ
2239 4704 2336 4755 τοῦ
2393 4704 2626 4775 πυρετοῦ
2676 4699 2734 4755 ἐκ
2781 4698 2962 4756 ποδῶν
3013 4700 3333 4776 γενομέιου,
3391 4702 3597 4779 φορείῳ
3643 4701 3751 4756 τινὶ

2098 4789 2344 4851 ἐντεθείς’
2399 4788 2460 4844 οὐ
2511 4789 2614 4864 γὰρ
2659 4790 2903 4844 ἱππεύειν
2960 4791 3072 4852 οἷός
3120 4813 3179 4847 τε
3226 4792 3291 4860 ἦν
3345 4791 3447 4845 ὑπὸ
3486 4797 3586 4859 τῆς
3620 4792 3749 4865 ἄγαν

2096 4878 2391 4942 ἀσθενείας·
2445 4879 2499 4939 ἐς
2546 4878 2637 4932 τὸν
2685 4899 2932 4954 πατρῳον
2988 4880 3133 4935 οἶκον
3188 4880 3503 4956 ἀπηνέχθην
3543 4882 3751 4937 ,Ἔνθα

2100 4988 2193 5041 μοι
2224 4966 2313 5023 καὶ
2365 4964 2581 5023 πολλοῦ
2628 4967 2851 5044 χρόνου,
2898 4968 2989 5023 καὶ
3034 4967 3251 5039 πολλῆς
3290 4967 3623 5041 ἐπιμελείας,
3656 4967 3748 5023 καὶ

2092 5057 2239 5131 παρὰ
2288 5061 2393 5111 τῶν
2454 5056 2649 5133 ἰατρῶν
2712 5055 3023 5129 ἐπικουρίας
3093 5055 3281 5129 ἐδέησε
3338 5058 3473 5133 πρὸς
3530 5058 3591 5111 τὸ
3645 5059 3747 5127 τὴν

2096 5146 2298 5219 ὑγίειαν
2349 5145 2684 5201 ἀπελθοῦσαν
2733 5144 3175 5202 ἀνακαλέσασθαι.
3232 5145 3407 5208 Μόλις
3460 5143 3519 5200 δέ
3563 5143 3621 5201 ἐκ
3646 5152 3749 5215 τῆς

2090 5235 2248 5290 νόσου
2279 5234 2594 5311 ἀνενεγκών,
2622 5234 2712 5289 καὶ
2758 5236 2859 5304 τὴν
2903 5240 2999 5290 τοῦ
3046 5236 3300 5309 σώματος
3346 5233 3569 5307 δύναμιν
3618 5234 3745 5288 ἀνα-

2089 5323 2402 5398 κεξάμενος,
2438 5322 2682 5401 συνεχέσι
2714 5323 2907 5400 λόγοις
2955 5320 3351 5402 παρορμῶντός
3388 5345 3455 5396 με
3502 5328 3597 5378 τοῦ
3626 5344 3748 5397 γεν-

2087 5414 2349 5483 νήσαντος
2379 5412 2517 5489 πρὸς
2562 5415 2659 5483 τήν
2709 5410 3035 5491 φιλολογίαν
3203 5414 3330 5489 γὰρ,
3362 5413 3407 5467 εἰ
3438 5413 3528 5467 καὶ
3564 5411 3744 5487 λόγων

2091 5499 2343 5577 ἄμοιρος,
2404 5500 2532 5559 ἀλλ’
2591 5500 2683 5558 οὗν
2741 5507 2848 5558 τῶν
2906 5504 3030 5579 περὶ
3083 5502 3285 5579 λόγους
3334 5499 3745 5557 ἐσπουδακότων
