4184 6202
375 337 497 401 341

1514 335 1787 398 JACOBI
1832 336 2062 399 BILLll
2108 335 2703 401 PREFATIONES.

3683 334 3803 395 842

377 469 615 544 ἐραστὴς
665 468 755 523 καὶ
805 468 1000 541 θερμὸς
1050 468 1354 536 ἐπαινετης,
1387 466 1432 522 εί
1475 466 1565 522 καί
1609 489 1694 529 τις
1724 465 1941 542 ἄλλος),
1971 470 2021 523 τὲ

2149 471 2621 543 expeditumque,
2655 487 2773 526 una
2828 472 3060 525 tantum
3118 471 3360 540 excepta
3405 465 3602 539 legum
3628 467 3799 525 disci-

380 559 479 632 μὶν
511 556 661 612 ἄλλα
688 554 915 629 ἕτοιμος
948 557 1079 613 εἶναι
1114 558 1341 637 ἔφασκον
1402 562 1516 619 τοῖς
1568 556 1885 619 καλλίστοις
1930 562 2038 612 τῶν

384 645 731 719 μαθημάτων
768 644 1180 723 ἐμφιλοπονεῖν,
1212 648 1310 716 τὴν
1348 643 1404 701 δὲ
1431 649 1665 720 νομικὴν
1704 647 1873 720 μόνην
1908 668 2040 723 παρ-

378 735 661 809 ῃτούμην,
696 737 786 790 ἅτε
840 737 974 809 πρὸς
1030 735 1195 806 αὐτὴν
1255 735 1565 812 ἀλλοτρίως
1620 737 1708 791 καὶ
1760 736 2039 799 παντελῶς

379 822 777 895 ἀνεπιτηδείως
828 821 995 900 ἔχων,
1025 828 1115 880 καὶ
1170 827 1342 898 μάτην
1394 826 1529 901 αὐτῇ
1579 823 1674 880 δύο
1725 825 1816 896 ἔτη
1868 847 2035 902 προσ-

377 912 693 975 αναλώσας.
736 914 1159 977 Ἀντιτείνοντος
1217 912 1276 970 δέ
1330 935 1479 977 τινος
1534 919 1641 969 τῶν
1701 916 1836 970 κατὰ
1882 915 2038 990 γένος

373 1002 800 1077 προσηκόντων,
859 1002 1019 1059 ε’ίκειν
1089 1005 1455 1081 ἠναγκάσθην,
1507 1003 1598 1059 καὶ
1646 1006 1744 1074 τὴν
1806 1004 2035 1080 ἐπαχθε-

374 1095 583 1164 στάτην
622 1114 714 1165 μοι
765 1094 965 1169 τέχνην
1016 1092 1167 1156 αὖθις
1217 1092 1540 1163 ἀσπάζεσθαι
1598 1093 1688 1149 καὶ
1742 1094 2036 1170 περιέπειν,

373 1183 455 1247 ὡς
492 1184 712 1256 μήποτε
743 1178 980 1260 ὤφελον.

449 1273 589 1331 Ἀπὸ
635 1271 737 1348 γάρ
785 1275 895 1327 τῶν
944 1269 1391 1351 προσφυεστέρων
1444 1272 1530 1328 ἐπὶ
1585 1271 1653 1327 τὰ
1710 1271 1809 1327 οὐκ
1863 1270 2037 1328 οἰκεῖα

376 1361 801 1435 μεθελκυσθεὶς,
835 1362 969 1417 ἔπτὰ
1022 1361 1113 1416 καὶ
1172 1358 1301 1423 δέκα
1333 1364 1504 1435 μῆνας
1553 1361 1604 1416 ἐν
1658 1360 1727 1435 τῇ
1782 1360 2036 1436 Αὐρηλία

375 1450 458 1512 εἰς
513 1448 671 1505 οὐδὲν
714 1451 994 1525 χρήσιμον
1054 1448 1334 1520 ἀνήλωκα,
1364 1456 1479 1513 τοῖς
1527 1448 1855 1520 ἡλικιώταις
1901 1472 2035 1523 συμ-

376 1537 741 1612 μαινόμενος,
790 1537 900 1610 καί,
942 1537 1032 1594 ἵνα
1075 1538 1313 1594 συνελὼν
1364 1538 1523 1609 ε’ίπω,
1553 1540 1614 1594 τὸ
1662 1539 1867 1607 παίζειν
1919 1540 2031 1593 ἀντὶ

372 1626 624 1697 σπουδῆς
670 1625 839 1703 ἔχων,
872 1627 960 1681 καὶ
1005 1633 1123 1690 ταῖς
1165 1632 1263 1682 τοῦ
1315 1628 1567 1701 σώματος
1614 1625 1837 1699 ἡδοναῖς
1877 1626 2029 1704 ἐγκα-

372 1713 846 1789 λινδούμενος.¹0
901 1713 958 1771 δὲ
1012 1719 1214 1792 πατὴρ,
1262 1718 1330 1771 τὰ
1377 1718 1493 1772 κατ’
1548 1717 1645 1790 ἐμὲ
1700 1717 2028 1789 πυθόμενος,

2150 560 2331 633 plina,
2366 577 2497 616 cum
2530 560 2601 615 ad
2634 576 2761 616 eam
2793 560 3027 631 ineptus
3047 558 3118 613 ab
3150 575 3335 630 eaque
3363 556 3589 613 alienus
3606 572 3797 614 essem

2150 650 2413 717 omnino,
2445 649 2679 722 ipsique
2711 651 2925 705 frustra
2963 649 3213 703 duorum
3246 663 3535 702 annorum
3568 645 3811 704 labores

2148 739 2594 812 impendissem.
2630 739 2739 794 Sed
2794 738 3135 809 repugnavit
3190 754 3258 792 ex
3303 735 3641 809 parentibus
3672 735 3797 807 qui-

2149 830 2324 885 dam:
2367 828 2495 883 ideo
2554 828 2778 891 cedere,
2838 826 3101 899 mihique
3158 824 3606 882 molestissimas
3637 824 3794 896 leges

2146 918 2359 974 iterum
2383 917 2637 973 salutare
2669 921 2903 972 coactus
2930 933 3061 971 sum
3092 914 3463 987 etamplecti;
3496 914 3651 986 quod
3686 914 3795 970 uti-

2148 1023 2284 1062 nam
2318 1023 2434 1063 non
2462 1006 2751 1062 fecissem.

2216 1274 2446 1331 Etenim
2461 1271 2700 1329 remotis
2721 1270 2935 1329 studiis
2949 1270 3007 1326 in
3027 1286 3153 1343 qua!
3179 1269 3521 1342 prepensior
3541 1269 3788 1341 indoles,

2142 1368 2207 1421 ut
2238 1364 2349 1437 ipsi
2381 1362 2686 1419 contrariis
2742 1361 3121 1430 attenderem,
3179 1357 3426 1415 Aurelia:
3485 1362 3709 1430 septem
3735 1365 3793 1416 et

2142 1454 2343 1510 decem
2376 1469 2609 1508 menses
2641 1452 2943 1507 incassum
3004 1448 3251 1522 perdidi,
3294 1465 3428 1505 cum
3481 1449 3789 1506 coaetaneis

2141 1542 2318 1599 simul
2356 1542 2679 1607 insaniens,
2702 1545 2776 1609 et,
2812 1544 2876 1597 ut
2924 1539 3127 1612 paucis
3157 1539 3369 1605 dicam,
3404 1537 3529 1593 ludi
3558 1541 3789 1595 tantum

2139 1632 2395 1705 ﬂagrans
2408 1648 2627 1699 amore,
2654 1629 3174 1702 voluptatibusque
3187 1627 3447 1700 corporis
3465 1626 3784 1683 involutus.

2139 1722 2269 1779 Haec
2316 1722 2480 1778 audit
2528 1726 2726 1794 pater:
2777 1720 2975 1776 statim
3034 1735 3151 1790 qua
3181 1719 3514 1774 decreverat
3545 1722 3611 1773 ut
3640 1716 3788 1772 invi-

370 1805 469 1860 καὶ
497 1806 638 1859 πάνυ
673 1809 943 1879 μετανοῶν
977 1806 1056 1882 ἐφ’
1089 1808 1169 1868 οἷς
1211 1803 1409 1861 ἄκοντά
1460 1828 1526 1879 με
1566 1811 1634 1880 τῇ
1680 1811 1884 1880 νομικῇ
1931 1809 2021 1862 πά-

374 1894 395 1912 ς
754 1893 765 1912 1
807 1894 827 1912 β
943 1892 965 1909 ’1
1225 1894 1237 1912 ν
1288 1894 1299 1912 1
1421 1892 1474 1912 ἢκ
1594 1894 1634 1912 I‘
1810 1897 1824 1912 \
1915 1897 1927 1912 ι

2138 1815 2265 1867 tum
2316 1827 2410 1866 me
2458 1826 2665 1865 rursus
2721 1810 2792 1864 ad
2841 1807 3374 1880 jurisprudentiam
3415 1804 3790 1878 compelleret

370 1894 465 1950 λιν
517 1893 892 1971 συγκατείρεας
940 1892 1152 1970 ἔτυχεν,
1180 1894 1368 1950 αὐτίκα
1418 1892 1482 1965 δὴ
1539 1894 1685 1968 μάλα
1728 1897 1863 1973 πρὸς
1914 1897 2029 1951 ἑαυ-

363 1983 466 2040 τὸν
521 1983 836 2041 ἐπανελθεῖν
908 1982 1205 2053 ἐκέλευσεν,
1247 1983 1340 2039 ’ίνα
1394 1986 1454 2039 τὸ
1512 1982 1864 2040 δυσκάθεκτόν
1925 2007 2029 2059 μου

364 2077 481 2129 τῶν
546 2074 733 2148 ὃρμῶν
788 2072 877 2127 καὶ
934 2075 1071 2149 πρὸς
1129 2080 1232 2128 πᾶν
1281 2072 1421 2136 εἶδος
1473 2074 1735 2153 φλυαρίας
1790 2077 2027 2151 κεχυμέ-

366 2181 462 2218 νον
498 2162 676 2225 οθτως
727 2163 1039 2237 ἀναστείλῃ,
1081 2163 1169 2218 καὶ
1220 2164 1387 2219 οἱονεὶ
1436 2161 1657 2237 δεσμοῖς
1713 2185 1851 2219 τισιν
1910 2164 2025 2219 ἐπι-

366 2251 587 2329 στέγετο·

445 2341 580 2395 Τότε
628 2337 694 2410 δὴ
757 2338 937 2415 ὥσπερ
993 2340 1052 2396 ἐκ
1115 2340 1304 2417 βαθέος
1363 2342 1532 2397 ῧπνου
1592 2339 1895 2417 διαναστὰς,
1934 2344 2023 2399 καὶ

357 2434 466 2485 τοῦ
498 2429 701 2491 ἀθλίως
737 2428 1099 2493 ἀπολωλότος
1129 2430 1333 2507 χρόνου
1350 2429 1426 2493 εἰς
1446 2432 1790 2502 συναίσθησιν
1825 2430 2023 2501 ἐλθὼν,

357 2519 456 2573 καὶ
486 2522 587 2587 τῆς
618 2519 875 2588 νεότητος
904 2519 1083 2590 πάσης
1128 2519 1179 2574 ἐν
1224 2526 1341 2581 τοῖς
1400 2520 1646 2592 ματαίοις
1696 2518 2022 2599 διατριφθεί-

362 2628 469 2677 σης
523 2604 730 2663 ἔννοιαν
790 2602 1105 2680 λαμϐάνων,
1158 2607 1385 2683 μεγάλῳ
1446 2608 1622 2673 πένθει
1672 2611 2019 2687 συνεσχέθην,

362 2696 458 2753 καὶ
510 2700 580 2771 τῇ
633 2694 933 2775 φιλολογίᾳ
979 2695 1441 2762 καταλλάττεσθαι
1488 2697 1577 2753 καὶ
1623 2697 1825 2769 ταύτης
1875 2720 2023 2776 περι-

363 2784 588 2861 έχεσθαι
621 2783 868 2860 διέγνων.
899 2791 1197 2862 Τοιγαροῦν
1236 2792 1353 2849 ταῖς
1405 2782 1623 2862 βίϐλοις
1668 2788 1879 2863 νύκτωρ
1930 2790 2020 2844 καὶ

366 2874 686 2950 μεθημέραν
720 2875 1127 2951 συγγινόμενος,
1152 2876 1241 2930 καὶ
1271 2877 1407 2948 πρὸς
1438 2873 1559 2930 τοδὶ
1591 2878 1653 2931 τὸ
1692 2874 1849 2953 ἔργον
1897 2899 2018 2933 συν-

364 2967 520 3038 εχῶς
579 2963 815 3036 ἐμαυτὸν
863 2964 1214 3039 κατεπείγων,
1265 2963 1315 3019 ἐν
1371 2966 1567 3041 βραχεῖ
1622 2966 1841 3042 μετρίαν
1896 2968 2019 3022 τινὰ

360 3053 467 3120 τήν
497 3050 549 3105 ἐν
581 3057 699 3114 τοῖς
727 3050 920 3127 λόγοις
970 3049 1195 3125 δύναμιν
1244 3050 1511 3126 συνέλεξα.
1540 3053 1613 3109 Τό
1653 3076 1713 3129 γε
1766 3056 1872 3127 μὴν
1919 3062 2017 3126 τῆς

2140 1901 2381 1956 damnat
2404 1900 2775 1969 sententiam,
2800 1898 3087 1969 jubetque
3131 1913 3309 1969 quam
3341 1896 3596 1968 primum
3630 1896 3702 1951 ad
3726 1912 3788 1951 se

2139 1990 2367 2057 reverti,
2401 1994 2465 2044 ut
2491 1988 3149 2058 eﬁ‘renataseﬁ‘usasque
3177 1986 3235 2040 in
3266 2002 3440 2041 omne
3455 1983 3785 2057 petulantia:

2137 2094 2325 2151 genus
2359 2078 2591 2133 tandem
2621 2093 2781 2131 meas
2825 2080 3086 2131 coerceat
3140 2074 3511 2147 cupiditates,
3545 2078 3602 2129 et
3630 2074 3787 2129 velut

2138 2167 2491 2240 quibusdam
2519 2164 2770 2221 vinculis
2798 2163 3178 2236 constringat.

2204 2364 2307 2421 His
2336 2367 2638 2437 permotus
2666 2361 2926 2418 excutior
2944 2360 3100 2417 velut
3118 2376 3149 2416 e
3177 2358 3339 2433 gravi
3369 2374 3576 2417 somno
3601 2376 3614 2414 :
3648 2374 3782 2415 mox

2132 2453 2446 2510 infeliciter
2462 2452 2668 2507 tritum
2682 2456 2915 2523 tempus
2934 2450 3133 2505 animo
3154 2448 3407 2517 volvens,
3428 2464 3780 2519 omnemque

2132 2547 2411 2614 reputans
2441 2540 2615 2613 nugis
2675 2539 2931 2594 deditam
2972 2539 3365 2611 juventutem,
3398 2537 3514 2592 alto
3547 2553 3781 2609 premor

2131 2630 2351 2697 dolore,
2368 2630 2428 2687 in
2459 2629 2704 2703 gratiam
2718 2629 2905 2685 redire
2923 2644 3054 2683 cum
3076 2626 3283 2683 litteris
3304 2625 3545 2682 instituo
3564 2642 3779 2698 easque

2130 2720 2482 2778 colere.Nec
2512 2735 2707 2774 mora:
2743 2718 2843 2773 diu
2892 2720 3184 2789 noctuque
3237 2732 3370 2771 cum
3422 2715 3591 2771 libris
3640 2732 3776 2772 con-

2127 2814 2413 2879 versatus,
2446 2813 2503 2864 et
2531 2808 2600 2864 ad
2625 2806 2884 2863 laborem
2915 2806 3041 2862 sine
3075 2804 3510 2861 intermissione
3530 2810 3774 2860 memet-

2128 2899 2327 2971 ipsum
2349 2908 2655 2964 exacuens,
2674 2896 2831 2951 brevi
2855 2893 3168 2950 nonnullos
3200 2893 3525 2949 litterarum
3547 2892 3774 2948 fructus

2127 2986 2354 3060 collegi.
2388 2986 2547 3053 Quod
2588 2989 2781 3041 autem
2841 2983 2984 3039 dicit
3036 2982 3448 3055 proverbium:
3481 2980 3685 3038 Studio
3714 2985 3773 3037 et

2126 3095 2302 3150 opera
2331 3075 2495 3133 facile
2524 3074 2724 3131 omnia
2753 3071 3077 3146 comparari
3107 3075 3377 3146 possunt,
3408 3071 3552 3127 illud
3572 3088 3771 3127 verum

358 3142 692 3237 παροιμίας,
738 3147 841 3210 τῆς
891 3140 1078 3196 ἀλωτὰ
1124 3142 1298 3197 πάντα
1360 3138 1514 3215 πόνῳ
1581 3143 1671 3198 καὶ
1732 3143 2019 3218 ἐπιμελείᾳ

2138 3184 2257 3224 esse
2288 3165 2614 3237 cognoviex
2644 3163 2846 3219 Italica
2875 3168 2932 3218 et
2952 3162 3202 3218 maxime
3223 3178 3291 3218 ex
3331 3160 3767 3234 Graacalingua.

362 3228 502 3283 εἶναι
536 3227 828 3329 λὶεγούσης,
860 3228 1081 3300 ἀληθῶς
1116 3228 1286 3307 ἔχειν,
1313 3228 1365 3287 ἔν
1412 3252 1472 3287 τε
1517 3237 1586 3307 τῇ
1636 3238 1741 3289 τῶν
1790 3232 2011 3291 Ἰταλῶν

2138 3221 2537 3329 l-Iianc‘q‘uippe
2592 3259 2883 3311 mortuam
2945 3270 3186 3325 prorsus
3224 3268 3596 3324 mersamque
3625 3221 3773 3308 obli-

360 3318 452 3373 καὶ
479 3316 680 3391 πολλῷ
719 3317 931 3391 μᾶλλον
962 3318 1013 3374 ἐν
1042 3323 1110 3394 τῇ
1140 3324 1249 3374 τῶν
1288 3318 1573 3391 Ἑλλήνων
1623 3321 1844 3397 γλώττῃ
1888 3344 2016 3378 κατ-

358 3408 589 3480 έμαθον
642 3408 734 3477 ἢν,
796 3409 1130 3463 παντάπασιν
1192 3408 1573 3485 ἀπορρυεῖσαν,
1631 3410 1721 3466 καὶ
1786 3416 1866 3485 τῷ
1920 3420 2017 3483 τῆς

358 3493 539 3566 λήθης
578 3498 725 3572 βυθῴ
752 3500 1167 3570 καταποθεῖσαν,
1203 3499 1477 3574 μεγίστοις
1518 3499 1706 3564 πόνοις
1752 3501 1844 3556 σὺν
1900 3503 2017 3575 Θεῷ

364 3586 521 3660 μόνῳ
552 3585 718 3641 πάλιν
752 3587 1089 3661 ἐκτησάμην,
1124 3588 1247 3644 ὅσον
1281 3610 1344 3665 γε
1388 3590 1524 3666 πρὸς
1565 3591 1629 3646 τὸ
1674 3597 1782 3647 τῶν
1812 3590 2015 3662 Ἐλλη-

356 3674 502 3730 νιστὶ
534 3675 921 3752 φθεγγομένων
956 3679 1394 3754 συγγραμμάτων
1430 3680 1732 3735 ὁπωστιοῦν
1792 3679 2015 3749 ἐπαΐειν,

357 3762 453 3819 aut
488 3763 549 3820 ού
581 3763 720 3819 πάνυ
746 3786 799 3821 τι
831 3770 927 3821 τοῦ
954 3765 1237 3842 ἑρμηνέως
1268 3763 1490 3824 δεῖσθαι.

434 3876 545 3925 Τοῦ
572 3868 631 3927 Si
658 3871 862 3948 πατρὸς
896 3872 947 3927 ἐν
981 3871 1198 3948 λιπαρῷ
1223 3877 1303 3945 τῷ
1349 3876 1496 3950 γήρᾳ
1540 3872 1631 3929 τὸν
1685 3874 1801 3952 βίον
1849 3896 2018 3931 κατα-

367 3958 719 4035 στρέψαντος,
769 3961 860 4014 καὶ
907 3962 1007 4030 τήν
1057 3962 1348 4036 ἀναγκαίαν
1421 3963 1673 4041 εἰσφορὰν
1740 3968 1809 4039 τῇ
1863 3965 2015 4043 φύσει

359 4050 878 4124 λειτουργήσαντος,
909 4048 1095 4121 ἐπειδή
1128 4049 1315 4107 πολλὰ
1360 4053 1428 4121 ἦν
1475 4054 1542 4107 τὰ
1598 4052 1689 4109 τὸν
1749 4054 2013 4131 ἡμέτερον

359 4142 489 4193 νοῦν
521 4133 882 4214 θορυϐοῦντα,
910 4140 1132 4210 καὶτῆς
1186 4140 1464 4218 ἐρωμένης
1517 4164 1613 4216 μοι
1661 4142 2018 4221 φιλομαθείας

360 4228 502 4302 πρὸς
556 4228 677 4303 βίαν
726 4228 1076 4299 ἀποσπῶντα,
1129 4230 1227 4285 οὐκ
1295 4229 1501 4307 ήνεγκα
1566 4234 2015 4307 τυραννούμενος,

361 4317 593 4372 καὶτῶν
623 4322 902 4390 κοσμικῶν
940 4321 1277 4395 πραγμάτων
1319 4319 1371 4375 ἐν
1428 4320 1574 4395 μέσῳ
1632 4324 2016 4401 στρεφόμενος.

361 4404 465 4462 Διὰ
490 4410 654 4461 τοῦτο
681 4406 880 4469 πάντας
908 4407 1035 4471 τοὺς
1070 4409 1173 4464 ἀπὸ
1218 4409 1409 4485 γένους
1464 4431 1557 4483 μοι
1608 4405 1761 4474 ὄντας
1816 4412 2017 4484 λαθὼν,

361 4495 440 4558 ὡς
491 4494 645 4571 εἶχον
693 4496 919 4573 τάχους,
954 4497 1029 4559 είς
1074 4500 1174 4568 τὴν
1227 4494 1523 4557 Ἀϐενιῶνα
1552 4500 1723 4578 φυγὰς
1756 4501 2014 4577 ᾠχόμην.

2126 3347 2315 3404 vionis
2392 3345 2682 3418 profundo
2750 3341 3025 3416 plurimis
3102 3340 3425 3409 laboribus,
3481 3345 3594 3397 Deo
3652 3340 3775 3397 solo

2126 3439 2395 3509 juvante.
2419 3432 2678 3491 revocavi
2701 3433 2961 3504 scivique
2990 3435 3278 3505 quantum
3309 3446 3450 3487 sane
3474 3430 3779 3502 mihiopus

2133 3530 2257 3583 erat
2291 3532 2353 3581 ut
2382 3525 2611 3581 Graecos
2641 3527 2907 3579 auctores
2938 3521 3463 3593 quomodoeunque
3493 3519 3783 3592 intellige-

2129 3632 2252 3673 rem
2284 3619 2340 3671 et
2379 3614 2507 3671 sine
2536 3610 2872 3685 interpretis
2894 3609 3130 3667 auxilio.

2200 3885 2375 3941 Porro
2407 3899 2541 3939 cum
2574 3885 2737 3954 pater
2782 3880 2842 3936 in
2892 3880 3045 3935 bona
3098 3879 3397 3934 senectute
3439 3876 3565 3933 vitae
3600 3877 3773 3933 finem

2127 3973 2506 4045 implevisset,
2526 3969 3041 4040 necessariumque
3061 3966 3562 4024 solvissetnatura:
3588 3964 3773 4022 tribu-

2126 4066 2275 4127 tum,
2295 4077 2496 4117 eorum
2530 4076 2657 4131 quae
2706 4058 2850 4114 mihi
2882 4056 3097 4129 saepius
3128 4054 3561 4127 obstrepebant,
3593 4057 3650 4110 et
3675 4070 3777 4127 per

2126 4152 2244 4208 vim
2270 4149 2595 4207 avellebnnt
2626 4152 2883 4203 mentem
2904 4164 2937 4202 a
2958 4144 3233 4201 familiari
3263 4144 3526 4200 discendi
3557 4143 3780 4216 cupidi-

2127 4245 2267 4309 tate,
2300 4256 2415 4294 non
2446 4238 2556 4293 tuli
2585 4236 2977 4311 tyrannidem,
3019 4251 3123 4291 nec
3155 4232 3569 4305 temporalium
3601 4250 3778 4307 nego-

2130 4330 2349 4386 tiorum
2377 4344 2500 4398 quae
2552 4326 2708 4381 latus
2735 4325 2879 4380 mihi
2938 4325 3249 4397 cingebant
3297 4322 3648 4379 molestiam.
3702 4323 3781 4378 Ea

2132 4421 2382 4492 propter,
2412 4414 2615 4471 insciis
2645 4413 2920 4471 omnibus
2952 4413 3237 4485 cognatis,
3292 4416 3359 4469 ut
3416 4411 3580 4485 potui
3602 4410 3777 4467 celer-

2134 4507 2299 4576 rime,
2352 4504 2704 4562 Avenionem
2760 4503 3053 4576 profectus
3109 4518 3263 4559 sum.
3333 4499 3455 4558 Illic
3503 4501 3779 4557 diuturno

360 4584 511 4640 Ἐκεῖ
555 4580 615 4639 δὶ
662 4590 841 4657 μακρᾷ
884 4607 991 4641 τινι
1040 4586 1183 4661 νόσῳ
1241 4587 1678 4665 προσπαλαίσας,
1722 4589 1812 4645 καὶ
1861 4589 2021 4654 τέλος

2138 4597 2387 4669 quodam
2419 4611 2554 4650 cum
2586 4594 2791 4649 morbo
2815 4592 3140 4657 decertavi;
3173 4608 3289 4664 quo
3321 4591 3556 4647 tandem
3605 4607 3779 4663 supe-

359 4672 534 4741 αΰτὴν
578 4672 1006 4746 καταπαλαίσας,
1044 4680 1161 4739 τοῖς
1219 4673 1461 4754 βιϐλίοις
1508 4680 1896 4755 προσεκείμην,
1927 4681 2017 4737 καὶ

362 4761 457 4818 ἐπὶ
492 4764 720 4836 μαθήσει
754 4763 931 4841 λόγων
985 4765 1215 4839 ἐμαυτὸν
1268 4772 1385 4830 τοῖς
1432 4767 1621 4831 πόνοις
1661 4770 2015 4847 κατέτρυχον.

435 4874 520 4926 Ἐν
550 4871 765 4933 τούτοις
796 4868 851 4927 δὲ
878 4871 989 4929 ὄντι
1041 4896 1158 4949 μοι,
1188 4874 1278 4929 καὶ
1324 4880 1432 4931 τῶν
1482 4874 1659 4951 λόγων
1706 4875 2016 4956 φιλοτίμως

358 4956 821 5033 ἀντιποιουμένῳ,
869 4962 1041 5039 ἀγαθῇ
1096 4985 1203 5018 τινι
1252 4963 1396 5039 τύχῃ
1453 4964 1751 5043 ἐγνωρίσθη
1814 4966 2016 5040 Πέτρος

362 5047 392 5104 δ
447 5046 808 5125 Γαλισαρδὸς,
837 5054 944 5105 τῶν
999 5050 1109 5106 ἐκεῖ
1164 5051 1569 5129 θεολογούντων
1626 5056 1655 5108 ὁ
1700 5060 2011 5132 κορυφαῖος,

360 5137 425 5192 οῦ
459 5138 556 5207 τὴν
586 5134 771 5215 φιλίαν
814 5138 867 5195 ἒν
920 5147 1016 5211 τῆς
1066 5140 1203 5215 ἐμῆς
1257 5139 1599 5216 εὐδαιμονίας
1654 5142 1801 5219 μέρει
1848 5145 2014 5209 τιθεὶς

361 5224 426 5281 ού
457 5224 758 5297 παύσομαι.
791 5229 878 5297 Μὴ
912 5230 1016 5305 γὰρ
1046 5231 1268 5286 πώποτε
1312 5229 1521 5307 γένοιτό
1575 5252 1639 5304 με
1687 5231 1830 5287 οὕτω
1882 5233 2012 5306 μαί-

356 5325 562 5386 νεσθαι,
599 5314 739 5371 ὥστε
764 5324 864 5387 τῆς
895 5318 1080 5391 τιμίας
1112 5318 1320 5389 ἐκείνης
1356 5320 1600 5392 κεφαλῆς
1651 5322 2008 5396 ἀμνημονεῖν,

356 5404 451 5459 καὶ
481 5403 928 5469 ἐπιλανθάνεσθαι
979 5409 1054 5463 ὧν
1104 5408 1241 5485 πρὸς
1292 5410 1455 5465 αὐτοῦ
1502 5408 1558 5466 εὖ
1609 5410 1865 5476 πέπονθα.
1902 5413 2007 5471 Οὗ-

357 5514 454 5557 τος
502 5496 607 5571 γὰρ
662 5493 1020 5572 πλανωμένην
1073 5520 1179 5572 μου
1224 5499 1322 5568 τὴν
1373 5500 1721 5577 φιλοπονίαν,
1752 5500 1839 5557 καὶ
1881 5503 2006 5559 ἀτά-

358 5605 503 5648 κτως
551 5586 858 5663 φερομένην
910 5588 987 5650 είς
1036 5588 1237 5644 εὐθεῖαν
1282 5586 1405 5645 ὁδὸν
1455 5590 1546 5645 καὶ
1594 5590 1850 5668 ἀνήγαγε,
1894 5593 2006 5661 καὶ,

360 5675 412 5731 εἳ
445 5672 700 5789 μῇὀμέγα
733 5696 826 5749 μοι
855 5678 917 5733 τὸ
946 5681 1043 5733 τοῦ
1074 5676 1358 5757 Αἰσχύλου
1409 5679 1600 5753 εἰπεῖν,
1633 5681 1830 5751 νήπιον
1878 5676 2007 5739 ὅντα

2129 4690 2274 4752 rato,
2328 4683 2596 4756 impallui
2647 4682 2814 4739 libris
2845 4681 3143 4752 assiduus,
3193 4680 3564 4752 invictusque
3626 4679 3777 4735 vires

2128 4772 2399 4831 exhausit
2427 4771 2611 4828 labor.

2198 4885 2275 4936 Eo
2295 4897 2386 4937 res
2419 4880 2768 4936 devenerant
2790 4894 2804 4933 :
2829 4876 3053 4934 litteras
3074 4880 3270 4933 autem
3285 4879 3565 4948 appetens
3586 4875 3775 4943 enixe,

2126 4969 2380 5041 benigna
2401 4969 2656 5040 quadam
2679 4968 2914 5022 fortuna
2942 4965 3426 5022 consuetudinem
3456 4965 3621 5035 junxi
3644 4982 3777 5021 cum

2124 5057 2375 5113 civitatis
2432 5056 2593 5111 illius
2650 5055 3056 5128 theologorum
3101 5054 3361 5127 principe
3417 5058 3586 5110 Petro
3634 5053 3784 5110 Gali-

2126 5147 2320 5217 sardo,
2354 5145 2528 5217 cujus
2559 5143 2880 5201 amicitiam
2912 5143 2972 5199 in
3031 5160 3346 5200 numerum
3409 5158 3609 5199 eorum
3653 5160 3782 5215 quae

2122 5234 2457 5291 felicitatem
2490 5233 2634 5289 mihi
2668 5235 3017 5305 pepererunt
3066 5231 3278 5287 referre
3327 5249 3441 5287 non
3492 5232 3787 5299 desinam,

2120 5328 2199 5380 Ea
2220 5322 2375 5379 enim
2408 5321 2610 5395 procul
2641 5339 2674 5377 a
2708 5338 2796 5376 me
2845 5336 3076 5392 semper
3106 5320 3467 5392 insipientia,
3502 5325 3570 5376 ut
3598 5321 3765 5380 bono

2121 5412 2290 5470 randi
2317 5412 2480 5468 illius
2506 5411 2612 5466 viri
2646 5410 2975 5479 obliviscar,
3008 5421 3063 5465 et
3081 5426 3149 5465 ex
3179 5410 3377 5466 animo
3406 5426 3535 5466 meo
3565 5410 3782 5468 benefl-

2120 5503 2345 5560 ciorum
2404 5500 2622 5574 quibus
2680 5517 2772 5557 me
2821 5500 3144 5557 cumulavit
3197 5499 3425 5557 excidat
3469 5500 3772 5558 memoria.

2118 5592 2266 5650 Nam
2298 5592 2358 5647 in
2390 5591 2601 5647 studiis
2632 5591 2755 5664 ipse
2785 5607 2879 5647 me
2901 5593 3206 5663 vagantem
3236 5589 3565 5646 inordinate
3598 5588 3771 5645 redu-

2116 5681 2205 5739 xit
2233 5682 2293 5737 in
2324 5680 2473 5737 viam
2489 5685 2706 5737 rectam
2733 5697 2747 5749 ;
2771 5683 2849 5748 et,
2868 5679 2918 5736 si
2945 5679 3089 5736 mihi
3112 5678 3202 5735 fas
3230 5683 3322 5735 est
3348 5678 3493 5735 illud
3514 5670 3772 5745 IEschyll
