4184 6202
318 332 439 395 343

1447 333 1638 396 JACO
1652 332 1719 393 BI
1766 332 1998 393 BlLLll
2043 322 2641 392 l’R/EFATIONES.

3620 331 3737 392 3M

321 481 629 538 usurpare,
660 483 729 522 ex
749 465 930 522 stulto
955 469 1011 522 et
1029 466 1395 536 imprudente
1414 468 1761 539 prudentem
1786 465 1973 522 reddi-

2101 463 2144 517 τὸ
2193 462 2341 538 πρὶν,
2375 460 2553 517 ἔννουν
2605 459 2788 532 ἔθηκε,
2829 458 2917 513 καὶ
2970 463 3177 537 φρενῶν
3226 452 3502 515 ἐπίϐολον.
3536 464 3708 515 Τοσοὖ

326 557 413 612 dit
441 560 500 611 et
557 554 768 610 mentis
802 559 1151 626 compotem.
1213 557 1401 611 Tanta
1434 560 1557 611 erat
1603 555 1762 611 illius
1800 557 1856 610 in
1892 572 1979 611 me

2101 573 2177 607 ιον
2210 552 2310 629 γάρ
2340 552 2405 620 ἧν
2439 551 2584 622 αὐτῷ
2612 551 2674 605 τὸ
2707 550 2891 626 περιὸν
2922 556 3024 617 τῆς
3057 549 3135 611 εἷς
3166 549 3261 621 ἐμὶ
3302 548 3737 625 φιλανθρωπίας,

325 644 682 708 humanitas,
707 653 770 697 ut
802 660 974 714 saepe,
996 644 1278 717 depositis
1302 645 1694 717 quaebabebat
1717 647 1770 699 in
1800 646 1981 700 mani-

325 734 455 804 bus,
517 733 659 788 mihi
716 734 881 788 daret
938 750 1194 805 operam,
1245 740 1302 790 et
1359 752 1488 808 quae
1552 735 1789 790 utilitati
1840 752 1978 789 mea:

324 824 715 879 conducerent
744 823 870 878 suis
899 822 1085 896 ipsius
1110 824 1323 879 studiis
1355 830 1731 897 praeponeret.
1768 825 1982 881 Invise-

322 912 458 967 bam
492 910 673 984 igitur
703 928 836 966 eum
888 916 1174 986 quantum
1230 917 1284 968 et
1342 913 1805 985 quotiescunque
1836 914 1979 969 mihi

319 998 562 1068 libebat,
595 1001 998 1072 majoremque
1031 1002 1141 1057 diei
1164 1007 1385 1074 partem
1413 1019 1545 1057 cum
1579 1020 1645 1058 eo
1668 1003 1976 1075 ducebam,

322 1089 593 1162 plurimis
622 1090 915 1162 variisque
946 1091 1125 1146 ditior
1154 1108 1387 1164 semper
1417 1091 1869 1148 eruditionibus.

394 1196 497 1253 Ille
555 1196 814 1269 quidem,
872 1197 960 1252 vir
1017 1199 1175 1254 omni
1224 1200 1490 1255 doctrina
1554 1201 1979 1272 propemodum

325 1285 609 1353 excultus,
642 1286 830 1342 multa
885 1286 1155 1357 libenter,
1214 1287 1493 1344 libentius
1523 1305 1655 1344 vero
1698 1290 1983 1346 rhetorice

328 1375 536 1431 doctus
575 1375 924 1431 rhetoricam
959 1391 1049 1431 me
1080 1376 1343 1432 docebat.
1379 1376 1452 1433 Ut
1505 1381 1699 1433 autem
1757 1378 1979 1435 theolo-

331 1464 446 1537 gia,
471 1464 643 1535 cujus
657 1468 781 1520 erat
810 1464 1045 1535 arbiter,
1078 1465 1319 1522 omnino
1350 1483 1463 1522 non
1497 1468 1811 1534 recederet,
1842 1469 1984 1523 artis

330 1552 592 1609 oratoria:
624 1554 1019 1625 praseepta,de
1056 1554 1448 1626 quibusinter
1467 1573 1573 1611 nos
1603 1555 1983 1627 colloquium,

334 1642 700 1714 inspicienda
758 1643 1125 1699 monstrabat
1182 1642 1241 1699 in
1310 1644 1728 1717 interpretibus
1807 1662 1987 1701 sacris

332 1730 647 1802 Scriptum
676 1734 732 1787 et
762 1731 834 1788 iis
864 1731 965 1803 qui
998 1731 1091 1804 pia
1126 1733 1407 1789 orationis
1438 1738 1785 1807 argumenta
1810 1734 1979 1790 insti-

2090 642 2225 698 ὥστε
2254 642 2477 697 καὶτῶν
2512 642 2563 697 ἐν
2600 640 2755 717 χερσί
2805 639 3076 701 πολλάκις
3115 639 3404 717 ἀφέμενον,
3438 639 3561 713 ἐμοὶ
3607 662 3739 718 σχο-

2091 731 2289 801 λάζειν,
2324 733 2410 786 καὶ
2444 730 2669 786 πλείονα
2696 737 2796 800 τῆς
2829 729 2965 803 ἐμῆς
3014 728 3278 806 ὠφελείας
3310 730 3344 797 ἢ
3394 737 3495 798 τῆς
3546 732 3735 785 ἑαυτοῦ

2087 822 2460 897 πραγματείας
2493 818 2658 895 λόγον
2692 821 3037 889 ποιήσασθαι.
3072 820 3371 893 Χρώμενος
3405 817 3496 873 οὖν
3547 818 3737 896 τάνδρὶ

2090 909 2186 966 ὅσα
2216 911 2303 965 καὶ
2339 909 2522 971 ὁσάκις
2559 909 2885 984 βουλομένῳ
2920 929 3014 981 μοι
3044 909 3135 980 ἦν,
3165 908 3227 962 τὸ
3258 907 3402 964 πολὺ
3450 912 3550 978 τῆς
3599 911 3741 982 ἡμέ-

2091 1021 2187 1077 ρας
2222 1000 2335 1071 μετ’
2365 998 2533 1053 αύτοῦ
2563 996 2743 1073 ἤμην,
2776 997 2858 1053 ἀεί
2884 1019 2937 1052 τι
2966 997 3102 1052 κατὰ
3141 994 3384 1052 παιδείαν
3437 997 3742 1074 ἐμπορευό-

2093 1110 2274 1161 μενος.

2158 1203 2212 1253 Ὀ
2244 1198 2302 1252 δέ
2333 1197 2419 1252 καὶ
2447 1195 2633 1252 πολλά
2667 1196 2759 1269 μὲν
2790 1194 2935 1250 ἄλλα
2982 1194 3228 1268 ἀσμένως
3275 1193 3401 1267 ἐμοὶ
3453 1193 3748 1270 παρεδίδου

2091 1286 2287 1359 (πάσης
2319 1286 2422 1363 γὰρ
2454 1282 2784 1345 παιδεύσεως
2816 1284 2890 1346 εἷς
2919 1283 3086 1352 αὐτὴν
3133 1280 3329 1360 σχεδὸν
3381 1282 3593 1361 ἐφθάκει
3642 1286 3743 1353 τήν

2090 1375 2384 1448 ἀκρότητα)
2417 1376 2801 1449 ἀσμενέστερον
2836 1370 2893 1428 δέ
2937 1374 3037 1441 τὴν
3092 1372 3392 1448 ῥητορικὴν
3442 1370 3733 1443 έδίδασκεν,

2092 1468 2160 1533 ἧς
2191 1463 2454 1534 πλείστην
2485 1465 2602 1541 εἶχε
2628 1466 2728 1532 τὴν
2758 1461 3063 1538 ἐμπειρίαν.
3096 1465 3210 1516 Ἵνα
3253 1459 3311 1516 δὲ
3366 1462 3441 1533 μὴ
3499 1463 3745 1535 πάμπαν,

2092 1556 2160 1623 ἧς
2208 1548 2547 1628 ἐπρέσϐευεν,
2579 1553 2845 1621 ἀποσταίη
2896 1558 2996 1620 τῆς
3050 1549 3359 1625 θεολογίας,
3403 1551 3470 1604 τά
3516 1556 3615 1619 τῆς
3660 1549 3749 1605 τέ-

2094 1663 2233 1719 χνης
2283 1641 2719 1719 παραγγέλματα
2766 1640 3058 1713 κινούμενα
3104 1642 3323 1716 θεωρεῖν
3384 1646 3643 1715 παρεῖχεν
3698 1638 3751 1695 ἐν

2094 1737 2208 1793 τοῖς
2263 1739 2363 1801 τῆς
2415 1732 2563 1806 ἱερᾶς
2622 1733 2837 1808 Γραφῆς
2886 1728 3200 1804 ἐξηγηταῖς,
3230 1728 3323 1783 καὶ
3374 1725 3609 1791 εὐσεϐεῖς
3642 1731 3750 1783 τῶν

330 1824 587 1875 tuerunt.
622 1820 751 1876 Haec
776 1822 979 1876 eadem
1011 1821 1288 1878 laudabat
1318 1823 1731 1895 indicabatque
1765 1823 1823 1879 in
1858 1823 1986 1879 aliis

2101 1820 2281 1895 λόγων
2318 1822 2598 1882 ὑποθέσεις
2630 1818 3069 1892 ἐνστησαμένοις.
3107 1816 3309 1873 Ἐποίει
3351 1815 3407 1872 δὲ
3452 1821 3613 1871 τοῦτο
3661 1816 3755 1872 καὶ

328 1908 612 1965 omnibus
642 1909 743 1981 qui
775 1911 1064 1966 sermonis
1094 1912 1207 1965 virt
1250 1916 1310 1967 te
1341 1917 1398 1967 et
1437 1912 1729 1984 elegantia
1776 1930 1988 1969 nomen

329 1998 441 2053 sibi
472 2004 908 2069 compararunt,
933 2004 991 2054 at
1026 2000 1309 2071 praecipue
1340 2001 1397 2055 in
1433 2002 1713 2073 Gregorio
1746 2002 1990 2057 Nazian-

329 2104 472 2143 zeno
503 2088 675 2158 cujus
708 2088 763 2142 in
786 2088 1032 2144 dicendo
1065 2089 1452 2161 eloquentiam
1485 2096 1541 2146 et
1565 2091 1991 2147 sublimitatem

330 2176 584 2232 maxime
632 2176 970 2231 mirabatur.
1027 2178 1139 2249 Ipsi
1194 2183 1388 2234 tamen
1440 2195 1683 2251 operum
1728 2180 1989 2252 Gregorii

334 2264 508 2320 lectio
537 2264 817 2319 molestias
852 2266 1117 2321 nonnihil
1146 2268 1403 2322 creabat.
1440 2267 1584 2322 Eum
1609 2269 1764 2324 enim
1796 2269 1992 2327 dolore

339 2351 594 2409 multum
625 2353 915 2409 afficiebat
944 2354 1301 2411 obscuritate
1327 2356 1533 2411 referta
1569 2356 1988 2429 interpretatio,

340 2456 465 2513 quae
497 2440 768 2514 pluribus
792 2440 851 2498 in
910 2441 1051 2498 locis
1083 2443 1310 2514 vitiosa,
1343 2444 1529 2500 instar
1573 2445 1747 2502 nubis
1788 2448 1991 2519 cujus-

339 2529 497 2602 dam,
520 2531 857 2587 oﬂ'undebat
887 2531 1009 2588 viro
1066 2532 1409 2590 doctissimo
1452 2535 1746 2605 tenebras,
1778 2540 1835 2593 et
1874 2554 1987 2593 non

338 2617 533 2675 solum
565 2619 899 2675 facundiam
931 2621 1081 2691 ejus,
1114 2622 1216 2677 sed
1251 2622 1607 2694 scriptorum
1647 2624 1823 2680 etiam
1854 2642 1990 2681 sen-

335 2723 465 2765 sum
485 2708 886 2769 obnubilabat.
909 2710 1455 2784 Quandoqueigitur
1475 2711 1690 2768 librum
1720 2714 1989 2787 indigna-

338 2796 568 2852 bundus
624 2797 968 2870 projiciebat
1013 2799 1071 2854 in
1142 2799 1581 2871 pavimentum;
1640 2804 1991 2875 quandoque

333 2885 512 2941 etiam
542 2902 576 2941 a
607 2903 698 2941 me
730 2886 1069 2958 postulabat
1100 2893 1166 2943 ut
1205 2906 1332 2961 qua:
1363 2890 1614 2945 obscura
1646 2890 1991 2948 videbantur

332 2974 664 3030 accuratius
694 2975 1139 3048 dilucidiusque
1166 2980 1466 3033 redderem
1500 2985 1554 3034 et
1590 2981 1985 3051 explanarem.

332 3064 591 3135 Denique
619 3079 753 3119 cum
785 3065 981 3121 omnis
1012 3065 1059 3120 ei
1088 3068 1457 3123 stomachum
1498 3075 1752 3125 moveret
1778 3071 1986 3142 versio,

333 3168 425 3207 me
455 3152 699 3225 rogabat
730 3155 1127 3210 utsecundam
1157 3172 1399 3211 manum
1432 3156 1743 3227 adjicerem
1773 3159 1986 3231 Grego-

522 3207 556 3225 υ
783 3207 786 3208 ⁷
820 3207 829 3209 ‘
852 3207 895 3209 “
936 3207 1063 3209 "‘“"
1095 3207 1126 3210 “
1158 3207 1398 3211 “"‘"""‘
1434 3207 1743 3227 “”“θ⁷⁷⁷’⁷’““
1779 3207 1955 3231 "'"O'

332 3240 438 3309 rio,
491 3246 548 3297 et
603 3241 749 3298 illud
806 3260 955 3300 onus
1017 3243 1279 3300 humeris
1328 3244 1986 3319 imponerem,publicas
2018 3207 2061 3275 Ε

330 3330 693 3401 prospiciens
727 3332 988 3387 utilitati.
1026 3338 1131 3387 Ast
1159 3348 1264 3406 ego
1293 3350 1434 3389 mea:
1477 3336 1687 3407 partim
1721 3338 1991 3393 conscius

332 3417 768 3485 imbecillitatis,
801 3436 980 3491 quam
1011 3420 1135 3493 ipse
1168 3437 1270 3492 pro
1302 3422 1486 3477 nimia
1526 3423 1584 3477 in
1621 3439 1714 3479 me
1744 3425 1989 3481 benevo-

331 3504 514 3562 lentia
545 3522 660 3563 non
691 3514 1083 3579 persenserat,
1116 3511 1329 3581 partim
1363 3511 1555 3583 operis
1589 3513 1838 3569 arduum
1871 3531 1989 3571 me-

336 3598 509 3652 tuens
543 3595 903 3668 fugiensque,
939 3602 1132 3653 mente
1160 3604 1436 3656 czeterum
1482 3600 1655 3656 rebus
1687 3601 1817 3658 aliis
1850 3607 1990 3659 tunc

332 3683 618 3753 intentus,
644 3701 1019 3758 nequaquam
1047 3687 1207 3759 potui
1233 3688 1504 3759 precibus
1520 3690 1671 3744 ﬂecti
1698 3708 1710 3758 ;
1746 3691 1844 3746 sed
1861 3708 1987 3762 quae

333 3771 514 3828 semel
538 3790 957 3845 proposueram
974 3776 1375 3847 consertisque
1397 3778 1666 3833 tenebam
1692 3780 1988 3849 manibus,

331 3860 389 3916 in
424 3861 516 3916 his
550 3861 773 3934 perstiti
806 3867 995 3918 tenax.
1032 3862 1156 3918 Illic
1188 3865 1368 3937 igitur
1399 3882 1516 3921 non
1578 3867 1807 3924 modico
1839 3872 1990 3924 tem-

334 3967 471 4023 pore
500 3954 796 4007 transacto
827 3952 1069 4009 domum
1101 3969 1193 4009 me
1225 3955 1438 4027 recepi.

404 4056 608 4113 Multis
635 4062 838 4131 postea
887 4059 1249 4133 diversisque
1282 4077 1597 4134 percussus
1626 4062 1990 4133 vulneribus,

334 4145 515 4201 simul
543 4150 608 4201 ut
642 4147 1050 4205 remissionem
1071 4151 1390 4221 quamdam
1404 4156 1461 4207 et
1479 4152 1665 4208 otium
1686 4153 1991 4225 impetravi

335 4251 370 4289 a
398 4231 500 4289 Dei
531 4232 857 4303 clementia,
882 4237 1074 4295 dimisi
1118 4256 1245 4311 qua
1280 4240 1423 4296 mihi
1455 4241 1773 4298 amoeniore
1821 4248 1991 4298 erant

336 4327 394 4378 et
448 4322 783 4380 arridebant
813 4326 1021 4398 magis,
1054 4328 1126 4383 ad
1158 4346 1306 4401 opus
1340 4336 1553 4385 memet
1584 4332 1813 4386 admovi
1846 4333 1989 4387 defi-

337 4411 524 4467 ciente
557 4410 779 4468 meliori
814 4414 1169 4487 interprete,,
1201 4423 1261 4473 et
1315 4418 1371 4473 in
1406 4418 1549 4474 illud
1592 4436 1828 4476 summa
1856 4439 1989 4478 cum

339 4499 636 4557 alacritate
669 4505 725 4558 et
756 4501 1058 4576 diligentia
1080 4504 1341 4561 incubui.
1365 4507 1475 4563 Sed
1508 4525 1623 4563 non
1656 4508 1839 4565 multo
1862 4516 1993 4582 post

2100 1909 2151 1964 ἐν
2184 1916 2312 1965 πᾶσι
2349 1911 2444 1983 μὶν
2478 1908 2671 1970 ἄλλοις
2707 1914 2826 1970 τοῖς
2857 1907 2943 1962 ἐπὶ
2976 1907 3156 1983 λόγων
3200 1904 3418 1978 δυνάμει
3475 1906 3565 1961 καὶ
3616 1906 3757 1962 καλ-

2102 1997 2339 2077 λιφωνία
2404 1994 2809 2069 εὐδοκιμοῦσιν,
2859 1996 3141 2071 ἐξαιρέτως
3193 1992 3251 2049 δέ
3297 1994 3349 2049 ἐν
3401 1993 3480 2067 τῷ
3529 2000 3755 2065 Ναζιαν-

2104 2092 2246 2159 ζηνῷ
2276 2087 2585 2163 Γρηγορίῳ,
2621 2084 2682 2139 οὗ
2712 2087 2812 2154 τὴν
2842 2085 2965 2161 περὶ
2996 2086 3058 2139 τὸ
3109 2083 3285 2158 λέγειν
3337 2081 3622 2155 δεινότητα
3664 2085 3755 2139 καὶ

2102 2176 2403 2252 ὐψηγορίαν
2455 2173 2820 2253 διαφερόντως
2868 2173 3187 2247 ἐθαύμαζεν.
3238 2172 3315 2231 Οὐ
3390 2174 3496 2245 μὴν
3551 2173 3757 2247 ἀμιγὴς

2100 2262 2294 2335 ἀηδίας
2341 2263 2617 2326 παντελῶς
2666 2264 2732 2332 ἦν
2779 2262 2925 2334 αὐτῷ
2972 2267 3079 2317 τῶν
3132 2261 3327 2317 τούτου
3369 2262 3755 2336 συνταγμάτων

2100 2358 2136 2425 ἠ
2186 2354 2507 2431 ἀνάγνωσις.
2556 2352 2777 2409 Ἐλύπει
2825 2351 2926 2428 γὰρ
2972 2350 3128 2406 αὐτὸν
3163 2350 3225 2405 οὐ
3257 2349 3491 2425 μετρίως
3523 2353 3556 2421 ἡ
3595 2350 3753 2424 μετά-

2102 2464 2292 2522 φρασις
2366 2442 2621 2521 ἀσαφείας
2700 2440 2985 2504 ἀνάπλεως
3055 2437 3205 2509 οὖσα,
3246 2439 3335 2495 καὶ
3395 2439 3446 2494 ἐν
3518 2437 3756 2503 πολλοῖς

2100 2532 2437 2611 ἐσφαλμένη,
2468 2531 2696 2610 νεφέλης
2723 2532 2870 2593 τινὸς
2909 2528 3063 2600 δίκην
3110 2528 3549 2605 ἐλλογιμωτάτῳ
3594 2526 3754 2603 ἀνδρὶ

2102 2622 2524 2698 ἐπιπροσθοῦσα,
2556 2621 2644 2676 καὶ
2705 2620 2833 2696 οὐχὶ
2890 2622 2990 2690 τὴν
3053 2619 3296 2674 εὐέπειαν
3346 2618 3511 2674 αὐτοῦ
3564 2618 3752 2692 μόνον,
3814 2624 3825 2627 “

2099 2710 2246 2768 ἀλλὰ
2275 2710 2361 2765 καί
2393 2711 2483 2765 τὸν
2514 2715 2637 2764 νοῦν
2683 2714 2792 2764 τῶν
2841 2708 3231 2785 γεγραμμένων
3280 2705 3747 2784 συγκαλύπτουσα.

2101 2800 2410 2855 Αεεά
2626 2803 2648 2813 -
2847 2792 3683 2854 ι“κ’“·ι”λ

2145 2822 2193 2855 ιο
2240 2822 2329 2855 και
2414 2821 2713 2875 γανακτων,
2742 2820 2844 2853 ποτ
2920 2820 3014 2872 μεν
3068 2819 3155 2852 και
3206 2818 3373 2866 αυτην
3418 2818 3518 2866 την
3558 2798 3644 2871 β.ο
3689 2818 3747 2851 ον

2100 2890 2178 2953 εἷς
2205 2887 2475 2968 τοῦδαφος
2522 2888 2875 2965 ἀπέρῥιπτεν,
2910 2888 3045 2943 ποτὶ
3102 2885 3159 2942 δὲ
3222 2908 3288 2959 με
3342 2888 3409 2941 τά
3465 2890 3751 2949 σκοτεινῶς

2099 2979 2243 3053 ἔχειν
2296 2976 2554 3033 δοκοῦντα
2600 2977 2937 3053 τρανώτερον
2987 2976 3288 3051 ἐξηγεῖσθαι
3338 2973 3426 3029 καί
3482 2972 3747 3051 διασαφη-

2097 3068 2258 3137 νίζειν
2310 3066 2547 3123 ἐκέλευε·
2593 3065 2751 3127 τέλος
2796 3062 2853 3120 δὶ
2902 3064 2991 3119 καὶ
3041 3065 3179 3140 πρὸς
3232 3062 3369 3133 ὅλην
3416 3063 3513 3132 τὴν
3587 3064 3751 3135 μετά-

2099 3177 2290 3235 φρασιν
2354 3153 2704 3231 δυσχεράνας,
2765 3151 3059 3230 παρεκάλει
3124 3173 3191 3225 με
3260 3156 3419 3228 χεῖρα
3499 3149 3750 3223 δευτέραν

2099 3243 2315 3320 ἐπάγειν
2369 3249 2448 3316 τῷ
2511 3242 2820 3320 Γρηγορὶῳ,
2869 3242 2959 3297 καὶ
3016 3246 3114 3297 τοῦ
3178 3245 3335 3313 κοινῇ
3386 3239 3755 3317 συμφέροντος

2100 3335 2263 3409 χάριν
2311 3330 2436 3387 τόδε
2484 3333 2546 3387 τὸ
2592 3332 2761 3407 ἄχθος
2816 3330 2897 3386 ἐπ’
2928 3325 3069 3403 ὤμῳ
3112 3330 3359 3401 ἄρασθαι.
3390 3329 3531 3404 Ἐγὼ
3564 3325 3641 3395 δέ,
3676 3328 3754 3395 πή

2107 3423 2201 3496 μὶν
2233 3420 2371 3496 πρὸς
2401 3423 2500 3491 τὴν
2536 3421 2673 3494 ἐμὴν
2721 3420 2992 3484 ἀσθένειαν
3041 3419 3283 3496 ἀφορῶν,
3332 3418 3393 3485 ἢν
3446 3416 3629 3485 αὐτὸς,
3663 3413 3758 3471 διά

2100 3511 2162 3565 τὸ
2205 3511 2341 3587 πρὸς
2396 3512 2462 3584 μὲ
2508 3510 2734 3589 φίλτρον
2786 3508 2886 3564 οὐκ
2932 3504 3122 3575 ἐσεῖδε,
3156 3507 3231 3576 πὴ
3287 3503 3344 3560 δέ
3372 3505 3434 3561 τὸ
3462 3503 3559 3560 τοῦ
3591 3503 3759 3581 ἔργου

2105 3596 2363 3675 δυσχερὲς
2413 3594 2839 3671 εὐλαϐούμενος,
2881 3597 2971 3653 καὶ
3022 3598 3133 3669 ἅμα
3181 3595 3317 3671 πρὸς
3352 3592 3546 3656 ἄλλοις
3604 3590 3751 3670 ἔχων

2096 3687 2220 3743 τότε
2266 3688 2357 3742 τὸν
2410 3692 2549 3754 νοῦν,
2584 3688 2719 3759 πρὸς
2763 3688 2861 3755 τὴν
2918 3683 3128 3754 αἷίτησιν
3162 3684 3262 3739 οὐκ
3290 3682 3588 3761 ἐκάμφθην’
3622 3681 3756 3737 ἀλλ’

2100 3779 2183 3839 οἷς
2232 3778 2367 3847 ἅπαξ
2415 3774 2758 3851 προειλόμην
2839 3773 3249 3849 ένεκαρτέρησα,
3298 3777 3405 3827 τῶν
3457 3771 3507 3827 έν
3561 3772 3747 3848 χερσὶν

2100 3866 2259 3942 ἀπρὶξ
2291 3866 2579 3943 ἐχόμενος·
2614 3870 2817 3941 συχνοῦ
2851 3862 2909 3920 δὲ
2942 3863 3149 3939 χρόνου
3197 3861 3308 3917 ἐκεῖ
3357 3858 3755 3933 διεληλυθότος

2102 3956 2331 4011 ἐπανιὼν
2361 3954 2565 4012 οἷ’καδε.

2173 4056 2416 4123 Πολλαῖς
2446 4083 2503 4117 τε
2542 4060 2631 4116 καὶ
2686 4060 2965 4122 ποικίλαις
3016 4059 3159 4133 παρὰ
3198 4062 3297 4113 τυῦ
3344 4054 3538 4133 καιροῦ
3586 4077 3755 4133 προσ-

2102 4145 2293 4214 ϐολαῖς
2354 4150 2612 4225 πληγεὶς,
2678 4146 2865 4218 ἐπειδὴ
2925 4147 3153 4209 ἀνέσεώς
3208 4167 3361 4208 τινος
3418 4146 3509 4200 καὶ
3549 4144 3761 4221 σχολῆς

2100 4240 2367 4315 παρὰτοῦ
2413 4238 2803 4317 φιλανθρώπου
2853 4242 2989 4294 Θεοῦ
3036 4237 3245 4313 τυχὼν,
3275 4239 3383 4290 τῶν
3432 4234 3759 4311 προύργιαι-

2099 4328 2268 4404 τέρων
2328 4327 2691 4404 ἀπηλλάγην,
2748 4331 3044 4397 τηνικαῦτα
3120 4322 3187 4393 δὴ
3266 4324 3403 4378 κατὰ
3474 4322 3761 4399 βελτίονος

2102 4416 2381 4493 ἑρμηνέως
2441 4416 2671 4492 ἐρημίαν
2726 4417 2789 4470 τὸ
2847 4413 3003 4491 ἔργον
3067 4408 3442 4485 ἐπεϐαλόμην,
3477 4412 3570 4466 καὶ
3626 4412 3762 4485 μετά

2104 4507 2277 4573 πάσης
2309 4505 2615 4581 προθυμίας
2667 4505 2753 4560 ἐπὶ
2804 4505 2984 4577 τούτῳ
3034 4503 3292 4577 ἐπέκυψα.
3326 4502 3453 4556 Μετ’
3505 4500 3567 4556 οὐ
3617 4498 3762 4555 πολὺ

339 4590 577 4662 cognovi
606 4607 698 4647 me
730 4592 1011 4649 miserum
1070 4594 1294 4651 viribus
1352 4595 1542 4667 impar
1599 4614 1749 4652 onus
1791 4580 1989 4655 susce-

2102 4594 2159 4651 δὶ
2201 4580 2453 4670 ᾐσθόμην
2504 4592 2716 4666 ἄθλιος,
2753 4599 2937 4667 μεῖζον
2973 4594 3007 4662 ἢ
3051 4591 3185 4646 κατᾶ
3237 4590 3305 4663 μὶ
3351 4589 3572 4667 φορτίον
3624 4588 3757 4665 ἀρά·

339 4679 531 4752 pisse:
565 4679 699 4736 hinc
728 4680 871 4737 mihi
898 4683 1317 4741 succensebam
1349 4687 1502 4756 quod
1544 4685 1687 4740 illud
1744 4691 1992 4744 tractare

338 4784 454 4824 non
480 4768 976 4827 reformidassem.
1014 4772 1241 4828 Etenim
1284 4774 1428 4829 mibi
1464 4774 1742 4847 primum,
1778 4775 1935 4831 velut
1963 4793 1995 4832 e

336 4860 509 4931 portu
536 4857 802 4929 solventi,
836 4876 1046 4916 serena
1092 4862 1293 4918 omnia
1350 4862 1784 4935 tranquillaque
1837 4865 1992 4922 vide-

336 4945 572 5017 bantur,
607 4947 778 5004 itaut
833 4952 890 5006 et
933 4948 1076 5005 mihi
1136 4949 1206 5006 de
1266 4951 1495 5025 incepto
1538 4953 1901 5025 gratularer:
1935 4958 1996 5011 at

335 5032 565 5106 longius
594 5036 914 5094 abductum
945 5042 1109 5093 tanta
1130 5055 1223 5095 me
1253 5046 1573 5112 tempestas
1604 5045 1840 5113 tamque
1862 5058 1992 5116 gra-

332 5122 421 5177 vis
442 5124 689 5194 jactavit
721 5125 993 5196 procella,
1018 5131 1081 5183 ut
1108 5128 1363 5183 vicinum
1395 5128 1725 5185 immineret
1760 5133 1992 5187 naufra-

333 5210 520 5284 gium.
554 5212 621 5267 Et
642 5220 796 5270 certe
826 5215 1130 5286 periissem
1163 5218 1531 5283 submersus,
1558 5218 1669 5274 nisi
1701 5221 1991 5277 emendati

336 5299 578 5371 quidam
630 5303 1065 5375 angustissimas
1118 5306 1331 5377 regina:
1390 5306 1521 5362 libri
1553 5308 1681 5379 jam
1716 5309 1990 5367 ﬂuclibus

338 5390 647 5461 abreptum
681 5392 1064 5449 reduxissent.
1104 5393 1211 5450 Ubi
1257 5397 1553 5467 adjutores
1586 5396 1729 5452 mihi
1764 5415 1986 5467 venere,

340 5482 468 5533 tum
501 5496 696 5535 secare
728 5483 933 5552 undas,
969 5482 1170 5539 multis
1219 5484 1453 5555 quidem
1486 5502 1618 5541 cum
1652 5488 1988 5555 sudoribus,

342 5572 399 5624 et
430 5566 671 5642 pelagus
692 5569 1191 5643 interpretationis
1221 5573 1509 5642 traiicere.

2107 4706 2290 4757 μενος,
2319 4684 2409 4739 καὶ
2439 4682 2626 4739 πολλὰ
2681 4682 2914 4755 ἐμαυτὸν
2944 4689 3043 4750 τῆς
3080 4679 3367 4751 τολμηρᾶς
3412 4677 3615 4746 ταύτης
3671 4676 3760 4753 έγ-

2103 4776 2409 4849 χειρήσεως
2440 4771 2901 4845 κατεμεμψάμην·
2942 4769 3028 4824 καὶ
3076 4770 3179 4843 γάρ
3222 4766 3307 4821 τοί
3350 4787 3403 4820 τι
3456 4766 3548 4839 μὶν
3601 4769 3759 4841 πρῶ-

2100 4870 2191 4918 τον
2222 4862 2400 4937 ὥσπερ
2433 4860 2493 4916 έκ
2522 4860 2747 4934 λιμένος
2797 4858 3051 4935 ἀνάγοντί
3105 4878 3198 4931 μοι
3259 4853 3409 4911 εὔδια
3453 4856 3626 4910 πάντα
3667 4854 3758 4909 καὶ

2102 4950 2354 5028 γαλήνης
2390 4951 2557 5023 μεστά
2586 4948 2855 5027 ἐφαίνετο,
2888 4948 3026 5004 ὥστε
3058 4947 3146 5002 καὶ
3194 4949 3291 5001 τοῦ
3352 4944 3760 5020 ἐγχειρήματος

2105 5040 2324 5114 έμαυτῴ
2357 5036 2695 5109 συνήδεσθαι’
2728 5036 3064 5114 ποῤῥωτέρω
3104 5034 3162 5091 δὲ
3203 5034 3463 5108 προϊόντα
3520 5053 3587 5105 με
3632 5053 3757 5087 τοσ-

2104 5134 2261 5191 οῦτος
2311 5128 2525 5204 χειμὼν
2572 5127 2664 5181 καὶ
2721 5127 2863 5181 οὕτω
2905 5123 3052 5194 δεινὴ
3100 5123 3237 5194 ζάλη
3270 5116 3586 5190 κατέλαϐεν,
3620 5141 3761 5175 ωστε

2104 5218 2192 5273 καὶ
2227 5218 2418 5291 μικρὸν
2470 5215 2739 5271 ἀπέλιπον
2787 5220 2885 5271 τοῦ
2938 5216 3016 5289 μὴ
3063 5211 3435 5269 καταδύεσθαι.
3486 5211 3582 5266 Καὶ
3629 5208 3761 5264 πάν-

2101 5329 2209 5370 τως
2242 5307 2299 5363 ἃν
2334 5301 2705 5382 καταϐρύχιος
2750 5302 2894 5373 ἔδυν,
2925 5306 2971 5361 εἰ
3023 5306 3099 5378 μὴ
3151 5301 3593 5377 ἰπηνωρθωμένα
3639 5302 3763 5355 τινὰ

2102 5404 2202 5467 τῆς
2235 5398 2373 5450 πάνυ
2427 5394 2752 5471 βασιλίσσης
2798 5390 2985 5471 βιϐλία
3031 5395 3148 5457 καθ’
3182 5390 3388 5448 ὑδάτων
3441 5387 3549 5460 ἤδη
3595 5389 3754 5467 φερό-

2107 5506 2267 5560 μενον
2297 5484 2673 5562 ἐπεκούφισαν·
2726 5484 2814 5563 ὑφ’
2843 5485 2915 5539 ὧν
2967 5482 3358 5560 βοηθούμενος,
3392 5483 3487 5534 τοῦ
3535 5475 3755 5533 κλύδω-

2099 5595 2191 5637 νος
2251 5573 2409 5651 μόγις
2468 5573 2733 5651 ὑπερῆρα,
2766 5574 2946 5629 καὶτὸ
2992 5569 3159 5644 τῆσδε
3206 5574 3303 5641 τῆς
3367 5569 3751 5644 μεταφράσεως

2103 5659 2342 5740 πέλαγος
2382 5659 2694 5737 διεπέρασα.

3570 5740 3623 5795 τι
