4184 6202
341 366 468 427 345

1364 368 1696 431 JOANNIS
1743 365 2281 430 LEUVENKLAII
2324 368 2763 429 PREFATIO.

3650 367 3770 426 346

421 498 647 555 Πολλοῦ
696 498 743 555 δ’
793 500 851 555 ἂν
899 501 1245 575 ἐτιμησάμην
1297 500 1467 576 εὑρεῖν
1516 522 1638 556 τινα
1681 506 1787 556 τῶν
1835 522 1999 556 τυπο-

2186 503 2399 557 Mirum
2443 519 2610 574 porro
2661 519 2753 558 me
2791 503 2980 558 tenuit
3020 501 3376 557 desiderium
3419 501 3773 573 typographi

342 590 723 666 γραφούντων,
785 589 928 652 ὅστις
986 592 1099 661 ἅμα
1154 595 1231 662 τῷ
1287 590 1545 664 Ῥωμαίῳ
1595 591 1682 646 καὶ
1730 592 1821 647 τὸν
1878 589 2003 645 Ἐλ-

348 677 576 749 ληνικὸν
632 680 934 755 Γρηγόριον
983 680 1242 735 ὲκτυποῦν
1290 675 1570 749 ἐϐούλετο,
1615 679 1707 735 ’ἕνα
1752 684 1859 735 τῶν
1905 680 2003 734 ἐπ-

344 769 704 842 ανορθώσεων
759 770 995 840 ἐκείνων,
1029 770 1089 831 ’ὰς
1138 768 1195 824 ἐκ
1222 775 1327 824 τῶν
1360 777 1461 839 τῆς
1506 769 1826 845 βασιλίσσης
1855 770 2001 824 ἀντι-

344 857 574 933 γράφων
633 853 850 930 ἔλαϐον,
901 858 1046 931 αὐτῷ
1098 856 1410 931 μεταδοίην.
1462 860 1609 913 Ἐπεὶ
1672 857 1728 913 δὲ
1768 859 2001 931 τοιούτῳ

343 947 447 1000 τινὶ
480 946 726 1023 ἐντυχεῖν
780 949 877 1003 οὐκ
924 947 1191 1023 ἐξεγένετό
1246 969 1362 1021 μοι,
1413 949 1441 1002 ’ὀ
1493 947 1684 1004 λοιπόν
1719 948 1849 1017 ἐστι,
1907 948 1996 1002 τὸν

342 1037 619 1107 Ῥωμαῖον
669 1035 955 1111 ἐκδίδωμι,
1006 1038 1053 1092 εἷ’
1106 1038 1199 1111 μὲν
1250 1038 1385 1113 πρὸς
1431 1040 1530 1107 τὴν
1566 1042 1663 1092 τοῦ
1698 1038 1999 1113 Γρηγορίου

342 1122 652 1199 λογιότητα
701 1128 789 1181 καὶ
849 1127 1257 1205 μεγαλοφωνίαν
1310 1133 1739 1204 παραμετροῖτο,
1790 1126 1998 1202 παραῤ-

339 1214 771 1292 ῥηθησόμενον,
805 1216 860 1270 εὖ
912 1214 1051 1288 οἶδα,
1103 1217 1178 1278 ὡς
1234 1216 1448 1278 οὐδενὸς
1482 1218 1623 1287 ἄξιον
1684 1215 1727 1271 εἰ
1776 1213 1832 1270 δὲ
1862 1217 1998 1290 πρὸς

333 1306 437 1373 τήν
475 1306 746 1381 ἡμετέραν
779 1304 1028 1378 δύναμιν,
1062 1305 1124 1361 οὗ
1174 1308 1365 1382 μικρὸν
1420 1304 1551 1367 ἴσως
1597 1306 1995 1383 φανησόμενον.

338 1393 633 1449 Ἐπιεικῶν
667 1392 724 1449 δὲ
763 1396 1062 1471 ἀνθρώπων
1110 1394 1219 1450 ἐστὶ
1265 1396 1326 1450 τὸ
1377 1396 1512 1450 κατὰ
1561 1393 1785 1467 δύναμιν
1838 1396 1997 1450 ἀπαι-

336 1488 476 1549 τεῖν,
512 1483 602 1537 καὶ
650 1481 817 1557 μηδὲν
862 1484 1052 1560 πόῤῥω
1101 1485 1397 1555 ἐπιζητεῖν.
1426 1484 1720 1561 Ἔῤῥωσθε,
1754 1486 1799 1539 ὦ
1844 1483 1996 1562 φίλαι

336 1569 600 1648 κεφαλαὶ,
634 1573 723 1628 καὶ
755 1573 889 1650 πρὸς
918 1574 1017 1643 τήν
1048 1571 1511 1645 ὁποιανδηποτοῦν
1541 1573 1791 1650 ἐργασίαν
1839 1577 1999 1647 ἡμῶν

338 1659 761 1736 εὖγνωμονεῖτε.

2115 595 2212 663 qui
2248 608 2365 646 una
2396 609 2527 646 cum
2559 594 2821 648 versione
2854 591 3009 663 prelo
3042 591 3330 662 subjicere
3360 590 3529 645 vellet
3548 595 3770 645 textum

2114 682 2748 753 GregoriiUraecum,ut
2784 682 2915 737 illas
2950 682 3063 753 ipsi
3088 682 3375 736 traderem
3424 696 3570 751 quas
3602 695 3769 733 erue-

2114 788 2236 828 ram
2271 788 2300 825 e
2332 771 2546 841 reginas
2578 771 3009 843 exemplaribus
3040 770 3497 825 emendationes.
3535 771 3604 822 At
3654 767 3771 823 voti

2114 862 2353 917 minime
2384 876 2644 931 compos,
2674 862 2986 933 diligenter
3017 860 3326 931 quaesitum
3353 875 3466 913 non
3500 857 3713 913 offendi
3751 873 3765 913 :

2112 953 2264 1023 quod
2327 953 2504 1024 igitur
2561 957 2851 1023 superest,
2910 948 3445 1019 interpretationem
3500 946 3765 1001 Latinam

2110 1042 2334 1097 emitto.
2370 1042 2425 1096 Si
2463 1041 2867 1113 perpenbalur
2913 1038 2981 1092 ad
3040 1038 3369 1091 lacundiam
3422 1036 3682 1107 Gregorii
3713 1040 3770 1090 et

2109 1129 2453 1186 elocutionis
2508 1130 2878 1202 dignitatem,
2914 1126 3112 1180 nullus
3160 1124 3361 1178 dubito
3416 1125 3554 1194 quin
3591 1142 3767 1196 repu-

2110 1220 2638 1286 dietur,utnullius
2672 1217 2876 1289 pretii;
2912 1217 2960 1270 si
2994 1233 3124 1269 vero
3160 1216 3424 1286 exigatur
3446 1214 3515 1267 ad
3549 1214 3765 1268 virium

2112 1315 2441 1365 nostrarum
2499 1309 2826 1373 modulum,
2880 1322 2993 1360 non
3046 1303 3475 1359 contemnenda
3524 1303 3770 1359 fortasse

2107 1399 2416 1454 videbitur.
2460 1397 2560 1452 Vir
2586 1398 2775 1451 bonus
2806 1395 2861 1450 id
2895 1394 3073 1465 exigit
3104 1393 3256 1464 quod
3290 1391 3511 1445 viribus
3535 1407 3743 1462 respon

2106 1491 2226 1557 det,
2286 1488 2431 1545 nihil
2481 1489 2655 1543 ultra.
2717 1486 2934 1551 Valete,
2968 1485 3156 1549 amici,
3211 1490 3270 1540 et
3316 1482 3771 1555 qualiscumque

2108 1579 2290 1633 nostri
2316 1576 2539 1633 laboris
2570 1591 2861 1631 memores
2889 1590 2989 1628 vos
3011 1579 3325 1645 gratosque
3352 1570 3624 1643 praebete.

340 1834 3759 1859 Μ

1609 2001 1937 2062 JOANNIS
1987 2000 2516 2061 LEUVENKLAII

338 2149 425 2204 Ad
469 2150 997 2206 rever-endissimum
1025 2160 1076 2207 et
1106 2150 1558 2207 illustrissimum
1578 2152 1894 2220 Principem
1917 2151 1975 2205 D.
2012 2151 2296 2218 Joannem,
2332 2149 2864 2220 Monasteriensium,
2898 2147 3381 2220 Osnabrugiorum
3411 2155 3461 2200 et
3485 2145 3773 2220 Paderbo-

595 2224 817 2277 uiarum
854 2226 1180 2291 antistitem,
1212 2224 1566 2279 nobilissima
1596 2218 1867 2277 comitum
1899 2223 2245 2277 lloianorum
2279 2226 2438 2291 gente
2465 2230 2677 2283 natum,
2713 2219 2999 2273 dominum
3039 2236 3206 2272 suum
3232 2218 3535 2273 clementis-

1300 2296 1535 2366 simum,
1560 2296 1619 2349 in
1649 2294 1903 2365 Gregorii
1929 2296 2285 2349 Nazianzeni
2315 2293 2617 2348 editionem
2646 2307 2825 2346 suam.

1889 2595 2229 2637 PROEMIUM

417 2759 580 2810 Inter
609 2754 740 2822 alia,
776 2773 903 2828 qua
936 2757 1142 2829 primis
1167 2759 1240 2813 ab
1270 2760 1439 2814 annis
1480 2776 1661 2831 supra
1705 2775 1798 2815 res
1829 2763 2002 2815 caste-
2032 2762 2079 2826 B
2110 2758 2389 2830 aliquem,
2414 2758 2664 2813 aliorum
2689 2755 3177 2829 quoquejudicio,
3208 2757 3565 2811 consecutus
3606 2753 3773 2808 vide-

347 2860 447 2899 ras
479 2844 679 2900 animo
732 2861 859 2901 meo
911 2847 1146 2902 fuerunt
1194 2846 1254 2902 in
1322 2848 1547 2903 deliciis
1597 2854 1654 2904 et
1687 2849 2008 2915 amoribus,

342 2933 839 2989 reverendissime
876 2951 941 2989 ac
974 2934 1372 2991 illustrissime
1432 2936 1725 3008 Princeps,
1775 2954 2009 3009 semper

339 3021 576 3078 occulta
608 3024 860 3094 quadam
904 3029 962 3079 et
1001 3023 1324 3079 incredibili
1357 3031 1575 3079 naturae
1620 3026 2007 3097 propensione

339 3119 464 3166 tam
490 3110 1030 3184 litterarum,quam
1055 3113 1429 3183 antiquitatis
1446 3114 1651 3169 Graecae
1672 3115 2003 3170 studiosum

345 3215 443 3255 me
473 3199 668 3255 fuisne
704 3201 913 3256 fateor:
946 3218 1061 3272 qua
1078 3201 1315 3273 quidem
1341 3201 1543 3274 lingua
1562 3203 1755 3259 omnis
1775 3203 2006 3275 generis

345 3290 776 3356 doctrinarum,
809 3295 866 3346 et
912 3291 1211 3363 sapientiae
1251 3293 1561 3347 thesauros
1606 3292 2006 3364 amplissimos

345 3378 635 3433 contineri
670 3379 1216 3435 animadverterem.
1257 3380 1372 3436 Hac
1421 3397 1559 3436 usos
1606 3385 1729 3435 tum
1782 3381 2005 3453 priscos

344 3466 481 3523 illos
515 3466 918 3539 philosophos,
941 3473 1067 3523 tum
1100 3470 1454 3524 recentiores
1484 3486 1684 3524 eorum
1720 3469 2003 3541 interpre-

343 3558 457 3625 tes,
489 3555 684 3627 quise
732 3555 942 3612 scholis
989 3556 1300 3613 Platonicae
1349 3574 1718 3614 successores
1761 3557 2005 3613 Athenis

342 3643 1052 3717 appellabant,quidquid
1077 3647 1148 3702 de
1176 3651 1301 3701 arte
1333 3646 1682 3712 disserendi,
1714 3648 1784 3702 de
1813 3651 2006 3701 orato-

344 3734 458 3801 ria,
497 3732 568 3788 de
600 3733 755 3788 civili
806 3734 1137 3805 prudentia,
1188 3736 1260 3790 de
1321 3735 1607 3801 moribus,
1665 3735 1737 3789 de
1795 3740 2006 3790 natura

342 3838 565 3892 rerum,
600 3824 670 3877 de
700 3823 1070 3893 geometricis
1100 3823 1630 3895 astronomicisque
1677 3822 2005 3895 disciplinis

342 3911 497 3965 tradi
522 3916 729 3982 potest,
748 3912 1072 3966 litterarum
1098 3912 1492 3968 monumentis
1515 3910 1846 3983 complexos
1877 3928 2006 3967 esse

343 4000 618 4055 videbam
672 4001 833 4059 :bac
866 4000 1257 4056 maximarum
1308 4018 1410 4073 per
1457 4006 1654 4056 orbem
1703 4005 2003 4071 gestarum

341 4105 543 4144 rerum
580 4089 857 4144 historias
905 4090 1319 4162 comprehendi
1351 4106 1365 4146 :
1392 4090 1498 4145 hac
1529 4091 1670 4145 artis
1704 4091 2003 4145 medicinis

340 4194 562 4233 arcana
611 4179 904 4234 memoriae
958 4179 1123 4251 prodi
1161 4196 1172 4235 :
1206 4179 1316 4235 hac
1370 4178 1688 4234 illustrium
1741 4180 2003 4236 Ecclesiae

336 4267 558 4322 veteris
604 4266 913 4323 hominum
956 4269 1028 4323 de
1080 4269 1265 4324 sacris
1312 4269 1486 4325 rebus
1529 4270 2006 4325 accuratissimas

340 4355 779 4427 disputationes
802 4373 931 4412 esse
960 4358 1252 4427 expositas
1278 4375 1291 4412 :
1320 4357 1379 4412 in
1413 4357 1561 4412 banc
1584 4358 2005 4429 deniquejuris

339 4443 524 4499 etiam
568 4442 777 4509 civilis,
830 4461 943 4516 quo
986 4444 1226 4515 utimur,
1261 4444 1443 4501 libros
1490 4444 1570 4501 ita
1620 4447 2005 4518 transcriptos

340 4548 500 4599 esse,
532 4536 596 4587 ut
626 4531 810 4587 multa
841 4533 986 4597 loca,
1012 4534 1362 4604 ceteroquin
1397 4534 1845 4603 obscurissima,
1882 4535 2000 4589 sin-

338 4621 549 4695 gulare
573 4623 865 4693 quoddam
880 4622 1439 4693 exinterpretatione
1459 4622 1788 4678 Graecorum
1804 4622 1859 4677 lu
1872 4639 2003 4678 men

343 4710 663 4782 accipiant.
689 4711 851 4774 Quod
883 4726 1021 4765 sane
1052 4716 1442 4783 postremum.
1474 4712 1707 4767 tametsi
1737 4712 1808 4766 de
1838 4710 2003 4767 libris

339 4800 704 4873 quibusdam
736 4798 1020 4856 hactenus
1049 4800 1223 4856 editis
1242 4802 1492 4873 perSpici
1514 4803 1660 4857 satis
1681 4802 1867 4873 possit
1890 4819 1902 4869 ;
1925 4805 2005 4856 ta-

338 4906 478 4945 men
516 4889 682 4961 longe
707 4887 936 4959 planius
958 4890 1283 4960 apparebit,
1317 4891 1418 4945 ubi
1440 4890 1807 4946 Lxlibrorum
1840 4891 2001 4945 Βασι-

339 4976 518 5032 λιχῶν
548 4978 801 5049 epitome
844 4977 1329 5050 locupletissima,
1364 4997 1540 5051 quam
1590 4998 1625 5035 a
1672 4978 2001 5036 clarissimo

334 5066 485 5130 viro,
515 5066 739 5122 Joanne
770 5068 1083 5135 Sambuco,
1110 5072 1379 5124 Caesarea:
1404 5068 1636 5123 familiis
1659 5068 1998 5137 domestico,

334 5156 580 5212 homine
633 5156 775 5211 mibi
818 5157 1179 5213 amicissimo
1227 5164 1433 5214 nactus
1492 5175 1647 5228 sum,
1693 5158 1751 5213 in
1810 5156 1999 5213 lucem

333 5262 514 5317 Opera
536 5250 739 5301 nostra
780 5245 1078 5316 prodierit.

408 5335 537 5390 Haec
570 5350 678 5406 ego
707 5340 1087 5406 posteaquam
1109 5336 1326 5392 Graecis
1357 5335 1639 5392 contineri
1670 5334 1881 5392 litteris
1900 5353 2001 5409 per

341 5428 572 5479 etatem
606 5422 936 5495 intelligere
965 5425 1135 5496 cmpi,
1159 5425 1243 5481 sic
1267 5430 1395 5496 ejus
1419 5441 1512 5481 me
1555 5425 1766 5497 linguai
1804 5426 2000 5481 studio

2118 2865 2211 2903 rer
2242 2866 2256 2914 ;
2291 2848 2515 2903 liberali
2536 2848 2791 2917 quodam
2824 2847 3003 2901 animi
3037 2846 3346 2913 desiderio,
3371 2848 3425 2899 et
3455 2842 3773 2899 ambitione

2118 2936 2365 2992 honesta
2393 2937 2640 3003 (fatebor
2675 2936 2833 2991 enim
2886 2935 3039 3006 quod
3084 2950 3175 2989 res
3214 2934 3323 3005 est)
3356 2932 3658 2999 excitatus,
3709 2933 3768 2986 in

2116 3025 2225 3081 hoc
2255 3026 2393 3081 totis
2425 3024 2646 3079 viribus
2669 3024 3129 3079 incumbentium
3154 3023 3315 3089 duxi,
3336 3023 3467 3077 utsi
3494 3022 3590 3093 qui
3617 3026 3768 3075 vete-

2117 3132 2247 3169 rum
2271 3113 2745 3169 Grmcorumlibri
2770 3113 2855 3167 vel
2896 3113 3157 3167 Latinam
3188 3112 3244 3165 in
3280 3112 3540 3183 linguam
3576 3110 3768 3165 hacte-

2116 3221 2229 3259 nus
2279 3204 2543 3259 conversi
2600 3219 2713 3257 non
2772 3207 2990 3264 essent,
3046 3200 3130 3255 vel
3171 3200 3227 3254 in
3278 3199 3769 3256 bibliothecarum

2115 3292 2371 3348 tenebris
2393 3292 2799 3347 delitescentes
2827 3289 3074 3345 necdum
3107 3288 3257 3343 lucis
3311 3305 3553 3343 usuram
3602 3305 3764 3343 acce-

2114 3381 2362 3453 pissent,
2395 3398 2521 3435 meo
2552 3380 2747 3435 studio
2766 3386 2891 3434 tum
2918 3379 3185 3433 Latinam
3208 3382 3423 3431 vestem
3449 3377 3764 3431 induerent

2114 3474 2239 3525 tum
2299 3486 2367 3524 ea
2426 3470 2684 3525 exornati
2735 3468 2967 3540 publice
3024 3466 3324 3521 hominum
3394 3465 3581 3520 oculis
3641 3482 3769 3521 sese

2115 3560 2466 3629 spectandos
2508 3557 2870 3615 exhiberent.
2922 3561 3041 3612 Hoc
3086 3555 3258 3610 modo
3307 3558 3766 3609 consecuturum

2116 3665 2208 3704 me
2239 3648 2569 3720 sperabam.
2620 3653 2686 3701 ut
2717 3664 2830 3702 non
2881 3648 3097 3718 ignavas
3145 3644 3383 3717 pecudis
3433 3643 3491 3697 in
3545 3659 3765 3697 morem

2114 3736 2292 3792 vitam
2327 3738 2477 3793 hanc
2498 3737 2939 3799 transirem,sed
2964 3733 3343 3789 emolumenti
3359 3731 3571 3802 aliquid
3597 3732 3766 3785 ati‘er-

2116 3843 2235 3881 rem
2261 3826 2338 3881 rei
2363 3826 2678 3889 litterariae,
2704 3842 2880 3896 quam
2923 3841 2956 3879 a
2995 3839 3174 3894 puero
3215 3837 3476 3875 meorum
3511 3819 3769 3874 auctori-

2114 3919 2232 3970 tate
2262 3915 2543 3985 iussuque
2575 3913 2910 3971 coluissem:
2949 3917 3005 3967 et
3052 3910 3203 3982 apud
3232 3910 3410 3964 bonos
3448 3908 3765 3981 Optabilem

2115 4002 2259 4057 mihi
2292 4003 2549 4058 nominis
2579 4001 3068 4058 existimationem
3102 4014 3388 4070 pararem.

2188 4091 2384 4162 Itaque
2416 4107 2609 4146 meum
2633 4091 2740 4145 hoc
2772 4089 3111 4145 institutum
3155 4094 3218 4142 ut
3246 4104 3311 4142 eo
3346 4085 3575 4141 felicius
3598 4102 3766 4158 urge-

2119 4196 2264 4250 rem,
2305 4179 2366 4234 in
2390 4180 2539 4234 hanc
2559 4179 2946 4233 clarissimam
2980 4177 3181 4232 urbem
3217 4191 3307 4230 me
3357 4174 3599 4245 contuli,
3638 4192 3767 4245 quae

2116 4269 2188 4325 ob
2218 4268 2536 4340 insignium
2568 4267 3061 4341 typograpborum
3094 4264 3380 4331 ofﬁcinas,
3413 4281 3528 4319 non
3554 4266 3609 4318 in
3632 4268 3767 4320 Ger-

2117 4358 2314 4413 mania
2343 4357 2514 4412 modo
2547 4362 2767 4425 nostra,
2800 4357 2900 4411 sed
2933 4354 3093 4411 omni
3136 4354 3311 4409 etiam
3350 4353 3769 4424 Europalonge

2115 4445 2347 4518 lateque
2396 4445 2602 4501 merito
2663 4444 3012 4500 celebratur.
3064 4443 3166 4498 Hic
3210 4443 3353 4497 dum
3399 4441 3770 4512 publicandis

2113 4534 2365 4607 egregiis
2383 4534 2735 4606 quibusdam
2755 4532 3079 4604 priscorum
3096 4529 3490 4586 monumentis
3508 4530 3767 4599 invigilo,

2115 4641 2307 4679 annus
2340 4625 2465 4695 jam
2500 4623 2641 4677 mihi
2694 4622 2939 4693 quintus
2980 4621 3175 4693 agitur
3222 4621 3359 4691 (quo
3402 4618 3646 4690 publicas
3687 4619 3771 4673 rei

2113 4714 2306 4768 fructu
2341 4713 2577 4784 nescio),
2597 4729 2712 4767 non
2744 4712 2871 4767 sine
2903 4712 3048 4765 meis
3070 4715 3221 4765 certe
3243 4707 3541 4763 laboribus
3557 4723 3768 4761 aerum-

2115 4801 2323 4873 nisque
2355 4801 2649 4867 maximis,
2696 4818 2823 4871 quas
2855 4800 3141 4855 hactenus
3185 4797 3331 4852 mihi
3371 4812 3505 4851 cum
3566 4795 3770 4867 aliquo

2112 4906 2536 4961 nonnunquam
2555 4889 2906 4944 valetudinis
2919 4888 3266 4942 detrimento
3285 4902 3351 4940 su
3364 4883 3767 4939 ntexantlatie.

2114 4981 2271 5035 Inter
2303 4979 2446 5034 alios
2494 4984 2690 5034 autem
2740 4978 3072 5049 scriptores,
3137 4992 3283 5046 quos
3343 4978 3498 5028 certo
3540 4973 3766 5043 judicio

2112 5069 2364 5125 delectos
2395 5068 2676 5124 librorum
2715 5084 2828 5123 non
2853 5068 3145 5122 editorum
3179 5064 3515 5120 accessione
3556 5060 3772 5133 ampli-

2112 5159 2371 5215 ﬁcandos
2401 5163 2459 5213 et
2490 5158 2548 5212 in
2581 5172 2908 5213 sermonem
2968 5154 3235 5210 Latinum
3289 5151 3771 5207 transcribendos

2109 5246 2456 5314 existimavi,
2490 5246 2655 5301 facile
2709 5246 3027 5317 principem
3061 5243 3172 5298 sibi
3216 5242 3407 5298 locum
3457 5240 3774 5310 Gregorius

2110 5336 2204 5392 hic
2223 5336 2707 5401 nostervindicat,
2738 5334 2829 5390 cui
2862 5335 2934 5390 ob
2964 5348 3259 5389 summam
3298 5346 3495 5386 rerum
3538 5328 3772 5384 divina-

2112 5443 2241 5482 rum
2286 5425 2575 5498 peritiam,
2609 5425 2935 5481 secundum
2983 5424 3265 5479 Joannem
3320 5420 3652 5492 apostolum
3703 5436 3773 5475 ex

339 5513 495 5573 dedi.
531 5511 759 5568 nullum
809 5516 871 5568 ut
918 5518 1153 5585 tempus
1195 5514 1356 5571 abire
1397 5514 1672 5585 sinerem,
1725 5531 1840 5586 quo
1883 5531 1999 5572 non
2028 5502 2074 5567 D
2110 5511 3571 5588 priscisdoctoribussoli,Theologicognomentum
3594 5524 3770 5589 pecu:

341 5600 575 5675 aliquos
606 5601 665 5657 in
698 5617 766 5657 ea
797 5600 1169 5673 percipienda
1197 5620 1542 5676 progressus
1574 5604 1843 5659 facerem.
1876 5603 1996 5659 Ista

344 5691 673 5766 qualiquali
690 5689 993 5764 diligentia
1022 5706 1152 5747 mea
1183 5708 1318 5749 cum
1348 5692 1586 5749 tandem
1638 5708 1811 5749 usum
1860 5692 1990 5764 ejus

2104 5603 2326 5660 liariter
2349 5607 2440 5659 est
2480 5602 3007 5672 concessum.Ejus
3048 5597 3499 5672 praeclarissima
3540 5594 3763 5667 ingenil

2103 5696 2505 5762 monumenta,
2568 5708 2693 5765 quis
2751 5690 2989 5764 quidem
3039 5686 3191 5763 typis
3223 5700 3496 5757 expressa
3526 5681 3760 5756 prodie-
