4184 6202
362 381 479 446 317

1374 383 1704 460 JOANNIS
1753 382 2278 445 LEUVENKLAII
2321 381 2769 443 PR/EFATlO.

3648 367 3765 428 368

367 529 523 594 rant,
567 523 705 595 quia
740 523 1018 578 miserum
1062 522 1121 577 in
1167 523 1406 577 modum
1445 523 1516 578 ab
1559 522 1871 594 interprete
1927 520 2009 576 sic
2041 522 2092 588 Α
2123 521 2508 592 Hieronymus
2567 516 2832 585 Wolfius,
2884 513 2972 569 vir
3024 507 3407 572 clarissimus,
3464 507 3654 560 Graece
3714 507 3770 559 et

368 620 614 670 tractata
644 613 933 681 videbam,
970 617 1031 666 ut
1054 612 1260 684 exiguo
1295 629 1427 667 cum
1479 611 1783 666 hominum
1819 611 2005 664 fructu

369 705 463 775 (ne
497 703 634 772 quid
659 702 1455 773 graviusdicam),caatcroqui
1478 701 1648 773 longe
1673 701 2006 768 utilissima,

367 792 795 848 lectitarentur:
824 792 966 862 coepi
1003 792 1234 845 tandem
1261 791 1630 846 hortantibus
1654 789 1880 855 amicis,
1913 790 2011 857 qui

367 882 514 936 tanti
545 882 651 934 viri
685 887 802 934 tam
833 881 1077 934 barbare
1123 881 1434 950 garrientis
1475 882 1627 951 apud
1679 897 1784 934 nos
1826 880 2010 933 vicem

368 970 653 1034 dolerent,
703 971 772 1024 ad
815 970 942 1039 ejus
992 970 1524 1041 interpretationem
1562 970 1826 1023 animum
1868 968 2014 1037 adji-

368 1076 516 1116 cere.
554 1060 794 1114 Factum
836 1059 944 1114 hoc
980 1063 1068 1114 est
1100 1064 1231 1114 ante
1263 1063 1414 1114 totos
1436 1064 1688 1128 quatuor
1717 1075 1922 1124 annos,
1955 1057 2013 1111 id

371 1150 524 1222 quod
559 1155 615 1204 et
644 1148 938 1204 Guillelmi
973 1149 1221 1215 Canteri,
1269 1152 1325 1202 et
1374 1149 1599 1203 Martini
1649 1148 1858 1216 Crusii,
1900 1147 2013 1202 cla-

371 1239 746 1295 rissimorum
796 1237 1075 1304 virorum,
1127 1255 1190 1293 ac
1238 1237 1581 1310 plerumque
1610 1237 1788 1308 hujus
1811 1239 2014 1292 acade-

374 1330 505 1385 mica
537 1330 837 1383 doctorum
868 1327 1222 1383 testimoniis
1242 1328 1546 1384 ostendere
1575 1344 1836 1399 possum.

447 1436 590 1490 Cum
625 1439 818 1490 autem
867 1434 923 1489 id
975 1435 1212 1490 omnino
1262 1435 1447 1491 facere
1495 1451 1628 1490 cum
1669 1435 1861 1490 animo
1893 1451 2018 1490 meo

374 1522 829 1588 constituissem,
882 1523 962 1578 ita
1024 1523 1168 1577 mihi
1221 1523 1642 1578 elaborandum
1707 1523 1815 1578 hoc
1873 1539 2020 1595 opus

375 1612 805 1682 existimabam,
844 1617 906 1667 ut
934 1618 989 1668 et
1018 1611 1308 1685 legentum
1340 1613 1755 1685 exspectationi
1788 1613 2019 1667 satisfa-

378 1707 548 1769 ceret,
583 1707 639 1757 et
671 1703 759 1758 sui
794 1702 1045 1758 auctoris
1086 1703 1266 1759 libros
1300 1704 1432 1759 illos
1465 1721 1698 1775 quoque
1733 1719 1929 1758 secum
1963 1701 2020 1755 in

377 1793 635 1849 medium
670 1793 970 1865 proferret,
1006 1793 1102 1866 qui
1145 1793 1357 1849 alicubi
1403 1793 1888 1849 bibliothecarum
1920 1791 2022 1845 ad-

2119 610 2321 666 Latine
2365 626 2432 663 ex
2473 604 2948 677 interpretatione
2980 619 3086 658 sua
3119 597 3451 672 publicavit.
3484 597 3546 650 ln
3578 611 3643 650 eo
3676 611 3769 650 me

2121 699 2364 755 minime
2409 696 2549 761 falli,
2596 696 2827 750 duobus
2869 689 3229 764 argumentis
3269 689 3472 742 docere
3503 701 3766 757 possum.

2121 790 2379 844 Primum
2418 787 2542 859 ipse
2582 785 2894 841 Choniatas
2947 782 3198 854 quodam
3251 778 3376 833 loco
3417 774 3768 832 versiculum

2123 879 2279 934 hunc
2312 876 2585 948 ascripsit
2617 893 2630 930 :

2391 987 2524 1038 Θεοῦ
2563 983 2622 1035 τὸ
2656 977 2848 1056 δῶρον,
2882 977 2971 1032 καὶ
3003 976 3165 1037 πόνος
3194 974 3496 1031 Χωνιάτου.

2125 1097 2246 1158 Quo
2277 1109 2446 1148 versu
2480 1089 2748 1157 indicari,
2774 1104 2895 1143 rem
2928 1084 3166 1156 quidem
3198 1081 3387 1152 ipsam
3421 1078 3522 1136 Dei
3553 1079 3776 1134 donum

2127 1200 2274 1249 esse,
2306 1198 2506 1236 verum
2551 1177 2888 1251 scriptionis
2936 1174 3196 1230 laborem
3223 1170 3516 1226 Choniatm
3557 1166 3777 1237 deberi,

2129 1273 2321 1345 quivis
2353 1270 2816 1326 animadvertere
2848 1269 3059 1336 potest.
3088 1261 3301 1317 Deinde
3339 1257 3592 1330 sparsim
3620 1272 3779 1311 more

2129 1380 2234 1419 suo
2266 1361 2532 1432 quaedam
2568 1357 3016 1429 epigrammata,
3043 1350 3290 1407 senariis
3313 1347 3583 1404 iambicis
3606 1346 3774 1410 facta,

2127 1449 2474 1507 Nazianzeni
2532 1444 2895 1503 orationibus
2955 1439 3234 1513 praefixit:
3270 1437 3424 1508 quod
3483 1437 3672 1506 ipsum
3719 1434 3777 1486 in

2131 1558 2238 1598 sua
2267 1555 2500 1611 quoque
2559 1535 2692 1592 fecit
2746 1532 3012 1597 historia,
3057 1531 3212 1585 sicut
3259 1525 3436 1582 editio
3493 1523 3783 1578 Wolﬁana

2132 1610 2513 1687 demonstrat.
2542 1627 2622 1681 Ea
2651 1641 2758 1680 nos
2793 1622 2991 1677 Latine
3021 1617 3281 1690 exposita
3312 1614 3434 1670 suis
3458 1613 3599 1668 locis
3620 1610 3784 1666 inse-

2132 1721 2383 1783 ruimus,
2414 1717 2472 1770 in
2500 1711 2977 1770 annotationibus
3018 1708 3214 1764 Graeca
3243 1703 3457 1768 daturi,
3480 1704 3549 1757 de
3572 1701 3787 1771 quibus

2133 1807 2371 1881 agnosci
2423 1805 2732 1860 Chionatas
2795 1801 2963 1871 plane
3022 1795 3254 1867 poterit.
3287 1795 3350 1847 In
3403 1792 3604 1847 eodem
3640 1790 3788 1844 libro

374 1883 490 1939 huc
524 1882 850 1937 carceribus
902 1882 1083 1937 clausi
1123 1883 1572 1938 continerentur.
1606 1883 1689 1937 Ad
1722 1881 1869 1936 hanc
1902 1896 2021 1934 rem
2057 1899 2098 1962 Β
2131 1879 2385 1954 εέιιιθωο
2413 1896 2806 1964 fragmentum
2832 1887 3200 1959 publicarum
3238 1883 3563 1937 litterarum
3599 1879 3790 1934 cerni-

379 1972 791 2045 perficiendam
833 1972 1107 2043 temporis
1139 1972 1374 2044 aliquod
1418 1972 1674 2043 spatium
1710 1969 1887 2025 fuisse
1922 1985 2019 2023 ne-

381 2061 732 2122 nessarium,
767 2061 1016 2132 perspici
1050 2061 1212 2117 facile
1235 2062 1338 2116 abs
1361 2061 1564 2132 quovis
1599 2063 1805 2131 potest.
1869 2058 2021 2112 Inte-

382 2152 494 2207 rim
547 2150 604 2205 in
650 2149 852 2206 Galliis
889 2151 976 2205 vir
1033 2151 1431 2218 doctissimus,
1481 2150 1737 2205 Jacobus
1796 2146 2022 2212 Billius,

386 2240 724 2296 archimand
738 2241 845 2293 rita
869 2239 1275 2306 Michaelinus,
1298 2240 1492 2293 itidem
1518 2239 1600 2293 uti
1620 2255 1747 2302 nos,
1768 2235 2028 2307 Gregorii

385 2335 599 2386 sortem
617 2330 882 2382 acerbam
898 2328 1234 2396 miseratus,
1257 2329 1528 2383 eumdem
1551 2326 1866 2383 exornandi
1899 2326 2027 2395 ejus

383 2419 599 2490 scripta
628 2417 908 2483 laborem,
941 2423 996 2473 et
1025 2417 1260 2488 quidem
1296 2418 1498 2474 eodem
1530 2420 2030 2485 mecumtempore

386 2506 653 2578 suscipit.
692 2511 769 2561 De
792 2508 900 2561 hoc
923 2523 1058 2562 cum
1086 2524 1153 2562 ex
1186 2507 1412 2561 Canteri
1447 2506 1631 2561 nostri
1672 2503 1878 2559 litteris
1910 2519 2030 2557 cer-

384 2597 500 2654 tior
556 2598 738 2651 factus
787 2612 998 2666 essem,
1049 2597 1156 2651 etsi
1197 2599 1322 2667 jam
1365 2595 1696 2666 complures
1743 2592 2034 2648 orationes

387 2687 592 2744 Latine
622 2685 1083 2756 descripsissem,
1104 2690 1300 2740 tamen
1328 2685 1397 2740 de
1429 2684 1629 2739 tabula
1649 2683 1826 2755 (quod
1848 2681 2034 2751 aiunt)

391 2791 630 2833 manum
665 2773 863 2829 tollere
894 2773 1241 2847 cogitabam,
1276 2774 1426 2845 quod
1451 2774 1760 2844 gauderem
1795 2771 2037 2826 alterius

389 2865 586 2921 labore
619 2863 960 2933 scriptorem
995 2863 1183 2932 illum,
1217 2863 1316 2935 qui
1346 2863 1520 2918 aliam
1546 2863 1604 2916 in
1637 2864 1894 2932 linguam
1921 2865 2035 2914 tra-

394 2955 530 3010 duci
572 2970 634 3008 se
679 2953 959 3023 perinvite
1007 2958 1315 3024 pateretur,
1367 2954 1426 3006 in
1470 2951 1775 3007 hominum
1828 2967 2039 3005 manus

393 3043 712 3117 pervenire.
763 3041 875 3096 Nec
923 3043 1163 3096 deerant
1216 3041 1329 3096 alia
1370 3042 1635 3112 quaedam
1684 3043 1920 3112 scripta,
1972 3041 2040 3094 de

393 3133 612 3205 quibus
670 3136 888 3186 certam
922 3131 1064 3186 mihi
1119 3129 1437 3186 laureolam
1480 3129 1738 3202 polliceri
1787 3146 2042 3200 possem,

395 3221 716 3296 praesertim
744 3221 989 3276 antehac
1010 3238 1250 3292 prorsus
1283 3220 1518 3292 ignotis,
1543 3225 1599 3275 et
1627 3226 1822 3274 tamen
1857 3218 2046 3290 appri-

397 3329 490 3368 me
520 3311 786 3365 utilibus.

471 3401 685 3456 Verum
740 3400 837 3454 ubi
893 3400 1166 3472 deinceps
1216 3399 1368 3454 edito
1433 3398 1630 3454 labore
1681 3397 1850 3465 Billii,
1904 3395 2048 3452 satis

401 3506 720 3555 cernerem,
753 3506 929 3560 quam
964 3487 1144 3543 multa
1176 3489 1338 3560 prius
1373 3505 1484 3544 non
1517 3488 1661 3554 visa,
1693 3486 2050 3559 quibusipse

402 3580 706 3645 caruisset,
740 3579 876 3634 hinc
909 3578 1043 3635 inde
1091 3579 1548 3650 congessissem;
1603 3577 1846 3632 minime
1889 3593 2050 3632 com-

406 3670 760 3728 mittendum
824 3669 1045 3740 putavi,
1104 3674 1168 3722 ut
1223 3669 1329 3722 viri
1385 3668 1519 3721 boni
1591 3684 1656 3722 ac
1709 3667 2051 3722 Nazianzeni

406 3764 673 3816 amantes
716 3759 947 3831 egregio
988 3759 1263 3812 thesauro
1307 3758 1734 3812 fraudarentur.
1770 3755 1894 3810 Feci
1946 3755 2052 3809 hoc

406 3866 474 3908 eo
529 3865 757 3920 quoque
798 3847 1116 3916 lubentius,
1155 3848 1307 3918 quod
1338 3846 1475 3902 Elia;
1516 3846 1806 3901 Cretensis
1829 3843 2054 3900 archie-

407 3939 630 4013 piscopi
681 3938 1235 3993 commentariorum
1279 3937 1336 3990 in
1396 3936 1823 3991 Nazianzenum
1875 3933 2054 3988 libros

407 4046 506 4085 xxx
537 4035 763 4095 nactus,
803 4026 1084 4098 illisipsis
1108 4026 1358 4081 ducibus
1397 4026 1467 4080 ad
1511 4025 1798 4079 eruendos
1829 4024 2056 4078 abstru-

410 4135 505 4174 sos
537 4117 594 4170 iu
648 4118 934 4188 plerisque
986 4116 1124 4170 locis
1169 4115 1513 4170 Nazianzeni
1570 4130 1781 4169 sensus
1830 4113 1912 4166 uti
1966 4129 2057 4167 me

409 4221 584 4279 posse
615 4222 826 4276 magna
861 4222 992 4260 cum
1026 4205 1277 4260 utilitate
1307 4205 1578 4260 viderem.
1623 4208 1737 4258 Nec
1783 4207 2058 4274 praeterea

410 4311 619 4368 parum
651 4299 793 4362 erat,
834 4294 1041 4348 habere
1072 4299 1156 4349 tot
1185 4294 1415 4366 egregia
1443 4292 1784 4349 Nazianzeni
1813 4293 2058 4362 scripto-

413 4399 546 4441 rum
578 4382 952 4454 exemplaria,
987 4383 1250 4453 pluribus
1283 4390 1414 4437 ante
1446 4382 1673 4438 szeculis
1719 4399 1892 4436 manu
1926 4398 2056 4436 exa-

413 4479 564 4531 rata.
598 4477 740 4526 Nam
796 4479 862 4526 ut
913 4474 1042 4528 dem
1091 4472 1322 4527 Billium
1370 4474 1541 4527 etiam
1588 4473 1656 4525 de
1703 4470 2061 4524 Bibliotheca

416 4564 625 4635 regina
659 4580 775 4618 suae
818 4561 997 4616 libros
1049 4561 1478 4616 vetustissimos
1520 4560 1834 4631 accepisse,
1859 4574 2058 4629 quem-

2131 1992 2245 2055 tur,
2279 1985 2493 2057 quibus
2527 1998 2705 2036 manu
2737 1995 2842 2034 sua
2862 1981 3114 2032 Joannes
3147 1973 3585 2028 Cantacuzenus
3616 1968 3794 2038 impe-

2133 2056 2570 2139 ratorirubrica,
2612 2086 2712 2139 pro
2765 2083 2946 2134 more,
2999 2061 3377 2133 subscripsit,
3411 2056 3795 2129 sequentibus

2132 2163 2305 2218 etiam
2340 2162 2514 2231 longa
2534 2157 2681 2214 serie
2699 2152 3232 2225 subscriptionibus
3255 2148 3584 2204 antistitum
3612 2162 3623 2199 :
3660 2143 3791 2199 Cal-

2135 2252 2277 2323 listi,
2304 2247 2642 2322 patriarchae
2666 2243 2963 2314 Byzantini
2992 2259 3005 2309 ;
3042 2238 3328 2296 Pbilothei
3373 2233 3787 2303 Heracliensis,

2137 2341 2235 2415 qui
2265 2357 2325 2396 se
2373 2333 2633 2413 πρόεδρον
2681 2337 2785 2388 raw
2844 2328 3154 2405 ὑπερτίμων
3189 2325 3464 2399 appellat,
3513 2329 3569 2380 et
3615 2322 3790 2391 πάσης

2139 2411 2351 2505 ὁρᾴκης
2399 2411 2488 2480 καὶ
2533 2419 2857 2482 Μακεδονίας
2907 2419 3154 2493 ἔξαρχον·
3189 2415 3447 2489 Gregorii
3477 2411 3787 2470 Thessalo-

2140 2500 2417 2585 nicensis,
2462 2513 2691 2587 ἐξάρχου
2735 2511 2912 2578 πάσης
2956 2504 3267 2566 Θετταλίας·
3313 2502 3547 2559 Macarii
3599 2500 3792 2556 Phila-

2141 2606 2499 2678 delphensis,
2548 2601 2777 2676 ἐξάρχου
2832 2597 3008 2666 πάσης
3067 2592 3280 2664 Λυδίας,
3341 2593 3436 2663 qui
3497 2609 3558 2647 se
3618 2590 3792 2645 etiam

2142 2694 2432 2753 καθολικὸν
2466 2693 2653 2768 κριτὴν
2705 2693 2811 2743 τῶν
2863 2682 3148 2759 Ῥωμαίων
3199 2686 3545 2754 nuncupat:
3580 2678 3795 2734 multo-

2143 2803 2277 2844 rum
2305 2785 2556 2855 denique
2603 2782 2872 2845 aliorum,
2908 2791 3160 2849 quorum
3198 2772 3437 2829 nomina
3481 2770 3798 2839 titulosque

2147 2878 2361 2933 referre
2392 2873 2680 2945 prolixum
2707 2869 2901 2924 fuerit.

2219 2965 2476 3020 Alterum
2509 2966 2703 3016 autem
2720 2957 3016 3029 exemplar
3045 2955 3213 3026 longe
3237 2952 3342 3007 hoc
3373 2950 3548 3006 etiam
3567 2948 3801 3002 videtur

2152 3055 2473 3126 antiquius.
2508 3052 2855 3106 Litterarum
2887 3046 3121 3117 quidem
3151 3040 3440 3114 elegantia
3457 3037 3660 3094 multis
3677 3053 3802 3092 mo-

2153 3147 2244 3202 dis
2292 3147 2545 3217 praestat,
2598 3139 2690 3196 cui
2722 3138 2891 3210 plane
2923 3136 3234 3206 respondet
3284 3129 3622 3202 scriptionis
3653 3129 3802 3182 inte-

2160 3215 2341 3308 gritas
2379 3251 2390 3288 :
2424 3231 2639 3288 etenim
2687 3233 2850 3284 tanta
2881 3231 3181 3281 exaratum
3215 3226 3306 3277 est
3337 3218 3656 3292 diligentia,
3679 3215 3807 3271 nul-

2161 3307 2284 3380 lum
2317 3327 2382 3378 ut
2419 3322 2660 3377 verbum
2692 3319 2752 3373 in
2785 3333 2850 3372 eo
2895 3329 3197 3388 perperam
3232 3311 3517 3382 scriptum
3548 3307 3806 3380 reperia-

2157 3419 2273 3470 tur.
2309 3414 2446 3482 Ejus
2495 3408 2696 3465 utendi
2755 3411 3010 3479 potestas
3042 3419 3075 3458 a
3106 3399 3442 3457 Basiliensis
3497 3396 3806 3453 academiaa

2159 3502 2517 3568 doctoribus,
2548 3498 2687 3554 viris
2719 3502 2776 3552 et
2803 3493 3128 3552 eruditione
3159 3506 3410 3556 summa,
3444 3492 3501 3544 et
3530 3485 3807 3542 humani-

2159 3597 2277 3650 tate
2306 3589 2518 3647 eximia
2549 3585 2988 3660 praestantibus,
3017 3596 3268 3654 quorum
3291 3581 3477 3635 exstat
3507 3576 3564 3630 in
3597 3574 3808 3630 biblio-

2163 3683 2328 3738 theca
2360 3678 2614 3751 publica,
2641 3675 2891 3746 benigne
2917 3671 3058 3727 mibi
3093 3672 3243 3725 facta
3272 3673 3379 3724 est.
3408 3669 3649 3722 Constat
3678 3668 3810 3718 ante

2163 3789 2345 3828 annos
2375 3786 2460 3836 CL,
2491 3773 2752 3838 tempore
2783 3761 3012 3819 concilli
3046 3757 3381 3815 Basiliensis
3413 3756 3525 3811 huc
3565 3753 3808 3809 allatum

2163 3878 2308 3928 esse,
2341 3876 2406 3914 ac
2436 3859 2710 3926 deinceps
2754 3869 2967 3924 magna
3011 3848 3380 3905 veneratione
3427 3848 3810 3901 asservatum.

2163 3955 2538 4020 Interspersa:
2587 3949 2726 4000 sunt
2758 3942 2978 4014 passim
3013 3939 3251 4011 picturae
3275 3935 3561 4008 quaedam,
3597 3933 3816 4004 quibus

2166 4041 2494 4096 Graecorum
2545 4034 2793 4090 vestitus
2827 4035 2883 4086 et
2914 4029 3152 4084 habitus
3202 4026 3497 4097 eleganter
3539 4021 3814 4093 exprimi.

2163 4135 2278 4186 tur.
2314 4127 2526 4182 Eodem
2559 4125 2749 4195 imago
2782 4117 3037 4191 Gregorii
3070 4116 3424 4182 continetur,
3466 4113 3545 4167 ita
3577 4127 3817 4182 prorsus

2166 4221 2377 4286 efﬁcta,
2415 4212 2916 4287 quemadmodum
2939 4210 3066 4279 ejus
3098 4212 3222 4261 tum
3246 4204 3408 4259 faciei
3441 4202 3818 4263 lineamenta,

2166 4312 2294 4363 tum
2322 4306 2569 4360 aliorum
2591 4300 2990 4356 membrorum
3016 4297 3260 4350 formam
3288 4292 3513 4346 Simeon
3533 4289 3631 4344 ille
3650 4289 3822 4343 Meta-

2169 4399 2438 4470 phrastes
2481 4389 2811 4462 descripsit,
2859 4387 3030 4456 cujus
3074 4383 3248 4438 verba
3290 4381 3432 4434 Vitas
3473 4377 3820 4434 Nazianzeni

2170 4467 2436 4555 subjecta
2468 4485 2807 4552 sequentur.
2871 4476 2973 4530 His
3031 4489 3167 4545 ergo
3228 4487 3333 4526 nos
3393 4467 3821 4540 exemplaribus

2171 4554 2322 4640 freti,
2361 4578 2417 4628 et
2443 4572 2755 4642 depravata
2803 4565 3054 4637 plurima
3094 4560 3475 4623 correximus,
3508 4563 3566 4612 et
3615 4554 3824 4611 mutila

415 4653 799 4709 madmodum
835 4669 924 4706 res
956 4651 1083 4721 ipsa
1112 4651 1278 4704 docet
1306 4668 1318 4704 :
1355 4654 1548 4704 tamen
1582 4648 1752 4719 longe
1786 4664 1891 4702 nos
1912 4647 2059 4701 inte-
2095 4649 2138 4712 Ι)
2176 4661 2493 4734 integritati
2527 4676 2644 4714 sua
2677 4655 3061 4712 νεειίίυὶωυε,

415 4742 708 4816 grioribus
740 4758 876 4796 usos
908 4757 1057 4807 esse,
1080 4739 1167 4793 vel
1200 4740 1334 4793 inde
1375 4738 1693 4810 perspicias
1728 4737 1883 4802 licet,
1908 4736 2061 4806 quod

418 4848 533 4889 non
568 4831 757 4886 solum
791 4848 878 4894 ea,
927 4847 1052 4900 qum
1108 4828 1310 4883 Billius
1346 4832 1526 4894 notat,
1560 4829 1617 4880 in
1651 4826 1868 4880 nostris
1904 4840 2063 4895 repe-

418 4922 675 4988 riantur;
709 4937 907 4975 verum
941 4919 1115 4974 etiam
1149 4918 1294 4972 bene
1316 4918 1500 4988 longae
1521 4915 1739 4987 periodi
1773 4913 2066 4987 passimin

418 5011 683 5068 versione
732 5010 980 5065 Billiana
1052 5008 1476 5074 desiderentur,
1521 5022 1666 5077 quas
1715 5003 2069 5076 exemplaria

420 5106 622 5157 nostra
652 5099 1049 5172 suppeditant.
1087 5097 1308 5152 Patebit
1339 5096 1447 5151 hoc
1478 5096 1548 5150 de
1577 5094 2066 5150 Annotationibus

421 5190 640 5246 nostris
670 5189 728 5243 in
763 5189 1382 5258 Nazianzenum,quas
1414 5186 1523 5240 sub
1557 5183 1868 5240 tertiitomi
1893 5184 2066 5239 tinem

423 5279 622 5335 lectori
654 5278 847 5333 daturi
879 5294 1107 5332 sumus.

498 5387 653 5442 Inter
694 5385 807 5440 alia
833 5403 965 5440 vero
1017 5383 1389 5455 exemplaria,
1432 5383 1650 5454 quibus
1699 5398 1906 5436 sumus
1957 5378 2068 5446 usi,

424 5476 539 5531 duo
573 5477 860 5547 praecipue
904 5474 1179 5528 celebrari
1215 5476 1530 5527 merentur.
1577 5473 1786 5526 Eorum
1821 5471 2069 5525 alterum

421 5566 707 5636 scriptum
743 5569 830 5618 est
845 5581 1017 5619 manu
1043 5563 1333 5618 Choniatas
1354 5561 1677 5616 Acominati
1698 5566 1830 5614 ante
1855 5558 2073 5630 aliquot

424 5656 659 5722 saecula,
703 5654 831 5723 ejus
854 5652 955 5724 qui
999 5655 1416 5723 imperatorum
1470 5651 1919 5722 Byzantinorum
1983 5664 2073 5703 res

421 5750 618 5820 gestas
676 5742 1077 5815 compluribus
1135 5739 1303 5795 libris
1361 5745 1449 5796 est
1501 5738 1860 5812 complexus,
1921 5752 2069 5808 quos

2248 4755 2322 4808 De
2353 4750 2486 4806 Elia:
2545 4743 2981 4802 commentariis
3042 4740 3194 4796 aliud
3257 4737 3404 4793 nihil
3461 4736 3674 4802 dicam,
3712 4734 3821 4790 nisi

2174 4859 2320 4914 opus
2351 4841 2545 4912 ipsum
2580 4837 2898 4892 bonitatem
2931 4849 3100 4888 suam
3133 4829 3365 4886 abunde
3396 4831 3825 4882 commonstra-

2175 4937 2396 4987 turum.
2449 4928 2580 4983 Fuit
2618 4931 2775 4981 certe
2806 4924 2891 4978 vir
2922 4921 3040 4986 ille,
3083 4919 3554 4992 quandocunque
3585 4916 3826 4970 tandem

2175 5021 2315 5076 vixit
2341 5016 2509 5091 (nihil
2541 5015 2698 5072 enim
2750 5014 2819 5068 de
2852 5013 2959 5067 hoc
3004 5011 3172 5065 nobis
3219 5009 3488 5076 constat),
3536 5004 3828 5059 maximus

2176 5116 2232 5167 et
2262 5106 2644 5179 philosophus
2683 5108 2739 5158 et
2772 5101 3059 5173 thelogus,
3109 5098 3208 5170 qui
3261 5095 3526 5152 omnium
3576 5092 3830 5165 philoso-

2178 5200 2450 5272 phorum,
2476 5203 2800 5266 poetarum,
2851 5195 3173 5254 oratorum,
3219 5183 3650 5249 historicorum,
3686 5180 3827 5236 alio-

2179 5303 2429 5359 rumque
2450 5284 2634 5340 libros
2656 5279 3109 5354 diligentissime
3131 5276 3438 5343 lectitaret,
3462 5277 3583 5327 tam
3606 5275 3830 5326 veteres

2183 5394 2360 5450 quam
2404 5391 2604 5442 novos,
2658 5369 2981 5444 praesertim
3027 5366 3377 5430 Platonicos,
3418 5360 3827 5434 Porphyrium,

2181 5448 2590 5532 Iamblicbum,
2623 5461 2912 5528 Proclum,
2945 5462 3182 5513 caeteros
3214 5471 3225 5509 :
3253 5453 3308 5507 id
3352 5452 3506 5524 quod
3555 5448 3721 5504 facile
3761 5448 3829 5502 de

2179 5556 2434 5612 thesium
2471 5550 2900 5614 communium,
2923 5563 3100 5620 quam
3119 5543 3323 5601 multis
3355 5541 3498 5597 locis
3515 5535 3828 5614 pulcherri-

2185 5661 2312 5700 mas
2341 5649 2396 5700 et
2421 5640 2696 5714 praeclara
2753 5637 3020 5694 doctrina
3049 5634 3290 5691 refertas
3323 5629 3587 5700 inseruit,
3613 5631 3828 5683 tracta-

2182 5733 2341 5791 tione
2379 5728 2734 5803 deprehendi
2773 5730 2984 5799 potest.
3019 5723 3174 5780 Nihil
3193 5719 3612 5779 commentario
3627 5717 3826 5772 inora-
