4184 6202
315 376 438 436 349

1332 372 1663 438 JOANNIS
1708 374 2243 438 LEUVENKLAII
2286 374 2733 436 PREFATIO.

3616 366 3736 427 350

320 510 535 567 tionem
568 510 645 567 De
692 514 845 567 recta
894 509 1203 566 disserendi
1250 509 1313 565 de
1363 511 1465 566 Deo
1512 511 1747 581 ratione,
1798 526 1972 581 quam
2002 512 2055 578 Α
2084 512 2300 564 temere
2329 525 2589 580 vaneque
2620 509 2755 576 dici,
2786 525 2947 565 more
3005 525 3161 565 nunc
3210 506 3571 580 pervulgato,
3620 525 3735 581 quo

318 617 424 656 nos
455 601 514 655 in
550 601 756 657 ordine
806 601 1123 656 secundam
1178 600 1446 668 fecimus,
1498 599 1607 672 legi
1657 600 1970 671 perfectius

318 691 684 746 eruditiusve
718 695 930 763 potest.
964 691 1032 745 Et
1063 690 1297 761 scripsit
1331 690 1529 744 omnia
1578 690 1776 761 phrasi
1831 704 1971 744 sane

320 778 700 852 pereleganti,
736 780 977 847 munda,
1032 779 1272 833 minime
1327 780 1592 845 barbara,
1637 777 1967 849 cujusmodi

317 873 405 924 est
436 868 797 933 Grecorum,
831 868 929 940 qui
964 866 1247 940 proximis
1280 866 1507 922 saeculis
1530 868 1816 934 vixerunt,
1837 884 1970 922 ora-

315 957 435 1013 tio:
469 958 541 1013 de
570 974 691 1031 quo
726 956 862 1013 licet
894 957 1207 1023 aestimare,
1243 972 1358 1011 non
1393 973 1579 1027 usque
1610 956 1753 1012 adeo
1778 972 1972 1011 recen-

316 1050 433 1101 tem
466 1046 650 1102 Etiam
683 1046 842 1102 hunc
869 1052 1137 1103 nostrum
1170 1062 1321 1113 esse,
1371 1046 1473 1103 sed
1520 1050 1654 1101 ante
1702 1044 1971 1118 pluscula

316 1152 457 1192 sane
488 1136 708 1193 sacula
738 1135 971 1192 vixisse.

386 1242 585 1298 Faciet
642 1242 829 1314 ipsius
900 1242 1454 1299 commentariorum
1531 1241 1835 1299 lectionem
1909 1242 1965 1298 id

316 1347 551 1403 quoque
573 1331 1011 1402 jucundiorem,
1046 1332 1199 1404 quod
1233 1331 1316 1388 eis
1348 1331 1674 1404 fragmenta
1702 1333 1969 1404 quadam

315 1420 671 1490 scriptorum
730 1426 991 1477 veterum
1061 1421 1491 1484 contineantur,
1551 1438 1803 1494 quorum
1864 1440 1969 1479 nos

313 1509 490 1565 hodie
520 1509 703 1564 libros
736 1511 993 1581 integros
1027 1527 1140 1566 non
1170 1510 1476 1565 habemus.
1513 1512 1669 1566 Inter
1696 1512 1843 1568 alios
1878 1518 1968 1569 est

317 1615 595 1655 summus
625 1598 723 1653 ille
755 1599 1064 1667 Maximus,
1117 1599 1289 1670 cujus
1342 1600 1582 1655 Lutetiae
1634 1601 1966 1674 publicatus

323 1692 412 1744 est
473 1688 531 1743 in
591 1688 852 1761 Dionysii
910 1688 1128 1761 scripta
1203 1691 1683 1745 commentarius.
1767 1692 1968 1747 Exstat

319 1778 587 1848 ejusdem
616 1778 770 1849 apud
804 1779 1027 1832 Graecos
1059 1777 1249 1832 adhuc
1280 1782 1381 1845 τῆς
1431 1776 1574 1840 θείας
1621 1775 1964 1855 λειτουργίας

316 1864 599 1941 ὶρμηνεία.
634 1867 805 1922 Liber
834 1866 904 1922 ad
937 1865 1333 1935 Thalassium,
1358 1868 1429 1923 ab
1452 1869 1652 1924 eodem
1684 1870 1961 1942 scriptus,
1995 1890 2044 1955 Β

314 1955 619 2013 aMicaelo
652 1955 828 2029 Glyca
874 1956 1111 2023 citetur,
1172 1957 1342 2028 cujus
1401 1957 1653 2013 Annales
1712 1960 1961 2014 necdum

309 2046 498 2101 editos
526 2046 637 2101 hoc
668 2051 930 2117 tempore
987 2047 1473 2116 interpretamur:
1534 2048 1792 2119 itemque
1838 2068 1963 2101 κατ-

311 2136 544 2209 ήχησις,
592 2140 651 2190 et
695 2133 851 2187 θείων
906 2130 1195 2207 δογμάτων
1244 2132 1532 2210 κεφάλαια,
1587 2139 1756 2207 cujus
1827 2136 1960 2193 libri

309 2230 509 2281 noster
532 2225 685 2280 Elias
706 2241 937 2296 quoque
970 2222 1257 2278 meminit.
1284 2223 1481 2279 Multis
1512 2224 1686 2279 etiam
1719 2226 1777 2280 in
1820 2225 1963 2284 locis

312 2314 468 2370 Elias
493 2314 737 2372 indicat.
770 2330 831 2369 se
862 2312 1006 2368 alias
1037 2330 1273 2384 quoque
1303 2312 1645 2369 Nazianzeni
1670 2315 1962 2372 orationes

310 2404 618 2476 perpetuis
658 2401 1096 2457 commentariis
1128 2417 1455 2458 enarrasse.
1505 2404 1866 2476 Quapropter
1907 2410 1965 2461 et

311 2492 547 2548 Nicetes
576 2491 905 2560 Serronius,
963 2496 1021 2547 et
1066 2492 1378 2564 Gregorius
1429 2491 1714 2561 Palamas,
1766 2498 1822 2549 et
1864 2493 1961 2549 alii

308 2581 520 2637 bacula
554 2581 731 2652 huius
763 2598 961 2638 arasse
992 2581 1169 2636 videri
1202 2585 1488 2653 possunt;
1524 2582 1679 2637 furta
1709 2583 1961 2654 quadem

310 2688 440 2728 esse
471 2670 647 2737 facta,
698 2670 900 2727 multis
958 2670 1104 2727 locis
1150 2670 1507 2742 deprehendi
1555 2676 1765 2744 potest.
1815 2673 1965 2729 Citat

308 2761 536 2833 passim
570 2761 641 2817 de
668 2759 1013 2817 Nazianzeni
1057 2760 1346 2832 poematis
1395 2776 1601 2816 versus
1649 2762 1961 2832 quosdam,

306 2850 404 2921 qui
439 2866 581 2905 cum
612 2849 668 2903 in
703 2848 875 2905 editis
906 2864 1179 2921 prorsum
1214 2865 1329 2904 non
1370 2854 1685 2915 exstarent,
1735 2867 1842 2906 nos
1887 2851 1959 2906 ad

306 2939 751 3010 manuscriptos
771 2941 1107 3009 poematum
1129 2936 1311 2992 libros
1326 2944 1557 2993 nostros
1572 2946 1957 3007 recurrentes,

308 3028 624 3085 universos
682 3028 1042 3099 reperimus;
1104 3027 1161 3081 id
1213 3028 1369 3098 quod
1427 3026 1621 3083 divino
1679 3028 1959 3084 beneflcio

306 3117 530 3173 factum
592 3116 958 3178 crediderim,
1011 3120 1077 3170 ut
1134 3132 1248 3188 quo
1303 3121 1563 3188 tempore
1614 3116 1960 3173 Nazianzeni

303 3223 479 3280 opera
506 3205 611 3261 illa
634 3210 843 3261 nactus
866 3221 1077 3273 essem,
1102 3222 1174 3261 ne
1195 3204 1329 3278 quis
1346 3221 1413 3261 ea
1436 3204 1623 3278 ipsius
1656 3221 1782 3263 esse
1821 3206 1955 3262 inti-

300 3296 582 3358 ciaretur.
626 3294 883 3352 hominis
939 3296 1079 3351 certi
1124 3294 1459 3351 testimonio
1508 3297 1813 3352 commode
1870 3296 1955 3352 uti
1988 3261 2031 3329 Ο

300 3401 570 3458 possem.
594 3383 908 3440 Consimile
930 3383 1214 3454 quiddam
1235 3384 1293 3439 in
1322 3384 1593 3451 Caesario,
1614 3384 1961 3442 Nazianzeni

301 3490 589 3548 germano
613 3474 808 3543 fratre,
836 3472 974 3528 mihi
1006 3473 1298 3529 usuvenit.
1333 3474 1477 3529 Eum
1519 3478 1655 3529 ante
1712 3480 1963 3546 quatuor

308 3579 498 3621 annos
531 3562 732 3618 divina
773 3562 917 3617 mihi
976 3560 1217 3633 largitas
1276 3562 1531 3631 obtulit;
1592 3580 1844 3635 cumque
1890 3565 1963 3620 de

312 3653 535 3725 scripto
567 3651 830 3706 nonnihil
860 3650 1211 3719 dubitarem,
1243 3655 1547 3723 propterea
1576 3653 1729 3724 quod
1783 3655 1964 3711 Cresa-

311 3742 469 3797 rium
501 3740 710 3796 aulicis
742 3740 992 3813 negotiis
1023 3745 1079 3796 et
1109 3741 1421 3813 quaestorio
1452 3758 1693 3798 munere
1718 3758 1963 3814 occupa-

310 3835 459 3895 tum,
494 3834 833 3901 matureque
865 3830 1037 3885 rebus
1068 3829 1345 3885 humanis
1376 3836 1708 3902 exemptum
1760 3831 1960 3900 fuisse,

310 3920 380 3975 de
411 3919 675 3991 Gregorii
716 3919 913 3974 fratris
966 3918 1225 3974 oratione
1273 3919 1501 3975 funebri
1565 3920 1959 3992 accepissem:

311 4026 439 4065 ecce
458 4007 748 4079 superiori
772 4023 925 4063 anno
946 4012 1155 4064 testem
1178 4007 1413 4080 Glycam
1455 4007 1704 4079 invenio,
1760 4010 1859 4080 qui
1892 4010 1962 4065 de

312 4099 427 4154 illis
457 4098 609 4170 ipsis
628 4096 857 4152 Caesarii
883 4096 1151 4168 dialogis,
1178 4114 1326 4169 quos
1350 4114 1503 4153 nunc
1532 4098 1789 4169 primum
1822 4099 1961 4156 Gre-

311 4189 457 4260 gorii
490 4186 675 4242 nostri
704 4186 1103 4242 monumentis
1124 4192 1282 4242 tomo
1306 4188 1479 4243 tertio
1508 4188 1858 4259 subjicimus
1889 4189 1961 4245 ad

311 4278 558 4333 verbum
591 4274 875 4330 nonnulla
905 4275 1064 4330 citat.

382 4384 550 4450 Quod
582 4382 633 4438 si
667 4381 773 4438 hoc
807 4397 1041 4454 quoque
1071 4381 1408 4438 addendum
1439 4387 1529 4438 est
1544 4382 1770 4454 deElia,
1793 4382 1962 4455 equi-

312 4473 441 4527 dem
478 4470 752 4527 existimo
783 4470 997 4526 vixisse
1030 4471 1085 4525 id
1118 4471 1398 4542 temporis
1457 4471 1776 4539 hominem,
1827 4491 1960 4529 cum

313 4560 477 4617 Creta
499 4576 605 4633 per
625 4561 976 4615 Sarracenos
998 4564 1297 4632 occupata,
1323 4568 1377 4616 et
1413 4560 1746 4633 Bysantinis
1775 4561 1961 4635 impe-

2084 599 2448 671 emptoribus
2482 598 2841 671 imponatur,
2877 599 3201 655 existimet:
3263 597 3404 653 libet
3451 598 3558 653 hoc
3611 599 3734 657 loco

2082 706 2267 762 pauca
2298 689 2566 760 quazdam
2598 690 2915 759 subjicere,
2951 689 3020 743 de
3054 689 3267 759 quibus
3298 693 3355 742 et
3384 703 3514 742 vere
3542 706 3647 744 nos
3677 690 3732 745 id

2080 779 2393 849 prmdicare
2453 777 2633 834 lector
2686 778 2995 851 intelligat,
3056 783 3112 833 et
3168 778 3442 833 editionis
3525 784 3733 835 nostris

2081 868 2368 923 rationem
2406 868 2739 939 perspiciat.

2151 957 2358 1013 Statim
2391 958 2462 1012 ab
2494 957 2659 1012 initio
2710 956 2975 1029 procemii
3030 957 3121 1012 sui
3176 956 3357 1013 tradit
3416 956 3595 1025 Elias,
3652 958 3724 1015 ab

2080 1045 2439 1103 Nazianzeno
2465 1050 2694 1101 tantum
2727 1046 3022 1101 orationes
3044 1046 3164 1101 sive
3201 1047 3723 1103 commentationes

2079 1135 2241 1206 (nam
2269 1154 2379 1191 vox
2407 1134 2576 1209 λόγος
2626 1135 2948 1207 generatim
2985 1153 3019 1191 a
3054 1135 3348 1190 veteribus
3380 1141 3728 1207 usurpatur,

2080 1225 2151 1281 de
2180 1226 2385 1298 quovis
2416 1226 2631 1298 scripto
2665 1229 2835 1296 atque
2866 1224 3145 1295 tractatu)
3176 1240 3421 1279 numero
3483 1240 3553 1278 ιιι
3598 1241 3724 1280 esse

2079 1314 2427 1387 publicatae,
2461 1331 2607 1387 quas
2638 1314 2791 1370 inter
2821 1319 2877 1369 et
2908 1312 3165 1384 epistolae
3197 1316 3364 1367 certe
3395 1312 3597 1367 referri
3628 1313 3725 1369 de-

2078 1404 2271 1471 beant,
2305 1405 2473 1475 cujus
2496 1404 2725 1477 generis
2752 1402 2861 1459 illze
2886 1407 3046 1472 sunt,
3072 1419 3218 1475 quas
3258 1401 3327 1457 ad
3364 1400 3721 1471 Nectarium,

2075 1493 2409 1565 Evagrium,
2438 1493 2778 1549 Cledonium
2808 1492 3167 1565 perscripsit.
3194 1492 3311 1547 Hoc
3332 1490 3467 1546 Elite
3502 1489 3722 1545 dictum

2077 1599 2209 1638 cum
2238 1582 2433 1638 animo
2468 1599 2593 1637 meo
2627 1582 2939 1638 insedisset
2970 1580 3169 1647 altius,
3203 1579 3458 1652 primum
3517 1597 3584 1635 ea
3632 1596 3723 1635 me

2078 1672 2309 1728 liberari
2343 1672 2613 1745 opinione
2644 1671 3052 1738 animadverti,
3085 1687 3261 1744 quam
3295 1669 3504 1725 Bilium
3554 1686 3721 1724 secu-

2075 1764 2202 1817 tum
2226 1761 2407 1817 fuisse
2430 1761 2614 1816 video.
2642 1762 2811 1816 Putat
2828 1760 2982 1817 enim
3001 1760 3346 1833 Gregorium
3370 1757 3525 1814 haud
3546 1758 3721 1814 dubie

2079 1848 2273 1922 plures
2295 1850 2364 1904 ad
2401 1849 2683 1922 populum
2716 1850 2843 1920 ejus
2882 1850 3113 1923 generis
3145 1848 3437 1904 orationes
3487 1847 3719 1903 habitas

2073 1939 2350 2006 edidisse,
2375 1941 2544 2010 cujus
2566 1944 2654 1995 est
2677 1939 2797 2010 illa,
2823 1957 2939 2012 qua
2960 1940 3185 1995 dictum
3212 1938 3422 1993 Christi
3448 1954 3515 1993 ex
3534 1938 3720 1992 Evan-

2073 2027 2222 2101 gelio
2253 2030 2504 2084 Matthzei
2540 2028 2830 2101 explanat.
2867 2028 3030 2093 Quod
3062 2029 3109 2084 si
3140 2045 3343 2084 verum
3372 2033 3544 2095 esset,
3597 2044 3721 2098 per-

2073 2118 2369 2189 quirendaa
2389 2118 2557 2173 nobis
2580 2123 2775 2173 essent
2800 2117 3182 2185 bibliothecae,
3199 2123 3264 2173 ut
3284 2134 3384 2172 eas
3405 2116 3715 2183 orationes,

2072 2206 2121 2262 si
2153 2223 2266 2261 non
2300 2223 2526 2277 omnes,
2560 2207 2767 2262 saltem
2800 2207 3109 2279 plerasque
3132 2206 3347 2279 publici
3374 2223 3517 2261 usus
3540 2222 3718 2260 causa

2072 2295 2487 2367 pro'erremus.
2520 2297 2589 2351 At
2622 2294 2730 2351 hoc
2788 2301 2906 2351 toto
2953 2296 3150 2351 labore
3200 2295 3586 2367 molestiaque
3626 2311 3717 2351 me

2069 2385 2311 2441 verbum
2346 2385 2453 2441 hoc
2486 2386 2724 2441 unicum
2757 2385 2891 2441 Elite
2921 2385 3091 2454 levat,
3126 2386 3219 2441 cui
3251 2386 3350 2457 qui
3385 2386 3558 2441 fidem
3618 2386 3716 2441 de-

2070 2476 2292 2543 trahat,
2324 2477 2575 2532 arbitror
2606 2478 2724 2533 fore
2757 2478 3073 2533 neminem.

2145 2583 2261 2639 Hoc
2293 2583 2550 2655 primum
2584 2585 2971 2651 considerato,
3012 2584 3157 2656 cmpi
3210 2584 3485 2656 deinceps
3534 2583 3715 2639 aciem

2074 2672 2255 2730 animi
2289 2672 2400 2728 mei
2434 2673 2685 2746 dirigere
2716 2675 2785 2729 ad
2839 2674 3178 2730 faciundum
3229 2675 3300 2729 de
3353 2674 3717 2729 orationibus

2072 2762 2168 2828 iis,
2201 2768 2487 2833 quotquot
2516 2768 2832 2835 exstarent,
2878 2763 3208 2835 judicium:
3271 2780 3385 2835 quo
3440 2763 3714 2827 viderem,

2070 2856 2344 2907 essentne
2374 2853 2635 2923 germani
2667 2854 2817 2908 fetus
2848 2853 3027 2923 hujus
3060 2852 3313 2908 auctoris
3362 2868 3585 2917 omnes,
3643 2868 3715 2906 an

2070 2941 2184 2996 sub
2214 2941 2342 3011 ejus
2377 2942 2612 2996 nomine
2645 2941 3003 3013 suppositilii
3028 2943 3329 3014 quidpiam
3362 2940 3715 2996 latitaret.1n

2069 3028 2181 3085 hac
2210 3045 2459 3085 censura
2490 3030 2881 3101 deprehendo,
2915 3031 3147 3086 duobus
3196 3031 3253 3085 in
3303 3031 3538 3102 scriptis
3582 3034 3716 3087 ante

2072 3134 2166 3175 me
2202 3118 2437 3174 Billium
2470 3119 2526 3173 id
2561 3120 3070 3190 animadvertisse,
3100 3121 3255 3192 quod
3288 3137 3380 3176 res
3407 3125 3514 3182 est,
3541 3120 3711 3175 nimi-

2070 3224 2202 3263 rum
2232 3224 2301 3263 ea
2329 3207 2686 3263 Nazianzeno
2716 3208 2895 3263 tribui
2928 3226 3301 3280 nequaquam
3353 3210 3601 3275 debere;
3655 3208 3713 3263 in

2069 3296 2238 3352 tertio
2268 3297 2628 3369 tamipsum,
2661 3314 2838 3369 quam
2891 3303 3130 3354 caeteros
3179 3314 3382 3353 omnes
3432 3298 3717 3354 hactenus

2070 3384 2417 3442 allucinatos
2450 3386 2648 3441 fuisse.
2693 3386 2891 3441 Priora
2946 3388 3062 3442 duo
3115 3392 3274 3454 sunt,
3326 3387 3717 3459 metaphrasis

2070 3475 2133 3530 in
2159 3474 2567 3540 Ecclesiastem,
2598 3492 2721 3546 quae
2754 3476 3085 3548 Hieronymi
3118 3476 3456 3531 testimonio
3513 3483 3719 3547 Grego-

2072 3563 2143 3619 rii
2165 3563 2645 3619 Neocaesariensis
2670 3571 2795 3627 est;
2817 3570 2873 3619 et
2916 3566 3215 3621 annotatio
3263 3568 3323 3621 z'n
3376 3565 3718 3620 Ezechielem

2071 3658 2260 3709 vatem
2291 3670 2417 3725 qum
2452 3658 2675 3709 tantum
2711 3654 2895 3725 abest,
2929 3658 2992 3709 ut
3038 3655 3406 3722 Nazianzeni,
3468 3654 3565 3721 sit,
3627 3655 3720 3709 vix

2072 3747 2137 3798 ut
2162 3741 2386 3798 homini
2419 3742 2789 3799 mediocriter
2819 3744 2988 3799 docto
3022 3743 3203 3799 tribui
3262 3745 3486 3799 debeat.
3537 3743 3718 3798 Meta-

2074 3832 2313 3905 phrasin
2364 3832 2727 3888 retinendam
2784 3839 3089 3905 prOpterea
3140 3833 3518 3903 putabamus,
3564 3831 3718 3901 quod

2073 3920 2257 3976 Eliam
2274 3922 2643 3977 crederemus
2667 3922 2963 3977 communi
2982 3920 3252 3976 fortassis
3269 3936 3461 3975 errore
3476 3921 3716 3974 ductum

2070 4008 2691 4081 interGregoriilibros
2715 4027 2843 4065 eam
2867 4025 3244 4065 numerasse:
3271 4009 3425 4080 quod
3452 4009 3500 4063 si
3533 4008 3717 4063 maxi-

2072 4114 2166 4153 me
2195 4115 2396 4153 verum
2428 4097 2523 4164 sit,
2559 4099 2775 4155 mirum
2805 4099 3024 4155 nemini
3056 4098 3237 4155 videri
3266 4098 3457 4164 debet,
3483 4097 3718 4169 quando

2069 4187 2165 4242 vix
2196 4192 2425 4242 mortuo
2456 4187 2729 4258 Gregorio
2762 4187 2973 4242 titulus
3003 4186 3286 4243 orationis
3330 4188 3392 4241 in
3442 4191 3718 4243 Heronem

2072 4280 2335 4332 mutatus
2357 4276 2487 4343 fuit,
2508 4281 2573 4332 ut
2597 4276 3008 4349 Hieronymus,
3058 4275 3317 4349 Gregorii
3368 4282 3717 4344 coaetaneus,

2073 4368 2289 4420 monet.
2321 4364 2483 4429 Quod
2516 4364 2563 4421 si
2594 4365 2704 4420 hac
2736 4366 2964 4421 ratione
2994 4366 3195 4421 lectori
3229 4381 3343 4420 non
3404 4366 3717 4421 satisfacie-

2072 4470 2227 4521 mus,
2254 4459 2433 4511 restat
2458 4459 2524 4511 ut
2546 4454 2948 4527 polliceamur,
2974 4454 3134 4512 omni
3166 4472 3273 4510 nos
3295 4454 3488 4510 studio
3510 4456 3716 4526 genui-

2072 4560 2213 4600 num
2237 4543 2497 4617 Gregorii
2521 4544 2805 4616 scriptum
2830 4544 3343 4617 pervestigaturos,
3363 4544 3517 4614 quod
3537 4543 3715 4613 hujus

312 4630 608 4707 “toribus
638 4654 790 4704 esset
820 4647 1120 4719 adempta,
1146 4630 1672 4705 'nimirum'annis
1727 4651 1797 4706 ab
1844 4630 1961 4708 έθνο
1990 4635 2038 4701 D
2068 4630 2193 4688 loco
2273 4634 2690 4689 substituatur.
2754 4633 3194 4689 Annotationem
3252 4635 3311 4687 in
3373 4632 3711 4688 Ezechielem

311 4744 509 4795 nostro
543 4737 678 4810 plus
710 4738 910 4794 minus
933 4739 1241 4793 sexcentis.
1264 4738 1475 4794 Scribit
1505 4739 1663 4795 enim
1686 4738 1745 4795 in
1781 4756 1957 4812 prore.

310 4828 427 4884 mio
485 4826 929 4883 commentariis
1014 4827 1337 4898 prmmisso,
1399 4829 1471 4883 ab
1519 4845 1582 4883 se
1638 4829 1699 4883 in
1755 4828 1956 4884 exsilio

311 4917 596 4987 scriptum
634 4917 740 4971 hoc
800 4915 1162 4972 elaboratum
1221 4916 1424 4985 fuisse,
1486 4918 1639 4988 quod
1685 4917 1955 4973 exsilium

311 5021 450 5061 sane
500 5006 558 5059 in
592 5005 700 5060 hos
732 5005 893 5078 ipsos
915 5022 1100 5061 annos
1132 5005 1361 5061 saevitia:
1400 5005 1781 5063 Sarracenicie
1812 5006 1955 5063 inci-

311 5094 443 5151 dere
473 5094 725 5149 videtur.

376 5184 484 5241 Tot
516 5182 853 5254 talibusque
885 5182 1124 5254 scriptis
1180 5199 1315 5238 cum
1365 5184 1449 5239 sic
1499 5188 1554 5239 et
1610 5184 1849 5257 expoliri
1899 5188 1957 5240 et

309 5273 506 5347 augeri
546 5288 719 5344 posse
748 5272 1091 5326 Nazianzeni
1124 5272 1304 5327 libros
1333 5272 1685 5341 videremus,
1745 5290 1951 5346 parum

309 5367 371 5417 ut
399 5362 473 5418 ab
505 5360 608 5416 illa
639 5358 1011 5434 perfectione,
1046 5376 1222 5431 quam
1260 5360 1317 5415 in
1344 5361 1703 5417 editionibus
1734 5361 1953 5434 prisco-

308 5467 434 5508 rum
456 5452 977 5507 monumentorum
996 5448 1373 5519 requirimus,
1388 5450 1690 5506 abessent:
1707 5450 1952 5509 Billiano

306 5539 501 5597 labore
537 5556 653 5595 non
680 5538 960 5605 contenti,
1011 5537 1327 5609 pristinum
1375 5540 1447 5595 ad
1498 5540 1829 5596 institutum
1880 5541 1952 5596 de

302 5628 530 5704 integro
560 5628 829 5686 animum
856 5627 1207 5698 adjecimus.
1247 5627 1329 5683 Ne
1369 5645 1501 5686 vero
1541 5629 1833 5701 quispiam
1868 5630 1950 5697 id,

302 5719 453 5791 quod
474 5719 549 5776 de
569 5731 817 5791 operum
837 5715 1186 5774 Nazianzeni
1209 5716 1565 5788 perfectione
1582 5717 1949 5791 pollicemur,

2065 4737 2307 4793 prorsus
2339 4736 2407 4777 ex
2438 4720 2692 4777 editione
2726 4726 2951 4793 nostra,
2986 4738 3087 4777 seu
3140 4720 3424 4792 spuriam,
3476 4720 3713 4790 ejicien-

2065 4810 2201 4865 dam
2229 4810 2674 4868 statuebamus:
2704 4810 2874 4882 cujus
2908 4810 3103 4867 locum
3138 4816 3201 4866 ut
3230 4825 3577 4881 germanum
3610 4808 3716 4865 ali-

2064 4900 2222 4971 quod
2255 4898 2517 4971 Gregorii
2552 4900 2837 4972 scriptum
2877 4905 3206 4971 occuparet,
3264 4897 3445 4954 libros
3493 4904 3715 4955 veteres

2066 4988 2378 5060 diligenter
2407 4988 2743 5053 evolvendo,
2778 4990 3013 5043 tandem
3047 4988 3103 5042 id
3136 4988 3293 5059 quod
3339 4987 3714 5059 optabamus,

2064 5076 2256 5149 adepti
2289 5093 2518 5133 sumus.
2551 5082 2697 5133 Nam
2726 5077 2946 5133 inlibro
2970 5076 3263 5132 Choniataa
3284 5093 3463 5133 manu
3483 5083 3714 5133 exarato

2064 5166 2474 5239 panegyricam
2499 5166 2758 5239 Gregorii
2781 5166 3127 5234 orationem,
3165 5164 3423 5222 habitam
3450 5166 3511 5222 in
3534 5167 3711 5223 hono-

2063 5271 2188 5311 rem
2221 5256 2461 5312 testium
2490 5254 2768 5323 veritatis,
2800 5255 3263 5327 Arianorumque
3295 5256 3549 5311 furorem
3581 5273 3713 5327 gra-

2062 5344 2233 5417 phice
2264 5344 2715 5411 describentem,
2751 5345 3107 5416 reperimus:
3143 5361 3321 5417 quam
3354 5350 3515 5401 extra
3543 5347 3713 5401 dubi-

2062 5433 2341 5490 tationem
2374 5449 2606 5490 omnem
2639 5433 2817 5506 hujus
2846 5434 3099 5491 auctoris
3124 5452 3273 5503 esse,
3304 5438 3431 5491 tum
3481 5435 3709 5492 dicendi

2062 5522 2381 5592 character,
2412 5528 2539 5580 tum
2563 5540 2757 5579 rerum
2788 5523 3053 5594 ipsarum
3084 5525 3263 5582 facies
3293 5525 3574 5581 ostendit.

2129 5630 2393 5687 Tertium
2424 5630 2678 5703 denique
2726 5631 3015 5704 scriptum
3074 5631 3244 5696 illud,
3303 5632 3476 5701 cujus
3535 5631 3707 5685 modo

2058 5718 2415 5778 mentionem
2452 5719 2584 5791 feci,
2618 5723 2708 5777 est
2737 5720 3066 5778 Exhortatio
3122 5722 3197 5775 ad
3250 5719 3539 5788 virginem.
3588 5716 3705 5773 Hoc
