4184 6202
399 384 513 446 351

1412 385 1739 448 JOANNIS
1782 384 2321 448 LEUVBNKLAII
2363 382 2806 444 PHIEFATIO.

3689 386 3808 444 352

401 518 857 574 iuterorationes
884 517 1170 573 hactenus
1197 517 1439 573 relatum
1466 523 1574 583 est,
1598 523 1654 573 et
1687 519 2047 574 Nazianzeno
2079 522 2131 586 Α
2164 518 2358 573 Graeco
2384 516 2440 571 in
2465 515 2732 571 Latinum
2761 530 3087 570 sermonem
3112 513 3612 586 transcripsimus.
3647 515 3811 570 Alter

400 607 685 663 tributum
711 623 990 677 :quorum
1014 607 1178 661 alteri
1203 624 1409 679 parum
1435 608 2038 679 repugnans,alterum

399 696 568 767 plane
591 712 890 766 perperam
920 697 1137 751 factum
1166 696 1278 751 aio.
1303 696 1445 752 Nam
1467 697 1512 751 si
1538 697 1771 768 quidem
1798 707 1889 752 est
1937 697 2040 752 ali-

399 802 514 856 qua
545 786 952 855 rhythmorum
988 786 1154 850 ratio,
1190 803 1364 856 quam
1386 785 1656 840 Aurelius
1677 786 2041 857 Augustinus

399 874 457 928 in
484 874 628 928 libro
655 877 724 928 De
745 877 956 929 musica
978 875 1173 940 tradit,
1202 881 1257 930 et
1289 893 1419 930 vero
1463 881 1922 930 consentaneum
1956 879 2044 930 est

398 963 604 1034 priscis
637 964 693 1016 in
730 981 839 1019 usu
874 964 1074 1029 fuisse,
1110 964 1457 1020 facientibus
1515 966 1643 1036 ejus
1685 966 2040 1020 mentionem

398 1058 524 1107 tum
557 1053 882 1117 Aristotele,
918 1058 1043 1108 tum
1076 1055 1367 1123 Athenzeo,
1397 1059 1453 1109 et
1484 1054 1635 1118 aliis,
1691 1055 1838 1110 datio
1879 1056 2043 1126 equi-

399 1143 529 1196 dem
562 1141 904 1197 Nazianzeui
927 1143 1032 1197 hoc
1057 1144 1343 1215 scriptum
1363 1161 1510 1210 esse,
1540 1146 2042 1216 quemadmodum

397 1236 454 1286 et
483 1231 798 1286 Cboniatas
828 1233 1095 1297 credidit,
1145 1239 1200 1288 et
1257 1233 1610 1306 exemplaria
1642 1232 2046 1289 vetustissima

398 1326 726 1375 testantur:
763 1338 963 1376 verum
1027 1322 1484 1394 haudquaquam
1529 1324 1679 1379 inter
1726 1324 2043 1390 orationes,

400 1411 498 1466 sed
528 1415 795 1480 poemata
818 1411 1016 1466 referri
1039 1412 1246 1467 debere
1269 1411 1415 1468 volo.
1463 1413 1609 1468 Nam
1651 1417 1834 1469 totum
1870 1412 2045 1469 meris

404 1498 696 1571 rhythmis
729 1503 974 1565 constat,
1009 1500 1093 1555 uti
1131 1517 1220 1556 res
1252 1503 1380 1573 ipsa
1412 1501 1703 1558 declarat:

615 1633 851 1718 ηεκρεὶὲγε
878 1634 1063 1718 νύμφη
1099 1641 1352 1718 Χριστοῦ,

613 1704 816 1784 ῥέε-αξξ
839 1727 933 1760 σου
952 1704 1051 1762 Prov
1084 1704 1339 1784 νυμφίον’

617 1776 977 1854 ξΑεὶλκᾴθαιρε
990 1776 1205 1854 Δσαυτὴν

617 1850 701 1904 Ἐν
736 1847 887 1924 λόγῳ
918 1847 1006 1905 ita}.
1041 1847 1220 1928 σ’λφῖᾲ,
1254 1856 1364 1909 etc.

400 1984 562 2050 Quod
596 1985 834 2055 quidem
867 1987 1021 2056 apud
1082 2003 1188 2041 nos
1246 2003 1280 2041 a
1327 1986 1559 2042 nemine
1614 1986 2043 2056 deprehensum

396 2072 701 2139 hactenus,
737 2075 792 2128 in
828 2075 1238 2146 antiquissimo
1271 2075 1417 2131 libro
1441 2081 1773 2147 poematum
1800 2075 2043 2131 Nazians

396 2162 521 2216 zeni
544 2179 670 2216 meo
695 2168 957 2218 notatum
985 2164 1185 2234 paucis
1202 2165 1395 2219 verbis
1420 2165 1631 2233 inveni,
1658 2181 1785 2237 quas
1848 2165 2042 2219 Latine

397 2251 686 2322 proferam
714 2268 726 2304 :
757 2272 778 2300 ε
806 2252 864 2306 In
891 2251 998 2306 hoc
1040 2252 1254 2324 scripto
1279 2253 1684 2325 Syrracusium
1728 2253 2042 2325 Gregorius

393 2338 681 2408 imitatur,
709 2341 807 2412 qui
833 2342 994 2397 solus
1017 2349 1318 2412 poetarum
1359 2342 1648 2414 rhythmis
1684 2347 1858 2414 atque
1900 2341 2042 2397 colis

397 2443 542 2483 usus
560 2432 669 2495 est,
693 2430 850 2484 omni
875 2428 988 2485 alia
1008 2431 1448 2486 scribendorum
1497 2448 1774 2486 versuum
1819 2431 2042 2502 poetica

397 2516 620 2572 ratione
643 2517 924 2587 neglecta.
955 2541 982 2568 »
1001 2519 1252 2575 Errorex
1266 2520 1649 2591 ambiguitate
1670 2519 1826 2575 vocis
1851 2516 2038 2590 λόγος,

396 2621 527 2677 qua:
561 2606 779 2676 passim
813 2607 871 2660 in
906 2606 1189 2662 librorum
1224 2608 1517 2664 lemmatis
1542 2607 1851 2680 reperitur,
1878 2613 2042 2663 ortus

399 2698 506 2750 est.
540 2694 684 2750 Nam
715 2712 783 2750 ea
812 2712 925 2750 non
959 2697 1279 2753 orationem
1309 2701 1538 2752 tantum
1591 2697 1900 2769 signiﬁcat,
1959 2696 2042 2751 uti

395 2783 520 2853 jam
554 2789 723 2838 antea
745 2801 978 2855 quoque
997 2787 1337 2841 monuimus
1363 2803 1375 2840 :
1403 2787 1501 2841 sed
1523 2786 1577 2840 in
1604 2803 1808 2857 genere
1836 2803 2044 2856 quam-

401 2870 489 2924 vis
521 2871 1070 2927 commentationem
1105 2879 1278 2945 atque
1310 2875 1615 2946 scriptum.
1648 2878 1768 2938 Quo
1800 2875 1926 2946 ipso
1960 2877 2042 2943 ﬁt,

402 2963 467 3014 ut
503 2958 652 3014 Elias
693 2967 888 3016 noster
921 2961 1178 3032 Gregorii
1215 2969 1479 3034 poemata
1511 2959 1708 3036 λόγους
1741 2961 2045 3038 ἐμμέτρους

401 3053 581 3103 vocet.
620 3054 734 3103 Hoc
767 3050 937 3106 modo
972 3052 1322 3120 quibusdam
1364 3054 1620 3117 resectis,
1681 3060 1737 3108 et
1786 3055 2047 3109 oratione

407 3139 478 3192 De
509 3139 844 3209 martyribus
877 3142 1166 3206 restituta,
1192 3141 1621 3212 quinquaginta
1651 3148 1706 3197 et
1735 3142 1882 3197 duos
1931 3142 2044 3196 Na-

404 3229 663 3282 zianzeni
709 3233 992 3284 tractatus
1052 3229 1358 3296 habemus,
1420 3248 1588 3301 quem
1639 3231 1872 3287 illorum
1920 3248 2048 3287 esse

406 3333 718 3372 numerum
755 3317 1067 3390 integrum,
1104 3318 1254 3374 Elias
1284 3320 1575 3375 memoriae
1600 3321 1872 3392 prodidit.
1898 3322 2047 3386 Qua-

406 3411 644 3479 propter
690 3406 783 3462 hic
833 3408 1070 3478 quidem
1120 3409 1274 3480 quod
1326 3409 1579 3481 amplius
1625 3411 2047 3478 desideremus,

413 3495 559 3549 nihil
591 3500 698 3551 est.

477 3585 819 3655 Sequuntur
840 3585 1119 3656 epistolas,
1149 3604 1293 3659 quas
1325 3605 1442 3643 una
1472 3593 1700 3645 tantum
1736 3590 1960 3661 adjecta
1980 3589 2051 3644 de

406 3669 575 3729 libris
609 3690 782 3729 manu
820 3676 1052 3746 scriptis
1083 3677 1388 3732 auximus:
1433 3679 1685 3733 addituri
1736 3680 2050 3750 aliquando

410 3763 629 3835 plures,
665 3781 812 3835 quas
843 3765 950 3820 hoc
983 3771 1239 3837 tempore
1272 3769 1529 3823 nancisci
1562 3786 1675 3824 non
1731 3769 2050 3840 potuimus,

409 3853 644 3907 tametsi
678 3870 790 3908 non
843 3854 1202 3924 ignoremus,
1264 3857 1360 3910 ubi
1420 3855 1678 3912 locorum
1730 3861 2051 3930 supersint.

411 3945 686 3996 Poemata
706 3959 836 3998 vero
859 3948 1158 4015 tantopere
1203 3962 1356 4000 nunc
1410 3947 1604 4002 studio
1635 3953 1830 4002 nostro
1871 3965 2056 4004 excre-

416 4036 607 4094 scunt,
644 4035 706 4084 ut
729 4032 852 4100 jam
891 4033 1239 4102 prodeuntia
1264 4033 1423 4104 prius
1449 4035 1735 4090 editorum
1760 4037 2055 4107 magnitu-

415 4119 610 4173 dinem
646 4137 888 4175 numero
919 4138 1191 4178 versuum
1225 4132 1474 4194 aequent,
1511 4124 1766 4180 bonitate
1812 4127 2056 4197 pietate-

420 4224 533 4278 que
565 4207 732 4278 longe
764 4217 1058 4280 superent.
1093 4211 1255 4266 Unus
1290 4218 1469 4267 restat
1488 4213 1769 4268 adversus
1791 4215 2058 4286 Apolina-

419 4297 571 4350 rium
607 4297 770 4367 liber,
803 4298 1069 4354 versibus
1127 4317 1160 4355 a
1215 4300 1487 4364 Gregorio
1545 4303 1820 4374 scriptus,
1883 4321 2055 4375 quem

419 4384 611 4439 adhuc
644 4386 837 4441 Romae
868 4386 925 4440 in
959 4389 1240 4444 Vaticana
1273 4390 1624 4446 bibliotheca
1654 4397 1970 4448 exstantem
1994 4397 2060 4447 ut

420 4473 668 4530 describi
703 4492 1064 4543 curaremus,
1092 4478 1449 4550 jampridem
1482 4496 1719 4550 operam
1765 4481 2059 4546 dedimus,

419 4571 722 4634 sumptum
755 4564 930 4620 etiam
967 4565 1221 4637 aliquem
1271 4567 1619 4638 impensuri,
1680 4569 1779 4624 sed
1821 4570 2056 4625 frustra.

2075 1897 2123 1961 B

2155 606 2410 678 reliquas
2441 623 2593 660 XXXII
2628 604 2916 660 orationes
2947 621 3079 658 cum
3113 603 3376 674 epistolis
3410 608 3466 659 et
3517 605 3807 676 poematis

2152 695 2437 751 hactenus
2469 695 2642 749 editis
2673 693 3080 766 complectitur
3110 710 3121 748 :
3158 711 3284 764 quae
3330 694 3564 765 quidem
3609 695 3808 751 omnia

2155 786 2226 839 de
2257 785 2510 840 editione
2541 785 2784 839 Billiana
2817 782 3206 854 sumpsimus,
3241 800 3311 838 ne
3344 782 3508 853 prius
3533 801 3699 838 versa
3722 801 3805 840 re-

2153 876 2421 937 texendo,
2471 881 2667 929 actum
2716 889 2884 944 agere
2942 872 3291 927 videremur.
3347 877 3410 926 In
3466 874 3705 928 tertium
3750 880 3804 928 et

2155 963 2429 1018 ultimum
2464 969 2710 1028 tomum,
2745 962 2842 1034 qui
2877 965 3033 1016 totus
3067 961 3267 1015 itidem
3322 967 3521 1016 noster
3567 968 3676 1028 est,
3737 979 3804 1018 ea

2155 1053 2413 1124 Gregorii
2450 1057 2717 1125 poemata
2751 1051 3075 1118 referimus,
3110 1067 3238 1122 quae
3271 1068 3427 1107 nunc
3481 1053 3737 1122 primum
3772 1070 3805 1106 a

2157 1143 2324 1198 nobis
2358 1142 2483 1196 luce
2514 1143 2807 1197 donantur
2837 1158 2847 1194 :
2886 1145 3157 1212 praeterea
3209 1140 3422 1194 Nicetis
3446 1146 3803 1195 commenta-

2157 1234 2308 1287 rium
2343 1232 2398 1286 in
2434 1231 2690 1302 Gregorii
2728 1231 3047 1286 sententias
3099 1235 3218 1284 tam
3275 1230 3576 1300 quaternis
3625 1247 3799 1301 quam

2156 1321 2404 1393 singulis
2437 1321 2700 1375 versibus
2736 1319 2992 1374 inclusas
3023 1319 3358 1388 adjicimus,
3401 1325 3458 1372 et
3504 1319 3796 1390 egregium

2157 1411 2350 1479 Pselli,
2375 1408 2687 1464 Christiani
2718 1408 3069 1480 philosophi,
3102 1409 3172 1462 de
3203 1407 3531 1463 difﬁcilium
3557 1407 3795 1462 Nazian~

2153 1500 2277 1555 zeni
2311 1500 2571 1555 locorum
2611 1497 2908 1554 intellectu
2968 1497 3205 1551 librum.
3269 1497 3507 1551 Accedit
3565 1497 3634 1551 ad
3693 1496 3797 1552 hos

2155 1588 2442 1644 (lanarius
2499 1604 2751 1659 quoque,
2809 1603 3124 1658 germanus
3185 1584 3529 1640 Nazianzeni
3603 1584 3796 1650 frater,

2156 1679 2327 1749 cujus
2373 1678 2620 1734 antehac
2678 1676 2822 1732 nihil
2882 1676 3118 1732 omnino
3166 1675 3518 1748 scriptorum
3562 1675 3798 1746 prodiit.

2155 1768 2297 1838 Ejus
2319 1767 2588 1840 Dialogos
2619 1769 2920 1838 pr0pterea
2946 1764 3322 1836 potissimum
3361 1762 3618 1835 Gregorii
3653 1765 3798 1819 scri-

2154 1856 2270 1929 ptis
2300 1856 2600 1912 addendos
2633 1853 2853 1926 putavi,
2885 1855 3036 1925 quod
3068 1853 3125 1907 in
3161 1853 3243 1908 eis
3275 1852 3560 1908 Caesarius
3592 1852 3802 1924 Grego-

2157 1945 2308 2000 rium
2344 1947 2581 2000 fratrem
2607 1962 2639 1998 a
2671 1944 2884 2014 seipso,
2917 1941 3175 2007 Leontio,
3199 1941 3474 2013 Gregorio
3519 1945 3800 2013 Nysseno,

2153 2035 2398 2105 Domno,
2424 2039 2480 2088 et
2509 2033 2641 2088 aliis
2664 2032 3055 2087 familiaribus
3077 2030 3522 2102 interrogatum,
3551 2031 3622 2084 de
3645 2048 3799 2102 quae-

2153 2123 2446 2179 stionibus
2477 2121 2841 2194 gravissimis
2863 2125 2982 2175 toto
3009 2120 3325 2191 quatriduo
3345 2121 3800 2190 respondentem

2152 2213 2500 2268 introduxit.
2526 2211 2671 2264 Huic
2687 2216 2742 2264 et
2762 2216 2800 2262 A
2815 2212 3180 2264 nnotationes
3205 2209 3259 2262 in
3285 2207 3543 2279 Gregorii
3562 2208 3798 2279 scripta,

2152 2305 2363 2375 quibus
2397 2304 2711 2360 lectionum
2744 2302 2996 2357 varietas
3029 2299 3386 2366 continetur,
3447 2303 3503 2354 et
3546 2299 3798 2354 indicem

2150 2394 2545 2450 necessarium
2578 2392 2954 2462 subjicimus.

2222 2503 2334 2555 Cur
2364 2504 2561 2555 autem
2591 2500 2649 2555 in
2700 2498 3067 2554 orationibus
3123 2495 3478 2552 collocandis
3529 2495 3790 2549 ordinem

2152 2607 2185 2645 a
2203 2589 2368 2644 Billio
2385 2591 2784 2660 prescriptum
2801 2588 2986 2643 secuti
3015 2604 3129 2642 non
3149 2586 3357 2652 simus,
3384 2601 3569 2640 causis
3593 2583 3789 2639 multa!

2152 2684 2310 2744 sunt,
2342 2695 2537 2749 eaeque
2567 2695 2791 2750 graves.
2824 2676 2970 2731 Nam
3003 2678 3185 2732 duum
3220 2675 3458 2730 omnino
3510 2689 3790 2746 generum

2153 2773 2292 2824 sunt
2320 2766 2664 2822 Nazianzeni
2696 2767 3010 2821 orationes.
3062 2764 3324 2819 Aliarum
3376 2767 3628 2834 tempus,
3681 2779 3792 2834 quo

2153 2856 2240 2912 vel
2265 2857 2490 2928 scripta:
2516 2855 2654 2919 sint,
2682 2854 2769 2910 vel
2795 2854 3206 2925 pronuntiatis,
3241 2852 3375 2907 sciri
3400 2854 3623 2923 potest:
3652 2850 3798 2905 alia-

2157 2963 2289 3002 rum
2323 2962 2438 3000 non
2474 2949 2679 3016 potest.
2716 2944 2892 2998 Primi
2924 2942 3153 3015 generis
3185 2946 3342 3012 sunt,
3393 2941 3685 2994 orationes
3731 2940 3804 2993 De

2154 3053 2289 3108 pace
2317 3037 2506 3090 contra
2536 3035 2870 3098 Maximum,
2906 3033 2977 3086 ad
3015 3030 3292 3086 Basiliam
3324 3034 3380 3085 et
3419 3033 3640 3100 patrem
3697 3026 3803 3081 ali-

2159 3129 2320 3197 quot,
2343 3123 2608 3195 purgatio
2626 3122 2840 3193 fugaain
2861 3118 3807 3192 Pontum,plerzequelaudationes

2161 3214 2456 3281 funebres,
2490 3218 2547 3266 et
2578 3211 2740 3266 alias:
2776 3210 3040 3276 secundi,
3076 3208 3365 3264 orationes
3394 3207 3467 3262 ad
3496 3208 3804 3262 Eunomia-

2162 3320 2282 3368 nos,
2315 3301 2382 3356 de
2438 3309 2581 3357 recta
2624 3300 2928 3355 disserendi
2973 3299 3037 3354 de
3092 3299 3197 3354 Deo
3246 3299 3477 3361 ratione,
3526 3297 3602 3351 De
3649 3301 3805 3351 recta

2159 3394 2427 3450 doctrinae
2455 3391 2749 3456 sententia,
2788 3394 2868 3445 De
2892 3390 3032 3444 Filio
3063 3388 3211 3457 duae,
3253 3388 3324 3443 De
3354 3386 3565 3457 Spiritu
3593 3393 3800 3450 sancto,

2159 3485 2234 3540 De
2262 3482 2544 3537 moderata
2575 3480 2880 3535 disserendi
2933 3480 3178 3544 ratione,
3228 3477 3303 3533 De
3349 3475 3695 3540 Machabaeis,
3743 3477 3805 3528 et

2161 3571 2287 3628 alia:
2318 3570 2668 3641 complures.
2705 3569 2866 3635 Quod
2900 3583 3033 3622 cum
3063 3567 3146 3621 ita
3175 3567 3270 3635 sit,
3303 3564 3360 3619 in
3406 3562 3802 3620 collocationis

2163 3662 2310 3718 serie
2340 3659 2623 3730 temporis
2654 3657 2850 3713 haberi
2887 3656 3032 3712 ratio
3065 3659 3221 3711 certa
3253 3654 3492 3726 nequit:
3545 3654 3626 3708 uti
3673 3669 3803 3725 pro-

2164 3752 2309 3806 fecto
2339 3765 2408 3803 ne
2431 3765 2462 3802 a
2486 3747 2650 3803 Billio
2675 3747 2909 3818 quidem
2935 3751 3200 3801 accurate
3231 3744 3433 3800 habita
3461 3743 3637 3811 est,si
3652 3745 3805 3796 recte

2164 3856 2283 3895 rem
2328 3837 2789 3893 consideremus.

2235 3946 2383 4002 Nam
2417 3944 2636 3998 ratione
2667 3942 2946 4013 temporis
2976 3941 3048 4013 (si
3081 3941 3318 4011 quidem
3372 3938 3509 3993 Elite
3551 3937 3807 3993 Cretensi

2167 4039 2224 4092 et
2255 4035 2462 4089 Nicetes
2494 4032 2762 4088 Serronio
2790 4031 3102 4102 credimus)
3135 4046 3264 4085 esse
3295 4028 3485 4100 prima
3540 4026 3805 4092 debebat,

2169 4141 2282 4180 non
2314 4140 2382 4178 ea
2412 4140 2526 4193 qua
2559 4122 2754 4192 fugam
2790 4121 2845 4174 in
2884 4122 3128 4176 Pontum
3164 4135 3336 4173 suam
3395 4115 3613 4189 prolixe
3668 4133 3810 4187 pur-

2167 4219 2285 4285 gat,
2321 4213 2417 4266 sed
2453 4211 2654 4275 altera,
2714 4211 2882 4279 cujus
2939 4207 3242 4279 inscriptio
3308 4211 3488 4269 notat,
3550 4204 3810 4258 habitam

2168 4303 2349 4358 fuisse
2371 4301 2443 4356 ad
2472 4300 2604 4355 illos
2629 4300 2726 4371 qui
2761 4299 2952 4370 ipsum
2979 4298 3142 4353 initio
3165 4297 3508 4362 acciverant,
3529 4310 3633 4348 nec
3656 4298 3813 4364 post-

2169 4408 2347 4464 quam
2381 4389 2628 4446 senioris
2659 4406 2877 4444 munus
2908 4387 2959 4443 ei
2991 4385 3374 4442 commissum
3408 4384 3615 4439 fuisset
3648 4397 3816 4436 vene-

2171 4486 2323 4537 rant.
2359 4479 2579 4535 Etenim
2614 4495 2677 4532 ea
2709 4476 3050 4550 pronuntiat
3089 4476 3198 4531 fuit
3241 4475 3298 4529 id
3347 4473 3650 4545 temporis,
3700 4487 3815 4543 quo

2173 4570 2429 4641 primum
2463 4567 2734 4623 sacerdos
2768 4567 2958 4621 factus
2998 4569 3126 4632 est;
3177 4581 3242 4619 ac
3293 4563 3617 4618 secundum
3668 4559 3820 4614 hanc

418 4651 784 4724 QuaprOpter
803 4653 909 4707 hoc
952 4655 1237 4725 scriptum
1263 4655 1376 4710 alio
1410 4661 1668 4728 tempore
1701 4659 2066 4728 perquiretur
2095 4646 2141 4710 Ι)
2173 4659 2460 4715 actionem
2495 4657 2553 4712 in
2588 4657 2834 4712 Pontum
2870 4654 3119 4727 aufugit,
3154 4671 3187 4708 a
3217 4669 3334 4724 qua
3359 4652 3497 4724 fuga
3529 4665 3818 4716 reversus,

421 4741 989 4807 anobis,inltaliam
1010 4744 1058 4797 si
1103 4744 1217 4798 Deo
1266 4745 1454 4799 visum
1497 4746 1690 4816 fuerit)
1726 4747 1832 4800 iter
1874 4748 2061 4803 susci-

420 4830 736 4903 pientibus.
771 4831 912 4886 Nam
946 4833 1004 4886 in
1039 4834 1240 4887 eadem
1275 4834 1550 4888 Vaticana
1587 4840 1868 4892 tractatus
1926 4838 2063 4891 Gre-

421 4920 569 4989 gorii
593 4921 740 4974 duos
758 4927 1067 4985 extremos,
1094 4939 1344 4993 quorum
1369 4923 1514 4977 alter
1537 4924 1715 4978 estde
1757 4925 1886 4994 ﬁde,
1921 4926 2067 4980 alter

422 5008 491 5060 de
526 5009 638 5062 ﬁde
671 5008 919 5074 Nicaena,
954 5027 1260 5081 superesse
1293 5011 1484 5066 Graece
1515 5013 1881 5083 accepimus:
1917 5032 2065 5086 quos

423 5097 594 5150 modo
629 5097 824 5152 Latine
857 5101 1085 5153 tantum
1120 5117 1153 5154 a
1184 5100 1387 5156 Ruﬁno
1434 5117 1739 5158 conversos
1792 5103 2063 5175 legimus.

494 5183 571 5239 De
607 5185 712 5240 hac
745 5189 1292 5244 commemoratione
1320 5195 1518 5245 nostra
1539 5189 1718 5246 lector
1745 5192 2068 5265 intelligere

424 5278 632 5344 potest,
665 5291 776 5328 non
809 5291 938 5331 esse
965 5277 1069 5331 abs
1094 5294 1172 5343 re,
1196 5279 1347 5348 quod
1373 5278 1523 5333 hanc
1546 5279 1858 5336 editionem
1891 5298 2066 5352 quam

424 5362 686 5432 proxime
718 5364 787 5417 ad
831 5381 1064 5435 operam
1126 5366 1384 5439 Gregorii
1447 5369 1856 5439 perfectionem
1907 5387 2068 5426 acce-

429 5450 565 5505 dere
595 5452 874 5509 diximus.
905 5455 981 5508 Ea
1001 5472 1131 5510 vero
1155 5461 1272 5511 tres
1293 5459 1531 5512 omnino
1568 5458 1626 5514 in
1650 5463 1838 5514 tomos
1872 5459 2067 5514 distri-

429 5538 604 5595 buere
632 5542 805 5596 certis
841 5543 910 5598 de
941 5545 1137 5600 causis
1178 5545 1367 5601 visum
1410 5552 1517 5612 est,
1550 5564 1803 5618 quorum
1840 5549 2070 5620 primus

431 5629 728 5687 orationes
760 5648 834 5686 xx
864 5633 1249 5701 cum_Elianis
1304 5637 1740 5693 commentariis
1789 5638 2070 5707 continet,

429 5722 708 5791 totusque
739 5725 948 5778 nostra:
1007 5723 1252 5781 debetur
1299 5724 1620 5795 industriae,
1668 5726 1768 5797 qui
1817 5742 1951 5782 cum
2000 5726 2071 5783 de

2173 4749 2231 4803 in
2257 4748 2478 4803 Pascha
2494 4752 2550 4802 et
2569 4746 2903 4801 tarditatem
2936 4744 3260 4799 orationem
3297 4740 3503 4796 habuit
3529 4741 3680 4811 (quas
3714 4738 3822 4792 hoc

2175 4836 2414 4892 nomine
2445 4836 2770 4891 secundum
2805 4833 2914 4890 sibi
2955 4833 3145 4888 locum
3183 4829 3545 4900 vindicabit),
3607 4827 3824 4899 illaque

2176 4927 2460 4996 dicta.per
2484 4925 2671 4980 otium
2703 4925 2847 4995 fugae
2876 4923 3117 4978 Ponticae
3144 4919 3545 4992 purgationem
3569 4919 3823 4972 conscri-

2178 5015 2313 5089 psit.
2346 5015 2476 5069 Jam
2512 5013 2712 5067 Billius
2744 5018 2798 5068 et
2832 5011 2986 5065 illam
3022 5010 3371 5074 orationem,
3404 5024 3530 5079 qua:
3564 5021 3824 5077 pronun-

2177 5104 2318 5160 tiata
2339 5102 2500 5158 estin
2534 5102 2814 5158 electione
2840 5100 3220 5156 Doarensium
3271 5095 3556 5152 antistitis
3597 5092 3826 5160 Eulalii,

2178 5198 2309 5266 post
2331 5209 2458 5246 eam
2483 5190 2804 5262 collocavit,
2825 5206 2952 5261 quae
2973 5188 3030 5244 in
3057 5186 3299 5244 concilio
3323 5204 3391 5242 cx.
3419 5185 3829 5257 episcoporum

2178 5287 2267 5337 est.
2297 5281 2518 5337 habita.
2556 5280 2735 5352 Atqui
2787 5280 2945 5352 prior
2985 5277 3143 5333 dicta
3197 5280 3288 5332 est
3329 5274 3455 5329 vivo
3505 5273 3832 5329 etiamnum

2179 5370 2414 5438 Basilio,
2447 5369 2734 5442 posterior
2791 5386 2856 5424 eo
2912 5367 3268 5438 jamdudum
3329 5365 3505 5419 rebus
3559 5361 3836 5416 humanis

2179 5467 2466 5532 exempto.
2496 5458 2778 5514 Funebria
2804 5460 2863 5513 in
2891 5459 3164 5514 Basiliam
3195 5453 3377 5510 oratio
3397 5456 3694 5525 postrema
3724 5449 3835 5504 fuit

2180 5549 2466 5616 omnium,
2500 5549 2620 5605 sive
2650 5547 3054 5621 scriptionem,
3083 5545 3204 5602 sive
3235 5542 3640 5600 recitationem
3696 5554 3830 5611 spe-

2180 5642 2321 5703 ctes,
2348 5636 2725 5709 pronuntiata
2741 5638 3018 5695 Caesareas
3038 5634 3446 5708 Cappadocum
3477 5631 3537 5687 in
3575 5633 3836 5687 extrema

2179 5730 2431 5799 senecta,
2465 5743 2598 5785 cum
2633 5726 2831 5784 relicta
2859 5721 3364 5796 Constantinopoli
3419 5719 3732 5794 Gregorius
3769 5717 3831 5774 in
