4184 6202
362 383 490 446 353

1384 380 1714 443 JOANNIS
1757 380 2282 443 LEUVENKLAII
2326 382 2772 446 PREFATIO.

3665 388 3783 451 354

367 518 618 591 patriam
652 516 1238 589 reverteretur.Atqui
1268 517 1390 573 haec
1418 516 1609 573 locum
1633 516 2020 588 interpriores
2049 519 2103 586 Α
2133 520 2188 573 et
2238 519 2639 575 auctoritatem
2698 520 2827 590 ejus
2880 524 3228 587 revocatam,
3277 538 3399 593 quas
3450 524 3577 594 jam
3628 528 3781 599 apud

364 608 615 663 invenit.
650 609 692 663 E
718 607 1007 663 contrario
1038 607 1164 662 dua:
1188 608 1246 661 in
1273 607 1566 663 lulianum
1592 608 1899 675 Augustum
1930 609 2021 662 in-

2133 605 2350 662 multos
2384 607 2439 661 in
2473 614 2874 680 contemptum
2908 625 3054 679 pene
3101 618 3356 665 venerat.
3391 612 3579 669 Habes
3618 620 3675 669 et
3704 614 3787 669 di-

364 697 598 753 vectivaa
626 696 752 753 loco
804 702 1098 769 postremo
1148 702 1465 768 ponuntur,
1500 713 1625 767 qua:
1674 696 1835 768 prius
1868 696 2025 751 fuere
2132 695 2355 750 tionem
2414 697 3023 769 Paderzebornensem,
3064 698 3124 753 in
3176 716 3293 771 qua
3340 701 3491 756 idem
3544 703 3786 759 Carolus

366 786 808 858 scriptas,quam
841 786 931 841 vel
954 784 1381 859 Gregorius,vel
1414 785 1667 841 Basilius
1690 785 2024 840 antistitum

368 893 618 932 munere
652 876 816 948 iungi
849 876 1180 947 coepissent.

445 965 577 1020 Haec
610 965 754 1020 mihi
789 981 1016 1020 mecum
1039 964 1385 1037 expendenti
1407 965 1598 1020 visum
1631 964 2025 1036 fuit,primum

369 1055 445 1110 iis
478 1054 845 1110 orationibus
894 1055 952 1109 in
1005 1054 1258 1109 editione
1289 1059 1487 1110 nostra
1522 1054 1718 1110 locum
1750 1055 2027 1122 tribuere,

373 1160 526 1215 quas
548 1144 777 1217 egregie
800 1148 996 1199 noster
1018 1143 1171 1199 Elias
1194 1143 1477 1199 hactenus
1499 1144 1832 1216 incognitus
1854 1160 2027 1198 enar-

369 1239 604 1288 rasset:
638 1237 811 1304 atque
850 1232 967 1287 illis
998 1232 1273 1305 deinceps
1334 1231 1479 1288 alias
1532 1233 1840 1303 subjicere,
1876 1231 2027 1287 Billii

368 1321 576 1377 labore
608 1322 814 1377 Latina
828 1326 986 1377 veste
1008 1322 1447 1377 donatas.Hanc
1474 1328 1667 1377 autem
1701 1323 1889 1394 spatio
1915 1337 2028 1377 non

368 1410 572 1482 exigui
604 1411 889 1482 temporis
918 1410 1271 1480 absolutam,
1304 1416 1361 1467 et
1393 1428 1603 1483 magno
1634 1412 1869 1483 quidem
1896 1426 2029 1466 cum

371 1497 577 1553 labore
608 1498 1101 1567 lucubrationem,
1134 1517 1239 1555 cur
1269 1501 1339 1555 ad
1374 1499 1919 1555 reverendissimam
1944 1515 2031 1554 ex-

374 1587 702 1642 celsitatem
736 1593 898 1644 tuam
932 1589 1309 1660 potissimum
1354 1590 1602 1653 mittam,
1635 1588 2034 1644 illustrissime

374 1676 679 1747 Princeps,
712 1677 890 1732 variis
922 1695 987 1732 ac
1033 1679 1309 1750 gravibus
1359 1696 1500 1734 sane
1542 1678 1869 1734 rationibus
1902 1694 2033 1733 mo-

373 1781 535 1821 veor.
572 1765 834 1821 Primum
876 1772 994 1822 tam
1055 1766 1194 1823 clari
1248 1767 1528 1823 antistitis
1584 1784 1758 1839 opera
1813 1767 2031 1822 nemini

2136 789 2381 857 Magnus
2413 786 2838 858 episcopatum,
2872 788 3159 842 Saxonum
3195 797 3359 857 gente
3389 790 3788 856 devicta,cnn-

2136 873 2347 945 stituit,
2408 875 2600 929 Habes
2660 875 3117 946 Osnabrugicam
3192 878 3465 949 denique,
3538 883 3787 952 primam

2137 964 2401 1018 omnium
2436 962 2494 1017 in
2528 963 2781 1019 saxonia
2810 964 3009 1019 sedem
3050 965 3381 1022 antistitum
3430 968 3789 1027 Christiano-

2138 1069 2292 1119 rum,
2326 1053 2592 1123 ejusdem
2648 1052 3017 1123 imperatoris
3076 1056 3418 1111 auctoritate
3459 1061 3794 1129 munitam;

2139 1140 2198 1195 in
2252 1142 2422 1211 cujus
2476 1141 2973 1209 immunitatibus,
3024 1159 3150 1214 quae
3207 1145 3506 1219 privilegia
3563 1156 3789 1218 vocant,

2140 1231 2421 1302 quiddam
2456 1233 2663 1287 merito
2695 1233 3146 1287 memorandum
3181 1234 3252 1287 ad
3284 1250 3517 1291 omnem
3549 1238 3791 1309 posteri-

2137 1324 2317 1375 tatem
2342 1320 2690 1375 continetur.

2214 1409 2399 1464 Lubet
2430 1414 2621 1465 autem
2654 1410 2783 1481 ipsa
2829 1409 3107 1466 Carolina
3154 1413 3589 1470 constitutionis
3619 1417 3794 1474 verba

2142 1498 2315 1553 certis
2347 1500 2418 1553 de
2466 1499 2662 1553 causis
2703 1498 2811 1553 hoc
2871 1498 2995 1555 loco
3057 1518 3289 1572 ponere,
3318 1519 3445 1574 quae
3506 1504 3793 1576 hodieque

2144 1586 2397 1659 publicis
2448 1587 2786 1659 diplomatis
2836 1588 3117 1660 inscripta
3165 1602 3499 1661 supersunt.
3532 1616 3560 1642 «
3596 1595 3794 1651 Eidem

2144 1675 2437 1746 episcopo,
2482 1676 2675 1746 inquit
2727 1675 2966 1731 Carolus
3011 1675 3105 1731 ille
3153 1678 3401 1750 Magnus
3457 1681 3793 1754 imperator,

2145 1765 2392 1835 ejusque
2425 1765 2864 1819 successoribus
2914 1765 3239 1821 libertatem
3291 1775 3632 1841 perpetuam
3666 1790 3801 1828 con-

378 1854 820 1925 rectius,quam
839 1854 993 1911 claro
1016 1855 1215 1911 itidem
1254 1857 1502 1912 antistiti
1540 1857 1815 1928 putabam
1842 1856 2034 1912 offerri
2069 1892 2116 1957 B
2148 1853 2433 1921 cedimus,
2467 1857 2523 1907 et
2553 1854 2625 1907 ab
2657 1853 2815 1908 omni
2850 1853 3027 1926 regali
3061 1854 3305 1927 imperio
3337 1859 3798 1919 absolutionem:

378 1944 848 2000 debere.Deinde
874 1950 1183 2015 patronum
1218 1945 1360 2000 mihi
1390 1962 1807 2017 censoremque
1829 1945 2038 2001 litteris

378 2033 679 2089 excultum
712 2034 966 2106 deligere
1016 2034 1189 2103 volui,
1218 2040 1419 2091 contra
1467 2034 1880 2108 plerorumque
1912 2052 2034 2091 mo-

379 2140 533 2188 rem,
560 2123 661 2194 qui
683 2123 1120 2179 lucubrationes
1151 2142 1291 2179 suas
1326 2124 1665 2180 hominibus
1698 2125 1863 2198 plane
1884 2125 2037 2180 litte-

378 2229 585 2267 rarum
616 2212 903 2282 imperitis
932 2212 1249 2269 inscribere
1278 2230 1393 2269 non
1426 2219 1718 2270 verentur.

457 2300 577 2356 Hoc
607 2318 739 2357 vero
773 2300 1186 2370 consideranti,
1237 2319 1351 2358 non
1411 2304 1755 2358 occurrebat
1811 2302 1871 2358 in
1920 2308 2039 2359 toto

378 2396 598 2445 nostrae
633 2390 884 2446 nationis
916 2391 1160 2463 imperio
1191 2392 1507 2463 quisquam
1540 2393 1800 2449 virorum
1826 2392 2038 2464 princi-

382 2497 553 2552 pum,
606 2496 780 2551 quem
833 2479 1046 2536 illustri
1107 2482 1456 2553 prazstantiaa
1517 2487 1625 2537 tuas
1684 2482 2036 2554 praeferrem.

383 2570 618 2624 Etenim
658 2586 771 2624 non
802 2572 1017 2626 eximia
1050 2576 1278 2626 tantum
1306 2572 1585 2627 doctrinae
1615 2572 1743 2627 laus
1773 2572 2038 2627 omnium

384 2675 680 2714 consensu
731 2660 833 2714 tibi
888 2660 1208 2717 tribuitur:
1242 2661 1339 2716 sed
1391 2662 1567 2717 etiam
1615 2660 1911 2733 plerisque
1942 2677 2043 2732 per

386 2763 625 2802 omnem
657 2748 947 2819 Europam
968 2749 1415 2805 admirationem
1442 2751 1801 2806 merentibus
1824 2749 2042 2819 linguis

386 2852 533 2891 sane
564 2852 736 2907 qaam
768 2836 1064 2909 eleganter
1095 2837 1293 2894 uteris.
1326 2839 1563 2895 Accedit
1610 2840 1680 2895 ad
1715 2839 1854 2907 haec,
1887 2838 2039 2911 quod

389 2925 442 2980 ei
479 2924 701 2997 regioni
735 2941 865 2979 cum
903 2926 1144 2996 imperio
1176 2933 1571 2999 potestateque
1611 2928 1833 2999 praesis,
1866 2945 1897 2984 e
1927 2944 2042 3000 qua

388 3014 536 3067 mihi
563 3014 716 3067 avita
734 3014 1061 3085 patritaque
1093 3016 1252 3087 origo
1280 3017 1854 3074 ducitur.Summam
1888 3019 2039 3074 enim

385 3106 518 3157 tum
550 3101 891 3173 potentiam,
925 3109 1050 3158 tum
1102 3106 1505 3162 auctoritatem
1538 3107 1767 3164 obtines
1798 3108 1858 3164 in
1890 3108 2040 3164 occi-

385 3191 510 3246 dua
558 3190 824 3258 Saxonia,
860 3209 985 3263 quae
1037 3194 1252 3249 recenti
1310 3194 1699 3267 appellatione
1746 3197 2042 3254 Vestualia

385 3279 627 3345 dicitur,
660 3296 792 3334 cum
817 3297 949 3336 vera
980 3281 1055 3336 sit
1084 3299 1151 3338 ac
1180 3289 1345 3339 vetus
1375 3285 2036 3359 Saxonia,quemadmo-
2068 3261 2110 3327 C

387 3370 533 3423 dum
564 3368 844 3426 Cranzius
873 3370 1020 3427 Saxo
1061 3371 1359 3429 multoties
1408 3374 1467 3430 in
1511 3374 1773 3433 historiis
1802 3377 1926 3432 suis
1955 3377 2042 3432 in-

387 3458 605 3512 culcat.
640 3458 830 3514 Habes
860 3460 1261 3532 episcopatum
1292 3465 1830 3533 Monasteriensem,
1864 3482 1897 3519 a
1923 3482 2042 3521 ma-

382 3546 622 3617 joribus
653 3548 870 3603 nostris
918 3549 1469 3623 Mimingrodensem
1529 3553 1907 3626 appellatum,
1941 3555 2042 3627 qui

392 3637 565 3692 tertio
599 3637 723 3692 loco
753 3637 810 3691 in
862 3637 1114 3695 Saxonia
1158 3641 1528 3712 imperatoris
1575 3643 1820 3700 Caesaris
1858 3644 2044 3701 Caroli

396 3724 591 3797 Magni
627 3726 874 3798 Augusti
900 3728 1095 3783 studio
1116 3730 1473 3786 constitutus
1504 3736 1615 3788 est.
1644 3734 1784 3803 Ejus
1815 3750 2047 3805 semper

396 3830 613 3886 magna
645 3814 755 3868 fuit
782 3815 1203 3888 dignitas,qua3
1233 3822 1319 3873 vel
1354 3818 1489 3875 inde
1521 3824 1711 3891 potest
1741 3821 2040 3890 aestimari,

398 3904 554 3974 quod
586 3919 721 3959 cum
749 3904 1063 3975 aliquando
1112 3906 1522 3964 Bremonensis
1570 3909 2041 3981 archiepiscopus

397 3991 554 4047 hunc
588 3999 823 4063 peteret,
864 4010 978 4049 non
1010 3996 1171 4066 prius
1220 3997 1564 4069 impetrarit,
1598 4015 1774 4069 quam
1819 3999 2041 4054 archie-

394 4086 763 4152 piscopatum
799 4083 883 4138 illi
916 4091 1305 4155 postponeret,
1336 4092 1391 4141 et
1422 4086 1477 4140 in
1511 4088 2043 4159 commendam(uti

391 4171 800 4241 superioribus
831 4175 1002 4228 annis
1033 4173 1277 4229 barbare
1299 4176 1705 4246 loquebantur)
1737 4178 2041 4249 acciperet.

392 4259 465 4313 Es
497 4266 693 4314 autem
728 4260 862 4315 huic
892 4262 1113 4332 optimo
1153 4264 1288 4332 jure
1319 4264 1644 4334 praefectus,
1678 4264 1763 4320 vel
1796 4266 1867 4321 ob
1900 4265 2043 4321 insi-

387 4364 566 4419 gnem
600 4349 948 4419 sapientiam
986 4356 1166 4417 tuam,
1199 4350 1286 4406 vel
1320 4352 1511 4423 prisca
1548 4353 1927 4409 nobilissima:
1954 4354 2042 4410 fa-

391 4435 569 4491 miliae
599 4442 714 4490 tuae
745 4438 974 4493 merita.
1008 4438 1149 4494 Nam
1199 4439 1345 4495 Otho
1395 4440 1902 4512 Mimingrodensis
1946 4460 2046 4498 an-

390 4530 563 4580 tistes
595 4541 842 4581 numero
874 4544 987 4597 xu,
1022 4544 1217 4585 comes
1264 4529 1542 4597 Hoianus,
1577 4535 1827 4602 agnatus
1877 4537 2037 4588 tuus.

2151 1941 2263 1996 nisi
2298 1943 2442 1996 forte
2472 1942 2793 2013 contingat,
2827 1947 2891 1998 ut
2934 1943 3248 2013 imperator
3293 1947 3710 2022 Romanorum,
3744 1957 3801 2007 et

2149 2048 2248 2086 rex
2280 2031 2984 2103 Graecorum,conjugslia
3016 2033 3230 2090 foedera
3251 2036 3403 2092 inter
3424 2038 3575 2095 filios
3598 2058 3798 2097 eorum

2150 2120 2493 2175 contrahere
2541 2121 2876 2192 disponant.
2924 2122 3088 2177 Tunc
3135 2124 3289 2179 enim
3336 2127 3600 2184 Ecclesiae
3644 2131 3801 2187 illius

2149 2210 2464 2281 episcopus
2496 2226 2629 2264 cum
2662 2216 2903 2281 sumptu
2929 2228 2962 2266 ι
2985 2227 3114 2282 rege
3145 2213 3239 2267 vul
3274 2214 3621 2285 imperatore
3642 2219 3802 2274 adhi-

2150 2298 2270 2353 bito
2304 2298 2559 2354 laborem
2599 2297 2775 2352 simul
2836 2304 2891 2353 et
2947 2298 3225 2356 honorem
3290 2301 3445 2359 illius
3494 2304 3800 2378 legationis

2150 2392 2431 2441 assumet.
2461 2387 2529 2442 Et
2559 2402 2625 2442 ea
2655 2386 2727 2441 de
2779 2404 2957 2443 causa
3009 2389 3346 2456 statuimus,
3380 2397 3444 2447 ut
3497 2394 3554 2449 in
3596 2397 3797 2453 eodem

2150 2474 2274 2530 loco
2305 2476 2515 2531 Graecae
2552 2476 2886 2548 Latinasque
2936 2476 3145 2533 schola:
3176 2478 3235 2534 in
3266 2487 3612 2553 perpetuum
3643 2486 3797 2541 ordi-

2152 2564 2384 2621 natione
2444 2572 2643 2621 nostra
2699 2572 3013 2622 maneant:
3076 2585 3179 2623 nec
3234 2586 3494 2642 unquam
3554 2573 3797 2631 clericos

2151 2657 2458 2728 utriusque
2487 2656 2699 2728 linguze
2730 2673 2944 2728 gnaros
2969 2658 3273 2716 defuturos
3292 2662 3661 2721 conﬁdimus.
3698 2688 3725 2714 η

2225 2747 2339 2801 Hoc
2372 2747 2659 2817 majorum
2690 2745 2958 2802 instituto
2990 2753 3187 2804 motus
3221 2751 3373 2807 haud
3407 2754 3583 2811 dubie
3621 2773 3799 2827 supe-

2152 2834 2289 2890 riori
2321 2851 2474 2890 anno
2504 2834 2783 2891 dominus
2816 2842 3030 2907 noster,
3061 2837 3379 2911 imperator
3408 2842 3599 2899 Caesar
3618 2844 3799 2900 Maxi-

2152 2924 2431 2979 milianus
2462 2924 2507 2979 ll
2538 2924 2869 2997 Aug.ﬁliam
2895 2942 3063 2981 suam
3098 2944 3297 3000 regum
3331 2930 3796 2991 Christianorum

2152 3014 2406 3068 maximo
2427 3014 2775 3085 desponsam
2792 3030 2894 3086 per
2906 3020 2961 3070 te
2980 3015 3348 3087 potissimum
3371 3020 3577 3077 deduci
3592 3025 3797 3081 voluit:

2152 3121 2266 3177 quo
2299 3104 2535 3177 quidem
2558 3105 2616 3159 in
2650 3121 2890 3161 munere
2909 3107 3174 3163 obeundo
3199 3126 3470 3182 magnam
3495 3113 3796 3172 industria:

2150 3192 2589 3266 prudentiaeque
2618 3191 2848 3249 laudem
2882 3193 3175 3251 invenisti.
3208 3198 3370 3261 Quod
3400 3202 3448 3255 si
3489 3209 3641 3261 recte
3672 3223 3793 3262 rem

2150 3283 2442 3340 mstimare
2471 3282 2738 3354 velimus,
2772 3284 3053 3355 majorem
3082 3284 3142 3341 in
3174 3287 3247 3343 iis
3277 3287 3421 3345 locis
3452 3298 3796 3363 potestatem

2150 3391 2184 3428 a
2214 3371 2417 3428 multis
2442 3371 2611 3426 annis
2638 3370 2849 3427 habuit
2878 3389 3083 3431 nemo:
3116 3392 3292 3448 quam
3339 3379 3577 3450 quidem
3618 3382 3796 3439 felici-

2149 3466 2329 3517 tatem
2362 3459 2498 3517 boni
2528 3476 2734 3516 omnes
2783 3462 3005 3517 eximia;
3038 3464 3236 3521 virtuti
3282 3470 3393 3522 tuae
3425 3469 3678 3527 debitam
3713 3472 3795 3528 fa-

2150 3555 2369 3617 tentur,
2403 3566 2470 3606 ac
2498 3548 2603 3605 tibi
2634 3547 3023 3622 gratulantur.
3070 3552 3326 3617 Quorum
3358 3556 3417 3612 in
3460 3576 3702 3617 numero
3735 3566 3799 3619 ut

2152 3656 2247 3694 me
2290 3656 2523 3710 quoque
2568 3639 2869 3695 arbitreris
2916 3656 3063 3705 esse,
3097 3659 3165 3697 ac
3211 3661 3402 3701 meam
3451 3647 3603 3705 hanc
3642 3649 3801 3706 velut

2152 3727 2632 3783 acclamationem
2652 3727 2899 3799 benigne
2918 3728 3189 3801 accipias,
3220 3734 3391 3790 etiam
3417 3742 3593 3809 atque
3619 3739 3796 3795 etiam

2153 3814 2604 3888 rogo.Fortassis
2625 3816 2898 3871 offeretur
2926 3816 3241 3889 aliquando
3264 3822 3406 3878 mihi
3430 3828 3654 3883 occasio
3682 3828 3798 3884 mei

2156 3922 2295 3978 erga
2315 3910 2476 3960 tuam
2492 3902 2881 3960 excelsitatem
2895 3906 3076 3961 animi
3089 3911 3513 3968 venerationem
3530 3914 3804 3973 illustrio-

2155 3996 2202 4051 ri
2228 3995 2479 4065 quodam
2503 3998 2843 4061 argumento
2861 3994 3443 4055 declarandi.Interea
3465 4018 3799 4075 summOpe-

2157 4100 2216 4139 re
2249 4089 2402 4155 peto,
2432 4088 2496 4136 ut
2526 4083 2789 4136 studium
2824 4083 2882 4136 in
2915 4082 3023 4138 hoc
3043 4099 3253 4155 genere
3278 4089 3524 4159 publicis
3546 4108 3797 4149 commo.

2155 4173 2245 4227 dis
2267 4170 2735 4241 serviendi,quod
2762 4170 2957 4226 animo
2982 4188 3109 4228 meo
3133 4174 3400 4245 pluribus
3422 4180 3493 4234 ab
3518 4182 3686 4237 annis
3712 4182 3799 4237 in-

2152 4261 2327 4330 sidet,
2361 4276 2473 4314 non
2506 4259 2677 4313 modo
2708 4266 2940 4330 gratum
2995 4260 3210 4318 habeas
3241 4270 3416 4337 atque
3456 4270 3685 4339 probes,
3718 4272 3802 4327 uti

2152 4365 2293 4405 sane
2325 4350 2615 4403 facturum
2643 4352 2698 4402 te
2729 4347 2985 4403 conﬁdo:
3022 4351 3121 4406 sed
3144 4352 3318 4408 etiam
3354 4355 3545 4412 favore
3565 4363 3664 4415 tuo
3698 4360 3802 4416 be-

2152 4437 2558 4509 nignitateque
2603 4435 2789 4507 magis
2812 4437 3048 4505 excites,
3068 4456 3245 4511 quam
3278 4445 3577 4504 exhaustis
3608 4449 3801 4520 gravi-

2152 4528 2264 4582 bus
2296 4524 2582 4580 molestiis
2614 4526 2862 4596 experiri
2886 4526 3222 4597 jucundum
3270 4538 3378 4588 est.
3411 4534 3575 4601 Vale,
3607 4536 3804 4594 claris-

390 4614 905 4686 Tekeneburgensi
936 4620 1166 4683 comite,
1191 4616 1440 4688 aliisque
1466 4620 1826 4691 domitis,qui
1858 4620 2045 4676 Eccle-
2074 4629 2121 4694 D
2155 4617 2303 4671 sime
2334 4613 2632 4685 Princeps,
2668 4630 2874 4685 meque
2905 4632 3007 4686 per
3032 4617 3182 4674 hanc
3211 4619 3679 4681 lucubrationem
3708 4644 3798 4683 re-

390 4705 493 4757 siaa
524 4704 928 4773 possessiones
958 4711 1161 4760 contra
1182 4706 1286 4777 jus
1320 4708 1522 4777 fasque
1552 4709 1910 4777 invaserant,
1942 4708 2045 4764 im-

391 4792 640 4847 mortale
701 4809 912 4848 nnmen
963 4796 1050 4865 (ut
1106 4795 1292 4865 ipsius
1351 4795 1612 4851 historici
1668 4797 1861 4852 verbis
1892 4801 2042 4873 utar)

389 4881 546 4951 apud
582 4897 723 4937 suos
755 4882 1251 4955 reliquit,propter
1266 4885 1496 4940 additas
1516 4884 1751 4941 dicecesi
1774 4884 2040 4953 ditiones,

2151 4703 2587 4760 verendissimae
2619 4702 2937 4759 excelsitati
2983 4712 3093 4761 tua:
3136 4724 3199 4763 se
3228 4711 3577 4781 tradentem,
3612 4716 3669 4769 in
3704 4732 3797 4771 eo-

2152 4810 2284 4848 rum
2320 4807 2648 4857 numerum,
2696 4808 2843 4863 quos
2900 4794 3089 4865 gratia
3138 4797 3649 4874 benevolentiaque
3700 4809 3801 4860 tua

2151 4880 2434 4953 dignaris,
2482 4879 2743 4951 recipito.

1485 5040 1598 5090 ΕΙΣ
1638 5038 2011 5091 ΓΡΠΓΟΡΙΟΝ
2048 5037 2177 5087 ΤΟΝ
2216 5033 2698 5085 ΝΑΖΙΑΝΖΗΝΟΝ

1763 5138 1853 5190 ΙΩ.
1894 5138 1934 5186 Ο
1975 5132 2428 5188 ΛΕΩΓΚΛΑΙΟΣ.

1033 5358 1133 5418 DE
1175 5358 1431 5420 GREGO
1441 5358 1567 5420 R10
1611 5360 2037 5420 ΝΑΖΙΑΝΖΕΝ

2151 5352 2487 5417 IOANNES
2528 5351 3144 5419 LEUVENKLAIUS.

386 5599 718 5678 Γρηγορεοιο
749 5599 966 5679 λόγους,
1001 5601 1140 5681 μέγα
1170 5613 1366 5684 χρῆμα
1393 5605 1483 5663 καί
1515 5608 1891 5685 Ἀττικοεργὶς

458 5688 789 5769 Ἀτριγὲως,
821 5690 873 5748 ἒν
902 5691 1038 5769 ὲμῇς
1066 5695 1225 5767 ἡνίκα
1253 5696 1440 5776 χερσὶν
1471 5694 1610 5776 ἔχω.

2145 5619 2407 5694 Gregorii
2440 5619 2672 5691 quoties
2705 5619 2901 5693 Hyblae
2930 5624 3254 5683 redolentia
3282 5633 3482 5685 nectar

2216 5716 2281 5767 In
2315 5709 2587 5767 manibus
2606 5724 2773 5768 verso
2802 5710 3025 5785 scripta
3054 5712 3272 5771 diserta
3301 5717 3448 5772 meis
3473 5736 3488 5776 :
