4184 6202
304 342 428 402 35Ἶ

1332 338 1663 402 JOANNIS
1707 336 2241 402 LEUVENKLAII
2287 338 2723 399 PR/EFATIO.

3614 343 3734 403 358

309 471 579 529 zianzeni
608 471 776 527 libris
809 487 922 526 non
955 471 1126 526 editis
1156 487 1291 543 spes
1324 477 1467 537 erat,
1502 488 1648 542 quos
1676 472 1815 525 dum
1851 469 1978 541 api-
2007 471 2061 537 Α
2094 468 2278 523 moria
2310 469 2538 540 publice
2570 469 2706 526 visis
2738 471 2951 526 rectius
2983 472 3244 543 impendi
3275 471 3530 529 laborem
3557 473 3734 530 inter-

310 578 637 628 sceremur,
653 561 711 615 in
731 560 845 616 alio
858 561 1076 615 versari
1102 559 1977 632 malebamusinterpretationis

312 668 550 724 genere,
571 669 683 721 quo
707 651 1035 722 paratiores
1067 651 1136 705 ad
1170 651 1595 705 Nazianzenum
1617 651 1936 705 rediremus
1962 664 1976 703 :

319 742 525 812 itaque
559 741 1038 812 XenOphonteam
1058 740 1278 794 interea
1298 739 1764 794 lucubrationem
1797 738 1983 809 publi-

317 829 470 896 cavi,
507 835 565 883 et
595 829 854 900 Gregorii
886 828 1131 900 Nysseni
1164 845 1234 882 xv
1264 828 1559 883 orationes
1605 830 1665 882 in
1693 830 1983 884 Canticum

315 923 685 986 canticorum,
748 917 1226 988 Constantinique
1302 916 1588 972 Manassis
1655 915 1981 972 Chronicon

322 1011 752 1081 interpretatus
769 1005 1154 1070 sum.0uibus
1169 1006 1443 1061 omnibus
1461 1005 1818 1078 expoliendis
1841 1006 1983 1059 dum

318 1103 647 1171 occupatus
679 1101 769 1153 est
798 1096 1034 1151 animus
1068 1112 1254 1161 meus,
1284 1111 1461 1166 seque
1501 1100 1689 1150 totum
1722 1094 1987 1149 alacriter

318 1190 394 1243 ad
443 1186 896 1243 elaborationem
950 1185 1232 1239 institutis
1286 1183 1544 1256 Gregorii
1591 1183 1986 1240 conversionis

319 1284 533 1351 parat;
571 1275 949 1332 commodum
995 1272 1326 1345 Theologus
1369 1277 1566 1329 noster
1597 1273 1801 1329 Latina
1829 1276 1989 1328 veste

320 1365 554 1439 vigiliis
587 1366 706 1421 tuis
735 1368 978 1421 ornatus
1028 1363 1239 1435 prodit.
1295 1363 1428 1426 Quas
1469 1379 1560 1417 res
1608 1379 1724 1417 non
1756 1367 1989 1417 tantum

327 1473 450 1511 non
487 1455 735 1511 molesta
763 1454 941 1525 (quod
976 1451 1285 1507 usuvenire
1331 1451 1620 1523 plerisque
1646 1451 1812 1522 solet,
1843 1467 1992 1522 mgre

331 1545 666 1600 ferentibus
697 1544 926 1599 officere
949 1541 1116 1612 quasi
1150 1540 1475 1595 luminibus
1497 1541 1621 1595 suis
1651 1539 1815 1610 alios)
1843 1540 1990 1594 acci-

331 1634 423 1689 dit
456 1634 654 1688 animo
679 1648 846 1697 meo;
881 1631 980 1686 sed
1005 1631 1179 1685 etiam
1205 1630 1490 1699 voluptati
1515 1630 1641 1696 fuit,
1673 1629 1992 1700 praesertim

329 1729 726 1796 posteaquam
753 1723 1012 1791 inspecto
1034 1720 1202 1789 libro,
1223 1725 1278 1774 et
1295 1718 1588 1790 eleganter
1605 1719 1709 1773 abs
1731 1723 1784 1773 te
1806 1735 1992 1783 versa,

331 1830 444 1869 nec
508 1812 635 1867 sine
685 1811 909 1882 judicio
970 1808 1244 1881 pleraque
1300 1807 1576 1863 viderem.
1629 1811 1840 1862 Verum
1895 1807 1994 1862 ubi

329 1902 615 1974 deinceps
648 1901 717 1956 ad
761 1905 866 1954 tua
905 1898 1130 1953 collatis
1182 1898 1274 1962 iis,
1311 1914 1438 1969 quaa
1488 1897 1611 1967 ipse
1643 1897 1900 1952 Latinam
1936 1896 1994 1952 in

328 1991 604 2064 linguam
634 1988 1165 2060 transcripsissem,
1207 1986 1267 2040 in
1318 1985 1680 2042 orationibus
1724 2004 1818 2040 χιι
1849 2003 1996 2057 prai-

330 2080 494 2136 clare
526 2079 598 2134 ab
631 2077 752 2133 Elia
781 2077 1041 2132 Cretensi
1073 2077 1359 2131 enarratis
1401 2075 1585 2130 multa
1616 2093 1749 2129 cum
1791 2076 1863 2130 ob
1897 2093 1998 2130 va-

332 2171 457 2226 rias
481 2174 818 2223 nostrorum
840 2166 1104 2221 codicum
1125 2164 1673 2236 antiquissimorum
1694 2163 1998 2232 lectiones,

330 2266 466 2314 tum
520 2262 721 2313 acutas
771 2255 1086 2311 admodum
1164 2253 1300 2309 Elia:
1346 2252 1783 2320 declarationes,
1828 2253 1999 2324 longe

335 2348 518 2404 aliter
546 2363 580 2401 a
611 2361 703 2401 me
733 2345 1022 2410 traducta,
1057 2360 1229 2414 quam
1252 2342 1372 2398 tuis
1402 2343 1458 2396 in
1484 2341 1650 2398 libris
1670 2343 1999 2414 reperiren-

331 2444 463 2505 tur,
499 2436 1064 2492 animadverterem:
1109 2433 1352 2488 minime
1387 2432 1488 2487 tibi
1540 2431 1848 2487 molestum
1885 2432 2001 2487 fore

342 2528 662 2600 putabam,
691 2525 741 2580 si
791 2524 897 2579 hac
928 2523 1164 2596 quidem
1218 2523 1277 2577 in
1310 2527 1472 2594 parte
1511 2538 1612 2593 pro
1658 2522 1775 2577 tuis
1803 2525 2004 2576 nostra

338 2633 480 2671 cum
515 2613 733 2669 Elianis
784 2613 1226 2670 commentariis
1276 2613 1585 2683 conjuncta
1625 2626 2005 2683 reponerem:

339 2711 557 2762 cetera
608 2720 762 2771 vero,
818 2720 944 2774 qua:
998 2703 1210 2774 partim
1262 2701 1471 2756 Nicetm
1528 2701 1764 2772 adjutus
1807 2717 2001 2773 Opera,

337 2795 565 2867 partim
603 2810 705 2865 per
735 2799 790 2847 te
821 2791 1065 2848 feliciter
1095 2807 1160 2847 ac
1192 2792 1452 2846 studiose
1482 2790 1913 2857 transtulisses,
1944 2789 2005 2844 in

341 2883 606 2940 editione
639 2881 987 2939 Nazianzeni
1025 2884 1224 2935 nostra
1253 2896 1493 2950 prorsus
1526 2879 1607 2933 uti
1635 2880 1738 2934 abs
1770 2884 1824 2934 te
1857 2880 2008 2933 facta

341 2973 627 3033 fuissent,
645 2970 976 3024 retinerem.
1001 2971 1191 3040 Atque
1214 2969 1321 3023 hoc
1345 2969 1581 3039 quidem
1607 2969 1752 3023 citra
1773 2983 2006 3022 omnem

340 3062 634 3117 invidiam
667 3076 731 3114 eo
757 3058 880 3113 fieri
917 3075 949 3113 a
974 3075 1065 3112 me
1096 3073 1266 3129 posse
1290 3056 1679 3112 conﬁdentius
1711 3055 2007 3112 existima-

344 3153 510 3218 bam,
547 3149 705 3220 quod
739 3147 1163 3217 nonnullajam
1196 3145 1538 3204 Nazianzeni
1566 3146 1783 3218 scripta
1803 3150 2010 3201 nactus

347 3256 566 3310 essem,
600 3237 817 3309 quibus
849 3253 1157 3308 nunquam
1188 3235 1473 3291 hactenus
1505 3241 1705 3291 nostra
1734 3251 1874 3290 sane
1904 3251 2018 3290 me-
2049 3217 2091 3284 C

2089 557 2429 629 pretationis
2460 559 2631 613 amici
2656 560 3018 628 judicabant,
3055 578 3231 632 quam
3265 562 3312 617 si
3344 563 3448 618 abs
3483 581 3539 619 re
3572 565 3735 638 prius

2089 646 2384 701 elaborata
2413 650 2578 717 quasi
2606 653 3018 704 retexerentur.
3046 652 3351 706 Accessere
3383 654 3658 727 deinceps
3683 661 3738 710 et

2090 735 2203 790 alia
2234 737 2521 808 quaedam,
2558 736 2690 790 hinc
2723 739 2854 792 inde
2897 745 3174 811 congesta
3204 741 3415 812 partim
3447 743 3738 800 industria

2092 831 2311 893 nostra,
2359 825 2571 896 partim
2622 826 2942 882 amicorum
2993 845 3120 900 cpe,
3173 847 3298 901 quae
3346 832 3474 903 ipsa
3505 851 3737 906 quoque

2093 931 2225 968 cum
2259 915 2618 969 Nazianzeno
2668 915 2724 969 in
2779 915 2966 971 lucem
3022 919 3366 988 proferenda
3409 926 3738 980 necessario

2092 1004 2445 1059 viderentur.
2480 1005 2543 1059 In
2594 1021 2707 1075 quo
2747 1021 2956 1076 genere
3002 1006 3208 1063 Nicetes
3251 1014 3738 1071 commentarium

2095 1093 2154 1148 in
2188 1095 2502 1148 sententias
2532 1097 2650 1148 tam
2683 1093 2932 1165 singulis
2951 1111 3126 1165 quam
3151 1101 3453 1168 quaternis
3483 1102 3743 1158 inclusas

2095 1183 2384 1248 versibus,
2418 1181 2586 1238 Pselli
2639 1184 2708 1237 de
2740 1183 3065 1240 difﬁcilium
3112 1186 3455 1244 Nazianzeni
3484 1190 3744 1248 locorum

2098 1271 2396 1327 intellectu
2430 1271 2667 1338 librum,
2702 1271 2934 1327 Cmsarii
2967 1276 3225 1344 germani
3259 1277 3604 1335 Nazianzeni
3637 1282 3747 1336 fra-

2099 1361 2206 1416 tris
2228 1360 2489 1432 dialogos
2517 1379 2589 1427 IV,
2614 1366 2771 1416 tomo
2791 1362 2956 1417 tertio
2975 1363 3414 1422 exhibebimus:
3445 1376 3508 1422 ut
3525 1374 3747 1426 taceam

2102 1451 2171 1505 de
2204 1451 2523 1506 multorum
2577 1453 2834 1507 locorum
2887 1454 3376 1524 restitutionibus,
3427 1475 3551 1530 quae
3584 1460 3750 1516 libris

2103 1539 2326 1611 aliquot
2354 1542 2692 1594 venerandis
2740 1544 3042 1596 vetustatis
3087 1545 3282 1599 studio
3331 1553 3528 1602 nostro
3578 1550 3750 1605 colle-

2104 1631 2212 1684 ctis
2243 1633 2299 1682 et
2333 1629 2558 1684 collatis
2588 1631 2890 1685 debentur.
2917 1637 3276 1705 Quapropter
3301 1639 3572 1707 equidem
3606 1640 3750 1693 mihi

2106 1718 2399 1790 polliceor,
2434 1723 2487 1773 te
2517 1720 2704 1773 virum
2730 1722 3049 1790 sapientem
3079 1740 3142 1778 ac
3174 1725 3432 1791 doctum,
3468 1729 3750 1797 optimam

2107 1808 2164 1860 in
2199 1813 2422 1879 partem
2455 1808 2760 1863 consilium
2793 1815 3056 1864 nostrum
3087 1811 3626 1884 interpretaturum.
3658 1824 3756 1874 De-

2108 1897 2202 1951 bet
2223 1895 2376 1951 enim
2401 1897 2603 1952 abesse
2627 1915 2760 1952 cum
2781 1898 2938 1952 omni
2961 1900 3031 1954 ab
3055 1901 3359 1958 hominum
3379 1921 3609 1978 genere,
3630 1912 3754 1963 tum

2107 1985 2378 2040 litteratis
2399 1986 2770 2057 potissimum
2796 1987 3046 2043 invidia:
3068 1991 3286 2060 quibus
3307 2009 3433 2049 esse
3450 1994 3591 2050 nihil
3613 1998 3758 2052 anti-

2110 2074 2282 2144 quius
2317 2092 2420 2145 par
2451 2080 2557 2145 est,
2593 2091 2767 2146 quam
2805 2082 2863 2130 ut
2913 2082 2968 2133 et
2999 2078 3106 2148 ipsi
3144 2081 3419 2150 juvandze
3461 2085 3597 2140 totis
3626 2086 3757 2140 viri-

2109 2165 2219 2218 bus
2251 2163 2581 2234 reipublicae
2613 2166 2908 2229 studeant,
2943 2173 3000 2220 et
3044 2167 3188 2223 alios
3219 2170 3371 2226 idem
3418 2171 3756 2230 institutum

2111 2257 2384 2322 urgentes
2417 2269 2529 2306 non
2565 2253 2734 2307 modo
2763 2270 2876 2309 non
2907 2253 3084 2311 livore
3107 2259 3360 2327 quodam
3395 2261 3755 2333 impediant;

2111 2341 2210 2395 sed
2245 2341 2418 2395 etiam
2453 2341 2604 2396 ultro
2637 2341 2931 2398 benevolis
2964 2345 3466 2405 cohortationibus
3487 2354 3755 2408 excitent.

2113 2432 2236 2495 Qua
2266 2431 2334 2485 de
2387 2448 2446 2484 re
2495 2430 2764 2502 pluribus
2812 2449 3064 2503 agerem,
3122 2436 3234 2491 nisi
3265 2443 3315 2491 te
3375 2441 3758 2510 probaturum

2113 2519 2428 2574 editionem
2455 2520 2603 2575 hanc
2632 2520 2798 2592 plane
2821 2523 3192 2591 conﬁderem,
3217 2530 3271 2580 et
3296 2525 3563 2583 lubenter
3584 2532 3759 2586 etiam

2115 2609 2477 2680 agniturum,
2508 2611 2880 2678 conjunctam
2936 2612 3080 2667 hanc
3127 2630 3254 2669 esse
3303 2632 3416 2671 non
3465 2622 3583 2672 tam
3620 2636 3757 2674 mea)

2115 2715 2246 2752 cum
2283 2699 2446 2752 fama
2496 2700 2907 2771 propagatione
2958 2708 3121 2770 (nam
3170 2703 3330 2759 illam
3374 2723 3478 2777 ego
3518 2709 3762 2764 minime

2117 2787 2393 2858 spectavi,
2419 2788 2514 2842 sed
2542 2787 2856 2844 utilitatem
2886 2790 3179 2861 publicam
3206 2794 3439 2863 potius),
3465 2813 3638 2866 quam
3667 2798 3765 2852 ho-

2117 2892 2254 2930 nore
2286 2875 2684 2948 dignitateque
2705 2883 2807 2932 tua
2832 2896 2844 2931 :
2871 2896 3043 2950 quem
3066 2881 3136 2935 de
3166 2885 3250 2936 tot
3270 2885 3597 2939 orationum
3630 2903 3768 2957 poe-

2118 2970 2460 3036 matumque
2491 2967 2865 3022 conversione
2911 2969 3117 3024 merito
3168 2971 3302 3026 boni
3334 2989 3538 3029 omnes
3569 2981 3624 3030 et
3653 2975 3764 3032 Na-

2118 3054 2374 3110 zianzeni
2426 3063 2940 3112 monumentorum
2994 3059 3242 3115 studiosi
3278 3064 3579 3119 amabunt.
3628 3065 3768 3122 Vale

2121 3143 2363 3201 Basilea.
2400 3163 2452 3202 a.
2487 3147 2543 3201 d.
2577 3145 2610 3200 3
2641 3145 2787 3202 Non.
2820 3146 2953 3203 Jan.
2986 3164 3138 3204 anno
3172 3149 3403 3206 Domini
3439 3154 3593 3209 1571.

2393 3405 3777 3430 ...___.....__...__._________________

1050 3550 1534 3611 ORTHODOXO
1576 3548 1911 3610 LECTORI
1953 3549 2297 3611 JACOBUS
2343 3551 2647 3614 BILLIUS
2694 3554 3090 3616 SALUTEM.

441 3811 585 3867 Cum
621 3808 680 3864 in
713 3806 1019 3864 Basiliensi
1052 3807 1311 3880 Gregorii
1343 3806 1524 3862 nostri
1565 3807 1818 3863 editione
1847 3807 2026 3863 Joan-

368 3917 509 3955 nem
543 3897 994 3953 Leuvenklaium
1029 3897 1315 3952 orationes
1338 3896 1578 3967 aliquot,
1613 3896 1832 3951 Elianis
1859 3901 2026 3952 Com-

372 3989 684 4046 mentariis
712 3987 1068 4059 explanatas,
1104 3985 1472 4042 transtulisse
1519 3987 1818 4056 vidissem,
1853 3989 2027 4057 atque

373 4080 622 4149 insuper
674 4078 745 4132 ad
796 4077 986 4148 operis
1035 4075 1249 4131 calcem
1299 4075 1701 4130 annotationes
1743 4075 2027 4145 quasdam

375 4167 687 4237 adjecisse,
717 4166 774 4220 in
799 4165 1035 4236 quibus,
1067 4163 1380 4219 laureolam
1404 4163 1626 4219 scilicet
1648 4165 1707 4218 in
1732 4172 2030 4218 mustaceo

377 4272 671 4327 quaerens,
699 4255 746 4309 si
771 4254 936 4326 quid,
962 4254 1018 4307 in
1041 4270 1152 4322 quo
1180 4253 1435 4309 auctoris
1457 4257 1710 4318 mentem
1744 4269 1859 4307 non
1886 4253 2033 4308 satis

380 4346 434 4401 ei
468 4348 776 4400 assecutus
805 4359 933 4399 esse
981 4343 1198 4407 videar,
1248 4340 1677 4409 animadvertit,
1714 4341 1885 4412 idque
1917 4359 2032 4396 non

379 4440 503 4489 tam
535 4450 604 4488 ex
637 4449 741 4488 suo
768 4432 1027 4504 ingenio,
1061 4447 1235 4501 quam
1269 4446 1338 4485 ex
1380 4431 1514 4495 Elia:
1547 4429 1812 4502 aliusque
1837 4432 2035 4501 cujus-

383 4525 520 4579 dam
543 4522 723 4578 Greci
748 4519 1352 4590 scholiastaejgestigiis
1374 4519 1466 4574 vix
1487 4520 1598 4575 dici
1633 4524 1844 4590 potest,
1859 4536 2035 4590 quam

385 4613 637 4668 libenter
671 4627 738 4666 ac
767 4610 895 4665 leto
927 4579 1209 4754 aniﬁd
1240 4576 1526 4681 proferat.
1555 4576 1836 4679 Equidem
1870 4576 2038 4664 aliter
2067 4576 2113 4640 D

385 4699 726 4754 existimare
757 4717 872 4754 non
907 4699 1071 4754 noter
1165 4701 1191 4754 ’.
1223 4698 1385 4754 quin.
1420 4698 1520 4754 aui
1563 4697 1622 4753 in
1653 4697 1864 4753 erratis
1894 4696 2037 4753 alio-

385 4699 726 4757 existimare
757 4717 872 4755 non
907 4696 1191 4771 poterilﬁ,
1223 4698 1385 4769 quin,
1420 4698 1520 4769 qui
1563 4697 1622 4753 in
1653 4697 1864 4753 erratis
1894 4696 2037 4753 alio-

387 4806 524 4846 rum
555 4789 826 4844 notandis
857 4804 921 4844 ac
954 4787 1322 4860 publicandis
1352 4791 1471 4842 tam
1515 4786 1788 4842 sedulum
1821 4791 1878 4842 et
1906 4786 2037 4841 dili-

388 4884 622 4952 gentem
643 4895 703 4934 se
725 4879 1089 4950 praebuisset,
1115 4877 1173 4932 in
1197 4876 1290 4944 iis,
1320 4893 1445 4949 quae
1470 4875 1596 4947 ipse
1615 4876 2036 4943 transtulisset,

392 4986 508 5024 non
542 4984 836 5023 summam
889 4967 1206 5038 quamdam
1257 4967 1582 5020 doctrinam
1630 4969 1805 5036 atque
1836 4965 2041 5020 indus-

391 5059 586 5120 triam,
611 5055 698 5109 καὶ
722 5052 934 5108 πάντων
957 5057 1064 5108 τῶν
1090 5053 1288 5125 μώμου
1316 5051 1489 5126 βελῶν
1512 5050 1802 5126 ἀνωτὲραν,
1824 5053 2043 5125 praesti-

392 5147 581 5203 tisset.
608 5146 720 5202 Sed
753 5149 945 5200 tamen
977 5161 1109 5200 cum
1143 5144 1223 5198 ita
1254 5144 1374 5198 fera
1402 5148 1611 5198 natura
1640 5149 2042 5214 comparatum

393 5254 521 5291 esse
552 5235 787 5300 scirem,
810 5239 872 5288 ut
905 5234 1002 5305 qui
1029 5233 1086 5288 in
1118 5233 1360 5288 aliorum
1396 5233 1633 5302 scriptis
1659 5233 1968 5288 censendis
1990 5236 2046 5288 et

393 5325 706 5398 carpendis
732 5324 999 5378 lubenter
1027 5329 1353 5391 versantur,
1388 5322 1681 5375 interdum
1709 5321 1767 5374 in
1796 5322 1919 5376 suis
1947 5338 2047 5375 caa-

394 5416 642 5481 cutiant,
688 5414 747 5468 in
798 5418 1052 5468 mentem
1105 5411 1249 5466 mihi
1297 5411 1452 5465 venit
1499 5409 1766 5481 experiri,
1818 5427 1891 5465 an
1923 5411 2049 5482 ipse

395 5505 503 5561 hoc
533 5505 593 5559 in
644 5517 855 5576 genere
905 5501 1049 5571 αύτῷ
1096 5502 1173 5570 τῷ
1225 5497 1424 5574 μέτρῳζ
1479 5504 1544 5555 ut
1593 5499 1828 5555 Hesiodi
1874 5503 2048 5556 verbo

398 5601 550 5663 utar,
584 5592 839 5665 gratiam
871 5591 921 5646 ei
954 5589 1211 5646 remetiri
1245 5606 1498 5661 possem.
1540 5589 1740 5661 Neque
1769 5590 1924 5646 enim
1954 5607 2050 5645 ar-

397 5681 686 5753 bitrabar,
705 5697 820 5739 non
843 5681 972 5737 dico
1004 5695 1364 5752 quamquam
1393 5677 1594 5751 alium,
1623 5680 1724 5736 sed
1748 5695 1820 5736 ne
1850 5679 2047 5752 ipsum

2134 3807 2372 3878 quidem
2406 3808 2883 3876 Leuvenklaium,
2915 3811 3116 3883 iniquo
3157 3812 3351 3866 animo
3395 3811 3674 3882 laturum,
3709 3813 3783 3885 si,

2137 3896 2290 3966 quod
2321 3895 2590 3966 illejuris
2623 3897 2680 3951 in
2714 3915 2806 3952 me
2854 3899 3224 3970 sumpsisset,
3257 3899 3410 3956 idem
3459 3917 3691 3972 quoque
3724 3903 3782 3957 in

2138 3999 2270 4039 eum
2305 4001 2671 4056 usurparem.
2708 3986 2893 4057 Hujus
2925 4005 3092 4058 porro
3116 3989 3218 4056 rei,
3253 4005 3364 4043 non
3389 4006 3456 4044 ex
3486 3991 3783 4058 omnibus,

2141 4088 2268 4143 quis
2300 4090 2367 4127 ex
2397 4073 2505 4128 hoc
2529 4080 2760 4130 auctore
2791 4076 3087 4131 transtulit
3110 4077 3309 4148 (nimis
3333 4078 3487 4133 enim
3523 4080 3629 4134 hoc
3659 4081 3784 4135 lon-

2142 4177 2279 4233 gum
2317 4163 2541 4233 fuisset,
2569 4180 2671 4218 nec
2693 4164 2926 4221 animus
2950 4171 3072 4220 erat
3094 4168 3274 4222 bonas
3299 4167 3471 4222 horas
3495 4176 3611 4223 tam
3637 4168 3788 4224 male

2144 4251 2466 4322 collocare),
2502 4253 2601 4307 sed
2634 4269 2702 4308 ex
2733 4255 2903 4310 unico
2935 4255 3213 4325 opusculo
3242 4256 3568 4328 periculum
3605 4259 3792 4313 facere

2145 4339 2382 4412 placuit,
2418 4348 2469 4395 et
2519 4342 2749 4413 quidem
2794 4359 2862 4398 ex
2909 4361 2995 4415 eo,
3047 4346 3201 4416 quod
3247 4345 3425 4400 totius
3473 4346 3791 4403 voluminis

2145 4429 2306 4483 frons
2337 4434 2496 4485 erat:
2530 4436 2594 4484 ut
2616 4431 2856 4501 proinde
2879 4433 3023 4487 mihi
3047 4451 3253 4504 parum
3276 4434 3592 4491 verisimile
3614 4440 3791 4505 esset,

2147 4518 2333 4573 multa
2358 4518 2475 4572 illic
2507 4520 2718 4574 offendi
2754 4537 2942 4591 posse,
2977 4539 3102 4592 quas
3150 4524 3528 4593 quantumvis
3560 4541 3793 4580 moroso

2144 4606 2341 4662 lectori
2373 4608 2571 4662 minus
2595 4608 2994 4665 satisfacerent
3018 4627 3029 4666 :
3065 4613 3561 4684 quandoquidem,
3586 4614 3633 4669 si
3658 4613 3797 4685 quid

2147 4700 2236 4750 est
2267 4695 2322 4749 in
2358 4695 2475 4751 ullo
2524 4696 2762 4753 homine
2810 4699 3049 4772 ingenii,
3084 4701 3133 4756 si
3182 4701 3321 4771 quid
3373 4701 3696 4770 industriae,
3730 4720 3797 4757 ac

2149 4784 2484 4856 diligentia),
2502 4785 2558 4840 id
2583 4787 2641 4841 in
2654 4788 2844 4858 operis
2866 4789 3149 4860 principio
3172 4790 3544 4861 potissimum
3569 4791 3797 4847 elucere

2151 4874 2298 4929 solet
2325 4892 2337 4929 :
2375 4891 2478 4929 nec
2509 4876 2626 4930 fere
2656 4876 2969 4948 quisquam
3002 4879 3114 4934 nisi
3146 4879 3318 4951 plane
3343 4880 3638 4952 stupidus,
3673 4887 3796 4936 tam

2150 4963 2261 5018 cito
2295 4965 2628 5032 dormitare,
2665 4966 2881 5021 nedum
2915 4971 3155 5023 stertere
3187 4968 3409 5041 incipit.
3440 4969 3800 5042 Hancigitur

2149 5052 2343 5107 Vitam
2369 5069 2500 5107 cum
2529 5053 2913 5111 attentissime
2937 5057 3332 5129 perlegissem,
3358 5075 3488 5113 cum
3513 5076 3696 5130 eaque
3718 5061 3801 5131 ip-

2153 5141 2276 5196 sius
2295 5143 2738 5198 translationem
2756 5145 3157 5211 contulissem,
3175 5164 3385 5220 magna
3397 5165 3536 5202 sane
3554 5149 3622 5202 ad
3635 5150 3804 5204 mira-

2155 5231 2311 5284 tione
2326 5236 2560 5301 repente
2575 5249 2703 5285 sum
2730 5234 2991 5290 affectus.
3009 5236 3183 5290 Plane
3196 5238 3430 5306 etenim,
3448 5241 3653 5292 utcum
3671 5238 3805 5293 Gre-

2157 5320 2316 5390 gorio
2348 5325 2547 5373 nostro
2574 5320 2798 5391 loquar,
2829 5321 2981 5397 εὗρον
3012 5324 3482 5392 ἄπισταΕῐθηὶῐῐι,
3513 5332 3576 5381 ut
3600 5344 3804 5382 versus

2159 5409 2317 5480 ipsos
2340 5426 2453 5463 non
2476 5405 2659 5470 καλῶς
2683 5415 2770 5478 (ut
2791 5413 2858 5467 de
2885 5414 3123 5470 Platone
3145 5416 3384 5486 Gorgias
3416 5416 3685 5486 diccbat),
3703 5417 3803 5470 sed

2157 5497 2382 5551 κάκισται
2413 5516 2653 5570 prorsus
2692 5497 3064 5573 ἷαμϐίζοντας,
3116 5511 3292 5576 atque
3323 5505 3537 5575 ubique
3568 5523 3803 5578 παρανο-

2165 5591 2415 5659 μοῦντας,
2449 5588 2736 5661 omittam,
2771 5591 2963 5648 inveni
2986 5611 3138 5661 eum,
3170 5595 3265 5665 qui
3286 5594 3530 5649 aliorum
3562 5591 3802 5646 otl‘endi-

2161 5676 2293 5733 cula
2321 5681 2440 5733 tam
2473 5677 2675 5735 sedulo
2706 5681 2986 5756 explorat,
3018 5682 3077 5738 in
3108 5683 3232 5756 ipso
3255 5681 3454 5736 limine
3484 5680 3799 5754 plusquam
