4184 6202
378 357 495 416 359

1565 345 1741 409 res.
1790 344 2137 408 MOBELLI
2180 345 2595 439 PsoosMIA.

3566 62 3665 107 μετ’
3702 70 3713 73 π
3746 62 3763 63 "
4149 13 4184 270 I

3565 108 3665 157 λέξῃς,
3766 130 3767 133 η

378 489 618 553 centies,
664 504 778 542 non
828 485 1027 541 leviter
1073 483 1482 553 olfendentem,
1534 483 1631 537 sed
1683 479 2023 553 turpissime
2054 483 2105 550 Α
2136 482 2280 547 Quid
2302 482 3787 554 enimethnicus,quantumlibetChristianonomini

381 582 747 637 corruentem
772 574 1038 643 eum,qui
1069 590 1177 636 me,
1204 573 1251 626 si
1272 572 1410 643 quid
1439 573 1581 627 forte
1604 572 1662 626 in
1677 572 1885 628 Graecis
1902 572 2025 628 suis

380 668 677 725 codicibus
700 662 1007 729 invenerit,
1029 662 1177 729 quod
1200 678 1232 716 a
1256 661 1400 717 meis
1424 661 1751 727 dissentiat,
1768 661 1848 732 id,
1865 660 2024 717 nullo

378 756 639 813 adhibito
662 753 908 824 judicio,
943 756 1217 821 tanquam
1250 747 1473 821 ἕρμαιον
1514 750 1822 821 arripiens.
1857 756 2023 821 petu-

376 846 567 901 lanter
597 843 653 897 in
689 859 780 897 me
811 839 1096 905 insultat;
1129 840 1210 894 ita
1230 839 1493 894 hebetem
1520 845 1694 909 atque
1723 840 2021 903 obtusum,

379 940 442 990 ut
473 950 586 989 non
620 932 791 987 modo
825 929 1052 985 nullum
1086 929 1431 983 mendosum
1460 928 1806 983 vocabulum
1838 944 1942 999 per
1962 944 2025 984 se

376 1024 859 1081 animadvertere,
895 1019 1107 1072 nedum
1141 1018 1451 1072 emendare
1483 1018 1687 1087 possit,
1713 1017 1811 1071 sed
1848 1016 2024 1072 etiam

375 1110 761 1165 inlevissimis
785 1108 1118 1178 quibusque
1139 1106 1676 1175 interpunctionum
1692 1105 2024 1161 Graecarum

375 1200 531 1255 vitiis
564 1198 774 1253 misere
804 1196 1039 1259 haereat,
1073 1200 1247 1265 atque
1280 1195 1337 1249 in
1372 1211 1609 1249 sensum
1643 1194 1716 1248 ab
1766 1193 2025 1250 auctoris

377 1297 570 1344 mente
591 1285 1013 1342 alienissimum
1040 1300 1296 1355 praeceps
1318 1284 1539 1338 feratur
1561 1300 1573 1337 :
1594 1299 1726 1338 eum
1752 1283 2023 1354 denique,

375 1378 474 1449 qui
501 1377 677 1433 etiam
709 1374 1115 1431 celeberrimos
1161 1388 1425 1445 quosque
1466 1372 1720 1427 historia:
1751 1371 2022 1427 ecclesia-

377 1467 541 1522 sticas
571 1465 882 1535 scriptores
913 1460 1183 1534 exagitat,
1231 1462 1291 1516 in
1322 1460 1563 1515 historia
1607 1460 1687 1515 ita
1735 1461 1939 1515 rudem
1969 1468 2025 1517 et

369 1555 681 1627 hospitem,
716 1558 777 1608 ut
826 1569 895 1607 ne
929 1552 1162 1623 quidem
1218 1550 1274 1604 in
1324 1566 1436 1618 quo
1476 1550 1596 1603 Arii
1643 1566 1803 1604 error
1826 1549 2021 1604 consi—

366 1650 505 1709 stat,
542 1646 904 1715 perspectum
960 1642 1188 1705 habeat,
1238 1656 1437 1694 verum
1488 1655 1620 1693 eum
1664 1637 1818 1693 velut
1849 1633 2015 1709 διμυῆ

366 1734 681 1804 quemdam
714 1732 1048 1803 Cecropem,
1094 1727 1272 1783 simul
1321 1734 1378 1783 et
1426 1727 1793 1783 teterrimum
1840 1728 2018 1783 haere-

366 1822 679 1890 siarcham,
713 1826 769 1875 et
815 1820 1201 1874 orthodoxum
1252 1817 1420 1873 nobis
1456 1833 1557 1888 per
1604 1833 1897 1871 summam
1930 1817 2015 1870 in-

366 1912 592 1965 scitiam
626 1910 843 1981 pingat.
877 1910 1221 1978 Quanquam
1249 1905 1390 1960 illud
1428 1910 1782 1976 postremum
1816 1906 2012 1961 minus

367 2000 578 2053 mirum
612 1997 791 2051 videri
832 1998 1023 2057 debet,
1075 1996 1132 2049 in
1167 1994 1402 2049 homine
1451 1993 1774 2064 praesertim
1807 1994 1884 2048 ita
1916 2010 2009 2048 ca-

365 2086 639 2153 chectico,
676 2092 739 2140 ut
769 2085 819 2140 ei
845 2082 1032 2154 magis
1063 2082 1287 2154 placeat
1329 2082 1594 2136 Zosimus
1625 2081 1917 2149 ethnicus,
1950 2082 2008 2136 in

361 2176 609 2247 optimos
669 2175 1068 2245 imperatores,
1119 2188 1185 2226 ac
1231 2172 1303 2225 de
1356 2170 1683 2225 Christiana
1732 2170 2010 2242 religione

360 2265 632 2336 praeclare
663 2262 920 2330 meritos,
955 2260 1223 2315 caninam
1256 2275 1426 2314 suam
1458 2258 1678 2312 rabiem
1711 2274 2005 2327 evomens,

362 2369 534 2425 quam
571 2352 648 2424 pii
683 2351 1018 2423 scriptores,
1043 2366 1076 2404 a
1097 2348 1312 2421 quibus
1334 2364 1532 2403 eorum
1554 2346 1756 2403 laudes
1788 2347 2005 2403 littera-

361 2460 489 2498 rum
525 2440 923 2497 monumentis
955 2438 1374 2493 commendatae
1413 2441 1570 2493 sunt.
1600 2435 1757 2492 Testi
1790 2441 1878 2491 est
1908 2453 2007 2492 ve-

357 2549 501 2586 sana
532 2530 632 2586 illa
663 2530 949 2602 planeque
982 2527 1284 2598 sacrilega,
1321 2531 1379 2580 et
1406 2542 1474 2580 ex
1505 2525 1817 2581 Christiani
1849 2526 2007 2581 orbis

360 2621 577 2675 finibus
607 2636 738 2674 cum
774 2622 1047 2689 perpetua
1070 2616 1326 2688 parentis
1350 2615 1439 2670 sui
1470 2614 1793 2686 ignominia
1822 2620 2007 2669 exter-

362 2709 640 2763 minanda
670 2706 967 2778 Apologia,
1017 2704 1075 2758 in
1110 2721 1228 2775 qua
1276 2704 1357 2758 ita
1389 2720 1450 2759 se
1500 2703 1664 2772 gerit,
1716 2708 1780 2755 ut
1809 2718 2006 2773 quem-

358 2797 675 2851 admodum
699 2796 769 2850 de
792 2794 1033 2850 Milesiis
1050 2792 1189 2848 olim
1210 2792 1447 2863 quidam
1472 2791 1720 2857 dicebat,
1746 2806 1845 2846 eos
1866 2789 2008 2845 stul-

355 2894 443 2941 tos
478 2902 590 2941 non
625 2901 771 2950 esse,
807 2885 905 2938 sed
940 2884 1165 2948 eadem,
1187 2899 1315 2953 quas
1346 2881 1557 2936 stultos
1584 2880 1791 2945 facere,
1827 2880 1907 2933 ita
1937 2879 2007 2935 de

355 2990 421 3029 eo
456 2992 568 3028 non
603 2975 798 3028 minus
829 2972 1132 3027 commode
1163 2971 1275 3026 dici
1311 2972 1515 3042 possit,
1552 2968 2005 3024 Leuvenklaium

355 3064 631 3137 gentilem
661 3079 773 3117 non
806 3077 953 3127 esse,
987 3061 1087 3115 sed
1120 3060 1321 3116 eadem
1354 3076 1481 3131 quae
1518 3057 1765 3131 gentiles
1798 3058 2002 3112 tacere.

2133 571 2189 626 in
2201 574 2383 627 festus
2396 578 2451 627 et
2464 572 2728 628 infensus
2747 573 2953 639 hostis,
2969 574 3163 630 acrius
3181 591 3281 645 pro
3294 576 3495 647 gentili
3510 580 3786 648 scribere,

2134 677 2201 715 ac
2225 660 2479 717 furiosus
2490 666 2695 717 contra
2714 662 3078 717 Christianos
3100 664 3442 720 debacchari
3474 669 3784 739 potuisset,

2133 766 2311 820 quam
2341 753 2386 805 is
2416 750 2574 816 facit,
2607 752 2706 822 qui
2745 767 2805 806 se
2834 751 3255 821 Christianum,
3280 759 3339 809 et
3359 755 3596 826 quidem
3622 759 3788 814 defae-

2134 844 2352 904 catum,
2381 839 2726 911 profitetur?
2747 840 2851 895 Sed
2882 845 2947 896 ut
2970 842 3039 896 ad
3065 857 3187 896 rem
3211 844 3604 907 redeam.cum
3632 847 3687 902 in
3711 850 3784 906 iis

2130 928 2620 984 Annotationibus
2653 946 2800 1002 quas
2830 929 2966 985 huic
3013 929 3157 985 Vitae
3188 932 3571 1003 subjecimus,
3603 954 3781 1007 quam

2133 1034 2283 1087 saepe
2341 1014 2702 1095 δοκησίσοφος
2751 1019 2861 1074 iste
2920 1019 3228 1092 interpres,
3278 1026 3334 1077 et
3380 1022 3437 1077 in
3488 1026 3781 1083 vertendis

2133 1105 2345 1162 Graecis
2374 1108 2668 1175 erraverit,
2702 1113 2759 1162 et
2806 1108 2864 1162 in
2902 1109 3261 1181 corrigendis
3289 1126 3476 1166 caecus
3522 1114 3695 1170 fuerit
3724 1122 3783 1172 et

2133 1195 2191 1250 in
2225 1194 2317 1259 iis,
2352 1212 2478 1267 quae
2510 1196 2578 1250 ad
2606 1194 2911 1251 historiam
2945 1197 3258 1268 pertinent,
3285 1200 3577 1256 inscitiam
3610 1220 3778 1261 suam

2130 1284 2469 1355 prodiderit,
2490 1284 2811 1340 meridiana
2833 1285 2961 1341 luce
2982 1286 3197 1343 clarius
3219 1288 3633 1357 demonstrato,
3650 1298 3774 1350 tum

2131 1388 2263 1428 vero
2294 1372 2491 1427 lectori
2520 1374 2951 1444 conjiciendum
3002 1377 3353 1447 relinquam,
3386 1395 3520 1434 cum
3569 1381 3623 1437 in
3657 1400 3771 1439 uno

2132 1461 2531 1532 quaternione,
2586 1468 2643 1516 et
2700 1463 2939 1534 quidem
3018 1465 3206 1536 primo
3269 1467 3442 1524 toties
3504 1473 3771 1541 peccarit,

2130 1555 2369 1620 quanta,
2404 1550 2450 1605 si
2482 1552 2681 1605 omnia
2713 1568 2838 1623 quae
2870 1552 2995 1624 ipse
3036 1554 3357 1625 transtulit,
3403 1558 3472 1611 ad
3506 1561 3776 1616 eumdem

2131 1640 2370 1692 modum
2405 1638 2735 1693 examinare
2756 1646 2931 1711 atque
2948 1640 3220 1712 colligere
3248 1641 3587 1709 voluissem,
3618 1662 3776 1702 erro-

2130 1744 2257 1781 rum
2285 1727 2418 1782 llias
2440 1734 2495 1782 et
2515 1727 2793 1784 colluvies
2815 1729 3149 1786 exstitisset.
3180 1733 3303 1786 tlmc
3325 1732 3372 1787 si
3402 1733 3777 1793 Leuvenklaio

2129 1816 2377 1871 molesta
2405 1814 2551 1870 lectu
2586 1824 2743 1887 sunt,
2777 1818 2965 1873 discat
3002 1825 3431 1896 μετριοφρονεῖν,
3464 1829 3519 1878 et
3549 1840 3682 1879 cum
3714 1843 3776 1882 se

2121 1902 2227 1957 ἀπὸ
2257 1908 2353 1958 τοῦ
2384 1903 2767 1977 ἀναμαρτήτου
2800 1912 2916 1961 tam
2951 1907 3119 1980 longe
3160 1917 3447 1966 remotum
3480 1929 3609 1968 esse
3639 1931 3773 1985 per-

2121 1994 2348 2065 apiciat,
2386 1996 2773 2050 necessariam
2806 1996 2997 2067 potius
3024 1998 3080 2051 in
3106 1999 3229 2053 suis
3262 2004 3767 2073 recognoscendis,

2121 2099 2295 2154 quam
2323 2083 2376 2138 in
2398 2083 2668 2148 aliorum,
2693 2085 2815 2155 qui,
2841 2084 2980 2140 dum
3004 2085 3225 2155 vivunt,
3247 2087 3505 2161 sibiipsis
3530 2091 3770 2147 fortasse

2120 2170 2338 2225 mederi
2362 2176 2627 2243 possunt,
2652 2173 2878 2239 erratis,
2906 2174 3092 2243 iisque
3116 2174 3462 2248 plerumque
3486 2195 3765 2250 perquam

2118 2258 2364 2324 levibus,
2395 2261 2773 2316 traducendis
2808 2267 2981 2334 atque
3012 2264 3369 2320 insectandis
3398 2282 3631 2337 operam
3667 2286 3770 2341 po-

2119 2354 2239 2417 nat,
2292 2365 2470 2421 seque
2519 2349 2793 2421 deinceps
2840 2368 2907 2406 ex
2958 2368 3157 2407 eorum
3228 2371 3473 2410 numero
3520 2357 3773 2413 eximere

2119 2438 2369 2505 studeat,
2399 2437 2521 2509 qui,
2566 2444 2626 2493 ut
2675 2440 2745 2493 de
2795 2439 3020 2496 Arianis
3070 2442 3299 2497 dicebat
3346 2443 3770 2514 Nazianzenus,

2116 2526 2278 2581 lenes
2310 2526 2419 2581 sibi
2453 2528 2855 2597 suntjudices,
2881 2528 3012 2584 aliis
3034 2536 3227 2585 autem
3253 2533 3436 2587 severi
3465 2550 3767 2591 censores:

2117 2614 2360 2669 vulnera
2391 2615 2627 2680 habent,
2657 2620 2713 2669 et
2745 2615 2874 2670 aliis
2907 2616 3119 2673 vibices
3160 2618 3446 2689 objiciunt
3474 2639 3487 2688 ;
3523 2623 3775 2694 turpiter

2118 2703 2355 2769 cadunt,
2375 2710 2431 2758 et
2447 2703 2694 2759 aliorum
2715 2705 3172 2761 offensiunculas
3189 2709 3486 2779 exagitant
3504 2728 3517 2776 ;
3537 2710 3595 2765 in
3610 2728 3771 2767 emno

2116 2792 2518 2858 voluntantur,
2552 2798 2609 2848 et
2638 2810 2703 2847 ex
2728 2793 2977 2849 aliorum
3011 2795 3257 2851 maculis
3279 2797 3634 2869 voluptatem
3660 2800 3773 2855 sibi

2119 2881 2348 2973 ﬁngunt
2373 2906 2386 2945 ;
2412 2881 2659 2973 denique
2683 2898 2994 2973 Oppressos
3018 2884 3281 2941 trabibus
3308 2886 3508 2942 oculos
3531 2886 3768 2973 habent,

2115 2975 2172 3024 et
2204 2971 2457 3025 festucas
2490 2970 2622 3026 aliis
2655 2972 2868 3042 probro
2899 2979 3150 3028 vertunt.

843 3348 1364 3410 SANCTISSIMO
1408 3349 1505 3412 AC
1550 3350 2031 3414 BEATISSIMO
2074 3352 2337 3412 PAULO
2384 3350 2457 3424 V,
2505 3350 2894 3410 PONTIFICI
2942 3350 3282 3427 MAXIM”,

1520 3534 1572 3579 S.
1618 3535 1691 3580 ΕΤ
1733 3535 2069 3581 ΒυωιιιιιΑ
2114 3535 2317 3580 Ρεῡῠκ
2360 3534 2603 3580 OSCULA.

1777 3686 1887 3767 (Ex
1920 3687 2080 3749 Edit.
2116 3686 2318 3767 4609).

427 3995 506 4049 De
554 3992 900 4049 Sanctorum
952 3996 1191 4047 Patrum
1243 3994 1363 4045 tam
1416 3989 1768 4056 Graecorum,
1823 4006 2001 4061 quam
2033 3993 2077 4060 (ξ
2114 3993 2293 4057 tione,
2325 4009 2435 4048 non
2470 3996 2561 4047 est
2603 3991 2991 4063 dedignatus:
3026 3993 3194 4062 cujus
3238 3991 3499 4065 vestigiis
3531 3992 3761 4048 Genna—

355 4082 753 4137 Romanorum
776 4083 1031 4155 scriptis,
1058 4079 1392 4136 beatissime
1421 4084 1606 4145 Pater,
1631 4080 1767 4150 jure
1785 4095 1851 4134 ac
1881 4096 2004 4135 me-

355 4171 470 4224 rito
501 4169 613 4223 dici
648 4176 853 4241 potest,
886 4171 1036 4242 quod
1069 4171 1139 4224 de
1166 4169 1417 4224 Historia
1452 4185 1560 4222 sua
1606 4169 1811 4223 scribit
1840 4168 2000 4224 Thu-

354 4258 612 4329 cydides:
672 4263 868 4329 Κτῆμα
923 4257 975 4320 ἐς
1034 4257 1115 4311 ἀεὶ
1165 4256 1377 4330 μᾶλλον
1422 4256 1457 4324 ἢ
1508 4255 1796 4330 ἀγώνισμα
1844 4255 1895 4318 ἐς
1940 4256 2003 4311 τὸ

351 4350 696 4419 παραχρῆμα
722 4344 933 4400 ἀκούειν
969 4344 1239 4420 ξύγκειται
1285 4350 1631 4416 perpetuum
1667 4346 1998 4401 monimen-

350 4439 480 4490 tum
513 4435 707 4507 potius
729 4440 972 4505 exstare,
998 4452 1172 4507 quam
1198 4435 1350 4506 quod
1376 4434 1554 4488 animi
1577 4450 1754 4490 causa
1774 4435 1832 4489 in
1856 4452 2001 4507 prae-

350 4524 541 4580 sentia
571 4524 861 4579 audiatur.
896 4524 1201 4579 Enimvero
1223 4522 1511 4593 ejusmodi
1544 4539 1842 4578 sacrarum
1870 4540 1999 4579 mu-

348 4630 548 4669 sarum
590 4613 745 4667 fetus
776 4612 847 4668 ab
880 4612 1130 4683 ingeniis
1163 4611 1437 4666 maximis
1480 4615 1537 4665 et
1566 4612 1863 4667 mentibus
1892 4628 1999 4683 pu-

348 4701 601 4756 rissimis
633 4701 865 4773 Deoque
915 4701 1129 4756 afflatis
1178 4699 1524 4771 exprompti,
1576 4699 1744 4769 genio
1778 4700 1997 4771 Optimo

346 4790 605 4847 comitati
627 4787 1734 4846 cCanescentseclisinnumerabilibus:
1755 4793 1994 4845 netcum

343 4880 417 4936 iis
439 4884 703 4934 auctores
725 4878 959 4934 illorum
980 4895 1045 4933 ac
1070 4883 1336 4951 parentes
1355 4880 1518 4949 parte
1536 4876 1623 4931 sui
1648 4875 1905 4945 meliore,
1930 4883 1997 4934 ut

345 4966 508 5023 caelis
538 4985 653 5023 aavo
686 4967 1042 5040 sempiterno
1081 4968 1380 5032 fruuntur,
1428 4966 1514 5020 sic
1545 4965 1602 5019 in
1635 4965 1808 5020 terris
1841 4966 1995 5023 fama

342 5056 460 5112 veri
493 5058 727 5112 conscia
756 5058 969 5127 vivent,
1004 5056 1261 5128 quandiu
1296 5054 1523 5127 piorum
1564 5054 1991 5111 studiosorum-

344 5164 457 5219 que
479 5163 663 5219 genus
686 5147 987 5214 consistet,
1010 5153 1067 5201 et
1089 5162 1215 5217 qua:
1240 5146 1551 5218 μακαρῖται,
1574 5142 1671 5198 ille
1703 5144 1991 5199 memerita

346 5237 669 5308 prodidere,
701 5236 913 5291 diurna
944 5243 1347 5306 nocturnaque
1378 5250 1556 5288 manu
1588 5232 1844 5288 versabit
1871 5251 1883 5289 :
1912 5233 1990 5289 si-

344 5326 579 5397 quidem
629 5324 737 5380 hos
795 5330 1101 5380 thesauros
1154 5324 1242 5395 (ut
1290 5322 1481 5379 aiebat
1523 5321 1807 5377 Domitius
1838 5322 1990 5395 Piso)

344 5430 578 5470 censere
607 5418 852 5485 oportet,
888 5430 1001 5468 non
1034 5412 1234 5467 libros.
1259 5412 1476 5467 Idcirco
1498 5411 1568 5465 Ι).
1606 5410 1990 5483 Hieronymus

342 5502 610 5559 Ecclesiae
661 5502 931 5557 Romanae
981 5501 1284 5556 doctorum
1338 5498 1771 5565 celeberrimus,
1804 5500 1990 5557 eccle-

342 5591 613 5650 siasticos
644 5588 954 5661 scriptores
980 5590 1038 5644 in
1071 5589 1334 5644 ordinem
1358 5588 1638 5659 digerere,
1673 5604 1993 5661 eorumque

342 5680 674 5753 catalogum
706 5683 917 5748 texere,
943 5677 1136 5734 Dextri
1160 5677 1423 5751 praetorio
1453 5675 1702 5751 praefecti
1733 5676 1995 5735 cohorta-

2113 4080 2246 4136 dius
2276 4080 2656 4135 Massiliensis
2689 4080 2987 4141 insistens,
3023 4080 3081 4134 in
3106 4080 3345 4151 reliquis
3375 4079 3761 4151 scriptoribus

2111 4169 2524 4226 enumerandis
2580 4168 2915 4224 elaboravit.
2980 4171 3101 4223 llaec
3148 4174 3441 4224 tantorum
3502 4170 3758 4225 virorum

2112 4273 2305 4329 opera,
2331 4257 2523 4313 omnis
2549 4258 2779 4330 generis
2797 4258 3092 4323 doctrinm,
3118 4274 3186 4313 ac
3206 4256 3457 4313 ccelestis
3477 4262 3533 4312 et
3552 4257 3762 4313 divina

2112 4346 2509 4419 potissimum,
2559 4346 2718 4418 gazis
2772 4347 3001 4410 referta,
3034 4352 3091 4401 et
3141 4368 3170 4395 «ι
3204 4346 3439 4401 linenda
3481 4346 3674 4410 cedro,
3705 4351 3764 4402 et

2111 4436 2271 4491 tenui
2304 4435 2589 4491 servanda
2627 4450 2927 4506 cupresso,
2962 4456 2990 4484 ››
3032 4433 3269 4501 arculis,
3300 4429 3640 4505 κειμηλίοις,
3674 4434 3761 4490 bi-

2110 4524 2437 4590 bliothecis,
2455 4542 2487 4579 a
2509 4524 2882 4596 pontificibus
2898 4541 2963 4579 ac
2983 4523 3345 4594 principibus
3368 4522 3594 4579 litteras
3616 4522 3763 4580 litte-

2110 4619 2385 4686 ratosque
2406 4613 2743 4670 amantibus
2766 4617 2823 4667 et
2841 4613 3051 4685 pietate
3073 4612 3429 4684 insignibus,
3451 4613 3761 4685 magnifice

2107 4704 2370 4771 structis,
2406 4719 2621 4774 magna
2661 4719 2727 4757 ex
2763 4708 2922 4772 parte
2970 4706 3131 4757 sarta
3162 4706 3312 4756 tecta
3353 4706 3491 4755 sunt
3521 4717 3756 4755 conser-

2103 4799 2266 4849 vata:
2293 4797 2348 4848 et
2367 4790 2794 4865 typographicaa
2816 4791 3053 4846 demum
3077 4791 3216 4846 artis
3234 4790 3515 4845 librorum
3539 4806 3754 4861 prome

2105 4884 2301 4938 condas
2333 4881 2611 4937 beneflcio
2643 4881 2715 4935 ab
2755 4880 2971 4951 injuria
3000 4879 3281 4952 temporis
3329 4880 3754 4951 hominumque

2101 4972 2395 5027 vindicata
2425 4971 2683 5041 quotidie
2712 4969 3084 5024 reviviscunt.

2174 5060 2288 5115 Nec
2320 5059 2517 5115 minus
2548 5058 2718 5113 hodie
2765 5060 2824 5112 in
2875 5057 3076 5113 Galliis
3126 5073 3302 5129 quam
3353 5058 3410 5113 in
3456 5056 3591 5112 ullis
3622 5056 3752 5112 aliis

2101 5149 2411 5205 Christiani
2445 5148 2673 5221 imperii
2720 5147 2859 5213 oris,
2912 5147 3033 5202 haec
3082 5146 3377 5201 litterariae
3420 5146 3753 5217 reipublicae

2101 5256 2241 5295 cura
2266 5244 2321 5293 et
2350 5237 2533 5310 gloria
2562 5237 2718 5309 viget
2743 5254 2757 5303 ;
2787 5237 2895 5291 sub
2919 5235 3163 5291 Henrico
3189 5235 3279 5303 IV,
3315 5252 3448 5308 rege
3478 5234 3756 5290 Christia-

2100 5328 2369 5398 nissimo,
2420 5326 3012 5396 clementissimoque,
3070 5330 3134 5380 ut
3182 5324 3362 5379 armis
3406 5323 3643 5384 invicto.
3674 5323 3757 5378 ita

2101 5417 2260 5490 pacis
2292 5415 2506 5471 artium
2538 5412 2968 5481 amantissimo,
2991 5412 3163 5481 cujus
3188 5412 3451 5467 felicibus
3474 5410 3754 5482 auspiciis

2101 5494 2567 5553 reverendissimi
2599 5493 2796 5549 Galliae
2822 5492 3101 5565 episcopi,
3123 5492 3441 5560 antistites,
3477 5498 3534 5547 et
3563 5491 3753 5547 clerus

2102 5585 2357 5643 Francia:
2388 5582 2569 5655 regni,
2605 5598 2721 5637 uno
2768 5597 3081 5651 consensu,
3113 5598 3348 5637 summo
3382 5580 3599 5649 studio,
3631 5580 3753 5636 sin-

2101 5673 2290 5751 gulari
2322 5671 2678 5745 benignitate
2708 5686 2776 5728 ac
2804 5669 3174 5744 liberalitate,
3204 5670 3489 5744 optimam
3512 5684 3749 5745 operam
