4184 6202
1262 66 1301 79 ’ν-

1178 112 1187 119 ι

948 216 951 223 Α

708 320 711 329 Α

528 346 531 355 Α

92 378 107 389 L

374 440 391 449 ι

322 464 331 467 4
336 452 351 463 Ἀ

1453 381 1627 441 FED.
1675 379 2018 441 MORELLI
2062 378 2471 441 PROGSMIA.

3543 380 3663 441 362

242 513 311 568 in
360 512 469 566 hac
517 509 740 583 optima
788 525 847 564 re
894 510 1272 579 collocarunt,
1318 516 1383 565 ut
1431 510 1509 583 pii
1559 512 1903 583 probatique
1936 513 1983 577 Α
2015 514 2220 580 oraret,
2255 527 2386 565 cum
2438 510 2495 565 in
2538 512 2858 567 Sanctitate
2890 512 3013 566 Tua
3060 515 3145 565 tot
3191 508 3522 565 clarissima
3551 510 3666 565 vir-

247 600 561 672 utriusque
592 599 806 670 linguae
850 600 1201 670 scriptorum
1251 605 1513 655 auctores
1558 599 1781 666 sedulo,
1818 600 1905 653 ni-

248 690 392 756 tide,
428 688 601 749 culte.
636 688 1033 759 castigateque
1072 690 1225 761 typis
1272 689 1723 759 elegantioribus
1772 689 1902 742 cde-

251 783 487 845 rentur;
521 781 697 847 atque
744 776 850 831 hoc
903 777 1413 848 praeclarissimum
1447 783 1701 849 emptum
1735 782 1787 833 et
1816 776 1902 831 in-

249 866 529 921 stitutum
564 881 751 935 usque
782 864 924 918 adeo
958 863 1259 935 processit,
1294 870 1357 919 ut
1388 881 1455 919 ex
1490 864 1908 937 typographica

252 954 452 1010 radice
499 953 687 1008 imbre
726 970 899 1009 aureo
948 954 1189 1025 irrigata
1235 954 1588 1025 optimorum
1641 953 1906 1009 codicum

255 1040 601 1116 διγλώττων,
633 1043 987 1097 densissima
1015 1042 1161 1097 silva
1193 1042 1769 1114 pullulare'jncipiat.

327 1132 391 1187 In
428 1132 524 1187 his
554 1148 686 1187 vero
717 1131 833 1187 fere
866 1131 1184 1203 principem
1224 1131 1416 1187 locum
1448 1137 1649 1187 tenent
1677 1131 1911 1186 absolu-

250 1221 489 1277 tissime
536 1219 755 1292 scripta
802 1219 954 1275 beati
993 1220 1252 1292 Gregorii
1298 1221 1639 1276 Nazianzeni
1692 1219 1910 1275 theolo-

250 1325 465 1383 gorum
525 1308 835 1364 Orientalis
894 1308 1159 1364 Ecclesiae
1216 1308 1680 1385 κορυφαιοτάτου,
1737 1326 1908 1380 quem

257 1399 320 1454 Ι).
348 1398 738 1470 Hieronymus
771 1402 1181 1470 prazceptorem
1212 1416 1387 1453 suum
1418 1400 1603 1453 virum
1636 1398 1911 1469 eloquen-

253 1487 560 1543 tissimum
596 1487 888 1559 praedicat,
914 1503 1097 1559 eoque
1129 1487 1449 1559 scripturas
1476 1489 1820 1559 explanante
1853 1504 1914 1543 se

259 1576 542 1631 didicisse
573 1576 905 1632 conﬁtetur.
932 1576 1060 1631 Herc
1093 1582 1341 1648 utraque
1370 1577 1570 1649 lingua
1602 1577 1797 1649 Regiis
1830 1581 1912 1649 ty-

257 1665 354 1738 pis
386 1665 603 1719 Graecis
650 1682 804 1719 nunc
848 1669 1117 1719 accurate
1148 1666 1335 1735 quoad
1369 1667 1497 1736 ejus
1548 1666 1669 1721 fieri
1724 1666 1916 1737 potuit

258 1752 445 1823 edita,
473 1757 529 1807 et
557 1753 812 1823 quodam
853 1754 1028 1807 etiam
1073 1753 1451 1823 epistolarum
1486 1754 1767 1808 hactenus
1800 1770 1915 1807 non

257 1842 555 1897 editarum
606 1841 906 1896 corollario
956 1859 990 1896 a
1042 1842 1209 1897 nobis
1253 1841 1570 1912 cumulata,
1606 1843 1913 1913 cujusnam

258 1930 625 2003 augustioris
653 1930 909 1985 nominis
942 1930 1154 1986 tutiore
1203 1930 1473 2002 praesidio
1525 1932 1753 1986 munita
1784 1948 1915 2003 pro-

259 2020 461 2075 dirent
496 2020 554 2073 in
588 2019 915 2090 publicum,
949 2036 1127 2092 quam
1168 2024 1287 2087 tuo,
1322 2021 1488 2075 Pater
1525 2020 1916 2091 sanctissime,

260 2124 382 2181 quo
416 2124 533 2163 uno
566 2108 835 2164 Ecclesiae
864 2108 1175 2164 militantis
1206 2110 1361 2164 acies
1391 2110 1726 2165 recreatur?

336 2197 543 2252 Nonne
583 2197 1103 2253 reverendissimus
1153 2198 1349 2253 Sancti
1400 2198 1699 2254 Michaelis
1730 2215 1920 2253 caeno-

259 2286 512 2341 hiarcha
539 2286 792 2342 Jacobus
832 2286 1059 2355 Billius,
1091 2304 1124 2342 a
1152 2304 1265 2358 quo
1309 2287 1641 2360 pererudito
1673 2304 1738 2343 ac
1770 2287 1925 2343 fideli

260 2375 589 2446 interprete
645 2376 909 2446 ejusdem
960 2377 1222 2448 Gregorii
1283 2377 1626 2434 Nazianzeni
1687 2378 1925 2448 scripta,

264 2465 536 2537 primum
578 2464 885 2520 Latinitate
916 2465 1149 2535 donata,
1176 2470 1233 2521 et
1279 2466 1553 2538 Gregorio
1605 2466 1751 2537 XIII,
1784 2483 1926 2538 pon-

268 2554 417 2608 tifici
480 2554 733 2609 Maximo
783 2555 1048 2611 dedicata
1098 2556 1347 2626 fuerant,
1381 2558 1427 2611 si
1479 2557 1670 2627 hodie,
1703 2556 1930 2612 volente

270 2643 413 2710 Deo,
448 2644 521 2697 ad
573 2643 723 2699 hanc
762 2644 941 2699 vitam
990 2650 1377 2714 revocaretur,
1410 2644 1562 2701 ultro
1611 2645 1929 2701 libentissi-

269 2748 489 2804 meque
518 2732 844 2789 versionem
874 2733 1311 2806 editionemque
1336 2734 1753 2808 Gregorianam
1785 2736 1932 2790 Grae-

269 2820 653 2877 co-Latinam
686 2821 871 2878 eidem
922 2822 1260 2879 felicissimo
1294 2823 1528 2880 Nomini
1580 2828 1680 2879 tuo
1728 2839 1932 2880 conse-

2013 602 2207 653 tutum
2258 600 2521 654 omnium
2575 600 2765 655 sidera
2814 600 3209 671 conspiceret?
3257 600 3373 654 Hoc
3424 605 3575 655 certe
3608 601 3664 655 in

2016 688 2165 742 votis
2213 689 2392 743 fuisse
2441 693 2667 743 constat
2718 690 3101 744 nobilissimis
3152 688 3311 743 illius
3365 686 3666 760 μακαρίτου

2017 776 2488 847 consanguineis,
2525 778 2673 831 inter
2702 795 2848 849 quos
2890 779 3103 848 pietate
3144 783 3312 848 atque
3344 777 3668 833 eruditione

2020 880 2133 918 non
2165 864 2389 935 vulgari
2441 866 2656 919 eminet
2704 866 3223 920 reverendissimus
3274 864 3580 936 episcopus
3611 872 3670 919 et

2018 952 2136 1006 dux
2193 953 2632 1020 Laudunensis,
2695 971 2798 1026 par
2869 955 3155 1021 Francias,
3214 954 3414 1010 Jacobi
3489 954 3670 1009 frater

2018 1038 2468 1115 αὐτοκασίγνητος
2480 1082 2491 1095 .

2090 1131 2377 1203 Equidem
2410 1131 2491 1185 ita
2522 1131 2626 1186 feci
2676 1148 2741 1186 ac
2791 1130 3019 1197 lubens,
3054 1136 3118 1186 ut
3164 1136 3249 1187 tot
3295 1132 3559 1187 doctrina
3607 1148 3671 1187 ac

2021 1220 2312 1291 probitate
2344 1219 2665 1291 insignium
2700 1222 2955 1275 virorum
3005 1236 3316 1287 consensu,
3350 1220 3673 1276 antistitem

2023 1308 2178 1363 hunc
2209 1315 2265 1363 et
2296 1308 2544 1364 Orientis
2588 1308 2989 1380 theologorum
3021 1308 3200 1364 solem
3255 1309 3435 1364 radiis
3466 1308 3676 1363 nativis

2021 1397 2192 1451 Attici
2233 1396 2446 1468 leporis
2478 1401 2530 1451 et
2563 1398 2834 1453 ascititiis
2885 1398 3129 1453 Romani
3162 1398 3248 1452 tui
3301 1398 3674 1470 pontificatus

2022 1490 2284 1556 tempora
2324 1485 2619 1541 illustrare
2663 1488 3036 1558 gaudentem,
3072 1486 3377 1542 Sanctitati
3406 1488 3542 1541 Tuze
3593 1489 3677 1541 tot

2023 1574 2389 1629 heroicarum
2449 1574 2887 1646 cmlestiumque
2954 1578 3273 1648 gratiarum
3348 1575 3674 1631 luminibus

2025 1665 2283 1735 undique
2307 1663 2547 1737 fulgenti
2573 1665 2829 1720 dicatum
2856 1667 3258 1737 producerem.
3284 1665 3397 1720 Nec
3418 1682 3550 1720 vero
3572 1666 3676 1721 du-

2025 1752 2208 1807 bitare
2242 1753 2325 1807 fas
2349 1757 2458 1819 est,
2486 1752 2820 1809 beatissime
2845 1754 3030 1821 Pater,
3056 1754 3195 1825 quin
3232 1754 3457 1825 placido
3488 1753 3672 1819 vultu,

2028 1858 2142 1913 quo
2202 1842 2598 1897 Christianum
2653 1843 2889 1911 orbem,
2949 1847 3325 1914 tempestates
3386 1840 3677 1906 Ecclesiae,

2026 1932 2355 2002 ccelumque
2394 1948 2650 1997 serenas,
2683 1932 2839 1986 hunc
2891 1937 3367 2004 mystagogorum
3400 1931 3677 2003 Hyperio-

2031 2039 2165 2078 nem
2218 2022 2276 2076 in
2323 2018 2745 2092 augustissima
2792 2021 2858 2075 D.
2892 2020 3040 2076 Petri
3093 2020 3375 2076 cathedrae
3427 2019 3683 2077 sacraria

2031 2111 2279 2182 benigne
2305 2110 3288 2181 intromittas,acceptissimumque
3311 2108 3549 2164 habeas.
3566 2109 3682 2163 Hoc

2034 2203 2205 2271 prout
2238 2198 2404 2253 nobis
2437 2197 2957 2269 persuasissimum
2982 2204 3090 2266 est,
3115 2198 3197 2253 sic
3222 2216 3327 2253 nos
3361 2203 3507 2253 Deus
3539 2198 3683 2252 bene

2036 2294 2211 2354 amet,
2246 2293 2307 2342 ut
2335 2289 2619 2343 Sanctitas
2651 2288 2773 2343 Tua
2820 2287 2968 2343 votis
3018 2287 3141 2343 suis
3173 2288 3405 2358 divinis,
3434 2290 3681 2342 cunctus

2036 2382 2230 2434 autem
2266 2376 2493 2449 piorum
2526 2381 2709 2432 ccntus
2742 2382 2796 2432 te
2828 2377 3046 2449 optimo
3078 2376 3328 2432 maximo
3360 2393 3467 2433 suo
3504 2374 3687 2447 ponti-

2039 2468 2144 2523 fice
2189 2466 2391 2539 perdiu
2443 2466 2716 2538 potiatur.
2753 2466 2993 2522 Lutetiae
3024 2466 3379 2522 Parisiorum
3427 2482 3507 2521 xu
3559 2464 3683 2520 Kal.

2037 2556 2218 2629 April.
2252 2572 2446 2611 MDCIx.

2183 2646 2314 2700 Tuae
2348 2644 2734 2700 Beatitudinis

2536 2732 2915 2790 Humillimus
2954 2750 3153 2789 servus
3187 2732 3320 2788 Fan.
3355 2732 3689 2801 MORELLUS,

2717 2822 2960 2894 profess.
2994 2826 3051 2878 et
3079 2822 3368 2894 interpres
3399 2821 3617 2894 regius.

1548 3185 1689 3268 AD
1752 3181 2429 3270 LECTOREM.

1444 3358 1556 3429 (Ex
1604 3357 1752 3413 Edit.
1804 3357 2003 3414 Morel.
2056 3357 2195 3414 1609
2241 3361 2298 3412 et
2351 3356 2532 3427 1630.)

334 3654 467 3711 Scio
498 3671 616 3725 quo
645 3656 853 3711 tendas
884 3660 940 3711 et
980 3673 1271 3728 properes,
1305 3658 1655 3714 suavissime
1686 3676 1915 3725 rerum;
1950 3667 1993 3735 ρ
2032 3658 2280 3728 videtur,
2330 3657 2577 3714 collectis
2635 3660 2774 3712 sunt
2829 3654 2998 3711 varia
3058 3654 3335 3709 lectiones
3392 3652 3689 3724 quasdam,

267 3745 414 3816 quia
444 3760 575 3800 cras
602 3760 801 3800 serum
851 3750 939 3801 est
986 3763 1189 3819 sapere
1236 3753 1292 3802 et
1340 3747 1584 3815 discere,
1621 3748 1843 3803 discere
1874 3754 1929 3803 et

263 3850 475 3904 sapere
503 3834 591 3889 vis
636 3833 827 3890 hodie.
862 3835 1189 3901 Quominus
1237 3841 1387 3892 certe
1420 3836 1475 3891 id
1510 3837 1709 3903 facias,
1742 3837 1802 3891 in
1837 3853 1928 3891 me

266 3938 436 3976 more
486 3939 600 3978 non
660 3923 769 3978 erit
825 3923 962 3979 ulla.
993 3926 1204 3980 Vacuis
1257 3930 1313 3981 et
1370 3925 1655 3998 religiosis
1688 3925 1929 3981 auribus

262 4012 391 4065 tuis
417 4012 553 4065 dare
578 4012 719 4066 nihil
742 4012 1041 4081 constitui,
1068 4031 1181 4084 quo
1213 4014 1601 4069 ofi'endantur.
1624 4015 1680 4070 Si
1706 4016 1928 4086 patien-

264 4098 418 4154 tiam
454 4100 747 4171 paulisper
773 4103 1216 4159 accommodare
1240 4120 1350 4158 non
1387 4103 1659 4175 piguerit,
1686 4105 1829 4158 forte
1856 4120 1927 4157 an

264 4187 468 4243 brevis
504 4188 681 4258 hujus
726 4189 1017 4261 proloquii
1070 4192 1680 4263 meminissejuvabit.
1708 4192 1790 4245 Ad
1844 4192 1925 4246 tui

262 4274 501 4333 similes
532 4271 1014 4351 φιλογρηγορίους.
1050 4302 1077 4327 ‹‹
1098 4278 1322 4349 Quique
1344 4281 1436 4334 sui
1466 4296 1753 4335 memores
1785 4277 1930 4335 alios

266 4366 463 4421 facere
497 4366 792 4434 merendo,
822 4388 847 4415 ι)
884 4374 938 4422 te
970 4384 1125 4423 voco.
1161 4368 1254 4423 Sic
1285 4368 1462 4441 igitur
1492 4370 1720 4424 habeto.

342 4456 489 4510 Cum
534 4471 740 4510 novam
772 4456 1028 4527 Gregorii
1060 4455 1403 4512 Nazianzeni
1455 4474 1693 4528 operum
1727 4456 1929 4512 editio-

264 4561 410 4600 nem
446 4552 686 4615 utraque
716 4543 922 4617 lingua
952 4545 1189 4617 aggredi
1222 4546 1607 4601 constitutum
1643 4546 1868 4609 fuisset,
1902 4562 1932 4601 e

262 4648 332 4689 re
367 4632 502 4693 fuit,
534 4632 649 4687 imo
672 4648 857 4703 operas
891 4634 1141 4704 pretium
1173 4639 1397 4689 Graecos
1420 4634 1648 4689 codices
1672 4640 1932 4689 vetustos

264 4737 636 4791 comparare.
664 4726 780 4776 Hos
814 4722 981 4777 nobis
1012 4723 1436 4793 augustissima
1465 4723 1620 4795 regis
1651 4722 1929 4778 Christia-

268 4808 514 4866 nissimi
564 4809 920 4866 Bibliotheca
969 4811 1395 4882 suppeditavit;
1429 4816 1485 4865 et
1530 4811 1935 4882 amplissimus

265 4898 364 4953 vir
392 4898 651 4954 Jacobus
699 4899 1063 4970 Augustinus
1093 4900 1399 4968 Thuanus,
1435 4899 1605 4954 curiae
1650 4916 1933 4970 supremae

270 5003 520 5060 presses,
554 4987 1018 5043 vetustissimum
1049 4988 1399 5059 optimeque
1431 4993 1579 5044 notae
1612 4989 1934 5044 manuscri-

274 5080 452 5149 ptum
484 5094 516 5131 e
548 5074 783 5131 librario
816 5093 967 5147 penu
1000 5094 1105 5132 suo
1139 5077 1510 5148 perbenigne,
1543 5094 1659 5148 quo
1690 5078 1749 5132 in
1781 5076 1934 5132 litte-

275 5182 378 5222 ras
410 5170 499 5219 est
528 5164 745 5233 animo,
780 5165 1060 5221 exhibuit.
1090 5166 1283 5220 Alium
1316 5167 1575 5221 codicem
1608 5182 1738 5221 cum
1761 5167 1937 5222 variis

277 5258 707 5329 manuscriptis
754 5257 813 5313 in
862 5258 1057 5331 Belgio
1106 5258 1639 5315 eruditissimorum
1680 5257 1935 5313 virorum

279 5363 428 5403 cura
456 5346 768 5418 studioque
792 5347 1091 5415 collatum,
1118 5347 1289 5403 nobis
1319 5347 1407 5402 vir
1433 5346 1812 5403 doctissimus
1836 5349 1939 5400 An-

279 5436 483 5492 tonius
514 5436 839 5508 Vaquerius
865 5435 1329 5492 Noviodunensis
1361 5434 1837 5492 communicavit.
1860 5434 1940 5488 Ex

284 5525 358 5581 iis
388 5525 692 5581 codicibus
719 5541 865 5596 quos
900 5525 1422 5581 reverendissimus
1450 5524 1703 5580 Jacobus
1735 5521 1941 5578 Billius

284 5614 486 5671 Sancti
545 5613 847 5669 Michaelis
906 5614 1108 5681 abbas,
1172 5613 1386 5669 Latinas
1426 5612 1708 5668 versionis
1764 5611 1942 5681 hujus

285 5704 593 5775 scriptoris
645 5708 866 5773 auctor,
898 5702 1133 5775 legisse,
1164 5707 1265 5758 aut
1295 5706 1448 5758 certe
1479 5700 1795 5757 contulisse
1826 5717 1939 5756 non

578 5829 849 5892 Panos.
898 5829 1006 5892 Gn.
1052 5828 1301 5892 XXXV.

2039 3766 2154 3803 non
2190 3748 2562 3817 infrugiferse.

2105 3838 2233 3892 Jam
2265 3853 2397 3892 vero
2428 3836 2745 3891 editionem
2779 3835 3030 3889 Graecam
3061 3830 3464 3888 Germanicam
3497 3831 3568 3883 ab
3599 3845 3692 3883 eo-

2038 3926 2171 3980 dem
2206 3941 2509 3996 nunquam
2544 3924 2687 3978 satis
2735 3922 2971 3977 laudato
3020 3920 3185 3975 Billio
3218 3918 3527 3989 diligenter
3556 3933 3689 3970 cum

2040 4014 2237 4085 Regiis
2297 4012 2716 4083 manuscriptis
2774 4010 3065 4079 collatam,
3108 4015 3162 4064 et
3210 4024 3343 4063 cum
3404 4004 3691 4061 Mediceis

2040 4104 2250 4173 reginae
2276 4101 2508 4166 matris;
2542 4100 2730 4171 iisque
2752 4116 2897 4171 quos
2918 4097 3355 4153 illustrissimus
3378 4092 3692 4149 cardinalis

2040 4191 2287 4246 Sirletus
2344 4206 2412 4245 ex
2470 4189 2637 4245 Italia
2694 4189 2954 4255 miserat,
3004 4186 3149 4261 ἱερὰν
3209 4182 3692 4257 παρακαταθήκην,

2041 4280 2193 4336 ultro
2226 4279 2394 4334 nobis
2424 4277 2814 4334 commodavit
2844 4277 2909 4331 V.
2940 4278 3000 4332 C.
3034 4275 3251 4331 Paulus
3282 4273 3569 4339 Petavius,
3596 4272 3695 4325 Pa-

2042 4369 2308 4425 risiensis
2340 4368 2513 4423 curias
2565 4382 2850 4439 supremae
2884 4370 3116 4422 senator
3162 4363 3597 4435 integerrimus.
3634 4361 3695 4414 In

2042 4460 2170 4531 ejus
2203 4463 2396 4514 autem
2431 4458 2562 4513 libri
2612 4474 2711 4511 ora
2760 4452 3408 4527 marginali,variantes
3459 4450 3694 4521 quidem

2042 4548 2338 4616 lectiones,
2365 4548 2731 4617 conjecturas
2762 4552 2817 4600 et
2848 4544 3285 4600 emendationes
3326 4540 3530 4595 Billius
3561 4555 3695 4609 epe-

2045 4653 2177 4691 rosa
2198 4636 2506 4691 sedulitate
2535 4635 2909 4690 adnotaverat
2937 4651 2948 4688 :
2973 4636 3371 4688 verumtamen
3406 4626 3695 4683 academi-

2044 4742 2171 4780 cam
2187 4723 2601 4797 ἐποχῆνβῑᾳυθ
2615 4722 2975 4778 assensionis
2994 4721 3375 4776 retentionem
3396 4723 3513 4772 tam
3529 4718 3696 4769 caute

2045 4819 2496 4883 constanterque
2538 4813 2905 4879 adhibuerat,
2942 4817 3007 4865 ut
3036 4827 3211 4881 quam
3245 4804 3386 4878 λέξιν
3418 4804 3506 4857 καὶ
3541 4802 3694 4879 ῥῆσιν

2046 4904 2233 4973 magis
2266 4903 2741 4973 probaret,quam
2767 4899 3047 4970 rejiceret,
3070 4891 3367 4971 διαῤῥήδην
3395 4908 3696 4963 nunquam

2046 4991 2411 5062 exprimeret.
2437 4990 2585 5052 Quid
2629 4989 2723 5043 hic
2756 4988 2941 5060 agas?
2972 4990 3078 5053 An,
3115 4991 3178 5041 ut
3206 4984 3346 5040 olim
3388 4984 3627 5051 factum,
3661 4998 3696 5035 a

2044 5079 2310 5151 Philippo
2342 5079 2515 5135 tacito
2547 5083 2603 5133 et
2633 5078 2822 5149 sopito
2871 5078 2940 5133 ad
2996 5075 3333 5146 Philippum
3384 5072 3699 5127 excitatum

2044 5173 2453 5239 attentumque
2476 5166 2789 5239 provoces?
2813 5164 3105 5221 Nimirum
3129 5164 3199 5218 ab
3223 5159 3702 5232 interpretatione

2045 5257 2311 5328 ejusdem
2348 5256 2551 5311 Latina
2581 5254 2844 5310 omnium
2878 5254 3058 5310 ferme
3087 5251 3449 5308 eruditorum
3480 5248 3703 5304 theolo-

2047 5362 2253 5418 gorum
2279 5344 2499 5400 calculo
2522 5344 2879 5416 jamdudum
2902 5341 3223 5415 approbata
3252 5344 3615 5411 receptaque,
3641 5340 3705 5392 ut

2048 5434 2375 5491 Mercuriali
2397 5435 2648 5504 quadam
2670 5431 3311 5507 virga,dijudicandum
3335 5427 3575 5485 solerter
3598 5426 3708 5482 fuit

2050 5540 2174 5594 qum
2201 5523 2573 5595 potissimum
2599 5522 2792 5592 lectio,
2808 5526 2871 5578 ut
2891 5537 3190 5594 germana,
3210 5518 3506 5589 sequenda
3527 5520 3702 5572 esset.

2050 5613 2122 5667 At
2150 5612 2245 5667 hic
2275 5629 2442 5683 opus,
2478 5612 2571 5667 hic
2622 5610 2786 5668 labor
2816 5622 2958 5668 erat.
2997 5610 3081 5663 Ἐν
3110 5608 3193 5668 οἷς
3230 5604 3466 5678 μάλιστα
3498 5599 3702 5675 μεγάλο

2049 5700 2117 5755 τὰ
2184 5696 2520 5775 διαφέροντα,
2600 5696 2667 5766 ’ξίν
2740 5720 2793 5754 τι
2871 5698 3167 5753 πταίσωσιν
3247 5694 3298 5747 οἶ
3383 5692 3654 5763 κρίναντες
3691 5706 3703 5719 ⁹

3355 5821 3428 5878 12
