4184 6202
445 351 564 413 363

450 482 772 556 praesrtim
833 480 932 535 ubi
990 480 1260 552 προτιμᾷν
1322 471 1402 529 δεῖ
1457 475 1555 542 τὴν
1611 472 1892 544 ἀλήθειαν.

520 570 785 628 Occurrit
816 569 1013 623 divina
1042 566 1210 639 quasi
1242 564 1470 636 virgula
1501 564 1599 636 qui
1632 569 1711 630 te,
1734 563 1835 635 qui
1866 558 2108 637 φιλαλή-

449 670 558 722 om
591 674 814 718 omnes.
850 656 959 711 hoc
991 656 1146 711 fasce
1189 654 1423 722 levaret,
1458 652 1979 710 reverendissimus
2011 651 2111 705 Pa.

448 755 534 803 ter
558 749 771 803 Fronto
795 746 1061 812 Duczsus,
1087 744 1392 799 Socielatis
1414 743 1552 798 Jesu
1578 741 1920 811 theologus;
1948 744 2109 793 tanto

448 836 686 891 nomine
719 836 954 905 dignus,
982 839 1038 888 et
1070 832 1375 903 utriusque
1417 831 1627 902 linguae
1661 829 2057 901 peritissimus
2091 843 2104 881 ε

448 924 540 979 hic
574 924 866 979 indefesso
897 922 1094 977 labore
1132 922 1192 975 in
1237 919 1535 992 republica
1566 918 1895 974 Christiana
1924 922 1980 971 et
2012 915 2107 971 lit-

450 1014 665 1068 teraria
705 1012 987 1083 juvanda,
1026 1012 1082 1065 in
1117 1010 1224 1064 hoc
1256 1025 1429 1080 opere
1480 1008 1761 1080 palmario
1806 1006 2108 1061 assiduam

448 1103 854 1174 optimamque
915 1116 1152 1172 operam
1208 1098 1426 1170 Optime
1478 1096 1812 1163 collocavit;
1872 1096 2107 1150 tametsi

449 1192 652 1247 eodem
687 1196 950 1261 tempore
993 1188 1051 1243 in
1101 1185 1555 1261 Χρυσοστομείων
1592 1186 1797 1241 Latina
1844 1184 2110 1239 versione

450 1285 507 1337 et
546 1280 799 1335 editione
856 1277 1106 1349 bilingui
1166 1277 1574 1343 distineretur;
1635 1275 1736 1329 sed
1793 1279 2110 1343 utrumque

452 1365 721 1445 ἀσχολίας
758 1366 1046 1441 ὑπέρτερον
1079 1370 1306 1440 πρᾶγμα
1332 1364 1705 1420 existimavit.
1730 1363 1879 1427 Quid
1911 1369 2108 1417 autem

452 1456 819 1529 praestiterit,
865 1473 1081 1528 magna
1136 1472 1269 1509 cum
1319 1453 1501 1508 animi
1558 1453 1641 1507 tui
1691 1451 2015 1523 voluptate,
2056 1456 2109 1510 si

454 1551 709 1602 mentem
740 1546 1101 1614 adhibueris,
1135 1543 1301 1599 facile
1341 1542 1677 1614 perspicies.

525 1636 671 1702 Quid
731 1641 816 1704 tu,
849 1634 1105 1699 Morelle,
1137 1633 1390 1704 inquies,
1442 1631 1746 1687 nullamne
1786 1631 1899 1686 huc
1948 1646 2105 1701 sym-

454 1724 647 1780 bolam
676 1723 1018 1780 contulisti?
1043 1722 1325 1794 Equidem
1350 1736 1586 1793 operam
1610 1721 1894 1791 denegare
1918 1734 2106 1774 meam

454 1814 512 1868 in
545 1816 672 1884 ejus
704 1812 957 1869 auctoris
988 1811 1221 1883 scriptis
1252 1810 1514 1875 edendis,
1548 1810 1646 1881 qui
1691 1808 1833 1863 mihi
1865 1809 1935 1863 ab
1967 1808 2104 1864 ado-

454 1902 731 1958 lescentia
763 1902 821 1957 in
853 1900 1077 1956 deliciis
1122 1901 1251 1963 fuit,
1289 1898 1553 1971 religioni
1584 1897 1945 1953 habuissem.
1979 1898 2104 1969 Spi-

455 1992 729 2064 cilegium
764 1991 970 2045 saltem
1014 1989 1247 2058 aliquod
1281 2005 1383 2043 seu
1416 1988 1867 2042 racemationem
1900 1991 2103 2041 contu-

450 2079 667 2135 limus:
694 2086 783 2136 est
828 2079 924 2134 ubi
972 2079 1030 2133 in
1061 2077 1273 2133 Graecis
1308 2077 1559 2131 maxime
1591 2076 1784 2131 mendi
1819 2075 2109 2147 suspectis

450 2186 567 2240 qua
593 2170 664 2223 ab
690 2166 1179 2239 interpunctione,
1204 2182 1320 2237 qua
1339 2184 1372 2220 a
1394 2164 1721 2219 litterarum
1747 2164 2107 2235 trajectione,

454 2258 708 2313 medicas
740 2256 1017 2312 adhibere
1061 2271 1274 2310 manus
1321 2254 1661 2323 conjectura
1687 2251 1777 2308 vel
1806 2268 1915 2324 ope
1964 2269 2109 2309 mss.

1641 343 1819 404 FED.
1862 340 2209 405 MORELLI
2252 342 2662 405 PROCEMIA.

2131 480 2185 544 Α
2214 475 2571 531 tentavimus
2623 493 2637 530 :

2136 1861 2184 1924 B

3746 345 3866 407 364
3890 346 3893 349 ’

2689 481 2746 531 et
2796 475 3168 533 corollarium
3227 477 3606 549 epistolarum
3655 474 3875 532 ἀνεκδό-

2220 581 2325 617 των
2359 564 2684 635 adjecimus
2715 581 2850 621 cum
2872 564 3136 621 versione
3165 570 3367 622 nostra
3386 566 3741 623 cuicuimodi
3772 568 3869 637 sit,

2219 658 2664 725 extemporanea
2694 660 2949 719 certe,et
3000 656 3168 710 unico
3219 659 3417 711 nostro
3471 657 3873 729 manuscripto

2220 742 2460 812 antiquo
2493 759 2767 815 magnam
2818 747 3041 813 partem
3074 742 3240 809 fulta,
3272 742 3625 819 ταχυγράφου
3677 749 3871 817 potius

2220 831 2526 900 cujusdam
2551 847 2727 901 quam
2750 827 3129 907 καλλιγράφου
3151 849 3329 887 manu
3353 839 3586 889 exarata
3607 851 3619 887 :
3642 839 3707 889 ut
3724 835 3873 890 bene

2217 924 2426 989 agatur
2482 936 2616 974 cum
2646 936 2713 976 eo
2763 921 2865 991 qui
2892 921 3086 989 vertit,
3113 921 3163 976 si
3194 944 3221 971 «
3256 923 3412 977 intra
3468 938 3633 994 spem
3688 924 3871 979 venite

2219 1012 2448 1074 cautus,
2494 1008 2693 1063 vitavit
2745 1007 3003 1080 culpam,
3053 1026 3167 1064 non
3220 1010 3451 1065 laudem
3514 1013 3755 1078 meruit;
3804 1028 3871 1067 ex

2218 1111 2395 1167 opera
2425 1095 2673 1152 nimium
2725 1096 2897 1152 celeri
2946 1115 3199 1168 curaque
3230 1104 3481 1155 carente.
3506 1122 3536 1149 τι
3570 1100 3694 1156 Nisi
3741 1102 3869 1172 ejus

2219 1185 2483 1240 animum
2516 1186 2863 1257 perpendes,
2887 1187 2989 1257 qui
3021 1187 3167 1242 nihil
3190 1192 3309 1241 tam
3334 1204 3509 1243 suum
3531 1204 3661 1245 esse
3682 1190 3865 1256 duxit,

2219 1291 2395 1345 quam
2428 1275 2583 1345 quod
2616 1280 2773 1333 esset
2802 1274 3123 1347 publicum.

2289 1363 2597 1429 Caeterum,
2622 1364 2671 1419 si
2704 1364 2813 1419 hoc
2835 1380 3068 1435 quoque
3091 1365 3240 1420 scire
3262 1382 3415 1433 aves,
3444 1364 3519 1426 ὡς
3552 1363 3701 1419 οὐδὲν
3728 1365 3863 1439 γλυ-

2216 1451 2437 1525 κύτερον
2503 1451 2531 1519 ἥ
2586 1454 2760 1507 πάντα
2816 1449 3034 1524 εἱδάναι,
3075 1454 3341 1510 consulto
3397 1456 3673 1525 sejunctas
3728 1460 3866 1512 sunt

2220 1544 2505 1613 perdocta:
2557 1542 2709 1598 Billii
2756 1544 3185 1612 adnotationes,
3218 1550 3275 1599 et
3302 1560 3435 1599 cum
3472 1546 3682 1603 Nicetes
3729 1546 3869 1602 alio-

2219 1648 2464 1703 rumque
2495 1631 2944 1688 scholiastarum
2986 1634 3425 1689 commentariis
3456 1634 3515 1689 in
3546 1636 3869 1691 secundum

2218 1726 2439 1776 tomum
2489 1720 2858 1777 commodius
2919 1723 3182 1793 rejectis;
3235 1722 3336 1794 qui
3394 1740 3561 1778 sacra
3609 1724 3871 1796 Gregorii

2218 1808 2402 1865 nostri
2453 1814 2740 1880 poemata,
2774 1814 2832 1866 et
2890 1811 3113 1867 scholia
3153 1828 3279 1883 qua:
3338 1817 3569 1867 exstant
3624 1813 3683 1867 in
3742 1813 3870 1884 ejus

2214 1914 2391 1969 opera
2410 1902 2603 1953 Graece
2624 1898 2841 1970 pariter
2871 1906 2928 1954 et
2951 1899 3153 1955 Latine
3173 1901 3515 1956 continebit.
3539 1901 3697 1967 Vive,
3718 1901 3865 1968 vale,

2217 1992 2273 2041 et
2302 2003 2429 2059 quae
2478 1988 2710 2053 dantur,
2741 1988 2891 2060 sequi
2922 1989 3179 2059 bonique
3205 1988 3466 2056 consule,
3502 1999 3556 2045 et
3604 1991 3868 2045 muneris

2219 2079 2391 2147 atque
2440 2076 2632 2147 operis
2681 2076 2859 2147 hujus
2905 2082 3190 2146 auctores,
3223 2079 3543 2148 adjutores,
3577 2077 3871 2154 συνεργούς

2222 2182 2356 2220 ama
2386 2183 2399 2221 :
2434 2182 2660 2221 memor
2688 2165 2848 2222 illius
2880 2167 3218 2239 Pythagorea
3251 2168 3415 2239 dicti,

2294 2253 2382 2321 Μή
2416 2249 2636 2328 ἔχθαιρε
2694 2252 2854 2329 φίλον
2904 2255 2993 2308 σὸν
3053 2252 3363 2330 ἁμαρτάδας
3422 2253 3593 2309 εἵνεκα
3645 2262 3866 2331 μικρῆς.

1564 2512 1864 2568 LECTORI
1915 2515 2295 2567 <I>IAAAHGEI
2334 2513 2754 2583 ,MORELLUS.

1620 2612 1722 2683 (Ex
1743 2610 1880 2666 edit.
1910 2611 2065 2679 1609,
2088 2614 2230 2666 tom.
2260 2612 2330 2680 Il,
2360 2612 2432 2667 ad
2455 2612 2691 2667 calcem.

522 2744 645 2799 Non
681 2740 828 2813 fugit
875 2756 981 2794 nos
1034 2737 1283 2809 pectoris
1316 2736 1403 2791 tui
1434 2736 1672 2803 candor,
1706 2736 1804 2806 qui
1857 2733 1992 2789 facit
2040 2740 2106 2789 ut

454 2832 650 2889 omnia
681 2829 831 2901 aequi
862 2828 1113 2897 bonique
1146 2824 1439 2888 consulas,
1464 2829 1520 2878 et
1559 2822 1780 2878 calculo
1815 2828 1913 2877 tuo
1945 2839 2101 2877 com-

454 2923 661 2993 probes
692 2936 817 2989 quae
852 2918 1001 2971 bono
1053 2914 1280 2986 publico
1311 2912 1529 2984 suscipi
1580 2929 1643 2966 ac
1694 2912 1889 2983 perfici
1921 2912 2101 2965 vides.

456 3010 675 3066 Idcirco
725 3022 829 3061 nec
885 3004 1195 3059 molestum
1258 3020 1361 3057 nec
1419 3001 1805 3070 injucundum
1847 3000 1951 3054 tibi
1987 3000 2104 3054 fore

454 3097 749 3161 duximus,
776 3095 823 3149 si
859 3091 1137 3165 propositi
1169 3090 1513 3160 consiliique
1546 3090 1726 3143 nostri
1761 3106 1826 3143 ac
1862 3106 1971 3144 non
1995 3089 2101 3142 du-

2216 2739 2323 2802 est,
2369 2736 2426 2789 in
2480 2740 2705 2791 tomum
2760 2737 3085 2792 secundum
3133 2737 3481 2807 rejiciendas
3511 2743 3864 2795 censuerat:

2215 2824 2429 2896 quippe
2487 2824 2586 2895 qui
2643 2829 2879 2879 caeteras
2936 2825 3168 2892 Nicetes,
3218 2824 3405 2891 Pselli,
3469 2824 3675 2890 Nonni,
3731 2825 3863 2881 Elisa

2214 2913 2503 2968 Cretensis
2534 2914 2941 2969 annotationes
2970 2918 3025 2967 et
3056 2914 3504 2969 commentarios
3538 2914 3867 2984 complexu-

2213 3017 2313 3054 rus
2354 3004 2495 3067 erat,
2530 3017 2645 3054 una
2694 3017 2826 3054 cum
2857 3000 3114 3071 Gregorii
3166 3002 3449 3071 poematis
3483 3020 3495 3058 :
3533 3018 3599 3057 ex
3647 3002 3865 3073 quibus

2214 3088 2490 3158 quoniam
2532 3087 2691 3143 mille
2740 3088 2967 3143 circiter
2998 3106 3063 3144 ac
3096 3090 3329 3145 ducenti
3378 3107 3580 3147 versus
3629 3089 3866 3145 iambici

454 3188 558 3243 bize
583 3182 992 3241 destinationis
1017 3180 1073 3235 in
1098 3179 1436 3251 D.Gregorii
1462 3177 1802 3234 Nazianzeni
1830 3178 2101 3249 operibus
2133 3172 2175 3238 C
2215 3178 2697 3232 desiderabantur
2752 3178 2811 3232 in
2870 3179 3038 3250 regiae
3098 3178 3465 3235 Bibliotheca:
3540 3179 3866 3247 codicibus,

453 3278 644 3332 ϐτεεοθ
677 3278 732 3328 et
765 3272 966 3326 Latine
998 3271 1055 3323 in
1090 3268 1276 3323 lucem
1317 3268 1557 3322 edendis
1589 3273 1643 3321 te
1674 3267 1871 3338 paucis
1904 3268 2102 3321 admo-

456 3378 751 3419 neremus.
780 3361 874 3416 Sic
905 3359 1087 3430 igitur
1116 3358 1347 3424 habeto,
1374 3373 1478 3411 nos
1511 3357 1566 3410 in
1601 3356 1797 3410 animo
1831 3354 2107 3410 habuisse

454 3453 633 3523 hujus
667 3447 1021 3506 sanctissimi
1056 3454 1113 3502 et
1151 3445 1612 3517 eloquentissimi
1660 3444 1940 3499 antistitis
1972 3460 2104 3514 ope-

456 3558 586 3597 rum
621 3536 920 3612 δίγλωττον
970 3535 1285 3591 editionem
1322 3534 1557 3605 aggredi
1606 3550 1675 3588 ex
1723 3532 1917 3587 codice
1946 3531 2107 3587 Basi-

454 3628 656 3685 liensis
689 3622 974 3693 ἰκδόσεως,
1010 3641 1105 3679 an.
1142 3623 1295 3692 1550,
1340 3623 1493 3693 apud
1548 3621 1909 3691 Hervagium,
1932 3637 2109 3692 quem

454 3716 823 3774 clarissimus
880 3716 965 3767 vir
1021 3712 1276 3767 Jacobus
1334 3710 1531 3765 Billius
1589 3711 1647 3765 S.
1692 3709 1993 3767 Michaelis
2048 3710 2108 3765 in

456 3808 663 3862 Eremo
717 3804 1012 3875 quondam
1074 3801 1254 3855 abbas
1313 3799 1747 3869 meritissimus,
1801 3798 2107 3871 utriusque

460 3895 671 3967 linguas
703 3891 1115 3966 peritissimus,
1146 3906 1281 3945 cum
1313 3888 1488 3961 regiis
1518 3888 1818 3945 codicibus
1851 3886 2106 3957 Gallicis,

458 3992 512 4041 et
543 4001 677 4040 cum
733 3981 973 4045 Italicis,
1006 3980 1076 4034 ab
1125 3978 1547 4033 illustrissimis
1579 3976 1977 4031 cardinalibus
2006 3981 2109 4031 Ca-

458 4074 581 4128 rolo
613 4072 985 4142 Lotbaringo,
1020 4074 1076 4124 et
1108 4067 1262 4123 Guil.
1295 4065 1498 4122 Sirleto
1548 4083 1745 4122 secum
1780 4066 2108 4121 communi-

458 4162 627 4224 catis,
670 4165 936 4213 accurate
996 4156 1343 4226 contulerat,
1396 4161 1459 4209 ut
1515 4154 1897 4210 doctissimus
1956 4154 2107 4210 Gilb.

457 4248 867 4304 Genebrardus
887 4245 947 4301 in
972 4244 1301 4317 praefatione
1324 4261 1433 4300 sua
1453 4244 1644 4311 refert,
1660 4244 1800 4299 dum
1822 4262 1855 4299 a
1876 4259 2109 4299 summo

456 4336 727 4409 pontiﬁce
760 4334 988 4390 obnixis
1022 4334 1292 4404 precibus
1323 4332 1652 4398 contendit,
1680 4339 1743 4387 ut
1774 4332 2113 4404 sumptibus

458 4425 582 4481 suis
614 4427 908 4480 auctorem
956 4421 1117 4476 illum
1148 4421 1351 4476 excudi
1405 4426 1653 4476 curaret.
1689 4424 1903 4476 Verum
1954 4420 2111 4476 enim

459 4513 735 4585 quoniam
770 4527 885 4566 non
916 4510 1133 4582 ubique
1182 4526 1315 4564 cum
1348 4508 1536 4580 ipsius
1568 4509 1773 4564 Latina
1823 4509 2112 4581 interpre-

457 4603 682 4659 tatione
704 4599 1124 4657 conveniebant
1144 4600 1271 4670 ejus
1294 4598 1736 4653 emendationes
1760 4602 1817 4652 et
1843 4595 2116 4668 εἰκασμοί,

462 4690 759 4762 multaque
790 4689 1022 4745 fuerant
1050 4687 1121 4742 ab
1152 4686 1251 4741 illo
1282 4685 1341 4741 in
1375 4692 1533 4742 textu
1566 4684 1775 4753 deleta,
1799 4702 1927 4756 qua:
1954 4684 2112 4741 idem

459 4797 687 4845 rursus,
734 4774 995 4852 δευτέρων
1042 4773 1365 4847 ἀμεινόνων,
1400 4774 1734 4848 reponenda
1786 4773 2113 4835 ἀναπεισθείς

458 4872 811 4927 censuerat:
846 4870 902 4923 et
951 4870 1153 4921 contra
1201 4862 1521 4920 sustulerat
1571 4864 1629 4917 in
1684 4862 1886 4918 Latina
1935 4864 2111 4919 inter-

457 4957 801 5031 pretatione,
834 4973 963 5017 quis
1012 4955 1071 5008 in
1114 4953 1329 5009 Graecis
1378 4952 1579 5009 relicta
1632 4958 1828 5018 erant;
1878 4957 2111 5009 tantum

456 5048 567 5103 sibi
615 5060 915 5103 assumere
964 5042 1149 5098 noluit
1198 5042 1505 5114 praefectus
1558 5037 1889 5115 διωρϐὠσεσι
1945 5049 2111 5115 typo-

455 5135 773 5207 graphicis,
808 5139 871 5189 ut
900 5134 970 5188 de
1001 5132 1146 5187 tanti
1176 5132 1280 5185 viri
1314 5148 1484 5202 opere
1515 5138 1569 5186 et
1600 5129 1855 5205 ἀγχινοίᾳ
1884 5138 2111 5187 senten-

453 5226 598 5279 tiam
630 5224 836 5291 ferret;
872 5220 1194 5291 metuitque
1231 5221 1384 5276 bona
1412 5221 1525 5276 ﬁde
1555 5222 1626 5275 de
1674 5221 1782 5275 hoc
1830 5220 1942 5275 sibi
1991 5226 2109 5277 tra-

452 5314 571 5369 dito
602 5312 945 5383 exprimere,
978 5311 1049 5365 ad
1081 5310 1290 5365 deinde
1330 5310 1386 5364 in
1436 5312 1590 5366 notis
1619 5327 1686 5367 ac
1717 5309 1957 5366 scholiis
1987 5310 2110 5366 col-

452 5402 633 5457 lectas
672 5400 864 5455 varias
907 5398 1185 5455 lectiones
1236 5408 1669 5471 repraesentare,
1705 5414 1954 5472 quaeque
1986 5416 2107 5455 ma-

453 5490 544 5563 gis
599 5506 735 5545 cum
794 5488 1180 5560 interpretum
1240 5488 1500 5545 oratione
1561 5488 1977 5557 consentirent,
2020 5488 2107 5544 vel

455 5594 589 5635 cum
624 5577 879 5634 auctoris
912 5592 1087 5632 sensu
1120 5576 1517 5647 convenirent,
1549 5576 1607 5632 in
1639 5576 1780 5633 locis
1812 5576 2107 5648 ambiguis

456 5666 733 5725 indicare.
768 5667 882 5723 llas
940 5681 1110 5737 porro
1170 5669 1360 5734 notas,
1394 5670 1455 5720 ut
1512 5666 1570 5719 in
1629 5680 1791 5721 more
1848 5663 2106 5735 positum

2216 3283 2361 3337 quos
2418 3267 2674 3321 Joannes
2730 3267 3123 3322 Lewenclaius
3178 3268 3238 3321 in
3297 3267 3607 3323 Germania
3665 3268 3863 3323 Latine

2215 3360 2462 3419 tantum,
2495 3359 2550 3409 et
2580 3354 2769 3410 soluta
2799 3357 3080 3421 oratione,
3113 3361 3246 3411 ante
3278 3356 3494 3411 multos
3523 3374 3708 3412 annos
3740 3358 3863 3412 edi-

2217 3444 2408 3509 derat;
2444 3441 2683 3513 proinde
2722 3443 2915 3499 danda
2946 3460 3120 3515 opera
3166 3444 3293 3511 fuit,
3328 3448 3393 3499 ut
3433 3460 3503 3500 ne
3550 3444 3697 3499 hanc
3730 3446 3866 3515 qui-

2217 3532 2347 3585 dem
2400 3537 2626 3602 partem
2675 3548 2916 3604 operum
2947 3534 3096 3603 ejus,
3128 3531 3201 3592 ὡς
3231 3530 3329 3585 οὐκ
3360 3530 3646 3607 ἐλαχιστον
3702 3532 3868 3607 μέρος

2214 3623 2323 3672 τῶν
2357 3619 2541 3693 ἱερῶν,
2574 3620 2749 3675 editio
2779 3620 2999 3676 Gallica
3048 3621 3533 3693 praetermitteret.
3565 3622 3709 3677 Cum
3759 3622 3869 3694 igi-

2219 3713 2317 3763 tur
2359 3708 2669 3781 diligenter
2716 3725 2817 3780 per
2846 3726 3050 3765 omnes
3097 3711 3337 3781 Europae
3385 3710 3770 3766 bibliothecas
3802 3726 3870 3765 ea

2223 3802 2412 3853 metra
2439 3794 2661 3867 κείμενα
2689 3798 3017 3868 conquisita
3054 3804 3269 3864 essent,
3304 3815 3595 3870 nusquam
3628 3798 3866 3870 reperiri

2223 3892 2540 3958 potuerunt
2594 3886 2678 3941 illi
2733 3888 2961 3943 codices
3019 3905 3086 3943 ex
3140 3887 3358 3959 quibus
3414 3887 3515 3943 illa
3570 3889 3865 3959 quondam

2224 3975 2620 4032 Lewenclaius
2667 3977 3070 4047 exscripserat,
3103 3982 3161 4032 et
3206 3978 3409 4032 Latine
3456 3983 3725 4032 verterat.
3765 3976 3869 4032 Ve-

2222 4081 2351 4119 rum
2381 4065 2564 4119 Roma
2596 4066 2833 4119 tandem
2866 4065 3034 4120 nobis
3068 4066 3249 4120 missa
3298 4070 3437 4120 sunt
3468 4066 3555 4137 (ut
3581 4065 3643 4117 τὸ
3678 4064 3869 4133 ζητού-

2225 4172 2381 4223 μενον
2416 4150 2626 4206 ἁλωτόν
2677 4154 2859 4225 fieret)
2891 4153 3273 4209 illustrissimi
3316 4154 3472 4209 card.
3508 4154 3696 4209 Maﬂ'ei
3733 4159 3872 4209 Bar-

2222 4241 2409 4298 berini
2438 4242 2653 4309 studio,
2687 4260 2828 4297 cura
2873 4248 2931 4297 et
2977 4244 3263 4313 impensa,
3296 4242 3593 4299 Vaticanis
3623 4260 3654 4298 e
3682 4243 3872 4311 libris,

2220 4331 2467 4403 aliisque
2524 4331 2901 4388 Bibliothecis
2950 4333 3228 4387 Romanis
3275 4334 3566 4404 exscripta
3606 4347 3621 4389 :
3663 4333 3875 4389 deinde

2221 4420 2467 4476 alterum
2526 4422 2864 4476 eorumdem
2922 4419 3251 4497 ἀπόγραφον,
3303 4423 3374 4477 ab
3442 4421 3872 4477 humanissimo

2151 4546 2196 4610 Β
2229 4509 2684 4581 doctissimoque
2738 4509 2859 4565 viro
2916 4510 3131 4565 Davide
3205 4509 3546 4566 Hoeschelio
3624 4510 3873 4566 missum

2229 4599 2593 4670 accepimus;
2655 4599 2809 4671 quod
2870 4616 2903 4653 a
2955 4599 3153 4654 Judwo
3212 4599 3574 4655 Francofurti
3631 4599 3875 4655 feliciter

2224 4690 2409 4761 pretio
2440 4691 2812 4761 redemptum
2859 4690 3066 4745 fuerat.
3098 4689 3336 4746 Interim
3370 4695 3565 4745 tamen
3598 4689 3742 4744 dum
3783 4705 3873 4745 se-

2221 4779 2398 4834 cundi
2438 4779 2578 4833 torni
2629 4779 2947 4835 editionem
3005 4779 3124 4834 haec
3181 4779 3526 4851 perquisitio
3586 4782 3872 4849 moratur,

2220 4884 2354 4923 ecce
2383 4867 2491 4922 tibi
2523 4883 2737 4923 novum
2778 4884 2847 4925 ex
2896 4868 3101 4940 Anglia
3150 4868 3521 4933 monitorem,
3554 4868 3655 4940 qui
3702 4873 3768 4924 ut
3815 4869 3873 4923 in

2220 4956 2333 5012 alio
2382 4972 2555 5027 opere
2602 4957 2891 5029 curiosus,
2942 4953 3525 5025 ἀλλοτριοεπίσκοπος,
3559 4960 3735 5011 tantas
3784 4957 3874 5012 di-

2221 5045 2454 5101 lationis
2512 5046 2845 5116 impatiens,
2906 5048 3054 5101 duas
3111 5046 3403 5101 orationes
3460 5042 3874 5113 στηλιτευτικάς

2220 5139 2422 5189 contra
2456 5132 2777 5199 lulianum,
2811 5152 2942 5189 cum
2976 5135 3199 5190 scholio
3231 5135 3426 5190 Graeco
3455 5136 3624 5189 edere
3669 5134 3871 5203 voluit,

2220 5228 2277 5278 et
2334 5226 2502 5278 notas
2559 5224 2821 5287 attexuit,
2855 5224 3069 5294 quibus
3128 5223 3320 5278 varias
3378 5223 3655 5278 lectiones
3712 5239 3875 5279 com-

2220 5311 2426 5384 plexus
2454 5314 2543 5366 est
2578 5311 2759 5367 variis
2791 5328 2821 5366 e
2851 5312 3015 5367 libris
3055 5311 3351 5380 collectas,
3381 5310 3676 5382 simulque
3707 5316 3875 5383 typo-

2218 5399 2528 5472 graphicos
2579 5417 2826 5467 errores,
2860 5398 3170 5475 σφάλματα,
3205 5417 3417 5467 naevos,
3450 5400 3723 5457 editionis
3772 5401 3875 5455 Pa-

2218 5488 2481 5545 risiensis
2538 5489 2863 5545 observavit
2912 5494 2967 5545 et
3012 5490 3311 5546 indicavit.
3354 5490 3610 5546 Fuerunt
3657 5489 3872 5561 quippe

2216 5576 2355 5632 olim
2414 5578 2485 5633 ab
2541 5578 2745 5649 Anglis
2802 5579 3268 5634 amanuensibus
3326 5577 3711 5634 eruditissimi
3760 5578 3869 5632 viri

2215 5665 2446 5722 Henrici
2484 5666 2684 5723 Savilii
2730 5666 2967 5724 lustrati
2998 5668 3168 5724 codd.
3202 5667 3619 5739 manuscripti;
3671 5672 3728 5722 et
3773 5664 3873 5723 ille
