4184 6202
318 324 439 391 365

1510 324 1681 384 FED.
1732 316 2074 388 MoasLu
2124 310 2540 390 ΡΗΟΟΕΜΙᾹ.

3622 330 3740 393 366

320 459 445 531 ipse
469 456 619 513 Billii
652 471 831 511 manu
871 456 1237 521 emendatus,
1275 454 1373 525 qui
1434 472 1589 510 nunc
1646 459 1734 511 est
1793 471 1966 526 penes
1996 458 2051 524 Α
2082 456 2297 530 ανάγοις
2328 460 2758 531 Nonnunquam
2788 477 2936 527 vero,
2971 461 3107 532 quia
3139 460 3325 516 multa
3357 461 3745 535 exscripserat

320 546 719 602 clarissimum
750 548 1079 599 senatorem
1113 542 1497 599 Parisiensem
1530 543 1776 599 Paulum
1812 549 1975 599 Peta-

320 638 517 691 vium:
553 634 789 705 perinde
821 650 885 687 ac
917 634 961 687 si
1006 633 1077 687 de
1121 633 1304 687 nostri
1355 632 1597 689 alterius
1660 633 1797 687 tomi
1856 630 1977 687 edi-

321 727 477 781 tione
510 740 675 795 spem
706 738 940 777 omnem
965 721 1396 792 deposuissent,
1424 738 1537 775 non
1568 722 1829 776 tulerunt
1852 727 1977 775 tan-

325 819 447 869 tam
479 811 909 869 correctionum
936 816 1191 881 segetem
1217 810 1326 865 sibi
1346 806 1723 863 δεινοπαθοῦσι
1758 810 1979 884 perire;

327 903 499 974 quasi
534 902 590 956 in
636 901 708 955 iis
742 900 981 955 fortunae
1013 899 1239 953 Gracia.-
1261 900 1668 954 consisterent.
1704 900 1979 954 Inventus

324 992 567 1047 tandem
600 996 688 1045 est
716 986 898 1047 κοινὸς
930 988 1157 1060 Ἑρμῆς,
1195 987 1523 1042 Richardus
1561 988 1979 1055 Montacutius,

329 1080 432 1153 qui
459 1096 633 1135 suum
664 1077 781 1132 illis
815 1078 1160 1146 obsequium
1183 1077 1452 1143 deferret,
1486 1082 1542 1131 et
1572 1075 1888 1131 laureolam
1920 1076 1980 1130 in

329 1174 633 1225 mustaceo
672 1183 936 1235 quaerens
967 1165 1229 1221 dicteriis
1259 1183 1325 1220 ac
1359 1165 1565 1237 lepidis
1596 1165 1819 1220 salibus
1847 1164 1983 1220 illo-

327 1276 464 1313 rum
497 1256 935 1313 observationes
968 1254 1248 1325 condiret,
1283 1254 1496 1323 quibus
1528 1254 1843 1309 editionem
1875 1255 1979 1309 Pa-

326 1348 641 1403 risiensem
671 1344 1017 1417 exagitaret:
1053 1360 1117 1399 ac
1147 1342 1416 1415 pauculis
1458 1343 1761 1398 mensibus
1814 1348 1985 1399 notas

330 1441 571 1492 nostras
585 1434 911 1490 antevertit.
938 1433 1147 1488 Verum
1163 1433 1375 1487 accidit
1390 1438 1450 1487 ut
1472 1432 1612 1487 dum
1635 1432 1811 1488 nimis
1824 1425 1985 1484 σοϐα-

334 1528 467 1599 ρῖυς,
499 1526 803 1598 προπετῶς,
828 1527 885 1577 et
915 1521 1191 1576 iracunde
1230 1520 1289 1575 in
1350 1538 1455 1575 nos
1525 1522 1726 1589 fertur,
1794 1520 1986 1575 homi~

340 1631 477 1668 nem
520 1627 759 1685 quoque
790 1628 853 1667 se
882 1611 1066 1666 fdisse
1104 1610 1395 1683 proderet,
1419 1616 1483 1664 ut
1512 1626 1703 1664 errare
1736 1615 1985 1680 posset;;

334 1704 599 1773 adeoque
630 1716 779 1755 caaco
812 1715 1066 1771 praeceps
1098 1700 1317 1770 impetu
1356 1702 1565 1767 rueret,
1628 1703 1689 1751 ut
1732 1697 1791 1751 in
1855 1696 1989 1752 illos

333 1793 496 1863 ipsos
554 1806 701 1862 quos
776 1787 943 1843 nobis
1000 1787 1311 1857 objiciebat
1362 1803 1588 1841 errores
1646 1786 1987 1841 incurreret.

336 1879 600 1952 Exempli
634 1878 858 1950 gratia:
888 1877 1177 1932 exciderat
1206 1875 1395 1947 operis
1420 1874 1634 1929 nostris
1663 1890 1825 1929 error
1855 1889 1986 1946 pag.

336 1970 465 2031 349,
499 1968 543 2019 ὧ
576 1964 752 2033 οὗτος,
786 1965 994 2037 spiritu
1020 1967 1199 2019 denso
1233 1964 1522 2018 nimerum
1541 1980 1642 2036 pro
1671 1962 1820 2018 leni:
1853 1978 1989 2035 ergo

337 2057 654 2131 legendum
688 2058 885 2110 monet
915 2053 1306 2108 Montacutius
1333 2053 1534 2107 eodem
1593 2052 1761 2124 plane
1794 2052 1986 2118 modo,

339 2163 458 2201 non
517 2144 562 2197 ὧ
618 2140 798 2211 οὗτος,
859 2146 922 2196 ut
982 2147 1137 2197 recta
1215 2140 1492 2213 postulat:
1571 2158 1625 2212 p.
1704 2142 1829 2207 330,
1907 2136 1991 2194 a'i-

340 2253 546 2311 ροντες,
607 2249 742 2287 cum
831 2231 1039 2303 spiritu
1100 2230 1238 2285 item
1298 2246 1525 2301 aspero.
1586 2231 1991 2301 Saepenumero

338 2325 518 2379 etiam
558 2326 777 2377 veteres
807 2337 1031 2375 errores
1063 2319 1281 2375 Aldinae
1312 2325 1412 2373 aut
1467 2318 1807 2374 Basiliensis
1865 2320 1991 2373 edi-

339 2414 522 2468 tionis
554 2429 586 2466 a
611 2410 771 2465 Billio
804 2409 1233 2481 praetermissos
1265 2410 1428 2463 novis
1460 2407 1752 2463 erroribus
1814 2410 1992 2462 corri-

340 2503 427 2574 git
453 2520 466 2567 ;
492 2507 556 2555 ut.
586 2517 718 2555 cum
753 2515 884 2570 pag.
919 2499 1043 2561 3’12,
1078 2494 1262 2549 ἔθνους
1293 2516 1349 2548 τε
1393 2492 1651 2567 πλήρεις,
1701 2498 1992 2565 emendat,

340 2589 522 2649 ἔθνους
578 2608 634 2641 τε
691 2587 911 2660 πλήρης
976 2587 1143 2658 quasi
1194 2583 1428 2659 πλήρης,
1486 2602 1619 2639 cum
1678 2601 1813 2640 voce
1869 2600 1992 2654 seq.

344 2674 584 2747 λέϐητας
620 2677 803 2749 possit
834 2692 1172 2746 congruere.
1208 2679 1345 2746 Pag.
1380 2675 1505 2743 370,
1565 2672 1799 2746 γοισΟέν,
1862 2672 1998 2741 legit

344 2786 448 2840 pro
476 2762 742 2835 ζηλωθέν.
798 2768 934 2833 Pag.
992 2765 1117 2829 334,
1176 2763 1483 2831 νικήσαντς,
1546 2763 1781 2833 corrigit
1837 2762 1997 2829 κινή-

341 2875 551 2921 σαντες,
590 2872 690 2927 pro
718 2852 1059 2921 κινήσαντος,
1105 2859 1277 2923 atque
1309 2851 1729 2906 absurditatem
1790 2867 1998 2907 sanare

344 2945 469 3000 vult
501 2942 883 2999 absurditate.
922 2945 1057 3012 Pag.
1088 2940 1213 3010 379,
1266 2938 1339 2999 ὡς
1365 2938 1455 2992 οὖν
1485 2942 1711 3013 νεκρῶν,
1773 2956 1874 3011 pro
1924 2937 1997 2998 ὡς

346 3033 430 3087 οὗ.
469 3049 600 3104 pag.
634 3032 759 3098 346,
812 3031 921 3102 legi
956 3030 1079 3085 vult
1119 3032 1198 3081 τῶ
1232 3029 1407 3097 Ἰωνᾷ,
1465 3046 1706 3098 prorsus
1766 3029 1994 3099 inepte;

2022 1828 2069 1892 Β

2088 562 2154 600 ex
2203 546 2443 602 scholiis
2474 548 2804 604 Graecorum
2838 548 3061 616 Billius,
3094 554 3151 605 et
3183 550 3241 605 in
3272 550 3404 606 libri
3454 552 3546 607 sui
3581 569 3735 609 mar-

2087 634 2221 706 gine
2253 635 2617 704 adjunxerat,
2650 654 2715 693 eo
2748 638 2964 693 factum
2997 642 3105 704 est,
3136 644 3201 693 ut
3233 657 3345 694 non
3380 640 3553 695 modo
3606 658 3737 696 cor-

2090 725 2291 794 rigere,
2327 725 2427 779 sed
2461 726 2633 780 etiam
2664 743 2876 797 augere
2908 743 2969 781 se
3000 744 3171 798 posse
3237 727 3494 799 Gregorii
3555 729 3738 785 libros

2090 812 2411 871 autumarit
2440 814 2852 882 Montacutius,
2887 831 2952 868 ac
2983 817 3271 885 ejusmodi
3299 816 3655 888 glossemata
3680 818 3739 873 in

2090 905 2312 956 textum
2343 901 2669 969 inseruerit,
2704 908 2768 957 ut
2810 904 3173 958 ostendimus
3204 904 3263 959 in
3296 922 3429 977 pag.
3489 906 3629 973 452;
3683 910 3741 961 et

2090 995 2289 1045 contra
2327 1008 2395 1045 ex
2422 991 2675 1061 genuino
2707 995 2862 1045 textu
2889 992 3155 1062 quadam
3196 996 3412 1047 temere
3441 995 3737 1065 expunxit.

2092 1084 2372 1151 tanquam
2397 1078 2770 1151 glossemata,
2800 1096 2925 1148 quae
2940 1080 3109 1151 plane
3136 1086 3273 1135 sunt
3294 1083 3643 1149 necessaria,
3666 1079 3739 1135 ὦν

2094 1166 2215 1221 ἄνευ
2243 1165 2303 1220 οὐ
2326 1166 2390 1220 τὸ
2417 1166 2493 1239 εὗ,
2526 1184 2629 1223 ceu
2663 1168 2847 1239 liquet
2903 1184 2971 1222 ex
3002 1169 3155 1224 notis
3203 1168 3262 1223 in
3314 1186 3449 1241 pag.
3484 1172 3608 1225 212.
3644 1172 3746 1227 Fa-

2094 1258 2248 1309 tetur
2276 1270 2428 1325 saepe
2459 1253 2927 1325 quamplurimos
2960 1254 3357 1325 typographia:
3398 1272 3623 1311 errores
3673 1274 3744 1312 ex

2097 1342 2406 1398 collatione
2435 1359 2569 1398 cum
2614 1342 2760 1397 Billii
2796 1342 2991 1397 Latino
3043 1348 3203 1398 textu
3260 1344 3469 1416 corrigi
3528 1361 3745 1416 posse:

2097 1437 2351 1487 attamen
2385 1433 2659 1487 notandis
2712 1429 3185 1504 λεπτομερέστατα
3242 1449 3310 1488 ex
3394 1438 3746 1490 accentuum

2098 1536 2164 1574 ac
2207 1519 2544 1594 Spirituum,
2580 1519 3020 1593 incisorumque
3074 1522 3395 1578 amissione
3452 1539 3553 1578 seu
3611 1541 3751 1594 παρ-

2102 1609 2286 1681 οράσει
2312 1608 2555 1680 paginas
2592 1607 2883 1679 impendit
2920 1613 3100 1667 totas:
3128 1626 3259 1665 cum
3294 1610 3477 1681 ipsius
3512 1611 3748 1667 interim

2099 1702 2248 1753 notae
2308 1698 2506 1769 Augiae
2538 1697 2771 1752 stabulo
2801 1697 3045 1768 similes,
3081 1700 3160 1754 ita
3217 1699 3445 1755 mendis
3464 1704 3752 1764 scateant,

2099 1791 2164 1840 ut
2190 1786 2283 1840 vix
2310 1802 2425 1840 una
2454 1786 2550 1853 sit,
2582 1787 2641 1840 in
2672 1803 2789 1857 qua
2847 1788 3045 1843 decem
3104 1786 3191 1842 vel
3235 1788 3546 1845 duodecim
3605 1805 3753 1861 pue-

2101 1874 2235 1931 riles
2256 1873 2458 1947 lapsus
2482 1892 2597 1929 non
2625 1881 2952 1932 occurrant.
2986 1877 3264 1932 Sexcenta
3296 1893 3605 1948 possemus
3626 1877 3755 1933 locs.

2100 1964 2356 2035 proferre
2383 1964 2527 2019 falso
2552 1981 2621 2021 ex
2650 1965 2960 2032 tiabrielio,
3009 1964 3287 2035 Billioque
3337 1971 3393 2020 et
3413 1966 3608 2037 Regiis
3665 1983 3755 2021 co-

2100 2052 2325 2109 dicibus
2362 2053 2607 2124 prolata,
2639 2054 2726 2108 vel
2756 2055 2931 2109 etiam
2987 2070 3055 2109 ex
3112 2053 3418 2111 Basiliensi
3475 2055 3751 2123 editione,

2101 2159 2224 2213 quae
2240 2158 2527 2213 nusquam
2544 2141 2599 2195 in
2625 2141 2742 2197 illis
2761 2146 2976 2213 posunt
3018 2142 3547 2214 inveniri,denique
3566 2138 3751 2197 ἄλλων

2103 2228 2283 2303 ἷάτρὸς
2314 2228 2472 2290 αὐτὸς
2506 2223 2686 2283 ἕλκεσι
2721 2227 2921 2303 βρύων.
2952 2230 3081 2286 Jam
3113 2229 3438 2286 calumnias
3470 2233 3598 2301 ejus
3620 2234 3753 2303 quis

2101 2319 2439 2375 euumeret?
2470 2336 2602 2373 cum
2636 2336 2704 2374 ea
2733 2336 2861 2389 quae
2885 2322 3117 2375 fuerant
3145 2336 3179 2375 a
3200 2319 3360 2374 Billio
3386 2320 3578 2377 delata
3593 2322 3759 2376 tinxit

2104 2425 2137 2463 a
2168 2408 2335 2463 nobis
2370 2424 2559 2473 erosa,
2590 2413 2656 2461 ut
2686 2423 2817 2478 pag.
2846 2408 2971 2474 359,
3005 2425 3061 2479 p.
3092 2408 3220 2476 2l2,
3276 2406 3365 2468 Τίς
3435 2406 3660 2481 ἐκκόψει
3692 2408 3753 2462 τὸ

2101 2496 2319 2568 κέντρον
2353 2491 2517 2563 τῆσδε
2548 2489 2813 2563 διαϐολῆς
2841 2514 2853 2563 ;

2176 2587 2291 2641 Hoc
2321 2586 2606 2640 duntaxat
2636 2585 2775 2657 agit,
2821 2591 2883 2639 ut
2934 2590 3193 2642 nostram
3259 2588 3406 2643 hanc
3470 2587 3757 2643 Parisien-

2106 2691 2229 2731 sem
2260 2675 2575 2730 editionem
2609 2673 2755 2729 falso
2785 2679 3065 2745 tanquam
3100 2676 3442 2731 mendosam
3476 2682 3749 2733 accuset:

2105 2764 2335 2819 tametsi
2371 2763 2516 2817 nihil
2548 2762 2661 2819 tale
2690 2764 2750 2817 in
2782 2779 2849 2818 ea
2881 2764 3218 2834 reperiatur,
3252 2764 3568 2836 qualeipse
3598 2781 3754 2820 som-

2107 2854 2264 2908 niat:
2304 2852 2464 2908 «Nec
2488 2858 2679 2907 mente
2699 2851 3002 2917 innocens,
3020 2874 3047 2901 ››
3074 2858 3139 2907 ut
3162 2859 3227 2908 υ.
3252 2854 3596 2910 Ambrosius
3616 2855 3760 2909 scri-

2106 2943 2213 3009 bit,
2230 2963 2257 2990 «
2283 2947 2340 2996 et
2361 2958 2539 2996 manu
2587 2940 2845 2996 feralis.»
2874 2941 3110 2996 Interim
3131 2940 3763 3014 cymbanostraxvipam

2108 3033 2516 3104 συκοφαντικοῖς
2548 3031 2765 3101 agitata
2796 3034 3057 3085 ﬂuctuat.
3101 3029 3214 3086 Sed
3249 3030 3367 3086 haec
3426 3030 3758 3104 sigillatim,

345 3124 481 3195 quis
533 3122 689 3176 enim
742 3137 954 3174 sensus
1011 3124 1183 3189 esset,
1238 3116 1440 3191 ἔπασχε
1491 3121 1569 3169 τῶ
1600 3113 1773 3170 Ὶῶνᾶ.
1809 3118 1993 3172 Etiam
2027 3142 2068 3205 ρ
2109 3120 2289 3175 lector
2319 3118 2677 3191 aequissime,
2709 3134 2778 3173 ex
2810 3126 3079 3173 notarum
3111 3124 3443 3174 nostrarum
3503 3118 3756 3176 lectione

346 3213 415 3264 τὰ
457 3216 558 3278 τῆς
601 3214 991 3282 γραμματικῆς
1024 3208 1356 3279 ignorarese
1385 3206 1659 3273 ostendit,
1695 3224 1825 3260 cum
1860 3223 1991 3278 pag.

343 3303 473 3364 751,
509 3299 783 3354 emendat
837 3294 1080 3365 ἐδύνατο,
1116 3298 1283 3367 quasi
1344 3297 1692 3351 mendosum
1732 3301 1886 3351 esset
1934 3294 1995 3346 τὸ

344 3386 606 3457 ἡδῦνατο,
647 3386 860 3459 duplici
922 3390 1255 3457 augmento,
1300 3401 1402 3457 per
1456 3384 1847 3439 Atticismum.
1905 3389 1994 3444 Τις

345 3475 607 3554 saepiae:
656 3473 832 3544 τούτῳ
884 3472 945 3526 τό
974 3472 1176 3544 στὸμα;
1233 3473 1683 3529 Emendationes
1724 3490 1893 3544 porro
1943 3477 1999 3527 et

349 3566 541 3621 varias
572 3563 849 3619 lectiones
896 3580 965 3617 ex
1000 3561 1100 3616 lib.
1157 3561 1310 3616 Billii
1370 3560 1516 3617 falso
1576 3577 1998 3633 perperamque

352 3655 616 3728 profert:
671 3659 734 3707 ut
765 3668 893 3723 pag.
939 3651 1064 3718 597,
1108 3647 1399 3723 ἐπανάγοις
1456 3650 1567 3722 legi
1608 3650 1840 3715 asserit,
1898 3650 1998 3706 ubi

351 3744 642 3814 scriptum
704 3747 791 3796 est
840 3736 1126 3811 διεξάγοις·
1182 3740 1342 3811 atqui
1388 3739 1488 3793 illa
1546 3739 1821 3795 correctio
1879 3738 1997 3794 Bil-

351 3834 533 3897 liana,
565 3826 855 3902 ἔπάνάγοις
888 3832 977 3884 est
1015 3829 1312 3883 referenda
1344 3828 1412 3883 ad
1444 3828 1544 3882 lin.
1580 3829 1637 3883 d.
1681 3845 1729 3883 c.
1786 3829 1840 3893 2,
1899 3828 1999 3883 ubi

340 3920 649 3993 legebatur
680 3920 736 3972 in
771 3917 941 3984 Basil,
977 3916 1225 3991 ἀπαγοις,
1272 3920 1331 3971 et
1359 3916 1607 3972 correxit
1656 3916 1854 3972 Billius
1906 3913 1998 3969 ἐπ-

2108 3208 2341 3279 penitus
2368 3223 2703 3279 cognosces.
2743 3206 2931 3262 Unum
2979 3206 3121 3261 illud
3180 3207 3417 3277 addam,
3468 3224 3602 3263 cum
3664 3208 3764 3265 ille

2108 3296 2274 3352 nobis
2305 3296 2548 3367 Epicteti
2580 3295 2880 3363 lucernam
2914 3297 3238 3367 exprobret,
3265 3297 3399 3366 jure
3430 3313 3537 3353 nos
3595 3314 3768 3368 posse

2106 3385 2377 3456 Diogenis
2410 3384 2607 3456 potius
2637 3384 2934 3439 lucernam
2968 3401 3287 3453 assumere,
3346 3391 3409 3439 ut
3464 3385 3763 3442 hominem

2107 3474 2167 3527 in
2199 3475 2326 3542 ejus
2359 3473 2592 3543 scriptis
2626 3489 2993 3543 quaeramus:
3028 3472 3175 3527 nihil
3221 3473 3377 3528 enim
3410 3474 3465 3527 in
3500 3474 3593 3529 his
3654 3476 3757 3529 hu-

2109 3561 2430 3627 manitatis,
2464 3560 2610 3615 nihil
2653 3558 2941 3621 ἐπιεικείας
3000 3561 3283 3628 occurrit;
3348 3578 3482 3617 cum
3539 3561 3630 3618 vel
3687 3562 3768 3617 le-

2108 3649 2353 3705 vissima
2381 3646 2691 3723 σφάλματα,
2745 3655 3024 3720 tanquam
3050 3658 3315 3705 monstra
3344 3651 3612 3721 quaedam
3655 3650 3764 3705 ob-

2110 3739 2497 3809 stupescendo
2529 3740 2870 3805 detestetur,
2896 3744 2951 3793 et
3000 3755 3069 3793 ex
3121 3753 3324 3794 musca
3378 3740 3579 3810 gignat
3647 3739 3765 3793 ele~

2112 3827 2419 3897 phantum.

1348 4227 1869 4313 EJUSDEM
1939 4228 2184 4314 FED.
2263 4227 2777 4315 MOIlELLI

1832 4405 2249 4467 PHALEUCII
2262 4450 2276 4463 .

1396 4696 1658 4757 Paulum
1687 4696 2061 4775 Christigeni
2090 4696 2297 4775 gregis
2325 4713 2689 4776 supremum

1409 4781 1727 4837 Pastorem
1757 4779 1819 4836 in
1848 4778 2145 4837 cathedra
2182 4777 2342 4837 Petri
2371 4779 2712 4851 sedentem,

1410 4860 1635 4936 Ingens
1667 4859 1971 4936 Gregoriu
1992 4878 2027 4931 ξ,
2077 4858 2264 4917 decus
2296 4857 2651 4936 Pelasgum,

1422 4939 1690 4998 Antistes
1723 4942 1860 5015 pius
1890 4937 1994 4998 ille
2023 4938 2338 5008 Nazianzi,

1410 5022 1647 5077 Roman
1698 5018 1945 5078 Parisiis
1979 5025 2189 5097 petens
2233 5017 2488 5089 relictis,

1404 5102 1476 5157 Et
1504 5099 1688 5157 Graio
1721 5098 2047 5158 decoratus
2076 5104 2139 5158 et
2172 5098 2389 5157 Latino

1401 5178 1585 5239 Cultu
1616 5178 1794 5238 laetus
1824 5179 1978 5254 adit,
2011 5178 2266 5250 salutat,
2299 5184 2437 5236 orat

1399 5261 1479 5321 Ut
1517 5266 1709 5318 ltoma
1737 5259 2101 5319 incolumini
2130 5265 2253 5317 stet
2280 5258 2411 5336 ipse
2442 5263 2733 5336 utraque,

1400 5340 1583 5399 Casta
1611 5353 1679 5398 ut
1708 5339 1936 5418 scripta
1967 5339 2255 5418 legentur
2286 5338 2436 5399 orbe
2454 5346 2587 5400 toto
