4184 6202
352 354 474 417 367

1578 350 2068 412 MONTAGUTII
2112 349 2551 411 PREFATIO.

3653 359 3772 416 368

450 651 971 701 RBVEBENDISSIIO
1029 651 1090 695 IN
1132 652 1385 699 CHRISTO
1429 654 1601 717 ΞξΑΤΒΙ
1642 654 1717 697 AG
1762 652 2009 708 DOIINO,
2059 651 2281 696 DOMINO
2328 652 2654 705 BICHARDO,
2706 652 3144 698 CANTUARIENSI
3188 655 3682 711 AEGHIEPISCOPO,

1368 733 1577 779 TOTIUS
1620 733 1832 778 ANGLE
1875 732 2123 777 PBIMATI
2169 733 2240 776 ET
2282 732 2798 778 NETROPOLITANO.

1559 878 1663 947 (Ex
1693 878 1845 933 Edit.
1870 876 2188 933 Montacut.
2212 875 2407 931 Etcum
2440 874 2627 942 l6l0.)

421 1234 809 1305 Antiquorum
858 1234 1123 1291 Ecclesiae
1176 1235 1411 1290 Patrum
1444 1234 1663 1306 scripta
1718 1234 1895 1307 (quod
1939 1238 2001 1289 tu
2033 1240 2086 1305 Α
2118 1233 2177 1287 in
2204 1233 2475 1306 squalore
2506 1235 2817 1305 despectus
2849 1235 3057 1306 iaceat.
3108 1237 3273 1290 Anno
3318 1236 3627 1291 ediderunt
3658 1237 3768 1293 Na-

348 1322 591 1378 minime
621 1322 874 1393 ignoras,
907 1323 1393 1379 revevendissime
1424 1324 1608 1390 Pater)
1634 1322 1883 1377 multum
1910 1322 1999 1377 in-

345 1411 549 1466 tererit
569 1411 648 1466 rei
680 1411 1042 1478 Christianae,
1060 1429 1235 1484 quam
1250 1412 1732 1467 emendatissima
1754 1412 2001 1467 circum-

347 1501 503 1555 ferri.
538 1500 707 1567 Nam,
740 1508 794 1555 et
842 1500 894 1553 οἱ
951 1498 1001 1569 ἐξ
1059 1498 1297 1561 ἐναντίας
1357 1501 1556 1557 Patres
1614 1506 1873 1574 crepant,
1936 1505 2001 1555 ut

339 1590 573 1661 juratos
598 1589 657 1644 in
688 1606 927 1645 causam
958 1607 1128 1645 suam
1160 1595 1358 1659 testes,
1391 1594 1447 1645 et
1477 1591 1547 1645 ad
1582 1591 1801 1658 Patres,
1834 1594 1896 1644 ut
1927 1590 1997 1644 ad

348 1694 691 1750 supremum
721 1678 1000 1746 tribunal,
1034 1695 1264 1751 semper
1285 1680 1342 1733 in
1363 1678 1523 1734 omni
1554 1679 1875 1750 quaestione
1906 1694 1998 1732 so-

347 1765 472 1821 lent
500 1783 842 1839 provocare:
874 1772 934 1824 et
961 1785 1066 1825 nos
1097 1768 1344 1823 libenter
1373 1768 1430 1822 in
1485 1768 1873 1823 controversis
1898 1767 2000 1822 do-

350 1855 669 1927 gmatibus,
700 1873 799 1913 eos
829 1856 995 1913 facile
1026 1857 1397 1913 admittimus
1439 1857 1794 1912 diribitores.
1853 1857 1998 1911 Nam

351 1949 492 2002 sunt
520 1944 817 2017 religionis
848 1945 1190 2001 Christianas
1220 1949 1525 2018 ‘proceres,
1588 1945 1861 2000 doctrinas
1914 1961 1998 1999 re-

351 2033 550 2089 velata:
584 2035 1001 2106 promi—condi,
1034 2052 1210 2106 quam
1243 2036 1316 2091 ab
1347 2033 1628 2105 apostolis
1658 2034 2000 2100 derivatam,

355 2127 632 2194 perpetua
652 2123 814 2193 praxi
846 2124 1252 2179 conﬁrmatam
1302 2125 1372 2178 ad
1401 2127 1600 2178 nostra
1630 2139 1818 2193 usque
1850 2128 2001 2177 tem-

358 2226 500 2282 pora
530 2212 1007 2267 transmiserunt.
1029 2212 1327 2278 Quocirca,
1364 2228 1483 2266 rem
1512 2210 1657 2283 ipsis
1689 2209 1999 2283 gloriosam

360 2299 473 2355 Deo
505 2306 825 2371 procurant
874 2300 1326 2372 perplacentem,
1361 2299 1689 2372 reipublicae
1713 2298 1913 2354 utilem
1948 2302 2006 2352 et

355 2389 652 2445 communi
682 2405 893 2457 causa,
927 2388 1027 2460 qui
1054 2390 1113 2443 in
1135 2388 1466 2445 evolvendis
1491 2392 1725 2443 Patrum
1749 2386 2006 2458 scriptis,

355 2482 526 2548 atque
547 2477 665 2534 illis
685 2477 1101 2546 emaculandis,
1126 2482 1183 2533 et
1206 2495 1359 2533 nunc
1380 2483 1436 2533 et
1468 2476 1607 2532 olim
1640 2477 2006 2532 desudarunt

353 2566 475 2630 Quo
498 2566 736 2639 quidem
758 2567 816 2622 in
848 2582 1060 2639 genere
1086 2568 1271 2640 prima
1300 2566 1428 2622 laus
1455 2567 1699 2621 debetur
1728 2565 2002 2620 illustris-

355 2658 505 2711 simo
532 2661 589 2710 et
632 2655 971 2711 doctissimo
1002 2655 1068 2711 D.
1102 2655 1338 2720 Savilio,
1372 2654 1470 2725 qui
1505 2670 1741 2709 summa
1800 2654 1913 2708 fide
1951 2656 2007 2708 et

353 2743 679 2815 diligentia,
756 2742 954 2800 labore
1011 2744 1186 2800 etiam
1239 2743 1551 2809 indefesso,
1614 2741 2005 2815 Chrysostomi

355 2832 594 2905 scripta,
627 2836 913 2905 quotquot
942 2833 1139 2888 haberi
1158 2836 1405 2904 possunt
1434 2831 1646 2897 Graace,
1680 2831 2006 2886 innumeris

359 2920 421 2976 in
452 2920 595 2976 locis
626 2922 892 2990 correxit,
925 2921 1236 2994 supplevit,
1269 2920 1605 2977 elucidavit.
1642 2920 2009 2975 Conﬁdenter

364 3010 516 3077 dico,
564 3009 981 3066 revendissime
1011 3009 1276 3078 Domine,
1326 3014 1461 3081 post
1516 3010 1812 3064 inventam
1842 3013 2007 3080 typo-

362 3097 871 3171 graphiam,nemo
891 3102 1147 3152 veterum
1165 3103 1265 3152 aut
1288 3097 1604 3153 recentium
1632 3096 2007 3168 scriptorum,

362 3191 529 3243 tanta
561 3187 674 3242 fide
705 3193 761 3243 et
795 3186 1093 3259 religione,
1135 3192 1254 3242 tam
1290 3186 1632 3253 emaculate,
1696 3186 1755 3239 in
1799 3202 2010 3239 manus

364 3276 671 3331 hominum
704 3275 920 3346 prodiit
947 3292 1124 3347 quam
1153 3276 1408 3347 prodibit
1436 3275 1590 3347 apud
1607 3291 1712 3330 nos
1733 3274 1761 3327 ὁ
1782 3271 2012 3348 χρυσορ-

366 3362 583 3439 Meum.
633 3364 871 3420 Interim
910 3380 1064 3432 vero,
1089 3364 1229 3419 dum
1265 3369 1508 3436 urgetur
1531 3380 1707 3435 opus,
1738 3363 1893 3435 quod
1939 3362 2009 3417 ad

362 3453 601 3509 tertium
625 3454 750 3523 jam
808 3452 1093 3523 processit
1123 3457 1332 3519 totum,
1365 3450 1455 3505 καὶ
1487 3449 1579 3504 σὺν
1640 3454 1756 3522 Θεῷ
1819 3448 2010 3515 εἰπεῖν,

364 3542 436 3598 ad
466 3540 783 3613 septimum
818 3542 1089 3613 procedet
1117 3547 1219 3597 aut
1249 3547 1540 3609 octavum,
1601 3539 1872 3613 praeludit
1927 3539 2014 3594 illi

362 3630 782 3698 Nazianzenus,
830 3629 1222 3686 mellitissimo
1273 3630 1542 3701 scriptori
1592 3634 1787 3685 orator
1842 3628 2012 3684 vehe-

366 3733 557 3786 mens,
589 3723 646 3773 et
675 3717 1007 3774 Graecorum
1037 3718 1271 3773 Patrum
1316 3714 1862 3794 μεγαλοφωνότατος.
1921 3717 2015 3772 Sic

364 3805 521 3862 enim
550 3807 738 3862 solent
766 3805 818 3859 οἱ
847 3803 1171 3880 ἑστιάτορες,
1231 3806 1505 3862 convivas
1552 3805 1806 3862 bellariis
1866 3805 2018 3860 invi-

368 3900 514 3965 tare,
530 3896 671 3951 dum
693 3894 971 3953 lautiores
989 3895 1175 3968 epulae
1195 3901 1573 3968 apparantur.
1594 3894 1869 3950 Prmludit
1891 3894 2020 3965 qui-

370 3984 525 4050 dem,
562 4001 666 4040 nec
718 3984 975 4055 injuria:
1008 3967 1196 4041 fuerat
1221 3967 1278 4039 in
1312 3985 1651 4057 episcopatu
1690 3988 2024 4039 antecessor
2054 3967 2097 4034 C

371 4074 470 4144 qui
504 4078 593 4128 est
622 4074 692 4128 ad
724 4073 934 4147 vulgus
967 4074 1364 4131 anteambulo.
1424 4074 1538 4130 Nec
1595 4073 1655 4128 in
1715 4073 2021 4128 ferendum

369 4160 550 4218 videri
582 4163 785 4233 possit,
830 4168 893 4217 ut
920 4180 953 4218 e
977 4164 1208 4219 duobus
1260 4162 1553 4236 episcopis
1612 4161 2024 4219 Constantino-

369 4248 668 4323 politanis,
702 4249 847 4305 alter
875 4256 1117 4308 ornatus
1142 4252 1227 4308 sic
1256 4257 1316 4308 et
1344 4251 1609 4308 excultus
1648 4252 1837 4320 abeat,
1880 4249 2027 4305 alter

2110 1323 2451 1378 sianzenum
2516 1324 2870 1379 Parisienses
2924 1325 3443 1391 Latino-Graecum,
3504 1325 3603 1380 sed
3661 1342 3764 1380 nec

2109 1411 2426 1482 integrum,
2459 1417 2516 1467 et
2546 1412 2815 1484 plurimis
2848 1413 3077 1468 mendis
3110 1430 3211 1485 per
3272 1430 3548 1468 summan
3579 1414 3760 1485 negli-

2109 1502 2367 1572 gentiam
2400 1502 2811 1557 deformatum.
2863 1504 3101 1570 Actum,
3135 1503 3286 1573 quod
3323 1503 3556 1572 dicitur,
3582 1502 3764 1557 nolui-

2110 1605 2243 1644 mus
2274 1606 2463 1661 agere,
2497 1594 2553 1645 et
2600 1589 3007 1661 castigationes
3054 1591 3218 1646 valde
3278 1592 3637 1647 necessarias
3695 1608 3768 1645 ex

2111 1677 2313 1732 multis
2366 1678 2723 1733 membranis
2772 1678 3040 1734 collectas
3100 1680 3156 1733 in
3216 1696 3421 1734 omnes
3475 1680 3771 1735 orationes

2114 1766 2345 1821 edimus
2376 1771 2431 1821 et
2457 1765 2752 1838 epistolas,
2773 1766 2987 1837 quibus
3012 1767 3207 1841 Augia:
3239 1768 3533 1823 stabulum
3564 1785 3773 1841 purga-

2107 1854 2321 1922 vimus,
2348 1860 2405 1909 et
2435 1854 2711 1926 Gregorio
2764 1856 3010 1910 nitorem
3075 1857 3464 1912 restituimus.
3525 1861 3768 1912 Praeter-

2110 1942 2294 1998 missa
2339 1944 2597 1998 nonnula
2637 1942 3063 2015 supplevimus,
3119 1945 3308 2000 adhuc
3370 1945 3603 2017 publice
3652 1962 3767 2000 non

2110 2031 2264 2087 visa:
2292 2036 2349 2086 et
2382 2031 2510 2087 illas
2542 2034 2603 2086 in
2631 2033 2920 2088 lulianum
2966 2034 3301 2101 invectivas,
3357 2033 3509 2089 inter
3567 2050 3771 2089 omnes

2111 2120 2402 2176 orationes
2432 2119 2877 2196 κορυφαιοτάτοις,
2903 2139 3020 2193 qua
3051 2139 3082 2176 a
3107 2123 3330 2190 Nonno,
3392 2140 3509 2194 qua
3539 2140 3572 2177 a
3602 2124 3772 2177 scho-

2111 2207 2312 2263 liastre
2340 2213 2531 2264 vetere
2562 2214 2619 2264 et
2651 2210 2875 2264 erudito
2909 2212 3251 2277 ornatiores,
3304 2228 3420 2282 qua
3452 2229 3484 2266 a
3543 2212 3772 2267 mendis

2116 2297 2441 2352 innumeris
2473 2298 2850 2353 correctiores
2885 2298 3071 2353 multo
3124 2316 3300 2370 quam
3331 2305 3461 2355 ante
3515 2301 3770 2369 Fuerant,

2113 2387 2456 2442 emittimus.
2476 2387 2592 2442 Hoc
2609 2388 2893 2458 quidquid
2918 2393 3005 2442 est
3027 2387 3772 2459 oppelle,reverendissime

2116 2475 2301 2537 Pater,
2334 2474 2445 2529 sub
2467 2478 2566 2529 tuo
2594 2476 2847 2541 nomine,
2884 2476 2991 2530 sub
3027 2477 3142 2531 tuis
3175 2477 3454 2548 auspiciis
3488 2478 3544 2531 in
3578 2477 3769 2533 lucem

2117 2562 2329 2634 prodit.
2366 2563 2511 2617 Nam
2544 2562 2591 2618 si
2634 2564 2770 2635 quid
2806 2564 2864 2618 in
2898 2563 3006 2619 hoc
3036 2581 3245 2636 genere
3293 2565 3644 2632 elaboratur,
3691 2567 3745 2621 vi

2115 2651 2270 2706 deris
2300 2651 2404 2705 tibi
2430 2653 2565 2722 jure
2594 2652 2908 2721 vindicare,
2943 2653 3034 2707 cui
3069 2653 3303 2725 nos,qui
3334 2672 3542 2709 sumus
3569 2653 3766 2727 ἱερατι-

2114 2742 2212 2792 κοῦ
2248 2739 2535 2813 βήματος(
2568 2758 2700 2796 cum
2734 2740 2860 2812 ipso
2903 2741 3109 2811 loquor
3137 2742 3516 2816 Nazianzeuo)
3578 2762 3682 2799 nos
3716 2749 3773 2799 et

2118 2834 2317 2884 nostra
2348 2832 2726 2901 comprobare
2743 2828 2877 2882 κατὰ
2912 2830 3156 2904 μεγάλην
3189 2829 3416 2901 ἐντολήν
3442 2833 3775 2905 obligamur

2118 2918 2254 2973 Dein
2264 2918 2584 2983 de,videbat
2596 2936 2626 2972 u
2638 2923 3119 2974 rconsentaneum
3138 2922 3281 2975 utad
3300 2921 3771 2991 archiprmsulem

2121 3006 2352 3061 festinet
2370 3007 2863 3078 archiepiscopus,
2890 3009 3222 3080 Gregorius,
3250 3009 3442 3064 dicam
3468 3010 3666 3074 libere,
3702 3011 3774 3065 ad

2118 3096 2480 3166 Gregorium.
2504 3097 2661 3161 Quod
2680 3097 2725 3150 si
2748 3102 2803 3151 et
2827 3095 3019 3151 locum
3042 3098 3098 3151 in
3120 3097 3218 3151 illo
3262 3104 3362 3154 tuo
3398 3098 3776 3173 ροντιστηρίῳ,

2119 3183 2580 3239 instructissima
2607 3201 2786 3254 quam
2812 3186 3062 3239 adornas
3080 3185 3451 3242 bibliotheca.
3477 3188 3776 3243 Nazianze-

2122 3289 2233 3327 nus
2253 3272 2346 3326 hic
2361 3278 2556 3327 noster
2568 3273 2865 3339 sortiatur,
2887 3273 3169 3328 necillum
3187 3276 3428 3347 pudebit
3446 3278 3519 3332 ab
3537 3276 3775 3331 homine

2124 3377 2271 3415 nova
2298 3362 2739 3429 transiisse,nec
2762 3361 2916 3416 hunc
2939 3362 2995 3417 in
3018 3364 3341 3434 posterium
3374 3365 3677 3437 poenitebit
3711 3382 3773 3421 se

2122 3465 2379 3519 suosque
2410 3449 2634 3504 labores
2665 3450 2723 3503 in
2756 3449 2863 3505 hac
2895 3456 3059 3522 parte
3108 3451 3377 3509 Ecclesiae
3407 3470 3767 3509 consecrare.

2122 3538 2282 3602 Quod
2315 3546 2601 3609 superset,
2637 3539 2663 3591 ὁ
2700 3538 2867 3611 μέγας
2912 3538 3352 3613 μητροπολίτης,
3412 3547 3468 3597 et
3516 3559 3766 3615 magnus

2124 3626 2306 3681 totius
2338 3628 2497 3682 orbis
2522 3627 2870 3698 patriarcha,
2906 3628 3247 3700 unigenitus
3270 3630 3373 3685 Dei
3400 3632 3572 3686 Jesus
3610 3632 3775 3686 Chri-

2126 3720 2253 3771 stus
2283 3722 2555 3772 vestram.
2593 3716 3117 3782 Reverendissime,
3152 3720 3585 3790 paternitatem,
3645 3721 3776 3775 diu-

2126 3804 2355 3860 tissime
2385 3805 2674 3871 Ecclesiaa,
2708 3812 2762 3861 et
2822 3806 2991 3861 bonis
3033 3808 3309 3864 omnibus
3367 3813 3666 3865 conservet
3723 3814 3780 3865 et

2127 3896 2381 3949 tueatur.

2385 4018 2901 4074 Reverendissimsa
2932 4019 3146 4075 Vestras
3178 4020 3539 4078 Paternitati.

2562 4107 2864 4163 humiliter
2883 4108 3288 4165 deditissimus

2988 4251 3305 4307 RICHARDUS
3336 4253 3631 4310 Mounou.

1631 4553 1770 4634 AD
1844 4550 2305 4637 LECTOR
2323 4549 2517 4636 ΕΜ.

1579 4726 1682 4798 (Ex
1712 4725 1859 4782 Edit.
1895 4725 2242 4781 Montacutii
2274 4724 2475 4779 Etonae
2504 4722 2687 4793 4610).

443 5043 762 5099 Invectivas
780 5041 957 5099 hasce
986 5042 1133 5097 duas
1162 5039 1456 5097 orationes
1494 5041 1592 5108 τήν
1650 5038 1746 5094 τοῦ
1776 5039 2010 5097 Ἰουλια-

2127 5039 2418 5111 amplius:
2456 5042 2518 5091 D.
2565 5037 2839 5104 Savilius,
2872 5037 2901 5089 ὁ
2959 5037 3119 5104 πάνυ,
3176 5043 3242 5093 ut
3291 5043 3382 5097 est
3440 5043 3511 5098 de
3569 5043 3787 5104 litteris

368 5131 465 5185 νοῦ
508 5127 785 5184 πολιτείαν
845 5126 1290 5199 πηλιτευοῦσας,
1346 5128 1474 5195 tibi,
1519 5128 1597 5184 mi
1653 5129 1855 5196 lector,
1914 5146 2009 5185 se-

358 5217 615 5289 junctim
646 5217 858 5288 Graece,
890 5234 1023 5274 cum
1051 5216 1293 5273 scholiis
1338 5216 1576 5287 Graecis,
1606 5224 1665 5273 et
1712 5217 2013 5274 nonnullis

365 5304 629 5374 ejusdem
658 5304 917 5378 Gregorii
963 5299 1266 5365 ἀνεκδότοις
1298 5303 1664 5361 exhibemus.
1698 5305 1844 5361 Nam
1876 5322 2010 5361 cum

364 5392 709 5449 Nazianzeni
736 5410 912 5466 opera
940 5393 1191 5450 revocari
1224 5394 1334 5448 sub
1366 5393 1524 5465 prelo
1556 5394 1925 5463 correctiora,
1958 5398 2015 5450 et

364 5481 646 5538 studiosis
674 5483 1024 5538 conduceret
1052 5486 1109 5537 et
1146 5481 1389 5545 auctori,
1423 5483 1577 5553 quod
1607 5487 1665 5539 et
1703 5482 1803 5538 illa
1833 5482 2012 5539 editio

365 5568 716 5627 Basileensis
745 5570 1222 5643 depravatissime
1252 5569 1584 5641 prodiisset,
1612 5576 1788 5644 atque
1836 5573 2012 5628 etiam

371 5659 668 5716 distractis
683 5659 1115 5733 exemplaribus
1132 5658 1285 5731 apud
1305 5658 1569 5716 ofﬁcinas
1590 5678 1705 5716 non
1725 5665 2016 5732 prostaret

2120 5128 2337 5199 optime
2368 5126 2636 5190 meritus,
2662 5126 2731 5181 de
2772 5126 3023 5182 editione
3061 5133 3315 5199 coeperat
3371 5131 3650 5203 cogitare.
3714 5136 3791 5191 Et

2128 5216 2369 5288 quidem
2423 5219 2548 5288 post
2605 5213 3089 5287 Chrysostomum
3134 5214 3225 5269 τὸν
3254 5215 3789 5295 πολυγραφώτατον,

2126 5321 2303 5377 quem
2323 5304 2555 5377 magnis
2576 5303 2863 5377 impensis
2881 5320 2983 5376 per
3012 5320 3216 5361 omnes
3246 5306 3622 5367 bibliothecas
3654 5329 3785 5384 per-

2126 5394 2515 5464 quisitum,ad
2547 5395 2784 5451 tertium
2802 5394 2928 5464 jam
2960 5397 3188 5448 tomum
3213 5394 3465 5466 subjecit
3492 5399 3671 5471 prelo,
3708 5403 3781 5458 ad

2124 5481 2276 5538 hanc
2324 5484 2687 5554 provinciam
2719 5482 3114 5539 exornandam
3144 5483 3524 5559 undiqueque
3554 5490 3780 5546 accive-

2125 5575 2216 5626 rat
2244 5571 2619 5640 sdjuments:
2653 5572 2752 5629 sed
2785 5570 3099 5627 intervenit
3135 5570 3256 5627 hac
3285 5574 3565 5647 cogitanti
3596 5578 3778 5637 editio

2126 5676 2349 5731 nupera
2389 5659 2848 5731 Latino-Greca,
2879 5659 3358 5718 aParisiensibus
3392 5666 3777 5739 typographis
