4184 6202
186 44 457 103 .“ἐ’ά’ἳ⁷

333 357 459 417 369

1240 355 1603 418 GILBERTI
1651 356 2151 418 GENEBBARDI
2196 357 2444 419 EPIST.
2491 360 2857 423 DEDICAT.

3637 362 3757 426 370

336 489 603 559 specioso
640 487 1002 561 frontispicio
1036 488 1416 556 lemniscata;
1449 490 1545 560 qui
1598 489 1742 544 nihil
1794 491 1989 545 minus
2018 492 2074 556 Α
2105 491 2214 546 bus
2244 491 2469 562 Billius,
2503 494 2571 548 ad
2608 495 2699 549 sui
2730 494 2864 550 libri
2897 495 3225 567 marginem
3257 496 3654 564 adnotaverat,
3689 513 3758 553 ex

338 583 627 649 praestant
656 594 836 648 quam
872 576 1240 648 pollicentur.
1273 579 1581 633 Habebant
1612 578 1997 648 fortasse,ha-

336 668 477 722 bere
539 684 678 722 sane
739 673 1025 737 poterant,
1087 666 1317 737 Regios,
1399 668 1702 739 Regineos,
1780 667 1995 722 Petavii

338 755 550 820 libros,
611 755 819 826 Syrleti
877 754 1125 823 Thuani,
1179 756 1447 826 Vaquerii
1481 756 1743 821 codices;
1777 755 1898 822 sed,
1934 759 1999 810 ut

335 844 440 898 ille
489 845 732 916 Epicteti
784 843 1106 913 lucernam,
1154 846 1223 899 ad
1275 838 1724 899 ostentationem
1776 861 1888 899 non
1924 844 1996 898 ad

340 950 547 1001 usum,
583 932 801 1005 quippe
833 933 929 1004 qui
957 933 1146 1004 magis
1178 933 1580 988 deformarunt
1628 933 1994 1004 Gregorium,

341 1040 523 1095 quam
555 1022 746 1078 fuerat
776 1021 834 1077 in
867 1022 1120 1077 editione
1145 1023 1355 1093 prima.
1380 1023 1519 1076 Hinc
1550 1022 1765 1090 tibi,mi
1795 1022 1994 1088 lector,

331 1112 783 1179 intercisum,de
814 1113 1037 1168 edendo
1056 1111 1671 1183 Gregorio,consilium
1707 1118 1891 1185 prius,
1925 1128 1997 1166 ne

332 1211 535 1260 tamen
571 1203 763 1276 possis
788 1219 983 1258 carere
1015 1203 1251 1274 penitus
1284 1204 1498 1274 quibus
1554 1205 1754 1274 nequit
1800 1219 1994 1258 carere

333 1292 767 1355 Nazianzenus,
797 1290 961 1345 visus
1011 1294 1102 1344 est
1148 1289 1475 1346 clarissimo
1534 1290 1613 1344 illi
1670 1291 1811 1357 viro,
1873 1289 1994 1344 haec

331 1399 464 1451 quae
500 1397 658 1435 nunc
689 1380 900 1434 damus
922 1379 1399 1445 communicare;
1433 1379 1555 1449 qui,
1588 1396 1698 1448 quo
1733 1394 1824 1432 me
1850 1378 1995 1434 solet

332 1486 537 1524 amore
569 1468 863 1539 prosequi,
896 1468 967 1521 ad
1014 1468 1161 1521 hanc
1208 1466 1480 1521 vicariam
1524 1467 1636 1537 ipsi
1685 1466 1990 1521 locandam

333 1574 573 1627 Operam
607 1558 891 1628 imparem
952 1556 1134 1621 oneri,
1184 1561 1243 1610 et
1285 1556 1635 1626 imparatum
1690 1556 1988 1626 protraxit.

331 1646 616 1710 Quocirca
649 1650 713 1700 ut
742 1646 891 1699 scias
915 1644 1053 1717 quid
1089 1645 1409 1716 praestitum
1442 1645 1571 1699 sita
1603 1644 1765 1698 nobis
1792 1644 1849 1698 in
1882 1645 1990 1698 hac

333 1736 587 1790 istorum
620 1732 1083 1804 ἀποσπασματίων
1118 1729 1342 1802 ἐκδόσει,
1378 1738 1595 1787 textum
1644 1732 1990 1788 Nazianzeni

2111 578 2327 634 Italicis
2360 585 2414 634 et
2445 581 2679 636 Gallicis
2709 583 3156 653 exemplaribus,
3182 584 3280 655 qui
3315 584 3461 639 liber
3491 601 3648 640 nunc
3668 591 3757 642 est

2110 667 2271 722 Pauli
2305 669 2515 723 Petavii
2566 673 2851 726 senatoris
2896 672 3262 744 Parisiensis.
3320 672 3471 743 Syrl.
3523 675 3755 745 optima:

2107 761 2257 811 notae
2289 760 2360 809 M.
2396 757 2453 811 S.
2489 776 2521 811 a
2551 757 2615 812 G.
2649 758 2871 829 Syrleto
2903 760 3196 816 cardinale
3244 762 3395 833 apud
3450 764 3749 819 Patavium

2106 844 2163 899 in
2198 844 2345 900 libro
2379 843 2547 900 Billii.
2584 846 2665 901 Tr.
2699 847 2936 902 denotat
2965 850 3091 903 cod.
3125 850 3272 905 satis
3308 854 3601 906 vetustum
3636 851 3752 907 col-

2108 932 2240 1004 legii
2269 934 2494 989 Sanctae
2530 935 2834 990 Trinitatis
2886 937 2944 990 in
2994 939 3175 993 Oxon.
3208 939 3541 1005 Academia,
3574 956 3747 1011 quem

2106 1022 2178 1076 ad
2211 1021 2448 1091 librum,
2482 1023 2605 1094 ipse
2660 1024 2725 1078 D.
2789 1024 3061 1091 Savilius,
3118 1042 3213 1080 xv1
3267 1024 3399 1081 illas
3456 1028 3747 1086 orationes

2104 1116 2391 1182 exegerat,
2422 1111 2481 1165 in
2524 1128 2670 1183 quas
2728 1111 2965 1183 scripsit
3012 1114 3240 1170 Nicetas
3292 1119 3741 1173 Commentator.

2106 1198 2280 1254 Porro
2313 1200 2397 1254 vir
2428 1200 2805 1255 doctissimus
2836 1200 3161 1257 Richardus
3193 1201 3512 1274 Thomson,
3546 1208 3602 1260 et
3629 1208 3742 1260 Au-

2102 1288 2373 1357 gustinus
2406 1288 2637 1344 Lindsel
2669 1289 3086 1357 amicissimus,
3120 1307 3259 1345 suae
3306 1292 3421 1346 huc
3451 1292 3747 1363 symbolae

2103 1376 2495 1431 contulerunt.
2529 1377 2632 1432 Hic
2663 1378 2817 1433 enim
2853 1379 3265 1449 castigationes
3284 1379 3424 1435 Julii
3446 1380 3743 1448 Gabrielii,

2103 1466 2172 1519 ad
2209 1482 2411 1520 omnes
2439 1472 2595 1537 ep.et
2620 1472 2802 1522 orat.e
2831 1468 3129 1523 Vaticanis
3168 1470 3527 1524 membranis
3558 1470 3629 1524 ad
3656 1487 3747 1526 me

2102 1553 2284 1620 misit,
2318 1556 2503 1610 editas
2535 1554 2668 1611 illas
2699 1557 2852 1629 apud
2886 1557 3245 1629 Plantinum,
3305 1559 3405 1614 sed
3442 1558 3750 1615 Pariensis—

2101 1643 2211 1698 bus
2244 1659 2358 1697 non
2391 1644 2547 1699 visas
2581 1662 2594 1697 :
2629 1650 2802 1716 atque
2836 1646 2885 1701 is
2915 1651 3004 1702 est
3058 1645 3207 1701 liber
3249 1663 3422 1717 quem
3470 1664 3747 1703 vocamus

2100 1731 2144 1787 G
2172 1750 2184 1800 ;
2220 1731 2314 1787 ille
2347 1737 2541 1788 autem
2569 1750 2744 1788 suum
2779 1738 2907 1790 cod.
2942 1734 3413 1803 communicavit,
3446 1752 3581 1791 cum
3603 1737 3745 1793 scri-

332 1824 625 1890 Graacum,
658 1840 789 1878 cum
826 1821 1000 1877 variis
1027 1822 1303 1876 collatum
1337 1821 1776 1893 manuscriptis,
1810 1838 1985 1893 quam
2018 1869 2065 1933 B
2101 1820 2218 1892 ptis
2249 1819 2528 1876 collatum
2560 1821 2619 1876 in
2652 1821 2819 1878 Italia
2847 1839 2860 1878 :
2894 1827 3070 1894 atque
3100 1823 3149 1879 is
3179 1827 3269 1879 est
3317 1840 3489 1895 quem
3523 1841 3625 1897 per
3654 1825 3744 1881 Th.

332 1928 647 1933 ___-U__m_--
686 1909 1223 1933 -..Α-...ι-ι;--ξ....--....
1264 1910 1602 1933 Δ...1.21....υ.....
1634 1909 1848 1933 --ι,ι;-
1878 1910 1944 1933 -.1
2094 1908 2483 1933 ε..ι-Ιι;..ε-.--,
2517 1910 2597 1933 Λ..
2636 1916 2791 1933 ..-ι-ι
2830 1911 3204 1933 _..-_.L___-_
3240 1912 3535 1933 ll-.__!_l_,,
3588 1930 3709 1933 7‘-,

328 1928 651 1984 possumus
681 1909 1227 1966 emendatissimum
1261 1909 1856 1979 exhibemus,scholia
1876 1910 1983 1965 ad-

324 2002 640 2071 junximus
686 2017 801 2055 non
852 1999 1099 2065 inutilia,
1151 1999 1220 2054 de
1270 2000 1395 2053 cod.
1448 1999 1738 2070 descripta
1787 2015 1982 2070 perve-

328 2095 491 2145 tusto
525 2089 751 2161 collegii
802 2089 982 2143 beata:
1036 2087 1228 2142 Maria:
1289 2087 1640 2159 Magdalenm
1692 2088 1749 2141 in
1803 2088 1980 2142 Acad.

337 2177 521 2233 Oxon.
571 2177 802 2233 Nonum
831 2176 965 2231 huic
997 2175 1325 2231 scholiastaz
1374 2192 1545 2247 quem
1580 2174 1980 2246 adjunximus,

328 2266 424 2319 τὸν
451 2264 747 2339 ἐξηγητὴν,
798 2264 885 2317 καὶ
934 2267 1040 2318 τῶν
1104 2262 1354 2338 ἱστοριῶν
1407 2262 1721 2337 συναγωγὲα
1770 2280 1979 2336 suppe-

336 2356 545 2410 ditavit
574 2354 835 2410 Caesarea
852 2353 1197 2410 Viennensis
1228 2352 1677 2419 bibliotheca,ex
1704 2353 1985 2423 scriptore

334 2444 796 2515 diligentissimo
826 2442 1096 2498 Samuele
1126 2440 1321 2496 Slado.
1368 2441 1653 2496 Aberrant
1689 2441 1983 2496 interdum

335 2540 606 2604 uterque,
644 2530 1061 2599 fateor,alicubi
1095 2536 1232 2585 sunt
1266 2529 1567 2585 manifeste
1599 2530 1984 2601 corrupti,sed

334 2622 404 2676 de
438 2621 510 2676 iis
544 2620 775 2676 solliciti
808 2619 1108 2675 noluimus
1163 2636 1311 2685 esse,
1348 2624 1576 2674 tantum
1637 2621 1892 2675 contenti
1921 2617 1987 2671 τὰ

333 2709 626 2785 ἀπόγραφα
655 2710 903 2765 fideliter
942 2710 1159 2779 ubique
1189 2708 1564 2780 expressisse,
1614 2713 1819 2764 caetera
1850 2726 1984 2764 eru-

334 2799 458 2854 dito
489 2798 690 2853 lectori
723 2799 1141 2869 permittimus.
1183 2799 1263 2853 De
1311 2797 1575 2869 epistolis
1623 2801 1677 2852 et
1726 2797 1988 2853 oratione

334 2882 673 2955 ἀνεκδότοις,
706 2892 763 2942 et
805 2888 877 2942 de
920 2892 1268 2943 testamento
1328 2886 1642 2942 correctius
1690 2887 1866 2946 edito.
1927 2887 1986 2940 in

333 2975 463 3031 loco
497 2977 754 3030 diximus
782 2977 851 3030 ad
887 2976 1210 3031 notas..lam
1242 2992 1373 3030 vero
1405 2991 1552 3046 quas
1584 2976 1794 3030 damus
1825 2974 1992 3030 casti-

336 3064 604 3136 gationes
638 3067 693 3119 in
736 3070 880 3120 orat.
933 3068 1104 3136 epist.
1149 3071 1203 3119 et
1254 3065 1441 3135 ipsius
1472 3064 1680 3131 Vitam,
1714 3064 1784 3119 de
1813 3064 1989 3119 variis

337 3152 766 3226 συνηρανίσαμεν
790 3155 1329 3224 manuscript.quas
1360 3170 1461 3224 per
1492 3153 1714 3208 litteras
1734 3152 1989 3208 initiates

2094 1908 2614 1981 intelligimus.0x.
2636 1916 2797 1966 notat
2829 1911 3207 1968 membranas
3240 1912 3744 1986 Magdalenenses,

2093 2015 2246 2053 xxxn
2279 2003 2426 2053 orat.
2474 2003 2532 2053 et
2578 1999 2800 2054 scholia
2848 2006 3129 2072 perpetua
3175 2002 3571 2059 continentes.
3619 2005 3741 2059 Pal.

2091 2086 2259 2141 illum
2296 2086 2569 2142 Palatinas
2599 2087 2965 2143 bibliothecae
2997 2089 3123 2144 cod.
3155 2105 3329 2161 quem
3362 2090 3450 2146 vir
3479 2091 3744 2148 eruditus

2092 2176 2153 2229 P.
2185 2175 2620 2231 Felckmannus
2652 2176 2789 2230 citat
2818 2177 2889 2231 ad
2922 2176 3084 2232 illam
3118 2176 3377 2249 Gregorii
3410 2176 3486 2239 εἰς
3515 2178 3740 2241 Ἀθανά-

2093 2283 2230 2319 σιον.
2262 2266 2386 2318 Bas.
2427 2269 2517 2319 est
2573 2265 2750 2320 editio
2808 2264 3206 2321 Basileensis:
3261 2267 3393 2322 Bill.
3457 2270 3742 2340 interpres

2090 2353 2347 2408 Jacobus
2380 2352 2587 2407 Billius
2621 2370 2633 2408 :
2666 2354 2749 2407 El.
2784 2353 3069 2425 interpres
3092 2353 3243 2410 Elias
3274 2356 3586 2411 Cretensis.
3616 2356 3741 2412 Sch.

2095 2445 2257 2496 notat
2287 2440 2534 2497 schedas
2566 2443 2638 2497 ab
2672 2443 2904 2497 Andrea
2923 2442 3159 2497 Schotto
3191 2461 3205 2499 :
3238 2449 3296 2499 et
3325 2444 3742 2513 Bod.codicem,

2095 2547 2235 2585 sane
2263 2529 2727 2597 memorabilem,
2768 2530 3128 2587 bibliotheca:
3159 2532 3481 2588 Bodleianre
3530 2534 3744 2602 Oxon.;

2097 2637 2233 2675 nam
2264 2626 2320 2676 et
2351 2637 2554 2676 omnes
2594 2620 2940 2676 Nazianzeni
2999 2622 3276 2693 epistolas
3330 2622 3525 2691 habet,
3581 2625 3747 2695 prius

2096 2710 2303 2775 editas,
2335 2714 2392 2766 et
2423 2726 2570 2780 quas
2614 2710 2787 2781 primi
2817 2711 3029 2766 damus
3064 2728 3077 2765 :
3108 2716 3167 2765 et
3224 2717 3500 2783 prieterea
3548 2711 3753 2767 Basilii

2097 2797 2320 2871 aliquot
2365 2799 2637 2861 decedas,
2698 2815 2903 2854 omnes
2960 2799 3151 2854 adhuc
3203 2795 3545 2866 ἀνεκδότους,
3602 2818 3750 2872 quas

2098 2886 2234 2942 hinc
2266 2886 2588 2958 descriptas
2620 2886 2906 2943 habemus
2943 2905 3069 2943 nos.
3108 2887 3220 2943 Has
3250 2894 3446 2944 autem
3474 2888 3751 2946 lectiones

2099 2980 2156 3030 et
2168 2974 2579 3046 castigationes
2594 2974 2794 3031 concin
2805 2978 2934 3031 navi
2947 2978 3018 3031 ad
3035 2976 3417 3033 Parisiensem
3432 2977 3748 3033 editionem

2099 3063 2259 3119 illius
2293 3063 2633 3119 methodum
2656 3064 2714 3118 in
2747 3065 3464 3133 orationibus,orationum
3497 3065 3748 3137 paginis,

2101 3153 2442 3224 paginarum
2479 3152 2741 3208 numeris
2771 3152 2855 3208 sic
2887 3158 3225 3221 secutus,ut
3256 3160 3536 3225 utrosque
3566 3154 3748 3209 libros

336 3243 394 3296 in
428 3242 684 3315 singulis
716 3259 848 3315 pag.
883 3244 1294 3313 designamus;
1327 3244 1387 3297 Β.
1422 3246 1583 3297 notat
1603 3243 1729 3297 cod.
1757 3241 1985 3314 Regium
2017 3234 2058 3300 C
2097 3241 2457 3312 comparanti
2496 3257 2607 3295 non
2637 3240 2715 3296 sit
2744 3241 2999 3310 difficile,
3058 3241 3194 3295 κατὰ
3248 3238 3390 3295 πόδα
3437 3243 3622 3314 sequi.
3658 3244 3746 3298 Tu

339 3332 549 3387 matris
585 3331 906 3386 Mediceum
938 3348 968 3386 e
997 3330 1355 3386 Bibliotheca
1399 3330 1498 3385 illa
1550 3324 1888 3403 περιϐοήτῳ.
1921 3332 1984 3385 Ρ.

340 3421 682 3476 varietatem
711 3420 1052 3491 lectionum,
1076 3437 1224 3492 quas
1257 3419 1396 3475 olim
1420 3419 1796 3475 doctissimus
1826 3419 1993 3475 Jaco-

2101 3334 2294 3385 autem
2331 3329 2441 3395 his,
2474 3329 2674 3396 lector,
2707 3334 2888 3401 utere,
2922 3330 3110 3387 fruere
3142 3331 3215 3387 ad
3236 3336 3396 3387 tuam
3431 3331 3745 3387 utilitatem

2105 3417 2479 3490 comparatis.
2514 3416 2675 3475 Vale.

891 3752 1174 3791 GREGORIO
1212 3751 1314 3790 XIII
1356 3749 1635 3790 PONTIFICI
1676 3747 1904 3787 MAXIMO
1941 3746 2258 3793 TOTIUSQUE
2296 3747 2571 3787 ECCLESIE
2610 3750 2775 3788 PATRI
2815 3749 3211 3799 SANCTISSIMO,

1474 3846 1787 3886 GILBERTUS
1826 3844 2238 3884 GENEBRARDUS
2278 3846 2343 3884 ET
2379 3845 2625 3886 JOANNES

1755 3942 2106 3997 ειη-τηοσε,
2146 3943 2199 3981 'r.
2243 3943 2337 3981 nn.

1369 4081 1452 4137 Ex
1481 4079 1633 4135 Edit.
1664 4076 1845 4134 Nivel.
1870 4076 2029 4144 1485,
2064 4074 2264 4132 Morel.
2292 4077 2429 4133 1609
2458 4082 2515 4135 et
2546 4079 2729 4151 1630.)

416 4356 621 4412 Multis
651 4355 1043 4427 gravibusque
1075 4351 1268 4409 causis
1298 4349 1534 4407 adducti
1593 4365 1817 4416 sumus,
1852 4362 1986 4402 san-
2020 4344 2068 4410 D
2099 4345 2435 4414 ostendunt,
2468 4352 2533 4403 ut
2562 4349 2746 4404 sancti
2781 4354 3162 4404 monumenta
3189 4347 3450 4419 undique
3498 4347 3618 4403 tuis
3666 4346 3759 4400 in-

346 4446 611 4501 ctissime
645 4444 926 4511 Pontifex,
980 4447 1045 4497 ut
1092 4444 1149 4497 in
1200 4448 1299 4496 tuo
1337 4440 1712 4495 sanctissimo
1762 4437 1999 4492 nomine

347 4536 498 4590 hanc
530 4550 760 4599 novam,
796 4534 1046 4603 plenam,
1103 4531 1415 4603 perfectam
1470 4531 1531 4584 Ι).
1579 4527 1837 4599 Gregorii
1890 4525 1999 4580 Na-

345 4623 603 4679 aianzeni
654 4622 1088 4676 conversionem
1142 4635 1415 4691 apparere
1489 4618 1831 4671 faceremus.
1874 4613 1996 4668 Pri-

348 4729 515 4767 mum
553 4710 673 4764 hac
705 4714 985 4781 perpetua
1019 4708 1126 4763 fuit
1157 4714 1211 4763 et
1270 4712 1544 4762 constans
1585 4703 1910 4760 doctissimi
1943 4707 2000 4757 et

352 4798 705 4856 nobilissimi
753 4798 1087 4869 interpretis
1136 4796 1291 4852 Billii
1321 4795 1610 4864 voluntas,
1669 4795 1839 4864 cujus
1900 4809 1996 4847 su-

349 4892 575 4964 premis
606 4888 755 4943 votis
789 4888 1029 4941 minime
1062 4892 1361 4958 parentare
1386 4884 1547 4940 nefas
1565 4900 1693 4939 esse
1725 4882 2001 4937 duximus

351 4977 678 5052 praesertim
712 4993 842 5031 cum
880 4992 1066 5047 neque
1106 4974 1417 5046 aequiorem
1478 4991 1596 5028 suis
1656 4971 2001 5026 eruditionis

353 5074 690 5139 patronum,
754 5081 941 5135 neque
989 5063 1374 5136 potentiorem
1444 5078 1686 5116 suorum
1737 5060 1999 5115 laborum

350 5158 872 5228 propugnatorem,
894 5170 1081 5222 neque
1104 5151 1591 5207 vehementiorem
1634 5150 1725 5204 sui
1758 5148 2002 5204 Nazian-

350 5245 478 5299 zeni
511 5244 818 5307 cultorem,
855 5258 1041 5314 neque
1073 5241 1415 5297 similiorem
1457 5256 1573 5295 sua:
1619 5240 1819 5294 virtuti
1850 5237 2001 5292 anti-

350 5335 549 5391 stitem
585 5331 843 5387 nancisci
879 5336 1089 5401 posset.
1126 5330 1335 5385 Deinde
1366 5330 1642 5400 quoniam
1679 5333 1733 5382 te
1764 5327 2005 5381 mirifice

352 5428 577 5479 recreat
603 5438 670 5475 ac
704 5420 886 5474 reficit
926 5420 1105 5490 hujus
1133 5418 1390 5490 Gregorii
1443 5434 1676 5483 nomen,
1720 5421 1782 5470 ut
1814 5416 2006 5471 Roma

349 5512 773 5584 Gregorisnum
807 5507 1090 5564 sacellum
1125 5525 1158 5563 a
1185 5512 1239 5562 te
1280 5506 1697 5580 augustissime
1728 5511 1783 5560 et
1815 5505 2007 5559 muni-

352 5598 741 5657 ﬁcentissime
770 5598 1090 5653 excitatum
1120 5596 1465 5665 declarat,ut
1483 5596 1856 5652 sanctissima
1880 5594 2008 5666 pul-

348 5689 581 5747 vinaria
611 5686 749 5743 huic
778 5687 908 5743 divo
940 5684 1415 5758 splendidissime
1471 5702 1505 5741 a
1561 5688 1618 5741 te
1675 5688 2011 5740 consecrata

2112 4436 2733 4509 gentibussumptibus
2764 4438 3093 4509 conquisita
3112 4440 3437 4503 testantur;
3472 4434 3759 4507 quidquid

2110 4523 2489 4596 reliquiarum
2521 4529 2650 4595 ejus
2687 4525 2930 4598 adipisci
2981 4525 3301 4597 potuimus,
3334 4526 3391 4579 in
3451 4529 3616 4578 tuum
3666 4539 3760 4578 sa-

2109 4630 2270 4669 crum
2305 4616 2572 4669 aerarium
2606 4614 2717 4686 ipsi
2751 4615 2927 4671 etiam
2983 4619 3440 4687 comportamus,
3500 4629 3565 4667 ac
3599 4611 3752 4683 apud

2110 4710 2187 4771 te,
2219 4708 2499 4775 tanquam
2532 4704 2881 4760 fidissimum
2917 4705 3241 4771 custodem,
3276 4701 3547 4775 religiose
3578 4701 3757 4773 depo-

2111 4793 2707 4849 nimus.Godofredus
2733 4791 2938 4847 Billius
2966 4792 3169 4847 Jacobi
3202 4789 3538 4862 interpretis
3564 4790 3759 4854 frater,

2111 4882 2295 4937 sancti
2326 4881 2613 4937 Vincentii
2650 4881 3057 4937 Laudunensis
3089 4880 3292 4944 abbas,
3326 4896 3359 4934 a
3390 4879 3560 4934 nobis
3590 4894 3764 4948 expe-

2115 4971 2202 5026 tiit
2232 4988 2244 5025 :
2281 4972 2470 5026 caeteri
2504 4972 2633 5041 ejus
2665 4969 3084 5041 consanguinei
3134 4985 3248 5023 non
3305 4968 3477 5022 modo
3528 4965 3762 5038 generis

2114 5064 2421 5114 stemmate
2452 5064 2509 5114 et
2538 5058 2846 5131 praecipuie
2892 5058 3052 5130 regni
3104 5055 3428 5111 honoribus
3476 5055 3761 5126 insignes.

2111 5165 2313 5203 verum
2346 5148 2518 5203 etiam
2554 5146 2837 5203 catholica
2868 5145 3377 5217 professione,tota
3407 5142 3595 5200 Gallia
3626 5159 3765 5198 con-

2114 5238 2323 5308 spicui,
2357 5237 2506 5292 hanc
2539 5237 2627 5291 sui
2672 5235 2931 5290 vulneris
2964 5252 2995 5291 e
3046 5235 3190 5290 tanti
3242 5232 3553 5305 propinqui
3606 5233 3765 5288 obitu

2116 5327 2334 5399 accepti
2368 5326 2712 5381 levationem
2745 5329 2802 5380 et
2834 5323 3108 5380 solatium
3142 5339 3270 5379 esse
3298 5321 3765 5392 interpretantur

2117 5417 2165 5471 si
2199 5433 2259 5473 se
2290 5415 2611 5488 apostolica
2653 5412 3020 5470 benediiione
3064 5412 3352 5485 perfusos,
3401 5411 3449 5467 si
3501 5410 3592 5466 sui
3637 5426 3768 5465 san-

2117 5507 2313 5580 guinis
2344 5505 2579 5562 exuvias
2619 5504 2693 5561 ab
2741 5502 3059 5575 apostolico
3109 5501 3341 5570 throno,
3402 5501 3573 5571 cujus
3622 5501 3770 5553 sunt

2118 5595 2718 5665 studiosissimi,bene
2757 5592 3065 5659 habitas,si
3097 5591 3189 5648 sui
3238 5589 3389 5647 Billii
3413 5584 3765 5661 pientissimi

2120 5704 2186 5743 ao
2213 5684 2537 5743 doetissimi
2560 5681 2976 5739 cmnobiarchaa
2998 5678 3455 5737 recordationem
3478 5669 3761 5747 aliquanti
