4184 6202
379 354 491 415 371

1271 354 1640 415 GILBEBTI
1686 352 2188 414 GENEBRARDI
2240 350 2486 412 EPIST.
2538 351 2905 413 DEDICAT.

3676 356 3795 415 3'72

378 484 2026 557 factamadoctissimodoctissimorumqueamantissimo
2060 488 2110 550 Α
2142 482 2288 549 Quid
2320 482 2686 553 Trinitarios,
2724 484 2933 549 Deitas,
2975 485 3296 557 Tredeitas,
3331 485 3437 557 (tot
3477 486 3629 542 enim
3668 489 3797 560 pro'

380 575 653 646 pontiﬁce
684 574 1092 629 intellexerint.

452 664 662 734 Accipe
723 664 899 734 igitur
947 664 1361 719 communibus
1436 665 1698 718 omnium
1768 670 2032 719 nostrum

383 753 597 822 optatis
626 751 778 806 Billii
808 752 1175 824 Gregorium,
1212 754 1329 808 imo
1360 769 1492 808 vero
1527 760 1714 824 tuum,
1748 754 1847 824 qui
1898 769 2031 807 eum

386 847 506 896 tam
544 840 873 912 magnificis
903 841 1148 908 (edibus,
1200 846 1318 897 tam
1371 843 1639 913 angustis
1689 842 2032 911 honoribus,

385 933 503 984 tam
537 928 809 1001 pretiosis
837 930 1098 985 donariis
1132 931 1501 1001 prosequeris
1532 947 1544 985 :
1574 947 1825 1001 quorum
1858 931 2033 985 etiam

395 1034 573 1074 causa
601 1019 957 1084 addidimus,
988 1018 1231 1073 consilio
1288 1019 1636 1074 venerabilis
1696 1020 2036 1074 Sanctitatis

389 1106 602 1162 Vestras
633 1106 824 1162 nuntii
880 1106 1124 1163 Joannis
1171 1108 1424 1163 Castellii
1486 1109 1866 1164 Ariminensis
1916 1108 2037 1180 epi-

387 1194 571 1266 scopi,
606 1195 1025 1266 Gregorianum
1091 1196 1387 1251 Laurentii
1449 1198 1673 1252 Frizolii
1732 1197 2034 1263 sacellum,

392 1288 457 1338 ut
490 1284 703 1354 posteri
738 1283 900 1340 illius
931 1285 1354 1340 dedicationem
1414 1285 1511 1340 tibi
1567 1287 1806 1342 omnino
1857 1287 2039 1342 fuisse

390 1373 648 1428 debitam
686 1374 902 1440 norint,
937 1375 1007 1429 ad
1040 1377 1210 1443 cujus
1261 1376 1716 1446 perpetuandam
1757 1392 2039 1431 exornan-

392 1462 647 1532 damque
693 1465 1135 1519 veerationem
1184 1470 1269 1518 tot
1322 1470 1598 1535 tantaque
1646 1465 2038 1537 insumpsisti,

390 1557 448 1607 et
474 1569 607 1606 cum
640 1556 726 1607 tot
767 1556 1102 1610 seminariis
1140 1559 1263 1610 toto
1311 1556 1450 1611 orbe
1501 1557 1832 1613 Christiano
1879 1574 2037 1612 sum-

390 1641 769 1712 ptuosissime
813 1642 1097 1709 excitatis,
1156 1660 1289 1699 cum
1334 1650 1418 1700 tot
1446 1651 1687 1716 tamque
1748 1647 2040 1701 variarum

392 1729 729 1798 linguarum
765 1733 914 1803 typis
946 1733 1135 1788 Romaa
1167 1736 1323 1789 cusis
1364 1735 1721 1805 theologiam
1781 1737 1853 1790 ab
1913 1736 2041 1807 ipso

391 1818 669 1874 traditam
701 1820 918 1876 tabulis
940 1822 2039 1893 signisqueinstruxisti.Gratulaberis,

395 1912 487 1962 sat
515 1908 759 1975 scimus,
795 1909 1115 1981 interpreti,
1149 1911 1249 1982 qui
1280 1928 1345 1967 eo
1402 1914 1723 1983 prtesertim
1786 1917 2046 1985 tempore

398 1997 650 2052 auctoris
664 1996 1160 2067 elegantissimam
1179 2000 1492 2056 editionem
1523 2002 2048 2074 tidelissimamque

396 2084 518 2139 orbi
558 2086 759 2142 Latino
788 2087 1073 2157 exhibuit,
1105 2104 1220 2160 quo
1252 2093 1375 2144 erat
1420 2087 1741 2144 utilissima
1774 2107 1839 2145 ac
1872 2106 2047 2161 prope

396 2174 745 2229 necessaria.
782 2175 919 2243 leto,
979 2175 1264 2242 videlicet,
1318 2193 1433 2248 quo
1481 2178 1817 2234 Calviniana
1866 2180 2048 2251 pestis

396 2265 586 2315 totum
620 2267 908 2319 terrarum
940 2269 1274 2320 nostrarum
1306 2266 1505 2321 orbem
1551 2267 1785 2339 depasci
1819 2274 2045 2334 conata,

397 2356 608 2406 cuncta
649 2351 749 2407 illa
796 2359 1081 2419 monstra,
1132 2370 1260 2425 quas
1310 2355 1620 2427 theologus
1664 2355 1803 2411 olim
1854 2356 2050 2413 labore

399 2437 710 2510 plusquam
738 2443 1018 2498 Herculeo
1049 2444 1375 2514 domuerat,
1419 2449 1477 2500 et
1529 2445 1586 2498 in
1634 2461 1829 2500 orcum
1863 2449 2052 2502 trans—

404 2528 664 2597 miserat,
698 2546 763 2586 ex
797 2530 1117 2587 inferorum
1161 2538 1329 2588 antro
1361 2533 1576 2588 eduxit.
1604 2535 1870 2590 Profudit
1892 2535 2049 2590 enim

401 2615 571 2672 nobis
592 2616 856 2672 Valleum
889 2623 945 2673 et
981 2619 1271 2690 ejusmodi
1308 2620 1532 2687 atheos,
1584 2622 1800 2692 quibus
1857 2624 2050 2678 omnis

402 2703 603 2775 religio
633 2710 722 2760 est
755 2706 970 2762 fabula.
1008 2709 1239 2780 Peperit
1268 2708 1531 2765 Natalem
1564 2711 1865 2765 Jornetum
1894 2712 2051 2766 ludi~

401 2792 797 2864 magistellum
832 2794 942 2850 hoc
972 2812 1125 2851 anno
1157 2796 1327 2853 Metis
1357 2798 1415 2851 in
1437 2798 1668 2853 vincula
1699 2801 2047 2869 conjectum,

403 2884 460 2934 et
489 2881 754 2937 fortassis
787 2900 1028 2939 suorum
1064 2886 1533 2941 commilitonum
1569 2903 1675 2958 cpe
1716 2903 2048 2957 evasurum,

405 2969 508 3040 qui
539 2969 754 3026 librum
787 2979 989 3027 contra
1021 2974 2051 3048 patriarchas,prophetas,apostolos

402 3058 682 3126 condidit,
715 3076 931 3132 eosque
960 3067 1026 3116 ut
1057 3062 1406 3134 imposteros
1465 3082 1531 3119 ac
1581 3064 1861 3121 falsarum
1920 3067 2050 3122 reli-

403 3148 645 3219 gionum
677 3154 942 3206 auctores
973 3168 1384 3223 prmconesque
1406 3154 1676 3209 traducit.
1710 3154 1923 3210 Genuit
1952 3156 2052 3211 Be-

2142 572 2367 643 digiosa
2394 572 2677 626 vocabula
2709 578 2944 644 propter
2991 574 3388 645 prodigiosam
3436 576 3797 647 impietatem

2143 666 2281 716 sunt
2312 661 2523 733 sortiti)
2556 660 2771 732 quibus
2802 667 2921 717 tres
2950 663 3027 716 dii
3062 664 3340 729 existunt,
3377 682 3529 719 nunc
3561 667 3709 737 sequi
3741 671 3799 721 et

2144 767 2336 822 pares,
2369 766 2524 805 nunc
2557 751 2876 822 inaequales
2906 758 2963 805 et
2994 753 3248 823 impares
3276 753 3302 807 ?
3332 754 3477 818 Quid
3500 754 3802 809 Antitrini-

2143 840 2324 894 tarios
2357 839 2448 893 his
2505 840 2796 894 contraria
2853 841 3195 908 sentientes,
3259 847 3439 912 atque
3499 842 3579 897 ita
3616 860 3798 898 unum

2146 933 2325 983 Deum
2357 928 2698 993 conflantes,
2730 934 2795 983 ut
2824 930 2975 985 inter
3032 930 3174 984 istos
3234 936 3291 985 et
3343 931 3672 987 Sabellium
3710 933 3801 986 vix

2145 1018 2464 1088 quidquam
2484 1018 2841 1073 discriminis
2860 1018 3240 1090 percipiatur?
3256 1020 3403 1084 Quid
3420 1019 3796 1076 Valentinum

2146 1106 2386 1161 Paulum
2422 1106 3629 1171 Alciatum,Blandratum,Mahometanum
3666 1109 3797 1164 bel-

2146 1194 2302 1248 luam
2340 1194 2394 1248 in
2430 1211 2597 1249 suam
2633 1197 3106 1250 communionem
3169 1196 3514 1267 recipientes
3566 1213 3629 1251 ac
3666 1214 3793 1269 my-

2148 1283 2323 1338 steria
2354 1283 2732 1338 divinissimaa
2764 1283 2935 1338 ﬁdeie
2993 1284 3279 1339 diabolico
3312 1284 3595 1339 Alcorano
3618 1286 3793 1339 dedu-

2149 1378 2366 1441 centes,
2398 1377 2573 1443 atque
2603 1371 2973 1437 Alcoranum,
3008 1373 3384 1443 Evangelium
3416 1377 3474 1427 et
3505 1373 3790 1445 prOpheti-

2150 1477 2275 1515 cam
2310 1461 2693 1532 Scripturam,
2730 1466 3009 1531 tanquam
3040 1461 3152 1515 tria
3201 1459 3528 1522 osdnveuo-tz
3559 1467 3785 1532 porten-

2150 1549 2826 1621 tosissimejungentes?
2845 1549 2991 1611 Quid
3030 1548 3255 1621 reliqua
3272 1549 3513 1604 humani
3546 1550 3797 1621 generis.

2152 1639 2367 1693 nedum
2400 1638 2734 1706 Christiani,
2770 1639 3071 1705 dedecora,
3106 1656 3234 1710 quas
3266 1638 3566 1710 theologia
3607 1640 3799 1694 omnis

2152 1743 2389 1783 sensum
2414 1744 2560 1799 pene
2582 1744 2647 1781 ex
2672 1727 2977 1782 hominum
3002 1728 3375 1783 conscientiis
3397 1728 3794 1799 exstirparunt

2152 1817 2294 1871 Nam
2330 1834 2442 1872 non
2468 1818 2591 1886 jam
2624 1817 2778 1871 inter
2808 1817 2967 1887 ipsos
2996 1817 3063 1871 de
3096 1817 3270 1871 rebus
3301 1818 3371 1871 ad
3406 1816 3588 1872 Deum
3623 1816 3802 1888 perti-

2157 1906 2430 1960 nentibus
2479 1907 2705 1977 impure
2744 1905 3044 1977 quaeritur,
3114 1922 3313 1960 verum
3382 1906 3453 1960 de
3512 1905 3625 1960 Deo
3677 1906 3804 1977 ipso

2156 2010 2389 2049 summo
2438 2010 2632 2049 rerum
2695 1998 2932 2065 parente
2983 1993 3450 2063 :sceleratissima
3522 1995 3681 2050 ardet
3733 1994 3805 2051 lis

2158 2088 2332 2154 atque
2361 2085 2674 2138 contentio.

2228 2173 2451 2235 Quibus
2481 2172 2756 2227 omnibus
2778 2188 2911 2228 cum
2970 2172 3057 2227 vel
3106 2189 3257 2228 unus
3314 2172 3720 2228 efficacissime
3751 2177 3807 2227 et

2158 2262 2479 2317 fortissime
2510 2266 2778 2317 occurrat
2807 2260 3131 2334 theologus,
3178 2261 3432 2331 suscepti
3467 2278 3500 2316 ι
3529 2261 3694 2317 Billio
3726 2261 3806 2315 la-

2160 2350 2328 2406 bores
2360 2350 2431 2404 ad
2464 2349 2630 2404 illum
2665 2350 2833 2405 nobis
2865 2354 3066 2406 contra
3087 2352 3230 2405 istas
3250 2349 3435 2405 furias
3461 2352 3809 2421 pugnaturis

2160 2440 2273 2493 fide
2304 2455 2369 2493 ac
2402 2454 2543 2510 pure
2573 2439 2989 2513 exhibendum,
3025 2440 3177 2511 apud
3226 2443 3280 2494 te
3314 2436 3809 2510 potissimum,cui

2162 2527 2457 2599 provincia
2488 2527 2765 2581 divinitus
2797 2528 3114 2583 commissa
3144 2532 3233 2583 est
3276 2526 3529 2593 videndi,
3566 2543 3636 2581 ne
3667 2525 3807 2599 quid

2160 2616 2491 2671 detrimenti
2525 2616 2725 2687 religio
2758 2616 2968 2687 capiat,
3002 2615 3257 2681 inibunt,
3306 2616 3639 2687 opinamur,
3674 2632 3811 2688 gra-

2159 2705 2300 2759 tiam
2322 2721 2498 2774 quam
2524 2704 3103 2760 maximam.Accedit
3122 2704 3190 2759 ad
3213 2704 3811 2759 istoslabefactandos

2160 2798 2216 2848 et
2247 2793 2518 2848 universa
2549 2793 2806 2849 Ecclesia
2838 2794 3069 2864 penitus
3121 2793 3536 2858 exturbandos,
3580 2792 3808 2847 nullum

2159 2882 2340 2937 videri
2374 2884 2697 2937 remedium
2733 2884 3097 2953 presentius,
3132 2899 3306 2953 quam
3341 2887 3398 2935 ut
3445 2880 3806 2953 coguminem

2161 2972 2317 3026 hunc
2349 2977 2519 3025 tuum
2563 2972 2949 3043 patriarcham
2996 2971 3309 3037 aamulerie,
3361 2987 3426 3026 ac
3478 2987 3592 3042 quo
3642 2975 3810 3041 pacto

2162 3075 2223 3114 se
2252 3059 2347 3114 ille
2377 3061 2654 3115 adversus
2695 3061 2785 3114 sui
2827 3061 3106 3133 temporis
3155 3060 3432 3115 sectarios
3485 3060 3685 3131 gessit,
3715 3075 3811 3114 eo-

2162 3149 2294 3203 dem
2328 3149 2634 3203 adversum
2668 3150 2832 3203 istos
2885 3150 3126 3204 enitare.
3180 3148 3363 3203 Verbo
3413 3147 3513 3203 Dei
3564 3147 3695 3202 illos
3729 3165 3813 3202 re-

404 3252 531 3290 zam
599 3238 941 3295 Neetoriane
1009 3240 1157 3296 duas
1224 3242 1616 3313 hypostaticas
1686 3244 1931 3299 uniones
1990 3225 2123 3299 inC
2162 3240 2327 3310 pulit,
2377 3238 2600 3293 litteras
2649 3238 2828 3293 coluit
2875 3245 2931 3294 et
2980 3238 3286 3310 promovit,
3345 3255 3443 3293 eas
3501 3238 3808 3309 praecipue,

414 3325 645 3382 Christo
694 3329 1106 3384 constitentem
1170 3347 1183 3385 :
1244 3331 1532 3402 Langum,
1586 3333 1862 3404 Eutychis
1921 3335 2056 3401 ritu,

405 3431 639 3471 carnem
664 3416 877 3471 Christi
899 3434 1029 3474 vere
1050 3424 1106 3472 et
1156 3419 1548 3474 essentialiter
1595 3420 1921 3476 deiﬁcatar-i
1972 3440 2061 3477 as-

409 3510 743 3561 serentem:
793 3506 1189 3562 Brochardum
1243 3508 1561 3563 Manichaea
1618 3509 1842 3565 musica
1882 3511 2061 3566 Calvi-

408 3592 699 3648 nlstarum
731 3595 955 3651 furores
1004 3595 1457 3653 demulcentem.
1509 3598 1755 3653 Protulit
1802 3599 2062 3656 scholam

407 3684 804 3739 Genevensem
835 3684 1045 3740 Ariane
1070 3690 1125 3740 et
1155 3684 1572 3742 Macedoniane
1627 3689 2060 3745 sanctissimam

410 3770 978 3844 saluberrimamque
1001 3773 1559 3846 precatiunculam,«
1586 3776 1799 3831 Sancta
1811 3777 2065 3833 Trinitas

413 3876 569 3915 unus
600 3859 1061 3927 Deus,miserere
1094 3862 1338 3932 nostri,»
1371 3864 1843 3932 damnantem,ut
1872 3864 2066 3922 incon-

414 3950 568 4004 sulte
601 3966 635 4004 a
664 3951 937 4007 Patribus
969 3952 1208 4021 dictam,
1245 3958 1310 4008 ut
1342 3953 1823 4024 periculosam,ut
1853 3956 2062 4011 barba-

412 4056 560 4108 ram,
595 4044 659 4094 ut
688 4041 1091 4113 impropriam.

485 4126 627 4189 Quis
674 4133 1042 4198 posterorum
1104 4135 1327 4186 tantam
1385 4132 1612 4203 copiam
1673 4132 1732 4186 in
1792 4130 2064 4203 blasphe-

413 4214 630 4269 mando
660 4216 855 4271 credet
888 4234 899 4272 :
934 4218 1025 4272 cui
1060 4219 1334 4292 deinceps
1364 4221 1434 4274 ad
1470 4220 1639 4274 isiam
1691 4221 1873 4291 impfe
1908 4221 2065 4275 fandi

415 4301 717 4357 licentiam
752 4321 865 4359 non
899 4306 1219 4363 horrebunt
1250 4309 1395 4380 pili?
1426 4310 1756 4365 Procreavit
1786 4309 2070 4366 Calvinia-

414 4408 528 4446 nus
561 4391 836 4463 vomicas,
870 4394 1018 4449 hanc
1076 4398 1537 4453 enuntiationem
1586 4416 1617 4453 a
1662 4399 1934 4453 Patribus
1969 4400 2065 4453 Ni-

415 4479 590 4534 caenis
623 4486 820 4536 contra
853 4482 1171 4539 inferorum
1206 4492 1403 4556 portas
1427 4487 1768 4541 dulcissime
1792 4503 2068 4557 persona-

2169 3328 2382 3399 quibus
2412 3328 2658 3382 istorum
2691 3327 2935 3382 audacia
2966 3332 3021 3381 et
3052 3328 3349 3383 temeritas
3382 3326 3809 3398 frangitur.Eu-

2169 3416 2373 3471 lalium
2405 3420 2462 3471 et
2490 3415 2636 3471 alios
2666 3416 2877 3487 probos
2910 3417 3226 3487 doctusque
3258 3416 3565 3487 episcOpos
3597 3416 3824 3470 consti-

2170 3506 2303 3574 tuit,
2337 3505 2433 3577 qui
2470 3506 2663 3575 verbo,
2695 3504 2981 3577 exemplo,
3016 3505 3249 3571 scriptis
3283 3505 3531 3560 istorum
3555 3504 3829 3575 blasphe-

2173 3594 2325 3663 miis,
2362 3594 2744 3665 improbitati,
2780 3594 3084 3664 imperitia:
3125 3592 3483 3649 resisterent.
3538 3592 3821 3648 Basilium

2174 3700 2453 3756 magnum
2490 3700 2705 3756 magna
2733 3684 3101 3739 contentione
3128 3684 3277 3753 juvit
3305 3683 3376 3737 ad
3410 3682 3828 3737 Cmsariensem

2175 3772 2739 3844 archiepiscopatum
2772 3773 3349 3843 consequendum,ut
3377 3770 3436 3825 in
3460 3770 3825 3842 Cappadocia

2176 3878 2416 3933 serpens
2446 3860 3117 3917 Pneumatomachorum
3150 3865 3207 3916 et
3253 3861 3576 3915 amentium
3612 3859 3829 3930 Apolli-

2176 3951 2533 4007 naristarum
2564 3968 2772 4006 cancer
2800 3950 3282 4022 restingueretur.
3322 3947 3634 4004 Theodosii
3665 3947 3831 4003 Chri-

2176 4040 2523 4097 stianissimi
2554 4040 2925 4112 imperatoris
2956 4056 3123 4110 opem
3170 4037 3501 4110 imploravit
3532 4037 3601 4091 ad
3637 4041 3829 4092 retun-

2176 4131 2428 4186 dendam
2473 4130 2845 4196 Arianorum,
2898 4129 3392 4193 Macedoniarum,
3434 4126 3820 4198 Apollinario-

2177 4236 2306 4275 rum
2342 4218 2788 4290 impudentiam,
2816 4218 2913 4290 qui
2946 4218 3117 4273 verbo
3155 4217 3249 4273 Dei
3295 4234 3356 4272 se
3389 4216 3828 4288 persuadendos

2179 4326 2291 4364 non
2328 4308 2679 4379 praebebant.
2716 4304 3822 4379 Olympium,Sophronium,Asteriun1,

2178 4398 2485 4466 Victorem,
2522 4397 2871 4464 Modarium,
2921 4396 3282 4466 Eulropium,
3324 4392 3826 4463 Amphilochium,

2176 4485 2505 4548 Julianum,
2539 4485 2925 4551 Candianum,
2963 4484 3253 4556 principes
3307 4483 3724 4555 praefectosque
3755 4481 3824 4535 ad

413 4575 555 4636 tam,
603 4592 629 4618 ‹‹
668 4574 845 4625 Deum
880 4574 950 4627 de
983 4572 1347 4634 Deo,lumien
1384 4575 1453 4629 de
1482 4573 1727 4643 lumine,
1761 4575 1943 4629 Deum
1976 4593 2068 4631 ve-
2096 4595 2142 4658 D
2180 4574 2504 4645 perdendos
2533 4574 2695 4639 istos,
2732 4590 2798 4627 ac
2830 4589 2897 4628 ea
2928 4590 3054 4644 quae
3079 4576 3216 4627 sunt
3239 4571 3399 4643 pacis
3421 4569 3827 4625 ecclesiastica:

411 4674 540 4711 rum
575 4658 645 4713 de
677 4656 791 4714 Deo
823 4678 974 4727 vero,
1018 4684 1036 4707 ιι
1075 4668 1138 4715 ut
1168 4663 1396 4732 duram,
1450 4668 1513 4717 ut
1552 4663 1953 4733 impropriam,
2001 4670 2065 4719 ut

416 4746 668 4802 maxime
709 4748 1096 4819 periculosam
1131 4750 1530 4806 abhorrentes.
1569 4751 1799 4805 lnduxit
1828 4767 1930 4822 per
1962 4751 2062 4806 Le-

411 4836 699 4891 manicam
733 4838 1059 4906 colluviem,
1094 4856 1302 4895 novam
1337 4856 1601 4911 persona:
1630 4840 1752 4894 sive
1784 4839 2058 4912 hyposta-

410 4941 538 4980 seos
583 4924 1001 4992 definitionem,
1053 4944 1168 4998 qua
1218 4946 1329 4983 non
1393 4929 1519 4999 jam
1571 4945 1821 5000 persona
1862 4928 2062 4984 divina

409 5013 695 5069 subsistat
726 5032 828 5085 per
858 5033 941 5086 se,
974 5018 1074 5072 sed
1109 5035 1210 5089 per
1249 5018 1564 5073 essentiam
1590 5023 1646 5073 et
1676 5017 1734 5071 in
1760 5018 2015 5074 essentia
2042 5036 2056 5086 ;

409 5119 525 5157 non
558 5104 673 5171 iam
708 5121 808 5175 per
838 5122 966 5160 sese
994 5106 1297 5174 cohaereat,
1330 5108 1428 5162 sed
1463 5107 1534 5163 de
1590 5105 1888 5161 communi
1920 5124 2059 5178 qua-

408 5197 542 5246 dam
573 5194 905 5249 substantia
939 5196 1204 5261 pendeat,
1239 5195 1407 5266 eique
1458 5213 1617 5251 more
1665 5195 2053 5251 accidentium

407 5280 703 5336 inhaereat.
753 5283 897 5347 Quid
948 5283 1161 5338 addam
1216 5285 1607 5340 Autotheanos
1657 5290 1871 5339 temere
1918 5301 2053 5356 pro-

412 5370 752 5425 nuntiantes
788 5371 995 5427 Filium
1018 5378 1075 5428 et
1105 5374 1384 5443 Spiritum
1412 5379 1681 5430 sanctum
1736 5372 1881 5429 nihil
1913 5375 2053 5429 sub—

404 5456 632 5510 stantia:
674 5472 709 5510 a
739 5455 906 5513 Patre
964 5465 1331 5525 consecutos,
1394 5462 1493 5517 sed
1527 5479 1560 5516 a
1589 5478 1650 5518 se
1707 5462 1843 5518 deos
1874 5478 2002 5518 esse
2024 5460 2053 5517 ‘I

473 5669 521 5708 ⁸³
538 5674 565 5726 Ι
593 5670 723 5729 Cor.
755 5688 833 5741 iv,
860 5675 953 5730 21.

2172 4664 2504 4733 praestanda
2535 4662 2786 4733 impulit.
2821 4663 3026 4717 Pacem
3059 4661 3198 4716 fovit
3228 4660 3379 4715 inter
3439 4659 3730 4730 principes
3772 4663 3831 4712 et

2172 4758 2436 4822 pastores
2468 4750 2809 4815 catholicos,
2834 4756 2899 4805 ut
2929 4750 3261 4805 Christiana
3302 4750 3454 4804 acies
3486 4753 3687 4802 contra
3720 4748 3825 4801 im-

2172 4840 2299 4911 pios
2323 4845 2478 4895 esset
2526 4840 2765 4895 firmior.
2820 4839 3091 4896 Gladium
3146 4837 3388 4910 spiritus
3449 4842 3505 4892 et
3555 4837 3688 4890 ferri
3723 4835 3823 4889 mi-

2170 4927 2344 4994 scuit,
2377 4933 2551 4999 atque
2594 4946 2728 4983 cum
2773 4927 3048 5000 Apostolo
3099 4927 3271 4982 modo
3326 4927 3382 4981 in
3433 4925 3595 4996 virga
3642 4923 3821 4989 venit,

2169 5018 2342 5073 modo
2372 5017 2431 5071 in
2464 5018 2747 5073 charitate
2777 5023 2829 5073 et
2873 5018 3079 5088 spiritu
3140 5014 3611 5070 mansuetudinis
3656 5013 3721 5079 ⁸³,
3758 5018 3823 5066 ut

2168 5106 2485 5161 Ecclesiam
2520 5106 2839 5161 hmrcsibus
2870 5110 3209 5177 corruptam
3237 5120 3354 5158 suae
3382 5104 3621 5174 puritati
3653 5102 3822 5156 resti-

2166 5199 2375 5249 tueret.
2418 5195 2777 5250 Charitatem
2813 5195 2993 5250 coluit
3024 5211 3153 5249 cum
3188 5192 3485 5257 omnibus,
3522 5191 3608 5245 sui
3641 5190 3818 5245 etiam

2165 5285 2422 5341 nominis
2453 5289 2509 5340 et
2538 5284 2732 5339 throni
2777 5283 3106 5357 dispendio.
3155 5282 3394 5353 Pojicite
3443 5296 3556 5349 me,
3602 5279 3816 5351 inquit,

2167 5374 2225 5428 in
2261 5391 2446 5442 mare,
2478 5374 2527 5429 si
2560 5378 2799 5447 propter
2829 5390 2921 5429 me
2952 5378 3079 5428 orta
3121 5376 3209 5427 est
3253 5373 3573 5442 tempestas
3608 5384 3619 5421 :
3650 5366 3817 5422 inde-

2162 5480 2297 5535 que,
2329 5469 2385 5519 et
2414 5464 2649 5534 quidem
2690 5469 2909 5519 Ciesare
2940 5462 3191 5533 aliisque
3246 5460 3361 5531 piis
3418 5456 3809 5530 gementibus.
