4184 6202
260 88 267 91 ,
308 98 315 103 Ω
328 88 415 117 γ’..-

366 360 492 424 3‘13

1272 360 1635 423 GILBERTI
1683 362 2190 422 GENEBRARDI
2240 364 2487 426 EPIST.
2538 368 2898 427 DEDICAT.

3675 367 3796 426 3'74

366 480 909 565 Nectario,summo
942 510 1007 549 ac
1035 491 1326 548 ditissimo
1357 490 1774 562 patriarchatu,
1810 508 2018 563 nempe
2048 496 2102 561 Α
2135 500 2285 549 tenet
2319 502 2511 566 partes
2547 498 2691 552 Nam
2751 499 3156 570 interpretem,
3209 497 3346 551 dum
3383 497 3615 564 viveret,
3672 514 3787 553 non

366 583 1042 655 Constantinopolitano,
1077 586 1207 654 post
1237 581 1623 652 apostolicum
1657 581 2028 652 amplissimo

365 675 568 737 cessit,
612 690 683 728 ne
715 672 800 727 vel
835 672 1145 727 minimum
1180 671 1689 727 schismatisinter
1720 669 2026 743 episcopos

365 768 649 819 cerneret.

437 852 656 907 Catera
688 850 1041 922 scriptorum
1066 852 1193 920 ejus
1222 848 1394 904 lectio
1427 848 1831 919 copiosissime
1862 849 2027 905 doce‘

364 942 471 1008 bit,
507 958 635 1012 qua
666 957 733 995 eo
766 942 964 993 futura
980 944 1067 994 est
1088 939 1309 1011 gratior
1338 954 1402 991 ac
1436 938 1883 1008 probatior,quo
1907 954 2020 992 me-

361 1030 572 1085 liorem
609 1034 779 1084 nacta
810 1033 898 1083 est
927 1028 1305 1099 interpretem
1336 1043 1347 1080 :
1387 1041 1592 1097 nempe
1622 1042 1779 1093 eum,
1813 1027 1870 1080 in
1904 1044 2019 1097 quo

361 1125 596 1174 tantum
632 1118 860 1171 videtur
888 1115 1257 1187 eloquentia,
1284 1121 1348 1170 ut
1381 1132 1481 1187 per
1510 1115 1689 1169 alium
1705 1115 2018 1187 Gregorius

358 1214 505 1263 tuus
530 1205 904 1278 eloquentius
936 1205 1136 1259 Latine
1161 1204 1353 1259 dicere
1382 1204 1473 1258 vix
1533 1204 1753 1275 possit;
1786 1209 2014 1260 tantum

359 1297 670 1361 doctrina,
705 1299 769 1349 ut
800 1311 902 1365 per
940 1293 1119 1348 alium
1152 1292 1382 1347 doctius
1415 1304 1471 1346 et
1500 1291 1789 1347 eruditius
1806 1308 2013 1363 repra-

357 1385 584 1442 sentari
617 1384 707 1438 vix
730 1387 903 1455 queat
926 1400 939 1437 :
968 1387 1199 1437 tantum
1232 1381 1556 1436 sanctitatis
1578 1397 1645 1435 ac
1669 1380 1924 1448 virtutis,
1950 1387 2015 1437 ut

364 1474 651 1545 Spiritum
687 1477 959 1527 sanctum
1007 1472 1097 1525 sui
1131 1471 1332 1542 organi
1364 1486 1539 1525 sensa
1568 1469 1814 1525 libenter
1842 1471 1890 1524 ei
1924 1471 2011 1525 in-

359 1564 625 1635 spirasse
673 1565 1131 1616 consentaneum
1166 1560 1270 1626 sit;
1328 1562 1559 1613 tantum
1602 1559 1913 1631 diligentia
1956 1564 2012 1616 et

360 1650 569 1721 studii,
595 1656 659 1705 ut
686 1648 812 1721 ipse
846 1664 1033 1719 neque
1063 1648 1210 1713 vitae,
1238 1647 1306 1701 ad
1347 1647 1662 1703 volvendos
1693 1647 1872 1703 libros
1903 1666 2009 1704 suo

351 1740 630 1796 instituto
661 1738 1001 1794 commodos
1022 1754 1212 1807 neque
1234 1736 1483 1791 fortunis
1523 1737 1593 1790 ad
1634 1737 2004 1807 parandosin

2141 585 2312 638 modo
2344 586 2699 641 amicissime
2721 588 2919 653 coluit,
2943 603 3145 642 verum
3168 586 3341 642 etiam
3366 586 3632 652 consilio,
3656 603 3787 641 sen-

2138 674 2339 740 tentia,
2371 676 2668 730 recondita
2698 694 2803 731 sua
2831 676 3177 744 eruditione,
3202 674 3361 731 omni
3396 675 3646 745 denique
3668 693 3785 747 qua

2137 760 2323 832 potuit
2357 780 2415 816 re
2446 780 2510 817 ac
2529 764 2907 833 studiojuvit,
2924 765 3121 819 missis
3134 764 3307 818 etiam
3333 781 3399 819 ex
3422 763 3570 819 Urbe
3593 781 3781 819 exem-

2138 848 2400 919 plaribus
2431 852 2645 907 Gracia
2678 869 2855 923 penes
2889 870 2990 907 nos
3022 854 3213 907 adhuc
3235 852 3537 924 depositis,
3563 854 3777 924 quibus

2130 938 2220 992 vel
2268 941 2521 1011 corrupti
2557 941 2660 995 loci
2694 943 3164 1005 emendarentur,
3189 942 3273 996 vel
3300 941 3532 996 obscuri
3554 941 3775 997 illumi-

2133 1034 2432 1095 narentur,
2460 1029 2549 1083 vel
2583 1047 2731 1101 opus
2764 1030 2957 1101 ipsum
2997 1048 3275 1085 novorum
3326 1032 3773 1087 commentario-

2130 1134 2283 1186 rum,
2304 1120 2659 1185 orationum,
2682 1119 3083 1191 epistularum,
3104 1119 3432 1174 carminum
3471 1136 3771 1191 nunquam

2128 1211 2298 1261 antea
2326 1207 2617 1262 editorum
2651 1208 2984 1264 accessione
3012 1208 3177 1263 valde
3204 1207 3674 1278 locupletaretur.
3697 1210 3775 1265 Ex

2127 1295 2341 1366 quibus
2369 1298 2645 1352 omnibus
2669 1314 2799 1351 cum
2825 1314 2997 1352 suum
3026 1298 3148 1367 jam
3184 1313 3365 1350 unum
3392 1299 3563 1368 probe
3596 1296 3770 1353 colla-

2124 1388 2251 1438 tum
2283 1390 2340 1440 et
2370 1385 2890 1457 castigatissimum
2922 1386 3188 1441 effectum
3203 1384 3533 1455 absolverit,
3558 1387 3774 1457 Optime

2122 1475 2452 1539 merereris,
2484 1476 2651 1530 Pater
2680 1474 3075 1541 sanctissime,
3108 1475 3178 1529 de
3210 1490 3269 1529 re
3296 1473 3651 1542 Christiana,
3686 1479 3771 1530 at-

2122 1579 2234 1633 que
2266 1565 2407 1618 adeo
2440 1564 2510 1619 de
2542 1563 2976 1635 ipsoGregorio,
3010 1580 3184 1634 quem
3218 1563 3308 1635 pie
3339 1564 3481 1618 colis
3508 1570 3563 1619 et
3589 1566 3658 1619 ad
3678 1564 3770 1636 pie

2120 1651 2428 1706 colendum
2445 1670 2645 1708 omnes
2664 1653 2919 1720 exicitas,
2942 1654 2988 1708 si
3013 1670 3147 1708 eum
3171 1652 3475 1724 deintegro
3498 1669 3565 1709 ex
3585 1653 3771 1725 ipsius

2119 1741 2424 1796 emendato
2456 1742 2654 1797 codice
2690 1742 2894 1797 excudi
2930 1741 3272 1814 imperares,
3302 1758 3367 1796 ac
3398 1741 3562 1796 illum
3616 1744 3770 1814 typis

357 1829 627 1884 dulserit.
662 1828 730 1882 Et
761 1844 921 1893 sane,
956 1831 1020 1880 ut
1049 1826 1239 1897 prima
1269 1823 1523 1880 editione
1556 1830 1710 1879 recte
1755 1828 1825 1880 ab
1878 1826 2005 1899 ipso
2038 1861 2084 1926 B
2118 1830 2235 1883 tuis
2267 1829 2738 1902 elegantissimis,
2774 1831 2990 1902 quibus
3020 1829 3332 1885 concilium
3366 1829 3766 1886 Florentinum

354 1923 445 1974 est
464 1921 831 1983 annotatum,
854 1932 987 1970 eum
1012 1914 1111 1986 qui
1136 1913 1193 1968 in
1226 1914 1331 1969 hoc
1355 1918 1583 1969 auctore
1600 1915 2004 1971 transferendo

354 2008 657 2079 specimen
691 2005 782 2060 sui
815 2004 1066 2076 prabere
1094 2003 1239 2072 vult,
1263 2003 1466 2059 multis
1489 2004 1834 2077 magnisque
1868 2022 2002 2076 pra-

351 2096 525 2151 sidiis
552 2097 1048 2151 iustructumcsse
1071 2094 1383 2165 oportetin
1408 2110 1473 2148 eo
1513 2093 1666 2148 enim
1688 2094 2000 2149 verborum

354 2184 602 2259 argutia
632 2186 1022 2254 undecunque
1053 2187 1313 2254 captata,
1350 2183 1565 2252 ubique
1598 2199 1742 2253 pene
1801 2200 2001 2239 cruces

348 2277 547 2347 ﬁgunt
575 2272 893 2345 interpreti.
938 2271 1174 2327 Prolixa
1205 2270 1446 2342 periodi,
1479 2276 1543 2326 ut
1585 2271 1796 2326 Graeca
1843 2272 1997 2327 locu-

348 2364 499 2420 tioni
530 2364 603 2419 ob
633 2361 1012 2418 connectendi
1045 2361 1383 2416 facilitatem
1415 2377 1528 2415 non
1565 2377 1768 2430 parum
1799 2362 2000 2433 gratia

349 2458 532 2525 atque
552 2451 880 2507 ornamenti
906 2451 1176 2520 afferunt,
1209 2449 1291 2505 ita
1317 2451 1387 2503 ad
1420 2449 1651 2505 Latinas
1678 2467 1847 2506 aures
1881 2468 1997 2507 non

348 2543 482 2598 sine
513 2541 694 2596 animi
728 2539 1112 2611 suspensione
1144 2544 1200 2592 et
1250 2538 1481 2593 fastidio
1513 2538 1996 2594 tranfunduntur.

348 2630 717 2687 Brevissima
738 2627 1055 2684 allusiones
1087 2627 1265 2682 oreris
1288 2626 1428 2681 locis
1450 2643 1663 2697 sparsa
1688 2645 1801 2682 non
1827 2629 1998 2683 modo

347 2717 1124 2792 plurimalectionis,verum
1144 2717 1318 2771 etiam
1337 2714 1686 2770 felicissima
1706 2717 1998 2771 memoria

350 2812 411 2866 in
424 2812 734 2880 terpretem
758 2807 1015 2879 exigunt,
1034 2806 1250 2877 quibus
1264 2804 1351 2860 vel
1373 2803 1698 2875 ignorantis
1711 2804 1794 2858 vel
1812 2805 1999 2876 negle-

350 2899 497 2955 ctim
530 2896 813 2963 decursis,
859 2911 1093 2951 necesse
1124 2896 1200 2950 sit
1230 2892 1604 2966 peregrinari,
1638 2892 1913 2965 velutque
1939 2895 1997 2949 in

349 2988 544 3044 alieno
575 2985 696 3041 solo
728 2984 966 3048 versari,
993 3001 1058 3039 ac
1090 2984 1628 3055 quemadumodum
1663 2983 1835 3038 habet
1863 2984 1997 3053 Job,

350 3074 549 3135 ἄλλοις
581 3074 845 3147 νήχεσθαι
866 3069 1073 3145 λόγοις.
1100 3071 1416 3126 Peculiaris
1448 3072 1715 3142 quadam
1743 3072 1993 3143 phrasis,

344 3171 403 3222 et
432 3165 668 3237 quidem
701 3163 992 3219 Polemica
1022 3162 1391 3232 Hieronymo,
1452 3162 1760 3216 Isocratica
1780 3162 1991 3231 Suida,

2116 1924 2171 1972 et
2194 1919 2469 1990 pleraque
2494 1918 2609 1974 alia
2631 1920 2951 1976 emittenda
2974 1920 3212 1987 curasti,
3234 1919 3512 1975 traderes.
3537 1919 3767 1993 Alioqui

2115 2009 2296 2063 nostri
2330 2008 2674 2081 typographi
2699 2014 2952 2081 torpent,
2988 2026 3092 2064 nec
3124 2009 3352 2064 Graecas
3384 2009 3588 2081 prima
3618 2016 3767 2065 nota

2112 2096 2395 2152 editiones
2415 2096 2580 2152 facile
2597 2098 2952 2169 suscipiunt,
2970 2098 3088 2153 sive
3106 2099 3258 2170 quod
3283 2097 3551 2169 privatim
3573 2100 3769 2154 minus

2110 2185 2289 2241 tantis
2318 2186 2656 2258 sumptibus
2686 2187 3002 2256 sufficiant,
3028 2186 3145 2241 sive
3178 2186 3332 2257 quod
3356 2185 3590 2242 lucrum
3619 2204 3649 2241 e
3676 2188 3770 2243 La-

2108 2274 2249 2329 tinis
2281 2279 2336 2329 et
2365 2275 2692 2330 vernaculis
2725 2293 2977 2347 prasens
2993 2276 3236 2345 publica
3272 2275 3505 2329 utilitati
3532 2281 3770 2348 antepo-

2109 2368 2270 2416 nant.
2307 2364 2633 2418 Gracorum
2666 2364 2826 2418 enim
2858 2364 3246 2418 venditionem
3280 2362 3588 2418 lentiorem
3637 2381 3766 2421 esse

2107 2452 2611 2521 causant;:r,haud
2630 2453 2802 2507 dubie
2825 2458 3062 2524 propter
3084 2451 3236 2507 bella
3258 2457 3316 2507 et
3341 2453 3762 2524 hareses,quo—

2108 2558 2238 2595 rum
2272 2558 2450 2595 causa
2483 2542 2693 2612 lingua
2725 2546 2781 2595 et
2812 2540 3115 2596 solidiores
3162 2540 3482 2613 disciplina
3546 2542 3766 2613 ubique

2109 2629 2222 2684 nisi
2253 2647 2284 2684 a
2306 2635 2358 2684 te
2380 2630 2699 2699 foveantur,
2725 2630 3000 2702 languere
3020 2629 3344 2700 incipiunt;
3375 2634 3437 2685 ut
3462 2635 3765 2686 taceamus

2110 2718 2572 2790 avaritiam,qua
2598 2736 2712 2774 non
2748 2720 2887 2775 sinit
2908 2719 3177 2774 homines
3204 2718 3764 2775 hislitterisincum-

2109 2809 2263 2875 bere,
2296 2824 2424 2877 qua
2442 2824 2579 2879 opes
2614 2824 2801 2879 neque
2826 2824 3091 2879 magnas,
3112 2824 3317 2879 neque,
3348 2807 3545 2864 faciles
3575 2810 3761 2863 conci-

2106 2895 2267 2950 lient.
2286 2896 2413 2951 Tibi
2438 2897 2547 2951 erit
2565 2896 2818 2951 maximo
2835 2900 3202 2965 ornamento,
3224 2896 3330 2951 tibi
3353 2898 3765 2953 cedetimmor-

2108 2984 2209 3039 tali
2239 2985 2454 3055 gloria,
2489 2986 2535 3039 si
2569 3003 2666 3040 eas
2689 3002 3017 3053 conserves,
3042 3002 3130 3051 ac,
3154 2990 3218 3039 ut
3235 2986 3474 3057 capisti,
3502 2986 3762 3043 eruditos

2104 3073 2281 3129 libros
2304 3073 2427 3129 suis
2447 3074 2651 3145 primis
2670 3074 2889 3145 linguis
2912 3074 3466 3146 characteribusque
3483 3075 3761 3131 restituas

2105 3167 2278 3233 atque
2309 3164 2379 3217 ad
2406 3168 2661 3234 posteros
2694 3164 3082 3218 transmittas.

342 3249 1994 3321 disertissimaomnibusGracescientibus,imprimisque
2025 3227 2067 3293 (ἶ
2179 3252 2368 3307 Habes
2390 3252 2777 3307 domesticum
2809 3254 3141 3323 exemplum
3162 3253 3380 3309 Nicolai
3403 3255 3595 3326 quinti
3617 3273 3765 3312 nun“

338 3342 574 3399 erudita
594 3340 678 3396 vel
704 3340 1244 3412 perspicacissimos
1269 3338 1464 3393 oculos
1484 3338 1695 3409 sapius
1720 3341 1997 3410 perstrin-

336 3432 444 3501 git,
477 3435 541 3484 ut
573 3430 685 3484 nisi
721 3445 954 3483 summa
987 3444 1124 3481 cura
1157 3426 1703 3497 animadversioque
1726 3428 1996 3482 adhibea-

328 3525 455 3590 tur,
498 3535 634 3573 vera
678 3517 980 3589 scriptoris
1013 3533 1197 3581 mens,
1233 3516 1288 3569 in
1349 3514 1533 3570 levem
1565 3517 1882 3585 quamdam
1938 3521 1994 3571 et

323 3610 564 3664 inanem
591 3607 885 3674 umbram,
907 3611 967 3661 ut
992 3606 1062 3659 ab
1097 3606 1289 3660 Ixione
1322 3605 1594 3659 adamata
1623 3608 1776 3659 Juno
1802 3604 1857 3659 in
1883 3624 1988 3659 nu-

328 3700 471 3753 bem
504 3696 735 3768 migret.
770 3695 842 3751 Ut
873 3696 1027 3751 enim
1052 3694 1268 3749 Dadali
1304 3693 1684 3759 statuas,nisi
1717 3694 1988 3750 ﬁrmissi-

327 3786 445 3842 mis
470 3786 713 3840 vinculis
739 3785 1221 3855 astringerentur,
1249 3783 1443 3855 fugam
1469 3784 1755 3855 corripere
1786 3782 1987 3839 solitas

324 3874 527 3931 retulit
556 3875 740 3944 Plato,
776 3874 855 3929 ito
887 3874 1142 3945 genuina
1172 3873 1352 3943 hujus
1383 3873 1690 3941 sententia,
1725 3871 1836 3927 nisi
1896 3890 1984 3927 ar-

323 3962 597 4017 ctissima
628 3958 945 4016 attentione
975 3966 1031 4015 et
1078 3959 1379 4031 diligentia
1408 3960 1712 4026 vinciatur,
1744 3962 1985 4016 vertenti

323 4051 501 4123 quasi
533 4051 604 4106 de
637 4050 910 4104 manibus
941 4048 1211 4105 elabitur.

404 4138 817 4194 Difficultatem
848 4138 1009 4192 auxit
1044 4139 1276 4193 Gracus
1308 4139 1487 4193 codex
1510 4138 1857 4210 impressus,
1882 4139 1981 4210 qui

324 4245 466 4286 cum
501 4228 714 4283 unicus
737 4231 1030 4298 suppetat,
1055 4231 1136 4282 tot
1170 4227 1428 4296 tantique
1451 4226 1731 4282 momenti
1754 4229 1984 4283 mendis

327 4321 536 4382 scatet,
562 4320 627 4371 ut
644 4318 713 4370 ad
740 4316 848 4371 boc
876 4316 1073 4387 Augia
1092 4315 1387 4370 stabulum
1409 4317 1841 4388 repurgandum
1869 4334 1981 4371 non

327 4424 447 4462 uno
478 4404 722 4461 Hercule
745 4421 892 4476 opus
916 4406 1105 4459 fuerit.
1142 4402 1311 4459 Nulla
1335 4421 1511 4475 prepe
1534 4404 1746 4477 pagina
1770 4407 1983 4476 gravis-

326 4495 499 4550 simis
523 4494 865 4549 vulneribus
896 4498 1083 4557 vacat,
1117 4493 1329 4563 quibus
1347 4493 1629 4547 sanandis
1663 4494 1832 4548 aliter
1854 4511 1980 4549 suc-

2109 3357 2283 3411 quam
2319 3341 2461 3396 satis
2494 3341 2767 3396 celebrati
2801 3342 3114 3413 pontificis,
3138 3345 3303 3413 cujus
3327 3344 3558 3413 opibus,
3590 3345 3760 3417 largi-

2106 3430 2387 3495 tionibus,
2414 3431 2691 3501 potentia,
2726 3432 3074 3485 auctoritate
3123 3432 3328 3487 Graca
3376 3432 3602 3499 littera,
3634 3452 3757 3504 qua

2104 3519 2160 3573 in
2196 3519 2357 3575 Italia
2387 3524 2561 3590 atque
2591 3521 2733 3574 adeo
2792 3520 3062 3575 universo
3105 3520 3309 3576 Latino
3366 3522 3505 3577 orbe
3545 3525 3759 3595 septin-

2101 3609 2293 3679 gentis
2328 3626 2502 3679 prope
2532 3608 2700 3663 annis
2731 3609 3085 3675 occiderant,
3119 3610 3389 3681 spiritum
3425 3616 3480 3665 et
3509 3613 3749 3682 sangui-

2102 3713 2229 3751 nem
2265 3701 2747 3768 resumpserunt;
2797 3697 3087 3752 Hebraica
3120 3699 3264 3752 tanti
3300 3698 3457 3753 facta
3488 3705 3645 3763 sunt,
3685 3705 3749 3755 ut

2100 3786 2360 3857 quinque
2387 3803 2694 3841 aureorum
2748 3784 2933 3840 millia
2958 3786 3332 3858 Evangelium
3396 3792 3456 3841 D.
3493 3787 3745 3843 Malthai

2096 3875 2445 3929 Hebraicum
2467 3876 2535 3928 ad
2560 3873 2754 3946 ipsum
2777 3874 3055 3929 deferenti
3085 3875 3520 3945 sintpromissa.
3546 3876 3607 3929 In
3634 3893 3744 3946 quo

2096 3979 2157 4018 se
2187 3978 2314 4017 vere
2346 3963 2640 4018 catholica
2676 3962 2936 4018 Ecclesia
2968 3962 3287 4017 antistitem
3321 3963 3605 4035 prastitit.
3642 3965 3743 4020 Ec-

2084 4050 2271 4107 clesia
2302 4052 2454 4107 enim
2474 4054 2706 4123 proprie
2727 4051 3011 4106 catholica
3031 4051 3243 4105 dicitur
3272 4052 3343 4106 ab
3367 4052 3744 4109 universitate

2093 4142 2376 4213 gentium,
2410 4158 2556 4212 quas
2577 4140 2705 4212 ipsa
2727 4158 2832 4195 suo
2865 4141 3084 4211 gremio
3110 4141 3504 4212 completitur,
3537 4148 3592 4197 et
3608 4159 3741 4197 cum

2093 4231 2307 4301 quibus
2342 4247 2441 4301 per
2471 4229 2723 4300 linguas,
2752 4229 3068 4299 prasertim
3093 4228 3373 4297 eruditas,
3398 4232 3744 4302 grammati»

2092 4335 2209 4387 cas,
2244 4318 2412 4372 titulo
2444 4319 2633 4372 crucis
2665 4317 2977 4372 Dominica
3009 4323 3376 4374 consecratas
3408 4317 3578 4391 longe
3600 4319 3740 4373 late-

2092 4424 2203 4478 que
2230 4407 2624 4461 communicat
2655 4411 2711 4461 et
2742 4406 3038 4477 loquitur:
3073 4424 3186 4461 non
3222 4411 3287 4461 ut
3315 4407 3578 4471 Judaica,
3611 4424 3739 4478 qua

2090 4513 2205 4551 uno
2238 4496 2352 4551 fere
2398 4494 2611 4567 populo
2673 4496 3286 4562 circumscribebatur,
3317 4496 3403 4550 vel
3449 4496 3737 4566 haeretica,

322 4584 483 4639 curri
516 4599 635 4638 non
664 4583 873 4654 potuit,
892 4598 1068 4653 quam
1091 4582 1177 4637 vel
1194 4583 1584 4637 nanciscendo
1607 4582 1978 4638 doctissimos
2011 4592 2056 4654 ι)
2087 4602 2210 4656 qua
2232 4585 2497 4657 angustis
2518 4601 2835 4654 paucarum
2860 4585 3118 4652 gentium
3138 4584 3351 4640 finibus
3370 4584 3740 4640 concluditur

326 4673 564 4737 Niceta,
598 4671 791 4737 Pselli,
820 4670 1028 4737 Nonni,
1065 4671 1195 4724 Elia
1218 4671 1507 4725 Cretensis
1531 4673 1981 4729 commentarios

328 4764 613 4817 hactenus
644 4760 701 4814 in
736 4760 992 4815 tenebris
1037 4760 1288 4825 abditos,
1324 4759 1409 4814 vel
1435 4761 1726 4815 evocando
1749 4762 1979 4818 codices

322 4848 732 4921 castigatiores
768 4849 1222 4918 manuscriptos,
1255 4847 1311 4901 id
1362 4853 1469 4914 est,
1504 4848 1729 4920 Regios,
1763 4867 1796 4905 a
1847 4867 1979 4923 rege

321 4937 829 4995 Cbristianissimo
848 4954 951 5008 exq
964 4935 1168 4991 uisitos
1186 4955 1198 5002 ;
1217 4937 1522 5007 Regineos,
1540 4955 1567 4991 a
1585 4938 1783 5009 regina
1798 4944 1982 4994 matre

322 5027 677 5099 impetratos
701 5051 715 5092 ;
741 5025 989 5095 Italicos,
1012 5027 1083 5079 ab
1106 5024 1325 5097 aliquot
1348 5025 1763 5082 illustrissimis
1794 5017 1981 5083 cardi-

324 5116 567 5171 nalibus
586 5121 646 5170 et
678 5114 810 5169 aliis
841 5114 1092 5169 summis
1125 5114 1261 5169 viris
1309 5119 1514 5185 sponte
1546 5114 1791 5172 oblatos.
1832 5118 1985 5173 Inter

320 5222 474 5279 quos
512 5203 960 5260 illustrlssimus
989 5203 1087 5259 ille
1111 5202 1424 5259 cardinalis
1478 5204 1721 5260 Sirletus
1765 5207 1984 5277 primas

2093 4678 2327 4739 Verum,
2359 4691 2426 4728 ne
2449 4672 2752 4727 videamur
2780 4673 2850 4726 de
2879 4678 2980 4727 tua
3008 4672 3065 4726 in
3099 4689 3194 4728 eas
3229 4674 3737 4744 prepensionedu-

2088 4762 2292 4827 bitare,
2318 4761 2385 4817 ad
2405 4761 2737 4815 institutum
2762 4761 3124 4827 revertimus,
3151 4766 3322 4832 teque
3343 4764 3739 4830 obsecramus,

2088 4857 2153 4906 ut
2179 4849 2475 4905 memoria
2496 4854 2617 4904 tam
2651 4848 2980 4920 prastantis
3028 4849 3359 4920 interpretis
3420 4851 3635 4914 faveas,
3672 4868 3738 4906 ac

2090 4957 2217 5006 nos,
2252 4939 2349 5011 qui
2383 4940 2509 5009 ejus
2540 4943 2921 4992 monumenta
2952 4955 2983 4991 a
3014 4937 3142 4993 labe
3172 4939 3559 5011 vindicamus,
3590 4946 3647 4995 et
3668 4941 3737 4996 ad

2091 5033 2223 5084 tuos
2254 5033 2469 5100 postes,
2502 5027 2747 5081 fratrum
2776 5026 2961 5097 ipsius
2997 5026 3493 5084 nobilissimorum
3518 5034 3575 5084 et
3608 5029 3739 5084 reli-

2093 5116 3104 5191 giosissimorumjussu,afflgimus,
3141 5116 3456 5187 apostolica
3499 5119 3738 5173 benedi-

2094 5207 2283 5263 ctione
2316 5222 2693 5279 prosequare.
2738 5206 2974 5259 Lutetia
3009 5205 3278 5262 Kalendis
3300 5207 3439 5262 Julii
3472 5225 3543 5263 an
3579 5208 3736 5266 l582.
