4184 6202
403 311 517 372 375

1628 303 1981 367 ELOGIUM
2027 305 2292 367 JACOBI
2340 302 2590 365 BILLII.

3695 307 3814 369 376

477 591 793 646 ELOGIUM
854 589 1257 646 REVERENDI
1306 591 1564 646 PATRIS
1619 598 1677 644 υ.
1746 591 1989 646 JACOBI
2053 590 2259 644 BILLII
2321 587 2624 654 PRUNiEl,
2675 589 2976 643 ABBATIS
3037 573 3292 641 SANCTI
3355 587 3742 643 MICHAELIS

1145 680 1213 733 IN
1250 679 1484 734 EREMO
1518 678 1958 733 PIENTISSIMI
1991 679 2074 732 ET
2115 675 2523 731 ERUDISSIMI
2550 676 2697 731 CUM
2731 675 3047 731 TUMULO.

1323 833 1566 891 Joanne
1597 831 1929 900 Chatardo,
1965 830 2173 909 priore
2203 829 2578 900 Tossiniaco,
2616 836 2892 888 auctore.

1473 992 1549 1046 Ad
1579 991 1787 1047 nobiles
1815 989 2058 1060 defuncti
2083 991 2415 1061 propinquos
2443 991 2494 1042 et
2524 989 2751 1042 amicos.

1939 1240 2251 1296 LECTORI.

1325 1365 1428 1434 (Ex
1462 1364 1610 1418 Edit.
1652 1364 1835 1421 Nivel.
1875 1365 2032 1428 1583,
2065 1369 2206 1418 tom.
2238 1362 2307 1431 ll,
2342 1379 2474 1434 pag.
2506 1363 2641 1416 1548
2673 1367 2729 1417 et
2777 1363 2922 1432 seq.)

485 1505 695 1560 Opsius
721 1507 973 1578 pretium
1010 1524 1102 1561 me
1134 1507 1425 1561 facturum
1458 1506 1674 1578 putavi,
1707 1508 1754 1562 si
1779 1507 1873 1561 hic
1901 1506 2258 1561 insereretur
2288 1505 2548 1576 Elogium
2592 1504 2771 1569 istud,
2803 1503 2974 1575 quale
3005 1504 3227 1559 editum
3255 1509 3344 1559 est
3371 1504 3428 1558 in
3464 1505 3648 1576 ipsius
3670 1503 3827 1558 Billii
3884 1533 3901 1547 -

418 1601 634 1663 morte,
671 1614 848 1667 quam
880 1597 1023 1652 obiit
1055 1598 1193 1651 dum
1228 1598 1337 1652 hoc
1360 1597 1780 1668 Gregorianum
1801 1614 1948 1668 opus
1981 1613 2082 1667 pro
2115 1598 2371 1651 secunda
2403 1594 2655 1650 editione
2677 1595 2829 1666 typis
2862 1595 3184 1660 mandaret,
3213 1601 3515 1650 exornaret
3540 1601 3595 1650 et
3617 1593 3829 1665 ampli-

420 1687 662 1752 ficaret;
700 1690 764 1740 ut
795 1685 928 1739 hinc
960 1686 1163 1756 paucis
1197 1703 1259 1739 ac
1291 1685 1446 1740 velut
1477 1686 1821 1756 compendio
1853 1686 2105 1754 quodam
2138 1685 2264 1738 vita:
2299 1685 2619 1754 mortisque
2642 1684 2826 1754 ipsius
2857 1684 3087 1755 (comex
3109 1686 3235 1754 ejus
3265 1684 3441 1739 variis
3473 1683 3830 1738 doctissimis

416 1780 474 1829 et
510 1775 792 1846 piissimis
825 1775 1061 1845 scriptis
1095 1775 1259 1844 plura
1287 1791 1458 1830 nosse
1491 1775 1727 1846 poteris)
1751 1773 2125 1844 intelligeres,
2153 1773 2574 1844 quis,qualisve
2600 1779 2654 1827 et
2672 1778 2927 1844 quantus
2953 1773 3126 1827 fuerit
3155 1773 3306 1828 ﬁdus
3340 1772 3434 1828 ille
3463 1773 3528 1826 D.
3565 1772 3827 1844 Gregorii

420 1867 727 1936 interpres.
751 1866 928 1933 Cujus
946 1883 1056 1919 non
1081 1867 1251 1920 modo
1281 1865 1582 1932 doctrina,
1606 1882 1666 1919 se
1689 1869 1745 1919 et
1763 1866 2032 1918 dmorum
2066 1864 2313 1934 vitaeque
2336 1864 2724 1918 sanctissimae
2746 1880 2917 1918 verus
2946 1863 3280 1935 discipulus
3311 1881 3374 1918 ac
3395 1864 3657 1919 imitator
3680 1864 3790 1918 fuit
3814 1879 3828 1918 :

420 1956 577 2009 haud
613 1955 857 2009 dubium
893 1955 1033 2026 quin
1059 1963 1113 2010 et
1136 1956 1233 2026 qui
1266 1956 1515 2010 similem
1536 1955 1710 2009 vitam
1745 1955 1802 2008 in
1821 1956 1992 2009 terris
2015 1960 2277 2026 egerunt,
2301 1960 2357 2009 et
2376 1959 2555 2009 totam
2574 1971 2673 2025 per
2699 1955 2791 2009 Dei
2818 1955 3133 2010 Ecclesiam
3163 1957 3565 2026 profuderunt,
3591 1955 3648 2008 in
3668 1954 3829 2009 ccelis

420 2061 660 2116 quoque
693 2044 875 2099 simul
910 2046 1180 2099 fruantur
1210 2046 1337 2115 ejus
1370 2044 1578 2116 gloria,
1612 2061 1784 2115 quem
1820 2044 1890 2097 ad
1925 2049 2248 2098 extremum
2285 2045 2412 2098 vitae
2446 2044 2718 2114 spiritum
2753 2044 2973 2099 sincere
3005 2044 3330 2110 coluerunt,
3363 2050 3420 2100 et
3449 2045 3620 2114 cujus
3640 2043 3836 2114 ampla

418 2135 645 2190 talenta
676 2140 796 2191 tam
851 2135 1163 2208 diligenter
1195 2140 1249 2190 et
1278 2135 1569 2204 alacriter,
1600 2139 1718 2190 tam
1754 2135 1845 2206 pie
1875 2139 1931 2188 et
1958 2139 2154 2190 sancte
2186 2139 2357 2206 atque
2383 2133 2625 2190 feliciter
2650 2136 3062 2207 impenderunt
3082 2153 3146 2191 ac
3175 2136 3662 2208 multiplicarunt.
3697 2134 3837 2190 Vale

426 2231 484 2280 et
507 2227 717 2281 fruere.

1826 2456 1986 2517 PDS
1994 2455 2107 2518 TE
2109 2456 2200 2517 R1
2211 2456 2304 2516 ΤΑ
2322 2456 2423 2516 T1.

509 2582 806 2642 JACOBO
842 2582 1099 2642 BILLIO
1132 2583 1451 2654 PIlUN/E,
1490 2581 1988 2643 NOBILISSIMA
2048 2581 2147 2640 ET
2205 2582 2677 2642 CLARISSIMA
2733 2582 3154 2644 BILLIORUM
3220 2584 3540 2644 FAMILIA
3603 2585 3839 2657 ORTO,

431 2679 713 2739 ABBATI
747 2679 1020 2738 SANCTI
1052 2677 1471 2738 MICHAELIS
1506 2679 1578 2738 IN
1621 2679 1888 2738 EREMO
1920 2677 2302 2737 PIENTISS.
2336 2678 2611 2738 SACR/E
2644 2681 2740 2739 ET
2772 2681 3211 2741 POLITIORIS
3267 2681 3840 2741 LITTERATUBAZ

435 2777 866 2836 CALLENTIS
897 2779 960 2835 S.
997 2777 1907 2846 LINGUARUMHEBRAICIE,
1939 2776 2263 2844 GRJEC/E,
2295 2777 2391 2835 ET
2413 2777 2723 2836 LATINAE
2746 2779 3616 2839 PEltI'l‘ISS.SANCTURUM
3637 2780 3842 2838 GRAE-

439 2875 706 2936 CORUM
785 2875 1114 2936 PATRUM
1174 2877 1650 2935 INTERPHETI
1715 2876 1982 2935 FIDISS.
2061 2876 2516 2934 CATHOLIC/E
2575 2878 2779 2936 FIDEI
2881 2878 3492 2939 l‘ItUPUGNA'I‘OItI
3554 2879 3833 2937 ACERR.

441 2972 869 3034 PAUPEItUM
903 2974 1138 3032 PA'I‘HI
1171 2975 1523 3034 CHARISS.
1583 2975 1658 3032 IN
1694 2974 2015 3034 GUNC’l‘lS
2051 2974 2492 3032 RELIGIONIS
2554 2975 2651 3033 ET
2709 2975 3066 3034 PIETATIS
3102 2977 3486 3036 OPEItIBUS
3521 2975 3841 3035 EXERGI-

437 3071 742 3131 TATISS.
779 3072 972 3130 OMNI
1009 3071 1351 3142 DENIQUE
1383 3073 1790 3132 VIRTUTUM
1830 3072 2141 3130 GENERE
2184 3071 2701 3132 CUMULA'I‘ISS.
2740 3073 3021 3132 MUL’I‘IS
3075 3074 3323 3132 LIBRIS
3359 3073 3681 3143 GIUECIS,
3720 3074 3856 3131 LA-

447 3168 679 3236 TINIS,
715 3169 815 3227 ET
867 3169 1213 3228 GALLICIS
1245 3169 1520 3229 SUMMA
1555 3169 1884 3229 PIE'I‘ATE
1919 3170 2015 3227 ET
2047 3169 2441 3228 DOCTBINA
2494 3170 2896 3240 REFER'I‘IS,
2952 3170 3363 3240 PROSAQUE
3423 3172 3522 3229 ET
3583 3170 3852 3230 METRO

438 3265 696 3326 EDITIS
764 3266 1194 3324 CELEBERR.
1253 3266 1599 3326 JOANNES
1657 3265 2125 3325 CHATARDUS
2203 3265 2521 3326 MUL'I‘AS

2585 3267 2682 3326 ΟΒ
2744 3267 3044 3327 CAUSAS
3115 3268 3471 3328 MOERENS
3548 3267 3859 3328 POSUIT.

1720 3518 2038 3579 Librorum
2075 3537 2216 3598 quos
2245 3520 2481 3599 scripsit
2527 3520 2847 3581 Elenchus.

505 3646 916 3698 COLLECTIONES
949 3642 1437 3710 consolationum,
1473 3647 1529 3697 et
1560 3641 1841 3697 salutaria
1898 3640 2086 3695 ﬁdelis
2119 3644 2170 3708 Α
2272 3641 2336 3696 Ι).
2370 3642 2614 3697 Joannis
2662 3644 3006 3698 Damasceni
3063 3661 3236 3715 opera
3293 3643 3477 3699 multo
3533 3660 3708 3713 quam
3760 3660 3866 3698 an-

436 3731 644 3786 animw
678 3734 1049 3798 documenta,
1084 3750 1151 3787 ex
1204 3731 1498 3786 volumine
1537 3733 1595 3785 D.
1659 3730 1970 3801 Augustini
2033 3732 2092 3784 in

431 3821 675 3875 Psalmos
725 3827 1013 3892 excerpta,
1049 3821 1266 3877 Gallice
1297 3820 1650 3891 conscripta.

505 3911 583 3964 De
618 3911 874 3964 secundo
912 3910 1138 3965 Domini
1189 3911 1436 3964 adventu
1491 3909 1618 3962 libri
1681 3925 1800 3975 sex,
1861 3907 2095 3962 Gallicis

434 3998 702 4052 versibus
736 3999 895 4068 editi,
930 4015 1062 4053 cum
1097 4003 1344 4052 tractatu
1384 4003 1441 4052 ι).
1479 3996 1679 4051 Basilii
1730 3997 1802 4051 De
1854 3998 1946 4050 Dei
1992 3997 2096 4067 ju-

436 4089 604 4140 dicio.

505 4175 569 4227 D.
605 4175 864 4245 Gregorii
901 4175 1247 4229 Nazianzeni
1279 4176 1640 4241 tetrasticha,
1667 4193 1799 4230 cum
1835 4175 1987 4229 brevi
2038 4179 2094 4229 et

440 4260 736 4316 familliari
769 4263 1127 4332 expositione
1159 4263 1397 4318 Gallica.

505 4349 863 4421 Anthologiae
897 4368 1070 4405 sacrae
1103 4369 1169 4406 ex
1202 4353 1633 4423 probatissimis
1649 4353 1956 4423 utriusque
1989 4352 2096 4405 lin-

437 4456 562 4509 guae
600 4439 871 4493 Patribus
911 4440 1186 4506 collecta,
1230 4448 1404 4511 atque
1437 4441 1779 4495 octastichis
1841 4458 2101 4511 compre-

436 4527 651 4591 hensis,
683 4544 749 4580 ac
785 4529 939 4582 brevi
975 4530 1394 4584 commentario
1427 4529 1733 4584 illustrataa
1771 4529 1902 4584 libri
1964 4531 2099 4595 duo,

437 4615 679 4684 adjectis
714 4616 783 4669 ad
826 4616 1042 4670 calcem
1076 4617 1302 4687 aliquot
1332 4617 1667 4671 octasticbis
1701 4617 1938 4672 Graecis.

511 4706 664 4766 Quos
696 4703 843 4756 duos
874 4701 1055 4757 libros
1087 4704 1216 4757 aliis
1239 4705 1469 4758 duobus
1503 4705 1628 4757 odis
1658 4703 1892 4758 Gallicis
1928 4705 2100 4775 spiri-

439 4789 750 4844 ritualibus
784 4807 1019 4846 summa
1051 4792 1269 4862 ingenii
1302 4792 1644 4847 dexteritate
1676 4793 1929 4848 reddidit
1957 4812 1968 4848 :
1995 4794 2100 4848 ad-

431 4879 607 4955 jectis
641 4879 814 4933 etiam
837 4879 1073 4934 Gallicis
1102 4881 1540 4936 commentariis
1565 4897 1633 4935 ex
1658 4881 1796 4935 solis
1825 4883 1937 4937 l'ere
1961 4883 2104 4937 anti-

2205 3723 2370 3785 tehac
2401 3732 2684 3796 auctiora,
2721 3748 3053 3803 magnaque
3085 3750 3151 3787 ex
3174 3737 3334 3804 parte
3357 3750 3511 3787 nunc
3541 3734 3610 3788 de
3641 3733 3868 3804 integro

2205 3836 2502 3874 COIIVBI‘SR.

2277 3913 2354 3965 Ex
2390 3912 2455 3965 D.
2490 3914 2720 3967 Joanne
2752 3914 3163 3986 Chrysostomo
3192 3913 3478 3968 translata
3509 3911 3713 3981 multa,
3739 3913 3870 3983 ejus

2208 4016 2318 4070 que
2344 4000 2519 4055 variis
2537 4001 3032 4072 scriptisinserta,
3070 4007 3131 4056 ut
3162 4001 3488 4072 explanatio
3519 4004 3574 4057 in
3631 4004 3774 4072 psal.
3812 4018 3870 4056 ι..

2207 4089 2517 4159 desumpta
2549 4106 2616 4144 ex
2638 4090 2989 4145 bibliotheca
3014 4090 3315 4145 illustriss.
3349 4091 3673 4145 Catharinae
3694 4091 3871 4146 Medi-

2209 4195 2318 4234 ceae
2354 4181 2564 4250 regina
2598 4181 2825 4236 Matris.
2873 4183 2946 4236 De
2998 4180 3336 4252 pmnitentia
3387 4181 3868 4238 commentarius.

2211 4268 2374 4330 Item,
2408 4269 2712 4339 explicatio
2746 4270 2892 4341 psal.
2930 4288 3025 4335 LII,
3059 4276 3114 4324 et
3145 4269 3478 4324 ennarratio
3540 4272 3602 4324 in
3629 4271 3779 4341 psal.
3817 4291 3869 4337 ο,

2210 4362 2265 4410 et
2294 4363 2513 4427 septem
2550 4365 2877 4428 sequentes,
2913 4365 2967 4412 et
3013 4362 3073 4412 in
3135 4359 3274 4428 psal.
3337 4372 3509 4414 cxvm
3569 4363 3625 4412 et
3675 4375 3870 4429 proce-

2215 4445 2417 4499 mium.
2455 4446 2620 4501 Liber
2650 4448 3027 4517 epistolarum
3063 4465 3092 4502 e
3125 4448 3472 4502 bibliotheca
3525 4447 3746 4517 Cujacii
3772 4449 3874 4517 ju-

2212 4534 2569 4588 risconsulti.
2597 4536 2753 4590 Nova
2774 4537 3024 4606 denique
3056 4537 3463 4606 interpretatio
3515 4536 3869 4592 narrationis

2214 4624 2400 4694 ipsius
2431 4625 2825 4697 Cbrysostomi
2859 4628 2915 4680 in
2947 4627 2993 4679 Il
3014 4627 3178 4680 Pauli
3207 4626 3521 4696 Epistolam
3556 4625 3634 4679 ad
3671 4623 3871 4679 Corin-

2214 4711 2371 4767 thios.

2286 4800 2350 4854 D.
2412 4801 2667 4870 Gregorii
2752 4801 3094 4858 Nazianzeni
3153 4805 3536 4872 cognomento
3586 4800 3870 4872 Theologi

2216 4904 2389 4956 opera
2420 4890 2638 4952 omnia,
2663 4907 2788 4959 quae
2813 4890 3046 4959 quidem
3073 4896 3323 4955 exstant,
3359 4906 3505 4943 nova
3537 4888 3876 4943 translatio-

437 4966 568 5035 quis
601 4965 886 5037 theologis
913 4967 1194 5033 collectis,
1220 4984 1353 5022 cum
1388 4969 1614 5040 aliquot
1670 4969 1804 5024 aliis
1858 4971 2098 5040 poeticis
2135 5011 2181 5074 B
2217 4993 2286 5030 ne
2318 4979 2559 5040 donata;
2597 4994 2712 5030 una
2742 4994 2875 5031 cum
2925 4977 3284 5054 doctissimis
3347 4977 3558 5031 Nicetis
3611 4975 3872 5035 Serrunii

436 5055 786 5110 tractat-ibus
817 5058 1082 5125 ejusdem
1117 5058 1473 5127 argumenti.

515 5143 571 5196 Ι),
654 5143 913 5215 Gregorii

441 5231 721 5300 opuscula
754 5233 1022 5302 quaedam
1057 5251 1212 5287 nunc
1246 5235 1500 5304 primum
1555 5235 1611 5288 in
1673 5235 1859 5290 lucem
1922 5238 2096 5302 edita,

2212 5065 2648 5119 commentariis
2682 5067 2738 5119 in
2759 5066 3049 5120 sexdecim
3104 5067 3490 5137 panegyricas
3533 5066 3870 5135 orationes;

1003 5144 1267 5199 Nazienzi
1349 5152 1733 5216 cognomento
1827 5148 2099 5221 Theologi
2213 5151 2342 5205 Εἰὶτῡ
2365 5154 2656 5207 Cret-ensis
2690 5154 2746 5207 in
2781 5155 3008 5225 aliquot
3031 5155 3212 5220 alias;
3251 5153 3422 5209 Pselli
3457 5154 3513 5208 in
3548 5155 3872 5209 secundam

2210 5241 2529 5294 orationem
2558 5243 2633 5295 De
2661 5244 2929 5296 Paschate
2960 5261 2980 5303 ;
3011 5244 3200 5297 Nonni
3234 5245 3306 5297 De
3336 5243 3581 5298 historiis
3626 5247 3675 5296 et
3704 5243 3870 5312 fabu-

441 5319 672 5389 aliaque
715 5321 846 5374 item
873 5322 1138 5376 versibus
1175 5324 1418 5388 reddita,
1459 5341 1788 5396 magnaque
1839 5343 1903 5379 ex
1939 5332 2098 5396 parte
2210 5329 2277 5382 lis
2309 5346 2433 5399 qua:
2473 5331 2529 5383 in
2589 5332 2891 5386 invectivis
2921 5333 3184 5386 adversus
3238 5333 3521 5387 lulianum
3552 5333 3865 5402 Apostatam

445 5405 611 5476 Cypri
644 5405 1061 5478 Dadrybrensis
1093 5412 1530 5466 commentariis
1564 5412 1870 5467 illustrata.

2207 5417 2598 5488 reperiuntur,
2622 5419 2863 5488 adjectis
2891 5420 3066 5474 etiam
3126 5420 3344 5490 ubique
3378 5419 3650 5475 brevibus
3682 5419 3860 5474 scho-

525 5493 904 5549 Locutionum
941 5501 1269 5552 Graecarum
1303 5499 1360 5552 in
1414 5517 1756 5556 communes
1804 5500 1960 5556 locos
1995 5517 2098 5572 per
2203 5503 2320 5560 liis.

448 5582 740 5653 alphabeti
771 5585 1033 5640 ordinem
1065 5587 1420 5659 digestarum
1451 5589 1744 5644 volumen.

2279 5592 2459 5649 Multa
2488 5594 2602 5650 alia
2633 5595 2870 5667 reliquit
2897 5613 3074 5668 opera
3101 5598 3304 5652 eadem
3345 5599 3558 5670 pietate
3590 5603 3647 5653 et
3662 5613 3763 5652 eru
3782 5597 3842 5651 di
