4184 6202
367 338 487 396 371

1600 335 1950 399 ELOGIUM
1992 335 2263 397 JACOBI
2305 334 2562 397 BlLLIl.

3666 325 3788 389 878

369 467 553 533 tione,
584 484 713 539 qua
740 467 899 523 velut
931 467 1227 540 posthumi
1260 466 1570 531 liberi,Deo
1601 468 1859 540 auspice,
1893 484 2013 522 ma-
2049 468 2097 533 Α
2132 466 2346 538 piditas
2380 468 2687 523 Latinitate
2716 466 2873 523 hunc
2904 463 3182 532 donandi,
3213 465 3271 518 et
3318 460 3389 517 ab
3429 446 3783 516 innumeris'

370 572 488 628 gno
502 555 846 612 Christianae
862 556 1195 627 reipublicae
1212 557 1518 612 commodo
1538 556 2031 628 brevifprodibunt

375 646 456 699 Ex
486 644 580 698 his
613 661 744 700 vero
773 644 1047 700 omnibus
1078 644 1290 715 qualis,
1329 650 1653 716 quantusve
1688 645 1882 710 fuerit,
1906 645 2027 699 sive

374 733 657 789 eximiam
690 733 816 802 ejus
847 734 1196 798 doctrinam,
1231 738 1287 788 et
1329 732 1711 805 multiplicem
1746 751 1939 788 rerum
1972 737 2027 790 et

374 822 715 894 linguarum
732 822 1595 895 cognitionem,Tullianamque
1608 822 2024 894 eloquentiam,

375 912 500 965 sive
531 908 895 981 singularem
927 911 1057 981 ejus
1086 911 1382 982 pietatem,
1428 911 1678 983 vitaque
1707 916 1764 966 et
1795 927 2026 966 morum

373 998 799 1070 integritatem,
831 998 951 1055 sive
991 999 1275 1071 quidquid
1317 999 1473 1055 aliud
1508 1004 1788 1065 oratores,
1822 1005 2025 1072 postea,

377 1086 1008 1159 historici,philosophi
1040 1105 1107 1143 ac
1134 1088 1389 1162 theologi
1421 1088 1751 1145 desiderare
1778 1093 1834 1144 et
1865 1106 2022 1145 com-

375 1176 659 1231 mendare
689 1176 898 1243 solent,
932 1182 1288 1249 spectemus,
1339 1177 1507 1232 facile
1548 1178 1769 1249 pespici
1812 1182 2020 1249 potest.

372 1262 497 1335 Ipsi
528 1264 749 1337 quippe
779 1263 925 1319 muti
957 1265 1222 1337 magistri
1265 1264 1478 1337 (qualis
1527 1266 1682 1320 enim
1731 1266 1839 1337 vir,
1886 1266 2024 1324 talis

373 1353 588 1423 oratio)
617 1369 767 1424 quos
796 1352 1054 1409 condidit
1083 1358 1139 1408 et
1170 1354 1242 1408 ad
1277 1357 1541 1425 posteros
1570 1355 1921 1424 transmisit,
1955 1356 2025 1411 de

371 1441 469 1495 his
501 1441 827 1512 loquuntur
857 1441 1047 1496 fusius
1064 1445 1122 1497 et
1137 1440 1464 1513 elegantius
1486 1443 1795 1514 veriusque
1818 1444 2022 1499 testiﬁ-

370 1534 791 1600 cantur,quam
826 1529 981 1585 ullus
1012 1530 1336 1601 quamlibet
1365 1531 1655 1586 facundus
1686 1537 1879 1586 orator
1898 1550 2024 1603 pos-

372 1619 451 1673 sit
487 1637 499 1673 :
536 1618 618 1673 ita
650 1622 712 1672 ut
742 1634 1239 1689 supervacaneum
1284 1618 1536 1690 putarim
1569 1620 1640 1674 de
1674 1620 1765 1674 his
1794 1620 2020 1691 longio-

374 1723 499 1761 rem
569 1714 759 1762 texere
790 1706 1203 1762 narrationem.
1239 1708 1379 1771 Quis
1410 1725 1541 1763 vero
1578 1708 1770 1774 fuerit,
1806 1714 1861 1763 et
1891 1710 2022 1780 quis

2140 555 2352 625 quibus
2396 557 2674 623 scatebat,
2731 555 2959 610 mendis
3010 557 3067 608 et
3125 549 3372 607 salebris
3430 546 3783 619 repurgandi

2140 648 2313 715 atque
2344 643 2695 699 illustrandi.
2748 645 2908 708 Quod
2958 641 3157 697 nullus
3210 654 3463 709 unquam
3500 636 3651 691 alius
3681 651 3781 708 ag-

2140 734 2300 805 gredi
2332 750 2511 788 ausus
2543 733 2743 799 est,vel
2777 749 2843 787 ea
2872 748 3014 786 sane
3044 728 3331 801 elegantia
3362 731 3418 782 et
3448 726 3636 781 nitore
3666 740 3786 779 ser-

2142 822 2353 889 monis,
2389 838 2573 892 eaque
2604 821 2877 876 felicitate
2908 826 2963 874 et
3011 820 3143 884 ﬁde,
3191 823 3247 873 et
3292 815 3544 871 oratoria
3573 819 3629 869 et
3660 829 3780 869 me-

2141 911 2289 966 trica
2317 927 2435 982 qua
2460 910 2605 981 ipse,
2640 912 2914 981 praestare
2945 908 3152 979 potuit.

2214 998 2289 1054 lbi
2324 1015 2459 1071 ergo
2520 999 2659 1053 dum
2718 996 3023 1059 delitescit,
3079 1000 3137 1049 et
3170 992 3499 1049 mirabilem
3554 991 3781 1046 Greece.-

2140 1088 2621 1143 rumlitterarum
2656 1087 2813 1141 sitim
2866 1085 2960 1140 die
3011 1088 3290 1155 nocteque
3339 1080 3546 1152 explet,
3580 1086 3637 1135 et
3664 1078 3780 1134 lin-

2139 1194 2265 1249 gua:
2289 1175 2579 1232 Hebraicaa
2596 1176 2704 1231 sub
2726 1175 2927 1230 Judzeo
2951 1173 3202 1244 quodam
3226 1172 3566 1226 rudimenta
3592 1169 3776 1239 ponit,

2138 1283 2289 1322 ecce.
2318 1266 2410 1321 vix
2441 1270 2637 1321 exacto
2689 1262 2956 1319 Avinioni
3010 1262 3247 1317 biennio
3303 1277 3335 1314 a
3383 1258 3693 1313 reverendo
3724 1259 3782 1312 et

2139 1354 2587 1428 pientiss.fratre
2614 1353 2840 1409 Joanne
2873 1350 3037 1405 Billio
3064 1350 3269 1405 abbate
3301 1347 3497 1402 Sancti
3532 1345 3779 1401 Michae-

2138 1443 2209 1499 lis
2242 1444 2297 1498 in
2333 1444 2559 1509 Eremo,
2604 1447 2660 1497 et
2710 1441 2853 1496 divae
2912 1440 3101 1494 Mariw
3154 1437 3211 1491 in
3269 1433 3539 1507 Regiensi
3586 1433 3780 1488 insula

2137 1533 2451 1589 accersitur
2507 1537 2563 1586 et
2616 1536 2936 1586 revocatur.
2985 1529 3132 1582 Tum
3194 1527 3348 1580 enim
3398 1524 3467 1579 de
3526 1521 3779 1579 abbatiis

2136 1622 2272 1689 illis,
2305 1622 2491 1692 deque
2522 1619 2713 1691 amplo
2746 1625 2802 1674 et
2832 1617 3009 1673 nobili
3041 1614 3390 1689 patrimonio
3420 1611 3653 1683 (quippe
3676 1609 3777 1681 qui

2138 1712 2381 1766 fratrum
2418 1715 2556 1765 natu
2585 1714 2708 1765 erat
2742 1708 3055 1773 maximus)
3076 1709 3132 1760 et
3155 1706 3224 1760 de
3246 1704 3371 1775 ipso
3396 1700 3773 1771 relinquendo

375 1799 505 1849 vitae
539 1798 667 1867 ejus
699 1813 927 1862 cursus,
963 1812 1180 1867 quosve
1212 1812 1556 1868 progressus
1590 1797 1869 1861 fecerit,si
1892 1799 2022 1869 quis
2056 1826 2101 1889 Β
2135 1799 2365 1867 saeculo,
2398 1800 2585 1871 deque
2644 1814 2791 1853 novo
2848 1797 2973 1850 vitai
3031 1810 3238 1866 genere
3297 1790 3656 1847 instituendo
3716 1792 3775 1844 et

373 1884 525 1939 scire
568 1884 876 1949 desideret,
910 1900 979 1938 ex
1007 1884 1116 1939 hac
1158 1885 1596 1940 narratiuncula
1618 1887 1820 1957 paucis
1850 1887 2021 1943 intel-

373 1974 537 2043 liget.

444 2064 612 2117 Anno
645 2063 800 2131 1535,
844 2061 1229 2118 nobilissimis
1270 2068 1327 2118 et
1375 2063 1717 2119 clarissimis
1766 2065 2019 2136 parenti-

369 2150 484 2206 bus
514 2151 805 2207 Ludovico
836 2151 1002 2207 Billio
1054 2157 1109 2207 et
1147 2151 1330 2207 Maria
1388 2153 1745 2208 Brichantaaa
1807 2154 2019 2210 Guisiaa

366 2244 548 2295 natus
581 2246 813 2312 est,quo
840 2244 1098 2311 tempore
1119 2240 1609 2314 generosissimus
1642 2242 1828 2313 ipsius
1859 2248 2022 2314 pater

370 2328 703 2384 Ludovicus
750 2328 954 2385 Billius
1002 2328 1337 2385 Corvillaaus
1377 2330 1484 2400 (sic
1529 2330 1684 2386 enim
1718 2348 1751 2385 a
1781 2336 2019 2402 paterno

364 2422 426 2472 et
462 2417 681 2490 insigni
711 2434 855 2486 pago
886 2416 1205 2484 Corvillaao,
1256 2423 1319 2473 ut
1351 2423 1551 2490 postea
1611 2437 1643 2474 a
1701 2420 1877 2475 nobili
1913 2437 2021 2477 sua

366 2505 612 2561 Prunaea
642 2506 814 2562 domo
845 2510 903 2562 et
932 2506 1055 2562 vico
1086 2508 1159 2562 ad
1190 2508 1514 2563 Carnutum
1546 2508 1677 2574 sito,
1741 2508 2020 2565 Prunaaus

370 2595 855 2666 nuncupabatur)
906 2594 983 2651 ibi
1039 2594 1303 2668 proregis
1378 2596 1570 2652 officio
1644 2597 2015 2668 fungebatur.

374 2684 709 2740 Admodum
754 2701 919 2756 puer,
973 2691 1037 2740 ut
1076 2704 1109 2741 a
1137 2687 1353 2742 teneris
1387 2688 1559 2743 annis
1590 2688 1759 2744 bonis
1815 2689 2021 2746 litteris

371 2790 440 2827 ac
470 2773 796 2844 disciplinis
823 2774 1255 2842 informaretur,
1289 2779 1347 2830 et
1374 2776 1537 2831 velut
1567 2794 1699 2832 cum
1729 2777 1878 2833 lacte
1909 2796 2022 2833 nu-

374 2860 542 2915 tricis
600 2861 983 2929 imbueretur,
1060 2863 1351 2918 Lutetiam
1428 2864 1781 2920 Parisiorum
1841 2866 2017 2922 venit.

379 2949 565 3019 Unde,
590 2952 767 3020 jactis
820 2950 1157 3006 Latinarum
1200 2952 1525 3007 litterarum
1583 2954 1742 3023 (nam
1795 2955 2021 3014 Graecas

374 3043 610 3094 tantum
647 3040 939 3111 attigerat)
972 3041 1387 3106 fundamentis,
1421 3059 1454 3096 a
1487 3043 1831 3113 parentibus
1862 3062 2020 3102 revo-

372 3132 565 3195 catus,
595 3127 688 3182 vix
729 3145 913 3183 annos
974 3134 1147 3184 natus
1176 3144 1334 3199 xvm,
1397 3131 1691 3188 Aureliam
1750 3138 1806 3187 et
1837 3134 2018 3191 Picta-

368 3233 513 3270 vum
550 3215 821 3284 mittitur,
856 3222 921 3271 ut
956 3217 1437 3290 jurisprudentias
1493 3226 1727 3275 navaret
1756 3238 2014 3294 operam,

357 3304 475 3360 Sed
508 3304 660 3360 hanc
686 3304 926 3373 lusisse,
958 3306 1018 3360 in
1051 3305 1262 3376 illaque
1294 3306 1461 3375 nihil,
1507 3314 1608 3363 aut
1640 3326 1844 3379 parum
1876 3329 2014 3383 pro-

359 3394 637 3458 movisse,
667 3393 787 3449 sive
835 3393 1158 3450 reluctante
1210 3400 1265 3450 et
1312 3396 1494 3452 invita
1542 3399 1669 3469 ejus
1730 3399 2012 3471 minerva,

362 3482 486 3537 sive
517 3482 789 3537 cbctante
812 3483 1047 3554 juniore
1078 3483 1179 3539 illa
1208 3489 1375 3540 atate
1422 3486 1492 3541 ad
1518 3486 1814 3556 juveniles
1844 3488 2012 3546 lusus

354 3571 768 3642 propensiore,
820 3572 939 3627 sive
988 3574 1164 3628 etiam
1217 3578 1329 3629 Dec
1379 3575 1450 3629 ad
1500 3574 1848 3632 sublimiora
1876 3595 2010 3634 eum

352 3661 561 3715 studia
589 3660 937 3726 destinante,
973 3662 1223 3733 ingenue
1254 3663 1421 3718 fateri
1470 3663 1712 3731 solebat,
1764 3682 2012 3738 eamque

363 3749 649 3819 temporis
676 3750 815 3820 (quo
840 3749 983 3804 nihil
1015 3750 1251 3805 tandem
1304 3751 1507 3807 habuit
1537 3753 2010 3825 charius)jactu-

364 3852 489 3890 ram
524 3837 876 3908 smpiuscule
908 3837 1163 3909 lugebat.

431 3926 817 3979 Postmodum
870 3927 1210 3997 parentibus
1258 3929 1496 3984 orbatus
1559 3930 1909 4002 Lugdunum
1952 3937 2009 3989 et

350 4012 696 4069 Avinionem
732 4018 817 4081 (ea
847 4031 1113 4085 quarens
1145 4014 1271 4072 loca
1300 4017 1358 4071 in
1419 4018 1635 4088 quibus
1694 4037 1725 4074 a
1772 4022 2006 4078 nemine

349 4109 796 4173 agnosceretur,
830 4120 944 4173 quo
969 4102 1210 4159 liberius
1242 4110 1298 4160 et
1349 4106 1698 4164 familiarius
1730 4126 2004 4167 mansue-

347 4191 606 4245 tioribus
641 4192 825 4246 musis
860 4192 1168 4263 frueretur)
1202 4194 1614 4265 proficiscitur,
1663 4198 1761 4253 ubi
1815 4198 2003 4255 incre-

349 4278 525 4333 nibili
561 4278 887 4334 litterarum
933 4280 1231 4337 Gaacarum
1282 4300 1480 4339 amore
1538 4289 1780 4357 ﬂagrare
1809 4290 2002 4360 coepit.

352 4369 412 4422 In
450 4367 672 4439 quibus
704 4368 863 4424 nullo
904 4387 1050 4442 pene
1101 4377 1450 4444 praeceptore
1498 4391 1661 4445 usus,
1696 4394 1799 4430 sua
1832 4378 2003 4433 indu-

349 4458 497 4511 stria
530 4458 621 4526 (ut
650 4458 875 4529 sagacis
906 4466 1031 4514 erat
1062 4460 1301 4532 ingenii,
1345 4460 1637 4517 memoria:
1670 4467 1911 4529 tenacis,
1946 4471 2003 4522 et

2131 1889 2459 1960 deligendo,
2491 1904 2701 1959 nempe
2733 1886 3115 1941 Chartusiano
3139 1887 3225 1947 (ut
3258 1882 3349 1937 via
3379 1880 3625 1935 arctiore
3650 1877 3774 1949 qui-

2130 1978 2391 2043 dem,sed
2427 1977 2601 2031 etiam
2635 1977 2703 2030 ad
2722 1976 2898 2029 vitam
2922 1973 3215 2029 caelestem
3234 1967 3774 2041 ,compendicsiore)

2131 2066 2544 2135 meditabatur,
2578 2081 2641 2119 ac
2670 2065 3042 2119 vehementer
3089 2061 3359 2133 cupiebat
3399 2060 3453 2112 in
3488 2074 3662 2113 suum
3695 2057 3774 2111 lo-

2130 2171 2263 2209 cum
2293 2154 2575 2210 Jacobum
2619 2154 2792 2207 fratre
2841 2150 3127 2218 sufﬁcere,
3189 2166 3254 2204 ac
3314 2147 3424 2203 sibi
3472 2162 3772 2201 successo-

2130 2260 2249 2298 rem
2284 2242 2629 2314 relinquere,
2666 2258 2779 2296 non
2811 2244 2931 2295 tam
2966 2240 3188 2295 ratione
3228 2238 3489 2291 fraternae
3522 2232 3772 2289 necessi-

2127 2332 2376 2398 tudinis,
2407 2335 2508 2387 aut
2546 2332 2739 2386 carnis
2779 2335 2836 2386 et
2877 2327 3184 2401 sanguinis
3216 2328 3365 2397 (quae
3403 2325 3530 2395 jam
3568 2323 3645 2377 illi
3678 2322 3766 2378 vi-

2128 2421 2581 2492 luerant),quam
2612 2419 2771 2475 illius
2802 2417 3121 2490 singularis
3144 2414 3372 2487 pietatis
3404 2419 3459 2468 et
3489 2410 3767 2467 eruditio-

2131 2510 2241 2579 nis,
2285 2526 2413 2581 quie
2444 2509 2503 2563 in
2525 2508 2653 2580 ipso
2685 2508 2959 2563 omnibus
3002 2504 3337 2576 affulgebat,
3389 2506 3669 2571 concepta
3700 2500 3772 2555 de

2129 2615 2216 2665 eo,
2250 2597 2407 2654 velut
2436 2598 2507 2653 de
2538 2601 2731 2669 segete
2761 2596 2819 2651 in
2844 2595 3039 2651 herbis
3069 2611 3170 2665 spe
3202 2593 3378 2663 (haud
3414 2607 3555 2645 sane
3586 2587 3770 2661 inani)

2130 2704 2262 2742 eum
2294 2692 2524 2742 tantum
2568 2686 2883 2757 aliquando
2940 2685 3082 2749 fore,
3128 2684 3227 2754 qui
3290 2680 3390 2736 Dei
3449 2679 3768 2734 Ecclesiam

2131 2793 2483 2848 magnopere
2514 2778 2744 2847 juvaret
2791 2780 2846 2829 et
2884 2777 3204 2829 exornaret.
3261 2770 3372 2825 bed
3422 2769 3509 2823 vix
3558 2766 3769 2822 adduci

2131 2866 2319 2938 potuit
2347 2865 2684 2920 adolescens
2716 2864 2974 2918 nondum
3008 2879 3193 2917 annos
3225 2863 3394 2914 natus
3425 2858 3685 2928 quinque
3715 2859 3773 2911 et

2128 2954 2353 3027 viginti,
2390 2960 2453 3009 ut
2482 2954 2603 3009 haec
2634 2953 2957 3009 sacerdotia
2978 2953 3435 3022 susciperet,sua
3463 2950 3772 3001 contentus

2131 3043 2487 3099 Ferrariensi
2516 3041 2954 3106 abbatiuncula,
2987 3056 3211 3111 suoque
3241 3044 3380 3109 (quo
3411 3054 3503 3091 me
3534 3036 3768 3090 tandem

2132 3149 2345 3204 magna
2376 3150 2485 3188 sua
2516 3148 2654 3203 erga
2682 3149 2772 3186 me
2816 3129 3217 3186 benevolentia
3266 3128 3489 3182 ornavit
3522 3132 3577 3179 et
3607 3126 3767 3179 locu-

2130 3221 2387 3293 pletavit)
2420 3222 2677 3293 prioratu
2708 3220 3070 3285 Tossiniaco,
3106 3220 3255 3288 quod
3298 3216 3657 3272 existimaret
3678 3214 3768 3268 his

2126 3312 2401 3366 oneribus
2429 3311 2792 3366 sustinendis
2823 3309 3080 3380 impares
3112 3325 3172 3364 se
3205 3308 3417 3362 habere
3466 3305 3764 3371 humeros,

2123 3400 2400 3471 ipsosque
2448 3400 2673 3471 amplos
2722 3403 3038 3469 proventus
3085 3397 3299 3468 saepius
3347 3411 3475 3450 esse
3521 3391 3764 3463 impedi-

2122 3496 2319 3544 mento
2349 3488 2675 3544 litterarum
2726 3487 2938 3543 studiis
2987 3489 3259 3559 (quorum
3310 3484 3431 3541 solo
3476 3480 3765 3537 desiderio

2121 3577 2448 3647 tenebatur)
2483 3594 2658 3648 quam
2692 3576 3054 3646 adjumento.
3080 3573 3296 3628 Verum
3346 3571 3616 3643 precibus
3651 3571 3761 3622 ira-

2120 3665 2227 3721 tris
2256 3670 2313 3721 et
2343 3666 2663 3721 amicorum
2697 3666 2884 3720 victus
2913 3682 2979 3720 ea
3010 3662 3277 3733 suscipit,
3311 3678 3423 3715 non
3474 3660 3600 3713 sine
3652 3658 3761 3712 fre-

2119 3756 2322 3826 quenti
2357 3760 2555 3826 postea
2584 3755 2754 3809 taedio
2786 3771 2851 3809 ac
2883 3768 3147 3808 maerore.
3184 3753 3265 3805 Ita
3297 3754 3491 3805 autem
3528 3748 3584 3801 in
3618 3746 3762 3816 ipsis

2118 3861 2181 3899 se
2210 3844 2411 3915 gessit,
2445 3848 2617 3915 atque
2650 3845 2707 3898 in
2740 3844 2898 3898 omni
2948 3842 3179 3915 pietatis
3228 3854 3436 3911 genere
3466 3836 3759 3902 excelluit,

2122 3938 2182 3987 ut
2213 3950 2325 3988 non
2361 3934 2534 3988 modo
2566 3932 2873 3987 cmnobitis
2905 3932 3051 3997 suis,
3086 3931 3184 3985 sed
3219 3934 3273 3983 et
3304 3927 3578 3983 omnibus
3618 3924 3764 3979 vici-

2118 4021 2228 4086 nis,
2263 4021 2517 4092 illucque
2549 4022 3000 4077 adventantibus
3031 4018 3441 4089 velutjuvenis
3475 4016 3618 4071 alter
3650 4014 3766 4069 Da-

2118 4110 2228 4166 niel
2263 4110 2629 4165 admirationi
2666 4116 2721 4165 et
2751 4110 3015 4180 exemplo
3045 4113 3220 4164 esset.

2184 4200 2291 4254 Sed
2326 4199 2477 4254 hanc
2504 4199 2673 4255 nobis
2723 4206 2779 4253 et
2810 4198 2907 4254 Dei
2960 4198 3226 4253 Ecclesia
3278 4196 3545 4250 invidens
3579 4193 3762 4249 felici-

2114 4293 2289 4344 tatem
2322 4288 2417 4343 ille
2449 4288 2548 4360 qui
2580 4304 2688 4343 sua
2718 4288 2935 4342 invidia
2968 4292 3213 4343 mortem
3250 4286 3464 4340 invexit
3496 4285 3553 4339 in
3589 4300 3761 4338 mun-

2113 4378 2579 4443 dum,secundis
2628 4376 2797 4432 bellis
2855 4376 3124 4431 civilibus
3180 4378 3249 4431 ad
3311 4375 3692 4430 defectionem
3729 4388 3762 4427 a

2112 4483 2244 4538 rege
2266 4472 2321 4521 et
2353 4467 2607 4521 Ecclesia
2640 4466 2996 4537 Rupellanos
3027 4466 3147 4534 (eos
3170 4464 3389 4536 excipio
3423 4463 3639 4534 quibus
3669 4462 3758 4516 in-

352 4547 609 4615 peracris
636 4547 867 4616 judicii)
901 4548 1308 4620 indefessoque
1340 4550 1532 4606 labore
1565 4552 1647 4605 ita
1679 4552 1831 4607 brevi
1867 4572 1999 4626 pro-
2038 4557 2079 4620 D
2111 4560 2234 4611 erat
2266 4555 2518 4611 scintilla
2548 4556 2811 4627 quaedam
2840 4556 3075 4626 pietatis
3107 4559 3163 4608 et
3196 4554 3412 4609 amoris
3445 4569 3582 4623 erga
3612 4551 3760 4607 litte-

349 4633 504 4699 fecit,
549 4640 614 4687 ut
644 4650 862 4689 coaevos
893 4652 1032 4691 suos
1066 4653 1269 4692 omnes
1297 4641 1691 4707 anteverterit,
1714 4640 2002 4714 longoque

347 4728 483 4791 post
526 4739 586 4776 se
629 4722 929 4778 intervallo
980 4723 1302 4796 reliquerit,
1352 4728 1479 4782 imo
1528 4733 1584 4783 et
1632 4746 1845 4799 paucos
1895 4749 2001 4786 suo

353 4810 575 4864 sarculo
622 4827 791 4882 pares
841 4812 1109 4867 habuerit
1144 4832 1155 4869 :
1192 4832 1369 4885 super
1400 4834 1568 4872 senes
1604 4818 1881 4874 nimirum
1914 4826 2004 4891 (ut

347 4899 672 4970 Scriptura:
704 4900 895 4954 verbis
926 4905 1059 4956 utar
1085 4902 1153 4973 ⁸⁵)
1186 4903 1542 4960 intellexisse
1591 4906 1840 4974 videtur,
1876 4925 1999 4964 ma-

342 4990 501 5042 xime
538 4987 591 5041 in
624 4989 806 5043 sacris
833 4996 889 5043 et
920 4991 1175 5060 antiquis
1225 4992 1642 5065 intelligendis,
1687 4996 1997 5051 enuclean-

340 5075 462 5140 dis,
501 5076 954 5146 interpretandis
994 5083 1051 5132 et
1109 5080 1485 5135 traducendis
1535 5082 1748 5138 Graecis
1798 5091 1995 5139 aucto-

338 5165 529 5219 ribus.
566 5164 724 5219 lnter
752 5182 896 5233 quos
918 5183 1293 5238 summopere
1317 5168 1637 5225 delectatus
1670 5178 1757 5226 est
1788 5174 1997 5229 D.Gre-

336 5256 506 5328 gorio
540 5255 903 5311 Nazianzeno
935 5258 1248 5331 Theologo,
1274 5277 1405 5315 cum
1432 5268 1668 5333 prepter
1699 5280 1993 5319 summam

334 5344 470 5414 ejus
500 5343 1053 5413 eloquentiam,tum
1087 5346 1159 5402 ob
1182 5347 1536 5421 singularem
1562 5351 1688 5420 ejus
1722 5353 1993 5423 pietatem

335 5439 399 5489 et
428 5432 758 5488 doctrinam
800 5450 811 5487 :
849 5435 1002 5490 unde
1033 5440 1174 5492 tunc
1205 5438 1483 5510 temporis
1534 5440 1775 5496 incessit
1806 5442 1855 5497 ei
1888 5458 1993 5498 cu-

410 5648 453 5682 ⁸⁴
489 5646 645 5704 Psal.
678 5663 874 5717 cxvm,
908 5648 1029 5706 100.

2113 4647 2289 4716 ratos)
2339 4644 2495 4699 velut
2542 4661 2607 4700 ex
2652 4634 2784 4699 orco
2834 4662 2941 4700 suo
2992 4649 3047 4699 et
3103 4649 3383 4713 tanquam
3443 4642 3663 4697 alacres
3704 4646 3761 4695 et

2112 4735 2625 4805 peraccommodos
2658 4734 2863 4789 nefarii
2924 4735 3013 4789 sui
3074 4732 3327 4788 instituti
3376 4731 3757 4786 administros

2111 4822 2635 4892 suscitat,quorum
2661 4821 2984 4876 ministerio
3011 4822 3066 4874 id
3091 4837 3228 4891 erga
3250 4835 3460 4874 novum
3484 4819 3754 4873 abbatem

2109 4910 2477 4981 eﬂ'ecit,quod
2503 4911 2642 4965 olim
2662 4927 2796 4982 erga
2822 4911 3035 4965 .lobum
3068 4926 3297 4966 servum
3320 4908 3416 4962 Dei
3447 4910 3751 4964 eximium.

2109 4999 2253 5053 Nam
2287 5000 2401 5053 duo
2446 5000 2575 5070 ejus
2626 5000 2981 5054 monasteria
3034 4997 3116 5053 illi
3151 5005 3520 5062 exusserunt,
3556 4999 3756 5054 dirue-

2109 5090 2243 5140 runt
2300 5092 2357 5140 et
2409 5087 2531 5141 solo
2592 5090 2993 5157 adaequarunt.
3053 5088 3299 5142 Arbores
3357 5088 3531 5143 etiam
3594 5089 3754 5159 (nam

2106 5174 2225 5229 illic
2256 5183 2379 5230 erat
2410 5176 2467 5229 in
2499 5174 2692 5230 littore
2721 5177 2900 5231 maris
2930 5178 3097 5232 lucus
3129 5177 3439 5233 arboribus
3475 5184 3754 5250 perpetuo

2102 5265 2526 5320 vireseentibus
2560 5267 2844 5333 consitus,
2903 5273 2958 5321 et
2991 5283 3379 5337 perammnus,
3441 5268 3750 5338 musisque

2102 5354 2468 5423 aptissimus)
2501 5355 2708 5425 partim
2759 5357 3154 5426 succiderunt,
3219 5356 3429 5428 partim
3465 5357 3747 5411 radicitus

2102 5442 2471 5509 avulsarunt;
2506 5449 2562 5499 et
2593 5450 2879 5515 quotquot
2918 5446 2976 5500 in
3025 5446 3497 5502 Sanmichaelina
3526 5462 3657 5501 arce
3687 5450 3751 5502 et
