  <div class='ocr_page' id='page_1' title='image "/cluster/home/n/w/nwhite01/storage/ocr_20150623/35/hvd.32044054100326/195.png"; bbox 0 0 4184 6202; ppageno 0'>
   <div class='ocr_carea' id='block_1_1' title="bbox 386 342 528 433">
    <p class='ocr_par' dir='ltr' id='par_1_1' title="bbox 386 342 528 433">
     <span class='ocr_line' id='line_1_1' title="bbox 386 342 528 433; baseline -0.028 -30"><span class='ocrx_word' id='word_1_1' title='bbox 386 342 528 433; x_wconf 55' lang='grc' dir='ltr'>βπ)</span> 
     </span>
    </p>
   </div>
   <div class='ocr_carea' id='block_1_2' title="bbox 1648 332 2617 400">
    <p class='ocr_par' dir='ltr' id='par_1_2' title="bbox 1648 332 2617 400">
     <span class='ocr_line' id='line_1_2' title="bbox 1648 332 2617 400; baseline -0.003 -4"><span class='ocrx_word' id='word_1_2' title='bbox 1648 332 1997 400; x_wconf 79' lang='lat' dir='ltr'>ELOGIUM</span> <span class='ocrx_word' id='word_1_3' title='bbox 2044 336 2310 399; x_wconf 81' lang='lat' dir='ltr'>JACOBI</span> <span class='ocrx_word' id='word_1_4' title='bbox 2360 334 2617 396; x_wconf 83' lang='lat' dir='ltr'>BlLLll.</span> 
     </span>
    </p>
   </div>
   <div class='ocr_carea' id='block_1_3' title="bbox 3701 332 3819 392">
    <p class='ocr_par' dir='ltr' id='par_1_3' title="bbox 3701 332 3819 392">
     <span class='ocr_line' id='line_1_3' title="bbox 3701 332 3819 392; baseline 0.008 -1"><span class='ocrx_word' id='word_1_5' title='bbox 3701 332 3819 392; x_wconf 85' lang='lat'>380</span> 
     </span>
    </p>
   </div>
   <div class='ocr_carea' id='block_1_4' title="bbox 412 465 3814 544">
    <p class='ocr_par' dir='ltr' id='par_1_4' title="bbox 412 465 3814 544">
     <span class='ocr_line' id='line_1_4' title="bbox 412 465 3814 544; baseline -0.002 -18"><span class='ocrx_word' id='word_1_6' title='bbox 412 472 635 544; x_wconf 83' lang='lat' dir='ltr'>templo</span> <span class='ocrx_word' id='word_1_7' title='bbox 664 470 818 527; x_wconf 88' lang='lat' dir='ltr'>viros</span> <span class='ocrx_word' id='word_1_8' title='bbox 848 469 1176 544; x_wconf 88' lang='lat' dir='ltr'>religiosos,</span> <span class='ocrx_word' id='word_1_9' title='bbox 1210 468 1427 526; x_wconf 80' lang='lat' dir='ltr'>milites</span> <span class='ocrx_word' id='word_1_10' title='bbox 1457 487 1523 525; x_wconf 89' lang='lat' dir='ltr'>ac</span> <span class='ocrx_word' id='word_1_11' title='bbox 1572 470 1839 525; x_wconf 88' lang='lat' dir='ltr'>subditos</span> <span class='ocrx_word' id='word_1_12' title='bbox 1886 468 2056 540; x_wconf 83' lang='lat' dir='ltr'>(quos</span> <span class='ocrx_word' id='word_1_13' title='bbox 2086 472 2139 537; x_wconf 76' lang='grc' dir='ltr'><strong>Α</strong></span> <span class='ocrx_word' id='word_1_14' title='bbox 2170 474 2378 542; x_wconf 63' lang='lat' dir='ltr'>praeter</span> <span class='ocrx_word' id='word_1_15' title='bbox 2407 470 2851 524; x_wconf 90' lang='lat' dir='ltr'>innumerorum</span> <span class='ocrx_word' id='word_1_16' title='bbox 2881 465 3455 538; x_wconf 74' lang='lat' dir='ltr'>consanguineorum</span> <span class='ocrx_word' id='word_1_17' title='bbox 3507 469 3568 520; x_wconf 88' lang='lat' dir='ltr'>et</span> <span class='ocrx_word' id='word_1_18' title='bbox 3596 465 3814 521; x_wconf 84' lang='lat' dir='ltr'>amico-</span> 
     </span>
    </p>
   </div>
   <div class='ocr_carea' id='block_1_5' title="bbox 416 558 2054 632">
    <p class='ocr_par' dir='ltr' id='par_1_5' title="bbox 416 558 2054 632">
     <span class='ocr_line' id='line_1_5' title="bbox 416 558 2054 632; baseline -0.002 -15"><span class='ocrx_word' id='word_1_19' title='bbox 416 564 493 617; x_wconf 90' lang='lat' dir='ltr'>ibi</span> <span class='ocrx_word' id='word_1_20' title='bbox 526 560 684 616; x_wconf 89' lang='lat' dir='ltr'>velut</span> <span class='ocrx_word' id='word_1_21' title='bbox 716 559 1111 632; x_wconf 71' lang='lat' dir='ltr'>prmsidiarios</span> <span class='ocrx_word' id='word_1_22' title='bbox 1144 559 1387 631; x_wconf 78' lang='lat' dir='ltr'>privatis</span> <span class='ocrx_word' id='word_1_23' title='bbox 1445 558 1785 631; x_wconf 83' lang='lat' dir='ltr'>sumptibus</span> <span class='ocrx_word' id='word_1_24' title='bbox 1845 559 2054 629; x_wconf 81' lang='lat' dir='ltr'>alebat)</span> 
     </span>
    </p>
   </div>
   <div class='ocr_carea' id='block_1_6' title="bbox 412 647 2053 720">
    <p class='ocr_par' dir='ltr' id='par_1_6' title="bbox 412 647 2053 720">
     <span class='ocr_line' id='line_1_6' title="bbox 412 647 2053 720; baseline -0.002 -15"><span class='ocrx_word' id='word_1_25' title='bbox 412 650 666 705; x_wconf 88' lang='lat' dir='ltr'>admotis</span> <span class='ocrx_word' id='word_1_26' title='bbox 692 647 913 703; x_wconf 82' lang='lat' dir='ltr'>bellicis</span> <span class='ocrx_word' id='word_1_27' title='bbox 967 650 1272 703; x_wconf 89' lang='lat' dir='ltr'>tormentis</span> <span class='ocrx_word' id='word_1_28' title='bbox 1315 652 1646 720; x_wconf 87' lang='lat' dir='ltr'>expugnato</span> <span class='ocrx_word' id='word_1_29' title='bbox 1696 653 2053 718; x_wconf 80' lang='lat' dir='ltr'>repererunt,</span> 
     </span>
    </p>
   </div>
   <div class='ocr_carea' id='block_1_7' title="bbox 413 736 2053 809">
    <p class='ocr_par' dir='ltr' id='par_1_7' title="bbox 413 736 2053 809">
     <span class='ocr_line' id='line_1_7' title="bbox 413 736 2053 809; baseline -0.001 -17"><span class='ocrx_word' id='word_1_30' title='bbox 413 736 724 792; x_wconf 86' lang='lat' dir='ltr'>crudeliter</span> <span class='ocrx_word' id='word_1_31' title='bbox 754 737 1317 802; x_wconf 86' lang='lat' dir='ltr'>trudidarunt,alios</span> <span class='ocrx_word' id='word_1_32' title='bbox 1348 736 1559 809; x_wconf 82' lang='lat' dir='ltr'>gladiis</span> <span class='ocrx_word' id='word_1_33' title='bbox 1589 737 2053 803; x_wconf 85' lang='lat' dir='ltr'>conscindentes,</span> 
     </span>
    </p>
   </div>
   <div class='ocr_carea' id='block_1_8' title="bbox 411 824 2053 897">
    <p class='ocr_par' dir='ltr' id='par_1_8' title="bbox 411 824 2053 897">
     <span class='ocr_line' id='line_1_8' title="bbox 411 824 2053 897; baseline -0.001 -15"><span class='ocrx_word' id='word_1_34' title='bbox 411 826 554 882; x_wconf 89' lang='lat' dir='ltr'>alios</span> <span class='ocrx_word' id='word_1_35' title='bbox 588 827 791 896; x_wconf 81' lang='lat' dir='ltr'>laqueo</span> <span class='ocrx_word' id='word_1_36' title='bbox 821 827 1219 897; x_wconf 83' lang='lat' dir='ltr'>praefocantes,</span> <span class='ocrx_word' id='word_1_37' title='bbox 1254 826 1399 881; x_wconf 83' lang='lat' dir='ltr'>alios</span> <span class='ocrx_word' id='word_1_38' title='bbox 1431 826 1746 897; x_wconf 74' lang='lat' dir='ltr'>praecipitio</span> <span class='ocrx_word' id='word_1_39' title='bbox 1779 824 2053 880; x_wconf 91' lang='lat' dir='ltr'>colliden-</span> 
     </span>
    </p>
   </div>
   <div class='ocr_carea' id='block_1_9' title="bbox 408 914 2055 986">
    <p class='ocr_par' dir='ltr' id='par_1_9' title="bbox 408 914 2055 986">
     <span class='ocr_line' id='line_1_9' title="bbox 408 914 2055 986; baseline -0.001 -16"><span class='ocrx_word' id='word_1_40' title='bbox 408 922 516 984; x_wconf 87' lang='lat' dir='ltr'>tes,</span> <span class='ocrx_word' id='word_1_41' title='bbox 550 915 696 970; x_wconf 91' lang='lat' dir='ltr'>alios</span> <span class='ocrx_word' id='word_1_42' title='bbox 728 915 1051 970; x_wconf 88' lang='lat' dir='ltr'>semineces</span> <span class='ocrx_word' id='word_1_43' title='bbox 1084 932 1147 969; x_wconf 90' lang='lat' dir='ltr'>ac</span> <span class='ocrx_word' id='word_1_44' title='bbox 1179 916 1337 970; x_wconf 88' lang='lat' dir='ltr'>vivos</span> <span class='ocrx_word' id='word_1_45' title='bbox 1367 916 1423 977; x_wconf 85' lang='lat' dir='ltr'>in</span> <span class='ocrx_word' id='word_1_46' title='bbox 1460 920 1664 986; x_wconf 89' lang='lat' dir='ltr'>puteos</span> <span class='ocrx_word' id='word_1_47' title='bbox 1689 914 2055 985; x_wconf 82' lang='lat' dir='ltr'>projicientes</span> 
     </span>
    </p>
   </div>
   <div class='ocr_carea' id='block_1_10' title="bbox 406 1004 2053 1076">
    <p class='ocr_par' dir='ltr' id='par_1_10' title="bbox 406 1004 2053 1076">
     <span class='ocr_line' id='line_1_10' title="bbox 406 1004 2053 1076; baseline 0 -19"><span class='ocrx_word' id='word_1_48' title='bbox 406 1008 567 1058; x_wconf 89' lang='lat' dir='ltr'>Hanc</span> <span class='ocrx_word' id='word_1_49' title='bbox 600 1004 754 1058; x_wconf 90' lang='lat' dir='ltr'>enim</span> <span class='ocrx_word' id='word_1_50' title='bbox 790 1021 959 1059; x_wconf 89' lang='lat' dir='ltr'>suam</span> <span class='ocrx_word' id='word_1_51' title='bbox 992 1004 1181 1076; x_wconf 91' lang='lat' dir='ltr'>primo</span> <span class='ocrx_word' id='word_1_52' title='bbox 1214 1004 1437 1059; x_wconf 88' lang='lat' dir='ltr'>rabiem</span> <span class='ocrx_word' id='word_1_53' title='bbox 1462 1004 1519 1058; x_wconf 90' lang='lat' dir='ltr'>in</span> <span class='ocrx_word' id='word_1_54' title='bbox 1537 1004 1759 1058; x_wconf 89' lang='lat' dir='ltr'>vicinos</span> <span class='ocrx_word' id='word_1_55' title='bbox 1786 1020 2053 1058; x_wconf 88' lang='lat' dir='ltr'>evomue-</span> 
     </span>
    </p>
   </div>
   <div class='ocr_carea' id='block_1_11' title="bbox 406 1092 2055 1164">
    <p class='ocr_par' dir='ltr' id='par_1_11' title="bbox 406 1092 2055 1164">
     <span class='ocr_line' id='line_1_11' title="bbox 406 1092 2055 1164; baseline -0.001 -16"><span class='ocrx_word' id='word_1_56' title='bbox 406 1098 568 1160; x_wconf 87' lang='lat' dir='ltr'>runt,</span> <span class='ocrx_word' id='word_1_57' title='bbox 592 1110 775 1164; x_wconf 93' lang='lat' dir='ltr'>eoque</span> <span class='ocrx_word' id='word_1_58' title='bbox 809 1094 1105 1148; x_wconf 83' lang='lat' dir='ltr'>crudelius</span> <span class='ocrx_word' id='word_1_59' title='bbox 1135 1093 1464 1162; x_wconf 77' lang='lat' dir='ltr'>saevierunt,</span> <span class='ocrx_word' id='word_1_60' title='bbox 1499 1109 1613 1163; x_wconf 93' lang='lat' dir='ltr'>quo</span> <span class='ocrx_word' id='word_1_61' title='bbox 1646 1092 1902 1148; x_wconf 85' lang='lat' dir='ltr'>sanctior</span> <span class='ocrx_word' id='word_1_62' title='bbox 1932 1097 2055 1147; x_wconf 90' lang='lat' dir='ltr'>erat</span> 
     </span>
    </p>
   </div>
   <div class='ocr_carea' id='block_1_12' title="bbox 403 1181 2054 1255">
    <p class='ocr_par' dir='ltr' id='par_1_12' title="bbox 403 1181 2054 1255">
     <span class='ocr_line' id='line_1_12' title="bbox 403 1181 2054 1255; baseline -0.001 -18"><span class='ocrx_word' id='word_1_63' title='bbox 403 1182 569 1237; x_wconf 91' lang='lat' dir='ltr'>locus</span> <span class='ocrx_word' id='word_1_64' title='bbox 600 1187 657 1237; x_wconf 89' lang='lat' dir='ltr'>et</span> <span class='ocrx_word' id='word_1_65' title='bbox 688 1183 1012 1238; x_wconf 72' lang='lat' dir='ltr'>sanctiores</span> <span class='ocrx_word' id='word_1_66' title='bbox 1047 1184 1157 1255; x_wconf 84' lang='lat' dir='ltr'>ipsi</span> <span class='ocrx_word' id='word_1_67' title='bbox 1192 1182 1393 1237; x_wconf 61' lang='lat' dir='ltr'>incola</span> <span class='ocrx_word' id='word_1_68' title='bbox 1435 1182 1627 1255; x_wconf 83' lang='lat' dir='ltr'>(cibus</span> <span class='ocrx_word' id='word_1_69' title='bbox 1659 1181 1813 1237; x_wconf 90' lang='lat' dir='ltr'>enim</span> <span class='ocrx_word' id='word_1_70' title='bbox 1864 1181 2054 1253; x_wconf 85' lang='lat' dir='ltr'>ipsius</span> 
     </span>
    </p>
   </div>
   <div class='ocr_carea' id='block_1_13' title="bbox 409 1270 2050 1343">
    <p class='ocr_par' dir='ltr' id='par_1_13' title="bbox 409 1270 2050 1343">
     <span class='ocr_line' id='line_1_13' title="bbox 409 1270 2050 1343; baseline -0.001 -17"><span class='ocrx_word' id='word_1_71' title='bbox 409 1272 635 1326; x_wconf 80' lang='lat' dir='ltr'>Satanae</span> <span class='ocrx_word' id='word_1_72' title='bbox 668 1277 731 1326; x_wconf 91' lang='lat' dir='ltr'>ut</span> <span class='ocrx_word' id='word_1_73' title='bbox 758 1272 837 1326; x_wconf 86' lang='lat' dir='ltr'>ait</span> <span class='ocrx_word' id='word_1_74' title='bbox 858 1272 1137 1343; x_wconf 83' lang='lat' dir='ltr'>propheta</span> <span class='ocrx_word' id='word_1_75' title='bbox 1159 1271 1491 1340; x_wconf 65' lang='lat' dir='ltr'>8‘,electus);</span> <span class='ocrx_word' id='word_1_76' title='bbox 1517 1270 1739 1326; x_wconf 81' lang='lat' dir='ltr'>invisus</span> <span class='ocrx_word' id='word_1_77' title='bbox 1770 1270 2050 1325; x_wconf 87' lang='lat' dir='ltr'>nimirum</span> 
     </span>
    </p>
   </div>
   <div class='ocr_carea' id='block_1_14' title="bbox 408 1359 2051 1431">
    <p class='ocr_par' dir='ltr' id='par_1_14' title="bbox 408 1359 2051 1431">
     <span class='ocr_line' id='line_1_14' title="bbox 408 1359 2051 1431; baseline -0.001 -17"><span class='ocrx_word' id='word_1_78' title='bbox 408 1360 524 1415; x_wconf 87' lang='lat' dir='ltr'>illis</span> <span class='ocrx_word' id='word_1_79' title='bbox 557 1364 682 1415; x_wconf 89' lang='lat' dir='ltr'>erat</span> <span class='ocrx_word' id='word_1_80' title='bbox 712 1366 831 1414; x_wconf 89' lang='lat' dir='ltr'>tam</span> <span class='ocrx_word' id='word_1_81' title='bbox 866 1359 999 1430; x_wconf 92' lang='lat' dir='ltr'>pius</span> <span class='ocrx_word' id='word_1_82' title='bbox 1032 1360 1464 1431; x_wconf 88' lang='lat' dir='ltr'>abbas,quippe</span> <span class='ocrx_word' id='word_1_83' title='bbox 1498 1361 1596 1431; x_wconf 91' lang='lat' dir='ltr'>qui</span> <span class='ocrx_word' id='word_1_84' title='bbox 1635 1359 1911 1431; x_wconf 90' lang='lat' dir='ltr'>splendor</span> <span class='ocrx_word' id='word_1_85' title='bbox 1940 1359 2051 1413; x_wconf 90' lang='lat' dir='ltr'>vir-</span> 
     </span>
    </p>
   </div>
   <div class='ocr_carea' id='block_1_15' title="bbox 406 1448 2051 1521">
    <p class='ocr_par' dir='ltr' id='par_1_15' title="bbox 406 1448 2051 1521">
     <span class='ocr_line' id='line_1_15' title="bbox 406 1448 2051 1521; baseline 0 -18"><span class='ocrx_word' id='word_1_86' title='bbox 406 1451 552 1504; x_wconf 81' lang='lat' dir='ltr'>tutis</span> <span class='ocrx_word' id='word_1_87' title='bbox 583 1467 701 1504; x_wconf 75' lang='lat' dir='ltr'>suae</span> <span class='ocrx_word' id='word_1_88' title='bbox 737 1454 978 1504; x_wconf 86' lang='lat' dir='ltr'>noctuas</span> <span class='ocrx_word' id='word_1_89' title='bbox 1009 1449 1154 1504; x_wconf 89' lang='lat' dir='ltr'>istas</span> <span class='ocrx_word' id='word_1_90' title='bbox 1182 1449 1597 1521; x_wconf 88' lang='lat' dir='ltr'>perstringeret</span> <span class='ocrx_word' id='word_1_91' title='bbox 1630 1491 1641 1503; x_wconf 92' lang='lat'>.</span> <span class='ocrx_word' id='word_1_92' title='bbox 1679 1448 1808 1520; x_wconf 84' lang='lat' dir='ltr'>Ipse</span> <span class='ocrx_word' id='word_1_93' title='bbox 1855 1452 2051 1503; x_wconf 90' lang='lat' dir='ltr'>tamen</span> 
     </span>
    </p>
   </div>
   <div class='ocr_carea' id='block_1_16' title="bbox 406 1539 792 1593">
    <p class='ocr_par' dir='ltr' id='par_1_16' title="bbox 406 1539 792 1593">
     <span class='ocr_line' id='line_1_16' title="bbox 406 1539 792 1593; baseline 0.003 -1"><span class='ocrx_word' id='word_1_94' title='bbox 406 1541 547 1593; x_wconf 89' lang='lat' dir='ltr'>tunc</span> <span class='ocrx_word' id='word_1_95' title='bbox 573 1539 792 1593; x_wconf 79' lang='lat' dir='ltr'>aberat.</span> 
     </span>
    </p>
   </div>
   <div class='ocr_carea' id='block_1_17' title="bbox 481 1626 2051 1698">
    <p class='ocr_par' dir='ltr' id='par_1_17' title="bbox 481 1626 2051 1698">
     <span class='ocr_line' id='line_1_17' title="bbox 481 1626 2051 1698; baseline -0.001 -15"><span class='ocrx_word' id='word_1_96' title='bbox 481 1627 623 1684; x_wconf 83' lang='lat' dir='ltr'>Nam</span> <span class='ocrx_word' id='word_1_97' title='bbox 659 1628 833 1697; x_wconf 90' lang='lat' dir='ltr'>paulo</span> <span class='ocrx_word' id='word_1_98' title='bbox 863 1632 997 1682; x_wconf 86' lang='lat' dir='ltr'>ante</span> <span class='ocrx_word' id='word_1_99' title='bbox 1029 1628 1198 1698; x_wconf 82' lang='lat' dir='ltr'>(aegre</span> <span class='ocrx_word' id='word_1_100' title='bbox 1248 1628 1507 1698; x_wconf 88' lang='lat' dir='ltr'>quidem,</span> <span class='ocrx_word' id='word_1_101' title='bbox 1565 1627 1665 1681; x_wconf 89' lang='lat' dir='ltr'>sed</span> <span class='ocrx_word' id='word_1_102' title='bbox 1716 1626 1956 1690; x_wconf 83' lang='lat' dir='ltr'>utiliter,</span> <span class='ocrx_word' id='word_1_103' title='bbox 1985 1643 2051 1682; x_wconf 86' lang='lat' dir='ltr'>ac</span> 
     </span>
    </p>
   </div>
   <div class='ocr_carea' id='block_1_18' title="bbox 409 1715 2049 1771">
    <p class='ocr_par' dir='ltr' id='par_1_18' title="bbox 409 1715 2049 1771">
     <span class='ocr_line' id='line_1_18' title="bbox 409 1715 2049 1771; baseline -0.001 0"><span class='ocrx_word' id='word_1_104' title='bbox 409 1715 832 1771; x_wconf 74' lang='lat' dir='ltr'>cmnobitarum</span> <span class='ocrx_word' id='word_1_105' title='bbox 867 1722 921 1771; x_wconf 91' lang='lat' dir='ltr'>et</span> <span class='ocrx_word' id='word_1_106' title='bbox 952 1717 1274 1771; x_wconf 90' lang='lat' dir='ltr'>amicorum</span> <span class='ocrx_word' id='word_1_107' title='bbox 1306 1732 1547 1771; x_wconf 90' lang='lat' dir='ltr'>suorum</span> <span class='ocrx_word' id='word_1_108' title='bbox 1582 1716 1823 1771; x_wconf 86' lang='lat' dir='ltr'>consilio</span> <span class='ocrx_word' id='word_1_109' title='bbox 1856 1720 1913 1771; x_wconf 88' lang='lat' dir='ltr'>et</span> <span class='ocrx_word' id='word_1_110' title='bbox 1940 1716 2049 1770; x_wconf 91' lang='lat' dir='ltr'>im-</span> 
     </span>
    </p>
   </div>
   <div class='ocr_carea' id='block_1_19' title="bbox 2168 554 3812 630">
    <p class='ocr_par' dir='ltr' id='par_1_19' title="bbox 2168 554 3812 630">
     <span class='ocr_line' id='line_1_19' title="bbox 2168 554 3812 630; baseline -0.003 -17"><span class='ocrx_word' id='word_1_111' title='bbox 2168 574 2319 621; x_wconf 87' lang='lat' dir='ltr'>rum,</span> <span class='ocrx_word' id='word_1_112' title='bbox 2351 573 2529 630; x_wconf 92' lang='lat' dir='ltr'>quam</span> <span class='ocrx_word' id='word_1_113' title='bbox 2562 558 2619 611; x_wconf 90' lang='lat' dir='ltr'>in</span> <span class='ocrx_word' id='word_1_114' title='bbox 2652 556 2798 627; x_wconf 87' lang='lat' dir='ltr'>ipsis</span> <span class='ocrx_word' id='word_1_115' title='bbox 2828 555 2982 624; x_wconf 86' lang='lat' dir='ltr'>iecit,</span> <span class='ocrx_word' id='word_1_116' title='bbox 3010 556 3330 624; x_wconf 84' lang='lat' dir='ltr'>jacturam,</span> <span class='ocrx_word' id='word_1_117' title='bbox 3374 554 3573 608; x_wconf 86' lang='lat' dir='ltr'>amisit</span> <span class='ocrx_word' id='word_1_118' title='bbox 3602 554 3812 623; x_wconf 87' lang='lat' dir='ltr'>primis</span> 
     </span>
    </p>
   </div>
   <div class='ocr_carea' id='block_1_20' title="bbox 2164 643 3810 717">
    <p class='ocr_par' dir='ltr' id='par_1_20' title="bbox 2164 643 3810 717">
     <span class='ocr_line' id='line_1_20' title="bbox 2164 643 3810 717; baseline -0.001 -16"><span class='ocrx_word' id='word_1_119' title='bbox 2164 647 2519 703; x_wconf 85' lang='lat' dir='ltr'>tumultibus</span> <span class='ocrx_word' id='word_1_120' title='bbox 2546 648 2604 701; x_wconf 90' lang='lat' dir='ltr'>in</span> <span class='ocrx_word' id='word_1_121' title='bbox 2638 645 2911 701; x_wconf 87' lang='lat' dir='ltr'>Drocensi</span> <span class='ocrx_word' id='word_1_122' title='bbox 2939 659 3137 717; x_wconf 88' lang='lat' dir='ltr'>pugna</span> <span class='ocrx_word' id='word_1_123' title='bbox 3156 643 3634 698; x_wconf 88' lang='lat' dir='ltr'>avunculosduos</span> <span class='ocrx_word' id='word_1_124' title='bbox 3653 645 3810 699; x_wconf 87' lang='lat' dir='ltr'>viros</span> 
     </span>
    </p>
   </div>
   <div class='ocr_carea' id='block_1_21' title="bbox 2164 731 3801 802">
    <p class='ocr_par' dir='ltr' id='par_1_21' title="bbox 2164 731 3801 802">
     <span class='ocr_line' id='line_1_21' title="bbox 2164 731 3801 802; baseline -0.002 -12"><span class='ocrx_word' id='word_1_125' title='bbox 2164 736 2619 802; x_wconf 87' lang='lat' dir='ltr'>illustrissimos,</span> <span class='ocrx_word' id='word_1_126' title='bbox 2677 735 3090 790; x_wconf 89' lang='lat' dir='ltr'>Brichanteum</span> <span class='ocrx_word' id='word_1_127' title='bbox 3168 731 3535 787; x_wconf 87' lang='lat' dir='ltr'>Bellovacum</span> <span class='ocrx_word' id='word_1_128' title='bbox 3595 736 3653 786; x_wconf 91' lang='lat' dir='ltr'>et</span> <span class='ocrx_word' id='word_1_129' title='bbox 3707 732 3801 787; x_wconf 84' lang='lat' dir='ltr'>Gi-</span> 
     </span>
    </p>
   </div>
   <div class='ocr_carea' id='block_1_22' title="bbox 2162 821 3807 896">
    <p class='ocr_par' dir='ltr' id='par_1_22' title="bbox 2162 821 3807 896">
     <span class='ocr_line' id='line_1_22' title="bbox 2162 821 3807 896; baseline -0.004 -15"><span class='ocrx_word' id='word_1_130' title='bbox 2162 826 2379 893; x_wconf 86' lang='lat' dir='ltr'>vrium,</span> <span class='ocrx_word' id='word_1_131' title='bbox 2413 826 2644 891; x_wconf 83' lang='lat' dir='ltr'>fratres,</span> <span class='ocrx_word' id='word_1_132' title='bbox 2677 824 2778 896; x_wconf 89' lang='lat' dir='ltr'>qui</span> <span class='ocrx_word' id='word_1_133' title='bbox 2806 824 2863 878; x_wconf 92' lang='lat' dir='ltr'>in</span> <span class='ocrx_word' id='word_1_134' title='bbox 2925 822 3116 895; x_wconf 86' lang='lat' dir='ltr'>prima</span> <span class='ocrx_word' id='word_1_135' title='bbox 3174 822 3297 877; x_wconf 89' lang='lat' dir='ltr'>acie</span> <span class='ocrx_word' id='word_1_136' title='bbox 3355 836 3488 875; x_wconf 89' lang='lat' dir='ltr'>cum</span> <span class='ocrx_word' id='word_1_137' title='bbox 3523 821 3807 892; x_wconf 82' lang='lat' dir='ltr'>magistro</span> 
     </span>
    </p>
   </div>
   <div class='ocr_carea' id='block_1_23' title="bbox 2164 910 3807 987">
    <p class='ocr_par' dir='ltr' id='par_1_23' title="bbox 2164 910 3807 987">
     <span class='ocr_line' id='line_1_23' title="bbox 2164 910 3807 987; baseline -0.004 -16"><span class='ocrx_word' id='word_1_138' title='bbox 2164 916 2428 987; x_wconf 83' lang='lat' dir='ltr'>equitnm</span> <span class='ocrx_word' id='word_1_139' title='bbox 2479 914 2704 971; x_wconf 86' lang='lat' dir='ltr'>fortiter</span> <span class='ocrx_word' id='word_1_140' title='bbox 2753 918 3078 985; x_wconf 81' lang='lat' dir='ltr'>pugnantes</span> <span class='ocrx_word' id='word_1_141' title='bbox 3126 910 3510 966; x_wconf 88' lang='lat' dir='ltr'>ceciderunt:</span> <span class='ocrx_word' id='word_1_142' title='bbox 3546 910 3640 965; x_wconf 86' lang='lat' dir='ltr'>hic</span> <span class='ocrx_word' id='word_1_143' title='bbox 3678 912 3807 982; x_wconf 86' lang='lat' dir='ltr'>qui-</span> 
     </span>
    </p>
   </div>
   <div class='ocr_carea' id='block_1_24' title="bbox 2164 999 3805 1075">
    <p class='ocr_par' dir='ltr' id='par_1_24' title="bbox 2164 999 3805 1075">
     <span class='ocr_line' id='line_1_24' title="bbox 2164 999 3805 1075; baseline -0.002 -16"><span class='ocrx_word' id='word_1_144' title='bbox 2164 1005 2295 1059; x_wconf 87' lang='lat' dir='ltr'>dem</span> <span class='ocrx_word' id='word_1_145' title='bbox 2329 1004 2387 1058; x_wconf 91' lang='lat' dir='ltr'>in</span> <span class='ocrx_word' id='word_1_146' title='bbox 2422 1005 2549 1075; x_wconf 91' lang='lat' dir='ltr'>ipso</span> <span class='ocrx_word' id='word_1_147' title='bbox 2580 1003 2873 1072; x_wconf 82' lang='lat' dir='ltr'>conflictu,</span> <span class='ocrx_word' id='word_1_148' title='bbox 2908 1001 3007 1057; x_wconf 89' lang='lat' dir='ltr'>ille</span> <span class='ocrx_word' id='word_1_149' title='bbox 3035 1016 3106 1056; x_wconf 85' lang='lat' dir='ltr'>ex</span> <span class='ocrx_word' id='word_1_150' title='bbox 3135 999 3373 1055; x_wconf 87' lang='lat' dir='ltr'>vulnere</span> <span class='ocrx_word' id='word_1_151' title='bbox 3430 1000 3505 1053; x_wconf 90' lang='lat' dir='ltr'>ibi</span> <span class='ocrx_word' id='word_1_152' title='bbox 3568 1005 3805 1071; x_wconf 87' lang='lat' dir='ltr'>accepto</span> 
     </span>
    </p>
   </div>
   <div class='ocr_carea' id='block_1_25' title="bbox 2164 1087 3804 1164">
    <p class='ocr_par' dir='ltr' id='par_1_25' title="bbox 2164 1087 3804 1164">
     <span class='ocr_line' id='line_1_25' title="bbox 2164 1087 3804 1164; baseline -0.001 -17"><span class='ocrx_word' id='word_1_153' title='bbox 2164 1093 2465 1164; x_wconf 85' lang='lat' dir='ltr'>aliquanto</span> <span class='ocrx_word' id='word_1_154' title='bbox 2497 1096 2630 1163; x_wconf 89' lang='lat' dir='ltr'>post</span> <span class='ocrx_word' id='word_1_155' title='bbox 2659 1096 2959 1163; x_wconf 89' lang='lat' dir='ltr'>tempore;</span> <span class='ocrx_word' id='word_1_156' title='bbox 2991 1090 3301 1144; x_wconf 75' lang='lat' dir='ltr'>Prunieum</span> <span class='ocrx_word' id='word_1_157' title='bbox 3353 1087 3532 1143; x_wconf 88' lang='lat' dir='ltr'>etiam</span> <span class='ocrx_word' id='word_1_158' title='bbox 3565 1087 3804 1145; x_wconf 74' lang='lat' dir='ltr'>fratrem</span> 
     </span>
    </p>
   </div>
   <div class='ocr_carea' id='block_1_26' title="bbox 2163 1178 3807 1251">
    <p class='ocr_par' dir='ltr' id='par_1_26' title="bbox 2163 1178 3807 1251">
     <span class='ocr_line' id='line_1_26' title="bbox 2163 1178 3807 1251; baseline -0.004 -14"><span class='ocrx_word' id='word_1_159' title='bbox 2163 1182 2470 1237; x_wconf 86' lang='lat' dir='ltr'>Claudium</span> <span class='ocrx_word' id='word_1_160' title='bbox 2505 1181 2741 1236; x_wconf 88' lang='lat' dir='ltr'>Billium</span> <span class='ocrx_word' id='word_1_161' title='bbox 2772 1179 2832 1234; x_wconf 92' lang='lat' dir='ltr'>in</span> <span class='ocrx_word' id='word_1_162' title='bbox 2882 1178 3079 1251; x_wconf 67' lang='lat' dir='ltr'>prwlio</span> <span class='ocrx_word' id='word_1_163' title='bbox 3137 1178 3207 1232; x_wconf 87' lang='lat' dir='ltr'>ad</span> <span class='ocrx_word' id='word_1_164' title='bbox 3264 1178 3587 1233; x_wconf 84' lang='lat' dir='ltr'>Jarnacum</span> <span class='ocrx_word' id='word_1_165' title='bbox 3644 1193 3807 1232; x_wconf 82' lang='lat' dir='ltr'>com-</span> 
     </span>
    </p>
   </div>
   <div class='ocr_carea' id='block_1_27' title="bbox 2162 1265 3806 1339">
    <p class='ocr_par' dir='ltr' id='par_1_27' title="bbox 2162 1265 3806 1339">
     <span class='ocr_line' id='line_1_27' title="bbox 2162 1265 3806 1339; baseline -0.003 -13"><span class='ocrx_word' id='word_1_166' title='bbox 2162 1270 2367 1339; x_wconf 89' lang='lat' dir='ltr'>misso,</span> <span class='ocrx_word' id='word_1_167' title='bbox 2398 1271 2538 1325; x_wconf 90' lang='lat' dir='ltr'>dum</span> <span class='ocrx_word' id='word_1_168' title='bbox 2581 1271 2797 1325; x_wconf 89' lang='lat' dir='ltr'>fractos</span> <span class='ocrx_word' id='word_1_169' title='bbox 2854 1284 2920 1323; x_wconf 89' lang='lat' dir='ltr'>ac</span> <span class='ocrx_word' id='word_1_170' title='bbox 2976 1267 3266 1339; x_wconf 87' lang='lat' dir='ltr'>fugientes</span> <span class='ocrx_word' id='word_1_171' title='bbox 3325 1266 3521 1321; x_wconf 81' lang='lat' dir='ltr'>hostes</span> <span class='ocrx_word' id='word_1_172' title='bbox 3575 1265 3806 1337; x_wconf 81' lang='lat' dir='ltr'>longius</span> 
     </span>
    </p>
   </div>
   <div class='ocr_carea' id='block_1_28' title="bbox 2163 1354 3799 1432">
    <p class='ocr_par' dir='ltr' id='par_1_28' title="bbox 2163 1354 3799 1432">
     <span class='ocr_line' id='line_1_28' title="bbox 2163 1354 3799 1432; baseline -0.004 -17"><span class='ocrx_word' id='word_1_173' title='bbox 2163 1359 2355 1415; x_wconf 90' lang='lat' dir='ltr'>acrius</span> <span class='ocrx_word' id='word_1_174' title='bbox 2370 1360 2755 1432; x_wconf 73' lang='lat' dir='ltr'>persequitur;</span> <span class='ocrx_word' id='word_1_175' title='bbox 2778 1357 3131 1413; x_wconf 90' lang='lat' dir='ltr'>Ludovicum</span> <span class='ocrx_word' id='word_1_176' title='bbox 3155 1354 3388 1410; x_wconf 89' lang='lat' dir='ltr'>Billium</span> <span class='ocrx_word' id='word_1_177' title='bbox 3407 1358 3799 1410; x_wconf 67' lang='lat' dir='ltr'>Vertronaeum</span> 
     </span>
    </p>
   </div>
   <div class='ocr_carea' id='block_1_29' title="bbox 2162 1443 3795 1505">
    <p class='ocr_par' dir='ltr' id='par_1_29' title="bbox 2162 1443 3795 1505">
     <span class='ocr_line' id='line_1_29' title="bbox 2162 1443 3795 1505; baseline -0.005 0"><span class='ocrx_word' id='word_1_178' title='bbox 2162 1448 2410 1505; x_wconf 87' lang='lat' dir='ltr'>alterum</span> <span class='ocrx_word' id='word_1_179' title='bbox 2443 1448 2681 1503; x_wconf 82' lang='lat' dir='ltr'>fratrem</span> <span class='ocrx_word' id='word_1_180' title='bbox 2732 1447 2793 1501; x_wconf 91' lang='lat' dir='ltr'>in</span> <span class='ocrx_word' id='word_1_181' title='bbox 2851 1445 3155 1502; x_wconf 88' lang='lat' dir='ltr'>obsidione</span> <span class='ocrx_word' id='word_1_182' title='bbox 3215 1444 3540 1498; x_wconf 84' lang='lat' dir='ltr'>Pirtavensi</span> <span class='ocrx_word' id='word_1_183' title='bbox 3597 1443 3795 1497; x_wconf 87' lang='lat' dir='ltr'>urbem</span> 
     </span>
    </p>
   </div>
   <div class='ocr_carea' id='block_1_30' title="bbox 2161 1532 3794 1610">
    <p class='ocr_par' dir='ltr' id='par_1_30' title="bbox 2161 1532 3794 1610">
     <span class='ocr_line' id='line_1_30' title="bbox 2161 1532 3794 1610; baseline -0.004 -18"><span class='ocrx_word' id='word_1_184' title='bbox 2161 1539 2282 1610; x_wconf 90' lang='lat' dir='ltr'>regi</span> <span class='ocrx_word' id='word_1_185' title='bbox 2313 1540 2370 1593; x_wconf 92' lang='lat' dir='ltr'>et</span> <span class='ocrx_word' id='word_1_186' title='bbox 2400 1538 2624 1593; x_wconf 87' lang='lat' dir='ltr'>civibus</span> <span class='ocrx_word' id='word_1_187' title='bbox 2654 1540 3051 1609; x_wconf 89' lang='lat' dir='ltr'>protegentem</span> <span class='ocrx_word' id='word_1_188' title='bbox 3080 1552 3093 1601; x_wconf 93' lang='lat'>;</span> <span class='ocrx_word' id='word_1_189' title='bbox 3127 1533 3272 1588; x_wconf 87' lang='lat' dir='ltr'>alios</span> <span class='ocrx_word' id='word_1_190' title='bbox 3300 1532 3475 1588; x_wconf 88' lang='lat' dir='ltr'>etiam</span> <span class='ocrx_word' id='word_1_191' title='bbox 3514 1532 3659 1587; x_wconf 89' lang='lat' dir='ltr'>duos</span> <span class='ocrx_word' id='word_1_192' title='bbox 3682 1532 3794 1585; x_wconf 85' lang='lat' dir='ltr'>fra-</span> 
     </span>
    </p>
   </div>
   <div class='ocr_carea' id='block_1_31' title="bbox 2159 1620 3798 1698">
    <p class='ocr_par' dir='ltr' id='par_1_31' title="bbox 2159 1620 3798 1698">
     <span class='ocr_line' id='line_1_31' title="bbox 2159 1620 3798 1698; baseline -0.005 -16"><span class='ocrx_word' id='word_1_193' title='bbox 2159 1632 2281 1685; x_wconf 86' lang='lat' dir='ltr'>tres</span> <span class='ocrx_word' id='word_1_194' title='bbox 2310 1627 2367 1682; x_wconf 91' lang='lat' dir='ltr'>in</span> <span class='ocrx_word' id='word_1_195' title='bbox 2404 1627 2675 1683; x_wconf 88' lang='lat' dir='ltr'>Drocensi</span> <span class='ocrx_word' id='word_1_196' title='bbox 2709 1625 2904 1698; x_wconf 76' lang='lat' dir='ltr'>przelio</span> <span class='ocrx_word' id='word_1_197' title='bbox 2932 1640 3216 1695; x_wconf 88' lang='lat' dir='ltr'>:quorum</span> <span class='ocrx_word' id='word_1_198' title='bbox 3240 1627 3359 1677; x_wconf 88' lang='lat' dir='ltr'>tres</span> <span class='ocrx_word' id='word_1_199' title='bbox 3392 1622 3607 1692; x_wconf 87' lang='lat' dir='ltr'>priores</span> <span class='ocrx_word' id='word_1_200' title='bbox 3638 1620 3798 1674; x_wconf 87' lang='lat' dir='ltr'>fuere</span> 
     </span>
    </p>
   </div>
   <div class='ocr_carea' id='block_1_32' title="bbox 2159 1709 3801 1788">
    <p class='ocr_par' dir='ltr' id='par_1_32' title="bbox 2159 1709 3801 1788">
     <span class='ocr_line' id='line_1_32' title="bbox 2159 1709 3801 1788; baseline -0.005 -16"><span class='ocrx_word' id='word_1_201' title='bbox 2159 1718 2384 1788; x_wconf 89' lang='lat' dir='ltr'>equites</span> <span class='ocrx_word' id='word_1_202' title='bbox 2412 1717 2711 1788; x_wconf 80' lang='lat' dir='ltr'>Torquati,</span> <span class='ocrx_word' id='word_1_203' title='bbox 2745 1721 2801 1771; x_wconf 91' lang='lat' dir='ltr'>et</span> <span class='ocrx_word' id='word_1_204' title='bbox 2831 1714 3347 1785; x_wconf 88' lang='lat' dir='ltr'>Cataphractorum</span> <span class='ocrx_word' id='word_1_205' title='bbox 3397 1710 3664 1781; x_wconf 90' lang='lat' dir='ltr'>equitum</span> <span class='ocrx_word' id='word_1_206' title='bbox 3697 1709 3801 1764; x_wconf 85' lang='lat' dir='ltr'>du-</span> 
     </span>
    </p>
   </div>
   <div class='ocr_carea' id='block_1_33' title="bbox 406 1798 3795 1911">
    <p class='ocr_par' dir='ltr' id='par_1_33' title="bbox 406 1798 3795 1911">
     <span class='ocr_line' id='line_1_33' title="bbox 406 1798 3795 1911; baseline -0.002 -52"><span class='ocrx_word' id='word_1_207' title='bbox 406 1804 677 1875; x_wconf 89' lang='lat' dir='ltr'>pulsu,ut</span> <span class='ocrx_word' id='word_1_208' title='bbox 706 1805 814 1859; x_wconf 90' lang='lat' dir='ltr'>sibi</span> <span class='ocrx_word' id='word_1_209' title='bbox 849 1805 1038 1877; x_wconf 88' lang='lat' dir='ltr'>magis</span> <span class='ocrx_word' id='word_1_210' title='bbox 1070 1807 1139 1860; x_wconf 90' lang='lat' dir='ltr'>ad</span> <span class='ocrx_word' id='word_1_211' title='bbox 1173 1804 1502 1859; x_wconf 89' lang='lat' dir='ltr'>litterarum</span> <span class='ocrx_word' id='word_1_212' title='bbox 1530 1805 1725 1859; x_wconf 87' lang='lat' dir='ltr'>studia</span> <span class='ocrx_word' id='word_1_213' title='bbox 1758 1810 1815 1859; x_wconf 91' lang='lat' dir='ltr'>et</span> <span class='ocrx_word' id='word_1_214' title='bbox 1848 1820 2047 1875; x_wconf 89' lang='lat' dir='ltr'>pacem</span> <span class='ocrx_word' id='word_1_215' title='bbox 2080 1846 2125 1911; x_wconf 77' lang='lat' dir='ltr'><strong>B</strong></span> <span class='ocrx_word' id='word_1_216' title='bbox 2160 1824 2254 1863; x_wconf 88' lang='lat' dir='ltr'>ces</span> <span class='ocrx_word' id='word_1_217' title='bbox 2286 1806 2483 1879; x_wconf 77' lang='lat' dir='ltr'>inclyti</span> <span class='ocrx_word' id='word_1_218' title='bbox 2512 1823 2577 1861; x_wconf 91' lang='lat' dir='ltr'>ac</span> <span class='ocrx_word' id='word_1_219' title='bbox 2616 1804 2919 1860; x_wconf 77' lang='lat' dir='ltr'>fortissimi</span> <span class='ocrx_word' id='word_1_220' title='bbox 2947 1821 2959 1858; x_wconf 93' lang='lat'><strong>:</strong></span> <span class='ocrx_word' id='word_1_221' title='bbox 2993 1803 3091 1858; x_wconf 91' lang='lat' dir='ltr'>alii</span> <span class='ocrx_word' id='word_1_222' title='bbox 3136 1801 3356 1856; x_wconf 90' lang='lat' dir='ltr'>strenui</span> <span class='ocrx_word' id='word_1_223' title='bbox 3417 1806 3474 1855; x_wconf 90' lang='lat' dir='ltr'>et</span> <span class='ocrx_word' id='word_1_224' title='bbox 3530 1798 3795 1870; x_wconf 84' lang='lat' dir='ltr'>generosi</span> 
     </span>
     <span class='ocr_line' id='line_1_34' title="bbox 414 1888 3756 1911; baseline 0 0"><span class='ocrx_word' id='word_1_225' title='bbox 414 1910 425 1911; x_wconf 35' lang='grc' dir='ltr'><em>γ</em></span> <span class='ocrx_word' id='word_1_226' title='bbox 470 1910 475 1911; x_wconf 63' lang='lat'><strong><em>,</em></strong></span> <span class='ocrx_word' id='word_1_227' title='bbox 542 1910 571 1911; x_wconf 49' lang='grc' dir='ltr'><em>η</em></span> <span class='ocrx_word' id='word_1_228' title='bbox 626 1910 631 1911; x_wconf 63' lang='lat'><strong><em>,</em></strong></span> <span class='ocrx_word' id='word_1_229' title='bbox 670 1894 682 1911; x_wconf 70' lang='lat'>1</span> <span class='ocrx_word' id='word_1_230' title='bbox 994 1898 1003 1911; x_wconf 87' lang='grc' dir='ltr'>ι</span> <span class='ocrx_word' id='word_1_231' title='bbox 1266 1894 1277 1911; x_wconf 83' lang='grc'><strong>1</strong></span> <span class='ocrx_word' id='word_1_232' title='bbox 1389 1898 1398 1911; x_wconf 81' lang='grc' dir='ltr'>ι</span> <span class='ocrx_word' id='word_1_233' title='bbox 1456 1910 1495 1911; x_wconf 59' lang='lat'>,,</span> <span class='ocrx_word' id='word_1_234' title='bbox 1606 1910 1609 1911; x_wconf 66' lang='lat'>,</span> <span class='ocrx_word' id='word_1_235' title='bbox 1658 1894 1817 1911; x_wconf 66' lang='lat' dir='ltr'>-\,&#39;r.1</span> <span class='ocrx_word' id='word_1_236' title='bbox 1890 1893 1902 1911; x_wconf 82' lang='lat' dir='ltr'><strong>I</strong></span> <span class='ocrx_word' id='word_1_237' title='bbox 1954 1894 2015 1911; x_wconf 49' lang='lat' dir='ltr'>,e,</span> <span class='ocrx_word' id='word_1_238' title='bbox 2209 1897 2223 1911; x_wconf 67' lang='grc' dir='ltr'><strong>ι</strong></span> <span class='ocrx_word' id='word_1_239' title='bbox 2272 1894 2283 1911; x_wconf 83' lang='lat' dir='ltr'><strong>I</strong></span> <span class='ocrx_word' id='word_1_240' title='bbox 2469 1900 2480 1911; x_wconf 80' lang='grc' dir='ltr'><strong><em>ι</em></strong></span> <span class='ocrx_word' id='word_1_241' title='bbox 2687 1894 2793 1911; x_wconf 76' lang='grc' dir='ltr'><strong>νιί</strong></span> <span class='ocrx_word' id='word_1_242' title='bbox 2874 1910 2877 1911; x_wconf 66' lang='lat'>,</span> <span class='ocrx_word' id='word_1_243' title='bbox 2958 1891 3323 1911; x_wconf 41' lang='lat' dir='ltr'>!_,_.A.._L-_L</span> <span class='ocrx_word' id='word_1_244' title='bbox 3407 1889 3620 1911; x_wconf 71' lang='lat' dir='ltr'>&#39;I’I-_--__</span> <span class='ocrx_word' id='word_1_245' title='bbox 3703 1888 3756 1911; x_wconf 76' lang='grc'>2..</span> 
     </span>
    </p>
   </div>
   <div class='ocr_carea' id='block_1_34' title="bbox 406 1893 2045 1964">
    <p class='ocr_par' dir='ltr' id='par_1_34' title="bbox 406 1893 2045 1964">
     <span class='ocr_line' id='line_1_35' title="bbox 406 1893 2045 1964; baseline 0.001 -18"><span class='ocrx_word' id='word_1_246' title='bbox 406 1910 583 1963; x_wconf 88' lang='lat' dir='ltr'>quam</span> <span class='ocrx_word' id='word_1_247' title='bbox 616 1894 685 1948; x_wconf 90' lang='lat' dir='ltr'>ad</span> <span class='ocrx_word' id='word_1_248' title='bbox 716 1910 879 1948; x_wconf 87' lang='lat' dir='ltr'>arma</span> <span class='ocrx_word' id='word_1_249' title='bbox 913 1898 1046 1949; x_wconf 79' lang='lat' dir='ltr'>uato</span> <span class='ocrx_word' id='word_1_250' title='bbox 1078 1894 1622 1964; x_wconf 88' lang='lat' dir='ltr'>consuleret,seque</span> <span class='ocrx_word' id='word_1_251' title='bbox 1655 1894 1751 1949; x_wconf 87' lang='lat' dir='ltr'>Dei</span> <span class='ocrx_word' id='word_1_252' title='bbox 1778 1893 2045 1948; x_wconf 63' lang='lat' dir='ltr'>Ecclesiae</span> 
     </span>
    </p>
   </div>
   <div class='ocr_carea' id='block_1_35' title="bbox 406 1981 2043 2054">
    <p class='ocr_par' dir='ltr' id='par_1_35' title="bbox 406 1981 2043 2054">
     <span class='ocr_line' id='line_1_36' title="bbox 406 1981 2043 2054; baseline 0.001 -19"><span class='ocrx_word' id='word_1_253' title='bbox 406 1982 477 2036; x_wconf 84' lang='lat' dir='ltr'>ad</span> <span class='ocrx_word' id='word_1_254' title='bbox 512 1981 756 2037; x_wconf 80' lang='lat' dir='ltr'>meliora</span> <span class='ocrx_word' id='word_1_255' title='bbox 806 1982 1086 2053; x_wconf 88' lang='lat' dir='ltr'>servaret)</span> <span class='ocrx_word' id='word_1_256' title='bbox 1136 1983 1429 2037; x_wconf 86' lang='lat' dir='ltr'>Nannetas</span> <span class='ocrx_word' id='word_1_257' title='bbox 1478 2000 1539 2037; x_wconf 91' lang='lat' dir='ltr'>se</span> <span class='ocrx_word' id='word_1_258' title='bbox 1592 1987 1906 2054; x_wconf 81' lang='lat' dir='ltr'>receperat.</span> <span class='ocrx_word' id='word_1_259' title='bbox 1942 1983 2043 2039; x_wconf 92' lang='lat' dir='ltr'>Ubi</span> 
     </span>
    </p>
   </div>
   <div class='ocr_carea' id='block_1_36' title="bbox 403 2069 2047 2143">
    <p class='ocr_par' dir='ltr' id='par_1_36' title="bbox 403 2069 2047 2143">
     <span class='ocr_line' id='line_1_37' title="bbox 403 2069 2047 2143; baseline 0.002 -20"><span class='ocrx_word' id='word_1_260' title='bbox 403 2069 702 2140; x_wconf 89' lang='lat' dir='ltr'>aliquanto</span> <span class='ocrx_word' id='word_1_261' title='bbox 728 2076 858 2142; x_wconf 86' lang='lat' dir='ltr'>post</span> <span class='ocrx_word' id='word_1_262' title='bbox 888 2077 1148 2143; x_wconf 86' lang='lat' dir='ltr'>tempore</span> <span class='ocrx_word' id='word_1_263' title='bbox 1176 2071 1283 2126; x_wconf 88' lang='lat' dir='ltr'>hac</span> <span class='ocrx_word' id='word_1_264' title='bbox 1314 2075 1434 2126; x_wconf 86' lang='lat' dir='ltr'>tam</span> <span class='ocrx_word' id='word_1_265' title='bbox 1462 2071 1794 2126; x_wconf 89' lang='lat' dir='ltr'>truculenta</span> <span class='ocrx_word' id='word_1_266' title='bbox 1825 2087 1890 2126; x_wconf 88' lang='lat' dir='ltr'>ac</span> <span class='ocrx_word' id='word_1_267' title='bbox 1923 2073 2047 2126; x_wconf 89' lang='lat' dir='ltr'>bar-</span> 
     </span>
    </p>
   </div>
   <div class='ocr_carea' id='block_1_37' title="bbox 402 2156 2041 2230">
    <p class='ocr_par' dir='ltr' id='par_1_37' title="bbox 402 2156 2041 2230">
     <span class='ocr_line' id='line_1_38' title="bbox 402 2156 2041 2230; baseline 0.003 -20"><span class='ocrx_word' id='word_1_268' title='bbox 402 2156 544 2211; x_wconf 88' lang='lat' dir='ltr'>bara</span> <span class='ocrx_word' id='word_1_269' title='bbox 574 2163 767 2230; x_wconf 80' lang='lat' dir='ltr'>strage</span> <span class='ocrx_word' id='word_1_270' title='bbox 799 2161 870 2214; x_wconf 92' lang='lat' dir='ltr'>ab</span> <span class='ocrx_word' id='word_1_271' title='bbox 903 2159 1199 2228; x_wconf 84' lang='lat' dir='ltr'>illustriss,</span> <span class='ocrx_word' id='word_1_272' title='bbox 1237 2159 1541 2230; x_wconf 87' lang='lat' dir='ltr'>Martignio</span> <span class='ocrx_word' id='word_1_273' title='bbox 1574 2160 1882 2215; x_wconf 65' lang='lat' dir='ltr'>Britanniae</span> <span class='ocrx_word' id='word_1_274' title='bbox 1910 2176 2041 2230; x_wconf 89' lang='lat' dir='ltr'>pro-</span> 
     </span>
    </p>
   </div>
   <div class='ocr_carea' id='block_1_38' title="bbox 400 2248 2042 2319">
    <p class='ocr_par' dir='ltr' id='par_1_38' title="bbox 400 2248 2042 2319">
     <span class='ocr_line' id='line_1_39' title="bbox 400 2248 2042 2319; baseline 0.001 -19"><span class='ocrx_word' id='word_1_275' title='bbox 400 2262 555 2319; x_wconf 88' lang='lat' dir='ltr'>rege,</span> <span class='ocrx_word' id='word_1_276' title='bbox 592 2248 692 2319; x_wconf 91' lang='lat' dir='ltr'>qui</span> <span class='ocrx_word' id='word_1_277' title='bbox 728 2253 849 2303; x_wconf 88' lang='lat' dir='ltr'>tum</span> <span class='ocrx_word' id='word_1_278' title='bbox 879 2249 958 2304; x_wconf 91' lang='lat' dir='ltr'>ibi</span> <span class='ocrx_word' id='word_1_279' title='bbox 994 2251 1213 2317; x_wconf 88' lang='lat' dir='ltr'>aderat,</span> <span class='ocrx_word' id='word_1_280' title='bbox 1248 2254 1304 2304; x_wconf 90' lang='lat' dir='ltr'>et</span> <span class='ocrx_word' id='word_1_281' title='bbox 1336 2250 1427 2304; x_wconf 91' lang='lat' dir='ltr'>cui</span> <span class='ocrx_word' id='word_1_282' title='bbox 1475 2248 1535 2303; x_wconf 91' lang='lat' dir='ltr'>in</span> <span class='ocrx_word' id='word_1_283' title='bbox 1591 2249 1682 2303; x_wconf 91' lang='lat' dir='ltr'>via</span> <span class='ocrx_word' id='word_1_284' title='bbox 1732 2248 1876 2303; x_wconf 87' lang='lat' dir='ltr'>forte</span> <span class='ocrx_word' id='word_1_285' title='bbox 1929 2248 2042 2303; x_wconf 91' lang='lat' dir='ltr'>for-</span> 
     </span>
    </p>
   </div>
   <div class='ocr_carea' id='block_1_39' title="bbox 398 2337 2043 2410">
    <p class='ocr_par' dir='ltr' id='par_1_39' title="bbox 398 2337 2043 2410">
     <span class='ocr_line' id='line_1_40' title="bbox 398 2337 2043 2410; baseline 0.002 -21"><span class='ocrx_word' id='word_1_286' title='bbox 398 2340 541 2390; x_wconf 86' lang='lat' dir='ltr'>tuna</span> <span class='ocrx_word' id='word_1_287' title='bbox 573 2343 921 2408; x_wconf 80' lang='lat' dir='ltr'>occurrerat,</span> <span class='ocrx_word' id='word_1_288' title='bbox 958 2337 1211 2410; x_wconf 89' lang='lat' dir='ltr'>ptimum</span> <span class='ocrx_word' id='word_1_289' title='bbox 1245 2337 1463 2404; x_wconf 85' lang='lat' dir='ltr'>audita,</span> <span class='ocrx_word' id='word_1_290' title='bbox 1498 2340 1737 2392; x_wconf 88' lang='lat' dir='ltr'>domum</span> <span class='ocrx_word' id='word_1_291' title='bbox 1772 2337 1963 2403; x_wconf 89' lang='lat' dir='ltr'>rediit,</span> <span class='ocrx_word' id='word_1_292' title='bbox 1988 2342 2043 2392; x_wconf 90' lang='lat' dir='ltr'>et</span> 
     </span>
    </p>
   </div>
   <div class='ocr_carea' id='block_1_40' title="bbox 397 2424 2040 2499">
    <p class='ocr_par' dir='ltr' id='par_1_40' title="bbox 397 2424 2040 2499">
     <span class='ocr_line' id='line_1_41' title="bbox 397 2424 2040 2499; baseline 0.002 -22"><span class='ocrx_word' id='word_1_293' title='bbox 397 2424 456 2477; x_wconf 90' lang='lat' dir='ltr'>in</span> <span class='ocrx_word' id='word_1_294' title='bbox 488 2424 776 2499; x_wconf 82' lang='lat' dir='ltr'>lacrymas</span> <span class='ocrx_word' id='word_1_295' title='bbox 808 2428 1093 2498; x_wconf 89' lang='lat' dir='ltr'>prorupit.</span> <span class='ocrx_word' id='word_1_296' title='bbox 1127 2428 1210 2482; x_wconf 83' lang='lat' dir='ltr'>Ad</span> <span class='ocrx_word' id='word_1_297' title='bbox 1240 2444 1414 2499; x_wconf 88' lang='lat' dir='ltr'>quem</span> <span class='ocrx_word' id='word_1_298' title='bbox 1448 2428 1585 2481; x_wconf 89' lang='lat' dir='ltr'>dum</span> <span class='ocrx_word' id='word_1_299' title='bbox 1611 2427 1823 2481; x_wconf 88' lang='lat' dir='ltr'>accedo</span> <span class='ocrx_word' id='word_1_300' title='bbox 1855 2427 1903 2480; x_wconf 88' lang='lat' dir='ltr'>ei</span> <span class='ocrx_word' id='word_1_301' title='bbox 1938 2443 2040 2497; x_wconf 90' lang='lat' dir='ltr'>pro</span> 
     </span>
    </p>
   </div>
   <div class='ocr_carea' id='block_1_41' title="bbox 394 2514 2039 2587">
    <p class='ocr_par' dir='ltr' id='par_1_41' title="bbox 394 2514 2039 2587">
     <span class='ocr_line' id='line_1_42' title="bbox 394 2514 2039 2587; baseline 0 -18"><span class='ocrx_word' id='word_1_302' title='bbox 394 2514 545 2569; x_wconf 86' lang='lat' dir='ltr'>virili</span> <span class='ocrx_word' id='word_1_303' title='bbox 588 2515 807 2587; x_wconf 84' lang='lat' dir='ltr'>aliquid</span> <span class='ocrx_word' id='word_1_304' title='bbox 844 2516 1033 2571; x_wconf 87' lang='lat' dir='ltr'>solatii</span> <span class='ocrx_word' id='word_1_305' title='bbox 1095 2515 1520 2586; x_wconf 87' lang='lat' dir='ltr'>impertiturus,</span> <span class='ocrx_word' id='word_1_306' title='bbox 1580 2531 1715 2569; x_wconf 82' lang='lat' dir='ltr'>voce</span> <span class='ocrx_word' id='word_1_307' title='bbox 1774 2514 2039 2569; x_wconf 87' lang='lat' dir='ltr'>faucibus</span> 
     </span>
    </p>
   </div>
   <div class='ocr_carea' id='block_1_42' title="bbox 397 2603 2036 2677">
    <p class='ocr_par' dir='ltr' id='par_1_42' title="bbox 397 2603 2036 2677">
     <span class='ocr_line' id='line_1_43' title="bbox 397 2603 2036 2677; baseline 0.001 -21"><span class='ocrx_word' id='word_1_308' title='bbox 397 2620 514 2674; x_wconf 71' lang='lat' dir='ltr'>pra:</span> <span class='ocrx_word' id='word_1_309' title='bbox 565 2621 780 2676; x_wconf 88' lang='lat' dir='ltr'>angore</span> <span class='ocrx_word' id='word_1_310' title='bbox 829 2606 1081 2661; x_wconf 70' lang='lat' dir='ltr'>haerente</span> <span class='ocrx_word' id='word_1_311' title='bbox 1147 2606 1203 2660; x_wconf 91' lang='lat' dir='ltr'>in</span> <span class='ocrx_word' id='word_1_312' title='bbox 1271 2607 1559 2677; x_wconf 83' lang='lat' dir='ltr'>lacrymas</span> <span class='ocrx_word' id='word_1_313' title='bbox 1636 2603 1812 2659; x_wconf 89' lang='lat' dir='ltr'>simul</span> <span class='ocrx_word' id='word_1_314' title='bbox 1862 2604 2036 2659; x_wconf 87' lang='lat' dir='ltr'>etiam</span> 
     </span>
    </p>
   </div>
   <div class='ocr_carea' id='block_1_43' title="bbox 394 2692 2035 2765">
    <p class='ocr_par' dir='ltr' id='par_1_43' title="bbox 394 2692 2035 2765">
     <span class='ocr_line' id='line_1_44' title="bbox 394 2692 2035 2765; baseline 0.002 -20"><span class='ocrx_word' id='word_1_315' title='bbox 394 2708 660 2763; x_wconf 87' lang='lat' dir='ltr'>erumpo,</span> <span class='ocrx_word' id='word_1_316' title='bbox 692 2694 907 2764; x_wconf 89' lang='lat' dir='ltr'>quibus</span> <span class='ocrx_word' id='word_1_317' title='bbox 940 2699 1182 2765; x_wconf 89' lang='lat' dir='ltr'>uterque</span> <span class='ocrx_word' id='word_1_318' title='bbox 1215 2700 1336 2749; x_wconf 89' lang='lat' dir='ltr'>tam</span> <span class='ocrx_word' id='word_1_319' title='bbox 1391 2692 1786 2749; x_wconf 88' lang='lat' dir='ltr'>miserabilem</span> <span class='ocrx_word' id='word_1_320' title='bbox 1819 2693 2035 2748; x_wconf 80' lang='lat' dir='ltr'>caedem</span> 
     </span>
    </p>
   </div>
   <div class='ocr_carea' id='block_1_44' title="bbox 394 2780 2033 2855">
    <p class='ocr_par' dir='ltr' id='par_1_44' title="bbox 394 2780 2033 2855">
     <span class='ocr_line' id='line_1_45' title="bbox 394 2780 2033 2855; baseline 0.002 -22"><span class='ocrx_word' id='word_1_321' title='bbox 394 2780 614 2835; x_wconf 76' lang='lat' dir='ltr'>affatim</span> <span class='ocrx_word' id='word_1_322' title='bbox 648 2789 993 2853; x_wconf 85' lang='lat' dir='ltr'>prosecutus</span> <span class='ocrx_word' id='word_1_323' title='bbox 1024 2790 1131 2847; x_wconf 87' lang='lat' dir='ltr'>est,</span> <span class='ocrx_word' id='word_1_324' title='bbox 1156 2783 1389 2855; x_wconf 86' lang='lat' dir='ltr'>fuitque</span> <span class='ocrx_word' id='word_1_325' title='bbox 1441 2782 1667 2854; x_wconf 89' lang='lat' dir='ltr'>virique</span> <span class='ocrx_word' id='word_1_326' title='bbox 1715 2787 1839 2837; x_wconf 92' lang='lat' dir='ltr'>tum</span> <span class='ocrx_word' id='word_1_327' title='bbox 1874 2800 2033 2853; x_wconf 68' lang='lat' dir='ltr'>quaa-</span> 
     </span>
    </p>
   </div>
   <div class='ocr_carea' id='block_1_45' title="bbox 392 2868 2029 2942">
    <p class='ocr_par' dir='ltr' id='par_1_45' title="bbox 392 2868 2029 2942">
     <span class='ocr_line' id='line_1_46' title="bbox 392 2868 2029 2942; baseline 0.004 -21"><span class='ocrx_word' id='word_1_328' title='bbox 392 2868 526 2923; x_wconf 87' lang='lat' dir='ltr'>dam</span> <span class='ocrx_word' id='word_1_329' title='bbox 562 2868 697 2925; x_wconf 84' lang='lat' dir='ltr'>ﬂere</span> <span class='ocrx_word' id='word_1_330' title='bbox 719 2871 1008 2942; x_wconf 88' lang='lat' dir='ltr'>voluptas.</span> <span class='ocrx_word' id='word_1_331' title='bbox 1044 2872 1153 2927; x_wconf 89' lang='lat' dir='ltr'>Sed</span> <span class='ocrx_word' id='word_1_332' title='bbox 1188 2874 1423 2928; x_wconf 84' lang='lat' dir='ltr'>tandem</span> <span class='ocrx_word' id='word_1_333' title='bbox 1462 2872 1859 2927; x_wconf 87' lang='lat' dir='ltr'>arescentibus</span> <span class='ocrx_word' id='word_1_334' title='bbox 1890 2872 2029 2939; x_wconf 90' lang='lat' dir='ltr'>illis,</span> 
     </span>
    </p>
   </div>
   <div class='ocr_carea' id='block_1_46' title="bbox 390 2959 2032 3033">
    <p class='ocr_par' dir='ltr' id='par_1_46' title="bbox 390 2959 2032 3033">
     <span class='ocr_line' id='line_1_47' title="bbox 390 2959 2032 3033; baseline 0.003 -22"><span class='ocrx_word' id='word_1_335' title='bbox 390 2961 445 3011; x_wconf 88' lang='lat' dir='ltr'>et</span> <span class='ocrx_word' id='word_1_336' title='bbox 471 2976 617 3029; x_wconf 89' lang='lat' dir='ltr'>pene</span> <span class='ocrx_word' id='word_1_337' title='bbox 666 2959 986 3024; x_wconf 88' lang='lat' dir='ltr'>exhaustis,</span> <span class='ocrx_word' id='word_1_338' title='bbox 1037 2959 1407 3032; x_wconf 90' lang='lat' dir='ltr'>collectieque</span> <span class='ocrx_word' id='word_1_339' title='bbox 1456 2961 1691 3025; x_wconf 89' lang='lat' dir='ltr'>animis,</span> <span class='ocrx_word' id='word_1_340' title='bbox 1751 2962 1889 3016; x_wconf 82' lang='lat' dir='ltr'>Deus</span> <span class='ocrx_word' id='word_1_341' title='bbox 1919 2962 2032 3033; x_wconf 89' lang='lat' dir='ltr'>(in-</span> 
     </span>
    </p>
   </div>
   <div class='ocr_carea' id='block_1_47' title="bbox 391 3045 2029 3119">
    <p class='ocr_par' dir='ltr' id='par_1_47' title="bbox 391 3045 2029 3119">
     <span class='ocr_line' id='line_1_48' title="bbox 391 3045 2029 3119; baseline 0.002 -18"><span class='ocrx_word' id='word_1_342' title='bbox 391 3045 628 3118; x_wconf 90' lang='lat' dir='ltr'>quiebat</span> <span class='ocrx_word' id='word_1_343' title='bbox 659 3046 798 3119; x_wconf 90' lang='lat' dir='ltr'>ille),</span> <span class='ocrx_word' id='word_1_344' title='bbox 831 3058 1094 3103; x_wconf 68' lang='lat' dir='ltr'>venerum</span> <span class='ocrx_word' id='word_1_345' title='bbox 1124 3054 1305 3118; x_wconf 80' lang='lat' dir='ltr'>gentes</span> <span class='ocrx_word' id='word_1_346' title='bbox 1335 3051 1394 3104; x_wconf 80' lang='lat' dir='ltr'>in</span> <span class='ocrx_word' id='word_1_347' title='bbox 1450 3049 1829 3106; x_wconf 67' lang='lat' dir='ltr'>haereditatem</span> <span class='ocrx_word' id='word_1_348' title='bbox 1876 3058 2029 3105; x_wconf 88' lang='lat' dir='ltr'>tuam</span> 
     </span>
    </p>
   </div>
   <div class='ocr_carea' id='block_1_48' title="bbox 384 3138 2027 3209">
    <p class='ocr_par' dir='ltr' id='par_1_48' title="bbox 384 3138 2027 3209">
     <span class='ocr_line' id='line_1_49' title="bbox 384 3138 2027 3209; baseline 0.003 -21"><span class='ocrx_word' id='word_1_349' title='bbox 384 3146 689 3206; x_wconf 84' lang='lat' dir='ltr'>posuerunt</span> <span class='ocrx_word' id='word_1_350' title='bbox 740 3138 1003 3207; x_wconf 79' lang='lat' dir='ltr'>templum</span> <span class='ocrx_word' id='word_1_351' title='bbox 1041 3142 1292 3193; x_wconf 82' lang='lat' dir='ltr'>sanctum</span> <span class='ocrx_word' id='word_1_352' title='bbox 1340 3141 1494 3193; x_wconf 72' lang='lat' dir='ltr'>tuum</span> <span class='ocrx_word' id='word_1_353' title='bbox 1526 3141 1585 3192; x_wconf 88' lang='lat' dir='ltr'>in</span> <span class='ocrx_word' id='word_1_354' title='bbox 1623 3154 1910 3209; x_wconf 81' lang='lat' dir='ltr'>pomorum</span> <span class='ocrx_word' id='word_1_355' title='bbox 1932 3155 2027 3193; x_wconf 85' lang='lat' dir='ltr'>cu-</span> 
     </span>
    </p>
   </div>
   <div class='ocr_carea' id='block_1_49' title="bbox 2156 1888 3792 1964">
    <p class='ocr_par' dir='ltr' id='par_1_49' title="bbox 2156 1888 3792 1964">
     <span class='ocr_line' id='line_1_50' title="bbox 2156 1888 3792 1964; baseline -0.006 -13"><span class='ocrx_word' id='word_1_356' title='bbox 2156 1894 2552 1951; x_wconf 90' lang='lat' dir='ltr'>adolescentes</span> <span class='ocrx_word' id='word_1_357' title='bbox 2600 1894 2889 1964; x_wconf 87' lang='lat' dir='ltr'>peditibus</span> <span class='ocrx_word' id='word_1_358' title='bbox 2956 1891 3344 1962; x_wconf 89' lang='lat' dir='ltr'>imperabant.</span> <span class='ocrx_word' id='word_1_359' title='bbox 3407 1889 3648 1954; x_wconf 86' lang='lat' dir='ltr'>Horum,</span> <span class='ocrx_word' id='word_1_360' title='bbox 3703 1888 3792 1942; x_wconf 89' lang='lat' dir='ltr'>in-</span> 
     </span>
    </p>
   </div>
   <div class='ocr_carea' id='block_1_50' title="bbox 2156 1978 3795 2056">
    <p class='ocr_par' dir='ltr' id='par_1_50' title="bbox 2156 1978 3795 2056">
     <span class='ocr_line' id='line_1_51' title="bbox 2156 1978 3795 2056; baseline -0.005 -16"><span class='ocrx_word' id='word_1_361' title='bbox 2156 2002 2356 2056; x_wconf 87' lang='lat' dir='ltr'>quam,</span> <span class='ocrx_word' id='word_1_362' title='bbox 2388 1985 2661 2056; x_wconf 92' lang='lat' dir='ltr'>(quorum</span> <span class='ocrx_word' id='word_1_363' title='bbox 2695 1983 2819 2054; x_wconf 81' lang='lat' dir='ltr'>ipse</span> <span class='ocrx_word' id='word_1_364' title='bbox 2852 1982 3027 2037; x_wconf 89' lang='lat' dir='ltr'>etiam</span> <span class='ocrx_word' id='word_1_365' title='bbox 3058 1980 3115 2034; x_wconf 90' lang='lat' dir='ltr'>in</span> <span class='ocrx_word' id='word_1_366' title='bbox 3158 1978 3598 2046; x_wconf 81' lang='lat' dir='ltr'>Anthotogiasua</span> <span class='ocrx_word' id='word_1_367' title='bbox 3629 1992 3795 2032; x_wconf 88' lang='lat' dir='ltr'>sacra</span> 
     </span>
    </p>
   </div>
   <div class='ocr_carea' id='block_1_51' title="bbox 2156 2068 3791 2146">
    <p class='ocr_par' dir='ltr' id='par_1_51' title="bbox 2156 2068 3791 2146">
     <span class='ocr_line' id='line_1_52' title="bbox 2156 2068 3791 2146; baseline -0.005 -15"><span class='ocrx_word' id='word_1_368' title='bbox 2156 2076 2446 2146; x_wconf 89' lang='lat' dir='ltr'>meminit)</span> <span class='ocrx_word' id='word_1_369' title='bbox 2476 2079 2532 2131; x_wconf 90' lang='lat' dir='ltr'>et</span> <span class='ocrx_word' id='word_1_370' title='bbox 2553 2074 2799 2129; x_wconf 89' lang='lat' dir='ltr'>aliorum</span> <span class='ocrx_word' id='word_1_371' title='bbox 2851 2072 3313 2145; x_wconf 83' lang='lat' dir='ltr'>pmpinquorum</span> <span class='ocrx_word' id='word_1_372' title='bbox 3365 2073 3423 2125; x_wconf 89' lang='lat' dir='ltr'>et</span> <span class='ocrx_word' id='word_1_373' title='bbox 3468 2068 3791 2123; x_wconf 86' lang='lat' dir='ltr'>amicorum</span> 
     </span>
    </p>
   </div>
   <div class='ocr_carea' id='block_1_52' title="bbox 2154 2156 3795 2237">
    <p class='ocr_par' dir='ltr' id='par_1_52' title="bbox 2154 2156 3795 2237">
     <span class='ocr_line' id='line_1_53' title="bbox 2154 2156 3795 2237; baseline -0.005 -17"><span class='ocrx_word' id='word_1_374' title='bbox 2154 2164 2726 2237; x_wconf 88' lang='lat' dir='ltr'>quamplurimorum</span> <span class='ocrx_word' id='word_1_375' title='bbox 2779 2162 3049 2216; x_wconf 88' lang='lat' dir='ltr'>interitus</span> <span class='ocrx_word' id='word_1_376' title='bbox 3096 2175 3230 2216; x_wconf 89' lang='lat' dir='ltr'>eum</span> <span class='ocrx_word' id='word_1_377' title='bbox 3279 2174 3490 2229; x_wconf 90' lang='lat' dir='ltr'>magno</span> <span class='ocrx_word' id='word_1_378' title='bbox 3543 2156 3795 2228; x_wconf 90' lang='lat' dir='ltr'>perculit</span> 
     </span>
    </p>
   </div>
   <div class='ocr_carea' id='block_1_53' title="bbox 2154 2248 3794 2324">
    <p class='ocr_par' dir='ltr' id='par_1_53' title="bbox 2154 2248 3794 2324">
     <span class='ocr_line' id='line_1_54' title="bbox 2154 2248 3794 2324; baseline -0.006 -14"><span class='ocrx_word' id='word_1_379' title='bbox 2154 2254 2372 2321; x_wconf 91' lang='lat' dir='ltr'>dolore,</span> <span class='ocrx_word' id='word_1_380' title='bbox 2403 2269 2752 2324; x_wconf 88' lang='lat' dir='ltr'>summaque</span> <span class='ocrx_word' id='word_1_381' title='bbox 2806 2251 2998 2306; x_wconf 84' lang='lat' dir='ltr'>atl‘ecit</span> <span class='ocrx_word' id='word_1_382' title='bbox 3051 2248 3290 2303; x_wconf 87' lang='lat' dir='ltr'>tristitia</span> <span class='ocrx_word' id='word_1_383' title='bbox 3325 2264 3336 2303; x_wconf 93' lang='lat'>:</span> <span class='ocrx_word' id='word_1_384' title='bbox 3371 2248 3473 2303; x_wconf 89' lang='lat' dir='ltr'>sed</span> <span class='ocrx_word' id='word_1_385' title='bbox 3504 2263 3627 2317; x_wconf 70' lang='lat' dir='ltr'>quae</span> <span class='ocrx_word' id='word_1_386' title='bbox 3661 2262 3794 2301; x_wconf 84' lang='lat' dir='ltr'>mox</span> 
     </span>
    </p>
   </div>
   <div class='ocr_carea' id='block_1_54' title="bbox 2152 2337 3793 2409">
    <p class='ocr_par' dir='ltr' id='par_1_54' title="bbox 2152 2337 3793 2409">
     <span class='ocr_line' id='line_1_55' title="bbox 2152 2337 3793 2409; baseline -0.006 -10"><span class='ocrx_word' id='word_1_387' title='bbox 2152 2344 2210 2399; x_wconf 91' lang='lat' dir='ltr'>in</span> <span class='ocrx_word' id='word_1_388' title='bbox 2249 2343 2511 2399; x_wconf 77' lang='lat' dir='ltr'>laetitiam</span> <span class='ocrx_word' id='word_1_389' title='bbox 2561 2342 2912 2406; x_wconf 88' lang='lat' dir='ltr'>vertebatur,</span> <span class='ocrx_word' id='word_1_390' title='bbox 2972 2339 3110 2395; x_wconf 88' lang='lat' dir='ltr'>dum</span> <span class='ocrx_word' id='word_1_391' title='bbox 3170 2337 3453 2409; x_wconf 89' lang='lat' dir='ltr'>cogitaret</span> <span class='ocrx_word' id='word_1_392' title='bbox 3507 2350 3605 2391; x_wconf 88' lang='lat' dir='ltr'>eos</span> <span class='ocrx_word' id='word_1_393' title='bbox 3635 2341 3793 2390; x_wconf 80' lang='lat' dir='ltr'>velut</span> 
     </span>
    </p>
   </div>
   <div class='ocr_carea' id='block_1_55' title="bbox 2152 2423 3786 2502">
    <p class='ocr_par' dir='ltr' id='par_1_55' title="bbox 2152 2423 3786 2502">
     <span class='ocr_line' id='line_1_56' title="bbox 2152 2423 3786 2502; baseline -0.006 -13"><span class='ocrx_word' id='word_1_394' title='bbox 2152 2434 2296 2489; x_wconf 91' lang='lat' dir='ltr'>alios</span> <span class='ocrx_word' id='word_1_395' title='bbox 2321 2432 2678 2489; x_wconf 75' lang='lat' dir='ltr'>Machabzsos</span> <span class='ocrx_word' id='word_1_396' title='bbox 2728 2447 2831 2502; x_wconf 92' lang='lat' dir='ltr'>pro</span> <span class='ocrx_word' id='word_1_397' title='bbox 2882 2429 2998 2485; x_wconf 89' lang='lat' dir='ltr'>aris</span> <span class='ocrx_word' id='word_1_398' title='bbox 3046 2432 3103 2483; x_wconf 88' lang='lat' dir='ltr'>et</span> <span class='ocrx_word' id='word_1_399' title='bbox 3155 2427 3319 2490; x_wconf 84' lang='lat' dir='ltr'>focis,</span> <span class='ocrx_word' id='word_1_400' title='bbox 3363 2442 3464 2496; x_wconf 89' lang='lat' dir='ltr'>pro</span> <span class='ocrx_word' id='word_1_401' title='bbox 3513 2423 3786 2492; x_wconf 85' lang='lat' dir='ltr'>Ecclesia,</span> 
     </span>
    </p>
   </div>
   <div class='ocr_carea' id='block_1_56' title="bbox 2150 2514 3788 2595">
    <p class='ocr_par' dir='ltr' id='par_1_56' title="bbox 2150 2514 3788 2595">
     <span class='ocr_line' id='line_1_57' title="bbox 2150 2514 3788 2595; baseline -0.007 -17"><span class='ocrx_word' id='word_1_402' title='bbox 2150 2540 2252 2595; x_wconf 90' lang='lat' dir='ltr'>pro</span> <span class='ocrx_word' id='word_1_403' title='bbox 2302 2539 2435 2594; x_wconf 86' lang='lat' dir='ltr'>rege</span> <span class='ocrx_word' id='word_1_404' title='bbox 2482 2526 2537 2577; x_wconf 92' lang='lat' dir='ltr'>et</span> <span class='ocrx_word' id='word_1_405' title='bbox 2589 2519 2886 2593; x_wconf 88' lang='lat' dir='ltr'>republica</span> <span class='ocrx_word' id='word_1_406' title='bbox 2936 2518 3162 2573; x_wconf 89' lang='lat' dir='ltr'>fortiter</span> <span class='ocrx_word' id='word_1_407' title='bbox 3229 2514 3562 2570; x_wconf 85' lang='lat' dir='ltr'>dimicando</span> <span class='ocrx_word' id='word_1_408' title='bbox 3620 2529 3788 2568; x_wconf 88' lang='lat' dir='ltr'>occu-</span> 
     </span>
    </p>
   </div>
   <div class='ocr_carea' id='block_1_57' title="bbox 2148 2602 3789 2680">
    <p class='ocr_par' dir='ltr' id='par_1_57' title="bbox 2148 2602 3789 2680">
     <span class='ocr_line' id='line_1_58' title="bbox 2148 2602 3789 2680; baseline -0.007 -12"><span class='ocrx_word' id='word_1_409' title='bbox 2148 2612 2366 2680; x_wconf 92' lang='lat' dir='ltr'>buisse,</span> <span class='ocrx_word' id='word_1_410' title='bbox 2400 2617 2457 2667; x_wconf 91' lang='lat' dir='ltr'>et</span> <span class='ocrx_word' id='word_1_411' title='bbox 2483 2629 2550 2666; x_wconf 87' lang='lat' dir='ltr'>ex</span> <span class='ocrx_word' id='word_1_412' title='bbox 2595 2627 2701 2665; x_wconf 91' lang='lat' dir='ltr'>sua</span> <span class='ocrx_word' id='word_1_413' title='bbox 2758 2607 2980 2664; x_wconf 88' lang='lat' dir='ltr'>lamilia</span> <span class='ocrx_word' id='word_1_414' title='bbox 3036 2611 3091 2662; x_wconf 89' lang='lat' dir='ltr'>et</span> <span class='ocrx_word' id='word_1_415' title='bbox 3140 2605 3483 2678; x_wconf 84' lang='lat' dir='ltr'>cognatione</span> <span class='ocrx_word' id='word_1_416' title='bbox 3534 2602 3693 2658; x_wconf 88' lang='lat' dir='ltr'>velut</span> <span class='ocrx_word' id='word_1_417' title='bbox 3720 2618 3789 2657; x_wconf 78' lang='lat' dir='ltr'>ex</span> 
     </span>
    </p>
   </div>
   <div class='ocr_carea' id='block_1_58' title="bbox 2147 2692 3785 2773">
    <p class='ocr_par' dir='ltr' id='par_1_58' title="bbox 2147 2692 3785 2773">
     <span class='ocr_line' id='line_1_59' title="bbox 2147 2692 3785 2773; baseline -0.006 -15"><span class='ocrx_word' id='word_1_418' title='bbox 2147 2718 2296 2773; x_wconf 91' lang='lat' dir='ltr'>equo</span> <span class='ocrx_word' id='word_1_419' title='bbox 2328 2702 2580 2771; x_wconf 86' lang='lat' dir='ltr'>Trojano</span> <span class='ocrx_word' id='word_1_420' title='bbox 2610 2704 2696 2755; x_wconf 90' lang='lat' dir='ltr'>tot</span> <span class='ocrx_word' id='word_1_421' title='bbox 2722 2699 2876 2753; x_wconf 89' lang='lat' dir='ltr'>viros</span> <span class='ocrx_word' id='word_1_422' title='bbox 2909 2697 3086 2752; x_wconf 88' lang='lat' dir='ltr'>fortes</span> <span class='ocrx_word' id='word_1_423' title='bbox 3127 2700 3183 2751; x_wconf 92' lang='lat' dir='ltr'>et</span> <span class='ocrx_word' id='word_1_424' title='bbox 3212 2695 3281 2749; x_wconf 89' lang='lat' dir='ltr'>de</span> <span class='ocrx_word' id='word_1_425' title='bbox 3314 2692 3611 2765; x_wconf 88' lang='lat' dir='ltr'>republica</span> <span class='ocrx_word' id='word_1_426' title='bbox 3640 2692 3785 2748; x_wconf 87' lang='lat' dir='ltr'>bene</span> 
     </span>
    </p>
   </div>
   <div class='ocr_carea' id='block_1_59' title="bbox 2147 2790 2720 2847">
    <p class='ocr_par' dir='ltr' id='par_1_59' title="bbox 2147 2790 2720 2847">
     <span class='ocr_line' id='line_1_60' title="bbox 2147 2790 2720 2847; baseline -0.007 0"><span class='ocrx_word' id='word_1_427' title='bbox 2147 2792 2386 2847; x_wconf 89' lang='lat' dir='ltr'>meritos</span> <span class='ocrx_word' id='word_1_428' title='bbox 2414 2790 2720 2846; x_wconf 79' lang='lat' dir='ltr'>exsiliisse.</span> 
     </span>
    </p>
   </div>
   <div class='ocr_carea' id='block_1_60' title="bbox 2214 2870 3777 2934">
    <p class='ocr_par' dir='ltr' id='par_1_60' title="bbox 2214 2870 3777 2934">
     <span class='ocr_line' id='line_1_61' title="bbox 2214 2870 3777 2934; baseline -0.006 -1"><span class='ocrx_word' id='word_1_429' title='bbox 2214 2878 2325 2934; x_wconf 90' lang='lat' dir='ltr'>Sed</span> <span class='ocrx_word' id='word_1_430' title='bbox 2382 2876 2622 2932; x_wconf 86' lang='lat' dir='ltr'>tristitia</span> <span class='ocrx_word' id='word_1_431' title='bbox 2674 2874 2776 2929; x_wconf 85' lang='lat' dir='ltr'>illa</span> <span class='ocrx_word' id='word_1_432' title='bbox 2831 2875 2902 2929; x_wconf 92' lang='lat' dir='ltr'>de</span> <span class='ocrx_word' id='word_1_433' title='bbox 2960 2873 3177 2928; x_wconf 87' lang='lat' dir='ltr'>crudeli</span> <span class='ocrx_word' id='word_1_434' title='bbox 3236 2878 3292 2927; x_wconf 88' lang='lat' dir='ltr'>et</span> <span class='ocrx_word' id='word_1_435' title='bbox 3366 2875 3608 2926; x_wconf 87' lang='lat' dir='ltr'>cruenta</span> <span class='ocrx_word' id='word_1_436' title='bbox 3673 2870 3777 2925; x_wconf 86' lang='lat' dir='ltr'>Mi-</span> 
     </span>
    </p>
   </div>
   <div class='ocr_carea' id='block_1_61' title="bbox 2141 2961 3779 3034">
    <p class='ocr_par' dir='ltr' id='par_1_61' title="bbox 2141 2961 3779 3034">
     <span class='ocr_line' id='line_1_62' title="bbox 2141 2961 3779 3034; baseline -0.007 -10"><span class='ocrx_word' id='word_1_437' title='bbox 2141 2966 2465 3024; x_wconf 88' lang='lat' dir='ltr'>chaelitana</span> <span class='ocrx_word' id='word_1_438' title='bbox 2492 2967 2645 3022; x_wconf 64' lang='lat' dir='ltr'>caede</span> <span class='ocrx_word' id='word_1_439' title='bbox 2675 2970 2731 3020; x_wconf 89' lang='lat' dir='ltr'>et</span> <span class='ocrx_word' id='word_1_440' title='bbox 2763 2966 2933 3019; x_wconf 89' lang='lat' dir='ltr'>ruina</span> <span class='ocrx_word' id='word_1_441' title='bbox 2971 2963 3063 3034; x_wconf 90' lang='lat' dir='ltr'>(de</span> <span class='ocrx_word' id='word_1_442' title='bbox 3111 2979 3228 3033; x_wconf 90' lang='lat' dir='ltr'>qua</span> <span class='ocrx_word' id='word_1_443' title='bbox 3271 2962 3396 3033; x_wconf 90' lang='lat' dir='ltr'>ipse</span> <span class='ocrx_word' id='word_1_444' title='bbox 3444 2961 3502 3015; x_wconf 92' lang='lat' dir='ltr'>in</span> <span class='ocrx_word' id='word_1_445' title='bbox 3553 2975 3779 3014; x_wconf 90' lang='lat' dir='ltr'>nuncu-</span> 
     </span>
    </p>
   </div>
   <div class='ocr_carea' id='block_1_62' title="bbox 2142 3049 3777 3129">
    <p class='ocr_par' dir='ltr' id='par_1_62' title="bbox 2142 3049 3777 3129">
     <span class='ocr_line' id='line_1_63' title="bbox 2142 3049 3777 3129; baseline -0.006 -17"><span class='ocrx_word' id='word_1_446' title='bbox 2142 3055 2366 3129; x_wconf 90' lang='lat' dir='ltr'>patoria</span> <span class='ocrx_word' id='word_1_447' title='bbox 2395 3056 2496 3111; x_wconf 91' lang='lat' dir='ltr'>illa</span> <span class='ocrx_word' id='word_1_448' title='bbox 2527 3054 2771 3126; x_wconf 89' lang='lat' dir='ltr'>epistola</span> <span class='ocrx_word' id='word_1_449' title='bbox 2799 3054 2871 3109; x_wconf 88' lang='lat' dir='ltr'>ad</span> <span class='ocrx_word' id='word_1_450' title='bbox 2902 3051 3170 3109; x_wconf 87' lang='lat' dir='ltr'>Carolum</span> <span class='ocrx_word' id='word_1_451' title='bbox 3202 3049 3620 3121; x_wconf 87' lang='lat' dir='ltr'>Lotbaringum</span> <span class='ocrx_word' id='word_1_452' title='bbox 3652 3064 3777 3104; x_wconf 86' lang='lat' dir='ltr'>car-</span> 
     </span>
    </p>
   </div>
   <div class='ocr_carea' id='block_1_63' title="bbox 2137 3137 3779 3212">
    <p class='ocr_par' dir='ltr' id='par_1_63' title="bbox 2137 3137 3779 3212">
     <span class='ocr_line' id='line_1_64' title="bbox 2137 3137 3779 3212; baseline -0.005 -13"><span class='ocrx_word' id='word_1_453' title='bbox 2137 3143 2391 3199; x_wconf 87' lang='lat' dir='ltr'>dinalem</span> <span class='ocrx_word' id='word_1_454' title='bbox 2452 3142 2906 3212; x_wconf 86' lang='lat' dir='ltr'>amplissimum,</span> <span class='ocrx_word' id='word_1_455' title='bbox 2968 3154 3141 3211; x_wconf 89' lang='lat' dir='ltr'>quam</span> <span class='ocrx_word' id='word_1_456' title='bbox 3202 3138 3361 3209; x_wconf 92' lang='lat' dir='ltr'>operi</span> <span class='ocrx_word' id='word_1_457' title='bbox 3419 3137 3779 3192; x_wconf 88' lang='lat' dir='ltr'>Nazianzeno</span> 
     </span>
    </p>
   </div>
   <div class='ocr_carea' id='block_1_64' title="bbox 387 3213 3782 3305">
    <p class='ocr_par' dir='ltr' id='par_1_64' title="bbox 387 3213 3782 3305">
     <span class='ocr_line' id='line_1_65' title="bbox 387 3213 3782 3305; baseline 0 -25"><span class='ocrx_word' id='word_1_458' title='bbox 387 3225 952 3297; x_wconf 79' lang='lat' dir='ltr'>stodiam,posuerunt</span> <span class='ocrx_word' id='word_1_459' title='bbox 982 3230 1296 3282; x_wconf 75' lang='lat' dir='ltr'>morticinia</span> <span class='ocrx_word' id='word_1_460' title='bbox 1327 3243 1609 3283; x_wconf 73' lang='lat' dir='ltr'>servorum</span> <span class='ocrx_word' id='word_1_461' title='bbox 1636 3232 1855 3283; x_wconf 80' lang='lat' dir='ltr'>tuorum</span> <span class='ocrx_word' id='word_1_462' title='bbox 1885 3245 2030 3283; x_wconf 81' lang='lat' dir='ltr'>escas</span> <span class='ocrx_word' id='word_1_463' title='bbox 2062 3213 2105 3281; x_wconf 84' lang='lat' dir='ltr'>C</span> <span class='ocrx_word' id='word_1_464' title='bbox 2142 3233 2408 3305; x_wconf 63' lang='lat' dir='ltr'>praefixit,</span> <span class='ocrx_word' id='word_1_465' title='bbox 2444 3232 2617 3287; x_wconf 90' lang='lat' dir='ltr'>verba</span> <span class='ocrx_word' id='word_1_466' title='bbox 2666 3230 2880 3285; x_wconf 84' lang='lat' dir='ltr'>faciens</span> <span class='ocrx_word' id='word_1_467' title='bbox 2914 3245 2926 3283; x_wconf 91' lang='lat'>:</span> <span class='ocrx_word' id='word_1_468' title='bbox 2962 3229 3123 3293; x_wconf 88' lang='lat' dir='ltr'>Quis,</span> <span class='ocrx_word' id='word_1_469' title='bbox 3176 3228 3389 3297; x_wconf 88' lang='lat' dir='ltr'>inquit,</span> <span class='ocrx_word' id='word_1_470' title='bbox 3451 3226 3782 3281; x_wconf 87' lang='lat' dir='ltr'>Michaelini</span> 
     </span>
    </p>
   </div>
   <div class='ocr_carea' id='block_1_65' title="bbox 393 3316 2035 3380">
    <p class='ocr_par' dir='ltr' id='par_1_65' title="bbox 393 3316 2035 3380">
     <span class='ocr_line' id='line_1_66' title="bbox 393 3316 2035 3380; baseline 0.002 -12"><span class='ocrx_word' id='word_1_471' title='bbox 393 3316 711 3371; x_wconf 75' lang='lat' dir='ltr'>volatilibus</span> <span class='ocrx_word' id='word_1_472' title='bbox 741 3318 888 3380; x_wconf 72' lang='lat' dir='ltr'>caeli,</span> <span class='ocrx_word' id='word_1_473' title='bbox 920 3333 1108 3373; x_wconf 85' lang='lat' dir='ltr'>carnes</span> <span class='ocrx_word' id='word_1_474' title='bbox 1136 3320 1449 3372; x_wconf 82' lang='lat' dir='ltr'>sanctorum</span> <span class='ocrx_word' id='word_1_475' title='bbox 1477 3322 1700 3372; x_wconf 84' lang='lat' dir='ltr'>tuorum</span> <span class='ocrx_word' id='word_1_476' title='bbox 1732 3318 1918 3373; x_wconf 72' lang='lat' dir='ltr'>bestiis</span> <span class='ocrx_word' id='word_1_477' title='bbox 1935 3327 2035 3373; x_wconf 53' lang='lat' dir='ltr'>ter-</span> 
     </span>
    </p>
   </div>
   <div class='ocr_carea' id='block_1_66' title="bbox 390 3405 2034 3478">
    <p class='ocr_par' dir='ltr' id='par_1_66' title="bbox 390 3405 2034 3478">
     <span class='ocr_line' id='line_1_67' title="bbox 390 3405 2034 3478; baseline 0.001 -19"><span class='ocrx_word' id='word_1_478' title='bbox 390 3420 491 3471; x_wconf 55' lang='lat' dir='ltr'>rw,</span> <span class='ocrx_word' id='word_1_479' title='bbox 524 3405 835 3476; x_wconf 71' lang='lat' dir='ltr'>eﬂ&#39;uderunt</span> <span class='ocrx_word' id='word_1_480' title='bbox 862 3408 1186 3475; x_wconf 75' lang='lat' dir='ltr'>sanguinem</span> <span class='ocrx_word' id='word_1_481' title='bbox 1207 3407 1455 3474; x_wconf 79' lang='lat' dir='ltr'>ipsorum</span> <span class='ocrx_word' id='word_1_482' title='bbox 1473 3415 1732 3477; x_wconf 78' lang='lat' dir='ltr'>tauquam</span> <span class='ocrx_word' id='word_1_483' title='bbox 1760 3411 2034 3478; x_wconf 80' lang='lat' dir='ltr'>aquam.et</span> 
     </span>
    </p>
   </div>
   <div class='ocr_carea' id='block_1_67' title="bbox 390 3496 2033 3567">
    <p class='ocr_par' dir='ltr' id='par_1_67' title="bbox 390 3496 2033 3567">
     <span class='ocr_line' id='line_1_68' title="bbox 390 3496 2033 3567; baseline 0.002 -20"><span class='ocrx_word' id='word_1_484' title='bbox 390 3510 499 3548; x_wconf 84' lang='lat' dir='ltr'>non</span> <span class='ocrx_word' id='word_1_485' title='bbox 530 3502 646 3549; x_wconf 81' lang='lat' dir='ltr'>erat</span> <span class='ocrx_word' id='word_1_486' title='bbox 677 3496 773 3565; x_wconf 86' lang='lat' dir='ltr'>qui</span> <span class='ocrx_word' id='word_1_487' title='bbox 799 3496 1061 3565; x_wconf 72' lang='lat' dir='ltr'>sepeliret</span> <span class='ocrx_word' id='word_1_488' title='bbox 1088 3496 1152 3549; x_wconf 77' lang='grc'>⁸⁵.</span> <span class='ocrx_word' id='word_1_489' title='bbox 1188 3496 1417 3550; x_wconf 82' lang='lat' dir='ltr'>Altaria</span> <span class='ocrx_word' id='word_1_490' title='bbox 1449 3501 1544 3550; x_wconf 86' lang='lat' dir='ltr'>tua</span> <span class='ocrx_word' id='word_1_491' title='bbox 1604 3497 1846 3561; x_wconf 81' lang='lat' dir='ltr'>Domine,</span> <span class='ocrx_word' id='word_1_492' title='bbox 1870 3498 2033 3567; x_wconf 68' lang='lat' dir='ltr'>suffo-</span> 
     </span>
    </p>
   </div>
   <div class='ocr_carea' id='block_1_68' title="bbox 392 3583 2035 3656">
    <p class='ocr_par' dir='ltr' id='par_1_68' title="bbox 392 3583 2035 3656">
     <span class='ocr_line' id='line_1_69' title="bbox 392 3583 2035 3656; baseline 0.001 -18"><span class='ocrx_word' id='word_1_493' title='bbox 392 3584 615 3650; x_wconf 83' lang='lat' dir='ltr'>derunt,</span> <span class='ocrx_word' id='word_1_494' title='bbox 646 3589 698 3639; x_wconf 85' lang='lat' dir='ltr'>et</span> <span class='ocrx_word' id='word_1_495' title='bbox 744 3600 931 3639; x_wconf 85' lang='lat' dir='ltr'>seruos</span> <span class='ocrx_word' id='word_1_496' title='bbox 972 3591 1099 3638; x_wconf 88' lang='lat' dir='ltr'>tuos</span> <span class='ocrx_word' id='word_1_497' title='bbox 1136 3583 1457 3640; x_wconf 82' lang='lat' dir='ltr'>occiderunt</span> <span class='ocrx_word' id='word_1_498' title='bbox 1502 3585 1705 3656; x_wconf 83' lang='lat' dir='ltr'>gladio,</span> <span class='ocrx_word' id='word_1_499' title='bbox 1763 3588 1813 3640; x_wconf 84' lang='lat' dir='ltr'>et</span> <span class='ocrx_word' id='word_1_500' title='bbox 1841 3601 1934 3656; x_wconf 88' lang='lat' dir='ltr'>ego</span> <span class='ocrx_word' id='word_1_501' title='bbox 1966 3602 2035 3640; x_wconf 85' lang='lat' dir='ltr'>ex</span> 
     </span>
    </p>
   </div>
   <div class='ocr_carea' id='block_1_69' title="bbox 391 3671 2035 3744">
    <p class='ocr_par' dir='ltr' id='par_1_69' title="bbox 391 3671 2035 3744">
     <span class='ocr_line' id='line_1_70' title="bbox 391 3671 2035 3744; baseline 0.001 -17"><span class='ocrx_word' id='word_1_502' title='bbox 391 3671 757 3728; x_wconf 86' lang='lat' dir='ltr'>Michaelinis</span> <span class='ocrx_word' id='word_1_503' title='bbox 790 3673 1006 3729; x_wconf 89' lang='lat' dir='ltr'>nostris</span> <span class='ocrx_word' id='word_1_504' title='bbox 1034 3674 1261 3728; x_wconf 75' lang='lat' dir='ltr'>relictus</span> <span class='ocrx_word' id='word_1_505' title='bbox 1288 3690 1407 3728; x_wconf 85' lang='lat' dir='ltr'>sum</span> <span class='ocrx_word' id='word_1_506' title='bbox 1439 3675 1584 3728; x_wconf 85' lang='lat' dir='ltr'>solus</span> <span class='ocrx_word' id='word_1_507' title='bbox 1613 3674 1677 3728; x_wconf 75' lang='grc'>⁸³.</span> <span class='ocrx_word' id='word_1_508' title='bbox 1740 3675 1807 3729; x_wconf 88' lang='lat' dir='ltr'>Et</span> <span class='ocrx_word' id='word_1_509' title='bbox 1838 3692 2035 3744; x_wconf 89' lang='lat' dir='ltr'>quem-</span> 
     </span>
    </p>
   </div>
   <div class='ocr_carea' id='block_1_70' title="bbox 393 3762 2033 3820">
    <p class='ocr_par' dir='ltr' id='par_1_70' title="bbox 393 3762 2033 3820">
     <span class='ocr_line' id='line_1_71' title="bbox 393 3762 2033 3820; baseline 0.003 -5"><span class='ocrx_word' id='word_1_510' title='bbox 393 3762 709 3816; x_wconf 90' lang='lat' dir='ltr'>admodum</span> <span class='ocrx_word' id='word_1_511' title='bbox 750 3764 944 3818; x_wconf 89' lang='lat' dir='ltr'>David.</span> <span class='ocrx_word' id='word_1_512' title='bbox 980 3763 1183 3818; x_wconf 88' lang='lat' dir='ltr'>audita</span> <span class='ocrx_word' id='word_1_513' title='bbox 1214 3768 1332 3819; x_wconf 88' lang='lat' dir='ltr'>tam</span> <span class='ocrx_word' id='word_1_514' title='bbox 1365 3763 1578 3818; x_wconf 88' lang='lat' dir='ltr'>misera</span> <span class='ocrx_word' id='word_1_515' title='bbox 1628 3763 1791 3819; x_wconf 89' lang='lat' dir='ltr'>clade</span> <span class='ocrx_word' id='word_1_516' title='bbox 1842 3763 2033 3820; x_wconf 89' lang='lat' dir='ltr'>Saulis</span> 
     </span>
    </p>
   </div>
   <div class='ocr_carea' id='block_1_71' title="bbox 383 3851 2032 3924">
    <p class='ocr_par' dir='ltr' id='par_1_71' title="bbox 383 3851 2032 3924">
     <span class='ocr_line' id='line_1_72' title="bbox 383 3851 2032 3924; baseline 0.002 -20"><span class='ocrx_word' id='word_1_517' title='bbox 383 3851 557 3922; x_wconf 89' lang='lat' dir='ltr'>jussu</span> <span class='ocrx_word' id='word_1_518' title='bbox 592 3855 650 3906; x_wconf 87' lang='lat' dir='ltr'>et</span> <span class='ocrx_word' id='word_1_519' title='bbox 683 3869 857 3907; x_wconf 89' lang='lat' dir='ltr'>manu</span> <span class='ocrx_word' id='word_1_520' title='bbox 896 3856 1047 3924; x_wconf 90' lang='lat' dir='ltr'>Doeg</span> <span class='ocrx_word' id='word_1_521' title='bbox 1074 3852 1311 3907; x_wconf 67' lang='lat' dir='ltr'>Idumaei</span> <span class='ocrx_word' id='word_1_522' title='bbox 1347 3856 1675 3924; x_wconf 89' lang='lat' dir='ltr'>perpetrata</span> <span class='ocrx_word' id='word_1_523' title='bbox 1708 3853 2032 3908; x_wconf 87' lang='lat' dir='ltr'>accisorum</span> 
     </span>
    </p>
   </div>
   <div class='ocr_carea' id='block_1_72' title="bbox 391 3940 2033 4013">
    <p class='ocr_par' dir='ltr' id='par_1_72' title="bbox 391 3940 2033 4013">
     <span class='ocr_line' id='line_1_73' title="bbox 391 3940 2033 4013; baseline 0.001 -18"><span class='ocrx_word' id='word_1_524' title='bbox 391 3940 687 4012; x_wconf 84' lang='lat' dir='ltr'>octoginta</span> <span class='ocrx_word' id='word_1_525' title='bbox 719 3941 979 4012; x_wconf 86' lang='lat' dir='ltr'>quinque</span> <span class='ocrx_word' id='word_1_526' title='bbox 1009 3942 1265 3996; x_wconf 90' lang='lat' dir='ltr'>virorum</span> <span class='ocrx_word' id='word_1_527' title='bbox 1286 3940 1475 4013; x_wconf 90' lang='lat' dir='ltr'>ephod</span> <span class='ocrx_word' id='word_1_528' title='bbox 1510 3940 1661 3995; x_wconf 91' lang='lat' dir='ltr'>lineo</span> <span class='ocrx_word' id='word_1_529' title='bbox 1692 3942 2033 3997; x_wconf 81' lang='lat' dir='ltr'>vestitorum</span> 
     </span>
    </p>
   </div>
   <div class='ocr_carea' id='block_1_73' title="bbox 392 4028 2032 4101">
    <p class='ocr_par' dir='ltr' id='par_1_73' title="bbox 392 4028 2032 4101">
     <span class='ocr_line' id='line_1_74' title="bbox 392 4028 2032 4101; baseline 0.002 -20"><span class='ocrx_word' id='word_1_530' title='bbox 392 4028 620 4083; x_wconf 90' lang='lat' dir='ltr'>dicebat</span> <span class='ocrx_word' id='word_1_531' title='bbox 653 4031 722 4083; x_wconf 90' lang='lat' dir='ltr'>ad</span> <span class='ocrx_word' id='word_1_532' title='bbox 759 4030 1042 4085; x_wconf 83' lang='lat' dir='ltr'>Abiathar</span> <span class='ocrx_word' id='word_1_533' title='bbox 1074 4031 1258 4085; x_wconf 82' lang='lat' dir='ltr'>tilium</span> <span class='ocrx_word' id='word_1_534' title='bbox 1291 4031 1737 4101; x_wconf 86' lang='lat' dir='ltr'>Achimelis,qui</span> <span class='ocrx_word' id='word_1_535' title='bbox 1769 4030 1929 4085; x_wconf 90' lang='lat' dir='ltr'>solus</span> <span class='ocrx_word' id='word_1_536' title='bbox 1963 4032 2032 4084; x_wconf 86' lang='lat' dir='ltr'>ad</span> 
     </span>
    </p>
   </div>
   <div class='ocr_carea' id='block_1_74' title="bbox 390 4116 2036 4190">
    <p class='ocr_par' dir='ltr' id='par_1_74' title="bbox 390 4116 2036 4190">
     <span class='ocr_line' id='line_1_75' title="bbox 390 4116 2036 4190; baseline 0.004 -22"><span class='ocrx_word' id='word_1_537' title='bbox 390 4116 587 4185; x_wconf 86' lang='lat' dir='ltr'>ipsum</span> <span class='ocrx_word' id='word_1_538' title='bbox 620 4134 687 4171; x_wconf 87' lang='lat' dir='ltr'>ex</span> <span class='ocrx_word' id='word_1_539' title='bbox 719 4134 785 4173; x_wconf 91' lang='lat' dir='ltr'>ea</span> <span class='ocrx_word' id='word_1_540' title='bbox 815 4120 1097 4190; x_wconf 73' lang='lat' dir='ltr'>effugerat</span> <span class='ocrx_word' id='word_1_541' title='bbox 1130 4138 1142 4174; x_wconf 89' lang='lat'><strong>:</strong></span> <span class='ocrx_word' id='word_1_542' title='bbox 1178 4121 1283 4190; x_wconf 83' lang='lat' dir='ltr'>Ego</span> <span class='ocrx_word' id='word_1_543' title='bbox 1304 4137 1425 4174; x_wconf 86' lang='lat' dir='ltr'>sum</span> <span class='ocrx_word' id='word_1_544' title='bbox 1467 4137 1593 4175; x_wconf 80' lang='lat' dir='ltr'>reus</span> <span class='ocrx_word' id='word_1_545' title='bbox 1640 4122 1891 4174; x_wconf 81' lang='lat' dir='ltr'>omnium</span> <span class='ocrx_word' id='word_1_546' title='bbox 1916 4121 2036 4175; x_wconf 85' lang='lat' dir='ltr'>ani-</span> 
     </span>
    </p>
   </div>
   <div class='ocr_carea' id='block_1_75' title="bbox 392 4206 2034 4281">
    <p class='ocr_par' dir='ltr' id='par_1_75' title="bbox 392 4206 2034 4281">
     <span class='ocr_line' id='line_1_76' title="bbox 392 4206 2034 4281; baseline 0.004 -26"><span class='ocrx_word' id='word_1_547' title='bbox 392 4220 613 4258; x_wconf 83' lang='lat' dir='ltr'>marum</span> <span class='ocrx_word' id='word_1_548' title='bbox 645 4206 830 4261; x_wconf 84' lang='lat' dir='ltr'>domus</span> <span class='ocrx_word' id='word_1_549' title='bbox 856 4211 1034 4278; x_wconf 81' lang='lat' dir='ltr'>patris</span> <span class='ocrx_word' id='word_1_550' title='bbox 1055 4211 1136 4263; x_wconf 85' lang='lat' dir='ltr'>tui</span> <span class='ocrx_word' id='word_1_551' title='bbox 1162 4211 1205 4243; x_wconf 79' lang='grc'>³⁷</span> <span class='ocrx_word' id='word_1_552' title='bbox 1241 4226 1252 4262; x_wconf 91' lang='lat'>:</span> <span class='ocrx_word' id='word_1_553' title='bbox 1287 4209 1369 4263; x_wconf 91' lang='lat' dir='ltr'>ita</span> <span class='ocrx_word' id='word_1_554' title='bbox 1395 4215 1451 4264; x_wconf 92' lang='lat' dir='ltr'>et</span> <span class='ocrx_word' id='word_1_555' title='bbox 1478 4208 1623 4281; x_wconf 90' lang='lat' dir='ltr'>ipse,</span> <span class='ocrx_word' id='word_1_556' title='bbox 1674 4214 1729 4263; x_wconf 92' lang='lat' dir='ltr'>et</span> <span class='ocrx_word' id='word_1_557' title='bbox 1768 4210 1907 4280; x_wconf 86' lang='lat' dir='ltr'>Ego,</span> <span class='ocrx_word' id='word_1_558' title='bbox 1941 4210 2034 4262; x_wconf 87' lang='lat' dir='ltr'>in-</span> 
     </span>
    </p>
   </div>
   <div class='ocr_carea' id='block_1_76' title="bbox 394 4292 2033 4361">
    <p class='ocr_par' dir='ltr' id='par_1_76' title="bbox 394 4292 2033 4361">
     <span class='ocr_line' id='line_1_77' title="bbox 394 4292 2033 4361; baseline 0.005 -17"><span class='ocrx_word' id='word_1_559' title='bbox 394 4292 541 4361; x_wconf 90' lang='lat' dir='ltr'>quit,</span> <span class='ocrx_word' id='word_1_560' title='bbox 576 4309 708 4347; x_wconf 82' lang='lat' dir='ltr'>reus</span> <span class='ocrx_word' id='word_1_561' title='bbox 741 4311 871 4348; x_wconf 86' lang='lat' dir='ltr'>sum</span> <span class='ocrx_word' id='word_1_562' title='bbox 924 4297 1187 4350; x_wconf 85' lang='lat' dir='ltr'>omnium</span> <span class='ocrx_word' id='word_1_563' title='bbox 1237 4298 1568 4352; x_wconf 85' lang='lat' dir='ltr'>animarum</span> <span class='ocrx_word' id='word_1_564' title='bbox 1623 4298 1891 4352; x_wconf 89' lang='lat' dir='ltr'>istarum.</span> <span class='ocrx_word' id='word_1_565' title='bbox 1924 4298 2033 4353; x_wconf 89' lang='lat' dir='ltr'>Sed</span> 
     </span>
    </p>
   </div>
   <div class='ocr_carea' id='block_1_77' title="bbox 393 4380 2031 4458">
    <p class='ocr_par' dir='ltr' id='par_1_77' title="bbox 393 4380 2031 4458">
     <span class='ocr_line' id='line_1_78' title="bbox 393 4380 2031 4458; baseline 0.004 -23"><span class='ocrx_word' id='word_1_566' title='bbox 393 4380 677 4435; x_wconf 90' lang='lat' dir='ltr'>luctuosis</span> <span class='ocrx_word' id='word_1_567' title='bbox 710 4381 826 4437; x_wconf 90' lang='lat' dir='ltr'>illis</span> <span class='ocrx_word' id='word_1_568' title='bbox 853 4384 1028 4438; x_wconf 88' lang='lat' dir='ltr'>etiam</span> <span class='ocrx_word' id='word_1_569' title='bbox 1062 4385 1254 4440; x_wconf 90' lang='lat' dir='ltr'>verbis</span> <span class='ocrx_word' id='word_1_570' title='bbox 1282 4402 1386 4454; x_wconf 84' lang='lat' dir='ltr'>ego</span> <span class='ocrx_word' id='word_1_571' title='bbox 1419 4403 1549 4439; x_wconf 89' lang='lat' dir='ltr'>eum</span> <span class='ocrx_word' id='word_1_572' title='bbox 1593 4386 1844 4454; x_wconf 87' lang='lat' dir='ltr'>solabar,</span> <span class='ocrx_word' id='word_1_573' title='bbox 1877 4388 2031 4458; x_wconf 88' lang='lat' dir='ltr'>quod</span> 
     </span>
    </p>
   </div>
   <div class='ocr_carea' id='block_1_78' title="bbox 393 4470 2032 4542">
    <p class='ocr_par' dir='ltr' id='par_1_78' title="bbox 393 4470 2032 4542">
     <span class='ocr_line' id='line_1_79' title="bbox 393 4470 2032 4542; baseline 0.003 -17"><span class='ocrx_word' id='word_1_574' title='bbox 393 4470 621 4525; x_wconf 89' lang='lat' dir='ltr'>etidem</span> <span class='ocrx_word' id='word_1_575' title='bbox 650 4472 803 4542; x_wconf 91' lang='lat' dir='ltr'>quod</span> <span class='ocrx_word' id='word_1_576' title='bbox 837 4472 1034 4526; x_wconf 89' lang='lat' dir='ltr'>Davidi</span> <span class='ocrx_word' id='word_1_577' title='bbox 1065 4474 1185 4527; x_wconf 92' lang='lat' dir='ltr'>viro</span> <span class='ocrx_word' id='word_1_578' title='bbox 1246 4474 1537 4528; x_wconf 90' lang='lat' dir='ltr'>innocenti</span> <span class='ocrx_word' id='word_1_579' title='bbox 1597 4479 1652 4528; x_wconf 91' lang='lat' dir='ltr'>et</span> <span class='ocrx_word' id='word_1_580' title='bbox 1710 4478 2032 4530; x_wconf 89' lang='lat' dir='ltr'>secundum</span> 
     </span>
    </p>
   </div>
   <div class='ocr_carea' id='block_1_79' title="bbox 2142 3315 3783 3388">
    <p class='ocr_par' dir='ltr' id='par_1_79' title="bbox 2142 3315 3783 3388">
     <span class='ocr_line' id='line_1_80' title="bbox 2142 3315 3783 3388; baseline -0.004 -13"><span class='ocrx_word' id='word_1_581' title='bbox 2142 3321 2320 3376; x_wconf 85' lang='lat' dir='ltr'>nostri</span> <span class='ocrx_word' id='word_1_582' title='bbox 2354 3318 2598 3375; x_wconf 81' lang='lat' dir='ltr'>ccenobii</span> <span class='ocrx_word' id='word_1_583' title='bbox 2632 3319 2856 3373; x_wconf 89' lang='lat' dir='ltr'>cladem</span> <span class='ocrx_word' id='word_1_584' title='bbox 2884 3316 3003 3372; x_wconf 91' lang='lat' dir='ltr'>ulla</span> <span class='ocrx_word' id='word_1_585' title='bbox 3033 3315 3358 3388; x_wconf 89' lang='lat' dir='ltr'>quamlibet</span> <span class='ocrx_word' id='word_1_586' title='bbox 3404 3316 3625 3387; x_wconf 89' lang='lat' dir='ltr'>tragica</span> <span class='ocrx_word' id='word_1_587' title='bbox 3654 3331 3783 3370; x_wconf 79' lang='lat' dir='ltr'>ora-</span> 
     </span>
    </p>
   </div>
   <div class='ocr_carea' id='block_1_80' title="bbox 2140 3405 3782 3480">
    <p class='ocr_par' dir='ltr' id='par_1_80' title="bbox 2140 3405 3782 3480">
     <span class='ocr_line' id='line_1_81' title="bbox 2140 3405 3782 3480; baseline -0.004 -15"><span class='ocrx_word' id='word_1_588' title='bbox 2140 3409 2301 3465; x_wconf 86' lang='lat' dir='ltr'>tione</span> <span class='ocrx_word' id='word_1_589' title='bbox 2333 3426 2433 3480; x_wconf 90' lang='lat' dir='ltr'>pro</span> <span class='ocrx_word' id='word_1_590' title='bbox 2465 3408 2545 3463; x_wconf 89' lang='lat' dir='ltr'>rei</span> <span class='ocrx_word' id='word_1_591' title='bbox 2567 3408 2866 3463; x_wconf 86' lang='lat' dir='ltr'>atrocitate</span> <span class='ocrx_word' id='word_1_592' title='bbox 2897 3405 3199 3477; x_wconf 86' lang='lat' dir='ltr'>deplorare</span> <span class='ocrx_word' id='word_1_593' title='bbox 3229 3405 3473 3475; x_wconf 75' lang='lat' dir='ltr'>queat?)</span> <span class='ocrx_word' id='word_1_594' title='bbox 3503 3410 3567 3459; x_wconf 91' lang='lat' dir='ltr'>ut</span> <span class='ocrx_word' id='word_1_595' title='bbox 3595 3407 3782 3472; x_wconf 87' lang='lat' dir='ltr'>major</span> 
     </span>
    </p>
   </div>
   <div class='ocr_carea' id='block_1_81' title="bbox 2142 3493 3789 3567">
    <p class='ocr_par' dir='ltr' id='par_1_81' title="bbox 2142 3493 3789 3567">
     <span class='ocr_line' id='line_1_82' title="bbox 2142 3493 3789 3567; baseline -0.005 -13"><span class='ocrx_word' id='word_1_596' title='bbox 2142 3505 2287 3561; x_wconf 89' lang='lat' dir='ltr'>erat,</span> <span class='ocrx_word' id='word_1_597' title='bbox 2321 3498 2403 3552; x_wconf 91' lang='lat' dir='ltr'>ita</span> <span class='ocrx_word' id='word_1_598' title='bbox 2434 3496 2589 3552; x_wconf 90' lang='lat' dir='ltr'>cordi</span> <span class='ocrx_word' id='word_1_599' title='bbox 2623 3497 2750 3567; x_wconf 86' lang='lat' dir='ltr'>ejus</span> <span class='ocrx_word' id='word_1_600' title='bbox 2780 3500 2837 3550; x_wconf 90' lang='lat' dir='ltr'>et</span> <span class='ocrx_word' id='word_1_601' title='bbox 2869 3495 3062 3549; x_wconf 90' lang='lat' dir='ltr'>animo</span> <span class='ocrx_word' id='word_1_602' title='bbox 3087 3494 3319 3565; x_wconf 88' lang='lat' dir='ltr'>penitus</span> <span class='ocrx_word' id='word_1_603' title='bbox 3350 3509 3415 3547; x_wconf 91' lang='lat' dir='ltr'>ac</span> <span class='ocrx_word' id='word_1_604' title='bbox 3445 3493 3666 3547; x_wconf 90' lang='lat' dir='ltr'>diutius</span> <span class='ocrx_word' id='word_1_605' title='bbox 3698 3493 3789 3546; x_wconf 88' lang='lat' dir='ltr'>in-</span> 
     </span>
    </p>
   </div>
   <div class='ocr_carea' id='block_1_82' title="bbox 2141 3581 3786 3656">
    <p class='ocr_par' dir='ltr' id='par_1_82' title="bbox 2141 3581 3786 3656">
     <span class='ocr_line' id='line_1_83' title="bbox 2141 3581 3786 3656; baseline -0.004 -14"><span class='ocrx_word' id='word_1_606' title='bbox 2141 3587 2327 3643; x_wconf 73' lang='lat' dir='ltr'>haesit.</span> <span class='ocrx_word' id='word_1_607' title='bbox 2362 3591 2572 3642; x_wconf 80' lang='lat' dir='ltr'>Postea</span> <span class='ocrx_word' id='word_1_608' title='bbox 2604 3586 2836 3656; x_wconf 88' lang='lat' dir='ltr'>regione</span> <span class='ocrx_word' id='word_1_609' title='bbox 2866 3583 2969 3638; x_wconf 89' lang='lat' dir='ltr'>illa</span> <span class='ocrx_word' id='word_1_610' title='bbox 2998 3584 3365 3651; x_wconf 84' lang='lat' dir='ltr'>exturbatus,</span> <span class='ocrx_word' id='word_1_611' title='bbox 3417 3582 3532 3636; x_wconf 91' lang='lat' dir='ltr'>huc</span> <span class='ocrx_word' id='word_1_612' title='bbox 3563 3586 3620 3637; x_wconf 90' lang='lat' dir='ltr'>et</span> <span class='ocrx_word' id='word_1_613' title='bbox 3649 3581 3786 3635; x_wconf 90' lang='lat' dir='ltr'>illuc</span> 
     </span>
    </p>
   </div>
   <div class='ocr_carea' id='block_1_83' title="bbox 2144 3670 3787 3747">
    <p class='ocr_par' dir='ltr' id='par_1_83' title="bbox 2144 3670 3787 3747">
     <span class='ocr_line' id='line_1_84' title="bbox 2144 3670 3787 3747; baseline -0.003 -18"><span class='ocrx_word' id='word_1_614' title='bbox 2144 3677 2340 3747; x_wconf 85' lang='lat' dir='ltr'>vagari</span> <span class='ocrx_word' id='word_1_615' title='bbox 2376 3676 2567 3746; x_wconf 87' lang='lat' dir='ltr'>coepit,</span> <span class='ocrx_word' id='word_1_616' title='bbox 2603 3680 2659 3729; x_wconf 91' lang='lat' dir='ltr'>et</span> <span class='ocrx_word' id='word_1_617' title='bbox 2688 3672 3127 3745; x_wconf 87' lang='lat' dir='ltr'>peregrinorum</span> <span class='ocrx_word' id='word_1_618' title='bbox 3165 3688 3323 3727; x_wconf 89' lang='lat' dir='ltr'>more</span> <span class='ocrx_word' id='word_1_619' title='bbox 3372 3670 3643 3743; x_wconf 80' lang='lat' dir='ltr'>cupidius</span> <span class='ocrx_word' id='word_1_620' title='bbox 3692 3686 3787 3725; x_wconf 84' lang='lat' dir='ltr'>ex-</span> 
     </span>
    </p>
   </div>
   <div class='ocr_carea' id='block_1_84' title="bbox 2144 3761 3782 3835">
    <p class='ocr_par' dir='ltr' id='par_1_84' title="bbox 2144 3761 3782 3835">
     <span class='ocr_line' id='line_1_85' title="bbox 2144 3761 3782 3835; baseline -0.005 -15"><span class='ocrx_word' id='word_1_621' title='bbox 2144 3769 2405 3835; x_wconf 87' lang='lat' dir='ltr'>spectare</span> <span class='ocrx_word' id='word_1_622' title='bbox 2419 3762 2781 3834; x_wconf 84' lang='lat' dir='ltr'>etinquirere</span> <span class='ocrx_word' id='word_1_623' title='bbox 2803 3762 3098 3817; x_wconf 88' lang='lat' dir='ltr'>civitatem</span> <span class='ocrx_word' id='word_1_624' title='bbox 3119 3761 3277 3816; x_wconf 89' lang='lat' dir='ltr'>illam</span> <span class='ocrx_word' id='word_1_625' title='bbox 3293 3761 3553 3815; x_wconf 85' lang='lat' dir='ltr'>futuram</span> <span class='ocrx_word' id='word_1_626' title='bbox 3571 3765 3782 3814; x_wconf 87' lang='lat' dir='ltr'>statam</span> 
     </span>
    </p>
   </div>
   <div class='ocr_carea' id='block_1_85' title="bbox 2143 3848 3782 3921">
    <p class='ocr_par' dir='ltr' id='par_1_85' title="bbox 2143 3848 3782 3921">
     <span class='ocr_line' id='line_1_86' title="bbox 2143 3848 3782 3921; baseline -0.003 -14"><span class='ocrx_word' id='word_1_627' title='bbox 2143 3858 2199 3907; x_wconf 90' lang='lat' dir='ltr'>et</span> <span class='ocrx_word' id='word_1_628' title='bbox 2230 3852 2372 3907; x_wconf 90' lang='lat' dir='ltr'>nulli</span> <span class='ocrx_word' id='word_1_629' title='bbox 2407 3851 2689 3907; x_wconf 90' lang='lat' dir='ltr'>bellorum</span> <span class='ocrx_word' id='word_1_630' title='bbox 2724 3868 2791 3906; x_wconf 87' lang='lat' dir='ltr'>ac</span> <span class='ocrx_word' id='word_1_631' title='bbox 2822 3855 3155 3921; x_wconf 88' lang='lat' dir='ltr'>temporum</span> <span class='ocrx_word' id='word_1_632' title='bbox 3202 3850 3255 3903; x_wconf 92' lang='lat' dir='ltr'>vi</span> <span class='ocrx_word' id='word_1_633' title='bbox 3288 3853 3342 3903; x_wconf 90' lang='lat' dir='ltr'>et</span> <span class='ocrx_word' id='word_1_634' title='bbox 3391 3848 3621 3919; x_wconf 67' lang='lat' dir='ltr'>injuria</span> <span class='ocrx_word' id='word_1_635' title='bbox 3654 3864 3782 3920; x_wconf 88' lang='lat' dir='ltr'>per-</span> 
     </span>
    </p>
   </div>
   <div class='ocr_carea' id='block_1_86' title="bbox 2143 3937 3779 4013">
    <p class='ocr_par' dir='ltr' id='par_1_86' title="bbox 2143 3937 3779 4013">
     <span class='ocr_line' id='line_1_87' title="bbox 2143 3937 3779 4013; baseline -0.004 -16"><span class='ocrx_word' id='word_1_636' title='bbox 2143 3942 2315 3997; x_wconf 90' lang='lat' dir='ltr'>viam.</span> <span class='ocrx_word' id='word_1_637' title='bbox 2351 3941 2604 3997; x_wconf 87' lang='lat' dir='ltr'>Secessit</span> <span class='ocrx_word' id='word_1_638' title='bbox 2633 3941 2820 4013; x_wconf 92' lang='lat' dir='ltr'>primo</span> <span class='ocrx_word' id='word_1_639' title='bbox 2856 3940 3194 3995; x_wconf 87' lang='lat' dir='ltr'>Laodunum</span> <span class='ocrx_word' id='word_1_640' title='bbox 3247 3940 3317 3993; x_wconf 93' lang='lat' dir='ltr'>ad</span> <span class='ocrx_word' id='word_1_641' title='bbox 3364 3937 3779 3993; x_wconf 85' lang='lat' dir='ltr'>charissimum</span> 
     </span>
    </p>
   </div>
   <div class='ocr_carea' id='block_1_87' title="bbox 2145 4026 3784 4086">
    <p class='ocr_par' dir='ltr' id='par_1_87' title="bbox 2145 4026 3784 4086">
     <span class='ocr_line' id='line_1_88' title="bbox 2145 4026 3784 4086; baseline -0.004 0"><span class='ocrx_word' id='word_1_642' title='bbox 2145 4032 2379 4086; x_wconf 87' lang='lat' dir='ltr'>fratrem</span> <span class='ocrx_word' id='word_1_643' title='bbox 2411 4037 2469 4085; x_wconf 90' lang='lat' dir='ltr'>et</span> <span class='ocrx_word' id='word_1_644' title='bbox 2510 4031 2889 4085; x_wconf 88' lang='lat' dir='ltr'>reverendum</span> <span class='ocrx_word' id='word_1_645' title='bbox 2948 4028 3194 4085; x_wconf 90' lang='lat' dir='ltr'>coeuobii</span> <span class='ocrx_word' id='word_1_646' title='bbox 3245 4028 3445 4083; x_wconf 90' lang='lat' dir='ltr'>Sancti</span> <span class='ocrx_word' id='word_1_647' title='bbox 3496 4026 3784 4081; x_wconf 80' lang='lat' dir='ltr'>Vincentii</span> 
     </span>
    </p>
   </div>
   <div class='ocr_carea' id='block_1_88' title="bbox 2144 4117 3781 4190">
    <p class='ocr_par' dir='ltr' id='par_1_88' title="bbox 2144 4117 3781 4190">
     <span class='ocr_line' id='line_1_89' title="bbox 2144 4117 3781 4190; baseline -0.002 -15"><span class='ocrx_word' id='word_1_648' title='bbox 2144 4120 2435 4186; x_wconf 88' lang='lat' dir='ltr'>abbatem,</span> <span class='ocrx_word' id='word_1_649' title='bbox 2482 4120 2541 4173; x_wconf 91' lang='lat' dir='ltr'>in</span> <span class='ocrx_word' id='word_1_650' title='bbox 2604 4136 2739 4190; x_wconf 89' lang='lat' dir='ltr'>quo,</span> <span class='ocrx_word' id='word_1_651' title='bbox 2799 4125 2856 4173; x_wconf 91' lang='lat' dir='ltr'>et</span> <span class='ocrx_word' id='word_1_652' title='bbox 2910 4119 3366 4185; x_wconf 77' lang='lat' dir='ltr'>Sandionysiaco</span> <span class='ocrx_word' id='word_1_653' title='bbox 3424 4117 3546 4187; x_wconf 89' lang='lat' dir='ltr'>(ubi</span> <span class='ocrx_word' id='word_1_654' title='bbox 3604 4118 3781 4171; x_wconf 87' lang='lat' dir='ltr'>etiam</span> 
     </span>
    </p>
   </div>
   <div class='ocr_carea' id='block_1_89' title="bbox 2144 4206 3784 4280">
    <p class='ocr_par' dir='ltr' id='par_1_89' title="bbox 2144 4206 3784 4280">
     <span class='ocr_line' id='line_1_90' title="bbox 2144 4206 3784 4280; baseline -0.003 -16"><span class='ocrx_word' id='word_1_655' title='bbox 2144 4210 2362 4264; x_wconf 87' lang='lat' dir='ltr'>summi</span> <span class='ocrx_word' id='word_1_656' title='bbox 2390 4209 2601 4280; x_wconf 86' lang='lat' dir='ltr'>prioris</span> <span class='ocrx_word' id='word_1_657' title='bbox 2632 4224 2870 4264; x_wconf 91' lang='lat' dir='ltr'>munere</span> <span class='ocrx_word' id='word_1_658' title='bbox 2903 4207 3297 4279; x_wconf 88' lang='lat' dir='ltr'>fungebatur),</span> <span class='ocrx_word' id='word_1_659' title='bbox 3346 4206 3565 4277; x_wconf 90' lang='lat' dir='ltr'>aliquot</span> <span class='ocrx_word' id='word_1_660' title='bbox 3596 4222 3784 4260; x_wconf 89' lang='lat' dir='ltr'>annos</span> 
     </span>
    </p>
   </div>
   <div class='ocr_carea' id='block_1_90' title="bbox 2142 4294 3785 4370">
    <p class='ocr_par' dir='ltr' id='par_1_90' title="bbox 2142 4294 3785 4370">
     <span class='ocr_line' id='line_1_91' title="bbox 2142 4294 3785 4370; baseline -0.002 -17"><span class='ocrx_word' id='word_1_661' title='bbox 2142 4298 2428 4369; x_wconf 80' lang='lat' dir='ltr'>transegit</span> <span class='ocrx_word' id='word_1_662' title='bbox 2475 4296 2726 4370; x_wconf 85' lang='lat' dir='ltr'>propriis</span> <span class='ocrx_word' id='word_1_663' title='bbox 2778 4296 3056 4352; x_wconf 74' lang='lat' dir='ltr'>cmnobiis</span> <span class='ocrx_word' id='word_1_664' title='bbox 3104 4295 3335 4367; x_wconf 90' lang='lat' dir='ltr'>pulsus,</span> <span class='ocrx_word' id='word_1_665' title='bbox 3396 4300 3452 4350; x_wconf 91' lang='lat' dir='ltr'>et</span> <span class='ocrx_word' id='word_1_666' title='bbox 3500 4294 3785 4350; x_wconf 88' lang='lat' dir='ltr'>reditibus</span> 
     </span>
    </p>
   </div>
   <div class='ocr_carea' id='block_1_91' title="bbox 2144 4383 3783 4457">
    <p class='ocr_par' dir='ltr' id='par_1_91' title="bbox 2144 4383 3783 4457">
     <span class='ocr_line' id='line_1_92' title="bbox 2144 4383 3783 4457; baseline -0.003 -14"><span class='ocrx_word' id='word_1_667' title='bbox 2144 4387 2667 4457; x_wconf 88' lang='lat' dir='ltr'>spoliatus.Verum</span> <span class='ocrx_word' id='word_1_668' title='bbox 2700 4403 2932 4457; x_wconf 88' lang='lat' dir='ltr'>semper</span> <span class='ocrx_word' id='word_1_669' title='bbox 2948 4386 3196 4456; x_wconf 91' lang='lat' dir='ltr'>cupidus</span> <span class='ocrx_word' id='word_1_670' title='bbox 3215 4384 3504 4439; x_wconf 82' lang='lat' dir='ltr'>revisendi</span> <span class='ocrx_word' id='word_1_671' title='bbox 3538 4383 3783 4439; x_wconf 83' lang='lat' dir='ltr'>Michae-</span> 
     </span>
    </p>
   </div>
   <div class='ocr_carea' id='block_1_92' title="bbox 2145 4473 3781 4547">
    <p class='ocr_par' dir='ltr' id='par_1_92' title="bbox 2145 4473 3781 4547">
     <span class='ocr_line' id='line_1_93' title="bbox 2145 4473 3781 4547; baseline -0.004 -16"><span class='ocrx_word' id='word_1_672' title='bbox 2145 4476 2248 4532; x_wconf 88' lang='lat' dir='ltr'>lini</span> <span class='ocrx_word' id='word_1_673' title='bbox 2281 4476 2562 4539; x_wconf 85' lang='lat' dir='ltr'>soli,inita</span> <span class='ocrx_word' id='word_1_674' title='bbox 2593 4492 2732 4547; x_wconf 91' lang='lat' dir='ltr'>pace</span> <span class='ocrx_word' id='word_1_675' title='bbox 2754 4480 2810 4529; x_wconf 90' lang='lat' dir='ltr'>et</span> <span class='ocrx_word' id='word_1_676' title='bbox 2841 4474 3060 4531; x_wconf 90' lang='lat' dir='ltr'>sedatis</span> <span class='ocrx_word' id='word_1_677' title='bbox 3083 4479 3380 4545; x_wconf 90' lang='lat' dir='ltr'>utcunque</span> <span class='ocrx_word' id='word_1_678' title='bbox 3400 4473 3781 4537; x_wconf 89' lang='lat' dir='ltr'>tumultibus,</span> 
     </span>
    </p>
   </div>
   <div class='ocr_carea' id='block_1_93' title="bbox 393 4558 3780 4645">
    <p class='ocr_par' dir='ltr' id='par_1_93' title="bbox 393 4558 3780 4645">
     <span class='ocr_line' id='line_1_94' title="bbox 393 4558 3780 4645; baseline 0.001 -32"><span class='ocrx_word' id='word_1_679' title='bbox 393 4576 489 4613; x_wconf 90' lang='lat' dir='ltr'>cor</span> <span class='ocrx_word' id='word_1_680' title='bbox 520 4558 748 4613; x_wconf 87' lang='lat' dir='ltr'>Domini</span> <span class='ocrx_word' id='word_1_681' title='bbox 780 4560 1140 4630; x_wconf 84' lang='lat' dir='ltr'>contigisset,</span> <span class='ocrx_word' id='word_1_682' title='bbox 1176 4562 1497 4633; x_wconf 91' lang='lat' dir='ltr'>eodemque</span> <span class='ocrx_word' id='word_1_683' title='bbox 1557 4579 1700 4633; x_wconf 89' lang='lat' dir='ltr'>pene</span> <span class='ocrx_word' id='word_1_684' title='bbox 1756 4563 1867 4617; x_wconf 89' lang='lat' dir='ltr'>telo</span> <span class='ocrx_word' id='word_1_685' title='bbox 1899 4580 2031 4617; x_wconf 89' lang='lat' dir='ltr'>cum</span> <span class='ocrx_word' id='word_1_686' title='bbox 2063 4582 2110 4645; x_wconf 71' lang='grc' dir='ltr'>Ι)</span> <span class='ocrx_word' id='word_1_687' title='bbox 2146 4566 2316 4620; x_wconf 90' lang='lat' dir='ltr'>modo</span> <span class='ocrx_word' id='word_1_688' title='bbox 2354 4565 2655 4627; x_wconf 87' lang='lat' dir='ltr'>Lutetiam,</span> <span class='ocrx_word' id='word_1_689' title='bbox 2689 4565 2859 4618; x_wconf 74' lang='lat' dir='ltr'>modo</span> <span class='ocrx_word' id='word_1_690' title='bbox 2891 4561 3306 4635; x_wconf 82' lang='lat' dir='ltr'>Oysonvillam,</span> <span class='ocrx_word' id='word_1_691' title='bbox 3348 4562 3520 4616; x_wconf 92' lang='lat' dir='ltr'>modo</span> <span class='ocrx_word' id='word_1_692' title='bbox 3552 4561 3780 4616; x_wconf 87' lang='lat' dir='ltr'>Nanne-</span> 
     </span>
    </p>
   </div>
   <div class='ocr_carea' id='block_1_94' title="bbox 390 4648 1013 4704">
    <p class='ocr_par' dir='ltr' id='par_1_94' title="bbox 390 4648 1013 4704">
     <span class='ocr_line' id='line_1_95' title="bbox 390 4648 1013 4704; baseline 0 -1"><span class='ocrx_word' id='word_1_693' title='bbox 390 4665 456 4703; x_wconf 90' lang='lat' dir='ltr'>eo</span> <span class='ocrx_word' id='word_1_694' title='bbox 489 4648 751 4703; x_wconf 83' lang='lat' dir='ltr'>conﬁxus</span> <span class='ocrx_word' id='word_1_695' title='bbox 788 4649 1013 4704; x_wconf 87' lang='lat' dir='ltr'>fuisset.</span> 
     </span>
    </p>
   </div>
   <div class='ocr_carea' id='block_1_95' title="bbox 464 4737 2031 4795">
    <p class='ocr_par' dir='ltr' id='par_1_95' title="bbox 464 4737 2031 4795">
     <span class='ocr_line' id='line_1_96' title="bbox 464 4737 2031 4795; baseline 0.003 -4"><span class='ocrx_word' id='word_1_696' title='bbox 464 4738 596 4791; x_wconf 88' lang='lat' dir='ltr'>Post</span> <span class='ocrx_word' id='word_1_697' title='bbox 625 4738 776 4792; x_wconf 88' lang='lat' dir='ltr'>hanc</span> <span class='ocrx_word' id='word_1_698' title='bbox 807 4739 1039 4792; x_wconf 89' lang='lat' dir='ltr'>ruinam</span> <span class='ocrx_word' id='word_1_699' title='bbox 1071 4744 1124 4793; x_wconf 88' lang='lat' dir='ltr'>et</span> <span class='ocrx_word' id='word_1_700' title='bbox 1158 4738 1371 4792; x_wconf 62' lang='lat' dir='ltr'>eadem</span> <span class='ocrx_word' id='word_1_701' title='bbox 1404 4737 1768 4794; x_wconf 87' lang='lat' dir='ltr'>Nannetibus</span> <span class='ocrx_word' id='word_1_702' title='bbox 1802 4756 2031 4795; x_wconf 87' lang='lat' dir='ltr'>menses</span> 
     </span>
    </p>
   </div>
   <div class='ocr_carea' id='block_1_96' title="bbox 388 4826 2027 4898">
    <p class='ocr_par' dir='ltr' id='par_1_96' title="bbox 388 4826 2027 4898">
     <span class='ocr_line' id='line_1_97' title="bbox 388 4826 2027 4898; baseline 0.002 -17"><span class='ocrx_word' id='word_1_703' title='bbox 388 4826 605 4896; x_wconf 87' lang='lat' dir='ltr'>aliquot</span> <span class='ocrx_word' id='word_1_704' title='bbox 640 4832 1057 4897; x_wconf 87' lang='lat' dir='ltr'>commoratur,</span> <span class='ocrx_word' id='word_1_705' title='bbox 1092 4844 1202 4881; x_wconf 90' lang='lat' dir='ltr'>nou</span> <span class='ocrx_word' id='word_1_706' title='bbox 1239 4826 1438 4898; x_wconf 74' lang='lat' dir='ltr'>procul</span> <span class='ocrx_word' id='word_1_707' title='bbox 1477 4826 1631 4897; x_wconf 73' lang='lat' dir='ltr'>(quia</span> <span class='ocrx_word' id='word_1_708' title='bbox 1660 4829 1900 4898; x_wconf 90' lang='lat' dir='ltr'>propius</span> <span class='ocrx_word' id='word_1_709' title='bbox 1930 4845 2027 4883; x_wconf 89' lang='lat' dir='ltr'>ac-</span> 
     </span>
    </p>
   </div>
   <div class='ocr_carea' id='block_1_97' title="bbox 384 4915 2026 4985">
    <p class='ocr_par' dir='ltr' id='par_1_97' title="bbox 384 4915 2026 4985">
     <span class='ocr_line' id='line_1_98' title="bbox 384 4915 2026 4985; baseline 0.002 -16"><span class='ocrx_word' id='word_1_710' title='bbox 384 4916 584 4969; x_wconf 88' lang='lat' dir='ltr'>cedere</span> <span class='ocrx_word' id='word_1_711' title='bbox 617 4932 727 4970; x_wconf 90' lang='lat' dir='ltr'>non</span> <span class='ocrx_word' id='word_1_712' title='bbox 761 4916 991 4985; x_wconf 88' lang='lat' dir='ltr'>licebat)</span> <span class='ocrx_word' id='word_1_713' title='bbox 1023 4932 1053 4969; x_wconf 88' lang='lat' dir='ltr'>a</span> <span class='ocrx_word' id='word_1_714' title='bbox 1086 4915 1347 4970; x_wconf 81' lang='lat' dir='ltr'>ccenobio</span> <span class='ocrx_word' id='word_1_715' title='bbox 1398 4932 1526 4985; x_wconf 86' lang='lat' dir='ltr'>suo,</span> <span class='ocrx_word' id='word_1_716' title='bbox 1578 4915 1790 4971; x_wconf 89' lang='lat' dir='ltr'>similis</span> <span class='ocrx_word' id='word_1_717' title='bbox 1824 4917 2026 4972; x_wconf 89' lang='lat' dir='ltr'>avibus</span> 
     </span>
    </p>
   </div>
   <div class='ocr_carea' id='block_1_98' title="bbox 383 5002 2022 5071">
    <p class='ocr_par' dir='ltr' id='par_1_98' title="bbox 383 5002 2022 5071">
     <span class='ocr_line' id='line_1_99' title="bbox 383 5002 2022 5071; baseline 0.002 -14"><span class='ocrx_word' id='word_1_718' title='bbox 383 5002 641 5071; x_wconf 72' lang='lat' dir='ltr'>illisquaa</span> <span class='ocrx_word' id='word_1_719' title='bbox 675 5003 828 5059; x_wconf 88' lang='lat' dir='ltr'>nidis</span> <span class='ocrx_word' id='word_1_720' title='bbox 861 5004 1034 5058; x_wconf 89' lang='lat' dir='ltr'>etiam</span> <span class='ocrx_word' id='word_1_721' title='bbox 1070 5004 1125 5058; x_wconf 90' lang='lat' dir='ltr'>in</span> <span class='ocrx_word' id='word_1_722' title='bbox 1160 5009 1374 5059; x_wconf 85' lang='lat' dir='ltr'>terram</span> <span class='ocrx_word' id='word_1_723' title='bbox 1408 5005 1670 5060; x_wconf 77' lang='lat' dir='ltr'>excussis</span> <span class='ocrx_word' id='word_1_724' title='bbox 1703 5004 2022 5061; x_wconf 88' lang='lat' dir='ltr'>circumvo-</span> 
     </span>
    </p>
   </div>
   <div class='ocr_carea' id='block_1_99' title="bbox 382 5092 2018 5167">
    <p class='ocr_par' dir='ltr' id='par_1_99' title="bbox 382 5092 2018 5167">
     <span class='ocr_line' id='line_1_100' title="bbox 382 5092 2018 5167; baseline 0.002 -21"><span class='ocrx_word' id='word_1_725' title='bbox 382 5092 551 5147; x_wconf 88' lang='lat' dir='ltr'>litare</span> <span class='ocrx_word' id='word_1_726' title='bbox 582 5092 792 5161; x_wconf 87' lang='lat' dir='ltr'>solent,</span> <span class='ocrx_word' id='word_1_727' title='bbox 828 5110 929 5147; x_wconf 89' lang='lat' dir='ltr'>nec</span> <span class='ocrx_word' id='word_1_728' title='bbox 964 5092 1131 5164; x_wconf 85' lang='lat' dir='ltr'>longe</span> <span class='ocrx_word' id='word_1_729' title='bbox 1176 5095 1505 5149; x_wconf 85' lang='lat' dir='ltr'>abscedere.</span> <span class='ocrx_word' id='word_1_730' title='bbox 1553 5094 1708 5149; x_wconf 87' lang='lat' dir='ltr'>Nihil</span> <span class='ocrx_word' id='word_1_731' title='bbox 1762 5112 2018 5167; x_wconf 87' lang='lat' dir='ltr'>unquam</span> 
     </span>
    </p>
   </div>
   <div class='ocr_carea' id='block_1_100' title="bbox 382 5180 2023 5257">
    <p class='ocr_par' dir='ltr' id='par_1_100' title="bbox 382 5180 2023 5257">
     <span class='ocr_line' id='line_1_101' title="bbox 382 5180 2023 5257; baseline 0.002 -22"><span class='ocrx_word' id='word_1_732' title='bbox 382 5181 434 5235; x_wconf 90' lang='lat' dir='ltr'>ei</span> <span class='ocrx_word' id='word_1_733' title='bbox 470 5180 759 5235; x_wconf 85' lang='lat' dir='ltr'>funestius</span> <span class='ocrx_word' id='word_1_734' title='bbox 785 5198 852 5235; x_wconf 90' lang='lat' dir='ltr'>ac</span> <span class='ocrx_word' id='word_1_735' title='bbox 882 5182 1108 5236; x_wconf 90' lang='lat' dir='ltr'>tristius</span> <span class='ocrx_word' id='word_1_736' title='bbox 1158 5184 1495 5253; x_wconf 88' lang='lat' dir='ltr'>contigisse,</span> <span class='ocrx_word' id='word_1_737' title='bbox 1565 5183 1843 5256; x_wconf 90' lang='lat' dir='ltr'>nulloque</span> <span class='ocrx_word' id='word_1_738' title='bbox 1896 5202 2023 5257; x_wconf 90' lang='lat' dir='ltr'>gra-</span> 
     </span>
    </p>
   </div>
   <div class='ocr_carea' id='block_1_101' title="bbox 379 5268 2019 5343">
    <p class='ocr_par' dir='ltr' id='par_1_101' title="bbox 379 5268 2019 5343">
     <span class='ocr_line' id='line_1_102' title="bbox 379 5268 2019 5343; baseline 0.004 -20"><span class='ocrx_word' id='word_1_739' title='bbox 379 5268 523 5323; x_wconf 90' lang='lat' dir='ltr'>viori</span> <span class='ocrx_word' id='word_1_740' title='bbox 556 5285 693 5323; x_wconf 90' lang='lat' dir='ltr'>casu</span> <span class='ocrx_word' id='word_1_741' title='bbox 719 5273 775 5324; x_wconf 88' lang='lat' dir='ltr'>et</span> <span class='ocrx_word' id='word_1_742' title='bbox 805 5269 1003 5325; x_wconf 89' lang='lat' dir='ltr'>dolore</span> <span class='ocrx_word' id='word_1_743' title='bbox 1052 5271 1108 5324; x_wconf 91' lang='lat' dir='ltr'>in</span> <span class='ocrx_word' id='word_1_744' title='bbox 1160 5272 1277 5325; x_wconf 90' lang='lat' dir='ltr'>vita</span> <span class='ocrx_word' id='word_1_745' title='bbox 1319 5271 1652 5343; x_wconf 90' lang='lat' dir='ltr'>perculsum</span> <span class='ocrx_word' id='word_1_746' title='bbox 1697 5274 1878 5329; x_wconf 88' lang='lat' dir='ltr'>fuisse</span> <span class='ocrx_word' id='word_1_747' title='bbox 1928 5290 2019 5329; x_wconf 90' lang='lat' dir='ltr'>me</span> 
     </span>
    </p>
   </div>
   <div class='ocr_carea' id='block_1_102' title="bbox 379 5359 2018 5429">
    <p class='ocr_par' dir='ltr' id='par_1_102' title="bbox 379 5359 2018 5429">
     <span class='ocr_line' id='line_1_103' title="bbox 379 5359 2018 5429; baseline 0.002 -17"><span class='ocrx_word' id='word_1_748' title='bbox 379 5359 519 5413; x_wconf 89' lang='lat' dir='ltr'>mini</span> <span class='ocrx_word' id='word_1_749' title='bbox 558 5375 570 5412; x_wconf 89' lang='lat'>:</span> <span class='ocrx_word' id='word_1_750' title='bbox 605 5374 942 5429; x_wconf 86' lang='lat' dir='ltr'>quanquam</span> <span class='ocrx_word' id='word_1_751' title='bbox 976 5359 1161 5413; x_wconf 81' lang='lat' dir='ltr'>multa</span> <span class='ocrx_word' id='word_1_752' title='bbox 1181 5360 1232 5413; x_wconf 87' lang='lat' dir='ltr'>ei</span> <span class='ocrx_word' id='word_1_753' title='bbox 1264 5360 1454 5416; x_wconf 88' lang='lat' dir='ltr'>tristia</span> <span class='ocrx_word' id='word_1_754' title='bbox 1471 5361 1815 5418; x_wconf 88' lang='lat' dir='ltr'>etluctuosa</span> <span class='ocrx_word' id='word_1_755' title='bbox 1841 5363 2018 5417; x_wconf 84' lang='lat' dir='ltr'>maxi-</span> 
     </span>
    </p>
   </div>
   <div class='ocr_carea' id='block_1_103' title="bbox 379 5446 2009 5509">
    <p class='ocr_par' dir='ltr' id='par_1_103' title="bbox 379 5446 2009 5509">
     <span class='ocr_line' id='line_1_104' title="bbox 379 5446 2009 5509; baseline 0.004 -9"><span class='ocrx_word' id='word_1_756' title='bbox 379 5462 471 5501; x_wconf 89' lang='lat' dir='ltr'>me</span> <span class='ocrx_word' id='word_1_757' title='bbox 502 5446 874 5502; x_wconf 70' lang='lat' dir='ltr'>saevientibus</span> <span class='ocrx_word' id='word_1_758' title='bbox 907 5447 1071 5503; x_wconf 90' lang='lat' dir='ltr'>bellis</span> <span class='ocrx_word' id='word_1_759' title='bbox 1129 5448 1405 5504; x_wconf 88' lang='lat' dir='ltr'>civilibus</span> <span class='ocrx_word' id='word_1_760' title='bbox 1463 5451 1801 5508; x_wconf 89' lang='lat' dir='ltr'>acciderint.</span> <span class='ocrx_word' id='word_1_761' title='bbox 1864 5452 2009 5509; x_wconf 88' lang='lat' dir='ltr'>Nam</span> 
     </span>
    </p>
   </div>
   <div class='ocr_carea' id='block_1_104' title="bbox 2141 4652 3781 4723">
    <p class='ocr_par' dir='ltr' id='par_1_104' title="bbox 2141 4652 3781 4723">
     <span class='ocr_line' id='line_1_105' title="bbox 2141 4652 3781 4723; baseline -0.003 -14"><span class='ocrx_word' id='word_1_762' title='bbox 2141 4659 2252 4723; x_wconf 90' lang='lat' dir='ltr'>tas,</span> <span class='ocrx_word' id='word_1_763' title='bbox 2293 4655 2467 4709; x_wconf 92' lang='lat' dir='ltr'>modo</span> <span class='ocrx_word' id='word_1_764' title='bbox 2509 4655 2580 4709; x_wconf 91' lang='lat' dir='ltr'>ad</span> <span class='ocrx_word' id='word_1_765' title='bbox 2634 4653 2990 4708; x_wconf 91' lang='lat' dir='ltr'>Turonicum</span> <span class='ocrx_word' id='word_1_766' title='bbox 3049 4652 3455 4707; x_wconf 88' lang='lat' dir='ltr'>Tossiniacum</span> <span class='ocrx_word' id='word_1_767' title='bbox 3515 4654 3781 4706; x_wconf 91' lang='lat' dir='ltr'>nostrum</span> 
     </span>
    </p>
   </div>
   <div class='ocr_carea' id='block_1_105' title="bbox 2139 4739 3784 4815">
    <p class='ocr_par' dir='ltr' id='par_1_105' title="bbox 2139 4739 3784 4815">
     <span class='ocr_line' id='line_1_106' title="bbox 2139 4739 3784 4815; baseline -0.004 -16"><span class='ocrx_word' id='word_1_768' title='bbox 2139 4743 2409 4815; x_wconf 81' lang='lat' dir='ltr'>perrexit,</span> <span class='ocrx_word' id='word_1_769' title='bbox 2442 4760 2545 4815; x_wconf 90' lang='lat' dir='ltr'>spe</span> <span class='ocrx_word' id='word_1_770' title='bbox 2576 4741 2821 4797; x_wconf 89' lang='lat' dir='ltr'>ulterius</span> <span class='ocrx_word' id='word_1_771' title='bbox 2858 4740 3284 4813; x_wconf 89' lang='lat' dir='ltr'>progrediendi,</span> <span class='ocrx_word' id='word_1_772' title='bbox 3335 4745 3391 4795; x_wconf 90' lang='lat' dir='ltr'>et</span> <span class='ocrx_word' id='word_1_773' title='bbox 3418 4739 3557 4795; x_wconf 85' lang='lat' dir='ltr'>illuc</span> <span class='ocrx_word' id='word_1_774' title='bbox 3591 4756 3784 4810; x_wconf 84' lang='lat' dir='ltr'>perve-</span> 
     </span>
    </p>
   </div>
   <div class='ocr_carea' id='block_1_106' title="bbox 2137 4828 3779 4899">
    <p class='ocr_par' dir='ltr' id='par_1_106' title="bbox 2137 4828 3779 4899">
     <span class='ocr_line' id='line_1_107' title="bbox 2137 4828 3779 4899; baseline -0.001 -13"><span class='ocrx_word' id='word_1_775' title='bbox 2137 4832 2355 4887; x_wconf 90' lang='lat' dir='ltr'>niendi.</span> <span class='ocrx_word' id='word_1_776' title='bbox 2390 4833 2501 4887; x_wconf 91' lang='lat' dir='ltr'>Sed</span> <span class='ocrx_word' id='word_1_777' title='bbox 2534 4831 2976 4887; x_wconf 88' lang='lat' dir='ltr'>renascentibus</span> <span class='ocrx_word' id='word_1_778' title='bbox 3017 4829 3287 4884; x_wconf 88' lang='lat' dir='ltr'>civilibus</span> <span class='ocrx_word' id='word_1_779' title='bbox 3333 4828 3524 4895; x_wconf 87' lang='lat' dir='ltr'>bellis,</span> <span class='ocrx_word' id='word_1_780' title='bbox 3557 4828 3641 4883; x_wconf 85' lang='lat' dir='ltr'>vel</span> <span class='ocrx_word' id='word_1_781' title='bbox 3677 4845 3779 4899; x_wconf 89' lang='lat' dir='ltr'>po-</span> 
     </span>
    </p>
   </div>
   <div class='ocr_carea' id='block_1_107' title="bbox 2135 4917 3776 4993">
    <p class='ocr_par' dir='ltr' id='par_1_107' title="bbox 2135 4917 3776 4993">
     <span class='ocr_line' id='line_1_108' title="bbox 2135 4917 3776 4993; baseline -0.002 -18"><span class='ocrx_word' id='word_1_782' title='bbox 2135 4920 2255 4975; x_wconf 90' lang='lat' dir='ltr'>tius</span> <span class='ocrx_word' id='word_1_783' title='bbox 2288 4920 2407 4975; x_wconf 90' lang='lat' dir='ltr'>illic</span> <span class='ocrx_word' id='word_1_784' title='bbox 2439 4920 2947 4993; x_wconf 82' lang='lat' dir='ltr'>perseverantibus</span> <span class='ocrx_word' id='word_1_785' title='bbox 2981 4937 2992 4974; x_wconf 89' lang='lat'>:</span> <span class='ocrx_word' id='word_1_786' title='bbox 3025 4918 3109 4974; x_wconf 88' lang='lat' dir='ltr'>vel</span> <span class='ocrx_word' id='word_1_787' title='bbox 3147 4917 3609 4989; x_wconf 89' lang='lat' dir='ltr'>morbis,quibus</span> <span class='ocrx_word' id='word_1_788' title='bbox 3642 4935 3776 4989; x_wconf 88' lang='lat' dir='ltr'>pro-</span> 
     </span>
    </p>
   </div>
   <div class='ocr_carea' id='block_1_108' title="bbox 2135 5006 3784 5081">
    <p class='ocr_par' dir='ltr' id='par_1_108' title="bbox 2135 5006 3784 5081">
     <span class='ocr_line' id='line_1_109' title="bbox 2135 5006 3784 5081; baseline -0.001 -18"><span class='ocrx_word' id='word_1_789' title='bbox 2135 5008 2508 5081; x_wconf 86' lang='lat' dir='ltr'>ﬂigabantur,</span> <span class='ocrx_word' id='word_1_790' title='bbox 2540 5009 2934 5074; x_wconf 88' lang='lat' dir='ltr'>obstantibus,</span> <span class='ocrx_word' id='word_1_791' title='bbox 2968 5024 3032 5063; x_wconf 89' lang='lat' dir='ltr'>ac</span> <span class='ocrx_word' id='word_1_792' title='bbox 3071 5006 3411 5063; x_wconf 83' lang='lat' dir='ltr'>reflantibus</span> <span class='ocrx_word' id='word_1_793' title='bbox 3452 5006 3784 5078; x_wconf 75' lang='lat' dir='ltr'>procellosa:</span> 
     </span>
    </p>
   </div>
   <div class='ocr_carea' id='block_1_109' title="bbox 2134 5095 3785 5168">
    <p class='ocr_par' dir='ltr' id='par_1_109' title="bbox 2134 5095 3785 5168">
     <span class='ocr_line' id='line_1_110' title="bbox 2134 5095 3785 5168; baseline 0 -17"><span class='ocrx_word' id='word_1_794' title='bbox 2134 5102 2342 5153; x_wconf 69' lang='lat' dir='ltr'>nostra:</span> <span class='ocrx_word' id='word_1_795' title='bbox 2375 5096 2707 5168; x_wconf 69' lang='lat' dir='ltr'>reipublicae</span> <span class='ocrx_word' id='word_1_796' title='bbox 2740 5096 3101 5166; x_wconf 89' lang='lat' dir='ltr'>ventis,illuc</span> <span class='ocrx_word' id='word_1_797' title='bbox 3132 5112 3457 5168; x_wconf 88' lang='lat' dir='ltr'>numquam</span> <span class='ocrx_word' id='word_1_798' title='bbox 3489 5095 3785 5167; x_wconf 88' lang='lat' dir='ltr'>appellere</span> 
     </span>
    </p>
   </div>
   <div class='ocr_carea' id='block_1_110' title="bbox 2132 5184 3767 5258">
    <p class='ocr_par' dir='ltr' id='par_1_110' title="bbox 2132 5184 3767 5258">
     <span class='ocr_line' id='line_1_111' title="bbox 2132 5184 3767 5258; baseline 0 -18"><span class='ocrx_word' id='word_1_799' title='bbox 2132 5186 2322 5258; x_wconf 89' lang='lat' dir='ltr'>potuit</span> <span class='ocrx_word' id='word_1_800' title='bbox 2351 5186 2484 5240; x_wconf 71' lang='lat' dir='ltr'>ante</span> <span class='ocrx_word' id='word_1_801' title='bbox 2508 5191 2865 5256; x_wconf 85' lang='lat' dir='ltr'>postremam</span> <span class='ocrx_word' id='word_1_802' title='bbox 2888 5190 3171 5250; x_wconf 72' lang='lat' dir='ltr'>aestatem,</span> <span class='ocrx_word' id='word_1_803' title='bbox 3197 5184 3421 5257; x_wconf 90' lang='lat' dir='ltr'>aliquot</span> <span class='ocrx_word' id='word_1_804' title='bbox 3470 5191 3605 5240; x_wconf 87' lang='lat' dir='ltr'>ante</span> <span class='ocrx_word' id='word_1_805' title='bbox 3636 5201 3767 5240; x_wconf 90' lang='lat' dir='ltr'>men</span> 
     </span>
    </p>
   </div>
   <div class='ocr_carea' id='block_1_111' title="bbox 2130 5274 3411 5346">
    <p class='ocr_par' dir='ltr' id='par_1_111' title="bbox 2130 5274 3411 5346">
     <span class='ocr_line' id='line_1_112' title="bbox 2130 5274 3411 5346; baseline -0.001 -16"><span class='ocrx_word' id='word_1_806' title='bbox 2130 5275 2295 5331; x_wconf 85' lang='lat' dir='ltr'>sibus</span> <span class='ocrx_word' id='word_1_807' title='bbox 2327 5291 2504 5346; x_wconf 89' lang='lat' dir='ltr'>quam</span> <span class='ocrx_word' id='word_1_808' title='bbox 2536 5274 2825 5329; x_wconf 89' lang='lat' dir='ltr'>tributum</span> <span class='ocrx_word' id='word_1_809' title='bbox 2859 5278 3080 5330; x_wconf 62' lang='lat' dir='ltr'>natura:</span> <span class='ocrx_word' id='word_1_810' title='bbox 3113 5275 3411 5346; x_wconf 88' lang='lat' dir='ltr'>penderet.</span> 
     </span>
    </p>
   </div>
   <div class='ocr_carea' id='block_1_112' title="bbox 2198 5362 3783 5433">
    <p class='ocr_par' dir='ltr' id='par_1_112' title="bbox 2198 5362 3783 5433">
     <span class='ocr_line' id='line_1_113' title="bbox 2198 5362 3783 5433; baseline -0.001 -15"><span class='ocrx_word' id='word_1_811' title='bbox 2198 5364 2423 5419; x_wconf 86' lang='lat' dir='ltr'>Interea</span> <span class='ocrx_word' id='word_1_812' title='bbox 2451 5380 2585 5419; x_wconf 89' lang='lat' dir='ltr'>vero</span> <span class='ocrx_word' id='word_1_813' title='bbox 2632 5362 3093 5419; x_wconf 86' lang='lat' dir='ltr'>valetudinarius</span> <span class='ocrx_word' id='word_1_814' title='bbox 3134 5362 3290 5433; x_wconf 90' lang='lat' dir='ltr'>licet,</span> <span class='ocrx_word' id='word_1_815' title='bbox 3349 5368 3407 5419; x_wconf 88' lang='lat' dir='ltr'>et</span> <span class='ocrx_word' id='word_1_816' title='bbox 3462 5362 3783 5420; x_wconf 88' lang='lat' dir='ltr'>miserrimi</span> 
     </span>
    </p>
   </div>
   <div class='ocr_carea' id='block_1_113' title="bbox 2128 5450 3765 5524">
    <p class='ocr_par' dir='ltr' id='par_1_113' title="bbox 2128 5450 3765 5524">
     <span class='ocr_line' id='line_1_114' title="bbox 2128 5450 3765 5524; baseline 0 -17"><span class='ocrx_word' id='word_1_817' title='bbox 2128 5452 2309 5508; x_wconf 90' lang='lat' dir='ltr'>nostri</span> <span class='ocrx_word' id='word_1_818' title='bbox 2339 5452 2535 5508; x_wconf 81' lang='lat' dir='ltr'>saeculi</span> <span class='ocrx_word' id='word_1_819' title='bbox 2563 5450 2840 5509; x_wconf 83' lang='lat' dir='ltr'>fluctibus</span> <span class='ocrx_word' id='word_1_820' title='bbox 2869 5452 2986 5509; x_wconf 89' lang='lat' dir='ltr'>huc</span> <span class='ocrx_word' id='word_1_821' title='bbox 3012 5457 3071 5509; x_wconf 88' lang='lat' dir='ltr'>et</span> <span class='ocrx_word' id='word_1_822' title='bbox 3098 5450 3238 5510; x_wconf 81' lang='lat' dir='ltr'>illuc</span> <span class='ocrx_word' id='word_1_823' title='bbox 3285 5453 3567 5524; x_wconf 85' lang='lat' dir='ltr'>jactatus,</span> <span class='ocrx_word' id='word_1_824' title='bbox 3624 5468 3765 5508; x_wconf 82' lang='lat' dir='ltr'>nus-</span> 
     </span>
    </p>
   </div>
   <div class='ocr_carea' id='block_1_114' title="bbox 444 5662 2037 5742">
    <p class='ocr_par' dir='ltr' id='par_1_114' title="bbox 444 5662 2009 5741">
     <span class='ocr_line' id='line_1_115' title="bbox 444 5662 2009 5741; baseline 0.004 -23"><span class='ocrx_word' id='word_1_825' title='bbox 444 5663 489 5697; x_wconf 74' lang='grc'>⁸⁸</span> <span class='ocrx_word' id='word_1_826' title='bbox 521 5662 735 5719; x_wconf 77' lang='lat' dir='ltr'>Habeo.</span> <span class='ocrx_word' id='word_1_827' title='bbox 771 5681 810 5734; x_wconf 83' lang='grc' dir='ltr'>ι,</span> <span class='ocrx_word' id='word_1_828' title='bbox 846 5664 931 5718; x_wconf 85' lang='grc'>16.</span> <span class='ocrx_word' id='word_1_829' title='bbox 1008 5665 1053 5700; x_wconf 77' lang='grc'>⁸⁸</span> <span class='ocrx_word' id='word_1_830' title='bbox 1082 5664 1235 5723; x_wconf 85' lang='lat' dir='ltr'>Psal.</span> <span class='ocrx_word' id='word_1_831' title='bbox 1258 5668 1617 5733; x_wconf 79' lang='lat' dir='ltr'>Lxxvm,t-2.</span> <span class='ocrx_word' id='word_1_832' title='bbox 1696 5668 1740 5704; x_wconf 73' lang='grc' dir='ltr'>ίδ</span> <span class='ocrx_word' id='word_1_833' title='bbox 1767 5667 1839 5724; x_wconf 85' lang='grc' dir='ltr'>ΙΙΙ</span> <span class='ocrx_word' id='word_1_834' title='bbox 1870 5668 2009 5741; x_wconf 81' lang='lat' dir='ltr'>Reg.</span> 
     </span>
    </p>
   </div>
   <div class='ocr_carea' id='block_1_115' title="bbox 2150 5662 2927 5742">
    <p class='ocr_par' dir='ltr' id='par_1_115' title="bbox 2151 5668 2927 5742">
     <span class='ocr_line' id='line_1_116' title="bbox 2151 5668 2927 5742; baseline 0.001 -17"><span class='ocrx_word' id='word_1_835' title='bbox 2151 5712 2165 5739; x_wconf 92' lang='lat'>,</span> <span class='ocrx_word' id='word_1_836' title='bbox 2197 5668 2285 5725; x_wconf 80' lang='grc'>40.</span> <span class='ocrx_word' id='word_1_837' title='bbox 2361 5670 2404 5705; x_wconf 81' lang='grc'>⁸⁷</span> <span class='ocrx_word' id='word_1_838' title='bbox 2437 5669 2459 5725; x_wconf 95' lang='grc' dir='ltr'><strong>Ι</strong></span> <span class='ocrx_word' id='word_1_839' title='bbox 2491 5669 2631 5742; x_wconf 81' lang='lat' dir='ltr'>Reg.</span> <span class='ocrx_word' id='word_1_840' title='bbox 2661 5686 2807 5738; x_wconf 81' lang='lat' dir='ltr'>xm,</span> <span class='ocrx_word' id='word_1_841' title='bbox 2836 5669 2927 5727; x_wconf 84' lang='lat'>22.</span> 
     </span>
    </p>
   </div>
  </div>
