4184 6202
336 381 459 444 381
1592 384 1946 446 ELOGIUM
1988 385 2259 446 JACOBI
2300 385 2554 445 BlLLll.
3640 383 3757 444 382

338 533 520 588 quam
566 514 680 571 fuit
724 517 949 573 otiosus
1002 517 1209 589 (otium
1239 517 1397 573 enim
1450 518 1821 573 etdesidiam
1869 524 1997 573 tan-
2028 520 2077 585 Α
2115 518 2465 573 monachum
2502 517 2744 573 tolerare
2796 520 3079 589 poterant.
3133 517 3216 571 Ab
3268 514 3604 588 episcopatu
3638 515 3752 571 fre-

341 622 520 676 quam
555 604 766 660 lethale
790 606 1085 677 quoddam
1116 604 1718 677 venenum,ipsosque
1748 608 2001 673 desides,
2112 614 2356 676 quenter
2385 607 2493 661 sibi
2530 608 2722 662 oblato
2753 612 3033 677 tanquam
3070 624 3102 660 a
3133 605 3286 661 letali
3328 606 3567 676 scopulo
3600 622 3752 661 sem-

339 700 405 748 ut
439 693 774 764 reipublicae
827 694 1065 748 inutiles
1105 711 1172 749 ac
1222 694 1577 765 perniciosos
1630 712 2003 766 summopere
2112 712 2214 766 per
2273 696 2545 767 profugit,
2593 713 2654 750 se
2705 702 2862 750 tanto
2912 712 3152 750 munere
3200 694 3508 765 indignum
3568 700 3750 765 ratus,

336 783 561 849 oderat}
592 802 605 846 ;
640 783 780 853 quin
817 782 1004 855 plura,
1037 789 1095 838 et
1124 784 1401 848 doctiora,
1438 783 1789 854 utilioraque
1821 785 2003 840 edidit
2111 785 2316 839 multis
2340 787 2522 839 fretus
2544 788 2881 839 sanctorum
2909 789 2964 838 et
2985 783 3460 838 doctissimorum
3486 783 3755 853 antiquo-

340 888 539 942 opera,
573 887 749 940 quam
810 870 968 926 ullus
1000 888 1118 925 sua!
1171 873 1418 926 fortasse
1466 872 1654 927 astatis
1707 872 1858 927 alius
1892 891 1905 928 :
1940 879 2004 927 ut

340 976 477 1013 eum
511 960 689 1014 Paulo
736 960 926 1016 dicere
959 960 1217 1032 potuerit
1248 977 1263 1015 :
1304 962 1447 1015 Tunc
1474 965 1659 1032 potens
1705 978 1847 1030 sum,
1878 978 2001 1015 cum

339 1048 602 1117 inﬁrmor
632 1066 650 1101 :
689 1050 865 1103 virtus
911 1050 1060 1102 enim
1114 1050 1173 1103 in
1223 1049 1551 1117 inﬁrmitate
1603 1050 1886 1120 perﬁcitur
1931 1050 1997 1103 ⁸⁸.

341 1136 502 1191 Nihil
555 1137 711 1191 enim
758 1138 809 1192 ei
858 1138 1178 1208 excidebat,
1225 1154 1297 1191 ne
1350 1146 1708 1192 momentum
1763 1139 1995 1209 quidem

340 1224 653 1295 temporis,
685 1242 788 1280 nec
840 1226 991 1281 diem
1038 1224 1218 1280 ullam
1253 1227 1365 1280 labi
1401 1226 1629 1282 sinebat
1658 1227 1782 1281 sine
1824 1226 1996 1293 linea,

341 1314 463 1368 imo
494 1330 601 1369 nec
632 1315 761 1369 sine
813 1320 1047 1369 exarata
1078 1315 1288 1370 saltem
1336 1318 1548 1387 pagina
1601 1315 1817 1387 aliqua.
1850 1317 1995 1371 Nam

341 1403 552 1457 morbo
600 1404 777 1458 etiam
833 1403 1105 1458 laborans
1150 1406 1239 1474 (ut
1284 1404 1684 1475 frequentibus
1730 1410 1854 1459 erat
1896 1406 1990 1459 ob-

340 1489 577 1560 noxius,
610 1492 863 1546 maxime
896 1491 1215 1561 articulari,
1247 1498 1303 1547 et
1334 1493 1713 1561 ﬂuxionibus)
1745 1493 1997 1548 relaxato

336 1579 429 1634 vel
466 1580 804 1635 intermisso
855 1580 1050 1636 dolore
1097 1598 1302 1637 versus
1333 1582 1564 1654 aliquos
1608 1581 1695 1637 vel
1747 1583 1995 1651 Graecos,

334 1666 430 1722 vel
467 1669 719 1733 Latinos,
751 1668 839 1723 vel
869 1670 1045 1724 etiam
1074 1669 1349 1737 Gallicos,
1375 1676 1476 1725 aut
1504 1670 1659 1725 aliud
1692 1671 1995 1741 quidpiam

339 1772 575 1827 semper
603 1758 907 1812 condebat.
943 1758 1164 1812 Etenim
1221 1758 1424 1814 silvam
1452 1759 1626 1814 etiam
1680 1760 1995 1831 quamdam

337 1844 457 1899 sibi
484 1851 789 1916 paraverat
809 1847 1229 1901 sententiarum
1262 1853 1318 1902 et
1348 1853 1993 1918 argumentorum,quze

339 1934 397 1988 in
433 1933 710 1997 lecto,ubi
748 1952 859 1989 non
897 1935 1105 1990 licebat
1137 1937 1353 1991 multos
1381 1938 1563 1992 libros
1596 1937 1839 2001 volvere,
1870 1954 1990 1992 ver-

340 2028 502 2077 saret
525 2023 744 2087 animo,
761 2031 817 2079 et
837 2025 1179 2079 amanuensi
1203 2026 1466 2080 dictaret.
1483 2026 1630 2090 Quin
1656 2026 1832 2081 etiam
1857 2042 1989 2080 cum

338 2112 660 2183 aliquando
692 2114 1001 2184 equitaret,
1032 2131 1063 2168 a
1094 2115 1372 2170 comitatu
1413 2131 1563 2185 saepe
1593 2115 1898 2170 secedebat
1927 2118 1993 2169 ut

340 2201 706 2256 meditationi
740 2208 987 2266 vacaret,
1044 2207 1098 2258 et
1126 2220 1193 2258 ea
1239 2220 1364 2274 quae
1393 2204 1451 2257 in
1484 2204 1681 2258 animo
1719 2204 1987 2271 habebat,

338 2290 499 2360 apud
521 2307 583 2344 se
614 2292 1139 2362 agitaret,quorum
1162 2292 1353 2363 capita
1379 2292 1765 2364 pugillaribus
1790 2293 1993 2347 inscri-

337 2378 477 2433 bere
508 2378 751 2447 solebat,
784 2380 960 2451 idque
990 2380 1202 2452 raptim
1237 2386 1293 2436 et
1326 2382 1548 2437 furtim.

412 2473 457 2520 Α
492 2484 584 2522 me
607 2484 860 2539 namque
880 2470 1253 2540 potissimum
1280 2486 1408 2525 sese
1432 2471 1813 2537 subducebat,
1836 2471 1988 2541 quod

334 2558 385 2611 ei
442 2559 658 2630 sepius
708 2560 1043 2629 objicerem,
1093 2576 1159 2615 ac
1216 2560 1375 2615 velut
1427 2561 1645 2616 bellum
1696 2562 1990 2632 inferrem,

342 2647 499 2717 quod
534 2663 595 2702 se
628 2664 739 2701 non
775 2649 1107 2720 respiceret,
1130 2654 1187 2705 et
1218 2651 1479 2705 animum
1516 2650 1841 2705 litterarum
1876 2656 1990 2706 stu-

337 2735 454 2789 diis
487 2736 647 2790 velut
678 2753 879 2792 arcum
911 2753 1143 2808 semper
1173 2739 1470 2793 intensum
1505 2756 1809 2810 nunquam
1842 2739 1990 2794 rela-

331 2825 649 2880 xaret.Non
676 2826 829 2880 enim
863 2827 934 2881 ob
956 2826 1115 2881 aliud
1148 2827 1299 2881 inter
1331 2845 1437 2882 nos
1468 2828 1736 2883 obortum
1764 2833 1853 2883 est
1879 2829 1993 2883 dis-

336 2914 584 2978 sidium,
617 2918 673 2968 et
702 2916 854 2984 quod
886 2916 1070 2970 nimia
1099 2916 1294 2970 inedia
1321 2922 1378 2971 et
1408 2917 1799 2972 crebrioribus
1830 2918 1990 2987 jeju-

338 3002 458 3055 niis
487 3002 741 3069 (nullum
791 3004 969 3071 enim,
1007 3010 1215 3075 praeter
1264 3005 1377 3059 alia
1407 3012 1749 3076 spontanee,
1784 3022 1851 3060 ex
1900 3006 1990 3060 his

336 3107 466 3162 quas
494 3091 707 3145 indixit
736 3092 1010 3160 Ecclesia,
1047 3093 1467 3149 intermittebat
1505 3094 1829 3161 (tabescens
1860 3112 1988 3150 cor-

338 3194 474 3250 pus,
505 3186 680 3234 tenue
713 3197 777 3234 ac
810 3182 1212 3249 macilentum,
1248 3188 1421 3254 atque
1465 3181 1701 3253 σκελετῷ
1735 3199 1880 3256 pene
1912 3184 1988 3239 si-

2110 890 2243 927 rum
2277 874 2511 928 Patrum
2535 872 2836 944 exemplis,
2856 876 2912 927 et
2940 889 3153 944 magno
3173 872 3379 925 animae
3412 872 3754 927 imminente

2112 962 2366 1033 periculo
2398 962 2729 1016 deterritus.
2765 962 2973 1015 Animo
3004 966 3197 1014 autem
3232 977 3381 1031 saepe
3412 962 3751 1032 angebatur,

2113 1051 2447 1122 ferebatque
2500 1048 2909 1122 indignissime
2958 1049 3108 1118 quod
3157 1049 3437 1119 episcOpi,
3490 1050 3749 1119 abbates,

2110 1156 2294 1211 reges,
2325 1157 2389 1194 ac
2422 1140 2725 1211 pontifices
2759 1138 3082 1193 sacerdotia
3130 1144 3245 1193 tam
3282 1137 3431 1191 male
3473 1137 3747 1205 locarent,

2108 1234 2164 1282 et
2193 1228 2403 1283 Christi
2438 1245 2573 1283 oves
2591 1233 2750 1281 tanto
2772 1226 2954 1298 pretio
2973 1226 3303 1296 redemptae
3334 1225 3489 1297 lupis
3508 1244 3659 1296 sazpe
3686 1243 3751 1281 ac

2108 1318 2375 1373 leonibus
2406 1318 2579 1388 (addo
2599 1316 2868 1387 etiani)et
2890 1316 3196 1370 lenonibus
3228 1315 3675 1369 committerent.

2179 1407 2259 1460 Ex
2291 1408 2460 1475 cuius
2480 1405 2689 1459 Christi
2718 1403 2917 1460 schola
2943 1410 3003 1457 ut
3025 1404 3216 1458 omnis
3234 1403 3463 1475 generis
3485 1402 3749 1473 virtutes,

2108 1496 2359 1549 maxime
2391 1512 2520 1550 vero
2554 1496 2741 1566 ipsius
2774 1492 3067 1564 propriam
3120 1492 3525 1563 perdidicerat,
3558 1497 3748 1547 tanto-

2109 1601 2219 1654 que
2250 1585 2543 1655 cupidius,
2571 1590 2791 1655 quanto
2823 1583 3011 1655 magis
3041 1582 3239 1636 oderat
3269 1581 3473 1636 vitium
3506 1579 3585 1635 illi
3622 1598 3752 1636 con-

2106 1672 2373 1739 trarium,
2408 1674 2561 1743 quod
2613 1671 2851 1743 angelos
2900 1670 3059 1742 ipsos
3091 1671 3161 1725 de
3211 1669 3353 1725 caelo
3397 1669 3745 1724 deturbavit.

2106 1764 2245 1815 Cum
2282 1761 2608 1816 humilibus
2640 1762 2877 1833 repebat
2919 1760 3249 1829 bumi,cum
3272 1758 3540 1830 superbis
3559 1763 3614 1812 et
3631 1757 3745 1813 ela-

2106 1850 2182 1904 tis
2216 1850 2367 1905 male
2398 1850 2738 1905 cohaerebat.
2774 1850 3011 1905 Generis
3061 1848 3151 1903 sui
3184 1846 3572 1911 nobilitatem,
3619 1866 3745 1918 quae

2101 1938 2431 1994 clarissima
2451 1946 2893 2009 erat,nusquam
2926 1938 3237 1993 ostentavit
3259 1938 3435 2008 (quod
3461 1939 3592 1992 vani
3614 1956 3745 2011 pas-

2100 2028 2211 2082 sim
2244 2028 2523 2094 solent,et
2552 2045 2617 2082 ea
2645 2026 3312 2099 intumescere),nu1lam
3344 2044 3538 2082 veram
3570 2027 3744 2083 aliam

2101 2116 2441 2171 existimans
2459 2133 2636 2186 quam
2661 2132 2790 2187 quae
2821 2116 3031 2170 virtute
3061 2121 3364 2186 pararetur
3384 2123 3486 2170 aut
3516 2115 3747 2172 fulcire-

2099 2208 2213 2259 tur.
2250 2204 2581 2258 Doctrinam
2606 2204 2822 2273 pariter
2852 2218 3019 2257 suam
3054 2207 3109 2256 et
3132 2200 3516 2271 multiplicem
3550 2218 3743 2257 rerum

2102 2310 2167 2348 ac
2198 2293 2531 2365 linguarum
2564 2290 2977 2363 cognitionem,
3011 2305 3137 2361 quae
3171 2289 3373 2344 multis
3404 2290 3611 2346 cristas
3642 2290 3748 2345 eri-

2100 2398 2254 2455 gere,
2287 2387 2343 2437 et
2372 2380 2749 2453 supercilium
2799 2379 3040 2434 attolere
3088 2379 3407 2447 consuevit,
3442 2395 3743 2450 nunquam

2102 2470 2324 2541 extulit,
2357 2471 2497 2542 quin
2548 2485 2677 2525 eam
2723 2470 3013 2541 depressit
3059 2468 3274 2540 potius.
3327 2468 3463 2523 Erat
3507 2468 3661 2523 enim
3694 2468 3745 2524 ei

2100 2560 2255 2616 velut
2284 2560 2485 2615 innata
2513 2559 2615 2613 illa
2646 2559 2921 2623 charitas,
2954 2575 3084 2630 quae
3116 2575 3230 2613 non
3256 2557 3440 2623 inflat,
3477 2557 3577 2613 sed
3606 2559 3743 2611 mdi-

2101 2650 2235 2704 ficat
2263 2650 2329 2713 ⁸⁸,
2351 2654 2415 2703 ut
2445 2665 2511 2703 ex
2540 2648 2667 2717 ejus
2699 2646 2954 2718 scriptis,
2978 2645 3121 2701 nihil
3154 2651 3305 2701 certe
3336 2646 3491 2701 aliud
3525 2645 3743 2718 spiran-

2099 2737 2278 2796 tibus.
2312 2738 2496 2808 liquet
2528 2753 2541 2790 :
2579 2737 2730 2791 sicut
2749 2741 2806 2790 et
2838 2753 2905 2790 ex
2936 2736 3123 2806 ipsius
3148 2734 3505 2806 quotidianis
3532 2751 3745 2789 sermo-

2100 2826 2274 2881 nibus
2320 2830 2377 2880 et
2407 2824 2719 2897 colloquiis
2751 2824 2934 2879 cuivis
2964 2823 3137 2879 etiam
3184 2830 3388 2877 notum
3424 2840 3488 2877 ac
3518 2824 3745 2895 perspi-

2099 2929 2274 2968 cuum
2309 2919 2451 2968 erat.
2478 2915 2538 2968 ln
2574 2913 2788 2985 quibus
2820 2911 3371 2982 familiaris,comis,
3405 2928 3470 2966 ac
3502 2912 3742 2978 facetus,

2099 3004 2299 3057 creber
2344 3003 2672 3069 sententiis,
2705 3006 2763 3057 et
2814 3002 3021 3073 pietate
3054 3006 3108 3056 et
3157 3001 3483 3056 eruditione
3515 3018 3747 3073 semper

2099 3092 2349 3163 insignis
2384 3091 2511 3146 fuit.

2175 3183 2249 3236 De
2298 3180 2597 3251 republica
2642 3179 2972 3235 Christiana
3017 3185 3076 3234 et
3122 3178 3345 3235 Gallica
3393 3179 3481 3233 vir
3525 3177 3744 3250 publici

340 3269 480 3322 mile
510 3270 837 3324 conﬁceret.
874 3275 935 3325 In
984 3288 1121 3325 vase
1146 3271 1299 3326 enim
1352 3272 1513 3327 fictili
1565 3278 1621 3327 et
1667 3273 1984 3328 admodum
2019 3258 2060 3323 C
2100 3271 2391 3325 amantior
2420 3285 2593 3341 quam
2625 3270 2737 3339 sui,
2772 3271 3106 3341 frequenter
3142 3275 3199 3324 et
3229 3286 3296 3324 ex
3328 3267 3522 3323 animo
3572 3268 3746 3323 verba

337 3356 535 3426 fragili
578 3373 827 3428 magnus
876 3365 997 3413 erat
1048 3360 1340 3429 repositus
1386 3362 1721 3425 thesaurus,
1754 3371 1989 3432 eratque

337 3446 467 3515 ejus
494 3445 732 3501 animus
762 3448 917 3501 velut
951 3449 1241 3518 pretiosus
1292 3449 1528 3520 lapillus
1560 3450 1776 3505 annulo
1809 3451 1987 3505 vitreo

333 3533 625 3604 inclusus,
676 3551 740 3589 ac
771 3536 881 3590 sub
913 3536 1135 3591 villosis
1169 3538 1317 3593 Esau
1369 3539 1783 3607 integumentis
1818 3556 1987 3594 verus

330 3621 611 3677 latitabat
638 3622 837 3678 Jacob.
876 3624 1179 3679 Enimvero
1214 3631 1277 3680 ut
1310 3627 1470 3697 pacis
1498 3633 1619 3681 erat
1652 3628 1985 3682 amantissi-

328 3716 551 3773 mus.et
578 3712 706 3781 ipsa
724 3711 1047 3767 litterarum
1071 3715 1269 3769 studia
1286 3716 1404 3769 otia
1433 3721 1489 3769 et
1512 3731 1811 3771 secessum
1837 3734 1983 3787 quae-

322 3804 484 3862 runt,
518 3816 869 3871 magnopere
905 3801 1176 3873 cupiebat
1208 3802 1398 3857 locum
1426 3804 1679 3874 aliquem
1716 3804 1979 3875 quietum

320 3892 377 3941 et
409 3887 798 3959 tranquillum
851 3890 1133 3952 nancisci,
1166 3890 1222 3944 in
1257 3908 1369 3962 quo
1417 3892 1830 3947 bibliothecam
1865 3898 1979 3947 sta-

322 3980 516 4029 tueret
544 3980 599 4030 et
632 3976 968 4043 instrueret,
987 3983 1043 4033 et
1076 3980 1499 4035 mansuetiores
1522 3980 1980 4037 musasliberius

323 4080 419 4118 am
431 4063 558 4135 plex
569 4070 781 4131 aretur,
819 4071 1148 4138 t'overetque
1178 4069 1383 4123 tutius.

391 4153 559 4216 Quod
593 4153 857 4225 plerique
885 4155 1277 4229 intelligentes
1310 4163 1366 4211 et
1396 4175 1498 4229 spe
1530 4162 1789 4227 quaestus
1817 4164 1976 4227 (nam

323 4241 392 4295 de
425 4257 625 4296 annuo
657 4259 763 4297 suo
788 4244 974 4298 reditu
1011 4244 1259 4299 multum
1284 4245 1380 4300 ille
1414 4247 1705 4301 remittere
1727 4248 1977 4319 volebat)

320 4329 515 4385 allecti
552 4332 622 4384 ad
659 4348 791 4386 eum
828 4333 1232 4403 adventarunt,
1265 4340 1323 4388 et
1352 4335 1555 4389 crebro
1586 4351 1717 4389 cum
1751 4353 1817 4391 eo
1850 4338 1973 4391 'ser-

319 4434 558 4473 monem
595 4420 977 4475 instituerunt
1005 4422 1075 4476 de
1125 4423 1530 4493 permutandis
1563 4420 1680 4477 illis
1713 4425 1836 4480 suis
1869 4426 1973 4479 ab-

314 4507 515 4563 batiis.
552 4508 664 4563 Sed
716 4509 855 4579 quia
886 4509 1005 4575 alii,
1038 4510 1123 4564 vel
1157 4512 1413 4582 suspecti
1463 4519 1629 4566 erant
1660 4513 1970 4585 hereseos,

2099 3360 2365 3428 faciebat,
2391 3362 2558 3430 juxta
2603 3358 2907 3429 vulgatum
2941 3356 3333 3429 prOVerhium,
3370 3358 3465 3411 ubi
3507 3357 3741 3423 vulnus,

2097 3449 2177 3503 ibi
2210 3465 2420 3503 manus
2454 3466 2465 3503 :
2503 3448 2600 3503 ubi
2634 3448 2824 3520 plaga,
2851 3448 2927 3501 ibi
2962 3448 3181 3518 lingua.
3208 3446 3557 3517 Deplorabat
3585 3447 3741 3501 enim

2098 3538 2357 3608 quotidie
2390 3537 2785 3593 miserrimum
2821 3538 2948 3607 ejus
2980 3535 3325 3590 hodiernum
3360 3541 3600 3597 statum,
3639 3552 3741 3591 nec

2097 3627 2253 3681 aliud
2288 3626 2644 3698 sperandum
2680 3624 2927 3690 dicebat,
2950 3641 3126 3695 quam
3154 3625 3384 3680 brevem
3418 3627 3737 3695 quamdam

2093 3716 2283 3786 ipsius
2329 3716 2706 3781 eversionem,
2737 3731 2802 3769 ac
2851 3729 2975 3768 eam
3012 3730 3157 3785 pene
3205 3713 3382 3783 (quod
3431 3714 3585 3767 Deus
3616 3720 3734 3784 cpt.

2093 3822 2242 3860 max.
2280 3805 2519 3875 avertat)
2551 3821 2673 3875 qua:
2706 3804 2814 3858 sub
2850 3802 3207 3857 Phaethonte
3256 3802 3486 3869 accidit,
3522 3803 3733 3856 conﬂa-

2091 3893 2438 3964 grationem.
2487 3892 2673 3947 Tanta
2717 3898 2909 3947 autem
2961 3897 3082 3945 erat
3136 3890 3464 3962 prudentia,
3498 3894 3735 3960 tamque

2089 3983 2205 4036 acri
2242 3988 2298 4036 et
2328 3982 2643 4052 perspicaci
2668 3981 2900 4053 ingenio
2930 3985 2987 4035 et
3007 3980 3252 4049 judicio,
3272 3985 3332 4033 ut
3355 3996 3420 4033 ex
3444 3984 3735 4051 antegres-

2090 4072 2172 4125 sis
2209 4072 2403 4125 l'utura
2435 4072 2609 4125 etiam
2647 4073 3019 4137 coniectaret,
3042 4086 3107 4124 ac
3138 4084 3287 4139 saepe
3320 4068 3737 4131 divinaret,ea-

2089 4177 2201 4231 que
2234 4159 2393 4214 velut
2439 4176 2506 4214 ex
2535 4160 2651 4214 alta
2704 4159 2956 4229 quadam
2990 4158 3228 4229 specula
3277 4157 3629 4227 praevideret.
3664 4157 3735 4212 Ut

2087 4248 2440 4314 litterarum,
2477 4249 2560 4302 ita
2588 4250 2642 4302 et
2674 4247 3062 4302 litteratorum
3096 4251 3219 4301 erat
3250 4245 3693 4301 amantissimus
3720 4271 3733 4312 ;

2086 4336 2185 4392 sed
2217 4353 2415 4390 eorum
2444 4336 2763 4407 praesertim
2790 4336 2887 4405 qui
2911 4333 3333 4406 rempublicam
3360 4333 3730 4404 litterariam,

2085 4431 2142 4479 et
2173 4426 2268 4479 Dei
2304 4424 2616 4480 Ecclesium
2640 4427 2929 4495 juvarent.
2965 4423 3105 4479 Nam
3138 4423 3466 4494 eorum,qui
3500 4423 3549 4477 ei
3582 4423 3733 4477 infe-

2084 4514 2154 4569 sti
2190 4519 2377 4585 erant,
2410 4512 2771 4568 consortium
2804 4511 3115 4584 diligenter
3161 4512 3401 4575 vitabat,
3436 4516 3493 4566 et
3535 4513 3606 4567 ab
3639 4528 3732 4566 eo-

312 4594 400 4649 vel
433 4612 601 4649 arma
624 4598 1067 4668 profitebantur,
1090 4598 1175 4653 vel
1210 4616 1321 4654 non
1347 4601 1619 4655 carebant
1642 4601 1973 4672 suspicione
2004 4628 2049 4690 Β
2082 4619 2211 4657 rum
2245 4603 2411 4658 libris
2435 4602 3008 4658 abstinebat.0derat
3030 4600 3113 4657 vir
3140 4602 3507 4656 castissimus
3533 4606 3732 4671 poetas

313 4684 593 4739 Simonis
628 4684 825 4755 (quam
858 4687 1014 4741 velut
1058 4687 1347 4742 malorum
1378 4693 1713 4743 nostrorum
1748 4687 1969 4745 lernam

316 4773 615 4844 imprimis
665 4774 1086 4846 detestabatur)
1120 4776 1328 4831 maluit
1376 4794 1509 4831 cum
1560 4777 1819 4848 periculo
1853 4795 1970 4833 sua:

310 4862 691 4927 valetudinis,
724 4868 778 4917 et
808 4865 1137 4918 studiorum
1170 4881 1412 4920 suorum
1431 4865 1739 4936 dispendio
1771 4867 1886 4921 huc
1917 4871 1972 4922 et

314 4950 455 5004 illuc
490 4957 768 5021 perpetuo
821 4953 976 5020 ferri,
1008 4970 1181 5024 quam
1216 4954 1438 5008 nomini
1494 4971 1599 5009 suo
1650 4955 1735 5009 vel
1792 4956 1969 5010 mini-

314 5057 471 5093 mam
510 5040 799 5095 maculam
851 5041 1103 5106 inurere,
1131 5048 1191 5101 et
1221 5060 1397 5113 quum
1440 5045 1849 5099 conscientiam
1886 5043 1966 5116 (in

312 5145 430 5199 qua
461 5144 612 5197 pura
645 5132 928 5185 servanda
958 5135 1080 5185 erat
1106 5130 1625 5203 vigilantissimus)
1656 5133 1739 5188 vel
1773 5133 1968 5188 tantil-

310 5216 432 5271 lum
468 5218 853 5283 laetlereuuin
887 5224 943 5273 et
964 5236 1113 5290 saepe
1138 5220 1218 5274 illi
1255 5222 1361 5275 fuit
1381 5221 1616 5276 animus
1643 5221 1967 5293 relinquen-

306 5306 389 5360 dae
424 5305 668 5361 alterius
700 5323 818 5361 suae
850 5308 1116 5374 abbatiae,
1149 5311 1305 5378 quod
1338 5311 1386 5365 ei
1422 5310 1681 5382 bigamia
1720 5310 1819 5365 illa
1850 5328 1963 5367 non

303 5394 561 5467 placeret
592 5412 605 5450 :
644 5396 741 5449 sed
778 5396 831 5449 id
876 5398 1181 5453 commode
1213 5399 1334 5453 fieri
1373 5416 1483 5454 non
1518 5399 1707 5470 potuit
1753 5400 1824 5454 ob
1857 5401 1961 5455 ad-

299 5502 467 5539 versa
495 5490 767 5555 tempora
797 5488 854 5540 et
882 5485 1009 5541 loca
1038 5502 1166 5557 qua:
1199 5488 1427 5543 nullum
1462 5489 1542 5543 ibi
1570 5488 1842 5544 abbatem
1874 5489 1961 5545 vel

358 5702 404 5735 ⁸⁸
434 5702 481 5757 II
512 5705 643 5757 Cor.
676 5717 780 5768 xu,
814 5701 905 5768 40,
928 5702 981 5757 9.
1060 5704 1106 5738 ⁸ο
1135 5707 1158 5757 Ι
1189 5705 1315 5761 Cor.
1348 5720 1475 5772 vm,
1512 5707 1564 5759 1.

2084 4696 2141 4746 et
2171 4692 2482 4762 scriptores
2533 4707 2775 4763 spurcos
2818 4702 2873 4745 et
2921 4692 3226 4756 obscenos,
3261 4704 3478 4760 eosque
3532 4706 3735 4745 omnes

2083 4781 2181 4850 qui
2216 4781 2314 4835 Dei
2350 4780 2584 4835 talentis
2617 4779 3017 4847 abuterentur,
3052 4784 3108 4832 et
3138 4793 3206 4832 ea
3240 4777 3646 4847 impenderent
3674 4777 3733 4831 in

2081 4868 2447 4923 celebrandis
2480 4868 2673 4939 potius
2705 4867 2913 4922 Bacchi
2947 4874 3005 4921 et
3025 4865 3389 4927 Veneris,vcl
3423 4866 3597 4920 etiam
3630 4867 3735 4920 im-

2080 4958 2423 5012 meritorum
2460 4956 2760 5011 hominum
2792 4956 3087 5024 laudibus,
3122 4972 3297 5026 quam
3331 4955 3567 5009 Christi.

2152 5046 2491 5100 Lectissima
2524 5048 2648 5115 ejus
2680 5046 2890 5099 domus
2922 5046 3079 5099 velut
3127 5048 3393 5099 sanctum
3429 5045 3730 5117 quoddam

2077 5134 2405 5188 coenobium
2431 5138 2488 5187 et
2515 5132 3305 5204 xenodochium,scholaque
3328 5133 3563 5187 virtutis
3586 5138 3728 5197 erat,
3796 5193 3801 5200 ,

2078 5225 2228 5294 quod
2265 5240 2330 5276 ex
2363 5224 2508 5277 bene
2560 5224 2797 5277 moratis
2829 5229 2885 5277 et
2918 5222 3171 5290 pacilicis
3221 5224 3349 5293 ejus
3391 5222 3730 5276 domesticis

2075 5312 2495 5379 innotescebat,
2527 5312 2670 5366 adeo
2704 5316 2769 5365 ut
2797 5328 2864 5366 ex
2896 5311 3043 5382 ipsis
3075 5316 3490 5381 agnosceretur
3520 5311 3729 5382 patris-

2074 5399 2329 5456 familias
2362 5400 2701 5472 prudentia:
2722 5398 2914 5471 qualis
2945 5399 3211 5455 videlicet
3236 5405 3423 5454 rector
3454 5399 3725 5469 civitatis,

2072 5489 2218 5545 tales
2250 5488 2581 5545 babitantes
2604 5488 2662 5543 ia
2694 5505 2780 5545 ea.
2816 5488 2966 5545 Viris
3000 5487 3326 5560 piis,doctis
3369 5494 3423 5544 et
3442 5488 3726 5561 religiosis
