4184 6202
423 345 540 406 383

1668 351 2022 414 ELOGIUM
2066 351 2335 414 JACOBI
2379 353 2632 415 BILLII.

3716 353 3834 412 384

419 483 651 553 (nempe
682 476 771 532 sui
803 476 1117 548 similibus)
1136 483 1340 548 patens
1362 484 1417 534 et
1435 481 1833 554 pervia,atque
1855 482 2066 539 Christi
2102 485 2151 549 Α
2183 483 2314 548 bus,
2346 484 2662 554 multisque
2693 484 2761 537 ad
2797 498 2930 538 eum
2967 482 3148 538 Roma
3181 481 3379 538 missis
3409 483 3480 537 ab
3513 481 3837 536 illustrissi-

422 568 1064 638 pauperibus,quorum
1102 573 1381 639 perpetuo
1410 571 1514 625 fuit
1539 573 2078 636 amantissimus,et

421 663 584 728 pater
608 655 1127 726 locupletissimus.
1149 659 1279 713 Ideo
1303 676 1433 714 eum
1459 661 1740 733 gregatim
1770 668 1825 715 et
1856 663 2073 734 passim

422 745 841 815 aequabantur,
867 745 1036 814 juxta
1071 746 1212 800 illud
1257 749 1666 820 Evangelicum
1698 768 1710 804 :
1749 751 2078 821 Ubicumque

420 833 589 902 fuerit
617 847 832 902 corpus,
866 833 1001 886 illuc
1047 837 1527 906 congregabantur
1551 843 1604 892 et
1634 839 1834 910 aquilae
1883 841 1946 894 °°.
1978 839 2074 893 Di-

421 935 572 991 gnus
605 919 704 988 qui
727 936 860 974 cum
890 921 1110 977 Joanne
1132 923 1602 994 Eleemosynario
1624 926 2005 994 conferretur,
2020 928 2076 979 et

422 1023 551 1062 cum
583 1008 729 1061 Jobo
754 1008 890 1077 jure
920 1010 1136 1065 diceret
1170 1028 1183 1065 :
1219 1012 1420 1068 Oculus
1449 1016 1535 1083 fui
1564 1029 1829 1084 eamme:
1860 1013 2075 1078 claudo,

422 1101 579 1164 pater
605 1111 910 1166 pauperum
940 1098 1004 1151 ⁸³.
1040 1099 1195 1161 Quos
1226 1100 1400 1155 etiam
1437 1101 1690 1156 moriens
1729 1107 2076 1157 testamento

424 1184 681 1238 haeredes
701 1201 940 1239 suarum
960 1186 1306 1242 facultatum
1329 1189 1844 1260 reliquit,maxime
1874 1206 2074 1245 earum

425 1290 550 1344 qua
582 1291 649 1328 ex
696 1273 908 1328 Christi
945 1275 1294 1344 patrimonio
1326 1277 1374 1330 ei
1436 1283 1802 1348 supererant,
1839 1277 2076 1333 sacrile-

425 1363 590 1432 gium
641 1363 935 1433 quoddam
983 1364 1302 1419 arbitratus
1361 1365 1408 1420 si
1443 1365 1553 1420 alio
1600 1368 2073 1423 transferrentur.

433 1451 570 1520 Ejus
602 1467 806 1505 mensa
836 1450 968 1506 laeta
1000 1457 1054 1506 et
1084 1451 1244 1508 lauta
1278 1472 1289 1508 :
1325 1455 1425 1509 sed
1459 1470 1524 1509 eo
1555 1455 1740 1510 laetior
1768 1473 1835 1510 ac
1865 1455 2078 1510 lautior

423 1556 536 1608 quo
570 1539 974 1610 spiritualibus
1007 1542 1499 1612 epulis,animum
1529 1544 1716 1614 magis
1749 1561 1921 1615 quam
1957 1561 2076 1600 cor-

426 1645 534 1699 pus
566 1627 958 1684 reﬁcientibus
1005 1647 1069 1684 ac
1102 1631 1510 1702 saginantibus
1542 1639 1664 1688 erat
1713 1633 2071 1690 instructior.

425 1719 730 1788 Symposia
745 1719 871 1788 ejus
894 1717 1205 1774 Platonicis
1228 1725 1388 1776 tanto
1416 1723 1840 1792 praestantiora,
1858 1729 2075 1793 quanto

426 1807 732 1878 theologia,
749 1812 805 1861 et
835 1807 1165 1863 Christiana
1185 1808 1554 1878 philosodhia
1572 1813 1711 1882 (qua
1730 1812 1906 1882 dapes
1940 1828 2076 1866 suas

425 1895 658 1950 condire
677 1900 731 1950 et
761 1913 1064 1968 aspergere
1096 1899 1338 1969 solebat)
1387 1899 1738 1955 Platonicam
1764 1901 2075 1955 antecellit.

425 1984 585 2048 Quod
619 1984 666 2038 si
699 1985 839 2054 quid
877 1984 935 2039 in
958 1985 1042 2040 eis
1076 2003 1108 2040 a
1137 1987 1351 2042 virtute
1383 2005 1647 2042 aversum
1680 1987 2077 2059 aliquibus,ut

427 2072 722 2126 nobilibus
746 2077 803 2126 et
830 2090 994 2128 arma
1021 2075 1430 2145 profitentibus
1453 2077 1688 2146 (quibus
1709 2094 1859 2148 siepe
1879 2077 2075 2132 minus

426 2167 514 2216 est
546 2179 692 2216 cura:
745 2163 932 2233 pietas
963 2168 1018 2218 et
1047 2164 1379 2220 Christiana
1430 2165 1650 2236 religio,
1686 2172 1742 2221 et
1772 2183 1804 2220 a
1835 2167 2070 2236 quibus,

426 2255 488 2304 ut
519 2250 903 2306 nobilissimis
936 2257 992 2306 et
1022 2251 1366 2309 clarissimis
1399 2255 1738 2326 parentibus
1768 2260 1950 2325 ortus,
1985 2257 2072 2310 in-

412 2340 731 2407 visebatur)
753 2340 1062 2407 excideret,
1081 2358 1212 2396 mox
1239 2359 1336 2397 eos
1371 2343 1450 2398 ita
1481 2345 1666 2398 amice
1696 2344 2067 2415 corripiebat,

411 2433 691 2499 tantaque
722 2444 855 2482 cum
881 2433 1183 2484 venustate
1203 2434 1260 2485 et
1283 2430 1496 2495 sale,ut
1528 2432 1685 2502 ipsos
1707 2433 1905 2487 statim
1929 2433 2069 2488 dicti

414 2521 515 2571 aut
548 2516 685 2571 facti
717 2517 1038 2587 paeniteret.
1074 2518 1254 2573 Norat
1283 2520 1436 2574 enim
1470 2519 1566 2574 ille
1599 2520 1744 2574 alter
1774 2520 2067 2593 evangeli-

410 2621 512 2659 cus
543 2605 860 2660 Samarites
895 2604 1086 2661 oleum
1111 2606 1452 2674 lenitatis,et
1481 2608 1680 2662 vinum
1705 2609 2066 2664 austeritatis

409 2699 490 2747 ita
521 2693 765 2748 miscere
795 2698 850 2749 et
881 2699 1224 2766 temperare,
1251 2712 1313 2750 ac
1332 2695 1671 2750 vulneribus
1695 2702 2063 2768 peccatorum

411 2781 738 2851 infundere,
775 2788 837 2836 ut
866 2782 984 2838 illis
1017 2784 1182 2838 facile
1213 2801 1277 2838 ac
1310 2784 1434 2838 sine
1466 2784 1662 2839 dolore
1712 2786 2059 2840 mederetur.

410 2872 600 2936 Quare
631 2871 701 2924 ad
733 2887 864 2925 eum
891 2879 1091 2942 postea
1123 2872 1391 2928 meliores
1424 2875 1782 2939 redibant,et
1811 2875 1880 2928 ab
1913 2876 2064 2943 ejus-

415 2960 572 3014 modi
605 2960 1003 3016 abstinebant.

481 3048 702 3104 Amicis
742 3049 851 3103 fuit
898 3049 1294 3107 amicissimus
1345 3056 1402 3107 et
1449 3051 1939 3108 officiosissimus.
1973 3053 2056 3108 Ad

406 3137 803 3193 conciliandos
833 3139 986 3194 inter
1007 3156 1068 3194 se
1090 3140 1442 3196 dissidentes
1464 3141 1897 3212 paratissimus,
1913 3141 2058 3195 nulli

2188 571 2296 624 mis
2350 573 2743 626 carilinalibus
2811 571 3045 637 Pelvaso,
3100 571 3328 636 Sirleto,
3387 571 3625 639 Caraﬁ‘a,
3689 575 3831 627 Baro

2185 660 2542 727 subdatario,
2576 661 2827 715 Gerardo
2875 661 3062 725 Ursio,
3098 660 3340 725 Morino,
3370 659 3615 730 aliisque
3648 660 3696 714 ei
3731 678 3830 714 no-

2189 749 2343 802 mine
2375 749 2608 819 pietatis
2630 755 2685 803 et
2713 749 3038 804 litterarum
3062 749 3578 817 conjunctissimis,
3601 765 3747 820 quos
3779 754 3834 803 et

2185 837 2309 908 ipse
2340 839 2572 910 scriptis
2620 840 2743 894 suis
2776 838 3108 905 celebravit)
3156 838 3305 909 typis
3335 838 3595 901 mandat,
3627 844 3685 892 et
3727 838 3834 893 hoc

2185 942 2332 997 Opus
2365 928 2436 982 ob
2480 933 2844 998 grassantem
2899 932 3119 997 pestem
3153 927 3378 997 pridem
3428 926 3834 981 intermissum

2186 1020 2372 1083 urget,
2408 1017 2733 1071 renascitur
2760 1016 2870 1071 alvi
2915 1014 3278 1086 proﬂuvium,
3311 1015 3463 1086 quod
3498 1032 3630 1069 mox
3661 1014 3839 1068 comi-

2186 1107 2385 1158 tantur
2434 1105 2653 1175 parotis
2686 1111 2742 1159 et
2791 1104 3096 1159 catarrhus
3141 1104 3391 1158 ubertim
3443 1105 3501 1157 in
3534 1104 3840 1174 pulmones

2187 1192 2450 1246 deﬂuens
2484 1210 2496 1247 :
2532 1192 2753 1263 phthisi
2803 1193 3020 1264 quippe
3052 1193 3289 1256 interiit,
3325 1192 3594 1246 Sentiens
3645 1196 3838 1245 autem

2185 1279 2583 1350 ingravescere
2615 1282 2884 1336 morbum
2905 1281 3123 1349 aliquot
3141 1285 3272 1334 ante
3305 1279 3428 1334 dies
3447 1297 3622 1350 quam
3656 1285 3838 1334 extre-

2188 1383 2350 1420 mum
2399 1368 2712 1432 clauderet,
2765 1369 2932 1432 quasi
2983 1384 3114 1422 cum
3164 1367 3406 1421 Ezechia
3457 1368 3710 1422 audisset
3756 1367 3828 1421 ab

2188 1455 2337 1510 lsaia
2369 1474 2380 1510 :
2415 1457 2644 1527 Dispone
2673 1457 2859 1512 domui
2887 1461 3018 1522 tum,
3046 1473 3164 1511 cras
3195 1458 3342 1510 enim
3372 1458 3627 1510 morieris
3657 1457 3827 1520 “,sa-

2187 1545 2301 1599 cris
2334 1547 2522 1616 primo
2557 1546 2884 1616 postulatis,
2913 1551 2968 1600 et
3001 1545 3089 1616 pie
3120 1546 3394 1615 sumptis,
3428 1551 3603 1615 atque
3638 1550 3833 1614 postea

2187 1635 2464 1705 repetitis,
2499 1635 2654 1704 (nam
2688 1635 2826 1688 dum
2878 1635 3030 1688 bona
3079 1633 3408 1688 valetudine
3461 1634 3748 1688 frueretur
3775 1633 3836 1687 in

2187 1723 2548 1778 celebrandis
2581 1724 2901 1778 tremendis
2927 1723 3218 1795 mysteriis
3244 1724 3632 1777 creberrimus
3665 1727 3723 1777 et
3755 1739 3837 1777 re-

2185 1811 2602 1883 ligiosissimus
2633 1813 2775 1881 erat)
2799 1813 2866 1867 de
2900 1811 3148 1882 singulis
3170 1812 3287 1866 sive
3310 1827 3434 1882 quze
3458 1813 3526 1866 ad
3551 1812 3832 1875 animam,

2189 1901 2307 1957 sive
2338 1918 2465 1971 qua:
2499 1902 2566 1954 ad
2601 1918 2833 1972 corpus,
2866 1900 2984 1955 sive
3016 1917 3139 1970 qua:
3171 1901 3238 1954 ad
3277 1917 3395 1954 rem
3428 1901 3830 1969 domesticam,

2186 1994 2242 2044 et
2272 1989 2623 2060 temporaria
2655 1989 3027 2058 pertinerent,
3049 1989 3127 2042 ita
3158 1989 3548 2058 disposuit,ut
3575 1987 3720 2042 nihil
3744 2005 3837 2059 pe-

2185 2095 2256 2132 ne
2286 2078 2568 2132 intactum
2603 2077 2918 2148 reliquerit,
2946 2077 3118 2147 'eique
3153 2077 3268 2131 fere
3317 2076 3515 2130 omnia
3545 2078 3614 2130 ad
3648 2076 3830 2131 animi

2185 2167 2542 2221 voluntatem
2600 2166 2838 2220 ﬂuxisse
2867 2166 3220 2220 viderentur.
3275 2166 3502 2228 Quanta
3528 2182 3658 2219 vero
3694 2166 3828 2229 fide,

2183 2273 2358 2326 quam
2391 2255 2612 2309 ardenti
2646 2254 2946 2319 charitate,
2981 2271 3154 2324 quam
3191 2254 3479 2324 profunda
3509 2259 3564 2307 et
3606 2254 3832 2322 abjecta

2178 2344 2300 2415 (sed
2336 2360 2438 2414 spe
2488 2343 2794 2398 meliorum
2827 2343 3038 2412 erecta)
3090 2342 3420 2396 humilitate
3451 2342 3556 2396 hoc
3596 2358 3827 2396 sacrum

2178 2432 2475 2499 viaticum,
2509 2432 2568 2486 in
2601 2449 2714 2502 quo
2747 2447 3047 2486 summum
3081 2447 3310 2502 semper
3342 2430 3675 2501 presidium
3710 2431 3828 2484 col-

2178 2520 2486 2586 locaverat,
2521 2525 2576 2574 et
2605 2537 2720 2590 quo
2770 2537 2832 2574 se
2871 2521 2930 2574 in
2981 2520 3271 2575 cmlestem
3325 2524 3580 2573 montem
3635 2519 3830 2573 invitis

2177 2609 2449 2665 omnibus
2472 2609 2742 2664 hostibus
2765 2625 3011 2664 ascensu
3023 2626 3148 2662 rum
3175 2609 3465 2679 sperabat,
3485 2608 3824 2678 sumpserit,

2175 2698 2268 2752 vix
2300 2714 2568 2752 sermone
2598 2697 2868 2769 explicari
2903 2703 3112 2769 potest.

2246 2791 2366 2841 Duo
2397 2792 2614 2850 autem,
2649 2789 2786 2842 dum
2822 2787 2936 2841 alia
2977 2786 3161 2840 multa
3210 2795 3503 2856 praetereo,
3538 2791 3662 2840 tum
3694 2802 3820 2839 ma-

2171 2876 2323 2930 xime
2357 2877 2643 2946 prmstitit.
2677 2875 2958 2945 Alterum,
2994 2876 3172 2946 quod,
3203 2876 3324 2929 viso
3352 2874 3616 2943 Domino,
3648 2874 3697 2928 ei
3748 2875 3820 2928 de

2169 2968 2254 3019 tot
2284 2964 2584 3034 tantisque
2633 2965 2702 3018 ab
2753 2981 2818 3018 eo
2869 2965 3120 3034 acceptis
3165 2962 3458 3018 beneﬁciis
3506 2963 3721 3033 gratias
3751 2979 3819 3018 ex

2169 3054 2388 3118 animo,
2420 3058 2476 3107 et
2523 3057 2775 3123 quantas
2826 3051 3032 3123 potuit,
3084 3051 3285 3122 egerit,
3330 3068 3396 3105 ac
3441 3052 3814 3122 potissimum

2168 3142 2321 3213 quod
2357 3146 2789 3213 perOpportune
2820 3146 2875 3194 et
2905 3142 2975 3195 ad
3008 3141 3132 3194 vitae
3166 3145 3486 3194 extremum
3520 3141 3709 3211 (quasi
3742 3140 3822 3193 vi-

406 3227 703 3295 inimicus,
738 3243 937 3299 pacem
971 3245 1104 3283 cum
1138 3230 1433 3294 omnibus,
1468 3235 1753 3300 quantum
1803 3230 1923 3284 fieri
1958 3247 2054 3301 po-
2089 3212 2132 3279 Ο
2170 3212 2333 3285 deret
2361 3212 2420 3283 in
2455 3247 2515 3284 se
2547 3230 2948 3301 adimpletum,
2984 3230 3138 3300 quod
3184 3230 3432 3284 summis
3462 3230 3608 3283 votis
3646 3229 3814 3283 David

410 3315 542 3383 tuit,
577 3314 795 3371 colens.
828 3317 990 3382 Quod
1024 3317 1071 3371 si
1105 3318 1243 3388 quid
1276 3319 1505 3374 dissidii
1537 3319 1654 3374 sive
1686 3319 2062 3389 disputando,

412 3404 531 3459 sive
584 3405 723 3474 quid
775 3405 934 3460 aliud
987 3406 1272 3473 faciendo,
1309 3408 1454 3462 forte
1503 3407 1886 3476 suboriretur,
1937 3425 2068 3463 mox

415 3493 558 3547 illud
592 3510 936 3564 componere
963 3497 1256 3561 studebat,
1289 3512 1353 3550 ao
1386 3495 1694 3568 diligenter
1722 3497 1976 3562 cavebat,
1997 3513 2069 3551 ne

414 3582 499 3636 sol
529 3582 816 3638 occideret
845 3600 1023 3654 super
1050 3583 1437 3640 iracundiam.
1461 3585 1716 3656 Longius
1743 3589 2070 3640 excurreret

415 3670 668 3726 narratio
701 3672 748 3726 si
783 3671 1018 3744 singula
1043 3673 1134 3743 (de
1167 3673 1382 3743 quibus
1405 3672 1549 3728 alias
1580 3673 1826 3728 fortasse
1859 3674 2067 3742 fusius,

416 3777 550 3815 nam
585 3777 687 3832 pro
716 3760 822 3815 viri
854 3761 1139 3832 dignitate
1171 3766 1228 3816 et
1260 3761 1464 3816 merito
1496 3761 1640 3816 nihil
1675 3761 1816 3816 mihi
1872 3762 2073 3818 hacte-

418 3867 527 3904 nus
579 3850 800 3904 dictum
853 3851 1077 3905 videtur
1127 3851 1289 3904 satis.
1344 3851 1528 3905 Tanto
1577 3850 1733 3904 enim
1785 3849 2072 3922 ampliora

421 3943 679 3992 meretur
726 3938 965 3993 laudum
1019 3955 1261 3993 suarum
1312 3938 1598 4009 praconia
1647 3939 1766 3993 vita
1813 3940 2069 4010 functus,

423 4030 643 4096 quanto
677 4027 864 4098 magis
891 4043 957 4082 ea
984 4032 1302 4098 superstes,
1336 4044 1402 4082 ac
1434 4028 1734 4083 modestus
1767 4028 2073 4084 aversaba-

429 4116 544 4181 tur)
574 4113 631 4167 in
666 4115 880 4185 quibus
901 4115 988 4170 vir
1012 4121 1211 4171 tantus
1233 4115 1520 4184 excelluit,
1541 4133 1606 4172 ac
1628 4133 1690 4172 se
1720 4117 2072 4172 laudabilem

430 4207 485 4256 et
515 4201 918 4257 admirabilem
955 4205 1692 4274 praabuit,commemorare
1713 4204 2074 4261 vellem.Hoc

429 4306 611 4344 unum
644 4295 875 4345 tantum
906 4293 1201 4361 adjiciam,
1229 4310 1340 4348 non
1375 4293 1507 4362 sibi,
1542 4295 1642 4349 sed
1676 4294 1938 4350 Ecclesiaa
1972 4311 2074 4349 na-

423 4384 548 4433 tum
584 4378 787 4446 fuisse,
809 4384 1113 4452 totumque
1145 4382 1196 4436 ei
1227 4383 1525 4438 addictum
1558 4388 1614 4438 et
1645 4389 2070 4439 consecratum.

423 4469 609 4534 Quare
637 4484 770 4522 cum
803 4469 946 4524 nihil
977 4471 1278 4526 ardentius
1309 4477 1760 4542 cuperet,quam
1786 4472 2072 4542 quidquid

426 4557 663 4613 haberet
691 4557 929 4629 ingenii,
965 4559 1262 4625 doctrina,
1296 4577 1495 4629 opum,
1529 4565 1585 4614 et
1612 4560 1826 4614 virium
1861 4560 1916 4613 in
1947 4560 2074 4629 ejus

426 4646 736 4700 utilitatem
771 4654 826 4701 et
855 4647 1200 4719 obsequium
1227 4648 1596 4719 profundere,
1624 4648 1970 4718 timeretque
2003 4665 2075 4703 ne

429 4745 608 4788 morte
642 4751 816 4806 quam
870 4734 950 4789 illi
1007 4738 1339 4807 frequentes
1389 4735 1575 4789 morbi
1627 4735 2071 4805 minitabantur,

427 4831 746 4896 praereptus
781 4826 1007 4880 labores
1038 4842 1178 4880 suos
1209 4830 1264 4879 et
1294 4825 1490 4880 studia
1523 4823 1847 4895 posteritati
1904 4823 2076 4879 relin-

426 4931 604 4985 quere
653 4931 765 4969 non
814 4919 1027 4984 posset,
1059 4930 1087 4968 e
1118 4913 1442 4968 Turonensi
1489 4913 1824 4967 Tossiniaco
1876 4918 2075 4968 nostro

425 5004 686 5057 nondum
723 5004 866 5058 bene
887 5003 1198 5057 obfirmata
1229 5001 1583 5067 valetudine,
1614 5019 1681 5056 ex
1713 5001 1828 5055 alvi
1860 5003 2080 5073 proﬂuo

423 5090 512 5146 vio
545 5091 862 5161 debilitata,
884 5093 1032 5146 mira
1064 5091 1242 5145 animi
1275 5090 1572 5146 alacritate
1605 5091 1661 5144 in
1695 5089 1845 5146 hanc
1874 5092 2074 5145 urbem

425 5196 486 5235 se
515 5180 779 5235 contulit.

500 5268 606 5323 Ubi
636 5286 767 5323 cum
800 5269 1012 5323 iterum
1045 5268 1241 5324 omnia
1279 5270 1393 5322 divi
1439 5268 1696 5339 Gregorii
1730 5269 2075 5325 Nazianzeni

427 5374 602 5428 opera
631 5363 943 5430 repurgata
971 5363 1026 5412 et
1050 5357 1228 5412 multo
1260 5361 1520 5413 auctiora
1540 5358 2074 5429 facta(conquisitis

427 5447 709 5502 nimirum
744 5447 1151 5518 undecumque
1180 5448 1468 5502 veteribus
1492 5446 1706 5502 Graecis
1740 5446 2074 5519 exemplari-

502 5667 546 5700 ’°
572 5664 777 5723 Matth.
805 5681 957 5731 xxxv,
988 5665 1078 5720 28.
1155 5665 1197 5700 ⁹¹
1230 5663 1339 5720 Job
1369 5680 1522 5734 xxix,
1555 5663 1641 5718 l5.
1720 5662 1765 5698 ”
1797 5662 1908 5719 Isa.
1942 5677 2175 5733 xxxvm,
2214 5666 2260 5716 t.

2177 3319 2450 3389 poscebat
2497 3319 2586 3372 his
2639 3318 2874 3372 verbis:
2931 3319 3004 3372 Ne
3045 3318 3302 3387 projicias
3345 3335 3431 3372 me
3478 3320 3537 3371 in
3586 3327 3823 3388 tempore

2174 3410 2488 3473 senectutis,
2521 3424 2641 3461 cum
2674 3407 2931 3477 defecerit
2978 3408 3152 3461 virtus
3179 3422 3320 3475 mea,
3366 3423 3434 3461 ne
3473 3406 3825 3477 derelinquas

2176 3513 2262 3551 me
2292 3497 2358 3567 93)
2391 3496 2677 3550 Dominus
2708 3511 2959 3560 servum,
2996 3499 3145 3549 Deus
3176 3499 3528 3561 creaturam,
3560 3511 3656 3549 rex
3687 3498 3828 3550 sub-

2178 3586 2390 3649 ditum,
2414 3601 2686 3640 summus
2723 3585 2983 3638 medicus
3014 3585 3451 3654 aegrotum,vita
3484 3585 3825 3639 morientem

2179 3674 2448 3740 invisere,
2481 3679 2536 3727 et
2571 3675 2678 3727 sub
2711 3677 2930 3727 tectum
2958 3689 3131 3726 suum
3165 3672 3382 3726 intrare
3415 3673 3691 3743 dignatus
3726 3674 3825 3739 sit,

2181 3780 2246 3818 ac
2277 3779 2409 3818 cum
2442 3779 2506 3816 eo
2541 3762 2696 3817 velut
2727 3763 2784 3816 in
2817 3761 2960 3816 lecto
2991 3761 3474 3831 decumbere,qui
3501 3778 3631 3815 cum
3659 3761 3827 3816 Jose-

2181 3851 2296 3923 pho
2330 3851 2515 3905 fuerat
2545 3850 2601 3903 in
2627 3865 2874 3913 carcere,
2900 3854 2955 3904 et
2985 3865 3118 3903 cum
3146 3849 3292 3904 Jona
3311 3849 3366 3903 in
3393 3848 3568 3919 piscis
3590 3854 3823 3904 ventre:

2179 3940 2414 3995 Amicus
2433 3939 2649 4010 quippe
2666 3943 2858 3993 certus
2875 3938 2933 3992 in
2949 3937 3239 3992 reincerta
3251 3939 3526 3993 cernitur.
3543 3940 3825 4003 Alterum,

2181 4029 2335 4100 quod
2370 4027 2684 4084 commissa
2715 4043 2824 4082 sua
2870 4025 3212 4098 gravissime
3251 4027 3590 4096 detestatus,
3626 4043 3827 4081 eorum

2181 4119 2406 4174 veniam
2442 4133 2675 4172 summa
2707 4132 2839 4170 cum
2873 4114 3229 4186 pcnnitudine
3245 4120 3300 4169 et
3317 4116 3508 4170 cordis
3537 4115 3832 4170 contritio-

2183 4223 2256 4262 ne
2285 4205 2600 4277 petierit.In
2636 4205 2851 4274 quibus
2883 4208 2999 4257 tam
3023 4203 3134 4274 piis
3155 4208 3212 4258 et
3233 4202 3594 4271 elegantibus
3616 4203 3828 4269 verbis,

2184 4300 2284 4350 aut
2311 4295 2468 4350 velut
2493 4309 2707 4364 cygneo
2743 4293 2995 4363 quodam
3031 4297 3206 4346 cantu
3241 4309 3386 4346 usus
3416 4297 3525 4355 est,
3547 4299 3608 4346 ut
3640 4297 3834 4346 astan-

2186 4391 2271 4440 tes
2303 4384 2359 4438 in
2405 4383 2495 4437 sui
2547 4381 2995 4436 admirationem
3049 4387 3293 4452 raperet,
3327 4397 3391 4435 ac
3423 4383 3504 4435 eis
3549 4381 3834 4452 lacrymas

2185 4476 2494 4528 excuteret.

2105 4577 2152 4641 Β
2256 4560 2446 4614 Pridie
2478 4575 2608 4614 vero
2665 4575 2840 4628 quam
2882 4557 3036 4629 piam
3089 4557 3310 4612 efﬂaret
3367 4558 3622 4612 animam
3672 4574 3836 4613 sacro

2183 4649 2358 4703 etiam
2393 4647 2516 4702 oleo
2567 4646 2773 4716 inungi
2805 4645 2984 4701 voluit
3030 4651 3306 4700 strenuus
3340 4646 3550 4700 Christi
3596 4646 3836 4714 athleta,

2184 4736 2284 4808 qui
2317 4737 2537 4791 bonum
2571 4740 2864 4789 certamen
2905 4739 3241 4798 certaverat,
3272 4751 3507 4788 cursum
3560 4751 3838 4789 consum-

2186 4831 2464 4892 maverat,
2500 4826 2672 4878 ﬁdem
2725 4828 3068 4890 servaverat,
3105 4841 3173 4876 ne
3205 4840 3320 4893 qua
3371 4830 3530 4893 parte
3571 4839 3837 4893 compre-

2184 4916 2356 4971 hcndi
2391 4918 2586 4985 posset
2615 4912 2685 4966 ab
2717 4911 2970 4966 inimicis
3001 4912 3255 4982 illis,qui
3292 4918 3410 4966 toto
3433 4913 3670 4983 quidem
3705 4913 3835 4968 vite

2188 5010 2464 5074 tempore,
2493 5002 2592 5056 sed
2630 5001 2880 5055 maxime
2913 5001 3181 5056 calcaneo
3215 5005 3412 5055 nostro
3443 5001 3707 5055 insidiari
3741 5018 3835 5055 so-

2185 5093 2321 5148 lent.
2360 5092 2420 5145 In
2453 5108 2569 5162 qua
2599 5106 2766 5144 sacra
2796 5094 2853 5144 et
2883 5095 3140 5144 extrema
3169 5090 3440 5145 unctione
3472 5106 3602 5144 cum
3638 5107 3669 5143 a
3699 5090 3840 5144 San-

2185 5180 2482 5234 severiano
2532 5177 2770 5232 curione
2824 5194 2930 5232 suo
2980 5178 3195 5232 Jacobo
3257 5177 3516 5232 Prevotio
3571 5177 3838 5249 theologo

2185 5267 2394 5323 eximio
2435 5269 2505 5321 de
2539 5282 2696 5320 more
2728 5266 3115 5320 sanctissimae
3149 5265 3377 5321 Triadis
3410 5267 3832 5332 misericordia,

2185 5363 2242 5411 et
2273 5356 2527 5411 caelitum
2579 5353 2994 5425 imploraretur
3039 5355 3449 5426 patrocinium,
3482 5355 3541 5408 in
3592 5355 3839 5424 singulis

2185 5461 2253 5500 ea
2281 5461 2384 5516 spe
2414 5448 2470 5498 et
2513 5441 2726 5497 fiducia
2775 5440 3185 5511 respondebat,
3219 5446 3284 5496 ut
3329 5458 3529 5497 eorum
3577 5446 3835 5512 paratam

2337 5659 2381 5696 ⁸³
2415 5658 2567 5717 Psal.
2600 5676 2724 5729 an,
2756 5659 2810 5714 9.
