4184 6202
314 343 436 404 385

1533 340 1886 403 ELOGIUM
1929 339 2203 401 JACOBI
2250 342 2502 404 BlLLII.

3615 353 3733 414 386

312 473 425 529 sibi
458 489 651 543 opem,
685 478 742 528 et
771 489 900 527 cum
932 473 1110 528 Jacob
1133 477 1324 527 castra
1350 471 1526 539 Dei“,
1559 473 1667 541 vel,
1693 488 1824 526 cum
1850 469 1964 525 Eli-
1994 473 2047 537 Α
2076 471 2336 527 Natalem
2375 473 2598 528 Domini
2621 474 2795 530 diem.
2820 480 2896 531 De
2917 477 3087 546 cujus
3112 479 3388 550 mysterio
3413 485 3725 554 postquam

315 580 430 617 sieo
464 563 666 632 igneos
699 569 753 616 et
784 562 1096 616 auxiliares
1127 564 1279 615 circa
1309 578 1370 616 se
1427 578 1607 634 equos
1665 567 1715 615 et
1767 575 1973 614 currus

315 653 515 706 videre
540 653 836 706 videretur
864 653 906 684 ⁹⁵
933 668 945 704 :
997 652 1190 721 Ληρειί
1225 653 1373 705 enim
1408 652 1622 705 Domini
1651 653 1710 704 in
1739 651 1976 704 circuitu

321 742 643 796 timentium
670 741 870 794 eum“.
905 739 1066 794 Unde
1091 739 1250 794 nullo
1285 755 1546 811 unquam
1580 744 1734 793 metu
1769 736 1974 792 mortis

318 834 734 885 consternatus
768 830 1056 901 apparuit,
1084 829 1224 899 quin
1256 845 1322 883 eo
1345 829 1601 900 vegetior
1621 834 1676 884 et
1707 828 1973 894 alacrior,

319 937 434 991 quo
468 936 530 974 se
563 919 770 989 maiori
799 925 854 973 et
884 919 1192 989 potentiori
1225 919 1500 974 comitatu
1560 918 1859 988 stipatum,
1919 921 1976 970 et

324 1008 552 1079 portui,
587 1012 719 1078 post
747 1007 1056 1077 traiectum
1080 1006 1261 1077 hujus
1286 1005 1477 1061 saeculi
1510 1005 1895 1078 procellosum
1918 1009 1975 1059 et

316 1096 601 1169 periculis
633 1095 870 1166 plenum
906 1095 1630 1166 fretum,propinquiorem
1663 1094 1971 1150 sentiebat.

391 1186 454 1240 In
477 1185 585 1240 hoc
614 1191 808 1240 autem
835 1189 1125 1256 postremo
1155 1200 1260 1238 suo
1285 1184 1486 1238 morbo
1511 1184 1974 1255 patientissimus

315 1281 382 1329 ut
414 1274 548 1329 aliis
567 1275 625 1328 in
648 1274 922 1328 omnibus
944 1289 1174 1344 semper
1192 1273 1321 1337 fuit,
1339 1272 1771 1343 nihilquealiud
1796 1289 1972 1342 quam

314 1365 387 1419 de
425 1365 560 1427 Deo,
593 1364 780 1432 deque
819 1378 1049 1417 summa
1071 1363 1199 1431 ejus
1227 1378 1363 1434 erga
1387 1366 1713 1432 peccatores
1746 1361 1972 1416 miseri-

316 1452 536 1514 cordia,
573 1451 729 1506 velut
751 1455 978 1505 vastum
1011 1450 1306 1520 quoddam
1338 1466 1493 1504 mare
1525 1450 1720 1505 omnia
1743 1455 1976 1520 peccata

319 1544 630 1604 obruente,
661 1541 862 1595 audire
892 1539 1142 1595 volebat.
1204 1542 1464 1609 Cumque
1514 1543 1581 1594 de
1639 1557 1704 1595 ea
1761 1539 1973 1611 saepius

318 1631 501 1685 verba
531 1632 800 1699 facerem,
835 1635 891 1683 et
921 1629 991 1683 de
1039 1628 1236 1683 saeculi
1270 1629 1445 1698 hujus
1479 1629 1752 1696 miseriis,
1787 1630 1974 1700 deque

319 1721 406 1775 eis
438 1719 725 1790 oppositis
743 1718 976 1789 gaudiis
998 1716 1332 1771 coelestibus
1351 1734 1475 1788 quae
1498 1717 1632 1772 hinc
1653 1718 1971 1789 emigratu-

322 1826 420 1864 ros
471 1808 646 1862 solari
679 1812 734 1862 et
766 1805 1087 1861 exhilarare
1121 1804 1327 1870 solent,
1353 1807 1601 1876 jubebat
1653 1812 1714 1860 ut
1739 1807 1808 1860 de
1841 1823 1970 1878 pec-
2003 1842 2048 1906 Β

319 1899 430 1952 cati
467 1897 640 1951 etiam
674 1895 957 1967 gravitate
988 1901 1044 1948 et
1079 1895 1274 1949 faetore
1307 1895 1580 1962 dicerem,
1639 1913 1752 1966 quo
1785 1895 1971 1966 magis

319 2003 568 2041 suorum
601 1990 752 2056 (quae
784 1989 936 2038 certe
957 1982 1041 2038 vel
1069 1983 1247 2049 nulla,
1282 1982 1366 2037 vel
1399 1984 1773 2054 paucissima,
1791 2001 1973 2055 eaque

318 2093 449 2147 qua
481 2075 826 2129 humanitus
858 2073 1086 2127 admitti
1113 2072 1322 2136 solent,
1340 2078 1396 2127 et
1421 2091 1452 2126 a
1475 2073 1690 2144 quibus
1713 2075 1802 2128 vix
1823 2074 1971 2144 opti-

321 2181 456 2218 mus
481 2163 731 2235 quisque
746 2179 805 2216 se
830 2162 1118 2215 vindicare
1132 2166 1340 2232 potest,
1356 2162 1411 2214 in
1430 2179 1494 2216 eo
1509 2179 1768 2232 unquam
1784 2163 1972 2217 anim-

319 2252 543 2307 adverti
571 2270 582 2305 :
619 2252 716 2306 sed
744 2253 925 2318 justus
953 2255 1029 2304 est
1053 2251 1210 2320 prior
1236 2259 1527 2305 accusator
1555 2252 1660 2321 sui)
1716 2268 1848 2306 eum
1883 2255 1976 2306 tae-

318 2344 506 2408 deret,
569 2339 895 2410 majorique
949 2339 1144 2394 dolore
1190 2343 1246 2393 et
1278 2339 1514 2394 horrore
1546 2345 1971 2395 concuteretur.

319 2430 624 2486 Gaudebat
654 2435 711 2482 et
740 2426 1181 2498 Psalmographi
1209 2426 1600 2482 hemistichiis
1615 2429 1684 2482 ad
1719 2429 1974 2484 excitan-

320 2521 458 2575 dam
498 2522 743 2572 suamet
775 2522 1050 2584 mentem,
1084 2525 1136 2570 el
1187 2516 1526 2570 memoriam
1588 2533 1787 2572 eorum
1849 2535 1975 2589 quae

319 2610 450 2679 ipse
484 2624 667 2661 sanus
695 2606 763 2660 ad
785 2607 984 2659 mortis
1014 2605 1212 2676 (quam
1239 2603 1407 2659 lar-tus
1430 2610 1484 2659 et
1516 2605 1974 2677 pervigilexspe-

321 2697 561 2750 ctabat:
598 2695 813 2765 quippe
843 2693 933 2746 cui
959 2693 1144 2747 vivere
1175 2692 1466 2758 Christus,
1494 2699 1551 2748 et
1575 2695 1711 2748 mori
1745 2695 1973 2750 lucrum

320 2789 480 2839 esset
509 2784 570 2852 ςδεῖ)
605 2782 876 2836 viaticum
909 2781 1018 2835 sibi
1054 2787 1373 2852 paraverat.
1409 2782 1552 2836 Nam
1586 2782 1786 2852 paucis
1809 2784 1972 2837 audi-

319 2874 400 2926 tis
422 2871 746 2942 (siquidem
773 2869 937 2940 plura
960 2871 1089 2940 ejus
1113 2871 1415 2925 cerebrum
1438 2872 1583 2926 ferre
1600 2888 1712 2925 non
1730 2874 1974 2943 poterat)

319 2963 447 3032 ipse
473 2966 670 3031 postea
693 2959 936 3013 sublatis
951 2958 1244 3030 semperin
1261 2959 1444 3013 altum
1470 2959 1652 3013 oculis
1678 2960 1792 3014 haec
1818 2960 1972 3030 apud

320 3067 386 3104 se
421 3049 730 3112 meditans,
766 3055 820 3103 et
850 3065 1008 3102 more
1031 3047 1382 3102 mundorum
1416 3046 1761 3102 animalium
1794 3049 1975 3102 rumi-

321 3154 475 3191 nans
507 3136 736 3190 velutin
769 3136 976 3193 cmlum
1008 3136 1360 3206 rapiebatur.
1386 3135 1649 3207 Cumque
1673 3136 1755 3190 illi
1780 3153 1976 3208 perpe-

322 3232 429 3281 tno
461 3227 803 3290 assiderem,
829 3231 883 3281 et
906 3225 1042 3295 quid
1075 3205 1244 3296 agere
1261 3224 1475 3279 tacitus
1499 3205 1812 3295 aliquando
1841 3205 1971 3280 con-
2005 3205 2047 3270 ί]

322 3314 662 3385 templarer,
686 3315 810 3385 ipse
834 3314 1170 3368 meditando
1195 3313 1279 3368 vel
1300 3315 1589 3384 precando
1612 3313 1805 3368 fessus
1831 3332 1844 3369 :
1869 3317 1980 3387 Age

326 3420 487 3467 vero,
521 3404 845 3474 inquiebat,
879 3403 969 3457 dic
1001 3402 1244 3473 aliquid.
1279 3403 1428 3457 Tum
1461 3418 1565 3474 ego
1595 3403 1664 3458 de
1705 3403 1980 3458 thesauro

327 3492 547 3548 biblico
581 3492 942 3563 proferebam
977 3492 1147 3546 modo
1180 3508 1324 3546 nova
1357 3492 1644 3562 quaedam,
1682 3493 1852 3546 modo
1884 3509 1979 3546 ve-

329 3588 457 3637 tera
485 3583 546 3644 ",
581 3598 797 3652 eosque
829 3581 1010 3635 animi
1042 3581 1226 3646 cibos,
1260 3581 1474 3651 quibus
1535 3597 1669 3636 eum
1730 3581 1983 3636 libenter

324 3671 502 3739 vesci,
534 3670 842 3743 palatoque
873 3671 998 3739 ejus
1044 3669 1298 3724 arridere
1330 3669 1401 3724 ad
1451 3669 1720 3725 Rebeccte
1785 3669 1979 3725 imita-

321 3761 547 3815 tionem
595 3776 884 3814 noveram.
920 3759 1193 3814 Dicebam
1225 3763 1281 3812 et
1322 3760 1392 3813 de
1423 3759 1735 3813 salutiferae
1786 3759 1978 3815 crucis

322 3848 630 3916 mysterio,
682 3849 848 3918 cujus
904 3847 1241 3916 imaginem,
1277 3852 1339 3901 ut
1397 3864 1597 3902 verum
1648 3854 1979 3919 serpentem

319 3953 550 3992 aneum
572 3937 642 3990 ab
663 3936 935 3991 omnibus
955 3936 1256 3990 venenatis
1279 3935 1501 4006 antiqui
1525 3937 1812 4007 serpentis
1833 3953 1978 3992 mor-

315 4025 490 4081 sibus
519 4031 845 4094 curantem,
872 4024 998 4080 fixis
1021 4024 1206 4079 oculis
1239 4025 1574 4078 intuebatur
1605 4026 1644 4090 ί,
1671 4024 1976 4080 osculaba-

309 4119 432 4180 tur,
470 4112 912 4184 amplexabatur
943 4132 954 4167 :
990 4112 1234 4184 hacque,
1266 4111 1425 4167 velut
1453 4111 1609 4167 scala
1665 4111 1864 4180 Jacob,
1901 4115 1971 4169 ad

313 4203 632 4259 Dominum
668 4202 776 4272 ipsi
810 4202 1076 4256 innixum
1107 4207 1164 4256 et
1195 4201 1495 4270 suffixum,
1537 4218 1602 4255 ac
1661 4201 1771 4256 sibi
1803 4203 1974 4273 quasi

315 4307 562 4347 manum
596 4290 729 4345 inde
762 4291 1149 4362 porrigentem
1185 4289 1326 4361 rapi,
1360 4290 1494 4344 etin
1528 4290 1732 4346 caelum
1765 4307 1976 4346 ascen-

318 4381 459 4435 dere
487 4379 792 4435 videbatur
821 4380 862 4434 ².
887 4380 1118 4435 Accersi
1149 4382 1205 4433 et
1237 4378 1557 4450 ipsejussit
1588 4379 1831 4451 amicos,
1867 4379 1972 4435 ali-

319 4485 472 4540 quos
493 4467 792 4541 theologos
823 4467 979 4522 viros
1010 4467 1210 4522 doctos
1241 4472 1297 4522 et
1347 4467 1492 4538 pios,
1525 4484 1775 4538 quorum
1835 4486 1971 4525 con~

319 4558 644 4614 solationes
674 4556 1063 4612 libentissime
1092 4555 1434 4626 excipiebat.

399 4649 484 4701 Ita
533 4651 840 4718 prorogata
869 4649 958 4701 est
986 4645 1066 4699 illi
1098 4645 1214 4700 vita
1234 4645 1394 4716 (nam
1424 4649 1544 4701 toto
1575 4660 1719 4717 pene
1737 4647 1968 4702 Adven-

317 4743 420 4792 tus
452 4741 712 4807 tempore
743 4735 800 4789 in
833 4735 978 4790 lecto
1007 4735 1387 4803 decumbens,
1416 4733 1964 4807 eo,velutsuggesto

315 4826 382 4881 in
415 4825 803 4896 praedicandis
835 4823 935 4879 Dei
968 4822 1245 4878 laudibus
1276 4839 1420 4877 usus
1453 4822 1640 4894 est)in
1701 4829 1966 4880 sanctam

2084 559 2271 614 multa
2303 577 2394 614 me
2424 561 2710 617 dicentem
2735 564 3037 629 audiisset,
3071 571 3125 620 et
3149 567 3316 637 plura
3338 569 3461 639 ipse
3491 573 3734 629 medita-

2082 651 2179 701 tus
2212 647 2417 702 fuisset
2446 651 2602 718 (nam
2634 668 2741 705 vox
2775 651 2852 705 illi
2889 653 3240 723 impediente
3272 656 3520 712 fluxione
3554 659 3737 716 libera

2085 752 2196 790 non
2232 739 2373 807 erat)
2408 737 2545 792 hora
2603 755 2751 794 nono
2795 741 3070 803 serotina,
3133 743 3402 814 pulsante
3462 747 3734 804 Sorbonaa

2084 841 2387 895 campana,
2421 825 2574 880 velut
2603 828 2752 895 sejad
2784 845 3056 884 somnum
3081 833 3550 902 compositurus:
3584 837 3726 891 Sub-

2082 913 2270 968 vehite
2303 930 2415 979 me,
2450 915 2529 968 ait
2577 916 2931 972 astantibus.
2983 923 3108 973 Mox
3157 937 3279 991 ego,
3340 922 3442 993 qui
3489 941 3555 979 ex
3605 927 3733 997 ejus

2084 1001 2274 1056 verbis
2308 1001 2570 1074 aliquam
2603 1003 2832 1059 dicendi
2878 1008 3241 1062 occasionem
3275 1027 3504 1082 semper
3542 1019 3740 1085 capta-

2086 1091 2240 1160 bam,
2275 1096 2331 1145 et
2362 1091 2588 1146 vultum
2621 1094 2748 1162 ejus
2794 1095 2918 1164 jam
2952 1095 3253 1151 immutari
3285 1098 3551 1156 videbam
3580 1120 3591 1157 :
3626 1104 3733 1174 En,

2084 1179 2195 1245 aio,
2231 1181 2541 1235 subvectus
2571 1197 2632 1236 es
2668 1198 2678 1236 :
2715 1183 2812 1237 sed
2849 1182 3045 1252 altius,
3094 1194 3146 1239 el
3179 1185 3238 1240 in
3271 1187 3475 1243 caalum
3536 1191 3729 1261 ipsum

2085 1269 2515 1324 subvehendus.
2550 1271 2691 1326 Ecce
2722 1271 2935 1327 chorus
2967 1273 3322 1342 angelorum-
3356 1283 3412 1332 et
3443 1277 3540 1334 ille
3572 1281 3736 1336 coele-

2085 1360 2192 1414 stis
2224 1358 2440 1413 militiaa
2473 1360 2777 1427 exercitus,
2812 1362 2908 1432 qui
2957 1362 3129 1418 hodie
3159 1364 3228 1419 de
3260 1365 3418 1420 caelis
3469 1367 3527 1422 in
3563 1385 3733 1424 mun-

2085 1448 2224 1502 dum
2259 1448 2560 1503 descendit
2591 1451 2661 1504 ad
2720 1453 3117 1521 personandas
3168 1453 3262 1508 Dei
3297 1454 3520 1521 laudes,
3549 1461 3605 1511 et
3663 1461 3732 1513 ad

2085 1537 2211 1606 pios
2245 1553 2449 1591 omnes
2479 1537 2911 1606 exhilarandos,
2961 1541 3031 1594 ad
3060 1546 3114 1595 te
3145 1543 3318 1597 etiam
3351 1545 3617 1613 accessit,
3651 1552 3732 1602 te-

2083 1641 2195 1695 que
2226 1626 2589 1691 circumstat,
2623 1626 2703 1680 illi
2737 1629 3013 1698 adjuncto
3047 1629 3222 1686 fratre
3256 1637 3352 1686 tuo
3385 1649 3418 1686 a
3449 1633 3728 1690 Gallione.

2082 1715 2239 1784 (Erat
2296 1715 2450 1769 enim
2485 1716 2534 1769 ei
2590 1716 2764 1770 frater
2821 1715 2916 1771 ille
2966 1717 3123 1788 prior
3181 1736 3342 1774 novae
3373 1721 3734 1780 Chartbusize

2083 1802 2474 1858 Gallionensis
2505 1803 2890 1859 charissimus
2921 1811 2977 1859 et
3004 1807 3561 1878 desideratissimus,
3598 1829 3730 1866 cum

2081 1898 2316 1963 propter
2344 1898 2564 1947 natura:
2586 1899 2642 1947 et
2666 1909 2883 1964 magnae
2941 1896 3414 1967 necessitudinis,
3461 1916 3586 1970 quae
3620 1901 3736 1956 illis

2083 1979 2428 2034 abinfantia
2460 1981 2886 2049 intercesserat,
2931 1983 3249 2053 vinculum,
3313 1992 3438 2041 tum
3501 1995 3735 2060 propter

2083 2068 2446 2138 singularem
2479 2069 2657 2124 animi
2693 2071 2820 2140 ejus
2847 2072 3179 2142 candorem,
3213 2079 3267 2129 et
3299 2092 3592 2131 summam
3608 2078 3734 2133 vita:

2083 2157 2530 2228 integritatem.)
2551 2159 2656 2226 En,
2682 2175 2833 2225 ecce,
2854 2160 2965 2226 aio,
2991 2161 3044 2214 hi
3072 2167 3125 2216 te
3152 2179 3357 2219 omnes
3377 2170 3574 2234 aperto
3599 2167 3730 2220 sinu

2083 2249 2140 2300 et
2169 2246 2352 2300 obviis
2377 2247 2531 2301 ulnis
2553 2248 2848 2318 excepturi
2875 2254 3234 2320 exspectant,
3260 2268 3326 2306 eo
3354 2268 3489 2324 erga
3519 2259 3593 2320 te,
3620 2271 3733 2324 quo

2082 2350 2220 2404 erga
2241 2335 2541 2401 Lazarum,
2576 2335 2828 2391 functuri
2854 2337 3064 2407 officio,
3091 2343 3269 2410 utque
3301 2339 3436 2395 hinc
3457 2357 3590 2396 cum
3615 2342 3734 2398 illis

2084 2422 2142 2476 in
2175 2422 2382 2477 caelum
2418 2425 2654 2496 migras.
2687 2426 2854 2492 Tum,
2885 2428 3065 2480 Amen
3101 2427 3375 2497 inquiens
3431 2430 3734 2500 (praesente

2083 2517 2139 2568 et
2160 2514 2429 2569 audiente
2450 2516 2748 2570 communi
2764 2516 2951 2572 amico
2974 2517 3368 2591 Genebrardo)
3384 2521 3733 2576 obdormivit

2084 2601 2142 2656 in
2176 2602 2419 2658 Domino
2454 2604 2601 2659 inter
2631 2621 2789 2660 meos
2821 2605 3140 2677 amplexus,
3203 2613 3511 2679 postquam
3545 2627 3732 2666 annos

2086 2689 2218 2761 plus
2241 2692 2443 2762 viginti
2473 2694 2777 2748 continuos
2807 2694 2981 2749 simul
3006 2695 3362 2752 amicissime
3393 2703 3449 2752 et
3478 2697 3537 2753 in
3571 2705 3732 2754 utra-

2084 2795 2198 2850 que
2233 2781 2466 2836 fortuna
2497 2784 2707 2838 versati
2741 2800 2970 2839 sumus.

2161 2869 2356 2924 Dicere
2387 2869 2540 2925 enim
2577 2871 2892 2942 aliquando
2925 2871 3148 2928 solebat
3179 2890 3312 2929 cum
3346 2875 3415 2930 de
3465 2893 3556 2932 me
3605 2876 3736 2933 aliis

2085 2972 2384 3013 sermones
2417 2965 2651 3027 sereret,
2689 2977 2792 3015 nos
2822 2961 3054 3017 dextras
3086 2964 3382 3018 societatis
3414 2965 3519 3035 (sic
3552 2967 3732 3031 j’enim

2083 3045 2153 3100 de
2177 3045 2414 3103 alumno
2438 3065 2544 3102 suo
2568 3049 2751 3104 amice
2774 3049 2931 3121 loqui
2961 3049 3204 3122 solebat)
3229 3052 3480 3118 dedisse,
3499 3055 3658 3109 nulla
3682 3055 3739 3109 vi

2084 3133 2196 3188 nisi
2227 3136 2428 3190 mortis
2451 3135 2892 3208 disjungendas.
2917 3139 3078 3205 Quod
3092 3156 3323 3196 summo
3340 3141 3440 3196 Dei
3457 3143 3738 3198 beneficio

2089 3221 2242 3277 inter
2273 3223 2388 3277 alia
2420 3224 2601 3279 multa
2634 3225 2777 3280 mihi
2809 3225 3070 3298 contigit.
3103 3227 3216 3282 Nec
3266 3228 3422 3284 enim
3455 3228 3574 3286 ullo
3624 3230 3736 3286 alio

2091 3327 2352 3382 unquam
2386 3313 2611 3368 diutius
2642 3318 2698 3368 et
2720 3314 3069 3370 familiarius
3102 3333 3245 3371 usus
3277 3321 3384 3384 est,
3427 3335 3531 3374 nec
3566 3319 3728 3374 alteri

2091 3400 2361 3471 cuiquam
2393 3402 2474 3468 (ni
2509 3401 2694 3473 fallor)
2718 3420 2824 3458 sua
2853 3403 3129 3460 libentius
3165 3421 3230 3460 ac
3262 3405 3490 3462 fidelius
3524 3424 3735 3464 arcana

2091 3490 2404 3544 commisit.
2438 3493 2592 3554 Quas
2622 3490 2694 3544 ob
2726 3506 2838 3561 res,
2873 3495 2928 3545 et
2959 3491 3015 3544 in
3048 3491 3198 3562 grati
3230 3493 3410 3548 animi
3462 3493 3733 3550 testifica-

2089 3579 2305 3635 tionem
2331 3580 2438 3635 hoc
2459 3580 2588 3650 ejus
2607 3578 2860 3650 elogium
2880 3580 3105 3652 scripsi,
3120 3581 3738 3652 eiqueluctuosissime

2091 3669 2413 3740 parentavi.
2445 3668 2600 3723 Obiit
2620 3673 2813 3723 autem
2835 3684 3033 3724 servus
3058 3669 3306 3737 Domini,
3331 3675 3387 3724 et
3409 3671 3735 3726 litterarum

2089 3758 2268 3813 decus
2299 3775 2451 3812 anno
2483 3757 2667 3812 aetatis
2698 3775 2814 3812 suae
2845 3758 3292 3830 quadragesimo
3326 3760 3596 3829 septimo,
3637 3766 3713 3813 Lu

2089 3848 2236 3902 tetize
2266 3846 2640 3914 Parisiorum,
2677 3847 2980 3900 inaedibus
3012 3846 3183 3901 amici
3245 3847 3488 3901 Gilberti
3547 3849 3730 3902 Gene-

2087 3936 2282 3990 brardi
2308 3934 2559 4006 theologi
2580 3934 2944 4003 Parisiensis,
2970 3934 3298 3989 divinarum
3323 3935 3734 3990 Hebraicarum

2087 4023 2417 4078 litterarum
2454 4023 2820 4095 professoris,
2853 4040 3004 4078 anno
3037 4023 3244 4078 salutis
3288 4040 3538 4080 Μυωιιιιιι
3601 4025 3740 4080 hora

2088 4128 2242 4166 nona
2289 4111 2543 4167 serotina
2582 4110 2696 4165 diei
2724 4108 2884 4165 illius
2917 4127 3031 4182 quo
3060 4112 3324 4166 Christus
3356 4112 3636 4168 Dominus
3680 4114 3737 4167 in

2087 4201 2374 4255 mundum
2399 4200 2570 4267 venit,
2606 4203 2836 4266 uteum,
2862 4205 3212 4270 caeterosque
3245 4201 3371 4271 pios
3401 4203 3528 4270 ejus
3567 4202 3730 4257 simi-

2086 4289 2170 4345 les
2201 4289 2259 4344 in
2277 4289 2485 4344 coelum
2519 4293 2862 4343 assumeret.
2890 4288 3029 4359 Ejus
3052 4305 3264 4360 corpus
3288 4289 3490 4344 multis
3518 4291 3734 4345 studiis

2082 4377 2316 4451 vigiliis,
2349 4395 2413 4433 ac
2445 4376 2742 4432 laboribus
2775 4393 2879 4448 pro
2911 4376 3009 4432 Dei
3041 4377 3297 4433 Ecclesia
3319 4379 3461 4434 dum
3517 4379 3733 4435 viveret

2084 4467 2397 4541 protritum
2424 4471 2480 4522 et
2507 4467 2878 4532 exhaustum,
2912 4466 2969 4520 in
3001 4467 3177 4522 choro
3207 4467 3347 4523 aedis
3376 4471 3584 4523 Sancto
3637 4469 3734 4522 Se-

2001 4570 2048 4634 D
2079 4558 2274 4614 verino
2309 4573 2484 4612 sacra
2515 4556 2584 4610 ad
2617 4556 2808 4627 magni
2841 4554 3043 4611 altaris
3096 4557 3360 4612 dextram
3400 4557 3617 4613 dormit
3668 4558 3724 4611 in

2082 4647 2336 4720 pulvere,
2364 4646 2544 4700 donec
2567 4661 2600 4700 a
2631 4643 2877 4700 Domino
2900 4644 3197 4711 excitetur,
3232 4661 3298 4700 ac
3323 4646 3504 4700 beatae
3517 4646 3675 4701 anim
3697 4664 3739 4700 ae

2081 4740 2419 4793 sanctorum
2451 4733 2716 4789 laborum
2740 4749 2983 4789 suorum
3007 4733 3178 4788 sociae
3225 4738 3282 4788 et
3313 4735 3564 4790 consorti
3619 4734 3730 4788 ite-

2077 4841 2212 4880 rum
2245 4822 2512 4879 uniatur.

389 5059 434 5092 ⁹⁴
466 5056 607 5112 Gen.
642 5073 817 5121 xxxu,
841 5058 894 5109 2.
975 5056 1018 5089 ⁸⁸
1047 5055 1116 5109 ιν
1148 5055 1285 5181 Rea.
1322 5071 1380 5120 ιι,
1415 5053 1502 5108 41.
1581 5055 1624 5090 ³⁸
1655 5054 1804 5110 Psal.
1835 5071 1977 5111 XXXI]

389 5145 443 5181 [ι-
475 5130 565 5181 52.
647 5131 663 5164 ι
697 5127 869 5181 Num.
901 5143 1016 5181 xxi.
1049 5127 1100 5180 8.
1181 5127 1202 5160 ²
1284 5141 1375 5181 en.
1409 5142 1612 5181 xxvm.
1641 5127 1840 5181 12.13.

2084 5058 2119 5113 3.
2198 5057 2240 5092 '7
2277 5060 2440 5111 Prov.
2475 5070 2632 5125 xvm,
2682 5054 2770 5110 17.
2848 5055 2890 5096 ⁸⁸
2923 5052 3179 5125 Philipp.
3203 5070 3247 5120 ι,
3278 5055 3370 5109 21.
3450 5057 3493 5092 ⁰⁹
3521 5055 3732 5114 Matth.

308 5145 443 5196 xui,
475 5130 565 5182 52.
647 5131 663 5164 ι
697 5127 869 5182 Num.
901 5143 1016 5193 xxi,
1049 5127 1100 5180 8.
1181 5127 1202 5160 ²
1235 5127 1375 5181 Gen.
1409 5142 1612 5193 xxvm,
1641 5128 1728 5197 12,
1756 5127 1840 5182 13.
