4184 6202
448 308 564 369 387

1998 312 2291 378 SIMILIA

3742 332 3863 392 388

487 731 778 790 SIMILIA
828 733 1116 802 QUIBUS
1164 736 1233 792 D.
1284 736 1727 797 GREGORIUS
1776 739 2333 804 NAZIANZENUS
2379 745 2456 803 ΙΝ
2506 747 2677 809 SUIS
2737 750 2983 812 IPSIUS
3031 752 3378 813 SCHlPTIS
3427 755 3572 815 EST
3618 757 3820 818 USUS

1672 999 1890 1044 0RDlNB
1932 1003 2287 1049 LII‘TERARIO
2334 1008 2585 1054 DIGESTA
2599 1040 2610 1052 .

1241 1439 1298 1499 A

511 1595 796 1658 Equalitas
835 1607 1013 1642 rerum
1061 1593 1299 1658 omnium
1331 1592 1472 1654 apud
1505 1592 1790 1658 Deum:__et
1819 1592 1873 1639 in
1914 1604 2096 1658 corpo-

448 1654 604 1708 ribus
636 1658 931 1706 eminentes
961 1669 1021 1703 ac
1050 1656 1292 1704 demissaa
1324 1660 1498 1717 partes
1529 1668 1595 1702 ex
1625 1655 1837 1717 quibus
1860 1654 2097 1716 pulchri-

449 1722 577 1770 tudo
609 1723 860 1776 nascitur,
893 1733 988 1767 seu
1037 1719 1190 1766 etiam
1225 1716 1345 1780 quae
1376 1731 1431 1766 se
1476 1718 1533 1780 in
1581 1721 1724 1765 terra
1771 1716 2098 1780 eﬁ'erunt,7et

449 1798 569 1846 qua:
599 1783 907 1846 subsidunt.
1131 1843 1139 1846 _
1225 1779 1255 1846 77
1478 1779 1481 1780 ⁷
1985 1779 2094 1846 278(7).

515 1847 775 1905 Amicitia,
808 1849 860 1894 et
887 1844 1100 1891 ﬂamma
1129 1841 1282 1902 ignis,
1333 1903 1363 1905 _7
1591 1903 1596 1905 7
1830 1902 1841 1905 _
1986 1842 2092 1889 239.

510 1902 811 1957 Amicorum
842 1907 1226 1968 disjunctorum
1257 1903 1672 1968 redintegratio;
1715 1907 1766 1951 et
1793 1902 2094 1968 plantarum

446 1985 544 2034 per
577 1972 678 2018 vim
708 1972 761 2017 in
793 1967 1380 2034 diversumtractarum
1409 1967 1619 2034 reunio,
1837 2028 1846 2034 _
1986 1967 2090 2034 183.

508 2035 720 2083 Amicus
752 2036 872 2094 post
901 2031 1262 2088 aiilictionem,
1299 2033 1350 2078 et
1392 2033 1512 2091 post
1541 2028 1786 2094 hostilem
1835 2028 2094 2090 impetum

445 2096 724 2158 suppetiae,
752 2091 848 2142 7seu
881 2095 1037 2158 etiam
1069 2096 1188 2154 post
1216 2095 1582 2153 tempestatem
1611 2091 1953 2154 gubernator,
1975 2094 2095 2158 post

447 2154 744 2207 cicatricem
775 2157 1056 2213 medicina,
1983 2154 2091 2201 243.

505 2222 724 2271 Amores
753 2231 1054 2281 corporum,
1089 2220 1142 2267 et
1171 2218 1329 2266 ﬂores
1359 2216 1516 2274 veris,
1550 2229 1642 2265 seu
1672 2215 1831 2264 etiam
1863 2215 2092 2326 ﬂampgg,

506 2345 692 2393 Anima
747 2346 960 2392 versuta
1008 2355 1068 2390 ac
1116 2340 1218 2389 ﬁde
1277 2339 1438 2389 dubia
1486 2339 1725 2402 praedita,
1789 2343 1839 2389 et
1883 2340 2090 2400 vulpes,

1985 2421 2094 2468 497.

506 2488 699 2536 Anima
769 2485 1048 2548 multiplici
1113 2484 1321 2548 virtutis
1400 2486 1454 2548 et
1526 2482 1821 2548 disciplinas
1896 2495 2092 2542 genere

445 2555 651 2610 ornata,
713 2553 765 2597 et
820 2545 971 2597 navis
1037 2547 1209 2594 omnis
1266 2545 1474 2608 generis
1530 2545 1795 2593 mercibus
1851 2548 2088 2653 onerg‘tg,

2013 2609 2087 2653 02.

503 2675 811 2723 Animarum
842 2671 1198 2721 curandarum
1228 2670 1382 2728 ratio,
1413 2674 1466 2718 et
1495 2683 1777 2730 corporum
1808 2668 2088 2778 medicigg,

504 2798 677 2845 Animi
709 2796 904 2844 nobilis
933 2801 985 2844 et
1010 2795 1223 2856 egregia
1266 2793 1492 2850 indoles,
1526 2793 1676 2841 vanis
1713 2793 1900 2841 studiis
1931 2807 2084 2841 occu-

481 2865 584 2915 ata,
619 2865 670 2908 et
716 2860 943 2920 imperiti
993 2858 1202 2905 athletae
1251 2870 1431 2905 aerem
1481 2856 1599 2917 plus
1654 2869 1817 2918 quam
1865 2869 2090 2917 corpora

439 2874 584 2969 Palu,
619 2874 670 2908 8L
716 2874 943 2920 lleeI‘lu
993 2874 1202 2905 amicta:
1251 2874 1431 2905 aerem
1481 2874 1599 2917 plus
1654 2874 1817 2918 quam
1865 2874 2086 2966 conata];

462 2923 707 2980 erientes,
2074 2955 2086 2965 .

502 2986 742 3040 Animus,
776 2987 827 3031 et
858 2982 958 3040 via,
2008 2982 2086 3028 33.

501 3048 750 3100 Antistes,
786 3049 839 3094 et
869 3046 956 3108 qui
988 3043 1338 3108 multiplicem
1367 3056 1428 3090 ac
1456 3043 1653 3090 variam
1687 3042 1915 3090 belluam
1947 3042 2086 3108 cicu—

439 3123 556 3158 rare
589 3123 650 3156 ac
680 3106 1229 3169 ducere7aggreditur,
1256 3168 1261 3169 7
2007 3106 2086 3153 33.

500 3172 840 3224 Athanasius,
876 3176 926 3217 et
952 3168 1188 3223 adamas,
1225 3168 1334 3215 sive
1364 3180 1601 3225 magnes,
1977 3169 2082 3215 406.

498 3238 720 3292 Avarus,
755 3238 806 3280 et
838 3233 1112 3280 facultates
1143 3235 1297 3292 raptu
1330 3230 1584 3281 collectis.
1781 3290 1809 3292 Η
1884 3291 1887 3292 7
1977 3231 2083 3276 881.

502 3290 726 3352 Avarus,
756 3301 807 3344 et
835 3295 1099 3350 infernus,
1129 3290 1282 3354 ignis,
1323 3305 1487 3348 mare,
1519 3295 1570 3340 et
1601 3292 1642 3339 si
1673 3290 1851 3353 qualia
1879 3291 2084 3352 impleri

437 3363 730 3420 nequeunt,
1975 3355 2084 3402 314.

1224 3538 1276 3602 Β

499 3699 747 3770 Baptismi
778 3696 1008 3746 ministri
1052 3695 1206 3758 probi
1235 3693 1319 3743 vel
1351 3693 1507 3753 mali;
1557 3698 1608 3743 et
1639 3694 1824 3742 annuli
1856 3693 2080 3770 diversis

433 3757 686 3818 materias,
1056 3757 1067 3758 7
1971 3757 2079 3804 7l2.

495 3824 571 3872 Ad
602 3825 922 3886 baptismum
953 3820 1284 3878 accedentes,
1314 3823 1367 3868 et
1393 3819 1775 3876 febricitantes,
1971 3821 2080 3886 699.

495 3883 734 3946 Basilius,
767 3891 817 3950 et
846 3886 1039 3950 aquila,
1111 3944 1121 3950 _
1240 3947 1247 3950 7
1361 3943 1392 3950 __
1598 3943 1609 3950 _
1815 3941 1827 3950 7
1904 3943 1930 3950 _7
1971 3883 2078 3950 2751.

496 3941 914 3998 Basiliusadhué
939 3944 1170 4011 juvenis,
1205 3947 1256 3991 et
1284 3943 1464 4006 pullus
1488 3943 1719 4006 equinus
1747 3941 1831 3991 vel
1864 3943 2078 4011 vitulus,

494 4073 712 4122 Basilius
767 4072 939 4122 ofﬁcio
1004 4067 1421 4133 probe_functis
1473 4067 1762 4133 benignus,
1818 4007 2082 4133 peccaytsi):

430 4136 530 4182 bus
577 4140 751 4184 autem
801 4129 1034 4191 severus,
1093 4136 1147 4180 et
1195 4129 1293 4189 leo,
1348 4144 1442 4179 seu
1495 4130 1652 4178 etiam
1711 4129 1918 4184 histrio,

492 4257 728 4318 Basilius,
762 4261 816 4306 et
844 4257 939 4313 sol,
1428 4315 1438 4318 7
1900 4317 1905 4318 7

496 4319 692 4367 Bellum
718 4315 890 4367 7civile
921 4333 981 4367 ac
1023 4318 1370 4367 domesticum
1419 4315 1679 4376 foventes,
1729 4319 1782 4366 et
1820 4317 1910 4380 qui
1958 4331 2079 4380 pro-

433 4383 572 4445 prias
601 4395 788 4431 carnes
816 4381 1080 4431 morsibus
1110 4382 1387 4442 appetunt,
1971 4381 2078 4429 138.

1228 4569 1278 4634 G

492 4718 846 4777 Calamitates,
885 4721 936 4766 et
968 4717 1124 4779 ignis,
1519 4778 1527 4779 7
1967 4718 2080 4766 320.

493 4781 745 4837 Charitas,
779 4787 829 4830 et
876 4778 1092 4843 plantis,
1127 4793 1221 4842 per
1264 4779 1367 4827 vim
1398 4779 1452 4826 in
1500 4778 1766 4827 diversum
1795 4781 1996 4843 tractae,
2027 4784 2079 4829 et

433 4843 622 4892 deinde
653 4844 858 4900 laxatae,
877 4842 892 4843 7
1968 4842 2077 4890 425.

492 4906 776 4954 Christiani
828 4906 880 4952 in
925 4904 1118 4953 virtute
1167 4902 1405 4966 quotidie
1457 4916 1565 4952 non
1617 4902 1977 4964 proﬁcientes,
2025 4909 2078 4953 et

431 4968 600 5016 trochi
631 4969 842 5016 scuticas
875 4967 924 5014 vi
955 4967 1009 5014 in
1042 4966 1224 5014 orbem
1257 4966 1432 5021 rotati,
1971 4968 2075 5015 147.

492 5031 776 5081 Christiani
804 5029 1078 5088 Catholici,
1111 5033 1164 5078 et
1205 5028 1395 5077 milites
1439 5026 1679 5089 ejusdem
1709 5028 1971 5078 exercitus
2000 5030 2077 5076 in-

432 5095 598 5140 vicem
629 5107 684 5141 se
715 5107 776 5141 ex
807 5105 1076 5139 armorum
1106 5091 1271 5150 signis
1299 5093 1669 5152 agnoscentes,
1966 5093 2075 5139 823.

495 5155 775 5203 Christiani
807 5154 1063 5202 Catholici
1110 5155 1250 5201 inter
1278 5166 1333 5200 se
1379 5152 1714 5208 dissidentes,
1743 5157 1796 5201 et
1839 5152 2077 5201 furentes

434 5218 524 5278 qui
550 5218 603 5264 in
635 5220 872 5278 proprias
901 5230 1089 5264 carnes
1120 5217 1362 5278 saeviunt,
1508 5275 1519 5278 _
1838 5277 1845 5278 7
1969 5217 2075 5264 138.

495 5275 773 5327 Christiani
840 5280 1067 5340 mortui
1103 5278 1192 5340 qui
1251 5275 1556 5340 locomale
1622 5280 1789 5340 atque
1835 5277 2075 5340 improbe

434 5341 819 5398 distrahuntur,
875 5355 995 5389 cum
1044 5338 1300 5388 doctrinas
1349 5338 1559 5386 vinculo
1598 5338 1867 5386 constricti
1913 5342 2074 5387 sunt:

434 5408 487 5452 et
542 5405 681 5452 oculi
733 5404 939 5451 distorti
995 5416 1157 5451 unam
1207 5401 1551 5462 eamdemque
1601 5413 1712 5448 rem
1762 5405 2074 5461 cernentes;

432 5481 491 5514 ac
522 5480 629 5514 non
661 5466 870 5521 obtutu,
916 5465 1006 5513 sed
1039 5465 1139 5513 situ
1180 5464 1441 5511 duntaxat
1479 5463 1616 5510 inter
1647 5475 1701 5510 se
1742 5462 2076 5522 dissidentes,

493 5590 910 5638 Christianorum
962 5588 1177 5650 linguae,
1222 5591 1273 5636 et
1317 5587 1415 5636 Nili
1450 5589 1745 5643 cataractis,
1792 5585 1873 5634 vei
1918 5588 2076 5636 etiam

430 5653 554 5702 solis
583 5653 781 5710 radius,
1967 5655 2073 5701 174.

2269 1436 2508 1514 Christus
2535 1439 2759 1514 aliorum
2810 1443 2989 1514 salus,_
3019 1449 3069 1493 et
3101 1446 3322 1495 aliorum
3353 1449 3544 1514 ruina;
3579 1456 3627 1499 et
3670 1451 3855 1514 regula

2206 1503 2351 1575 recto
2405 1515 2666 1575 parcens,7
2699 1507 3130 1575 et7auperﬂu_um
3181 1523 3464 1575 resecans;
3509 1503 3858 1575 itemqueusol

2207 1564 2351 1608 sanis
2383 1564 2551 1611 oculis
2591 1564 2927 1628 splendorem
2972 1569 3215 1630 aﬂ'eiens,
3249 1576 3300 1620 et
3331 1564 3614 1623 imbecilles
3648 1564 3854 1624 7obscu-

2204 1636 2503 1802 :ggristus
2529 1688 2730 1739 Judaeis
2760 1693 3001 1753 quaedam
3021 1696 3371 1756 permittens;
3401 1701 3453 1747 et
3473 1699 3662 1748 medici
3693 1639 3861 1812 mg;

2266 1783 2289 1802 ν,
3811 1783 3821 1785 ⁷
3842 1797 3855 1810 ο

2266 1810 2458 1859 Concio
2485 1813 2757 1874 gravidam
2791 1822 3023 1866 mentem
3065 1818 3280 1877 feriens,
3310 1824 3362 1869 et
3390 1821 3587 1872 ferrum
3635 1783 3856 1883 siliczg,

2267 1934 2580 2014 Copstantes
2610 1940 2684 2014 in“
2697 1940 2948 1997 adversis,
2983 1946 3034 1990 et
3049 1947 3230 2014 petra,

2264 1997 2544 2047 Contentio
2576 2005 2627 2048 et
2656 2001 2864 2051 ﬂamma
2896 2018 2988 2066 per
3017 1997 3266 2068 stipulam
3298 2022 3532 2068 currens,
3742 1997 3852 2060 liti.

3002 2211 3053 2273 D

2266 2416 2350 2485 De_
2392 2415 2482 2485 Dei
2539 2421 2728 2485 natura
2785 2418 3150 2481 disputantes:
3186 2425 3236 2470 et
3294 2424 3384 2485 qui
3442 2438 3616 2473 aerem
3679 2429 3851 2475 totum

2201 2478 2413 2526 haurire
2445 2483 2673 2535 tentant,
2873 2478 2886 2481 7
3309 2478 3325 2485 7
3740 2491 3852 2538 552.

2266 2541 2428 2611 Deum
2486 2555 2812 2611 cognoscere
2854 2545 3146 2611 cupientes,
3197 2547 3312 2593 sine
3343 2561 3738 2611 corporearum
3789 2565 3851 2599 ac

2200 2602 2472 2652 sensilium
2523 2602 2696 2668 rerum
2749 2602 3071 2654 adminiculo
3098 2621 3111 2666 ;
3138 2602 3141 2603 7
3169 2612 3222 2656 et
3264 2610 3355 2668 qui
3403 2602 3644 2659 umbram
3695 2627 3848 2661 suam

2200 2669 2552 2735 autevertere,
2601 2667 2922 2735 77ve17etiam
2985 2670 3178 2735 oculos
3229 2667 3388 2720 rebus
3452 2675 3507 2720 in
3574 2681 3847 2735 aspectum

2199 2727 2509 2776 cadentibus
2568 2729 2696 2776 citra
2743 2731 3112 2780 intermediam
3169 2732 3342 2782 lucem
3391 2739 3442 2784 et
3496 2727 3669 2784 aerem
3722 2751 3846 2785 con-

2191 2792 2436 2854 jungere,
2499 2795 2589 2837 aut
2645 2791 2815 2852 pisces
2872 2797 3022 2842 extra
3076 2795 3246 2842 undas
3295 2796 3506 2846 volvere
3562 2804 3845 2859 conantur,

3622 2927 3632 2951 ι

2261 2924 2414 2973 Deus,
2449 2924 2501 2963 et
2528 2924 2624 2971 sol,
3451 2924 3558 2971 235.
3591 2925 3698 2981 497,
3732 2927 3845 2974 693.

2261 2977 2398 3043 Deus
2438 2977 2626 3043 anima:
2674 2979 2917 3043 morbum
2963 2980 3193 3028 adventu
3243 2995 3339 3030 suo
3384 2983 3641 3043 indicans,
3685 2991 3736 3034 et
3767 2988 3848 3035 sol

2196 3041 2470 3088 oculorum
2503 3040 2914 3089 imbecillitatem
2942 3044 3192 3104 prodens,
3633 3040 3637 3043 7
3732 3051 3846 3098 235.

2257 3103 2415 3167 Deus,
2457 3103 2617 3167 hujus
2667 3104 2900 3152 universi
2946 3103 3227 3156 conditor:
3280 3112 3334 3156 et
3378 3108 3717 3167 citharoedus,
3753 3126 3849 3160 seu

2197 3165 2411 3212 cithara!
2445 3166 2731 3222 confector,
3706 3165 3711 3167 7
3735 3177 3845 3223 499.

2260 3228 2396 3275 Deus
2441 3227 2772 3292 muneribus
2803 3229 2998 3276 nostris
3044 3230 3182 3277 vinci
3236 3233 3455 3292 nequit:
3507 3239 3557 3282 et
3604 3234 3848 3284 umbram

2195 3304 2346 3359 suam
2380 3303 2538 3338 nemo
2560 3290 2856 3359 praeterire,
2891 3295 3063 3340 utnec
3091 3290 3332 3354 corporis
3356 3297 3665 3358 magnitudo
3687 3312 3851 3359 supra

2195 3357 2350 3413 caput
2379 3366 2493 3401 sese
2524 3357 2708 3400 eti'erre
2739 3357 2931 3413 potest,
3454 3357 3463 3358 7
3589 3361 3693 3406 272.
3729 3357 3842 3408 2773.

2303 3428 2406 3480 eus
2431 3415 2594 3480 Pater
2625 3414 3092 3480 essentia77_trinus,
3136 3420 3186 3464 et
3234 3416 3354 3464 fons
3385 3420 3600 3480 quinam
3649 3421 3847 3473 biﬂuus

2195 3490 2255 3524 ac
2286 3476 2496 3532 biﬁdus,
2538 3476 2660 3524 Vide
2679 3478 2824 3537 infra
2853 3478 3094 3526 Trinitas.

2255 3539 2600 3610 Disputantes
2645 3542 2819 3588 acrius
2847 3553 2943 3602 pro
2987 3541 3149 3589 verbo
3197 3554 3352 3604 quam
3406 3557 3501 3606 par
3529 3544 3630 3592 sit:
3681 3549 3732 3594 et
3762 3545 3845 3610 in-

2193 3609 2330 3657 sani,
3728 3609 3838 3656 492.

2253 3663 2326 3710 Ex
2358 3662 2734 3724 disputationis
2762 3663 2920 3711 unius
2947 3663 3126 3724 taedio,
3154 3663 3219 3713 ad
3249 3669 3465 3715 caeteras
3495 3681 3679 3717 omnes
3709 3683 3843 3717 nau-

2191 3728 2418 3782 aeantes,
2465 3729 2516 3772 et
2566 3726 2658 3787 qui
2691 3739 2757 3774 ex
2810 3726 2972 3774 unius
3025 3726 3131 3775 cibi
3185 3727 3396 3778 fastidio
3452 3730 3598 3780 cibos
3653 3745 3843 3780 omnes

2261 2917 2414 2973 Deus,
2449 2919 2501 2963 et
2528 2913 2624 2971 sol,

2192 3790 2526 3848 aversantur,
3725 3795 3837 3842 557.

2253 3848 2712 3913 Disputationibus
2758 3849 3084 3913 stringendis
3112 3850 3196 3899 vel
3241 3852 3505 3902 solvendis
3551 3854 3733 3913 dediti,
3786 3860 3841 3904 et

2190 3913 2279 3973 qui
2302 3912 2362 3975 in
2393 3911 2617 3975 theatris
2646 3911 2935 3975 certamina
2965 3919 3293 3975 proponunt,
3725 3911 3846 3966 488.

2253 3973 2464 4022 Dissidii
2493 3974 2829 4036 compositio,
2861 3979 2912 4024 et
2948 3973 3311 4025 membrorum
3339 3978 3574 4040 corporis
3611 3993 3844 4029 consen-

2190 4048 2535 4166 sugissidium
2565 4097 3005 4166 Christianorum,
3037 4104 3089 4148 et
3117 4104 3379 4149 nocturna
3413 4107 3632 4166 pugnat,
3733 4045 3845 4154 ig:

2254 4161 2526 4218 Doctrina,
2556 4164 2608 4209 et
2639 4159 2807 4220 cibus,
3413 4159 3430 4164 7
3488 4159 3516 4166 ⁷
3621 4159 3628 4163 7
3732 4169 3850 4218 31⁸7.

2252 4223 2502 4271 Doctrina
2553 4221 2741 4285 jejuna
2801 4236 2862 4270 ac
2938 4223 3162 4285 minuta,
3219 4228 3272 4273 et
3327 4239 3644 4276 aranearum
3701 4229 3848 4289 telae,

2252 4347 2554 4396 Doctrinam
2583 4345 2960 4406 adulterantes,
2993 4351 3045 4398 et
3072 4349 3164 4404 qui
3193 4349 3377 4400 vinum
3409 4365 3566 4415 aque

2249 4782 2497 4845 Ecclesia,
2529 4785 2582 4830 et
2609 4795 2805 4845 corpus
2833 4783 3147 4844 humanum,
3727 4793 3846 4840 586.

2249 4843 2482 4893 Ecclesia
2511 4844 2619 4899 Dei,
2652 4843 2893 4893 et7Mosis
2923 4843 3344 4907 tabernaculum,
3726 4855 3840 4902 368.

2247 4907 2483 4956 Ecclesia
2509 4910 2652 4955 recte
2694 4909 3005 4969 composita,
3043 4914 3094 4959 et
3139 4910 3345 4970 hortus,
3393 4912 3607 4972 coelum,
3639 4917 3692 4963 et
3722 4928 3838 4963 cor-

2225 4984 2304 5026 us,
3729 4979 3841 5026 250.

2186 4983 2496 5096 pugcclesise
2525 5033 2868 5096 pastores,7et
2893 5031 3134 5096 membra
3161 5035 3415 5096 corporis,

2247 5093 2622 5163 Episcopatum
2669 5093 2966 5146 ambientes
3011 5095 3142 5146 lucri
3197 5093 3373 5158 causa,
3423 5103 3476 5149 et
3526 5101 3844 5162 navigantes

2191 5159 2429 5218 quaestus
2457 5159 2642 5218 gratia,
2846 5217 2855 5218 7
3658 5159 3676 5162 7
3729 5165 3842 5212 641.

2246 5217 2508 5281 Episcopi,
2547 5216 2680 5264 etin
2720 5217 2954 5278 pendulo
2985 5222 3037 5269 et
3081 5220 3292 5269 sublimi
3339 5221 3466 5272 fune
3513 5223 3842 5286 gradientes,

2247 5341 2504 5403 Episcopi,
2541 5343 2592 5389 et
2621 5344 2877 5403 pastores,

2245 5405 2538 5470 E7pisc0pus
2585 5403 2669 5470 vel
2726 5406 3071 5470 conciouator
3118 5407 3492 5470 evangelicus;
3542 5415 3596 5459 et
3643 5411 3835 5461 belluas

2185 5465 2473 5514 multorum
2504 5465 2736 5528 capitum
2767 5467 3088 5527 moderator,
3261 5465 3286 5470 ⁷
3759 5477 3838 5524 34.

2246 5528 2452 5577 Ethnici
2520 5527 2771 5576 a'divino
2827 5529 3007 5578 afﬂatu
3057 5531 3450 5581 constitutionis
3505 5547 3618 5583 suas
3673 5537 3842 5586 robur

2183 5603 2293 5656 non
2322 5591 2600 5656 habentes,
2631 5593 2683 5656 et
2710 5590 2913 5640 radices
2942 5606 3061 5656 quae
3092 5594 3235 5655 quod
3265 5595 3441 5644 stabili
3470 5595 3583 5646 loco
3614 5598 3837 5648 minime

2183 5653 2301 5703 ﬁxas
2330 5653 2438 5702 sint
2464 5651 2622 5701 undis
2650 5651 2915 5713 feruntur,
2957 5651 2974 5656 ’
3108 5651 3119 5655 7
3724 5663 3834 5712 140.
