4184 6202
288 417 408 477 393
1534 412 1828 473 ORATIO
1871 410 1920 470 Ι.
1956 442 2031 455 -
2069 409 2459 472 MONlTUM.
3586 411 3705 472 394

725 566 3708 600 ww

699 761 1283 856 MONlTUM
1352 762 1482 856 IN
1556 757 2317 870 SEQUENTEM
2389 757 3130 855 ORATIONEM
3163 758 3301 853 (⁷⁸).

383 1178 424 1231 1
461 1173 508 1230 Ι.
569 1172 740 1232 Inter
795 1170 1111 1231 orationes
1165 1169 1446 1248 Gregorii
1508 1169 1775 1248 primam
1824 1169 1936 1230 illa
1992 1168 2109 1228 sibi
2166 1167 2375 1229 sedem
2424 1167 2723 1239 vindicat,
2774 1185 2916 1246 quae
2969 1168 3452 1246 quadragesimo
3498 1170 3705 1249 primo

294 1268 439 1330 loco
501 1268 582 1329 ab
643 1267 987 1329 editoribus
1046 1268 1493 1328 I’arisiensibus
1545 1272 1912 1327 numeratur
1972 1284 1986 1338 ;
2049 1266 2336 1344 quamvis
2411 1266 2474 1325 in
2533 1265 2823 1325 omnibus
2880 1283 3038 1343 pene
3093 1266 3411 1326 codicibus
3467 1269 3706 1328 caeteris

293 1366 625 1445 praemissa
655 1367 732 1425 sit
760 1366 1171 1428 orationibus.
1238 1365 1414 1442 Regii
1474 1383 1746 1444 namque
1804 1364 2138 1443 plusquam
2198 1363 2618 1441 quadraginta
2675 1370 2828 1423 sunt
2882 1363 3152 1436 codices,
3223 1364 3284 1422 in
3345 1364 3572 1443 quibus
3602 1384 3706 1426 or-

297 1464 444 1524 dine
505 1463 708 1542 prima
763 1469 856 1523 est
908 1463 1114 1523 Oratio
1174 1464 1234 1522 in
1292 1460 1527 1522 Pascha
1557 1472 1608 1521 et
1649 1461 2014 1522 tarditatem.
2073 1461 2352 1520 Primum
2413 1478 2664 1538 quoque
2718 1459 2924 1519 locum
2984 1466 3154 1520 tenet
3203 1460 3266 1520 in
3323 1461 3707 1539 Anglicanis,

297 1561 748 1640 imperatoriis,
805 1565 950 1631 etc.,
1015 1566 1082 1619 ut
1139 1560 1237 1620 vel
1294 1559 1476 1619 editis
1531 1559 1834 1635 catalogis
1892 1564 2135 1618 notum.
2191 1557 2348 1628 Quin
2421 1558 2558 1636 ipsa
2617 1557 2918 1616 orationis
2973 1557 3165 1617 verba
3221 1576 3358 1618 eam
3427 1561 3710 1620 omnium

299 1659 573 1736 primam
645 1675 779 1717 esse
836 1657 1174 1716 ostendunt
1230 1654 1400 1715 satis.
1465 1654 1830 1714 Ἀναστάσεως
1890 1655 1951 1724 ἧι

2055 1673 2091 1723 ι,
2154 1652 2242 1706 καὶ
2299 1654 2333 1721 ἡ
2394 1651 2541 1726 ἀρχὴ
2603 1649 2765 1721 δεξιά·
2824 1679 2853 1709 ‹‹
2901 1655 3410 1730 Resurrectionis,
3482 1657 3707 1736 inquit,

300 1756 434 1815 dies
463 1755 868 1832 faustumque
900 1754 1298 1832 principium.
1338 1775 1364 1809 ι)
1402 1787 1478 1796 --
1528 1777 1557 1807 ‹‹
1588 1753 1995 1830 Principium,
2029 1753 2313 1830 inquam,
2351 1771 2710 1812 sermonum
2759 1757 2821 1811 et
2866 1752 3004 1812 initi
3057 1751 3392 1832 pastoralis
3433 1754 3643 1815 ofﬁcii.
3677 1779 3707 1810 »

298 1851 481 1924 ’Δρχή
513 1853 620 1903 τῶν
674 1847 858 1923 λόγων
919 1870 1043 1921 μου,
1076 1849 1166 1902 καὶ
1225 1850 1258 1918 ἠ
1318 1848 1464 1924 ἀρχὴ
1510 1853 1607 1902 τοῦ
1657 1845 1923 1902 διδάσκειν

2073 1851 2170 1901 τοῦ
2200 1845 2575 1923 προΐστασθαι.
2638 1852 2730 1910 Ita
2785 1854 2928 1927 post
2981 1856 3253 1910 veterem
3311 1850 3714 1912 scholiastam

300 1949 573 2008 Nicetas.
630 1947 900 2000 Ἐντεῦθεν
958 1945 1083 2020 γάρ,
1145 1947 1232 2007 ait
1280 1948 1448 2026 apud
1487 1947 1887 2007 Lambecium
1916 1950 1952 2025 (.-

2076 1946 2201 2018 ille,
2240 1943 2267 1996 ὀ
2327 1941 2599 2004 Θειότατος
2662 1942 2817 2005 οὗτος
2875 1943 3060 2018 Πατὴρ
3116 1948 3224 1998 τῶν
3283 1944 3472 2000 ἑαυτοῦ
3532 1945 3713 2022 λόγων

299 2043 603 2117 ἀπήρξατο.
638 2046 707 2106 Id
738 2052 829 2106 est
865 2063 878 2104 :
917 2069 943 2100 α
981 2047 1137 2106 Hinc
1168 2045 1331 2105 enim
1363 2045 1785 2104 divinissimus
1814 2045 1919 2104 ille
1955 2048 2136 2104 Pater
2165 2062 2522 2104 sermonum
2555 2062 2809 2104 suorum
2844 2043 3092 2103 initium
3124 2044 3325 2105 duxit.
3360 2069 3390 2100 ››

384 2144 459 2204 II.
521 2143 692 2203 Idem
755 2142 977 2202 astruit
1034 2142 1301 2202 Basilius
1356 2142 1586 2219 insigni
1646 2142 1884 2202 scholio
1920 2188 1934 2213 ,
1997 2142 2165 2220 quod
2219 2142 2281 2200 in
2355 2142 2810 2201 commentario
2868 2140 3201 2202 exhibetur
3251 2160 3266 2202 :
3329 2143 3456 2204 imo
3513 2143 3716 2204 inedi-

305 2247 408 2300 tus
438 2241 596 2300 alter
634 2239 995 2311 scholiasta,
1058 2240 1160 2318 qui
1220 2240 1285 2298 in
1345 2239 1517 2300 Colb.
1582 2241 1720 2299 cod.
1780 2240 1960 2312 3063,
2016 2239 2081 2298 in
2140 2240 2485 2299 orationem
2544 2241 2883 2298 secundam
2940 2239 3003 2298 in
3056 2240 3320 2315 Pascha,
3382 2241 3520 2302 haec
3577 2259 3716 2301 ver-

303 2337 387 2396 ba
424 2358 436 2397 ε
472 2337 539 2388 Ὠ
569 2333 699 2408 λόγε
729 2339 884 2408 Θεοῦ,
925 2359 953 2393 (ι
993 2340 1040 2397 Ο
1093 2336 1347 2396 verbum
1399 2337 1530 2407 Dei,
1567 2357 1595 2394 η
1651 2343 1797 2409 etc.,
1852 2337 1938 2396 sic
1984 2341 2449 2396 commentatur
2489 2334 2606 2415 (80)
2645 2353 2659 2394 :
2700 2359 2728 2390 «
2761 2335 2965 2395 Habes
3007 2336 3218 2415 itaque
3265 2356 3434 2398 nunc
3478 2338 3719 2399 oratio-

303 2454 450 2495 nem
510 2434 672 2494 hanc
735 2440 1034 2507 nostram,
1100 2453 1226 2494 non
1275 2434 1528 2512 quidem
1587 2435 1914 2512 primitias,
1977 2452 2180 2512 neque
2248 2434 2559 2513 primam,
2622 2439 2689 2493 ut
2741 2433 2851 2492 illa
2917 2433 3082 2512 (quae
3140 2434 3228 2494 sic
3297 2435 3534 2514 incipit)
3597 2439 3718 2496 Re-

305 2532 721 2592 surrectionis
771 2532 922 2591 dies.
972 2554 1000 2588 υ
1061 2535 1128 2591 In
1179 2550 1317 2590 eam
1377 2533 1648 2608 denique
1705 2531 2078 2592 sententiam
2139 2549 2279 2590 cum
2342 2539 2581 2590 veteres
2638 2535 2770 2589 tum
2831 2531 3208 2591 recentiores
3264 2531 3533 2591 iverunt.
3597 2535 3720 2593 Nec

302 2629 471 2689 enim
538 2647 747 2688 moror
803 2629 974 2706 quod
1032 2627 1489 2688 Leuvenklaius
1545 2629 1608 2687 in
1653 2647 1766 2688 sua
1823 2627 2286 2706 nuncupatoria
2342 2627 2608 2706 epistola
2656 2627 2789 2686 ait:
2853 2648 2881 2684 «
2935 2627 3195 2687 Ratione
3243 2629 3566 2707 temporis.
3641 2629 3723 2688 si-

302 2727 565 2806 quidem
599 2726 746 2785 Elia:
789 2727 1069 2786 Cretensi
1116 2733 1178 2786 et
1222 2725 1453 2786 Niceta:
1504 2727 1797 2787 Serronio
1846 2726 2178 2797 credimus,
2233 2743 2363 2784 esse
2415 2725 2617 2802 prima
2661 2724 2887 2784 debeat
2935 2726 3160 2798 oratio,
3213 2749 3243 2780 η
3297 2744 3438 2804 qum
3485 2726 3550 2786 in
3597 2727 3722 2786 Pa-

303 2823 553 2884 risiensi
605 2823 1078 2884 Graeco-Latina
1126 2823 1398 2883 editione
1447 2823 1666 2884 ordine
1721 2824 1998 2883 secunda
2045 2829 2160 2882 est.
2211 2822 2453 2881 Etenim
2504 2821 2690 2899 longe
2747 2822 2935 2880 aliam
2983 2840 3115 2882 esse
3163 2823 3397 2883 Nicetae
3447 2828 3716 2884 mentem

305 2921 501 2982 modo
546 2921 837 2981 vidimus.
900 2921 1052 2981 Elim
1110 2939 1258 2982 vero
1315 2921 1685 2981 sententiam
1743 2921 1893 2981 alibi
1949 2920 2340 2992 refellemus,
2398 2937 2589 2998 quam
2647 2919 2895 2979 interim
2941 2919 3222 2999 explodit
3277 2920 3428 2980 satis
3487 2921 3717 2982 utrius-

306 3038 434 3098 que
492 3019 795 3078 orationis
851 3019 1254 3097 principium,
1317 3024 1378 3078 et
1433 3018 1574 3077 finis
1631 3019 1808 3078 istius
1858 3018 2012 3077 :ubi
2069 3017 2472 3096 Theologus:
2513 3018 2713 3077 «Jam
2764 3035 3106 3090 sermones,
3155 3017 3362 3096 inquit
3407 3018 3556 3099 (81),
3609 3019 3722 3080 ha-

310 3117 499 3193 betis,
559 3135 826 3195 quorum
887 3116 1195 3176 desiderio
1256 3121 1582 3195 tantopere
1642 3115 2007 3194 ﬂagrabatis
2067 3133 2081 3188 ;
2142 3139 2172 3170 »
2234 3132 2553 3175 sermones
2609 3113 2932 3194 hucusque
2994 3115 3335 3193 denegatos
3371 3162 3386 3190 ,
3446 3135 3718 3195 quorum

310 3214 521 3276 studio
564 3233 640 3275 eo
698 3214 966 3292 amplius
1024 3214 1376 3292 ardebant,
1442 3233 1566 3292 quo
1625 3213 1858 3273 diutius
1910 3213 2002 3272 illi
2053 3213 2523 3273 differebantur.
2586 3215 2736 3282 Quae
2793 3212 3047 3291 quidem
3088 3213 3524 3292 interpretatio
3586 3234 3713 3276 non

311 3318 554 3382 nostra,
589 3312 695 3372 sed
739 3311 934 3389 ipsius
965 3317 1058 3370 est
1087 3310 1388 3390 Gregorii,
1424 3317 1490 3371 ut
1522 3317 1653 3372 tota
1683 3311 1883 3372 oratio
1917 3311 2122 3383 tertia,
2168 3311 2323 3371 alias
2352 3311 2649 3385 secunda,
2683 3310 2930 3390 probat,
2966 3317 3154 3390 atque
3201 3311 3265 3371 in
3313 3330 3452 3373 eam
3503 3312 3721 3374 admo-

313 3409 472 3470 uitio
503 3408 982 3470 demonstrabit.

392 3507 498 3567 III.
559 3509 705 3566 Haec
764 3505 956 3584 igitur
1016 3506 1220 3584 prima
1275 3505 1556 3566 omnium
1616 3507 1850 3586 scripta
1904 3507 2197 3585 dictaque
2253 3506 2371 3566 fuit
2421 3506 2624 3566 oratio
2681 3524 2845 3566 anno
2903 3505 3132 3566 Christi
3179 3508 3316 3579 362,
3365 3507 3566 3586 pridie
3594 3511 3724 3569 Ka-

310 3603 537 3665 lendas
585 3604 839 3683 Aprilis,
890 3623 1016 3682 qua
1073 3604 1197 3676 die,
1251 3603 1438 3683 juxta
1490 3605 1892 3678 Bucherium,
1955 3604 2073 3664 hoc
2130 3623 2295 3664 anno
2354 3605 2577 3664 festum
2627 3603 2883 3664 Paschae
2931 3604 3168 3665 incidit.
3207 3607 3342 3677 Qua
3372 3624 3518 3666 vero
3548 3623 3726 3667 occa-

309 3703 486 3762 sione
543 3701 848 3780 quibusve
906 3701 982 3760 de
1039 3702 1262 3774 causis,
1321 3701 1484 3762 infra
1540 3703 1933 3762 commodius
1989 3702 2334 3762 admonitio
2386 3702 2450 3761 in
2511 3700 2952 3781 Apologeticum
3015 3721 3294 3781 magnum
3354 3703 3723 3763 declarabit.

308 3799 525 3860 Brevis
580 3799 689 3858 illa
747 3799 1003 3876 quidem
1062 3799 1310 3859 oratio:
1347 3818 1562 3858 verum
1623 3805 1809 3870 certe,
1865 3818 2071 3859 rerum
2123 3800 2338 3860 habita
2385 3799 2651 3871 ratione,
2703 3799 3145 3878 amplissima;
3188 3801 3437 3860 tametsi
3493 3807 3729 3861 temere

313 3897 517 3956 ﬂuens
566 3902 627 3956 et
671 3896 975 3976 dissipata
1031 3896 1293 3957 forsitan
1347 3897 1551 3975 prima
1611 3897 1811 3956 fronte
1868 3897 2175 3957 videatur.
2211 3898 2278 3956 In
2336 3914 2410 3956 ea
2465 3896 2854 3973 resurgentis
2909 3895 3137 3956 Christi
3205 3897 3522 3975 mysteria,
3582 3915 3727 3957 cum

316 3994 680 4054 defensione
741 3993 1052 4054 tarditatis
1095 4012 1263 4064 suae,
1335 3999 1397 4053 et
1453 4000 1792 4072 utrumque
1849 4012 1992 4054 cum
2051 3994 2382 4072 praeceptis
2438 4011 2683 4054 morum
2743 3993 2833 4052 ita
2889 3993 3260 4072 conjungit,
3322 3994 3411 4054 ita
3466 3994 3730 4073 singulis

315 4091 570 4169 singula
624 4091 874 4161 miscet,
929 4096 999 4150 ut
1053 4092 1255 4151 oratio
1313 4092 1695 4170 panegyrica
1751 4097 1904 4165 tota,
1966 4097 2094 4153 tota
2155 4091 2431 4163 moralis,
2480 4090 2872 4169 apologetica
2901 4097 3033 4151 tota
3062 4109 3219 4169 pene
3250 4092 3446 4170 possit
3505 4091 3728 4171 appel-

318 4188 458 4249 lari.
493 4190 563 4248 In
596 4206 669 4248 ea
700 4207 762 4248 se
811 4189 976 4248 idem
1025 4195 1278 4248 accusat
1308 4194 1368 4248 et
1416 4189 1713 4261 defendit,
1751 4188 2023 4249 demittit
2079 4194 2142 4250 et
2199 4189 2462 4261 extollit,
2524 4194 2705 4267 paret
2758 4195 2822 4249 et
2876 4189 3166 4268 imperat,
3225 4190 3727 4250 benevolentiam

320 4292 540 4364 captat
596 4291 656 4345 et
717 4285 1032 4363 objurgat.
1093 4285 1375 4363 Denique
1435 4285 1585 4346 dum
1643 4305 1774 4346 esse
1808 4293 2022 4364 pastor
2078 4285 2278 4345 bonus
2333 4291 2611 4364 exoptat,
2670 4285 2874 4364 ipsum
2934 4305 3121 4364 quem
3181 4306 3314 4348 esse
3361 4287 3729 4366 exoptabat,

319 4402 384 4444 se
430 4384 843 4456 demonstrat,
899 4389 946 4443 2
1005 4389 1066 4442 et
1112 4383 1359 4444 Christo
1407 4384 1698 4444 alacriter
1754 4383 2271 4444 commorientem
2326 4388 2388 4442 et
2444 4402 2568 4443 una
2623 4383 2809 4442 simul
2861 4390 3315 4462 resurgentem,
3349 4403 3583 4445 novum
3616 4385 3735 4445 ho-

319 4483 580 4553 minem,
641 4499 826 4559 quem
882 4487 1198 4560 pastorem
1275 4499 1422 4542 oves
1489 4482 1666 4560 sequi
1720 4482 1990 4542 debeant
2065 4488 2128 4541 et
2199 4481 2416 4542 audire
2450 4528 2464 4540 .
2512 4481 2841 4542 Munerum
2899 4488 3108 4542 autem
3183 4482 3416 4561 injecta
3474 4482 3732 4558 mentio,

319 4596 514 4658 quam
576 4577 935 4650 artiﬁciosa,
998 4597 1188 4657 quam
1247 4585 1398 4658 apta
1452 4578 1632 4650 festo,
1695 4578 2022 4658 prmceptis
2078 4597 2350 4651 morum,
2411 4577 2703 4637 laudibus
2761 4578 2980 4658 patris,
3025 4579 3144 4639 sibi
3189 4579 3308 4659 ipsi
3337 4585 3466 4640 tam
3501 4580 3742 4658 magni-

318 4677 443 4737 ﬁce
497 4695 688 4754 quam
749 4677 1029 4736 modeste
1086 4695 1158 4736 ac
1214 4677 1586 4748 necessario,
1651 4695 1812 4737 novo
1870 4676 1985 4736 sub
2045 4682 2223 4755 patre
2300 4674 2538 4754 pastori
2613 4675 2867 4750 vicario,
2953 4677 3493 4738 commendando!
3531 4682 3742 4755 Atque

317 4774 460 4835 haec
493 4779 588 4834 est
617 4773 821 4852 prima
852 4773 1156 4851 Gregorii,
1193 4779 1275 4848 et,
1311 4773 1364 4834 si
1394 4773 1623 4836 Basilio
1653 4775 1964 4835 credimus
1990 4774 2435 4853 extemporalis
2469 4774 2696 4834 oratio.

399 5005 516 5073 (78)
551 5005 614 5076 In
647 5003 921 5059 omnibus
953 5020 1097 5076 pene
1128 5020 1269 5060 mss.
1305 5003 1426 5058 haec
1456 5004 1640 5060 oratio
1674 5004 1921 5076 primam
1957 5004 2154 5060 sedem
2185 5009 2452 5076 occupat.

421 5077 518 5143 79)
548 5075 906 5143 Lambec._in
940 5075 1112 5131 cata].
1156 5077 1227 5131 ad
1261 5077 1388 5132 cod.
1420 5076 1510 5131 97.

424 5141 520 5221 80)
551 5145 788 5221 βῶξ-μὶν
821 5141 966 5221 Exn;
998 5146 1089 5200 τὸν
1126 5144 1286 5221 λᾴγον
1317 5149 1532 5216 τοῦτον,
1565 5145 1665 5201 οὑκ
1695 5146 1967 5221 ἀπαρχὴν,
2001 5141 2125 5200 οὐδὲ
2153 5148 2392 5220 πρῶτον,
2426 5144 2498 5206 ὡς
2526 5143 2612 5218 τὸ,
2645 5141 2978 5206 ἀναστάσεως
3009 5141 3209 5219 ἡμέρα.

399 5219 517 5290 (81)
549 5219 610 5274 In
639 5218 946 5276 Monito'ad
981 5227 1128 5275 orat.
1161 5218 1214 5274 3.

671 5835 936 5902 PATROL.
984 5855 1080 5919 gr.
1129 5837 1379 5904 XXXV.
3355 5832 3433 5892 43
