4184 6202
413 363 529 421 395

1653 351 1715 410 S.
1770 349 2142 410 GHEGORII
2185 349 2580 409 THEOLOGI

3698 366 3816 424 396

413 485 3819 518 M

1107 662 1356 760 ΤΟΥ
1434 659 1596 756 EN
1677 657 2042 755 ΑΓΙΟΙ]

2181 656 2676 754 ΠΑΤΡΟΣ
2761 659 3127 757 ΗΜΩΝ

783 884 1792 1019 ΓΡΗΓΟΡΙΟΥ
1890 881 2237 1012 ΤΟΥ
2342 865 3452 1017 ΘΕΟΛΟΓΟΥ(⁸²)

1430 1116 1986 1176 ΔΡΧΙΕΠΙΣΚΟΠΟΥ
2023 1117 2805 1172 ΚΩΝΣΤΑΝΤΙΝΟΥΠΟΛΕΩΣ

1671 1289 2568 1464 ΛΟΓΟΙ.

638 1721 804 1886 S.
895 1723 1071 1884 P.
1164 1723 1353 1885 N.
1471 1718 2458 1886 GREGORII
2555 1720 3591 1890 THEOLOGI

846 1989 1816 2086 ARCHIEPISCOPI
1899 1950 3377 2086 CONSTANTINOPOLITANI

1615 2213 2613 2338 ORATIONES.

954 2550 1418 2646 ORATIO
1454 2551 1556 2645 I“.

618 2695 666 2752 8
698 2695 760 2750 In
789 2702 1038 2750 sanctum
1066 2693 1274 2749 Pascha
1303 2696 1352 2748 et
1395 2695 1456 2747 in
1496 2692 1840 2747 tarditatem.

475 2818 1352 2885 Ι.Ηοειιιτθοιὶοηὶεᾱὶθε,ῖειυεῐυ
1363 2832 1536 2888 mque
1551 2815 2052 2886 principium.Hao

403 2907 742 2965 celebritate
762 2908 1416 2979 exsplendescamusmc
1441 2909 1645 2959 mutuo
1671 2921 1775 2959 nos
1798 2904 2050 2975 comple-

407 3005 655 3055 ctamur.
695 2997 987 3064 Dicamus,
1022 2996 1252 3059 fratres,
1285 2995 1377 3049 his
1425 2995 1598 3049 etiam
1641 2992 1739 3063 qui
1771 3009 1877 3048 nos
1910 2994 2050 3048 ode-

403 3098 542 3142 runt
569 3087 613 3157 ⁸,
648 3087 864 3142 nedum
894 3086 988 3141 his
1020 3085 1118 3156 qui
1147 3102 1250 3156 per
1279 3083 1623 3138 charitatem
1656 3083 1873 3151 aliquid
1907 3084 2050 3138 fece-

403 3180 564 3244 runt,
594 3176 680 3231 vel
709 3175 867 3248 passi
890 3178 1047 3230 sunt.
1078 3173 1508 3228 Resurrectioni
1533 3171 1732 3227 omnia
1754 3172 2048 3227 condone-

403 3281 576 3332 mus;
608 3265 836 3319 veniam
870 3263 968 3318 alii
997 3261 1126 3317 aliis
1158 3263 1385 3327 demus,
1419 3265 1544 3315 tum
1577 3277 1680 3331 ego
1713 3261 1810 3331 qui
1844 3260 2046 3314 lauda-

403 3352 584 3408 bilem
618 3352 734 3408 vim
766 3367 1082 3424 perpessus
1109 3366 1262 3419 sum,
1297 3349 1407 3404 hoc
1437 3350 1591 3404 enim
1634 3365 1789 3403 nunc
1813 3349 2043 3419 adjicio,

400 3446 527 3496 tum
545 3446 594 3497 4
620 3457 719 3496 vos
742 3441 840 3512 qui
863 3438 1238 3495 laudabiliter
1258 3439 1372 3494 vim
1395 3438 1699 3503 attulistis,
1726 3437 1775 3492 si
1798 3438 1931 3509 quid
1959 3442 2048 3492 est

401 3532 555 3602 quod
594 3530 738 3585 mibi
780 3528 1069 3584 tarditatis
1103 3545 1282 3583 causa
1327 3527 1740 3582 succenseatis.
1775 3527 2044 3589 Quando-

399 3620 637 3691 quidem
674 3635 741 3673 ea
771 3618 1036 3673 fortassis
1068 3617 1221 3688 apud
1259 3618 1440 3672 Deum
1483 3616 1688 3670 melior
1739 3621 1828 3670 est
1876 3621 2045 3684 atque

396 3708 770 3779 praestantior
802 3723 978 3778 quam
1008 3704 1258 3760 aliorum
1291 3704 1576 3760 celeritas.
1611 3706 1836 3759 Bonum
1886 3705 2042 3759 enim

393 3801 502 3868 est,
535 3801 591 3852 et
634 3796 749 3851 Deo
800 3811 1118 3867 parumper
1164 3811 1290 3850 sese
1345 3794 1690 3860 subducere,
1726 3798 1792 3847 ut
1822 3797 2044 3865 Moyses

394 3886 491 3941 ille
523 3885 662 3942 olim
684 3885 726 3955 ‘,
760 3901 825 3941 ac
857 3889 1060 3957 postea
1090 3883 1411 3939 Hieremias
1434 3884 1473 3953 ⁵,
1508 3887 1564 3938 et
1595 3899 1799 3937 rursus
1843 3883 1913 3937 ad
1947 3899 2042 3938 vo-

396 3979 627 4030 cantem
662 3978 925 4045 prompte
951 3978 1125 4044 atque
1146 3972 1393 4044 impigre
1416 3988 1739 4040 accurrere,
1766 3972 2043 4043 quemad-

397 4063 640 4118 modum
661 4064 851 4118 Aaron
871 4064 892 4096 ⁶
913 4068 967 4117 et
990 4062 1172 4117 Isaias
1197 4063 1238 4128 ⁷,
1263 4062 1435 4116 modo
1460 4064 1777 4130 utrumque
1803 4060 1899 4132 pio
1921 4061 2042 4116 ani-

400 4166 494 4205 mo
519 4150 638 4219 ﬁat,
659 4150 905 4205 alterum
929 4151 1002 4206 ob
1025 4151 1318 4222 pr0priam
1341 4149 1766 4221 inﬁrmitatem,
1791 4151 2039 4206 alterum

398 4237 472 4292 ob
499 4238 761 4292 vocantis
809 4240 1149 4308 potentiam.

469 4326 540 4381 ΙΙ.
576 4325 914 4396 Mysterium
947 4327 1112 4382 unxit
1142 4343 1234 4382 me
1261 4353 1274 4394 ;
1309 4328 1580 4400 mysterio
1613 4327 1917 4399 paululum
1952 4346 2040 4383 se-

395 4413 567 4483 cessi,
605 4415 794 4485 quoad
825 4414 951 4485 ipse
985 4431 1076 4469 me
1108 4415 1499 4487 explorassem
1530 4435 1542 4485 ;
1585 4433 1716 4472 cum
1764 4419 2038 4490 mysterio

394 4503 569 4558 etiam
602 4501 779 4557 simul
801 4503 1042 4567 introeo,
1066 4503 1410 4574 praeclarum
1433 4504 1763 4560 timiditatis
1795 4507 2038 4560 infirmi-

392 4592 650 4663 tatisque
682 4608 822 4646 mea:
854 4593 1203 4662 adjutorem,
1237 4592 1391 4647 diem
1427 4593 1580 4648 hunc
1614 4595 1927 4662 asciscens,
1953 4602 2035 4664 ut,

390 4681 492 4752 qui
513 4679 793 4737 hodierno
824 4680 920 4736 die
952 4697 986 4736 a
1007 4682 1257 4736 mortuis
1290 4683 1563 4749 surrexit,
1585 4681 1740 4738 idem
1773 4700 1864 4739 me
1893 4701 2039 4754 quo-

459 4833 480 4868 ³
511 4832 621 4889 Isa.
655 4849 803 4903 wa,
831 4834 886 4888 5.
963 4833 986 4866 ⁴
1013 4832 1189 4889 Exod.
1224 4850 1300 4903 ιν,
1335 4833 1418 4890 13.

456 4991 478 5019 ι
508 4981 669 5057 Alias
699 4983 837 5053 XLI,
872 5001 1001 5057 quas
1031 4991 1226 5041 autem
1260 4986 1285 5040 1
1318 4990 1462 5054 erat,
1494 5002 1651 5042 nunc
1671 4987 2034 5044 2.—Habita

388 5070 539 5111 anno
570 5055 692 5112 362.

457 5160 571 5231 (82)
637 5160 936 5238 Θεολᾷγου.
1004 5164 1277 5238 Gregorio
1324 5163 1550 5238 _nobile
1615 5166 1864 5236 Theologi
1936 5183 2024 5222 co-

428 5248 637 5286 nomen
671 5236 973 5290 ascribunt
1004 5236 1231 5292 ducenti
1258 5236 1462 5292 saltem
1496 5253 1673 5292 manu
1697 5238 1912 5294 exarati
1936 5255 2029 5294 co-

434 5303 569 5357 ices.
603 5303 748 5360 Vide
779 5307 836 5360 in
872 5307 1034 5361 Praef.

419 5374 567 5499 ἣξῗξ)
614 5373 684 5427 Τὸ
734 5376 881 5450 ἅγιον
931 5379 1142 5452 Πάσχα,
1193 5379 1286 5434 Sic
1331 5381 1501 5447 Par.;
1552 5379 1714 5434 deest
1789 5380 1848 5434 in
1897 5379 2027 5450 plu-

383 5461 569 5500 I‘lDUB.

2084 2552 2140 2617 A

2690 2572 3093 2669 ΛΟΓΟΣ
3177 2573 3286 2667 Α.

2263 2706 2356 2769 Εἲς
2385 2706 2447 2762 τὸ
2479 2707 2632 2782 ἅγιον
2663 2704 2857 2782 Πάσχα
2886 2709 2999 2781 (33)
3029 2707 3119 2762 καὶ
3151 2707 3226 2769 εἷς
3257 2707 3354 2776 τὴν
3391 2694 3718 2783 βραδυτῆτα.

2235 2815 2312 2868 Α’.
2350 2815 2709 2869 Ἀναστάσεως
2738 2814 2939 2888 ἡμέρα,
2969 2813 3057 2868 καὶ
3089 2817 3122 2883 ἡ
3157 2814 3302 2890 ἀρχὴ
3337 2812 3499 2888 δεξιὰ,
3537 2816 3624 2870 καὶ
3660 2815 3808 2890 λαμ-

2160 2905 2475 2976 πρυνθῶμεν
2525 2905 2595 2974 τῇ
2640 2902 2954 2978 πανηγύρει,
3007 2903 3095 2957 καὶ
3147 2901 3430 2973 ἀλλήλους
3470 2909 3810 2980 περιπτυξώ-

2164 2992 2316 3064 μεθα·
2352 2988 2608 3064 εἴπωμεν,
2642 2989 2888 3068 ἀδελφοὶ,
2939 2991 3027 3046 καὶ
3075 2997 3190 3053 τοῖς
3241 2997 3487 3065 μισοῦσιν
3518 2996 3688 3066 ἡμᾶς,
3726 2997 3804 3068 μή

2158 3077 2238 3132 ὅτι
2271 3085 2386 3139 τοῖς
2431 3076 2499 3132 δι’
2545 3079 2757 3153 ἀγάπην
2807 3083 2919 3152 (84)
2961 3102 3012 3134 τι
3062 3081 3438 3150 πεποιηκόσιν,
3471 3081 3505 3151 ἤ
3538 3084 3806 3137 πεπονθό-

2158 3189 2230 3220 σι·
2260 3170 2710 3243 συγχωρήσωμεν
2762 3173 2934 3223 πάντα
2981 3168 3050 3248 τῇ
3096 3169 3397 3225 ἀναστάσει·
3454 3169 3631 3244 δῶμεν
3675 3193 3806 3248 συγ-

2158 3193 2230 3220 σι·
2260 3193 2710 3243 συγχωρησωμεν
2762 3193 2934 3223 πάντα
2981 3193 3048 3235 τι
3096 3193 3397 3225 αναστασει·
3454 3193 3631 3244 οωμεν
3675 3193 3802 3248 συγ·

2156 3257 2384 3330 γνώμην
2412 3254 2708 3328 ἀλλήλοις,
2762 3257 2867 3334 ἐγώ
2914 3278 2972 3311 τε
3016 3193 3434 3333 ἓτυραννηθεὶς
3481 3261 3580 3327 τήν
3623 3263 3802 3329 καλὴν

2153 3345 2461 3420 τυραννίδα,
2511 3349 2670 3400 τοῦτο
2718 3346 2818 3421 γὰρ
2868 3350 2953 3400 νῦν
3001 3346 3354 3422 προστίθημι,
3407 3348 3495 3402 καὶ
3541 3349 3693 3420 ὑμεῖς
3746 3351 3807 3403 οἱ

2154 3433 2338 3495 καλῶς
2386 3437 2829 3510 τυραννήσαντες,
2881 3432 2934 3489 εἷ’
2973 3435 3024 3489 τί
3079 3457 3171 3508 μοι
3224 3435 3524 3514 μὲμιροισθε
3702 3441 3805 3507 τῆς

2160 3520 2519 3598 βραδυτῆτος,
2554 3524 2629 3585 ὡς
2654 3525 2798 3598 τάχα
2839 3545 2901 3598 γε
2947 3525 3203 3598 κρείττων
3256 3529 3367 3595 (86)
3415 3525 3549 3595 αὕτη
3599 3527 3687 3580 καὶ
3716 3549 3802 3582 τι-

2160 3614 2397 3688 μιωτέρα
2428 3619 2542 3685 Θεῷ
2586 3620 2686 3680 τῆς
2737 3615 2930 3688 ἑτέρων
2978 3621 3304 3688 ταχυτῆτος
3340 3613 3530 3690 ἀγαθὸν
3578 3617 3680 3690 γὰρ
3711 3617 3803 3670 καὶ

2157 3703 2517 3777 ὑποχωρῆσαι
2567 3707 2682 3774 Θεῷ
2730 3725 2781 3756 τι
2834 3704 3045 3778 μικρὸν,
3099 3703 3173 3764 ὡς
3223 3705 3457 3772 Μωυσῆς
3505 3704 3705 3766 ἐκεῖνος
3738 3707 3802 3760 τὸ

2153 3790 2435 3861 παλαιὸν,
2492 3792 2580 3845 καὶ
2639 3791 2898 3866 Ἱερεμίας
2959 3791 3178 3867 ὕστερον
3213 3836 3226 3861 ,
3286 3792 3373 3845 καὶ
3433 3790 3802 3869 προσδραμεῖν

2155 3880 2386 3953 ἑτοίμως
2417 3878 2693 3952 καλοῦντι,
2745 3881 2818 3942 ὡς
2873 3882 3082 3954 Ἀαρών
3126 3902 3184 3936 τε
3231 3881 3318 3935 καὶ
3347 3883 3584 3950 Ἡσαΐας,
3636 3882 3797 3954 μόνον

2152 3965 2382 4030 εὐσεϐῶς
2417 3967 2714 4046 ἀμφότερα,
2765 3969 2828 4023 τὸ
2882 3969 2977 4042 μὲν
3030 3967 3117 4023 διὰ
3165 3972 3263 4038 τὴν
3293 3971 3491 4025 οἰκείαν
3528 3971 3798 4026 ἀσθένειαν

2149 4060 2283 4130 (87),
2313 4059 2374 4112 τὸ
2406 4055 2462 4112 δὲ
2493 4054 2580 4111 διὰ
2605 4058 2704 4126 τὴν
2729 4062 2823 4112 τοῦ
2857 4059 3153 4121 καλοῦντος
3186 4057 3433 4132 δύναμιν.

2219 4327 2293 4382 Β’.
2330 4328 2636 4400 Μυστήριον
2665 4323 2850 4401 ἔχρισὲ
2884 4347 2971 4400 με,
3007 4327 3293 4401 μυστηρίῳ
3343 4328 3535 4403 μικρὸν
3575 4328 3796 4405 ὑπεχώ-

2151 4437 2289 4490 ρησα
2347 4417 2478 4487 (88),
2540 4414 2662 4469 ὅσον
2733 4414 2961 4487 ἐμαυτὸν
3023 4415 3451 4490 ἐπισκέψασθαι·
3514 4418 3796 4491 μυστηρίῳ

2147 4526 2234 4558 και
2270 4503 2684 4578 συνεισέρχομαι
2717 4507 2849 4577 (89),
2901 4503 3074 4572 καλήν
3127 4505 3459 4581 ἐπαγόμενος
3507 4514 3605 4575 τῆς
3653 4506 3792 4579 ἐμῆς

2154 4591 2360 4653 δειΛίας
2405 4591 2492 4645 καὶ
2527 4591 2793 4654 ἀσθενείας
2851 4591 3135 4668 ἐπίκουρον
3195 4595 3293 4663 τήν
3356 4596 3587 4671 ἡμέραν,
3632 4594 3705 4648 ἵν’
3765 4597 3793 4650 ὁ

2148 4685 2387 4757 σήμερον
2447 4680 2505 4734 ἐκ
2555 4685 2754 4754 νεκρῶν
2814 4681 3038 4744 ἀναστὰς
3105 4682 3246 4756 κάμὲ
3301 4686 3660 4757 καινοποιήσῃ
3712 4689 3794 4757 τῷ

1499 4833 1519 4867 ⁵
1547 4833 1762 4890 Jerem.
1795 4853 1833 4904 ι,
1866 4837 1920 4890 6.
1996 4837 2016 4873 ⁶
2047 4835 2223 4892 Exod.
2257 4852 2331 4902 ιν,
2361 4837 2452 4891 27.
2527 4835 2547 4870 7
2579 4835 2686 4892 Isa.
2718 4852 2795 4906 vr,
2827 4835 2881 4890 8.

2380 5166 2466 5227 Ὠς
2520 5165 2663 5242 τάχα
2714 5186 2774 5240 γε
2820 5165 3094 5242 κρείττων.
3153 5190 3180 5219 ‹‹
3221 5168 3792 5242 Quandoquidem.»

2141 5238 2234 5312 Sic
2256 5239 2409 5312 Bas._,
2433 5238 2648 5293 rectius
2672 5238 3300 5312 quam'Nicetas,quem
3325 5238 3560 5296 secutus
3577 5241 3790 5298 estBil.

2139 5310 2233 5380 qui
2259 5309 2428 5364 vertit
2461 5333 2486 5359 ‹‹
2523 5326 2884 5435 ᾳυοοᾳὲοοω.
2917 5331 2944 5393 ρ

2210 5382 2321 5435 (87)
2355 5380 2676 5434 ’Δσθένειαν.
2760 5380 2817 5435 il.
2867 5401 2889 5430 ι
2923 5399 2939 5435 1

2210 5382 2321 5450 (87)
2355 5380 2676 5434 Ἀσθένειαν.
2706 5380 2817 5436 Bil.
2867 5401 2889 5430 ι
2923 5381 3399 5438 imbecillitatem.
3437 5403 3464 5431 »

2211 5455 2328 5521 (88)
2359 5451 2737 5526 ἰ’πεχῴρησα.
2772 5453 2879 5508 Bil.
2919 5477 2939 5503 ι
2975 5455 3124 5510 cessi
3175 5460 3238 5510 ut
3278 5455 3568 5526 meipsum
3610 5452 3792 5525 inspi-

451 5517 562 5588 (84)
599 5516 678 5598 ρι’
702 5515 938 5598 ῥεγάπην.
973 5519 1198 5590 Billius,
1243 5541 1270 5568 «
1315 5525 1549 5592 propter
1599 5521 1939 5579 charitatem
1973 5527 2029 5578 et

2171 5515 2324 5598 eram
2355 5528 2411 5578 et
2440 5515 2882 5598 explorarem.)

375 5587 862 5645 benevolentiam.
897 5613 926 5640 ››

443 5659 557 5739 (85)
587 5660 921 5742 Μέμφοισθε.
955 5662 1083 5724 Par.
1115 5664 1243 5722 cod.
1282 5661 1576 5743 μέμφεσθε.

2209 5596 2322 5670 (89)
2350 5593 2797 5670 Σκνεισέρχομαι.
2831 5596 2958 5653 Par.
2997 5597 3351 5674 συνερχομαι.
