4184 6202
257 356 370 416 39⁵1

1262 353 1555 415 ORATIO
1599 351 1649 412 Ι.
1682 382 1757 395 -
1799 350 1877 410 ΙΝ
1926 349 2296 412 SANCTUM
2340 349 2668 412 PASCHA.

3555 355 3673 417 398

250 485 546 559 πνεύματι,
579 486 668 540 καὶ
702 486 801 540 τὸν
849 486 1030 540 καινὸν
1064 487 1176 559 (90)
1226 483 1447 547 ἔνδύσας
1498 483 1804 557 ἄνθρωπον,
1839 479 1916 554 δῷ

2038 495 2143 553 que
2175 481 2386 554 spiritu
2418 483 2674 554 lnnovet,
2709 499 2968 558 novoque
3018 484 3294 542 indutum
3341 486 3577 545 homine
3629 490 3674 558 ⁸,

252 579 321 649 τῇ
379 579 537 648 καινῇ
596 574 766 630 κτίσει
800 577 933 648 (91),
974 579 1093 636 τοῖς
1152 576 1290 630 κατὰ
1348 573 1476 630 Θεὸν
1537 572 1919 650 γεννωμένοις,

260 663 514 732 πλάστην
545 663 746 737 ἀγαθὸν
780 664 869 718 καὶ
905 661 1230 718 διδάσκαλον
1260 667 1473 738 Χριστῷ
1493 661 1581 717 καὶ
1615 659 1924 737 συννεκρού-

269 773 429 826 μενον
489 751 788 827 προθύμως
825 752 913 806 καὶ
942 754 1414 825 συνανιστάμενον.

333 936 404 988 I".
437 930 572 994 Χθὶς
609 931 636 986 ὁ
669 928 836 1002 ἀμνὸς
885 929 1159 1008 ἐσφάζετο,
1193 930 1282 984 καί
1331 929 1594 1004 ἐχρίοντο
1645 928 1701 981 αἱ
1744 926 1922 1005 φλιαὶ,

258 1018 350 1073 καὶ
411 1018 700 1095 ἐθρήνησεν
781 1015 1046 1094 Αἴγυπτος
1106 1021 1173 1074 τὰ
1228 1015 1572 1094 πρωτότοκα,
1629 1016 1716 1071 καὶ
1773 1017 1921 1088 ἡμᾶς

259 1107 540 1184 παρῆλθεν
574 1109 601 1162 ὁ
635 1105 967 1184 ὀλοθρεύων,
1000 1107 1088 1162 καὶ
1121 1111 1156 1177 ἠ
1192 1105 1422 1184 σφραγὶς
1455 1101 1658 1184 φοϐερὰ
1704 1104 1792 1160 καὶ
1836 1105 1921 1159 αἱ·

261 1194 510 1269 δὲσιμος,
541 1197 630 1251 καὶ
661 1201 738 1268 τῷ
778 1197 950 1269 τιμίῳ
1001 1194 1190 1269 αἵματι
1242 1195 1620 1272 ἐτειχίσθημεν
1825 1196 1922 1264 σή-

267 1306 430 1361 μερον
491 1287 738 1360 καθαρῶς
798 1285 1070 1364 ἐφύγομεν
1121 1282 1412 1361 Δτίγυπτον,
1445 1284 1534 1338 καὶ
1583 1283 1783 1353 Φαραὼ
1829 1282 1920 1337 τὸν

258 1375 456 1449 πικρὸν
491 1372 777 1446 δεσπότην,
818 1372 1064 1436 καὶτοὺς
1117 1374 1300 1450 βαρεῖς
1350 1372 1657 1439 ἐπιστάτας,
1689 1371 1777 1426 καὶ
1825 1375 1922 1425 τοῦ

251 1460 441 1532 πηλοῦ
489 1462 576 1516 καὶ
628 1465 725 1530 τῆς
781 1461 1062 1524 πλινθείας
1112 1463 1229 1536 (93)
1282 1459 1740 1534 ἠλευθερώθημεν
1784 1460 1920 1531 (94)⁶

252 1552 348 1605 καὶ
375 1549 556 1612 οὐδεὶς
588 1552 616 1605 ὁ
649 1549 916 1606 κωλύσων
946 1554 1093 1623 ἡμᾶς
1133 1549 1405 1625 ἑορτάζειν
1460 1548 1641 1624 Κυρίῳ
1683 1553 1761 1619 τῷ
1809 1552 1924 1619 Θεῷ

263 1643 431 1711 ἡμῶν
462 1640 652 1714 ἑορτὴν
708 1640 806 1707 τήν
859 1637 1082 1712 ἐξόδιον,
1117 1638 1205 1693 καὶ
1259 1638 1548 1713 ἑορτάζειν,
1585 1636 1682 1691 οὐκ
1728 1635 1779 1692 ἐν
1834 1636 1922 1706 ζύ-

275 1750 349 1802 μῃ
407 1727 614 1798 παλαιᾷ
679 1728 867 1789 κακίας
927 1729 1016 1782 καὶ
1084 1727 1376 1802 πονηρίας,
1421 1725 1546 1781 ἀλλ’
1597 1725 1648 1780 ὲν
1695 1724 1922 1798 ἀζύμοις

257 1816 610 1891 εἶλικρινείας
653 1816 753 1917 καὶ*
796 1814 1071 1885 ἀληθείας,
1105 1811 1301 1917 ’μηδὲν
1351 1814 1776 1892 ἐπιφερομένους
1806 1815 1920 1886 (95)
1951 1852 1998 1917 Β

253 1906 636 1980 Αἰγυπτιακοῦ
667 1904 754 1958 καὶ
789 1905 949 1967 ἀθέου
982 1903 1322 1981 φυράματος.

325 1995 399 2050 Δ’.
434 1995 568 2058 Χθὲς
617 1993 1089 2067 συνεσταυρούμην
1136 1996 1373 2068 Χριστῷ,
1428 1993 1667 2065 σήμερον
1725 1988 1913 2045 συνδο-

252 2083 508 2155 ξάζομαι’
571 2083 702 2158 χθὲς
752 2080 1199 2155 συνενεκρούμην,
1250 2084 1697 2153 συζωοποιοῦμαι
1743 2082 1913 2152 σήμε-

258 2192 376 2247 ρον·
413 2172 540 2248 χθὲς
569 2171 1000 2243 συνεθαπτόμην,
1034 2174 1276 2246 σήμερον
1310 2169 1708 2244 συνεγείρομαι.
1741 2168 1916 2224 Ἀλλὰ

253 2262 769 2336 καρποφορήσωμεν
958 2263 1036 2330 τῷ
1067 2259 1198 2331 ὑπὲρ
1229 2260 1390 2330 ἡμῶν
1424 2257 1648 2312 παθόντι
1683 2259 1795 2331 (97)
1825 2258 1912 2312 καὶ

252 2350 564 2404 ἀναστάντι.
594 2350 802 2424 Χρυσόν
854 2368 920 2420 με
961 2347 1098 2409 ’ίσως
1145 2345 1320 2411 οἵεσθε
1352 2346 1554 2422 λέγειν,
1586 2346 1622 2416 ἢ
1654 2345 1910 2422 ἄργυρον,

247 2439 286 2507 ἢ
324 2438 634 2514 ὑφάσματα,
660 2437 696 2506 ἢ
731 2435 917 2500 λίθους
963 2440 1069 2491 τῶν
1124 2433 1395 2513 διαφανῶν
1441 2436 1530 2490 καὶ
1559 2435 1778 2507 τιμίων,
1807 2442 1913 2508 γῆς

252 2526 481 2601 ῥέουσαν
519 2524 679 2596 ὕλην,
712 2527 801 2580 καὶ
850 2525 997 2579 κάτω
1057 2525 1341 2597 μένουσαν,
1369 2527 1434 2593 ἧς
1475 2524 1557 2578 ἀεὶ
1609 2522 1671 2579 τὸ
1719 2523 1908 2580 πλεῖον

249 2612 476 2691 ἔχουσιν
513 2615 562 2668 οἱ
593 2614 752 2669 κακοὶ
783 2615 871 2668 καὶ
907 2611 1097 2668 δοῦλοι
1129 2618 1236 2667 τῶν
1267 2613 1414 2668 κάτω
1445 2611 1532 2667 καί
1563 2617 1660 2667 τοῦ
1706 2633 1911 2685 κοσμο-

243 2702 518 2777 κράτορος
551 2705 685 2776 (98).
719 2704 1242 2780 Καρποφορήσωμεν
1277 2704 1426 2774 ἡμᾶς
1477 2700 1691 2768 αὐτοὺς,
1721 2701 1783 2755 τὸ
1829 2722 1911 2755 τι-

255 2793 532 2864 μιώτατον
566 2791 682 2862 Θεῷ
714 2797 813 2845 κτῆ
826 2812 899 2863 μα
947 2790 1038 2845 καὶ
1088 2789 1419 2844 οἰκειότατον
1453 2791 1583 2863 (99)’
1617 2786 1906 2863 ἀποδῶμεν

248 2879 318 2953 τῇ
400 2878 566 2933 εἰκόνι
621 2880 701 2949 (1)
773 2880 834 2933 τὸ
909 2885 1022 2934 κατ’
1081 2877 1278 2946 εἰκόνα,
1335 2877 1687 2953 γνωρίσωμεν
1749 2881 1908 2950 ἡμῶν

242 2969 309 3022 τὸ
385 2967 625 3040 ἀξίωμα,
675 2970 995 3041 τιμήσωμεν
1046 2968 1108 3021 τὸ
1158 2966 1492 3042 ἀρχέτυπον,
1539 2971 1751 3043 γνῶμεν
1809 2971 1906 3021 τοῦ

251 3056 558 3132 μυστηρίου
604 3057 702 3125 τὴν
755 3053 1006 3130 δύναμιν,
1051 3055 1139 3110 καὶ
1192 3056 1321 3131 ὑπὲρ
1368 3055 1507 3118 τίνος
1555 3057 1632 3131 (2)
1679 3056 1908 3132 Χριστὸς

253 3147 506 3203 ἀπέθανε.

318 3413 398 3470 Ε’.
450 3412 742 3479 Γενώυιεθα
791 3410 864 3473 ὡς
916 3411 1169 3486 Χριστὸς,
1225 3409 1338 3466 ἐπεὶ
1399 3410 1488 3465 γαὶ
1539 3410 1771 3487 Χριστδς
1823 3411 1897 3475 ὡς

251 3499 450 3571 ἡμεῖς·
481 3499 760 3574 γενώμεθρ
802 3499 913 3552 θεοὶ
965 3497 1033 3553 δι’
1079 3496 1257 3568 αὐτὸν,
1309 3495 1495 3566 ἔπειδή
1537 3499 1784 3562 κάκεῖνος
1832 3497 1900 3554 δι’

245 3591 407 3661 ἡμᾶς
443 3589 750 3662 ἄνθρωπος.
784 3581 1099 3660 Προσὲλαϐε
1127 3587 1190 3642 τὸ
1221 3591 1428 3663 χεῖρον,
1454 3585 1544 3642 τίνα
1576 3586 1654 3659 δῷ
1682 3589 1744 3643 τὸ
1778 3586 1903 3664 βὲλ-

251 3696 394 3731 τιον’
447 3676 787 3752 ἐπτώχευσεν
839 3678 938 3749 (3),
965 3672 1033 3729 ἵν’
1083 3679 1245 3748 ἡμεῖς
1293 3676 1363 3746 τῇ
1415 3674 1617 3730 ἐκείνου
1663 3677 1911 3753 πτωχείᾳ

251 3765 677 3837 πλουτήσωμεψ
732 3762 936 3820 δούλου
972 3766 1190 3843 μορφὴν
1235 3759 1447 3836 ἔλαϐεν,
1474 3760 1566 3819 ’ίνα
1607 3766 1707 3833 τὴν
1760 3765 1911 3821 ἐλευ-

326 3894 346 3927 ⁸
383 3891 590 3964 Ephes.
616 3908 694 3960 iv,
723 3890 814 3958 23,
845 3892 937 3945 24.
1013 3891 1034 3927 ³
1067 3890 1236 3947 Joan.
1270 3907 1310 3959 ι,
1347 3890 1436 3946 13.
1513 3891 1557 3928 ⁸ο
1587 3891 1756 3948 Rom.
1787 3909 1865 3960 vr,
1896 3894 1950 3949 8.

357 4032 453 4098 90)
483 4031 584 4084 Τὸν
615 4030 817 4087 καινόν.
851 4032 1022 4087 Coisl.
1058 4033 1110 4100 1,
1141 4031 1230 4085 τὸν
1263 4032 1404 4088 νέον.

361 4105 456 4173 91)
491 4101 697 4174 Κτίσει.
725 4104 787 4158 In
821 4104 962 4160 edit.
999 4104 1126 4159 Par.
1158 4104 1366 4174 κτήσει,
1402 4105 1698 4160 mendose.

486 4172 921 4257 :E'c‘ux‘isanper.
943 4197 980 4257 ἰ
1007 4175 1183 4257 Quasi
1205 4172 1371 4257 muro
1388 4176 1586 4257 vallati
1617 4193 1848 4257 sumus.
1880 4197 1909 4227 ››

333 4243 449 4318 (93)
486 4246 586 4299 Καὶ
613 4243 710 4313 τῆς
740 4243 1036 4306 πλινθείας.
1073 4246 1174 4302 Bil.
1215 4267 1240 4299 α
1283 4251 1340 4302 et
1388 4247 1639 4303 laterum
1687 4249 1913 4304 confec-

263 4317 443 4373 tione.
477 4339 506 4367 »

489 4383 872 4463 ῘΗλευθερὼθη
885 4406 994 4457 μεν.
1013 4388 1152 4463 ΔΡΜ.
1184 4389 1314 4463 cod.
1346 4385 1787 4463 ἠλιυθερῴμεθα.

489 4457 964 4534 ’ξπιφερρμᾴνουᾳ
1013 4458 1407 4534 Ἐπιφεροντεςο
1470 4482 1517 4534 «_
1549 4457 1714 4534 "Nihil
1769 4460 1914 4534 infe-

265 4529 466 4604 rentes
501 4529 1025 4604 Egy‘ptiaciatque
1057 4529 1221 4604 impii
1256 4530 1541 4604 fermenti.
1574 4553 1602 4580 »
1662 4531 1914 4604 Impium

266 4601 394 4656 Arii
427 4601 646 4671 dogma
666 4600 958 4671 intelligit,
994 4607 1056 4656 ut
1085 4600 1351 4658 observat
1379 4601 1628 4657 Nicetes.

335 4673 452 4742 (96)
487 4669 662 4751 “Alibi
691 4669 1223 4751 καρποξφορήσωμεν.
1264 4696 1292 4751 (ξ
1327 4673 1663 4751 flamini/ero
1688 4673 1912 4751 roﬂ'era-
1947 4687 1991 4751 Ι)
2020 4675 2060 4729 il

265 4761 428 4799 mus.
463 4765 493 4791 ››
524 4743 647 4797 Mos
678 4743 817 4797 olim
851 4743 978 4811 fuit,
1015 4749 1078 4798 ut
1116 4746 1174 4799 in
1205 4743 1660 4810 celebritatibus,
1680 4750 1807 4798 tum
1828 4762 1914 4800 sa-

263 4817 409 4879 cris,
426 4819 553 4868 tum
590 4813 866 4884 profanis,
890 4815 1042 4870 dona
1062 4816 1377 4870 afferentur
1390 4815 1528 4882 Deo,
1551 4816 1912 4886 imperatori,

261 4887 499 4942 victori.
534 4888 717 4951 Quam
750 4887 992 4956 quidem
1025 4887 1086 4941 in
1118 4887 1376 4942 Ecclesia
1430 4888 1916 4942 consuetudinem

265 4958 800 5028 viguissecanones
824 4959 1042 5028 passim
1063 4964 1120 5013 et
1140 4958 1393 5014 historiis
1418 4957 1919 5028 loquuntur.Deus

266 5027 399 5100 ipse
430 5027 729 5100 sibigdona
759 5027 950 5083 oil‘erri
987 5030 1257 5100 praecepit
1287 5027 1640 5100 populo’suo
1672 5029 1764 5084 his
1795 5047 1918 5084 ver-

265 5097 385 5163 bis,
411 5097 512 5172 ubi
543 5097 1001 5172 deucelebrandis
1033 5097 1219 5155 tribus
1252 5097 1563 5171 praecipuis
1584 5101 1920 5172 festisleges

266 5170 515 5243 statuit:
541 5192 568 5219 «
603 5169 724 5224 Non
759 5172 1064 5241 apparebis
1084 5173 1141 5226 in
1163 5169 1476 5243 conspectu
1501 5188 1626 5228 meo
1643 5169 1919 5227 vacuus.»

267 5240 466 5312 (Exod.
501 5256 663 5313 xxiii,
699 5243 765 5294 15
791 5240 810 5308 ;“
838 5259 1028 5313 xxxiv,
1080 5245 1177 5310 20;
1215 5240 1368 5298 Deut.
1403 5260 1516 5308 xv1,
1555 5243 1666 5312 16.)
1709 5244 1920 5298 Eadem

266 5331 388 5369 non
420 5311 602 5385 semel
634 5313 860 5385 repetit.
894 5311 1073 5368 Credo
1105 5315 1374 5385 equidem
1408 5311 1669 5384 Gregorii
1701 5331 1924 5369 sermo-

270 5401 406 5440 nem
442 5385 512 5438 ad
544 5383 669 5456 haec
696 5383 909 5456 Moysis
938 5386 1108 5440 verba
1139 5383 1420 5456 spectare.
1455 5383 1548 5438 Sic
1601 5385 1775 5439 etiam
1811 5386 1921 5440 Do-

268 5457 470 5511 rotheo
502 5454 987 5510 Archimandritaa
1019 5454 1207 5512 visum
1234 5466 1339 5512 est.
1363 5456 1919 5526 «Quandoquidem,

268 5528 482 5600 inquit,
516 5525 902 5600 d_octrina722,
935 5527 1083 5600 Bibl.
1117 5533 1226 5582 PP.
1255 5528 1609 5584 Graeco-Lat.
1645 5525 1746 5600 ed.
1789 5533 1919 5583 Par.

268 5598 429 5664 1624,
453 5604 508 5671 ι.
543 5598 616 5671 II,
650 5614 705 5668 p.
739 5598 864 5671 _858,
899 5599 1018 5671 «__in
1051 5600 1274 5655 festivis
1314 5605 1374 5655 et
1419 5599 1784 5671 panegyricis
1815 5616 1923 5655 cm-

266 5673 425 5733 tibus
442 5669 694 5730 Domino
726 5669 880 5727 dona
909 5669 1013 5726 ﬁlii
1035 5671 1211 5729 Israel
1231 5687 1299 5728 ex
1318 5669 1442 5743 lege
1458 5669 1757 5743 quondam
1781 5671 1923 5729 olfe-

2033 588 2189 626 novaa
2222 577 2517 644 creaturas,
2549 574 2659 629 hoc
2690 578 2780 630 est
2827 573 2899 631 iis
2958 574 3058 647 qui
3115 576 3441 632 secundum
3488 576 3676 636 Deum

2034 666 2358 716 nascuntur
2387 663 2429 728 θ,
2462 663 2721 718 lictorem
2754 663 2974 719 bonum
3005 668 3061 720 et
3117 666 3468 738 magistrum
3509 667 3684 725 donet

2033 765 2166 805 cum
2198 751 2423 806 Christo
2457 752 2634 807 alacri
2664 753 2859 810 animo
2891 758 2948 810 et
2997 755 3342 812 morientem
3386 762 3444 813 et
3486 774 3682 815 resur-

2032 844 2264 911 gentem
2300 841 2363 896 ίο.

2104 928 2202 984 ΙΙΙ.
2223 929 2355 984 Heri
2379 946 2567 1001 agnus
2591 931 2976 998 mactabatur,
3000 935 3056 987 et
3071 937 3266 1004 postes
3289 935 3682 1006 angebantur,

2032 1017 2298 1089 luxitque
2330 1018 2720 1091 primogenita
2748 1020 3052 1092 Egyptus,
3082 1038 3148 1077 ac
3181 1039 3287 1078 nos
3329 1026 3679 1080 extermina-

2034 1110 2125 1161 tor
2145 1107 2438 1178 praeteriit,
2464 1107 2840 1180 signaculum
2875 1110 3090 1181 quippe
3119 1110 3324 1166 terrori
3357 1111 3468 1182 ipsi
3500 1128 3566 1168 ac
3585 1128 3683 1169 ve-

2033 1194 2317 1249 nerationi
2340 1194 2468 1263 fuit,
2486 1196 2858 1268 pretiosaque
2880 1197 3164 1268 sanguine
3187 1199 3429 1269 protecti
3453 1217 3680 1257 sumus.

2033 1283 2213 1337 Hodie
2242 1283 2554 1354 [Egyptum
2585 1283 2823 1340 omnino
2854 1284 3135 1356 fugimus,
3168 1290 3223 1342 et
3248 1287 3680 1344 amarulentum

2035 1369 2203 1426 illum
2236 1372 2541 1426 dominum
2574 1372 2960 1442 Pharaonem,
2993 1379 3050 1428 et
3079 1375 3316 1431 acerbos
3346 1376 3683 1447 praefectos;

2033 1476 2100 1515 ac
2125 1459 2246 1515 luto
2277 1465 2334 1515 et
2362 1460 2616 1517 lateritio
2648 1478 2820 1533 cpere
2852 1462 3083 1518 liberati
3113 1480 3345 1532 sumus,
3370 1480 3476 1521 nec
3523 1465 3684 1536 quis-

2034 1564 2212 1619 quam
2246 1552 2352 1617 est,
2387 1549 2486 1619 qui
2520 1566 2625 1605 nos
2662 1551 2902 1605 Domino
2938 1550 3051 1606 Deo
3094 1555 3293 1607 nostro
3340 1552 3533 1609 exitus
3571 1555 3684 1610 fes-

2032 1641 2158 1691 tum
2192 1637 2485 1693 celebrare
2515 1639 2860 1709 prohibeat;
2886 1645 2943 1695 et
2966 1639 3203 1710 quidem
3241 1640 3551 1709 celebrare,
3573 1659 3685 1699 non

2034 1727 2092 1780 in
2115 1727 2380 1796 [er-mento
2405 1728 2574 1782 veteri
2600 1728 2830 1782 malitia
2861 1736 2910 1782 et
2942 1731 3230 1799 nequitiz,
3251 1732 3353 1785 sed
3381 1732 3442 1784 in
3467 1733 3681 1804 azymis

2029 1815 2359 1870 sinceritatis
2387 1824 2438 1871 et
2492 1817 2736 1870 veritatis
2793 1818 2859 1886 ¹¹,
2922 1816 3067 1871 nihil
3124 1817 3446 1890 ZEgyptiaci
3501 1825 3675 1892 atque

2027 1903 2193 1974 impii
2229 1904 2495 1959 fermenti
2530 1903 2835 1961 nobiscum
2870 1905 3140 1963 ferentes.

2098 1991 2187 2046 IV.
2223 1993 2355 2048 Heri
2388 2009 2521 2047 cum
2555 1993 2785 2048 Christo
2835 1993 2895 2047 in
2945 2009 3175 2050 crucem
3235 1995 3468 2067 agebar,
3501 1996 3674 2054 hodie

2025 2080 2201 2136 simul
2233 2080 2562 2153 gloriﬁcor;
2595 2081 2719 2137 heri
2754 2084 3198 2152 commoriebar,
3223 2084 3394 2140 hodie
3411 2085 3580 2141 simul
3601 2086 3682 2141 vi-

2021 2169 2255 2236 viﬁcor;
2291 2170 2412 2224 heri
2449 2171 2906 2242 consepeliebar,
2955 2171 3126 2227 hodie
3180 2173 3356 2228 simul
3414 2191 3677 2248 resurgo.

2024 2258 2225 2327 Itaque
2255 2258 2329 2324 ei,
2367 2260 2465 2330 qui
2501 2276 2603 2330 pro
2638 2258 2806 2314 nobis
2837 2276 3049 2331 passus
3099 2265 3186 2316 est
3228 2277 3294 2316 ac
3343 2263 3679 2330 resurrexit,

2021 2345 2353 2402 offeramus.
2384 2349 2607 2402 Aurum
2641 2348 2895 2403 fortasse
2928 2348 3122 2404 dicere
3154 2365 3247 2405 me
3296 2350 3539 2421 putatis,
3574 2353 3678 2406 aut

2020 2439 2351 2506 argentum,
2385 2441 2488 2491 aut
2518 2440 2800 2502 texturas,
2837 2441 2937 2492 aut
2969 2436 3292 2508 pellucidos
3324 2443 3381 2493 et
3417 2438 3674 2511 ingentis

2018 2524 2186 2595 pretii
2210 2523 2455 2595 lapides,
2480 2524 2696 2579 ﬂuxam
2728 2524 3113 2597 fragilemque
3143 2529 3308 2581 terrea
3343 2527 3670 2595 materiam,

2019 2612 2305 2684 humique
2336 2617 2692 2681 manentem,
2714 2614 2886 2684 cujus
2908 2616 3188 2685 majorem
3210 2619 3434 2686 partem
3457 2616 3674 2687 impro-

2020 2701 2080 2755 bi
2115 2702 2232 2756 fere
2262 2705 2318 2756 et
2355 2701 2504 2756 servi
2560 2717 2756 2756 rerum
2815 2703 2859 2758 5
2923 2705 3286 2757 terrenarum
3344 2719 3410 2758 ac
3467 2701 3672 2759 mundi

2019 2789 2303 2861 principis
2333 2790 2658 2860 possident.
2698 2792 2818 2845 Imo
2848 2805 2980 2846 vero
3021 2791 3415 2863 nosmetipsos
3463 2793 3670 2850 offera-

2021 2894 2175 2948 mus,
2209 2878 2318 2934 hoc
2349 2883 2439 2934 est
2487 2879 2923 2950 possessionem
2981 2879 3098 2935 Deo
3157 2881 3668 2952 pretiosissimam,

2018 2969 2386 3038 maximeque
2409 2968 2724 3040 propriam.
2753 2967 3000 3039 Imagini
3025 2969 3341 3025 reddamus
3357 2971 3508 3040 quod
3531 2970 3672 3027 ima-

2017 3055 2138 3128 gini
2165 3056 2456 3128 congruit,
2517 3056 2865 3128 dignitatem
2924 3063 3185 3113 nostram
3253 3074 3667 3130 agnoscamus,

2015 3145 2312 3218 exemplar
2331 3144 2550 3202 honore
2572 3161 3015 3217 prosequamur,
3038 3147 3298 3219 mysterii
3331 3149 3445 3204 vim
3496 3149 3669 3206 intel-

1931 3220 1974 3286 C
2008 3234 2289 3307 ligamus,
2312 3238 2369 3290 et
2398 3235 2570 3306 cujus
2599 3234 2681 3291 rei
2710 3234 2899 3306 gratia
2919 3235 3188 3292 Christus
3207 3241 3393 3294 morte
3422 3238 3662 3298 functus

2009 3328 2118 3380 est.

2077 3411 2147 3469 V.
2181 3411 2378 3468 Simus
2411 3415 2475 3466 ut
2504 3411 2795 3480 Christus,
2829 3412 3106 3484 quoniam
3129 3413 3394 3472 Christus
3424 3431 3656 3489 quoque

2013 3501 2166 3556 sicut
2195 3517 2319 3556 nos.
2351 3500 2689 3556 Efficiamur
2717 3501 2797 3556 dii
2829 3507 3068 3574 propter
3123 3503 3341 3576 ipsum,
3375 3506 3655 3577 quoniam

2015 3590 2142 3662 ipse
2171 3605 2402 3661 quoque
2431 3593 2666 3661 propter
2721 3606 2826 3646 nos
2882 3591 3080 3647 homo.
3109 3594 3446 3667 Assumpsit
3499 3597 3655 3666 quod

2019 3678 2274 3735 deterius
2304 3683 2448 3748 erat,
2483 3682 2548 3733 ut
2577 3678 2740 3733 daret
2771 3680 2924 3750 quod
2957 3683 3330 3750 praestantius
3372 3688 3480 3738 est.
3515 3685 3659 3755 Ege-

2023 3784 2134 3823 nus
2166 3766 2352 3822 factus
2386 3770 2496 3834 est,
2529 3771 2592 3821 ut
2644 3765 2804 3823 illius
2861 3784 2968 3824 nos
3025 3769 3224 3841 inOpia
3266 3770 3473 3827 divites
3503 3785 3661 3828 esse-

2031 3894 2073 3930 “
2106 3896 2128 3945 Ι
2157 3889 2285 3947 Cor.
2318 3906 2371 3958 ν,
2404 3889 2460 3944 8.

2027 4033 2255 4106 rebant,
2288 4031 2557 4106 hortatur
2585 4032 2644 4087 S.
2680 4032 3013 4105 Gregorius,
3056 4038 3119 4089 ut
3177 4033 3672 4106 quemadmodum

2024 4105 2130 4170 illi,
2166 4102 2249 4174 ita
2277 4107 2332 4158 et
2363 4120 2470 4174 nos
2501 4105 2717 4174 festum
2751 4102 3068 4174 agamus.»
3095 4102 3313 4174 Ἐπειδὴ
3345 4107 3406 4160 τὸ
3436 4104 3669 4162 παλαιὸν

2024 4175 2078 4228 οἱ
2107 4172 2216 4255 nisi
2246 4170 2470 4255 Ἰσραὴλ
2526 4173 2736 4255 ἑρρταῖς
2855 4180 3003 4255 ’ταῖςη
3028 4170 3360 4251 πανηγύρεσι
3405 4179 3669 4255 προσεφι-

2061 4267 2118 4324 ον
2152 4241 2307 4324 δῶρα
2324 4241 2403 4315 τῷ
2435 4241 2620 4324 ξίυρίιρ
2645 4244 2780 4324 κατᾲ
2808 4241 2924 4324 τὸν..
2948 4241 3203 4324 volsca"...
3236 4241 3486 4324 παραινεῖ
3532 4241 3668 4322 ἡμῖν

2061 4267 2115 4300 ον
2152 4266 2298 4319 οωρα
2324 4266 2403 4315 τῳ
2435 4266 2614 4318 Λυριῳ
2645 4266 2780 4298 κατα
2808 4266 2900 4299 τον
2948 4266 3203 4317 νομον....
3236 4269 3327 4324 παξ

2025 4266 2053 4373 ἶ
2084 4317 2240 4391 ἅγιος
2271 4314 2575 4391 Γρηγόριοτ
2607 4315 2857 4391 ἑορτάσαι
2886 4315 3064 4391 ὥσπερ
3106 4317 3327 4376 ἐκεῖνοι.

2094 4337 2117 4372 κ
2157 4337 2240 4377 ιος
2271 4337 2292 4369 ι
2315 4337 2575 4389 ρηγοριος
2608 4337 2857 4390 εορτασαι
2886 4337 3064 4391 ωσπερ
3106 4337 3327 4376 εκεινοι.

2094 4337 2215 4513 (r572,
2239 4385 2492 4513 [ἒιέθόντι.
2525 4387 2697 4445 Coisl.
2732 4391 2791 4455 1,
2823 4388 3164 4446 ἀποθανόντι.
3219 4392 3311 4448 Sic
3357 4396 3559 4464 Apost.
3619 4393 3672 4449 ΙΙ

2023 4465 2149 4516 Cor.
2182 4477 2235 4525 v,
2268 4465 2355 4514 15.

2095 4532 2208 4606 (98_)_
2240 4529 2714 4606 Κοσμοκράτορος.
2736 4529 3020 4606 Diabolus
3057 4555 3085 4583 ‹‹
3109 4534 3312 4590 mundi
3337 4535 3610 4606 princeps
3641 4556 3670 4585 ι»

2025 4602 2371 4676 appellatur,
2395 4618 2510 4676 non
2545 4602 2926 4676 quodmundi
2957 4620 3272 4676 rerumque
3303 4602 3670 4661 terrenarum

2102 4620 2371 4674 pellatur,
2395 4620 2510 4656 non
2545 4620 2699 4672 quoa
2723 4620 2926 4658 mundi
2957 4620 3272 4676 rerumque
3303 4620 3670 4661 terrenarum

2063 4620 2103 4730 li
2138 4673 2598 4747 sitimperium;
2633 4675 2733 4729 sed
2760 4676 2922 4747 quod
2970 4693 3088 4745 eos,
3122 4677 3222 4747 qui
3271 4677 3548 4735 scelerate
3595 4677 3673 4734 vi-

2025 4750 2188 4813 vunt,
2223 4744 2280 4798 in
2313 4761 2420 4800 sua.
2448 4748 2734 4814 potestate
2759 4744 2992 4812 habeat,
3023 4744 3277 4803 Nicetes.

2092 4816 2206 4888 (99)
2236 4814 2307 4868 Τὸ
2341 4814 2698 4888 ,τιμιώτατον
2757 4819 2873 4888 Θεῷ
2913 4822 3113 4888 ,κτῆμα
3166 4816 3255 4872 καὶ
3315 4815 3671 4876 οἰκειότατον.

2028 4909 2057 4939 ‹‹
2093 4887 2526 4942 Possessionem
2550 4887 2665 4941 Deo
2688 4887 3244 4958 pretiosissimam.»
3268 4891 3362 4946 Sic
3384 4890 3592 4946 Billius
3613 4891 3676 4946 in

2072 4958 2218 5013 rima
2248 4957 2522 5032 editione,
2540 4957 2945 5032 meliusrquam
2974 4960 3031 5014 in
3054 4965 3367 5032 postrema.
3386 4962 3477 5017 sic
3499 4963 3675 5019 etiam

2085 5032 2293 5105 icetas:
2329 5051 2356 5077 «
2382 5027 2482 5105 qui
2515 5027 2807 5098 possessio
2848 5027 3071 5105 sumus
3108 5033 3223 5088 Deo
3273 5032 3442 5105 longe
3467 5034 3678 5105 pretio-

2029 5101 2658 5172 sissimamaximequc
2690 5102 2942 5172 propria.
2980 5124 3007 5150 ››

2101 5174 2177 5243 (1)
2206 5169 2282 5243 Τῇ
2318 5169 2500 5244 εἷ’κόνιῗ.
2542 5169 2836 5244 «imagini
2870 5174 3022 5242 quod
3057 5173 3330 5244 imaginis
3370 5178 3479 5240 est,
3505 5195 3532 5223 ››
3563 5174 3676 5243 vel,
3757 5197 3759 5200 ·

2031 5266 2068 5325 ει.
2093 5242 2601 5325 quodsecundum
2633 5242 2950 5325 imaginem
2981 5249 3090 5325 est,
3123 5242 3458 5325 reddamus.
3494 5267 3523 5296 ››
3559 5242 3676 5300 Bil4

2032 5313 2146 5369 lius
2178 5318 2394 5387 autem,
2431 5335 2458 5387 ει
2485 5313 2774 5387 imaginis
2794 5315 2968 5370 decus
2998 5313 3239 5387 imagini
3275 5317 3613 5374 reddamus.
3643 5337 3673 5368 »
3775 5359 3778 5362 .

2101 5387 2179 5457 (2)
2208 5382 2553 5457 Ὑπὲρ-τίνος.
2590 5382 2812 5451 Billius,
2847 5407 2874 5435 «
2908 5403 3009 5457 pro
3040 5382 3176 5457 quo.
3213 5409 3242 5436 »

2105 5387 2180 5527 (2)
2208 5387 2362 5457 Ὑπὲρ
2392 5387 2553 5443 τίνος.
2590 5387 2812 5451 Billius,
2847 5407 2874 5435 ‹‹
2908 5403 3009 5457 pro
3040 5404 3176 5512 quo.
3213 5409 3242 5436 »
3550 5457 3560 5470 _

2105 5459 2158 5530 (8
2216 5455 2700 5530 Ἐπτῴχευσεν.ωι‹
2759 5461 2988 5530 Egerius
3055 5465 3232 5530 iactus
3290 5463 3458 5530 est,»
3514 5457 3680 5530 διοῌ

2033 5526 2160 5600 Cor.
2189 5545 2313 5595 νιιι,
2345 5526 2462 5596 9,”‹‹
2496 5532 2561 5581 ut
2589 5526 2749 5600 illius
2780 5526 2980 5600 inopia
3007 5529 3214 5586 divites
3247 5529 3472 5585 essetis.
3499 5549 3528 5577 ››
3574 5526 3683 5600 Bil-

2033 5598 2147 5673 lius
2177 5615 2328 5673 vero,
2362 5621 2390 5649 ‹‹
2423 5599 2728 5656 mendicus
2758 5595 2944 5659 factus
2999 5606 3106 5673 est,
3142 5605 3208 5657 ut
3255 5600 3415 5656 illius
3464 5595 3683 5656 mendi-

2035 5671 2209 5730 citate
2238 5671 2514 5728 ditemur.
2543 5691 2572 5721 ››
