4184 6202
459 392 575 451 399

1702 388 1767 447 S.
1817 384 2191 446 GltEthltlI
2234 386 2629 446 THEOLOGI

3765 391 3899 449 400

462 540 595 580 mus
618 524 681 579 “.
705 521 867 578 Servi
887 522 1138 577 formam
1171 519 1391 592 accepit
1413 522 1479 587 13,
1504 524 1568 575 ut
1587 518 1914 574 libertatem
1954 518 2098 572 reci-

2218 514 2391 590 θερίαν
2442 517 2605 588 ἡμεῖς
2657 512 3026 590 ἀπολάϐωμεν
3215 517 3508 590 κατῆλθεν,
3546 518 3620 573 ἵν’
3653 521 3898 593 ὑψωθῶ-

461 626 753 682 peremus.
786 608 1114 679 Descendit,
1150 614 1215 663 ut
1245 609 1640 663 eveheremur.
1674 607 1953 662 ’I'entatus
2000 608 2109 675 est,

465 703 530 754 ut
554 699 941 754 vinceremus.
965 700 1346 767 Contemptus
1374 700 1483 766 est,
1510 699 1571 749 ut
1602 712 1707 750 nos
1728 693 1913 765 gloria
1934 693 2111 747 dona-

464 791 571 843 ret.
605 786 870 842 Mortuus
902 790 1009 855 est,
1044 789 1110 840 ut
1139 784 1386 840 salutem
1422 783 1590 839 nobis
1620 784 1867 838 afferret.
1901 787 2115 836 Ascen-

466 875 571 943 dit,
607 878 671 929 ut
702 876 922 946 peccati
953 874 1123 945 lapsu
1180 872 1347 928 humi
1397 873 1663 942 jacentes
1719 872 1789 925 ad
1849 869 2111 942 seipsum

465 963 739 1019 traheret.
772 962 982 1019 Omnia
1013 962 1309 1034 quispiam
1372 962 1586 1017 donet:
1646 959 1844 1015 omnia
1894 959 1973 1023 ei,
2010 958 2111 1029 qui

465 1050 725 1122 seipsum
753 1049 1171 1121 redemptionis
1190 1048 1443 1120 pretium
1468 1064 1571 1119 pro
1589 1048 1758 1103 nobis
1783 1048 1846 1116 “,
1867 1063 1931 1102 ac
1954 1062 2110 1101 com-

467 1139 852 1195 mutationem
884 1137 1045 1193 dedit
1076 1138 1139 1205 ¹⁸,
1174 1137 1414 1192 offerat:
1449 1134 1598 1190 nihil
1630 1139 1825 1190 autem
1867 1135 2112 1189 daturus

464 1231 555 1283 est
582 1232 834 1295 tantum,
856 1230 1143 1297 quantum
1163 1225 1291 1279 sise
1319 1224 1445 1295 ipse
1475 1223 1751 1280 obtulerit
1780 1223 1959 1294 hujus
1986 1239 2111 1295 my-

2226 624 2339 675 μεν’
2374 602 2689 679 ἑπειράσθη,
2717 603 2807 658 ’ίνα
2862 608 3192 678 νικήσωμεν·
3228 608 3531 679 ἠτιμάσθη,
3570 608 3660 662 ’ίνα
3720 607 3887 682 δοξά-

2224 712 2307 764 σῃ·
2368 691 2643 762 ἀπέθανεν,
2693 691 2786 747 ἵνα
2840 695 3006 768 σώσῃ·
3070 694 3424 764 ἀνῆλθεν,’ίν’
3481 694 3685 771 ἐλκύσῃ
3746 700 3898 773 πρὸς

2222 778 2404 834 ἐαυτὸν
2454 780 2599 835 κάτω
2657 782 2937 854 κειμένους
2990 782 3041 837 ἐν
3092 788 3169 854 τῷ
3197 792 3297 853 τῆς
3344 785 3611 858 ἁμαρτίας
3650 788 3896 859 πτώμα-

2223 889 2296 925 τι.
2332 867 2506 923 Πάντα
2537 867 2736 925 διδότω
2765 892 2868 938 τις,
2900 871 3071 927 πάντα
3114 873 3532 951 καρποφορείτω
3589 873 3669 947 τῷ
3729 873 3888 930 δόντι

2223 957 2406 1012 ἑαυτὸν
2477 955 2672 1033 λυτρὸν
2748 958 2880 1035 ὑπὲρ
2957 962 3117 1033 ἡμῶν
3196 960 3285 1015 καὶ
3362 961 3722 1039 ἀντάλλαγμα

2224 1043 2385 1100 δώσει
2415 1042 2472 1100 δὲ
2522 1045 2674 1102 οὐδὲν
2724 1053 2972 1103 τοιοῦτον
3025 1051 3140 1103 οἷον
3187 1050 3373 1105 ἑαυτὸν
3419 1056 3519 1105 τοῦ
3572 1053 3888 1129 μυστηρίου

2226 1134 2484 1207 συνιέντα,
2516 1135 2605 1189 καὶ
2661 1133 2730 1189 δι’
2762 1135 2963 1191 ἐκεῖνον
3024 1139 3196 1193 πάντα
3246 1138 3341 1193 ὅσα
3383 1138 3591 1201 ἐκεῖνος
3635 1139 3705 1195 δι’
3735 1145 3896 1216 ἡμᾶς

2223 1221 2509 1296 γενόμενον
2542 1226 2639 1296 (6).

465 1316 627 1372 sterii
659 1316 942 1372 rationem
966 1314 1145 1387 probe
1176 1312 1617 1384 intelligentem,
1642 1329 1708 1368 ac
1755 1317 1988 1384 propter
2036 1310 2203 1367 illum
2235 1313 2433 1369 omnia
2463 1315 2700 1381 tactum,
2736 1332 3096 1388 quaecunque
3129 1317 3253 1389 ipse
3286 1326 3521 1390 prOpter
3553 1337 3660 1375 nos
3692 1322 3893 1378 factus

464 1410 571 1461 est.

535 1492 629 1547 VI.
657 1498 735 1547 Ac
764 1493 925 1547 vobis
955 1491 1213 1563 quidem,
1240 1494 1303 1546 ut
1333 1490 1595 1561 cernitis,
1621 1497 1816 1561 pastor
1854 1489 1947 1543 hic
2004 1489 2113 1544 bo—

466 1599 599 1648 nus,
626 1581 725 1652 qui
758 1580 1010 1635 animam
1047 1580 1243 1651 posuit
1301 1596 1403 1650 pro
1457 1579 1662 1634 ovibus
1715 1579 1778 1646 ιδ,
1813 1582 2109 1649 pastorem

466 1670 664 1737 offert;
698 1669 806 1724 hoc
830 1669 985 1724 enim
1008 1674 1224 1740 sperat,
1253 1673 1309 1722 et
1340 1669 1396 1723 in
1434 1668 1576 1723 votis
1608 1667 1804 1732 habet,
1829 1671 1885 1721 et
1932 1684 1966 1721 a
2022 1683 2115 1722 vo-

468 1758 579 1827 bis,
612 1758 713 1829 qui
744 1758 1023 1821 subestis,
1058 1756 1333 1828 postulat,
1368 1756 1774 1828 duplicemque
1823 1771 1924 1825 pro
1971 1754 2111 1810 sim-

470 1847 607 1919 plici
641 1848 901 1918 seipsum
935 1845 1096 1901 vobis
1117 1845 1319 1910 tradit,
1342 1862 1407 1899 ac
1431 1844 1702 1899 baculum
1728 1844 2047 1899 senectutis
2072 1844 2114 1879 "

2298 1494 2356 1556 ζ’.
2395 1496 2739 1567 Καρποφορεῖ
2789 1491 2881 1563 μὲν
2936 1492 3084 1564 ὑμῖν,
3132 1493 3207 1554 ὡς
3255 1494 3433 1568 ὁρᾶτε,
3470 1494 3718 1567 ποιμένα·
3748 1501 3885 1551 τοῦ-

2221 1597 2282 1630 το
2315 1576 2416 1650 γὰρ
2450 1577 2655 1647 ἐλπίζει
2685 1579 2772 1633 καὶ
2806 1578 3045 1654 εὔχεται,
3076 1580 3165 1634 καὶ
3211 1584 3341 1657 παρ’
3382 1582 3537 1655 ὑμῶν
3589 1584 3726 1638 αἰτεῖ
3766 1591 3883 1640 τῶν

2226 1666 2327 1719 ὑπὸ
2360 1671 2519 1741 χεῖρα
2554 1668 2580 1720 6
2611 1678 2819 1741 ποιμην
2854 1670 2881 1721 6
2912 1668 3101 1737 καλὸς,
3136 1670 3163 1723 6
3189 1672 3359 1731 τιθεὶς
3383 1673 3482 1739 τὴν
3518 1674 3701 1748 ψυχήν
3739 1674 3882 1751 ὑπὲρ

2222 1757 2328 1807 τῶν
2388 1749 2692 1826 προϐάτων·
2742 1756 2833 1809 καὶ
2887 1753 3115 1811 διπλοῦν
3157 1760 3233 1830 (7)
3284 1758 3396 1813 ἀνθ’
3432 1759 3611 1815 ἁπλοῦ
3657 1749 3885 1818 δίδωσιν

2229 1842 2353 1913 ὑμῖν
2387 1843 2593 1897 ἑαυτόν·
2627 1844 2715 1897 καὶ
2762 1851 2997 1900 ποιεῖται
3048 1847 3146 1913 τὴν
3203 1847 3499 1921 βακτηρίαν
3534 1852 3611 1922 (8)
3641 1855 3741 1905 τοῦ
3772 1854 3891 1927 γή-

472 1917 749 1991 baculum
782 1935 1028 2006 spiritus
1074 1934 1249 2001 facit;
1297 1938 1470 2004 atque
1525 1932 1846 1988 inanimato
1904 1931 2106 2004 templt

2230 1950 2337 2005 ρως
2408 1932 2701 2006 βακτηρίαν
2758 1938 2861 1987 τοῦ
2908 1933 3236 2006 πνεύματος·
3284 1936 3372 1989 καὶ
3422 1939 3750 2011 προστίθησι
3806 1946 3889 2012 τῷ

471 2024 794 2079 animatum
826 2022 1098 2093 adjungit
1132 2039 1146 2089 ;
1183 2022 1336 2088 huic,
1372 2021 1633 2092 inquam,
1686 2020 2019 2091 peregregio
2060 2025 2117 2075 et

470 2111 710 2179 cmlesti,
727 2115 975 2166 alterum
996 2108 1403 2181 qualecunque
1426 2110 1659 2163 tandem
1683 2108 1825 2162 illud
1846 2113 1903 2163 et
1927 2126 2111 2180 quan-

467 2200 917 2271 tulumcunque,
953 2203 1225 2253 caeterum
1270 2196 1382 2268 ipsi
1440 2196 1875 2263 charissimum,
1910 2196 2112 2252 multis

464 2289 639 2344 etiam
663 2287 980 2343 sudoribus
1008 2304 1072 2342 ac
1094 2286 1393 2341 laboribus
1414 2285 1779 2340 absolutum:
1805 2290 1977 2355 atque
1998 2287 2107 2339 uti-

466 2394 599 2433 nam
632 2376 935 2432 laboribus
966 2375 1208 2446 dignum
1242 2374 1492 2444 adjicere
1510 2373 1709 2428 liceat!
1738 2390 1962 2443 suaque
1986 2390 2109 2429 om-

463 2466 560 2521 nia
588 2465 755 2521 vobis
788 2464 1075 2536 pr0ponit.
1102 2464 1145 2517 Ο
1166 2462 1374 2517 miram
1398 2462 1581 2516 animi
1614 2462 2106 2532 magnitudinem,

462 2554 575 2625 vel,
609 2559 676 2609 ut
695 2553 889 2609 verius
906 2553 1129 2624 loquar,
1159 2556 1467 2623 paternum
1491 2551 1777 2605 amorem!
1803 2550 2107 2619 Canitiem,

459 2645 847 2715 juventutem,
880 2640 1187 2712 templum,
1221 2640 1581 2711 pontiﬁcem,
1607 2643 1965 2707 testatorem,
1995 2639 2111 2694 hae-

464 2734 686 2801 redem,
711 2748 1032 2797 sermones,
1052 2746 1303 2801 quorum
1336 2728 1622 2784 desiderio
1656 2727 2019 2799 ﬂagrabatis;
2044 2745 2111 2784 ac

468 2835 769 2876 sermones
793 2818 1051 2889 quidem,
1071 2834 1186 2872 non
1217 2822 1433 2872 temere
1457 2821 1513 2871 et
1535 2817 1591 2869 in
1614 2832 1803 2871 aerem
1840 2817 2110 2882 ﬂuentes,

471 2925 577 2964 nec
608 2908 764 2963 ultra
794 2924 963 2961 aures
994 2906 1359 2960 audientium
1418 2922 1545 2960 sese
1594 2905 1977 2977 porrigentes,
2010 2907 2110 2961 sed

472 3014 621 3070 quos
679 2996 921 3068 spiritus
982 2994 1276 3063 describit,
1308 2992 1641 3065 tabulisque
1693 2992 1938 3064 lapideis
1994 2996 2112 3051 sive

465 3087 692 3143 carneis
722 3084 1013 3157 imprimit
1070 3083 1133 3154 ιθ,
1166 3100 1282 3138 non
1339 3082 1540 3138 leviter
1591 3099 1657 3138 ac
1712 3083 2112 3153 superﬁciete-

460 3194 574 3233 nus
602 3174 951 3247 insculptos,
992 3177 1050 3229 et
1081 3172 1181 3243 qui
1212 3170 1380 3227 facile
1435 3170 1611 3227 deleri
1655 3177 1893 3242 queant,
1930 3174 1977 3228 6
2008 3174 2110 3228 sed

459 3266 748 3323 altissime
780 3263 1179 3334 consignatos,
1240 3277 1355 3315 non
1414 3264 1760 3329 atramento,
1822 3262 1921 3316 sed
1980 3279 2179 3348 gra-C

456 3356 556 3412 tia.

526 3443 649 3499 VII.
668 3444 854 3514 Atque
875 3440 998 3495 haec
1024 3438 1222 3495 omnia
1244 3437 1406 3493 vobis
1428 3438 1595 3493 oll‘ert
1631 3436 1978 3494 venerabilis
2013 3438 2102 3494 hic

454 3533 769 3599 Abraham,
795 3528 1124 3602 patriarcha
1145 3526 1419 3593 ille,illud
1442 3526 1683 3582 charum
1709 3532 1765 3582 et
1782 3532 2100 3600 augustum

456 3625 653 3694 caput,
686 3620 830 3675 illud
864 3620 1142 3673 virtutum
1176 3616 1438 3671 omnium
1462 3614 2101 3685 domicilium,virtutis

453 3726 681 3778 norma,
713 3706 1019 3764 sacerdotii
1046 3704 1320 3777 perfectio
1346 3720 1358 3759 :
1384 3705 1483 3775 qui
1510 3704 1904 3760 voluntarium
1930 3706 2101 3761 hodie

451 3799 698 3855 Domino
731 3796 1083 3853 sacrificium
1142 3795 1330 3864 offert,
1384 3794 1757 3866 unigenitum
1817 3794 1983 3850 illum
2032 3813 2100 3850 ex

451 3887 838 3961 promissione
871 3886 935 3941 ¹⁹.
960 3884 1075 3940 Vos
1116 3888 1308 3939 autem
1343 3887 1400 3937 et
1431 3882 1545 3938 Deo
1575 3887 1632 3938 et
1662 3883 1830 3939 nobis
1860 3884 1917 3938 id
1969 3901 2097 3938 mu-

452 3978 610 4032 neris
639 3975 765 4032 loco
795 3974 1016 4039 offerte,
1049 3977 1114 4028 ut
1145 3976 1295 4027 recte
1325 3971 1669 4043 pascamini,
1703 3971 1763 4026 in
1820 3970 1943 4027 loco
2004 3990 2101 4044 pa-

450 4081 602 4120 scuae
624 4064 907 4132 collocati,
922 4068 978 4119 et
999 4080 1063 4117 su
1076 4079 1172 4132 per
1194 4077 1405 4132 aquam
1428 4060 1759 4115 refectionis
1780 4061 2006 4116 educati
2028 4062 2095 4131 2°,

449 4156 515 4206 ut
545 4157 695 4208 recte
720 4158 1010 4224 pastorem
1036 4149 1421 4222 cognoscatis,
1453 4154 1509 4204 et
1555 4148 1627 4203 ab
1684 4164 1750 4204 eo
1789 4165 2098 4221 cognosca-

448 4240 615 4307 mini,
647 4245 705 4295 et
734 4240 987 4311 pastoris
1017 4240 1074 4293 in
1110 4238 1352 4293 modum
1385 4253 1451 4292 ac
1476 4236 1650 4292 libere
1670 4242 1969 4293 vocantem
1994 4255 2097 4310 per

446 4329 663 4385 ostium
696 4326 1025 4399 sequamini
1059 4344 1073 4395 ;
1106 4324 1359 4382 alienum
1392 4331 1589 4380 autem
1634 4343 1746 4381 non
1808 4327 2096 4398 sequami-

446 4417 506 4472 ni
540 4418 607 4487 ²¹,
640 4417 763 4488 qui,
797 4416 1085 4471 latronum
1118 4420 1176 4470 et
1206 4414 1615 4469 insidiatorum
1650 4431 1828 4483 more,
1863 4418 2092 4470 caulam

512 4562 556 4597 ¹¹
590 4559 634 4615 ll
664 4564 789 4615 Cor.
821 4574 943 4627 Vin,
976 4558 1030 4611 9.
1110 4557 1154 4593 ¹³
1184 4555 1434 4624 Philipp.
1468 4564 1529 4621 II,
1560 4558 1614 4608 7.
1693 4558 1737 4590 ¹⁴
1769 4557 1972 4612 Matth.
2004 4576 2097 4623 xx,
2131 4559 2221 4613 28.

1714 4628 1758 4663 ¹⁹
1807 4629 1948 4683 Gen.
2000 4647 2139 4701 xm,
2171 4630 2243 4697 2;
2279 4626 2402 4683 Gal.
2435 4643 2521 4697 iii,
2556 4627 2641 4680 16.

445 4632 489 4668 ¹⁸
520 4632 725 4688 Ezech.
757 4645 948 4696 xxxv1,
978 4630 1084 4695 26;
1120 4627 1171 4683 II
1199 4633 1323 4682 Cor.
1358 4643 1443 4693 ιιι,
1475 4627 1531 4696 2,
1562 4628 1615 4681 3.

510 4774 587 4846 (li)
617 4772 722 4840 Τὴν
752 4768 1055 4843 ἐλευθερίαν
1084 4768 1248 4846 ἡμεῖς
1274 4760 1785 4846 Ἆᾷπολάᾷωμεν,ῃ‹‹
1822 4772 1885 4823 ut
1914 4768 2086 4846 liber-

438 4839 618 4902 tatem
652 4839 1064 4915 reciperemus,
1099 4839 1137 4893 »⁷
1160 4841 1244 4895 Ita
1273 4839 1477 4894 Biliius
1507 4840 1564 4915 in
1598 4842 1621 4893 1
1658 4840 1797 4915 edit.
1833 4841 1931 4910 qui
1968 4858 2082 4896 non

440 4934 569 4973 raro
603 4911 826 4971 leliciiis
854 4914 1063 4979 reddit,
1099 4928 1275 4983 quam
1309 4911 1584 4966 secundis
1615 4912 1792 4966 curis.
1827 4916 1948 4967 Vox
1998 4917 2087 4968 est

440 4988 723 5060 Apostoli,
759 4987 925 5042 Rom.
958 5003 1080 5051 vni,
1114 4985 1201 5048 21,
1237 5000 1351 5037 non
1411 4984 1609 5037 minus
1661 4983 1884 5050 Latina,
1937 4989 2085 5039 teste

438 5059 651 5116 Tullio.

439 5203 488 5257 It
510 5125 1028 5256 (ὅέἧιντάλλαγμα.
1076 5147 1099 5175 ι
1126 5125 1319 5198 Culpaa
1351 5130 1561 5181 nostra;
1584 5125 2023 5182 succidaneum.
2053 5148 2081 5177 ››

491 5220 520 5257 a
600 5219 613 5254 i
666 5218 777 5255 ius.
1470 5230 1479 5240 .

466 5201 523 5257 ta
556 5201 777 5256 Billius.
906 5201 913 5203 ἡ
1470 5230 1479 5240 ο

527 5273 583 5339 6)
615 5270 929 5342 Γενόμενον.
964 5270 1055 5323 Sic
1095 5270 1255 5341 Regii
1289 5269 1571 5342 plerique.

504 5275 583 5402 (6)
615 5275 929 5355 Γενόμενον.
964 5275 1055 5323 Sic
1096 5275 1255 5341 Regii
1289 5275 1594 5394 plerique.

526 5346 580 5410 7)
614 5339 867 5395 Διπλουν.
904 5366 931 5393 ‹‹
961 5347 1078 5397 Duo
1135 5347 1293 5411 temp
1320 5357 1375 5404 a,
1434 5344 1645 5410 inquit,
1672 5338 1865 5411 Pater
1916 5340 2080 5395 vobis

432 5414 584 5470 dono
617 5414 796 5478 dedit,
824 5413 1073 5468 alterum
1107 5410 1381 5477 iiiani’me,
1426 5412 1581 5482 quod
1636 5410 1904 5465 Nazianzi
1957 5428 2081 5467 exs-

430 5488 633 5548 truxit,
667 5484 913 5540 alterum
947 5486 1310 5549 animatum;
1351 5483 1434 5536 sic
1486 5484 1746 5553 seipsum
1805 5483 2077 5554 appellat.

434 5556 523 5613 Ita
549 5558 799 5611 Nicetes.

481 5630 585 5710 ⁸(8)
620 5624 941 5703 Βακτηρίαν.
1003 5646 1030 5676 ‹‹
1092 5623 1391 5680 Baculum.
1426 5644 1454 5675 ››
1516 5623 1738 5690 Billius,
1806 5648 1835 5675 ‹‹
1886 5625 2080 5682 subsi-

437 5699 624 5759 dium.
657 5722 687 5753 ››

2230 2018 2429 2095 ἀψύχῳ
2456 2025 2567 2091 ναῷ
2608 2020 2697 2075 τὸν
2744 2020 3015 2097 ἔμψυχον,
3048 2028 3127 2095 τῷ
3176 2022 3522 2099 περικαλλεῖ,
3553 2028 3633 2098 τῷ
3685 2024 3743 2081 δὲ
3793 2029 3887 2084 καὶ

2224 2107 2480 2180 οὐρανίῳ,
2510 2108 2599 2162 τὸν
2634 2109 2918 2163 ὁποιονοῦν
2951 2110 3040 2163 καὶ
3074 2108 3293 2179 ἡλίκον,
3326 2111 3456 2167 ἀλλ’
3486 2112 3577 2167 οὖν
3619 2117 3712 2169 τὸν
3754 2117 3885 2171 ἐαυ-

2220 2200 2297 2265 up
2343 2198 2696 2269 τιμιώτατον,
2746 2198 2833 2252 καὶ
2884 2198 3041 2253 αὐτὸν
3105 2196 3296 2273 ἱδρῶσι
3342 2200 3581 2265 πολλοῖς
3627 2204 3881 2261 συντελε-

2222 2282 2426 2353 σθέντα,
2457 2286 2546 2339 καὶ
2577 2285 2787 2353 πόνοις,
2821 2284 2903 2357 εἷή
2939 2285 2997 2341 δὲ
3038 2288 3229 2360 εἰπεῖν,
3263 2288 3345 2344 δτι
3394 2290 3484 2344 καί
3532 2296 3641 2346 τῶν
3695 2294 3885 2347 πόνων

2221 2372 2386 2443 ἄξιον·
2438 2374 2525 2427 καὶ
2601 2373 2771 2429 πάντα
2835 2374 3188 2451 προστίθησιν
3241 2380 3316 2449 (9)
3369 2378 3496 2450 ὑμῖν
3544 2380 3611 2434 τὰ
3661 2382 3883 2437 ἑαυτοῦ·

2220 2462 2284 2514 ’Ὠ
2330 2468 2430 2529 τῆς
2482 2460 2915 2539 μεγαλοψυχίας,
2949 2466 3006 2536 ἢ,
3039 2465 3099 2519 τό
3149 2487 3210 2539 γε
3259 2465 3623 2543 ἀληθέστερον
3676 2471 3875 2545 εἰπεῖν,

2217 2556 2316 2617 τῆς
2356 2549 2717 2626 φιλοτεκνίας·
2760 2553 2859 2620 την
2902 2551 3121 2623 πολιὰν,
3152 2556 3249 2621 την
3300 2554 3546 2626 νεότητα,
3581 2559 3669 2612 τὸν
3719 2560 3880 2631 ναὸν,

2218 2638 2308 2692 τὸν
2342 2638 2620 2713 ἀρχιερέα,
2650 2641 2740 2694 τὸν
2791 2639 3157 2717 κληροδότην,
3190 2644 3281 2697 τὸν
3330 2641 3707 2718 κληρονόμον,
3738 2648 3877 2711 τοὺς

2221 2726 2441 2801 λόγους,
2484 2728 2574 2790 οὓς
2623 2729 2881 2784 ἐποθεῖτε·
2924 2730 3013 2784 καὶ
3060 2731 3266 2786 τούτων
3318 2732 3381 2786 οὐ
3429 2734 3556 2795 τοὺς
3603 2734 3745 2805 εἰκῆ,
3778 2738 3875 2791 καὶ

2222 2815 2296 2877 εἷς
2348 2816 2476 2890 ἀέρα
2526 2817 2765 2891 ῥέοντας,
2790 2820 2879 2872 καὶ
2934 2821 3098 2895 μέχρι
3147 2828 3245 2889 τῆς
3301 2821 3469 2889 ἀκοῆς
3518 2824 3870 2897 ἱσταμένους,

2223 2903 2349 2959 ἀλλ’
2380 2906 2472 2966 ους
2504 2908 2694 2983 γράφει
2724 2908 2785 2961 τὸ
2817 2912 3045 2980 πνεῦμα,
3078 2908 3166 2962 καὶ
3208 2908 3401 2979 πλαξὶν
3453 2910 3673 2966 ἐντυποῖ
3722 2912 3875 2968 λιθίο

2221 3015 2354 3054 ναις,
2390 2990 2561 3047 εἶτουν
2608 2994 2905 3071 σαρκίναις,
2958 2997 3056 3051 οὐκ
3103 2997 3153 3067 ἐξ
3203 2996 3476 3067 ἐπιπολῆς
3517 3005 3877 3077 χαρασσομέ-

2222 3103 2367 3150 νους,
2402 3080 2526 3137 οὐδὲ
2558 3081 2757 3158 ῥᾳδίως
2789 3083 3277 3163 ἀπαλειφομένους,
3311 3086 3439 3141 ἀλλ’
3472 3088 3549 3150 εἰς
3590 3090 3752 3164 βάθος
3788 3091 3878 3146 ἐν-

2221 3170 2679 3243 σημαινομένους,
2713 3172 2774 3226 οὐ
2810 3172 3023 3246 μέλανι,
3056 3173 3200 3229 ἀλλὰ
3230 3176 3415 3250 χάριτι
3444 3179 3579 3251 (10).

2282 3438 2350 3491 Ζ’.
2390 3440 2563 3490 Ταῦτα
2606 3438 2701 3509 μὶν
2754 3436 2845 3492 οὖν
2876 3440 2989 3511 (11)
3024 3438 3151 3511 ὑμῖν
3182 3440 3209 3493 ὁ
3240 3441 3435 3512 σεμνὸς
3468 3437 3723 3517 Ἀϐραὰμ
3773 3444 3871 3500 οὗ·

2209 3546 2322 3594 τος,
2364 3526 2391 3579 ὁ
2438 3525 2805 3601 πατριάρχης,
2856 3529 2889 3596 ἡ
2942 3527 3096 3600 τιμία
3153 3528 3363 3606 κειραλή
3416 3530 3505 3585 καὶ
3551 3530 3867 3607 αἰδέσιμος,

2207 3614 2269 3668 τὸ
2299 3614 2508 3671 πάντων
2537 3618 2641 3668 τῶν
2696 3615 2878 3670 καλῶν
2914 3618 3027 3689 (12)
3058 3618 3425 3693 καταγώγιον,
3458 3620 3484 3673 ὁ
3515 3626 3616 3690 τῆς
3662 3622 3868 3697 ἀρετῆς

2207 3704 2404 3773 κανὼν,
2455 3702 2489 3772 ἥ
2538 3710 2636 3772 τῆς
2684 3702 2978 3779 ἱερωσύνης
3032 3703 3339 3778 τελείωσις,
3386 3708 3413 3761 ὁ
3460 3709 3557 3776 την
3615 3710 3865 3765 ἑκούσιον

2210 3789 2390 3853 θυσίαν
2440 3789 2724 3865 προσάγων
2774 3796 2852 3861 τῷ
2904 3792 3087 3865 Κυρίῳ
3117 3794 3230 3865 (13)
3263 3796 3524 3868 σήμερον,
3557 3798 3648 3849 τὸν
3703 3820 3871 3869 μονο-

2207 3885 2362 3952 γενῆ,
2393 3879 2484 3933 τὸν
2517 3878 2576 3932 ἐκ
2610 3886 2711 3948 τῆς
2762 3878 3110 3954 ἐπαγγελίας.
3146 3887 3309 3953 Υμεῖς
3361 3879 3417 3937 δὲ
3466 3892 3866 3962 καρποφορεῖτε

2206 3968 2294 4021 καὶ
2325 3972 2440 4039 Θεῴ
2469 3968 2556 4023 καὶ
2597 3969 2731 4040 ἡμῖν
2779 3968 2841 4022 τὸ
2890 3966 3076 4030 καλῶς
3123 3970 3529 4043 ποίμαίνεσοαι,
3561 3973 3636 4034 εἷς
3690 3974 3864 4029 τόπον

2206 4056 2387 4131 χλόης
2417 4055 2935 4129 κατασκηνούμενοι,
2970 4058 3059 4111 καὶ
3110 4057 3197 4112 ἐπὶ
3249 4056 3442 4121 ὕδατος
3474 4063 3587 4135 (14)
3620 4063 3865 4117 ἀναπαύ-

2206 4166 2341 4206 σεως
2393 4143 2795 4222 ἐκτρεφόμενοι,
2836 4147 3190 4220 γινώσκοντες
3238 4147 3420 4211 καλῶς
3468 4150 3557 4203 τὸν
3604 4152 3861 4224 ποιμένα,

2204 4234 2292 4287 καὶ
2324 4234 2732 4307 γινωσκόμενοι,
2764 4235 2852 4288 καὶ
2902 4235 3159 4308 ἑπόμενοι
3210 4236 3466 4291 καλοῦντι
3518 4248 3861 4313 ποιμενικῶς

2204 4322 2291 4377 καὶ
2324 4321 2639 4398 ἐλευθερίως
2672 4320 2760 4376 διὰ
2790 4330 2886 4392 τῆς
2918 4322 3081 4400 θύρας
3117 4322 3402 4400 ἀλλοτρίῳ
3434 4324 3490 4381 δὲ
3517 4328 3593 4400 μὴ
3626 4327 3863 4384 ἀκολου-

2203 4410 2414 4473 θοῦντες
2447 4406 2824 4487 ὐπερϐαίνοντι
2857 4409 2946 4467 διὰ
2972 4420 3073 4483 τῆς
3104 4411 3304 4486 αὐλῆς,
3339 4412 3648 4492 λῃστρικῶς
3679 4438 3735 4472 τε
3767 4420 3857 4472 καὶ

2302 4556 2349 4591 ¹⁸
2383 4554 2581 4609 Matth.
2617 4572 2731 4621 xvi,
2764 4556 2853 4609 26.
2933 4556 2978 4591 ¹⁶
3006 4557 3176 4611 Joan.
3206 4575 3261 4627 ιι,
3298 4559 3382 4613 15.
3464 4560 3506 4594 ¹⁷
3537 4559 3681 4615 Tob.
3715 4579 3775 4627 x,
3801 4565 3856 4619 4.

2736 4628 2780 4661 ³ο
2810 4627 2963 4683 Psal.
2998 4645 3133 4694 χχιι,
3171 4630 3218 4683 1.
3312 4630 3355 4665 ²¹
3387 4628 3555 4686 Joan.
3589 4649 3644 4699 x,
3686 4636 3770 4701 lli,
3801 4636 3858 4690 5.

2266 4769 2340 4841 (9)
2374 4764 2847 4848 Προτίθησιινλεῇρ
2880 4768 3076 4841 plures
3101 4787 3253 4848 mss.
3285 4770 3437 4848 :_scd
3474 4770 3613 4848 Reg.
3648 4790 3711 4842 ιι,
3744 4791 3857 4848 0p-

2198 4838 2374 4920 timis
2414 4838 2670 4920 nptiehet
2705 4838 2896 4920 ᾳοιδς
2927 4840 3116 4920 inqui
3175 4841 3443 4920 omnium
3497 4838 3854 4920 instar'esse

2196 4912 2402 4984 possit,
2438 4910 2686 4987 Basilius
2711 4910 3080 4987 in_scboliis_:
3115 4912 3456 4987 προστίθησι.
3489 4913 3690 4970 Comb.
3718 4933 3850 4973 ser—

2193 4980 2289 5039 vat
2317 4980 2627 5058 προτίθησι,
2660 4983 2830 5058 et_sic
2860 4985 3030 5058 vertit
3055 5001 3067 5039 :
3102 5008 3128 5034 ‹‹
3155 4980 3261 5040 Sua
3290 4986 3489 5041 omnia
3512 4987 3683 5058 vobis
3709 5005 3848 5058 pro-

2193 5056 2360 5126 ponit
2391 5054 2605 5126 utenda
2638 5057 2693 5107 et
2724 5054 3005 5126 fruenda:
3065 5073 3306 5111 suorum
3366 5056 3631 5113 omnium
3678 5054 3844 5117 vobis

2193 5123 2615 5199 ecpiamfacit,
2648 5125 2739 5179 sui
2774 5125 2981 5199 ipsius,
3014 5127 3239 5199 templi,
3273 5127 3397 5182 filii.
3437 5151 3457 5175 ι

2292 5198 2376 5270 l0)
2407 5194 2619 5270 Χαριτι,
2653 5218 2681 5245 ‹‹
2715 5194 2923 5270 gratia.
2960 5219 2987 5270 η
3020 5194 3243 5265 Βίιιῖιιε,
3278 5223 3303 5249 (ι
3341 5198 3577 5270 spiritu.
3614 5221 3642 5247 υ

2291 5264 2377 5339 ll)
2411 5264 2516 5340 Οὔν
2551 5264 2799 5340 deestvin
2835 5268 3101 5340 pluribus
3134 5264 3300 5339 mss,
3338 5264 3536 5326 verum
3570 5270 3626 5325 in
3676 5271 3840 5326 codi-

2192 5337 2367 5394 cibus
2387 5337 2642 5411 melioris
2676 5337 3087 5411 notai'legitur.

2259 5411 2373 5481 (12)
2405 5405 2620 5474 Καλῶν,
2659 5430 2680 5481 ᾳ
2718 5405 3016 5467 virtuttim.
3054 5435 3082 5461 υ
3115 5411 3222 5467 Bil.
3262 5436 3287 5463 ι(
3320 5414 3630 5470 bonorum.
3663 5435 3693 5465 ››

2294 5479 2375 5550 13)
2408 5479 2736 5553 Κυρίῳ.
2768 5483 2967 5537 Comb.
3000 5482 3079 5553 τῷ
3110 5487 3244 5553 Θεῷ.

2289 5547 2373 5631 14)
2407 5547 2525 5631 Ἐέξὶ
2557 5547 2974 5631 ῧδέιτὸς..-ϐοίεί.
3012 5547 3062 5621 ιζ
3118 5547 3209 5631 te"
3246 5551 3462 5631 ὕδατος,
3517 5554 3722 5631 minus
3754 5556 3841 5614 δίο

2187 5625 2394 5699 vertit:
2422 5645 2453 5699 «_
2474 5624 2633 5699 Quod
2668 5624 2904 5699 quidem
2934 5624 3196 5683 futurum
3220 5634 3339 5699 est,
3356 5627 3407 5682 si
3448 5626 3508 5682 in
3542 5626 3675 5699 loco
3699 5644 3840 5699 pas.

2190 5712 2309 5755 cum
2363 5694 2658 5765 habitetis,
2690 5694 2747 5752 et
2773 5696 2833 5753 in
2865 5713 3018 5768 aqua
3046 5694 3376 5759 refectionis
3414 5694 3769 5759 educemini.
3806 5723 3837 5753 η
