4184 6202
481 380 598 441 403
1719 377 1783 437 S.
1830 377 2199 439 GREGORII
2244 379 2637 439 THEOLOGI
3763 379 3886 437 404

477 519 728 594 geretur
752 527 1108 594 ;__quorum-
1151 507 1417 594 alterum
1477 509 1798 594 ιιοιιιιιιΙΙὶΔ
1849 509 2201 594 scholiastae
2278 511 2628 594 signiﬁcare
2710 509 3352 594 viden_tur,_alterum
3411 528 3448 594 ξι
3494 509 3676 594 Billio
3737 495 3889 594 con-

477 589 711 654 ﬁctum.
772 591 1000 670 Yerum
1066 589 1232 670 fuga
1286 589 1556 670 elapsus
1620 590 1804 650 Ponti
1886 591 2285 651 solitudinem
2344 591 2545 670 petiit,
2594 596 2663 650 ut
2719 591 3187 650 formidandum
3245 590 3544 668 angelicis
3599 591 3883 650 humeris

476 691 632 734 onus
664 668 1028 739 declinaret,
1063 669 1356 729 Ecclesia:
1387 670 1664 748 regimen
1726 677 1786 730 et
1839 671 2216 742 animarum,
2249 668 2439 731 verbo
2496 671 2723 744 dicam,
2757 671 3098 730 sacerdotis
3156 670 3547 748 pastorisque
3610 689 3878 742 munus;

475 752 667 831 quod,
692 756 762 810 ut
793 767 934 831 cum
969 747 1317 831 virodocto
1351 747 1481 830 (24)
1506 751 1752 829 loquar,
1793 772 1819 807 α
1855 751 2047 811 veluti
2078 752 2309 812 vicario
2341 770 2587 811 summo
2619 758 2680 811 et
2710 751 3010 828 generali,
3044 772 3073 807 ι)
3113 747 3231 811 hac
3271 747 3664 810 ordinatione
3694 751 3814 810 sibi
3845 770 3885 811 a

472 829 653 911 patre
683 829 926 906 imponi
970 829 1298 911 sentiebat.
1337 853 1364 884 »

548 913 651 971 IV.
686 913 817 969 Hoc
844 916 905 969 et
962 909 1130 968 Elias
1187 909 1494 968 Cretensis
1555 909 1708 970 vidit
1764 911 2000 988 optime
2061 929 2075 969 :
2140 935 2170 966 «
2228 910 2485 970 Divinus
2541 910 2646 969 ille
2704 911 2816 980 vir,
2877 910 3082 988 inquit
3136 910 3296 989 (25),
3349 909 3647 988 quoniam
3702 908 3876 970 haud

467 990 708 1051 lubenti
763 990 976 1049 animo
1033 995 1321 1066 suscepto
1381 989 1728 1068 presbyteri
1780 991 2085 1068 gradu....
2144 991 2436 1051 Ecclesia
2493 991 2662 1051 illius
2715 989 3166 1069 (Nazianzena)
3226 1009 3442 1051 curam
3527 990 3869 1069 suscipere,

467 1089 540 1131 ac
598 1089 703 1130 eas
750 1078 982 1149 partes,
1017 1087 1173 1145 quas
1224 1069 1342 1149 ille
1385 1069 1607 1147 (pater)
1665 1071 1839 1131 obire
1897 1088 2020 1130 non
2066 1076 2332 1148 poterat,
2366 1071 2617 1149 explere
2648 1071 2993 1147 cogebatur
3029 1090 3041 1129 :
3077 1072 3209 1148 ipse
3267 1071 3520 1148 quidem
3579 1070 3875 1148 religioso

470 1158 638 1211 metu
669 1151 891 1209 ductus
923 1148 1068 1208 hinc
1123 1148 1403 1208 abscedit
1460 1156 1649 1227 atque
1705 1151 1767 1209 in
1825 1152 2095 1210 Pontum
2150 1151 2397 1228 migrat,
2450 1148 2556 1210 ubi
2607 1151 2802 1229 prius,
2853 1157 3025 1211 etc...
3079 1151 3193 1210 Hic
3239 1150 3453 1228 itaque
3509 1168 3649 1210 cum
3711 1159 3874 1210 tem-

469 1249 586 1311 pus
617 1229 872 1307 aliquod
902 1229 1278 1311 exegisset...
1315 1235 1502 1311 atque
1531 1230 1687 1311 illud
1732 1232 2069 1311 statuisset,
2105 1249 2295 1311 grave
2348 1249 2480 1290 esse
2536 1231 2597 1290 in
2657 1230 3098 1311 inobedientiaa
3157 1231 3508 1311 periculum
3569 1229 3869 1311 incidere,

469 1309 503 1370 ὀ
530 1312 734 1370 Ponto
762 1311 826 1368 in
855 1310 1122 1387 patriam
1155 1309 1486 1368 revertitur
1514 1309 1612 1368 die
1638 1310 1774 1387 ipso
1822 1310 2078 1370 Pascha:
2113 1309 2258 1390 (26).
2297 1335 2325 1366 »
2361 1311 2670 1388 Religioso
2700 1310 2892 1387 igitur
2947 1317 3116 1369 metu
3171 1310 3533 1387 Theologus
3590 1310 3872 1370 solitudi-

470 1408 612 1449 nem
644 1390 925 1467 petierat,
961 1406 1299 1470 rursusque
1331 1407 1472 1448 eum
1535 1397 1735 1450 metus
1777 1409 1810 1450 e
1858 1393 2059 1451 Ponto
2115 1390 2180 1450 in
2243 1391 2511 1469 patriam
2571 1391 2910 1463 revocavit,
2946 1395 3168 1464 metus,
3202 1391 3483 1470 inquam,
3522 1408 3600 1450 ne
3651 1391 3867 1450 inobe-

470 1469 721 1531 dientiae
752 1470 985 1530 crimen
1014 1469 1380 1528 incurreret.

544 1551 616 1610 V.
650 1550 805 1609 Cum
863 1554 1072 1608 autem
1135 1548 1436 1626 plurimos
1491 1548 1853 1610 offendisset
1904 1550 2185 1627 Gregorii
2238 1551 2409 1627 fuga,
2463 1549 2567 1627 qui
2646 1549 2781 1627 jam
2837 1573 2867 1605 «
2924 1550 3096 1627 apud
3168 1549 3554 1610 Christianos
3623 1549 3865 1626 aliquid

466 1648 598 1690 esse
628 1653 658 1684 »
713 1633 1011 1707 coeperat,
1056 1628 1121 1687 in
1170 1627 1265 1687 sui
1314 1629 1736 1689 defensionem
1790 1630 1951 1690 hanc
2011 1631 2359 1690 orationem
2393 1630 2641 1707 scripsit
2668 1631 2813 1707 (27).
2851 1653 2878 1684 κ
2915 1631 3218 1701 Ostendit,
3257 1652 3284 1687 »
3323 1630 3514 1689 verba
3543 1635 3688 1688 sunt
3728 1632 3865 1707 jam

464 1709 700 1771 laudati
729 1709 1107 1780 scholiastaa,
1145 1732 1174 1762 «
1202 1728 1265 1767 se
1295 1708 1453 1768 freni
1483 1715 1612 1768 tam
1641 1710 2070 1788 impatientem
2104 1716 2661 1788 contumacemque
2694 1711 2902 1780 fuisse,
2939 1717 3006 1769 ut
3063 1710 3250 1769 etiam
3310 1710 3635 1770 offensioni
3671 1710 3868 1770 fuerit

462 1791 802 1862 nonnullis,
838 1789 1065 1867 quibus
1094 1787 1492 1849 aediﬁcationi
1523 1787 1840 1867 quondam
1872 1791 2003 1868 ipse
2033 1791 2274 1863 fuerat;
2309 1790 2390 1850 ob
2421 1787 2650 1868 eosque
2678 1791 2769 1849 illi
2799 1789 3094 1867 apologia
3145 1808 3304 1867 opus
3361 1789 3497 1858 fuit,
3534 1808 3657 1866 qua
3724 1789 3867 1850 lno-

462 1869 790 1930 bedientiaa
819 1869 1293 1949 timiditatisque
1323 1887 1544 1929 causas
1593 1870 1938 1929 declararet
1970 1870 2114 1949 (28).
2150 1893 2179 1925 ››
2216 1872 2454 1947 Itaque,
2493 1894 2522 1925 «
2554 1888 2632 1929 ne
2688 1870 3040 1948 suspicione
3083 1871 3341 1947 quidem
3401 1869 3639 1946 peccati
3673 1889 3702 1924 ι)
3745 1871 3870 1928 hu-

453 1950 734 2028 jusmodi
762 1948 1051 2008 laborare
1083 1955 1285 2009 tutum
1315 1955 1510 2020 ratus,
1545 1968 1652 2009 seu
1684 1951 1854 2027 fuga,
1881 1969 1989 2010 seu
2018 1951 2219 2010 reditu
2256 1974 2286 2005 «
2316 1950 2676 2010 vulneratos
2711 1975 2738 2004 »
2773 1950 2891 2010 hac
2921 1950 3217 2028 apologia
3251 1973 3281 2004 ‹‹
3337 1967 3560 2010 sanare
3593 1971 3621 2004 »
3661 1967 3868 2009 neccs-

461 2031 693 2090 sarium
728 2029 968 2088 habuit.
1004 2031 1095 2088 Ex
1125 2029 1246 2088 illis
1276 2030 1463 2101 enim,
1503 2053 1530 2083 α
1566 2030 1672 2088 alii
1704 2030 2022 2091 levitatem
2072 2035 2134 2090 et
2178 2031 2695 2109 imprudentiam,
2731 2053 2758 2086 ιι
2798 2030 2904 2090 alii
2939 2053 2970 2085 «
3027 2035 3457 2107 contemptum
3517 2029 3796 2102 ordinis;
3836 2055 3864 2084 ι)

461 2109 1003 2247 nopnulliptigtm,t
1023 2109 1280 2187 perinde
1328 2127 1402 2168 ac
1451 2111 1803 2187 Augustino
1858 2111 2050 2189 paulo
2108 2117 2270 2189 post,
2311 2111 2610 2171 «altioris
2659 2111 2889 2187 gradus
2945 2109 3420 2188 cupiditatem»
3454 2109 3862 2188 objiciebant,

461 2207 541 2247 au
600 2207 850 2247 susmca
895 2206 974 2247 an
1010 2207 1103 2247 ur.

461 2195 572 2251 aut
600 2189 1103 2251 susnicabantur.

547 2208 1110 2347 “11883233352;
1191 2267 1536 2346 longiorem
1626 2269 1791 2329 hanc
1876 2269 2340 2348 apologeticam
2429 2270 2779 2330 orationem
2867 2269 3162 2348 scripsit,
3224 2269 3288 2328 in
3373 2287 3547 2347 qua,
3633 2274 3703 2328 ut
3787 2269 3876 2329 ait

463 2349 629 2409 Elias
677 2347 823 2430 (29),
861 2371 893 2403 «
939 2349 1096 2430 illud
1150 2349 1445 2420 ostendit,
1489 2367 1600 2430 nec
1653 2355 1885 2430 metum
1918 2347 2007 2410 iet
2057 2347 2399 2411 cessionem
2459 2369 2658 2421 suam,
2695 2367 2807 2410 uec
2866 2347 3113 2410 rursum
3169 2349 3362 2409 animi
3423 2349 3870 2428 promptitudi-

464 2448 608 2489 nem
691 2435 754 2489 et
838 2429 1256 2489 reversionem
1341 2429 1922 2507 reprehendendam
2009 2449 2206 2504 esse;
2292 2455 2320 2486 »
2407 2450 2512 2490 seu
2596 2430 2765 2509 quod
2848 2431 3041 2508 priori
3136 2430 3420 2490 oratione
3513 2430 3866 2508 proposuit,

475 2530 505 2566 α
565 2515 902 2587 utrumque
958 2509 1192 2569 bonum
1255 2528 1408 2580 esse,
1470 2516 1532 2570 et
1587 2513 1714 2570 Deo
1771 2511 2121 2571 subducere
2178 2529 2242 2570 se
2302 2529 2780 2588 nonnunquam,
2840 2517 2901 2569 et
2948 2511 3196 2571 vocanti
3253 2529 3468 2570 sursus
3550 2510 3867 2569 interdum

469 2607 795 2650 occurrere
852 2588 997 2669 (30).
1059 2612 1090 2644 »
1150 2589 1425 2648 Primam
1508 2596 1750 2667 partem
1828 2597 2115 2668 spectant
2187 2608 2280 2663 ea,
2363 2591 2591 2668 quibus
2675 2591 2971 2650 describit
3051 2592 3470 2660 sacerdotum,
3542 2589 3668 2648 sive
3752 2608 3866 2666 pa-

468 2675 707 2729 storum
795 2687 1078 2739 munera,
1166 2669 1449 2740 virtutes,
1537 2669 1764 2743 ofﬁcia,
1843 2669 2266 2742 difﬁcultates,
2353 2671 2657 2748 pericula,
2717 2670 2827 2729 Dei
2904 2671 2968 2730 in
3052 2689 3158 2730 eos
3241 2671 3464 2736 minas,
3530 2669 3869 2748 propheta-

467 2766 610 2808 rum
689 2754 752 2809 et
831 2749 1260 2827 apostolorum
1349 2749 1628 2821 oracula,
1692 2750 2003 2828 exempla,
2065 2768 2206 2828 quas
2254 2751 2331 2810 de
2387 2769 2500 2810 suo
2585 2750 2939 2810 solitudinis
3021 2767 3234 2811 amore
3317 2749 3530 2821 tradit,
3590 2767 3731 2827 quae
3786 2749 3866 2809 de

467 2834 839 2909 tempestate
887 2847 1013 2906 qua
1070 2829 1184 2909 sub
1242 2828 1494 2890 Juliano
1553 2835 1701 2890 tunc
1758 2830 2056 2908 temporis
2130 2830 2410 2891 Ecclesia
2486 2830 2850 2908 jactabatur
2910 2847 2923 2888 :
2985 2849 3109 2890 non
3169 2830 3340 2908 quod
3400 2829 3524 2909 (31)
3581 2851 3611 2883 ι
3672 2830 3869 2909 feram

468 2908 897 2988 illam,igncs,
961 2908 1226 2986 gladios,
1282 2909 1651 2988 praecipitia,
1713 2911 2066 2987 voragines,
2126 2911 2206 2970 ab
2262 2909 2490 2970 exteris
2547 2910 2816 2988 denique
2872 2910 3109 2969 bellum
3187 2908 3498 2969 ullatenus
3575 2908 3871 2969 formida-

466 2994 562 3050 ret
611 2986 756 3068 (32).
809 2989 930 3069 Sed
983 2988 1216 3047 bellum
1277 2987 1742 3069 haereticorum,
1800 2986 2298 3051 Christianorum
2384 2989 2555 3063 vitia,
2612 2986 3007 3051 sacerdotum
3092 3009 3360 3069 pugnas,
3433 2989 3870 3068 episcoporum

465 3069 745 3140 dissidia,
811 3092 838 3123 π
891 3068 1034 3146 jure
1120 3069 1436 3150 metuebat
1494 3068 1640 3150 (33).
1701 3070 1858 3130 Huic
1941 3071 2107 3130 bello
2187 3092 2215 3128 ‹‹
2272 3070 2576 3150 imparem
2631 3088 2695 3130 se
2753 3070 3062 3130 sentiebat
3095 3068 3109 3069 ”
3136 3072 3447 3150 αεῃιιιῑτο
3532 3070 3869 3130 fatebatur.

464 3150 609 3210 Haac
661 3154 829 3208 metu
886 3166 1106 3209 carnes
1161 3148 1604 3226 conﬁciebant,
1634 3156 1904 3210 mentem
1966 3148 2446 3227 contrahebant,
2483 3151 2715 3228 linguae
2773 3150 3090 3210 vinculum
3148 3149 3535 3228 injiciebant,
3576 3156 3637 3210 et
3693 3157 3873 3228 terga

463 3230 615 3289 dare
645 3252 674 3283 »
713 3228 937 3289 merito
967 3229 1452 3307 persuadebant.

551 3308 673 3386 (34)
705 3309 796 3368 Ad
859 3309 1122 3368 alteram
1177 3314 1443 3387 partem,
1504 3328 1631 3387 qua
1687 3309 1924 3369 reditus
1980 3328 2201 3370 causas
2258 3310 2531 3370 breviter
2589 3309 2867 3388 exponit,
2927 3309 3266 3388 pertinent,
3325 3310 3386 3369 in
3447 3309 3610 3369 cives
3665 3328 3871 3382 amor,

465 3395 800 3470 parentum
886 3407 1084 3470 cura,
1146 3388 1588 3470 inobedientiaa
1675 3389 1865 3450 timor
1943 3409 2016 3449 ac
2105 3390 2499 3470 periculum,
2555 3391 2732 3451 Jonas
2814 3391 3213 3469 exemplum;
3271 3389 3499 3468 quibus
3554 3390 3874 3470 omnibus

470 3493 498 3524 α
535 3469 821 3550 victus,»
859 3469 1135 3544 tandem,
1200 3487 1358 3529 onus
1415 3469 1624 3529 subire
1681 3488 1745 3531 se
1802 3470 2156 3549 proﬁtetur,
2191 3470 2361 3530 haud
2424 3470 2675 3548 quidem
2735 3470 3155 3550 episcopatus,
3192 3471 3296 3528 sed
3357 3469 3705 3542 sacerdotii,
3761 3489 3873 3530 seu

513 3548 758 3610 astoris.

469 3568 762 3690 Ρᾶῗοῦἰῗ
820 3626 1068 3688 Etenim
1134 3649 1163 3686 «
1220 3627 1297 3688 de
1345 3627 1795 3708 episcopatu,»
1858 3635 1926 3690 ut
1982 3635 2148 3690 recte
2205 3630 2496 3690 observat
2555 3629 2776 3689 doctus
2833 3629 3266 3703 Gomheﬁsius,
3309 3629 3580 3688 «nullus
3635 3628 3736 3688 hic
3794 3646 3871 3687 ex

468 3709 756 3771 instituto
816 3715 909 3769 est
963 3727 1190 3779 sermo,
1225 3708 1304 3768 ad
1362 3728 1548 3787 quem
1607 3710 1873 3770 necdum
1930 3716 2290 3788 assumptus
2348 3709 2766 3786 Gregorius.»
2833 3709 3075 3769 Addere
3137 3710 3341 3780 liceat,
3379 3728 3490 3769 nec
3544 3726 3872 3768 assumen-

468 3789 616 3850 dum
674 3807 740 3850 se
786 3794 935 3849 tunc
989 3789 1330 3866 cogitabat.
1365 3790 1660 3861 Quamvis
1716 3790 1930 3849 Billius
1985 3791 2048 3850 in
2102 3794 2473 3869 argumento
2524 3789 2712 3868 hujus
2769 3790 3092 3862 orationis,
3128 3791 3217 3850 uti
3275 3797 3334 3850 et
3391 3790 3453 3849 in
3515 3788 3874 3848 summariis

469 3888 542 3929 ac
599 3870 761 3930 notis
813 3869 1068 3947 passim,
1105 3871 1396 3942 afﬁrmet,
1433 3870 1534 3929 hic
1568 3893 1596 3924 «
1656 3872 1885 3948 exponi
1942 3889 2162 3930 causas
2218 3889 2330 3930 cur
2385 3871 2750 3948 episcopatu
2809 3870 3139 3948 repudiato
3187 3871 3252 3930 in
3309 3873 3571 3929 l‘ontum
3633 3871 3872 3946 Grego-

471 3952 601 4010 rius
658 3950 924 4028 fugerit;
986 3974 1016 4005 »
1072 3957 1141 4030 et
1196 3951 1337 4009 ideo
1391 3951 1621 4027 fugisse
1679 3953 1846 4020 quod
1910 3974 1939 4004 «
1998 3957 2225 4028 praeter
2279 3951 2640 4028 opinionem
2702 3950 2780 4010 ad
2838 3951 3271 4030 episcopatum
3330 3949 3867 4026 postulabaturi»

467 4033 535 4090 In
621 4031 905 4090 eamdem
981 4029 1340 4108 opinionem
1426 4030 1746 4104 inductus,
1825 4031 2085 4090 forsitan
2160 4031 2239 4090 ab
2322 4034 2688 4107 interprete,
2748 4031 2997 4090 videtur
3083 4034 3469 4108 Augustinus
3533 4031 3704 4108 (Μ’),
3765 4030 3876 4107 qui

465 4115 801 4188 postquam
858 4111 1084 4170 iterum
1145 4110 1337 4170 verba
1395 4110 1676 4188 Gregorii
1732 4130 1805 4171 ex
1866 4110 2239 4190 Apologetz'co
2295 4110 2639 4187 descripsit,
2702 4110 3072 4188 subjungit:
3122 4134 3149 4165 «
3213 4113 3356 4170 Haec
3412 4111 3662 4169 dicebat
3718 4109 3874 4169 bea-

471 4197 570 4248 tus
629 4191 985 4266 Gregorius,
1048 4208 1173 4249 non
1232 4192 1395 4250 inter
1470 4192 1780 4269 principia
1836 4189 2292 4250 emendationis
2349 4208 2500 4256 suae.
2535 4191 2640 4249 sed
2703 4189 2835 4267 jam
2896 4192 3247 4268 episcopus.
3313 4214 3342 4243 ››
3405 4192 3564 4260 Quin
3622 4196 3683 4248 et
3739 4191 3874 4267 ipse

471 4270 762 4329 Petavius
819 4270 963 4348 (35),
1023 4277 1242 4330 contra
1301 4270 1700 4342 Salmasium,
1762 4271 2049 4333 adductis
2132 4289 2210 4330 ex
2282 4271 2675 4348 apologetico
2749 4270 3138 4342 testimoniis,
3201 4276 3465 4330 conatur
3544 4271 3875 4330 ostendere

474 4348 1030 4430 «episcopatum»
1068 4351 1434 4428 aGregorio
1494 4357 1784 4412 vocatum
1842 4351 2073 4412 ibidem
2129 4372 2157 4409 (ί
2207 4351 2650 4430 principatum,
2720 4351 3179 4428 magistratum,
3242 4351 3700 4428 praefecturam,
3762 4350 3875 4430 im-

473 4429 734 4506 perium,
796 4449 826 4485 ι)
887 4435 1035 4498 etc.,
1087 4430 1372 4507 adeoque
1435 4455 1464 4485 ‹‹
1524 4433 1910 4492 curationem
1997 4429 2225 4503 Solam,
2282 4432 2672 4508 simplexque
2758 4450 2985 4490 munus
3039 4455 3066 4484 »
3127 4449 3253 4489 non
3328 4448 3480 4490 esse.
3544 4432 3726 4490 Errat
3779 4429 3875 4488 vir

469 4509 715 4581 doctus,
749 4508 896 4567 dum
956 4515 1133 4589 putat
1191 4510 1555 4585 Gregorium
1617 4512 1692 4570 de
1741 4513 2106 4589 episcopatu
2161 4511 2353 4573 verba
2411 4512 2650 4581 facere;
2686 4516 2750 4570 at
2809 4509 3214 4571 nihilominus
3272 4511 3521 4570 ﬁrmum
3580 4515 3704 4570 stat
3735 4508 3870 4588 ejus

470 4593 912 4669 argumentum
974 4588 1274 4648 adversus
1330 4590 1730 4662 Salmasium,
1785 4588 1918 4650 imo
1962 4591 2201 4651 ﬁrmius
2255 4591 2485 4652 evadit.
2553 4591 2790 4651 Etenim
2851 4592 2902 4651 si
2960 4590 3375 4651 sacerdotium
3430 4590 3776 4669 generatim
3837 4608 3874 4649 a

472 4668 770 4751 Gregorio
826 4669 1061 4751 dictum
1134 4675 1227 4728 est
1289 4688 1317 4726 «
1375 4669 1783 4751 principatus,
1849 4670 2271 4747 magistratus,
2336 4673 2732 4751 prafectura,
2799 4696 2825 4726 »
2889 4677 3033 4743 etc.,
3087 4679 3326 4749 quanto
3413 4668 3613 4748 magis
3670 4670 3737 4730 id
3797 4669 3874 4729 de

469 4749 834 4829 episcopatu
866 4748 986 4808 dici
1017 4753 1222 4828 potest
1252 4766 1325 4807 ac
1356 4748 1579 4809 debet!

548 4827 934 4908 Alii’plures
1015 4829 1078 4889 in
1165 4829 1454 4888 eumdem
1539 4829 1866 4907 scopulum
1945 4830 2364 4908 impegerunt,
2441 4837 2509 4890 ut
2567 4830 2894 4890 crederent
2975 4848 3114 4889 cum
3198 4829 3404 4900 Billio,
3465 4830 3528 4889 in
3587 4827 3879 4907 Gregorii

468 4909 839 4990 Apologetz'co
898 4909 988 4990 de,
1030 4909 1394 4990 episcopatu
1453 4929 1529 4971 ex
1581 4910 1865 4970 instituto
1923 4929 2275 4972 sermonem
2335 4930 2490 4984 esse,
2553 4930 2822 4990 quorum
2883 4928 3159 4970 errorem
3218 4910 3305 4969 sic
3361 4910 3632 4971 breviter
3686 4909 3876 4990 refel-

467 4988 674 5051 limus.
737 4989 1071 5068 Gregorius
1148 4989 1328 5049 initio
1385 4995 1449 5051 et
1508 4991 1571 5050 in
1631 4990 1753 5050 ﬁne
1835 4992 2136 5052 orationis
2219 4988 2670 5073 proﬁtetur'se
2726 4991 3039 5069 suscipere
3125 4991 3295 5070 quod
3353 4988 3879 5069 fugeratzigitur

533 5139 646 5265 (34)
678 5139 986 5194 Thomass.
1020 5139 1096 5195 De
1140 5138 1269 5195 disc.
1304 5140 1430 5194 eccl.
1473 5154 1606 5212 pag.
1639 5139 1691 5208 4,
1735 5139 1834 5194 lib.
1873 5158 1933 5195 ιι.
1970 5157 2021 5196 c.
2054 5142 2111 5209 7,

1031 5139 1096 5195 De
1140 5138 1269 5195 disc.
1304 5140 1430 5194 εδει.
1473 5154 1606 5212 pag.
1639 5139 1691 5208 4,
1735 5139 1834 5194 lib.
1873 5158 1933 5195 ιι.
1970 5157 2021 5196 o.
2054 5142 2111 5209 7,
2301 5141 2416 5284 (29)
2457 5139 2683 5211 Prolog.

1054 5279 1066 5284 -
1141 5279 1154 5284 -
2298 5213 2388 5284 (30
2442 5212 2536 5267 Or.
2570 5227 2606 5281 1,
2642 5228 2678 5265 n

472 5227 528 5264 n.
562 5210 632 5265 3.
1477 5210 1491 5212 ἢ
1559 5210 1574 5212 ⁷
2298 5210 2410 5284 (30)
2442 5212 2536 5267 Or.
2570 5227 2606 5281 1,
2641 5210 2699 5265 ιι.
2735 5210 2785 5264 1.

534 5280 644 5355 (25)
676 5278 853 5355 Elias,
888 5297 1010 5353 arg.
1044 5279 1112 5355 in
1135 5279 1275 5355 hanc
1305 5286 1444 5340 orat.
2296 5285 2410 5355 (31)
2441 5284 2537 5339 Or.
2573 5299 2632 5352 ιι,
2667 5299 2723 5355 n.
2760 5282 2848 5355 87.

535 5351 647 5422 (26⁷)
673 5351 830 5407 Orat.
863 5369 925 5422 ιι,
962 5351 1023 5407 ii.
1061 5352 1156 5408 111
1193 5357 1249 5408 et
1282 5355 1401 5408 112.
2295 5351 2407 5422 (32)
2439 5356 2522 5410 Ib.
2556 5371 2614 5408 n.
2646 5353 2718 5407 79
2749 5353 2820 5408 ad
2850 5352 2939 5408 88.

537 5422 649 5494 (27)
680 5422 776 5476 Or.
812 5440 876 5494 ιι.
905 5441 962 5477 n.
998 5424 1082 5494 11.
2103 5493 2109 5494 γ

998 5424 1082 5494 ιι.
2103 5493 2109 5494 ί
2296 5428 2407 5494 (33)
2443 5431 2511 5482 N.
2543 5427 2631 5481 90.

537 5491 646 5565 (28)
677 5491 1112 5582 ’ΝΕμιῇαίνεικὸτι
1144 5497 1410 5582 ’ξοσοῢηςον
1431 5494 1773 5582 δάφηνίανσεν,
1835 5493 1986 5582 ᾤστε,
2021 5493 2111 5580 ita!
2292 5491 2742 5582 ad
2763 5495 2898 5578 .109.

464 5561 611 5640 ῖινάις
631 5561 919 5638 ’πληγῆναι
945 5567 1058 5640 ςτῶκί
1084 5561 1777 5640 πάλαι-ρῖκοδοέιόυμένῳκᾷ
1828 5566 1901 5626 εἰς
1931 5566 2107 5636 αὐτὸν,

2007 5567 2107 5640 rev,
2294 5561 2429 5640 (34‘)
2465 5570 2582 5623 Lib.
2621 5569 2715 5638 0p.
2750 5569 2881 5640 imp.
2916 5570 3057 5640 cont.
3091 5566 3200 5622 Jul.
3238 5583 3294 5621 n.
3325 5568 3413 5640 69,
3451 5584 3503 5636 p.
3537 5567 3659 5640 912ἶ

467 5633 536 5710 δι’
568 5636 659 5710 ρῦς
689 5633 783 5689 καῖ
807 5643 907 5710 τῆς
934 5634 1230 5710 ᾁπηολογίᾳς
1264 5633 1676 5710 ἐὸἑῃσελνίαῦτῷ,
1710 5635 1984 5708 δηλούσης
2015 5633 2108 5700 τάξ

2293 5633 2625 5710 (35)Ῥριᾶν.
2658 5633 2737 5692 ’ὓθ
2767 5633 2950 5693 eccles.
2986 5639 3126 5695 hier.
3169 5647 3311 5694 cont.
3363 5633 3598 5695 Sal—mas.
3649 5637 3747 5690 lib.
3783 5653 3873 5709 ιιι,

467 5706 642 5770 αἰτίας
671 5715 770 5778 τῆς
803 5705 1075 5769 ἀπειθείας
1106 5705 1195 5761 iui.
1228 5715 1328 5777 τῆς
1361 5705 1582 5772 δειλίας.
1629 5705 1638 5710 ⁷
1665 5705 1669 5707 ’
1763 5705 1771 5708 ⁷
1943 5705 1951 5708 Ἴ
2222 5727 2270 5764 c.
2300 5705 2357 5782 Ο,
2387 5705 2448 5767 ιι.
2484 5712 2544 5766 11
2581 5723 2636 5766 et
2663 5711 2745 5764 12.
