4184 6202
349 354 474 414 405
1591 348 1886 411 ORATIO
1929 349 2006 408 II.
2038 379 2116 394 -—
2146 346 2545 412 MONITUM.
3651 357 3772 418 406

354 502 606 546 necesse
659 486 772 557 est,
839 489 905 545 ut
963 481 1392 562 episcopatum
1454 486 1603 543 tunc
1659 479 2019 563 susceperit,
2074 479 2156 563 _si,
2222 481 2647 562 «episcopatu
2707 485 3060 563 repudiato,
3123 511 3150 542 ιδ
3211 491 3281 547 ut
3335 485 3470 548 vult
3527 487 3766 562 Billius,

350 568 420 626 in
478 569 747 648 Pontum
809 561 1073 648 fugerit:
1122 561 1356 648 Deinde
1433 563 1584 648 hinc
1648 562 1836 622 etiam
1912 561 2215 638 sequitur,
2279 564 2642 648 quodnon
2691 561 2894 648 minus
2953 566 3294 627 absurdum
3353 573 3465 640 est,
3530 561 3766 648 Grego-Q

355 648 547 717 rium,
606 647 980 723 priusquam
1039 645 1428 705 Sazimorum
1490 643 1886 724 episcopatus
1959 648 2298 724 crearetur,
2361 643 2647 703 Nazianzi
2724 647 3085 724 episcopum
3163 648 3354 707 fuisse
3438 643 3767 710 consecra-

351 734 531 796 tum;
567 721 664 784 vel
724 721 1509 807 deniqueconcedendum
1572 729 1682 807 est,
1731 722 1892 780 hanc
1948 721 2178 807 dictam
2237 741 2359 781 non
2418 721 2964 807 esseorationem,
3026 746 3139 786 nec
3183 729 3446 806 impleta
3502 747 3642 807 qua:
3700 731 3764 790 in

353 826 431 866 ea
493 812 856 876 narrantur,
893 802 1036 886 Inisi
1094 803 1877 886 postquam7Sazimorum
1927 802 2297 886 episcopatu
2361 805 2714 886 repudiato,
2765 807 3132 866 Nazianzeni
3195 802 3471 886 episcopi
3523 802 3765 872 Imunia

351 889 493 946 loco
527 887 725 964 patris
757 884 1046 945 obeunda
1104 885 1400 964 suscepit.
1435 884 1584 954 Qua:
1642 900 1831 961 quam
1893 882 2016 940 sint
2071 882 2345 942 absurda
2403 892 2463 943 et
2520 885 2597 943 ab
2659 884 2933 945 historiae
2993 882 3252 947 veritate
3309 882 3517 948 aliena
3576 909 3761 952 nemo

363 985 489 1028 non
523 966 842 1042 intelligit.
1669 1041 1672 1042 7
2247 970 2253 975 ’

437 1047 598 1107 VIII.
646 1041 785 1105 Alia
838 1045 934 1104 via
990 1045 1354 1123 aggreditur
1411 1041 1779 1112 Gabrielius,
1842 1045 1909 1100 ut
1963 1045 2200 1101 statuat
2257 1042 2332 1102 de
2391 1043 2753 1122 episcopatu
2816 1063 3168 1106 sermonem
3229 1065 3361 1106 esse
3421 1065 3433 1105 :
3501 1072 3529 1104 «
3593 1051 3762 1121 Quo-

354 1127 556 1199 niam,
591 1127 796 1204 inquit
827 1125 995 1206 (35'),
1035 1123 1516 1206 «sacerdotium
1576 1140 1908 1206 commune
1968 1128 2061 1181 est
2109 1124 2447 1206 sacerdotis
2505 1143 2576 1182 ac
2648 1125 2993 1203 presbyteri
3054 1145 3303 1198 munus,
3355 1133 3571 1206 estque
3621 1130 3762 1190 fun-

352 1207 724 1267 damentum
758 1204 1130 1284 episcopalis
1160 1204 1718 1265 consecrationis...
1761 1208 2225 1284 .7co7n7gruenter
2281 1204 2515 1262 factum
2573 1213 2684 1276 est,
2724 1210 2790 1264 ut
2846 1206 3030 1265 simul
3088 1208 3148 1265 in
3211 1207 3428 1267 eadem
3471 1204 3763 1270 oratione

351 1283 811 1358 declararetur,
843 1304 1008 1364 quae,
1042 1292 1404 1362 quantaque
1462 1285 1541 1343 sit
1596 1283 1928 1366 sacerdotii
1987 1283 2308 1360 professio,
2343 1290 2404 1342 et
2461 1285 2710 1366 qualem
2785 1291 3072 1363 oporteat
3131 1305 3262 1347 esse
3304 1289 3756 1366 episcopum.»

346 1368 635 1427 lnsinuat
689 1374 995 1444 praeterea
1052 1367 1437 1447 Gabrielius,
1486 1388 1516 1418 «
1573 1365 1964 1447 consuevisse
2022 1371 2282 1432 veteres,
2345 1365 2596 1447 eosdem
2648 1367 2997 1447 episcopos,
3071 1390 3096 1420 ι
3159 1373 3220 1426 et
3275 1365 3764 1447 «presbyteros

353 1465 605 1507 vocare.
670 1470 698 1501 »
763 1448 992 1506 Verum
1046 1446 1159 1505 etsi
1216 1447 1348 1504 viro
1405 1445 1591 1504 docto
1675 1444 2178 1513 concederemus,
2241 1444 2408 1521 quod
2482 1463 2552 1504 ex
2637 1446 2918 1523 qualibet
3001 1444 3446 1508 communione
3533 1444 3763 1510 eruditi

350 1528 693 1605 scriptores
748 1527 1044 1590 fatentur.
1079 1527 1157 1586 ab
1217 1525 1391 1586 initio
1422 1550 1449 1578 «
1501 1540 1897 1606 communem
1958 1529 2019 1582 et
2074 1526 2492 1606 promiscuam
2551 1524 2698 1605 (36),
2761 1545 3174 1604 synonymam
3236 1528 3410 1606 (36"),
3471 1529 3761 1590 indistin-

352 1603 519 1667 ctam
555 1607 706 1686 (37),
739 1607 930 1688 initio
949 1606 1092 1685 (37‘)
1130 1625 1201 1666 ac
1251 1605 1466 1688 primis
1520 1603 1814 1688 Ecclesiae
1873 1604 2274 1688 temporibus
2292 1604 2430 1688 (38),
2473 1629 2497 1658 ι)
2534 1603 2660 1664 seu
2701 1603 3130 1683 apostolOrum
3181 1631 3208 1660 «
3247 1603 3483 1668 diebus
3515 1610 3691 1688 (38*),
3725 1633 3755 1666 ››

352 1689 452 1747 vel
509 1684 698 1768 etiam
763 1711 793 1741 «
843 1686 1044 1768 primo
1080 1684 1159 1746 et
1209 1685 1480 1747 secundo
1566 1684 1818 1768 ineunte
1901 1684 2129 1744 saeculo
2188 1684 2335 1763 (39),
2379 1705 2423 1768 _»
2483 1703 2926 1768 communem77
2969 1688 3245 1768 episcopi
3295 1694 3356 1748 et
3414 1684 3761 1768 presbyteri

354 1767 850 1846 appellationem
908 1766 1134 1838 fuisse;
1172 1791 1200 1821 »
1264 1771 1405 1844 post
1491 1765 1762 1846 primum
1847 1769 2123 1846 attamen
2191 1765 2530 1846 saeculum,
2595 1791 2624 1821 »
2691 1767 3028 1826 fatentibus
3102 1767 3252 1845 ipsis
3335 1765 3643 1830 Salmasio
3701 1777 3762 1830 et

353 1844 711 1923 Blbndello,
750 1872 775 1901 α
813 1847 1111 1928 distingui
1169 1845 1696 1928 cceperunt7(39'),
1727 1844 2130 1928 secundoque
2187 1845 2487 1928 inclinato
2529 1851 2588 1904 et
2619 1846 2697 1905 ad
2730 1849 2918 1906 tinem
2951 1844 3244 1925 vergente
3274 1850 3503 1910 saeculo
3536 1848 3685 1928 (40),
3724 1874 3754 1906 »

356 1946 437 1988 ne
492 1929 730 1988 Dalleeo
789 1927 1042 2006 quidem
1102 1933 1392 2004 negante,
1431 1925 1524 1984 vel
1554 1949 1581 1979 «
1636 1925 1908 1984 secundo
1965 1931 2232 2006 exeunte
2281 1925 2427 2003 (4|),
2461 1947 2489 1981 ι)
2531 1933 2634 1987 10
2688 1928 2994 2005 tertioque
3052 1929 3433 2000 ineunte,ac
3491 1925 3762 1992 maxime

354 2009 438 2090 ab
494 2009 660 2090 A7erii
705 2005 1112 2067 damnatione
1163 2008 1366 2090 medio
1423 2005 1652 2065 saculo
1711 2011 1965 2090 quarto,
2013 2005 2088 2064 de
2138 2024 2265 2090 qua
2326 2006 2546 2065 haeresi
2603 2007 2995 2090 Epiphanius
3043 2010 3556 2090 7et_Augustinus
3612 2011 3760 2090 (42),

351 2089 444 2148 ita
501 2089 798 2148 distincta
854 2093 1000 2147 sunt
1057 2105 1128 2146 ea
1182 2087 1457 2155 nomina,
1521 2094 1588 2144 ut
1644 2104 1717 2144 ea
1765 2085 2118 2162 promiscue
2168 2085 2462 2162 deinceps
2521 2105 2764 2146 sumere
2823 2088 3056 2146 nemini
3114 2085 3350 2148 liceret.
3414 2092 3569 2150 Hinc
3624 2085 3767 2151 ora-

351 2169 545 2228 tionis
603 2169 855 2228 titulum
913 2167 1208 2228 Gabrielii
1257 2165 1679 2245 explicatione
1732 2185 1856 2224 non
1940 2165 2242 2242 indigere,
2302 2183 2500 2244 eaque
2577 2167 2825 2242 gravari
2900 2169 3127 2227 nedum
3188 2169 3420 2246 juvari,
3479 2176 3766 2232 constare

353 2249 565 2309 debet.

433 2330 537 2389 IX.
595 2329 826 2388 Verum
883 2327 1116 2404 rejecta
1174 2326 1600 2404 inscriptionis
1655 2325 1763 2408 illa
1814 2329 1990 2408 parte
2023 2336 2085 2384 :1

2108 2330 2175 2408 Isti
2235 2332 2423 2384 ὁποῖον
2477 2331 2610 2385 εἶναι
2667 2329 2749 2386 δεῖ
2806 2333 2896 2386 τὸν
2953 2331 3265 2404 ἐπίσκοπον,
3306 2353 3335 2383 (‹
3393 2333 3452 2388 et
3508 2332 3760 2408 qualem

350 2427 489 2469 esse
550 2414 843 2486 oporteat
898 2408 1286 2486 episcopum,
1326 2432 1352 2462 ιι
1385 2425 1527 2484 qum
1579 2407 1857 2483 profecto
1890 2405 2170 2482 Gregorii
2236 2424 2362 2464 non
2408 2412 2532 2486 est,
2571 2413 2787 2483 aperta
2845 2425 2918 2466 ac
2950 2413 3121 2467 certa
3169 2427 3264 2468 res
3323 2415 3435 2480 est,
3496 2405 3558 2470 et
3614 2429 3760 2472 cum

346 2485 608 2549 erudito,
667 2488 1040 2548 Combeﬁsio
1097 2485 1190 2547 fas
1249 2494 1336 2547 est
1397 2505 1692 2550 asserere.
1731 2511 1756 2540 α
1793 2487 1868 2545 de
1917 2486 2280 2564 episcopatu
2315 2485 2553 2545 nullum
2591 2487 2690 2545 hic
2723 2505 2796 2546 ex
2829 2486 3113 2547 instituto
3146 2507 3497 2550 sermonem
3531 2509 3684 2551 esse.
3722 2515 3752 2546 »

345 2569 511 2638 Quid
570 2569 766 2645 ergo?
797 2571 1053 2630 Creatus
1115 2569 1436 2646 presbyter
1491 2565 1828 2649 Gregorius
1882 2566 2150 2649 pastoris
2214 2583 2438 2649 munus
2495 2567 2830 2649 refugerat,
2884 2567 3258 2649 nuncillud
3316 2571 3594 2649 suscipit.
3633 2572 3760 2632 Sua

347 2656 488 2708 erat
519 2648 912 2708 ordinatione
961 2654 1198 2726 pastor,
1232 2655 1300 2707 ut
1351 2647 1558 2706 caeteri
1619 2647 2012 2716 sacerdotes;
2049 2646 2178 2722 qui,
2228 2651 2295 2704 ut
2351 2646 2776 2724 Chrysostomi
2815 2647 2931 2726 (43)
2967 2648 3168 2708 verbis
3230 2655 3390 2719 utar,
3431 2646 3761 2712 «docendi

348 2735 728 2808 potestatem
759 2734 1158 2806 acceperunt,
1187 2733 1376 2810 atque
1434 2733 1503 2785 ut
1557 2726 1847 2810 Ecclesiae
1887 2727 2182 2810 praesint.
2224 2749 2251 2778 ››
2285 2726 2587 2805 Suscepto
2621 2728 2836 2810 igitur
2889 2727 3225 2810 Gregorius
3257 2747 3541 2810 munere,
3589 2732 3759 2810 quod

349 2805 694 2886 refugerat,
729 2805 1052 2887 pastorum
1093 2805 1376 2868 omnium
1438 2807 1653 2866 munia
1709 2805 1946 2887 hacin
2002 2806 2284 2887 oratione
2343 2807 2764 2886 prosequitur.
2817 2807 2908 2866 Ad
2939 2805 3156 2868 omnes
3186 2809 3377 2886 igitur
3407 2805 3763 2872 sacerdotes

351 2890 628 2968 pertinet
659 2886 978 2970 egregium
1038 2889 1204 2948 istud
1262 2891 1557 2970 opus;_et
1615 2886 1900 2970 quamvis
1957 2903 2034 2944 ex
2091 2886 2376 2970 instituto
2436 2887 2511 2947 de
2570 2888 2933 2970 episcopatu
2992 2907 3196 2948 sermo
3253 2908 3376 2949 non
3436 2891 3534 2963 sit,
3598 2910 3766 2970 quee-

355 2965 612 3046 cunque
666 2965 881 3029 oratur
935 2969 1012 3028 de
1072 2965 1392 3047 pastorum
1451 2967 1580 3048 sive
1639 2967 2032 3026 sacerdotum
2096 2965 2324 3024 muniis
2383 2972 2509 3026 tam
2562 2965 2929 3045 eloquenter
2985 2987 3173 3045 quam
3233 2988 3378 3030 vere
3438 2965 3757 3048 pradicet,

353 3049 437 3109 ad
497 3068 563 3108 se
623 3050 928 3124 pertinere
988 3068 1116 3127 prae
1165 3048 1406 3108 caeteris
1458 3047 2137 3128 existimarepossunt
2190 3053 2378 3124 atque
2434 3047 2622 3106 etiam
2682 3048 2910 3108 debent
2967 3049 3265 3127 episcopi,
3299 3051 3406 3128 qui
3440 3047 3757 3113 sacerdo-

349 3130 424 3188 tii
482 3148 692 3189 arcem
751 3135 1083 3205 occupant.
1120 3129 1336 3189 Merito
1397 3128 1656 3206 proinde
1714 3127 1957 3187 codices
2014 3127 2270 3204 optimae
2329 3133 2493 3187 nolm
2569 3128 2728 3186 hanc
2787 3130 3066 3204 Gregorii
3126 3127 3501 3204 orationem,
3535 3132 3766 3192 librum

349 3209 442 3269 De
497 3209 824 3269 sacerdotio
886 3216 1014 3290 Περὶ
1049 3214 1363 3290 ἱερωσύνης,
1397 3207 1742 3284 generatim
1794 3206 2185 3290 insc_ribunt,_
2223 3225 2347 3283 quo
2407 3208 2750 3290 vocationis
2805 3209 3243 3270 ecclesiasticae
3303 3229 3374 3270 ac
3433 3213 3766 3274 sacerdotii

347 3291 590 3365 regula:
625 3286 971 3349 sanctiores
999 3286 1312 3366 legesque,
1354 3313 1381 3343 ‹‹
1418 3307 1616 3366 pauca
1648 3311 1677 3342 »
1714 3305 1858 3347 vero
1909 3286 2269 3364 dogmatica
2324 3289 2744 3362 continentur,
2782 3295 2850 3348 ut
2907 3291 3189 3349 omnium
3251 3292 3761 3354 accuratissimus

347 3370 530 3430 Colb.
566 3388 680 3429 ms.
716 3373 874 3430 M48
903 3370 1247 3430 annotavit.

430 3450 506 3508 X.
543 3451 632 3509 Ex
697 3455 823 3510 tam
883 3450 1110 3510 eximio
1161 3467 1370 3525 opere,
1424 3466 1529 3506 sex
1614 3446 2090 3528 itidem7libros
2150 3445 2237 3506 De
2286 3446 2611 3508 sacerdotio
2670 3447 3172 3526 Chrysostomus,
3236 3457 3511 3528 quatuor
3568 3452 3756 3513 etiam

357 3529 540 3591 Curae
589 3530 911 3610 pastoralis
967 3530 1299 3607 Gregorius
1362 3546 1646 3610 magnus,
1709 3527 2202 3610 ita_hauserunt
2247 3545 2319 3587 ac
2368 3528 2538 3610 velut
2612 3544 2686 3588 ex
2755 3529 3099 3608 archetypo
3173 3527 3634 3609 expresserunt,
3692 3540 3761 3593 ut

348 3607 815 3690 propemodum
875 3610 1029 3670 nihil
1091 3610 1258 3669 aliud
1322 3608 1679 3690 praestitisse
1735 3607 2083 3690 videantur,
2122 3626 2308 3685 quam
2369 3607 2663 3668 dilatasse
2708 3614 2769 3668 et
2820 3607 3271 3690 amplificasse'
3299 3631 3440 3689 quae
3491 3632 3527 3672 a
3561 3613 3760 3673 'l‘heo-

349 3688 500 3768 logo
559 3691 826 3762 acutius,
887 3689 1138 3750 brevius
1196 3689 1644 3766 nervosiusque
1718 3688 1883 3747 dicta
1962 3689 2229 3747 fuerant.
2291 3690 2365 3746 Et
2418 3695 2606 3759 certe,
2669 3689 2836 3767 quod
2896 3696 3038 3749 ante
3093 3710 3205 3750 nos
3252 3688 3610 3753 observavit
3667 3692 3761 3752 vir

353 3769 613 3830 nomine
669 3777 729 3831 et
785 3771 1020 3848 ingenii
1080 3770 1501 3840 monimentis,
1563 3777 1752 3848 atque
1812 3768 2117 3845 imprimis
2178 3769 2344 3828 edito
2404 3769 2701 3845 Gregorio
2773 3770 2999 3836 clarus,
3052 3788 3177 3830 non
3257 3773 3477 3831 eodem
3556 3771 3757 3830 solum

352 3857 754 3928 argumento,
819 3869 1032 3910 verum
1120 3851 1308 3909 etiam
1392 3848 1575 3908 simili
1659 3849 2009 3919 occasione,
2072 3867 2264 3925 opera
2321 3850 2397 3908 de
2455 3849 2806 3908 sacerdotio
2855 3849 2916 3908 in
2993 3868 3106 3910 suo
3183 3869 3451 3928 quaeque
3535 3869 3761 3928 genere

353 3932 634 4008 egregia,
668 3933 818 3990 trias
875 3931 985 3990 illa
1046 3933 1298 3989 Patrum
1359 3929 1728 3990 elaboravit.
1770 3929 2326 4005 Expostulantibus
2383 3929 2599 3988 amicis
2658 3929 3035 4007 respondent
3093 3948 3350 4002 omnes;
3386 3938 3447 3990 et
3502 3949 3613 3988 cur
3659 3949 3758 3989 sa-

350 4011 703 4071 cerdotium
773 4011 1048 4088 fugerint
1107 4010 1346 4069 reddita
1425 4010 1687 4081 ratione,
1753 4009 1916 4086 fugae
1997 4009 2354 4086 apologiam
2439 4009 2738 4068 condunt.
2801 4013 3029 4068 Omnes
3115 4010 3394 4086 regimen
3472 4010 3761 4070 Ecclesiae

347 4091 747 4168 captantium
805 4091 1134 4164 insaniam,
1172 4089 1362 4149 ofﬁcii
1419 4090 1853 4150 difficultatem
1911 4094 1972 4148 et
2029 4089 2308 4166 pericula
2364 4089 2724 4148 ostendunt.
2755 4088 2888 4158 Qua
2944 4089 3221 4169 scientia,
3259 4109 3384 4168 qua
3429 4090 3758 4169 sapientia,

350 4189 484 4249 qua
539 4171 892 4249 prudentia,
931 4189 1056 4249 qua
1115 4169 1519 4249 perfectione,
1554 4189 1679 4248 qua
1737 4169 2065 4229 sanctitate
2123 4175 2183 4228 et
2241 4173 2375 4228 arte
2434 4187 2593 4246 opus
2641 4169 2738 4239 sit,
2778 4175 2847 4228 ut
2903 4168 3129 4229 animae
3188 4168 3510 4243 curentur,
3538 4189 3764 4248 regan-

356 4258 484 4317 tur,
547 4257 610 4312 et
664 4251 744 4310 ad
802 4251 1029 4310 coelum
1083 4269 1278 4329 usque
1337 4250 1707 4322 evehantur,
1769 4255 2113 4329 exponunt.
2173 4249 2330 4318 Quin
2392 4249 2876 4329 etGregorium
2931 4255 3214 4310 nostrum
3275 4251 3508 4311 habere
3565 4269 3630 4311 se
3689 4269 3762 4311 ac

351 4332 530 4410 sequi
591 4332 925 4409 Gregorius
988 4327 1253 4408 magnus
1310 4331 1388 4390 ab
1446 4331 1622 4391 initio
1681 4330 1889 4390 statim
1950 4328 2091 4388 libri
2147 4329 2312 4410 tertii
2361 4327 2640 4388 declarat
2697 4328 2794 4388 his
2850 4329 3099 4388 verbis:
3142 4354 3171 4384 «
3223 4336 3292 4391 ut
3348 4332 3514 4392 enim
3573 4332 3759 4410 longe

351 4409 500 4473 ante
531 4431 645 4471 nos
677 4411 1031 4473 reverendae
1066 4410 1382 4471 memoriae
1415 4411 1747 4488 Gregorius
1779 4410 2201 4470 Nazianzenus
2231 4409 2656 4479 edocuit,'non
2688 4427 2813 4468 una
2871 4410 3216 4489 eademque
3267 4412 3505 4472 cunctis
3535 4409 3759 4472 exhor-

353 4493 511 4551 tatio
561 4492 870 4569 congruit,
908 4515 936 4546 »
974 4497 1094 4551 etc.
1143 4491 1310 4551 Idem
1363 4499 1615 4551 sanctus
1665 4491 1964 4569 pontifex,
1998 4491 2106 4548 lib.
2143 4507 2184 4559 ι,
2220 4507 2274 4548 c.
2313 4491 2366 4561 1,
2395 4489 2864 4549 celeberrimam
2915 4489 3086 4548 illam
3146 4493 3540 4562 sententiam,
3583 4515 3613 4546 «
3645 4495 3760 4551 Ars

353 4572 589 4631 artium
621 4579 683 4632 et
713 4571 973 4633 scientia
1004 4572 1408 4631 scientiarum
1444 4595 1471 4625 ι›
1510 4578 1603 4631 est
1632 4595 1659 4623 ‹‹
1700 4571 2016 4630 hominem
2050 4588 2282 4646 regere,
2324 4593 2351 4624 »
2387 4570 2464 4628 ab
2499 4569 2616 4629 hoc
2647 4569 2953 4647 Theologi
3000 4589 3213 4648 opere,
3251 4591 3423 4631 num.
3483 4574 3578 4644 16,
3620 4590 3756 4631 mu-

353 4659 568 4712 tuatus
600 4658 712 4712 est.
750 4655 872 4712 Nec
904 4670 1050 4712 vero
1082 4653 1416 4730 quisquam
1449 4652 1761 4710 existimet
1793 4650 2073 4728 Gregorii
2135 4650 2344 4727 magni
2375 4649 2624 4710 laudem
2656 4649 2889 4711 idcirco
2926 4651 3142 4710 minui.
3177 4652 3302 4711 Ista
3341 4653 3508 4712 enim
3541 4652 3761 4730 apolo-

355 4734 561 4811 getica
593 4733 793 4793 oratio
827 4739 950 4792 tam
987 4733 1284 4793 eximium
1318 4751 1474 4810 opus
1505 4739 1618 4806 est,
1655 4738 1721 4790 ut
1751 4732 2008 4807 dignum
2042 4730 2120 4790 sit
2149 4749 2221 4790 ex
2255 4749 2382 4811 quo
2431 4731 2764 4808 Gregorius
2823 4749 3088 4808 magnus
3133 4733 3332 4791 multa
3383 4732 3764 4810 excerpsisse

356 4810 666 4873 videatur.
701 4814 834 4891 lpse
863 4814 1253 4890 Augustinus
1282 4831 1357 4872 ex
1385 4813 1605 4872 eodem
1639 4812 1797 4871 libro
1831 4829 2005 4870 arma
2037 4817 2255 4870 contra
2287 4810 2654 4888 Pelagianos
2684 4811 3092 4888 deprompsit.
3118 4813 3396 4890 Denique
3428 4813 3763 4872 Facundus

352 4893 844 4966 Hermianensis,
878 4893 1178 4971 Eulogius
1211 4892 1693 4964 Alexandrinus,
1726 4892 1957 4969 aliique
1988 4891 2146 4952 bene
2177 4891 2359 4950 multi
2391 4891 2680 4951 Ecclesiae
2709 4892 2924 4951 Patres
2955 4897 3014 4952 et
3061 4892 3349 4952 doctores
3407 4910 3485 4952 ex
3541 4892 3758 4953 eodem

353 4973 529 5034 fonte
562 4974 720 5034 bene
753 4973 953 5035 multa
986 4973 1351 5035 hauserunt.

444 5125 561 5184 35')
595 5123 788 5181 Schol.
824 5126 884 5179 in
916 5139 1002 5179 0r.
1037 5141 1099 5189 ιι,
1135 5141 1190 5179 ιι.
1227 5123 1281 5178 1.

1037 5141 1099 5189 ιι,
1135 5141 1190 5179 ιι.
1227 5123 1281 5178 1.
2190 5121 2301 5191 (39)
2334 5120 2504 5190 lbid.,
2538 5137 2596 5175 ιι.
2625 5121 2676 5174 4.

443 5197 534 5264 36)
569 5197 862 5263 Petavius,
891 5196 1159 5268 Append.
1197 5197 1268 5250 De
1298 5195 1480 5250 eccles.
1515 5192 1748 5255 hieran,
1780 5193 1819 5248 l.
1863 5209 1926 5258 ιι,
1961 5209 2010 5248 c.

1634 5211 1748 5255 ναν..
1780 5193 1819 5248 l.
1863 5209 1926 5258 ιι,
1961 5209 2010 5248 c.
2193 5191 2774 5268 ($97)_Petav.,7ibid.,
2807 5191 2940 5268 l._n,
2973 5192 3109 5268 0.72,
3144 5209 3203 5249 ιι.
3237 5193 3286 5246 3.

363 5263 598 5335 t,‘n.’2.
946 5263 1002 5268 "

2193 5263 2554 5335 (40)'Bever.,
2591 5263 2626 5316 l.
2661 5280 2722 5331 ιι,
2753 5263 2888 5335 0.72,
2926 5280 2982 5320 n.
3015 5264 3067 5330 3,

451 5339 568 5408 36')
604 5338 865 5394 Blondel.
899 5338 1078 5410 Apol.,
1110 5337 1288 5410 p.752.
1423 5409 1429 5410 7
1669 5407 1682 5410 _
1778 5405 1791 5410 _
2193 5334 2305 5410 (4i)
2338 5335 2510 5410 ibid,
2545 5335 2677 5410 c._9,
2709 5351 2766 5390 n.
2800 5334 2851 5387 4.

452 5405 795 5480 37)’Bever.,
830 5405 958 5465 Lod'.
997 5405 1128 5465 Can'.
1168 5408 1306 5464 Eccl.
1337 5409 1504 5479 prim.
1553 5407 1727 5477 vind.,
1778 5405 1815 5461 l.
1866 5425 1925 5472 ιι,
1960 5423 2008 5461 c.
2191 5405 2302 5480 (4727)
2338 5405 2740 5480 Epiph.,_hzer.
2778 5423 2919 5480 μιν
2944 5407 3157 5480 λΑιιεη
3191 5405 3330 5480 hair.
3365 5407 3482 5480 mil.

360 5483 414 5552 3,
437 5475 510 5534 'n.
529 5475 597 5537 '3.
783 5475 790 5478 ’
1328 5475 1350 5552 ί
1714 5475 1720 5477 ⁷

2125 5544 2145 5552 _
2183 5475 2302 5552 (43)
2351 5475 2612 5552 ῌηοίιιηὶζ
2662 5479 2721 5552 in_
2770 5477 2905 5552 Lagi
2963 5475 3134 5552 Timr:
3172 5477 3266 5552 Κᾳῖ
3327 5477 3430 5552 γὰρ
3486 5477 3574 5552 καιί
3623 5475 3765 5552 alto!

433 5553 573 5624 (37')
607 5553 822 5619 Petav.,
856 5552 1021 5620 ibid.,
1055 5568 1102 5607 c.
1136 5552 1191 5621 δ,
1227 5568 1282 5604 ιι.
1317 5551 1370 5606 3.

2119 5544 2471 5624 διδκςκλιαλίαν
2517 5546 2647 5603 εἰσὶν
2698 5545 3110 5622 ἀναδιδεγμὲνοι
3157 5549 3246 5604 καὶ
3293 5544 3616 5622 προᾶτασίαν
3667 5548 3764 5613 τῆς

463 5618 755 5695 38)ἸΙ)ἰ‹1.,
790 5618 839 5680 σ.
878 5626 925 5691 1,
962 5618 1016 5677 n.
1049 5625 1103 5695 27.
1180 5618 1186 5621 ⁷
1327 5694 1332 5695 7
1499 5693 1512 5695 _

814 5644 839 5679 ι.
878 5626 925 5691 1,
962 5618 1016 5677 n.
1180 5618 1186 5621 ⁷
1327 5694 1332 5695 7
1499 5693 1512 5695 _
2119 5618 2466 5691 Ἐκκλησίας.

463 5625 554 5695 38)
589 5625 755 5694 Ibid.,
790 5642 839 5680 c.
878 5626 925 5691 1,
962 5641 1016 5677 ιι.
1049 5625 1103 5680 2.

437 5625 581 5769 (38³)
612 5695 830 5769 Bever.,
865 5695 1032 5767 ibid.,
1064 5694 1103 5751 l.
1136 5710 1198 5770 ιι,
1232 5710 1281 5750 c.
1314 5694 1368 5762 9,
1403 5711 1460 5749 n.
1489 5693 1524 5749 2
1552 5696 1610 5750 et
1638 5695 1689 5749 4.
