4184 6202
397 311 510 370 ευ

1635 313 1699 374 S.
1750 312 2123 376 GREGORII
2167 315 2561 377 THEOLOGI

3684 319 3802 377 412

395 443 514 499 imo
547 443 719 498 etiam
753 443 851 498 18
883 443 974 498 his
1004 446 1166 498 tanto
1197 443 1394 499 minus
1423 443 1480 499 id
1542 445 1834 513 conducit,
1885 447 2038 517 quod

2178 445 2274 522 περὶ
2337 446 2595 520 μειζόνων
2653 446 2835 508 αὐτοῖς
2869 447 2897 501 ὁ
2935 443 3198 507 κίνδυνος’
3260 448 3343 508 οἷς
3405 449 3558 522 μέγα,
3608 448 3705 502 κᾶν
3753 449 3798 504 ει

399 531 832 602 gravioribusin
858 532 1032 587 rebus
1057 531 1464 602 periclitantur
1487 550 1499 586 :
1520 533 1736 605 quibus
1759 551 2040 605 magnum

2184 535 2211 589 ὸ
2267 539 2482 608 πρῶτον
2524 538 2635 607 (70)
2684 539 2778 590 τοῦ
2835 534 3001 611 λόγου
3064 536 3140 607 μὴ
3201 536 3448 604 σώζοιεν,
3495 534 3558 590 τὸ
3630 535 3801 609 μηδὲν

402 619 545 675 illud
579 626 754 691 atque
779 619 1043 691 amplum
1070 624 1179 687 est,
1205 621 1252 676 si
1287 621 1482 677 minus
1515 623 1764 694 id,quod
1798 625 2042 680 rationis

403 710 659 779 primum
692 713 799 776 est,
833 714 1081 780 servent,
1115 709 1222 764 hoc
1252 716 1342 765 est
1372 716 1437 765 ut
1477 712 1621 766 nihil
1669 718 1908 783 peccent
1938 729 1952 781 ;
1987 717 2046 768 at

399 801 552 851 certe
583 796 661 859 id,
682 798 832 866 quod
861 798 1149 868 posterius
1172 805 1278 863 est,
1307 817 1435 855 cum
1464 806 1722 871 peccant,
1747 801 2044 857 emendari

395 892 570 956 atque
605 884 662 939 in
693 886 845 940 viam
873 887 1090 942 reduci.
1117 889 1277 951 Quod
1311 889 1584 960 quoniam
1609 889 1955 961 praclarum
1979 908 2045 946 ac

387 974 621 1045 justum
654 990 781 1030 esse
801 975 993 1030 visum
1020 981 1125 1046 est,
1153 993 1256 1047 par
1278 994 1406 1032 meo
1425 979 1898 1051 quidemjudicio
1923 996 2047 1034 ma-

393 1061 525 1118 lum
564 1067 672 1134 est,
692 1080 757 1118 ac
779 1080 1043 1135 peraque
1060 1065 1484 1136 inordinatum,
1503 1071 1559 1122 et
1580 1085 1783 1124 omnes
1802 1085 2048 1139 praesse

404 1157 582 1222 atque
610 1151 898 1223 imperare
957 1153 1119 1222 velle,
1154 1159 1211 1209 et
1271 1156 1560 1210 neminem
1623 1157 1678 1211 id
1733 1157 2045 1228 suscipere.

404 1245 550 1294 Nam
575 1243 846 1311 profecto,
864 1241 909 1294 si
935 1258 1138 1297 omnes
1159 1243 1286 1311 hoc,
1304 1244 1424 1299 sive
1445 1245 1835 1300 ministerium
1859 1246 2050 1301 dicere

409 1334 655 1400 oportet,
689 1329 809 1384 sive
841 1331 1152 1402 imperium
1186 1332 1506 1403 defugiant,
1527 1334 1780 1391 maxima
1800 1351 1867 1389 ex
1890 1339 2051 1406 parte

405 1417 774 1488 claudicabit,
800 1420 1038 1489 necjam
1065 1420 1561 1491 pulchritudinem
1586 1441 1753 1478 suam
1780 1425 2054 1479 retinebit

406 1507 716 1578 pulchrum
751 1507 894 1562 illud
928 1508 1191 1564 Ecclesia
1241 1511 1760 1583 complementum.
1807 1513 2051 1569 Ubinam

406 1603 671 1667 porro,et
688 1614 720 1651 a
741 1597 1098 1668 quibusnam
1122 1598 1275 1653 Deus
1298 1601 1562 1671 mysticis
1584 1600 1702 1656 illis
1725 1618 1788 1656 ac
1815 1618 2052 1656 sursum

404 1685 726 1741 ferentibus
757 1687 939 1741 sacris
968 1686 1272 1754 coleretur,
1303 1689 1519 1759 quibus
1544 1707 1647 1745 nec
1666 1692 1858 1761 majus
1888 1692 2055 1763 quid-

407 1791 604 1845 quam,
665 1791 769 1830 nec
830 1776 1204 1847 prastantius
1263 1779 1415 1848 apud
1476 1794 1581 1834 nos
1654 1784 1764 1847 est,
1823 1780 1869 1834 si
1949 1797 2055 1835 nec

2151 624 2493 700 ἁμαρτάνειν,
2527 622 2674 678 ἀλλὰ
2718 624 2780 678 τό
2829 645 2893 699 γε
2941 622 3188 697 δεύτερον
3244 622 3468 692 ἐκείνου,
3507 625 3572 678 τὸ
3625 625 3804 700 ἆμαρ-

2150 713 2405 774 τάνοντας
2457 712 2831 788 ἐπανάγεσθαι.
2879 710 3098 781 Ἐπειδὴ
3175 716 3336 768 τοῦτο
3406 713 3572 768 καλὸν
3633 713 3801 792 ἐφάνη

2153 801 2243 855 καὶ
2299 799 2672 871 δίκαιον,’ίσον
2734 801 2857 874 ἐμοὶ
2902 804 3012 875 (71)
3053 801 3215 855 κακὸν
3277 801 3366 856 καὶ
3415 802 3622 872 ὁμοίως
3674 804 3802 857 ἄτα-

2153 911 2302 962 κτον,
2334 893 2530 952 πάντας
2587 911 2646 946 τε
2705 892 2891 966 ἄρχειν
2954 888 3185 960 ἐθέλειν,
3243 889 3332 944 καὶ
3386 888 3590 961 μηδένα
3652 888 3807 966 δέχε-

2156 991 2277 1043 σθαι
2305 983 2438 1052 (72)’
2468 980 2564 1051 ὡς,
2598 977 2642 1034 ε’ί
2671 1002 2731 1055 γε
2769 980 2962 1040 πάντες
3012 978 3254 1056 φεύγοιεν
3305 978 3505 1048 ταύτην
3557 981 3656 1047 τὴν
3699 978 3805 1034 ε’ἰτε

2158 1065 2498 1143 λειτουργίαν
2542 1070 2653 1143 χρὴ
2709 1067 2910 1143 λέγειν,
2945 1066 3049 1122 ε’ίτε
3099 1068 3417 1142 ἠγεμονίαν,
3451 1066 3695 1142 χωλεύοι
3746 1067 3808 1122 ἂν

2156 1155 2235 1228 τῷ
2269 1157 2504 1232 μεγίστῳ
2540 1157 2709 1229 μέρει,
2736 1155 2824 1210 καὶ
2859 1153 2971 1210 οὐδ’
3003 1155 3061 1209 ἂν
3107 1154 3273 1209 καλὸν
3307 1154 3382 1209 ἔτι
3419 1154 3566 1227 μένοι
3597 1156 3658 1210 τὸ
3711 1177 3807 1210 κα-

2159 1245 2254 1302 λὸν
2286 1253 2384 1314 τῆς
2417 1243 2741 1314 Ἐκκλησίας
2774 1242 3060 1319 πλήρωμα
3089 1246 3220 1316 (73).
3255 1248 3366 1298 Ποῦ
3400 1241 3447 1297 δ’
3479 1245 3537 1298 ἂν
3587 1243 3660 1299 ἔτι
3694 1247 3806 1318 (74)

2158 1336 2247 1389 καὶ
2279 1335 2424 1410 παρά
2450 1334 2606 1389 τίνων
2641 1334 2993 1408 θρησκεύοιτο
3051 1336 3185 1404 ἡμῖν
3219 1334 3246 1387 ὁ
3275 1331 3403 1394 Θεὸς
3450 1334 3517 1386 τὰ
3579 1334 3810 1405 μυστικᾶ

2159 1424 2248 1477 καὶ
2303 1420 2409 1476 ἄνω
2469 1424 2718 1500 φέροντα,
2747 1423 2776 1476 ’ὀ
2808 1419 2874 1489 δὴ
2912 1421 3161 1496 μέγιστόν
3220 1420 3330 1475 ἐστι
3385 1425 3494 1474 τῶν
3526 1421 3811 1496 ἡμετέρων

2160 1513 2249 1566 καὶ
2278 1512 2630 1583 τιμιώτατον,
2664 1510 2762 1564 οὐκ
2806 1506 2960 1570 ὄντος
3015 1507 3301 1584 βασιλέως,
3336 1507 3460 1564 οὐδὲ
3509 1505 3662 1570 ὄντος
3713 1509 3809 1582 ἄρ-

2163 1621 2381 1676 χοντος,
2414 1598 2537 1654 οὐδὲ
2568 1598 2852 1675 ἱερατείας,
2882 1596 3011 1652 οὐδὲ
3052 1599 3255 1666 Θυσίας,
3291 1596 3405 1652 οὐδ’
3437 1597 3536 1652 ὅσα
3586 1599 3659 1660 ὡς
3716 1598 3814 1668 μὲ-

2162 1710 2318 1765 γιστα
2371 1687 2457 1742 ἐπὶ
2509 1687 2765 1763 μεγάλοις
2803 1692 2920 1749 τοῖς
2967 1687 3318 1760 πταίσμασιν,
3376 1689 3426 1741 οἱ
3477 1685 3646 1741 πάλαι
3697 1689 3813 1760 (75)

2165 1777 2404 1840 ἀπειθεῖς
2434 1776 2723 1852 κατεκρίθη
2734 1798 2826 1830 σαν
2856 1795 2868 1845 ;

409 1877 528 1930 rex,
560 1878 664 1916 nec
693 1863 998 1933 prafectus
1030 1868 1202 1930 esset,
1227 1880 1332 1919 nec
1365 1867 1779 1931 sacerdotium,
1814 1883 1916 1922 nec
1949 1866 2324 1932 sacrificium,
2357 1882 2462 1921 nec
2517 1864 2632 1920 alia
2687 1865 2903 1931 omnia,
2937 1863 3150 1934 quibus
3204 1863 3343 1919 olim
3403 1862 3808 1918 inobedientes

408 1949 676 2005 homines
706 1955 762 2006 et
791 1959 1160 2007 contumaces
1192 1953 1453 2024 ingentia
1483 1960 1717 2026 peccata
1749 1955 1978 2010 multati
2012 1955 2198 2010 sunt?

477 2039 542 2094 V.
578 2040 691 2095 Nec
721 2040 843 2095 velo
878 2041 1133 2096 alienum
1162 2059 1227 2097 ac
1253 2047 1667 2114 praposterum
1699 2050 1809 2111 est,
1834 2045 2048 2100 multos

2227 2047 2300 2097 E'.
2335 2041 2488 2098 'ADC
2519 2039 2642 2096 οὐδὲ
2673 2043 2817 2112 ξενον
2853 2063 2906 2096 τι
2957 2042 3045 2095 καὶ
3101 2040 3206 2094 ἀπὸ
3253 2038 3457 2115 τρόπου
3502 2043 3622 2101 τοῖς
3671 2038 3808 2093 πολ-

404 2145 472 2184 ex
500 2128 591 2195 iis,
626 2130 724 2200 qui
758 2130 1085 2185 divinarum
1118 2148 1313 2186 rerum
1345 2131 1541 2188 studio
1597 2132 1777 2188 dediti
1823 2138 1982 2203 sunt,
2016 2150 2046 2189 e

407 2218 775 2273 subditorum
795 2217 982 2274 classe
1014 2225 1189 2291 atque
1214 2221 1416 2276 ordine
1439 2223 1508 2276 ad
1532 2221 1844 2294 imperium
1870 2222 2054 2288 evehi,

405 2323 510 2363 nec
542 2307 612 2362 ab
647 2307 881 2363 usitatis
913 2307 1305 2381 philosophia
1367 2311 1594 2382 legibus
1643 2315 1957 2377 remotum,
1991 2328 2058 2367 ac

410 2413 544 2451 cum
574 2397 783 2468 probro
815 2401 872 2452 et
901 2397 1182 2453 dedecore
1213 2400 1591 2470 conjunctum
1620 2417 1632 2455 :
1671 2402 2056 2472 quemadmo-

412 2486 555 2540 dum
588 2501 691 2541 nec
721 2487 899 2557 probo
932 2491 1120 2541 nauta
1153 2493 1443 2559 proretam
1471 2505 1619 2554 esse,
1645 2506 1749 2544 nec
1792 2493 2054 2560 proreta,

415 2574 513 2644 qui
543 2579 746 2629 ventos
778 2578 928 2628 recte
957 2579 1013 2629 et
1042 2592 1174 2630 cum
1235 2575 1406 2631 laude
1454 2578 1794 2648 observarit,
1829 2578 2056 2634 clavum

417 2663 736 2732 regendum
769 2662 1083 2734 suscipere,
1119 2669 1240 2730 aut,
1275 2665 1324 2720 si
1356 2665 1534 2729 lubet,
1563 2666 1692 2720 forti
1725 2682 1792 2721 ac
1820 2672 2057 2722 strenuo

417 2750 589 2805 militi
617 2751 838 2807 cohorti
874 2769 1139 2824 praesse,
1173 2759 1230 2808 et
1250 2755 1322 2819 ei,
1356 2755 1454 2825 qui
1487 2755 1710 2809 cohorti
1743 2760 1891 2811 recte
1914 2773 2057 2826 pra-

417 2839 611 2905 fuerit,
645 2841 960 2895 exercitum
995 2842 1224 2907 ducere,
1252 2842 1550 2913 totiusque
1583 2843 1717 2898 belli
1767 2845 2057 2916 principa-

411 2932 539 2982 tum
573 2929 889 2999 suscipere.
923 2931 1030 2983 Sed
1069 2946 1256 3001 neque
1289 2932 1365 2999 id,
1396 2933 1547 3002 quod
1609 2931 1876 2987 homines
1930 2933 2059 3004 qui-

415 3017 549 3071 dam
582 3015 756 3088 plane
797 3018 1044 3088 improbi
1076 3023 1133 3074 et
1165 3019 1426 3084 absurdi,
1452 3021 1667 3091 quique
1697 3020 1943 3075 aliorum
1969 3037 2060 3077 res

417 3106 668 3177 propriis
701 3105 1006 3162 affectibus
1038 3109 1426 3178 perpendunt,
1455 3109 1789 3164 existimare
1815 3110 2061 3165 fortasse

421 3199 656 3266 queant,
689 3194 936 3264 hujusce
968 3195 1205 3251 honoris
1235 3197 1454 3268 gradus
1485 3198 1557 3252 ob
1584 3197 1806 3252 altioris
1836 3197 2060 3270 cupidi-

420 3305 620 3375 perata
650 3300 884 3375 faciant.
921 3301 1292 3358 Eliminanda
1349 3307 1438 3358 est
1493 3303 1771 3359 snarchia
1810 3321 1877 3360 ex
1907 3305 2068 3359 omni

421 3371 540 3448 vita
565 3371 859 3448 omnium,
894 3378 1018 3448 tum
1053 3375 1382 3448 hominum,
1430 3379 1554 3430 tum
1612 3377 1901 3448 pecudum
1942 3393 2069 3447 qua

420 3443 726 3516 hominum
762 3446 1360 3516 imperiosubjacent.

495 3516 606 3590 (70)
640 3515 735 3574 Οἷς
770 3513 1054 3590 μέγαηιᾶν
1090 3513 1229 3570 εἷ’τὸ
1263 3521 1503 3590 πρῶτον,
1537 3523 1648 3572 etc.
1685 3539 1711 3567 «
1771 3517 1916 3590 Nam
1965 3518 2074 3573 etsi

424 3587 646 3659 minus,
681 3587 1126 3658 quodprimum
1161 3592 1249 3642 est-
1281 3587 1546 3652 rationis,
1607 3589 1983 3659 servaverint,
2011 3594 2077 3643 ut

425 3657 574 3716 nihil
608 3659 844 3713 omnino
874 3657 1153 3730 peccent;
1191 3666 1249 3714 at
1279 3661 1350 3714 iis
1382 3664 1577 3714 tamen
1631 3665 1907 3731 praterea
1951 3657 2074 3716 ma-

427 3746 632 3803 gnum,
667 3731 817 3800 quod
853 3730 1055 3804 abillo
1091 3731 1421 3804 proximum
1482 3735 1592 3796 est,
1622 3730 1687 3786 ut
1744 3732 2077 3804 appec‘catis

430 3801 788 3874 revocentur.
829 3825 848 3848 ι
885 3801 1141 3858 Obscure
1173 3802 1308 3857 huic
1340 3804 1464 3874 loco
1494 3819 1696 3874 parum
1731 3801 1896 3858 affert
1928 3802 2077 3858 lucis

432 3872 1125 3999 ῗὶιξίδῐέεμηῐθτρτεῐαῑὶο.
1162 3873 1453 3929 Particula
1496 3871 1554 3926 ἐἷ
1615 3874 1707 3929 hic
1767 3875 2075 3944 redundat,

459 3962 518 3999 es
550 3962 578 3999 e
629 3979 650 3998 λ
677 3961 750 3998 1a.

433 3950 578 4000 teste
611 3944 750 3999 Elia.

435 4013 828 4141 ρίιῖηἘμοέ.
878 4017 1044 4072 Deest
1108 4015 1167 4070 in
1230 4016 1366 4089 Reg.
1429 4035 1477 4082 r,
1532 4017 1646 4072 Jes.
1708 4020 1765 4071 et
1821 4017 2078 4089 quinque

483 4101 514 4141 ο
586 4128 596 4138 .

483 4101 596 4141 OID.

509 4157 622 4226 (‘72)
657 4154 930 4242 aqua}
966 4157 1166 4242 Billius
1197 4157 1277 4211 ita
1308 4159 1621 4242 scripserat
1652 4160 1722 4242 ad
1752 4176 1913 4242 oram
1945 4159 2077 4242 Bas.

437 4230 561 4301 ed.,_
586 4224 685 4282 sed
718 4224 971 4301 ἄρχεσθαι
1005 4230 1297 4301 integrum
1327 4230 1386 4284 in
1419 4224 1575 4285 textu
1611 4230 1958 4301 reliquerat:
1995 4224 2080 4283 δέ·

437 4298 627 4424 vcem
661 4298 948 4370 optimum
980 4306 1088 4367 est,
1123 4298 1186 4354 ut
1217 4301 1300 4355 ait
1330 4298 1752 4356 Combelisiusi
1790 4304 1845 4356 in
1891 4303 2080 4357 tribus

488 4370 730 4424 aticanis
748 4370 1047 4424 codicibus
1062 4371 1311 4424 aliisaue
1339 4373 1711 4424 paucioribus
1735 4372 2080 4424 legitursed

488 4370 1047 4445 aticaniscodicibus
1062 4371 1231 4442 aliisq
1244 4389 1311 4445 ue
1337 4373 1711 4445 paucioribus
1735 4372 1913 4445 legitu
1924 4374 2080 4445 r,s_ed

438 4441 829 4518 et‘in_l_3asilio
862 4443 1092 4518 plenius
1111 4460 1140 4518 ⁸ε
1174 4440 1270 4498 Καὶ
1305 4440 1510 4514 μηδένα
1542 4440 1821 4518 δέχεσθαι*
1849 4440 2082 4518 τὴνάρ-

437 4512 564 4586 χήν.
600 4513 833 4587 Verum,
865 4512 933 4568 ut
964 4516 1068 4569 hoc
1103 4512 1407 4587 fateamur,
1436 4522 1585 4570 certe
1605 4512 1870 4587 plerique
1902 4512 2080 4570 manu

440 4585 654 4639 exarati
689 4586 934 4658 codices.
957 4586 1239 4658 Vaticani,
1262 4588 1309 4641 si
1333 4593 1448 4642 tres
1479 4585 1751 4658 excipias,
1779 4585 2083 4658 Regii‘fere

440 4672 663 4732 omnes,
699 4657 883 4722 Pass.,
918 4657 1086 4732 C_oisl.
1120 4660 1174 4720 2,
1208 4657 1301 4712 Or.
1356 4660 1406 4732 i_,
1453 4654 1890 4732 _etc.,'_h_ab_ent_
1922 4654 2083 4732 ἄρχε-

439 4728 578 4780 σθαι·
616 4745 741 4800 qua
771 4747 880 4784 vox
909 4729 955 4783 si
988 4728 1247 4792 tollatur,
1269 4730 1417 4800 perit
1448 4730 1506 4783 in
1543 4730 1729 4785 verbis
1759 4729 1925 4784 lusus
1948 4728 2082 4786 Gre-

438 4800 600 4873 goriio
633 4785 960 4856 familiaris.
995 4785 1438 4872 Praterea‘quid
1475 4800 1742 4873 prohibet
1769 4785 2084 4873 quominus
2117 4785 2162 4850 D

440 4871 623 4946 active
653 4880 942 4946 sumatur,
977 4877 1040 4926 ut
1067 4873 1218 4946 apud
1253 4871 1570 4946 Homerum
1592 4871 1759 4946 Iliad.
1788 4872 1913 4946 β,ν.
1942 4875 2084 4928 345ε

438 4942 650 5018 Ἀρχευ
673 4941 991 5018 -ᾏργεᾼίοισι,
1027 4965 1053 5018 (ξ
1088 4941 1312 5018 impera
1344 4944 1590 5017 Argivis.
1617 4965 1645 4994 »
1669 4944 1761 5000 Sic
1787 4941 2089 5001 evanescat

440 5015 724 5087 quidquid
758 5015 798 5070 α’
821 5015 1087 5072 Gabrielo
1121 5016 1410 5086 objicitur.

512 5084 632 5160 (73),
658 5084 965 5160 ῌλήρωμα.
1006 5111 1026 5136 ιι
1065 5084 1592 5160 Complementum,
1631 5109 1656 5135 ››
1687 5103 1796 5142 vox
1827 5087 1928 5143 illa
1949 5087 2090 5160 _du-

439 5155 558 5231 rior
583 5155 817 5231 videtur
845 5155 1227 5227 Combeflsio;
1247 5160 1345 5231 qui
1375 5159 1565 5229 vertit,
1601 5181 1627 5208 «
1662 5165 1864 5214 catus.
1893 5182 1920 5209 »
1948 5158 2088 5213 Mal-

439 5225 578 5293 lem,
610 5251 636 5276 ‹‹
673 5228 990 5298 plenitudo.
1024 5253 1050 5279 ››

513 5299 623 5366 (74)
659 5302 768 5373 [loti
801 5297 844 5352 δ’
872 5299 928 5353 ἃν
963 5297 1058 5355 ἔτι.
1106 5305 1508 5373 Οερνεινδωωί
1549 5301 1705 5355 hunc
1763 5301 1943 5356 fuisse
2001 5299 2086 5356 lo-

443 5385 573 5444 cum
607 5370 869 5444 queritur
888 5389 1070 5444 novus
1093 5370 1378 5444 interpres
1392 5372 1649 5428 Gallicus
1673 5373 1849 5443 hujus
1872 5373 2085 5428 oratio-

443 5440 561 5515 nis,
578 5447 634 5495 et
662 5442 809 5515 male
832 5443 1192 5515 intellectum
1220 5440 1408 5512 abiis,
1426 5445 1524 5514 qui
1550 5440 1865 5515 Gregorum
1884 5445 2002 5499 sive
2025 5444 2084 5498 in

445 5513 733 5578 Latinum,
751 5514 868 5568 sive
889 5515 945 5569 in
961 5513 1243 5567 Gallicum
1267 5513 1589 5570 sermonem
1612 5513 1831 5571 vertere
1844 5517 2084 5570 studue-

445 5591 598 5639 runt.
625 5584 804 5640 Vetus
833 5587 1118 5657 interpres
1137 5586 1391 5641 Gallicus
1411 5588 1606 5642 Graca
1629 5587 1778 5643 male
1794 5587 2086 5644 intellecta

445 5656 596 5715 male
623 5658 877 5714 reddidit
901 5674 914 5714 ε
941 5656 1184 5716 Latinus
1212 5674 1346 5714 vero
1377 5674 1493 5715 non
1510 5658 1653 5716 satis
1673 5659 1978 5732 perspicue
1997 5662 2087 5715 est

2157 2129 2278 2193 λοῖς
2307 2133 2374 2185 τὰ
2402 2133 2517 2185 θεῖα
2554 2129 2942 2208 φιλοσοφοῦσιν
2977 2132 3091 2203 (76)
3124 2128 3210 2183 ἐπὶ
3241 2130 3303 2184 τὸ
3353 2124 3540 2204 ἄρχειν
3586 2125 3811 2181 ἀναϐαί-

2165 2240 2271 2274 νειν
2320 2220 2425 2274 ἀπὸ
2473 2225 2570 2274 τοῦ
2620 2217 2900 2294 ἄρχεσθαι,
2933 2216 3056 2273 οὐδὲ
3105 2215 3205 2289 ἔξω
3251 2222 3356 2272 τῶν
3413 2218 3815 2289 νενομισμένων

2164 2313 2262 2378 τῆς
2294 2308 2616 2387 φιλοσοφίας
2651 2312 2761 2380 (77)
2793 2308 2957 2382 ὅρων,
2992 2307 3083 2362 καὶ
3111 2308 3269 2385 φέρον
3321 2305 3397 2368 εἷς
3440 2301 3667 2367 ὄνειδος
3719 2305 3822 2359 ὥσ-

2165 2416 2264 2470 περ
2313 2393 2438 2449 οὐδὲ
2484 2394 2645 2469 ναύτῃ
2687 2399 2792 2448 τῶν
2845 2392 3148 2466 εὐδοκίμων
3195 2395 3256 2448 τὸ
3295 2397 3693 2468 πρωρατεῦσαι,
3730 2390 3822 2445 καί

2165 2488 2375 2559 πρωρεῖ
2402 2484 2584 2544 καλῶς
2620 2482 2748 2544 τοὺς
2793 2482 3024 2555 ἀνέμους
3075 2484 3370 2557 τηρήσαντι
3420 2482 3481 2535 τὸ
3530 2483 3825 2548 πιστευθῆ-

2167 2595 2250 2628 ναι
2280 2572 2406 2634 τοὺς
2439 2569 2645 2634 ο“ίακας⁶
2684 2572 2728 2626 εἰ
2780 2569 2835 2626 δὲ
2884 2571 3094 2647 βούλει,
3127 2571 3428 2644 στρατιώτῃ
3475 2569 3707 2644 γενναίῳ
3753 2571 3818 2624 τὸ

2165 2665 2546 2737 ταξιαρχῆσαι,
2577 2661 2666 2714 καὶ
2721 2661 2988 2735 ταξιάρχῃ
3047 2664 3200 2730 καλῷ
3248 2657 3310 2714 τὰ
3361 2658 3728 2733 στρατηγῆσαί
3760 2678 3825 2712 τε

2167 2752 2256 2806 καὶ
2313 2748 2564 2821 πολέμου
2622 2750 2821 2810 παντὸς
2879 2747 3179 2822 ἡγεμονίαν
3258 2748 3682 2822 ἐγχειρισθῆναι.
3743 2745 3822 2803 Οὐ

2173 2841 2278 2914 μὴν
2314 2836 2446 2906 οὐδ’,
2479 2837 2610 2913 ὅπερ
2643 2836 2701 2892 ἂν
2737 2833 3003 2892 ὑπολάϐοι
3033 2859 3114 2899 τις
3143 2834 3279 2898 *ίσως
3311 2841 3416 2890 τῶν
3473 2838 3644 2890 πάντα
3695 2834 3822 2888 ἀτό-

2168 2951 2284 2984 πων
2317 2927 2405 2982 καὶ
2440 2930 2764 3002 μοχθηρῶν,
2789 2926 2840 2979 οἳ
2871 2925 3113 3001 κρίνουσι
3141 2925 3208 2980 τὰ
3234 2929 3340 2979 τῶν
3375 2922 3561 2979 ἄλλων
3589 2929 3706 2984 τοῖς
3738 2921 3827 2976 οἷ-

2168 3017 2334 3078 κείοις
2364 3015 2604 3083 πάθεσιν,
2638 3013 2918 3090 ᾐσχύνθην
2950 3019 3046 3069 τοῦ
3107 3015 3317 3087 βαθμοῦ
3356 3014 3456 3081 την
3505 3011 3650 3082 τάξιν
3703 3011 3824 3066 ἐπι-

2172 3106 2341 3179 θυμίᾳ
2367 3112 2466 3174 τῆς
2503 3104 2753 3176 μείζονος
2789 3107 2922 3176 (78)’
2958 3103 3066 3178 οὐχ
3096 3102 3266 3163 οὕτως
3298 3101 3404 3177 ἐγὼ
3455 3101 3488 3170 ἢ
3538 3105 3636 3155 τοῦ
3681 3100 3828 3154 θείου

2181 3196 2462 3270 μεγέθους,
2513 3194 2548 3262 ἢ
2595 3195 2697 3261 τῆς
2757 3192 3102 3268 ἀνθρωπίνης
3149 3193 3526 3251 ταπεινώσεως
3577 3187 3834 3265 ἄπειρος,

2179 3303 2613 3372 interpretatus.
2640 3302 2693 3355 ls
2711 3318 2780 3356 au
2790 3305 2903 3354 tem
2929 3305 3016 3355 est
3030 3300 3287 3371 Gregorii
3309 3315 3519 3354 sensus
3533 3298 3623 3372 :_Si
3642 3299 3830 3372 desint

2181 3369 2450 3443 ministri,
2481 3389 2645 3428 sacra
2673 3377 2836 3442 atque
2867 3376 3101 3442 augusta
3124 3369 3409 3442 mysteria,
3440 3369 3832 3443 quibus_nihz’l

2101 3417 2144 3484 Ο
2614 3417 3279 3515 ξῶνηῖρῖέῖςξαηιῧω,
3294 3417 3614 3497 ἱηιένῖὺιιηι.
3639 3440 3834 3515 Sicque

2183 3520 2459 3585 continget
2489 3520 2567 3582 ut,
2598 3532 2721 3570 cum
2750 3512 2920 3570 simus
2949 3516 3149 3584 absque
3179 3529 3319 3584 rege,
3344 3515 3543 3584 absque
3583 3512 3831 3567 sacerdo-

2183 3591 2279 3657 tio,
2303 3589 2494 3642 iisdem
2527 3588 2880 3642 involvamur
2895 3587 3084 3653 malis,
3109 3586 3304 3657 quibus
3324 3585 3454 3640 olim
3480 3591 3822 3640 contumaces

2184 3660 2362 3715 Judaei
2391 3660 2452 3714 ob
2485 3659 2732 3729 ingentia
2761 3659 2970 3713 scelera
3010 3657 3246 3729 multati;
3291 3664 3439 3720 sunt,
3464 3657 3632 3729 juxta
3690 3659 3829 3729 Osee

2182 3726 2644 3804 prophetiqvm'n},
2678 3731 2707 3782 4
2735 3745 2746 3782 :
2782 3751 2810 3778 «
2841 3729 2976 3804 Sine
3009 3743 3162 3800 rege,
3203 3727 3330 3783 sine
3384 3726 3667 3799 principe,
3702 3726 3830 3780 sine

2187 3800 2532 3868 sacerdotio,
2565 3801 2689 3854 sine
2722 3800 3027 3856 sacrificio.
3064 3821 3092 3848 ››

2278 3873 2370 3943 75)
2401 3872 2462 3925 Οἱ
2487 3865 2684 3943 πάλαι.
2714 3873 2799 3943 Ita
2833 3872 3033 3943 Regii;
3069 3870 3129 3924 in
3160 3869 3296 3924 edit.
3333 3865 3612 3943 o'i,_male.

2278 3875 2349 3927 75
2401 3873 2462 3925 Οἱ
2493 3873 2684 3926 πάλαι.
2717 3873 2799 3926 Ita
2833 3873 2992 3943 Regii
3021 3889 3033 3936 ;
3069 3873 3129 3924 in
3160 3873 3296 3924 edit.
3333 3873 3406 3937 οτι,
3444 3873 3612 3923 male.

2278 3873 2644 4019 76)]1ολλοῖς
2672 3941 2735 3994 τὰ
2767 3947 2882 4005 θεῖα
2940 3941 3177 4019 φιλοσοφ
3193 3943 3359 3993 οὖσιν.
3414 3941 3541 3995 Sav.
3601 3943 3708 3992 τῶν
3766 3936 3833 3990 τὰ

2188 4011 2304 4090 θεῖα
2328 4011 2794 4090 φιλοσοφούντων.

2259 4079 2373 4160 (77')
2402 4083 2759 4160 Φιλοσοφίας.
2793 4085 2934 4160 Ncc_
2966 4100 3000 4137 a
3057 4082 3393 4160 constitutis
3444 4079 3836 4160 philosophia

2191 4152 2429 4214 ﬁnibus.
2464 4152 2771 4212 Externam
2803 4156 3223 4226 profanamque
3264 4152 3704 4226 philosOphiam
3747 4152 3836 4226 in-

2189 4230 2463 4301 telligunt
2489 4228 2642 4283 Elias
2673 4223 3029 4301 etBasilius.
3055 4223 3482 4301 An:non’_potius
3504 4240 3630 4279 eam
3659 4223 3839 4295 signi-

2191 4296 2791 4371 ﬁcat'Gregorius,_de
2823 4315 2939 4371 qua
2970 4313 3101 4371 mox
3131 4296 3392 4371 loquitur
3416 4296 3692 4371 adversus
3720 4311 3839 4371 mo-

2193 4365 2509 4427 nachorum
2545 4365 2809 4436 amulos,
2836 4365 2935 4441 qui
2979 4369 3171 4422 forsan
3208 4365 3340 4441 jam
3390 4371 3516 4421 tum
3566 4365 3837 4441 Christia-

2193 4461 2327 4498 nam
2363 4442 2816 4514 philosophiam,
2842 4437 2943 4496 seu
2978 4437 3399 4514 professionem
3451 4437 3836 4493 monasticam

2193 4510 2521 4571 sacerdotio
2554 4510 2877 4584 repugnare
2908 4510 3337 4584 causarentur?

2263 4589 2378 4659 (78)
2411 4578 2828 4659 Ἐπιθυμίᾳντοῦ
2890 4580 3154 4659 μείζονος.
3192 4581 3422 4659 Nempe
3469 4579 3701 4652 βαθμοῦ.
3757 4578 3841 4659 Ita

2193 4652 2402 4712 natura
2424 4652 2742 4728 comparati
2767 4652 2904 4710 sunt
2928 4652 3527 4728 homi_nes,utcreder_e
3550 4657 3840 4728 nequeant

2191 4745 2544 4800 quemquam
2558 4721 2815 4800 honores
2837 4725 3244 4800 ac‘dignitates
3261 4740 3392 4778 vere
3413 4729 3468 4776 et
3489 4721 3840 4800 humilitatis

2194 4793 2371 4856 causa
2387 4793 2648 4870 rejicere,
2669 4799 2768 4853 sed
2793 4793 3389 4870 statim—suspicentur
3408 4793 3833 4870 eumsimulate

2197 4873 2253 4927 id
2280 4865 2486 4927 facere.
2513 4865 2710 4940 Itaque
2738 4886 2869 4923 cum
2897 4865 3210 4940 Gregorius
3234 4871 3464 4922 creatus
3482 4865 3688 4940 fuisset
3715 4880 3842 4935 pre-

2198 4884 2253 4927 ια
2280 4884 2486 4927 facere.
2513 4884 2710 4940 itaque
2738 4886 2869 4923 cum
2897 4884 3007 4924 ure
3051 4884 3210 4922 onus
3234 4884 3464 4922 creatus
3482 4884 3688 4919 ιυιειεει
3715 4884 3842 4935 pre-

2198 4945 2412 5017 sbyter.
2446 4948 2620 5017 atque
2649 4940 2988 5017 inPontum
3010 4884 3295 5017 ῗοεξεεοι,
3319 4935 3585 5017 nonnulli
3709 4951 3842 5017 eum

2197 5016 2251 5095 pi
2263 5007 2847 5095 nguioris‘dignitatis
2861 5007 3177 5095 cupiditate
3194 5009 3398 5065 fecisse
3412 5007 3845 5095 suspicati-suint

2197 5083 2379 5152 Qua'm
2413 5083 2806 5152 suspicionem
2839 5084 2926 5136 vir
2983 5086 3223 5137 sanctus
3277 5097 3312 5136 a
3368 5095 3431 5135 se
3461 5084 3737 5152 removet.
3777 5083 3834 5132 ln

2196 5151 2704 5240 eamdexnaliquot
2725 5159 2855 5227 post
2869 5170 3051 5240 annos
3064 5151 3634 5240 surpicionem'venit
3648 5155 3842 5222 Augu-

2196 5231 2406 5285 stinus.
2440 5221 2687 5295 Possid.,
2719 5221 2843 5298 cap.
2877 5223 3093 5298 4.Nam
3126 5221 3257 5278 cum
3281 5221 3696 5298 eumValAerius
3721 5221 3843 5298 pre-

2195 5302 2492 5372 sbyterum
2521 5293 2990 5372 creasset-idque
3007 5297 3133 5367 ipse
3156 5293 3500 5372 permoleste
3522 5293 3841 5372 ferret,’at-

2196 5365 2307 5444 que
2336 5373 2561 5444 etiam_c
2582 5365 3326 5444 ubertim_ﬂ'eret,nonnulli
3348 5365 3639 5444 lacrymas
3663 5387 3688 5413 ››
3711 5365 3837 5444 ejus

2195 5438 2467 5499 exinanis
2480 5442 2679 5514 gloria
2691 5441 3014 5519 cupiditate
3028 5454 3373 5519 promanare
3388 5438 3839 5519 suspicabantur

2195 5521 2249 5570 et
2265 5506 2542 5585 tanquarn
2567 5531 2698 5569 eum
2723 5506 3175 5585 consolabantur
3196 5526 3261 5585 ac
3286 5506 3580 5585 dicebant,
3602 5507 3738 5580 quia
3761 5506 3836 5561 lo-

2193 5603 2298 5644 cus
2328 5581 2692 5670 presbyterii,
2727 5584 2859 5640 licet
2888 5584 3013 5667 ipse
3046 5581 3253 5670 majori
3284 5581 3848 5670 dignusiesset‘,‘_ap:.

2194 5651 2614 5733 propinquaret
2642 5651 2839 5715 tamen
2869 5651 3252 5728 episcopatui,
3275 5651 3411 5710 cuin
3433 5656 3638 5710 contra
3667 5651 3837 5722 longe
