4184 6202
434 318 557 380 413

1561 320 1855 385 ORATIO
1898 322 1976 384 II.
2009 352 2089 367 —
2113 319 2680 384 APOLOGETICA.

3722 320 3842 379 4H

435 449 513 511 ὡς
547 450 623 522 μὴ
662 449 805 526 μέγα
837 450 1079 523 νομίζειν
1124 451 1267 526 πάσῃ
1311 455 1512 529 γενητῇ
1560 451 1734 531 φύσει,
1767 453 1857 508 καὶ
1906 454 2071 509 ὁπωσ-

2200 458 2378 512 tatem
2408 456 2512 511 14
2544 471 2635 510 me
2691 454 2917 527 puduit.
2974 454 3097 510 Non
3151 452 3307 509 enim
3363 454 3445 509 ita
3489 452 3576 509 vel
3634 452 3845 510 divina)

433 542 531 592 οὖν
564 542 679 613 (79)
708 538 1032 610 πλησιάζειν
1064 545 1179 612 Θεῷ
1205 541 1285 612 τῷ
1320 542 1471 614 μόνῳ
1502 544 1785 620 φανοτάτῳ
1821 544 1910 598 καὶ
1943 542 2084 616 λαμ-

428 628 713 701 προτάτῳ,
762 628 850 682 καὶ
902 628 1220 704 ὑπερέχοντι
1270 631 1448 701 πάσης
1500 630 1695 702 ὑλικῆς
1741 653 1801 687 τε
1851 634 1964 707 (80)
1995 630 2083 686 καὶ

428 714 532 770 ἀΰλ
542 738 604 770 ου
632 716 845 791 φύσεως
874 718 1223 793 καθαρότητι.

2196 543 2598 613 sublimitatis,
2632 542 2718 599 vel
2751 543 3023 599 humanae
3052 542 3392 615 pusillitatis
3421 542 3661 614 ignarus
3683 558 3841 610 sum,

2196 632 2336 705 quin
2363 649 2643 704 magnum
2666 649 2793 687 esse
2814 632 3140 687 existimem
3163 632 3323 686 omni
3345 637 3659 702 procreata;
3680 636 3848 687 natu-

2194 738 2291 788 re,
2326 722 2397 776 ad
2428 721 2631 786 Deum,
2666 721 2765 792 qui
2799 720 2960 776 solus
2978 719 3342 775 clarissimus
3365 725 3421 775 et
3444 720 3848 792 splendidissi:

427 822 567 861 mus
596 811 708 869 est.
744 813 1135 880 naturamque
1163 826 1419 878 omnem,
1452 814 1578 867 tum
1611 812 1852 868 materia
1893 814 2279 875 constantem,
2317 815 2444 866 tum
2475 828 2509 865 a
2539 810 2783 866 materia
2812 814 3113 877 secretam,
3146 810 3397 881 puritate
3440 813 3699 881 superat,
3758 789 3847 863 vel

426 912 669 967 quoquo
699 897 872 952 modo
900 898 1390 970 appropinquare.

498 983 565 1045 ς’,
600 981 672 1039 Τί
702 980 793 1036 οὗν
845 981 985 1037 ἔστιν
1035 984 1065 1039 ὃ
1113 984 1353 1040 πέπονθα
1384 1004 1399 1054 ;
1430 987 1520 1041 καὶ
1566 986 1649 1048 τίς
1697 988 1725 1041 ὁ
1775 985 1939 1063 λόγος
1980 994 2080 1055 τῆς

424 1070 568 1143 ἐμῆς
628 1070 953 1141 ἀπειθείαςς
1000 1070 1139 1130 Ούδὶ
1186 1074 1290 1148 γὰρ
1349 1072 1504 1145 ἔδοξα
1558 1081 1677 1137 τοῖς
1733 1075 1971 1138 πολλοῖς
2028 1075 2079 1130 ἐν

421 1156 651 1230 ἐμαυτῷ
677 1159 800 1215 τότε
833 1161 1029 1233 μένειν,
1062 1159 1176 1216 οὐδ’
1206 1163 1338 1217 εἶναι
1396 1163 1577 1239 ὥσπερ
1628 1166 1739 1236 (81)
1790 1164 2079 1239 ἑγινωσκό-

422 1269 561 1319 μην,
593 1247 725 1303 ἀλλ’
764 1246 949 1325 ἕτερος
994 1250 1046 1321 ἐξ
1096 1251 1280 1326 ἑτερου
1326 1273 1408 1315 τις
1450 1252 1746 1328 γεγονέναι,
1791 1254 1879 1308 καὶ
1911 1252 2076 1309 πλέον

415 1338 453 1405 ἢ
510 1336 702 1399 καλῶς
762 1338 905 1414 εἶχεν
960 1339 1271 1395 ἀντιτείνειν
1330 1342 1419 1395 καὶ
1471 1339 1882 1411 αύθαδιάζεσθαι
1942 1343 2075 1415 (82).

413 1424 629 1481 Τούτου
664 1424 729 1496 δὴ
762 1428 857 1489 τὰς
889 1426 1063 1490 αἰτίας
1095 1428 1335 1483 ἀκούοιτ’
1368 1429 1427 1484 ἂν
1469 1427 1579 1501 ἤδη
1631 1430 1803 1486 πάλαι
1854 1432 2080 1485 ποθοῦν-

412 1535 530 1575 τες.
566 1512 823 1571 Μάλιστα
858 1516 951 1589 μὲν
982 1522 1063 1588 τῷ
1094 1515 1349 1590 ἀδοκήτῳ
1381 1516 1633 1594 πληγεὶς,
1668 1519 1848 1595 ὥσπερ
1880 1520 1932 1574 οἱ
1962 1526 2079 1583 τοῖς

417 1601 720 1680 αἷφνιδίοις
790 1610 897 1659 τῶν
952 1605 1141 1683 ψόφων
1193 1606 1643 1682 καταπλαγέντες,
1701 1608 1763 1663 ού
1810 1607 2073 1684 κατέσχον

412 1692 546 1753 τοὺς
574 1690 899 1767 λογισμούς’
941 1694 1029 1749 καὶ
1062 1691 1151 1748 διὰ
1198 1700 1356 1750 τοῦτο
1404 1692 1571 1750 ’ἑλυσα
1620 1704 1719 1766 τὴν
1771 1694 1908 1751 αἰδῶ
1939 1701 2072 1771 (83),

415 1782 594 1835 πάντα
649 1783 741 1836 τὸν
796 1782 997 1857 χρόνον
1045 1782 1212 1857 ταύτῃ
1259 1782 1683 1856 συνειθισμένος.
1735 1785 1957 1840 Ἐπειτά
2008 1787 2074 1859 μὲ

412 1890 504 1930 τις
556 1849 989 1947 ὑπεισῄειψέρως
1039 1874 1093 1945 (8
1133 1878 1152 1941 )
1189 1849 1296 1926 ’τοῦ
1342 1849 1516 1927 καλού
1562 1880 1663 1942 τῆς
1712 1873 1947 1950 ἡσυχίας
1988 1849 2078 1929 καὶ
2109 1849 2157 1914 Β

412 1965 521 2027 τῆς
562 1958 989 2034 ἀναχωρήσεως·
1040 1963 1107 2029 ἧς
1155 1960 1384 2035 ἐραστὴς
1434 1961 1723 2036 γενόμενος
1773 1961 1823 2033 ἐξ
1872 1963 2075 2039 ἀρχῆς,

416 2047 496 2108 ὡς
527 2047 630 2101 οὐκ
656 2045 758 2102 οἷδ’
788 2046 841 2103 εἶ’
861 2069 945 2110 τις
976 2047 1147 2111 ἄλλος
1194 2054 1301 2104 τῶν
1351 2050 1474 2126 περὶ
1516 2048 1716 2126 λόγους
1890 2052 2078 2107 ἱσπου-

416 2133 666 2190 δακότων
698 2139 831 2210 (86),
880 2137 969 2191 καὶ
1018 2139 1085 2208 ἦν
1133 2136 1184 2192 ἐν
1211 2144 1329 2201 τοῖς
1364 2138 1636 2215 μεγίστοις
1684 2142 1774 2194 καὶ
1814 2140 2073 2215 χαλεπω-

412 2226 608 2287 τάτοις
635 2222 906 2288 κινδύνοις
950 2226 1436 2303 καθυποσχόμενος
1481 2233 1561 2300 τῷ
1591 2234 1725 2300 Θεῷ,
1759 2232 1847 2284 καί
1876 2251 1930 2284 τι

410 2313 509 2366 καὶ
556 2316 977 2389 προσαψάμενος
1024 2315 1250 2386 ταύτης,
1303 2314 1426 2371 ὅσον
1480 2316 1531 2370 ἰν
1582 2317 1875 2393 προθύροις
1924 2318 2072 2395 γενέ-

413 2403 591 2473 σθαι,
651 2402 740 2456 καὶ
797 2400 1024 2457 πλείονά
1103 2424 1194 2475 μοι
1252 2403 1345 2458 τὸν
1421 2404 1587 2459 πόθον
1646 2405 1932 2483 ὲξαφθῆναι
1986 2403 2075 2461 διὰ

410 2497 520 2558 τῆς
569 2490 779 2566 πείρας,
832 2491 931 2546 ούκ
973 2489 1173 2568 ἤνεγκα
1223 2492 1656 2569 τυραννούμενος
1710 2494 1799 2549 καὶ
1847 2495 1922 2557 εἲς
1977 2494 2071 2568 μί-

414 2600 545 2641 σους
573 2579 704 2641 τοὺς
732 2575 998 2652 θορύϐους
1026 2580 1359 2655 ὠθούμενος,
1389 2583 1478 2637 καὶ
1530 2584 1643 2638 οἷον
1675 2584 1780 2638 ἀπὸ
1820 2585 1966 2658 ἱεροῦ
1997 2605 2074 2639 τι-

410 2690 512 2730 νος
574 2666 779 2723 ἀσύλου
834 2673 930 2724 τοίι⁹
994 2670 1115 2745 βίου
1170 2670 1368 2727 τούτου
1424 2673 1561 2747 πρὸς
1625 2671 1742 2747 βίαν
1803 2674 2075 2727 ἀποσπώ-

420 2755 605 2829 μένος.

490 2936 561 2989 Ζ’.
597 2932 764 2992 Οὐδὲν
793 2937 897 3011 γὰρ
930 2933 1102 2992 ἐδόκει
1150 2957 1244 3011 μοι
1290 2937 1538 2993 τοιοῦτον
1567 2941 1681 2994 οἷον
1718 2939 1954 3013 μύσαντα
1980 2940 2073 3003 τὰς

414 3023 722 3095 αἰσθήσεις,
756 3023 856 3095 ἔξω
888 3026 1085 3101 σαρκὸς
1133 3025 1223 3080 καὶ
1252 3026 1463 3100 κόσμου
1512 3028 1797 3104 γενόμενον
1829 3031 1963 3103 (88),
1995 3028 2071 3093 εἰς

414 3112 607 3167 ἑαυτὸν
640 3113 1024 3191 συστραφέντα,
1070 3112 1303 3188 μηδενὸς
1349 3120 1457 3171 τῶν
1500 3116 1850 3192 ἀνθρωπίνων
1901 3138 2070 3194 προσ-

2262 988 2533 1053 VLQuid
2578 987 2757 1059 igitur
2812 986 2956 1042 illud
3015 990 3122 1052 est,
3183 986 3337 1057 quod
3390 984 3534 1040 mihi
3585 984 3839 1040 accidit?

2192 1076 2867 1148 quaqueinobedientiaa
2910 1091 3048 1129 meae
3101 1090 3277 1129 causa
3326 1072 3479 1129 fuit?
3530 1072 3837 1129 Permultis

2192 1166 2348 1220 enim
2380 1170 2518 1220 tunc
2550 1183 2583 1221 a
2616 1182 2705 1220 me
2737 1180 2970 1237 quoque
3000 1164 3125 1234 ipso
3156 1163 3474 1219 descivisse
3504 1163 3662 1218 visus
3679 1178 3833 1231 sum,

2191 1270 2297 1309 nec
2317 1253 2398 1319 id,
2431 1254 2583 1325 quod
2618 1253 3015 1321 existimabar,
3049 1267 3198 1315 esse,
3251 1267 3450 1306 verum
3497 1267 3563 1306 ex
3616 1250 3727 1305 alio
3776 1250 3835 1304 in

2190 1342 2371 1399 alium
2403 1341 2736 1414 quempiam
2770 1342 3077 1412 migrasse,
3110 1356 3176 1395 ac
3198 1338 3331 1411 plus
3356 1355 3520 1411 aequo
3541 1338 3833 1405 reluctari,

2188 1432 2483 1503 nimisque
2512 1432 2857 1503 pertinacem
2892 1445 2983 1484 me
3005 1430 3281 1501 praebere.
3308 1428 3497 1500 Hujus
3517 1427 3716 1498 itaque
3754 1428 3836 1482 rei

2188 1538 2417 1589 causas,
2442 1520 2795 1592 jampridem
2823 1519 2988 1574 avide
3019 1518 3324 1588 expetitas,
3356 1516 3618 1588 accipite.
3653 1516 3837 1571 Maxi-

2189 1626 2281 1665 me
2314 1611 2550 1681 quidem
2583 1608 2879 1679 inopinato
2911 1608 2988 1662 rei
3015 1611 3219 1663 eventu
3254 1605 3579 1677 perculsus,
3630 1620 3835 1676 quem-

2188 1702 2503 1757 admodum
2534 1700 2631 1772 qui
2666 1701 2735 1754 ad
2771 1699 3104 1771 repentinos
3135 1696 3363 1753 sonitus
3396 1701 3554 1751 metu
3614 1695 3835 1766 percel-

2186 1790 2407 1861 luntur,
2440 1790 2723 1845 rationem
2756 1793 2953 1843 tenere
2996 1803 3111 1842 non
3167 1786 3363 1858 potui:
3429 1801 3495 1840 ac
3533 1789 3837 1855 propterea

2186 1880 2490 1951 pudorem,
2525 1878 2617 1933 cui
2648 1894 2750 1949 per
2773 1893 2945 1932 omne
2974 1877 3101 1931 vita
3157 1879 3391 1945 tempus
3437 1889 3833 1943 assueveram,

2186 1967 2326 2023 solvi
2367 1984 2432 2022 ac
2480 1966 2730 2039 propuli.
2795 1965 3015 2021 Deinde
3072 1962 3333 2018 animum
3383 1961 3617 2018 subibat
3670 1979 3837 2017 amor

2185 2055 2427 2127 quidam
2460 2054 2619 2110 illius
2650 2053 2807 2120 boni,
2840 2053 2994 2124 quod
3052 2051 3112 2106 in
3160 2052 3352 2123 quiete
3398 2067 3464 2106 a0
3520 2049 3835 2106 solitudine

2184 2145 2372 2200 inest:
2406 2160 2584 2215 quam
2614 2158 2748 2198 cum
2785 2142 2905 2213 jam
2962 2141 3097 2196 inde
3130 2141 3201 2196 ab
3226 2140 3391 2195 initio
3439 2140 3831 2208 adamassem,

2184 2232 2339 2287 sicut
2368 2231 2459 2286 vix
2484 2231 2778 2303 quispiam
2802 2230 2955 2286 alius
2984 2244 3209 2300 eorum,
3233 2228 3331 2299 qui
3362 2227 3570 2283 litteris
3595 2243 3832 2297 operam

2184 2321 2491 2386 dederunt,
2521 2334 2761 2390 eamque
2791 2319 2851 2373 in
2877 2320 3150 2373 maximis
3179 2316 3661 2389 gravissimisque
3682 2314 3833 2386 peri-

2183 2408 2330 2464 culis
2363 2414 2474 2464 Deo
2505 2409 2813 2475 vovissem,
2846 2408 2963 2463 imo
2986 2408 3112 2479 jam
3152 2422 3279 2462 eam
3305 2421 3537 2478 quoque
3567 2402 3833 2459 nonnihil

2183 2498 2530 2569 attigissem,
2571 2497 2855 2553 hactenus
2906 2495 3147 2566 scilicet,
3205 2498 3270 2550 ut
3325 2493 3480 2550 velut
3522 2492 3580 2548 in
3632 2492 3835 2548 limine

2181 2603 2395 2657 essem,
2424 2595 2595 2657 atque
2625 2603 2693 2642 ex
2719 2586 2848 2657 ipso
2878 2590 3054 2658 gustu
3088 2585 3308 2655 majore
3340 2582 3629 2639 desiderio
3668 2598 3831 2639 exan-

2182 2676 2414 2746 sissem,
2444 2692 2558 2731 non
2581 2675 2690 2731 tuli
2718 2692 2810 2730 me
2830 2675 2987 2729 velut
3016 2673 3324 2747 tyrannide
3346 2672 3597 2744 quadam
3623 2672 3828 2743 premi,

2183 2771 2357 2837 atque
2378 2764 2438 2819 in
2467 2764 2691 2819 medios
2722 2763 3019 2819 tumultus
3047 2760 3292 2833 impelli,
3326 2762 3397 2816 ab
3432 2761 3654 2831 hacque
3690 2760 3827 2828 vita,

2180 2853 2420 2924 perinde
2450 2856 2619 2923 atque
2650 2852 2722 2907 ab
2754 2850 2912 2924 asylo
2943 2852 3195 2923 quodam
3228 2864 3331 2922 per
3347 2849 3463 2903 vim
3495 2848 3683 2904 avelli.

2253 2943 2375 2997 νυ.
2402 2940 2555 2996 Nihil
2574 2941 2730 2996 enim
2754 2939 2899 2995 mihi
2915 2944 3033 2995 tam
3050 2939 3376 3011 optandum
3401 2936 3669 3007 cuiquam
3701 2954 3830 2994 esse

2179 3030 2501 3097 videbatur,
2535 3046 2712 3102 quam
2744 3033 2809 3084 ut
2836 3027 3087 3085 occlusis
3116 3028 3408 3095 sensibus,
3440 3032 3615 3101 atque
3671 3031 3831 3082 extra

2180 3136 2415 3176 carnem
2449 3118 2852 3189 mundumque
2883 3117 3129 3190 positus,
3161 3120 3219 3174 et
3247 3117 3305 3172 in
3345 3116 3605 3187 seipsum
3656 3115 3827 3173 colle-

414 3200 749 3273 απτόμενον,
783 3201 865 3256 ὅτι
900 3203 976 3275 μή
1006 3208 1151 3258 πᾶσα
1200 3204 1426 3280 ἀνάγκη,
1475 3206 1647 3278 ἑαυτῷ
1695 3206 2067 3279 προσλαλοῦν-

2190 3214 2334 3274 ctus,
2356 3225 2482 3275 nec,
2498 3208 2609 3263 nisi
2634 3211 2918 3279 quantum
2940 3206 3259 3263 necessitas
3280 3206 3473 3276 exigit,
3502 3204 3826 3277 quidquam

413 3311 483 3345 τα
513 3292 604 3345 καί
634 3295 713 3363 τῷ
743 3296 882 3363 Θεῷ,
933 3296 1028 3366 ζῇν
1082 3293 1215 3369 ὑπὲρ
1260 3294 1327 3348 τὰ
1355 3295 1623 3369 ὁρώμενα,
1657 3296 1747 3350 καὶ
1789 3298 1884 3357 τὰς
1923 3296 2070 3360 θείας

416 3378 681 3455 ἐμφάσεις
728 3379 809 3434 ἀεὶ
858 3381 1094 3458 καθαρὰς
1145 3382 1197 3437 ὲν
1249 3381 1422 3455 ἑαυτῷ
1469 3383 1645 3460 φέρειν
1704 3384 1920 3461 ἀμιγεῖς
1964 3389 2072 3440 τῶν

413 3467 565 3523 κάτω
614 3470 983 3544 χαρακτήρων
1027 3470 1118 3525 καὶ
1164 3470 1561 3546 πλανωμένων,
1593 3467 1760 3537 ὄντως
1809 3472 2067 3549 ἔσοπτρον

409 3554 763 3628 ἆκηλίδωτον
794 3562 928 3614 Θεοῦ
980 3559 1068 3615 καὶ
1114 3564 1223 3615 τῶν
1271 3560 1430 3616 θείων
1482 3561 1570 3617 καὶ
1618 3560 1677 3617 ὃν
1727 3565 1839 3637 (89)
1869 3562 1956 3618 καὶ
1986 3563 2069 3619 ἀεὶ

487 3684 531 3719 ³³
568 3685 589 3739 Ι
620 3682 752 3739 Cor.
784 3700 895 3753 xlv,
926 3685 1017 3740 28.

415 3806 532 3863 alia
562 3807 843 3886 decauea
872 3809 1053 3886 fieret.
1092 3808 1644 3886 Hinc__August_inus,
1676 3828 1766 3886 ep.
1820 3813 1893 3868 al.
1943 3814 2068 3886 448,

415 3829 532 3863 ana
562 3829 633 3863 ue
664 3829 843 3863 causa
872 3829 1053 3865 uerat.
1092 3829 1233 3864 ωηο
1264 3829 1644 3883 Λυεαεῑιηιιε,
1676 3829 1705 3868 e
1754 3854 1766 3867 .
1820 3829 1893 3868 al.
1943 3829 2068 3886 148,

414 3894 575 3934 nunc
598 3879 744 3953 21._«
778 3880 974 3936 Multis
991 3882 1382 3953 sermonibus,
1405 3883 1503 3953 qui
1530 3885 1598 3938 ad
1633 3829 1848 3940 vui’nus
1872 3902 2070 3942 meum

417 3967 536 4005 non
561 3950 935 4021 pertinerent,
969 3951 1225 4008 dolorem
1260 3950 1457 4008 meum
1482 3955 1631 4010 bono
1653 3956 1848 4010 animo
1872 3973 2071 4013 conso-

415 4021 525 4077 lati
556 4026 717 4077 sunt.
740 4043 770 4071 »
800 4024 1004 4100 Oner_is
1038 4023 1304 4100 videlicet
1335 4026 1799 4100 magnitudinem
1820 4028 1903 4082 vir
1921 4029 2068 4100 opti-

415 4042 525 4077 iau
556 4042 717 4077 sunt.
740 4043 770 4071 »
800 4042 1004 4079 uneris
1038 4042 1304 4080 vmeucet
1335 4042 1799 4151 magnitudinem
1820 4044 1903 4082 v1r
1921 4042 2068 4100 opti-

414 4110 919 4177 musnac‘summa
948 4094 1425 4177 hemilitate‘prm
1474 4098 1593 4177 itus
1618 4099 2068 4177 extimescebat;

413 4164 597 4291 laJt'gllti’
626 4168 704 4289 utt
713 4165 1049 4221 ambitionis
1069 4169 1269 4223 morbo
1292 4164 1582 4224 laboranti
1605 4170 1956 4226 medicinam
1975 4164 2071 4227 ad;

463 4254 478 4290 1
527 4252 557 4291 e
601 4252 673 4291 an
710 4279 722 4290 .

463 4252 722 4291 ιοοοαοῑ.

449 4307 605 4393 ν(Ἰρ)
650 4306 959 4389 ιᾯπωσοῦν
1048 4307 1259 4380 Scripti
1344 4309 1572 4366 codices
1665 4309 1836 4384 vulgo
1920 4310 2071 4374 ὅπως

415 4378 511 4430 οὖν
545 4378 805 4433 divisim.

516 4450 606 4524 80)
634 4447 869 4524 ῘΤλικῆς
890 4470 949 4524 τε
980 4450 1067 4524 I_ta
1098 4450 1236 4524 Reg.
1272 4466 1405 4507 cum
1441 4452 1699 4524 quinque
1724 4452 1883 4509 Colb.

512 4518 603 4593 81)
632 4520 827 4596 Ὠσπερ
858 4522 1029 4577 Cois].
1071 4526 1118 4588 ι,
1150 4518 1303 4597 ὅπερ.
1352 4518 1472 4579 δῆθ’
1502 4518 1663 4580 Coll).
1711 4526 1765 4579 5.
1811 4524 1927 4582 J68.
1978 4521 2069 4580 ὅσ-

415 4610 541 4663 περ.
693 4660 704 4663 Α
790 4658 807 4663 Α
864 4658 871 4663 _
980 4662 985 4663 ν
1246 4662 1253 4663 7
1309 4636 1319 4645 .

511 4666 605 4730 82)
636 4658 1074 4732 Αύθαδιάζεσθαι.
1109 4662 1261 4719 Coisl
1317 4667 1343 4720 1
1377 4669 1433 4720 et
1460 4668 1513 4732 2,
1548 4665 1706 4722 Colb.
1731 4667 1783 4721 3.

510 4734 600 4807 83)
635 4730 781 4787 Δῗδῶ
811 4734 1048 4807 codices
1082 4735 1345 4791 nonnulli
1380 4736 1462 4791 sic
1494 4730 1733 4807 acuunt,
1765 4733 1903 4791 αῐδώ

490 4806 603 4875 (84)
633 4807 813 4882 Ἔρως
844 4806 939 4882 S_ic
971 4806 1278 4882 legendum
1307 4824 1374 4862 ex
1406 4807 1536 4863 aliis
1568 4806 1846 4882 GregOriir
1878 4808 2069 4865 verbis

418 4876 615 4931 forsan
640 4876 773 4953 quis
792 4876 1160 4933 inferat.M0x
1181 4894 1455 4953 namque,
1481 4882 1649 4952 quasi
1672 4876 1913 4953 repetita
1930 4896 2067 4953 voce

415 4963 548 5025 qua_
568 4965 711 5025 usus
744 4948 1519 5025 fuerat,_numerg_proxime
1548 4948 1815 5025 sequenti
1848 4953 1927 5007 ait
1957 4970 1969 5008 :
2005 4948 2074 5006 El’

412 5017 496 5077 τις
528 5018 678 5093 epam
706 5019 883 5093 τούτῳ
912 5022 995 5093 τῷ,
1020 5017 1861 5093 Epwth'erumtamen'omnes
1887 5040 2067 5093 manu

412 5088 641 5168 exarati
668 5088 918 5168 qodices,
950 5088 997 5146 si
1032 5088 1422 5168 paucissimos
1450 5096 1725 5168 excipias,
1778 5112 1881 5168 pro
1931 5088 2068 5166 ἔρως

410 5150 863 5245 habentgleoc.
894 5136 1549 5245 ipserlj‘iliusagnoecit,
1577 5136 2067 5245 atii-intinarg'ine

411 5232 509 5315 ed:
542 5229 717 5315 Basil.
752 5229 1024 5315 scripsit:
1057 5229 1210 5315 ἔλεος
1243 5229 1615 5315 ῥιναηίἰᾳαῖεξ
1646 5243 1704 5293 et
1732 5238 1884 5293 infra
1911 5229 2066 5315 ἕλεος

409 5301 713 5381 τοῦ-καλοῖ)
740 5306 829 5381 καί
849 5301 947 5381 τῇς
978 5304 1213 5381 ἡσυχίας
1334 5301 1501 5381 roges
1530 5301 1645 5381 quo
1703 5326 1877 5365 sensa
1921 5310 2064 5366 Gre-

412 5376 617 5446 gorius
645 5378 859 5447 dixerit
881 5374 1060 5437 ἵλεος.
1088 5374 1160 5433 'e'o
1191 5374 1434 5447 scilicet:
1468 5374 1639 5447 quem
1674 5381 1922 5437 Basilius
1968 5397 2066 5437 ex-

455 5448 619 5529 onit:
642 5446 792 5529 Τίνος
825 5446 978 5529 ἔλεός
1010 5446 1533 5529 ξἘμαυτοῐξλφησῖ,
1568 5448 1907 5529 οἵου-καλοῦ,
1966 5458 2064 5529 τῆς

455 5464 619 5503 onlt:
651 5464 792 5509 ιἰνος
825 5464 978 5508 εΛεος
1010 5464 1025 5514 ;
1060 5464 1346 5519 ⁷ιῐμιιυτου,
1380 5464 1533 5529 φησι,
1568 5464 1685 5506 οιου
1714 5464 1907 5522 καλου,
1966 5464 2064 5520 τῆς

322 5528 337 5545 "
412 5464 985 5604 gauxlac‘dvgxfnpeiv
1012 5515 1268 5604 ἔμελλον.
1290 5523 1364 5604 .Id
1391 5529 1515 5604 est:
1544 5547 1570 5574 ι(
1602 5525 2064 5604 Ωιῃιιειιαωιπιί-

411 5592 729 5673 serieordia
744 5592 771 5633 9
784 5592 891 5649 Hei
914 5592 1660 5673 ipsius,_inquiunt,quantg
1672 5592 2062 5673 bono,quiete.

411 5665 707 5722 cariturus
728 5680 919 5723 essem
948 5665 1277 5723 attendens.
1304 5687 1333 5716 »
1383 5665 1477 5724 Sic
1510 5667 1783 5739 Basilius,
1816 5665 1916 5741 qui
1949 5685 2063 5724 non

2180 3297 2572 3352 humanarum
2604 3311 2795 3350 rerum
2820 3295 3135 3367 attingens,
3168 3298 3342 3367 atque
3369 3310 3566 3349 secum
3598 3293 3743 3365 ipse,
3772 3296 3829 3347 et

2180 3402 2315 3440 cum
2346 3385 2460 3441 Deo
2484 3383 2824 3456 colloquens
2852 3385 2919 3451 εί,
2953 3383 3310 3455 superiorem
3344 3384 3416 3439 iis
3462 3386 3658 3447 rebus,
3702 3397 3825 3452 quae

2180 3473 2238 3529 in
2264 3477 2563 3545 aspectum
2586 3473 2824 3541 cadunt,
2846 3472 3025 3529 vitam
3049 3475 3201 3543 agat,
3226 3471 3573 3543 divinaeque
3605 3471 3827 3543 species

2180 3578 2357 3635 puras
2380 3576 2632 3634 semper,
2657 3577 2760 3617 nec
2783 3561 3031 3617 terrenis
3049 3559 3186 3616 ullis
3200 3564 3256 3615 et
3274 3560 3609 3616 errantibus
3627 3558 3836 3614 formis

2180 3827 2348 3868 secus
2379 3828 2445 3867 ac
2471 3811 2739 3877 Rutinus,
2780 3808 2880 3884 τήν
2934 3806 3309 3884 όιναχώρησιν,
3347 3830 3367 3854 ι
3405 3804 3836 3884 a‘bonouquie-

2180 3886 2277 3951 tis,
2308 3906 2336 3932 »
2364 3900 2466 3938 seu
2501 3900 2534 3938 a
2565 3880 2887 3936 monastica
2914 3877 3418 3951 vita"recessum,_
3442 3877 3829 3951 impedimen-

2180 3941 2305 4009 tum
2333 3954 2559 4009 videtur
2588 3951 2978 4023 interpretari.
3000 3950 3276 4023 Eamdem
3299 3948 3456 4004 vocis
3476 3941 3628 4004 ἔλέος
3655 3947 3831 4023 inter-

2181 4018 3255 4097 pretationemsuppéditatﬁregorius
3288 4024 3587 4097 Eyssenus
3608 4018 3831 4097 epieco-

2181 4088 2290 4168 pus
2316 4101 2463 4168 orat:
2485 4098 2520 4149 5
2544 4096 2629 4168 De
2663 4088 2882 4149 ’δὲαιὶιά
2913 4088 3104 4168 Ἔλεός
3133 4090 3273 4168 ἔστιν
3303 4088 3543 4168 ἐπίτασις
3572 4088 3671 4155 τῆς
3702 4088 3835 4163 ἀγα-

2178 4159 2411 4233 ¹ῖιιητικῆς
2443 4162 2731 4224 διαθέσεως
2759 4168 2838 4235 τῷ
2867 4163 3002 4217 κατὰ
3043 4163 3142 4230 τὴν
3193 4159 3371 4232 λύπην
3424 4162 3581 4226 πάθει
3624 4159 3837 4235 συμμε-

2184 4236 2465 4319 μιγμὲνηχ
2486 4261 2511 4291 ι
2542 4237 2937 4319 Misericordia
2966 4242 3055 4291 est
3084 4236 3326 4292 intentio
3358 4239 3414 4289 et
3471 4234 3835 4290 vehementia

2184 4310 2503 4365 affectionis
2547 4307 2850 4365 diligendi.
2920 4324 3053 4362 cum
3113 4307 3319 4362 affectu
3373 4306 3618 4361 tristitia:
3676 4322 3835 4361 com-

2181 4324 2503 4366 an'ecuonis
2547 4324 2850 4379 alligenul,
2920 4324 3053 4362 cum
3113 4324 3319 4362 auectu
3373 4324 3618 4361 tristitiae
3676 4324 3833 4361 com-

2183 4383 2375 4439 mista.
2400 4380 2622 4460 {Talis
2646 4378 2901 4451 profecto
2928 4384 3052 4460 erat
3083 4383 3211 4460 tum
3235 4379 3498 4460 .atl‘ectus
3552 4378 3833 4460 fl‘bcologi

2181 4470 2317 4525 ergo
2350 4449 2747 4525 solitudinem,
2783 4467 2962 4525 aqua
2990 4449 3249 4506 abstrahi
3290 4466 3352 4506 se
3384 4467 3485 4525 per
3511 4449 3627 4525 vim
3658 4455 3832 4525 atque

2181 4522 2346 4581 avélli
2373 4522 2784 4579 miserabiliter
2808 4522 3059 4578 dolebat.
3101 4526 3278 4577 Porro
3318 4545 3346 4572 ‹‹
3373 4522 3830 4577 misericordiam

2103 4581 2150 4647 Ι)
2181 4596 2242 4651 in
2273 4613 2336 4652 se
2365 4597 2559 4667 ipsum
2591 4593 2886 4667 quisque»
2914 4593 3104 4667 facere
3134 4598 3347 4667 potest,
3381 4597 3446 4648 ut
3491 4592 3826 4667 Augustini,

2182 4668 2284 4724 lib.
2308 4686 2344 4723 x
2364 4660 2436 4723 De
2457 4670 2560 4722 civ.
2575 4707 2588 4732 ,
2608 4660 2794 4737 cap-6
2816 4665 3004 4720 verbis
3029 4660 3341 4736 utar,quod
3356 4660 3611 4737 sanctus
3627 4660 3829 4737 doctor

2179 4740 2273 4795 his
2301 4740 2610 4811 Scriptura;
2649 4736 2839 4811 verbis
2870 4737 3216 4811 confirmat;
3250 4758 3280 4785 «
3317 4736 3583 4792 Miserere
3616 4736 3825 4791 animm

2180 4817 2295 4867 tum
2329 4808 2697 4881 placensDeo
2737 4808 2927 4881 (chli.
2963 4808 3293 4881 xxx,g24),_))

2249 4876 2361 4955 (85)
2389 4879 2528 4941 Τοὺς
2560 4876 2782 4955 λόγους.
2819 4879 3067 4934 Litteras
3102 4876 3360 4955 intellige
3390 4877 3745 4955 saecul_ares,_
3761 4880 3833 4955 Aet

2178 4948 2595 5025 eloquentiam,
2632 4948 2774 5025 utin
2806 4955 2953 5005 orat.
2985 4968 3084 5016 vu,
3121 4948 3194 5004 al.
3230 4965 3281 5017 x,
3310 4948 3479 5004 num.
3518 4951 3582 5004 16
3619 4954 3677 5004 et
3717 4950 3825 5015 20;

2177 5021 2315 5080 item
2351 5030 2494 5080 orat.
2531 5040 2685 5087 me,
2720 5021 2774 5075 al
2828 5038 2919 5075 xx.

2248 5096 2359 5167 (86)
2418 5090 2883 5167 Ἐσπουὸακότων.
2932 5096 3097 5147 Deest
3142 5090 3210 5167 in
3270 5096 3491 5164 septem
3542 5091 3719 5164 Regg.
3770 5092 3828 5147 et

2177 5163 2436 5239 quinque
2466 5165 2649 5239 Colb.,
2681 5165 2821 5239 item
2850 5163 2910 5218 in
2950 5167 3098 5239 orati.
3132 5164 3182 5218 1.

2246 5226 2357 5310 (87)
2387 5235 2485 5292 Καί
2514 5256 2585 5292 τι.
2618 5226 2705 5293 Ita
2760 5236 2897 5308 Reg.
2956 5252 3005 5305 r,
3063 5238 3177 5291 Jes.
3240 5238 3295 5291 et
3356 5233 3528 5290 Pass:
3590 5234 3680 5291 ed.
3738 5226 3829 5285 καί

2175 5329 2358 5462 T0288)
2389 5379 2518 5462 1Ῠοθὲ
2541 5375 2849 5462 γενόμενον.
2884 5376 3100 5462 Eubuli
3122 5375 3417 5462 editi‘xle,‘
3429 5393 3603 5449 quam
3655 5392 3828 5431 vocu-

2247 5382 2358 5507 (883
2389 5382 2518 5462 Posi
2541 5382 2849 5453 γενόμενον,
2884 5382 3100 5460 habent
3122 5382 3259 5433 editi
3284 5382 3393 5443 καί,
3429 5394 3556 5449 quai

2176 5451 2291 5509 lam
2366 5452 2649 5521 elevunus
2682 5454 3023 5505 auctoritate
3048 5466 3147 5505 sex
3178 5450 3346 5521 codd.
3380 5449 3556 5521 Regg.

2249 5525 2359 5595 (89)
2396 5522 2491 5576 Καὶ
2523 5516 2603 5595 6v.
2638 5527 2720 5578 lta
2737 5538 2941 5577 omnes
2966 5522 3148 5595 Regii.
3171 5520 3351 5595 φα),
3375 5516 3531 5586 ὃθεῖξ
3552 5518 3709 5595 Celb.
3734 5531 3824 5595 se:

2176 5586 2354 5668 ptem;
2381 5596 2565 5651 Bilius
2590 5594 2646 5649 in
2674 5598 2961 5668 oralierv,
2995 5586 3233 5665 sc'ripsit
3272 5586 3418 5659 ὄντα,
3453 5593 3605 5662 quod
3641 5586 3824 5641 secuti

2176 5665 2312 5724 sunt
2342 5667 2698 5724 Parisienses
2729 5665 3001 5722 editores.
