4184 6202
316 298 433 358 415

1556 295 1622 356 S.
1669 296 2042 359 GREGORII
2087 299 2480 361 THEOLOGI

3602 301 3724 363 “6

318 427 619 497 admistas,
653 428 710 483 in
742 427 934 499 seipso
964 426 1351 495 circumferat,
1383 426 1601 498 Deique
1651 443 1716 482 ac
1766 444 1959 483 rerum

2089 427 2376 503 γινόμενον,
2426 430 2564 507 φωτὶ
2613 425 3108 506 προσλαμϐάνοντα
3159 435 3297 508 φῶς,
3346 431 3434 486 καὶ
3484 433 3725 506 ἀμαυρο-

320 516 646 572 divinarum
679 516 774 573 15
828 532 1038 587 purum
1096 517 1332 572 omnino
1390 515 1694 589 speculum
1755 516 1851 580 sit,
1904 517 1963 572 in

318 607 561 678 diesque
599 606 903 675 efficiatur,
946 623 1013 662 ac
1070 605 1257 662 lucem
1316 624 1417 680 per
1462 605 1651 663 lucem
1697 607 1961 678 excipiat,

317 695 619 751 clariorem
678 711 779 766 per
831 696 1265 751 obscuriorem:
1310 698 1551 767 jamque
1622 695 1803 751 futuri
1860 695 1964 749 aevi

316 784 534 839 bonum
559 800 659 855 spe
692 786 991 856 percipiat,
1022 790 1079 840 et
1108 802 1241 840 cum
1301 785 1526 857 angelis
1570 789 1854 848 versetur,
1900 801 1966 838 ac

315 871 449 927 licet
479 872 671 926 adhuc
706 873 763 927 in
795 873 965 929 terris
998 875 1095 941 sit,
1155 879 1370 928 terram
1422 874 1675 945 deserat,
1731 877 1903 944 atque
1935 889 1968 926 a

318 960 525 1032 spiritu
560 978 797 1017 sursum
858 961 1191 1017 collocetur.
1239 962 1297 1018 Si
1356 962 1488 1033 quis
1546 966 1804 1017 vestrum
1858 960 1967 1016 hoc

320 1063 516 1103 amore
546 1052 845 1117 correptus
893 1053 1139 1115 tenetur,
1202 1048 1342 1119 quid
1402 1049 1615 1118 dicam,
1672 1048 1963 1119 intelligit,

319 1138 495 1205 atque
524 1132 753 1188 atlectui
785 1134 857 1199 ei,
890 1136 948 1188 in
982 1152 1157 1206 quem
1187 1140 1313 1191 tum
1345 1136 1542 1207 incidi,
1594 1136 1761 1192 facile
1810 1136 1968 1208 igno-

322 1226 463 1277 scet.
492 1226 637 1276 Nam
660 1224 812 1294 apud
833 1223 1139 1295 plerosque
1164 1242 1233 1279 ne
1254 1226 1425 1280 ﬁdem
1442 1225 1675 1297 quidem
1700 1226 1963 1294 fortasse,

323 1310 442 1365 hac
470 1311 692 1380 dicens,
726 1312 1046 1379 nanciscar,
1079 1312 1179 1383 qui
1212 1312 1353 1368 risui
1386 1316 1562 1369 etiam
1609 1318 1667 1369 et
1715 1313 1965 1368 ludibrio

317 1415 438 1453 rem
469 1414 597 1453 eam
629 1398 842 1454 habere
873 1400 1158 1467 videntur,
1191 1402 1342 1458 male
1397 1403 1596 1474 utique
1653 1420 1720 1458 ac
1780 1403 1967 1474 perni-

318 1487 471 1542 ciose
500 1486 724 1555 affecti;
757 1487 875 1543 sive
906 1490 1153 1561 proprias
1184 1505 1385 1545 eorum
1417 1492 1683 1546 amentiae
1701 1491 1964 1546 tribuen-

317 1576 457 1629 dum
488 1574 581 1641 sit,
615 1577 734 1632 sive
763 1577 835 1633 iis
865 1578 1298 1645 ascribendum,
1337 1580 1437 1651 qui
1470 1596 1536 1636 eo
1569 1580 1697 1635 vita
1733 1596 1962 1651 genere,

317 1664 471 1735 quod
498 1664 863 1736 proﬁtentur,
898 1666 1123 1739 indigni
1164 1673 1340 1724 sunt:
1392 1668 1492 1739 qui
1552 1669 1634 1724 rei
1685 1669 1850 1724 bonas
1899 1686 1965 1725 ac

314 1754 602 1826 praeclaras
632 1756 854 1813 malum
878 1774 1087 1814 nomen
1122 1759 1550 1830 imposuerunt,
1582 1759 1966 1832 philosophias

2072 518 2214 591 τέρῳ
2245 517 2585 594 τρανότερον,
2618 516 2727 589 ἤδη
2757 519 2819 573 τὸ
2840 524 2939 573 τοῦ
2975 517 3279 591 μέλλοντος
3302 518 3492 582 αἰῶνος
3516 522 3717 595 ἀγαθὸν

2072 612 2191 668 ταῖς
2224 605 2405 661 ἐλπίσι
2583 607 2983 683 καρπούμενον,
3016 608 3102 662 καὶ
3150 606 3575 683 συμπεριπολεῖν
3623 611 3717 686 ἆγ-

2072 694 2276 771 γὲλοις,
2310 694 2386 749 ἔτι
2422 696 2553 771 ὑπὲρ
2594 702 2695 770 γῆς
2746 691 2873 750 ὄντα
2921 694 3284 751 καταλιπόντα
3331 699 3442 770 (91)
3468 698 3566 765 τήν
3597 701 3717 773 γῆν,

2074 784 2163 839 καὶ
2224 784 2325 839 ὑπὸ
2397 788 2494 838 τοῦ
2574 783 2882 857 πνεύματος
2956 783 3065 839 ἅνω
3138 784 3464 857 τιθέμενον.
3524 784 3594 840 Ei’
3642 809 3727 848 τις

2078 872 2229 945 ὑμῶν
2280 875 2392 945 (92)
2429 872 2609 945 τούτῳ
2656 877 2735 944 τῷ
2785 870 2946 948 ἔρωτι
2996 875 3250 949 κάτοχος,
3303 871 3448 928 οἶδεν
3491 876 3521 929 ὃ
3551 873 3724 950 λόγω,

2075 960 2163 1015 καὶ
2213 966 2292 1032 τῷ
2321 960 2443 1015 τότε
2489 962 2643 1016 πάθει
2705 963 3088 1037 συγγνώσεται·
3149 961 3276 1024 τοὺς
3329 963 3432 1037 γὰρ
3479 962 3727 1025 πολλούς

2076 1047 2191 1103 οὐδ’
2219 1048 2278 1103 ἂν
2310 1050 2555 1121 πείσαιμι
2590 1050 2760 1125 λέγων
2817 1048 2967 1120 ξ’σως,
3000 1050 3147 1112 ὅσοις
3197 1052 3285 1105 καὶ
3337 1051 3388 1105 ἐν
3433 1050 3635 1126 γέλωτι
3662 1055 3725 1107 τὸ

2075 1144 2298 1213 πρᾶγμα
2328 1135 2481 1192 δοκεῖ
2531 1140 2664 1212 (93),
2711 1144 2892 1200 κακῶς
2946 1137 3263 1193 διατεθεῖσιν
3314 1137 3418 1195 εἶίτε
3471 1142 3573 1195 ὑπὸ
3621 1148 3724 1209 τῆς

2076 1224 2217 1287 ἰδίας
2250 1229 2359 1298 (94)
2408 1228 2582 1281 αὐτῶν
2630 1226 2833 1295 ἀνοίας,
2890 1225 2997 1281 εἶτε
3050 1228 3151 1281 ὑπὸ
3200 1233 3304 1282 τῶν
3352 1228 3579 1301 ἀναξίων
3626 1235 3723 1283 τοῦ

2076 1312 2487 1388 ἐπαγγέλματος
2559 1315 2611 1368 οἳ
2658 1317 2934 1390 πράγματι
2986 1316 3139 1387 καλῷ
3190 1318 3302 1388 (95)
3348 1317 3511 1370 κακὸν
3568 1339 3720 1393 περι-

2073 1402 2364 1456 τεθείκασιν
2397 1399 2588 1475 ἴίνομα,
2638 1406 2706 1476 τῇ
2752 1400 3049 1480 φιλοσοφίᾳ
3092 1404 3191 1471 τὴν
3235 1401 3561 1473 κενοδοξίαν,
3595 1424 3725 1458 συν-

2076 1491 2231 1566 εργὸν
2263 1485 2522 1552 λαϐόντες
2572 1492 2662 1545 τὸν
2714 1490 2909 1567 φθόνον
2958 1490 3048 1545 καὶ
3075 1493 3175 1560 τὴν
3224 1496 3332 1546 τῶν
3372 1490 3597 1546 πολλῶν
3625 1514 3721 1546 κα-

2072 1580 2190 1634 κίαν
2238 1578 2373 1653 πρὸς
2415 1580 2476 1634 τὸ
2526 1584 2713 1655 ’χεῖρον
2765 1576 2923 1634 οὖσαν
2977 1580 3346 1655 ἑτοιμοτέραν·
3375 1579 3447 1633 τίν’
3485 1578 3538 1635 ἓν
3584 1580 3726 1656 γὲτι

2073 1670 2291 1730 πάντως
2341 1667 2526 1730 αὐτοῖς
2578 1667 2947 1743 ἁμαρτάνηται
2994 1672 3128 1742 (96),
3173 1670 3208 1739 ἢ
3252 1670 3315 1724 τὸ
3365 1670 3525 1725 κακὸν
3574 1668 3719 1745 ἐνερ-

2072 1757 2360 1834 γούμενον,
2397 1759 2431 1827 ἣ
2462 1758 2525 1811 τὸ
2555 1756 2720 1813 καλὸν
2755 1757 3169 1830 ἀπιστούμενον.

314 1846 593 1902 nimirum
624 1848 1021 1916 cenodoxiam,
1054 1848 1163 1904 hoc
1195 1854 1285 1904 est
1315 1850 1550 1903 inanem
1608 1849 1875 1921 gloriam,
1942 1848 2307 1920 opitulatrice
2352 1851 2658 1919 assumpta
2711 1847 2946 1913 invidia,
3001 1848 3276 1919 vulgique
3330 1849 3720 1918 improbitate,

314 1951 545 2007 semper
574 1936 631 1990 in
664 1937 831 2007 pejus
861 1936 1221 2007 procliviore,
1246 1942 1310 1992 ut
1338 1937 1409 1991 de
1437 1937 1668 1992 duobus
1701 1938 1952 2009 peccatis
1982 1938 2042 1993 in
2073 1937 2421 1993 alterutrum
2455 1935 2693 1991 omnino
2725 1936 3007 2001 incidant,
3059 1941 3125 1991 ut
3181 1936 3266 1991 vel
3317 1936 3536 1991 malum
3584 1953 3721 2008 per-

325 2028 575 2094 petrent,
619 2024 703 2081 vel
736 2026 887 2081 bono
920 2025 1093 2080 ﬁdem
1119 2026 1418 2098 abrogent.

382 2111 525 2168 VIII.
557 2113 640 2167 Ad
673 2112 814 2181 haec,
847 2116 1034 2169 totum
1065 2115 1221 2169 enim
1253 2114 1432 2170 animi
1464 2130 1745 2170 arcanum
1805 2115 1958 2187 apud

2141 2114 2219 2170 H'.
2252 2113 2395 2187 Πρὸς
2430 2110 2487 2168 δὶ
2517 2112 2730 2175 τούτοις
2766 2118 2997 2188 πρᾶγμα
3039 2109 3261 2183 ἔπαθον,
3299 2110 3593 2183 ὲκλαλήσω
3623 2112 3729 2187 γὰρ

310 2216 413 2255 vos
444 2201 700 2267 efferam,
736 2201 878 2257 mihi
911 2218 1000 2258 res
1033 2203 1265 2267 accidit,
1299 2204 1538 2273 rustico,
1586 2221 1659 2258 an
1710 2204 1963 2276 ingenuo

309 2288 432 2345 viro
464 2290 641 2362 digna
670 2290 827 2346 haud
860 2291 1001 2359 scio,
1036 2292 1137 2347 sed
1187 2292 1399 2348 accidit
1428 2298 1642 2349 tamen.
1701 2293 1965 2349 Aliorum

312 2394 406 2434 me
436 2379 666 2450 puduit,
699 2380 801 2451 qui
828 2396 963 2435 cum
996 2380 1290 2452 plerisque
1314 2381 1495 2437 nihilo
1526 2381 1797 2438 meliores
1825 2382 1965 2449 sint,

313 2472 489 2537 atque
520 2467 744 2523 utinam
778 2482 893 2523 non
924 2468 1100 2524 etiam
1134 2468 1318 2524 multo
1351 2471 1597 2540 pejores,
1649 2470 1848 2537 illotis,
1904 2476 1968 2525 ut

315 2554 428 2608 dici
460 2555 625 2622 solet,
660 2557 933 2613 manibus
965 2558 1343 2629 profanisque
1372 2559 1586 2613 animis
1619 2559 1677 2613 in
1722 2558 1968 2614 sanctis-

315 2643 467 2698 sima
496 2645 774 2716 mysteria
804 2662 930 2701 sese
960 2646 1239 2713 inferunt,
1292 2664 1358 2701 ac
1407 2647 1751 2718 priusquam
1805 2646 1967 2719 digni

317 2733 455 2797 sint,
489 2732 585 2803 qui
619 2732 689 2787 ad
725 2750 815 2789 res
849 2751 1050 2790 sacras
1083 2737 1378 2803 accedant,
1421 2736 1743 2790 sacrarium
1774 2736 1970 2807 ipsum

317 2819 605 2884 ambiunt,
634 2825 691 2875 et
721 2822 939 2876 circum
970 2829 1402 2879 sacrosanctam
1440 2840 1697 2878 mensam
1732 2840 1860 2878 sese
1883 2826 1970 2878 in-

315 2909 500 2963 vicem
521 2915 793 2978 premunt
811 2927 876 2964 ac
892 2912 1264 2981 protrudunt,
1294 2918 1571 2983 tanquam
1602 2929 1716 2967 non
1741 2913 1971 2967 virtutis

316 2995 670 3068 exemplum,
702 2999 802 3053 sed
830 2999 1016 3055 victus
1041 3001 1282 3071 parandi
1311 3001 1676 3056 occasionem
1700 3006 1757 3056 et
1776 3002 1971 3057 subsi-

320 3085 483 3140 dium
515 3086 670 3142 hunc
699 3088 962 3143 ordinem
996 3106 1125 3144 esse
1148 3090 1507 3160 judicantes,
1530 3106 1597 3145 ac
1618 3108 1731 3145 non
1757 3107 1974 3145 munus

318 3175 637 3230 referendis
668 3176 994 3232 rationibus
1024 3179 1365 3248 obnoxium,
1399 3180 1500 3234 sed
1533 3180 1847 3250 imperium
1901 3182 1974 3234 ab

319 3263 480 3318 omni
500 3279 749 3320 censura
777 3264 1061 3321 immune.
1096 3267 1203 3332 Qui
1235 3267 1408 3322 etiam
1440 3283 1539 3324 eos
1569 3269 1786 3339 quibus
1825 3285 1972 3339 pras-

323 3356 480 3416 sunt,
513 3370 755 3409 numero
779 3354 905 3423 jam
937 3354 1054 3410 fere
1086 3361 1367 3427 superant
1394 3374 1407 3424 ;
1440 3358 1512 3412 ob
1555 3357 1835 3429 pietatem
1869 3357 1977 3412 uti-

323 3456 437 3511 que
469 3441 687 3511 miseri,
715 3443 787 3497 ob
847 3444 1218 3514 splendorem
1278 3445 1560 3501 infelices.
1618 3450 1820 3518 Itaque
1876 3448 1976 3502 ἰϐ

330 3548 694 3676 Βέὲο)οἷαῖ1ς
751 3546 953 3605 ἐλπίσι.
1015 3553 1181 3607 Deest
1229 3552 1288 3608 in
1346 3568 1446 3608 sex
1500 3552 1660 3608 Colb.
1720 3557 1778 3608 et
1834 3558 1982 3625 sept'

379 3635 495 3690 eg.,
524 3635 618 3675 ur.
656 3635 709 3690 ι,

548 3688 943 3765 ξαταλιπόντα.
981 3693 1103 3749 Non
1129 3693 1299 3765 pauci
1320 3694 1538 3749 habent
1566 3691 1986 3762 καταλείποντα,

400 3758 513 3833 (92)
547 3758 618 3817 Ei’
641 3782 721 3822 τις
756 3762 930 3834 ὑμῶν.
971 3788 989 3811 ι
1027 3765 1090 3820 Si
1129 3758 1278 3836 quis
1326 3771 1665 3829 vestrum,»
1722 3772 1856 3833 etc.,
1906 3758 1987 3822 ita.

328 3836 500 3905 Aug.,
538 3840 703 3888 tract.
741 3853 870 3890 xxvx
901 3837 959 3889 in
989 3838 1172 3900 Joan.,
1199 3854 1247 3891 c.
1279 3838 1334 3900 6,
1367 3854 1426 3891 Il.
1464 3838 1528 3903 li;
1590 3861 1616 3887 ‹‹
1655 3840 1731 3893 Da
1779 3855 1986 3892 aman—

328 3911 516 3979 tem...
548 3912 604 3960 et
635 3908 1001 3979 sentit_quod
1025 3909 1175 3974 dico,
1204 3929 1230 3956 ››
1262 3915 1369 3963 etc.

402 3977 517 4047 (93)
548 3981 777 4051 Πρᾶγμα
808 3975 976 4051 δοκεῖ.
1012 3980 1106 4051 Sic
1140 3980 1304 4051 Reg.,
1362 3979 1522 4036 Colb.
1575 3979 1671 4034 Or.
1714 3982 1764 4045 1,
1822 3980 1984 4048 Jes.;

334 4047 401 4102 ed
414 4047 849 4121 .-γφΐοξπρἆμα
878 4049 1010 4103 εἶναι
1045 4047 1213 4121 δοκεῖ.

405 4114 701 4194 (94)“11321':
747 4114 854 4175 δ’πὸ
897 4127 999 4189 τῆς
1056 4118 1215 4182 ἰδίας.
1269 4120 1443 4175 tilias.
1509 4143 1534 4170 ι(
1578 4120 1696 4194 sive
1753 4137 1856 4194 per
1895 4139 1985 4194 se,

336 4188 408 4243 ob
440 4187 821 4247 stoliditatem
861 4187 1028 4248 suam
1062 4199 1120 4248 et
1149 4193 1527 4260 dementiam,
1565 4193 1683 4248 sive
1730 4187 1801 4249 ab
1855 4187 1987 4248 aliis

339 4260 631 4336 depravati
661 4264 989 4336 etdecepti.
1024 4264 1306 4320 Malorum
1370 4264 1524 4318 enim
1569 4265 1986 4336 magistrorum

340 4330 514 4405 male;
539 4339 675 4405 sunt
705 4330 1046 4405 disciplinas.
1074 4358 1101 4384 ››

410 4400 521 4471 (95)
554 4400 1041 4475 Πράγματιᾎιαλῴ.
1076 4406 1251 4471 Elias,
1292 4429 1320 4456 «
1354 4407 1610 4461 honestae
1666 4405 1768 4473 rei,
1799 4428 1827 4455 »
1880 4407 1987 4462 hoc

337 4480 444 4538 est,
482 4478 811 4531 monasticae
845 4477 969 4530 vita:
1002 4494 1063 4530 ac
1095 4478 1347 4532 secessui
1376 4494 1409 4531 a
1443 4478 1681 4532 mundo.

407 4545 673 4620 (96111".
728 4543 782 4602 ἓν
869 4547 932 4620 γὲ
978 4566 1029 4620 ᾔει
1115 4548 1327 4607 πάντως
1410 4546 1593 4607 αὐτοῖς
1678 4547 1985 4620 ἁμαρτάνῃ-

334 4634 441 4688 ται,
480 4615 722 4672 Billius:
756 4643 782 4669 «
820 4615 930 4688 quo
964 4618 1046 4687 fit,
1076 4642 1100 4666 ι)
1132 4626 1243 4675 etc.
1278 4620 1455 4676 Gabr.
1488 4643 1513 4668 ‹‹
1551 4620 1630 4673 ila
1679 4615 1761 4685 ut,
1795 4615 1821 4668 ἱ)
1872 4615 1983 4674 etc.

335 4686 542 4762 Melius
568 4688 762 4762 Elias:
802 4686 969 4746 «hoc
1002 4708 1169 4762 porro
1193 4708 1257 4746 eo
1292 4692 1526 4758 faciunt,
1568 4690 1663 4761 qui
1695 4691 1986 4760 ejusmodi

336 4760 696 4834 professione
725 4763 948 4834 indigni
981 4760 1138 4832 sunt,
1184 4770 1245 4817 ut
1295 4780 1361 4817 ex
1420 4763 1512 4817 his
1573 4762 1803 4817 duobus
1854 4778 1983 4832 pec-

2072 2202 2208 2277 πρὸς
2265 2200 2403 2275 ὑμᾶς
2458 2208 2560 2258 πᾶν
2614 2202 2676 2257 τὸ
2733 2201 3070 2278 ἀπόρρητον.
3132 2200 3230 2256 οὐκ
3288 2200 3391 2255 οἶδ’
3450 2198 3556 2257 εἷπε
3614 2203 3731 2275 (97)

2075 2291 2327 2365 ἄγροικον
2387 2286 2492 2345 sifts
2540 2289 2843 2366 ἐλεύθερον,
2905 2288 3101 2353 ἔπαθον
3167 2286 3214 2344 δ’
3273 2288 3386 2345 οὖν·
3444 2289 3733 2366 ᾐσχύνθην

2077 2378 2208 2451 ὑπὲρ
2234 2382 2341 2433 τῶν
2377 2376 2585 2450 ἄλλων,
2619 2378 2759 2447 ὅσοι,
2799 2376 2966 2451 μηδὲν
3003 2383 3111 2433 τῶν
3144 2377 3369 2433 πολλῶν
3402 2373 3553 2439 ὄντες
3606 2378 3734 2453 βελ-

2075 2467 2243 2536 τίους,
2281 2468 2417 2543 μέγα
2450 2468 2544 2540 μὲν
2596 2465 2688 2521 οὖν
2736 2470 2870 2541 (98),
2906 2466 2955 2522 εἴ
2999 2466 3089 2522 καὶ
3145 2468 3220 2541 μὴ
3253 2465 3457 2539 πολλῷ
3486 2466 3736 2543 χείρους,

2078 2554 2322 2617 ἀνίπτοις
2351 2555 2562 2631 χερσὶν,
2594 2556 2623 2610 ’ὀ
2675 2553 2740 2625 δὴ
2794 2554 3030 2631 λέγεται,
3077 2556 3168 2610 καὶ
3219 2555 3497 2628 ἀμυήτοις
3537 2559 3743 2631 ψυχαῖς

2076 2648 2191 2705 τοῖς
2268 2643 2595 2719 ἁγιωτάτοις
2674 2643 2896 2703 ἑαυτοὺς
2972 2644 3312 2720 ἐπεισάγουσι
3348 2661 3364 2676 ⁶
3443 2643 3531 2698 καὶ
3610 2644 3747 2719 πρὶν

2080 2729 2215 2802 ἄξιοι
2268 2731 2508 2807 γενέσθαι
2571 2732 2684 2805 (99)
2732 2732 3011 2807 προσιέναι
3068 2738 3185 2794 τοῖς
3234 2732 3425 2807 ἱεροῖς,
3477 2753 3741 2805 μεταποι-

2081 2826 2262 2875 οῦνται
2310 2825 2406 2875 τοῦ
2461 2822 2709 2895 βήματος
2756 2823 2855 2893 (1),
2906 2816 3181 2875 θλίϐονταί
3228 2842 3285 2875 τε
3332 2820 3421 2875 καὶ
3471 2821 3733 2876 ὠθοῦνται

2081 2909 2204 2982 περὶ
2252 2910 2349 2976 τήν
2402 2909 2552 2984 ἁγίαν
2602 2910 2891 2984 τράπεζαν,
2938 2907 3118 2985 ὥσπερ
3167 2908 3267 2963 οὐκ
3316 2908 3511 2983 ἀρετῆς
3541 2908 3733 2983 τύπον,

2082 2995 2208 3051 ἀλλ’
2238 2995 2492 3074 ἀφορμὴν
2530 2996 2651 3072 βίου
2698 2998 2797 3066 τήν
2848 2997 2993 3067 τάξιν
3043 2997 3243 3067 ταύτην
3291 2997 3424 3052 εἶναι
3472 2998 3726 3071 νομίζον-

2081 3107 2187 3155 τες,
2239 3084 2364 3140 οὐδὲ
2412 3084 2753 3161 λειτουργίαν
2808 3085 3138 3154 ὑπεύθυνον,
3188 3085 3312 3141 ἀλλ’
3359 3087 3535 3162 ἀρχὴν
3586 3088 3727 3157 ἀνεξ-

2084 3174 2323 3229 έταστον.
2378 3175 2477 3231 Καὶ
2528 3174 2631 3230 εἰσί
2682 3172 2876 3251 σχεδόν
2915 3196 2969 3229 τι
3018 3174 3241 3236 πλείους
3288 3177 3402 3229 κατ’
3434 3171 3730 3249 ἀριθμὸνῆ

2086 3262 2299 3318 ὁπόσων
2354 3261 2607 3340 ἄρχουσιο
2660 3262 2889 3319 δείλαιοι
2936 3271 3035 3334 τῆς
3085 3258 3374 3333 εὐσεϐείας,
3406 3263 3495 3318 καὶ
3546 3262 3727 3319 ἄθλιοι

2083 3359 2183 3422 τῆς
2216 3351 2606 3427 λαμπρότητος
2808 3351 2945 3407 ὥστε
2994 3350 3185 3428 ἔμοιγε
3234 3351 3473 3425 δοκοῦσι,
3506 3352 3736 3429 προϊόν-

2095 3462 2187 3503 τος
2213 3446 2308 3495 to?)
2336 3440 2540 3515 χρόνου
2587 3440 2676 3496 καὶ
2730 3446 2826 3496 τοῦ
2855 3445 3043 3511 κακοῦ,
3079 3439 3220 3514 μηδέ
3259 3439 3402 3518 ἔχειν
3435 3439 3628 3496 λοιπὸν
3664 3443 3739 3495 ὧν

2097 3550 2156 3603 in
2214 3548 2593 3603 Admonitione
2646 3549 2867 3619 Agapeli
2912 3548 2986 3603 ad
3026 3550 3412 3619 Iustinianum
3458 3550 3746 3619 imperato-

2094 3636 2232 3686 rem,
2288 3637 2453 3693 num.
2506 3615 2769 3693 12εβ1νιιι⁷
2802 3615 2949 3693 δυοῖν
3003 3618 3220 3693 Θάτερον
3268 3617 3453 3693 αὐτοῖς
3500 3615 3741 3693 ἁμαρτά-

2094 3709 2271 3760 νηται,
2320 3690 2355 3773 ᾖ
2404 3689 2474 3773 τὸ.
2509 3689 2671 3772 ξιακὸν
2712 3686 3187 3773 ἐπαινούμενον.ξῆ
3225 3687 3481 3773 τιξριαλὸν
3520 3686 3741 3765 66psz-

2099 3781 2280 3833 μενον.
2315 3762 2795 3842 Quod-interpres
2827 3763 2912 3817 sic
2945 3762 3133 3817 reddit
3161 3779 3173 3818 :
3208 3786 3235 3811 ‹‹
3269 3762 3342 3818 Ut
3388 3763 3458 3817 de
3509 3762 3738 3818 duobus

2097 3833 2345 3889 alterum
2377 3835 2448 3887 ab
2481 3832 2625 3905 ipsis
2655 3833 3072 3904 committatur,
3105 3834 3190 3889 vel
3223 3851 3530 3905 pravorum
3590 3834 3740 3903 laus,

2094 3904 2185 3962 vel
2217 3904 2675 3975 contumeliosus
2708 3907 2991 3961 bonorum
3026 3904 3415 3975 contemptus.
3447 3926 3475 3955 »

2190 3975 2280 4041 97)
2314 3971 2431 4047 Oi8_’
2465 3976 2602 4047 Reg.
2638 3981 2743 4031 ret
2765 3977 2887 4047 Jes.
2917 3995 2928 4033 :
2962 3976 3019 4031 in
3053 3977 3143 4031 ed.
3177 3971 3316 4030 οἴδα.

2098 4120 2124 4173 f
2168 4044 2281 4155 (93*)
2341 4044 2492 4120 Μέγα
2551 4044 2645 4118 μὲν
2732 4044 2847 4103 οὗν.
2935 4074 2961 4099 (ι
3018 4052 3141 4103 Imo
3227 4048 3370 4103 sotis
3453 4063 3744 4119 superque

2123 4136 2290 4173 ueri..
2327 4140 2355 4167 ››

2123 4120 2290 4173 uerit.
2327 4140 2355 4167 ››

2169 4191 2283 4259 (99)
2306 4189 2550 4241 Γενέσθαι
2582 4189 2755 4245 Deest
2778 4190 2836 4244 in
2861 4207 2959 4245 sex
2992 4189 3128 4262 Reg.
3154 4195 3211 4246 et
3231 4189 3489 4262 quinque
3518 4189 3669 4262 Colb.

2170 4262 2247 4331 (1)
2315 4264 2743 4314 Μεταποιοῦνται
2825 4265 2922 4313 τοῦ
3007 4260 3271 4331 βήματοςξ
3351 4282 3379 4310 ι(
3412 4260 3740 4316 Sacrarium

2097 4332 2386 4387 ambiunt.
2416 4354 2442 4381 ››
2473 4331 2749 4387 Praeclare
2778 4331 3159 4388 Combeﬁsius
3182 4334 3249 4387 ad
3272 4332 3388 4386 haec
3409 4332 3580 4387 verba
3600 4334 3741 4387 scri-

2098 4404 2218 4458 bit:
2283 4426 2309 4476 ι(
2344 4408 2418 4458 De
2477 4404 2830 4475 presbyteris
2887 4405 3113 4476 accipit,
3153 4404 3529 4476 (Gregorius),
3594 4420 3739 4474 quos

2091 4476 2215 4544 jan‘.
2248 4474 2446 4545 plures
2476 4476 2615 4529 dicit
2645 4474 2821 4545 quam
2855 4475 2975 4530 sint
3014 4474 3275 4529 subditi.
3300 4474 3311 4475 ί
3336 4474 3445 4529 Nec
3499 4476 3641 4529 bene
3684 4476 3739 4528 in

2100 4545 2265 4600 Billio
2298 4546 2513 4618 ubique
2542 4548 2792 4618 margini
2825 4547 3141 4618 ascriptum
3203 4547 3274 4601 de
3320 4546 3626 4618 episcopis,
3679 4563 3745 4599 ac

2099 4618 2147 4672 si
2183 4634 2330 4690 unos
2362 4617 2455 4671 hic
2484 4616 3043 4690 tangat—Gregorius,
3075 4635 3204 4690 (non
3235 4619 3393 4688 ipsos
3450 4616 3742 4690 simplices

2097 4689 2449 4770 sacerdotes,
2484 4684 3028 4771 quorum‘ipsorum
3063 4688 3206 4771 ἀρχή
3243 4684 3585 4771 asseasse
3616 4695 3743 4743 tum

2097 4760 2352 4815 maxime
2372 4777 2502 4831 cum
2532 4777 2645 4815 non
2667 4759 3107 4817 ordinabantur'
3122 4759 3248 4815 sine
3268 4759 3457 4829 titulo,
3482 4759 3545 4814 ac
3565 4776 3739 4831 quam

337 4830 483 4887 eatis
512 4830 1131 4890 alterutrum‘omnino
1152 4834 1484 4889 admittant.
1508 4855 1535 4881 ››
1564 4837 1695 4888 Jam
1736 4835 1785 4888 si
1818 4830 1985 4904 roges
2016 4848 2062 4911 Β
2097 4835 2385 4901 regerent,
2420 4830 2607 4956 plebe.
2635 4854 2663 4882 »

338 4904 435 4956 aui
470 4904 589 4956 sint
618 4921 767 4956 auos
800 4922 1037 4956 neccare
1067 4906 1277 4956 asserit
1322 4906 1672 4956 Gregorius:
1720 4904 1803 4956 vel
1860 4906 1989 4956 ibsa
2167 4905 2242 4956 (2i
2329 4899 2415 4955 Διί
2461 4922 2570 4955 αιοι
2651 4922 2663 4949 π

2371 4922 2394 4955 ε

338 4904 767 4978 ᾳυί-εμίιιιίιῖιιοε
800 4922 1037 4976 peccare
1067 4906 1672 4978 asseritHGregorius:
1720 4904 1803 4959 vel
1860 4906 1989 4978 ipsa

340 4974 652 5049 multitudo
684 4974 951 5049 improba
981 4996 997 5041 ς
1029 4977 1115 5031 vel
1158 4977 1334 5031 invidi
1392 4974 1463 5049 etv
1488 4976 1779 5049 irrisores,
1831 4974 1986 5049 quod

338 5064 454 5130 pris
485 5063 546 5103 se
578 5048 725 5103 ferre
771 5048 998 5130 Videtur
1053 5053 1282 5130 testas;
1337 5048 1422 5130 vel
1478 5048 1706 5130 indigni
1771 5048 1992 5130 profes-

339 5121 507 5190 sione
533 5136 640 5174 sua
672 5120 963 5184 monachi,
1012 5125 1073 5174 ut
1121 5120 1258 5175 Eliee
1311 5119 1531 5190 placet;
1585 5121 1823 5174 demum
1874 5119 1987 5189 ipsi

340 5189 649 5245 saeculares
681 5209 814 5246 rum
842 5192 1208 5247 'l‘illemontio
1243 5189 1489 5261 poesunt
1520 5191 1789 5261 intelligi.
1840 5192 1987 5254 Quid

338 5278 473 5335 vero
506 5267 789 5335 peccant?
819 5264 1105 5318 Nimirum
1140 5262 1347 5335 vulgus
1376 5269 1433 5319 et
1465 5262 1642 5335 invidi
1668 5262 1990 5335 irrisoresa

338 5334 456 5388 vita
489 5334 811 5390 monastica
842 5336 1152 5401 deterrent,
1187 5334 1262 5390 et
1291 5351 1415 5389 sese
1463 5334 1724 5405 aliosque
1773 5334 1988 5405 mundo

345 5406 666 5472 adducunt;
700 5412 797 5460 aut
848 5407 1193 5462 secessionis
1250 5407 1399 5460 bono
1432 5407 1602 5460 ﬁdem
1632 5403 1987 5459 detrahunt.

347 5478 563 5533 Deinde
597 5477 751 5549 pravi
787 5478 1077 5543 monachi,
1112 5479 1156 5529 si
1193 5477 1321 5532 illos
1354 5478 1664 5546 intelligas.
1690 5476 1797 5530 hoc
1823 5477 1985 5529 multi

347 5555 701 5622 perpetrant,
738 5555 799 5605 ut
838 5551 1075 5622 impune
1129 5551 1240 5605 sibi
1299 5550 1472 5605 licere
1522 5553 1729 5622 putent
1774 5549 1991 5622 mundo

349 5619 415 5678 ac
447 5619 621 5677 rebus
652 5619 951 5695 humanis—7
977 5622 1291 5695 adhaerere,
1343 5619 1538 5695 atque
1565 5619 1741 5695 etiam
1807 5619 1991 5695 adhe-

349 5696 536 5765 reant,
567 5698 678 5753 eto.
715 5693 881 5751 Haud
907 5691 1483 5765 absimilisloquendi
1508 5692 1719 5749 modus
1739 5691 1992 5749 occurrit

2167 4894 2242 4972 (2)
2313 4894 2570 4972 ,Δείλαιοι
2651 4902 2750 4970 τῆς
2832 4894 3122 4971 εὐσεϐείας,
3204 4900 3294 4955 καὶ
3376 4895 3553 4954 ἄθλιοι
3642 4904 3744 4966 τῆς

2098 4968 2513 5045 λαμπρότητος.
2562 4968 2748 5029 Locus
2784 4973 2847 5045 (is
2876 4991 2907 5028 a
2942 4968 3118 5028 nullo
3154 4973 3323 5045 nobis
3379 4972 3626 5045 videtur,
3676 4988 3747 5025 ne

2099 5044 2399 5117 quideme
2430 5045 2746 5117 novissimo
2777 5044 3093 5117 interprete
3129 5044 3395 5117 Gallicot
3416 5044 3745 5117 intellectus

2098 5115 2198 5172 aut
2227 5115 2564 5188 explicatus.
2598 5116 2720 5172 Non
2747 5116 2897 5171 male
2928 5115 3133 5188 primis
3174 5116 3331 5172 curis
3372 5115 3577 5188 Billius
3622 5131 3747 5168 ver-

2096 5188 2261 5257 tisse,
2294 5188 2341 5243 si
2374 5193 2511 5244 nota
2543 5193 2801 5243 mentem
2833 5205 3002 5244 suam
3037 5189 3379 5259 aperuisset,
3410 5187 3588 5241 videri
3619 5203 3748 5259 pos—

2099 5260 2212 5315 sit:
2263 5283 2287 5308 ‹‹
2327 5259 2541 5314 Pietate
2587 5260 2810 5329 miseri,
2860 5257 3161 5331 dignitatis
3207 5258 3513 5331 splendore
3560 5257 3746 5331 infeli-

2099 5347 2214 5386 ces.
2242 5353 2267 5378 »
2304 5331 2413 5385 Sed
2447 5331 2640 5386 minus
2674 5336 2846 5396 recte,
2892 5329 3310 5402 posterioribus
3359 5329 3515 5385 curis
3566 5330 3751 5402 reddi-

2099 5403 2205 5472 dit,
2241 5425 2267 5449 ‹‹
2303 5403 2374 5457 ob
2411 5404 2681 5473 pietatem
2716 5403 2935 5457 miseri.
2969 5427 2988 5450 υ
3028 5403 3228 5458 Latine
3284 5406 3438 5473 certe
3488 5417 3601 5455 non
3636 5401 3743 5473 he;

2099 5470 2320 5527 braizat
2352 5470 2553 5541 Bilius,
2589 5478 2652 5527 ut
2684 5474 2916 5546 pietatis
2946 5474 3252 5541 defectum,
3285 5473 3382 5544 qui
3425 5472 3602 5546 hujus
3635 5470 3743 5546 loci
3830 5502 3831 5505 η

2100 5561 2311 5601 sensus
2343 5545 2576 5617 est,ihis
2608 5544 2801 5601 verbis
2833 5546 3154 5617 exprimat;
3188 5544 3476 5617 quomodo
3511 5548 3568 5599 in
3605 5544 3740 5614 psal.

2098 5623 2230 5688 cvu‘,
2290 5633 2347 5674 n.
2389 5616 2514 5688 24:
2582 5636 2604 5665 α
2638 5620 2779 5673 Caro
2821 5616 2951 5673 mea
3000 5616 3313 5674 immutata
3363 5619 3470 5688 est,
3512 5619 3745 5688 p_r0pter

2099 5686 2315 5758 oleum,
2335 5710 2360 5739 ι)
2383 5686 2439 5743 id
2459 5692 2567 5755 est,
2591 5710 2621 5738 «
2640 5693 2876 5762 propter
2894 5688 3151 5761 inopiam
3172 5688 3304 5745 olei.
3324 5708 3353 5737 ››
3372 5686 3743 5743 πλάθὛΒιιλοοε
