4184 6202
365 365 486 421 417

1517 359 1808 420 ORATIO
1854 354 1930 417 ll.
1966 388 2038 398 —
2072 355 2633 415 APOLOGETICA.

3663 364 3783 426 418

367 489 621 568 ἄρξουσι,
650 492 868 547 πάντων
905 489 1268 549 διδασκόντων
1300 489 1419 547 ἀντὶ
1473 494 1570 546 τοῦ
1620 485 1903 548 διδακτοὺς
1953 485 2027 541 εἶ-

2155 485 2295 541 malo
2327 486 2435 543 hoc
2467 504 2582 542 una
2612 504 2747 543 cum
2780 492 3043 561 tempore
3100 506 3474 564 progressum
3522 513 3590 553 ac
3635 499 3789 557 vires

367 601 451 634 ναι
510 585 671 650 Θεοῦ,
720 579 793 643 ὣς
850 601 1010 658 φησιν
1072 583 1107 650 ἡ
1165 579 1461 657 ἐπαγγελία
1504 581 1602 651 (3),
1654 578 1744 633 καὶ
1801 576 2014 631 πάντων

365 669 846 745 προφητευόντων,
880 668 1016 723 ὥστε
1054 668 1303 724 εἶναικαὶ
1351 666 1533 724 Σαοὺλ
1582 666 1634 721 ἐν
1686 667 2015 742 προφήταις,

366 758 507 811 κατᾶ
533 758 635 826 τὴν
685 756 919 812 παλαιὰν
972 756 1209 833 ἱστορίαν
1256 756 1344 811 καὶ
1394 754 1709 828 παροιμίαν.
1744 752 1871 809 cat»
1917 753 2016 828 γὰρ

369 845 515 899 οὕτω
573 843 718 899 πολὺ
773 845 889 900 κατ’
920 842 1113 900 οὐδένα
1167 846 1353 921 καιρὸν
1410 841 1520 900 οὔτ’
1552 842 1712 914 ἐστὶν,
1742 839 1851 897 οὔτ’
1913 838 2021 916 ἐγέ-

367 954 512 1001 νετο,
550 931 754 989 ἄλλοτε
783 932 967 989 ἄλλων
995 932 1349 1007 ἀκμασάντων
1371 954 1429 988 τε
1458 932 1548 988 καὶ
1609 930 1913 1003 ληξάντων,
1945 930 2018 992 ὡς

366 1026 456 1075 νῦν
509 1024 857 1096 Χριστιανοῖς
902 1022 970 1077 τὰ
1016 1026 1238 1078 τοιαῦτα
1284 1024 1372 1077 καὶ
1424 1019 1604 1091 ὀνείδη
1654 1020 1743 1075 καὶ
1776 1020 2021 1094 ἁμαρτή-

373 1130 537 1183 ματα.
576 1113 669 1165 Ὧν
723 1110 770 1165 εἰ
816 1111 905 1164 καὶ
955 1118 1146 1180 στῆσαι
1186 1112 1287 1180 τὴν
1331 1112 1499 1188 φορὰν
1548 1115 1793 1184 κρεῖσσον
1825 1108 1861 1176 ἢ
1904 1107 2023 1170 καθ’

367 1201 542 1269 ἡμᾶς,
576 1196 723 1253 ἀλλὰ
749 1198 811 1254 τό
844 1219 906 1273 γε
940 1205 1114 1271 μισεῖν
1150 1200 1239 1253 καὶ
1272 1199 1616 1274 αἰσχύνεσθαι
1670 1196 1834 1271 μέρος
1883 1195 2025 1250 εὗσε-

368 1282 523 1349 6είας
558 1286 622 1342 οὐ
649 1288 713 1343 τὸ
744 1288 1123 1364 σμικρότατον.

2136 572 2421 646 capiente,
2453 591 2525 631 ne
2553 574 2809 632 habituri
2828 578 3067 648 quidem
3093 578 3234 635 mihi
3258 580 3546 651 videntur,
3571 586 3787 659 quibus

2136 664 2396 735 praesint,
2422 664 2696 721 omnibus
2718 665 3006 734 videlicet,
3040 684 3141 739 pro
3172 685 3238 724 eo
3274 676 3390 725 uta
3422 672 3555 745 Deo,
3590 692 3790 746 quem-

2136 752 2453 807 admodum
2484 752 2680 808 divina
2711 756 3024 825 promissio
3056 757 3300 826 ferebat,
3341 760 3695 819 edoceantur
3721 764 3788 835 ⁸²,

2137 841 2480 897 docentibus
2506 845 2559 896 et
2580 843 3036 900 vaticinantibus
3068 846 3133 912 ³³,
3165 847 3329 915 adeo,
3355 851 3625 921 ut,juxta
3640 858 3790 910 vete-

2130 946 2252 985 rem
2295 929 2601 986 historiam
2662 934 2719 986 et
2775 933 3138 1003 parcemiam,
3184 936 3325 992 Saul
3371 954 3602 1010 quoque
3648 943 3793 998 inter

2126 1018 2422 1091 prophetas
2451 1019 2529 1074 sit
2557 1020 2625 1075 3‘.
2655 1019 2855 1091 Neque
2886 1022 3040 1076 enim
3076 1027 3238 1079 tanta
3268 1024 3447 1082 ullius
3494 1029 3573 1084 rei
3616 1030 3794 1087 uber-

2135 1112 2225 1163 tas
2259 1111 2361 1163 aut
2392 1124 2546 1162 nunc
2578 1114 2686 1173 est,
2720 1113 2821 1163 aut
2854 1126 3117 1180 unquam
3153 1112 3281 1180 fuit,
3314 1130 3446 1169 cum
3491 1116 3605 1173 alia
3647 1118 3794 1177 alias

2138 1197 2448 1269 viguerint,
2483 1214 2546 1251 ac
2570 1198 2807 1252 tandem
2838 1198 3011 1253 ﬁnem
3045 1201 3395 1272 acceperint,
3428 1221 3603 1274 quam
3637 1224 3793 1265 nunc

2143 1287 2295 1355 apud
2326 1285 2684 1341 Christianos
2716 1286 2919 1342 crebra
2947 1292 3090 1343 sunt
3118 1288 3458 1360 hujusmodi
3492 1295 3701 1363 probra
3737 1301 3795 1353 et

369 1385 632 1449 peccata.
671 1378 927 1441 Quorum
961 1379 1067 1433 etsi
1101 1379 1384 1450 impetum
1432 1378 1837 1450 comprimere,
1898 1376 2093 1447 majus
2139 1378 2248 1441 est,
2291 1390 2467 1446 quam
2526 1392 2630 1446 pro
2684 1376 2897 1431 virium
2960 1382 3293 1434 nostrarum
3349 1380 3660 1453 facultate;
3723 1401 3788 1441 ac

372 1472 531 1523 certe
563 1468 779 1536 odisse,
814 1484 879 1523 ac
912 1468 1133 1538 pudore
1164 1467 1315 1522 afﬁci
1350 1466 1577 1538 pietetis
1610 1483 1743 1538 pars
1776 1470 1866 1521 est
1896 1482 2008 1520 non
2042 1463 2305 1518 minima.

447 1556 523 1611 8'.
556 1556 620 1608 Ὃ
680 1552 737 1608 δὲ
791 1553 1099 1610 τελευταῖον
1147 1554 1235 1609 καὶ
1299 1554 1482 1627 μεῖζον
1538 1558 1645 1608 τῶν
1706 1553 2032 1629 εἰρημένων,

376 1643 489 1714 εἶμι
518 1642 624 1717 γὰρ
655 1642 737 1697 ἐπ’
767 1642 926 1697 αὐτὸν
960 1640 1069 1712 ἤδη
1096 1642 1188 1697 τὸν
1228 1640 1521 1719 κολοφῶνα
1569 1644 1646 1715 (4)
1694 1646 1790 1697 τοῦ
1842 1639 2028 1717 λόγου,

374 1731 465 1786 καὶ
499 1730 560 1785 ού
592 1730 884 1803 ψεύσομαι·
919 1728 1044 1785 οὐδὲ
1086 1730 1186 1806 γάρ
1237 1729 1390 1804 θέμις
1437 1736 1553 1793 τοῖς
1604 1730 1727 1805 περὶ
1774 1728 2033 1800 τηλικού-

372 1841 481 1873 των
516 1822 592 1892 (5)
625 1818 975 1891 ποιουμένοις
1004 1820 1095 1873 τὸν
1132 1818 1319 1893 λόγον·
1354 1817 1453 1873 οὐκ
1494 1815 1653 1891 ᾤμην
1706 1816 1819 1873 ἴσον
1870 1818 2025 1889 εἶναι,

376 1906 505 1963 οὐδὲ
562 1913 657 1963 νῦν
714 1905 927 1980 οἴομαι,
958 1907 1197 1980 ποίμνης
1249 1907 1439 1983 ἄρχειν
1490 1908 1524 1977 ἢ
1580 1905 1898 1983 βουκολίου,
1937 1906 2025 1962 καὶ

2217 1553 2305 1608 lX.
2339 1552 2639 1608 Postrema
2670 1569 2866 1620 causa,
2903 1558 2958 1610 et
3014 1556 3247 1626 quidem
3299 1558 3596 1625 omnibus,
3647 1577 3794 1633 quas

2142 1659 2320 1713 supra
2377 1642 2984 1710 commemoravimus,
3037 1646 3224 1714 major
3276 1647 3619 1719 graviorque
3673 1650 3796 1707 haec

2140 1730 2248 1785 fuit
2274 1755 2288 1797 ;
2313 1731 2381 1785 ad
2406 1730 2599 1801 ipsum
2622 1730 2838 1803 quippe
2861 1732 3140 1789 orationis
3158 1734 3675 1807 colophonemjam
3700 1755 3794 1795 me

2139 1820 2392 1889 confero,
2425 1835 2529 1874 nec
2557 1819 2808 1874 mentiar
2834 1840 2848 1885 ς
2878 1838 2991 1876 non
3011 1821 3167 1877 enim
3187 1823 3274 1879 fas
3300 1829 3411 1890 est,
3436 1842 3569 1880 eum
3593 1828 3691 1897 qui
3726 1829 3797 1884 de

2137 1907 2317 1963 tantis
2364 1907 2656 1979 mysteriis
2700 1909 2875 1964 verba
2926 1910 3116 1981 faciat,
3169 1913 3423 1968 mentiri.
3480 1916 3788 1987 Haudqua-

376 1997 680 2071 ἀνθρώπων
747 1996 1044 2051 ἐπιστατεῖν
1108 2000 1333 2071 ψυχαῖς.
1389 1998 1535 2053 Ἑκεῖ
1586 1998 1679 2069 μὲν
1726 1998 1829 2072 γὰρ
1881 1995 2029 2071 ἐξαρ-

2155 2013 2314 2067 luam
2348 1996 2500 2051 idem
2535 2011 2665 2052 esse
2704 1998 3133 2066 existimabam,
3167 2016 3234 2056 ac
3266 2019 3337 2057 ne
3369 2020 3525 2058 nunc
3556 1984 3792 2075 quidem

374 2090 513 2155 κεῖν,
569 2085 651 2140 ὅτι
702 2084 1011 2159 παχύτατον
1076 2085 1166 2138 καὶ
1214 2084 1469 2139 πιότατον
1519 2086 1596 2157 (ὃ)
1645 2082 1919 2156 ἀποδεῖξαι
1967 2084 2028 2138 τὸ

383 2172 676 2251 βουκόλων
708 2174 743 2243 ἢ
777 2174 840 2227 τὸ
871 2172 1150 2245 ποίμνιον·
1192 2172 1283 2227 καὶ
1332 2173 1471 2247 πρὸς
1516 2169 1681 2227 τοῦτο
1742 2173 1881 2249 ὁρῶν
1916 2172 1945 2226 ὅ
1972 2193 2031 2227 τε

383 2260 655 2337 βουκόλος
702 2262 790 2316 καὶ
824 2262 851 2315 ὁ
894 2262 1105 2334 ποιμὴν
1149 2261 1255 2316 τῶν
1303 2282 1362 2316 τε
1416 2260 1641 2336 χωρίων
1691 2261 2032 2335 ἐπισκέψεται

375 2350 446 2404 τὰ
520 2347 713 2423 ἔνυδρα
782 2351 859 2423 (7)
936 2348 1025 2403 καὶ
1120 2347 1374 2422 ἐπίνομα,
1457 2348 1722 2405 εἷσελάσει
1801 2371 1862 2405 τε
1941 2349 2030 2404 καὶ

377 2436 621 2509 ἐξελάσει
680 2439 785 2493 ἀπό
841 2459 900 2493 τε
956 2441 1141 2509 νομῶν
1215 2437 1303 2492 καὶ
1385 2436 1471 2492 ἐπὶ
1543 2439 1740 2511 νομὰς,
1796 2437 2032 2493 ἀναπαύ-

376 2547 457 2581 σει
516 2547 577 2580 τε
630 2526 721 2580 καὶ
775 2526 1093 2595 ἀποκινήσει
1154 2526 1243 2580 καὶ
1307 2526 1642 2591 ἀνακαλέσει,
1706 2526 1869 2602 ὀλίγα
1938 2527 2031 2600 μὲν

379 2618 451 2687 τῇ
509 2614 777 2689 βακτηρίᾳ
823 2617 921 2689 (8),
952 2615 1019 2668 τὰ
1065 2613 1251 2670 πολλά
1291 2612 1348 2669 δὲ
1376 2619 1445 2688 τῇ
1478 2614 1714 2691 σύριγγι.
1748 2614 1927 2671 Ἀλλο
1977 2613 2036 2671 δὲ

388 2700 544 2757 οὐδὲν
597 2701 751 2777 ἔργον
801 2702 932 2758 εἶναι
980 2708 1060 2774 τῷ
1110 2705 1325 2775 ποιμένι
1375 2704 1409 2772 ἢ
1450 2708 1528 2776 τῷ
1582 2702 1837 2779 βουκόλῳ
1886 2703 2032 2773 πλὴν

382 2792 510 2845 ὅσον
574 2791 783 2866 βραχέα
839 2790 1294 2866 προσπολεμῆσαι
1344 2798 1461 2855 τοῖς
1521 2792 1734 2860 λύκοις,
1782 2793 1871 2847 καὶ
1929 2798 2035 2848 ποῦ

381 2901 435 2934 τι
471 2882 550 2953 (9)
578 2878 668 2933 καὶ
701 2879 1007 2955 ἀρῥωστοῦν
1040 2879 1439 2955 ἐπισκέψασθαι·
1472 2881 1541 2937 τὰ
1568 2881 1754 2938 πολλὰ
1786 2880 1842 2937 δὲ
1888 2882 2035 2955 αὐτῷ

390 2969 623 3042 μελήσει
684 2966 833 3043 δρῦς,
864 2969 951 3023 καὶ
1010 2969 1152 3042 σκιὰ,
1193 2969 1282 3024 καὶ
1343 2969 1583 3043 δόνακες,
1634 2972 1723 3026 καὶ
1774 2970 1824 3026 ἐν
1884 2971 2037 3044 καλῷ

384 3065 489 3127 τῆς
518 3055 653 3118 πόας
704 3056 1115 3129 κατακλιθῆναι,
1148 3058 1236 3112 καὶ
1286 3060 1433 3135 παρὰ
1484 3061 1692 3135 ψυχρὸν
1749 3058 2034 3136 ὕδωρ,καὶ

2138 2085 2427 2153 existimo,
2459 2084 2618 2156 gregi
2650 2090 2751 2141 aut
2781 2093 3044 2143 armento
3072 2106 3343 2160 praeesse,
3378 2097 3434 2147 et
3485 2092 3790 2149 hominum

2139 2173 2368 2229 animas
2390 2174 2734 2244 gubernare.
2762 2174 2885 2230 Illic
2907 2176 3062 2231 enim
3096 2194 3273 2248 quam
3297 2179 3717 2251 pinguissimae
3738 2185 3795 2237 et

2140 2262 2520 2318 obesissimas
2551 2279 2685 2319 oves
2717 2279 2783 2318 ac
2811 2263 2986 2320 boves
3017 2265 3256 2322 reddere
3316 2268 3573 2323 sufﬁcit:
3618 2269 3792 2339 idque

2142 2352 2277 2417 sibi,
2308 2356 2363 2407 et
2392 2355 2607 2421 pastor,
2640 2356 2698 2407 et
2728 2351 3041 2418 bubulcus,
3073 2353 3144 2409 ob
3174 2353 3373 2410 oculos
3397 2372 3640 2427 ponens,
3662 2358 3795 2413 irri-

2143 2456 2257 2513 gua
2282 2442 2339 2494 et
2367 2456 2492 2495 com
2501 2456 2717 2511 pascua
2745 2438 2872 2496 loca
2893 2440 3235 2513 explorabit,
3262 2458 3614 2517 gregemque
3634 2450 3691 2501 et
3717 2447 3789 2503 ad

2144 2542 2362 2599 pascua
2381 2527 2572 2594 ducet,
2596 2531 2651 2581 et
2672 2544 2704 2582 a
2727 2528 2959 2598 pascuis
2976 2528 3549 2602 educet,fessumque
3569 2548 3796 2589 recrea-

2144 2617 2249 2681 bit,
2273 2620 2332 2671 et
2351 2614 2461 2670 alio
2484 2615 2757 2683 movebit,
2782 2632 2847 2671 ac
2869 2616 3185 2683 revocabit,
3217 2617 3523 2687 aliquoties
3555 2620 3790 2690 quidem

2145 2704 2314 2776 pedo,
2338 2707 2401 2757 ut
2423 2701 2741 2773 plurimum
2775 2707 2969 2757 autem
3002 2703 3215 2758 fistula.
3245 2703 3400 2758 Nihil
3431 2721 3601 2776 porro
3636 2707 3796 2762 aliud

2146 2792 2365 2864 negotii
2399 2795 2597 2863 pastor
2624 2798 2726 2845 aut
2754 2792 3145 2847 armentarius
3167 2790 3362 2863 habet,
3387 2810 3563 2866 quam
3580 2800 3641 2851 ut
3663 2812 3795 2852 cum

2145 2880 2302 2954 lupis
2334 2896 2754 2951 nonnunquam
2790 2884 3027 2952 pugnet,
3060 2884 3235 2951 atque
3274 2881 3571 2938 interdum
3620 2886 3796 2941 etiam

2148 2986 2357 3042 aegram
2392 2984 2553 3023 ovem
2587 2973 2687 3023 aut
2711 2968 2914 3023 bovem
2940 2968 3150 3024 visitet.
3188 2970 3399 3042 Magna
3430 2978 3623 3027 autem
3646 2978 3796 3029 tem-

2148 3059 2306 3132 poris
2337 3062 2499 3130 parte
2529 3072 2782 3128 quercus
2810 3057 2943 3129 ipsi,
2978 3062 3034 3113 et
3065 3059 3295 3129 umbra,
3326 3064 3383 3115 et
3409 3059 3614 3116 ﬁstulas
3646 3077 3800 3119 cura

464 3166 512 3200 3'
543 3165 651 3220 Isa.
688 3182 798 3232 LIV,
834 3166 937 3233 13;
970 3167 1139 3222 Joan.
1171 3184 1247 3234 v1,
1279 3168 1366 3222 45.
1446 3168 1491 3203 ³³
1522 3169 1543 3223 Ι
1577 3168 1702 3224 Cor.
1731 3186 1843 3237 xlv,
1876 3169 1978 3237 24;
2011 3169 2185 3225 Num.
2214 3183 2293 3232 x1,
2323 3164 2412 3220 29.
2490 3163 2537 3199 ³⁸
2566 3164 2587 3218 Ι
2619 3164 2756 3236 Reg.
2790 3181 2846 3232 x,
2880 3164 2940 3218 11
2979 3181 2993 3231 ;
3026 3182 3140 3232 xxx,
3172 3165 3262 3221 24.

381 3271 804 3342 Sancigiranus
837 3272 1057 3347 abbas:
1119 3294 1147 3323 «
1182 3272 1375 3327 Miseri
1433 3273 1514 3347 ob_
1563 3274 1755 3345 ipsam
1804 3275 2037 3347 pietatis
2069 3277 2113 3343 C
2153 3273 2248 3347 hic
2277 3270 2469 3347 gravis
2499 3270 2753 3347 occurrit
2781 3269 3119 3347 difﬁcultas,
3170 3273 3460 3343 quomodo
3510 3272 3801 3347 Theologo

380 3348 890 3429 specie‘m,‘quam
940 3343 1172 3409 habent,
1225 3360 1343 3425 qua
1391 3361 1453 3399 se
1501 3343 1661 3429 ipsos
1719 3343 2036 3429 decipiunt,

380 3413 439 3468 et
469 3413 541 3469 ad
574 3413 801 3485 tantum
854 3430 1068 3469 munus
1122 3414 1381 3485 aspirare
1429 3413 1685 3481 audent;
1738 3422 1796 3472 et
1848 3413 2036 3471 infeliL

379 3485 568 3540 ciores
624 3485 695 3560 ob
748 3484 1081 3560 claritatem
1143 3484 1203 3540 et
1260 3486 1477 3560 famam
1538 3486 1752 3560 talibus
1805 3488 2039 3560 pietatis

380 3556 876 3611 ostentationibus
910 3562 1160 3627 partam,
1192 3573 1306 3626 qua
1338 3556 1467 3611 aliis
1488 3559 1671 3613 tantis
1696 3556 2038 3615 muneribus

385 3628 551 3699 digni
580 3628 849 3699 videntur
876 3635 933 3682 et
962 3630 1031 3681 ad
1081 3644 1147 3681 ea
1195 3633 1600 3683 assumuntur.
1628 3652 1656 3678 ››
1710 3629 1781 3684 Ut
1823 3630 2039 3685 intelli-

423 3706 556 3771 atur
578 3698 680 3771 hic
709 3698 893 3771 locus,
926 3700 1352 3771 observandum
1413 3705 1501 3771 est
1547 3700 1602 3754 id
1657 3702 1810 3771 quod
1871 3707 2042 3756 antea

426 3770 535 3825 ixit
564 3768 897 3841 Gregorius.
953 3770 1152 3840 Itaque
1187 3770 1268 3824 ait
1298 3787 1427 3825 esse
1458 3768 1743 3837 homines,
1778 3772 1873 3841 qui
1906 3789 2039 3827 cum

384 3841 521 3912 aliis
550 3840 1053 3912 nihilomeliores,
1090 3842 1208 3912 imo
1241 3842 1466 3912 pejores
1489 3843 1626 3906 sint,
1650 3840 2038 3898 sacerdotium

380 3911 544 3966 velut
575 3911 963 3983 principatum
999 3911 1267 3966 ambiunt
1300 3937 1314 3979 ;
1348 3913 1554 3967 deinde
1575 3914 1719 3967 dixit
1740 3914 1898 3984 ipsos
1920 3920 2038 3969 tam

383 3985 607 4038 multos
637 4000 783 4047 esse,
819 3988 884 4037 ut
906 3984 1028 4051 jam
1063 3999 1306 4037 numero
1338 3991 1619 4053 superent
1653 4000 1772 4049 eos,
1827 3987 2042 4055 quibus

381 4056 701 4125 imperant,
733 4059 907 4124 atque
938 4056 1111 4111 etiam
1144 4055 1300 4109 brevi
1334 4056 1620 4118 futurum.
1656 4060 1720 4110 ut
1750 4056 2039 4111 neminem

387 4125 648 4198 habeant
681 4126 1068 4198 cuipraesint.
1105 4126 1254 4179 Tum
1287 4126 1541 4196 denique
1571 4126 1899 4198 Theologus
1947 4144 2041 4182 ex:

382 4196 640 4280 cla‘mnat‘:
679 4218 705 4244 ι(
737 4196 931 4280 Miseri
953 4196 1193 4280 pietate,
1222 4218 1247 4244 ι)
1270 4213 1443 4280 quam
1471 4203 1571 4280 aut
1610 4196 1903 4280 vulgarem
1929 4199 2038 4267 vix,

386 4272 488 4324 aut
524 4269 666 4322 forte
697 4266 919 4322 nullam
953 4266 1203 4322 habent:
1238 4266 1301 4321 et
1324 4290 1351 4316 ‹‹
1386 4269 1671 4338 dignitate
1710 4266 1988 4337 infelices,
2014 4291 2041 4320 »

385 4356 490 4394 seu
526 4340 792 4409 imperio,
824 4354 923 4411 seu
960 4339 1287 4411 splendore,
1323 4356 1491 4409 quem
1517 4341 1640 4408 jam
1664 4341 2041 4411 ferenullum,

389 4427 456 4466 ac
496 4412 648 4464 brevi
681 4410 920 4465 omnino
943 4409 1171 4464 nullum
1186 4409 1439 4464 habituri
1465 4416 1618 4465 sunt.
1647 4433 1673 4460 «
1693 4409 2043 4476 Diaconos”)

388 4481 1027 4553 inquitgliieronymus,
1060 4496 1148 4552 ep.
1184 4482 1306 4547 101,
1339 4482 1412 4536 al.
1445 4482 1534 4547 85,
1573 4504 1601 4531 «
1642 4484 1906 4553 paucitas
1956 4499 2045 4539 ve-

390 4551 704 4619 nerabiles,
736 4551 1108 4623 presbyteros
1131 4553 1305 4606 turba
1334 4551 1799 4623 contemptibiles
1832 4556 1987 4609 facit.
2014 4578 2042 4604 ››

391 4624 512 4707 liac
543 4622 1020 4707 interpretatiOne
1050 4622 1223 4694 plana
1252 4629 1390 4707 sunt
1419 4622 1654 4707 omnia;
1706 4626 1903 4707 omnia
1947 4644 2043 4682 co-
2075 4644 2119 4707 Β

390 4696 631 4769 haerent,
665 4695 966 4769 superiora
994 4711 1127 4749 cum
1161 4695 1392 4765 mediis,
1428 4695 1622 4750 media
1651 4712 1785 4752 cum
1815 4700 1873 4753 et
1913 4714 2045 4769 pro-

387 4768 547 4821 xime
577 4767 977 4836 sequentibus.

466 4837 544 4907 (3)
603 4831 699 4912 ’ᾨς
757 4856 919 4912 φησιν
1068 4831 1385 4910 ἐπαγγελία.
1441 4840 1610 4893 Deest
1664 4837 1721 4892 in
1778 4838 2045 4910 pluribus

393 4906 575 4978 chg.
590 4950 603 4969 ,
621 4906 744 4978 _Jes.
769 4906 837 4978 iet
863 4915 957 4963 Ur.
995 4910 1040 4963 1.

466 4975 549 5049 (ἦ)
573 4976 670 5030 Τὸν
702 4975 1010 5054 κολοφῶνα.
1049 5003 1077 5028 ‹‹
1111 4977 1523 5054 Colophonem,
1562 4980 1648 5054 ait
1695 4979 2045 5054 Gabriclius,

392 5066 501 5120 pro
533 5054 789 5106 extrema
818 5050 1107 5121 cujusque
1138 5050 1223 5121 rei
1250 5055 1412 5119 parte
1438 5051 1597 5120 poni,
1628 5066 1799 5105 nemo
1828 5054 1919 5106 est
1947 5050 2048 5121 qui

394 5117 689 5176 nesciat.»
716 5117 1070 5177 'I‘um’refe'rt
1099 5117 1347 5193 σχόλῐον,
1384 5117 1536 5244 quod
1574 5122 1786 5193 reperit
1808 5122 1865 5176 in
1882 5117 2044 5176 vetu—

394 5192 659 5244 stissimo
699 5194 928 5244 codice:
990 5187 1296 5244 Κολοφῶνα
1354 5186 1385 5243 λ
1419 5210 1574 5244 γουσι
1630 5192 1694 5244 τὸ
1751 5191 2044 5244 ἀκοότατον

392 5192 659 5266 stissimo
699 5186 1296 5266 codicez‘Kpldcpdwa
1335 5186 1574 5266 ’λέγουσι
1630 5186 1694 5245 es
1751 5191 2045 5266 ἀκρότατον

390 5264 483 5338 καὶ
512 5261 1048 5338 τὸΑκεφάλαιον-ἀπὸ
1103 5260 1303 5330 ταύτης
1366 5260 1625 5338 ἴστορίας,
1674 5268 1781 5338 etc.
1822 5260 2045 5338 "(Scho-

388 5334 537 5389 lium
571 5334 725 5389 istud
762 5352 877 5391 non
912 5336 969 5389 in
1003 5351 1119 5389 uno
1151 5339 1378 5389 tantum
1404 5334 1797 5389 vetustissimo
1828 5334 2046 5402 Codice,

390 5406 494 5461 sed
531 5407 589 5459 in
624 5405 837 5476 plurib.
872 5407 1065 5477 Regiis
1109 5410 1167 5460 et
1214 5404 1398 5476 Colh.)
1458 5426 1486 5455 «
1518 5404 1907 5477 Colophonem
1955 5423 2048 5462 vo-

393 5483 529 5531 cant
561 5483 875 5532 extremam
908 5476 981 5534 ac
999 5493 1293 5533 summam
1325 5477 1616 5547 cujusque
1643 5476 1722 5531 rei
1746 5483 1988 5547 partem.
2018 5501 2041 5530 ι

392 5548 541 5632 ξῌιιο
574 5554 792 5632 veteres
815 5550 1100 5632 proverbii
1133 5548 1256 5604 loco
1297 5542 1827 5632 dicere-xokop-aiva
1875 5546 2049 5632 tam:

392 5617 569 5693 tityon.
587 5642 616 5669 «
640 5617 1281 5693 fastigiumimponere.
1306 5641 1327 5669 ι
1350 5620 1444 5675 Sic
1466 5617 1902 5693 Demosthenes.
1919 5621 2050 5693 ep.3

396 5692 471 5750 ad
502 5690 870 5768 Dionysium.
903 5691 1032 5750 Alia
1052 5690 1197 5750 addi
1226 5694 1464 5767 possent
1499 5691 1783 5765 exempla.
1831 5690 2049 5750 Verum

2152 3341 2343 3399 dicere
2374 3341 2625 3418 licuerit,
2659 3357 2720 3396 se
2750 3342 2821 3396 ad
2854 3341 3201 3418 »_summani
3224 3348 3657 3418 extremamque
3678 3341 3808 3418 par-

2148 3421 2271 3489 τραγ
2292 3436 2320 3462 ››
2351 3412 2635 3489 orationis
2665 3412 3025 3489 pervenisse,
3046 3430 3179 3489 cum
3212 3430 3283 3469 ne
3306 3415 3543 3489 quidem
3562 3412 3646 3472 sit
3669 3412 3805 3489 pars

2150 3483 2428 3560 decima?
2457 3483 2549 3537 vix
2580 3499 2712 3538 eum
2743 3483 2979 3538 initium
3011 3485 3170 3560 istud
3229 3483 3342 3554 est;
3377 3488 3605 3560 nedum
3662 3483 3806 3560 apex

2150 3564 2209 3613 et
2241 3556 2559 3625 fastigium.
2587 3559 2950 3625 Quapropter
2980 3555 3179 3611 malim
3208 3573 3339 3611 cum
3374 3558 3541 3613 Billio
3574 3555 3800 3615 vetere:

2158 3571 2209 3613 et
2241 3571 2559 3679 tasugium.
2587 3571 2950 3625 quapropter
2980 3571 3179 3611 meum
3208 3573 3339 3611 cum
3374 3571 3541 3613 bllllO
3574 3571 3799 3615 vetere:

2158 3627 2387 3701 eiColop
2436 3642 2547 3681 una
2578 3631 2783 3681 vocant
2806 3627 2967 3701 quod
2998 3627 3155 3682 velut
3186 3644 3286 3682 arx
3315 3635 3372 3683 et
3418 3636 3593 3701 caput
3638 3635 3743 3685 est.
3770 3653 3799 3701 »ξ

2152 3699 2251 3755 Sin
2302 3695 2496 3771 autem
2552 3712 2750 3771 vocem
2806 3695 2980 3771 Myos
3034 3715 3155 3771 non
3221 3721 3247 3748 ‹‹
3279 3695 3652 3755 sermonem»
3714 3699 3801 3755 vel

2155 3792 2182 3819 ‹‹
2215 3768 2533 3824 orationem
2561 3789 2590 3817 »
2622 3768 3039 3841 interpreteris,
3064 3770 3163 3825 sed
3182 3792 3213 3841 ις
3235 3771 3540 3837 rationem,
3571 3794 3592 3819 ιι
3624 3786 3801 3841 quam

2153 3842 2345 3895 reddit
2372 3841 2426 3894 fu

2153 3856 2345 3895 ιέααιι
2372 3856 2518 3965 ιυὲω
2549 3856 2666 3893 ευω
2697 3856 3028 3922 UI‘BgOI‘lUS2
3058 3856 3370 3912 Intelllgas,
3405 3856 3553 3896 lavet
3606 3856 3668 3894 το
3710 3861 3798 3895 τε·

2153 3908 2399 3964 λευταῖον
2484 3911 2714 3979 regorii,
2736 3918 2803 3979 ret
2834 3911 3028 3967 Basilii
3058 3913 3254 3966 verba.
3286 3911 3351 3966 Ὃ
3384 3908 3440 3964 δὲ
3494 3908 3803 3965 τελευταῖον

2151 3981 2241 4034 καὶ
2278 3986 2459 4051 μεῖζον
2511 3978 2679 4035 α’ίτιον
2728 3978 2984 4051 δηλονότι
3033 3988 3134 4049 τῆς
3181 3980 3473 4044 ἀπειθείας’
3508 3981 3588 4036 ἐπ’
3617 3982 3799 4048 αὐτὸν,

2153 4050 2306 4129 φησιῖ,
2356 4053 2445 4105 τὸν
2489 4052 2785 4129 κολοφῶνα
2821 4056 2918 4129 τοῦ
2968 4050 3139 4129 λόγομ
3181 4051 3540 4129 πάραγέγονα·
3574 4052 3632 4106 ἐκ
3669 4073 3801 4129 παρ-

2155 4120 2345 4196 ὀιμίιιιςΔ
2418 4120 2767 4196 καὶῌτοῖτο·
2829 4120 3060 4196 ε’ίρηταί
3098 4120 3154 4196 δέ
3210 4120 3471 4196 ἐπὶςτῶν
3547 4120 3800 4196 μεγάλων

2155 4144 2336 4194 οιμιας
2418 4144 2506 4175 και
2587 4144 2767 4177 τουτο·
2829 4144 3037 4196 ειρηται
3098 4144 3154 4176 οε
3210 4144 3298 4179 επι
3364 4144 3471 4178 των
3594 4144 3615 4176 ε
3655 4144 3800 4177 αΛων

2151 4195 2249 4270 καὶ
2324 4192 2785 4270 ἀναντιρῥήτωνμ
2819 4196 2908 4249 καὶ
2987 4193 3230 4270 μεγάλην
3273 4192 3460 4270 Δἰσχὺν
3543 4144 3801 4270 aliter»).

2160 4290 2180 4314 α
2220 4267 2551 4348 Postrema,
2567 4272 2624 4321 et
2639 4268 2885 4348 quidem
2913 4267 3141 4348 caeteris
3166 4267 3804 4348 majorL‘caus’a'_nimi-

2155 4355 2284 4392 rum
2319 4338 2752 4410 inobedientiaa.
2794 4340 2878 4393 Ad
2910 4339 3265 4409 ipsumjam,
3293 4339 3503 4408 inquit,
3527 4338 3807 4410 Colopho-

2156 4426 2288 4464 nem
2329 4408 2609 4481 orationis
2627 4411 2751 4479 jam
2784 4408 3008 4465 deveni.
3059 4410 3638 4481 Proverbiumristud
3669 4408 3801 4481 'est,

2156 4480 2585 4552 diciturquegde
2617 4481 2984 4552 gravissimis
3034 4481 3277 4535 minime
3320 4480 3515 4537 dubiis
3564 4497 3631 4537 ao
3677 4481 3806 4536 sine

2156 4550 2569 4613 controversia,
2624 4550 2684 4606 et
2734 4570 2861 4623 qua;
2914 4553 3027 4623 vim
3084 4552 3255 4623 longe
3313 4552 3626 4623 maximam
3690 4552 3803 4606 ha-

2156 4624 2309 4677 bent.
2338 4643 2471 4697 »__—-
2520 4620 2809 4697 Proverbii
2860 4620 3505 4697 XOXOQELVI‘Eﬁt’FtQéVGt,
3539 4624 3801 4697 _colopho-

2155 4711 2280 4766 nem
2309 4692 2532 4766 addere,
2565 4693 2847 4766 originem
2880 4692 3239 4766 inde’Strabo
3269 4694 3503 4749 deducit
3528 4694 3621 4765 (14
3666 4692 3805 4750 ante

2156 4765 2333 4833 med.)
2365 4765 2517 4836 quod
2550 4765 2889 4837 Colophonii
2919 4766 2977 4820 in
3012 4765 3179 4822 bellis
3210 4766 3352 4821 adeo
3373 4766 3635 4836 equitatu
3658 4781 3804 4837 pris-

2156 4837 2390 4911 stabant
2417 4838 2640 4911 caeteris
2669 4836 3026 4911 nationibus,
3060 4841 3125 4892 ut
3151 4853 3501 4911 quocunque
3523 4836 3803 4911 accessis-

2156 4913 2286 4961 sent
2314 4907 2371 4960 in
2405 4907 2708 4974 auxilium,
2739 4906 3038 4964 victoriam
3072 4906 3339 4979 parerent
3367 4906 3423 4963 et
3456 4906 3602 4963 bello
3626 4908 3802 4963 tinem

2157 4979 2536 5044 imponerent.
2574 4979 2910 5034 FORCELLINI
2940 4980 3014 5034 ad
3043 4995 3239 5034 vocem.

2228 5052 2304 5117 c5)
2346 5045 2719 5113 Τηλικούτων.
2777 5056 2865 5106 lta
2918 5050 3143 5107 Coisl.l
3202 5055 3258 5106 et
3296 5065 3395 5105 sex
3448 5049 3649 5105 Colb.:
3710 5051 3804 5106 ed.

2153 5118 2500 5188 τηλικοῦτον.

2230 5192 2305 5262 (6)
2329 5187 2755 5262 Καὶᾲπιότατον.
2814 5190 3020 5247 Glossa
3076 5191 3257 5246 videri
3308 5190 3495 5262 possit
3545 5190 3744 5246 addita
3776 5208 3812 5247 ιι

2156 5260 2581 5387 Pagiiientsihus
2613 5278 2678 5317 ex
2728 5261 2915 5318 Billio.
2962 5263 3122 5319 Hanc
3171 5260 3364 5319 tamen
3409 5262 3525 5318 duo
3578 5262 3808 5319 codices

2157 5350 2224 5387 ex
2272 5352 2284 5387 ι
2333 5350 2402 5387 en
2436 5374 2448 5386 .

2157 5334 2448 5389 exhibent.

2229 5407 2303 5475 (7)
2330 5399 2593 5479 'Equpa._
2616 5403 2789 5479 Coisl.
2817 5407 2870 5479 2,
2906 5400 3119 5479 εὕυδρα,
3161 5405 3244 5461 sic
3295 5404 3391 5460 ΟΡ.
3523 5408 3601 5479 et_
3629 5404 3803 5461 Elias.

2228 5473 2306 5548 (8)
2353 5473 2648 5548 summa.
2702 5499 2729 5526 ‹‹
2769 5473 2979 5531 Ρεάο.»
3033 5473 3230 5533 minus
3277 5475 3507 5548 proprie
3570 5476 3643 5531 de
3705 5491 3809 5530 ar-

2158 5546 2465 5619 mentario.
2502 5546 2633 5601 Ruf.
2668 5567 2697 5597 ‹‹
2728 5547 2907 5619 virga.
2932 5569 2959 5602 ι»
2996 5548 3139 5605 Gab.
3173 5571 3200 5597 ‹‹
3236 5546 3466 5603 bacillo.
3492 5569 3520 5619 ξ»

2230 5618 2306 5691 (9)
2338 5617 2577 5691 Καὶ,ποῦ
2631 5637 2704 5672 τι.
2755 5614 2897 5676 Οιῖω
2945 5621 3116 5677 unico
3165 5624 3405 5676 accentu
3454 5618 3650 5690 plures
3697 5614 3800 5669 ha-

2158 5689 2299 5749 bent
2330 5689 2496 5747 codd.

2475 3856 2518 3893 se
2549 3839 3028 3912 sumiGregorius,
3058 3840 3370 3912 intelligas,
3388 3844 3567 3912 favet
3606 3839 3668 3894 τὸ
3710 3861 3798 3895 τε·
