4184 6202
380 371 498 428 419

1617 356 1683 415 S.
1732 354 2101 416 GREGORII
2152 355 2546 416 THEOLOGI

3667 353 3784 414 422

380 502 571 565 erunt,
604 502 660 553 et
691 497 747 549 in
780 493 1024 565 pulchra
1053 489 1233 545 herba
1279 504 1492 558 corpus
1541 491 1798 543 sternere
1850 492 2002 559 atqui

2137 485 2241 540 ὑπὸ
2292 491 2410 548 ταῖς
2463 482 2651 561 αὔραις
2704 482 2983 560 σχεδιάσαι
3029 479 3272 552 στιϐάδα,
3304 483 3392 538 καὶ
3438 489 3544 538 ποῦ
3591 505 3641 539 τι
3691 484 3783 538 καὶ

375 602 556 660 prope
587 583 839 655 gelidam
872 596 1084 650 aquam
1117 583 1173 633 et
1202 576 1309 631 sub
1344 575 1644 631 lenissima
1672 593 1815 631 aura
1845 575 2026 632 lectu-

378 675 501 730 lum
551 690 618 728 ex
667 677 929 740 tempore
985 666 1374 737 compingere,
1435 665 1786 719 amatorium
1846 664 2023 721 etiam

377 761 656 832 quiddam
683 774 814 812 cum
849 757 941 811 l7
981 753 1231 826 cissybio
1264 751 1586 819 cantillare,
1641 769 1706 807 ac
1757 769 1892 808 oves
1934 752 2022 808 vel

376 851 550 904 boves
581 846 819 917 alioqui,
840 851 896 900 et
921 862 989 900 ex
1008 845 1096 898 his
1121 843 1297 898 etiam
1323 841 1742 912 pinguissimae
1761 858 2050 914 quasque

372 936 694 1002 comedere,
724 939 826 988 aut
857 934 1038 1005 pretio
1071 932 1356 986 addicere.
1421 931 1664 984 Virtutis
1711 947 1842 986 vero
1893 947 2021 1003 gre-

370 1041 510 1096 gum
543 1029 645 1078 aut
673 1027 1069 1078 armentorum
1103 1037 1175 1075 ne
1204 1017 1502 1074 levissima
1551 1018 1787 1087 quidem
1834 1020 2022 1074 ullum

2132 573 2389 650 ἐρωτικὸν
2424 574 2546 644 ᾆσαι
2602 575 2737 646 μετὰ
2777 577 2874 628 τοῦ
2924 567 3207 628 κισσυϐίου
3240 574 3374 646 (10),
3405 571 3495 627 καὶ
3533 572 3784 648 προσλα-

2135 660 2302 732 λῆσαι
2346 667 2464 725 ταῖς
2516 662 2699 739 βουσὶν
2739 664 2773 732 ἢ
2819 667 2887 734 τῇ
2939 662 3165 735 ποίμνῃ·
3212 661 3300 717 καὶ
3355 662 3561 716 τούτων
3607 661 3784 717 αὐτῶν

2133 755 2476 824 θοινήσασθυι
2508 757 2621 827 (11)
2668 755 2702 824 ἢ
2752 751 3045 808 ἀποδόσθαι
3105 754 3168 808 τὸ
3223 752 3501 809 πιότατον.
3555 755 3780 828 Ἀρετῆς

2135 839 2191 896 δὲ
2223 841 2398 905 οὐδείς
2436 865 2524 898 πω
2582 842 2854 916 ποιμνίων
2901 844 3014 916 (12)
3044 842 3079 910 ἢ
3118 840 3421 917 βουκολίων
3482 841 3779 918 ἐφρόντισε.

2132 930 2221 992 Τίς
2281 931 2383 1006 γὰρ
2443 931 2531 986 καὶ
2589 931 2751 1006 ἀρετῆ
2811 929 3124 999 τούτωνςῆ
3165 930 3247 992 τίς
3299 930 3360 984 τὸ
3410 929 3634 992 ἐκείνοις
3667 932 3783 1003 (13)

2134 1018 2299 1074 καλὸν
2330 1021 2434 1096 πρὸ
2461 1027 2561 1090 τῆς
2597 1017 2735 1082 ἰδίας
2765 1017 2970 1090 ἡδονῆς
3002 1018 3297 1093 tasquae;

368 1129 629 1184 unquam
663 1129 804 1166 cura
833 1109 1039 1180 tetigit.
1073 1109 1205 1173 Quae
1236 1107 1392 1162 enim
1443 1105 1626 1161 virtus
1658 1122 1860 1162 eorum
1890 1123 2018 1164 esse
2048 1110 2271 1178 queat?
2305 1115 2405 1165 aut
2460 1110 2589 1181 quis
2648 1127 2850 1166 eorum
2897 1111 3274 1168 commodum
3348 1110 3544 1182 potius
3593 1126 3772 1182 quam

366 1201 721 1272 voluptatem
753 1214 923 1254 suam
957 1197 1294 1269 spectavit?

439 1289 505 1345 X.
537 1290 610 1344 At
632 1304 762 1343 vero
795 1285 1018 1341 homini
1050 1303 1184 1341 cum
1217 1287 1452 1344 difﬁcile
1483 1288 1556 1344 sit
1585 1286 1734 1341 scire
1795 1299 1996 1356 parere

2200 1285 2255 1341 l'.
2290 1285 2588 1360 Ἀτθρώπῳ
2620 1281 2677 1339 δὲ
2735 1282 2984 1360 χαλεποῦ
3027 1280 3180 1346 ὄντος
3224 1289 3320 1339 τοῦ
3372 1281 3565 1340 εἶδὲναι
3613 1283 3752 1360 ἄρχε

368 1383 497 1434 tum
529 1377 715 1432 multo
747 1375 1045 1431 difficilius
1076 1392 1204 1431 esse
1233 1377 1480 1446 videtur,
1512 1377 1659 1431 scire
1680 1373 2002 1429 hominibui

2128 1375 2265 1444 σθαι,
2315 1371 2610 1429 κινδυνεύει
2660 1376 2769 1446 (14)
2827 1371 3026 1445 πολλῷ
3077 1372 3465 1449 χαλεπώτερον
3527 1372 3663 1427 εἶναι
3706 1374 3776 1428 τὸ

369 1467 676 1539 imperare,
703 1482 767 1521 ac
791 1464 1113 1536 praesertim
1143 1465 1199 1519 in
1224 1465 1332 1521 hoc
1355 1471 1550 1521 nostro
1575 1461 1837 1535 imperio,
1864 1461 2002 1532 quoc'

2128 1459 2320 1517 siSévai
2353 1461 2538 1539 ἄρχειν
2571 1462 2892 1535 ἀνθρώπων,
2923 1463 3012 1516 καὶ
3043 1460 3279 1535 μάλιστα
3309 1459 3375 1531 δὴ
3430 1462 3607 1538 ἀρχὴν
3646 1461 3775 1516 ταύ-

367 1557 427 1611 in
460 1556 585 1628 lege
616 1555 812 1609 divina
843 1555 1021 1608 situm
1054 1557 1160 1619 est,
1193 1559 1249 1608 et
1279 1557 1349 1609 ad
1388 1557 1567 1610 Deum
1601 1553 1797 1608 ducit:
1849 1552 2020 1620 cujus

366 1661 481 1717 quo
517 1647 708 1714 majus
748 1647 838 1698 est
893 1642 1207 1713 fastigium,
1269 1645 1574 1714 majorque
1623 1641 1896 1711 dignitas,
1952 1655 2017 1695 eo

364 1734 539 1788 etiam
575 1734 764 1802 majus
788 1730 1108 1803 periculum
1138 1736 1243 1799 est,
1274 1733 1546 1803 prudenti
1571 1732 1769 1801 utique
1792 1727 2016 1783 homini

363 1828 420 1877 et
451 1823 708 1877 cordato.
754 1821 976 1891 Quippe
1030 1821 1119 1874 cui
1178 1821 1433 1891 primum
1485 1821 1627 1874 illud
1688 1818 2013 1873 curandum

2124 1571 2222 1620 την
2253 1554 2364 1620 (15)
2391 1553 2490 1620 τήν
2536 1552 2824 1625 ἡμετέραν,
2856 1553 2954 1619 τὴν
2998 1550 3049 1605 ἐν
3091 1550 3245 1623 νόμῳ
3295 1550 3445 1623 θείῳ,
3501 1551 3591 1604 καὶ
3633 1551 3772 1625 πρὸς

2126 1640 2253 1693 Θεὸν
2288 1638 2542 1713 ἄγουσαν,
2571 1642 2637 1709 ἧς
2671 1639 2792 1694 ὅσον
2824 1640 2886 1694 τὸ
2915 1639 3050 1713 ὕψος
3081 1637 3170 1694 καί
3214 1639 3276 1694 τὸ
3319 1639 3550 1711 ἀξίωμα,
3577 1643 3773 1693 τοσοῦ-

2125 1748 2217 1789 τος
2266 1728 2355 1782 καὶ
2404 1731 2431 1782 ὁ
2481 1726 2722 1790 κίνδυνος
2772 1730 2851 1800 τῷ
2881 1750 2941 1804 γε
2971 1733 3092 1783 νοῦν
3127 1725 3332 1802 ἔχοντι.
3365 1730 3457 1781 "0v
3509 1749 3569 1804 ys
3616 1732 3771 1803 πρῶ-

2123 1837 2213 1870 τον
2268 1818 2361 1888 μὲν
2415 1814 2616 1887 δεήσει,
2663 1819 2901 1892 καθάπερ
2954 1818 3182 1894 ἄργυρον
3211 1819 3244 1886 ἦ
3291 1817 3513 1891 χρυσὸν,
3563 1818 3772 1870 παντα-

366 1910 494 1979 erit,
528 1913 591 1964 ut
623 1908 846 1982 argenti
879 1914 1053 1979 atque
1085 1909 1211 1963 auri
1270 1910 1475 1974 instar,
1528 1909 1688 1963 omni
1737 1923 1806 1962 ex
1854 1911 2002 1977 parte

2123 1904 2284 1980 χόθεν
2319 1906 2701 1984 στρεφόμενον,
2733 1907 2819 1960 καὶ
2848 1907 2900 1961 ἐν
2943 1907 3220 1968 παντοίοις
3254 1909 3365 1978 (16)
3415 1911 3626 1980 καιροῖς
3676 1904 3769 1960 καὶ

365 2005 654 2065 versatus,
687 2005 858 2069 atque
889 1999 947 2053 in
979 1999 1254 2052 omnibus
1304 1997 1666 2067 temporibus
1707 2000 1764 2051 et
1813 1996 2007 2062 rebus,

365 2105 656 2158 nusquam
689 2088 1042 2141 adulterium
1067 2092 1167 2140 aut
1199 2087 1554 2141 subaeratum
1587 2085 1865 2156 quiddam
1899 2083 2012 2139 tin-

364 2179 506 2244 niat,
532 2175 794 2245 nihilque
817 2176 1120 2230 deterioris
1141 2176 1415 2241 materiae,
1441 2172 2011 2246 flammaqueacriori

362 2266 572 2336 dignae,
607 2265 665 2318 in
697 2265 888 2334 seipso
920 2267 1106 2335 gestet
1135 2264 1211 2320 ι¹⁸;
1268 2281 1402 2318 nam
1437 2262 1655 2334 alioqui
1695 2266 1854 2317 tanto
1885 2277 2012 2331 gra-

359 2355 490 2412 vius
523 2353 742 2409 malum
775 2353 967 2417 fuerit,
1001 2357 1219 2423 quanto
1251 2352 1519 2424 pluribus
1549 2350 1868 2422 imperarit.
1927 2349 2012 2404 Si-

359 2442 599 2516 quidem
628 2444 816 2512 major
844 2445 1031 2496 estea
1070 2441 1437 2512 improbitas,
1492 2458 1624 2513 quae
1672 2440 1742 2496 ad
1794 2438 2011 2496 multos

359 2533 557 2604 serpit,
592 2547 766 2601 quam
798 2548 865 2586 ea
893 2547 1018 2601 quas
1051 2531 1112 2585 in
1145 2548 1260 2586 uno
1292 2531 1480 2586 deﬁxa
1512 2530 1711 2585 haeret.

428 2621 517 2675 ΧΙ.
553 2620 746 2691 Neque
777 2619 929 2674 enim
964 2619 1051 2674 vel
1085 2618 1456 2674 indelebilem
1504 2619 1820 2673 tincturam
1874 2633 2011 2689 pan-

358 2725 490 2778 nus,
524 2707 611 2762 vel
644 2708 912 2762 tmtidum
950 2712 1049 2762 aut
1080 2724 1316 2763 suavem
1349 2708 1585 2762 odorem
1619 2723 1709 2762 res
1764 2707 2008 2761 admotae

357 2796 436 2850 ita
463 2794 630 2850 facile
660 2795 1033 2860 contrahunt,
1083 2796 1168 2850 vel
1228 2795 1476 2851 exitialis
1538 2796 1777 2865 quidam
1832 2811 2011 2865 vapor

356 2887 478 2938 tam
513 2881 678 2937 facile
711 2883 767 2936 in
803 2900 992 2937 aerem
1027 2885 1394 2950 diffunditur,
1428 2901 1491 2938 ac
1527 2901 1624 2955 per
1655 2900 1844 2939 aerem
1878 2901 2008 2937 ani-

357 2972 581 3026 mantia
607 2977 867 3041 occupat,
903 2973 1058 3040 quod
1084 2971 1318 3040 quidem
1345 2971 1522 3043 pestis
1549 2977 1604 3025 et
1624 2978 1713 3027 est
1733 2978 1790 3026 et
1811 2969 2008 3044 appel-

357 3060 532 3128 latur,
557 3076 730 3130 quam
756 3059 1288 3126 subditi,antistitis
1313 3059 1684 3131 improbitate
1709 3059 2007 3117 celerrime

356 3147 586 3220 impleri
614 3147 822 3213 solent,
858 3152 913 3202 et
943 3147 1176 3218 quidem
1210 3147 1392 3204 multo
1425 3148 1651 3203 facilius
1683 3165 1849 3220 quam
1895 3148 2006 3204 vir-

356 3239 498 3292 tute.
531 3236 648 3291 Hoc
682 3236 836 3291 enim
878 3242 984 3306 est,
1019 3237 1076 3290 in
1111 3253 1225 3308 quo
1269 3237 1614 3308 improbitas
1657 3237 2003 3308 probitatem

351 3325 603 3381 maxime
634 3329 896 3395 superat,
931 3329 987 3380 et
1027 3326 1180 3396 quod
1241 3325 1365 3396 ipse
1423 3342 1652 3382 mecum
1702 3331 2002 3398 reputans,

349 3412 763 3485 indignissime
789 3419 962 3484 atque
993 3413 1366 3469 acerbissime
1394 3415 1508 3469 fero
1536 3433 1548 3482 ;
1575 3416 1727 3485 quod
1755 3433 1886 3470 cum
1913 3433 2003 3472 res

347 3501 611 3574 quaedam
643 3501 713 3555 ad
744 3501 1094 3555 imitandum
1132 3519 1312 3572 prona
1338 3507 1392 3556 et
1407 3503 1678 3573 expedita
1695 3503 2002 3574 sitimpro-

345 3590 519 3658 bitas,
554 3605 656 3643 nec
687 3589 1010 3660 quidquam
1038 3594 1156 3644 tam
1192 3590 1355 3644 facile
1389 3592 1487 3656 sit,
1547 3607 1723 3662 quam
1777 3592 1999 3648 malum

342 3677 489 3747 ﬁeri,
521 3677 752 3732 etiamsi
788 3694 958 3732 nemo
990 3678 1197 3732 ducem
1232 3695 1290 3733 se
1325 3679 1494 3733 nobis
1522 3681 1593 3734 ad
1626 3680 1830 3734 vitium
1856 3697 1997 3751 prae-

343 3765 493 3832 beat,
527 3782 659 3820 rara
707 3770 902 3821 tamen
965 3770 1020 3821 et
1075 3768 1257 3822 ardua
1314 3773 1402 3822 est
1458 3768 1691 3824 virtutis
1741 3770 1994 3844 adeptio,

340 3852 666 3924 quamlibet
694 3854 869 3909 etiam
905 3854 1089 3909 multa
1116 3857 1253 3926 sint,
1305 3872 1436 3927 quae
1468 3872 1572 3911 nos
1612 3858 1682 3911 ad
1715 3874 1842 3912 eam
1874 3862 1996 3912 tra-

340 3939 485 3995 bant
515 3949 568 3995 et
597 3940 859 3996 invitent.
915 3943 1077 4008 Quod
1136 3943 1309 3998 etiam
1360 3943 1559 4014 ipsum
1594 3960 1626 3998 a
1656 3944 1994 4000 beatissimo

411 4046 458 4080 ³³
488 4045 511 4100 Ι
541 4046 668 4101 Cor.
705 4062 787 4114 iu,
825 4048 890 4102 12
928 4053 986 4103 et
1016 4065 1138 4120 seq.

413 4169 526 4248 (10)
583 4168 727 4248 Μετρ
780 4174 876 4248 τοῦ
935 4166 1232 4248 κιέσσυ-ὅίου.
1304 4174 1476 4229 Deest
1525 4175 1582 4229 in
1643 4179 1768 4248 octo
1827 4176 1963 4248 Reg.

343 4222 595 4321 qu‘atuor
613 4222 1253 4321 Qolb.,VJes.,t)vr;1_,
1266 4222 1474 4321 ficii
1490 4222 1764 4321 cis-svbio:
1779 4270 1808 4321 n

341 4311 573 4388 quidem
595 4315 892 4388 utorgano
917 4315 1158 4383 musico,
1184 4317 1282 4370 sed
1307 4333 1371 4370 eo
1395 4320 1465 4371 ad
1494 4311 1644 4371 latu's
1668 4311 1987 4388 pendente;

341 4380 474 4462 nam
508 4380 823 4462 cissybidm
869 4391 956 4439 est
1012 4380 1201 4462 poculi
1257 4403 1467 4462 genus
1505 4380 1990 4462 pastorumppro;

341 4403 474 4462 nam
508 4403 823 4469 cxssyoium
869 4403 956 4439 est
1012 4403 1201 4458 pOCUll
1298 4404 1442 4443 enus
1505 4403 1803 4459 pastorum
1851 4408 1987 4462 pro-

337 4452 691 4535 p.rlum,‘tltt§
722 4453 818 4535 τοῦ
856 4459 1064 4535 κισσοῦ,
1124 4403 1292 4528 ψιοὲ
1329 4459 1399 4513 ab
1457 4459 1668 4515 hedera
1717 4460 1840 4517 fieri
1899 4462 1987 4518 vel

335 4524 685 4580 circumdari
719 4527 945 4581 soleret.

406 4595 520 4672 (11)
579 4597 1316 4672 80tv1§ca_aOan._Exponunt
1366 4598 1524 4654 Coll).
1581 4618 1636 4655 m
1689 4606 1746 4656 et
1801 4602 1984 4672 0r.1,

333 4644 540 4746 Tpotpﬁ’v
599 4644 1180 4741 προσενέγκασθαιῖῘά
1232 4675 1337 4738 est,
1391 4672 1612 4726 «cibos
1663 4679 1717 4727 et
2019 4644 2062 4708 Β

337 4739 663 4808 praebere”;

408 4808 518 4878 (12)
563 4804 761 4888 Quasi;
812 4831 897 4888 πω
953 4810 1334 4888 ποιμνίωνᾎ-ις
1366 4812 1623 4888 Virtutis,
1667 4830 1802 4870 vero
1847 4832 1980 4888 gre-

336 4893 498 4958 gum,
525 4885 686 4958 »_etc.
711 4881 797 4936 Sic
815 4884 988 4951 Elias,
1015 4881 1206 4958 Rufin.
1249 4884 1391 4939 Oliv.
1439 4891 1495 4939 et
1529 4883 1668 4939 Gab.
1720 4881 1976 4958 Gregorii

334 4951 509 5005 verba
553 4950 1024 5030 interpretantur.
1079 4956 1438 5030 Bilius_vero
1479 4973 1682 5030 (curam
1739 4960 1806 5013 ad
1833 4950 1981 5030 “gre-

335 5021 782 5098 g_em_refert,_'et
831 5028 911 5080 sic
959 5030 1163 5083 vertit:
1215 5026 1523 5098 «Virtutis
1574 5044 1743 5098 porro
1789 5021 1981 5087 negle-

332 5092 576 5147 vissima
605 5093 839 5177 quidem
873 5115 1012 5154 cura
1042 5115 1277 5170 gregem
1310 5097 1495 5153 ullum
1521 5092 1623 5154 aut
1648 5106 1978 5158 armentum

339 5178 600 5232 unquam
635 5168 891 5232 tetigit.»

367 5233 515 5314 ,(13)
542 5232 722 5316 13455
742 5232 996 5316 ἶκείνοιε.
1060 5245 1228 5316 Deest
1263 5239 1342 5300 τίς
1394 5240 1452 5295 in
1510 5245 1804 5316 ses__Reg.
1857 5244 1982 5316 ple-

332 5305 531 5386 risque
552 5305 712 5386 Qolb.
745 5327 757 5364 :
785 5310 929 5386 ,[οεη
953 5310 1330 5386 0r.1_,habent
1348 5316 1542 5386 tamen
1555 5313 1652 5367 alii
1681 5305 1794 5368 non
1813 5305 1982 5386 pauci

333 5372 451 5431 Pro
487 5372 730 5449 Ξκείνοις,
790 5372 928 5452 Reg:
993 5383 1018 5437 1
1075 5372 1250 5439 habet
1307 5380 1534 5455 ἐκείνης,
1593 5372 1978 5457 ηθωρίποί-

333 5464 496 5519 μνης.

542 5517 866 5595 [ςινδυνεύει.
901 5524 1072 5584 Coisl.
1110 5527 1159 5595 1,
1191 5520 1538 5583 κινδυνεύσει.

406 5590 522 5664 (15)
565 5590 773 5668 ’Δρχήν
831 5595 1050 5666 ταύτην.
1109 5590 1307 5655 Petav.
1363 5602 1407 5654 ι.
1438 5597 1563 5668 LIII,
1615 5595 1718 5655 lib.
1773 5601 1975 5661 E06168.

406 5610 522 5664 (ιθ)
579 5610 626 5646 Δ
710 5610 773 5662 ην
831 5610 1050 5666 ταυτην.
1109 5610 1307 5655 Petav.
1363 5610 1563 5668 Liui,
1615 5610 1718 5655 ιιι).
1773 5610 1974 5661 Eccles.

330 5658 493 5736 luem,
526 5679 584 5721 n.
737 5684 796 5741 p.
826 5668 951 5742 857,
1011 5693 1032 5721 ιι
1066 5669 1391 5744 praesertim
1439 5667 1543 5727 tali
1593 5669 1823 5744 imperii
1874 5690 1974 5751 ge-

2121 1995 2420 2069 πράγμασι,
2472 1994 2729 2067 μηδαμοῦ
2785 1990 3051 2066 κίϐδηλον
3110 1997 3270 2070 ἠχεῖν
3327 1996 3362 2058 ἢ
3421 1990 3766 2070 ὑπόχαλκον,

2127 2080 2266 2154 μηδέ
2295 2103 2344 2135 τι
2373 2085 2549 2160 φερειν
2577 2084 2628 2138 ἐν
2658 2085 2829 2155 ἑαυτῷ
2861 2083 2998 2152 ὕλης
3054 2091 3154 2153 τῆς
3205 2083 3476 2159 χείρονος,
3508 2084 3598 2138 καὶ
3649 2096 3766 2159 θερ-

2127 2169 2356 2246 μοτέρου
2419 2172 2589 2246 πυρὸς
2629 2173 2795 2242 ἀξίας·
2848 2174 2881 2240 ἢ
2923 2171 3167 2244 τοσούτῳ
3246 2177 3427 2245 μεῖζον
3477 2168 3624 2228 ἔσται
3677 2193 3772 2227 κα-

2120 2261 2231 2328 κὸν,
2267 2260 2377 2333 ὅσῳ
2407 2281 2506 2334 περ
2542 2260 2599 2315 ἂν
2651 2257 2796 2337 ἄρχῃ
2844 2260 3110 2316 πλειόνων
3144 2263 3276 2333 (17)·
3313 2259 3460 2336 εἷ’περ
3505 2262 3594 2316 καὶ
3646 2261 3766 2334 μεί-

2125 2353 2228 2418 ζων
2254 2351 2354 2418 τῆς
2383 2349 2505 2426 περὶ
2535 2346 2628 2405 ἕνα
2658 2350 2952 2423 ἱσταμένης
2997 2350 3260 2424 πονηρίας
3313 2352 3347 2420 ἡ
3395 2349 3468 2411 εἷς
3514 2347 3764 2412 πολλοὺς

2122 2435 2402 2494 ὁδεύουσα.

2192 2616 2293 2671 IA'.
2327 2614 2399 2668 οὐ
2429 2615 2530 2690 γὰρ
2580 2613 2751 2677 οὕτως
2801 2614 2924 2671 οὕτε
2979 2613 3300 2670 δευσοποιοῦ
3358 2615 3533 2693 βαφῆς
3594 2636 3765 2689 μετα·-

2120 2699 2386 2776 λαμϐάνει
2419 2701 2616 2777 ῥᾳδίως
2651 2703 2887 2780 ὕφασμα,
2923 2700 3044 2758 οὕτε
3085 2701 3350 2766 δυσωδίας
3393 2705 3427 2774 ἣ
3474 2709 3570 2758 τοῦ
3619 2704 3767 2759 ἐναν-

2118 2793 2234 2847 τίου
2283 2793 2345 2846 τὸ
2392 2791 2718 2863 πλησιάσαν,
2753 2789 2874 2848 οὕτε
2923 2793 3114 2868 νοσερά
3159 2814 3244 2855 τις
3295 2792 3467 2854 οὕτως
3519 2793 3763 2856 εὐκόλως

2118 2883 2396 2957 ἀναχεῖται
2457 2882 2530 2943 εἷς
2582 2882 2672 2935 τὸν
2730 2883 2877 2956 ἀέρα,
2908 2882 2997 2936 καὶ
3057 2880 3144 2936 διὰ
3206 2886 3303 2937 τοῦ
3359 2881 3513 2958 ἀέρος
3573 2880 3764 2954 ὁμιλεῖ

2116 2976 2231 3033 τοῖς
2264 2972 2422 3039 ζώοις
2455 2968 2636 3042 ἆτμίς,
2671 2971 2698 3024 ὃ
2727 2966 2792 3038 δὴ
2829 2969 3027 3043 λοιμός
3060 2970 3168 3025 ἐστί
3199 2992 3255 3026 τε
3286 2974 3392 3043 (18)
3417 2971 3505 3024 καὶ
3553 2971 3764 3043 ὀνομά-

2121 3065 2282 3129 ζεται,
2317 3060 2389 3120 ὡς
2445 3057 2595 3136 φιλεῖ
2647 3060 2878 3133 τάχιστα
2931 3066 3031 3127 τῆς
3086 3064 3182 3113 τοῦ
3242 3064 3584 3133 προεστῶτος
3644 3062 3760 3132 (19)

2114 3149 2302 3210 κακίας
2362 3147 2805 3220 ἀναπίμπλασθαι
2861 3148 2923 3201 τὸ
2979 3148 3242 3219 ὑπήκοον,
3301 3148 3390 3204 καὶ
3459 3147 3657 3220 πολλῷ
3699 3169 3764 3224 γε

2120 3237 2244 3312 ῥᾷον
2284 3239 2440 3306 ἢτοῦ
2486 3236 2745 3308 ἐναντίου,
2775 3243 2875 3305 τῆς
2925 3236 3139 3313 ἀρετῆς.
3171 3241 3338 3292 Τοῦτο
3385 3239 3487 3313 γάρ
3537 3238 3677 3293 ἐστιν
3731 3237 3761 3292 ὃ

2121 3325 2496 3399 μάλιστα
2541 3323 2858 3380 πλεονεκτεῖ
2911 3326 3011 3394 τὴν
3067 3324 3460 3402 καλοκαγαθίαν
3507 3329 3541 3396 ἡ
3591 3347 3764 3396 πονη-

2115 3415 2224 3491 ρία,
2258 3414 2345 3469 καὶ
2395 3415 2424 3469 ὃ
2479 3413 2714 3487 μάλιστα
2771 3413 2879 3488 ἐγὼ
2939 3411 3280 3490 δυσχεραίνω
3334 3419 3631 3488 κατανοῶν,
3678 3413 3764 3471 ὅτι

2112 3503 2424 3574 εύζήλωτον
2480 3501 2572 3576 μὲν
2618 3524 2668 3557 τι
2716 3502 2804 3556 καιῖ
2847 3502 3144 3578 πρόχειρον
3169 3506 3279 3576 (21)
3310 3510 3538 3579 πρᾶγμα
3587 3506 3622 3573 ἡ
3658 3525 3763 3576 μσς·

2108 3591 2331 3667 χθηρία,
2365 3590 2452 3645 καὶ
2494 3588 2645 3644 οὐδὲν
2701 3590 2844 3646 οὕτω
2897 3588 3103 3666 ῥᾴδιον,
3139 3592 3213 3653 ὡς
3260 3592 3322 3646 τὸ
3368 3592 3607 3668 γενέσθαι
3657 3613 3761 3647 κα-

2106 3682 2220 3750 κὸν,
2269 3680 2363 3734 κᾶν
2411 3682 2522 3753 (22)
2575 3679 2729 3751 εἷμή
2775 3677 2934 3754 τύχοι
2983 3680 3121 3754 πρὸς
3168 3679 3367 3750 ταύτην
3437 3683 3552 3751 (23)
3606 3683 3756 3753 ἡμᾶς

2107 3767 2248 3845 ἄγων
2299 3765 2506 3840 μηδείς’
2561 3767 2780 3821 σπάνιον
2833 3765 2890 3822 δὲ
2937 3771 2971 3836 ἡ
3021 3773 3118 3822 τοῦ
3167 3768 3368 3842 ἀγαθοῦ
3426 3775 3616 3838 κτῆσις
3662 3769 3754 3824 καὶ

2104 3859 2418 3932 πρόσαντες,
2451 3857 2546 3911 κᾶν
2576 3857 2621 3911 εἰ
2667 3855 2811 3910 πολὺ
2859 3857 2920 3911 τὸ
2963 3855 3224 3930 μεθέλκον
3277 3855 3361 3925 siin
3415 3858 3502 3913 καὶ
3545 3879 3753 3934 προκα-

2104 3947 2388 4020 λούμενον.
2422 3945 2519 4000 Καὶ
2576 3945 2736 4000 τοῦτό
2797 3945 2934 4000 ἐστιν
2969 3945 2999 4000 ὅ
3033 3966 3125 4018 μοι
3187 3944 3341 4002 δοκεῖ
3388 3947 3476 4001 καὶ
3511 3948 3539 4002 ὁ
3577 3967 3751 4020 μακα-

2101 4197 2256 4247 nere,
2289 4178 2620 4252 cujusmodi
2651 4182 2752 4252 est
2771 4183 3054 4246 nostrum,
3078 4180 3242 4252 quod
3275 4180 3332 4252 in
3378 4179 3501 4251 lege
3553 4180 3751 4237 divina

2100 4249 2499 4324 positum—est,
2531 4249 2903 4324 etadDeum
2955 4251 3237 4324 perducit.
3288 4249 3468 4324 Cujus
3516 4251 3750 4323 imperii

2142 4329 2317 4378 uanta
2346 4327 2435 4378 est
2465 4321 2820 4388 sublimitas,
2852 4346 2873 4374 ι
2910 4327 3017 4377 etc.
3050 4322 3271 4386 Quibus
3302 4322 3493 4378 verbis
3556 4321 3749 4380 sacer-

2142 4343 2317 4378 uanta
2346 4343 2435 4378 εει
2465 4343 2820 4388 δυοιιωιιδδ,
2852 4346 2873 4374 Ι
2910 4343 3017 4377 Θῐϐ.
3050 4343 3271 4386 υυιῡυδ
3302 4343 3493 4378 VBI‘DIS
3556 4343 3638 4379 88(

2100 4343 2240 4451 gotii
2277 4397 2615 4464 potestatem
2648 4402 2849 4448 contra
2873 4393 3226 4448 Salmasium
3259 4394 3638 4449 demonstrat.

2168 4462 2290 4537 (16)*
2312 4462 2619 4537 Παντοίοις.
2656 4485 2686 4537 (ς
2719 4465 2782 4537 In
2813 4464 3074 4535 cujusvis
3106 4465 3334 4537 generis
3383 4466 3749 4536 temporibus

2097 4543 2152 4594 et
2178 4535 2447 4608 negotiis,
2470 4557 2496 4586 π
2532 4535 2788 4590 Comhef.

2166 4601 2510 4681 (17)’¹Δρχῃ.
2545 4612 2681 4681 Beg.
2716 4624 2763 4671 r,
2795 4601 2974 4681 ἄρχει,
3010 4623 3125 4681 non
3150 4605 3320 4681 male.

2167 4622 2279 4676 (1‘1)
2308 4622 2510 4681 ’”Δρχη.
2545 4622 2619 4661 ne
2670 4649 2681 4660 .
2716 4624 2763 4671 r,
2795 4623 2974 4680 αρχει,
3010 4623 3125 4660 non
3150 4622 3320 4661 male.

2167 4681 2275 4750 (18)
2308 4659 2512 4748 Λοιμός
2547 4622 2661 4729 ἐστῆ
2685 4696 2761 4731 τε.
2797 4677 2904 4731 Alii
2940 4679 3187 4746 codices,
3248 4674 3444 4748 λοιμὸς
3495 4671 3603 4730 ἔστι
3666 4697 3748 4733 τε.

2165 4751 2277 4821 (19)
2309 4752 2677 4821 Προεστῶτος.
2716 4770 2743 4798 α
2774 4750 3087 4821 Antistitis.
3125 4771 3152 4798 υ
3185 4766 3311 4820 qua
3351 4766 3455 4804 vox
3493 4750 3562 4803 de
3619 4766 3748 4804 om-

2093 4819 2268 4878 nibus
2300 4819 2398 4892 qui
2431 4825 2731 4892 praesunt,
2762 4819 2919 4892 sive,
2942 4819 3264 4892 episcopis,
3307 4820 3424 4876 sive
3473 4821 3746 4875 sacerdo-

2087 4895 2250 4949 tibus
2280 4891 2368 4948 est
2400 4891 2797 4962 intelligenda.
2858 4891 3002 4945 Hinc
3042 4891 3345 4946 Gabrielus
3401 4892 3588 4962 magis
3637 4893 3747 4946 ad-

2087 4967 2202 5038 huc
2233 4965 2592 5038 generatim:
2631 4982 2651 5010 σ
2688 4963 3022 5033 Principum
3049 4963 3206 5018 vitiis
3238 4963 3395 5017 infici
3435 4963 3582 5018 solet
3620 4968 3746 5018 tota

2087 5037 2310 5093 civitas.
2345 5057 2372 5085 ››

2159 5108 2271 5179 (20)
2300 5106 2366 5179 Ὃ
2402 5101 2660 5179 μᾴλιστα,
2680 5103 2784 5179 Δ5ἰο
2816 5108 2962 5179 sept.
3015 5104 3217 5176 Regg.,
3249 5104 3408 5179 Qolb.
3469 5109 3744 5179 quatuor,

2091 5175 2185 5234 Or'.
2224 5175 2421 5247 1,Jes.‘
2449 5178 2579 5231 Bas.
2635 5176 2882 5247 Chrys,
2908 5175 3066 5247 hom:
3107 5175 3180 5242 ’2’,
3237 5178 3315 5231 De
3359 5175 3598 5247 stat-ais:
3645 5178 3742 5229 Ἔν

2091 5243 2265 5314 ἐστιν,
2313 5248 2342 5302 ’ὀ
2403 5243 2552 5300 δοκεῖ
2603 5251 2703 5314 τῆς
2754 5243 2945 5307 ’πενίας
3005 5243 3344 5300 πλεονεκτεῖν
3395 5247 3422 5300 ὁ
3481 5243 3744 5309 πλοῦτος.

2089 5321 2201 5376 Alii
2232 5320 2449 5374 habent
2477 5319 2522 5390 ᾧ
2557 5316 2812 5388 μάλιστα.
2846 5318 2957 5390 Sed
2989 5318 3226 5390 perinde
3255 5322 3364 5375 est.

2161 5388 2659 5465 (21)-ᾹΠρόχειρον.
2718 5388 2946 5446 Similia
2993 5388 3181 5447 habes
3238 5392 3297 5447 in
3353 5390 3450 5448 ΟΡ.
3516 5389 3592 5447 al.
3647 5390 3740 5457 22,

2091 5481 2248 5520 nunc
2278 5463 2522 5527 44,116.

2183 5536 2274 5590 22l
2304 5532 2429 5588 Κᾶν.
2464 5532 2574 5588 Alii
2605 5531 2830 5588 codices
2859 5527 2946 5585 καὶ
2978 5529 3044 5588 εί.

2183 5539 2253 5590 22
2304 5536 2429 5588 Κᾶν.
2464 5536 2574 5588 Alii
2605 5536 2830 5588 codices
2859 5536 2946 5585 καί
2978 5536 3044 5588 εἰ.

2161 5536 2274 5682 (23;
2301 5605 2442 5681 Πρὸς
2469 5602 2693 5678 ταύτην.
2725 5603 2899 5663 Coisl.
2935 5605 2987 5674 1,
3015 5602 3154 5684 πρὸς
3183 5603 3366 5666 τοῦτο.
