4184 6202
224 304 348 364 425

1371 302 1667 363 ORATIO
1711 301 1786 362 Il.
1818 334 1897 348 —-
1924 302 2489 363 APOLOGETICA.

3513 302 3631 366 4%

219 434 313 488 τὸν
348 434 464 507 (49)
498 432 589 508 βίᾳ
618 430 776 509 χερσὶ
813 432 1230 506 μετασπώμενον
1262 431 1337 494 εἰς
1369 432 1525 487 ἑαυτὸ
1554 430 1716 487 πάλιν
1747 430 1873 510 ἀφε-

2001 449 2253 504 ;erquam
2285 434 2436 504 quod
2469 434 2839 505 tyrannicum
2861 437 2970 502 est,
2995 432 3355 505 minimeque
3383 433 3628 489 laudan-

221 524 308 577 θὶν
332 520 675 597 ἀνατρέχειν·
708 522 770 576 τὸ
820 518 866 575 δ’
914 520 973 575 ἐκ
1001 522 1367 597 προαιρέσεως
1418 519 1788 593 ὶννομώτατόν
1821 541 1879 574 τε

221 608 337 683 ἅμα
394 610 487 665 xui
546 608 971 687 ἀσφαλέστατον,
1030 609 1238 671 εὐνοίας
1289 606 1472 682 δεσμῷ
1520 609 1873 685 τηρούμενον.

220 701 383 757 ’Όθεν
417 696 484 767 δὴ
536 698 628 753 καὶ
681 697 918 771 μάλίστα
963 698 1272 771 ποιμαίνειν
1314 698 1378 752 τὸ
1424 697 1675 770 ποίμνιον
1728 696 1877 752 ἐκου-

220 787 376 859 σίως,
434 785 583 842 ἀλλὰ
638 787 713 859 μὴ
774 786 1141 862 ἀναγκαστῶς,
1176 786 1222 847 ¹ιτ)
1266 784 1533 860 ἡμέτερος
1577 782 1872 841 διακελεύε·

217 898 307 933 ται
336 875 513 949 νόμος
543 874 635 931 xui
666 875 992 948 νομοθέτης.

1987 522 2150 589 dum,
2184 538 2254 576 ne
2286 522 2522 576 ﬁrmum
2553 522 2787 593 quidem
2822 538 2887 576 ac
2914 521 3117 577 stabile
3148 526 3257 577 est.
3291 522 3446 578 Solet
3469 524 3627 579 enim

1986 610 2043 664 id
2075 610 2167 664 cui
2197 609 2286 665 vis
2315 610 2573 664 adhibita
2613 615 2723 676 est,
2785 626 2899 665 non
2950 627 3120 667 secus
3176 628 3240 666 ac
3296 611 3496 683 planta
3526 629 3629 683 per

1984 698 2101 753 vim
2135 698 2407 754 manibus
2433 699 2661 765 inﬂexa,
2695 698 2872 754 simul
2905 703 2969 753 ut
3007 701 3318 755 dimissum
3350 701 3624 768 fuerit,ad

1986 803 2048 842 se
2078 804 2313 842 rursum
2337 786 2523 841 redire
2548 803 2561 840 ι
2595 787 2747 857 quod
2772 791 2967 842 autem
2983 786 3210 843 alibera
3224 788 3625 846 voluntate20

1985 876 2395 947 proﬁciscitur,
2418 875 2817 945 aequissimum
2850 892 2914 929 ac
2938 875 3345 932 firmissimum
3375 894 3503 934 esse
3533 896 3625 934 so-

218 967 321 1036 let,
353 970 559 1039 utpote
588 965 1004 1021 benevolentia
1033 963 1286 1021 vinculis
1316 964 1620 1020 astrictum
1652 968 1827 1036 atque
1883 968 2307 1019 conservatum.
2352 965 2431 1018 Ac
2490 962 2733 1035 proinde
2776 962 2865 1017 vel
2906 964 3157 1020 maxime
3192 964 3251 1021 id
3309 964 3399 1022 lex
3427 972 3631 1024 nostra

228 1060 286 1111 et
315 1052 622 1127 legislator
653 1056 851 1109 noster
889 1053 1101 1121 sanxit,
1135 1057 1202 1107 ut
1228 1069 1367 1125 grex
1388 1069 1503 1108 non
1536 1056 1749 1118 coacte,
1782 1051 1884 1107 sed
1916 1056 2121 1124 sponte
2151 1068 2217 1107 ac
2248 1050 2454 1107 libenti
2486 1050 2682 1106 animo
2711 1054 2986 1123 pascatur
3015 1053 3080 1108 ⁸³.

288 1143 387 1205 Ις’.
420 1138 586 1196 Ἀλλ’
615 1136 752 1195 ἔστω
797 1160 879 1201 τις
936 1141 1074 1213 μήτέ
1120 1140 1306 1209 κακὸς,
1354 1140 1444 1193 xui
1490 1138 1685 1215 ἀρετῆς
1726 1138 1877 1207 ἥκων

222 1229 299 1291 εἰς
328 1231 398 1284 τὸ
449 1227 762 1303 ἀκρότατον·
814 1228 921 1303 οὐχ
969 1228 1102 1301 ὁρῶ,
1152 1248 1273 1282 τινα
1322 1222 1504 1282 λαϐὼν
1545 1225 1874 1299 ἐπιστήμην,

221 1320 255 1389 ἢ
312 1318 450 1389 ποίᾳ
499 1314 725 1389 δυνάμει
772 1316 1078 1389 πιστεύσας,
1126 1315 1327 1386 ταύτην
1378 1314 1439 1369 ἃν
1498 1313 1725 1391 θαῤῥοίη
1775 1315 1874 1383 τὴν

220 1405 577 1480 προστασίαν·
623 1410 703 1476 τῷ
750 1400 862 1459 ὄντι
908 1404 1008 1480 γὰρ
1058 1403 1193 1473 αὕτη
1257 1424 1350 1475 μοι
1409 1402 1649 1479 φαίνεται
1704 1403 1872 1477 τέχνη

219 1516 301 1556 τις
346 1494 482 1549 εἶναι
532 1498 764 1568 τεχνῶν,
816 1493 904 1547 καὶ
956 1492 1231 1565 ἐπιστήμη
1281 1491 1618 1565 ἐπιστημῶν,
1667 1488 1875 1567 ἄνθρω-

220 1605 322 1639 πον
358 1584 535 1658 ἄγειν,
574 1582 637 1637 τὸ
685 1580 1178 1657 πολυτροπώτατον
1210 1582 1322 1653 (50)
1358 1584 1493 1649 ζῶον
1554 1580 1643 1634 καὶ
1700 1599 1878 1634 ποικι-

2057 1140 2194 1196 XVI.
2220 1140 2330 1195 Sed
2366 1140 2442 1196 sit
2473 1156 2613 1196 sane
2643 1139 2877 1211 aliquis,
2920 1157 3034 1196 non
3088 1143 3261 1199 modo
3294 1160 3328 1198 a
3356 1143 3631 1200 vitiorum

1988 1229 2333 1300 contagione
2355 1244 2773 1300 purus,verum
2795 1228 2864 1283 ad
2888 1245 3190 1285 summum
3204 1231 3381 1286 etiam
3401 1231 3634 1288 virtutis

1986 1315 2284 1389 fastigium
2347 1322 2578 1373 evectus
2611 1335 2624 1385 ;
2658 1317 2812 1372 haud
2858 1317 3132 1388 equidem
3161 1319 3327 1375 video
3376 1336 3633 1391 quanam

1986 1404 2229 1459 scientia
2257 1405 2600 1472 instructus,
2648 1408 2748 1458 aut
2780 1404 2995 1476 quibus
3021 1405 3243 1462 viribus
3288 1407 3490 1476 fretus,
3524 1406 3638 1462 bu-

1977 1493 2241 1563 jusmodi
2264 1492 2966 1565 praefecturamintrepide
2979 1494 3274 1565 suscipere
3287 1495 3633 1567 queat.Nam

1986 1582 2242 1651 profecto
2274 1599 2368 1637 ars
2400 1582 2667 1652 quaedam
2701 1581 2936 1647 artium,
2989 1587 3046 1638 et
3092 1583 3335 1640 scientia
3364 1585 3632 1641 scientia-

220 1673 499 1728 λώτατον.
532 1670 693 1741 Δνοίη
728 1668 773 1725 δ’
807 1668 866 1724 ἄν
916 1691 999 1732 τις
1044 1673 1113 1743 τῇ
1162 1673 1268 1723 τῶν
1303 1670 1569 1741 σωμάτων
1602 1668 1873 1744 θεραπείᾳ,

2001 1686 2114 1724 ὐω
2148 1670 2287 1725 mihi
2323 1687 2451 1725 esse
2477 1670 2723 1738 videtur,
2782 1669 3080 1726 hominem
3138 1688 3358 1744 regere,
3408 1673 3631 1729 animal

216 1764 318 1831 τήν
384 1765 492 1816 τῶν
542 1764 733 1835 ψυχῶν
783 1759 1019 1834 ἱατρείαν
1068 1756 1430 1828 ἀντεξετάσας·
1480 1757 1570 1811 xui
1620 1756 1730 1830 ὅσῳ
1761 1759 1874 1830 (51)

223 1851 321 1923 μὶν
353 1846 602 1926 ἐργώδης
635 1846 808 1917 ἐκείνη
858 1848 1204 1919 καταμαθὼν,
1249 1844 1361 1918 ὅσῳ
1413 1842 1470 1901 δὲ
1498 1848 1533 1915 ἡ
1565 1847 1681 1900 καθ’
1726 1848 1873 1917 ἡμᾶς

220 1936 598 2015 ἑργωδεστὲρα
642 1935 1051 2012 προσεξετάσας,
1096 1935 1186 1989 καὶ
1235 1939 1301 2008 τῇ
1355 1933 1508 2011 φύσει
1562 1941 1663 2003 τῆς
1714 1933 1872 2004 ὕλης,

216 2027 308 2083 xui
470 2024 691 2098 δυνάμει
741 2032 839 2093 τῆς
888 2024 1214 2096 ἐπιστήμης,
1245 2023 1334 2078 καὶ
1380 2027 1459 2094 τῷ
1486 2023 1632 2077 τέλει
1662 2024 1760 2090 τῆς
1791 2021 1875 2077 ἐν-

221 2114 444 2192 εργείας
500 2112 823 2189 τιμιὼτέρα.
884 2113 946 2165 Ἦ
1010 2112 1102 2184 μὶν
1159 2111 1264 2186 γὰρ
1320 2110 1444 2183 περὶ
1494 2112 1718 2183 σώματα
1763 2113 1877 2184 (52)

221 2209 494 2276 πονεῖται,
526 2202 616 2257 xui
666 2204 765 2271 τὴν
817 2198 1078 2274 ἐπίκηρον
1129 2199 1267 2270 ὕλην
1320 2198 1409 2254 καὶ
1440 2200 1587 2254 κάτω
1632 2198 1875 2275 ῥέουσαν,

219 2295 445 2354 πάντως
476 2289 855 2363 λυθησομένην
905 2290 994 2344 καὶ
1042 2286 1369 2361 πεισομένην
1417 2289 1479 2342 τὸ
1522 2288 1714 2357 ἑαυτῆς
1743 2289 1879 2361 (53),

220 2383 323 2437 κᾶν
356 2386 454 2436 νῦν
500 2383 571 2454 τῇ
622 2379 911 2454 συμμαχίᾳ
950 2385 1052 2448 τῆς
1099 2376 1300 2453 τέχνης
1346 2377 1732 2451 κπτακρατήσῃ
1777 2383 1879 2445 τῆς

223 2470 279 2525 ἐν
314 2468 457 2542 αὐτῇ
489 2470 599 2542 (54)
645 2469 897 2529 στάσεως·
931 2467 966 2534 ἢ
1018 2467 1121 2542 γὰρ
1170 2464 1324 2527 νόσος
1369 2465 1403 2533 ἢ
1448 2464 1647 2540 χρόνος
1694 2459 1877 2518 ἔλυσεν

224 2557 545 2631 εἷ’ξασαντῇ
576 2557 752 2634 φύσει,
809 2555 897 2610 καὶ
951 2555 1080 2617 τοὺς
1140 2550 1311 2616 ἰδίους
1361 2552 1523 2627 ὅρους
1582 2552 1688 2629 οὐχ
1719 2554 1880 2629 ὑπερ-

224 2643 543 2703 ϐαίνουσαν.

302 2915 400 2971 ΙΖ’.
437 2916 516 2986 Τῇ
549 2909 605 2968 δὶ
650 2932 775 2987 περι
805 2911 990 2985 ψυχὴν
1018 2912 1054 2979 ἡ
1087 2906 1316 2981 σπουδὴ,
1365 2910 1465 2977 τὴν
1518 2907 1577 2963 ἐκ
1624 2910 1755 2962 Θεοῦ
1794 2907 1883 2961 xui

1984 1758 2247 1814 omnium
2276 1759 2524 1815 maxime
2554 1758 2778 1813 varium
2808 1762 2865 1813 et
2884 1758 3210 1830 multiplex.
3251 1760 3313 1815 Id
3329 1778 3499 1833 porro
3521 1761 3631 1817 hac

1984 1847 2221 1901 demum
2254 1847 2475 1902 ratione
2507 1845 2801 1918 quispiam
2832 1847 3275 1919 perspexerit,si
3296 1850 3629 1908 animarum

1984 1936 2375 1991 curandarum
2400 1934 2680 1990 rationem
2704 1951 2834 1989 cum
2853 1951 3162 2007 corporum
3186 1938 3473 1994 medicina
3494 1955 3631 1995 con-

1984 2023 2202 2090 tulerit,
2237 2022 2705 2094 quantoquehasc
2735 2028 2935 2078 nostra
2964 2023 3307 2081 laboriosior
3336 2028 3632 2097 quamilla

1986 2111 2083 2182 sit,
2115 2111 2475 2182 expenderit,
2508 2127 2593 2179 ac,
2629 2114 2752 2165 tum
2785 2111 3040 2167 materiae
3071 2117 3299 2184 natura,
3326 2118 3451 2169 tum
3485 2116 3631 2173 artis

1987 2198 2281 2267 facultate,
2314 2204 2441 2254 tum
2464 2204 2629 2254 actus
2658 2199 2793 2266 fine,
2843 2200 3231 2270 praestantior.
3274 2201 3442 2258 Illius
3471 2204 3631 2260 enim

1987 2287 2149 2343 labor
2178 2288 2331 2343 circa
2360 2304 2601 2359 corpora
2631 2291 2911 2354 versatur,
2957 2287 3341 2361 fragilemque
3396 2291 3546 2346 hanc
3576 2296 3635 2348 et

1990 2376 2154 2431 humi
2187 2375 2479 2431 labentem
2513 2375 3091 2442 materiam,omnino
3108 2378 3342 2433 tandem
3366 2379 3636 2438 interitu-

1989 2481 2137 2533 ram,
2170 2480 2519 2534 eaque,qua3
2535 2464 2645 2518 fert
2676 2463 2863 2534 ipsius
2884 2464 3157 2533 conditio,
3191 2481 3626 2537 perpessuram,

1990 2552 2220 2608 etiamsi
2253 2552 2394 2607 artis
2408 2550 2670 2607 subsidio
2700 2551 3007 2607 dissidium
3029 2552 3323 2625 illud,quo
3346 2554 3634 2627 laborant,

1993 2657 2149 2696 nunc
2179 2644 2438 2712 superet.
2472 2640 2611 2695 Eam
2634 2640 2929 2707 enim,aut
2945 2641 3132 2697 morbi
3148 2641 3257 2712 vis,
3272 2647 3373 2698 aut
3398 2646 3636 2716 tempus

1993 2729 2325 2801 exstinguet
2356 2732 2578 2785 natura
2633 2728 2744 2801 legi
2778 2729 3100 2799 cedentem,
3159 2747 3265 2787 nec
3320 2731 3467 2788 ﬂues
3497 2748 3637 2790 suos

1991 2819 2387 2874 excedentem.

2061 2905 2233 2962 XVII.
2272 2907 2345 2961 At
2372 2905 2550 2975 hujus
2582 2902 2843 2959 studium
2891 2908 3064 2977 atque
3120 2921 3297 2976 opera
3351 2906 3411 2961 in
3438 2906 3638 2965 anima

228 3003 377 3058 Θείαν
418 3049 434 3075 ,
488 3002 578 3057 καὶ
634 3007 736 3070 τῆς
794 2999 995 3063 ἄνωθεν
1056 2997 1323 3074 εὐγενείας
1383 2996 1734 3072 μετέχουσαν,
1791 2996 1880 3051 xui

2001 2994 2250 3066 ponitur,
2279 3010 2405 3065 quae
2436 3010 2504 3049 ex
2525 2993 2640 3048 Deo
2671 2997 2782 3061 est,
2813 2997 2983 3064 atque
3002 2993 3217 3061 divina,
3250 3011 3633 3068 supernisque

224 3092 367 3167 πρὸς
420 3088 628 3158 ἐκείνην
688 3090 804 3161 (55)
861 3087 1239 3163 ἐπειγομένην,
1294 3084 1339 3140 ei
1396 3084 1485 3139 xui
1543 3089 1622 3156 τῷ
1669 3084 1875 3159 χείρονι

226 3177 509 3248 συνεδέθη·
562 3177 707 3252 τάχα
767 3178 859 3249 μὶν
890 3176 979 3231 xui
1040 3172 1109 3230 δι’
1158 3171 1330 3236 ἄλλας
1384 3172 1579 3241 αίτίας,
1621 3172 1679 3234 ἃς
1716 3173 1880 3245 μόνος

227 3266 376 3323 οῖδεν
428 3268 455 3322 5
505 3263 769 3333 συνδήσας
819 3265 969 3335 Θεὸς,
1020 3263 1109 3318 καὶ
1160 3261 1213 3318 εἷ’
1251 3283 1334 3324 τις
1383 3260 1442 3317 ἐκ
1480 3266 1614 3317 Θεοῦ
1658 3262 1725 3317 τὰ
1770 3282 1882 3317 τοι·

225 3362 366 3412 αὕτα
429 3353 684 3431 ἰσοφίσθη
744 3354 1034 3428 μυστήρια·
1086 3349 1208 3406 ὅσον
1259 3348 1305 3405 δ’
1337 3350 1426 3404 οὖν
1474 3349 1570 3423 έμὶ
1598 3351 1879 3426 γινώσκειν

223 3446 321 3501 xui
352 3442 484 3505 τοὺς
542 3445 659 3497 κατ’
716 3441 832 3515 έμὶ,
892 3439 1041 3495 δυοῖν
1096 3436 1293 3494 ἕνεκεν·
1349 3439 1465 3500 ἑνὸς
1519 3439 1632 3511 μὶν,
1673 3436 1765 3493 ’ίνα
1812 3436 1883 3493 δι’

226 3535 449 3609 ἀγῶνος
477 3531 566 3586 xui
594 3529 803 3601 πάλης,
854 3536 957 3599 τῆς
1000 3528 1136 3605 πρὸς
1183 3527 1251 3583 τὰ
1294 3528 1461 3595 κάτω,
1493 3534 1595 3596 τῆς
1644 3524 1754 3581 ἅνω
1787 3524 1883 3582 δό-

229 3623 329 3693 ξης
378 3618 848 3695 κληρονομήσειεν
879 3663 893 3685 ,
945 3614 1125 3692 ὥσπερ
1173 3616 1376 3691 χρυσὸς
1419 3614 1549 3690 πυρὶ
1581 3618 1714 3689 (56),
1762 3620 1884 3678 τοῖς

224 3708 368 3784 τῇδε
403 3710 799 3783 βασανισθεῖσα,
830 3706 920 3761 xui
971 3706 1164 3781 ἀρετῆς
1215 3705 1401 3775 ἆθλον,
1450 3701 1595 3759 ἀλλὰ
1644 3705 1717 3777 μὴ
1751 3708 1884 3759 Θεοῦ

228 3798 415 3873 δῶρον
470 3794 631 3869 μόνον
688 3792 790 3869 ἔχῃ
846 3793 914 3847 τὰ
969 3790 1325 3863 ἐλπιζόμενα·
1369 3790 1460 3844 καὶ
1503 3794 1663 3844 τοῦτο
1713 3786 1770 3844 δὲ
1818 3793 1883 3859 ἦν

225 3890 347 3963 (57)
398 3883 501 3958 ἄρα
542 3886 640 3953 τῆς
692 3880 859 3957 ἄκρας
912 3879 1269 3954 ἆγαθότητος,
1318 3886 1543 3949 ποιῆσαι
1592 3878 1656 3934 τὸ
1689 3879 1887 3954 ἀγαθὸν

303 4048 354 4103 ³Ι
386 4050 548 4101 Petr.
587 4062 641 4115 ν,
672 4046 728 4100 2.
759 4044 807 4080 ⁹⁴
836 4043 1050 4116 Ephes.
1082 4059 1158 4112 v1,
1194 4042 1281 4097 12.

304 4188 426 4260 (49)
471 4188 675 4255 ’Ὠσπερ
729 4182 913 4261 φυτόν.
972 4182 1370 4261 ΕΙοααυεΑῇἱο
1416 4182 1627 4261 plantae
1677 4182 1887 4239 simili-

231 4254 549 4329 tudo,'qua
578 4254 691 4312 non
726 4254 905 4312 s'emel
927 4273 1072 4311 usus
1103 4260 1192 4311 est
1221 4254 1391 4329 Greg.
1430 4254 1575 4310 Vide
1621 4260 1769 4312 orat.
1808 4273 1888 4329 vi,

236 4332 315 4388 al.
362 4328 469 4394 xu;
522 4344 685 4383 num.
727 4330 783 4397 8,
824 4333 882 4382 et
939 4332 1081 4382 orat.
1133 4343 1293 4391 xxm,
1327 4328 1397 4380 al.
1442 4335 1571 4397 xm,
1623 4344 1786 4381 num.
1837 4328 1890 4397 1,

236 4403 318 4460 Ut
346 4402 533 4469 enim,
564 4395 838 4485 oratax'n‘.
880 4399 930 4453 al
948 4441 971 4485 ,ἱ
1001 4415 1121 4480 vin,
1154 4413 1316 4485 num.
1349 4399 1403 4463 5,
1432 4395 1806 4485 βουλομένων,
1830 4396 1892 4450 οὗ

234 4467 695 4548 τυραννουμένων
726 4467 835 4522 ἐστὶ
864 4488 928 4521 τσ
953 4468 1081 4535 ὁτῆς
1113 4467 1352 4542 ωτηρίας
1386 4467 1704 4541 μυστήριον,
1738 4491 1766 4518 ‹‹
1795 4467 1894 4524 ’νο-

238 4546 517 4612 lentium,
551 4559 668 4598 non
699 4546 1032 4598 coactorum
1072 4546 1161 4595 est
1199 4540 1409 4595 salutis
1440 4540 1783 4612 mysterium
1818 4558 1831 4608 ;
1866 4562 1896 4590 »

233 4620 323 4672 ita
355 4620 414 4670 et
443 4610 526 4669 or.
558 4630 710 4679 χχχι,
744 4612 817 4669 al.
842 4629 1052 4677 xxxvn,
1086 4628 1248 4665 num.
1282 4612 1371 4680 25,
1407 4610 1597 4666 «nihil
1631 4610 1787 4666 enim
1809 4616 1898 4667 est

235 4697 362 4745 tam
398 4684 1004 4755 voluntariumrquam
1045 4683 1325 4755 religio._u

308 4758 431 4829 (50)
492 4751 1007 4829 Holu‘rpouibiutov
1055 4751 1213 4829 ζῶον.
1271 4752 1431 4829 _Vera
1484 4755 1546 4829 et
1597 4752 1773 4829 plana
1814 4751 1897 4829 le-

235 4822 384 4890 ctio,
414 4822 690 4897 quamvis
715 4826 914 4897 altera,
945 4828 1049 4878 τῶν
1086 4825 1236 4893 ζώων
1268 4824 1327 4878 in
1376 4822 1644 4894 pluribus
1675 4823 1902 4897 legatur

314 4899 573 4954 dicibus.

239 4920 573 4958 COOICIDUS.

320 4970 441 5039 (51)
472 4971 635 5038 Ὅσῳ.
673 4967 811 5039 Reg.
846 4968 905 5033 Ι),
950 4966 1360 5039 ηλυῐιιοὺίῃυε
1389 4961 1531 5018 ὅσον.
1586 4970 1719 5021 Posl
1758 4965 1901 5021 alte-

248 5034 386 5099 rum
424 5034 568 5109 ὅσον,
590 5034 821 5109 'Reg.'t,
855 5044 911 5094 et
941 5038 1102 5093 Colb.
1138 5054 1216 5109 m,
1245 5034 1291 5089 δ’
1313 5037 1544 5109 habent.

325 5113 444 5184 (52)
476 5107 737 5184 suum.
767 5111 966 5184 90ml).
998 5108 1063 5184 τα
1106 5107 1348 5179 σώματα.
1383 5108 1469 5163 Ita
1500 5107 1642 5184 Reg.
1676 5107 1723 5184 Ἰ.

326 5179 444 5255 (53)
490 5179 585 5255 ,Τὸ
636 5180 849 5255 ἑαυτῆς.
908 5180 1235 5255 δερίοηιθι·
1284 5185 1342 5235 et
1408 5182 1575 5233 caute
1639 5179 1908 5255 observat

255 5250 436 5319 Elias,
469 5254 691 5307 dictum
723 5250 888 5306 illum
923 5268 1050 5307 esse
1077 5254 1310 5323 propter
1344 5273 1370 5300 «
1400 5254 1652 5323 veterem
1689 5250 1908 5323 primo-

1989 3083 2310 3139 nobilitatis
2341 3083 2650 3154 particeps,
2668 3082 2735 3137 ad
2760 3098 3006 3154 eamque
3027 3098 3343 3155 properans
3368 3084 3635 3152 ;tametsi

1987 3171 2176 3227 viliori
2200 3171 2434 3226 interim
2474 3187 2541 3225 ac
2572 3170 2840 3226 deteriori
2890 3170 3123 3226 astricta
3179 3171 3274 3227 sit.
3338 3172 3519 3244 Cujus
3550 3172 3635 3230 rei

1991 3260 2188 3317 multae
2218 3276 2451 3332 quoque
2481 3259 2605 3314 aliis
2629 3260 2871 3316 fortasse
2901 3276 3093 3316 causae
3124 3265 3285 3329 sunt,
3318 3277 3467 3333 quas
3480 3262 3638 3319 solus

1992 3355 2161 3415 Deus,
2195 3349 2294 3420 qui
2319 3348 2437 3403 haec
2468 3346 2754 3415 astrinxit,
2789 3348 3050 3419 cognitas
3086 3353 3143 3404 et
3172 3348 3499 3422 exploratas
3530 3351 3641 3408 ha-

1992 3439 2109 3509 bet,
2134 3441 2233 3493 aut
2266 3437 2314 3493 si
2346 3437 2479 3507 quis
2510 3436 2850 3507 hujusmodi
2882 3437 3301 3509 mysteriorum
3332 3438 3641 3496 scientiam

1992 3526 2272 3582 divinitus
2302 3530 2391 3580 est
2420 3528 2798 3580 consecutus:
2824 3529 3112 3595 quantum
3140 3530 3333 3583 autem
3362 3526 3642 3601 ego,mei-

1995 3630 2106 3687 que
2137 3613 2380 3679 similes,
2415 3612 2742 3684 cognitione
2777 3613 3169 3685 assequimur,
3208 3615 3428 3687 duplici
3467 3631 3645 3671 causa

1994 3704 2051 3758 id
2084 3703 2302 3757 factum
2334 3705 2457 3767 est;
2493 3701 2674 3756 altera
2699 3704 2764 3755 ut
2794 3717 2895 3771 per
2934 3703 3425 3758 concertationem
3458 3712 3513 3759 et
3532 3702 3644 3758 col-

1996 3791 2379 3847 luctationem
2411 3790 2456 3833 ιδ
2485 3806 2618 3844 cum
2650 3789 2822 3844 rebus
2852 3790 3227 3846 inferioribus
3271 3792 3342 3846 ad
3376 3806 3639 3862 supernae

1996 3879 2195 3954 glorias
2224 3877 2617 3935 haereditatem
2647 3878 2962 3949 perveniat,
3001 3878 3174 3934 rebus
3204 3878 3425 3936 scilicet
3469 3877 3641 3935 ﬂuxis

2067 4184 2180 4255 (55)
2222 4182 2321 4236 Καὶ
2379 4180 2516 4255 πρὸς
2572 4178 2804 4255 ἐκείνην.
2889 4182 3039 4239 Citat
3092 4184 3213 4241 haec
3275 4184 3646 4243 Justinianus

2000 4252 2301 4382 2(Azu'olgustus
2331 4254 2403 4309 ad
2425 4252 2683 4309 Menam.
2720 4252 2879 4309 Cone.
2913 4255 3004 4311 ed.
3039 4255 3173 4312 Lab.
3206 4260 3349 4312 tom.
3380 4256 3476 4327 IV,
3500 4273 3637 4331 pag.

2074 4396 2189 4469 (56)
2244 4393 2399 4469 ﬂuat.
2456 4394 2785 4469 Delegvi‘mus
2840 4398 2919 4466 τῷ

2007 4465 2185 4534 Regg.
2221 4465 2549 4534 cod’d.,,sex
2571 4465 2755 4534 Colb.,
2778 4469 2874 4522 Or.
2910 4468 2960 4521 1,

2076 4486 2086 4524 ι
2173 4509 2185 4521 .
2221 4483 2414 4533 οοαα.,
2449 4483 2549 4521 sex
2571 4483 2729 4521 U010.
2778 4483 2874 4522 ur.
2910 4483 2960 4521 1.

2225 4541 2393 4613 Τοῦτο
2425 4533 2482 4589 δὲ
2508 4538 2596 4604 ήν.
2629 4509 2829 4593 Camb.
2868 4541 3050 4613 Δτοῦτο
3080 4540 3210 4613 ’,γὰρ
3266 4540 3356 4608 ἦν.
3399 4540 3493 4596 Sic
3531 4538 3655 4596 Bil—

2006 4608 2123 4666 liu's
2151 4610 2309 4665 hunc
2332 4608 2540 4683 locum_
2553 4614 2824 4683 verterat,
2856 4608 3394 4683 Gregorii'mentem
3418 4628 3535 4667 non
3558 4628 3655 4683 as-

2006 4685 2290 4755 secutus:
2324 4704 2350 4729 ‹‹
2370 4680 2544 4755 Quod
2578 4680 2749 4735 etiam
2771 4680 3226 4755 ipsum'summa
3249 4700 3315 4739 ao
3337 4682 3656 4755 singularis

2007 4754 2108 4809 Dei
2138 4751 2417 4807 bonitatis
2449 4751 2859 4823 argumentum
2892 4758 3001 4821 est,
3034 4754 3314 4811 nimirum
3350 4751 3559 4822 facere,
3592 4759 3658 4809 ut

2006 4826 2197 4896 virtus
2225 4827 2425 4877 nostra
2457 4822 2687 4896 quoque
2706 4822 2982 4895 aliquaex
2998 4831 3159 4896 parte
3190 4827 3286 4891 sit,
3322 4824 3653 4891 »etc.Quasi

2008 4912 2143 4952 vero
2174 4895 2327 4950 Deus
2346 4894 2477 4949 boni
2501 4899 2721 4965 partem
2744 4896 2934 4961 faciat,
2952 4894 3057 4951 nos
3075 4897 3318 4953 alteram
3350 4898 3654 4954 faciamus.

2015 4967 2175 5041 [laud
2206 4966 2289 5021 ita
2336 4965 2668 5041 Gregorius.
2711 4966 2821 5020 Sed
2854 4988 2882 5015 «
2917 4983 3152 5041 summa
3178 4969 3430 5034 bonitas,
3468 4991 3498 5020 »
3531 4985 3658 5041 quis

2013 5039 2166 5112 Deus
2198 5039 2534 5112 esthomnia
2565 5053 2739 5106 opera
2760 5042 2961 5112 nostra
2992 5039 3049 5092 in
3086 5040 3254 5095 nobis
3284 5039 3577 5112 operatur,
3601 5044 3660 5096 et

2014 5108 2284 5183 efﬁcitut
2314 5108 2531 5183 bonum
2549 5124 2721 5183 suum
2744 5108 2919 5183 etiam
2942 5113 3020 5164 sit
3040 5108 3659 5183 nostrumfpraabendo

2015 5182 2167 5236 vires
2198 5177 2379 5234 libero
2410 5179 2978 5251 arbitrio,utbonum
2992 5188 3280 5251 operetur,
3306 5177 3369 5238 et
3394 5192 3660 5239 nostrum

2018 5253 2096 5307 sit
2124 5270 2140 5323 7:
2177 5274 2204 5302 ι(
2241 5267 2474 5305 summa
2496 5251 2751 5304 bonitate
2785 5275 2806 5303 ι
2845 5250 2927 5306 ita
2955 5250 3201 5323 volente,
3261 5250 3377 5310 non
3426 5260 3663 5310 tantum

2989 4397 3338 4466 auctoritate
3393 4398 3649 4471 quinque

261 5344 400 5407 {um
419 5330 754 5407 nostrorum
797 5322 1123 5407 parentum
1171 5322 1721 5407 transgressionem,
1757 5322 1912 5376 unde
2020 5346 2048 5374 «
2083 5322 2278 5394 aliqua
2305 5339 2371 5407 ex
2404 5326 2644 5407 parte...»
2674 5322 3214 5407 Namutupernadi
3261 5325 3451 5407 verbis
3509 5331 3663 5407 utar,

260 5398 429 5454 ﬂuxit
461 5396 561 5451 illa
584 5392 875 5450 sententia
907 5412 971 5450 :«
1002 5401 1155 5449 terra
1185 5410 1268 5455 es,
1300 5392 1444 5447 etin
1476 5398 1687 5446 terram
1722 5408 1910 5447 rever-

263 5471 423 5527 teris.
466 5494 490 5515 ››
511 5468 654 5522 Nam
683 5465 897 5537 alioqui
919 5488 943 5514 «ι
970 5463 1643 5519 Deuscreavitilominem
1665 5464 1912 5517 inextcr-

266 5540 613 5599 minabilem
647 5539 794 5605 (δίη).
831 5544 892 5593 η.
922 5537 1037 5607 23).
1082 5558 1110 5584 ››

336 5614 451 5690 (54)
480 5615 569 5664 Ἑρ
602 5603 758 5680 αὐτῇ,
801 5610 935 5681 Reg.
961 5603 1018 5675 b7,
1051 5623 1130 5673 In,
1163 5604 1214 5658 ἐν
1243 5603 1425 5676 ἑαυτῇ.

602 5738 861 5797 Ρλτευι.
914 5736 1026 5795 Gs.
1071 5732 1311 5796 XXXV.

2022 5417 2049 5445 «
2072 5393 2198 5450 non,
2217 5396 2426 5465 partim
2454 5394 2661 5465 gratia,
2695 5393 2906 5463 partim
2930 5394 3177 5453 liberum
3210 5397 3541 5465 arbitrium,
3563 5397 3665 5454 sed

2022 5471 2207 5541 totum
2246 5465 2969 5541 singuianpcreimlividuo
2994 5471 3516 5541 peragunt.Totum
3535 5469 3666 5540 qui-

2026 5539 2157 5591 dem
2184 5537 2376 5610 hoc,et
2404 5543 2593 5610 totum
2625 5536 2725 5590 illa
2759 5554 2770 5604 ;
2796 5539 2897 5592 sed
2928 5536 3201 5598 ut'totuin
3223 5542 3284 5597 in
3315 5540 3435 5610 illo,
3463 5536 3669 5598 sio—to-

2026 5613 2152 5666 tum
2183 5624 2251 5664 ex
2282 5608 2400 5666 illa.
2437 5629 2465 5658 ››
2499 5608 2570 5663 De
2596 5616 2748 5680 grai.
2780 5611 2832 5665 et
2861 5610 2936 5667 lib
2966 5612 3107 5683 arb.,
3142 5630 3201 5672 n.
3225 5614 3315 5671 47.

3283 5739 3358 5801 ﬂ
