4184 6202
501 344 621 407 497

1744 345 1810 408 S.
1860 345 2231 408 GBEGOHII
2276 341 2667 411 THEOLOGI

3806 338 3935 412 428

503 484 561 537 et
588 477 919 553 fraglllbus,
942 495 1058 536 non
1081 494 1250 536 secus
1281 482 1454 551 atque
1482 495 1693 535 aurum
1718 477 1877 551 igne,
1907 478 2150 550 probata

2271 476 2348 532 ιιαί
2379 478 2663 554 ἡμέτερον,
2698 479 2760 534 οὗ
2807 478 2960 557 φύσει
3010 473 3173 553 μόνον
3204 477 3737 553 κατασπειρόμενον,
3782 477 3936 536 ἀλλὰ

503 575 560 626 et
586 568 903 641 explorata,
936 583 1140 639 eaque,
1174 584 1299 639 quae
1332 568 1392 623 in
1449 584 1551 639 spe
1583 565 1771 638 posita
1828 571 1985 634 sunt,
2036 583 2152 623 non

505 657 696 713 solum
728 660 795 712 ut
824 656 925 711 Dei
946 656 1320 727 beneﬁcium,
1354 656 1450 711 sed
1474 657 1647 712 etiam
1666 658 1731 710 ut
1758 655 1991 710 virtutis
2012 672 2153 726 princ

505 745 692 801 mium
722 745 1012 801 obtineat.
1045 749 1238 816 Atque
1267 744 1376 800 hoc
1405 745 1600 816 ipsum
1633 748 1757 799 erat
1780 760 2021 799 summai
2053 744 2154 800 bo-

507 832 733 903 nitatis,
755 833 983 889 efﬁcere
996 838 1060 889 ut
1080 834 1299 889 bonum
1322 838 1475 888 esset
1493 834 1587 889 21
1618 848 1851 904 quoque
1868 836 2155 904 nostrum,

508 939 627 979 non
658 926 870 979 natura
900 924 1130 978 tantum
1161 921 1472 987 insertum,
1495 922 1595 977 sed
1628 920 1803 977 etiam
1824 937 1928 993 per
1956 920 2159 975 volun-

508 1015 712 1081 tatem,
743 1009 1265 1081 liberiquearbitrii
1298 1010 1357 1065 in
1390 1014 1700 1080 utramque
1717 1013 1939 1081 partem
1954 1008 2161 1065 motio-

511 1118 636 1172 nes,
671 1098 966 1157 excultum
1000 1115 1013 1153 :
1048 1098 1231 1154 altera
1260 1115 1520 1165 rursum,
1553 1103 1618 1153 ut
1647 1098 1993 1153 deteriorem
2017 1113 2163 1169 quo-

2268 567 2358 621 xui
2414 567 2727 643 προαιρέσει
2784 568 3224 644 γεωργούμενον,
3283 568 3373 623 καὶ
3427 573 3549 630 τοῖς
3617 567 3705 623 in’
3764 564 3939 646 ἄμφω

2266 659 2363 709 τοῦ
2419 655 2761 726 αὖτεξουσίου
2817 658 3132 728 κινήμασιν·
3195 655 3379 731 ἕτερου
3438 654 3498 712 δὶ
3555 656 3634 720 ὡς
3694 659 3816 733 (58)
3878 656 3942 713 ἂν

2262 744 2352 797 καὶ
2390 743 2453 798 τὸ
2500 748 2686 819 χεῖρον
2745 743 2990 799 ἑλκύσειε
3044 745 3181 820 πρὸς
3231 744 3428 813 ἑαυτὴν
3482 743 3577 800 xui
3620 742 3736 801 ἅνω
3793 745 3942 817 θείη,

2265 830 2472 886 λύσασα
2519 834 2655 887 κατὰ
2707 834 2896 905 μικρὸν
2944 838 3047 903 τῆς
3096 833 3439 908 παχύτητοςο
3488 831 3585 906 ἵν’,
3639 833 3776 909 ὅπερ
3826 834 3945 889 lati

2268 919 2396 980 Θεὸς
2424 918 2597 994 ψυχῇ,
2644 925 2806 976 τοῦτο
2857 922 3010 995 ψυχή
3047 921 3260 993 σώματι
3313 923 3540 996 γένηται
3570 921 3945 999 παιδαγωγή-

2228 1018 2231 1021 ’
2270 1027 2403 1062 σασα
2433 1005 2501 1062 δι’
2550 1008 2745 1078 εαυτῆς
2786 1010 2885 1077 τὴν
2932 1009 3191 1086 ὑπηρέτιν
3228 1011 3340 1083 (59)
3372 1008 3538 1085 ὕλην,
3574 1012 3667 1068 καὶ
3716 1012 3943 1067 οἷκείώ-

2275 1116 2406 1150 σασα
2437 1100 2551 1167 Θεῷ
2578 1095 2642 1150 τὸ
2673 1094 3005 1168 ὁμόδουλον.

511 1205 626 1261 que
656 1191 885 1260 partem
916 1186 1177 1243 crassitie
1216 1204 1323 1243 sua
1352 1185 1636 1258 paulatim
1688 1186 1963 1253 solutam,
2000 1186 2071 1241 ad
2103 1201 2165 1241 se
2197 1186 2519 1258 pertrahat,
2541 1190 2716 1257 atque
2757 1186 2815 1241 in
2847 1186 3087 1242 sublimi
3141 1186 3386 1244 collocet
3463 1193 3550 1257 ut,
3584 1191 3745 1260 quod
3776 1190 3936 1247 Deus

510 1282 600 1334 est
628 1277 857 1344 animas,
891 1276 1001 1332 hoc
1027 1276 1221 1331 anima
1251 1276 1329 1331 sit
1354 1275 1602 1345 corpori,
1635 1279 2017 1347 posteaquam
2041 1273 2265 1330 scilicet
2293 1274 2618 1342 materiam,
2652 1290 2770 1346 qua
2795 1274 3067 1332 ministra
3096 1276 3303 1347 utitur,
3334 1277 3652 1351 domuerit,
3687 1294 3939 1336 conser-

508 1382 765 1438 vumque
795 1382 970 1422 suum
1005 1370 1119 1420 Deo
1144 1365 1493 1435 adjunxerit.

580 1454 772 1512 XVIII.
806 1454 1107 1510 Enimvero
1140 1454 1425 1521 medicus,
1468 1453 1614 1524 loca,
1676 1457 1731 1509 et
1785 1457 2070 1525 tempora,
2104 1456 2162 1507 et

506 1550 727 1617 aetates,
751 1549 810 1600 et
838 1548 1237 1615 tempestates,
1265 1548 1587 1615 casteraque
1609 1543 1789 1612 hujus
1820 1542 2048 1615 generis
2070 1542 2159 1596 in-

507 1635 733 1707 spiciet,
769 1634 1195 1689 medicamenta
1224 1634 1400 1688 etiam
1423 1631 2052 1703 exhibebit,victusque
2069 1646 2160 1685 ra-

506 1725 724 1779 tionem
757 1722 1111 1794 prescribet,
1138 1737 1203 1775 ac
1236 1721 1403 1776 noxia
1426 1720 1777 1786 observabit,
1802 1724 1867 1774 ut
1888 1736 1959 1774 ne
1979 1736 2159 1792 (£ng-

509 1813 551 1867 ti
585 1810 1059 1883 cupiditatesarti
1084 1809 1392 1865 obsistant.
1416 1810 1613 1880 Ignem
1633 1808 1808 1864 etiam
1839 1808 2157 1875 interdum,

2343 1453 2445 1507 IH'.
2481 1449 2700 1524 Χώρας,
2741 1449 2831 1504 καὶ
2880 1450 3125 1523 καιροὺς,
3175 1451 3264 1507 καὶ
3316 1449 3562 1523 ἡλικίας,
3611 1453 3703 1507 καὶ
3757 1454 3938 1531 ὥρας,

2268 1538 2357 1594 καὶ
2406 1540 2473 1593 τὰ
2523 1542 2745 1593 τοιαῦτα
2792 1539 2821 1592 ὁ
2873 1538 3055 1615 ἰατρὸς
3133 1538 3502 1614 ἐπισκέψεταιο
3559 1542 3941 1619 φαρμακεύσει

2268 1648 2325 1683 τε
2355 1629 2443 1681 καὶ
2477 1624 2763 1697 διαιτήσει,
2813 1628 2902 1681 καὶ
2946 1630 3174 1704 τηρήσει
3224 1630 3292 1683 τὰ
3326 1625 3587 1706 βλαϐερὰ,
3624 1632 3704 1693 ὡς
3756 1635 3818 1687 ἂν
3858 1634 3939 1706 μὴ

2272 1710 2552 1785 ἄντιϐῆναι
2678 1716 2845 1792 τέχνῃ
2868 1717 2964 1779 τὰς
2993 1724 3093 1786 τῆς
3141 1717 3447 1794 ἀρρωστίας
3493 1718 3814 1793 ἐπιθυμίαςο
3849 1722 3944 1776 καί

2270 1825 2373 1858 που
2405 1803 2493 1858 καὶ
2524 1804 2761 1875 καύσεσι,
2811 1804 2899 1859 xui
2947 1811 3165 1878 τομαῖς,
3199 1808 3290 1861 xui
3337 1813 3455 1870 τοῖς
3506 1808 3944 1885 αὖα-ξηροτέροις

511 1907 569 1955 et
600 1900 839 1965 ferrum,
872 1904 1043 1969 atque
1072 1898 1371 1970 asperiora
1392 1897 1649 1953 remedia
1670 1896 1968 1952 nonnullis
2000 1896 2156 1951 adhi-

2271 1896 2365 1961 τῆς
2412 1893 2714 1966 θεραπείας,
2773 1891 2913 1948 ἔστιν
2972 1894 3061 1949 ὅτε
3116 1895 3206 1949 καὶ
3267 1894 3350 1974 ἐφ’
3408 1897 3481 1950 ὧν
3534 1899 3827 1972 χρήσεται·
3864 1900 3943 1954 ὧν

513 1989 712 2044 bebit:
746 2005 873 2059 quis
914 1990 1148 2042 tametsi
1189 2002 1469 2057 perquam
1511 1985 1802 2040 laboriosa
1830 1988 1887 2040 et
1917 1983 2164 2040 molesta

512 2093 641 2133 esse
666 2077 994 2141 videantur,
1029 2074 1174 2130 nihil
1192 2079 1386 2130 tamen
1408 2090 1609 2130 eorum
1643 2074 1880 2146 perinde
1911 2074 2162 2129 arduum

511 2182 576 2222 ac
608 2164 848 2219 difﬁcile
873 2172 959 2220 est
999 2172 1060 2219 ut
1091 2179 1305 2234 mores,
1347 2168 1405 2219 et
1464 2163 1728 2229 affectus,
1786 2166 1842 2218 et
1888 2163 2058 2228 vitas,
2108 2166 2165 2218 et

509 2252 707 2308 studia
736 2256 905 2323 atque
928 2253 1221 2317 instituta,
1253 2257 1310 2307 et
1339 2252 1386 2306 si
1420 2252 1560 2322 quid
1594 2250 1749 2307 aliud
1776 2268 1999 2318 eorum,
2033 2267 2163 2321 quae

508 2342 568 2397 in
593 2340 759 2397 nobis
789 2340 1055 2409 sunt,his
1069 2339 1262 2397 simile
1290 2340 1736 2411 est,conspicere
1764 2357 1830 2394 ac
1861 2339 2160 2408 medicari,

509 2436 684 2503 atque
706 2430 995 2503 quidquid
1054 2434 1285 2502 agreste
1315 2446 1381 2484 ac
1428 2430 1676 2484 ferinum
1711 2434 1819 2499 est,
1852 2446 1885 2484 a
1915 2429 2159 2500 conjun-

508 2520 701 2576 ctione
723 2524 925 2575 nostra
953 2518 1257 2591 expellere,
1292 2518 1579 2590 quidquid
1625 2523 1822 2573 autem
1881 2534 2162 2573 mansue-

510 2612 661 2675 tum,
695 2611 889 2662 acDeo
921 2606 1164 2661 charum
1196 2610 1306 2674 est,
1354 2606 1631 2660 inducere
1678 2608 1736 2659 et
1790 2605 2159 2671 conﬁrmare,

512 2700 689 2766 atque
718 2695 929 2751 anima:
956 2698 1015 2750 et
1045 2694 1304 2763 corporis
1336 2708 1577 2749 causam
1602 2694 1763 2762 juste
1794 2693 2119 2765 disceptare
2144 2710 2156 2748 :

512 2785 595 2841 sic
618 2799 847 2855 nempe,
881 2787 945 2837 ut
974 2783 1055 2853 id,
1090 2783 1245 2855 quod
1295 2782 1671 2853 praestantius
1718 2786 1825 2849 est,
1859 2783 2161 2837 deterioris

406 2878 412 2883 ’
511 2872 757 2944 imperio
790 2872 997 2944 premi,
1022 2888 1148 2943 quae
1180 2871 1469 2940 injustitia
1489 2871 1753 2927 omnium
1787 2872 2157 2942 maximaest,

512 2961 756 3017 minime
786 2960 1080 3033 patiamur
1113 2978 1126 3019 :
1159 2976 1361 3015 verum
1392 2965 1456 3014 ut
1502 2960 1577 3025 ei,
1635 2960 1788 3031 quod
1821 2960 2158 3031 imperium,

510 3066 577 3105 ac
608 3049 1003 3122 principatum
1035 3052 1212 3118 tenet,
1245 3048 1325 3117 id,
1359 3049 1513 3119 quod
1546 3052 1755 3104 natura
1780 3048 2025 3103 inferius
2048 3052 2160 3115 est,

2272 1979 2424 2036 οὔπω
2478 1987 2732 2037 τοσοῦτον
2783 1979 2961 2052 οὐδὲν,
3009 1984 3105 2037 κᾶν
3163 1983 3397 2039 ἐπίπονα
3446 1984 3804 2063 σφόδρα
3849 1988 3945 2043 καὶ

2272 2068 2489 2146 χαλεπᾶ
2532 2070 2811 2148 φαίνηται,
2860 2070 2985 2126 ὅσον
3043 2069 3179 2143 ἤθη,
3241 2072 3331 2127 καὶ
3392 2075 3561 2145 πάθη,
3607 2074 3701 2129 καὶ
3760 2076 3945 2151 βίους,

2271 2159 2360 2213 καὶ
2390 2159 2747 2233 προαιρέσεις,
2799 2159 2887 2213 καὶ
2939 2157 2992 2214 εἷ’
3031 2181 3083 2214 τι
3137 2158 3280 2216 ἄλλο
3332 2152 3553 2217 τοιοῦτο
3585 2165 3700 2238 (61)
3739 2169 3852 2219 τῶν
3889 2164 3943 2221 ἐν

2270 2250 2427 2319 ἡμῖν,
2476 2247 2832 2303 κατοπτεῦσαί
2876 2270 2934 2304 τε
2990 2249 3079 2303 καὶ
3132 2249 3455 2326 ἰατρεῦσαι,
3503 2251 3594 2306 xui
3640 2274 3745 2308 παν
3806 2254 3939 2311 ὅσον

2269 2333 2535 2411 θηριῶδες
2594 2335 2683 2391 λαὶ
2734 2337 2917 2411 ἄγριον
2952 2340 3063 2411 (62)
3112 2337 3455 2415 ἐξορίσαντας
3514 2348 3616 2411 τῆς
3668 2344 3941 2417 συζυγίας

2268 2431 2367 2494 τῆς
2398 2426 2691 2501 ἡμετερας,
2722 2432 2824 2479 πᾶν
2855 2425 2978 2481 ὅσον
3012 2426 3220 2503 ἥμερον
3254 2428 3343 2483 xui
3368 2434 3484 2501 Θεῷ
3515 2428 3601 2507 φί)
3618 2452 3674 2485 ον
3718 2432 3943 2487 ἀντεισ-

2271 2518 2489 2588 αγαγεῖν
2549 2534 2607 2568 τε
2661 2514 2749 2568 καὶ
2830 2510 3229 2590 βεϐαιώσασθαι
3267 2564 3281 2590 ,
3342 2517 3430 2571 xui
3494 2514 3792 2593 βραϐεῦσαι
3861 2520 3945 2576 δι-

2270 2601 2437 2664 καίως
2468 2606 2620 2676 ψυχῇ
2650 2622 2709 2658 τε
2754 2602 2843 2657 καὶ
2894 2604 3129 2677 σώματι·
3167 2607 3243 2677 μὴ
3293 2610 3371 2678 τῷ
3410 2606 3623 2683 χείρονι
3654 2608 3716 2663 τὸ
3749 2615 3940 2681 κρεῖτ-

2268 2711 2359 2745 τον
2417 2687 2820 2745 δυναστεύεσθαι
2870 2694 3354 2769 συγχωρήσαντας,
3408 2694 3552 2771 ἥπερ
3612 2693 3848 2751 ἀδικιῶν
3906 2701 3940 2768 ἦ

2274 2778 2525 2853 μεγίστη·
2572 2784 2651 2850 τῷ
2701 2775 2758 2833 δὲ
2806 2780 3031 2856 ἄρχοντι
3075 2780 3164 2835 καὶ
3212 2784 3528 2857 ἡγεμονικῷ
3575 2785 3636 2838 τὸ
3669 2789 3739 2857 τῇ
3776 2785 3942 2862 φύσει

2271 2865 2515 2941 δεύτερον
2568 2867 2952 2937 ὑποτάξαντας³
3005 2867 3186 2944 ὥσπερ
3237 2867 3303 2939 δὴ
3362 2867 3532 2943 νόμος
3594 2878 3742 2935 θεῖος
3778 2919 3792 2945 ,
3845 2875 3942 2930 xui

2268 2954 2535 3011 κάλλιστα
2565 2951 2709 3031 ἔχων
2741 2956 2827 3011 ἐπὶ
2862 2956 3035 3025 πάσης
3084 2957 3249 3012 αὐτοῦ
3296 2966 3397 3028 τῆς
3442 2960 3691 3034 κτίσεως,
3723 2960 3827 3033 ὅση
3874 2984 3937 3019 τε

2271 3047 2462 3118 ὁρατή,
2492 3046 2581 3099 καὶ
2614 3043 2713 3114 ὅση
2753 3046 2883 3121 ὑπὲρ
2916 3049 3029 3119 (63)
3057 3048 3156 3115 τήν
3191 3047 3459 3115 αἴσθησιν.

516 3139 942 3210 subjiciamus:
978 3154 1104 3210 quae
1130 3136 1491 3209 quidemlex
1521 3138 1621 3193 Dei
1643 3142 1750 3205 est,
1785 3138 1842 3193 in
1876 3138 2151 3192 omnibus
2184 3137 2358 3192 rebus
2382 3138 2453 3191 ab
2486 3137 2611 3208 ipso
2639 3136 2910 3203 conditis,
2943 3142 3064 3193 tam
3104 3155 3230 3209 quae
3286 3148 3523 3212 aspectu
3557 3140 3930 3211 sentiuntur,

510 3244 687 3300 quam
716 3244 844 3299 quae
865 3227 1169 3282 oculorum
1201 3243 1441 3282 sensum
1474 3227 1706 3299 fugiunt
1726 3224 2172 3297 praeclarissime
2194 3225 2531 3281 constituta.

577 3315 706 3372 XIX.
732 3315 881 3380 Quin
912 3315 1087 3371 etiam
1145 3313 1288 3370 illud
1346 3330 1577 3370 mecum
1610 3315 1934 3381 considero,
1995 3314 2149 3385 quod

2336 3313 2435 3367 ΙΘ’.
2470 3316 2670 3366 Σκοπῶ
2726 3310 2783 3368 δὲ
2838 3314 3075 3386 κάκεῖνο,
3135 3313 3218 3369 ὅτι
3278 3313 3492 3370 ἐκείνων
3546 3316 3641 3389 μὲν
3693 3315 3928 3375 ἕκαστον

505 3420 575 3461 ea
602 3405 820 3473 omnia,
852 3421 979 3475 quae
1002 3403 1175 3459 modo
1204 3402 1559 3470 enumeravi,
1594 3408 1658 3459 ut
1687 3420 1813 3475 quae
1846 3419 1878 3457 a
1921 3402 2146 3458 medico

506 3494 906 3561 observentur,
941 3496 1003 3548 ut
1031 3496 1239 3547 natura
1264 3509 1325 3548 se
1354 3492 1589 3557 habent,
1622 3492 1705 3547 sic
1748 3496 2008 3559 manent,
2043 3507 2149 3547 nec

509 3587 711 3639 contra
734 3584 1058 3655 quidquam
1086 3586 1317 3638 versute
1348 3582 1691 3648 moliuntur,
1723 3584 1898 3651 atque
1917 3580 2151 3652 iis,quaa

508 3672 580 3729 ab
614 3676 736 3728 arte
756 3672 1157 3739 admoventur,
1203 3670 1446 3726 subdole
1477 3686 1603 3726 sese
1633 3674 1975 3741 opponunt:
2009 3668 2151 3740 quin

510 3762 704 3834 potius
730 3760 1034 3817 materiam
1058 3760 1246 3832 ipsam
1278 3759 1568 3815 medicina
1589 3758 1809 3830 colligit
1833 3774 1845 3812 :
1871 3757 1981 3812 nisi
2006 3757 2153 3812 forte

509 3850 709 3924 mgroti
740 3849 913 3922 culpa
972 3847 1168 3920 aliqua
1223 3852 1281 3904 et
1332 3847 1628 3904 temeritas
1675 3846 1915 3914 incidat,
1974 3862 2151 3917 quam

509 3940 683 3996 etiam
715 3940 904 4011 ipsam
936 3954 1137 3993 cavere
1167 3954 1233 3993 ao
1254 3936 1569 4009 reprimere
1582 3935 1735 3990 haud
1756 3937 1952 4007 magni
1976 3950 2152 4006 nego-

506 4028 573 4083 tii
611 4029 803 4084 fuerit.
836 4030 907 4085 At
938 4026 1107 4083 nobis
1138 4026 1429 4099 sagacitas
1469 4030 1527 4080 et
1550 4028 1936 4096 praeposterus
1968 4023 2155 4079 nostri

508 4131 691 4184 amor,
723 4120 800 4182 et,
831 4115 983 4188 quod
1017 4114 1471 4186 facilecuiquam
1498 4114 1752 4184 credere,
1785 4130 1888 4168 nec
1913 4113 2155 4178 scimus,

508 4217 613 4258 nec
644 4202 1355 4274 sustinemus,plurimum
1371 4202 1441 4258 ad
1458 4202 1733 4258 virtutem
1752 4201 2157 4273 impedimenti

580 4388 691 4514 (58)
734 4384 949 4513 Ἐτὲρου
990 4382 1048 4440 δὲ
1097 4386 1193 4448 ὡς.
1255 4389 1339 4444 Ita
1396 4388 1560 4460 Regii
1610 4404 1839 4457 omnes,
1897 4388 2158 4460 quinque

510 4464 582 4514 Co
610 4459 690 4514 b..
714 4458 810 4514 0r.
884 4502 897 4514 .
928 4462 1046 4514 Jes.
1077 4460 1184 4514 Sed
1216 4459 1343 4514 Par.
1375 4466 1431 4514 et
1459 4461 1590 4514 Bas.
1617 4456 1674 4512 δὲ
1704 4456 1892 4513 πάλιν.

551 4466 690 4523 olb.,
714 4466 810 4514 Ur.
843 4466 897 4523 1,
928 4466 1046 4514 Jes.
1077 4466 1184 4514 Sed
1217 4466 1343 4514 Par.
1375 4466 1431 4514 et
1461 4466 1590 4515 Bas.
1617 4466 1674 4512 δὲ
1704 4466 1892 4513 πάλιν.

580 4531 693 4673 (59)
714 4527 1009 4617 ιξ’πηρέτιν.
1044 4534 1186 4655 Reg.
1228 4548 1281 4598 Χ,
1308 4530 1600 4601 ὑπηρέτην.
1748 4598 1759 4617 1
2162 4600 2169 4601 7

604 4602 674 4656 60
754 4600 996 4655 Επίπονα
1046 4601 1268 4673 σφπδρα.
1333 4602 1470 4673 Reg.
1530 4604 1631 4667 hu,
1691 4619 1845 4654 πανυ.
1906 4600 2065 4655 Colb.
2100 4601 2154 4671 3,

604 4598 693 4673 60)
734 4598 996 4677 Ἐπίπονα
1046 4598 1268 4677 σφλξδρα.
1333 4598 1470 4677 Reg.
1530 4604 1631 4667 hu,
1691 4598 1845 4654 πάνυ.
1906 4600 2065 4655 Colb.
2100 4601 2154 4671 3,

511 4671 829 4747 utrumque
858 4674 995 4725 πάνυ
1008 4671 1227 4747 σφὸδρα
1254 4671 1362 4724 καί.

580 4745 691 4818 (61)
721 4740 965 4800 Τοιοῦτο.
997 4740 1090 4800 Sic
1121 4740 1341 4818 septem
1373 4745 1574 4813 Regg.,
1599 4740 1795 4813 plures
1816 4740 1997 4809 Colb.,
2028 4740 2155 4796 Bill.

507 4815 614 4871 Alii
645 4819 912 4868 τοιοῦτον.

578 4887 690 5027 (62)
721 4886 970 4958 Ἄγριον.
1008 4888 1145 4959 Reg.
1182 4887 1222 4954 l,
1278 4885 1559 4959 ἄγροικον.

580 4958 670 5027 (63
716 4957 811 5010 Καὶ
837 4957 936 5025 ὅση
968 4958 1119 5027 ὑπὲρ.
1164 4960 1341 5027 Regg.
1394 4955 1482 5009 xui
1517 4953 1615 5022 ὅση
1675 4953 1810 5006 κατά
1837 4952 1935 5019 τὴν
1966 4948 2025 5005 αἱ(

580 4955 690 5027 (63)
716 4957 811 5033 Καὶ
833 4955 936 5025 ὅση
968 4955 1119 5033 ὑπὲρῖ
1164 4955 1360 5029 3988]
1394 4955 1482 5009 xui
1517 4955 1615 5022 ὅση
1675 4955 1810 5006 κατά
1837 4955 1935 5019 τὴν
1966 4955 2155 5023 αἶ’σθη-

509 5047 589 5081 σιν
622 5032 929 5100 σκοπῶμεν.

580 5101 691 5171 (64)
723 5096 832 5155 Mt»)
864 5097 1084 5154 ἕκαστον
1114 5101 1209 5155 ὧν.
1247 5100 1339 5156 Sic
1368 5098 1691 5171 duofRdegg.
1725 5096 1845 5171 b_m,
1880 5100 1922 5150 t.

579 5165 694 5298 (65)
739 5173 1124 5247 Τηρουμὲνων.
1182 5173 1439 5227 Modeste
1495 5165 1699 5222 Billius
1759 5168 1814 5221 in
1868 5165 2153 5239 margine,

602 5248 722 5298 orte
750 5242 1111 5298 11.006u5v0v.
1145 5266 1173 5293 »
1204 5242 1496 5298 Audacius
1552 5239 1805 5295 editores
1838 5238 1985 5293 Billii
2019 5256 2153 5294 con-

514 5264 539 5295 n
579 5238 722 5298 forte
750 5238 1111 5318 τηρούμενον.
1145 5266 1173 5293 ››
1204 5242 1496 5300 Audacius
1552 5239 1805 5318 editores
1838 5238 1985 5293 Billii
2008 5238 2153 5318 icon-

500 5311 1023 5399 Jocturani,'quam
1082 5316 1207 5388 ipse
1234 5323 1565 5370 transverso
1621 5311 1846 5365 calamo
1878 5315 2154 5382 eraserat,

508 5402 566 5441 1n
597 5392 816 5440 textum
852 5388 1105 5442 inserere
1136 5404 1252 5443 non
1300 5386 1663 5441 dubitarunt.
1724 5381 1927 5437 Plures
1956 5386 2154 5437 tamen

508 5402 566 5441 1n
597 5402 816 5440 IPXLum
852 5404 1105 5442 inserere
1136 5404 1252 5443 non
1300 5402 1663 5441 (multarunt.
1724 5402 1927 5437 mures
1956 5402 2154 5437 tamen

509 5456 691 5547 Riigg.
721 5465 777 5513 et
805 5460 963 5515 Uolb.
992 5458 1183 5529 codd.,
1216 5461 1306 5512 0r.
1340 5459 1390 5530 1,
1422 5454 1597 5513 Coisl.
1633 5454 1685 5520 1,
1706 5452 1925 5509 habent
1952 5473 2156 5529 τηρου-

514 5550 907 5687 igne;
925 5595 1201 5687 graneo
1232 5618 1331 5687 seu
1363 5599 1550 5675 Regii,
1573 5596 1816 5687 totidem
1838 5596 2008 5687 7601b.

576 5669 687 5765 (67)
740 5669 868 5753 Οὐδ’
923 5669 1023 5757 Sic
1075 5674 1256 5755 Begg.
1314 5669 1724 5751 bmfoptimas
1784 5674 1959 5751 notae,
2010 5672 2068 5733 et
2110 5669 2153 5747 1,

2259 3401 2330 3454 ὧν
2391 3403 2503 3473 (64)
2562 3400 3034 3476 ἀπηριθμησάμην
3084 3403 3159 3465 ὡς
3207 3407 3286 3475 τῷ
3343 3405 3645 3479 θεραπευτῇ
3701 3426 3917 3482 τηρουο

2262 3488 2434 3561 μενων
2470 3491 2581 3562 (65)
2613 3489 2761 3551 ὅπως
2816 3488 2934 3565 ἔχεί
3142 3491 3373 3567 φύσεως,
3426 3492 3570 3549 οὕτω
3624 3496 3770 3568 μὲνει
3824 3495 3919 3551 xui

2259 3575 2409 3632 οὐδὲν
2478 3578 2845 3654 ἀντιτεχνᾶται
2915 3586 3040 3656 παρ’
3114 3581 3305 3636 ἑαυτοῦ
3362 3583 3729 3659 πανούργως,
3794 3583 3918 3642 οὐδ’

2259 3666 2653 3744 ἀντισοφίζεται
2683 3671 2794 3741 (67)
2826 3673 2941 3729 τοῖς
2974 3668 3120 3745 παρὰ
3153 3676 3253 3739 τῆς
3300 3672 3505 3746 τέχνης
3555 3676 3916 3748 προσαγομέ-

2259 3777 2369 3818 νοις
2579 3754 2724 3811 ἀλλὰ
2752 3757 2840 3811 καὶ
2863 3756 3173 3833 περιΐστησι
3203 3758 3414 3831 μᾶλλον
3442 3762 3540 3829 τήν
3566 3759 3700 3831 ὕλην
3738 3764 3858 3837 (69)
3885 3767 3921 3833 ἡ

2262 3842 2493 3919 ἰατρεία·
2533 3842 2679 3913 πλὴν
2713 3841 2766 3898 εἷ’
2780 3866 2883 3899 που
2914 3846 3147 3921 βραχεῖά
3174 3868 3256 3909 τις
3280 3845 3625 3923 παρεμπέσοι
3658 3854 3757 3905 τοῦ
3777 3852 3926 3924 κάμ-

2260 3952 2445 3994 νοντος
2475 3932 2681 4002 ἀταξία,
2715 3934 2781 4002 ἢν
2814 3933 2902 3987 καὶ
2952 3932 3179 4011 φυλάξαι
3219 3936 3309 3989 καὶ
3355 3936 3620 4011 ἀνακόψαι
3656 3938 3713 3993 εὖ
3747 3939 3929 4013 χαλε-

2263 4021 2386 4076 πόν.
2418 4022 2578 4093 Ἡμῖν
2623 4018 2679 4075 δὲ
2710 4024 2743 4090 ἡ
2795 4022 3001 4083 σύνεσις
3032 4025 3143 4095 (70)
3168 4024 3259 4077 καὶ
3290 4025 3351 4078 τὸ
3402 4024 3693 4102 φίλαυτον,
3736 4028 3832 4081 καὶ
3862 4028 3927 4082 τὸ

2265 4111 2506 4163 νικᾶσθαι
2540 4107 2737 4185 ῥᾳδίως
2766 4112 2894 4182 μήτ’
2926 4108 3141 4180 εἰδέναι,
3170 4114 3297 4185 μήτ’
3330 4114 3615 4189 ἀνέχεσθαι
3644 4117 3783 4189 (71),
3826 4115 3928 4189 μὲ-

2266 4219 2448 4273 γιστον
2481 4199 2616 4273 πρὸς
2648 4198 2842 4273 ἀρετήν
2873 4197 3011 4254 ἐστιν
3044 4197 3331 4274 ὶμπόδιον,
3362 4202 3454 4257 καὶ
3488 4202 3601 4257 οἶόν
3632 4222 3716 4265 τις
3742 4204 3925 4278 παρά-

2267 4386 2427 4442 Colb.
2461 4388 2513 4443 3.

2480 4455 2938 4534 Προσαγομένοις.
2961 4458 3115 4534 ‘Iieg.
3148 4457 3616 4534 1,Δείσαγομὲνοις.

2333 4526 2446 4602 (69)
2506 4526 2819 4602 Περιΐστησι
2883 4526 3094 4600 μᾶλλον
3148 4530 3248 4599 τὴν
3303 4526 3465 4601 ὕλην.
3528 4556 3557 4584 ι(
3609 4533 3925 4590 Materiam

2267 4602 2436 4671 quasi
2468 4602 2899 4656 circumstando
2926 4602 3213 4658 medicina
3229 4609 3471 4659 coercet.
3508 4627 3536 4653 ››
3560 4604 3704 4660 Oliv.
3740 4628 3769 4655 ‹‹
3792 4608 3926 4661 vin-

2267 4674 2346 4745 cit
2377 4678 2431 4726 et
2463 4677 2716 4745 superat.
2746 4695 2772 4721 »
2814 4673 3006 4745 _Gabr.
3063 4697 3091 4723 «
3128 4675 3367 4745 subigit.
3414 4698 3443 4724 ››
3476 4675 3677 4731 Comb.
3710 4699 3731 4725 ι
3768 4676 3927 4740 Quin

2266 4744 2439 4797 etiam
2492 4743 2781 4818 medicina
2810 4743 2868 4797 in
2930 4743 3291 4818 contrariam
3313 4764 3523 4818 corpus
3555 4748 3927 4804 affectionem

2267 4821 2459 4869 mutat
2480 4821 2537 4870 et
2561 4814 2975 4887 qualitatem.»
3005 4817 3218 4871 Deinde
3240 4814 3478 4887 subjiéit
3509 4836 3523 4873 :
3561 4840 3591 4869 ‹‹
3622 4818 3717 4873 hic
3746 4836 3929 4875 verus

2266 4901 2503 4959 sensus.
2523 4884 3018 4959 Quidenimillud
3052 4887 3235 4943 Billii:
3264 4884 3565 4944 Materiam
3600 4889 3824 4959 colligit
3846 4890 3875 4944 ?
3899 4913 3926 4937 ιι

2266 4959 2334 5011 Et
2357 4958 2468 5012 alio
2521 4956 2668 5023 loco,
2700 4980 2727 5005 ‹‹
2776 4958 2862 5010 vis
2902 4956 3032 5027 ipsa
3078 4960 3235 5014 vocis
3289 4968 3421 5017 est:
3480 4962 3637 5015 velut
3687 4956 3927 5017 obsidet

2265 5033 2677 5102 expugnatque
2709 5034 2764 5082 et
2795 5028 2964 5102 cogit.
3018 5050 3047 5078 »
3085 5032 3342 5101 Denique
3372 5033 3471 5099 τὴν
3505 5029 3667 5099 ὕλην,
3699 5033 3922 5102 inquit,

2266 5122 2301 5225 ἓ
2329 5100 2523 5170 ipsum
2557 5117 2767 5171 corpus
2794 5100 3121 5155 humanum
3146 5100 3308 5171 dicit,
3360 5110 3426 5159 ut
3482 5104 3543 5159 in
3599 5100 3919 5176 superiori-

2309 5187 2393 5225 us.
2433 5194 2460 5219 ›)

2309 5187 2393 5225 us.
2433 5194 2460 5219 ›)

2333 5239 2707 5315 (76)ξύνεσις.
2743 5240 2974 5315 Nicetes
3004 5242 3221 5299 ironice
3280 5245 3499 5301 dictum
3552 5248 3772 5314 censet,
3811 5261 3920 5315 pro

2272 5332 2293 5360 ι
2322 5313 2674 5381 stoliditate;
2718 5336 2737 5361 ι
2774 5318 2832 5391 et
2861 5311 3118 5391 (ρίλαυτον
3180 5333 3282 5391 pro
3314 5340 3355 5391 (ε
3395 5316 3722 5372 irrationali
3758 5311 3923 5391 erga

2264 5402 2476 5449 corpus
2498 5401 2714 5440 amore.
2747 5406 2774 5433 ››
2797 5385 2937 5449 Quis
2963 5385 3071 5441 hoc
3102 5385 3302 5442 credat
3333 5388 3361 5442 ?

2336 5454 2447 5532 (η)
2478 5454 2812 5532 Ἀνέχεσθαι.
2856 5456 3189 5532 Olivetanus
3246 5460 3479 5516 videtur
3524 5458 3759 5532 legisse,
3809 5455 3923 5512 an.

2264 5524 2501 5599 έχέσθὸιι,
2532 5533 2589 5583 et
2605 5524 2789 5586 'vertit
2817 5544 2830 5585 :
2864 5549 2890 5584 (ι
2920 5546 2954 5587 a
2983 5531 3199 5605 quibus
3238 5524 3655 5591 abstinendum
3686 5524 3767 5590 sit
3793 5548 3923 5591 non

2264 5599 2575 5657 abstinere.
2600 5621 2629 5653 ››

2264 5614 2334 5658 αι)
2342 5614 2575 5659 stinere.
2600 5621 2629 5653 1)
