4184 6202
316 330 443 393 429

1461 334 1756 396 ORATIO
1802 332 1877 395 ΙΙ.
1916 368 1989 379 --
2020 338 2591 400 APOLOGETICA.

3608 342 3729 403 430

314 460 465 532 ταεις
495 462 632 519 κατὰ
652 466 762 517 τῶν
785 462 1225 539 συμμαχούντων
1259 463 1482 539 γίνεται·
1506 464 1598 520 καὶ
1630 464 1761 534 ὅσην
1796 465 1969 543 εἰσφε-

2097 468 2272 536 all‘ert,
2305 487 2369 525 ac
2418 468 2577 525 velut
2616 469 2903 525 instructa
2944 472 3211 542 quadam
3268 473 3420 529 acies
3453 474 3733 531 adversus

316 570 428 625 ρειν
460 547 566 607 ἔδει
603 548 845 622 σπουδὴν
878 557 1119 627 γυμνοῦν
1150 554 1248 622 τὴν
1282 553 1437 608 νόσον
1481 558 1602 616 τοῖς
1654 556 1977 629 θεραπεύου-

316 660 393 708 σι,
423 638 694 709 τοσαύτην
725 641 837 714 (72)
864 640 1003 696 ὥστε
1032 642 1128 709 τὴν
1174 641 1409 717 ἱατρείαν
1460 641 1677 720 φεύγειν
1732 642 1973 721 εἰσφερό-

321 740 480 801 μεθα,
512 728 603 784 καί
648 727 805 803 ἐσμεν
848 726 1088 806 ἀνδρεῖοι
1133 731 1251 796 καθ’
1299 731 1524 804 ἑαυτῶν,
1557 731 1649 787 καὶ
1698 732 1833 788 κατὰ
1876 739 1976 802 τῆς

320 816 506 893 ὑγείας
536 819 649 894 (73)
678 820 841 892 ἡμῶν
881 817 1264 894 ἐπιστήμονες.

396 1085 473 1141 K'.
506 1085 575 1139 Ἠ
602 1082 703 1161 γὰρ
752 1080 1145 1161 δουλοπρεπῶς
1190 1086 1288 1155 τὴν
1341 1084 1603 1161 ἁμαρτίαν
1648 1083 1973 1159 ὶκλὲψαμεν,

322 1172 508 1250 ὥσπερ
564 1194 616 1229 τι
669 1173 846 1238 πάθος
893 1173 1131 1230 ὕπουλον
1179 1174 1269 1230 καὶ
1318 1177 1431 1249 (74)
1481 1173 1743 1244 κακόηθες
1796 1173 1847 1230 ἂν
1898 1178 1976 1246 τῷ

324 1260 477 1336 βάθει
509 1268 608 1331 τῆς
652 1264 835 1339 ψυχῆς
886 1262 1379 1338 συγκαλύπτοντες,
1411 1262 1485 1326 ὡς
1530 1262 1621 1319 καὶ
1666 1263 1757 1319 τὸν
1814 1263 1981 1338 μέγαν

321 1347 587 1420 λήσοντες
625 1348 906 1429 ὀφθαλμὸν
933 1356 1032 1407 τοῦ
1063 1356 1198 1407 Θεοῦ
1245 1352 1336 1407 καὶ
1383 1354 1482 1421 τῆς
1535 1350 1713 1422 δίκης,
1747 1352 1805 1407 ἂν
1856 1350 1981 1415 τοὺς

323 1438 648 1515 ἀνθρώπους
699 1438 968 1514 λάθωμεν·
1021 1442 1055 1509 ἢ
1105 1440 1555 1519 προφασιζόμεθα
1609 1443 1724 1514 (75)
1770 1440 1979 1519 προφά-

324 1547 440 1590 σεις
489 1526 541 1583 ἰν
586 1526 897 1604 ἁμαρτίαις,
930 1527 1133 1604 λόγους
1180 1528 1511 1605 συνηγόρους
1569 1531 1683 1603 (76)
1714 1535 1830 1592 τοῖς
1877 1529 1980 1585 πά-

323 1617 470 1671 θεσιν
501 1617 923 1693 ἀνευρίσκοντες
953 1619 989 1688 ἢ
1028 1619 1125 1681 τὰς
1163 1618 1330 1681 ἀκοὰς
1376 1617 1773 1696 ἀποφράξαντες
1818 1618 1982 1674 ἀσπί-

326 1701 423 1761 δος
452 1713 641 1785 κωφῆς
686 1708 775 1763 καὶ
823 1707 889 1763 τά
934 1709 1047 1763 ὦτα
1095 1706 1335 1776 Βυούσης
1363 1708 1590 1783 τρόπον,
1625 1708 1701 1780 μὴ
1756 1706 1979 1763 ἀκοῦσαι

324 1801 513 1873 φωνῆς
560 1792 865 1867 ἐπᾳδόντων
919 1794 1356 1874 φιλονεικοῦμεν,
1412 1794 1554 1869 μηὸὶ
1601 1798 1981 1875 φαρμακευθῆ-
2011 1843 2059 1907 Β

322 1904 415 1938 ναι
444 1886 559 1958 (77)
603 1884 796 1963 σοφίας
847 1886 1177 1960 φαρμάκοις,
1212 1887 1295 1948 οἷς
1341 1884 1618 1961 ἀρῥωστία
1664 1889 1849 1961 ψυχῆς
1894 1887 1978 1940 θε-

326 1971 639 2046 ραπεύεται·
696 1975 733 2045 ἢ
803 1975 865 2029 τὸ
938 1974 1272 2046 τελευταῖον,
1330 1972 1383 2029 o'i
1441 1995 1504 2049 γε
1576 1973 1977 2051 τολμηρότεροι

326 2063 492 2133 ὴμῶν
539 2062 629 2117 καὶ
678 2062 1044 2137 γενναιότεροι
1096 2064 1231 2137 (78),
1262 2062 1352 2117 καὶ
1404 2068 1643 2140 φανερῶς
1697 2063 1979 2138 ἀναισχυν-

322 2154 528 2222 τοῦμιν
558 2153 669 2226 (79)
700 2150 838 2226 πρός
893 2172 951 2206 τε
1003 2153 1103 2221 τήν
1149 2150 1415 2226 ἁμαρτίαν
1470 2151 1557 2206 καὶ
1598 2151 1724 2214 τοὺς
1782 2152 1980 2219 ταύτης

324 2240 675 2315 θεραπευτὰς,
711 2242 896 2315 γυμνῇ
924 2245 991 2314 τῇ
1022 2238 1258 2317 κεφαλῇ,
1284 2241 1347 2295 τὸ
1395 2238 1460 2310 δὴ
1514 2240 1830 2315 λεγόμενον,
1862 2260 1978 2316 χω-

323 2331 547 2402 ροῦντες
595 2328 730 2404 πρὸς
787 2335 956 2383 πᾶσαν
1016 2328 1377 2404 παρανομίαν·
1441 2326 1485 2383 ὢ
1540 2331 1637 2398 τῆς
1684 2326 1977 2402 παραπλη-

322 2415 458 2486 ξίας,
491 2417 527 2485 ἢ
563 2412 615 2471 εἷ’
634 2437 689 2471 τι
716 2413 857 2472 ἄλλο
885 2415 965 2490 τῷ
992 2416 1229 2490 τοιούτῳ
1277 2418 1433 2472 πάθει
1485 2418 1816 2493 κυριώτερον
1864 2412 1979 2472 ὅνο-

325 2506 435 2577 μαι
474 2505 564 2559 καὶ
597 2504 691 2567 οὓς
720 2504 931 2579 ἀγαπᾷν
964 2506 1036 2567 ὡς
1067 2505 1347 2581 εὐεργέτας
1403 2504 1597 2581 ἐχρῆν,
1628 2506 1852 2569 τούτους
1902 2507 1976 2569 ὡς

322 2591 561 2669 ἐχθροὺς
593 2592 928 2667 ἀμυνόμεθα,
967 2598 1246 2666 μισοῦντες
1282 2593 1333 2648 ιν
1378 2592 1577 2657 πύλαις
1626 2594 1976 2671 ἐλάγχοντας,

320 2681 414 2735 καὶ
465 2680 636 2756 λόγον
680 2682 827 2737 ὅσιαν
884 2679 1326 2758 βδελυσσόμενοι·
1358 2682 1449 2737 καὶ
1490 2683 1717 2755 οἱόμεθα
1767 2682 1979 2757 μᾶλλον

321 2768 667 2843 πολεμήσειν
706 2768 835 2832 τοὺς
891 2773 1026 2843 ἡμῖν
1076 2767 1282 2841 εὔνους,
1342 2770 1402 2826 ἃν
1462 2771 1543 2826 ὅτι
1602 2770 1836 2845 μάλιστα
1865 2774 1978 2845 (80)

324 2861 478 2932 ἡμᾶς
528 2857 721 2920 αὐτοὺς
771 2863 953 2922 κακῶς
1003 2856 1309 2936 δράσωμεν,
1343 2857 1523 2936 ὥσπερ
1572 2861 1625 2913 oi
1666 2864 1773 2915 τῶν
1825 2858 1976 2915 ἰδίων

328 2951 545 3021 σαρκῶν
597 2946 891 3022 ἁπτόμενοι
940 2950 1053 3023 (81)
1098 2949 1194 3012 τὰς
1239 2953 1347 3005 τῶν
1387 2948 1557 3011 πιλας
1606 2946 1840 3020 δαπανᾷν
1887 2969 1977 3004 νο-

334 3035 607 3109 μίζοντες.

2086 574 2205 625 eos,
2236 558 2336 630 qui
2385 559 2484 614 22
2529 559 2695 614 nobis
2743 576 2911 631 opem
2962 561 3176 626 ferunt,
3229 562 3493 617 exsistit:
3546 580 3733 635 quan-

2084 650 2331 717 tumque
2370 647 2632 716 studium
2664 664 2697 700 a
2726 648 2894 702 nobis
2925 648 3193 705 adhiberi
3234 651 3635 719 conveniebat,
3670 656 3736 708 ut

2088 735 2361 790 morbum
2389 735 2631 790 medicis
2656 737 3077 806 detegeremus,
3105 742 3339 793 tantum
3387 739 3459 795 ad
3491 740 3734 796 medici-

2086 840 2223 879 nam
2255 824 2591 896 fugiendam
2625 823 2995 891 adhibemus,
3025 830 3195 897 atque
3216 827 3275 882 in
3308 832 3571 884 nostram
3602 845 3733 902 per-

2087 910 2299 967 niciem
2324 912 2503 967 fortes
2525 916 2819 981 sumus,et
2839 912 3117 970 adversus
3139 915 3450 973 sanitatem
3473 920 3735 975 nostram

2088 1002 2283 1073 periti.

2159 1088 2267 1145 XX.
2315 1091 2429 1144 Aut
2482 1088 2639 1145 enim
2697 1088 2967 1145 servilem
3018 1089 3079 1145 in
3138 1092 3379 1148 modum
3432 1099 3735 1165 peccatum

2091 1178 2471 1243 suﬁ'uramur,
2502 1196 2617 1234 non
2650 1194 2821 1234 secus
2850 1194 2917 1234 ac
2974 1178 3304 1252 malignum
3330 1183 3646 1251 quemdam
3678 1189 3736 1240 et

2089 1264 2504 1336 subputridum
2528 1265 2800 1320 morbum
2832 1265 2891 1319 in
2922 1264 3152 1323 intimis
3175 1268 3381 1324 animae
3409 1271 3735 1327 recessibus

2090 1351 2477 1419 occultantes,
2512 1353 2751 1424 perinde
2781 1371 2848 1409 ac
2869 1370 3146 1427 magnum
3198 1372 3431 1428 quoque
3470 1358 3591 1430 Dei,
3621 1359 3738 1416 vis-

2090 1458 2202 1513 que
2224 1441 2384 1498 illius
2414 1441 2661 1513 ultricis,
2713 1442 2946 1498 oculum
2979 1443 3243 1515 fugituri,
3276 1446 3326 1501 si
3356 1446 3624 1504 homines
3654 1448 3740 1505 fe-

2090 1530 2450 1587 fellerimus:
2499 1536 2599 1587 aut
2641 1532 3046 1588 excusationes
3091 1533 3152 1588 in
3202 1536 3456 1605 peccatis
3487 1552 3738 1593 excusa-

2090 1636 2223 1675 mus
2253 1620 2318 1687 ‘5,
2349 1621 2655 1676 verborum
2690 1621 3083 1692 patrocinium
3115 1622 3271 1678 vitiis
3294 1626 3509 1681 nostris
3538 1625 3738 1697 exqui-

2090 1712 2322 1764 rentes:
2358 1713 2458 1764 aut
2487 1710 2662 1764 etiam
2696 1710 3012 1766 obstructis
3046 1712 3308 1783 auribus,
3347 1713 3532 1770 instar
3577 1714 3740 1786 aspi-

2090 1796 2179 1852 dis
2205 1798 2419 1865 surdaa,
2451 1801 2508 1852 et
2536 1798 2864 1854 obturantis
2897 1815 3068 1854 aures
3099 1817 3260 1873 suas,
3292 1802 3585 1859 obstinato
3617 1812 3739 1860 stu-

2089 1885 2184 1940 dio
2215 1886 2276 1942 in
2308 1885 2415 1941 hoc
2447 1886 2868 1955 incumbimus,
2894 1892 2959 1942 ut
2980 1904 3051 1943 ne
3079 1888 3509 1947 incantantium
3537 1907 3737 1949 vocem

2091 1974 2401 2029 audiamus
2424 1974 2488 2041 ‘5,
2521 1991 2588 2029 ac
2619 1975 2916 2046 sapientiae
2944 1977 3241 2044 remediis,
3282 1979 3499 2049 quibus
3529 1980 3737 2035 anima

2092 2062 2333 2118 morbus
2364 2062 2572 2134 depelli
2604 2062 2771 2132 solet,
2803 2080 3095 2121 curemur.
3128 2068 3243 2121 Aut
3286 2071 3601 2138 postremo,
3635 2066 3740 2140 qui

2091 2152 2309 2220 majore
2340 2151 2489 2206 inter
2514 2168 2619 2207 nos
2650 2151 2846 2207 animo
2870 2156 3044 2224 atque
3066 2154 3311 2209 audacia
3336 2158 3494 2225 sunt,
3518 2156 3589 2210 ad
3612 2170 3745 2227 peo-

2089 2244 2285 2295 catum
2318 2239 2614 2311 hujusque
2646 2240 2904 2297 medicos
2935 2241 3184 2297 frontem
3235 2247 3433 2314 aperte
3459 2243 3742 2314 perfrica-

2091 2345 2244 2392 mus.
2278 2330 2435 2384 nudo
2466 2330 2673 2401 capite,
2704 2338 2765 2384 ut
2797 2335 2887 2385 est
2916 2330 2973 2384 in
3002 2330 3325 2402 proverbio,
3358 2332 3417 2387 in
3445 2332 3737 2404 ﬂagitium

2090 2434 2261 2473 omne
2291 2419 2753 2490 prorumpimus.
2788 2419 2831 2473 0
2861 2418 3155 2491 insignem
3198 2424 3521 2492 stuporem,
3553 2424 3656 2477 aut
3685 2420 3738 2477 si

2090 2523 2203 2578 quo
2234 2505 2347 2563 alio
2378 2507 2586 2578 aptiori
2618 2508 2852 2562 nomine
2880 2507 3220 2579 hujusmodi
3265 2509 3509 2565 affectus
3538 2508 3741 2581 appel-
3794 2546 3797 2547 ν

2089 2595 2196 2651 lari
2230 2595 2454 2668 potest!
2491 2596 2784 2667 Quosque,
2844 2601 2909 2651 ut
2965 2596 3237 2667 praeclare
3296 2598 3366 2654 de
3414 2598 3583 2654 nobis
3616 2613 3740 2655 me-

2089 2688 2303 2754 rentes,
2336 2699 2533 2739 amore
2577 2684 2850 2755 prosequi
2900 2685 3160 2753 decebat,
3194 2703 3294 2742 eos
3326 2691 3391 2741 ut
3417 2686 3619 2742 hostes
3649 2684 3742 2742 ul-

2089 2774 2385 2844 ciscimur,
2419 2773 2550 2829 odio
2581 2790 2699 2841 eos,
2734 2774 2832 2844 qui
2882 2791 2989 2829 nos
3045 2774 3104 2829 in
3164 2775 3347 2846 portis
3395 2774 3741 2846 corripiunt,

2088 2862 2390 2927 habentes,
2428 2877 2493 2916 ac
2520 2861 2760 2916 verbum
2794 2866 3065 2916 sanctum
3106 2862 3520 2918 abominamur
3547 2862 3613 2929 ‘7,
3644 2878 3742 2918 ea-

2090 2965 2201 3021 que
2232 2950 2469 3004 demum
2502 2948 2728 3004 ratione
2759 2949 3023 3005 futurum
3078 2948 3510 3017 existimamus,
3542 2954 3609 3005 ut
3636 2948 3744 3006 ho-

2090 3038 2279 3093 mines
2322 3037 2491 3092 nobis
2541 3037 2762 3092 amicos
2792 3041 2848 3093 et
2878 3036 3187 3094 benevolos
3218 3038 3408 3112 magis
3439 3053 3741 3111 oppugne-

335 3144 499 3194 mus,
532 3127 584 3184 si
614 3127 1007 3200 nosmetipsos
1036 3127 1308 3200 plurimis
1331 3128 1812 3201 gravissimisque
1842 3127 2011 3184 malls
2043 3127 2430 3194 aﬂ‘ecerimus,
2454 3125 2527 3181 iis
2556 3127 2811 3198 profecto
2842 3144 2959 3183 non
2991 3127 3332 3199 dissimiles,
3388 3127 3489 3199 qui
3535 3142 3739 3184 carnes

332 3216 590 3289 ipsimet
617 3233 756 3273 snas
789 3218 1213 3289 commordent,
1245 3234 1380 3274 cum
1411 3218 1633 3275 alienas
1662 3219 1971 3274 absumere
2000 3216 2112 3272 sibi
2139 3216 2465 3272 videantur.

400 3303 526 3360 KA’.
557 3303 734 3357 Ταῦτά
780 3301 945 3372 ἔστιν,
978 3305 1061 3365 οἷς
1111 3302 1220 3379 ἐγὼ
1250 3317 1349 3373 την
1392 3306 1507 3359 καθ’
1539 3306 1687 3377 ἡμᾶς
1737 3304 1980 3379 ἰατρικὴν

2163 3304 2303 3359 XXI.
2336 3305 2526 3375 Atque
2555 3300 2644 3359 has
2673 3319 2863 3359 causas
2896 3308 3058 3373 sunt,
3083 3320 3211 3376 quin
3242 3321 3355 3373 me,
3380 3308 3446 3361 ut
3476 3308 3739 3361 nostram

324 3392 447 3465 (82)
482 3396 585 3460 τῆς
633 3390 756 3465 περὶ
800 3391 867 3446 τὰ
916 3393 1142 3465 σώματα
1189 3389 1582 3469 ἐργωδεστέραν
1628 3392 1841 3466 τίθεμαι
1885 3413 1984 3466 μα-

320 3483 464 3555 κρῷ,
500 3478 589 3533 καὶ
622 3477 711 3534 διὰ
756 3484 916 3535 τοῦτο
972 3479 1326 3558 τιμιωτέραν
1376 3482 1466 3538 καὶ
1517 3481 1600 3537 ὅτι
1658 3481 1832 3556 ἐκείνη
1864 3480 1979 3555 μὶν,

321 3566 487 3644 ὀλίγα
515 3571 618 3622 τῶν
650 3566 702 3624 ἐν
733 3572 813 3641 τῷ
846 3568 995 3643 βάθει
1036 3569 1461 3645 κατοπτευούσῃ,
1512 3570 1636 3647 περὶ
1679 3571 1740 3625 τὸ
1788 3570 1973 3648 φαινό-

325 3675 490 3729 μενον
537 3659 573 3725 ἡ
607 3654 813 3712 πλείων
857 3659 970 3731 (83)
1000 3665 1099 3727 τῆς
1140 3658 1536 3735 πραγματείας·
1569 3662 1703 3732 ἡμῖν
1753 3657 1809 3714 δε
1851 3659 1976 3736 περὶ

317 3744 416 3799 τὸν
478 3744 715 3820 κρυπτὸν
761 3752 860 3809 τῆς
901 3743 1128 3821 καρδίας
1198 3748 1478 3824 ἄνθρωπον
1528 3750 1563 3818 ἠ
1622 3753 1766 3802 πᾶσα
1827 3749 1978 3823 θερα-

319 3830 458 3887 πεία
502 3853 561 3888 τε
606 3832 693 3888 κκὶ
744 3831 979 3907 σπουδή,
1010 3834 1098 3890 καὶ
1146 3836 1284 3912 πρὸς
1328 3836 1418 3891 τὸν
1453 3831 1664 3891 ἔνδοθεν
1698 3838 1809 3910 (84)
1839 3836 1972 3909 ημῖν

320 3920 804 3994 ἀντιπολεμοῦντα
844 3921 933 3978 καί
983 3922 1398 3980 ἀντιπαλαίοντα
1444 3928 1479 3994 ἡ
1525 3925 1700 4000 μάχη,
1733 3925 1791 3987 ’ὸς
1837 3927 1973 3998 ἡμῖν

322 4009 512 4072 αὐτοῖς
560 4011 757 4074 ὅπλοις
804 4014 920 4067 καθ’
970 4015 1131 4086 ἡμῶν
1178 4016 1492 4089 χρώμενος,
1536 4014 1598 4069 τὸ
1648 4011 1975 4086 δεινότατον,

318 4103 406 4169 τῷ
462 4106 564 4168 τῆς
624 4100 891 4175 ἁμαρτίας
954 4101 1158 4175 θανάτῳ
1214 4099 1425 4159 δίδωσι.
1478 4104 1621 4178 Πρὸς
1672 4101 1762 4157 οὗν
1812 4105 1977 4157 ταῦτα

321 4188 549 4257 πολλῆς
586 4188 680 4261 μὶν
717 4190 808 4244 καὶ
852 4189 1151 4253 παντελοῦς
1203 4198 1301 4261 τῆς
1348 4191 1579 4253 πίστεως
1628 4195 1759 4265 (85),
1798 4191 1976 4264 μείζο-

322 4297 421 4339 νος
452 4273 509 4331 δὲ
536 4284 633 4347 τῆς
661 4280 806 4353 παρὰ
852 4283 987 4334 Θεοῦ
1034 4280 1330 4355 συνεργίας,
1366 4280 1464 4335 οὐκ
1520 4279 1717 4355 ὀλίγης
1778 4277 1835 4335 δὶ
1875 4286 1974 4350 τῆς

322 4366 599 4439 ἡμετέρας
659 4367 1088 4442 ἀντιτεχνήσεως
1316 4369 1410 4439 (ὥς
1467 4390 1529 4444 γε
1585 4368 1814 4442 ὶμαυτὸν
1864 4368 1978 4423 πεί-

396 4508 443 4543 ⁴⁵
480 4507 636 4564 Psal.
668 4525 759 4565 cxi
782 4510 833 4564 4.
866 4511 908 4546 ιθ
938 4510 1092 4567 Psal.
1117 4528 1249 4579 Lvn,
1279 4514 1333 4569 6.
1366 4512 1409 4546 ‘7
1430 4517 1633 4584 Amos,
1664 4529 1698 4566 v
1732 4513 1816 4567 10.

393 4652 509 4726 (72)
567 4648 862 4726 Ῑοσαύτην.
924 4658 1007 4708 Ita
1065 4652 1253 4726 Regii,
1319 4653 1690 4726 Colbertique
1749 4669 1978 4721 omnes,

322 4722 537 4790 Coisl.,
567 4722 756 4792 Pass.,
786 4728 896 4778 etc.

422 4794 519 4868 73)
546 4791 771 4868 Ὑγείας.
804 4794 916 4868 Adii
952 4796 1190 4868 codices,
1209 4793 1439 4868 ύγιείας.

424 4863 797 4939 74))(αίη8ἰο
828 4866 1006 4939 Regg.
1059 4872 1116 4922 et
1164 4863 1324 4923 Colb.
1377 4884 1602 4933 omnes,
1658 4870 1839 4938 Pass.,
1873 4873 1980 4923 etc.

332 4942 511 4993 Deest
539 4937 599 4990 in
630 4937 722 4991 ed.
752 4938 879 4992 Par.

405 5009 522 5075 (75)
556 5008 1026 5083 Προφασιζόμεθα.
1061 5010 1155 5064 Sic
1186 5008 1524 5081 legendum.
1559 5009 1705 5065 Male
1730 5010 1819 5065 ed.
1853 5010 1982 5064 Par.

330 5078 818 5153 προνεσιξφμεθα.

414 5099 441 5131 ο
492 5099 818 5149 ασιςωμεῠα.

557 5149 770 5235 Λόγους
829 5150 1197 5235 ωνηγόρούς.“
1236 5174 1264 5202 ‹‹

331 5221 558 5280 uestris
589 5221 1003 5294 suffragantur.
1035 5221 1067 5273 3)
1100 5224 1273 5294 Gahr.

406 5294 519 5367 (77)
560 5290 1059 5367 ,Φαρμακευθῆναα
1096 5290 1268 5367 ,Μηδὲ
1339 5292 1726 5367 θεραπευθῆναι
1775 5292 1983 5365 σοφίας.

332 5364 513 5422 Coisl.
546 5366 598 5429 1,
630 5364 981 5437 Jes._Lectio
1012 5366 1272 5437 vulgaris
1303 5367 1374 5421 ad
1403 5364 1752 5437 marginem.

410 5438 523 5497 (78)
556 5433 948 5509 Γενναιότεροι.
988 5433 1186 5491 Novus
1235 5438 1521 5503 interpres
1539 5433 1823 5509 'Gallicus
1851 5436 1988 5491 red-

337 5510 444 5574 dit,
479 5510 556 5564 te:
584 5510 784 5578 grands
805 5508 1124 5570 duszéclcs;
1158 5512 1256 5579 qui
1289 5528 1503 5580 xii-.qorc
1539 5508 1867 5579 supercilio,
1918 5508 1988 5563 de

340 5579 652 5635 nobilitate
683 5580 1023 5650 gloriantes,
1049 5581 1286 5652 ﬂagitiis
1306 5587 1362 5635 et
1386 5580 1803 5650 voluptatibus,
1830 5581 1986 5650 quod

340 5658 496 5713 certe
529 5668 649 5709 non
678 5655 768 5708 est
796 5652 990 5725 magni
1022 5652 1224 5721 animi,
1249 5654 1348 5708 sed
1378 5653 1612 5724 abjecti,
1640 5666 1702 5708 se
1725 5652 1985 5723 tradunt,

1325 5152 1597 5207 Rationes
1657 5169 1783 5223 quae
1830 5151 1985 5207 vitiis

2094 3392 2446 3448 medicinam
2480 3408 2755 3463 corporea
2785 3393 3057 3449 medendi
3084 3394 3304 3451 ratione
3325 3393 3497 3466 longe
3527 3392 3742 3449 diffici-

2090 3481 2319 3549 liorem,
2353 3496 2418 3536 ac
2453 3480 2693 3552 proinde
2724 3481 3206 3554 praestantiorem,
3242 3482 3592 3553 existimem,
3626 3482 3738 3537 im-

2091 3569 2387 3641 pulerunt.
2422 3569 2546 3624 Huc
2576 3570 2819 3638 accedit,
2851 3571 3010 3641 quod
3038 3570 3137 3627 illa
3182 3587 3368 3642 pauca
3398 3570 3634 3628 omnino
3667 3586 3737 3625 ex

2085 3658 2180 3725 iis,
2233 3675 2362 3729 quas
2416 3658 2478 3714 in
2537 3658 2764 3713 intimis
2822 3660 3081 3731 corporis
3134 3660 3399 3731 partibus
3459 3661 3616 3723 sunt,
3647 3658 3737 3711 in-

2086 3751 2329 3819 spectat,
2380 3763 2711 3819 magnaque
2767 3763 2835 3802 ex
2893 3752 3057 3818 parte
3133 3748 3287 3803 circa
3342 3762 3429 3817 ea,
3492 3761 3619 3818 quas
3671 3744 3735 3800 in

2086 3840 2387 3908 aspectum
2438 3836 2677 3901 cadunt,
2736 3840 3072 3906 occupatur.
3130 3838 3196 3890 At
3250 3834 3419 3890 nobis
3451 3834 3605 3889 circa
3632 3846 3733 3888 oc-

2086 3924 2308 3980 cultum
2340 3928 2396 3979 et
2420 3923 2719 3979 internum
2750 3922 3049 3979 hominem
3074 3923 3296 3979 curatio
3329 3921 3522 3978 omnis
3543 3924 3601 3976 et
3621 3924 3741 3977 stu-

2085 4015 2251 4069 dium
2280 4017 2580 4079 versatur;
2613 4016 2787 4083 atque
2831 4028 2963 4067 cum
3010 4029 3075 4067 eo
3116 4011 3281 4067 hoste
3329 4010 3730 4066 dimicandum

2086 4101 2393 4169 habemus,
2437 4101 2537 4171 qui
2566 4116 2675 4155 nos
2725 4100 2951 4155 interne
2983 4104 3300 4173 Oppugnat,
3332 4104 3388 4155 et
3417 4098 3736 4155 certamine

2083 4190 2337 4259 lacessit,
2371 4205 2436 4244 ac
2470 4188 2928 4261 nobismetipsis,
2962 4205 3076 4259 quo
3122 4188 3267 4245 nihil
3311 4187 3587 4243 miserius
3617 4190 3728 4256 est,

2083 4284 2361 4349 tanquam
2386 4279 2565 4332 armis
2586 4277 2647 4333 in
2667 4277 2988 4349 perniciem
3007 4282 3270 4333 nostram
3292 4282 3485 4345 utens,
3504 4275 3731 4348 peccati

2088 4374 2271 4425 morte
2299 4383 2406 4423 nos
2437 4366 2638 4422 afficit.
2672 4366 2820 4439 Ergo
2851 4367 3132 4423 adversus
3155 4368 3255 4423 28
3288 4367 3423 4434 ista,
3454 4369 3582 4422 tum
3614 4380 3736 4420 ma-

2166 4652 2284 4725 (79)
2313 4649 2825 4725 ’Avaucxuvpﬁgsv.
2858 4651 3056 4725 Camb.
3089 4648 3504 4725 aicxwzofipsv.

2167 4718 2278 4805 (80)
2309 4718 2576 4805 stilicidi.
2612 4718 2903 4805 Ita'R‘egg.
2933 4722 2973 4790 1,
3002 4727 3044 4789 t,
3085 4718 3242 4779 C015.
3293 4718 3399 4779 mf
3422 4723 3496 4779 At
3541 4718 3741 4794 plures

2096 4789 2192 4850 alii
2227 4789 2477 4861 codices,
2513 4797 2569 4848 et
2598 4794 2687 4849 ed.
2721 4789 2970 4849 alis'tc'na.

2186 4868 2276 4930 81)
2308 4863 2800 4937 ἈπτόμενοιρΑῙίἱ
2832 4881 2966 4937 cum
2996 4863 3110 4920 leni
3173 4864 3383 4937 spiritu
3414 4861 3737 4937 ἀπτομινοι.

2186 4868 2276 4930 81)
2308 4868 2658 4935 Ἀπτόμενοι.
2690 4868 2800 4918 Alii
2832 4881 2966 4920 cum
2996 4868 3110 4920 leni
3173 4868 3383 4937 spiritu
3414 4868 3737 4936 ἀπτομενοι.

2164 4868 2274 5008 (82)
2330 4936 2433 5003 Τὴν
2494 4936 2609 4988 καθ’
2665 4936 2835 5009 ἡμᾶς,
2869 4936 3136 5009 ἱατρικήν.
3199 4961 3227 4986 α
3260 4936 3532 4992 Nostram
3584 4934 3738 4992 hanc

2095 5009 2363 5063 medendi
2397 5012 2601 5078 artem,
2635 5024 2768 5078 quae
2792 5008 2942 5062 circa
2962 5008 3215 5078 Corpora
3251 5012 3538 5078 versatur,
3572 5029 3593 5056 ι
3630 5012 3740 5065 etc.

2403 5075 2631 5162 πλείων.
2656 5075 2891 5162 ίΤξῌθῐη.
2929 5099 2956 5127 ‹‹
2991 5075 3134 5134 forte
3231 5075 3524 5162 πλείωνὼή

2187 5145 2276 5219 84)
2309 5149 2414 5205 Τὸν
2450 5145 2679 5203 ἔνδοθεν.
2712 5149 2805 5204 Sic
2832 5166 3035 5205 omnes
3067 5145 3293 5207 codices
3321 5169 3333 5220 ;
3365 5149 3571 5206 Billius
3618 5149 3744 5222 ipse

2097 5222 2428 5277 scripserat.

2170 5239 2564 5366 (8ἓῗϐὲῗό-τεως.
2616 5295 2759 5366 ριιοΔ
2790 5294 2967 5366 Ijegg.
3019 5292 3501 5366 νήψεωςηϐοιιιὶ)ἒ
3551 5308 3745 5347 παντεο

2097 5360 2229 5425 λοῧς
2260 5360 2509 5437 πίστεῳςσ
2547 5386 2572 5410 ‹‹
2603 5362 2763 5427 Quod
2798 5360 3037 5435 Paulus,
3071 5360 3334 5437 n'inquit,
3369 5387 3397 5415 ‹‹
3420 5363 3587 5422 ICor.
3613 5376 3742 5434 xm,

2094 5436 2152 5504 2,
2184 5440 2352 5489 πᾶσαν
2388 5433 2582 5488 πίστιν.
2622 5456 2647 5483 ››

2168 5509 2279 5578 (86)
2315 5507 2791 5579 'Avntsxvﬁs'swz.
2828 5506 3027 5563 Comb.
3085 5530 3110 5561 α
3140 5508 3351 5568 Nostra
3398 5508 3460 5565 in
3506 5511 3739 5567 contra-

2099 5580 2253 5636 rium
2284 5580 2586 5637 molitione
2620 5583 2677 5632 et
2709 5594 2907 5651 opera.
2938 5601 2966 5629 υ
