4184 6202
436 388 549 458 431

1676 392 1739 454 s.
1791 382 2161 455 eaacoau
2205 386 2599 456 THEOLOGI

3716 391 3836 459 433

435 545 551 601 gna
580 528 952 599 perfectaque
1006 526 1120 581 fide
1176 541 1320 597 opus
1378 528 1487 591 est,
1534 531 1660 581 tum
1718 526 1924 596 majori
1975 526 2076 580 Dei

2223 525 2307 596 ω),
2367 524 2548 599 χρεία,
2604 531 2704 593 τῆς
2761 524 2849 579 καὶ
2902 522 3053 600 λόγῳ
3109 522 3197 579 καὶ
3257 520 3397 601 ἔργῳ
3456 527 3839 602 Θεωρουμένης

435 618 669 685 auxilio,
703 632 807 671 nec
852 632 1050 686 parva,
1120 624 1177 669 ul
1240 614 1383 668 mihi
1437 616 1674 686 quidem
1732 614 2077 686 persuadeo.

436 704 802 763 contentione
832 709 1033 759 nostra
1084 720 1211 774 quae
1262 704 1473 774 partim
1529 719 1818 769 sermone,
1864 703 2081 774 partim

435 811 607 866 opere
636 798 967 865 spectetur:
1026 792 1076 847 si
1133 792 1372 863 quidem
1425 793 1481 845 id
1516 792 1684 848 nobis
1716 792 2081 864 propositum

2195 614 2330 685 (87),
2364 612 2410 667 εἰ
2461 610 2543 667 δεῖ
2586 612 2767 674 καλῶς
2821 615 2954 686 ἡμῖν
2986 615 3103 686 (88)
3136 613 3512 690 θεραπεύεσθαι
3562 614 3651 671 καί
3700 616 3840 672 ἀπο·

2189 700 2554 776 καθαίρεσθαι,
2596 701 2686 755 καὶ
2736 701 2809 763 ὡς
2855 700 3109 756 πλείστου
3156 702 3302 775 ἀξίας
3353 702 3507 778 εἶναι,
3533 704 3595 761 τὸ
3637 707 3840 778 τιμιώ-

2192 809 2348 843 τατον
2384 791 2454 843 ὧν
2489 786 2710 864 ἔχομεν,
2744 790 2837 851 τὰς
2870 789 3068 864 ψυχάς.

433 888 542 951 est,
566 888 631 938 ut
663 882 892 950 animae,
927 881 1141 952 quibus
1174 880 1319 935 nihil
1352 881 1742 951 praestantius,
1776 881 2085 950 habemus,
2113 881 2292 952 probe
2333 886 2609 936 curentur
2657 886 2833 951 atque
2891 884 3231 953 purgentur,
3293 883 3651 955 maximique
3712 886 3838 941 sint

437 970 630 1043 pretii.

507 1060 671 1117 XXII.
703 1059 733 1115 J
744 1076 838 1115 am
871 1059 1026 1131 quod
1076 1058 1386 1128 utriusque
1435 1058 1737 1113 medicinae
1768 1058 1916 1113 fines
1949 1057 2085 1113 atti-

440 1154 559 1218 net,
592 1149 652 1203 id
682 1148 838 1202 enim
871 1146 1039 1203 nobis
1072 1146 1487 1201 conferendum
1536 1147 1728 1202 adhuc
1776 1150 2081 1218 superest:

442 1238 543 1293 illa
572 1235 717 1291 nihil
748 1234 907 1290 aliud
940 1240 1183 1305 spectat,
1208 1251 1382 1305 quam
1411 1240 1475 1289 ut
1504 1236 1837 1302 sanitatem,
1862 1239 1963 1289 aut
1984 1235 2084 1289 bo—

440 1342 578 1382 nam
610 1324 802 1379 carnis
833 1323 1258 1391 habitudinem,
1284 1323 1372 1379 vel
1394 1328 1741 1395 praesentem
1764 1327 2082 1391 conservet,

439 1414 525 1469 vel
559 1413 859 1468 absentem
885 1416 1143 1467 revocet:
1181 1428 1432 1482 quorum
1465 1413 1725 1468 nondum
1757 1416 1980 1467 certum
1998 1415 2085 1467 est

439 1521 511 1559 an
543 1501 763 1574 aliquid
795 1500 868 1555 iis
896 1502 1267 1572 profuturum
1300 1502 1395 1569 sit,
1422 1501 1519 1571 qui
1541 1518 1609 1556 ea
1629 1501 1929 1557 consecuti
1963 1502 2085 1555 fue-

440 1594 583 1659 rint;
610 1590 828 1662 quippe
846 1607 979 1645 cum
999 1606 1091 1645 res
1115 1590 1416 1645 contraries
1440 1592 1717 1661 majorem
1741 1590 2086 1661 plerumque

440 1679 697 1736 dominis
728 1680 851 1734 suis
897 1678 1215 1734 utilitatem
1270 1679 1531 1746 afferant,
1583 1679 2085 1750 quemadmodum

441 1787 580 1841 opes
613 1773 669 1824 et
698 1773 1036 1840 paupertas,
1070 1766 1255 1838 gloria
1283 1772 1340 1822 et
1366 1767 1708 1839 ignominia,
1734 1766 2011 1838 splendor
2031 1770 2088 1822 et

2266 1057 2386 1113 KB'.
2418 1054 2490 1109 Τά
2517 1076 2578 1131 γε
2629 1056 2734 1126 μὴν
2786 1055 3104 1134 ἀμφοτέρων
3158 1061 3265 1112 τῶν
3323 1048 3617 1135 θεραπειῶν
3675 1060 3839 1133 τέλη,

2192 1148 2352 1198 τοῦτο
2385 1144 2487 1218 γὰρ
2518 1146 2652 1217 ἡμῖν
2686 1144 2760 1206 είς
2797 1145 2895 1213 τήν
2927 1145 3153 1217 ἐξέτασιν
3193 1144 3268 1201 ἔτι
3321 1144 3585 1219 λείπεται,
3616 1153 3685 1222 τῇ
3744 1152 3840 1224 μὶν

2196 1232 2396 1308 ὑγίειαν
2430 1235 2563 1305 (89),
2609 1235 2642 1302 ἢ
2688 1232 2887 1303 εὐεξίαν
2946 1234 3159 1309 σαρκὸς,
3207 1235 3242 1304 ἢ
3291 1233 3448 1291 οὖσαν
3500 1236 3751 1314 φυλάξαι,
3804 1240 3844 1307 ἢ

2194 1320 2530 1385 ἀπελθοῦσαν
2581 1320 3025 1390 ἀνακαλέσασθαι,
3078 1324 3150 1378 ὢν
3204 1321 3356 1379 οὔπω
3556 1324 3749 1401 δῆλον,
3795 1326 3852 1383 εἴ

2191 1430 2242 1463 τι
2275 1409 2505 1464 συνοίσει
2535 1415 2651 1471 τοῖς
2681 1410 3051 1483 κεκτημένοις·
3086 1412 3199 1466 ἐπεὶ
3249 1413 3338 1467 καὶ
3384 1413 3452 1468 τὰ
3490 1412 3696 1470 έναντία
3730 1418 3848 1491 (91)

2193 1497 2462 1561 πολλάκις
2511 1497 2687 1553 πλείω
2738 1499 2866 1561 τοὺς
2906 1497 3131 1574 ἔχοντας
3178 1496 3406 1571 ὤνησεν,
3439 1502 3617 1578 ὥσπερ
3664 1505 3847 1560 πενίαι

2194 1608 2253 1640 τε
2281 1588 2369 1640 καὶ
2401 1586 2655 1659 πλοῦτοι,
2689 1585 2834 1658 δόξαι
2865 1609 2924 1643 τε
2952 1588 3041 1643 καὶ
3073 1586 3299 1662 ἀδοξίαι,
3329 1593 3707 1663 ταπεινότητες
3751 1594 3848 1649 καὶ

2196 1673 2605 1751 λαμπρότητες,
2636 1676 2725 1730 καὶ
2752 1676 2848 1731 ὅσα
2878 1676 2928 1731 έν
2967 1675 3112 1750 μέσῳ
3156 1678 3378 1751 κείμενα
3415 1682 3550 1735 κατὰ
3592 1683 3692 1749 τήν
3739 1682 3845 1761 φύ-

2196 1785 2297 1833 σιν,
2329 1764 2419 1818 καὶ
2448 1762 2601 1819 οὐδὲν
2638 1763 2850 1837 μᾶλλον
2877 1762 3006 1839 τῇδε
3043 1767 3078 1834 ἢ
3126 1764 3258 1839 τῇδε
3303 1768 3544 1840 νεύοντα,
3569 1774 3637 1844 τῇ
3691 1773 3847 1846 χρή-

443 1858 771 1925 humilitas,
805 1861 1125 1927 casteraque
1173 1855 1306 1923 alia,
1359 1874 1488 1927 quae
1537 1860 1744 1927 suapte
1787 1859 1997 1910 natura
2027 1856 2085 1910 in

2223 1873 2273 1906 “Et
2329 1853 2419 1907 καὶ
2474 1856 2542 1926 τῇ
2588 1852 2896 1928 προαιρέσει
2946 1859 3053 1909 τῶν
3086 1855 3429 1929 κεκτημένων
3457 1860 3518 1913 τὸ
3553 1858 3768 1933 βέλτιον
3804 1860 3843 1929 ἢ

445 1947 637 2003 medio
668 1946 875 2018 posita,
912 1944 1210 2015 nihiloque
1254 1945 1443 2016 magis
1490 1945 1550 1999 in
1595 1944 1767 2011 hanc,
1819 1961 1997 2015 quam
2027 1944 2086 2000 in

2230 1941 2256 1995 ὸ
2287 1947 2474 2016 χεῖρον
2504 1926 2789 2013 λαμϐάνει·
2806 1945 2872 2009 τῇ
2894 1939 3029 1997 δὲτὸ
3052 1926 3405 2019 προκείμενον
3438 1926 3709 2023 πτερῶσαι

444 2034 611 2091 illam
627 2038 851 2104 partem
875 2032 1316 2102 propendentia,
1337 2049 1403 2087 ex
1424 2032 1792 2087 dominorum
1820 2031 2086 2097 usu,ani-

446 2119 1038 2192 miqueinstituto,vel
1051 2120 1396 2187 virtutis,vel
1410 2116 1531 2175 vitii
1547 2137 1757 2175 nomen
1774 2120 2087 2192 accipiunt.

446 2210 593 2265 Huic
621 2214 821 2265 contra
851 2225 1064 2280 scopus
1092 2213 1201 2279 est,
1244 2209 1452 2264 animae
1502 2226 1724 2280 pennas
1757 2210 1991 2280 addere,
2026 2226 2092 2265 ac

444 2299 664 2353 mundo
691 2313 817 2353 eam
840 2297 1083 2368 eripere,
1105 2296 1339 2368 Deoque
1359 2298 1518 2365 dare,
1547 2298 1923 2369 divinamque
1944 2299 2090 2354 ima-

441 2388 639 2459 ginem
685 2386 749 2455 “,
796 2389 897 2441 aut
926 2391 1260 2441 manentem
1306 2401 1671 2452 conservare,
1715 2391 1815 2440 aut
1863 2387 2090 2458 p-.ricli-

444 2481 663 2532 tantem
694 2474 920 2543 fulcire,
956 2479 1057 2530 aut
1087 2474 1376 2546 dilapsam
1421 2475 1479 2529 in
1523 2466 1835 2545 pristinum
1867 2479 2088 2531 statum

2197 2031 2405 2104 ψυχὴν,
2454 2030 2683 2103 ἁρπάσαι
2733 2032 2847 2103 (93)
2883 2031 3114 2104 κόσμου,
3168 2034 3256 2087 καὶ
3315 2031 3495 2089 δοῦναι
3550 2037 3661 2109 (94)
3707 2042 3846 2109 sup,

2199 2119 2288 2172 καὶ
2345 2117 2408 2173 τὸ
2456 2120 2572 2173 κατ’
2615 2118 2793 2173 εἰκόνα
2840 2120 2877 2187 ἢ
2931 2120 3089 2191 μένον
3146 2129 3405 2197 τηρῆσαι,
3454 2126 3488 2193 ἣ
3533 2121 3845 2180 κινδυνεῦον

2200 2215 2649 2283 χειραγωγῆσαι,
2711 2209 2745 2276 ἢ
2811 2205 3058 2284 διαρῥυὶν
3146 2210 3556 2284 ἀνασώσασθαι,
3626 2213 3851 2270 εἷσοικί-

2202 2317 2286 2349 σαι
2337 2297 2449 2369 (95)
2495 2316 2554 2350 τε
2597 2296 2688 2350 τὸν
2736 2296 2961 2371 Χριστὸν
3022 2296 3074 2352 έν
3128 2304 3245 2361 ταῖς
3316 2299 3561 2377 καρδίαις
3606 2300 3695 2358 διὰ
3742 2309 3847 2359 τοῦ

2201 2384 2530 2457 Πνεύματος’
2590 2384 2678 2439 καὶ
2740 2385 2803 2439 τὸ
2880 2384 3194 2464 κεφάλαιον,
3253 2388 3377 2443 Θεὸν
3444 2398 3692 2463 ποιῆσαι,
3750 2394 3849 2447 καὶ

2198 2480 2297 2543 τῆς
2329 2474 2439 2527 ἄνω
2474 2473 2893 2547 μακαριότητος,
2923 2475 3015 2529 τὸν
3058 2479 3159 2546 τῆς
3208 2478 3318 2531 ἄνω
3371 2479 3665 2551 συντάξεως

444 2578 732 2628 revocare,
776 2561 1186 2632 Christumque
1225 2578 1326 2632 per
1376 2561 1657 2633 Spiritum
1706 2568 1973 2619 sanctum
2020 2564 2082 2618 in
2133 2562 2382 2636 pectoris
2430 2562 2794 2619 domicilium
2844 2564 3151 2621 admittere
3182 2566 3267 2634 ‘9;
3320 2571 3516 2639 atque,
3566 2575 3631 2625 ut
3674 2586 3853 2626 sum-

447 2652 652 2709 matim
679 2652 891 2721 dicam,
925 2666 1083 2716 eum,
1116 2651 1217 2721 qui
1248 2650 1487 2722 superni
1536 2650 1791 2722 agminis
1824 2651 1919 2719 sit,
1955 2656 2135 2707 Deum
2166 2652 2414 2718 efﬁcere,
2446 2668 2512 2708 ac
2544 2668 2858 2723 supernam
2889 2653 3307 2711 beatitudinem
3339 2656 3453 2728 ipsi
3480 2673 3846 2730 comparare.

517 2741 709 2797 XXIII.
745 2740 867 2795 Huc
897 2739 1181 2810 magistra
1234 2739 1326 2794 lex
1381 2740 1425 2774 ⁵ο
1481 2740 1708 2795 tendit:
1770 2740 1881 2795 huc
1940 2741 2092 2796 inter

458 2830 755 2886 Christum
786 2833 843 2884 et
864 2827 1051 2899 legem
1081 2828 1368 2899 interjecti
1404 2828 1738 2900 prophetae:
1773 2829 1887 2883 huc
1919 2829 2092 2901 spiri-

451 2919 630 2975 tualis
659 2918 803 2990 legis
833 2922 1273 2972 consummator
1300 2921 1357 2971 et
1403 2917 1538 2972 ﬁnis
1583 2917 1848 2973 Christus
1878 2919 1943 2972 δι.
1977 2918 2099 2973 Huc

455 3006 751 3064 exinanita
775 3006 982 3061 deitas.
1018 3006 1139 3061 Huc
1172 3010 1480 3077 assumpta
1501 3022 1666 3062 caro:
1699 3006 1813 3061 huc
1835 3024 1979 3062 nova
2001 3006 2101 3062 illa

458 3096 676 3163 mistio,
709 3094 885 3161 Deus,
906 3094 1172 3165 inquam,
1198 3098 1256 3149 et
1289 3094 1490 3151 homo:
1521 3112 1699 3150 unum
1728 3112 1795 3150 ex
1827 3100 2097 3167 utroque,

452 3190 511 3240 et
539 3189 855 3255 utrumque
885 3199 987 3255 per
1018 3199 1222 3237 unum.
1247 3183 1331 3237 Ob
1357 3183 1504 3238 hanc
1530 3200 1771 3240 causam
1802 3190 1952 3239 Deus
1980 3185 2101 3239 ani-

453 3290 563 3329 ma:
592 3272 922 3349 interventu
952 3271 1113 3326 carni
1153 3271 1399 3342 junctus
1448 3276 1559 3339 est,
1604 3289 1671 3328 ac
1720 3290 1811 3327 res
1855 3272 2011 3327 inter
2039 3289 2101 3327 se

2270 2740 2386 2795 ΚΓ.
2418 2743 2586 2794 Τοῦτο
2618 2742 2752 2811 ἡμῖν
2783 2740 2810 2793 ὁ
2840 2738 3187 2817 παιδαγωγὸς
3224 2741 3476 2818 βούλεται
3504 2744 3691 2818 νόμος*
3722 2751 3853 2801 τοῦ·

2198 2848 2261 2881 το
2295 2828 2344 2881 οἱ
2381 2826 2532 2899 μέσοι
2563 2829 2796 2902 Χριστοῦ
2826 2829 2916 2883 καὶ
2944 2829 3118 2901 νόμου
3150 2838 3446 2908 προφῆταιο
3482 2837 3643 2888 τοῦτο
3674 2834 3701 2887 ὁ
3746 2839 3852 2890 τοῦ

2207 2920 2572 2987 πνευματικοῦ
2639 2916 2812 2989 νόμου
2889 2915 3184 2987 τελειωτής
3238 2917 3331 2973 καί
3384 2921 3446 2975 τὸ
3501 2920 3660 2983 τέλος
3717 2924 3857 2997 Χρι-

2209 3004 2330 3066 στός
2378 3006 2512 3077 (97)·
2545 3008 2704 3058 τοῦτο
2753 3006 2787 3073 ἡ
2835 3006 3129 3061 κενωθεῖσα
3184 3008 3295 3080 (98)
3354 3007 3563 3079 θεότηςο
3618 3014 3780 3067 τοῦτο
3817 3015 3854 3083 ἠ

2208 3092 2615 3169 προσληφθεῖσα
2662 3094 2809 3168 σαρξ’
2864 3098 3025 3149 τοῦτο
3074 3097 3108 3165 ἡ
3168 3097 3325 3164 καινή
3380 3097 3546 3169 μίξις,
3576 3098 3703 3162 Θεὸς
3760 3101 3857 3156 καὶ

2210 3180 2513 3256 ἄνθρωπος,
2544 3181 2600 3235 ἓν
2630 3181 2680 3251 ἐξ
2725 3183 2948 3259 ἀμφοῖν,
2990 3183 3080 3237 καὶ
3130 3181 3199 3238 δι’
3245 3183 3362 3247 ἐνὸς
3409 3187 3858 3264 ἀμφότερα

2211 3270 2308 3324 Διὰ
2361 3274 2520 3323 τοῦτο
2561 3269 2691 3331 Θεὸς
2763 3270 2919 3347 σαρκὶ
2995 3269 3083 3326 διὰ
3145 3271 3315 3345 μέσης
3371 3277 3558 3349 ψυχῆς
3628 3276 3863 3352 ἀνεκρα-

525 3372 569 3407 ⁸⁸
601 3371 741 3427 Gen.
785 3387 823 3440 ι,
845 3370 937 3425 26.
971 3370 1015 3405 ‘9
1044 3368 1257 3441 Ephes.
1281 3386 1364 3439 ιιι,
1398 3370 1484 3424 17.
1517 3370 1561 3404 ⁸ο
1591 3369 1714 3425 Gal.
1749 3386 1833 3437 ιιι,
1863 3371 1954 3426 24.
1986 3370 2029 3406 ⁸1
2063 3369 2102 3425 Η

2223 3410 2234 3427 .
2270 3386 2369 3439 xu,
2401 3370 2456 3424 2.

524 3469 637 3542 (87)
664 3466 1078 3542 eampoupévqc.
1113 3467 1375 3542 Addunt
1430 3470 1561 3542 Par.
1624 3462 1728 3542 εἴτε
1783 3466 1872 3521 καὶ

524 3471 637 3542 (87)
664 3471 1078 3540 Θεωρουμένης.
1142 3471 1375 3521 Addunt
1430 3471 1561 3521 Par.
1624 3471 1728 3520 εἴτε
1783 3471 1872 3521 καὶ
1936 3486 2101 3592 προσ·
2134 3471 2177 3537 α

457 3539 763 3615 αγομένης,
798 3539 1066 3615 quamvis
1111 3536 1318 3615 Billius
1365 3539 1667 3615 scripserit
1697 3539 1774 3615 in
1818 3556 1923 3615 ora
1964 3611 1987 3615 _
2016 3556 2102 3615 as.

468 3609 639 3667 (non
672 3611 963 3665 habentur
992 3611 1051 3664 in
1106 3609 1370 3679 antiquo,
1433 3626 1536 3663 nec
1597 3610 1655 3664 in
1689 3609 1856 3665 Card.
1896 3632 1923 3659 ››
1955 3611 2105 3673 Quin

462 3684 636 3740 etiam
658 3682 871 3736 desunt
891 3680 948 3735 in
976 3697 1178 3735 novem
1204 3680 1671 3752 Regg.,quinque
1688 3681 1981 3736 Coib.etin
2007 3682 2104 3736 Or.

466 3754 517 3826 1,
553 3769 913 3826 prorsusque
932 3752 1203 3826 addititia
1218 3752 1505 3826 videntur.
1528 3752 1607 3807 Ea
1628 3758 1822 3826 tamen
1844 3753 2109 3826 agnoscit

467 3823 793 3905 Qabrielius
817 3823 833 3892 ξ
858 3829 1129 3905 atqueeo
1160 3824 1243 3905 sic
1265 3823 1455 3905 reddit
1474 3824 1991 3905 Sanci‘gyranensis
2014 3824 2109 3878 ab-

465 3899 570 3954 bas
597 3912 611 3953 :
648 3919 669 3946 «
697 3912 824 3967 quas
854 3896 914 3950 in
943 3894 1132 3950 verbis
1153 3904 1207 3949 et
1228 3896 1501 3965 operibus
1525 3894 1740 3950 nostris
1770 3895 1964 3966 palam
1987 3911 2108 3950 cer-

468 3972 660 4034 natur,
692 3966 823 4023 aliis
854 3966 1233 4022 admoveatur
1259 3983 1292 4020 a
1320 3967 1500 4021 vobis.
1537 3988 1565 4015 ››

538 4038 653 4111 (88)
679 4037 864 4109 Ἡμῖν.
914 4038 1054 4111 Reg.
1113 4037 1152 4111 l,
1186 4038 1353 4111 ἡμᾶς,
1388 4054 1527 4111 ⁸ιιοιι
1587 4037 1974 4105 incommode,
2008 4036 2109 4092 sed

473 4107 662 4165 alieno
693 4107 869 4165 sensu
895 4126 908 4164 :
937 4107 1023 4164 ita
1050 4108 1223 4163 etiam
1253 4107 1425 4163 Coisl.
1461 4113 1503 4162 Ι.

472 4247 499 4303 ὁ
541 4180 654 4302 ((39)
700 4179 942 4254 Ὑγίειαν.
995 4182 1078 4235 Ita
1136 4180 1280 4251 Reg.
1322 4198 1371 4246 r,
1424 4180 1566 4246 Jes.,
1624 4184 1732 4235 etc.
1794 4181 1893 4234 Ed.
1952 4194 2108 4247 vero,

503 4268 563 4303 γε
586 4268 666 4303 αν.

539 4268 666 4304 ιιαν.

503 4268 666 4391 γξίὶοίῖ).
687 4320 778 4371 Ὧν
811 4315 985 4388 οἷίπω,
1018 4325 1126 4375 etc.
1160 4322 1373 4376 Totum
1428 4320 1584 4376 hunc
1632 4320 1823 4376 locum
1876 4319 2109 4376 mallem

473 4390 556 4448 sic
587 4391 862 4464 reddere;
899 4413 926 4441 «
960 4408 1087 4462 quae
1119 4408 1189 4445 an
1232 4392 1323 4462 iis,
1356 4393 1471 4464 qui
1520 4409 1588 4447 ea
1632 4393 1846 4447 fuerint
1894 4392 2110 4464 adepti,

472 4463 779 4535 profutura
815 4460 952 4535 sint,
978 4460 1187 4535 necne,
1216 4460 1473 4535 nondum
1510 4480 1650 4518 sane
1681 4470 1943 4535 constat;
1977 4460 2110 4535 cum

474 4533 675 4591 eorum
694 4533 983 4605 contraria
1005 4549 1152 4603 saape
1175 4533 1265 4587 his
1286 4538 1384 4604 qui
1404 4534 1819 4605 habuere,plus
1842 4534 2112 4589 utilitatis

475 4604 843 4663 attulerint...
876 4620 944 4658 ex
973 4604 1312 4675 habentium
1358 4621 1465 4658 usu
1514 4604 1825 4675 animoque
1856 4606 1991 4660 boni
2025 4605 2111 4659 vel

476 4678 614 4763 mali
645 4693 856 4763 pomeri
884 4674 1194 4763 accipiupt;
1232 4697 1259 4723 »
1307 4676 1409 4763 (ξεζ
1458 4677 1505 4742 1,
1549 4676 1632 4763 in,
1657 4674 1914 4763 margine
1946 4676 2113 4759 scho-

475 4750 621 4819 lium
649 4744 1310 4819 hujusmodiiexhihet:
1344 4748 1463 4799 ’Ότι
1515 4744 1669 4797 πενία
1706 4744 2110 4819 ,καῖηπλοῦτος,

473 4815 601 4899 δόξα
654 4810 847 4899 τεζκαὶ
889 4814 1094 4899 ἀδοξία,
1126 4816 1215 4899 κεαὶ
1250 4815 1371 4899 (ἶσαι.
1391 4810 2116 4899 τριαῦταὶμέσαέντριιπαρᾶ
2145 4835 2190 4899 D

471 4883 570 4960 τὴν
617 4892 827 4965 ,χρῆσιν
868 4883 1103 4965 *γίνεταί
1144 4887 1377 4965 ἀγαθὰμῆ
1401 4883 1556 4965 κακά.
1599 4883 1744 4941 Μέσα
1794 4883 1850 4965 δὲ
1874 4883 2112 4965 ’λέγεται

396 4970 399 4973 ’
472 4957 551 5035 τῷ
609 4957 816 5033 ὁμοίως
864 4957 1202 5029 διεστηκέναι
1245 4962 1340 5035 τοῦ
1384 4958 1689 5035 ’ψόγου-γε.
1738 4958 1822 5012 καὶ
1870 4957 2108 5035 έπαίνου.

478 5031 699 5099 «(Quod
731 5038 1055 5105 paupertas
1078 5038 1250 5101 atque
1281 5031 1514 5099 divitiae,
1546 5031 1731 5101 gloria
1778 5033 1994 5105 pariter
2024 5038 2110 5088 at-

478 5123 591 5179 que
611 5103 1028 5179 ignominia,ac
1045 5104 1100 5157 id
1125 5119 1313 5179 genus
1332 5109 1560 5179 caetera,
1590 5119 1718 5173 quae
1739 5103 1927 5179 media
1950 5108 2109 5174 sunt,

476 5174 589 5234 iisu
620 5174 773 5234 bona
801 5176 886 5232 vel
923 5174 1072 5229 mala
1094 5174 1363 5231 evadunt.
1392 5175 1577 5241 Media
1600 5191 1766 5245 porro
1790 5175 1943 5229 dicta
1973 5180 2114 5231 sunt

473 5248 689 5332 idcirco
721 5248 874 5332 quod
906 5251 1032 5301 tum
1066 5264 1099 5302 a
1119 5246 1291 5301 laude
1320 5250 1447 5301 tum
1479 5262 1512 5301 a
1535 5245 1819 5318 vituperio
1850 5262 1917 5301 ex
1946 5263 2112 5319 aequo

476 5326 700 5378 remota
729 5324 866 5375 sint.
902 5340 930 5368 »

548 5394 659 5463 (91)
688 5392 763 5443 Τὰ
793 5387 1025 5442 ἐναντία.
1077 5388 1215 5458 Reg.
1247 5386 1349 5458 hu,
1381 5384 1647 5440 τάναντία.

545 5458 652 5535 (92)
686 5465 982 5534 Πτερὼσαι.
1018 5480 1046 5509 ‹‹
1088 5464 1315 5515 Pennas
1345 5465 1561 5535 aptare.
1583 5481 1628 5535 _»
1659 5458 1991 5535 Gregorius,
2026 5476 2110 5526 or,

475 5534 525 5590 al
543 5529 560 5591 .’
593 5529 686 5601 xx,
719 5529 875 5588 nunc
922 5535 1117 5587 autem
1171 5546 1329 5599 xmn,
1372 5547 1427 5585 n.
1459 5530 1549 5598 81,
1583 5529 1861 5585 Basilium
1893 5531 1981 5584 τὸν
2013 5536 2113 5599 τῆς

472 5601 1017 5680 ἐρημίας-πτερωτήν
1067 5601 1346 5680 appellat,
1399 5603 1566 5680 quasi
1621 5602 1721 5673 qui
1778 5603 2111 5680 solitudinis

471 5672 751 5736 studiosis
780 5672 852 5734 ad
883 5672 1694 5747 pennas—aptandasidoneus
1736 5677 1909 5730 esset.
1943 5674 2113 5747 Apud

467 5750 638 5841 Eiet,
671 5749 864 5835 Ρριιιφ,
883 5744 999 5831 lib.
1028 5761 1086 5824 ν,
1114 5744 1388 5829 πτερῶσαι
1409 5744 1745 5823 signiﬁcat:
1778 5768 1808 5803 «
1830 5744 2056 5825 equites
2079 5762 2111 5807 e

2216 3466 2461 3538 pedibus
2492 3466 2861 3522 constituere.
2895 3490 2925 3517 ››

2284 3523 2398 3624 ζ93)
2431 3537 2714 3624 mea“:
2749 3539 2851 3593 Ed.
2910 3540 3141 3624 {leg},
3200 3546 3257 3624 et
3313 3541 3472 3624 cols.
3523 3559 3605 3613 m,
3636 3544 3862 3603 habent

2214 3608 2303 3663 καὶ
2363 3608 2616 3682 ἀρπάσαι.
2660 3610 2868 3665 Verum
2927 3608 3084 3666 ist'ud
3132 3611 3222 3665 καί
3298 3616 3463 3671 abest
3526 3633 3559 3671 a
3592 3608 3859 3688 'septem

2218 3682 2418 3738 Regem.
2453 3681 2642 3736 tribus
2670 3680 2826 3737 Colb.
2861 3685 2917 3737 et
2947 3682 3041 3737 Or.
3083 3684 3135 3738 1.

2384 3724 2418 3744 .,
2453 3697 2642 3736 U'IDUS
2670 3697 2826 3737 U0”).
2861 3697 2917 3737 ϐῐ
2947 3697 3041 3737 UP.
3083 3702 3087 3737 ἶ

2433 3754 2645 3805 Δοῦναι.
2676 3752 2803 3807 Bas.
2842 3750 3087 3820 δοθῆναι.

2309 3754 2401 3821 94)
2433 3754 2645 3805 Δοῦναι.
2676 3754 2803 3807 Bas.
2842 3754 3087 3820 δοθῆναι.

2287 3754 2398 3895 (95)
2436 3821 2782 3900 Εἶσοικίσαιει
2813 3824 2931 3880 Jes.
2973 3822 3371 3900 Δείσοικίσασιιν.
3428 3827 3567 3900 Reg.
3615 3846 3661 3884 ιι,
3694 3826 3867 3883 aiam-

2218 3892 2457 3968 κίσαντα,
2492 3896 2614 3968 θεά-
2653 3895 2863 3950 melius
2920 3896 3011 3949 ed.
3056 3898 3385 3968 Gregorius
3440 3892 3597 3954 enim
3629 3901 3867 3959 videtur

2219 3967 2569 4040 adumbrare
2603 3964 2794 4040 locum
2837 3965 3116 4040 Apostoli,
3167 3964 3311 4040 Eph.
3345 3986 3428 4037 ιιι,
3474 3972 3535 4025 16
3565 3972 3651 4039 17,
3683 3996 3712 4021 ‹‹
3745 3973 3867 4028 vir-

2219 4043 2342 4093 tute
2374 4038 2730 4110 corrohorari
2762 4052 2868 4110 per
2924 4038 3231 4110 Spiritum_
3262 4040 3389 4110 ejus
3436 4042 3495 4096 in
3525 4038 3869 4102 interiorem

2218 4109 2515 4164 hominem
2539 4107 2832 4163 Christum
2856 4107 3237 4183 inhabitare,»
3257 4107 3370 4167 nisi
3392 4114 3545 4235 quod
3557 4130 3661 4235 pro
3684 4134 3870 4169 κατοι-

2218 4185 2380 4235 κῆσαι
2413 4196 2527 4235 auo
2560 4196 2703 4235 usus
2733 4185 2823 4234 est
2854 4181 3185 4235 Apostolus.
3213 4183 3347 4235 dicit
3378 4202 3402 4235 ε
3428 4203 3549 4235 σοικ
3577 4204 3680 4235 σαι-
3703 4190 3864 4235 nnnd

2218 4185 2527 4259 κῇσα-ιλᾳιιο
2560 4196 2714 4259 usus
2733 4185 2823 4259 est
2854 4181 3194 4259 Apostolus,
3213 4183 3347 4259 dicit
3378 4181 3681 4259 εἰσοικίσαι,
3703 4190 3868 4259 quod

2219 4250 2532 4323 signiﬁcat.
2562 4272 2590 4300 «
2624 4250 2919 4323 habitare,
2938 4252 3124 4308 facere
3151 4259 3216 4309 ut
3251 4254 3553 4312 inhabitet.
3583 4276 3609 4308 ι

2429 4321 2656 4400 Τὸν-τῇς
2706 4322 2816 4400 ἄνω
2873 4323 3203 4400 συντάξεως.Δ
3246 4348 3275 4376 ‹‹
3309 4327 3417 4390 Qui
3474 4332 3533 4384 et
3579 4330 3701 4400 ipse
3761 4346 3865 4385 su-

2264 4394 2385 4450 erni
2418 4394 2640 4449 ordinis
2671 4398 2776 4449 est.
2813 4417 2841 4443 ››
2873 4396 2958 4449 Ad
2984 4395 3091 4451 hoc
3113 4396 3269 4452 enim
3292 4415 3326 4454 ιι
3354 4402 3469 4454 Deo
3499 4394 3729 4456 creatus
3752 4401 3869 4457 fuit

2265 4482 2416 4544 omo,
2451 4466 2605 4536 quod
2637 4470 2790 4521 recte
2815 4467 3083 4522 observat
3100 4468 3273 4538 Elias,
3308 4492 3337 4521 ‹‹
3372 4475 3437 4526 ut
3465 4473 3735 4544 supernis
3766 4489 3865 4528 or-

2223 4538 2459 4591 dinibus
2486 4544 2990 4593 annumeraretur.
3025 4562 3053 4589 ››

2294 4610 2405 4679 (97)
2435 4605 2681 4688 Χριστός.
2718 4609 2813 4688 Sic
2854 4610 3108 4665 maxima
3136 4627 3271 4681 pars
3302 4613 3590 4686 codicum,
3624 4615 3725 4688 qui
3758 4631 3869 4671 nec

2294 4626 2681 4731 (91))ιὲιστος.
2718 4626 2769 4663 δ]

2227 4678 2274 4747 ὸ,
2314 4696 2468 4733 nec:
2534 4679 2769 4735 habent.

2440 4751 2759 4830 Κενωθεῖσα.
2823 4752 2959 4830 «Ald
3021 4753 3292 4830 ostendit,
3350 4776 3378 4805 »
3436 4753 3866 4830 inquitElias,

2228 4841 2253 4901 ιι
2284 4826 2477 4901 totam
2498 4821 3056 4901 divinam_naturam
3083 4823 3142 4877 in
3176 4841 3292 4901 una
3316 4821 3555 4901 suarum
3586 4821 3869 4901 hyposta;

2220 4896 2343 4947 tum
2378 4894 2477 4948 toti
2512 4897 2729 4965 natura:
2760 4892 3028 4965 humanae
3059 4896 3387 4965 copulatam
3420 4892 3682 4954 fuisse?

2459 4965 2545 5017 ’Ἐν
2762 4962 2989 5046 ἀμφοῖν,
3053 4962 3172 5019 καῖν
3234 4963 3304 5019 δι’
3376 4968 3494 5029 ἑνὸς
3559 4967 3866 5046 ἀμφότερα.

2222 5056 2249 5085 ‹‹
2285 5036 2470 5112 Unum
2504 5052 2571 5090 ex
2604 5036 2887 5112 utrisque,
2908 5042 2977 5112 et
3007 5054 3108 5109 per
3138 5056 3321 5094 unum
3370 5036 3699 5112 utraque.'»
3732 5036 3869 5098 Haec

2221 5108 2393 5182 verba
2426 5116 2563 5182 sunt
2597 5122 2776 5182 «ﬂvere
2793 5108 3022 5182 gladius
3044 5126 3112 5164 ex
3130 5116 3375 5181 utraque
3398 5108 3561 5182 parte
3577 5118 3805 5169 acutus.
3832 5136 3866 5164 ι»

2221 5176 2952 5258 ut_10quiturQabriélius,
3007 5176 3346 5258 u__adversus
3389 5176 3710 5258 haereticos,
3743 5202 3869 5258 una

2222 5249 2375 5320 enim
2410 5249 2660 5320 percutit
2717 5249 2965 5307 letaliter
3022 5253 3353 5309 Nestorium
3409 5255 3605 5312 divina
3652 5249 3724 5313 ab
3754 5256 3868 5312 ho-

2223 5319 2379 5375 mine
2412 5319 2784 5406 dividentem,
2817 5324 3000 5406 altera
3033 5325 3489 5406 Eutychetem_in
3506 5328 3718 5406 divinis
3750 5327 3866 5382 hu-

2223 5396 2793 5471 manavacuantem.
2819 5417 2847 5471 _»
2871 5395 3082 5471 Eadem
3103 5395 3324 5471 dixerat
3344 5398 3518 5467 Elias,
3541 5402 3710 5471 cujus
3727 5415 3869 5471 pro-

2224 5464 2369 5542 tecto
2402 5464 2522 5542 haec
2540 5468 2693 5542 sunt
2716 5466 2965 5542 verbain
3001 5469 3263 5542 margine
3294 5471 3469 5542 Regg.
3495 5464 3662 5527 codd.
3684 5464 3867 5542 a'etgl:

2221 5533 2489 5616 ξξομωαία
2537 5532 2795 5616 δίστομος
2842 5536 2977 5616 κατά
3023 5532 3478 5616 τῶν”“αἱρετικ’ῖῖ›“ν.
3512 5542 3590 5598 Τὸ
3639 5540 3863 5616 ,γᾶρλξν

2224 5602 2274 5688 ξξ
2299 5602 2523 5688 ἀμφιοῖν,
2554 5602 2785 5688 πλήσσει
2828 5609 3055 5688 καιρίως
3094 5602 3244 5688 τοὺς.¹
3267 5608 3372 5688 ἀπὸ
3400 5602 3869 5688 ,Νεστορίδα-’δύο

2224 5627 2274 5672 ες
2299 5627 2523 5681 αμφοιν,
2554 5627 2785 5674 πΛησσει
2828 5627 3055 5735 magno:
3094 5630 3220 5672 τους
3267 5627 3372 5665 uno
3423 5627 3714 5688 Νεστορίου
3766 5627 3869 5668 600

2223 5674 2920 5763 bno‘naicezc‘lévov‘zg'ﬁ
2998 5675 3339 5763 δὶ,“δι’“έγὸς
3388 5682 3876 5763 ἀμφότεραζὰντις

2223 5696 2539 5740 υποστασεις
2574 5696 2844 5811 Αεέοντας·
2886 5696 2948 5735 το
2998 5696 3077 5749 οε,
3108 5696 3175 5737 σι’
3223 5696 3339 5745 ενος
3390 5696 3690 5763 ἀμφότερα,
3722 5696 3873 5741 ἀντι-

2222 5744 2453 5829 πλήσσει
2483 5748 2609 5817 τοὺς
2674 5750 2743 5810 πὸ
2774 5744 3025 5837 Σεϐήρου
3053 5754 3152 5827 τὰς
3197 5748 3290 5815 δύο
3335 5752 3521 5846 φύσεις
3549 5755 3603 5819 ἐν
3653 5759 3732 5839 τῷ
3784 5755 3873 5839 ivi
