4184 6202
342 379 467 439 433

1485 382 1778 445 ORATIO
1822 383 1899 443 II.
1933 418 2009 427 —
2036 383 2577 447 APOLOGETICA

3632 382 3751 444 434

347 521 414 578 θη
444 511 544 582 (1),
576 507 665 565 καὶ
696 506 948 580 συνεδέθη
978 508 1045 565 τὰ
1075 507 1334 566 διεστῶτα
1389 515 1457 585 τῇ
1506 514 1640 587 πρὸς
1688 514 1851 591 ἄμφω
1901 518 1989 569 τοῦ

2110 517 2493 587 disjunctaeac
2524 518 2873 574 dissidentes
2888 515 3361 589 perinterposita?
3391 517 3492 573 24
3513 515 3593 572 rei
3615 533 3747 574 cum

348 597 727 671 μεσιτεύοντος
776 598 1090 667 οἰκειότητι·
1124 597 1211 654 καὶ
1266 601 1438 654 πάντα
1470 604 1544 673 (2)
1597 602 1726 676 ὑπὶρ
1777 601 1987 657 πάντων

343 686 512 755 ἦλθεν
547 688 622 749 εἰς
650 686 728 757 ἓν,
748 687 837 741 καὶ
870 688 1000 761 ὑπὲρ
1024 688 1141 750 ἐνὸς
1161 693 1257 743 τοῦ
1279 691 1641 765 προπάτορος
1662 692 1695 759 ἠ
1730 692 1881 766 ψυχὴ
1907 689 1995 745 διὰ

342 778 444 844 τὴν
496 776 930 849 παρακούσασαν,
980 779 1015 845 ἠ
1068 777 1193 852 σὰρξ
1261 775 1349 832 διὰ
1409 780 1507 847 τὴν
1579 780 1991 855 ὑπουργήσασαν

341 864 434 919 καὶ
488 867 1014 940 συγκατακριθεῖσαν·
1048 868 1082 935 ἡ
1133 866 1226 937 μὲν
1281 869 1487 942 ψυχὴν,
1529 871 1563 937 ἡ
1616 865 1671 923 δὲ
1727 870 1913 945 σάρκα·
1966 870 1994 923 ὁ

340 954 573 1028 Χριστὸς
606 948 694 1007 διὰ
719 954 810 1008 τὸν
843 951 1015 1026 Ἀδὰμ
1048 955 1135 1009 τὸν
1178 955 1464 1029 γενόμενον
1521 956 1623 1011 ὑπό
1671 958 1768 1025 τὴν
1826 959 1995 1033 ἁμαρ-

337 1042 484 1113 τίαν,
519 1043 546 1097 ὁ
577 1042 831 1119 κρείττων
866 1045 943 1116 (3)
972 1043 1237 1119 ἁμαρτίας
1266 1044 1356 1098 καὶ
1389 1043 1749 1121 ὑψηλότερος.

2104 610 2351 675 utraque
2381 624 2581 661 earum
2616 607 3449 676 afﬁnitatemetcognationem
3467 606 3747 675 copulatas

2104 698 2274 747 sunt:
2311 700 2482 763 atque
2510 696 2707 749 omnia
2756 702 2989 763 propter
3020 694 3236 759 omnia,
3271 699 3329 747 et
3359 710 3460 764 pro
3493 711 3608 748 uno
3651 694 3748 749 illo

2104 782 2333 853 generis
2365 782 2547 836 nostri
2578 783 2838 853 principe
2885 783 2943 836 in
3003 798 3187 836 unum
3220 782 3516 849 coierunt;
3552 783 3751 837 anima

2104 870 2383 924 nimirum
2419 876 2650 941 propter
2664 886 2957 941 eam,quae
2981 874 3262 941 praecepto
3281 869 3474 925 divino
3506 870 3751 925 minime

2104 958 2339 1030 paruit;
2375 974 2529 1025 caro,
2569 962 2803 1029 propter
2835 975 2983 1024 eam,
3018 975 3143 1029 quae
3194 958 3402 1013 animas
3442 960 3750 1031 cupiditati

2105 1048 2383 1102 obsecuta
2415 1052 2523 1118 est,
2558 1047 2852 1118 simulque
2909 1048 3317 1113 condemnata,
3362 1047 3463 1101 illa
3513 1054 3752 1120 propter

340 1132 626 1202 animam,
657 1133 772 1189 ista
801 1138 1038 1205 propter
1067 1150 1299 1189 carnem
1332 1152 1345 1201 ;
1379 1135 1642 1191 Christus
1670 1135 1920 1207 denique
1944 1140 2181 1208 propter
2207 1136 2518 1205 Adamum,
2551 1135 2660 1191 hoc
2681 1139 2769 1190 est
2802 1141 3035 1207 propter
3062 1151 3215 1201 eum,
3240 1136 3336 1206 qui
3372 1137 3480 1191 sub
3515 1142 3749 1207 peccato

337 1222 532 1277 Iactus
563 1225 670 1291 est,
704 1221 777 1287 is,
810 1222 909 1293 qui
941 1228 1174 1295 peccato
1205 1223 1513 1279 sublimior
1542 1241 1606 1280 ac
1638 1225 2006 1297 prastantior
2034 1230 2177 1280 erat.

415 1310 533 1365 ΚΝ.
569 1309 667 1363 Διὰ
691 1313 851 1363 τοῦτο
884 1310 1211 1385 ἀντεισήχθη
1244 1314 1321 1382 τῷ
1349 1310 1566 1381 παλαιῷ
1612 1312 1673 1365 τὸ
1730 1312 1870 1365 νέοψ
1901 1311 1991 1366 καὶ

342 1395 434 1453 διὰ
462 1398 666 1459 πάθους
699 1398 727 1453 ὁ
757 1399 941 1462 παθὼν
979 1397 1269 1469 ἀνεκλήθη,
1302 1398 1391 1454 καὶ
1445 1399 1577 1475 ὑπὲρ
1618 1401 1838 1457 ἑκάστου
1886 1405 1992 1454 τῶν

336 1484 627 1563 ἡμετέρων
678 1484 898 1542 ἕκαστον
944 1491 1041 1542 τοῦ
1092 1487 1223 1563 ὑπὲρ
1271 1490 1421 1559 ἡμᾶς
1464 1486 1722 1558 ἀντεδόθη
1755 1492 1851 1562 (4)·
1902 1488 1991 1543 καὶ

339 1575 530 1652 γέγονε
558 1573 740 1630 καινόν
777 1577 1077 1648 μυστήριον
1107 1577 1141 1645 ἡ
1174 1576 1297 1650 περὶ
1342 1576 1431 1630 τὸν
1482 1576 1712 1631 πεσόντα
1742 1574 1810 1631 δι’
1841 1577 1989 1632 ἀπεί-

344 1664 494 1719 θειαν
545 1663 602 1718 ἐκ
648 1663 1057 1740 φιλανθρωπίας
1111 1664 1415 1737 οἰκονομία.
1459 1667 1556 1719 Διὰ
1601 1670 1760 1720 τοῦτο
1808 1665 1992 1741 γέννη-

344 1774 430 1814 σις
460 1754 535 1825 (5)
563 1752 654 1806 καὶ
688 1753 976 1826 Παρθένος
1013 1750 1101 1807 διὰ
1126 1758 1287 1808 τοῦτο
1320 1755 1488 1829 φάτνη
1522 1754 1609 1808 καὶ
1656 1755 1918 1830 βηθλεέμ·
1952 1758 1987 1823 ἡ

341 1840 597 1916 γὲννησις
624 1841 757 1917 ὑπὲρ
787 1848 889 1911 τῆς
918 1840 1185 1903 πλάσεως
1223 1845 1257 1911 ἡ
1292 1842 1558 1918 Ηαρθένος
1591 1844 1721 1917 ὑπὲρ
1750 1847 1848 1913 τῆς
1900 1865 1991 1918 γυ-

2171 1312 2357 1368 XXIV.
2417 1314 2501 1369 Ub
2549 1313 2701 1367 hanc
2766 1313 2940 1367 etiam
3000 1329 3239 1367 causam
3296 1312 3476 1367 veteri
3533 1331 3747 1370 novum
3810 1376 3817 1391 ε

2101 1402 2487 1458 substitutum
2518 1407 2626 1469 est,
2660 1407 2717 1457 et
2758 1418 2859 1473 per
2889 1402 3241 1472 passionem,
3275 1402 3346 1468 is,
3389 1402 3489 1473 qui
3541 1419 3750 1474 passus

2098 1491 2306 1555 fuerat,
2332 1491 2388 1545 in
2413 1491 2725 1561 pristinum
2769 1495 2989 1545 statum
3020 1497 3342 1560 revocatus,
3380 1507 3446 1544 ac
3477 1508 3580 1563 pro
3612 1509 3754 1547 una-

2100 1596 2333 1651 quaque
2366 1597 2557 1635 rerum
2592 1584 2950 1649 nostrarum,
2976 1595 3329 1650 unaquaque
3352 1595 3443 1634 res
3471 1580 3619 1649 ejus,
3651 1581 3751 1652 qui

2098 1668 2268 1723 nobis
2299 1668 2608 1724 sublimior
2628 1672 2736 1737 est,
2755 1685 2999 1738 repensa
3025 1686 3036 1723 :
3054 1685 3385 1738 novumque
3403 1670 3749 1740 mysterium

2099 1758 2314 1812 factum
2346 1763 2434 1812 est
2466 1758 2586 1823 illa,
2619 1775 2744 1827 quae
2776 1758 2927 1811 circa
2957 1774 3112 1824 eum,
3148 1757 3249 1828 qui
3281 1774 3381 1828 per
3410 1757 3746 1813 inobedien-

2097 1846 2239 1901 tiam
2272 1846 2501 1911 cecidit,
2524 1864 2625 1917 per
2656 1846 3071 1919 benignitatem
3089 1846 3329 1917 contigit
3361 1847 3744 1918 dispensatio.

339 1929 551 1992 ναικός·
613 1932 649 1999 ἡ
700 1928 952 2002 Βηθλεὲμ
999 1927 1087 1985 διὰ
1133 1932 1232 1999 τὴν
1268 1928 1448 2004 Ἐδὲμ·
1482 1934 1516 2000 ἡ
1552 1933 1721 2009 φάτνη
1774 1930 1861 1987 διὰ
1900 1934 1987 1987 τὸν

2110 1934 2317 1990 [dcirco
2363 1936 2659 2005 generatio
2708 1940 2765 1990 et
2792 1936 2953 2007 virgo
2988 1952 2999 1989 ε
3036 1936 3250 1990 idcirco
3309 1937 3659 2007 praesepium
3691 1940 3749 1991 et

339 2016 691 2095 παράδεισον·
723 2018 790 2073 τὰ
823 2020 988 2095 μικρὰ
1015 2019 1104 2073 καὶ
1136 2019 1433 2097 φαινόμενα
1491 2021 1621 2095 ὑπὲρ
1665 2026 1771 2076 τῶν
1822 2021 1987 2097 μεγά-

342 2107 457 2162 λων
510 2106 598 2161 καὶ
650 2109 1162 2183 κρυπτομένων
1201 2109 1297 2162 Διὰ
1340 2108 1501 2163 τοῦτο
1551 2109 1774 2185 ἄγγελοι
1835 2107 1988 2179 δοξά-

344 2202 524 2266 ζοντες
553 2197 644 2252 τὸν
689 2195 958 2272 οὐράνιον,
994 2196 1105 2251 εἶτα
1151 2195 1404 2271 ἐπίγειον·
1452 2197 1541 2251 καὶ
1591 2197 1845 2271 ποιμένες
1899 2196 1986 2252 δό-

339 2287 431 2357 ξαν
574 2287 806 2361 ὁρῶντες
838 2284 925 2339 ἐπὶ
954 2284 1035 2358 τῷ
1064 2286 1219 2359 ἀμνῷ
1261 2286 1349 2340 καὶ
1397 2287 1639 2359 ποιμένι·
1671 2287 1761 2341 καὶ
1823 2288 1990 2363 ἀστὴρ

339 2377 678 2450 ἡγούμενος,
710 2374 798 2429 καὶ
834 2373 994 2449 μάγοι
1026 2374 1453 2451 προσπίπτοντες
1484 2374 1573 2429 καὶ
1610 2374 1990 2453 δωροφοροῦν-

334 2485 446 2536 τες,
493 2462 568 2518 ἵν’
616 2460 1039 2538 εἷδωλολατρεία
1079 2462 1377 2537 καταλυθῇ.
1430 2464 1525 2518 Διά
1578 2468 1737 2519 τοῦτο
1786 2467 1992 2535 Ἰησοῦς

340 2551 765 2629 βαπτιζόμενος,
814 2551 904 2607 καὶ
956 2550 1157 2607 ἄνωθεν
1212 2552 1677 2628 μαρτυρούμενος,
1735 2554 1823 2608 καὶ
1891 2576 1989 2621 νη-

337 2642 566 2715 στεύων,
625 2640 716 2696 καὶ
773 2641 1183 2715 πειραζόμενος,
1230 2642 1317 2697 καὶ
1369 2647 1533 2697 νικῶν
1600 2643 1692 2698 τὸν
1740 2644 1991 2712 νικήσαν-

334 2752 407 2786 τα
568 2731 666 2785 Διὰ
692 2734 853 2785 τοῦτο
883 2727 1134 2803 δαίμονες
1170 2729 1545 2804 ἐλαυνόμενοι,
1576 2732 1663 2786 καὶ
1713 2731 1860 2786 νόσοι
1908 2734 1989 2787 Bs-

339 2819 728 2897 ραπευόμεναι,
759 2818 847 2874 καὶ
877 2819 940 2874 τὸ
1001 2818 1136 2895 μέγα
1181 2822 1439 2896 κήρυγμα
1490 2826 1705 2897 μικροῖς
1753 2822 1989 2898 ἐγχειρι-

345 2908 577 2981 ζόμενον
612 2908 701 2962 καὶ
731 2908 1185 2983 κατορθούμενον.

2099 2023 2435 2079 Bethlehem
2472 2040 2483 2079 :
2517 2026 2813 2095 generatio
2844 2029 3079 2095 propter
3107 2025 3456 2079 eflictioncm
3485 2026 3553 2089 52,
3585 2026 3745 2098 virgo

2100 2117 2335 2184 propter
2364 2111 2691 2178 mulierem,
2727 2112 3058 2167 Bethlehem
3084 2120 3322 2184 propter
3350 2114 3747 2184 Eden,praase-

2100 2202 2264 2272 pium
2296 2206 2530 2271 propter
2549 2200 2908 2272 paradisum,
2960 2218 3052 2256 res
3082 2219 3269 2272 parva:
3318 2206 3375 2257 et
3421 2202 3748 2272 conspicua

2100 2294 2335 2361 propter
2390 2306 2635 2361 magnas
2675 2294 2732 2344 et
2805 2289 2877 2344 ab
2952 2289 3138 2344 oculis
3197 2295 3469 2345 remotas.
3528 2291 3749 2346 Idcirco

2100 2378 2313 2449 angeli,
2374 2377 2623 2433 caelestis
2683 2378 2959 2449 primum,
3011 2395 3076 2433 ac
3149 2378 3360 2433 deinde
3411 2381 3625 2435 terreni
3681 2380 3747 2448 ⁸³,

2099 2467 2343 2540 gloriam
2378 2466 2841 2538 praedicantes,et
2872 2472 3133 2538 pastores
3154 2467 3225 2522 ob
3244 2467 3378 2539 agni
3409 2471 3466 2522 et
3497 2469 3749 2539 pastoris

2101 2560 2295 2611 ortum
2328 2555 2572 2627 gloriam
2605 2560 2906 2611 cernentes
2936 2556 2999 2623 δ”,
3060 2559 3116 2610 et
3162 2554 3330 2610 stella
3370 2556 3633 2626 puniens,
3694 2561 3751 2613 et

2101 2644 2255 2716 Magi
2286 2660 2412 2700 sese
2434 2648 2888 2715 prosternentes,
2944 2661 3010 2699 ac
3060 2660 3305 2699 munera
3343 2645 3650 2701 offerentes
3681 2647 3744 2716 ⁸⁸,

2102 2737 2166 2788 ut
2197 2733 2418 2789 scilicet
2448 2732 2737 2789 idolorum
2774 2733 2968 2788 cultus
2999 2736 3365 2789 everteretur.
3400 2734 3621 2789 Idcirco
3650 2735 3746 2790 Je-

2101 2839 2205 2878 sus
2234 2821 2511 2894 baptismi
2541 2839 2694 2894 aqua
2716 2824 2980 2893 tingitur,
3017 2826 3073 2877 et
3103 2839 3356 2893 superno
3408 2823 3744 2879 testimonio

2101 2916 2413 2968 coronatur
2442 2913 2505 2979 ⁸⁵,
2538 2915 2595 2967 et
2618 2913 2867 2981 jejunat,
2892 2912 2955 2981 ⁵⁷,
2983 2915 3041 2966 et
3067 2916 3344 2979 tentatur,
3378 2916 3435 2966 et
3463 2929 3620 2979 eum,
3646 2913 3743 2983 qui

339 3001 583 3068 vicerat,
616 3000 867 3055 devincit
887 3000 950 3054 ⁵³.
984 3000 1201 3055 Idcirco
1233 3001 1520 3056 daemones
1551 3001 1867 3073 ejiciuntur
1893 3002 2034 3066 5°,et
2064 3000 2249 3055 morbi
2283 2999 2790 3071 depelluntur6°,et
2822 3016 3049 3071 magnae
3077 2999 3508 3071 praedicationis
3526 3016 3744 3055 munus

341 3088 544 3162 parvis
574 3088 915 3143 hominibus
948 3088 1359 3157 committitur,
1387 3093 1443 3143 et
1470 3104 1602 3143 cum
1635 3088 1807 3144 laude
1838 3089 2305 3144 administratur.

414 3177 539 3233 ΚΕ.
574 3177 671 3229 Διὰ
700 3179 862 3230 τοῦτο
908 3171 1032 3243 ἔθνη
1086 3174 1483 3252 φρυασσόμενα,
1511 3176 1599 3229 καὶ
1648 3174 1771 3229 λαοὶ
1825 3176 1983 3248 μελε-

2169 3177 2341 3230 XXV.
2369 3176 2583 3232 Idcirco
2605 3182 2805 3248 gentes
2838 3178 3171 3247 frementes,
3211 3181 3268 3233 et
3316 3177 3515 3249 populi
3545 3176 3747 3233 inania

336 3270 539 3326 τῶν-τες
594 3262 740 3318 κενά’
792 3261 881 3318 διὰ
926 3267 1087 3317 τοῦτο
1136 3264 1296 3333 ξύλον
1346 3264 1481 3317 κατὰ
1529 3267 1625 3318 τοῦ
1677 3262 1839 3333 ξύλου
1889 3266 1986 3336 (9),

338 3351 429 3407 καὶ
462 3353 599 3406 κατὰ
624 3358 724 3420 τῆς
770 3352 955 3427 χειρὸς
1003 3355 1208 3426 χεῖρες,
1238 3357 1336 3419 τῆς
1385 3351 1629 3427 ἀκρατῶς
1678 3350 1988 3420 ἐκταθείστ,ς

336 3442 397 3496 αἱ
445 3440 704 3515 γενναίως
750 3442 1007 3495 ταθεῖσαι·
1062 3445 1164 3508 τῆς
1230 3438 1516 3513 ἀνειμένης
1568 3441 1621 3494 αἱ
1668 3446 1784 3502 τοῖς
1829 3439 1990 3509 ἥλοις

339 3529 597 3585 δεθεῖσαι·
645 3536 747 3599 τῆς
800 3524 1137 3597 ὶκϐαλούσης
1188 3531 1301 3602 (10)
1353 3526 1529 3602 Ἀδὰμ
1575 3531 1630 3583 αἱ
1675 3530 1742 3584 τὰ
1788 3529 1991 3606 πέρατα

339 3617 713 3691 οἷκειούμεναι
743 3620 876 3691 (11)’
912 3619 1007 3671 Διά
1055 3620 1216 3672 τοῦτο
1260 3616 1394 3691 ὕψος
1445 3619 1580 3671 κατὰ
1624 3622 1720 3672 τοῦ
1768 3619 1992 3691 πτώμα-

336 3727 454 3769 τος·
490 3707 579 3761 καὶ
628 3709 771 3782 χελή
811 3708 921 3779 (12)
971 3707 1105 3760 κατὰ
1151 3714 1250 3776 τῆς
1308 3706 1562 3783 γεύσεως,
1596 3706 1684 3761 καὶ
1734 3706 1988 3786 στέφανος

341 3798 627 3860 ἀκάνθινος
660 3795 795 3850 κατὰ
823 3800 919 3849 τοῦ
980 3800 1220 3871 πονηροῦ
1268 3797 1497 3866 κράτους
1529 3798 1664 3870 (13),
1696 3797 1784 3852 καὶ
1836 3798 1988 3851 Θάνα-

336 3907 436 3949 τος
466 3884 603 3941 κατά
657 3890 753 3940 τοῦ
808 3887 1056 3955 θανάτου,
1089 3885 1176 3939 καὶ
1228 3885 1417 3947 σκότος
1467 3886 1598 3963 ὑπὲρ
1646 3891 1743 3941 τοῦ
1788 3887 1986 3963 φωτὸς,

2098 3267 2449 3321 meditantes
2496 3267 2562 3330 δί,
2599 3266 2817 3321 Idcirco
2876 3266 3102 3338 lignum
3157 3267 3436 3322 adversus
3493 3266 3743 3339 lignum,

2099 3359 2156 3409 et
2251 3372 2462 3411 manus
2547 3355 2823 3410 adversus
2900 3372 3209 3424 manum;
3283 3354 3415 3425 illae,
3486 3357 3745 3426 inquam,

2098 3442 2322 3497 fortiter
2378 3448 2647 3508 extensze,
2707 3442 2985 3497 adversus
3064 3443 3492 3499 incontinenter
3550 3448 3747 3499 exten-

2101 3548 2226 3587 sam
2298 3530 2477 3598 ;illaa
2555 3530 2733 3585 clavis
2816 3532 3073 3599 conﬁxae,
3149 3535 3322 3601 atque
3397 3533 3743 3601 constrictae,

2101 3621 2381 3676 adversus
2438 3620 2745 3675 remissam
2799 3624 2855 3675 et
2901 3619 3147 3675 solutam
3217 3637 3231 3688 ;
3292 3620 3403 3676 illae
3463 3621 3620 3676 orbis
3679 3623 3745 3676 fi-

2102 3726 2204 3764 nes
2236 3709 2680 3781 conjungentes,
2724 3710 3003 3765 adversus
3032 3726 3181 3779 eam,
3232 3726 3358 3781 qua:
3393 3711 3682 3765 Adamum
3715 3725 3744 3764 e

2104 3799 2375 3870 paradiso
2405 3798 2732 3852 exturbavit
2757 3800 2822 3852 ⁵³.
2848 3798 3068 3852 Idcirco
3099 3796 3435 3853 sublimitas
3464 3799 3743 3853 adversus

2106 3887 2357 3959 lapsum,
2392 3889 2490 3943 25
2525 3892 2581 3942 et
2613 3886 2683 3941 fel
2716 3888 2994 3941 adversus
3026 3892 3283 3956 gustum,
3320 3891 3376 3940 et
3413 3887 3617 3957 spinea
3647 3902 3742 3941 co-

414 3988 460 4021 ⁸²
487 3990 626 4041 Gen.
659 4001 720 4041 n.
752 3986 806 4039 7.
841 3986 885 4020 ⁵³
916 3986 937 4039 Ι
970 3984 1102 4041 Cor.
1143 4001 1234 4053 xv,
1257 3986 1345 4039 49.
1378 3986 1423 4019 ⁵⁸
1452 3987 1584 4042 Luc.
1625 4004 1685 4049 II,
1720 3987 1803 4040 14.
1836 3986 1879 4020 ⁸⁵
1906 3986 1989 4040 Ma

2143 4003 2204 4050 ιι,
2237 3986 2272 4038 9
2300 3988 2355 4039 et
2386 3986 2470 4039 11,
2504 3986 2546 4019 ⁵⁸
2578 3984 2783 4039 Matth.
2818 3985 2901 4051 IlI,
2936 3984 3122 4038 13-17.
3173 3983 3214 4018 ⁵⁷
3240 3981 3443 4039 Matth.
3489 4000 3566 4053 ιν,
3596 3985 3656 4040 2.
3697 3985 3741 4018 ⁸⁸

338 4058 490 4113 ibid.
521 4058 555 4111 3
586 4073 717 4128 sqq.
750 4057 795 4091 ‘9
818 4058 955 4112 Luc.
978 4072 1099 4112 vni.
1126 4058 1215 4111 30.
1246 4058 1291 4091 ⁸ο
1318 4058 1513 4113 Matth.
1549 4074 1623 4125 1x,
1658 4059 1745 4112 35.
1778 4058 1821 4093 ⁶¹
1855 4056 1988 4112 Psal

2129 4058 2178 4111 1.
2206 4057 2251 4089 ⁸⁵³
2280 4059 2419 4111 Gen.
2456 4073 2533 4125 III,
2565 4058 2655 4111 24.

340 4151 566 4229 Χριστῷ
598 4153 978 4226 ἀρνουμένους.
1002 4154 1131 4209 Haec
1155 4155 1435 4209 adversus
1464 4155 1767 4229 haereticos
1798 4177 1825 4204 ‹‹
1858 4154 1983 4229 gla-

339 4226 477 4283 dius
509 4233 649 4281 sunt
680 4231 920 4296 utraque
948 4231 1109 4297 parte
1138 4232 1344 4281 acutus
1370 4244 1421 4293 ς»
1463 4227 1580 4281 haec
1605 4226 1759 4281 enim
1790 4228 1986 4293 verba,

344 4323 368 4350 ι
404 4315 593 4354 unum
625 4314 693 4353 ex
723 4297 1032 4365 ambobus,
1056 4319 1083 4346 »
1110 4297 1457 4362 Nestoriani,
1494 4297 1593 4368 qui
1624 4314 1806 4351 unum
1829 4297 1989 4351 Chri-

341 4376 506 4428 stum
538 4370 596 4423 in
616 4370 763 4441 duas
776 4369 1118 4441 hypostases
1148 4369 1729 4434 dividunt,leliferam
1756 4368 1989 4439 plagam

337 4443 641 4513 inﬂigunt.
678 4440 780 4494 Illa
812 4446 1028 4513 autem,
1054 4457 1413 4513 «iperungum
1447 4440 1641 4506 ambo,
1668 4463 1694 4489 »
1727 4441 1987 4495 Severia-

339 4530 449 4571 nos
477 4511 721 4568 rursum
753 4512 852 4582 qui
886 4513 1033 4566 duas
1079 4512 1137 4565 in
1183 4511 1409 4565 Christo
1451 4516 1693 4566 naturas
1751 4516 1985 4582 negant,

337 4599 557 4656 easque
589 4584 648 4656 in
672 4600 850 4638 unam
875 4588 1145 4639 naturam
1177 4582 1550 4651 contrahunt,
1584 4582 1843 4653 aliosque
1874 4600 1987 4638 non

337 4655 561 4731 paucos
592 4655 827 4710 feriunt.

337 4800 377 4805 η
555 4726 865 4805 ᾉνεκράφη.
929 4728 1154 4805 agam,
1214 4722 1519 4805 ἀνάκρασις,
1606 4741 1714 4805 νρχ
1762 4724 1991 4805 .catho-

333 4798 455 4857 lica
478 4798 546 4870 in
562 4798 835 4870 Greg0rio
866 4804 955 4852 est
984 4798 1367 4867 frequens.Ea
1382 4798 1774 4870 tamenabusi
1791 4802 1988 4870 postea

334 4869 625 4927 haeretici.
658 4866 875 4924 Idcirco
903 4866 1115 4938 rejecta
1145 4871 1233 4923 est
1259 4870 1315 4923 in
1348 4866 1553 4922 concil.
1575 4866 1985 4924 Chalced.Act.

333 4961 396 5007 ν,
428 4942 523 4997 ed.
560 4942 696 4996 Lab.
728 4958 767 4995 ι.
800 4939 894 4994 IV.
922 4956 980 5011 p.
1007 4941 1133 4993 565.
1168 4939 1305 4994 Vide
1360 4940 1576 5005 Petav.,
1637 4941 1764 5009 Dog.
1798 4940 1986 5007 theol.,

332 5020 380 5071 t.
422 5013 517 5079 IV,
548 5012 651 5067 lib.
686 5029 767 5067 m.
801 5029 858 5066 n.
881 5012 934 5065 8.

409 5087 494 5154 (2)
515 5080 613 5137 Καὶ
643 5082 838 5148 πάντα,
896 5086 1004 5137 etc.
1038 5081 1132 5137 Sic
1163 5097 1363 5154 omnes
1416 5081 1531 5136 fere
1563 5081 1790 5137 codices
1816 5099 1828 5136 :
1862 5104 1887 5130 ‹‹
1910 5086 1990 5136 at-

338 5153 456 5229 que
492 5155 556 5210 in
592 5171 776 5229 unum
810 5155 1122 5225 omniapro
1150 5153 1424 5207 omnibus
1454 5155 1510 5206 et
1540 5170 1643 5223 pro
1674 5170 1790 5208 uno
1806 5160 1993 5225 proto-

338 5227 587 5302 parente
620 5227 903 5302 coierunt.
932 5247 954 5274 ι

407 5295 800 5373 (3)Kps{11mv_.
836 5295 1196 5373 lt_a__codices.
1231 5316 1252 5344 ι
1306 5292 1528 5351 Fortior
1582 5299 1841 5367 peccato,
1878 5319 1899 5349 ι
1928 5299 1993 5351 ut

336 5368 750 5426 Billi'us'vertit
778 5371 835 5425 in
868 5368 1011 5424 Elia.

407 5445 486 5513 14)
509 5437 827 5509 Ἀντεδὸθη.
862 5464 888 5490 ‹‹
923 5439 1275 5513 Repensum,
1308 5460 1336 5488 »
1389 5437 1556 5513 quasi
1589 5460 1615 5486 α
1652 5454 1990 5513 cpmpensa-

335 5509 519 5580 tione,
549 5514 736 5586 pretio
796 5516 853 5567 et
909 5509 1355 5586 permutatione.
1394 5532 1419 5557 ››
1445 5509 1635 5565 Petav.
1670 5510 1743 5563 De
1774 5512 1989 5565 Incarn.

336 5586 382 5642 Ι.
409 5605 493 5642 Iv.
534 5602 661 5642 can.
699 5586 785 5642 15.
819 5602 871 5638 η
908 5586 962 5636 2.

409 5605 493 5642 1v.
534 5602 661 5656 cap.
699 5602 785 5653 ιο,
819 5602 871 5638 η
910 5602 962 5636 ι.

408 5660 489 5729 (5)
518 5656 801 5731 γέννησις.
830 5655 914 5710 Ita
941 5653 1203 5731 quinque
1224 5652 1425 5731 Regg.,
1448 5656 1669 5731 septem
1696 5653 1884 5731 polo,

343 5722 442 5788 Or'.
476 5722 545 5801 ’1,
574 5722 722 5795 Jan},
754 5730 863 5783 etc.
898 5748 926 5776 ‹‹
957 5722 1168 5784 Γένεσίς
1197 5722 1538 5795 quidém,ea
1566 5730 1658 5780 est
1687 5725 1910 5794 fictio,»
1930 5728 1996 5780 ut

2099 4153 2180 4209 ait
2206 4153 2382 4221 Elias,
2421 4172 2442 4199 ε
2472 4170 2598 4224 qua:
2629 4170 2697 4207 ex
2742 4153 2887 4227 Deo‘
2916 4151 3171 4223 primum
3222 4152 3433 4227 ﬂuxit_:
3499 4152 3742 4227 γέννησις

2099 4241 2253 4291 vero,
2288 4223 2605 4296 nostra’est
2634 4223 3072 4296 generatio,qua
3102 4239 3205 4295 per
3234 4224 3439 4278 mortis
3471 4223 3741 4280 condem-

2101 4298 2396 4352 nationem
2426 4295 2524 4350 alii
2555 4312 2620 4350 ex
2643 4295 2783 4351 aliis
2813 4296 3155 4367 gignuntur.
3180 4316 3209 4343 »

2171 4368 2248 4437 (6)
2306 4367 2463 4437 Ὑπὲρ
2520 4370 2626 4419 τῶν
2718 4364 2970 4439 μεγάλ’ων
3029 4366 3118 4419 καὶ
3175 4364 3586 4439 κρυπτομένων.
3646 4368 3747 4423 His

2100 4439 2391 4510 verbis,si
2426 4439 2555 4494 Elize
2584 4440 2748 4509 ﬁdes,
2783 4456 2951 4494 suam
2991 4439 3059 4493 de
3093 4438 3363 4510 paradiso
3396 4441 3744 4495 sententiam

2101 4509 2411 4566 Gregorius
2443 4511 2677 4564 indicat.

2172 4579 2250 4652 (Τ)
2279 4579 2459 4650 Δόξαν.
2494 4604 2522 4631 ‹‹
2558 4580 2836 4637 Gloriam.
2873 4604 2900 4632 ››
2933 4580 3129 4636 Malim
3151 4597 3282 4636 cum
3305 4586 3567 4650 Erasmo,
3592 4582 3748 4638 «cla-

2097 4653 2350 4708 ritatem.
2387 4676 2415 4702 ››

2168 4726 2243 4793 (8)
2276 4722 2966 4796 ΝικήσαντακΠειράζονᾷτα
3006 4722 3225 4777 habent
3273 4721 3533 4796 quinque
3565 4723 3744 4796 Regg.

2096 4797 2288 4863 codd.,
2322 4794 2496 4851 Coisl.
2536 4797 2584 4864 1,
2619 4793 2777 4850 Pass.
2810 4794 2968 4849 Golb.
3000 4796 3054 4861 8,
3087 4799 3205 4849 tres
3237 4793 3357 4858 alii,
3380 4799 3437 4848 et
3463 4794 3557 4849 Or.
3592 4793 3748 4862 Lari

2095 4883 2441 4939 marginem.

2166 4940 2243 5009 (9)
2272 4941 2376 4990 Τοῖ’)
2407 4935 2613 5009 ξύλου..
2639 4939 2744 4988 Τοῦ
2792 4937 2954 4991 deest
2983 4935 3041 4989 in
3094 4934 3233 5006 Reg.
3294 4952 3347 5005 a,
3382 4936 3479 4989 Or.
3515 4936 3567 5006 1,
3600 4936 3754 4991 sicut

2098 5005 2441 5081 et‘1icante.
2461 5005 2665 5081 χειρός.

2184 5026 2429 5077 τηςιιῐιιθ
2506 5026 2665 5081 ειρος.

2170 5083 2283 5148 (10)
2314 5026 2687 5145 Ἐκϐοᾷλούσης
2723 5079 2858 5150 Reg.
2885 5081 2926 5142 t,
2970 5069 3369 5144 ἐκϐαλλούσης,

2171 5155 2282 5219 (11)
2316 5153 2526 5227 Πέρατα
2558 5148 2941 5227 οἷ’κειούμὲναι.
2978 5172 3003 5227 ᾳ
3035 5150 3301 5203 Extrema
3332 5166 3575 5227 qumque
3617 5166 3748 5227 con-

2100 5224 2318 5279 ciliant.
2356 5220 2608 5294 »'Neque
2634 5222 2788 5277 enim
2825 5237 2892 5274 ea
2913 5220 3127 5294 solum,
3152 5242 3188 5294 iu
3237 5237 3361 5294 quae
3403 5221 3459 5274 in
3496 5222 3684 5288 terris,
3725 5242 3750 5271 η

2102 5296 2200 5351 sed
2233 5300 2289 5351 et
2322 5316 2349 5348 ιι
2380 5291 2595 5365 ᾳιιεοῖη
2619 5293 2778 5348 ccelis
2802 5298 2942 5346 sunt
2974 5291 3298 5365 »_Uhristus
3326 5292 3385 5347 in
3421 5309 3484 5348 se
3512 5294 3670 5349 velut
3693 5295 3750 5348 in

2100 5366 2285 5438 capite
2309 5362 2587 5438 adunavit
2617 5366 2832 5438 (Ephes.
2869 5380 2907 5429 1,
2946 5362 3054 5433 10).

2102 5511 2142 5565 Ρ
2170 5433 2284 5510 (12)
2314 5437 2410 5491 Καὶ
2442 5433 2614 5511 χολή.
2649 5433 2741 5491 Sic
2774 5451 2976 5490 novem
3012 5439 3213 5505 Regg.,
3245 5433 3363 5489 Col.
3397 5440 3536 5503 tres,
3570 5436 3663 5492 Or.
3703 5438 3751 5506 1,,

2146 5526 2258 5565 ass.

2146 5526 2258 5565 885.

2174 5582 2285 5653 (13)
2318 5583 2423 5633 Τοῦ
2450 5652 2457 5653 7
2481 5580 2724 5653 πονηροῦ
2779 5577 3028 5653 κράτους.
3063 5599 3092 5627 α
3151 5576 3364 5632 Contra
3420 5577 3685 5650 maligni,
3724 5599 3751 5625 ιι

2103 5650 2310 5725 nempe
2346 5674 2373 5704 «
2404 5650 2984 5723 diaboli'imperium.
3019 5670 3049 5699 ››
