4184 6202
384 352 503 414 ι38

1623 346 1685 407 S.
1737 346 2107 408 GBEGORII
2152 346 2545 409 THEOLOGI

3673 351 3797 413 436

387 500 532 540 rona
552 481 833 538 adversus
858 495 1103 550 pravum
1122 478 1456 551 imperium,
1487 482 1544 533 et
1566 494 1722 534 mors
1755 478 2030 534 adversus

2170 475 2231 531 Lai
2262 478 2403 549 ταφή
2431 479 2566 532 κατὰ
2594 484 2693 548 τῆς
2723 478 2799 540 είς
2830 485 2932 553 γῆν
2966 479 3335 555 ἀποστροφῆς,
3366 478 3455 534 καὶ
3508 481 3800 545 ἀνάστασις

387 574 721 639 mortem,et
751 570 1001 623 tenebras
1034 568 1505 640 proiilerlumen,
1527 572 1583 622 et
1612 568 1911 638 sepultura
1934 568 2033 621 ad-

2147 565 2277 638 ὑπὲρ
2305 572 2403 634 τῆς
2444 566 2779 628 ἀναστάσεως
2824 569 2959 640 (14).
3010 572 3185 621 Ταῦτα
3234 569 3406 622 πάντα
3448 566 3798 646 παιδαγωγία

385 676 593 717 versus
623 658 784 713 illam
816 658 874 711 in
910 663 1122 713 terram
1146 659 1557 727 reversionem,
1598 662 1656 713 et
1686 658 2035 712 resurrectio

2170 674 2226 716 τις
2256 657 2320 723 ἧν
2352 654 2475 731 περί
2513 658 2653 729 ἡμᾶς
2683 661 2778 710 τοῦ
2806 660 2959 730 Θεοῦ,
2989 656 3080 711 καὶ
3116 662 3219 725 τῆς
3267 656 3537 721 ἀσθενείας
3586 659 3796 734 ἰατρεία

388 753 626 823 propter
653 746 1159 802 resurrectionem.
1210 746 1339 802 Haec
1369 747 1566 802 omnia
1597 745 1802 801 divinas
1835 746 2036 817 cujus-

392 840 527 893 dam
560 852 698 908 erga
718 852 824 891 nos
854 834 1177 907 disciplinas
1201 834 1324 891 loco
1347 839 1530 902 erant,
1564 834 2039 905 inﬁrmitatisque

392 930 603 984 nostra:
633 924 791 980 velut
820 923 1110 981 medicina
1140 925 1429 996 quaedam,
1460 928 1713 979 veterem
1746 923 2038 978 Adamum

388 1033 477 1085 eo,
513 1014 669 1071 unde
697 1013 1009 1081 exciderat,
1043 1014 1348 1079 reducens,
1408 1016 1464 1068 et
1510 1013 1583 1069 ad
1628 1011 1772 1067 illud
1804 1012 1935 1067 vitae
1963 1012 2038 1066 li-

388 1120 571 1178 gnum
601 1103 959 1173 adducens,a
977 1118 1092 1173 quo
1106 1102 1360 1158 scientiae
1382 1101 1609 1174 lignum
1633 1102 2040 1173 intempestive

389 1197 564 1267 atque
593 1192 962 1247 incommode
993 1195 1331 1262 perceptum
1366 1207 1472 1246 nos
1502 1194 1843 1246 removerat.

457 1335 655 1393 XXVI.
683 1337 761 1391 Ac
790 1351 899 1392 nos
928 1336 1106 1408 hujus
1151 1335 1452 1391 medicinas
1492 1333 1757 1391 ministri
1786 1338 1843 1391 et
1872 1336 2038 1406 adju-

385 1430 542 1482 tores
594 1441 804 1481 sumus
835 1425 901 1492 ⁸³,
930 1425 1285 1498 quicumque
1336 1423 1466 1480 aliis
1485 1423 2041 1497 praesidemuszqui-

386 1516 518 1583 bus,
552 1529 686 1568 cum
720 1530 999 1586 magnum
1032 1518 1207 1585 atque
1240 1514 1503 1586 amplum
1534 1515 1613 1569 sit
1643 1513 1877 1585 propria
1905 1511 2043 1568 vitia

390 1602 738 1673 morbosque
768 1603 1119 1675 perspicere,
1151 1602 1345 1673 iisque
1395 1603 1639 1670 mederi,
1703 1617 2041 1673 quanquam

390 1692 652 1747 nondum
674 1691 731 1746 id
778 1708 1057 1763 magnum
1102 1691 1327 1747 censeri
1358 1691 1567 1760 debet;
1599 1706 1795 1746 verum
1828 1689 2042 1745 multo-

392 1795 522 1835 rum
547 1780 725 1852 hujus
756 1780 980 1836 ordinis
1012 1779 1321 1836 hominum
1351 1779 1719 1851 improbitas,
1753 1783 1817 1835 ut
1845 1778 1928 1834 ita
1956 1777 2042 1834 lo-

2146 745 2243 813 τῆς
2284 745 2575 819 ἡμετερας,
2605 745 2696 800 τὸν
2740 744 2971 800 παλαιὸν
3007 742 3184 817 Ἀδὰμ
3232 743 3353 809 ὅθεν
3404 745 3639 817 ἐξέπεσεν
3694 748 3792 804 ἐπε

2145 830 2436 907 ανάγουσα,
2466 834 2659 906 καὶτῷ
2698 832 2844 907 ξύλῳ
2889 841 2988 905 τῆς
3041 839 3186 904 ζωῆς
3226 836 3591 913 προσάγουσα,
3625 838 3686 892 οὗ
3727 838 3793 894 τὸ

2146 921 2305 995 ξύλον
2356 924 2505 995 ἡμᾶς
2553 929 2651 993 τῆς
2698 924 2971 998 γνώσεως,
3004 922 3066 978 ού
3110 924 3247 979 κατὰ
3281 925 3493 1001 καιρὸν,
3524 924 3639 982 οὐδ’
3678 927 3797 982 im-

2146 1032 2212 1082 τη
2223 1007 2379 1073 δείως
2413 1012 2753 1090 μεταληφθὶν
2765 1058 2779 1083 ,
2809 1010 3171 1089 ἠλλοτρίωσε.

2220 1339 2326 1405 KC.
2356 1335 2565 1406 Ταύτης
2620 1337 2785 1408 ἡμεῖς
2844 1337 2941 1404 τῆς
3014 1335 3296 1410 θεραπείας
3374 1333 3635 1412 ὗπηρὲται
3704 1336 3796 1393 καὶ

2150 1423 2421 1500 συνεργοὶ,
2455 1423 2576 1480 ὅσοι
2621 1428 2729 1480 τῶν
2776 1422 2960 1479 ἄλλων
3006 1424 3477 1501 πφοκαθεζόμεθα”
3529 1426 3610 1488 οἷς
3660 1427 3801 1503 μέγα

2154 1512 2246 1586 μὶν
2277 1513 2338 1567 τὸ
2368 1514 2433 1567 τὰ
2464 1509 2576 1567 ἴδια
2604 1514 2746 1583 πάθη
2780 1512 2869 1567 καὶ
2928 1512 3332 1588 ἀρρωστήματα
3378 1513 3468 1568 καὶ
3514 1515 3803 1589 γινώσκειν

2150 1602 2239 1656 καὶ
2299 1601 2633 1677 θεραπεύειν·
2679 1598 2888 1675 μᾶλΛον
2941 1598 2999 1656 δὲ
3047 1598 3200 1657 οὔπω
3253 1601 3408 1679 μέγα,
3439 1600 3585 1672 πλὴν
3632 1608 3801 1660 τοῦτο

2153 1687 2325 1765 λέγειν
2358 1692 2506 1763 ἡμᾶς
2535 1693 2570 1760 ἡ
2600 1694 2706 1744 τῶν
2749 1687 2974 1746 πολλῶν
3026 1690 3186 1746 κακία
3231 1691 3518 1763 πεποίηκε,
3549 1697 3654 1747 τῶν
3708 1691 3804 1748 ἰπὶ

2149 1778 2350 1846 ταύτης
2381 1774 2550 1833 ὄντων
2580 1786 2680 1849 τῆς
2711 1778 2926 1850 τάξεως·
2960 1776 3157 1850 πολλῷ
3187 1776 3244 1834 δὲ
3277 1785 3461 1852 μεῖζον
3486 1781 3549 1836 τὸ
3592 1781 3662 1837 τὰ
3686 1785 3799 1838 τῶν

391 1851 725 1941 queremur,
757 1868 947 1925 eﬂ‘ecit
971 1886 985 1938 ;
1010 1867 1198 1923 multo
1248 1871 1447 1923 tamen
1490 1869 1684 1939 majus
1716 1872 1773 1923 et
1803 1866 2045 1939 praecla-

2170 1864 2337 1923 ἱλλων
2400 1867 2574 1931 ἰᾶσθαι
2626 1864 2877 1932 δύνασθαι
2926 1866 3015 1922 καὶ
3066 1851 3434 1943 ἀνακαθαίρειν
3494 1869 3801 1942 ἐπιστημό-

391 1958 520 2014 rius
554 1961 642 2014 est
671 1958 919 2015 aliorum
953 1957 1188 2013 morbos
1212 1973 1437 2023 curare,
1471 1973 1537 2012 ac
1560 1956 1704 2012 scite
1736 1972 2050 2029 repurgare

393 2063 585 2120 posse,
611 2052 785 2118 atque
814 2050 880 2102 ut
908 2046 1170 2117 utrisque
1201 2046 1344 2101 utile
1375 2045 1469 2113 sit,
1503 2062 1712 2118 nempe
1733 2050 1788 2101 et
1817 2045 1912 2113 iis,
1946 2048 2049 2117 qui

394 2136 692 2193 curatione
715 2136 997 2208 indigent,
1029 2139 1087 2192 et
1117 2135 1210 2203 iis,
1262 2134 1359 2207 qui
1420 2134 1692 2191 medendi
1740 2135 2047 2192 scientiam

392 2226 759 2298 proﬁtentur.

466 2368 691 2424 XXVII.
717 2368 879 2425 Itane
912 2372 1109 2425 autem
1167 2384 1478 2440 corporum
1531 2366 1741 2423 medici
1798 2367 2047 2432 labores,

400 2460 457 2515 et
478 2456 726 2529 vigilias,
760 2462 817 2513 et
848 2474 1041 2523 curas,
1075 2474 1223 2529 quas
1256 2473 1425 2512 nemo
1456 2457 1708 2528 ignorat,
1743 2457 2048 2523 subibunt,

398 2550 572 2619 atque
610 2562 679 2602 ex
711 2546 918 2602 alienis
940 2546 1468 2615 calamitatibus,ut
1492 2546 1731 2617 quidam
1765 2545 2049 2618 exiis,qui

401 2638 557 2708 apud
588 2634 723 2691 illos
754 2635 1048 2707 sapientes
1070 2635 1255 2690 habiti
1291 2638 1448 2705 sunt,
1482 2635 1899 2706 pronuntiavit,
1926 2652 2053 2707 pro-

402 2726 563 2798 prios
593 2741 869 2781 mmrores
901 2729 1175 2796 carpent;
1203 2728 1376 2795 atque
1398 2723 1512 2779 alia
1542 2724 1777 2794 quidem
1810 2723 1923 2796 ipsi
1946 2741 2051 2779 suo

401 2814 603 2869 labore
636 2812 1055 2885 investigantes
1087 2816 1143 2867 et
1172 2812 1538 2884 indagantes,
1586 2811 1699 2867 alia
1757 2818 1951 2867 autem
1982 2813 2052 2868 ab

405 2902 535 2960 aliis
568 2906 941 2973 corrogantes
977 2906 1034 2956 et
1064 2900 1420 2973 colligentes,
1454 2900 1684 2973 aegrotis
1713 2901 2051 2973 porrigant;

406 3006 514 3049 nec
545 2992 870 3063 quidquam
886 2995 1007 3045 tam
1032 3006 1273 3061 parvum
1293 2990 1525 3061 abipsis
1552 2989 1641 3044 vel
1667 2992 2054 3062 excogitatum

404 3081 493 3137 vel
519 3079 978 3152 praetermissum
1010 3084 1118 3144 est,
1149 3079 1324 3134 etiam
1358 3078 1406 3134 si
1440 3078 1753 3134 minimum
1785 3078 1932 3135 illud
1956 3081 2053 3149 sit,

405 3171 559 3242 quod
583 3186 699 3224 non
730 3184 1033 3239 magnum,
1055 3167 1143 3223 vel
1174 3168 1245 3223 ad
1286 3166 1557 3236 salutem,
1588 3167 1676 3223 vel
1723 3169 1793 3223 ad
1825 3169 2052 3240 pericu-

405 3258 529 3315 lum
580 3261 944 3315 momentum
1001 3256 1216 3311 habere
1272 3260 1624 3314 censeatur:
1659 3257 1835 3329 idque
1874 3274 2051 3330 quam

400 3348 641 3404 tandem
672 3346 744 3402 ob
776 3362 1014 3401 causam
1034 3346 1139 3401 ?ut
1160 3345 1334 3401 homo
1366 3344 1635 3418 pluribus
1666 3347 1725 3401 in
1756 3350 1911 3401 terra
1928 3347 2051 3403 die-

399 3436 511 3493 bus
540 3436 713 3501 vivat,
747 3439 921 3506 atque
950 3434 1044 3490 hic
1089 3451 1156 3489 ne
1206 3435 1425 3505 probus
1482 3436 1720 3507 quidem
1780 3436 2048 3504 fortasse,

398 3525 499 3581 sed
532 3524 827 3597 pessimus
858 3529 915 3579 et
946 3522 1460 3593 sceleratissimus,
1494 3523 1608 3594 cui,
1642 3527 1845 3595 utpote
1876 3524 2049 3593 malo,

389 3613 747 3686 jampridem
778 3627 808 3668 e
838 3612 982 3667 vivis
1022 3613 1341 3667 excessisse
1400 3612 1647 3667 fortasse
1678 3612 1883 3668 utilius
1929 3614 2049 3669 fue-

396 3706 509 3770 rat,
542 3704 608 3756 ut
636 3700 797 3767 vitio,
832 3700 1035 3756 morbo
1068 3700 1333 3756 omnium
1367 3700 1642 3767 maximo,
1685 3700 2049 3757 liberaretur.

396 3792 587 3861 Atque
618 3794 684 3846 ut
702 3789 953 3861 probum
982 3788 1413 3861 honestumque
1444 3805 1572 3845 esse
1613 3789 2050 3861 demus,-quan-

398 3880 501 3936 diu
533 3880 635 3937 26
664 3878 902 3935 tandem
954 3877 1225 3934 victuro?
1266 3878 1621 3950 semperne?
1659 3883 1761 3934 aut
1813 3879 1951 3950 quid
1986 3894 2054 3934 ex

468 4023 490 4059 °
522 4022 544 4077 Ι
575 4025 701 4077 Cor.
736 4038 813 4093 ιν,
846 4022 908 4090 1;
943 4022 1116 4076 ICor.
1151 4037 1237 4087 III,
1265 4020 1321 4075 9.

632 4161 790 4248 Ὑπὶρ
867 4169 968 4248 τῇς
1042 4160 1397 4248 ἀναστάσεως.
1460 4163 1780 4248 Sancig.”«
1840 4165 2055 4248 Resurf

404 4233 593 4309 rectio
626 4233 861 4305 propter
891 4235 1402 4309 insurrectionem,
1438 4233 1735 4308 nquasiid
1769 4238 2058 4309 pertineat

411 4306 483 4362 ad
512 4305 801 4379 Adamum
834 4311 1033 4379 contra
1064 4314 1244 4362 Deum
1304 4305 1729 4379 insurgentem.
1770 4305 1921 4373 'Quaa
1961 4326 2055 4365 se-

405 4380 687 4449 quuntur,
720 4376 799 4431 ita
814 4377 1033 4449 extulit
1088 4378 1454 4448 Augustinus
1479 4376 1571 4434 'De
1606 4397 1731 4435 vera
1760 4382 2054 4449 religione,

406 4447 572 4504 num.
606 4447 676 4501 32
708 4465 720 4503 :
757 4470 785 4530 ε(
810 4448 956 4503 Tota
981 4448 1103 4533 vita
1132 4447 1261 4533 ejus
1293 4450 1554 4533 in‘terris
1580 4468 1685 4533 per
1735 4447 2055 4520 hominem,

450 4534 584 4595 uem
618 4519 914 4591 suscipere
964 4519 1244 4590 dignatus
1292 4524 1399 4587 est,
1460 4519 1768 4595 disciplina
1825 4519 2055 4580 morum

432 4591 542 4647 hit.
577 4612 606 4639 )›

474 4661 586 4734 (15)
760 4658 829 4736 Δὂὶν
873 4658 1204 4736 ἀμφοτξροις
1234 4657 1601 4736 -λυσιτελοίςφ
1663 4684 1691 4712 ί(
1749 4662 1821 4718 Ut
1880 4664 2057 4721 utris-

405 4731 520 4807 que
553 4731 693 4807 Utile
725 4731 819 4787 sit.
847 4752 873 4785 ιι
914 4731 1369 4807 EchIara‘Eliaa
1409 4733 1479 4807 in
1539 4733 1689 4789 hanc
1716 4750 1843 4807 rem
1885 4738 2061 4793 verba

395 4804 566 4879 juvat
594 4804 825 4879 referre.
860 4826 889 4854 «
920 4804 1065 4868 Quin
1101 4820 1172 4858 ne
1202 4804 1294 4859 his
1323 4804 1603 4879 quidem,_
1632 4804 1876 4879 quianon
1908 4811 2060 4863 totos

406 4876 468 4934 se
499 4876 656 4948 ipsos
694 4876 802 4931 Deo
836 4881 1273 4948 consecrarunt,
1308 4892 1412 4948 nec
1447 4876 1639 4948 carnis
1680 4876 1950 4933 affectum
1969 4894 2060 4934 ex-

405 4947 759 5014 stinXerunt,
796 4964 862 5002 ac
894 4947 1071 5001 divini
1106 4947 1322 5019 amoris
1352 4947 1485 5019 igne
1515 4947 1859 5019 dellagrant,
1898 4951 2058 5007 utilis

404 5023 495 5076 est
522 5019 771 5074 aliorum
803 5018 1393 5075 curatioPericulum
1410 5019 1564 5073 enim
1589 5018 1695 5082 est,
1722 5035 1791 5074 ne
1824 5037 1959 5077 cum
1979 5022 2057 5077 fe-

405 5107 550 5148 num
576 5090 714 5158 sint,
751 5107 852 5160 per
888 5091 1163 5145 vitiorum
1222 5091 1371 5161 ejus,
1412 5090 1504 5145 cui
1565 5091 1914 5147 medicinam
1973 5094 2056 5149 fa-

404 5163 587 5224 ciunt,
618 5161 1105 5227 recordationem,
1141 5161 1627 5232 concupiscentiae
1682 5163 1961 5219 carbones
1991 5165 2050 5220 in

405 5250 467 5291 se
496 5232 641 5304 ipsis
673 5233 1011 5306 accendant,
1054 5235 1232 5303 atque
1271 5234 1328 5288 in
1378 5233 1627 5306 ﬂammas
1661 5249 1861 5290 eorum
1923 5237 2055 5306 igne

406 5303 846 5376 comburantur.
880 5304 1008 5376 Haec
1038 5310 1328 5375 sunt,quaa
1345 5303 1862 5376 significavit,cum
1880 5303 2050 5363 diiit:

407 5400 436 5428 ι(
470 5380 534 5431 ut
557 5375 823 5445 utrisque
856 5374 995 5430 utile
1028 5374 1266 5429 fuerit.»

476 5448 589 5516 (16)
615 5446 1097 5529 βαπιστευμὲνοις.
1123 5467 1151 5496 ››
1174 5446 1395 5510 Quibus
1423 5447 1569 5503 alios
1619 5448 1862 5503 curandi
1906 5466 2055 5505 onus

414 5534 818 5575 ΟΟΠΙῙΠΙΒΒῙΠΠ.
853 5538 881 5568 ))

510 5591 597 5647 17)
624 5587 777 5644 Εἶτα.
814 5610 837 5641 (ι
866 5588 1104 5645 Deinde.
1136 5610 1164 5639 )›

510 5591 575 5647 17
624 5591 777 5644 Εἶτα.
814 5610 837 5641 (ι
866 5591 1104 5645 Deinde.
1136 5610 1164 5639 )›

480 5591 702 5735 (18)“Ως
733 5655 835 5735 ἔφη
865 5678 969 5722 τις.
1020 5660 1075 5717 Is
1102 5663 1194 5716 est
1239 5662 1439 5716 auctor
1491 5658 1626 5716 libri
1692 5660 1791 5732 qui
1845 5661 2054 5720 inscri-

2154 1976 2279 2029 νως,
2309 1954 2399 2010 καὶ
2455 1955 2528 2018 ὡς
2588 1955 2647 2010 ἂν
2696 1955 3027 2033 ἀμφοτέροις
3056 1956 3368 2027 Λυσιτελοίη
3405 1959 3541 2033 (15),
3568 1964 3685 2022 τοῖς
3744 1980 3806 2016 τε

2152 2047 2252 2188 τ’ἴὶς
2300 2044 2580 2120 θεραπείας
2613 2043 2878 2121 χρῄζουσι
2908 2044 2997 2099 καὶ
3044 2050 3159 2108 τοῖς
3206 2044 3465 2122 ἰατρεύειν
3518 2068 3803 2105 πεπιστευ-

2162 2155 2201 2188 υ.
2229 2154 2341 2188 νοις
2372 2135 2504 2188 (16).

2161 2135 2341 2207 μένοις
2372 2135 2504 2207 (16).

2228 2366 2347 2422 KZ'.
2380 2365 2512 2420 Εἶτα
2568 2367 2683 2439 (17)
2731 2366 2784 2420 ot
2826 2366 2938 2438 ’μὲν
2993 2370 3099 2421 τῶν
3156 2363 3423 2438 σωμάτων
3482 2367 3803 2443 θεραπευταὶ

2156 2453 2352 2515 πόνους
2406 2475 2465 2510 τε
2519 2453 2609 2509 καὶ
2669 2453 2957 2530 ἀγρυπνίας
3014 2454 3104 2508 καὶ
3161 2451 3468 2531 φροντίδας,
3501 2455 3563 2519 ἃς
3621 2455 3803 2531 ἴσμεν,

2158 2542 2353 2613 ἕξουσι*
2385 2546 2473 2598 καὶ
2530 2544 2593 2598 τὸ
2644 2542 2727 2598 ἐπ’
2755 2540 3074 2619 ἀλλοτρίαις
3117 2551 3423 2621 συμφορεῖς
3473 2543 3612 2608 ίδίας
3667 2567 3802 2623 καρ-

2157 2638 2388 2697 ποῦσθαι
2446 2630 2644 2701 λύπας,
2687 2633 2760 2694 ὡς
2816 2631 2915 2710 ἔφη
2977 2652 3060 2694 τις
3090 2634 3203 2706 (18)
3257 2636 3364 2687 τῶν
3419 2636 3545 2709 παρ’
3575 2633 3804 2700 ἐκείνοις

2161 2727 2361 2800 σοφῶν
2394 2721 2482 2775 καὶ
2530 2722 2598 2775 τὰ
2650 2721 2744 2793 μὶν
2786 2720 2939 2776 αὐτοὶ
2991 2722 3320 2797 μοχθοῦντες
3353 2724 3464 2796 (19)
3518 2723 3605 2777 καὶ
3653 2722 3807 2779 ἄνευ·

2164 2811 2455 2887 ρίσκοντες,
2489 2809 2554 2864 τὰ
2604 2807 2661 2864 δὲ
2708 2811 2833 2885 παρ’
2884 2806 3070 2864 ἄλλων
3122 2808 3488 2884 ἐρανιζόμενοι
3538 2811 3626 2865 καὶ
3676 2831 3807 2867 συν-

2163 2900 2495 2977 εισφέροντες
2538 2900 2650 2973 (20)
2679 2897 3028 2975 προσοίσουσι
3074 2903 3188 2959 τοῖς
3238 2895 3537 2971 δεομένοις·
3569 2898 3659 2954 καὶ
3708 2901 3808 2956 οὗ-

2165 2986 2249 3043 δὲν
2297 2988 2439 3042 οὕτω
2493 2988 2682 3063 μικρὸν
2727 2986 2909 3048 αὐτοῖς
2955 2987 2991 3055 ἢ
3049 2985 3254 3059 εύρεθὶν
3290 2988 3324 3055 ἣ
3367 2984 3653 3067 διαφυγὸν,
3683 2985 3812 3045 οὐδὲ

2162 3081 2268 3133 τῶν
2300 3075 2625 3151 ἐλαχίσνων,
2659 3076 2732 3137 ὡς
2770 3075 2845 3148 μὴ
2883 3075 3017 3151 μέγα
3040 3075 3175 3151 πρὸς
3204 3076 3302 3143 τὴν
3334 3078 3430 3145 τῆς
3467 3076 3666 3153 ὑγιείας
3696 3080 3812 3150 (21)

2180 3166 2193 3186 ι
2288 3168 2301 3186 \
2399 3167 2420 3185 η
2522 3170 2547 3180 ~
2694 3162 2748 3186 δι
2904 3162 2988 3186 κγ’
3054 3163 3167 3186 λάμ
3261 3162 3385 3186 εηκ
3488 3171 3550 3186 ..α-

2180 3166 2193 3186 ι
2399 3167 2420 3185 η
2522 3170 2547 3180 ’⁸
2735 3164 2748 3183 Ῑ
2976 3162 2988 3183 ἳ
3136 3163 3147 3183 Ι
3261 3164 3274 3184 ε
3522 3171 3550 3182 αι

2168 3168 2363 3243 ροπὴν,
2393 3187 2427 3235 η
2455 3187 2551 3220 του
2600 3162 2851 3220 χινδυνου
2899 3184 3208 3219 τουναντιον
3256 3161 3644 3243 υποληφθηναι

2111 3258 2124 3281 ⁸
2162 3254 2250 3310 καὶ
2307 3259 2474 3309 ταῦτα
2521 3254 2651 3331 ὑπὲρ
2693 3253 2880 3324 τίνοςς
2920 3249 2995 3306 ’ίν’
3033 3250 3315 3326 ἅνθρωπος
3378 3255 3513 3330 ζήσῃ
3584 3252 3813 3318 πλείους

2158 3343 2253 3405 τὰς
2302 3342 2389 3398 ἐπὶ
2440 3350 2540 3419 γῆν
2571 3340 2938 3417 (23)ἠμέρας,
2968 3340 3058 3396 καὶ
3107 3341 3262 3403 οὗτος
3314 3338 3440 3396 οὐδὲ
3485 3346 3592 3398 τῶν
3641 3342 3813 3399 ἐπιει-

2158 3434 2267 3486 κῶν
2297 3429 2443 3504 ἴσως,
2460 3429 2605 3486 ἀλλὰ
2632 3430 2720 3486 καὶ
2744 3435 2849 3485 τῶν
2880 3441 3061 3506 μοχθη
3074 3430 3334 3502 ροτάτων,
3351 3431 3396 3501 ᾧ
3417 3431 3479 3486 τὸ
3500 3429 3670 3487 πάλαι

2157 3519 2401 3574 τεθνάναι
2452 3519 2581 3581 ἴσως
2631 3517 2848 3591 ἄμεινον
2898 3521 2985 3587 ἦν,
3020 3512 3132 3572 ὄντι
3165 3522 3334 3589 κακῷ,
3363 3517 3455 3573 ’ἱνα
3497 3524 3593 3574 τοῦ
3645 3521 3809 3597 μεγί-

2159 3630 2285 3664 στου
2313 3613 2420 3664 τῶν
2454 3608 2920 3684 ἀρρωστημάτων,
2946 3613 3046 3677 τῆς
3101 3607 3290 3668 κακίας
3320 3609 3458 3680 (25),
3489 3607 3803 3685 ἀπαλλαγῇ.

2162 3698 2207 3753 εἰ
2235 3696 2293 3753 δὲ
2338 3697 2426 3752 καὶ
2463 3701 2572 3752 τῶν
2617 3696 2799 3752 καλῶν
2850 3695 3095 3768 θείημεν,
3128 3694 3215 3749 ἰπὶ
3260 3696 3425 3751 πόσον
3604 3697 3815 3773 βιωσο-

2166 3787 2344 3861 μένῳς
2376 3788 2469 3841 τὸν
2503 3787 2709 3841 ἅπαντα
2736 3784 2935 3861 χρόνόν
2964 3803 2977 3854 ;
3008 3785 3043 3853 ἢ
3069 3785 3122 3838 τί
3177 3790 3279 3852 τῆς
3337 3784 3557 3841 ἐνταῦθα
3613 3784 3818 3862 κερδα-

2159 3881 2338 3931 νοῦντι
2374 3880 2540 3945 ζωῆς,
2573 3877 2640 3944 ἧς
2686 3875 2748 3930 τὸ
2798 3872 3027 3944 λυθῆναι
3082 3877 3258 3943 ζητεῖν
3290 3875 3427 3948 (27),
3464 3879 3577 3930 τῶν
3626 3872 3817 3932 καλῶν

2163 4165 2379 4238 bitur__:_
2412 4161 2543 4237 Ιῐερὶ
2576 4164 2781 4238 φυσῶν,
2830 4163 2911 4238 De
2956 4164 3201 4238 ﬂatibus,
3252 4162 3523 4238 quisquis
3571 4161 3670 4219 ille
3724 4164 3829 4219 sit:

2165 4239 2285 4293 sive
2315 4234 2715 4307 Hippdcrates,
2750 4234 2841 4307 cui
2892 4235 3193 4302 tribuitur,
3252 4234 3371 4307 sive
3431 4234 3633 4307 alius;
3684 4251 3825 4291 nam

2166 4308 2376 4364 medici
2395 4305 2634 4362 certant
2667 4306 2798 4376 quis
2828 4305 2985 4362 hunc
3016 4307 3229 4362 librum
3262 4306 3543 4362 emiserit.

2237 4380 2346 4451 (19)
2426 4378 2791 4451 Μοχθοῦντες.
2853 4378 2992 4451 Reg.
3062 4379 3098 4445 1,
3161 4383 3218 4435 et
3326 4378 3525 4433 Comb.
3583 4379 3821 4430 πονοῦν-

2164 4471 2274 4511 τις.

2241 4522 2353 4594 (20)
2427 4520 2891 4597 Συνεισφὲροντες.
2954 4520 3132 4594 Regg.
3194 4538 3247 4588 a,
3306 4520 3363 4590 b,
3436 4537 3521 4591 m,
3576 4518 3733 4576 Colb.
3784 4521 3821 4573 Ἰ

2090 4585 2137 4649 D
2166 4595 2195 4651 J
2204 4585 2290 4675 es;
2309 4585 2706 4675 ,συμφέροντξᾷ

2240 4667 2353 4757 (21L)
2382 4662 2744 4757 ’Ξῆςςιγιείάςο
2806 4663 2868 4719 In
2892 4662 3031 4736 Reg.
3067 4680 3114 4732 r,
3148 4663 3311 4719 deest
3342 4667 3463 4730 τῆς.
3498 4662 3638 4735 Reg.
3672 4665 3716 4729 ι,
3751 4679 3820 4719 ac

2165 4733 2281 4793 Jes.
2316 4736 2534 4810 habent
2556 4733 2755 4810 ὑγείας.

2238 4809 2351 4883 (22)
2382 4803 2810 4883 Ὑποληφθῆναι.
2830 4805 3025 4883 _Regg.
3170 4823 3227 4875 n,
3250 4877 3264 4883 _
3288 4823 3336 4873 r,
3397 4808 3476 4883 et_
3506 4804 3627 4860 Jes.
3689 4803 3823 4883 ὑπαὶ

2170 4876 2474 4955 λειφθῆναι.
2506 4876 2661 4934 Idem
2694 4879 2794 4955 h_u_,
2828 4877 2884 4931 in
2914 4876 3033 4955 quo
3083 4877 3305 4955 is‘ordo
3363 4877 3671 4932 verborum
3702 4894 3716 4933 :
3754 4876 3823 4932 Ἠ

2167 4945 2470 5004 τούναντίον
2498 4955 2595 5025 τοῦ
2624 4946 2874 5025 κινδύλνου
2908 4945 3325 5025 ιξπολειφθῆναι.

2239 5024 2347 5095 (28)
2408 5021 2528 5075 Ἐπὶ
2581 5024 2702 5096 γῆν.
2761 5021 2856 5076 Sic
2915 5017 3255 5091 Regg.'hu,
3348 5023 3401 5096 t,_
3448 5036 3505 5086 κ,
3565 5017 3818 5096 polbert.

2169 5088 2253 5181 ω’,
2280 5088 2388 5151 etc.
2422 5098 2553 5149 Bas.
2590 5088 2744 5159 vero,
2796 5097 2923 5147 Par.
2974 5088 3177 5147 et'non
3237 5090 3405 5163 pauci
3479 5090 3647 5146 codd.
3682 5088 3821 5165 ὑπὲρ

2166 5185 2349 5307 7m(celi)
2375 5233 2444 5287 Τὸ
2475 5232 2666 5290 πάλαι.
2692 5234 3047 5307 Addidimus
3076 5232 3137 5287 τό
3175 5249 3242 5288 ex
3273 5233 3415 5307 Reg.
3448 5236 3494 5289 ι.

2258 5302 2346 5377 25)
2415 5308 2530 5374 Τῆς
2577 5304 2783 5367 κακίας.
2860 5310 2946 5360 Ita
3002 5306 3180 5378 Regg.
3241 5321 3294 5371 a,
3347 5302 3388 5373 1,
3449 5308 3507 5360 et
3564 5302 3816 5362 Colbert.

2235 5452 2347 5519 (26)
2381 5448 2498 5502 Ἐπὶ
2528 5446 2718 5503 πόσον.
2755 5448 3063 5521 SicRegg.
3096 5451 3140 5521 t,
3170 5445 3408 5521 _l,_Colb.
3444 5462 3525 5501 m.

2235 5515 2255 5585 ἶ
2261 5515 2349 5591 27)
2381 5525 2586 5589 Ζητεῖν.
2642 5523 2748 5577 Pro
2788 5515 3113 5574 uomit/"xui
3166 5515 3421 5594 ἐφίεσθαι.
3454 5539 3484 5570 α
3513 5517 3745 5592 Optare.
3778 5542 3810 5571 η

2165 5591 2316 5647 Elias
2347 5596 2403 5647 et
2431 5591 2605 5647 Basil.

2231 5592 2316 5648 ias
2347 5596 2403 5648 et
2431 5592 2605 5648 Basil.
