4184 6202
304 352 432 414 437

1461 355 1755 417 ORATIO
1798 356 1875 417 II.
1906 386 1986 401 —
2013 354 2580 419 APOLOGETICA.

3598 355 3717 420 £38

305 483 374 537 τὰ
408 484 627 557 πρῶτον
680 481 771 537 καὶ
821 481 1219 559 ἀσφαλιστατον
1417 483 1506 539 καὶ
1549 482 1741 561 ἀνδρὸς
1792 482 1957 547 ὅντως

2077 487 2257 558 hujus
2286 488 2413 541 vita:
2447 504 2629 543 usura
2650 486 2796 542 lucri
2824 487 3064 556 facturo,
3085 488 3252 558 cujus
3284 486 3458 542 tinem
3483 494 3717 561 exapta-

306 571 498 647 ὗγιοῦς
528 570 619 625 καὶ
647 576 771 626 νοῦν
804 569 1029 647 ἔχοντος
1054 590 1067 641 ;

371 766 509 822 ΚΗ.
539 766 704 838 Ἡμῖν
740 762 821 835 δὲ,
848 766 932 828 οἷς
962 767 1023 821 τὸ
1062 765 1500 841 κινδυνευόμενόν
1552 768 1662 823 ἐστι
1713 768 1957 844 σωτηρία

292 859 511 930 ψυχῆς,
537 862 637 923 τῆς
700 856 967 927 μακαρίας
1009 876 1069 910 τε
1112 856 1201 911 καὶ
1250 856 1535 925 ἀθανάτου,
1582 860 1671 912 καὶ
1725 858 1956 921 ἀθάνατα

292 942 813 1017 κολασθησομένης,
863 946 899 1013 ἢ
953 944 1461 1019 ίπαινεθησομὲνης,
1512 945 1600 1001 διὰ
1660 947 1851 1001 κακίαν
1916 949 1951 1017 ἢ

295 1032 525 1109 ἀρετὴν,
552 1032 722 1087 πόσον
757 1034 870 1108 χρὴ
904 1030 1078 1088 δοκεῖν
1113 1034 1242 1088 εἶναι
1270 1035 1359 1089 τὸν
1394 1034 1590 1111 ἀγῶνα,
1614 1036 1648 1104 ἢ
1682 1034 1812 1104 ὅσης
1845 1034 1950 1090 δεῖν

294 1128 405 1190 τῆς
456 1120 766 1193 ἐπιστήμης
820 1121 1091 1197 ἰατρεῦσαι
1138 1122 1343 1194 καλῶς,
1376 1124 1409 1192 ἢ
1447 1124 1785 1197 ίατρευθῆναι
1818 1128 1951 1198 (29),

298 1210 393 1265 καὶ
440 1212 543 1278 τὴν
594 1212 736 1278 ζωὴν
806 1210 1142 1283 μεταθέσθαι,
1193 1212 1280 1265 καὶ
1324 1207 1507 1265 δοῦναι
1556 1213 1645 1266 τὸν
1694 1218 1828 1287 χοῦν
1872 1217 1952 1285 τῷ

299 1298 615 1372 «vatiuati;
649 1297 725 1356 Οὐ
770 1298 870 1375 γὰρ
927 1303 1033 1353 νῶν
1081 1298 1255 1354 αὐτῶν
1307 1300 1427 1356 οὕτε
1478 1300 1658 1375 λόγων
1690 1303 1800 1376 (30)
1830 1299 1953 1357 οὔτε

302 1389 523 1464 ὁρμῶν,
553 1383 677 1442 οὔτε
722 1388 786 1443 τὸ
834 1386 973 1457 θῆλυ
1019 1392 1098 1460 τῷ
1146 1387 1346 1465 ἄρρενι,
1380 1385 1503 1445 οὔτε
1544 1392 1692 1467 γήρᾳ
1736 1390 1949 1461 νεότης,

301 1472 434 1531 οὔτε
490 1474 646 1545 πενίᾳ
691 1472 933 1537 πλοῦτος
973 1478 1108 1546 (31),
1159 1472 1281 1529 οὕτε
1328 1475 1572 1549 εὐθυμῶν
1634 1477 1949 1548 ἀθυμοῦντι,

300 1561 433 1618 οὔτε
465 1564 491 1617 5
518 1562 740 1635 κάμνων
766 1567 847 1635 τῷ
879 1562 1196 1637 ὑγιαίνοντι,
1230 1562 1487 1640 ἄρχοντές
1540 1586 1594 1619 τε
1643 1566 1733 1619 καὶ
1780 1565 1949 1641 ἀρχό-

300 1671 486 1726 μενοι,
537 1651 693 1729 σοφοί
744 1672 803 1707 τε
848 1651 937 1705 καὶ
994 1653 1240 1724 ἀμαθεῖς,
1274 1649 1445 1707 δειλοί
1481 1674 1539 1707 τε
1580 1653 1668 1707 καὶ
1714 1659 1947 1727 θρασεῖς,

298 1740 529 1816 ὀργίλοι
573 1738 663 1794 καὶ
713 1744 882 1817 πρᾶοι
930 1741 1065 1813 (32),
1112 1745 1498 1815 κατορθοῦντες
1564 1741 1652 1795 καὶ
1721 1742 1948 1797 πίπτον-

291 1849 390 1891 τες
423 1830 556 1903 (33).

369 2024 493 2079 KO'.
530 2021 634 2079 Κᾶν
665 2020 744 2076 ἔτι
776 2016 1014 2097 ἀκριϐῶς
1047 2024 1158 2096 (34)
1208 2022 1471 2097 ἐξετάσῃς,
1505 2024 1627 2079 ὅσον
1674 2025 1737 2079 τὸ
1791 2026 1947 2098 μέσον

290 2115 411 2167 τῶν
462 2110 515 2165 ὲν
564 2111 836 2187 συζυγίαις
879 2113 1013 2187 πρὸς
1066 2110 1193 2174 τοὺς
1258 2112 1519 2189 ἀγάμους,
1570 2113 1664 2169 κᾶν
1734 2114 1946 2175 τούτοις

2071 594 2149 642 re,
2185 575 2551 646 primarium,
2585 592 2650 631 ac
2680 576 3045 630 tutissimum
3078 576 3296 631 bonum
3331 580 3439 647 est,
3465 575 3711 651 virique,

2065 665 2223 721 haud
2259 665 2453 735 dubie,
2483 665 2630 733 sani,
2654 669 2709 719 et
2740 669 2932 719 mente
2962 665 3211 735 praediti.

2135 772 2378 826 XXVIII.
2413 770 2591 825 Nobis
2621 775 2838 839 autem,
2872 771 2969 842 qui
3004 771 3074 826 de
3108 771 3314 827 animis
3347 770 3535 828 salute
3557 773 3708 845 peri-

2066 860 2358 928 clitamur,
2408 877 2534 931 quae
2568 860 2735 914 beata
2764 864 2820 914 et
2850 859 3201 915 immortalis
3252 864 3359 927 est,
3393 865 3565 933 atque
3596 862 3706 918 im-

2066 948 2431 1015 mortalibus,
2462 946 2549 1003 vel
2581 946 2907 1019 suppliciis,
2939 948 3025 1002 vel
3068 948 3364 1017 laudibus,
3397 950 3469 1005 ob
3499 950 3703 1007 vitium

2064 1043 2164 1093 aut
2192 1038 2463 1091 virtutem
2499 1036 2783 1090 afficietur
2812 1053 2825 1103 ;
2852 1039 3389 1107 quantumtandem
3412 1043 3703 1097 certamen

2062 1126 2429 1198 propositum
2447 1141 2596 1191 esse,
2632 1128 2969 1196 quantaque
2994 1129 3117 1180 arte
3160 1142 3308 1197 opus
3339 1142 3465 1182 esse
3508 1128 3706 1185 existi-

2063 1216 2345 1270 mandum
2378 1218 2485 1280 est,
2510 1217 2573 1267 ut
2596 1217 2746 1267 recte
2778 1228 3073 1281 curemus,
3104 1217 3205 1268 aut
3257 1212 3368 1284 ipsi
3416 1231 3705 1287 oursmur,

2061 1307 2118 1357 et
2146 1302 2323 1357 vitam
2362 1301 2421 1356 in
2454 1300 2663 1355 melius
2694 1308 3145 1368 commutemus,
3198 1316 3262 1355 ac
3292 1305 3504 1356 terram
3536 1302 3708 1373 spiri-

2058 1390 2144 1446 tui
2185 1390 2582 1446 addicamus?
2628 1389 2750 1445 Non
2796 1388 2950 1444 enim
3004 1389 3220 1443 eaedem
3272 1389 3547 1457 rationes,
3606 1406 3711 1447 nec

2059 1481 2238 1535 iidem
2272 1479 2605 1534 animorum
2638 1479 2891 1548 impetus
2924 1482 3062 1532 sunt
3083 1478 3261 1533 maris
3293 1482 3349 1533 et
3368 1478 3712 1551 feminea,“-

2060 1568 2311 1625 nectutis
2339 1574 2394 1623 et
2424 1566 2849 1633 adolescentia,
2884 1566 3080 1621 divitis
3112 1571 3165 1623 et
3194 1568 3709 1639 pauperis,hilaris

2058 1662 2113 1714 et
2144 1657 2465 1721 maerentis,
2492 1656 2618 1712 sani
2650 1660 2706 1711 et
2738 1656 3095 1728 aegrotantis,
3137 1655 3470 1728 principum
3493 1661 3549 1711 et
3570 1658 3706 1713 sub-

2057 1748 2338 1812 ditorum,
2369 1746 2731 1801 eruditorum
2772 1750 2829 1800 et
2885 1744 3272 1811 indoctorum,
3308 1745 3617 1802 audacium
3650 1750 3706 1803 et

1977 1860 2025 1924 Β
2054 1836 2421 1900 timidorum,
2452 1839 2894 1889 mansuetorum
2928 1838 2984 1888 et
3010 1833 3705 1904 iracundorum,munsre

2056 1941 2163 1981 suo
2193 1924 2463 1996 praeclare
2496 1923 2883 1995 fungentium,
2917 1926 2972 1977 et
3001 1924 3354 1977 cadentium.

2126 2030 2318 2085 XXIX.
2353 2030 2514 2095 Quod
2557 2030 2604 2084 si
2638 2028 2965 2084 accuratius
3025 2044 3146 2083 rem
3176 2030 3488 2100 expendas,
3521 2047 3703 2101 quan-

2056 2123 2182 2174 tum
2206 2118 2574 2173 intervallum
2599 2118 2749 2172 inter
2787 2118 3132 2189 conjugatos
3171 2124 3229 2172 et
3258 2118 3484 2174 caelibes
3527 2121 3701 2177 inter-

292 2197 470 2256 πάλιν
515 2204 622 2253 τῶν
671 2201 768 2268 τῆς
818 2198 1048 2275 ἰρημίας
1098 2202 1231 2275 πρὸς
1276 2201 1403 2263 τοὺς
1462 2202 1816 2264 κοινωνικοὺς
1858 2202 1947 2257 καὶ

2072 2210 2273 2273 lectum
2307 2206 2607 2277 reperies?
2656 2207 2735 2260 Ex
2780 2205 2873 2260 his
2933 2222 3157 2273 rursus,
3220 2211 3505 2277 quantum
3555 2207 3707 2265 inter

299 2286 539 2364 μιγάδας
773 2292 881 2343 τῶν
928 2288 1295 2362 ἐξητασμὲνων
1326 2293 1437 2363 (36)
1489 2289 1577 2345 καί
1626 2286 1949 2361 διαϐεϐηκό-

292 2398 414 2433 των
469 2375 520 2430 ιν
579 2375 776 2452 θεωρίᾳ
847 2377 984 2451 πρὸς
1055 2376 1183 2439 τοὺς
1259 2378 1448 2441 ἁπλῶς
1510 2379 1949 2447 κατευθύνοντας,

300 2468 541 2521 ἀστικῶν
589 2485 647 2519 τε
695 2463 759 2519 αὖ
803 2465 892 2519 καὶ
941 2470 1045 2519 τῶν
1081 2464 1139 2520 ἐκ
1175 2474 1274 2536 τῆς
1308 2467 1609 2543 ἀγροικίας,
1643 2468 1947 2543 ἀκεραιοτὲ-

299 2576 417 2630 ρων
465 2575 524 2609 τε
573 2554 663 2607 καὶ
712 2554 1183 2630 πανουργοτέρων,
1225 2559 1330 2609 τῶν
1379 2556 1428 2611 ἐν
1493 2556 1768 2633 πράγμασι
1817 2557 1951 2630 πρὸς

294 2642 434 2705 τοὺς
506 2644 897 2718 ἡσυχάζοντας,
958 2648 1064 2697 τῶν
1132 2640 1409 2718 μεταϐολῇ
1460 2648 1571 2719 (37)
1627 2645 1947 2721 πληγέντων

296 2733 443 2807 πρὸς
492 2731 617 2794 τοὺς
666 2728 1058 2804 εὖδρομοῦντας
1106 2732 1193 2787 καὶ
1245 2734 1470 2805 ἀμαθεῖς
1523 2739 1619 2789 τοῦ
1676 2736 1947 2811 χείρονος’

294 2819 513 2876 τούτων
541 2819 643 2895 γὰρ
694 2816 910 2874 ἕκαστοι
957 2819 1147 2875 πλεῖον
1192 2820 1455 2892 ἀλλήλων
1506 2819 1645 2878 ἔστιν
1696 2823 1785 2878 ὅτε
1830 2829 1949 2885 ταῖς

296 2906 616 2980 ἐπιθυμίαις
646 2908 736 2961 καὶ
763 2913 882 2969 ταῖς
915 2910 1110 2983 ὁρμαῖς
1142 2911 1176 2977 ἢ
1210 2910 1344 2963 κατὰ
1379 2912 1473 2971 τὰς
1521 2915 1628 2965 τῶν
1680 2914 1947 2984 σωμάτων

297 2995 450 3057 ἰδέας
508 2994 873 3073 διαφέροντες·
926 2997 970 3051 εἰ
1021 2994 1077 3051 δὲ
1123 2996 1456 3073 βούλει,τάς
1505 3004 1611 3054 τῶν
1663 3001 1945 3076 στοιχείων

301 3086 477 3160 μίξεις
524 3086 612 3139 καὶ
662 3084 900 3161 κράσεις,
942 3086 991 3157 ἐξ
1035 3088 1108 3141 ὧν
1161 3090 1579 3161 συνεστήκαμεν,
1632 3090 1692 3143 οὐ
1753 3090 1950 3165 ῥᾴστην

298 3173 496 3250 ιχουσι
524 3176 627 3243 τήν
657 3174 994 3247 οἷ’κονομίαν.

2058 2296 2333 2352 eremitas
2363 2300 2423 2351 et
2453 2295 2794 2356 coenobitas,
2854 2294 2953 2364 qui
3003 2293 3269 2364 permisti
3318 2296 3708 2352 communiter

2059 2388 2298 2459 degunt,
2331 2384 2691 2440 discriminis
2708 2384 2817 2438 erit
2846 2383 2874 2437 ?
2906 2387 3193 2454 quantum
3226 2383 3378 2439 inter
3402 2386 3631 2456 eos,qui
3646 2385 3705 2441 in

2060 2474 2543 2545 contemplatione
2619 2471 2791 2545 longe
2848 2476 3279 2543 processerunt,
3346 2477 3403 2528 et
3459 2490 3557 2529 eos
3604 2476 3706 2544 qui

2059 2564 2345 2618 duntaxat
2376 2565 2599 2616 rectum
2629 2560 2758 2615 vitae
2783 2560 2892 2615 iter
2924 2560 3477 2632 tenent?quantum
3491 2579 3699 2619 rursus

2058 2651 2209 2707 inter
2234 2652 2491 2705 urbanos
2521 2653 2579 2705 et
2614 2648 2889 2717 rusticos,
2919 2648 3073 2703 inter
3129 2650 3427 2721 simplices
3460 2654 3517 2705 et
3547 2650 3706 2706 calli-

2059 2740 2183 2807 dos,
2216 2740 2365 2794 inter
2393 2755 2512 2807 eos,
2545 2738 2643 2809 qui
2674 2737 2733 2791 in
2786 2738 2956 2792 rebus
3001 2736 3250 2808 publicis
3281 2739 3551 2809 gerendis
3579 2755 3705 2794 ver-

2058 2833 2285 2892 santur,
2318 2832 2374 2883 et
2402 2827 2619 2899 quietis
2651 2826 2965 2893 studiosos,
3026 2826 3176 2881 inter
3204 2844 3303 2882 eos
3332 2843 3581 2897 quorum
3614 2844 3707 2884 res

2057 2918 2116 2972 in
2150 2917 2403 2972 deterius
2435 2920 2671 2971 mutatae
2702 2919 2860 2982 sunt,
2892 2918 2950 2971 et
2978 2931 3077 2971 eos
3107 2915 3205 2985 qui
3230 2932 3506 2987 prospero
3526 2933 3703 2971 cursu

2058 3007 2341 3075 feruntur,
2393 3022 2497 3060 nec
2543 3005 2773 3059 duriore
2830 3020 3088 3075 unquam
3126 3004 3359 3060 fortuna
3387 3004 3703 3061 conﬂictati

2058 3094 2240 3150 sunt?
2274 3095 2489 3149 Horum
2522 3093 2676 3149 enim
2719 3092 2932 3163 singuli
2981 3091 3401 3164 cupiditatibus
3432 3109 3706 3149 nonnun-

2059 3200 2236 3254 quam
2267 3188 2323 3238 et
2354 3182 2657 3238 affectibus
2689 3181 2877 3253 magis
2909 3182 3060 3236 inter
3107 3198 3171 3236 se
3201 3182 3498 3248 differunt,
3531 3198 3707 3253 quam

300 3281 618 3338 corporum
647 3264 853 3336 ﬁguris
882 3270 939 3320 et
970 3264 1340 3321 lineamentis
1373 3285 1387 3334 ;
1418 3272 1537 3335 aut,
1564 3268 1610 3323 si
1642 3270 1851 3335 mavis,
1884 3270 2327 3342 elementorum,
2353 3277 2409 3326 et
2454 3288 2523 3327 ex
2581 3270 2795 3343 quibus
2845 3274 3206 3339 constamus,
3248 3270 3627 3328 mistionibus
3660 3277 3715 3327 et

299 3352 793 3425 temperamentis
822 3368 834 3408 :
871 3369 936 3408 ac
966 3353 1207 3425 proinde
1238 3370 1344 3409 nec
1370 3355 1537 3411 facile
1568 3357 1687 3429 regi
1710 3358 2141 3430 gubernarique
2173 3364 2437 3431 possunt.

379 3460 459 3515 A'.
492 3456 653 3514 ’Δλλ’
685 3455 865 3533 ὥσπερ
895 3462 1011 3519 τοῖς
1042 3458 1285 3531 σώμασιν
1340 3459 1402 3514 οὗ
1458 3462 1557 3530 τὴν
1608 3462 1775 3532 αὐτὴν
1828 3483 1962 3540 φαρ-

309 3544 538 3621 μακείαν
585 3567 643 3602 τε
689 3546 778 3600 καὶ
830 3548 1037 3623 τροφὴν
1086 3547 1503 3625 προσφέρονται,
1546 3548 1708 3606 ἄλλοι
1758 3549 1814 3606 δὲ
1865 3550 1962 3607 ἄλ-

308 3634 416 3705 λην
446 3636 645 3708 (38),ἣ
693 3632 1031 3696 εὖεκτοῦντες
1079 3638 1112 3704 ἣ
1161 3638 1475 3710 κάμνοντες,
1527 3637 1669 3693 οὕτω
1731 3640 1819 3695 καὶ
1867 3641 1963 3703 τὰς

307 3723 495 3799 ψυχὰς
527 3721 773 3797 διαφόρῳ
806 3721 959 3797 λόγῳ
989 3724 1078 3779 καὶ
1127 3724 1321 3801 ἀγωγῇ
1374 3727 1777 3802 θεραπεύονται.
1812 3730 1959 3802 Μάρ-

306 3832 470 3887 τυρες
513 3808 572 3867 δὲ
612 3814 710 3881 τῆς
758 3811 1059 3886 θεραπείας,
1089 3814 1162 3867 ὧν
1212 3813 1301 3869 καὶ
1348 3815 1415 3870 τὰ
1465 3818 1609 3889 πάθῃ
1661 3819 1793 3891 (39)·
1836 3817 1963 3880 τοὺς

382 4022 977 4101 (28)’Δσφαλὲστατον.
1031 4028 1269 4083 Addunt
1298 4030 1427 4084 Bas.
1483 4031 1573 4085 ed.
1624 4036 1681 4087 et
1724 4032 1852 4087 Par.
1885 4032 1960 4093 ὡς
1994 4034 2037 4101 α

309 4094 441 4175 ξμοζ
482 4094 681 4175 δοκεῖν,
716 4115 842 4169 quis
873 4100 1100 4175 ἀιθιιιπιί⁸
1116 4100 1172 4153 in
1188 4102 1467 4175 omnibus
1496 4108 1621 4157 tum
1652 4107 1962 4175 Begg.tum

308 4170 478 4241 Colb.
508 4174 719 4241 praeter
748 4186 955 4241 unum,
998 4176 1055 4225 et
1086 4170 1141 4225 in
1177 4171 1270 4227 Or.
1309 4174 1356 4227 1.

382 4240 945 4315 (29)“[Ιατρευθῆναι.⁷
985 4241 1219 4315 Rectius
1284 4244 1515 4315 videtur
1594 4243 1963 4315 interpretari

312 4312 701 4369 Combeﬁsius
732 4329 910 4384 quam
942 4314 1169 4368 cmteri:
1210 4337 1229 4362 ε
1263 4317 1377 4369 Aut
1409 4314 1519 4384 ipsi
1554 4312 1853 4379 curentur,
1876 4316 1962 4369 vi-

310 4390 553 4458 tamque
587 4383 880 4458 in_ineliu_s
898 4390 1351 4450 commutent,ac
1375 4383 1585 4441 terram
1618 4387 1850 4458 spiritui
1870 4388 1966 4442 ad-

313 4454 535 4528 dicant.
567 4476 597 4505 ››
640 4454 926 4528 Hicenim
976 4472 1090 4510 non
1142 4458 1336 4528 agitur
1392 4459 1463 4511 de
1517 4454 1704 4528 ipsius
1754 4460 1961 4514 medici

312 4527 553 4600 propria
577 4527 900 4591 curatione,
923 4528 1042 4600 sed
1076 4527 1269 4600 ovium
1315 4545 1463 4600 quae,
1524 4527 1585 4583 ut
1618 4546 1793 4600 supra
1823 4530 1967 4584 dixit

310 4597 650 4669 Gregorius,
682 4621 710 4647 ‹‹
744 4597 936 4653 curari
967 4598 1295 4667 necsciunt,
1320 4597 1427 4654 nec
1452 4597 1809 4655 sustinent.»
1831 4604 1964 4666 Quae

310 4669 674 4743 praecedunt,
707 4673 763 4723 et
800 4686 927 4739 quae
959 4676 1308 4741 sequuntur,
1356 4672 1508 4725 hanc
1538 4672 1963 4743 interpretatio-

308 4757 451 4798 nem
482 4741 850 4797 confirmant.

382 4812 499 4881 (30)
530 4806 663 4863 Οὔτε
716 4807 920 4881 λόγων.
980 4810 1203 4880 Billius,
1266 4834 1294 4861 ‹‹

310 4883 558 4954 quodeo
590 4899 765 4938 sensu
802 4882 997 4938 Latine
1050 4900 1165 4938 non
1224 4882 1457 4939 dicitur.
1492 4882 1760 4939 Mallem:
1798 4906 1826 4934 ‹‹
1862 4900 1967 4939 nec

312 4953 473 5011 enim
505 4970 672 5009 mens
702 4955 984 5010 eademet
1012 4955 1199 5025 ratio.
1236 4976 1265 5004 ι)
1314 4955 1482 5010 Favet
1546 4954 1772 5010 Tullius
1812 4956 1964 5025 0/ﬁc.

310 5026 416 5080 lib.
456 5042 499 5094 1,
531 5042 656 5109 cap.
681 5028 790 5080 28:
826 5024 1218 5109 «.Puplealest
1256 5027 1412 5109 enim
1444 5026 1531 5081 vis
1563 5024 1965 5109 animoruhm...

310 5114 432 5152 una
453 5112 590 5180 pars
612 5097 669 5151 in
692 5097 953 5180 appetitu
987 5097 1172 5180 posita
1220 5102 1325 5166 est,
1362 5114 1489 5168 qua:
1519 5101 1608 5153 est
1637 5097 1781 5169 ὁρμή
1816 5098 1967 5154 Grae-

305 5184 445 5225 ce...
476 5168 663 5225 altera
693 5168 752 5223 in
774 5168 1027 5233 ratione,
1055 5188 1083 5217 »
1114 5173 1231 5226 etc.
1674 5168 1679 5169 ’

317 5314 328 5321 ,
376 5240 493 5321 (31)
525 5238 684 5309 Πενίᾳ
714 5237 973 5299 πλοῦτος.
1009 5238 1147 5295 Bill.
1188 5263 1208 5289 ι
1259 5238 1607 5296 Divitiarum
1631 5243 1687 5295 et
1716 5256 1965 5312 pauper-

312 5314 479 5366 tatis.
510 5328 539 5363 ο

382 5381 501 5535 (32)
533 5384 728 5454 Πρᾶοι.
773 5382 911 5489 ἷξες.
944 5386 987 5452 ι,
1020 5384 1229 5504 πραεῖς.

356 5527 365 5535 .
411 5454 481 5535 33
516 5452 963 5535 ..Κριτορθεδντες
998 5473 1064 5535 me
1132 5451 1229 5535 3"."

1353 4813 1568 4867 eaedem
1629 4812 1901 4870 rationes.
1935 4834 1962 4863 »

2147 3466 2311 3521 XXX.
2346 3466 2493 3532 Quin
2528 3465 2742 3538 potius,
2801 3466 3294 3536 quemadmodum
3344 3481 3461 3522 non
3517 3464 3720 3520 eadem

2076 3554 2520 3623 medicamenta,
2554 3570 2660 3609 nec
2691 3554 2891 3609 eadem
2917 3552 3196 3609 alimenta
3226 3552 3571 3624 corporibus
3594 3552 3729 3623 qui-

2075 3644 2274 3701 busvis
2304 3643 2676 3711 adhibentur,
2713 3643 2812 3699 sed
2866 3642 2978 3697 alia
3000 3644 3096 3698 27
3134 3641 3286 3711 aliis,
3320 3640 3521 3697 habita
3564 3640 3721 3695 vide-

2073 3731 2210 3786 licet
2233 3730 2319 3787 vel
2353 3730 2592 3786 sanitati
2624 3746 2827 3785 eorum
2851 3728 2937 3784 vel
2969 3730 3220 3785 adversa:
3253 3727 3609 3783 valetudinis
3630 3744 3720 3787 ra-

2072 3820 2230 3876 tione
2262 3837 2275 3875 :
2304 3820 2507 3876 eodem
2531 3834 2765 3890 quoque
2796 3818 2968 3873 modo
2998 3817 3206 3873 animae
3240 3816 3470 3872 diversa
3498 3814 3722 3871 ratione

2145 4032 2257 4103 (34)
2288 4034 2405 4103 Ἔτι
2454 4022 2712 4103 ἀκριϐᾣς.
2785 4030 3043 4103 Quatuor
3098 4028 3274 4099 Regg.
3319 4022 3398 4103 ἔτ’
3452 4018 3713 4103 ἀκριϐῶς.

2076 4098 2280 4158 Billius
2310 4102 2431 4157 haec
2476 4098 2673 4155 omnia
2729 4101 2917 4154 reddit
2966 4098 3397 4170 interrogando,
3449 4098 3717 4170 quamvis

2073 4174 2232 4230 nulla
2262 4174 2341 4228 sit
2370 4170 2841 4243 interrogationis
2872 4176 3010 4226 nota
3055 4171 3117 4225 in
3156 4170 3389 4243 Graecis.
3423 4170 3537 4225 Nec
3569 4185 3716 4243 opus

2072 4251 2161 4302 est
2191 4245 2514 4315 quidquam
2549 4240 2839 4315 supplere.
2873 4243 2984 4297 Sed
3016 4242 3358 4315 vertendum
3386 4257 3401 4296 :
3435 4263 3464 4291 «
3494 4240 3639 4306 Quin
3658 4241 3715 4295 id

2073 4313 2253 4401 eum
2280 4316 2589 4401 diligenter
2614 4313 2927 4401 carpendae,
2980 4313 3172 4401 velim,
3208 4317 3515 4401 quantum.
3542 4334 3570 4361 »
3603 4316 3713 4398 etc.

2143 4389 2257 4475 (35)
2313 4383 2429 4475 λῶν
2485 4390 2610 4475 Πτῆς
2668 4383 2897 4467 ἕρημίας
2936 4383 3106 4475 Απρὸς
3159 4383 3298 4467 ,τοὺς
3337 4383 3718 4475 ’κρινωνικοὺς

2072 4454 2161 4511 καὶ
2199 4454 2451 4529 μιγάδας.
2484 4454 2825 4529 Communis
2870 4454 3276 4529 estUOmnium
3300 4527 3308 4529 _
3334 4454 3716 4529 interpretum

2073 4526 2285 4601 lapsus
2307 4528 2365 4582 in
2397 4528 2489 4601 his
2520 4526 3107 4601 vertendis:_l_\l_ullum
3131 4526 3718 4601 eacipimusmec‘la-

2074 4596 2285 4665 tinum,
2320 4616 2424 4655 nec
2456 4599 2765 4654 Gallicum.
2812 4598 3051 4653 Billius:
3086 4618 3117 4649 ι
3174 4596 3329 4652 Inter
3384 4596 3719 4653 solitudinis

2075 4676 2361 4735 amantes,
2394 4675 2451 4726 et
2471 4688 2568 4725 eos
2591 4671 2690 4741 qui
2716 4669 2982 4724 sodalitio
3006 4670 3253 4741 vitaeque
3283 4669 3552 4741 societate
3573 4684 3716 4739 gau-

2075 4746 2229 4799 dent.
2265 4764 2293 4793 »
2327 4740 2678 4797 Nihilhacin
2712 4740 3205 4812 interpretatione,
3236 4744 3293 4812 et
3325 4740 3719 4812 caeteris,quas

2075 4756 2229 4799 dent.
2265 4764 2293 4793 »
2327 4756 2678 4797 mnunacin
2712 4756 3205 4812 interpretatione,
3236 4756 3293 4793 et
3325 4756 3717 4864 caatertsquas

2075 4816 2287 4871 referre
2318 4813 2462 4867 nihil
2493 4818 2581 4867 est
2610 4829 2865 4881 necesse,
2917 4812 3068 4882 quod
3102 4810 3482 4866 saecularibus
3514 4828 3577 4866 so
3607 4812 3717 4864 itu-

2075 4888 2230 4942 dinis
2261 4886 2594 4939 amantibus
2626 4901 2738 4939 non
2761 4882 3084 4939 conveniat.
3118 4882 3488 4937 Manifestum
3519 4886 3715 4936 tamen

2076 4964 2165 5013 est
2186 4956 2446 5027 Gregorii
2476 4954 3023 5027 verbissigniticari
3085 4952 3422 5027 monachos,
3472 4968 3717 5023 quorum

2077 5031 2188 5083 duo
2222 5023 2433 5099 genera
2455 5026 2736 5099 agnoscit,
2766 5023 3148 5081 eremitarum
3182 5023 3406 5080 scilicet
3450 5032 3506 5080 et
3529 5040 3717 5080 cmno-

2078 5102 2355 5155 bitarum.

2149 5171 2263 5241 (36)
2294 5168 2722 5241 Ἐξητασμενων.
2765 5188 2792 5215 ‹‹
2850 5165 2955 5230 Οιιί
3010 5164 3246 5241 versati,
3289 5186 3316 5213 »
3347 5160 3460 5234 vel,
3496 5182 3523 5215 ι
3571 5179 3726 5220 exer-

2080 5241 2241 5299 citati
2274 5244 2411 5295 sunt
2439 5243 2496 5294 et
2523 5240 2694 5309 longe
2718 5240 3144 5309 processerunt.
3181 5258 3202 5284 ιι

2151 5313 2265 5380 (37)
2293 5313 2408 5363 Τῶν
2447 5298 2745 5380 μεταϐολλῇῖ
2809 5309 2948 5380 Reg.
3006 5308 3107 5361 hu.
3168 5310 3275 5380 τῶν
3324 5304 3377 5359 ὂν
3427 5298 3727 5380 μεταβολῇ.

2002 5398 2047 5461 D
2080 5372 2266 5466 "K38?
2298 5380 2363 5463 Δὶ
2393 5372 2585 5466 ἄλληνε
2610 5372 2992 5466 ,Ου’ἱιξειιηῖυι
3020 5383 3197 5466 Begg.
3250 5377 3291 5446 l,
3350 5382 3394 5444 t,
3428 5372 3496 5466 ’ξ’
3527 5372 3728 5462 ἅλλτθ.

411 5446 1086 5531 33)..Κατορθοῦνῖτες.’καῖ
1132 5451 1449 5531 πίπτοντες.
1490 5453 1644 5531 (ἀεὶ),
1708 5474 1736 5503 ‹‹
1786 5452 1957 5531 {elicis

2079 5446 2183 5531 Hic
2206 5446 2464 5531 plerique
2485 5453 2651 5531 codd.
2699 5452 3001 5531 ad_marg:
3062 5446 3323 5531 Δῖᾶφοροι
3379 5446 3576 5531 τρόποι
3619 5453 3725 5501 τῶν

318 5522 665 5606 etintelicis.
702 5522 731 5573 ὶ>
763 5525 872 5580 Sed
893 5524 1001 5606 hic
1032 5526 1102 5581 de
1132 5524 1223 5580 his
1247 5525 1351 5606 ‘qui
1387 5530 1539 5606 recte
1572 5526 1747 5606 vitam
1799 5525 1969 5606 insti—

316 5599 513 5662 tuunt,
533 5595 731 5668 agitur
755 5596 1139 5668 ;proindeque
1153 5595 1691 5653 meliusverteretur
1710 5620 1735 5647 ‹‹
1761 5597 1971 5655 stantis

318 5671 376 5722 et
390 5666 691 5727 eam.
721 5684 749 5719 ι
786 5666 803 5668 ”
1047 5666 1063 5667 ί
1630 5684 1633 5687 ·

2078 5520 2326 5601 ψυχῑκῶν
2357 5520 2676 5599 ᾠαρμάκων.
2712 5546 2739 5572 ‹‹
2764 5520 3186 5579 Remediorum'
3216 5521 3397 5578 animi
3418 5520 3585 5577 varia
3630 5537 3727 5591 ge-

2080 5614 2468 5741 negdfhden.
2501 5666 2645 5724 Male
2683 5664 2837 5718 πάθει
2868 5663 2929 5719 in
2964 5662 3093 5719 Par.
