4184 6202
434 319 552 382 439

1657 321 1721 381 8.
1771 320 2141 383 GREGORII
2185 321 2604 382 THEOLOGI.

3711 319 3840 380 440

438 470 506 509 ac
536 451 845 524 disciplina
875 454 1172 506 curantur.
1207 450 1243 504 li
1298 467 1467 522 porro
1525 453 1844 508 curationis
1900 457 2078 508 testes

2217 452 2289 505 ιὶν
2338 452 2450 525 ἄγει
2501 449 2688 525 λόγος,
2742 451 2791 503 οἳ
2844 447 2900 504 δὶ
2943 448 3290 524 ῥυθμίζονται
3321 445 3742 525 παραδείγμασι·
3775 452 3835 506 οἱ

437 547 594 607 sunt,
630 541 728 612 qui
753 539 972 594 morbis
995 538 1332 607 hujusmodi
1363 545 1661 596 vexantur.
1704 542 1859 596 Alios
1888 559 2077 596 sermo

439 627 762 696 ducit;alii
793 627 1053 698 exemplo
1080 636 1532 699 componuntur.
1595 629 1704 684 Alii
1756 630 2078 685 calcaribus

435 734 583 788 opus
613 716 849 781 habent,
874 714 968 769 alii
998 716 1177 770 freno.
1202 717 1345 770 Nam
1379 717 1478 788 qui
1501 734 1706 789 segnes
1739 723 1876 772 sunt
1908 724 2080 789 atque

438 807 506 861 ad
533 806 754 861 bonum
786 820 934 875 aegre
963 804 1366 876 impelluntur,
1400 805 1460 860 hi
1483 807 1791 862 verborum
1825 806 2080 862 stimulis

437 893 724 950 excitandi
756 897 913 964 sunt,
949 893 1049 965 qui
1080 909 1212 948 vero
1236 894 1467 966 spiritu,
1504 912 1678 966 quam
1709 913 1813 967 par
1844 897 1938 962 sit,
1974 897 2076 950 fer-

433 982 722 1038 ventiores
752 986 886 1037 sunt
920 1007 934 1051 ς
966 987 1139 1053 atque
1160 983 1434 1038 effrenato
1461 985 1714 1054 quodam
1750 987 2079 1039 animorum

437 1071 658 1144 impetu
693 1072 983 1138 feruntur,
1015 1070 1170 1125 velut
1207 1072 1434 1141 equulei
1496 1073 1760 1144 generosi
1819 1073 2016 1144 procul
2049 1091 2082 1129 a

438 1164 594 1216 meta
613 1164 934 1226 currentes,
967 1159 1073 1215 hos
1133 1161 1330 1230 utique
1380 1161 1657 1217 orationis
1707 1162 1866 1216 freno
1923 1177 2080 1218 coer-

437 1265 565 1304 cere
596 1266 661 1304 ac
692 1248 961 1304 cohibere
991 1249 1340 1320 praestiterit.

388 1401 390 1404 ,
509 1337 707 1392 ΧΧΧΙ.
740 1336 1158 1392 Aliislaudatio
1181 1337 1419 1392 utilitati
1451 1338 1579 1409 fuit,
1614 1339 1744 1394 aliis
1773 1339 2081 1410 reprehen-

441 1426 550 1491 sio,
594 1430 842 1496 utraque
909 1425 1177 1480 videlicet
1230 1428 1570 1497 tempestive
1628 1428 1934 1483 adhibita:
1989 1433 2087 1483 aut

438 1519 640 1571 contra
671 1514 1037 1580 detrimento,
1073 1531 1186 1570 non
1214 1516 1556 1585 tempestive
1587 1521 1643 1570 et
1699 1534 1830 1571 cum
1864 1517 2086 1572 ratione

440 1603 721 1659 adhibita.
755 1602 912 1658 Alios
943 1603 1262 1659 cohortatio
1295 1605 1361 1658 ad
1409 1604 1665 1659 ofﬁcium
1690 1606 1909 1677 dirigit,
1941 1605 2086 1661 alios

443 1691 799 1762 objurgatio:
836 1697 1010 1762 atque
1058 1692 1176 1745 hazc
1207 1709 1410 1747 rursus
1442 1693 1608 1762 alios,
1665 1694 1713 1748 si
1773 1693 1963 1764 palam
1996 1711 2086 1748 ar-

443 1784 734 1851 guantur;
768 1779 932 1843 alios,
977 1779 1026 1834 si
1057 1781 1294 1834 remotis
1352 1781 1587 1835 arbitris
1643 1781 2085 1836 admoneantur.

445 1873 594 1923 Sunt
624 1869 779 1922 enim
813 1869 910 1939 qui
940 1867 1191 1939 privatas
1222 1869 1651 1924 admonitiones
1691 1874 2087 1935 contemnant,

445 1956 679 2028 publica
703 1960 897 2012 autem
929 1957 1379 2028 reprehensione
1408 1958 1480 2012 ad
1512 1959 1769 2012 ofﬁcium
1819 1975 2089 2014 revocen-

442 2048 539 2099 tur
574 2064 587 2101 :
618 2048 755 2100 sunt
784 2062 1010 2112 rursus,
1032 2045 1388 2116 quiliberius
1418 2047 1776 2116 reprehensi,
1808 2049 2088 2118 pudorem

443 2149 677 2189 omnem
711 2134 1070 2205 abstergant,
1089 2138 1404 2204 contraque
1432 2135 1661 2189 occulta
1691 2135 2094 2207 objurgatione

444 2221 715 2278 meliores
747 2221 1085 2290 reddantur,
1119 2221 1328 2293 iisque,
1362 2222 1704 2293 quosvicem
1720 2224 2094 2280 suamdolere

442 2310 732 2382 perspiciu
744 2311 1015 2376 ntur,hoc
1030 2311 1292 2366 muneris
1304 2311 1562 2367 vicissim
1579 2313 1992 2384 rependant,ut
2005 2329 2096 2368 eo-

443 2414 574 2455 rum
607 2399 1110 2454 admonitionibus
1141 2405 1404 2471 pareant.

513 2487 726 2544 XXXII.
760 2489 1008 2552 Quidam
1043 2489 1217 2543 etiam
1252 2490 1324 2543 ad
1357 2489 1606 2544 minima
1634 2506 1820 2561 usque
1843 2490 2095 2547 aclevis-

447 2576 599 2633 sima
616 2578 1114 2633 observandisunt
1149 2596 1161 2646 ;
1181 2578 1462 2632 nimirum
1478 2577 1576 2650 qui
1599 2595 1664 2634 eo
1691 2581 1843 2649 quod
1860 2584 2097 2650 peccata

448 2682 558 2722 sua
587 2666 838 2721 obscura
872 2670 930 2720 et
959 2667 1257 2738 incognita
1288 2682 1416 2721 esse
1448 2672 1656 2736 putant
1686 2668 1943 2738 (quando
1967 2668 2095 2738 qui-

450 2755 584 2809 dem
614 2755 671 2808 id
733 2755 1095 2824 moliuntur),
1141 2760 1422 2825 tanquam
1474 2755 1855 2826 sapientiores
1886 2757 2099 2811 animis

450 2844 730 2898 inﬂantur
761 2861 774 2911 ;
809 2845 867 2897 in
899 2843 1248 2912 quibusdam
1271 2861 1502 2898 rursum
1525 2846 1591 2898 ad
1609 2845 2100 2899 nonnullaconni-

451 2947 583 2987 vere
616 2932 804 2986 satius
837 2932 1028 2996 fuerit,
1053 2930 1130 2985 ita
1157 2938 1215 2985 ut
1249 2931 1508 2987 videntes
1547 2949 1660 2987 non
1704 2933 2024 3003 videamus,
2044 2938 2100 2988 et

454 3020 757 3075 audientes
773 3037 882 3074 non
919 3019 1249 3089 audiamus,
1271 3022 1764 3091 quemadmodum
1797 3023 1907 3077 dici
1933 3023 2097 3094 solet,

455 3124 525 3164 ne
552 3107 768 3178 alioqui
800 3125 899 3163 eos
934 3108 1111 3162 nimis
1161 3109 1379 3163 crebris
1433 3110 1940 3180 objurgationibus
1972 3117 2098 3166 tan-

2193 539 2285 611 μὲν
2319 537 2522 593 δέονται
2555 539 2813 613 κέντρων,
2848 539 2898 592 οἳ
2931 535 2987 592 δὲ
3031 536 3286 612 χαλινοῦ.
3321 539 3382 590 Οἱ
3436 539 3526 609 μὲν
3573 539 3675 611 γάρ
3727 538 3834 592 εἰσι

2187 633 2398 696 νωθεῖς,
2429 627 2518 682 καὶ
2551 625 2860 697 δυσκίνητοι
2893 626 3028 700 πρὸς
3066 626 3130 680 τὸ
3159 625 3352 695 καλὸν,
3378 625 3470 687 οὓς
3515 630 3584 699 τῇ
3633 624 3833 703 πληγῇ

2187 720 2283 772 τοῦ
2315 715 2485 790 λόγου
2520 716 2818 790 διεγερτέον
2854 717 2985 788 (4Ο)’
3022 715 3073 768 οἱ
3123 712 3180 768 δὲ
3223 715 3540 790 θερμότεροι
3586 719 3682 769 τοῦ
3734 737 3833 789 με-

2189 805 2339 880 τρίου
2397 806 2474 876 τῷ
2531 805 2822 876 πνεύματι,
2876 804 2964 857 καὶ
3020 801 3371 867 δυσκάθεκτοι
3419 807 3538 866 ταῖς
3609 804 3838 879 ὁρμαῖς,

2189 892 2426 969 καθάπερ
2477 893 2656 948 πῶλοι
2706 898 2937 968 γενναῖοι
2983 891 3170 968 πόῤῥω
3217 899 3316 962 τῆς
3360 889 3558 961 νύσσης
3604 893 3834 964 θέοντες,

2191 982 2281 1045 οὓς
2319 983 2567 1058 βελτίους
2603 983 2660 1037 ἂν
2690 984 2964 1052 ποιήσειεν
2997 983 3107 1056 (41)
3133 979 3314 1058 ἄγχων
3347 982 3435 1036 καὶ
3467 981 3777 1038 ἀνακόπτων
3803 983 3836 1037 ὁ

2190 1070 2379 1146 λόγος.

2265 1344 2387 1394 AA’.
2419 1338 2558 1398 Τοὺς
2595 1339 2687 1409 μὶν
2721 1337 2934 1399 ἔπαινος
2965 1338 3160 1408 ὤνησε,
3190 1338 3316 1399 τοὺς
3351 1336 3406 1392 δὶ
3432 1337 3625 1412 ψόγος,
3662 1337 3841 1415 ἀμφό-

2192 1446 2318 1501 τερα
2379 1427 2511 1497 μετὰ
2565 1431 2661 1479 τοῦ
2725 1431 2936 1500 καιροῦ’
2988 1429 3021 1494 ἢ
3065 1425 3374 1481 τούναντίον
3436 1421 3666 1499 ἔϐλαψεν
3735 1425 3840 1498 ἔξω

2191 1518 2288 1568 τοῦ
2354 1518 2542 1587 καιροῦ
2600 1515 2687 1568 καὶ
2742 1519 2838 1569 τοῦ
2905 1515 3096 1589 λόγου.
3138 1513 3272 1575 Τοὺς
3342 1516 3435 1586 μὶν
3487 1513 3839 1589 παράκλησις

2193 1605 2469 1677 κατορθοῖ,
2501 1602 2628 1664 τοὺς
2661 1600 2717 1657 δὲ
2767 1602 3103 1674 ἐπιτίμησιςο
3132 1602 3223 1656 καὶ
3269 1602 3425 1670 αὕτη,
3455 1601 3581 1663 τοὺς
3638 1603 3732 1675 μὶν
3782 1601 3840 1656 ἐν

2194 1696 2271 1762 τῷ
2299 1696 2465 1762 κοινῷ
2497 1689 2950 1764 διελεγχομένους
2982 1689 3270 1764 (42),’τοὺς
3323 1687 3380 1744 δὲ
3424 1685 3663 1765 κρύϐδην
3717 1711 3844 1745 νου-

2199 1779 2552 1851 θετουμὲνους
2600 1782 2732 1852 (43).
2782 1779 3010 1833 Φιλοῦσι
3079 1779 3182 1853 γὰρ
3235 1779 3287 1832 οἱ
3334 1779 3427 1850 μὲν
3488 1785 3844 1855 καταφρονεῖν

2199 1872 2305 1923 τῶν
2339 1865 2448 1938 ἰδίᾳ
2474 1869 2914 1940 νουθετημάτων,
2947 1865 3193 1938 πλήθους
3241 1867 3572 1942 καταγνώσει
3624 1888 3841 1944 σωφρο-

2198 1956 2496 2028 νιζόμενοι·
2539 1956 2591 2010 οἳ
2650 1953 2707 2010 δὲ
2759 1957 2894 2030 πρὸς
2934 1956 3032 2023 τὴν
3088 1953 3388 2030 ἐλευθερίαν
3435 1959 3542 2010 τῶν
3595 1954 3839 2030 ἐλέγχων

2201 2045 2593 2119 ἀναισχυντεῖν,
2626 2045 2704 2115 τῷ
2745 2047 2842 2112 τῆς
2894 2043 3260 2115 ἐπιτιμήσεως
3313 2042 3595 2118 μυστηρίῳ
3640 2041 3844 2098 παιδα-

2200 2133 2562 2209 γωγούμενοι,
2613 2133 2702 2186 καὶ
2768 2129 3125 2194 ἀντιδιδόντες
3189 2138 3290 2200 τῆς
3353 2130 3681 2204 συμπαθείας
3730 2134 3842 2205 (44)

2202 2223 2299 2291 τὴν
2328 2220 2646 2284 εὐπείθειαν.

2275 2489 2396 2543 ΛΒ’.
2429 2491 2543 2540 Τῶν
2599 2487 2692 2559 μὶν
2744 2485 2915 2540 πάντα
2961 2491 3146 2560 τηρεῖν
3215 2485 3494 2560 ἐπιμελῶς
3566 2487 3854 2563 ἀναγκαῖον

2209 2578 2374 2650 μεχρι
2404 2574 2493 2629 καὶ
2531 2579 2636 2628 τῶν
2693 2573 3052 2650 μικροτάτων,
3087 2573 3244 2636 ὅσους
3293 2577 3356 2630 τὸ
3404 2576 3603 2630 οἷέσθαι
3661 2573 3860 2630 λανθά-

2205 2684 2312 2719 νειν
2347 2666 2458 2736 (45)
2501 2661 2710 2735 (ἐπειδὴ
2762 2668 2923 2717 τοῦτο
2966 2662 3338 2738 τεχνάζουσιν)
3391 2664 3464 2725 ὼς
3510 2665 3858 2741 σοφωτέρους

2207 2752 2454 2831 ἰφύσησε·
2506 2757 2613 2806 τῶν
2675 2750 2720 2805 δ’
2778 2751 2916 2806 ἔστιν
2947 2755 3058 2825 (46)
3090 2752 3122 2805 ἃ
3169 2753 3258 2806 καὶ
3311 2757 3551 2830 παρορᾷν
3606 2751 3854 2825 ἄμεινον,

2208 2841 2346 2896 ὥστε
2399 2843 2631 2917 ὁρῶντας
2692 2843 2765 2914 μὴ
2827 2841 3092 2916 ὁρᾷν,καὶ
3142 2841 3430 2902 ἀκούοντας
3490 2843 3564 2913 μὴ
3617 2841 3854 2911 ἀκούειν,

2208 2931 2342 2986 κατὰ
2378 2933 2476 2998 τὴν
2527 2929 2844 3005 παροιμίαν,
2873 2928 2965 2983 ’ίνα
3018 2931 3092 3002 μὴ
3145 2930 3278 3002 πρὸς
3327 2931 3581 2985 ἀπόνοιαν
3611 2933 3724 3004 (47)
3754 2931 3856 2985 αὖ-

2209 3019 2333 3081 τοὺς
2385 3019 2726 3094 ἐρεθίζωμεν,
2775 3020 2852 3090 τῷ
2903 3016 3188 3094 φιλοπόνῳ
3235 3022 3342 3073 τῶν
3390 3018 3635 3094 ἐλέγχων
3698 3040 3859 3074 κατα-

2213 3105 2560 3176 ϐαπτίζοντες
2593 3110 2726 3180 (48),
2758 3105 2846 3160 καί
2902 3106 3060 3168 τέλος
3117 3108 3251 3178 πρὸς
3309 3107 3482 3160 πάντα
3534 3110 3858 3180 ποιήσωμεν

455 3213 632 3268 quam
669 3196 944 3251 ﬂuctibus
993 3197 1404 3263 obruentes,ad
1465 3198 1926 3269 desperationem
1960 3200 2097 3254 inci-

2217 3196 2556 3273 τολμηροὺς,
2588 3197 2648 3250 τὸ
2678 3204 2776 3265 τῆς
2809 3198 3027 3257 πειθοῦς
3057 3197 3340 3272 φάρμακον
3374 3199 3473 3266 τὴν
3502 3195 3638 3250 αἰδῶ
3671 3195 3862 3252 διαλύ-

456 3289 673 3351 temus,
711 3301 776 3340 ac
807 3283 1097 3340 dissoluto
1129 3286 1361 3340 tandem
1386 3287 1625 3357 pudore,
1678 3289 1832 3359 quod
1868 3303 2109 3358 persua-

457 3372 644 3429 sionis
674 3373 1058 3444 pharmacum
1086 3377 1195 3438 est,
1245 3374 1314 3427 ad
1349 3375 1596 3444 quodvis
1649 3375 1876 3431 facinus
1928 3377 2107 3431 auda-

458 3463 642 3518 ciores
687 3464 1022 3518 reddamus.
1083 3463 1230 3526 Quin
1273 3464 1447 3517 etiam
1496 3480 1628 3519 cum
1687 3464 1990 3520 nonnullis
2031 3465 2109 3519 ita

459 3551 749 3622 agendum
785 3555 893 3618 est,
943 3555 1008 3605 ut
1063 3568 1178 3606 non
1238 3551 1554 3607 irascentes
1598 3553 1940 3624 irascamur,
1993 3571 2108 3609 non

461 3645 898 3695 contemnentes
929 3645 1393 3707 contemnamus,
1427 3642 1526 3697 28
1560 3660 1674 3696 non
1734 3644 2110 3715 desperantes

461 3728 876 3800 desperemus:
910 3733 1201 3800 quatenus
1267 3729 1533 3785 videlicet
1579 3747 1779 3786 eorum
1811 3737 2021 3787 natura
2051 3733 2110 3788 id

680 3925 1176 3999 Διεγερτὲον.Βθε.
1205 3927 1246 3995 Ι,
1279 3925 1649 3999 θεραπευτεον.
1683 3927 1883 3984 Comb.
1907 3949 1927 3975 α
1980 3927 2109 3983 Ser-

465 3995 655 4051 monis
675 3995 793 4051 ictu
824 3995 1088 4051 curandi.
1125 3995 1153 4046 Β

533 4065 778 4141 (41)-Οὒς
823 4065 1068 4141 βελτίους
1119 4065 1178 4120 ἂν
1239 4071 1538 4136 ποιήσειεν.
1598 4092 1626 4118 ι(
1676 4069 1830 4141 Quos
1898 4087 2109 4135 sermo,

462 4137 629 4260 qua?
662 4137 906 4195 habenis
939 4157 1207 4196 coercens
1238 4157 1304 4195 ac
1335 4140 1961 4212 reprimens,meliores
1981 4144 2112 4198 elle-

463 4223 578 4260 ceri
614 4249 625 4259 .
653 4232 674 4260 ι

463 4223 625 4263 οθνιι.
653 4232 674 4260 ι

533 4277 646 4359 (42)
677 4276 1293 4363 Διελεγχομενους..βίο
1329 4281 1483 4363 Elias
1549 4283 2002 4363 inc-repationem
2040 4284 2110 4363 ab

465 4348 1218 4426 objurgatione'distinguit
1255 4370 1266 4406 :
1311 4375 1337 4401 ‹‹
1373 4348 1774 4426 increpatio,»
1824 4360 1890 4409 ut
1919 4355 2112 4426 inquit

464 4419 934 4490 Chrysbstomus,
996 4423 1067 4477 ad
1122 4425 1436 4491 peccatoris
1493 4419 1902 4481 correctionem
1945 4419 2107 4480 adhi-

467 4491 636 4567 betur
658 4509 671 4546 :
696 4493 1059 4567 exprobratio
1085 4497 1287 4567 autem
1320 4496 1550 4564 adejus,
1578 4497 1677 4566 qui
1708 4495 2108 4567 deliquit,con-

468 4562 760 4634 fusionem
793 4563 1282 4634 et__ignominiam.
1318 4588 1340 4615 ι

538 4633 650 4704 (43)
709 4630 957 4706 Κρύϐδῆν
1050 4633 1524 4705 νουθετουμὲνους.
1603 4637 1644 4689 Ε
1729 4637 1961 4706 regione
2009 4639 2110 4692 h0-

538 4653 650 4704 (ιω)
711 4653 957 4706 ιερυοοην
1050 4653 1524 4705 νουθετουμενους.
1603 4653 1644 4689 113
1729 4654 1787 4691 re
1833 4653 1961 4691 lone
2010 4653 2110 4692 no-

469 4720 600 4758 rum
630 4707 958 4780 verborum,
991 4707 1217 4780 codices
1240 4707 1408 4780 Regii
1433 4707 1625 4780 plures
1652 4712 1706 4761 et
1725 4653 1885 4780 Coib.
1914 4711 2114 4780 appin-

471 4780 663 4847 gunt:
712 4780 835 4837 Πῶς
892 4773 973 4830 δεῖ
1027 4775 1276 4846 ἐπιτιμᾷν
1324 4773 1804 4850 καὶ-διορθοῦσθαι
1850 4773 2111 4838 reb-c-15-

470 4849 605 4973 Sei’g.
647 4868 667 4896 α
699 4851 824 4973 ρυιι
852 4850 1072 4904 ratione
1103 4850 1389 4920 increpari
1423 4849 1748 4920 corrigique
1783 4851 2113 4906 sacerdotes

510 4934 539 4973 Θ
585 4934 689 4973 ean
726 4961 737 4973 .
772 4941 799 4969 ι)

510 4924 799 4974 ebeant.»

537 4989 652 5061 (44)
682 4989 1046 5061 Συμπαθείας.
1087 5015 1106 5038 ιι

470 5064 876 5130 rependentes.
914 5083 941 5110 ››

546 5127 658 5204 (45)
694 5131 1170 5204 ΛανθάνεινεμΜειΙθ
1194 5132 1252 5187 in
1285 5132 1410 5187 Par.
1447 5127 1712 5204 λανθάνει.

538 5200 822 5288 ς’ζιὸχτιῖὲν
861 5200 924 5288 ,δ’
996 5200 1164 5288 ἔστιν..
1213 5204 1305 5258 Sic
1359 5203 1613 5288 melioris
1672 5204 2108 5288 noteecodices.

467 5272 598 5341 Alii,
631 5272 737 5328 τῶν
772 5272 828 5328 δέ
857 5273 1013 5328 ἐστιν.
1048 5298 1075 5323 ‹‹
1101 5275 1164 5347 lli
1203 5292 1372 5346 porro
1403 5281 1559 5338 sunt,
1596 5299 1617 5326 ι
1677 5281 1740 5328 ut
1769 5277 2111 5347 interpreta-

471 5355 565 5404 tur
587 5346 762 5410 Elias,
796 5369 822 5396 ‹‹
852 5347 951 5417 qui
983 5346 1248 5401 servilem
1283 5348 1594 5417 quemdam
1626 5347 1684 5400 in
1719 5346 1959 5401 modum
1983 5363 2112 5417 pec-

469 5424 663 5474 catum
678 5418 1411 5488 subripiuntmetuuntque
1425 5417 1699 5488 evulgari.
1729 5417 2112 5472 Dissimulan-

472 5493 546 5545 da
578 5506 745 5560 porro
777 5507 902 5558 qua
932 5489 1278 5559 gravissima
1319 5505 1441 5560 non
1482 5494 1638 5554 sunt,
1675 5506 1744 5544 ne
1774 5490 2114 5560 increpatio-

474 5559 968 5625 nis’assiduitate,
999 5577 1064 5615 ea
1086 5559 1446 5615 exstimulari
1468 5561 1757 5615 desinant.
1795 5583 1821 5609 »

537 5633 650 5704 (47)
699 5628 1011 5704 Ἀπόγοιαν,
1054 5653 1080 5679 ‹‹

1168 4990 1672 5046 Commiserationi
1724 4990 2110 5047 obedientiam

1140 5631 1576 5687 Contumaciam
1626 5657 1647 5684 ι
1701 5632 2117 5702 interpretatur

2219 3307 2416 3346 σαντες.
2451 3285 2547 3340 Καὶ
2610 3285 2792 3358 μέντοι
2839 3284 2926 3339 καὶ
2976 3283 3252 3360 ὀργιστέον
3301 3285 3463 3350 τισὶν,
3497 3284 3595 3340 οὐκ
3645 3284 3864 3361 ὀργιζο-

2222 3374 2443 3447 μένους·
2514 3374 2602 3427 καὶ
2686 3373 3053 3448 ὑπεροπτὲον,
3120 3373 3225 3447 οὐχ
3292 3373 3706 3448 ὑπερορῶντας’
3774 3373 3865 3428 καὶ

2217 3460 2614 3537 ἀπογνωστέον,
2666 3462 2764 3515 οὐκ
2826 3461 3320 3536 ἀπογινώσκοντας,
3367 3462 3504 3516 ὅσων
3550 3464 3663 3535 (49)
3704 3467 3866 3516 τοῦτο

2217 3553 2252 3620 ἡ
2308 3550 2457 3628 φύσις
2517 3549 2779 3620 ἐπιζητεῖ.
2827 3549 2925 3604 Καὶ
2978 3547 3182 3611 ἄλλους
3239 3550 3497 3620 ἐπιεικείᾳ
3711 3561 3868 3625 θερα-

2217 3641 2436 3694 πευτέον
2495 3639 2584 3692 καὶ
2643 3637 3008 3709 ταπεινότητι,
3069 3638 3158 3692 καὶ
3215 3644 3293 3710 τῷ
3357 3641 3866 3713 συμπροθυμεῖσθαι

2220 3725 2286 3797 δὴ
2319 3728 2442 3802 περὶ
2488 3727 2580 3789 τὰς
2631 3727 2999 3802 χρηστοτέρας
3047 3724 3288 3788 ἐλπίδας.
3324 3728 3421 3781 Καὶ
3467 3727 3595 3790 τοὺς
3649 3728 3742 3801 μὶν
3793 3747 3869 3780 νιο

2219 3923 2546 3981 Gabrielius
2571 3925 2738 3994 juxta
2763 3921 3075 3994 Augustini
3113 3926 3170 3977 et
3201 3921 3460 3994 Gregorii
3501 3921 3698 3994 magni
3731 3937 3862 3977 sen-

2218 3997 2479 4057 tentiam,
2519 3992 2588 4049 ac
2622 3992 2924 4049 contendit
2970 4009 3262 4065 nusquam
3318 3992 3471 4065 apud
3503 3992 3865 4064 Theologum

2220 4066 2450 4136 ἀπονοίᾳ
2479 4090 2506 4116 ‹‹
2540 4065 3006 4136 desperationem
3041 4087 3068 4113 ››
3101 4065 3440 4136 signiﬁcari,
3473 4066 3576 4120 sed
3610 4088 3639 4114 ‹‹
3662 4069 3868 4119 contu-

2220 4140 2488 4203 maciam,
2525 4160 2553 4188 »
2574 4144 2673 4206 aut
2703 4160 2729 4185 «
2759 4137 3226 4206 arrogantiam,»
3245 4141 3346 4191 aut
3378 4158 3406 4186 ‹‹
3436 4136 3868 4192 dementiam.»

2290 4211 2402 4292 (48)
2436 4202 2956 4292 Καταϐαπτίζονιτεξ.
2990 4202 3253 4292 S‘i‘epditi‘
3297 4207 3452 4292 libri,
3506 4208 3604 4262 sed
3641 4207 3868 4292 frustra

2221 4275 2519 4354 quaesieris
2554 4281 2612 4354 in
2677 4280 2931 4354 scriptis.
2995 4278 3106 4334 Alii
3163 4278 3379 4354 habent
3436 4275 3872 4354 καταπιίζοντες,

2221 4350 2346 4423 quae
2377 4353 2563 4406 verior
2586 4351 2755 4406 lectio
2794 4351 3044 4423 videtur,
3079 4371 3106 4399 «
3165 4350 3582 4423 deprimentesﬁ,
3626 4351 3876 4423 concul—

2219 4420 2437 4479 cantes.
2472 4445 2499 4473 »
2533 4424 2622 4476 Sic
2643 4424 2758 4477 duo
2785 4421 2984 4487 Coisl.,
3005 4421 3346 4493 Atresl’tegii,
3397 4427 3517 4477 tres
3545 4420 3705 4493 Colb.
3732 4421 3869 4485 Alii,

2219 4494 2646 4553 καταπιὲσαντες.
2669 4497 2749 4548 [ta
2779 4497 2896 4547 tres
2926 4491 3104 4557 Culb.,
3139 4491 3232 4546 Or.
3252 4491 3269 4493 “
3299 4501 3344 4559 ι,
3399 4499 3507 4548 etc.
3553 4491 3870 4563 Vulgatam

2220 4572 2416 4622 tamen
2447 4565 2751 4620 lectionem
2774 4563 3026 4636 retinere
3056 4564 3244 4618 visum
3279 4569 3388 4636 est,
3419 4565 3570 4636 quod
3629 4563 3742 4636 ipsi
3792 4564 3874 4636 {a-

2219 4645 2315 4693 vet
2345 4638 2454 4692 iste
2476 4635 2960 4707 GregoriiMagni
2994 4634 3157 4707 locus
3192 4651 3203 4688 :
3243 4656 3269 4682 «
3299 4634 3450 4690 Cum
3465 4635 3863 4707 vero,_i_nquit,

2223 4726 2442 4781 pravus
2469 4705 2717 4781 quisque
2745 4705 3114 4777 impudenter
3134 4706 3466 4781 innotescit,
3494 4723 3606 4777 quo
3624 4705 3870 4761 liberius

2222 4776 2392 4835 omne
2425 4776 2648 4833 facinus
2682 4776 2993 4849 perpetrat,
3027 4794 3093 4832 eo
3127 4777 3298 4849 etiam
3331 4776 3555 4849 licitum
3590 4781 3776 4849 putat,
3815 4781 3873 4849 et

2223 4850 2632 4935 quodlicitum
2664 4847 3013 4935 suspicatur,
3038 4849 3102 4935 in.
3129 4848 3236 4935 hoc
3268 4848 3466 4918 procul
3489 4848 3678 4935 'dubiIO
3713 4847 3871 4935 mu-l-

2221 4920 2475 4993 tiplicius
2510 4920 2822 4993 mergitur.
2848 4942 2868 4968 ι
2903 4936 2962 4993 ιιι
2983 4925 3143 4993 parte
3173 4923 3332 4993 Cara:
3355 4936 3458 4975 seu
3482 4920 3667 4990 Regul.
3697 4925 3870 4990 past,

2223 4991 2348 5064 cap.
2385 4995 2474 5054 31,
2507 4992 2854 5064 admon._32,
2891 4991 2981 5064 ed.
3018 4991 3332 5064 Par._i705.

2295 5059 2409 5134 (49)
2449 5066 2646 5116 ”Οσων.
2681 5061 2789 5117 Alii
2819 5061 3051 5134 codices
3079 5061 3315 5134 habent,
3335 5059 3478 5115 ὅσον.
3512 5059 3657 5115 Hinc
3684 5059 3867 5134 Elias:

2225 5157 2254 5186 «
2286 5131 2565 5205 quoniam
2599 5139 2792 5188 autem
2828 5133 2890 5205 in
2919 5133 3239 5197 nonnullis,
3276 5133 3486 5203 inquit,
3519 5131 3871 5205 exemplari-

2223 5201 2360 5286 bus,
2389 5223 2497 5286 per“
2519 5224 2545 5257 ο
2578 5205 2698 5286 haec
2727 5222 2833 5286 vox
2863 5201 3001 5255 ὅσων
3036 5205 3251 5286 scripta
3285 5201 3592 5286 reperitur,
3623 5201 3708 5258 sic
3740 5219 3874 5286 sen-

2223 5295 2325 5332 sus
2349 5275 2441 5332 hic
2477 5276 2646 5331 fuerit
2680 5293 2691 5328 :
2721 5277 2792 5330 ob
2840 5275 3154 5329 nonnullos
3209 5280 3438 5329 tantum
3498 5275 3873 5329 irascendum

2222 5367 2288 5403 ac
2319 5349 2747 5418 desperandum
2779 5346 3389 5415 esse,quantumlicet,
3415 5361 3479 5400 ac
3513 5362 3645 5402 vera
3673 5345 3871 5401 reina-

2221 5426 2353 5474 tura
2385 5420 2579 5490 exigit.
2611 5441 2637 5467 ››

2297 5493 2402 5558 «50)
2433 5487 2741 5556 Ἐπιεικεία.
2777 5511 2804 5535 ‹‹
2845 5487 2950 5542 Jus
3009 5487 3398 5550 infractum,»
3452 5487 3644 5559 inquit
3691 5487 3868 5556 Elian,

2222 5561 2275 5616 id
2302 5568 2407 5626 est,
2434 5563 2585 5632 quod
2622 5563 2691 5615 de
2733 5559 3067 5614 serveritate
3092 5559 3345 5632 _aliquid
3377 5559 3696 5632 remittitur
3736 5575 3751 5628 ς
3802 5562 3869 5616 ut

2224 5633 2380 5689 enim
2413 5630 2663 5702 Tullius,
2693 5653 2722 5682 «
2755 5646 3057 5690 summum
3081 5630 3470 5703 Jusﬁumma
3498 5630 3737 5702 injuria.
3765 5649 3796 5682 ι»
