4184 6202
382 392 495 451 ut

1493 390 1788 454 ORATIO
1834 388 1911 451 II.
1946 419 2024 433 -
2050 388 2619 450 APOLOGETICA.

3666 390 3783 449 442

379 526 494 591 κᾷν,
522 524 629 574 τῶν
692 518 750 576 δὲ
800 523 1059 590 ἡττᾶσθαι
1116 520 1386 584 πολλάκις
1438 520 1892 593 λυσιτελέστερον·
1926 518 2009 573 xui

2131 520 2391 590 requirit.
2424 520 2532 575 Alii
2558 538 2764 576 rursus
2796 519 3034 575 lenitate
3082 523 3139 573 et
3164 516 3497 573 humilitate
3535 520 3781 574 curandi

376 614 483 665 τῶν
540 610 634 681 μὲν
686 610 938 684 εὐπορίαν
986 611 1074 664 καὶ
1126 608 1455 677 δυναστείαν,
1495 616 1599 665 τῶν
1647 607 1705 664 δὲ
1749 608 1932 663 πενίαν
1983 610 2016 675 ἣ

378 696 729 774 δυσπραγίαν,
761 701 795 767 ἢ
823 698 1051 754 ἐπαινεῖν
1078 701 1112 769 ἢ
1141 700 1468 775 ἀπεύχεσθαι
1501 704 1639 773 (51).

2126 612 2285 673 sunt,
2319 613 2494 678 atque
2542 608 2716 663 alacri
2752 610 2946 663 animo
2994 624 3111 661 una
3142 623 3275 661 cum
3324 606 3439 659 illis
3471 606 3772 663 meliorem

2124 712 2289 768 spem
2322 697 2636 753 induendo.
2677 696 2836 752 Alios
2885 696 3133 763 vincere,
3190 696 3260 750 ab
3311 694 3439 750 aliis
3468 694 3619 750 vinci
3653 695 3776 766 ple-

373 806 622 861 rumque
655 789 859 845 utilius
885 790 1089 846 fuerit:
1124 797 1302 863 atque
1330 791 1579 847 aliorum
1610 806 1749 863 opes
1779 794 1837 846 et
1885 786 2223 861 potentiam,
2257 786 2505 841 aliorum
2555 787 2813 858 inOpiam
2840 790 2897 841 et
2946 784 3355 852 calamitatem,
3390 784 3474 838 vel
3507 782 3773 856 laudare,

373 878 459 933 vel
489 878 811 950 deprecari.

441 967 562 1020 Al".
595 966 673 1023 Οὐ
716 966 820 1041 γὰρ
864 964 1043 1039 ὥσπερ
1092 966 1180 1022 ἐπὶ
1226 973 1325 1035 τῆς
1372 968 1568 1043 ἀρετῆς
1617 964 1732 1043 ἔχει
1780 965 1871 1021 καὶ
1916 971 2016 1034 τῆς

371 1053 576 1122 κακίας,
609 1056 710 1123 τὴν
760 1056 852 1127 μὲν
904 1053 1202 1126 καλλίστην
1261 1057 1393 1111 εἶναι
1441 1056 1529 1111 xui
1581 1054 2016 1132 ὠφελιμωτάτην

371 1141 567 1197 ἀείκαὶ
600 1150 753 1212 πᾶσι,
786 1146 884 1213 τήν
917 1142 974 1199 δὶ
1013 1144 1295 1220 χειρίστην
1327 1166 1386 1200 τε
1427 1145 1517 1199 καὶ
1569 1139 2012 1220 βλαϐερωτάτηψ

371 1230 513 1286 οὕτω
570 1232 659 1286 καὶ
691 1235 806 1307 (52)
854 1235 956 1301 τῆς
1012 1234 1345 1309 φαρμακείας
1395 1241 1495 1303 τῆς
1543 1232 1836 1307 ἡμετέρας,
1861 1231 1916 1288 ἓν
1962 1254 2017 1287 τι

367 1321 454 1374 xui
502 1320 567 1374 τὸ
612 1319 744 1375 αὐτὸ
792 1321 1155 1395 ὑγιεινότατον
1184 1325 1317 1395 (53),
1350 1324 1385 1392 ἢ
1436 1321 1890 1399 ἐπισφαλέστατον
1934 1322 2014 1378 ἀεὶ

367 1410 453 1463 καὶ
482 1414 606 1471 τοῖς
655 1409 840 1471 αὐτοῖς
890 1407 1262 1465 ἀποδέδεικται
1295 1414 1313 1484 (
1359 1414 1431 1485 4)·
1466 1413 1579 1466 οἷον
1625 1412 1687 1465 τὸ
1724 1411 2014 1487 αὐστηρὸν,

365 1499 489 1568 ἣτὸ
522 1504 696 1571 πρᾶον
753 1501 885 1571 (55),
918 1500 952 1568 ἢ
1000 1504 1107 1554 τῶν
1167 1498 1351 1554 ἄλλων
1411 1502 1484 1555 ὧν
1539 1500 2013 1574 ἀπηριθμησάμην

365 1586 613 1643 ἕκαστον.
648 1586 820 1644 Ἀλλᾶ
847 1593 966 1649 τοῖς
1008 1590 1102 1662 μὲν
1150 1593 1310 1645 τοῦτο
1358 1589 1522 1645 καλὸν
1577 1590 1664 1643 καὶ
1715 1592 2014 1665 χρήσιμον,

364 1682 477 1738 τοῖς
508 1674 577 1743 δὶ,
598 1676 907 1731 τούναντίον
1082 1677 1269 1750 πάλιν,
1304 1677 1452 1741 ὅπως
1486 1680 1567 1750 ἃν,
1602 1680 1777 1752 οἶμαι,
1813 1680 2015 1752 συμπί-

365 1786 567 1820 πτωσιν
625 1767 737 1838 (57)
789 1764 841 1819 o'i
896 1786 955 1820 τε
1004 1766 1184 1842 καιροὶ
1240 1767 1330 1821 καὶ
1388 1768 1453 1821 τὰ
1500 1768 1813 1843 πράγματα,
1862 1767 1953 1822 καὶ
1986 1768 2014 1823 ὀ

366 1859 467 1910 τῶν
546 1851 992 1926 θεραπευομένων
1068 1853 1388 1930 ἐπιδέχηται
1442 1856 1664 1930 τρόπος.
1723 1858 1791 1913 Ἃ
1844 1855 2016 1911 πάντα

371 1944 462 2017 μὶν
516 1940 792 1998 διελέσθαι
848 1941 1019 2018 λόγῳ,
1052 1944 1141 1998 καὶ
1193 1942 1419 1999 συνιδεῖν
1470 1943 1557 1999 ἐπὶ
1604 1945 1666 1999 τὸ
1696 1940 2013 2021 ἀκριϐέστα-

2197 964 2441 1019 ΧΧΧΙΙΙ.
2474 964 2666 1033 Neque
2696 965 2877 1029 enim,
2926 963 3421 1033 quemadmodum
3471 960 3532 1016 in
3562 960 3779 1019 virtute

2126 1071 2191 1109 ac
2223 1053 2361 1107 vitio
2413 1069 2503 1107 res
2535 1070 2595 1107 se
2645 1052 2838 1117 habet,
2877 1056 2939 1105 ut
2970 1051 3069 1105 illa
3118 1050 3350 1121 quidem
3387 1066 3616 1121 semper
3646 1049 3777 1121 pul-

2125 1142 2416 1197 cherrima
2444 1146 2501 1196 et
2530 1142 2806 1196 omnibus
2829 1139 3144 1195 utilissima
3172 1140 3268 1206 sit,
3296 1139 3406 1193 hoc
3437 1144 3629 1193 autem
3665 1143 3779 1193 tur-

2126 1231 2438 1302 pissimum
2488 1234 2546 1285 et
2597 1228 3163 1302 perniciosissimum
3209 1228 3323 1294 sit;
3374 1227 3574 1283 eodem
3606 1229 3778 1282 modo

2128 1320 2428 1375 medicinae
2477 1335 2715 1390 quoque
2760 1322 2970 1373 nostrae
3021 1316 3168 1371 ratio
3216 1333 3285 1371 ea
3337 1322 3445 1386 est,
3498 1320 3564 1371 ut
3592 1333 3778 1371 unum

2124 1408 2395 1479 idemque
2430 1408 2921 1463 medicamentum
2972 1406 3179 1461 iisdem
3232 1420 3464 1477 semper
3498 1404 3587 1460 vel
3618 1404 3779 1460 salu-

2126 1497 2446 1552 berrimum
2478 1497 2577 1562 sit,
2609 1495 2695 1551 vel
2724 1494 3287 1567 periculosissimum
3316 1510 3327 1549 :
3378 1494 3537 1549 verbi
3568 1494 3776 1565 gratia,

2125 1585 2411 1641 acerbitas
2442 1590 2543 1641 aut
2583 1584 2911 1652 clementia,
2945 1588 3045 1639 aut
3092 1600 3272 1638 unum
3328 1583 3603 1656 quodque
3634 1582 3778 1638 alio-

2125 1692 2278 1738 rum,
2313 1692 2438 1746 quas
2472 1675 2643 1729 modo
2694 1692 2727 1728 a
2756 1673 2925 1728 nobis
2975 1677 3318 1728 enumerata
3364 1675 3523 1727 sunt.
3555 1675 3789 1728 Verum'

2126 1763 2257 1821 aliis
2288 1764 2395 1819 hoc
2427 1762 2722 1819 medicinae
2754 1778 2938 1835 genus
2960 1762 3179 1817 bonum
3203 1764 3377 1833 atque
3406 1760 3546 1817 utile
3578 1761 3774 1831 fuerit,

2128 1854 2258 1910 aliis
2307 1857 2501 1908 autem
2546 1868 2782 1907 rursum
2833 1851 3187 1906 contrarium
3240 1849 3513 1906 medendi
3550 1865 3775 1922 genus;

2126 1946 2318 2014 prout,
2351 1942 2575 2013 opinor,
2607 1940 2695 1996 vel
2728 1957 2820 1997 res
2852 1939 2939 1996 vel
2971 1940 3196 1996 occasio
3230 1938 3447 2005 tulerit,
3480 1938 3566 1995 vel
3597 1955 3778 2012 agro-

361 2052 449 2088 τον
482 2034 624 2105 (58),
658 2030 795 2086 ὥστε
841 2032 930 2087 καὶ
979 2031 1260 2110 κεφαλαίῳ
1297 2035 1410 2107 (59)
1437 2035 1536 2103 τήν
1588 2033 1869 2108 θεραπείαν
1921 2055 2009 2089 πε-

2131 2031 2381 2087 tantium
2414 2030 2667 2102 denique
2716 2047 2907 2085 mores
2956 2029 3320 2085 admiserint.
3372 2031 3505 2095 Quaa
3536 2028 3775 2099 quidem

363 2116 611 2198 ριλαὸεῖν
660 2121 972 2195 ἀμήχανον,
1017 2120 1113 2175 κᾶν
1177 2120 1263 2175 ἐπὶ
1309 2121 1562 2177 πλεῖστον
1630 2120 1867 2194 ὶξίκηταί
1930 2142 2013 2184 τις

364 2208 683 2281 ἔπιμελείας
714 2229 772 2264 τε
800 2208 889 2263 καὶ
920 2209 1201 2271 συνέσεως
1232 2208 1319 2264 ἐπὶ
1353 2207 1411 2265 δὲ
1454 2212 1552 2277 τῆς
1604 2209 1792 2285 πείρας
1843 2210 2010 2280 αὐτῆς

360 2298 447 2352 καὶ
477 2302 589 2351 τῶν
622 2298 954 2373 πραγμάτων
984 2298 1063 2369 τῷ
1093 2300 1388 2373 θεραπευτῇ
1422 2296 1577 2372 λόγῳ
1604 2299 1693 2353 καὶ
1725 2295 1878 2375 ἀνδρὶ
1900 2302 2011 2373 (60)

363 2386 771 2465 καταφαίνεται.

427 2660 545 2708 ΛΔ’.
584 2650 835 2716 Καθόλου
862 2650 920 2707 δὲ
949 2655 1083 2726 ἡμῖν
1118 2653 1288 2708 ἐκεῖνο
1318 2655 1614 2729 γνώριμον,
1634 2651 1739 2721 ὅτι,
1770 2652 2008 2726 καθάπερ

357 2746 469 2802 τοῖς
520 2741 616 2795 ἐπὶ
668 2740 840 2795 κάλου
871 2744 983 2814 (61)
1019 2744 1291 2817 μετεώρου
1341 2742 1430 2812 καὶ
1490 2741 1707 2815 ὑψηλοῦ
1771 2741 2010 2817 βαίνουσι

358 2827 484 2901 τῇδε
514 2831 549 2897 ἣ
580 2826 716 2902 τῇδε
746 2828 1037 2883 ἀποκλῖναι
1069 2830 1166 2883 οὐκ
1205 2829 1462 2904 ἀσφαλὲς,
1496 2828 1621 2885 οὐδὲ
1678 2830 1755 2892 εἷς
1818 2833 2006 2906 μικρὸν

361 2917 593 2993 φέρουσα
627 2920 660 2987 ἡ
718 2917 883 2992 ῥοπὴ,
917 2918 1012 2972 κᾶν
1068 2922 1233 2994 μικρὰ
1282 2920 1556 2996 φαίνηται,
1592 2916 1855 2997 ἀσφάλεια
1900 2922 2008 2991 (62)

362 3004 415 3061 δὲ
461 3006 653 3068 αὐτοῖς
685 3008 719 3075 ἡ
754 3006 1043 3083 ἰσοῤῥοπία
1089 3006 1421 3071 καθίσταται·
1456 3006 1599 3062 οὕτω
1647 3008 1742 3062 κάν
1793 3007 2008 3071 τούτοις

360 3095 671 3171 ὁποτέρωσε
726 3095 889 3169 νεύσῃ
924 3098 1036 3169 (63)
1064 3117 1170 3166 τις,
1204 3094 1310 3151 εἷ’τε
1368 3094 1457 3150 διὰ
1512 3096 1721 3166 κακίαν,
1782 3094 1887 3151 εἷ’τε
1940 3094 2011 3151 δι’

358 3184 641 3256 ἀμάθειαν,
697 3181 943 3246 κίνδυνος
997 3183 1104 3260 οὐχ
1151 3186 1178 3241 ὁ
1221 3186 1403 3259 τυχὼν
1468 3184 1613 3257 αὖτῷ
1654 3206 1712 3240 τε
1760 3184 1847 3240 xui
1892 3189 2009 3247 τοῖς

357 3274 651 3347 ἀγομένοις
706 3277 803 3327 τοῦ
859 3280 958 3342 τῆς
1016 3275 1283 3349 ἁμαρτίας
1341 3275 1655 3347 πτώματος.
1691 3272 1845 3329 Ἀλλ’
1898 3272 2010 3347 ὀδῷ

360 3361 621 3437 βασιλικῇ
671 3362 958 3438 πορευτέον
1014 3358 1199 3435 ὅντως,
1252 3364 1341 3418 καὶ
1411 3361 1813 3439 περισκεπτέον,
1867 3365 2006 3436 μήτε

357 3450 430 3513 είς
494 3448 649 3520 δεξιὰ
700 3452 840 3521 μήτε
889 3449 969 3505 οἷς
1020 3450 1293 3525 ἀριστερὰ,
1343 3450 1519 3512 καθὼς
1582 3451 1635 3504 ui
1705 3449 2004 3526 Παροιμίαι

358 3539 527 3615 φασὶν,
565 3535 932 3599 έκκλίνοντας.
966 3537 1119 3593 Οὕτω
1173 3539 1266 3610 μὲν
1314 3535 1380 3607 δὴ
1411 3539 1477 3593 τὰ
1507 3541 1617 3612 (64)
1662 3543 1769 3593 τῶν
1819 3540 2002 3593 παθῶν

358 3624 467 3702 ἔχει
514 3631 632 3682 τῶν
672 3628 979 3700 ἡμετέρων,
1011 3626 1100 3681 καὶ
1146 3631 1401 3681 τοσοῦτον
1461 3626 1684 3691 ἐνταῦθα
1728 3628 1790 3681 τὸ
1846 3623 2002 3703 ἔργον

358 3714 435 3786 τῷ
467 3716 660 3790 ἀγαθῷ
690 3713 933 3787 ποιμένι.
982 3720 1061 3787 τῷ
1108 3720 1365 3790 γνωστῶς
1541 3717 1870 3789 γνωσομένῳ
1908 3719 2008 3790 ψυ-

358 3804 456 3879 χὰς
483 3804 771 3877 ποιμνίου,
802 3805 891 3858 καὶ
942 3804 1349 3882 ἀφηγησομένῳ
1378 3805 1513 3859 κατὰ
1558 3804 1717 3880 λόγον
1770 3826 2004 3879 ποιμαν-

358 3900 531 3965 τικῆς,
564 3899 670 3962 τῆς
724 3913 786 3969 γε
846 3893 1011 3966 ὀρθῆς
1055 3893 1145 3948 καὶ
1190 3891 1422 3966 δικαίας,
1450 3893 1540 3948 καὶ
1588 3897 1685 3949 τοῦ
1741 3893 2007 3964 ἀληθινοῦ

361 3982 624 4056 ποιμένος
652 3984 812 4054 ἡμῶν
846 3981 1016 4053 ἀξίας.

426 4251 544 4305 ΛΕ’.
585 4247 765 4316 Δῦτήν
799 4246 857 4302 δὶ
884 4249 985 4317 τὴν
1013 4253 1113 4304 τοῦ
1155 4249 1320 4326 λόγου
1370 4249 1658 4324 διανομὴν,
1685 4248 1773 4305 ’ίνα
1819 4249 2007 4306 τελευ-

421 4400 466 4435 ⁶⁴
496 4400 665 4456 Prov.
699 4417 777 4469 ιν,
808 4402 900 4457 27.
976 4402 1022 4437 ⁸⁸
1051 4402 1219 4459 Prov.
1250 4420 1430 4477 xxvn,
1461 4404 1552 4459 23.

426 4570 537 4643 (51)
568 4566 951 4643 Ἀπεύχισθαι.
1006 4571 1130 4643 Bill.
1192 4573 1252 4627 in
1302 4572 1325 4627 4
1381 4573 1473 4628 ed.
1525 4595 1555 4623 ‹‹
1605 4574 1922 4641 Exsecrari,
1977 4595 2007 4624 »

361 4639 527 4715 Gabr.
560 4662 592 4691 «
622 4639 919 4715 detestari,
950 4664 978 4691 n
1009 4642 1153 4698 Oliv.
1184 4667 1211 4693 ‹‹
1244 4644 1506 4715 Culpare.
1540 4666 1569 4694 »

396 4711 537 4797 ~(32)
591 4710 743 4764 Οὕτω
801 4710 911 4767 καί.
971 4715 1113 4770 Tres
1157 4715 1314 4771 Colb.
1352 4710 1553 4776 ”οὕτως
1612 4713 1709 4769 οὐκ
1763 4711 2006 4790 ἔχεικαὶ

360 4799 475 4848 της.

573 4850 1169 4933 ι’Υγ-ιεινότατονκὲἰο-
1204 4857 1362 4933 Βεειὶ
1414 4873 1618 4933 omnes
1675 4861 1732 4915 et
1774 4858 1931 4915 Colb.
1965 4858 2007 4927 i,

358 4922 527 5003 coile
563 4926 615 5003 ᾖ,
648 4922 828 5003 0:31,
860 4926 978 4981 Jes.
1013 4926 1073 5003 In
1104 4922 1614 5003 ed._oyiuivdt_urov.

569 4992 1171 5071 :é‘ROASéSEIX‘tatheg.
1204 4992 1304 5068 hu,
1339 4997 1739 5071 ἀποδείκνυται.

391 5066 537 5148 ..(⁵5)
569 5066 637 5121 Ἤ
664 5067 730 5148 Τὸ
766 5072 960 5148 ῖτρᾶρν.
1012 5066 1151 5143 Reg.
1190 5076 1232 5142 ι,
1264 5066 1352 5125 καὶ
1400 5070 1483 5141 τό,
1515 5073 1715 5128 Comb.
1752 5094 1782 5123 α
1812 5076 2006 5129 auste-

361 5138 500 5192 ritas
533 5159 562 5187 n
594 5139 681 5193 vel
716 5161 744 5188 «
773 5138 1003 5195 lenitas.
1038 5162 1066 5189 ››

424 5209 515 5272 (56
564 5208 903 5265 Τούναντίον.
930 5211 1039 5265 Alii
1070 5213 1331 5269 nonnulli
1362 5213 1425 5268 τὸ
1458 5212 1717 5270 ἐναντίον.

426 5212 535 5403 (57)
597 5280 1001 5352 Συμπίπτωσιν.
1064 5283 1159 5339 Sic
1219 5302 1422 5343 omnes
1482 5286 1709 5342 codices

428 5370 505 5403 ιιπ
534 5370 780 5403 πτουσιν.

426 5280 535 5352 (57)
597 5280 1001 5352 Συμπίπτωσιν.
1064 5283 1159 5339 Sic
1219 5302 1422 5343 omnes
1482 5286 1729 5342 codices.
1790 5286 1852 5342 In
1911 5286 2002 5341 ed.

364 5368 780 5419 συμπίπτουσιν.

427 5418 691 5501 (58)__’E1ri
728 5424 791 5476 τὸ
822 5418 1246 5501 νάκριᾷέστατον.
1301 5428 1479 5501 Regg.
1529 5430 1647 5501 bm.
1688 5428 1795 5501 ‘bu,
1829 5428 2003 5501 Croisl.

365 5490 704 5555 Lmelioris
737 5490 923 5553 notua.‘
957 5494 1033 5555 εἷς
1079 5495 1140 5550 τό
1174 5498 1310 5571 Reg.
1362 5490 1506 5567 ιῖἌι
1552 5498 1725 5557 Coisl.
1769 5500 1823 5566 4,
1853 5500 2006 5573 ἀκρι-

368 5553 659 5636 ϐέστερον.)
838 5568 847 5636 έ

435 5634 669 5713 (59)-Καὶ
699 5635 1000 5713 κεφαλαίῳ.
1040 5643 1233 5713 _Regg.
1282 5643 1448 5699 codd.
1505 5643 1546 5710 l,
1576 5661 1631 5711 x,
1672 5661 1722 5711 z,
1754 5642 1913 5700 Colb.
1946 5644 2002 5711 7,

367 5700 539 5760 Pass;
556 5700 785 5765 habent'
798 5704 851 5762 δν
890 5700 1199 5783 κεὶμαλαίῷἶ

2123 2120 2322 2176 omnia
2351 2136 2620 2175 sermone
2651 2119 3030 2190 distinguere,
3073 2124 3249 2190 atque
3280 2119 3361 2173 ita
3412 2123 3606 2173 exacte
3637 2134 3775 2189 per-

2122 2208 2366 2279 spicere,
2398 2214 2463 2263 ut
2490 2212 2611 2263 tota
2640 2207 2907 2263 medendi
2936 2208 3084 2263 ratio
3117 2209 3175 2261 in
3205 2223 3501 2263 summam
3532 2206 3772 2278 colliga-

2120 2302 2238 2361 tur,
2271 2296 2634 2367 impossibile
2663 2302 2771 2365 est,
2795 2302 3248 2367 quantacunque
3269 2313 3409 2351 cura
3437 2300 3495 2351 et
3523 2295 3773 2368 diligen-

2119 2387 2202 2441 tia
2224 2385 2556 2456 ingeniique
2576 2385 2896 2457 sagacitate
2917 2385 3208 2457 quispiam
3234 2385 3481 2457 polleat:
3512 2385 3572 2440 in
3596 2386 3772 2441 rebus

2120 2476 2317 2529 tamen
2375 2473 2521 2546 ipsis
2567 2479 2626 2529 et
2671 2474 3084 2546 experimentis
3132 2473 3404 2530 curatrici
3450 2473 3663 2531 rationi
3719 2478 3777 2529 et

2119 2562 2347 2617 medico
2379 2562 2689 2633 perspicua
2718 2562 2888 2617 fiunt.

2190 2651 2429 2707 XXXIV.
2466 2656 2530 2706 In
2563 2652 2899 2706 universum
2932 2657 3123 2707 autem
3148 2652 3292 2707 illud
3318 2653 3469 2723 apud
3503 2669 3610 2708 nos
3642 2668 3775 2709 con-

2119 2744 2255 2804 stat,
2290 2740 2443 2811 quod
2468 2741 2963 2812 quemadmodum
2988 2740 3046 2794 in
3076 2741 3312 2795 sublimi
3336 2746 3391 2795 et
3412 2740 3666 2812 pendulo
3688 2742 3774 2796 fu-

2118 2842 2191 2880 ne
2222 2828 2646 2897 gradientibus,
2682 2828 2739 2882 in
2768 2828 2918 2884 hanc
2947 2828 3031 2882 vel
3064 2828 3220 2883 illam
3253 2832 3473 2898 partem
3508 2828 3777 2883 deﬂecte-

2120 2933 2200 2982 re,
2236 2916 2477 2970 minime
2508 2922 2700 2971 tutum
2752 2922 2858 2982 est,
2912 2934 3014 2971 nec
3046 2917 3221 2971 etiam
3266 2934 3443 2988 parva
3470 2916 3769 2973 inclinatio

2119 3020 2364 3075 parvum
2417 3004 2741 3076 periculum
2787 3004 2970 3071 aﬂ'ert,
3024 3022 3219 3061 verum
3268 3022 3467 3061 eorum
3518 3006 3679 3061 salus
3710 3006 3771 3062 in

2120 3092 2444 3164 aequilibrio
2480 3094 2671 3165 posita
2703 3099 2829 3150 est:
2864 3095 2933 3148 ad
2969 3095 3240 3150 eumdem
3264 3111 3497 3166 quoque
3529 3096 3770 3151 modum

2118 3183 2403 3238 utramvis
2433 3183 2489 3237 in
2526 3188 2749 3255 partem
2784 3180 3097 3255 quispiam,
3144 3184 3261 3239 sive
3292 3186 3362 3240 ob
3394 3185 3521 3239 vita:
3553 3185 3770 3256 impro—

2117 3270 2379 3338 bitatem,
2414 3272 2533 3327 sive
2562 3272 2634 3327 ob
2658 3272 3009 3344 imperitiam
3044 3273 3435 3344 propenderit,
3472 3274 3627 3329 haud
3651 3274 3773 3329 leve

2118 3360 2467 3431 periculum,
2516 3365 2641 3415 tum
2678 3361 2787 3433 ipsi
2819 3366 2943 3417 tum
2977 3362 3048 3416 iis
3070 3362 3282 3433 quibus
3315 3368 3539 3432 praeest,
3574 3362 3769 3419 immi-

2119 3452 2235 3515 net,
2267 3466 2339 3504 ne
2370 3449 2427 3503 in
2461 3454 2761 3520 peccatum
2795 3450 3195 3521 prolabuntur.
3221 3451 3498 3514 Quocirca
3526 3452 3617 3507 via
3642 3470 3771 3524 pro-

2114 3539 2207 3594 cul
2238 3539 2414 3595 dubio
2446 3541 2600 3613 regis
2626 3541 2769 3613 ipsis
2790 3541 3178 3598 incedendum
3208 3548 3315 3610 est,
3344 3560 3409 3598 ac
3433 3542 3772 3615 circumspi-

2116 3628 2415 3694 ciendum,
2447 3646 2518 3684 ne
2547 3629 2633 3685 vel
2665 3631 2735 3685 ad
2782 3631 3099 3700 dexteram,
3132 3630 3220 3686 vel
3264 3631 3587 3695 sinistram,
3613 3633 3772 3688 velut

2116 3718 2176 3773 in
2236 3717 2562 3773 Proverbiis
2643 3724 2733 3775 est
2804 3719 3095 3776 declinent
3153 3722 3219 3783 δί’,
3275 3723 3353 3775 Ac
3422 3720 3556 3775 talis
3616 3736 3773 3775 mor-

2116 3807 2325 3863 borum
2362 3812 2700 3864 nostrorum
2744 3814 2953 3864 natura
2982 3815 3089 3875 est,
3142 3814 3458 3879 tantusque
3488 3810 3638 3864 bono
3672 3826 3773 3881 pa-

2117 3894 2260 3951 stori
2290 3894 2455 3950 labor
2487 3896 2795 3961 incumbit,
2819 3898 2917 3967 qui
2942 3898 3134 3969 gregis
3158 3896 3387 3952 animas
3417 3895 3559 3951 scite
3582 3897 3776 3969 cogni-

2114 3990 2285 4042 turus
2332 3992 2439 4054 est,
2497 3992 2947 4060 perspectasque
2996 3988 3323 4056 habiturus,
3372 3988 3574 4059 eisque
3603 3988 3775 4059 juxta

2118 4076 2433 4147 pastoralis
2463 4077 2605 4131 artis
2636 4076 2791 4149 leges
2841 4077 3169 4147 prmiturus,
3203 4078 3489 4133 duntaxat
3516 4082 3686 4134 recte
3714 4082 3773 4135 et

2109 4167 2307 4235 justm,
2335 4181 2399 4219 ac
2430 4182 2561 4220 vero
2594 4170 2826 4237 pastore
2856 4172 3054 4221 nostro
3083 4166 3240 4239 digni
3273 4167 3343 4221 δι.

2191 4254 2289 4310 29
2320 4253 2537 4308 XXXV.
2569 4254 2698 4311 Jam
2742 4254 2932 4325 ipsam
2967 4256 3123 4311 verbi
3173 4255 3672 4328 distributionem,
3704 4261 3773 4316 ut

2357 4577 2664 4649 θεραπευτῇ
2728 4574 2874 4649 λόγῳ
2928 4574 3016 4629 καὶ
3071 4572 3238 4645 ἀνδρί.
3301 4577 3506 4634 Billius
3555 4579 3615 4633 in
3646 4579 3774 4637 Elia.

2115 4646 2304 4714 vertit,
2342 4663 2456 4723 «_e
2507 4648 2728 4723 medico
2788 4646 3055 4723 sermone
3115 4654 3172 4704 et
3217 4650 3357 4705 viro.
3419 4672 3447 4700 »
3495 4649 3632 4706 Viro
3662 4669 3770 4723 pro

2118 4738 2146 4768 ‹‹
2178 4717 2450 4805 exemplo
2476 4743 2496 4771 ι
2530 4720 2789 4805 ροεὶῑυτῳ
2821 4720 3097 4805 videtur‘.‘
3357 4791 3369 4803 .
3662 4717 3683 4723 “
3848 4768 3851 4769 ν

2188 4789 2299 4861 (61)
2334 4786 2450 4841 "En?
2478 4786 2691 4861 κοίλου,Δ
2726 4791 2902 4861 Regg.
2956 4791 3123 4845 codd.
3168 4808 3203 4844 u
3254 4791 3484 4861 optima;
3534 4798 3681 4850 notis
3712 4797 3770 4850 et

2115 4874 2171 4925 x,
2492 4858 2577 4945 ἐπὶ
2608 4858 2795 4945 κάλω...
2817 4858 2958 4943 Item
2990 4861 3162 4943 Qoisl.
3199 4864 3247 4945 1ἶ

2198 4934 2312 5008 (62)
2345 4930 2655 5008 Ἀσφάλεια.
2692 4930 2819 4987 Bill.
2855 4933 2912 4987 in
2945 4934 3134 5004 prima
3186 4934 3300 5005 ed.,
3332 4957 3357 4983 «
3391 4933 3550 4990 salus
3578 4943 3632 4990 et
3679 4953 3769 4993 se-

2117 5004 2356 5063 curitas.
2394 5025 2420 5052 »

2160 5076 2302 5149 (63)
2335 5071 2525 5149 Νεᾷσῃ.
2577 5074 2870 5149 Ita__Regg.
2926 5075 3066 5149 bm,‘
3100 5076 3138 5140 Ι,
3188 5075 3457 5149 z,_Colb.
3509 5078 3561 5145 3,
3606 5093 3687 5149 m,
3715 5082 3774 5149 et

2114 5149 2236 5205 Jes.
2270 5144 2462 5202 Lectio
2552 5144 2782 5213 melior,
2834 5144 3103 5217 quamvis
3161 5147 3365 5202 rarior.
3417 5152 3482 5203 In
3530 5152 3619 5203 ed.
3653 5144 3773 5203 νεύ-

2117 5239 2299 5377 σεξ64)
2334 5286 2439 5377 δὲὶν
2480 5282 2545 5377 δὶὴ
2715 5286 2875 5377 1Ciorl‘bs
2910 5288 2950 5355 i,
3007 5287 3101 5360 μὶν
3131 5284 3244 5345 οὗν.
3294 5294 3432 5363 Reg.
3465 5308 3518 5363 θ,
3553 5291 3647 5363 μὲν
3700 5287 3767 5362 δὴ

2114 5358 2202 5415 xui
2232 5358 2313 5413 τά.
2354 5358 2692 5431 Emphatica
2721 5358 2913 5431 lectio.

2185 5433 2296 5504 (65)
2328 5430 2680 5504 Γνωστῷςε-ε(Δ
2720 5434 2841 5485 Non
2881 5430 3081 5486 leviter
3126 5438 3181 5488 et
3230 5433 3639 5503 perfunctorie,
3671 5452 3765 5492 ve-

2116 5501 2245 5559 rum
2278 5501 2480 5559 sedulo
2502 5506 2557 5556 et
2583 5501 2917 5577 diligenter.
2937 5525 2964 5552 n
2989 5504 3081 5558 Sic
3103 5501 3339 5577 exponit
3362 5506 3513 5561 Elias
3539 5532 3551 5571 ς
3586 5501 3759 5563 Gabr.

2112 5591 2267 5643 vero,
2305 5596 2333 5623 ‹‹
2363 5590 2474 5629 non
2524 5573 2697 5628 modo
2746 5574 3017 5641 exterius,
3060 5573 3259 5632 verum
3312 5578 3485 5632 etiam
3520 5578 3762 5633 interius

2114 5646 2285 5719 plane
2312 5644 2575 5718 cognitas
2616 5661 2751 5702 oves
2780 5645 3012 5717 habere,
3068 5654 3131 5704 ut
3160 5654 3322 5704 vocet
3370 5665 3467 5705 eas
3500 5649 3759 5705 nomina-

2114 5718 2243 5774 tim.
2282 5739 2303 5766 ι
