4184 6202
340 378 461 439 M3

1580 382 1645 444 S.
1691 380 2063 444 GREGORII
2106 379 2500 442 THEOLOGI

3620 372 3741 434 su

337 511 494 583 quod
544 516 877 567 nostrorum
927 512 1190 568 omnium
1242 513 1496 585 primum
1546 518 1654 583 est,
1689 517 1983 586 postremo

2101 515 2245 564 ταῖον
2281 508 2414 564 εἷ’πω
2443 509 2505 564 τὸ
2535 512 2749 584 πρῶτον
2781 511 2885 562 τῶν
2917 506 3219 580 ἡμετέρων,
3251 507 3345 559 τοῦ
3396 500 3541 558 θείου
3593 501 3740 579 λέγω

335 597 463 656 loco
495 600 705 667 dicam,
744 601 945 667 divini,
979 602 1242 672 inquam,
1275 605 1429 658 verbi
1469 608 1525 657 et
1554 602 1763 659 excelsi
1793 602 1988 657 distri-

332 688 655 755 butionem,
708 706 880 759 quam
931 706 1131 745 omnes
1181 691 1287 746 hac
1336 695 1496 747 aetate
1546 692 1906 762 proﬁtentur,
1942 691 1989 745 si

337 778 470 849 quis
503 782 590 831 est
622 776 793 845 alius,
829 779 927 849 qui
962 779 1295 849 praesidenti
1325 781 1519 835 animo
1555 781 1855 852 suscipiat,
1889 782 1990 835 aut

334 865 595 936 cujusvis
644 867 861 938 ingenii
913 885 1039 923 esse
1089 874 1342 935 censeat,
1389 870 1545 923 hunc
1594 886 1697 940 ego
1740 868 1989 924 solertiae

334 952 571 1009 nomine
603 956 882 1021 admiror,
920 974 989 1010 ne
1029 958 1220 1011 dicam
1252 956 1540 1013 stultitiae.
1576 958 1715 1012 Mihi
1749 958 1985 1028 quidem

335 1058 427 1098 res
460 1044 701 1098 minime
723 1043 981 1115 vulgaris
1013 1047 1289 1117 parvique
1308 1046 1550 1117 spiritus
1581 1063 1707 1102 esse
1739 1046 1987 1112 videtur,

331 1132 514 1197 verbi,
539 1132 776 1203 perinde
795 1150 860 1186 ac
880 1133 1054 1187 tritici
1076 1134 1138 1200 δε,
1161 1151 1497 1189 mensuram
1517 1138 1855 1206 tempestive
1872 1134 1989 1188 cui-

226 1248 235 1253 ἰ
334 1235 447 1291 que
478 1222 636 1287 dare,
670 1226 727 1275 et
770 1222 1110 1291 dogmatum
1144 1228 1477 1278 nostrorum
1518 1225 1818 1279 veritatem
1851 1239 1985 1277 cum

324 1308 549 1380 judicio
583 1309 943 1381 dispensare.
996 1311 1110 1365 Hoc
1160 1316 1266 1379 est,
1302 1329 1368 1367 ea
1412 1314 1629 1382 omnia,
1664 1330 1789 1384 quae
1823 1328 1988 1367 sacra

333 1396 727 1468 philosophia,
764 1399 834 1452 de
886 1400 1143 1465 mundis,
1178 1401 1261 1455 vel
1318 1403 1387 1456 de
1439 1404 1657 1457 mundo
1689 1402 1985 1469 disseruit,

334 1486 403 1540 de
437 1486 702 1554 materia,
736 1488 806 1541 de
838 1488 1053 1555 anima,
1096 1490 1165 1543 de
1198 1494 1410 1560 mente,
1440 1495 1495 1544 et
1528 1490 1986 1562 intelligentibus

337 1574 586 1640 naturis,
619 1578 741 1629 tam
774 1575 1113 1631 melioribus
1135 1594 1307 1649 quam
1333 1579 1741 1645 deterioribus,
1766 1580 1835 1633 de
1860 1595 1990 1650 pro-

328 1662 590 1718 videntis
635 1665 832 1720 omnia
883 1666 1318 1739 constringente
1367 1673 1541 1739 atque
1600 1669 1982 1740 gubernante,

2097 600 2185 652 καὶ
2221 597 2455 671 ὑψηλοῦ,
2486 597 2576 651 καὶ
2602 599 2659 653 ὃν
2716 601 2805 651 νῦν
2853 599 2964 669 (66)
3012 594 3202 655 πάντες
3250 593 3662 670 φιλοσοφοῦσιν,
3694 590 3741 646 εί

2102 686 2194 760 μέν
2223 708 2305 749 τις
2340 686 2509 749 ἄλλος
2544 685 2749 762 θαῤῥεῖ,
2779 685 2869 740 καὶ
2900 684 3078 755 πάσης
3129 680 3367 743 διανοίας
3419 675 3743 753 ὑπολαμϐά-

2096 795 2197 847 νει,
2230 778 2489 848 θαυμάζω
2517 780 2706 831 τοῦτον
2737 774 2846 850 ἐγὼ
2874 781 2975 844 τῆς
3025 774 3308 843 συνέσεως,
3334 769 3427 824 ’ίνα
3473 771 3546 843 μὴ
3599 769 3743 846 λέγω

2095 870 2196 931 τῆς
2242 864 2503 933 εὐηθείας·
2541 864 2664 937 ἐμοὶ
2715 862 2759 918 δ’
2810 863 2899 917 οὗν
2950 868 3179 937 πρᾶγμα
3226 860 3463 937 φαίνεται
3523 857 3585 913 ού
3633 862 3740 913 τῶν

2097 952 2449 1030 φαυλοτάτων
2485 956 2620 1027 (67),
2652 950 2776 1007 ούδὶ
2820 950 3017 1027 ὀλίγου
3047 954 3144 1005 τοῦ
3174 948 3502 1020 πνεύματος,
3536 944 3742 1001 διδόναι

2094 1046 2231 1099 κατὰ
2285 1045 2469 1119 καιρὸν
2530 1044 2736 1115 έκάστῳ
2784 1046 2880 1097 τοῦ
2926 1038 3094 1115 λόγου
3141 1040 3204 1094 τὸ
3254 1038 3621 1111 σιτομέτριον,
3651 1036 3742 1090 καὶ

2097 1133 2408 1205 οἷ’κονομεῖτ
2466 1132 2518 1186 έν
2578 1132 2749 1206 κρίσει
2802 1131 2901 1199 τήν
2963 1128 3218 1199 ἀλήθειαν
3276 1131 3380 1181 τῶν
3460 1125 3743 1198 ἡμετέρων

2097 1219 2408 1295 δογμάτων·
2443 1220 2541 1275 ὅσα
2586 1220 2707 1296 περὶ
2756 1219 2978 1293 κόσμων
3176 1216 3210 1285 ἢ
3252 1216 3460 1288 κόσμου
3512 1213 3741 1291 πεφιλο-

2098 1310 2349 1387 σόφηται,
2381 1310 2504 1385 περὶ
2563 1308 2720 1378 ὅλης,
2751 1309 2875 1384 περὶ
2921 1311 3128 1383 ψυχῆς,
3159 1304 3282 1381 περὶ
3336 1308 3451 1375 νοῦ,
3483 1302 3574 1357 καὶ
3629 1307 3736 1359 τῶν

2093 1404 2295 1473 νοερῶν
2326 1397 2555 1474 φύσεων,
2593 1395 2885 1472 βελτιόνων
2912 1416 2970 1451 τε
3018 1394 3107 1449 καὶ
3151 1392 3432 1469 χειρόνων,
3464 1390 3589 1467 περὶ
3636 1398 3736 1461 τῆς

2092 1486 2160 1542 τὰ
2215 1486 2387 1540 πάντα
2437 1484 2761 1555 συνδεούσης
2815 1506 2872 1539 τε
2917 1484 3007 1539 καὶ
3065 1480 3409 1557 διεξαγούσης
3463 1478 3735 1553 προνοίας,

2096 1576 2193 1631 ὅσα
2221 1597 2279 1630 τε
2308 1576 2441 1630 κατὰ
2472 1574 2635 1650 λόγον
2670 1576 2902 1643 άπαντᾷν
2938 1570 3104 1643 δοκεῖ,
3146 1571 3238 1625 καὶ
3270 1569 3366 1624 ὅσα
3395 1569 3540 1643 παρὰ
3570 1567 3734 1642 λόγον

2094 1665 2185 1719 τὸν
2216 1664 2363 1719 κάτω
2393 1664 2482 1718 καὶ
2511 1664 2600 1717 τὸν
2634 1662 2989 1737 ἀνθρώπινον.

330 1755 457 1807 tum
497 1769 625 1823 quis
666 1755 837 1809 modo
879 1756 1087 1810 rationi
1118 1761 1507 1811 consentaneo
1560 1757 1787 1812 evenire
1829 1756 2118 1821 videntur,
2150 1760 2277 1811 tum
2329 1771 2453 1825 quas
2500 1754 2671 1809 modo
2714 1757 2953 1809 terrenas
3002 1754 3177 1822 atque
3220 1748 3492 1803 humana
3524 1746 3737 1802 rationi

332 1845 694 1911 repugnante
724 1843 988 1899 accidere
1019 1844 1306 1899 videntur.

402 1927 642 1984 XXXVI.
687 1931 819 1993 Quae
870 1932 938 1986 de
987 1933 1177 2003 prima
1226 1937 1428 1989 nostra
1474 1934 1893 1988 constitutione
1923 1937 1980 1987 et

2158 1930 2270 1998 Λζ’.
2304 1930 2420 1984 Ἔτι
2473 1948 2531 1983 τε
2580 1926 2677 1982 ὅσα
2731 1925 2853 2002 περὶ
2912 1933 3012 1995 τῆς
3056 1926 3280 2000 πρώτης
3322 1925 3482 1996 ἡμων
3543 1923 3734 2003 auo-td:

330 2021 626 2087 postrema
659 2018 975 2089 reﬁctione,
1006 2021 1076 2076 de
1124 2022 1278 2093 typis
1308 2027 1365 2077 et
1410 2023 1675 2091 veritate,
1707 2038 1772 2076 ac
1801 2026 1979 2077 testa-

329 2107 564 2173 mentis,
600 2108 669 2162 de
700 2109 913 2164 Christi
940 2111 1191 2164 adventu
1218 2115 1338 2166 tam
1360 2111 1547 2182 primo
1570 2127 1748 2182 quam
1774 2126 1978 2166 secun-

327 2195 424 2263 do,
456 2196 527 2250 de
560 2195 955 2252 incarnatione
985 2202 1043 2252 et
1070 2198 1425 2253 cruciatibus
1448 2204 1505 2254 et
1536 2199 1880 2263 reversione,
1909 2200 1981 2255 de

328 2285 773 2350 resurrectione,
806 2287 877 2341 de
908 2286 1042 2352 ﬁne,
1090 2288 1160 2341 de
1182 2288 1428 2357 judicio,
1479 2305 1543 2343 ac
1575 2289 1975 2353 retributione,

327 2374 449 2427 tam
472 2372 727 2428 tristiore
753 2390 929 2446 quam
957 2374 1349 2446 splendidiore
1371 2380 1473 2448 :iet
1495 2377 1649 2448 quod
1673 2382 1848 2449 caput
1868 2382 1978 2445 est,

329 2477 691 2533 quaecunque
721 2462 791 2518 de
814 2464 1073 2535 principe
1094 2482 1159 2520 ac
1190 2466 1359 2521 beata
1379 2466 1662 2521 Trinitate
1692 2465 1981 2520 credenda

329 2553 487 2605 sunt.
512 2550 635 2613 Qua
658 2552 891 2622 quidem
918 2553 974 2606 in
999 2569 1078 2620 re,
1105 2554 1177 2607 iis
1200 2554 1417 2625 quibus
1442 2554 1588 2611 alios
1608 2554 1977 2609 illuminandi

330 2654 549 2694 munus
579 2640 964 2695 commissum
996 2646 1106 2708 est,
1138 2644 1462 2713 periculum
1495 2644 1759 2699 omnium
1792 2642 1980 2697 maxi-

329 2742 496 2782 mum
520 2727 815 2798 objicitur,
840 2745 911 2783 ne
930 2729 1016 2784 vel
1035 2730 1092 2784 in
1111 2747 1289 2786 unam
1315 2747 1623 2803 personam
1648 2734 1979 2786 contractus

328 2830 545 2885 sermo,
572 2816 711 2871 dum
747 2817 963 2873 multos
1004 2818 1142 2875 deos
1180 2820 1454 2875 inducere
1501 2836 1788 2887 veremur,
1822 2820 1979 2874 nuda

329 2908 385 2960 et
406 2904 606 2959 inania
629 2906 797 2961 nobis
819 2906 1057 2962 nomina
1088 2907 1399 2980 relinquat,
1423 2910 1693 2965 eumdem
1713 2907 1980 2963 videlicet

327 2992 557 3049 Patrem
590 2997 646 3048 et
675 2994 890 3050 Filium
941 3001 998 3051 et
1046 2997 1331 3068 Spiritum
1388 3002 1655 3054 sanctum
1688 3015 1815 3053 esse
1846 3013 1979 3052 sen-

330 3082 651 3139 tientibus:
685 3084 770 3139 vel
802 3084 859 3139 in
890 3089 1008 3141 tres
1054 3085 1276 3143 alienas
1317 3091 1375 3143 et
1400 3090 1657 3160 [exteras,
1693 3091 1793 3142 aut
1822 3087 1978 3141 inor-

329 3170 561 3226 dinatas
592 3175 649 3226 et
678 3172 946 3245 principii
992 3180 1274 3246 expertes,
1308 3182 1499 3247 atque,
1534 3181 1598 3232 ut
1634 3176 1718 3231 sic
1751 3176 1976 3248 loquar,

329 3259 693 3315 adversariae
723 3260 965 3331 divisus,
999 3262 1056 3316 in
1104 3263 1253 3317 idem
1287 3262 1508 3319 malum
1560 3281 1663 3336 per
1690 3263 1979 3318 contraria

329 3346 704 3420 prolabatur:
741 3365 853 3404 non
897 3366 1067 3406 secus
1098 3367 1163 3406 ac
1212 3352 1456 3409 distorta
1484 3352 1701 3424 planta,
1752 3368 1885 3408 cum
1918 3352 1975 3407 in

330 3436 574 3493 alteram
606 3444 829 3509 partem
863 3439 1039 3495 nimis
1070 3440 1401 3496 inﬂectitur.

404 3523 669 3582 XXXVII.
702 3527 848 3583 Nam
880 3545 1011 3583 cum
1062 3534 1181 3584 tres
1232 3530 1351 3585 sint
1396 3529 1505 3585 hoc
1546 3534 1805 3601 tempore
1834 3530 1988 3585 circa

334 3612 687 3687 theologiam
737 3616 946 3683 morbi,
1002 3618 1193 3674 atbeia
1243 3636 1469 3691 nempe,
1521 3619 1885 3685 Judaismus,
1933 3622 1989 3673 et

334 3702 658 3759 multorum
690 3704 933 3760 deorum
979 3705 1195 3771 cultus,
1230 3724 1478 3779 quorum
1534 3707 1709 3779 primi
1743 3708 1987 3779 Libycus

336 3791 631 3849 Sabellius
663 3800 1061 3866 propugnator
1109 3797 1210 3851 80
1254 3796 1397 3863 fuit;
1448 3795 1708 3865 alterius,
1738 3796 1989 3851 Alexan-

407 3916 453 3954 ⁶⁶
486 3918 624 3974 Luc.
657 3935 759 3988 xu,
794 3919 887 3977 42.

408 4042 522 4113 (66)
552 4040 790 4113 Ὑψηλοῦ
822 4043 909 4097 καὶ
941 4044 998 4097 ὃν
1044 4048 1158 4102 νῦν.
1210 4048 1292 4101 Ita

340 4113 397 4180 4,
436 4113 577 4179 Jes.,
611 4113 707 4179 0r,
740 4117 786 4169 1.
820 4116 929 4171 Alii
963 4118 1224 4173 nonnulli
1260 4116 1320 4170 οὗ

339 4202 403 4257 γε
431 4185 541 4237 νῦν.
579 4185 641 4267 [ρ
669 4186 758 4241 ed.
797 4185 1013 4311 tut-nlo?)
1042 4190 1130 4242 καὶ
1158 4188 1187 4242 ὃ
1217 4192 1327 4245 νῦν.

414 4255 526 4311 (67)
570 4257 680 4307 Των
726 4276 830 4311 Φαυ
875 4260 1098 4311 οτάτων.
1151 4285 1179 4310 ‹‹
1237 4262 1319 4311 H0

377 4255 526 4336 .(67)
570 4257 680 4307 Τῶν
726 4255 1098 4330 φαυλοτάτων.
1151 4285 1179 4310 ‹‹
1237 4260 1551 4317 Hominum
1615 4277 1728 4316 non
1784 4258 1990 4332 vulga-

342 4340 519 4381 rium.
556 4346 583 4373 ))

380 4397 524 4478 (6.8)
558 4394 705 4478 ΠερὶΔ
729 4395 1028 4478 κόσμων-ξς
1074 4402 1154 4457 De
1204 4405 1485 4478 mundis,_
1515 4424 1543 4451 »
1575 4407 1683 4457 etc.
1720 4403 1988 4478 Immate-

346 4467 478 4523 riali
510 4467 713 4541 undet
755 4467 1053 4537 invisibili,
1103 4475 1388 4527 materiali
1434 4467 1615 4528 altero
1646 4478 1703 4529 et
1732 4473 1945 4528 visibili
1977 4491 1990 4541 ;

343 4555 595 4613 quorum
626 4539 721 4595 ille
754 4541 1032 4612 primum,
1058 4544 1167 4598 iste
1196 4544 1405 4599 deinde
1426 4550 1654 4599 creatus
1684 4549 1791 4598 est.
1828 4539 1989 4599 Hunc

341 4627 469 4667 esse
500 4628 759 4685 sensum,
786 4613 1044 4683 Gregorii
1083 4631 1150 4668 ex
1194 4614 1324 4670 aliis
1371 4615 1734 4670 orationibus
1766 4615 1985 4685 liquet:

1401 4116 1555 4175 omb.
1589 4116 1806 4190 ύψηλοῦ
1823 4118 1909 4170 καὶ
1931 4116 1988 4171 δν

341 4688 486 4738 orat.
519 4700 678 4773 XVII'I,
711 4682 786 4738 al.
815 4682 932 4773 x155,
982 4687 1042 4739 in
1092 4692 1332 4769 (utrem,
1382 4688 1534 4773 n‘.n3:
1588 4703 1670 4741 or.
1704 4682 1876 4751 xxvii,
1910 4686 1984 4773 al.
2020 4710 2066 4773 D

338 4770 537 4821 xxxm,
570 4755 828 4810 adversus
870 4757 1267 4823 Eunomianos,
1302 4755 1358 4812 n.
1412 4758 1515 4825 10;
1549 4771 1634 4812 or.
1682 4773 1877 4823 xxvm,
1913 4756 1987 4813 a1.

338 4842 525 4895 xxxrv,
560 4827 816 4882 secunda
848 4832 931 4883 De
976 4828 1268 4898 theologia,
1319 4846 1378 4883 n.
1413 4828 1470 4882 3|
1505 4846 1517 4894 ;
1550 4844 1633 4883 or.
1666 4844 1898 4893 xuvm,
1932 4831 1992 4883 in

337 4898 546 4971 Christi
573 4901 937 4965 nativitatem,
973 4918 1031 4954 n.
1064 4901 1155 4965 10,
1188 4901 1286 4955 ubi
1318 4900 1501 4971 aperit
1530 4900 1669 4970 quid
1705 4915 1804 4970 per
1833 4900 1981 4953 invi-

338 4968 566 5094 sibilgm
600 4971 881 5026 mundum
903 4971 1223 5043 intelligat;
1256 4968 1383 5027 orat
1414 4989 1504 5038 xL,
1536 4968 1608 5026 De
1638 4968 1980 5042 baptismate,

338 5058 395 5094 n.
504 5083 516 5094 .

337 5058 395 5097 n.
430 5058 516 5094 40.

408 5112 519 5237 (632
551 5108 828 5238 Δὲτέραῖς.
864 5114 1005 5177 Quis
1027 5117 1355 5185 sequuntur
1401 5129 1587 5186 usque
1627 5114 1699 5170 ad
1730 5110 1847 5186 ὅσα,
1882 5114 1983 5171 de-

413 5201 449 5238 n
505 5199 563 5237 in
646 5199 733 5238 ea.
795 5224 807 5238 .

337 5199 478 5239 sunt
505 5199 563 5237 ιι]
596 5199 733 5239 ΝΘΕ.
771 5199 807 5238 Ι.

413 5200 478 5238 ιιι
505 5200 563 5237 iu
596 5200 733 5255 neg.
771 5200 807 5238 1.

409 5255 524 5324 (70)
584 5254 679 5307 Καὶ
730 5251 1327 5328 ἀναλύσεωςηϐοωὶ).
1389 5279 1416 5305 ‹‹
1478 5258 1549 5311 de
1608 5257 1983 5328 profectione,

340 5330 545 5399 morte,
580 5327 850 5399 transitu,
876 5327 1240 5399 migratione.
1272 5351 1291 5376 ο
1328 5329 1435 5383 Sed
1466 5327 1634 5391 Elias’,
1662 5328 1988 5383 Gabrielius

338 5395 552 5455 aliiaur
588 5398 655 5451 de
684 5395 1012 5453 reversione
1041 5398 1253 5452 Christi
1284 5401 1353 5453 ad
1390 5400 1615 5454 Patrem
1648 5416 1781 5453 cum
1815 5416 1988 5455 carne

338 5412 552 5521 aliique
588 5412 655 5451 de
684 5413 1012 5453 reversione
1041 5412 1253 5452 unristi
1284 5412 1353 5453 ad
1392 5412 1615 5454 Patrem
1648 5416 1781 5453 cum
1815 5416 1987 5455 carne

337 5467 457 5544 inte
487 5468 693 5544 ligant,
727 5474 783 5523 et
814 5476 1256 5544 consequenter,
1281 5472 1336 5524 id
1362 5472 1514 5544 quod
1549 5471 1831 5544 sequitur,
1863 5469 1987 5544 περὶ

278 5556 287 5564 °
338 5537 695 5606 ἀναστάσεως,
739 5558 853 5595 non
902 5543 972 5595 ad
1014 5537 1342 5606 Christum,
1380 5537 1493 5597 sed
1544 5537 1987 5597 ad_universum

340 5627 527 5684 genus
553 5614 875 5684 humanum
906 5613 1181 5668 referunt.

408 5682 523 5757 (71)
554 5683 687 5736 Ὀσα
714 5701 791 5739 τι.
830 5682 1001 5741 Deest
1045 5702 1104 5737 τε
1132 5684 1192 5740 in
1241 5684 1511 5757 pluribus
1558 5684 1899 5756 codicibus;
1930 5687 1992 5743 at

1384 4046 1543 4118 uinq.
1596 4047 1798 4118 Regg.,
1830 4046 1994 4118 Colb'

2090 2040 2247 2087 σεως,
2279 2018 2367 2074 καὶ
2413 2024 2511 2087 τῆς
2551 2016 2860 2079 τελευταίας
2906 2014 3283 2085 άναπλάσεως,
3313 2013 3495 2067 τύπων
3542 2032 3601 2067 τε
3645 1998 3737 2065 κιιιἰ

2088 2106 2369 2180 ἀληθείας,
2437 2107 2526 2162 καὶ
2603 2104 2897 2175 διαθηκῶν,
2955 2104 3045 2159 καὶ
3122 2105 3357 2177 Χριστοῦ
3440 2099 3734 2176 παρουσίας

2086 2198 2310 2273 πρώτης
2341 2217 2399 2252 τε
2439 2193 2525 2250 καί
2572 2193 2817 2271 δευτέρας
2858 2196 2991 2267 (69),
3025 2192 3347 2266 σαρκώσεώς
3393 2210 3451 2245 τε
3498 2190 3588 2244 καὶ
3635 2209 3733 2243 πα-

2086 2287 2151 2355 θη
2164 2288 2368 2358 μάτων,
2400 2283 2487 2341 καί
2515 2283 2823 2346 ἀναλύσεως
2851 2286 2982 2357 (70),
3016 2281 3113 2337 ὅσα
3131 2301 3190 2335 τε
3222 2282 3335 2353 (71)
3364 2279 3485 2353 περὶ
3508 2276 3728 2335 ἀναστά-

2088 2394 2241 2444 σεως,
2311 2373 2435 2449 περὶ
2498 2373 2714 2440 τέλους,
2785 2371 2907 2448 περὶ
2972 2371 3202 2447 κρίσεως
3268 2367 3356 2423 καὶ
3430 2363 3732 2422 ἀνταποδό-

2086 2483 2220 2524 σεως
2270 2465 2403 2535 (72),
2455 2462 2901 2537 σκυθρωποτέρας
2956 2480 3015 2513 τε
3059 2458 3149 2513 καὶ
3198 2454 3539 2532 ένδοξοτέρας
3594 2457 3727 2525 (73),

2085 2549 2175 2605 καί
2200 2551 2263 2604 τὸ
2309 2549 2598 2628 κεφάλαιον
2633 2552 2744 2623 (74)
2775 2549 2873 2604 ὅσα
2919 2548 3042 2624 περὶ
3086 2548 3183 2615 τῆς
3223 2546 3460 2621 ἀρχικῆς
3492 2546 3603 2616 (75)
3634 2544 3723 2597 καὶ

2091 2638 2356 2713 μακαρίας
2421 2636 2647 2714 Τριάδος
2717 2636 3074 2703 ὑποληπτέον
3125 2636 3288 2711 ὅσπερ
3341 2636 3455 2707 (76)
3502 2631 3567 2700 δὴ
3634 2632 3724 2687 καὶ

2086 2725 2347 2783 κινδύνων
2384 2727 2632 2803 μέγιστος
2687 2733 2802 2789 τοῖς
2835 2728 3084 2803 φωτίζειν
3118 2728 3231 2799 (77)
3260 2721 3724 2794 πεπιστευμένοις,

2087 2818 2161 2879 ὡς
2211 2820 2349 2889 μήτε
2399 2817 2473 2877 εἷς
2530 2817 2653 2888 μίαν
2707 2817 2994 2870 ὑπόστασιν
3070 2814 3439 2887 συναιρεθέντα
3492 2811 3583 2865 τὸν
3628 2808 3724 2865 λό-

2085 2928 2179 2983 γον
2212 2908 2323 2979 (78)
2372 2904 2475 2960 δέει
2534 2903 2848 2976 πολυθείας,
2903 2902 3041 2978 ψιλὰ
3095 2902 3413 2957 καταλιπεῖν
3474 2903 3607 2973 ἡμῖν
3664 2898 3733 2952 τὰ

2090 2995 2350 3065 ὀνόματα,
2378 2995 2468 3051 τὸν
2503 2993 2661 3050 αύτὸν
2696 2993 2905 3070 Πατέρα
2933 2994 3023 3049 καὶ
3053 2994 3175 3047 Υἱὸν
3228 2991 3317 3045 καὶ
3366 2991 3516 3066 ἅγιον
3568 2992 3732 3044 Πνεῦ-

2093 3106 2167 3158 μα
2225 3078 2693 3157 ὑπολαμϐάνουσιο
2731 3085 2869 3155 μήτε
2927 3081 3001 3143 είς
3056 3084 3225 3157 τρεῖς,
3255 3081 3290 3147 ἣ
3328 3077 3594 3155 ἐκφύλοῦς
3644 3076 3737 3130 καὶ

2087 3172 2381 3246 ἀλλοτρίας
2439 3170 2790 3247 διαιρεθέντα,
2849 3172 2883 3239 ἣ
2941 3171 3200 3231 ἀτάκτους
3275 3168 3363 3223 καὶ
3440 3166 3735 3241 ἀνάρχους,

2092 3263 2181 3318 καὶ
2233 3263 2346 3317 οἷον
2398 3261 2585 3331 εἰπεῖν,
2637 3261 2911 3316 ἀντιθέους
2941 3262 3075 3333 (79),
3124 3259 3260 3334 πρὸς
3307 3256 3469 3312 κακὸν
3514 3252 3627 3309 ἴσον
3680 3252 3742 3308 έκ

2090 3356 2197 3407 τῶν
2245 3351 2496 3407 έναντίων
2554 3354 2888 3424 μεταπεσεῖν’
2943 3348 3124 3424 ὥσπερ
3186 3350 3353 3426 φυτοῦ
3406 3343 3738 3421 διαστροφῆς

2093 3440 2181 3497 ἐπὶ
2213 3442 2406 3516 θάτερα
2435 3436 2579 3493 πολὺ
2614 3435 3098 3513 μετακλινομένης.

2166 3536 2280 3585 AZ’.
2313 3533 2484 3604 Τριῶν
2518 3529 2620 3605 γὰρ
2648 3527 2816 3583 ὄντων
2848 3531 2954 3582 τῶν
2984 3523 3072 3581 νῦν
3118 3524 3241 3600 περὶ
3298 3525 3398 3594 τὴν
3456 3519 3737 3598 θεολογίαν

2096 3617 2564 3695 ἀρρωστημάτων,
2614 3615 2816 3686 ἀθείας,
2865 3615 2955 3671 καὶ
3016 3612 3380 3687 Ἰουδαϊσμοῦ,
3429 3613 3519 3668 καὶ
3565 3610 3737 3667 πολυ-

2096 3706 2262 3779 θεΐας,
2286 3708 2358 3760 ὦν
2387 3709 2486 3775 τῆς
2522 3707 2616 3778 μὲν
2650 3701 2955 3767 Σαϐέλλιος
3012 3704 3319 3780 προστάτης
3350 3703 3379 3757 ὁ
3410 3695 3577 3763 Λίϐυς
3625 3698 3737 3774 έγέ-

2095 3802 2368 3870 νετο,τῆς
2428 3793 2485 3850 δὶ
2542 3800 2759 3872 ’Ἄρειος
2818 3796 2846 3849 ὁ
2907 3790 3314 3869 Ἀλεξανδρεὺς,
3344 3794 3442 3861 τῆς
3498 3788 3557 3846 δέ
3604 3808 3739 3851 τινες

2101 4063 2215 4103 non
2248 4045 2437 4118 pauci,
2466 4061 2573 4118 nec
2594 4044 2896 4118 inutiliter,
2929 4044 3198 4118 retinent.

2171 4111 2282 4190 (72')
2315 4111 2768 4190 Ἀνταποδόσεωςἴ
2796 4111 2939 4171 Tres
2968 4115 3149 4187 Regii,
3181 4113 3421 4170 totidem
3452 4111 3638 4178 Colb.,

2100 4184 2195 4246 0!“.
2229 4184 2282 4256 4,
2314 4190 2468 4244 Pass.
2504 4184 2928 4241 ἀνταποδόσεων.

2170 4252 2308 4335 (73),
2343 4258 2799 4335 Σκυθρωποτέρας
2840 4276 2940 4335 ,τε
2982 4255 3070 4335 καί
3144 4252 3502 4335 ένδοξοτέρας.
3564 4254 3742 4326 Regg.

2101 4328 2424 4404 u,'op’timae
2447 4328 2793 4404 notaaetix,
2827 4329 3089 4404 Colb.‘3,
3123 4334 3180 4404 et
3208 4329 3267 4383 b.
3318 4328 3745 4404 Ρᾳρεεσκυθρως
3832 4363 3843 4372 .

2098 4396 2341 4476 ποτέρων
2372 4402 2464 4476 καὶ
2492 4396 2866 4476 ένδοξοτέρων.
3067 4396 3094 4451 ἀ
3129 4402 3199 4455 de
3248 4396 3745 4476 retributionem]

2097 4456 2350 4531 tristium
2384 4474 2470 4530 vel
2503 4456 2811 4543 bonorum.
2845 4495 2867 4525 ι
2907 4473 3050 4528 Gab.
3088 4495 3109 4521 ι
3144 4489 3323 4543 pinna
3354 4471 3443 4543 vel
3473 4470 3688 4542 gloriae.
3711 4490 3741 4520 υ

2168 4549 2281 4625 (74.)
2312 4545 2408 4625 [fati
2438 4545 2508 4625 τὸ.
2552 4541 2863 4625 κεφάλαιον.
2913 4541 3211 4625 Βὶρ-Βθςε.
3264 4541 3436 4625 hihi,
3470 4541 3515 4612 t,
3563 4546 3622 4596 et
3648 4543 3742 4596 01‘.

2098 4620 2151 4683 Ι,
2183 4618 2271 4671 καὶ
2303 4620 2465 4674 deest
2495 4618 2552 4671 in
2588 4615 2855 4689 pluribus
2888 4616 3055 4689 codd.
3090 4622 3146 4671 et
3175 4615 3235 4670 in
3264 4615 3405 4689 edit.

2168 4690 2279 4763 (75)
2326 4681 2612 4763 Ἀρχικιῖξ⁸
2675 4688 2905 4743 Addunt
2960 4686 3238 4763 editores_
3266 4685 3450 4763 Paris.
3505 4681 3596 4763 καὶ
3647 4687 3747 4751 τῆς

2104 4755 2596 4832 βασιλἰκῆς’,’”ίιιιεε
2655 4776 2770 4814 non
2824 4762 3150 4831 agnoscunt
3204 4756 3363 4831 Regii
3420 4755 3585 4811 codd.
3643 4770 3750 4811 nec

2099 4831 2272 4971 (331713)
2308 4902 2537 4975 Ὃσπερ,
2571 4902 2709 5028 Reg.
2741 4919 2790 4968 z,
2824 4895 3024 4974 ὥσπερ.

2164 4975 2276 5028 (77)
2308 4973 2588 5028 Φωτίζειν.
2688 4974 3008 5028 antismum
3059 4970 3151 5026 hic
3196 4968 3513 5028 signiﬁcari

2164 4969 2276 5046 (77)
2308 4969 2611 5046 Φωτίζειντ,
2642 4969 3008 5046 Baptismum
3059 4970 3151 5046 hic
3196 4969 3751 5046 signiﬁcaricepset

2092 5039 2289 5102 Camb.
2322 5039 2501 5101 Aliter
2536 5039 2841 5115 Eliasfqui
2876 5058 3075 5099 vocem
3114 5039 3328 5115 banc'a
3360 5039 3753 5115 pseudo-Dio-

2094 5118 2260 5188 nysio
2285 5121 2613 5172 mutuatam
2646 5112 2874 5188 asserit,
2910 5113 3180 5188 quamvis
3210 5112 3321 5168 isto
3343 5112 3625 5188 scriptore
3645 5128 3758 5167 an-

2093 5182 2407 5256 tiquiorem
2434 5204 2561 5243 esse
2592 5182 2954 5259 Theologum
2984 5185 3156 5241 hodie
3189 5187 3418 5241 constet
3447 5182 3603 5257 apud
3623 5199 3755 5240 eru-

2095 5261 2281 5401 dlt(9788.)
2312 5327 2690 5403 Συναιρεθέντα
2733 5329 2821 5403 rev
2884 5326 3078 5403 λόγον,
3114 5330 3223 5383 etc.
3273 5326 3377 5403 Hic
3426 5324 3590 5403 locus
3621 5340 3753 5403 ma-

2096 5398 2271 5485 gnam
2305 5398 2485 5457 aﬂ‘ert'
2516 5401 2709 5485 lucem
2734 5398 3009 5485 ,ἥδ’-ς]υρ
3065 5399 3123 5454 iu
3149 5399 3355 5481 .variis
3380 5398 3753 5485 orationibus

2097 5470 2303 5529 iisdem
2336 5490 2481 5545 pene
2509 5473 2701 5545 verbis
2730 5470 3415 5545 traditGregoriusgguori,
3446 5472 3505 5525 in
3534 5471 3665 5527 Bas.
3688 5486 3750 5526 n.

2094 5544 2202 5606 39;
2235 5542 2373 5599 orft
2414 5546 2485 5599 De
2516 5544 2682 5600 theol.
2732 5561 2790 5599 n.
2822 5544 2876 5610 5,
2908 5545 2971 5600 In
3002 5542 3119 5599 ηὰι.
3154 5559 3212 5599 n.
3244 5542 3333 5609 55,
3368 5544 3481 5597 etc.

2098 5686 2135 5744 ἁ
2168 5616 2279 5687 (79)
2344 5615 2669 5680 Ἀντιθέους.
2757 5613 2900 5672 Oliv.
2972 5637 3001 5666 α
3071 5618 3400 5687 pugnantes
3473 5613 3627 5670 inter
3688 5627 3750 5668 se

2139 5701 2257 5745 eos.
2295 5710 2314 5735 ιι
