4192 6204
388 337 509 401 448
846 390 855 399 .
1541 340 1832 403 ORATIO
1877 338 1953 400 II.
1986 371 2064 384 -—
2092 335 2655 399 APOLOGETICA.
3680 335 3798 396 M6

382 471 494 521 τῶν
528 464 655 542 ἄγαν
702 473 828 543 παρ’
872 469 1009 540 ¹ἡμῖν
1057 465 1356 544 όρθοδόξων
1408 472 1538 544 (80).
1583 470 1672 531 Τίς
1701 471 1729 524 ὁ
1761 468 1893 542 έμὸς
1944 468 2009 525 λό

2149 468 2355 523 drinus
2385 468 2556 522 Arius
2582 484 2595 534 ;
2620 467 3051 540 tertii,quidam
3086 483 3117 523 e
3148 466 3363 523 nostris
3394 466 3572 524 nimis
3602 467 3801 525 ortho-

384 576 526 631 γος;
587 560 696 609 τῶν
752 561 917 631 τριῶν
976 556 1100 611 ὅσον
1161 556 1269 611 ἐστὶ
1332 554 1597 634 βλαϐερὸν
1658 557 2007 636 διαφυγόντας

2144 556 2279 611 doxi
2308 574 2320 611 :
2356 573 2621 626 quaenam
2658 573 2782 612 mea
2818 556 2962 611 ratio
2994 562 3084 611 est
3108 556 3135 610 ‘2
3167 557 3470 622 nimirum,
3505 560 3573 611 ut
3619 556 3795 629 quid-

386 644 439 701 έν
473 645 623 721 ὅροις
678 643 850 719 μένειν
908 652 1007 715 τῆς
1064 642 1355 719 εὐσεϐείας,
1413 649 1500 701 καὶ
1556 651 1694 721 μήτε
1749 648 1883 723 πρὸς
1935 648 2002 715 τὴ

2143 646 2283 716 quid
2317 645 2378 701 in
2409 645 2499 699 his
2536 645 2723 701 tribus
2755 645 2909 700 noxii
2934 650 3041 713 est,
3058 645 3367 717 fugientes,
3383 644 3535 700 intra
3557 646 3793 718 pietatis

386 729 695 789 Σαϐελλίου
747 736 859 809 (81)
915 734 1091 791 ἀθείαν
1152 735 1211 791 έκ
1259 743 1361 806 τῆς
1411 744 1599 806 καινῆς
1666 738 1776 811 (82)
1831 736 2009 807 ταύτῃ

2144 739 2328 790 metas
2359 734 2774 804 consistamus,
2814 751 2877 788 ac
2910 751 3095 806 neque
3135 734 3193 788 in
3240 734 3478 789 Sabellii
3536 733 3792 791 atheiam

385 822 697 885 ἀναλύσεως
728 826 761 893 ἢ
792 826 1083 887 συνθέσεως
1134 823 1465 902 ὑπαχθῆναι,
1524 826 1600 899 μὴ
1654 823 1866 900 μᾶλλον
1917 832 1936 898 (
1978 829 2009 883 3

2140 840 2209 879 ex
2236 824 2343 878 hac
2368 840 2514 877 nova
2544 822 2897 877 resolutione
2926 828 3025 876 aut
3064 823 3484 894 compositione
3523 823 3790 880 devolva-

384 912 439 968 ’ἐν
466 912 531 967 τὰ
576 914 747 968 πάντα
792 914 827 983 ἦ
859 909 1028 986 μηδὲν
1077 910 1299 969 ’ἑκαστον
1347 914 1479 969 εἶναι
1511 914 1861 991 ὁριζομένους
1894 917 2007 989 (84)

2141 930 2295 979 mur,
2312 930 2426 968 non
2450 911 2979 982 magisomniahaac
3002 928 3207 978 unum,
3230 928 3399 982 quam
3426 914 3794 985 unumquod-

385 1002 570 1079 φεύγει
601 1002 701 1078 γὰρ
733 1002 861 1057 εἶναι
895 1002 1026 1079 ὅπερ
1059 1002 1199 1058 ἐστὶν
1241 1003 1316 1066 είς
1347 1002 1569 1074 ἄλληλα
1614 1008 2009 1081 μεταχωροῦντι

2141 1019 2253 1074 que
2284 1002 2492 1057 horum
2527 1001 2673 1055 nihil
2704 1017 2834 1055 esse
2868 1001 3319 1067 constituentes;
3344 1001 3401 1055 id
3434 1001 3610 1075 enim,
3636 1003 3791 1074 quod

382 1092 474 1145 καὶ
534 1086 943 1163 μεταϐαίνοντα·
981 1094 1014 1160 ἢ
1051 1091 1297 1147 σύνθετόν
1340 1113 1460 1147 τινα
1501 1092 1590 1147 καὶ
1638 1094 1836 1148 ἄτοπον
1896 1094 2009 1165 ἡμῖε

2140 1098 2301 1159 sunt,
2336 1109 2464 1148 esse
2497 1092 2796 1157 desierint,
2825 1097 3028 1147 mutuo
3052 1091 3203 1146 inter
3226 1109 3287 1146 se
3317 1093 3706 1148 commeantis
3735 1097 3793 1150 et

383 1181 535 1252 Θεὸν,
587 1179 768 1253 ὥσπερ
816 1181 885 1235 τὰ
932 1178 1155 1252 πυθώδη
1204 1186 1309 1236 τῶν
1363 1185 1514 1251 ζώων
1575 1186 2009 1259 σκιαγραφοῢντα

2140 1182 2508 1238 transeuntis
2536 1198 2550 1248 ;
2583 1186 2685 1236 aut
2718 1182 2961 1236 mistum
3005 1181 3319 1251 quemdam
3364 1184 3421 1235 et
3465 1182 3788 1240 absurdum

382 1267 470 1323 καθ
525 1266 985 1332 ἀναπλάττοντας*
1023 1272 1162 1341 μήτε
1206 1270 1300 1332 τὰς
1344 1270 1527 1347 φύσεις
1578 1270 1869 1344 τέμνοντας
1898 1290 2009 1325 κατι

2140 1271 2309 1327 nobis
2340 1271 2544 1337 Deum,
2562 1271 3063 1341 quemadmodum
3094 1268 3361 1325 fabulosa
3381 1271 3647 1341 quedam
3669 1271 3793 1329 ani-

377 1358 479 1426 τήν
542 1356 756 1433 ’Δρείου
981 1357 1163 1420 καλῶς
1230 1358 1615 1431 ὀνομασθεῖσαν
1679 1358 1892 1431 μανίαν,
1954 1358 2009 1413 εἴη

2140 1359 2335 1426 malis,
2370 1359 2771 1430 contingentes
2820 1363 2877 1412 et
2925 1359 3346 1414 adumbrantes
3382 1372 3396 1412 :
3432 1374 3537 1413 nec
3585 1375 3789 1417 rursus

378 1444 686 1516 Ἰουδαϊκήν
744 1446 923 1502 πενίαν
984 1450 1097 1517 (86)
1150 1446 1632 1517 κατακλεισθῆναι,
1689 1447 1777 1502 καὶ
1836 1448 2009 1524 φθόνοτ

2136 1449 2303 1519 juxta
2350 1447 2468 1502 Arii
2522 1446 2764 1519 pulchre
2818 1447 3182 1502 nominatum
3231 1447 3512 1516 furorem,
3546 1452 3791 1505 naturas

381 1534 686 1609 ἐπεισάγειν
730 1539 799 1609 τῇ
856 1536 973 1607 θείᾳ
1020 1535 1208 1612 φύσει,
1270 1536 1419 1610 μόνῳ
1469 1541 1547 1608 τῷ
1603 1536 1875 1611 ἀγεννήτῳ
1928 1537 2009 1606 τὴι

2139 1541 2430 1600 secantes,
2462 1535 2520 1589 in
2572 1535 2878 1591 Judaicam
2922 1536 3182 1606 inOpiam
3228 1535 3583 1606 redigamur,
3619 1540 3793 1608 atque

381 1623 613 1693 θεότητα
642 1623 1092 1703 περιγράφοντας,
1127 1625 1305 1699 ὥσπερ
1338 1624 1648 1687 δεδοικότας
1681 1627 1756 1698 μὴ
1791 1623 2009 1704 διαφθεί

2136 1623 2195 1679 in
2228 1624 2484 1679 divinam
2521 1629 2794 1701 naturam
2824 1623 3105 1678 invidiam
3138 1623 3513 1690 inducamus,
3540 1624 3665 1680 solo
3695 1625 3790 1681 in-

381 1733 534 1787 ροιτο
563 1716 677 1787 (87)
708 1715 842 1786 ἡμῖν
876 1715 903 1767 ὁ
935 1714 1087 1781 Θεὸς,
1121 1718 1252 1769 Θεοῦ
1286 1716 1469 1786 Πατὴρ
1522 1712 1595 1769 ὣν
1645 1714 1909 1784 ἀληθινοῦ
1938 1736 2005 1770 κα

2136 1712 2329 1786 genito
2361 1714 2633 1769 deitatem
2679 1712 3265 1781 circumsciibentes;
3300 1712 3539 1784 perinde
3578 1729 3645 1769 ac
3693 1728 3789 1769 ve-

380 1802 655 1875 ὁμοτίμου
685 1803 786 1872 τὴν
818 1801 992 1880 φύσιν·
1030 1806 1169 1877 μήτε
1209 1809 1354 1879 τρεῖς
1384 1804 1559 1880 ἀρχὰς
1591 1801 1867 1875 ἀλλήλαις
1899 1804 2026 1860 ἀντ-

378 1891 737 1966 επεξάγοντας
790 1894 903 1967 (88)
962 1894 996 1963 ἢ
1058 1892 1443 1955 συντάσσοντας
1520 1891 1862 1970 πολυαρχίαν
1920 1893 2025 1950 εἰσ-

378 1980 531 2057 άγειν
558 1982 670 2056 (89)
701 1979 1057 2056 Ἑλληνικὴν,
1091 1984 1156 2053 ἢν
1189 1982 1530 2061 πεφεύγαμεν

450 2161 579 2218 ΑΠ’.
640 2160 764 2216 Δέον
818 2162 958 2234 μήτε
1014 2160 1188 2225 οὕτως
1247 2161 1381 2217 εἴνάί
1427 2182 1577 2224 τινας
1628 2159 2021 2240 φιλοπάτορας,

375 2249 455 2313 ὥς
502 2250 591 2305 καὶ
638 2250 700 2305 τὸ
752 2250 888 2306 εἶναι
940 2249 1147 2323 Πατέρα
1194 2255 1490 2328 περιαιρεῖν
1536 2253 1668 2327 (91)·
1719 2251 1865 2314 τίνος
1916 2251 2020 2329 γὰρ

374 2337 437 2392 ἂν
467 2337 559 2393 καὶ
592 2336 671 2409 εἴη
706 2340 917 2415 Πατήρ,
945 2344 1043 2394 τοῦ
1094 2341 1221 2395 ficii
1266 2342 1364 2409 τήν
1415 2339 1570 2417 φύσιν
1609 2336 2020 2417 κεχωρισμένου

372 2428 464 2482 καὶ
522 2427 923 2502 ἀπεξενωμένου
974 2429 1109 2501 μετὰ
1154 2431 1252 2499 τῆς
1300 2429 1524 2492 κτίσεως
1555 2447 1569 2499 ;
1602 2429 1665 2485 οὐ
1712 2429 1813 2507 γὰρ
1859 2435 2019 2485 τοῦτο

372 2518 498 2580 Υἱὸς
549 2519 610 2572 τὸ
657 2516 947 2595 ἀλλότριον
998 2521 1032 2588 ἣ
1082 2516 1543 2596 συναλειφομένου
1589 2519 1725 2593 πρὸς
1772 2519 1864 2574 τὸν
1906 2525 2018 2575 Πα-

369 2606 524 2681 τέρα,
574 2606 663 2661 καὶ
712 2606 1102 2682 συγχεομένου,
1154 2606 1267 2663 ἱ¹σον
1301 2605 1359 2662 Si
1405 2608 1593 2681 εἰπεῖν,
1625 2609 1713 2664 καὶ
1756 2608 2017 2686 συγχέον-

369 2714 488 2757 τος·
552 2698 692 2767 μήτε
735 2700 989 2751 τοσοῦτον
1040 2694 1453 2773 φιλοχρίστους,
1511 2697 1587 2760 ὡς
1646 2699 1785 2770 μήτε
1837 2698 2017 2774 τούτῳ

373 2784 662 2861 φυλάττειν
695 2786 755 2839 τὸ
787 2785 919 2840 εἶναι
953 2786 1061 2855 Υἱῷ
1082 2788 1216 2853 (92)·
1244 2785 1408 2857 (τίνος
1429 2788 1532 2859 γὰρ
1564 2787 1624 2841 ἂν
1654 2786 1743 2842 καὶ
1774 2785 1857 2857 εἰή
1882 2791 2015 2861 (93),

375 2874 452 2944 μή
487 2874 621 2945 πρὸς
662 2875 839 2947 ἀρχὴν
882 2874 1277 2950 ἀναφερόμενος
1320 2876 1410 2928 τὸν
1459 2877 1663 2948 πατέρα
1686 2879 1723 2947 ς)
1758 2879 1895 2948 μήτε
1940 2884 2018 2949 τῷ

368 2961 545 3035 Πατρί
592 2962 655 3016 τὸ
700 2969 801 3030 τῆς
849 2962 1027 3037 ἀρχῆς
1063 2964 1293 3035 ἀξίωμα,
1323 2970 1423 3032 τῆς
1452 2964 1527 3025 ὡς
1575 2964 1739 3037 πατρὶ
1777 2965 1865 3019 καὶ
1896 2987 2015 3042 γεν-

364 3046 583 3123 νήτορι⁴
622 3054 827 3125 μικρῶν
870 3052 973 3127 γὰρ
1012 3050 1070 3105 ἂν
1114 3049 1195 3122 εἷή
1238 3052 1327 3107 καὶ
1378 3052 1601 3123 ἀναξίων
1646 3054 1817 3129 ἀρχὴ,
1882 3053 2020 3127 μᾶλ-

365 3136 466 3193 λον
502 3134 558 3193 δὲ
592 3144 801 3211 μικρῶς
846 3160 906 3194 τε
945 3140 1034 3195 καὶ
1083 3142 1198 3215 (94)
1226 3140 1472 3213 ἀναξίως,
1508 3143 1583 3213 μή
1634 3142 1892 3213 θεότητος
1940 3140 2012 3198 ὢν

365 3226 516 3303 ἀρχὴ
548 3205 638 3281 καὶ
669 3205 1028 3303 ἀγαθότητος,
1060 3205 1160 3298 της
1181 3205 1244 3284 ’ἐν
1573 3205 1853 3304 ,Πνεύματι
1884 3233 2015 3288 θεω·
2046 3205 2088 3271 C

365 3317 661 3390 ρουμένης’
722 3321 801 3389 τῷ
870 3319 963 3389 μὲν
1023 3318 1097 3380 ὡς
1155 3319 1266 3391 Υἱῷ
1316 3319 1405 3374 καὶ
1464 3319 1644 3397 Λόγῳ,
1703 3324 1781 3393 τῷ
1830 3318 1887 3375 δὲ
1939 3321 2015 3385 ὡς

364 3402 594 3480 προόδῳ
638 3406 728 3459 καὶ
783 3406 845 3461 οὐ
905 3403 1145 3479 διαλύτῳ
1358 3407 1667 3481 Πνεύματι’
1720 3407 1906 3481 ἐπειδή
1955 3431 2017 3486 γε

367 3494 662 3568 ἀναγκαῖον
712 3494 800 3550 καὶ
848 3496 939 3551 τὸν
987 3495 1081 3551 ἕνα
1148 3497 1275 3552 Θεὸν
1324 3503 1532 3573 τηρεῖν,
1582 3498 1670 3552 καὶ
1716 3500 1813 3561 τὰς
1867 3504 2015 3577 τρεῖς

367 3583 690 3646 ὑποστάσεις
738 3584 1030 3661 ὁμολογεῖν
1063 3629 1077 3655 ,
1127 3585 1215 3641 καὶ
1264 3586 1489 3657 ἑκάστην
1546 3587 1679 3660 μετὰ
1723 3595 1822 3658 τῆς
1875 3586 2015 3644 ἰδιό-

361 3692 553 3742 τητος.

456 3889 551 3958 80)
582 3885 940 3958 Ὀρθοδόξων.
981 3913 1010 3942 ‹‹
1045 3890 1269 3949 Ironice
1301 3913 1329 3942 »
1360 3892 1580 3949 dictum
1611 3897 1777 3958 putat
1822 3892 2004 3954 Elius.

450 3954 909 4035 81)Αξ;αξελλίὸυ.
956 3963 1051 4019 Sic
1103 3965 1341 4035 quidem
1387 3964 1545 4020 Colb.
1594 3954 1648 4033 3,
1697 3965 1753 4035 7,
1795 3966 2013 4035 aliique

354 4032 649 4104 nonnulli.
668 4032 1079 4091 Verumtamen
1108 4032 1313 4091 melior
1340 4037 1568 4092 videtur
1597 4032 1787 4104 lectio,
1806 4033 2012 4092 ῑαϐέλ-

352 4100 535 4179 λειονῇ
557 4104 1047 4179 ςμεω-οιὴίὺθᾲῑιι
1079 4106 1257 4179 Regg.
1281 4107 1449 4163 codd.
1483 4126 1535 4171 a,
1569 4113 1625 4164 et
1658 4125 1709 4174 e,
1741 4100 1799 4165 et
1829 4126 2007 4179 quam

354 4120 524 4171 Αειον,
559 4120 737 4231 quam
771 4120 1047 4161 eminent
1079 4120 1257 4179 negg.
1281 4120 1449 4163 coad.
1483 4126 1535 4171 a,
1569 4120 1625 4164 et
1658 4125 1709 4174 e,
1741 4120 1799 4165 et
1872 4126 2003 4167 nam

348 4176 476 4247 ipse
496 4176 576 4250 ,Bi
601 4176 715 4250 lius
745 4176 802 4231 in
835 4194 936 4250 ora
967 4177 1483 4250 Bas.ascripserat.
1505 4180 1699 4246 Porro,
1722 4185 1784 4235 ut
1804 4127 2003 4238 ciner-

346 4256 445 4321 vat
477 4248 649 4315 Gab.,
680 4248 992 4321 Gregorius
1023 4248 1558 4306 Sabellii'hseresim
1601 4253 1856 4308 atheinm
1890 4271 2003 4309 non

348 4320 491 4397 ideo
512 4326 833 4397 nuncupat,
852 4321 1006 4397 quod
1031 4320 1209 4397 Deum
1236 4322 1462 4397 nullum
1484 4339 1611 4378 esse
1636 4326 1875 4397 omnino
1900 4344 2004 4397 pu-

346 4395 568 4465 taret...
604 4392 703 4445 sed
745 4392 898 4463 quod
933 4393 1012 4446 ita
1044 4392 1269 4447 divinas
1296 4393 1641 4465 bypostases
1670 4392 2005 4464 resolveret,

348 4460 429 4535 vel
464 4460 860 4535 componeret,
888 4469 953 4518 ut
979 4480 1094 4517 non
1127 4465 1315 4535 magis
1339 4460 1531 4519 linum
1564 4482 1789 4535 omnes,
1825 4460 2003 4531 quam

350 4531 500 4609 nihil
528 4531 794 4609 singulas
822 4549 953 4589 esse
984 4531 1271 4609 definiret.
1289 4558 1316 4585 «
1339 4536 1484 4591 Nam
1517 4536 1575 4609 id
1609 4531 1954 4609 quod'sunt,
1974 4561 2001 4587 »

350 4549 500 4587 mnu
528 4549 794 4658 singulas
822 4549 953 4589 esse
984 4549 1316 4590 aenmret.«
1340 4549 1484 4591 nam
1517 4549 1575 4591 id
1609 4549 1763 4608 quoa
1796 4549 1954 4609 sunt,
1974 4561 2001 4587 »

349 4611 415 4660 ut
444 4603 529 4684 ait
554 4604 640 4684 Bil
670 4606 782 4673 ius,
820 4624 843 4653 ι
876 4621 1005 4684 esse
1035 4606 1336 4684 desinunt,
1368 4624 1499 4663 cum
1533 4608 1594 4662 in
1627 4624 1755 4664 sese
1798 4616 2002 4667 mutuo

2136 4549 2274 4596 ’ass.
2312 4549 2577 4611 sequitur
2609 4556 2621 4594 :

2136 4611 2260 4684 pia:
2318 4607 2651 4684 ὸιαιρεθέντα

348 4674 739 4748 conﬂuentes_,
762 4677 1147 4748 proprietates
1178 4674 1455 4733 amittunt
1486 4696 1644 4735 suas.
1688 4702 1716 4728 ››

419 4748 534 4817 (82)
564 4746 783 4816 Καινῆςῖ
834 4746 928 4804 Sic
978 4749 1112 4821 Reg.
1166 4749 1268 4816 hu,
1319 4750 1533 4874 aliique
1599 4751 1897 4821 permulti,
1944 4757 2000 4807 et

419 4834 434 4873 ι
465 4817 777 4874 legendum
809 4835 877 4874 ex
908 4823 999 4874 Or.
1033 4820 1093 4874 in
1134 4821 1341 4874 Athan.
1381 4838 1448 4874 oo
1475 4820 1695 4874 linitur.
1730 4824 1826 4874 ubi
1862 4825 1990 4874 Gre.

344 4818 434 4873 sic
460 4817 777 4890 legendum
809 4835 877 4890 ex
904 4823 999 4890 Or.
1033 4817 1093 4874 in
1134 4821 1341 4877 Athan.
1381 4817 1695 4890 colligitur,
1730 4824 1827 4878 ubi
1862 4817 1990 4879 Gre.

342 4885 553 4962 Βοήυέ
582 4890 681 4953 ait,
717 4885 1024 4945 Σαϐελλίου
1047 4891 1423 4964 καινοτομίας.
1453 4885 1992 4962 Ηὰὗθοῐόοῑιηιιιὶί,

342 4980 534 5027 κενης.

411 5033 529 5104 (83)
560 5032 650 5114 Μὴ
683 5029 918 5114 μᾶλλον,
946 5038 1056 5114 etc.
1093 5056 1136 5114 «_
1156 5035 1280 5114 Non
1309 5036 1496 5114 magis
1541 5053 1726 5114 unum
1776 5037 1993 5114 omnia,

378 5120 522 5160 nam
573 5104 717 5178 nihil
769 5121 896 5161 esse
946 5106 1178 5178 singula
1234 5104 1597 5164 definiéntes.
1636 5131 1663 5157 ››
1696 5109 1781 5164 Ita
1828 5104 1997 5165 vertit

380 5181 534 5231 etav.
568 5179 610 5230 t.
649 5175 717 5239 II,
749 5192 799 5231 c.
832 5178 887 5244 6,
921 5194 977 5232 n.
1012 5175 1073 5245 3,
1102 5196 1155 5245 p.
1200 5180 1290 5234 34.

408 5248 525 5372 (8'2)
581 5244 964 5320 Ὀριζομένους
997 5291 1011 5305 .
1054 5244 1200 5323 Ηθε
1233 5292 1245 5305 .
1304 5268 1340 5305 n
1376 5290 1391 5315 ,
1449 5248 1775 5322 ὁριζομένης
1814 5292 1828 5319 ,
1879 5268 1993 5308 non

337 5334 522 5373 male.

406 5390 523 5460 (85)
557 5388 791 5462 ’Δρείου.
829 5412 858 5440 ‹‹
910 5391 1104 5458 Arius,
1138 5414 1166 5441 ››
1228 5392 1423 5462 inquit
1469 5391 1645 5457 Elias,
1696 5413 1725 5441 «
1773 5410 1806 5447 a
1857 5392 1991 5447 belli

336 5462 552 5531 cupido
592 5466 650 5516 et
699 5461 921 5517 furioso
979 5463 1242 5519 daemone
1299 5461 1478 5519 Marte
1534 5480 1746 5518 nomen
1806 5464 1989 5519 duxit.

334 5531 571 5609 Quian,
606 5533 795 5605 pergit
822 5533 1175 5609 Gabrielius,
1194 5556 1221 5585 α
1246 5534 1340 5590 die
1372 5538 1518 5592 festo
1548 5539 1765 5609 Ἄρεος,
1792 5536 1848 5590 id
1879 5541 1989 5602 est,

335 5602 569 5669 Martis,
607 5602 783 5661 natus
814 5621 944 5662 esse
972 5605 1180 5661 fertur.
1216 5628 1245 5656 ››

414 5676 525 5745 (86)
560 5673 770 5731 Πενίαν.
802 5675 891 5732 Sic
941 5691 1144 5734 omnes
1186 5692 1334 5750 pene
1382 5677 1456 5734 ad
1508 5692 1691 5735 unum
1741 5677 1989 5736 codices.

2137 1818 2390 1872 reamur,
2424 1818 2495 1858 ne
2529 1802 2683 1857 Deus
2714 1801 2883 1856 nobis
2924 1806 3353 1873 corrumpatur,
3376 1801 3427 1857 si
3456 1801 3552 1857 Dei
3582 1802 3699 1857 veri
3730 1806 3789 1859 et

2136 1894 2345 1946 natura
2357 1890 2599 1964 aequalis
2612 1891 2781 1948 Pater
2802 1906 2929 1946 esse
2951 1890 3249 1958 credatur;
3274 1905 3379 1946 nec
3401 1891 3651 1963 denique
3673 1891 3788 1949 tria

2134 1980 2421 2052 principia
2437 1979 2592 2035 inter
2612 1996 2673 2036 se
2696 1984 3077 2052 opponentes,
3095 1979 3182 2035 vel
3203 1984 3631 2046 construentes,
3646 1996 3786 2053 gen-

2132 2068 2233 2126 tile
2254 2068 2574 2125 multorum
2605 2069 2918 2142 imperium
2939 2069 3092 2141 quod
3117 2069 3397 2141 fugimus,
3414 2069 3779 2127 invehamus.

2204 2158 2497 2215 XXXVIII.
2547 2159 2691 2215 Cum
2749 2162 2953 2215 contra
3000 2162 3283 2231 oporteat,
3330 2174 3437 2214 nec
3495 2158 3785 2229 quosdam

2133 2246 2320 2304 Patris
2346 2264 2542 2303 amore
2572 2247 2653 2303 ita
2682 2247 2861 2313 afﬁci,
2894 2251 2959 2303 ut
2988 2248 3164 2303 etiam
3194 2247 3266 2303 ab
3296 2264 3361 2303 eo
3412 2247 3566 2319 quod
3614 2246 3785 2304 Pater

2132 2337 2210 2393 sit
2239 2337 2509 2393 auferant
2534 2353 2547 2393 :
2585 2338 2753 2409 cujus
2775 2337 2930 2394 enim
2960 2337 3129 2394 Pater
3160 2337 3353 2406 fuerit,
3386 2336 3436 2407 si
3469 2334 3648 2391 Filius
3678 2350 3781 2392 na-

2130 2431 2262 2485 tura
2290 2428 2678 2502 disjungatur,
2712 2434 2886 2500 atque
2918 2446 3033 2484 una
3062 2445 3196 2484 cum
3227 2428 3402 2484 rebus
3440 2427 3649 2483 creatis
3685 2442 3777 2483 se-

2128 2518 2465 2573 moveatur?
2504 2534 2620 2574 non
2676 2518 2832 2575 enim
2876 2517 3051 2574 Filius
3104 2522 3210 2583 est,
3258 2518 3412 2589 quod
3462 2521 3767 2573 externum

2128 2610 2304 2677 atque
2334 2604 2590 2662 alienum
2620 2611 2709 2662 est
2740 2624 2753 2662 :
2788 2611 2888 2661 aut
2928 2622 3059 2660 cum
3110 2605 3277 2660 Patre
3324 2604 3763 2676 permiscentur,

2127 2698 2300 2766 atque
2331 2695 2739 2760 confundatur,
2771 2711 3022 2766 eumque
3054 2694 3268 2765 pariter
3290 2693 3635 2748 confundat:
3662 2708 3768 2749 nec

2128 2800 2333 2839 rursus
2363 2783 2445 2839 ita
2472 2783 2682 2839 Christi
2713 2787 2979 2838 amantes
3012 2800 3159 2847 esse,
3189 2787 3254 2838 ut
3291 2799 3395 2837 nec
3444 2782 3495 2837 ei
3528 2780 3632 2836 ﬁlii
3664 2797 3769 2836 no-

2129 2889 2259 2926 men
2292 2877 2539 2939 servent,
2560 2874 2751 2942 (cujus
2780 2872 2933 2926 enim
2959 2871 3138 2926 Filius
3165 2870 3423 2940 fuerit,si
3452 2870 3520 2924 ad
3540 2874 3769 2926 Patrem

2126 2964 2407 3032 tanquam
2441 2961 2509 3015 ad
2542 2977 2781 3015 causam
2806 2977 2921 3016 non
2946 2959 3287 3027 referatur?)
3310 2976 3411 3014 nec
3442 2959 3593 3015 Patri
3617 2958 3772 3031 prin-

2127 3049 2261 3119 cipii
2293 3054 2555 3105 servetur
2583 3049 2859 3120 dignitas,
2885 3064 3009 3120 quas
3049 3049 3098 3103 ei
3142 3052 3206 3103 ut
3237 3048 3386 3104 Patri
3421 3052 3477 3103 et
3519 3047 3769 3119 genitori

2127 3137 2423 3210 competit.
2452 3139 2761 3193 Parvorum
2792 3137 2945 3193 enim
2974 3153 3113 3192 sane
3134 3141 3191 3192 et
3212 3136 3587 3209 indignorum
3607 3136 3769 3209 prin-

2126 3225 2341 3298 cipium
2377 3225 2567 3293 fuerit,
2598 3224 2705 3292 vel,
2740 3233 2800 3279 ut
2824 3225 3037 3280 rectius
3065 3225 3291 3296 loquar,
3315 3242 3486 3297 parve
3525 3228 3582 3280 et
3612 3224 3767 3280 indi-

2124 3330 2256 3387 gne,
2299 3313 2410 3369 nisi
2458 3314 2780 3369 divinitatis
2823 3319 2881 3369 et
2925 3314 3203 3369 bonitatis
3250 3314 3406 3369 illius
3451 3330 3629 3369 causa
3667 3313 3766 3382 sit,

2124 3420 2251 3476 qum
2282 3404 2343 3458 in
2374 3402 2515 3458 Filio
2547 3408 2603 3457 et
2633 3403 2851 3475 Spiritu
2884 3408 3085 3458 sancto
3117 3402 3763 3470 consideratur;inillo,

2124 3492 2384 3563 inquam,
2405 3495 2470 3546 ut
2500 3490 2641 3545 Filio
2672 3495 2730 3546 et
2756 3492 2965 3557 Verbo,
2994 3490 3052 3545 in
3082 3491 3191 3546 hoc
3223 3496 3412 3545 autem
3455 3495 3518 3545 ut
3562 3507 3769 3563 proce-

2124 3582 2313 3646 dente,
2339 3597 2403 3635 ac
2423 3579 2666 3635 minime
2689 3579 2924 3635 solubili
2946 3580 3186 3651 Spiritu.
3205 3579 3685 3651 Quandoquidem
3711 3584 3769 3636 et

2123 3669 2307 3726 Deum
2340 3684 2523 3724 unum
2557 3668 2804 3724 retinere
2836 3684 3071 3724 necesse
3103 3672 3209 3738 est,
3243 3672 3301 3722 et
3333 3672 3452 3723 tres
3479 3669 3575 3723 aa
3629 3684 3764 3740 per-

2123 3774 2297 3815 sonas
2320 3756 2601 3825 conﬁteri,
2623 3761 2797 3829 atque
2817 3773 2949 3813 cum
2967 3774 3074 3813 sua
3087 3772 3381 3829 quamque
3393 3756 3765 3828 proprietate.

2122 3901 2263 3972 Reg.
2296 3895 2506 3972 μανίαν,
2539 3914 2656 3972 non
2687 3902 2857 3955 recte.

2192 3966 2752 4052 (ξγ)ριαφθὶίρριτο,,
2787 3974 2898 4052 etc.
2945 3990 2974 4052 s
3016 3968 3096 4024 Ne
3142 3970 3341 4052 pereat
3374 3966 3541 4052 nobis
3592 3968 3763 4037 Deus,

2119 4043 2169 4099 si
2199 4038 2297 4098 'sit'
2317 4038 2481 4098 Pater
2508 4038 2607 4097 Dei
2639 4042 2754 4097 veri
2786 4045 2843 4096 et
2872 4044 3080 4095 natura
3108 4038 3219 4095 sibi
3251 4038 3507 4110 aequalis.
3542 4061 3564 4091 ι

2190 4111 2828 4186 (88)-Ἀντεπεξάγοντας.
2862 4135 2890 4161 ‹‹
2935 4112 3200 4186 sumpta,
3235 4112 3292 4186 n_i
3320 4109 3538 4186 (fallor,
3589 4131 3618 4159 »
3669 4109 3765 4186 in-

2161 4180 2246 4240 uit
2284 4180 2662 4266 'Gabrielius,
2706 4207 2763 4266 «_
2789 4180 3155 4266 metaphora
3182 4200 3215 4236 a
3242 4181 3411 4266 bello
3453 4199 3466 4250 ;
3516 4180 3762 4253 ἀντεπεξ-

2150 4275 2267 4331 γειν
2292 4256 2453 4331 εειιζῐῐι⁸
2476 4255 2701 4331 proprie
2732 4256 2801 4311 de
2833 4253 3015 4331 copiis
3046 4254 3156 4309 dici
3190 4253 3450 4331 videtur.
3487 4274 3516 4331 η

2187 4328 2299 4398 (89)
2328 4322 2597 4400 Εἰσάαξεινζ
2647 4328 2739 4382 Sic
2794 4322 3055 4398 plerique
3102 4326 3270 4380 codd.
3319 4326 3465 4381 Male
3497 4329 3627 4384 Par.
3658 4322 3767 4378 εἱσ-

2114 4416 2357 4451 αγαγειν.

2149 4417 2694 4543 γῗέὄςνύεφεύγαμεν.
2724 4469 2792 4543 _In
2826 4469 3028 4543 paucis
3058 4467 3378 4543 codicibus,
3414 4484 3561 4543 quos
3601 4468 3766 4543 inter

2110 4534 2289 4596 Pass:
2312 4534 2621 4611 sequitur:
2661 4540 2799 4664 μήτε
2827 4534 2931 4600 ἐἷς
2979 4544 3126 4613 τρεῖς
3174 4534 3447 4615 έκφόλουξ
3470 4537 3559 4592 καὶ
3590 4534 3762 4591 ἀλλο-

2110 4611 2260 4664 τρίας
2318 4607 2651 4664 διαιρεθέντα
2742 4612 2969 4664 τάκτους
3028 4611 3117 4664 καὶ
3186 4610 3456 4664 ἀνάογους
3512 4608 3601 4664 καὶ
3649 4609 3762 4663 οἷον

2112 4611 2260 4736 τρίας
2318 4610 2667 4684 διαιρεθέντα
2709 4610 2969 4671 ἀτάκτους
3016 4610 3117 4664 ’καὶ
3186 4610 3456 4694 ἀνάρχους
3512 4610 3601 4664 καὶ
3649 4610 3765 4663 οἷον

2112 4701 2135 4737 ε
2162 4687 2280 4737 πεῖν
2314 4681 2609 4744 ἀντιθέους.
2646 4682 2853 4739 Verum
2886 4683 3006 4737 haec
3039 4684 3336 4754 adjectitia
3365 4686 3504 4739 sunt
3553 4697 3658 4737 nec
3703 4682 3764 4737 in

2111 4755 2371 4811 melioris
2404 4759 2549 4825 notae
2582 4755 2882 4825 codicibus
2913 4754 3216 4825 leguntur.

2320 4826 2407 4901 ’ῼς
2452 4824 2541 4878 καὶ
2586 4824 2656 4901 τὸ
2696 4824 2835 4901 εἶναι
2882 4823 3521 4901 ΙΙματέραᾼπεριαιρεῖν..ι‹
3563 4823 3764 4901 ῌῑμαὶ)

2106 4893 2193 4952 ου’
2213 4898 2270 4951 id
2302 4896 2478 4951 etiam
2506 4897 2660 4967 quod
2696 4897 2858 4952 Pater
2888 4898 2984 4963 sit,
3017 4893 3299 4951 auferant.
3325 4893 3497 4961 "Quod
3534 4894 3615 4967 ait
3642 4893 3766 4948 Bil-

2104 4967 2220 5023 lius
2254 4985 2267 5023 :
2299 4990 2324 5017 «
2362 4965 2547 5023 Patris
2581 4984 2790 5023 nomen
2825 4969 2936 5038 ipsi
2972 4969 3253 5031 adimant,
3287 4990 3314 5016 »
3347 4983 3462 5022 non
3495 4965 3650 5038 satis,
3674 4968 3767 5021 est

2107 5044 2307 5094 eontra
2328 5038 2673 5104 Sabellium,
2690 5040 2791 5109 qui
2815 5036 3003 5094 Patris
3026 5057 3233 5095 nomen
3257 5057 3369 5094 non
3395 5036 3759 5094 detrahebat.

2105 5109 2249 5167 Oliv.
2284 5132 2305 5160 ι
2345 5114 2409 5165 ut
2438 5110 2487 5166 ei
2521 5127 2645 5165 esse
2675 5109 2927 5178 Patrem,
2960 5132 2989 5159 ››
3021 5116 3129 5165 etc.

2177 5182 2290 5253 (92)
2321 5179 2391 5234 Τὸ
2424 5179 2553 5233 εἶναι
2588 5180 2713 5250 Υἱῷ.
2748 5204 2775 5232 ‹‹
2811 5182 2972 5249 Quod
3004 5181 3079 5237 sit
3120 5178 3323 5247 Filius,
3352 5195 3480 5237 esse
3523 5179 3756 5250 Filium,

2103 5258 2498 5308 conservetur.
2535 5274 2563 5301 ››

2174 5325 2287 5395 (93)
2317 5324 2440 5393 Ε’ίη.
2477 5323 2653 5378 Addit
2682 5322 2859 5395 Coisl.
2903 5325 2952 5390 1,
2986 5322 3120 5383 υἱός.

2172 5392 2293 5463 (94)
2325 5398 2545 5469 hincqu
2574 5413 2633 5447 τε
2658 5393 3010 5469 καίηῌαοοηῐ
3044 5394 3317 5469 permulti
3351 5392 3756 5468 Regg.,Colb.,

2101 5466 2281 5539 01271,
2312 5466 2455 5539 Jes.,
2489 5468 2675 5539 Pass,
2710 5466 2832 5539 Bill.
2863 5471 3078 5539 μικρῷς
3112 5467 3201 5519 ἅτε
3231 5467 3341 5520 καί.

2170 5510 2285 5609 (95)
2314 5538 2403 5598 Ὠς
2442 5510 2675 5619 προόδῳ⁸
2698 5536 2785 5591 καὶ
2822 5510 3187 5619 οὐῗδιὲλξτῆῳ..
3222 5561 3248 5586 ‹‹
3295 5537 3685 5619 Processione,
3722 5554 3752 5619 τ

2100 5604 2215 5681 seu
2237 5604 2277 5659 ‹‹’
2299 5604 2690 5681 ριιοοοέείοοίε
2722 5610 2991 5665 termino.
3027 5631 3055 5658 ››
3089 5604 3231 5666 Gab.
3272 5630 3297 5662 ε
3336 5613 3399 5665 ut
3432 5608 3489 5661 in
3530 5623 3617 5674 eo,
3652 5604 3751 5677 qui

2100 5678 2592 5739 indissolubiliter
2622 5681 2899 5753 procedit,
2934 5680 3175 5754 Spiritu.
3210 5706 3232 5732 ι
