4184 6202
426 366 539 426 υτ

1662 371 1726 433 8.
1780 370 2152 433 GREGORII
2196 370 2591 433 THEOLOGI

3713 370 3832 431 “8

496 499 730 557 XXXIX.
765 501 874 557 Sed
908 501 978 557 ad
1010 500 1132 558 haec
1179 501 1576 575 intelligenda,
1609 508 1666 559 et
1719 503 1864 559 satis
1906 518 2070 557 com-

2257 506 2374 557 AO'.
2432 500 2586 554 Ταῦτ’
2644 497 2734 553 οὖν
2791 498 3126 576 μακροτέρου
3180 500 3271 571 μὶν
3322 499 3356 567 ἧ
3406 498 3540 553 κατὰ
3570 498 3660 553 τὸν
3693 512 3835 568 παρ’

430 591 601 644 mode
624 606 689 643 ac
720 607 820 660 pro
847 591 1128 661 dignitate
1158 592 1787 665 declaraadaJonginri
1814 592 2074 646 oratione

431 693 579 748 opus
611 677 802 745 fuerit,
838 696 1011 749 quam
1045 696 1294 749 prmsens
1329 682 1685 745 institutum,
1720 690 1890 751 atque
1931 680 2072 734 adeo

427 767 546 820 vita
582 767 695 820 haec
729 768 892 822 ferat.
927 769 1074 831 Quin
1107 769 1174 822 ad
1210 769 1263 823 id
1300 770 1515 841 potius,
1550 775 1604 823 et
1627 786 1799 835 nunc,
1834 773 1889 822 et
1919 784 2071 823 sem-

430 871 555 926 per,
587 872 734 926 opus
768 857 940 911 fuerit
968 858 1205 929 Spiritu,
1241 875 1342 929 per
1389 876 1558 929 quem
1591 858 1779 913 solum
1814 858 1989 924 Deus,
2019 860 2075 910 et

430 942 799 1014 intelligitur,
834 952 891 1000 et
946 948 1274 1017 exponitur,
1307 952 1365 1003 et
1422 948 1676 1001 auditur.
1720 947 1855 1001 Puri
1915 945 2072 1001 enim

433 1030 713 1087 duntaxat
744 1039 852 1102 est,
888 1034 944 1087 id
978 1035 1262 1105 attingere
1294 1037 1446 1105 quod
1481 1053 1691 1107 purum
1723 1040 1830 1097 est,
1865 1036 2075 1105 suique

427 1135 661 1191 semper
706 1122 916 1177 simile.
969 1127 1099 1177 Haec
1148 1129 1341 1178 autem
1395 1125 1609 1179 idcirco
1654 1124 1712 1178 in
1768 1123 2076 1193 prmsentia

423 1209 629 1279 paucis
660 1212 1270 1278 commemoravimus,
1304 1218 1367 1267 ut
1398 1214 1552 1268 istud
1588 1213 1826 1284 planum
1859 1212 1976 1280 fiat,
2000 1212 2073 1279 ei,

418 1296 519 1366 qui
551 1298 621 1352 de
651 1298 832 1354 tantis
864 1301 1039 1355 rebus
1071 1302 1525 1372 disputationem
1564 1302 1791 1365 habeat,
1834 1315 2074 1371 praeser-

421 1388 525 1442 tim
561 1390 715 1459 apud
751 1391 1207 1458 multitudinem,
1226 1410 1351 1462 quae
1377 1411 1442 1447 ex
1471 1393 1646 1448 variis
1670 1391 1936 1447 aetatibus
1958 1390 2077 1444 ani-

421 1476 621 1549 mique
658 1479 1063 1535 affectionibus
1098 1482 1346 1535 conﬂata
1380 1485 1486 1551 est,
1520 1499 1584 1536 ac
1616 1481 1827 1535 musici
1876 1480 2073 1549 cujus-

422 1566 557 1620 dam
592 1567 966 1623 instrumenti
1002 1568 1203 1624 multis
1236 1570 1449 1625 ﬁdibus
1480 1570 1803 1625 constantis
1848 1570 1905 1621 in
1956 1584 2075 1622 mo-

421 1655 585 1721 dum,
608 1656 783 1711 variis
814 1657 1086 1729 pulsibus
1118 1675 1266 1730 opus
1295 1659 1491 1725 habet,
1516 1658 1753 1713 difﬁcile
1781 1656 2070 1729 ejusmodi

425 1744 747 1800 orationem
766 1746 1045 1811 invenire,
1065 1764 1189 1817 quae
1209 1764 1412 1803 omnes
1435 1747 1783 1802 concinnare
1806 1763 1870 1800 ac
1893 1745 2073 1800 scien-

421 1831 518 1887 tias
545 1832 765 1888 lumine
788 1834 1127 1890 collustrare
1148 1836 1364 1907 possit:
1393 1852 1506 1891 non
1541 1836 1712 1890 modo
1744 1836 2069 1906 quod,cum

423 1920 483 1977 in
516 1922 705 1977 tribus
735 1922 827 1977 his
858 1923 1029 1978 rebus
1064 1924 1387 1995 periculum
1421 1928 1700 1993 versetur,
1728 1923 1840 1977 hoc
1873 1926 1963 1976 est
2011 1922 2068 1975 in

424 2015 635 2076 mente,
671 2014 725 2065 et
758 2028 1046 2080 sermone,
1071 2018 1244 2083 atque
1277 2013 1570 2079 auditu,si
1605 2029 1715 2067 non
1748 2012 1817 2067 ad
1852 2011 2070 2080 omnia,

428 2098 499 2154 ad
532 2115 714 2153 unum
748 2104 901 2155 certe
945 2100 1178 2172 aliquod
1229 2102 1439 2156 horum
1491 2101 1778 2156 oil‘endere
1840 2116 2075 2154 necesse

427 2191 552 2255 est;
585 2192 686 2242 aut
732 2188 888 2243 enim
937 2205 1104 2245 mens
1154 2190 1393 2245 minime
1440 2189 1768 2244 illuminata
1814 2192 1922 2257 est,
1974 2192 2075 2243 aut

428 2291 621 2331 sermo
651 2276 932 2347 elanguit,
963 2283 1063 2332 aut
1092 2277 1343 2350 denique
1373 2278 1533 2334 auris
1564 2278 1723 2333 haud
1756 2278 1899 2333 satis
1939 2294 2075 2348 pur-

423 2368 559 2437 gata
588 2364 827 2420 minime
857 2369 1106 2437 excepit:
1126 2371 1299 2438 atque
1328 2384 1395 2423 ex
1423 2367 1632 2422 borum
1666 2384 1779 2422 uno
1811 2381 2076 2437 peraeque

429 2460 606 2525 atque
655 2470 723 2509 ex
771 2454 1044 2511 omnibus
1093 2456 1303 2511 veritas
1354 2456 1646 2511 claudicet
1693 2470 1929 2511 necesse
1960 2457 2071 2510 est.

2184 587 2309 642 όντα
2364 589 2548 661 καιρὸν
2582 631 2598 658 ,
2652 589 2806 659 οἶμαι
2863 585 2920 641 δὲ
2976 586 3064 639 καὶ
3129 586 3242 660 βίον
3277 633 3293 658 ,
3348 590 3446 641 τοῦ
3520 585 3688 660 λόγου
3742 587 3831 641 καὶ

2182 680 2366 745 νοῆσαι
2417 676 2504 731 καὶ
2558 684 2897 752 παραστῆσαι
2973 677 3167 737 ἱκανῶς
3225 696 3283 729 τε
3338 675 3427 729 καί
3488 676 3609 729 ὅσον
3657 674 3826 747 ἄξιον·

2186 763 2489 838 μᾶλλονδὲ
2534 764 2623 819 καὶ
2669 763 2756 819 νῦν
2806 765 2895 819 καὶ
2943 764 3022 818 ἀεὶ
3070 769 3166 818 τοῦ
3215 762 3544 837 Πνεύματος,
3576 764 3620 835 ᾧ
3676 764 3829 837 μόνῳ

2183 858 2312 916 Θεὸς
2360 855 2445 909 καὶ
2494 860 2694 909 νοεῖται
2744 854 2833 907 καὶ
2878 853 3225 927 ἑρμηνεύεται
3272 854 3360 907 καὶ
3409 852 3680 909 ἀκούεται.
3723 860 3828 908 Κα-

2184 948 2331 1018 θαρῷ
2359 944 2459 1018 γὰρ
2643 942 2803 1015 μόνον
2856 942 3047 996 άπτέον
3096 946 3192 995 τοῦ
3240 946 3477 1017 καθαροῦ
3519 941 3608 996 καὶ
3649 941 3827 995 ὡσαύ-

2181 1052 2289 1093 τως
2322 1030 2567 1107 ἔχοντος
2612 1031 2672 1085 οὗ
2706 1028 2752 1084 δ’
2802 1028 2972 1085 εἵνεκα
2998 1032 3107 1103 (97)
3139 1035 3228 1084 νῦν
3262 1028 3311 1085 ἰν
3357 1028 3533 1105 ὀλίγῳ
3566 1027 3826 1099 διεληλύ-

2183 1122 2371 1192 θαμεν,
2396 1117 2468 1173 ἵν’
2500 1120 2671 1175 ἐκεῖνο
2720 1116 3083 1191 δηλώσωμεν,
3118 1117 3199 1173 ὅτι
3250 1116 3496 1195 χαλεπδν
3543 1117 3593 1172 ἐν
3625 1118 3826 1189 πλήθει

2189 1209 2444 1283 μάλιστα,
2494 1207 2615 1281 περί
2666 1207 3005 1277 τηλικούτων
3058 1206 3464 1283 διαλεγόμενον,
3520 1208 3579 1262 ἐκ
3625 1229 3823 1263 παντοο

2186 1295 2358 1366 δαπῆς
2410 1299 2742 1373 συγκειμένῳ
2799 1297 2888 1351 καὶ
2936 1296 3156 1367 ἡλικίας
3205 1297 3293 1351 καὶ
3336 1294 3517 1368 ἕξεως,
3570 1299 3683 1351 οἷον
3735 1295 3829 1372 ὀρ-

2182 1388 2327 1462 γάνῳ
2376 1386 2479 1439 τινὶ
2538 1384 2881 1461 πολυχόρδῳ
2950 1383 3221 1464 διαφόρων
3278 1383 3520 1459 δεομένῳ
3576 1387 3665 1440 καὶ
3720 1390 3829 1440 τῶν

2183 1477 2503 1551 κρουμάτων
2557 1478 2690 1547 (98),
2744 1476 2913 1548 εὑρεῖν
2964 1496 3083 1529 τινα
3128 1477 3218 1530 τὸν
3269 1478 3470 1536 πάντας
3518 1474 3829 1549 καταρτίσαι

2184 1562 2475 1635 δυνάμενον
2529 1562 2718 1637 λόγον,
2767 1564 2855 1617 καὶ
2907 1562 3220 1639 λαμπρῦναι
3267 1566 3384 1633 (99)
3415 1564 3493 1634 τῷ
3542 1563 3678 1642 φωτὶ
3727 1569 3830 1633 τῆς

2181 1654 2460 1727 γνώσεωςο
2488 1652 2549 1706 ού
2602 1652 2764 1725 μόνον
2818 1652 2899 1706 ὅτι
2934 1651 2985 1706 ἐν
3018 1652 3160 1727 τρισὶ
3189 1651 3404 1713 τούτοις
3450 1656 3546 1706 τοῦ
3583 1649 3830 1707 κινδύνου

2182 1740 2524 1811 σαλεύοντος,
2558 1738 2766 1811 διανοίᾳ
2785 1744 2863 1811 (1)
2891 1740 2979 1795 καὶ
3032 1738 3180 1816 λόγῳ
3210 1741 3296 1794 καὶ
3329 1740 3489 1813 ἀκοῇ,
3542 1741 3830 1814 ἀναγκαῖον

2180 1830 2302 1905 περὶ
2334 1827 2387 1884 ἓν
2421 1829 2483 1903 γέ
2511 1850 2561 1882 τι
2614 1829 2844 1901 τούτων,
2878 1830 2922 1883 εί
2952 1830 3041 1883 καὶ
3078 1831 3152 1902 μή
3186 1830 3359 1883 πάντα
3390 1832 3488 1902 (2),
3521 1834 3829 1904 προσπταῖ-

2180 1939 2287 1973 σαι·
2322 1920 2356 1987 ii
2390 1918 2492 1993 γὰρ
2527 1918 2625 1973 οὐκ
2673 1916 2986 1995 ὲνελάμφθη
3020 1920 3096 1991 (3)
3127 1922 3273 1989 νοῦς,
3305 1919 3341 1986 ἢ
3396 1917 3562 1992 λόγος
3591 1919 3831 1988 ἠσθὲνη-

2183 2028 2292 2074 σεν,
2347 2009 2381 2075 ἣ
2438 2006 2535 2061 οὐκ
2593 2006 2872 2082 ἐχώρησεν
2931 2006 3067 2074 ἀκοή
3132 2008 3206 2078 μή
3265 2005 3677 2080 κεκαθαρμένη’
3735 2005 3829 2061 καὶ

2184 2094 2391 2168 ὁμοίως
2449 2098 2526 2167 (4)
2586 2094 2635 2164 ἐξ
2696 2094 2812 2155 ἑνὸς
2866 2094 3072 2149 τούτων
3132 2095 3221 2149 καὶ
3284 2096 3499 2148 πάντων
3556 2094 3826 2170 χωλεύειν

2183 2184 2385 2259 ἀνάγκη
2417 2185 2515 2252 τήν
2550 2182 2829 2253 ἀλήθειαν·
2862 2182 2989 2238 ἀλλ’
3036 2182 3118 2237 ὅτι
3158 2184 3249 2237 καὶ
3279 2184 3307 2237 ’ὀ
3341 2186 3410 2255 (5)
3442 2189 3559 2245 τοῖς
3602 2182 3741 2238 ἄλλο
3772 2205 3827 2238 τι

2185 2271 2451 2328 διδάσκειν
2488 2271 2943 2348 ὑπισχνουμένοις
2993 2272 3181 2347 ῥᾷστον
3234 2277 3381 2326 ποιεῖ
3423 2272 3515 2327 τὸν
3547 2271 3708 2347 λόγον
3736 2272 3828 2327 καὶ

2184 2358 2599 2436 εύπαράδεκτον,
2630 2364 2664 2429 ἠ
2713 2364 2820 2415 τῶν
2867 2359 3171 2415 ἀκουόντων
3222 2355 3475 2415 εὐλάϐεια
3518 2364 3616 2432 (6),
3663 2364 3828 2415 τοῦτο

2183 2450 2409 2505 ἐνταῦθα
2437 2453 2471 2519 ἡ
2509 2450 2681 2522 ζημία
2704 2449 3014 2504 καθίσταται
3044 2448 3133 2504 καί
3164 2451 3191 2505 ὁ
3222 2447 3592 2526 κίνδυνος.(7).

423 2541 643 2598 Verum
674 2543 847 2598 etiam
890 2544 1031 2614 quia
1077 2543 1135 2598 id
1186 2545 1338 2615 quod
1371 2545 1485 2609 his,
1519 2545 1619 2615 qui
1658 2544 1815 2599 aliud
1848 2543 2147 2615 quoddam
2177 2541 2450 2597 doctrina:
2496 2557 2681 2613 genus
2714 2541 3078 2612 profitentur,
3110 2540 3338 2597 facilem
3366 2544 3423 2595 et
3453 2539 3829 2612 plausibilem

428 2646 758 2687 sermonem
791 2632 1000 2697 reddit,
1033 2632 1139 2688 hoc
1172 2638 1260 2689 est
1290 2634 1622 2689 auditorum
1657 2633 1878 2705 religio,
1912 2634 1970 2686 in
2002 2631 2419 2687 detrimentum
2451 2635 2509 2685 et
2537 2630 2861 2701 periculum
2894 2629 2987 2684 hic
3016 2630 3193 2685 cedit.

495 2719 603 2775 XL.
637 2718 709 2775 Ut
753 2721 911 2774 enim
961 2722 1032 2776 de
1083 2722 1214 2790 Deo,
1253 2738 1319 2776 ac
1366 2739 1427 2777 re
1477 2721 1741 2777 omnium
1794 2721 2068 2787 maxima,

2249 2719 2334 2773 Μ’.
2368 2717 2453 2777 Ὡς
2502 2719 2602 2791 γὰρ
2653 2715 2774 2789 περὶ
2826 2720 2959 2770 Θεοῦ
3008 2714 3097 2769 καὶ
3141 2720 3237 2770 τοῦ
3291 2714 3544 2791 μεγίστου
3592 2720 3697 2770 τῶν
3732 2710 3825 2769 ὅν-

428 2809 605 2877 atque
634 2807 762 2878 ipsa
792 2807 998 2874 salute,
1024 2814 1079 2864 et
1107 2809 1294 2880 prima
1325 2810 1599 2865 omnibus
1628 2827 1750 2881 spe,
1774 2814 2069 2865 certamen

2188 2826 2283 2860 των
2340 2804 2559 2881 ἔχοντες
2617 2806 2706 2859 τὸν
2758 2803 2961 2879 ἀγῶνα,
3014 2805 3103 2859 καὶ
3160 2811 3261 2873 τῆς
3312 2804 3581 2880 σωτηρίας
3632 2803 3825 2873 αὐτῆς,

424 2895 733 2961 habentes,
757 2913 872 2967 quo
905 2898 1210 2953 fervidiore
1242 2899 1353 2954 ﬁde
1384 2900 1609 2970 praediti
1638 2903 1876 2964 sunt,eo
1898 2898 2072 2952 etiam

2188 2894 2269 2948 καὶ
2310 2902 2410 2964 τῆς
2460 2894 2685 2969 πρώτης
2728 2900 2887 2947 πᾶσιν
2939 2891 3160 2954 ἐλπίδος
3194 2896 3289 2966 (8),
3346 2892 3457 2965 ὅσῳ
3500 2882 3598 2961 τήν
3648 2895 3826 2948 πίστιν

428 2984 623 3040 acrius
653 2984 899 3040 orationi
947 2987 1346 3053 adversantur,
1383 3004 1449 3043 ac
1490 2988 1751 3042 veritatis
1793 2987 2071 3058 proditio-

426 3089 582 3143 nem,
616 3089 731 3129 non
762 3078 957 3129 autem
991 3073 1290 3147 pietatem,
1323 3076 1710 3132 obedientiam
1744 3092 1871 3131 esse
1894 3076 2074 3131 inter-

424 3166 744 3235 pretantes,
764 3164 927 3233 prius
955 3164 1153 3218 omnia
1174 3164 1543 3235 projecerint,
1569 3181 1745 3235 quam
1770 3164 2075 3236 opiniones

424 3267 523 3307 eas
555 3267 699 3320 quas
728 3252 901 3307 domo
932 3268 1131 3307 secum
1163 3252 1432 3321 afferunt,
1467 3258 1523 3308 et
1547 3255 1907 3325 dogmatum,
1942 3253 2073 3323 qui-

2184 2982 2283 3038 εἶσὶ
2336 2983 2681 3059 θερμότεροι,
2736 2982 2979 3054 τοσούτῳ
3029 2982 3473 3058 προσαντὲστεροι
3521 2987 3599 3054 τῷ
3649 2981 3827 3058 λόγῳ,

2182 3071 2269 3126 καὶ
2303 3069 2599 3147 προδοσίαν
2640 3077 2740 3140 τῆς
2792 3068 3074 3142 ἀληθείας,
3130 3070 3228 3124 οὐκ
3276 3066 3541 3125 εὐσέϐειαν
3590 3072 3691 3141 τήν
3747 3071 3832 3126 εύ-

2182 3163 2418 3223 πείθειαν
2495 3155 2992 3232 ὑπολαμϐάνοντες,
3072 3159 3246 3214 πάντα
3320 3159 3562 3234 πρόοιντ’
3619 3162 3695 3233 (9)
3770 3159 3829 3214 ἂν

2184 3248 2445 3319 πρότερον
2494 3250 2529 3316 ἢ
2573 3247 2701 3309 τοὺς
2734 3244 2942 3311 οἴκοθεν
2978 3246 3298 3321 λογισμοὺς,
3328 3250 3465 3322 (10),
3504 3249 3620 3319 μεθ’
3649 3247 3723 3302 ὧν
3751 3247 3835 3324 ἔρ-

428 3341 542 3397 bus
572 3339 841 3395 innutriti
876 3342 1534 3407 sunt,consuetudinem
1562 3360 1573 3397 :
1608 3347 1781 3413 atque
1809 3342 1904 3396 hic
1935 3342 2070 3396 aﬂ‘e-

2188 3358 2393 3414 χονται,
2431 3335 2518 3391 καί
2568 3341 2675 3390 τῶν
2730 3334 3019 3410 δογμάτων
3060 3310 3153 3398 ὀἷς
3187 3310 3685 3414 συνανεστράφησαν

432 3432 583 3494 ctus,
615 3428 687 3483 de
716 3443 833 3499 quo
866 3428 1059 3484 adhuc
1084 3430 1182 3485 32
1215 3429 1439 3500 loquor,
1474 3430 1927 3485 moderatiorum
1975 3429 2075 3484 ho-

436 3517 663 3573 minum
713 3520 821 3584 est,
855 3534 959 3573 nec
1004 3535 1244 3589 prorsus
1293 3518 1602 3589 malorum,
1638 3520 1735 3590 qui
1783 3519 2012 3574 etiamsi
2041 3535 2075 3572 a

508 3623 618 3709 (90)
651 3622 883 3709 Ιςαθαρῷ
937 3622 1058 3709 γάρ,
1111 3625 1452 3709 etc.'gomb.
1505 3624 1587 3679 sic
1618 3626 1801 3708 .vertit
1832 3642 1844 3679 :
1886 3648 1907 3673 α
1943 3625 2075 3709 l’uri

432 3696 585 3751 enim
620 3701 709 3749 est
738 3696 1023 3750 duntaxat
1053 3713 1185 3750 eum
1219 3696 1501 3767 attingere.
1530 3697 1633 3768 qui
1666 3714 1849 3768 purus
1881 3703 1988 3767 est,
2022 3703 2077 3752 et

432 3768 635 3823 eodem
672 3782 733 3838 se
762 3767 933 3838 modo
967 3767 1161 3835 habet,
1198 3791 1223 3816 ››
1258 3762 1649 3838 ηαῐῇρε-Θὲὅς.

528 3838 617 3893 97)
650 3836 725 3893 Οὔ
758 3833 803 3890 δ’
834 3834 1027 3893 ε’ίνεκα.
1064 3833 1211 3893 Edit.
1257 3839 1317 3890 οὗ
1351 3833 1414 3891 δῖ
1438 3834 1631 3893 έίνικα.

528 3839 595 3891 97
650 3839 725 3893 Οὔ
758 3839 803 3890 δ’
834 3839 1027 3893 ε’ίνεκα.
1064 3840 1211 3893 Edit.
1257 3839 1317 3890 οὗ
1351 3839 1407 3891 δὶ
1438 3839 1631 3893 έίνικα.

523 3839 617 3983 98)
647 3909 1006 3983 Κρουμάτων.
1034 3916 1124 3983 ita
1156 3928 1359 3983 novom
1394 3911 1596 3981 Regg.,
1630 3926 1730 3965 sex
1761 3910 1945 3979 Colb.,
1980 3910 2076 3966 0r.

434 3981 486 4049 1,
513 3980 772 4056 Pass.'et
796 3982 994 4036 Comb.
1028 3982 1131 4056 Ed.
1168 3982 1406 4056 habent,
1438 3980 1817 4056 κρουσμάτων.

504 4052 619 4142 (99)
652 4055 992 4125 Λαμπρῦναι.
1028 4053 1167 4126 Reg.
1218 4054 1319 4124 hu,
1357 4050 1498 4119 JesI,
1550 4050 1711 4109 Colb.
1757 4053 1810 4122 3,
1846 4054 1896 4121 1,
1932 4050 2078 4123 λαμ-

433 4141 653 4176 πουναι.

480 4140 853 4267 ρῖίνῗὶίιανοίᾳ.
884 4195 1167 4267 (ί-Μιξῐιῑθ,
1204 4216 1231 4267 ξ)
1264 4195 1485 4267 malim,
1533 4218 1561 4245 ‹‹

532 4267 587 4340 ξ)
617 4264 817 4340 βάντα.
852 4265 1009 4340 0911).
1032 4266 1097 4340 l1,
1128 4265 1261 4340 πρὸς
1293 4264 1483 4340 πάνταξ

531 4334 585 4404 3)
617 4330 1181 4413 ξΕ-νελᾴμφθη.--Ηο8.’
1224 4338 1323 4402 hu,
1374 4335 1744 4413 ἐνελλάμφθη.
1798 4338 1891 4395 Sic
1939 4337 2080 4393 scri-

436 4404 636 4478 pserat
667 4404 875 4478 Billius'
902 4406 959 4460 in
994 4404 1159 4463 Herv.

508 4477 585 4549 (4)
615 4474 870 4547 Ὁμοίως.
905 4478 1099 4532 Monet
1125 4479 1450 4535 Gabrielius
1492 4480 1601 4535 hac
1644 4496 1799 4548 voce,
1828 4501 1849 4530 ι
1886 4496 2080 4551 aequa-

436 4548 658 4631 litatem
694 4565 1115 4631 usquequaque
1161 4567 1274 4605 non
1314 4551 1667 4621 signiﬁcari;
1702 4548 2081 4631 quemadmo-

1610 4194 2015 4269 intelligentia.
2053 4217 2080 4245 »

2180 3428 2278 3496 τὴν
2312 3427 2609 3495 συνήθειαν*
2643 3424 2735 3479 καὶ
2764 3429 2924 3479 τοῦτο
2958 3421 3034 3479 ἔτι
3069 3424 3215 3500 λέγω
3247 3427 3360 3498 (12)
3388 3430 3495 3479 τῶν
3542 3426 3833 3499 μετριωτὲ-

2184 3536 2289 3593 ρων
2323 3514 2411 3569 καὶ
2444 3514 2504 3568 ού
2534 3513 2708 3584 πάντη
2739 3518 2915 3568 κακῶν
2947 3514 3009 3569 τὸ
3038 3515 3226 3583 πάθος,
3262 3514 3313 3568 οἳ
3335 3514 3431 3569 κᾶν
3454 3520 3555 3584 τῆς
3574 3512 3837 3584 ἀληθείας

2184 3624 2340 3679 omni
2370 3622 2624 3695 periculo
2654 3639 2895 3695 vacuam
2929 3622 3000 3677 ad
3033 3639 3093 3678 se
3137 3639 3374 3695 manare
3420 3623 3831 3695 conspiciunt;

2185 3696 2317 3751 istic
2348 3694 2499 3765 vero,
2532 3696 2601 3749 de
2642 3711 2744 3764 spe
2792 3694 3037 3765 ipsaque
3085 3694 3273 3749 salute
3319 3694 3628 3766 certantes,
3660 3711 3830 3750 suam

2186 3767 2447 3837 ipsorum
2474 3766 3030 3831 obedientiamﬁdei
3049 3766 3436 3836 proditionem
3459 3766 3830 3833 existimant;

2186 3840 2341 3893 unde
2372 3840 2437 3891 iit
2470 3843 2532 3891 ut
2560 3838 2734 3891 citius
2781 3837 3013 3908 quidvis
3064 3837 3420 3909 prodiderint
3466 3842 3835 3909 contempse-

2186 3911 2441 3980 rintque,
2473 3924 2646 3977 quam
2696 3925 2794 3963 eas
2842 3908 3185 3973 sententias,
3214 3925 3359 3980 quas
3408 3909 3579 3964 domo
3631 3908 3833 3964 secum

2188 3981 2461 4047 afferunt,
2494 3996 2561 4035 ac
2592 3980 2933 4051 dogmatum
2975 3996 3200 4051 eorum,
3235 3984 3303 4051 in
3338 3980 3552 4051 quibus
3598 3980 3833 4035 educati

2188 4056 2350 4118 sunt,
2401 4050 2907 4105 consuetudinem.
2944 4072 2970 4099 »
3013 4052 3074 4105 In
3121 4050 3215 4105 his
3250 4050 3402 4117 suae,
3434 4064 3607 4122 atque
3653 4053 3833 4107 etiam

2189 4123 2448 4194 Gregorii
2474 4122 2686 4194 verbis,
2702 4123 2926 4177 traditaa
2948 4121 3126 4177 semel
3144 4123 3363 4177 sanctis
3387 4123 3519 4177 fidei
3538 4124 3836 4194 mutandae

2188 4193 2656 4266 impOssibilitas,
2691 4198 2755 4248 ut
2782 4194 2863 4266 ita
2892 4194 3106 4259 dicam,
3128 4194 3474 4249 mirabiliter
3504 4193 3724 4266 elucet;
3749 4199 3835 4249 at-

2192 4264 2302 4337 que
2331 4267 2507 4319 etiam
2542 4266 2613 4319 ab
2643 4265 3187 4337 erroribus,quibus
3208 4282 3375 4321 mens
3399 4264 3578 4321 semel
3605 4265 3834 4322 imbuta

2191 4336 2298 4404 est,
2331 4337 2665 4407 emergendi
2697 4340 2913 4407 quanta
2942 4336 3019 4391 sit
3047 4336 3386 4393 difﬁcultas.

2263 4409 2339 4479 (7)
2369 4408 2424 4460 '0
2455 4404 2730 4467 κίνδυνοςῖ
2753 4412 2921 4479 Deest
2948 4407 3156 4479 in_Jes.

2263 4411 2317 4479 (7
2369 4409 2424 4460 Ὀ
2455 4409 2718 4467 κίνδυνος.
2753 4412 2921 4463 Deest
2948 4409 3007 4461 in
3037 4409 3156 4463 Jes.

2263 4409 2601 4552 (8l‘uﬂpaS-mc
2659 4483 2817 4552 πᾶσιν
2882 4474 3141 4552 ἐλπίδοςη
3180 4478 3626 4552 Οοίεὶζ-πρώτης
3692 4475 3833 4531 πάν-

2190 4548 2297 4604 των
2334 4548 2575 4612 ἔλπίδος.
2617 4571 2642 4603 α
2673 4550 2868 4605 Prima
2899 4567 3101 4622 spes,»
3128 4550 3320 4622 inquit
3349 4548 3565 4615 Elias,«
3580 4555 3670 4605 est
3698 4567 3833 4622 spes

441 4620 584 4676 dum
615 4636 721 4693 nec
742 4620 981 4693 in_ora_t.
1002 4622 1071 4675 de
1102 4638 1299 4693 amore
1330 4620 1467 4693 erga
1496 4620 1782 4693 pauperes
1812 4639 1867 4676 »:
1891 4621 2087 4682 Πάντες
2120 4680 2156 4693 _
2194 4624 2253 4677 in
2286 4623 2503 4691 Deum;
2538 4622 2814 4689 secunda,
2863 4620 2953 4677 est
3000 4620 3227 4677 salutis
3251 4622 3686 4692 exspectatio.:«
3719 4620 3833 4677 Sed

436 4688 655 4764 πτωχοὶ
689 4690 896 4763 ὁμοίως
931 4688 1299 4749 ὲλεεινοί.ΑΙὶἰ
1331 4680 1643 4749 Θάίῐῐιιᾶίίίὲ
1676 4697 1813 4748 sunt
1846 4680 2085 4748 misera;
2116 4680 2162 4745 D

437 4763 708 4837 biliores,
729 4764 837 4837 sed
861 4780 1073 4837 eorum
1096 4763 1291 4837 nullus
1322 4770 1428 4833 est,
1463 4764 1562 4837 qui
1592 4781 1719 4837 non,
1745 4764 1941 4833 aliqua
1974 4764 2079 4819 mi-

438 4835 755 4908 sericordia
786 4836 1000 4908 dignus
1031 4836 1127 4890 sit.
1166 4836 1322 4891 Licet
1351 4835 1497 4908 ergo
1514 4836 1646 4908 plus
1676 4835 1960 4891 claudicet
1990 4852 2078 4891 ve-

439 4907 604 4973 ritas,
637 4906 685 4959 si
717 4908 775 4961 in
808 4906 1036 4962 duobus
1068 4912 1170 4961 aut
1197 4908 1370 4961 etiam
1404 4909 1453 4962 si
1488 4906 1543 4961 in
1576 4907 1765 4962 tribus
1798 4908 2077 4975 offendas,

482 4994 617 5033 uam
641 4978 686 5031 si
707 4979 763 5034 in
797 4996 912 5033 uno
930 4996 941 5033 :
962 4994 1123 5049 aeque
1143 4984 1336 5033 tamen
1362 4980 1433 5033 ad
1457 4978 1824 5033 efﬁciendum
1852 4982 1915 5033 ut
1931 4979 2084 5033 clau-

482 4996 617 5033 uam
641 4996 686 5031 SI
707 4996 763 5034 1n
797 4996 941 5033 uno:
962 4996 1123 5049 aeque
1143 4996 1336 5033 tamen
1362 4996 1433 5033 au
1457 4996 1824 5033 emcienuum
1852 4996 1915 5033 ut
1931 4996 2079 5033 clau-

438 4996 611 5133 dicet,
646 5051 907 5122 satisque
936 5056 1044 5117 est,
1078 5050 1125 5104 si
1157 5049 1243 5105 vel
1287 5050 1386 5105 uni
1433 5055 1663 5105 tantum
1695 5068 1724 5105 e
1753 5052 1942 5107 tribus
1972 5051 2079 5105 im-

482 5138 670 5176 IDRRS.

439 5137 670 5194 pingas.

509 5192 585 5248 (5)
617 5192 742 5247 ’Ότι
771 5191 859 5244 καὶ
892 5189 941 5245 ὅ.
980 5192 1146 5247 Deest
1172 5188 1201 5243 ὅ
1233 5192 1290 5247 in
1323 5193 1499 5247 duob.
1531 5191 1688 5247 Colb.

529 5192 581 5248 5⁷⁸
617 5192 742 5247 ’Ότι
771 5192 859 5244 καὶ
892 5192 941 5245 ὅ.
980 5192 1146 5247 Deest
1172 5192 1201 5243 ὅ
1233 5192 1290 5247 in
1323 5193 1499 5247 duob.
1531 5192 1688 5247 Colb.

509 5192 585 5334 (6)
616 5266 674 5315 ’Π
716 5266 821 5315 τῶν
887 5260 1191 5315 ἀκουόντων
1244 5257 1515 5316 εὐλάϐεια.
1566 5264 1751 5319 Pietas
1810 5262 2084 5334 religiosa

438 5335 1172 5405 demissns,obsequentes,
1188 5338 1241 5389 et
1259 5336 1403 5389 citra
1433 5334 1827 5390 curiositatem
1848 5334 2083 5389 audien-

367 5432 379 5442 -
438 5409 526 5461 tes
560 5405 824 5460 homines
868 5407 1075 5473 reddit,
1102 5422 1236 5459 cum
1287 5407 1357 5460 de
1407 5407 1689 5473 moribus,
1722 5408 1792 5461 de
1837 5406 2080 5476 judicio,

443 5478 782 5545 casterisque
831 5477 1168 5545 hujusmodi
1223 5492 1412 5532 sermo
1455 5483 1581 5543 est;
1619 5494 1815 5533 verum
1879 5479 2081 5533 eadem

484 5548 627 5603 ietas
660 5565 756 5602 (ns
790 5549 965 5602 efﬁcit
1015 5548 1392 5618 suspiciosos,
1426 5549 1708 5617 curiosos,
1741 5554 1961 5619 cautos,
1994 5566 2081 5603 re-

466 5620 815 5691 uctantcs,si
853 5619 985 5691 quis
1017 5621 1087 5674 de
1122 5619 1293 5674 rebus
1326 5620 1455 5691 fidei
1490 5620 1809 5690 disputet.“
1836 5620 1951 5676 Hoc
1983 5638 2082 5675 au-

439 5696 560 5749 tem
590 5707 658 5746 ea
686 5690 907 5747 ratione
941 5691 1024 5760 ﬁt,
1045 5714 1064 5740 ι
1094 5692 1284 5762 inquit
1313 5690 1487 5763 Elias,
1510 5691 1609 5763 qui
1632 5692 1763 5763 haec
1793 5693 2081 5761 observat,

442 5785 473 5816 α
505 5763 662 5837 quod
692 5763 811 5821 illic
842 5763 1080 5836 quidem
1109 5779 1177 5822 ex
1208 5762 1413 5821 morali
1440 5762 1749 5837 disciplina
1770 5764 2082 5821 utilitatem

2194 4695 2409 4749 rectius
2438 4694 2611 4750 Gabr.
2646 4693 2747 4763 qui
2780 4694 2852 4749 ad
2881 4693 3000 4748 haec
3049 4694 3250 4749 eadem
3299 4694 3475 4748 verba
3531 4693 3612 4747 ait
3688 4716 3717 4742 «
3750 4694 3837 4748 Ita

2189 4766 2483 4837 appellare
2511 4764 3171 4837 consuevit'l‘heologus
3201 4764 3485 4837 excelsam
3516 4763 3679 4818 illam
3701 4764 3832 4819 Tri-

2190 4836 2454 4905 nitatem,
2499 4838 2746 4901 Patrem,
2781 4836 2988 4890 Filium
3039 4842 3096 4891 et
3143 4836 3424 4907 Spiritum
3474 4839 3771 4891 sanctum.
3804 4858 3833 4885 υ

2190 4909 2259 4963 Et
2288 4914 2376 4964 est
2400 4925 2529 4963 vere
2560 4908 2653 4962 hic
2684 4907 2944 4979 Gregorii
2974 4922 3204 4975 sensus,
3236 4912 3302 4961 ut
3330 4908 3459 4979 ipse
3483 4907 3719 4978 exponit
3742 4923 3833 4979 or.

2190 4996 2362 5047 χχιιι,
2397 4980 2471 5035 al.
2505 4986 2652 5052 xxvi,
2687 4980 2780 5052 De_
2800 4978 3183 5052 moderatione
3229 4978 3497 5052 servanda
3530 4997 3549 5032 :
3576 4979 3646 5030 Τὸ
3689 4978 3838 5052 utvi-

2191 5071 2334 5119 στον,
2366 5053 2399 5119 ἡ
2434 5047 2794 5124 Πατρὸς,ικαῖ.
2846 5050 2991 5118 Υὶοῦ,
3023 5047 3111 5124 καί
3158 5048 3310 5124 ἁγίου
3356 5047 3836 5124 Πνεχύμαςτοςήὲπίτ

2189 5118 2404 5196 γνῶσις,
2438 5120 2527 5196 mi
2550 5118 2830 5193 ’ὁμολογία
2857 5126 2957 5196 τῇς
2988 5118 3395 5196 πρώτης-ᾖ-μῶν
3431 5118 3675 5196 ἐλπίδος.
3716 5143 3737 5171 ι
3776 5121 3835 5175 Id

2191 5191 2345 5264 quod
2381 5191 2701 5248 maximum
2732 5191 2848 5265 est,
2873 5191 3083 5258 Patris,
3097 5196 3152 5265 et
3183 5191 3331 5262 Filii,
3348 5197 3404 5248 et
3431 5193 3682 5265 Spiritus
3706 5210 3840 5249 san-

2191 5263 2267 5321 cti
2299 5266 2571 5337 cognitio,
2604 5263 3007 5337 confessioque
3038 5263 3237 5335 prima;
3270 5263 3489 5321 nostrae
3510 5264 3665 5321 ﬁdei.
3698 5286 3727 5315 ››

2287 5336 2341 5405 9)
2373 5334 2617 5406 Πρόοιντ⁹
2651 5336 2787 5408 Regi.
2822 5352 2871 5403 z,
2903 5334 3175 5408 πρόειντο.

2289 5351 2341 5405 9)
2374 5351 2615 5406 Προοιντ’
2653 5351 2801 5461 ttegEi
2822 5352 2871 5403 z,
2903 5351 3175 5408 προειντο.

2289 5409 2373 5549 10)
2405 5412 2720 5482 ’Έρχονται.
2749 5477 2759 5496 Ι
2806 5423 2893 5477 eg.
2930 5409 2981 5474 1,
3014 5402 3302 5533 ἔρὶχωνται.

2289 5478 2341 5549 Η
2431 5485 2963 5549 Συνανεστραφησαν.
3095 5495 3181 5549 eg.
3253 5475 3294 5544 l,

2262 5339 2282 5549 ἔ

2285 5475 2373 5554 ii)
2431 5475 2963 5554 Συνανεστράφησαν.
3008 5475 3181 5554 (Heg.
3253 5475 3294 5544 l,
3358 5479 3567 5554 _Comb.
3654 5495 3837 5531 συναν-

2192 5548 2318 5623 ετρά
2360 5570 2515 5621 ησαν,
2547 5567 2672 5623 qum
2701 5548 2899 5606 forsan
2935 5552 3023 5605 est
3052 5548 3330 5621 germana
3358 5548 3549 5605 lectio.

2261 5570 2375 5674 ΗΞ)
2404 5622 2501 5674 Καὶ
2534 5625 2692 5674 τοῦτο
2742 5615 2820 5674 ἔτι
2870 5618 3040 5674 λίνω.
3081 5621 3281 5674 Comb.
3322 5640 3344 5670 ι
3394 5621 3549 5674 Addo

2261 5615 2692 5693 (12)’Καὶ’τόῦτο
2742 5615 2820 5676 ἔτι
2870 5615 3281 5698 λὲγω.’ϐοωδ.
3322 5640 3344 5670 ι
3394 5621 3554 5677 Addo
3604 5624 3837 5696 praeter-

2190 5707 2278 5749 ea.
2311 5713 2339 5743 ))
