4184 6202
315 366 440 430 449

1451 364 1743 428 ORATIO
1788 362 1865 427 ll.
1899 396 1973 408 --
2017 364 2586 428 APOLOGETICA.

3606 380 3727 440 450

318 496 779 577 διαμαρτάνωσιν,
812 498 963 555 ἀλλὰ
1003 502 1081 571 τῷ
1126 519 1185 576 γε
1216 500 1325 573 (13)
1359 496 1427 553 δι’
1477 492 1759 553 εὐλάϐειαν
1804 499 1963 551 τοῦτο

2104 498 2316 554 'eritate
2333 500 2832 566 aberrent,tamen
2859 500 2997 571 quia
3017 502 3089 557 ob
3113 501 3409 574 religionis
3432 508 3721 581 studium,

318 590 572 664 πάσχειν,
606 588 696 643 καὶ
731 586 897 657 ζῆλον
935 588 1028 660 μὲν
1063 586 1229 662 ἔχειν,
1265 585 1391 641 ἀλλ’
1422 586 1483 643 οὐ
1514 587 1628 646 κατ’
1660 584 1970 660 ἐπίγνωσιν,

317 678 486 753 τυχὸν
540 675 750 732 ἔσονται
798 681 903 731 τῶν
955 676 1017 731 ού
1064 673 1269 753 σφόδρα
1316 677 1428 749 (14)
1474 672 1969 750 κατακρινομένων,

323 764 447 822 οὐδὲ
478 766 693 828 πολλᾶς
726 764 1031 841 δερομένων
1060 768 1196 839 (15),
1220 765 1295 827 ὡς
1327 766 1377 819 οἱ
1412 762 1500 819 διὰ
1530 764 1714 818 κακίαν
1738 763 1826 818 καὶ
1858 766 1971 837 (16)

320 854 591 931 πονηρίαν
659 853 756 910 τοῦ
819 851 1142 909 δεσποτικοῦ
1191 851 1500 926 θελήματος
1553 853 1969 914 ἀποπίπτοντες.

322 944 422 1000 Καὶ
452 947 566 1019 (17)
594 944 739 1020 τάχα
771 943 829 998 ἂν
864 944 1014 998 οὗτοι
1052 943 1449 1016 μεταπεισθεῖέν
1495 962 1647 1014 ποτε,
1678 940 1767 995 καὶ
1820 960 1976 1014 μετα-

322 1028 580 1105 ϐληθεῖεν
615 1032 717 1088 ὑπὸ
744 1039 841 1101 τῆς
871 1031 1034 1101 αὐτῆς
1062 1026 1366 1100 εὐλαϐείας,
1400 1031 1485 1108 ὑφ’
1513 1034 1579 1099 ἧς
1608 1031 1697 1085 καὶ
1730 1024 1975 1085 ἀντέϐαι-

319 1142 432 1194 νον,
452 1119 506 1177 εἴ
527 1142 610 1183 τις
635 1120 808 1176 αύτῶν
841 1122 1037 1195 ἅψαιτο
1069 1121 1181 1193 (18)
1211 1118 1449 1195 λόγος,ἢ
1484 1115 1691 1183 οἷόιοθεν
1721 1118 1756 1188 ἢ
1789 1116 1977 1189 ἔξωθεν

321 1210 559 1286 κρούσας
632 1210 859 1285 καιρίως
921 1211 1055 1284 (19),
1106 1207 1285 1285 ὥσπερ
1336 1206 1556 1282 σίδηρος
1602 1212 1816 1285 πυρῖτιν

322 1298 503 1367 λίθον,
534 1300 634 1368 τὴν
683 1298 958 1373 ἐγκύμονα
1002 1298 1091 1353 καὶ
1143 1298 1289 1368 ἀξίαν
1323 1300 1444 1371 (21)
1494 1298 1672 1373 φωτὸς
1722 1294 1975 1351 διάνοιαν⁸

322 1388 375 1443 ιν
476 1388 567 1443 καὶ
595 1387 828 1464 τάχιστα
859 1387 917 1441 ἂν
948 1385 1008 1442 ἐκ
1060 1391 1256 1463 μικροῦ
1309 1388 1605 1463 σπινθῆρος
1638 1387 1666 1442 ὁ
1693 1392 1792 1455 τῆς
1839 1384 1979 1454 ἀλη-

324 1477 472 1539 θείας
503 1476 707 1554 πυρσὸς
737 1474 1039 1550 ὶκλάμψειε
1068 1477 1205 1550 (22).

2081 592 2138 643 et
2167 589 2317 658 quod
2350 589 2535 643 zelum
2561 591 2795 654 quidem
2827 591 3101 658 habeant,
3128 593 3227 647 sed
3251 611 3365 649 non
3398 600 3723 655 secuudum

2083 677 2387 731 scientiam
2420 678 2484 745 ⁸⁷,
2518 679 2626 733 hoc
2660 680 2978 750 patiuntur,
3012 698 3080 736 ex
3110 698 3310 736 eorum
3341 684 3590 741 fortasse
3622 707 3727 744 nu-

2083 782 2241 821 mero
2264 771 2456 835 erunt,
2473 768 2572 837 qui
2601 784 2714 822 non
2741 774 2859 822 tam
2882 770 3134 839 graviter
3154 772 3724 849 condemnabuntur,

2084 870 2189 909 nec
2221 853 2421 909 multis
2463 856 2825 926 vapulabunt
2853 858 2918 927 δε,
2953 860 3449 929 quemadmodum
3505 866 3603 935 qui
3652 869 3726 922 ob

2084 943 2517 1012 improbitatem
2549 948 2604 998 et
2656 946 3019 1015 pravitatem,
3053 963 3085 1001 a
3146 948 3370 1004 Domini
3428 951 3730 1011 voluntate

2086 1032 2443 1086 exciderunt.
2474 1034 2661 1102 Atque
2694 1032 2751 1086 hi
2786 1050 3018 1104 quoque
3052 1036 3295 1092 fortasse
3327 1039 3397 1093 de
3442 1044 3733 1099 sententia

2088 1120 2438 1191 quandoque
2470 1120 2699 1191 deduci,
2734 1126 2791 1175 et
2822 1123 2894 1176 ab
2934 1124 3134 1177 eadem
3186 1124 3285 1179 illa
3331 1126 3627 1202 religione,
3660 1132 3734 1189 ob

2088 1224 2266 1280 quam
2301 1210 2463 1279 prius
2494 1210 2921 1281 repugnabant,
2948 1211 3246 1266 immutari
3278 1220 3513 1285 queant,
3532 1220 3581 1273 si
3605 1220 3739 1290 quis

2090 1313 2281 1352 sermo
2312 1314 2411 1352 eos
2443 1296 2710 1368 attingat,
2744 1298 2865 1370 qui,
2899 1304 3000 1355 aut
3048 1299 3293 1372 interne,
3327 1307 3426 1359 aut
3482 1312 3736 1380 externe,

2092 1390 2155 1441 ut
2186 1387 2404 1441 ferrum
2438 1385 2683 1454 silicem,
2718 1388 2802 1442 sic
2839 1388 3138 1459 gravidam
3190 1397 3445 1447 mentem
3493 1411 3559 1449 ac
3608 1396 3737 1451 luce

2090 1476 2328 1547 dignam
2360 1480 2684 1547 opportune
2718 1476 2885 1531 feriat
2917 1493 2930 1531 :
2965 1477 3024 1531 in
3056 1494 3172 1549 qua
3202 1478 3376 1535 etiam
3434 1481 3735 1541 celerrime

325 1570 578 1624 fortasse
606 1584 675 1623 ex
705 1584 881 1639 parva
910 1566 1167 1622 scintilla
1195 1565 1455 1621 veritatis
1488 1565 1724 1621 ﬂamma
1754 1564 2181 1636 explendescat.

400 1659 533 1712 MA’.
564 1653 625 1708 Τί
678 1653 724 1713 δ’
756 1653 813 1709 ἂν
865 1652 1005 1710 εἶ’ποι
1056 1675 1137 1708 τις
1171 1656 1288 1728 (23)
1319 1653 1441 1728 περὶ
1498 1658 1605 1708 τῶν
1641 1650 1730 1707 διὰ
1758 1649 1975 1707 κενοδο-

2155 1654 2287 1709 XLI.
2325 1654 2467 1718 Quid
2504 1658 2699 1709 autem
2732 1656 2801 1710 de
2841 1654 2955 1710 illis
3002 1656 3236 1727 dixeris,
3267 1660 3366 1728 qui
3419 1661 3491 1716 ob
3538 1662 3731 1720 inanis

329 1745 443 1819 ξίαν
485 1744 520 1813 ἢ
569 1742 890 1822 φιλαρχίαν,
940 1740 1149 1798 ἀδικίαν
1203 1742 1282 1804 εἷς
1329 1742 1391 1797 τὸ
1441 1741 1574 1815 ὕψος
1607 1744 1719 1814 (24)
1751 1739 1983 1796 λαλούν-

328 1855 462 1905 των,
494 1834 699 1891 Ἰαννοῦ
890 1853 1037 1894 τινος
1076 1833 1110 1901 ἢ
1158 1826 1416 1904 Ἰαμϐροῦ
1460 1829 1884 1907 μεγαληγορίας,
1918 1830 1980 1885 ού

329 1923 469 1977 κατὰ
516 1922 791 1983 Μωϋσὲως
835 1923 967 1994 (26),
1018 1928 1117 1990 τῆς
1170 1917 1216 1974 δ’
1264 1916 1521 1990 ἀληθείας
1580 1917 1980 1993 ὁπλιζομένων,

331 2009 421 2066 καὶ
478 2018 579 2079 τῆς
629 2008 974 2087 ὑγιαινούσης
1020 2008 1543 2082 κατεξανισταμένων
1590 2004 1981 2076 διδασκαλίας;

332 2100 367 2169 ἦ
410 2106 513 2169 τῆς
568 2098 761 2174 τρίτης
813 2097 1007 2173 μοίρας
1068 2102 1173 2152 τῶν
1236 2095 1304 2152 δι’
1354 2095 1699 2152 ἀπαιδευσίαν
1747 2097 1837 2151 καὶ
1882 2097 1980 2165 τὴν

335 2186 609 2260 ὶπομένην
674 2186 841 2261 ταύτῃ
907 2185 1214 2260 θρασύτητα
1260 2188 1374 2260 (27)
1443 2185 1769 2259 ὁμόσε
1827 2184 1983 2239 παντὶ

334 2274 495 2350 λόγῳ
544 2274 872 2351 χωρούντων
930 2271 1123 2329 συώδει
1170 2275 1352 2343 πάθει,
1394 2274 1483 2329 καὶ
1529 2274 1982 2330 καταπατούντων

333 2363 460 2427 τοὺς
492 2362 697 2426 καλοὺς
733 2362 1066 2440 μαργαρίτας
1092 2366 1190 2432 τῆς
1220 2361 1514 2433 ἀληθείας;

407 2544 537 2600 MB'.
573 2543 633 2599 Ἢ
668 2540 784 2597 ὅσοι
821 2538 1093 2615 μηδεμίαν
1157 2541 1249 2615 μὶν
1301 2539 1508 2605 οἷ’κοθεν
1559 2538 1835 2614 ὑπόληψιν
1892 2539 1984 2618 φε-

342 2652 548 2706 ροντες,
600 2627 743 2704 μηδέ
782 2651 901 2685 τινα
948 2629 1120 2685 τύπον
1168 2632 1277 2685 τῶν
1332 2628 1456 2706 περὶ
1522 2632 1656 2684 Θεοῦ
1727 2626 1904 2705 λόγων
1954 2628 1988 2697 ἢ

342 2720 565 2797 χείρονα
590 2721 624 2789 ἣ
662 2718 933 2794 βελτίονα,
966 2725 1096 2774 πᾶσι
1133 2716 1189 2773 δὲ
1240 2718 1577 2779 ὑποτιθέντες
1628 2716 1848 2781 ἑαυτοὺς
1889 2714 1986 2771 λό-

339 2830 454 2887 γοις
484 2808 577 2863 καὶ
610 2804 980 2875 διδασκάλοις,
1008 2807 1082 2870 ὡς
1133 2806 1185 2878 ἑξ
1236 2807 1485 2862 ἀπάντων
1534 2804 1879 2879 ἐκλεξόμενοι
1924 2805 1989 2861 τὸ

341 2904 583 2972 κρεῖττον
636 2900 725 2951 καὶ
784 2894 1201 2974 ἀσφαλέστερον,
1247 2895 1337 2950 καὶ
1398 2899 1605 2971 κριταῖς
1676 2893 1737 2948 οὐ
1795 2893 1989 2956 καλοῖς

2090 1742 2285 1814 glorias
2317 1744 2694 1814 cupiditatem
2723 1750 2823 1798 aut
2853 1745 3192 1800 dominandi
3224 1748 3485 1805 studium
3520 1752 3736 1824 iniqui-

2090 1836 2268 1886 tatem
2301 1832 2357 1886 in
2383 1832 2687 1887 Excelsum
2723 1831 3207 1903 loquuntur‘°,de
3225 1836 3736 1912 Jannis,inquam,

2092 1926 2149 1975 et
2177 1920 2433 1976 Jambris
2465 1923 2797 1993 arrogantia
2826 1924 2889 1991 το,
2916 1940 3028 1978 non
3062 1924 3339 1982 adversus
3372 1927 3611 1997 Mosem,
3636 1932 3738 1988 sed

2093 2010 2371 2065 adversus
2402 2011 2700 2065 veritatem
2733 2028 2897 2065 arma
2926 2011 3512 2088 induentium,atque
3540 2022 3740 2076 adver-

2094 2116 2195 2153 sus
2228 2115 2431 2153 sanam
2486 2099 2810 2154 doctrinam
2858 2100 3335 2173 insurgentium?
3365 2106 3510 2171 Quid
3562 2110 3739 2166 etiam

2092 2188 2163 2241 de
2193 2189 2365 2241 tertia
2406 2186 2732 2253 classe,hoc
2762 2194 2871 2256 est,
2896 2206 3095 2245 eorum
3126 2193 3225 2263 qui
3257 2194 3329 2248 ob
3362 2195 3736 2266 imperitiam,

2093 2277 2338 2346 ejusque
2393 2276 2664 2331 comitem
2717 2278 3125 2349 temeritatem,
3169 2281 3447 2339 adversus
3504 2302 3741 2343 omnem

2094 2380 2445 2436 sermonem,
2462 2382 2771 2436 porcorum
2795 2366 2852 2421 in
2885 2368 3147 2433 modum,
3164 2378 3362 2439 ruunt,
3377 2389 3442 2427 ac
3462 2374 3741 2445 pulchras

2093 2453 2354 2509 veritatis
2388 2453 2733 2524 margaritas
2765 2454 3113 2511 conculcant
3140 2458 3183 2493 ⁷1
3197 2457 3225 2511 ‘I

2167 2542 2331 2597 XLII.
2367 2542 2513 2605 Quid
2542 2546 2838 2613 postremo
2870 2544 2939 2598 de
2979 2544 3052 2599 iis
3087 2546 3181 2614 qui
3215 2547 3437 2605 nullam
3493 2551 3733 2622 quidem

2096 2630 2451 2701 Opinionem,
2486 2646 2590 2685 nec
2639 2630 2818 2685 ullam
2860 2631 2931 2685 de
2979 2632 3191 2689 divinis
3248 2638 3619 2696 sermonibus
3648 2639 3737 2696 vel

2096 2720 2439 2775 deteriorem
2470 2720 2555 2775 vel
2588 2719 2888 2775 meliorem
2919 2721 3166 2777 formam
3189 2740 3386 2780 secum
3409 2727 3739 2797 afferentes,

2096 2825 2296 2863 verum
2346 2808 2706 2879 quibuslibet
2753 2811 3124 2867 sermonibus
3172 2818 3228 2868 et
3268 2815 3567 2886 magistris
3613 2835 3742 2875 sese

2100 2897 2499 2968 subjicientes,
2532 2902 2815 2969 tanquam
2848 2914 2916 2953 ex
2945 2899 3220 2957 omnibus
3251 2902 3307 2956 id
3342 2906 3497 2975 quod
3530 2907 3741 2964 melius

340 2993 440 3057 τῆς
496 2985 758 3055 ἀληθείας
809 2985 985 3064 σφίσιν
1043 2984 1227 3047 αὐτοῖς
1275 2986 1388 3055 (29)
1433 2981 1810 3045 πιστεύσαντες
1850 2982 1984 3055 (30)⁶

2104 2986 2427 3056 certiusque
2459 2986 2554 3056 sit,
2590 2985 2847 3057 electuri,
2880 3004 2945 3042 ac
2976 2988 3086 3043 sibi
3120 2989 3287 3060 ipsis,
3311 2992 3419 3047 hoc
3446 2997 3742 3062 est,malis

342 3072 524 3131 ἔπειτα
566 3075 671 3130 ὑπὸ
720 3080 822 3143 τῆς
874 3072 1233 3143 πιθανότητος
1264 3074 1377 3147 (31)
1422 3068 1624 3127 ἄλλοτε
1670 3071 1849 3141 ἄΛλης
1876 3073 1989 3143 (32)

342 3162 758 3243 περιφερόμενοι
806 3162 896 3218 καὶ
947 3161 1323 3240 στρεφόμενοι,
1363 3160 1451 3216 καὶ
1491 3160 1649 3215 παντὶ
1701 3159 1851 3237 λόγῳ
1898 3180 1991 3215 κα-

342 3251 725 3316 ταπλυνθέντες
776 3251 867 3306 καὶ
914 3252 1239 3321 πατηθὲντες
1271 3252 1405 3324 (33),
1445 3246 1691 3311 πολλοὺς
1732 3248 1992 3323 ἀμείψαν-

343 3362 426 3405 τες
472 3338 831 3402 διδασκάλους
878 3340 968 3395 καὶ
1030 3338 1216 3395 πολλὰ
1264 3340 1577 3414 γράμματα,
1625 3337 1805 3413 ὥσπερ
1854 3342 1989 3414 χοῦν

348 3430 563 3503 ἀνέμοις
642 3426 845 3506 ῥᾳδίως
908 3423 1302 3496 ἀποϐαλόντες,
1373 3425 1532 3484 τέλος
1616 3426 1990 3500 ἀποκαμόντες

347 3520 434 3574 καὶ
482 3520 651 3588 ἀκοὴν
700 3516 789 3573 καὶ
840 3514 1103 3586 διάνοιαν,
1154 3519 1269 3592 (34)
1320 3513 1489 3586 ὣτῆς
1538 3515 1764 3591 ἀλογίας
1787 3517 1825 3587 l)
1854 3516 1990 3590 πρὸς

350 3608 520 3663 πάντα
546 3605 712 3682 λόγον
747 3606 953 3679 ὁμοίως
985 3603 1418 3681 δυσχεραίνουσι,
1445 3605 1533 3660 καὶ
1569 3606 1851 3681 μοχθηρὸν
1898 3604 1993 3661 τύ-

352 3718 449 3753 πον
517 3697 727 3759 ἒαυτοῖς
797 3694 1177 3772 ἐγγράφουσιν,
1239 3694 1405 3763 αὐτῆς
1462 3692 1764 3771 καταγελᾷν
1832 3696 1990 3768 ἡμῶν

351 3786 437 3840 καὶ
465 3791 818 3863 καταφρονεῖν
852 3784 927 3846 ὡς
957 3783 1188 3840 ἀστάτου
1236 3784 1325 3838 καὶ
1368 3780 1520 3838 οὐδὲν
1570 3784 1710 3860 ὑγιὲς
1758 3782 1995 3860 ἐχούσης

350 3881 447 3943 τῆς
521 3873 774 3942 πίστεως,
830 3867 1238 3946 μεταϐαίνοντες
1315 3870 1653 3933 ἀπαιδεύτως
1724 3871 1832 3927 ἀπὸ
1888 3876 2009 3928 τῶν

351 3961 618 4039 λεγόντων
658 3960 745 4017 ἐπὶ
774 3963 865 4017 τὸν
894 3961 1079 4039 λόγον·
1114 3960 1293 4036 ὥσπερ
1327 3960 1385 4015 ἂν
1419 3958 1474 4015 εἷ’
1493 3982 1574 4023 τις
1622 3960 1750 4023 τοὺς
1795 3960 1996 4039 ὀφθαλ-

2099 3075 2358 3130 veritatis
2381 3074 2704 3145 judicibus,
2738 3076 3092 3132 conﬁdentes
3118 3094 3131 3145 ;
3162 3078 3369 3135 deinde
3416 3081 3529 3137 alia
3573 3090 3745 3155 atque

2100 3164 2213 3219 alia
2241 3163 2531 3219 sermonis
2564 3164 2967 3234 probabilitate
3000 3166 3361 3239 circumacti,
3394 3175 3451 3225 et
3489 3173 3746 3244 undique

2098 3250 2330 3320 versati,
2364 3254 2535 3319 atque
2584 3250 2743 3305 omni
2795 3267 3135 3309 sermonum
3182 3270 3393 3325 genere
3449 3258 3643 3314 obruti
3687 3265 3745 3316 et

2101 3339 2331 3411 protriti
2361 3340 2427 3409 ⁷³,
2458 3343 2767 3411 postquam
2799 3340 3016 3397 multos
3058 3343 3370 3415 magistros
3417 3354 3743 3405 commuta-

2101 3434 2259 3499 runt,
2292 3444 2358 3483 ac
2382 3427 2596 3483 multas
2626 3428 2870 3495 litteras,
2904 3432 3157 3500 pulveris
3203 3432 3409 3501 instar,
3444 3436 3501 3490 in
3544 3444 3749 3495 ventos

2103 3518 2270 3573 facile
2300 3518 2661 3588 abjecerunt,
2686 3520 2928 3574 auribus
2961 3521 3196 3576 tandem
3230 3526 3286 3578 et
3315 3524 3510 3580 animo
3544 3528 3748 3583 defati-

2102 3607 2342 3678 gati,(o
2392 3606 2687 3677 ingentem
2750 3607 2991 3663 rationis
3048 3610 3408 3683 penuriam!)
3465 3614 3566 3669 83
3626 3632 3748 3671 ser-

2104 3711 2308 3749 mones
2338 3710 2540 3749 omnes
2570 3711 2638 3749 ex
2664 3711 2827 3766 aaquo
2858 3697 3184 3763 fastidiunt,
3218 3715 3284 3754 ac
3332 3717 3571 3771 pravam
3630 3707 3745 3759 for-

2104 3800 2263 3838 mam
2294 3782 2405 3837 sxbi
2440 3782 2582 3853 ipsis
2626 3783 2985 3855 insculpunt,
3017 3784 3205 3857 ipsam
3252 3787 3517 3844 videlicet
3566 3791 3741 3848 ﬁdem

2104 3876 2392 3935 nostram,
2424 3875 2489 3925 ut
2542 3871 2845 3937 incertam,
2907 3872 3169 3945 nihilque
3223 3876 3349 3932 sani
3407 3876 3740 3951 habentem,

2104 3961 2411 4016 irridentes
2438 3963 2495 4014 et
2523 3965 2923 4031 aspernantes,
2956 3962 3250 4032 stulteque
3276 3963 3347 4018 ab
3380 3964 3468 4019 bis
3500 3966 3600 4037 qui
3628 3984 3748 4023 ser-

417 4082 459 4117 ⁶⁷
491 4080 661 4135 Rom.
694 4096 750 4150 χ,
780 4080 834 4134 2.
895 4079 938 4114 ⁸³
972 4079 1105 4134 Luc.
1137 4095 1237 4145 xu,
1271 4078 1359 4133 47.
1412 4079 1457 4113 ⁸³
1485 4077 1638 4134 Psal.
1674 4096 1847 4146 Lxxn,
1878 4080 1933 4134 8.

2104 4076 2297 4132 [Tim.
2332 4091 2415 4141 ιιι,
2451 4076 2504 4128 8.
2573 4075 2615 4109 τί
2652 4074 2853 4129 Matth.
2905 4093 3003 4144 vn,
3052 4077 3107 4131 6.
3183 4078 3228 4112 ⁷²
3275 4079 3487 4150 Ephes.
3537 4099 3614 4150 ιν,
3663 4083 3753 4141 44.

678 4195 1187 4283 γεκξῖθεςᾊιιαᾶοοη
1219 4194 1399 4283 Coisl.,
1424 4196 1475 4265 1,
1506 4193 1568 4248 τό
1598 4215 1677 4270 γε.

444 4262 532 4339 14)
562 4262 640 4322 Ού
670 4262 905 4339 σφόδρα.
931 4267 1068 4339 Reg.
1103 4267 1205 4333 hu,
1241 4266 1301 4319 ού
1332 4262 1470 4339 πάνυ
1498 4287 1572 4322 τι.

448 4337 533 4409 15)
567 4332 899 4410 Δερομὲνων.
933 4332 1111 4409 Regg.
1146 4332 1197 4400 a,
1232 4343 1289 4410 et
1333 4337 1374 4407 l,
1424 4332 1779 4410 δαιρομένων.
1832 4338 1995 4402 Quod

356 4409 421 4464 ad
454 4408 827 4480 evangelistce
857 4408 1095 4464 verbum
1128 4409 1319 4480 magis
1350 4408 1586 4480 accedit.

418 4479 528 4552 (46)
559 4476 758 4552 Κακίαν
786 4480 894 4536 καί.
930 4480 1066 4552 ΗΘΒ.
1105 4498 1143 4551 1,
1174 4476 1360 4532 κακίαν

353 4551 535 4677 ora?
568 4548 688 4607 Καί.
705 4548 1055 4607 Addidimus
1075 4548 1142 4607 ex
1164 4556 1290 4607 octo
1321 4556 1521 4623 Regg.,
1543 4551 1785 4606 totidem
1810 4550 1995 4621 Colb.,

403 4640 536 4677 τ.ι.

424 4694 537 4764 (18)
571 4694 826 4764 "Artamo.
860 4693 998 4764 Reg.
1034 4711 1083 4747 z.
1114 4692 1270 4748 Colb.
1306 4693 1358 4756 3,
1398 4692 1450 4758 4,
1492 4710 1574 4760 m,
1623 4693 1742 4749 Jes.
1796 4692 2002 4748 Billius

357 4765 424 4819 ad
458 4780 620 4819 oram
656 4764 845 4836 Herm,
879 4764 1101 4836 ἅψηται.

426 4836 537 4906 (19)
571 4831 998 4907 ΚαιρίωςίΒές,
1034 4836 1070 4890 Ι.
1102 4831 1333 4907 καιρίαν.

426 4904 540 4975 (20)
574 4904 818 4971 Πυρῖτιν.
867 4904 977 4962 8θέ
1026 4904 1206 4977 Βεεεζ
1255 4904 1425 4961 Coisl.
1478 4905 1531 4975 1,
1577 4904 1673 4960 Or.
1726 4905 1778 4973 Ι,
1814 4906 2005 4977 prima

362 4994 562 5051 manu",
596 4977 845 5051 metm-

424 5044 865 5119 (2l)Kai'&Eiav.
901 5049 1029 5103 Haec
1058 5048 1273 5102 desunt
1302 5044 1362 5099 in
1393 5062 1490 5101 sex
1523 5048 1723 5119 Regg.,
1744 5047 2005 5119 quinque

360 5120 544 5176 Colb..
579 5120 672 5176 Or.
712 5124 761 5176 1.
792 5122 909 5175 Jes.

401 5124 544 5175 olb..
579 5124 672 5175 Or.
712 5124 761 5175 1.
792 5124 909 5175 Jes.

953 5187 1111 5244 Colb.
1144 5189 1198 5255 6,
1230 5184 1469 5262 harben.

570 5255 863 5333 Εἴποῖτὶς,
890 5262 1066 5333 Regg.
1084 5276 1154 5333 ra,
1188 5263 1245 5313 et
1275 5260 1319 5324 Ι,
1347 5255 1547 5333 ἐἷ’ποις.

448 5277 543 5331 23)
572 5277 727 5316 binm
759 5282 863 5322 τις,
891 5277 1066 5388 ιιεεὲ.
1101 5277 1154 5326 a,
1188 5277 1245 5313 et
1275 5277 1319 5324 ι,
1352 5277 1547 5318 ειποις.
1834 5332 1844 5341 Ι

448 5335 543 5402 24)
574 5332 670 5395 Εἷς
701 5332 763 5387 τὸ
794 5332 945 5405 ὕψος.
972 5404 993 5405 7
1044 5332 1166 5405 abr.
1204 5350 1253 5405 ,ιι
1301 5329 1372 5384 ad
1421 5328 1703 5386 excelsam
1749 5332 2003 5389 Trinita-

360 5403 498 5460 tem.
534 5429 556 5457 ι
595 5405 770 5474 Elias,
802 5403 935 5460 «ad
966 5403 1491 5474 Deimajestatem.
1520 5423 1547 5451 »

426 5478 539 5547 (25)
574 5471 794 5547 Ἰαννοῦ,
839 5482 948 5532 etc.
998 5473 1180 5545 Orig.,
1210 5474 1307 5547 ΔιηΔ
1342 5471 1553 5540 Matth.,
1580 5544 1593 5547 _
1617 5475 1786 5529 tract.
1833 5491 2001 5547 xxxv,

356 5564 414 5602 ιι.
443 5543 564 5613 117,
590 5548 674 5604 sic
705 5543 1033 5618 loquiturm
1066 5543 1227 5611 Quod
1259 5543 1693 5618 aitApostolus,
1714 5570 1740 5596 ››
1780 5547 1825 5618 ΙΙ
1848 5546 2000 5602 Tim.

355 5634 483 5692 cap.
516 5626 602 5686 iii,
631 5622 688 5687 8,
721 5644 749 5670 ‹‹
782 5615 947 5692 Sicut
975 5618 1193 5692 Jannes
1222 5615 1618 5692 et__Mambres
1665 5617 2006 5692 restiterunt

356 5686 562 5768 uoysi,
597 5686 715 5755 non
744 5691 1037 5756 invenitur
1064 5689 1125 5750 in
1154 5686 1407 5765 publicis
1436 5688 1774 5765 Scripturis,
1807 5690 1909 5749 sed
1939 5688 2002 5749 in

2104 4194 2253 4248 libro
2285 4190 2633 4262 apocrypha,
2664 4191 2763 4261 qui
2816 4192 3196 4249 inscribitur:
3236 4196 3435 4251 Jannes
3476 4201 3527 4253 et
3578 4203 3755 4255 Mam-

2108 4268 2223 4338 bres
2253 4263 2391 4318 liber
2415 4262 2617 4338 ;__unde
2664 4262 2791 4317 ausi
2830 4269 2977 4338 sunt
3025 4266 3265 4338 quidam
3318 4267 3624 4338 epistolam
3674 4273 3748 4327 ad

2106 4336 2257 4391 Tim.
2291 4332 2644 4404 repellere,»
2687 4338 2793 4388 etc.
2830 4334 2953 4389 Non
3003 4332 3389 4393 omittendum
3438 4341 3643 4396 Jannis
3692 4347 3750 4398 et

2106 4404 2381 4481 Mambris
2412 4408 2707 4481 portenta,
2732 4406 2801 4481 ab
2834 4406 2951 4460 Elia
2982 4424 3083 4477 pro
3118 4410 3426 4481 praastigiis
3456 4410 3677 4468 haberi.

2176 4477 2292 4548 (26)
2325 4472 2616 4548 Μωυσέως.
2652 4475 2916 4548 Plerique
2952 4472 3134 4548 lt'eggf
3158 4472 3414 4541 Μωσὲἷυς.

2179 4544 2293 4624 (27)
2322 4544 2657 4624 Θρασύτητα.
2702 4544 2947 4624 Yid_étur
3002 4544 3259 4624 alludere
3326 4552 3638 4624 Gregorius
3682 4554 3756 4611 ad

2113 4619 2255 4700 illud
2284 4619 2437 4700 quod
2470 4624 2557 4671 est
2587 4619 2741 4700 apud
2797 4620 3069 4700 ThucL’A
3086 4619 3524 4700 antesiaaepa'zooc,
3553 4625 3581 4678 ὁ
3611 4622 3759 4700 λογι-

2113 4689 2256 4768 σμὸς
2300 4684 2327 4708 ”’
2351 4684 2516 4768 -όκνον
2556 4684 2725 4763 φέρει.
2762 4712 2789 4768 (ι
2823 4691 3054 4746 lnscitia
3086 4684 3531 4768 impudentiam
3582 4684 3752 4768 parit.

2112 4762 2425 4888 pandentia
2467 4762 2687 4815 metum
2740 4766 2798 4815 et
2849 4762 3301 4820 cunctationem.
3356 4788 3384 4815 ››
3434 4762 3671 4823 Βὶ11.’ἱιι
3724 4769 3747 4825 1

2113 4850 2143 4888 ο
2190 4874 2205 4887 .

2113 4850 2205 4889 οα.

2183 4904 2295 4979 (28)
2321 4899 2535 4979 Ὀμόσε.
2599 4924 2635 4979 «_
2674 4903 2971 4979 A_ccip_itur
3022 4907 3173 4976 apud
3222 4911 3463 4979 veteres,
3504 4930 3533 4979 ξ)
3566 4910 3755 4979 inquit

2112 4973 2330 5051 Elias,«
2368 4991 2469 5045 pro
2502 4973 2952 5051 6po§,simul,et
2983 4973 3216 5031 rursum
3243 4996 3343 5049 pro
3375 4976 3624 5051 ἀναιδῶς,
3644 4973 3753 5036 im-

2113 5048 2399 5118 pudenter
2430 5050 2601 5118 atque
2633 5052 2831 5118 aperta
2859 5048 3063 5118 fronte.
3100 5071 3127 5096 ››

2182 5118 2295 5187 (29)
2329 5114 2537 5187 Δύτοῖς.
2576 5114 2758 5187 Pass,
2791 5116 2948 5173 Colb.
2983 5136 3066 5182 ιιι,
3112 5122 3273 5173 Herv.
3307 5119 3539 5180 ἑαυτοῖς.

2185 5185 2297 5257 (30)
2330 5185 2908 5259 ΙΙιστεύσαντεςζῆεε.
2943 5190 2985 5254 Ι,
3018 5191 3218 5245 Comb.
3252 5189 3610 5253 πιστεύοντες.

2185 5261 2296 5330 (31)
2327 5256 2712 5327 Π.θανότητος.
2772 5256 2936 5332 Reg,
2988 5262 3108 5329 bm,
3152 5266 3209 5317 et
3251 5262 3405 5327 Bill.,
3432 5262 3756 5336 πειθανότη.

2110 5350 2225 5390 τος.

2185 5402 2298 5478 (32)
2335 5396 2573 5478 "Allius.
2608 5400 2821 5478 Beth,
2853 5406 2910 5478 et
2957 5402 3002 5471 Ι,
3054 5400 3263 5473 ἄλλως,
3308 5405 3507 5478 sicque
3555 5424 3754 5464 emcno

2113 5473 2373 5527 dandum
2403 5473 2701 5526 contendit
2730 5472 2931 5528 Comb.

2183 5545 2294 5615 (33)
2353 5542 2685 5611 ﬂatnﬁévtac
2722 5585 2734 5598 .
2826 5548 2944 5601 Duo
3054 5546 3267 5617 Colb.,

2146 5635 2296 5763 εἶέν-4)
2325 5684 2389 5739 Ὢ
2414 5688 2511 5759 τῆς
2540 5681 2791 5765 ἀλογίαςι
2826 5709 2855 5742 ‹‹
2888 5688 3039 5750 Proh
3068 5688 3479 5770 stoliditatem!
3508 5710 3538 5745 ››

3352 5550 3754 5619 καταπατηθέν-

2111 5634 2196 5667 τες
