4184 6202
382 375 495 438 481

1624 369 1688 430 S.
1739 363 2111 429 GREGORII
2154 363 2547 427 THEOLOGI

3673 362 3793 426 ιω

383 521 618 562 monem
669 502 907 565 habent,
961 501 1032 557 ad
1081 502 1405 556 doctrinam
1455 503 1873 556 transeuntes:
1908 514 2022 553 non

2143 494 2277 568 μοὺς
2330 498 2511 556 κακῶς
2573 491 2930 566 διακείμενος,
2986 494 3020 563 ἢ
3072 492 3139 548 τὰ
3193 495 3306 549 ὦτα
3380 492 3792 573 διεφθαρμένος,

385 611 555 649 secus
585 590 868 657 videlicet,
883 606 948 643 ac
980 589 1027 643 si
1053 588 1206 660 quis,
1221 590 1309 644 vel
1341 586 1772 654 oculorum,vel
1798 587 2029 641 aurium

384 683 525 737 vitio
556 680 849 744 laborans,
884 675 1066 733 solem
1096 681 1197 732 aut
1243 694 1412 732 voces
1461 680 1714 744 accuset,
1747 674 1915 729 illum
1966 676 2033 728 ut

385 771 700 827 obscurum
735 783 799 821 ac
830 765 1025 821 minus
1057 765 1398 838 fulgentem,
1430 765 1537 821 has
1587 769 1651 819 ut
1690 764 1943 820 absonas
1974 766 2031 818 et

392 856 739 913 imbecilles.

465 946 747 1001 XLIII.Ac
777 944 1018 1016 proinde
1048 942 1292 999 minoris
1323 946 1411 999 est
1440 942 1654 1015 negotii
1687 941 1813 998 rudi
1840 940 2031 997 adhuc

389 1035 600 1092 animm
652 1033 952 1088 veritatem
1003 1032 1279 1103 primum,
1328 1031 1514 1086 instar
1568 1048 1709 1086 certe
1768 1030 2030 1085 nondum

387 1125 653 1197 signatis,
684 1121 1046 1193 imprimere,
1080 1136 1256 1192 quam
1294 1136 1469 1191 super
1512 1119 1755 1187 litteras,
1788 1118 1896 1175 hoc
1945 1122 2034 1174 est

386 1229 594 1285 pravas
625 1210 920 1267 doctrinas
948 1214 1005 1264 et
1034 1209 1329 1281 dogmata,
1351 1209 1511 1280 pium
1534 1224 1863 1263 sermonem
1895 1207 2034 1263 scri-

386 1301 639 1369 bere,ita
668 1303 733 1353 ut
764 1297 1086 1369 posteriora
1116 1313 1249 1353 cum
1282 1296 1575 1369 prioribus
1596 1297 2033 1353 confundantur

385 1394 443 1445 et
472 1388 903 1461 perturbentur.
929 1386 1001 1443 Ut
1028 1387 1183 1442 enim
1216 1390 1449 1458 prastat
1477 1386 1710 1459 planam
1745 1393 1801 1442 et
1829 1386 2030 1442 tritam

385 1486 537 1533 viam
570 1476 1004 1548 calcare,quam
1028 1492 1293 1547 asperam
1317 1474 1613 1546 nullisque
1632 1476 1843 1547 pedum
1862 1475 2032 1530 vesti-

386 1565 497 1637 giis
528 1565 901 1636 impressam,
925 1581 1244 1635 arvumque
1273 1564 1459 1619 colere
1490 1570 1680 1620 aratro
1704 1567 1829 1633 jam
1878 1581 2030 1637 saepe

386 1653 744 1726 proscissum
779 1659 835 1708 et
874 1652 1227 1722 emollitum,
1260 1654 1337 1709 ita
1382 1654 1749 1708 commodius
1799 1669 2030 1725 quoque

386 1742 561 1797 fuerit
608 1742 871 1797 animum
924 1742 1181 1814 pingere,
1215 1741 1308 1797 cui
1355 1743 1614 1798 nondum
1666 1741 1873 1797 vitiosa
1904 1743 2029 1812 jam

386 1831 586 1902 aliqua
617 1831 878 1886 doctrina
914 1833 1203 1902 impressa
1251 1833 1345 1897 sit,
1380 1831 1777 1902 improbaaque
1826 1831 2032 1885 litterae

386 1919 669 1975 altissime
698 1919 1074 1990 consignatae.
1114 1919 1341 1990 Alioqui
1379 1920 1473 1991 pio
1505 1919 1773 1989 scriptori
1818 1918 2030 1990 duplex

384 2008 481 2063 hic
510 2008 675 2063 labor
713 2008 1125 2079 suscipiendus
1168 2007 1295 2071 erit,
1328 2012 1393 2062 ut
1438 2012 1494 2062 et
1543 2010 1765 2079 priores
1814 2007 2030 2063 formas

383 2098 592 2167 deleat,
626 2104 682 2152 et
712 2097 1072 2168 probatiores
1105 2096 1512 2167 dignioresque
1554 2112 1681 2166 quae
1729 2102 2029 2161 maneant,

382 2183 529 2255 ipsis
560 2183 897 2239 substituat.
924 2186 996 2237 At
1026 2187 1109 2238 tot
1140 2182 1377 2253 quidem
1410 2188 1567 2249 sunt,
1583 2190 1709 2238 tum
1742 2189 2029 2255 quantum

383 2273 451 2329 ad
488 2272 737 2344 reliquas
770 2272 1263 2338 aﬂ‘ectiones,tum
1296 2277 1579 2343 quantum
1610 2273 1681 2327 ad
1701 2288 2030 2328 sermonem

384 2361 601 2433 ipsum,
634 2361 813 2433 pravi,
848 2365 905 2416 et
938 2360 1098 2432 pravi
1138 2360 1295 2415 illius
1342 2361 1463 2432 typi
1509 2366 1566 2416 et
1612 2360 1979 2417 characteres
2012 2376 2026 2415 :

383 2455 730 2521 tantumque
759 2450 808 2505 ei
844 2449 1142 2520 negotium
1176 2449 1486 2516 incumbit,
1519 2450 1612 2504 cui
1645 2450 1765 2504 haec
1800 2450 2030 2505 anima-

387 2556 514 2593 rum
550 2538 839 2593 institutio
870 2544 929 2593 et
950 2536 1290 2609 praefectura
1315 2538 1629 2593 commissa
1650 2544 1757 2609 est,
1773 2555 1839 2592 ac
1861 2536 2031 2610 plura

384 2628 557 2683 etiam
587 2627 790 2694 oratio,
823 2643 895 2681 ne
925 2627 1166 2681 modum
1212 2627 1530 2693 excederet,
1565 2626 1954 2698 praetermisit.

454 2735 643 2789 XLIV.
695 2734 1201 2799 Quemadmodum
1261 2733 1460 2805 igitur,
1511 2732 1558 2788 si
1619 2734 1753 2805 quis
1807 2734 2027 2790 variam

384 2824 700 2896 quamdam
716 2827 771 2877 et
788 2821 1171 2893 multiplicem
1192 2822 1470 2889 belluam,
1486 2839 1554 2877 ex
1568 2821 1769 2877 multis
1791 2822 2024 2894 belluis,

383 2913 611 2984 magnis
635 2913 801 2981 juxta
833 2914 1163 2983 parvisque,
1200 2914 1451 2984 ferisque
1492 2930 1557 2967 ac
1589 2913 1849 2977 mitibus,
1885 2931 2026 2969 con-

382 3002 582 3057 ﬂatam
641 3002 900 3057 cicurare
955 3007 1010 3055 et
1061 3002 1271 3056 ducere
1329 3002 1720 3072 aggrediatur,
1772 3002 1907 3055 huic
1965 3002 2023 3057 in

382 3096 591 3148 natura
613 3091 752 3145 adeo
784 3094 1135 3161 praepostera
1169 3097 1224 3143 et
1273 3090 1603 3161 prodigiosa
1644 3090 2025 3159 gubernanda

382 3178 671 3234 maximus
706 3177 903 3249 procul
934 3178 1110 3232 dubio
1143 3177 1305 3232 labor
1334 3180 1676 3233 subeundus
1709 3178 1801 3243 sit,
1840 3180 2019 3234 maxi-

380 3283 592 3338 maque
622 3267 1187 3338 dimicatio;quippe
1218 3284 1349 3322 cum
1385 3285 1487 3321 nec
1518 3268 1756 3321 vocibus
1789 3268 2017 3334 iisdem,

382 3372 486 3411 nec
519 3355 833 3421 alimentis,
868 3372 972 3410 nec
1004 3371 1285 3410 manuum
1331 3356 1653 3421 blanditiis,
1689 3373 1754 3410 ac
1806 3356 2016 3423 sibilis,

381 3460 484 3500 nec
544 3444 780 3513 reliquis
830 3444 1079 3515 denique
1128 3444 1511 3498 institutionis
1567 3444 1776 3510 modis,
1820 3444 2020 3499 belluas

381 3549 585 3589 omnes
617 3532 997 3601 delectentur,
1032 3534 1132 3587 sed
1165 3532 1288 3587 aliis
1320 3533 1473 3597 aliis,
1510 3549 1607 3603 pro
1640 3550 1746 3587 sua
1778 3550 2020 3604 quaeque

378 3628 591 3677 natura
638 3626 695 3676 et
743 3622 1184 3688 consuetudine,
1226 3621 1311 3676 vel
1361 3621 1671 3692 gaudeant,
1704 3621 1790 3675 vel
1841 3623 2022 3677 oii'en-

378 3714 628 3765 duntur:
668 3715 728 3764 ut
760 3710 859 3781 qui
892 3709 1183 3780 ejusmodi
1215 3710 1415 3764 belluas
1446 3726 1645 3765 curam
1678 3711 2020 3782 susceperit,

376 3817 509 3856 eum
542 3799 698 3855 varia
729 3800 966 3854 omnino
1015 3804 1071 3855 et
1117 3798 1421 3871 multiplici
1467 3799 1713 3855 scientia
1751 3805 2021 3854 ornatum

376 3889 850 3959 instructumque
889 3904 1013 3943 esse
1045 3893 1323 3960 Oporteat,
1344 3888 1445 3943 34
1477 3894 1531 3941 et
1560 3905 1709 3955 eam,
1744 3905 1869 3960 quae
1901 3888 2021 3942 cui-

376 3995 485 4049 que
517 3981 651 4048 apta
691 3977 787 4044 sit,
821 3978 1183 4032 curationem
1218 3976 1516 4047 adhibere,
1551 3977 1601 4032 si
1632 3978 1869 4047 quidem
1902 3976 2021 4032 bel-

375 4062 537 4120 luam
569 4081 703 4120 cum
752 4064 923 4120 laude
972 4066 1182 4121 ducere
1229 4070 1405 4137 atque
1451 4082 1791 4121 conservare
1841 4065 2019 4138 cupit.

377 4153 593 4208 Eodem
628 4154 797 4209 modo
832 4171 964 4209 cum
997 4170 1309 4209 commune
1340 4154 1449 4209 hoc
1498 4154 1762 4210 Ecclesiae
1812 4171 2024 4227 corpus

378 4240 566 4295 instar
593 4241 923 4311 compositas
972 4244 1280 4313 cujusdam
1333 4248 1391 4298 et
1438 4242 1745 4315 inaequalis
1794 4242 2020 4311 bellum,

381 4346 449 4384 ex
478 4327 746 4400 pluribus
779 4331 1070 4402 variisque
1103 4332 1365 4387 moribus
1385 4337 1443 4387 et
1466 4332 1789 4388 rationibus
1807 4333 2023 4389 consti-

452 4535 966 4617 (35)(ίιδαγμάτων.
1001 4566 1043 4617 «_
1063 4544 1338 4601 Moralem
1372 4544 1756 4617 disciplinam
1794 4568 1819 4595 ››
1856 4547 2023 4604 intel-

388 4609 705 4687 ligitElias
736 4609 851 4687 E'et
869 4609 1157 4687 δογμάτων
1188 4638 1215 4665 «
1250 4616 1383 4671 ﬁdei
1413 4609 1759 4672 doct—rinam.
1794 4640 1822 4667 »

456 4679 567 4755 (36)
593 4679 746 4739 Ὀδὸν
802 4685 894 4756 μὶν
1113 4709 1140 4736 κ
1190 4687 1355 4742 Viam
1409 4689 1564 4742 enim
1614 4687 1870 4759 planam,
1921 4691 2025 4745 tri-

381 4760 615 4825 tamque
648 4763 885 4827 praestat
915 4758 1156 4823 calcare,
1189 4776 1363 4830 quam
1396 4776 1683 4830 asperam,
1719 4765 1862 4826 etc.;
1897 4762 2025 4815 ani-

382 4844 537 4882 mam
558 4844 710 4891 vero,
726 4843 853 4898 quae
873 4831 1131 4885 nondum
1156 4831 1349 4898 pravis
1373 4830 1597 4885 imbuta
1618 4834 1707 4885 est
1726 4830 2024 4888 doctrinis.

383 4899 550 4953 bonis
582 4899 897 4955 informare
927 4906 1015 4956 est
1047 4899 1293 4956 facilius.
1328 4924 1352 4949 η

453 4971 566 5043 (37)
598 4967 853 5043 Γίνοιντο.
887 4973 977 5027 Sic
1025 4974 1247 5039 Billius,
1282 4990 1379 5027 sex
1429 4972 1630 5043 Regg.,
1680 4972 1795 5043 duo
1840 4974 2025 5041 Colb.,

382 5040 562 5119 Unci,
596 5042 714 5119 Jcs.
747 5042 1019 5099 Nonnulli
1072 5044 1361 5119 γίγνοιντο.
1406 5040 1631 5115 Regi-2,
1678 5042 1903 5118 γίνοιτο.
1961 5040 2025 5102 In

383 5112 578 5179 editis,
611 5112 846 5183 γένοιτο.

454 5184 561 5253 (38)
595 5188 949 5268 nempe-6.3.
975 5186 1297 5268 Malignum
1348 5191 1514 5268 v~ocat
1562 5185 1753 5268 ipsum
1792 5188 2022 5268 deamo:

383 5270 540 5329 nem,
572 5277 599 5302 ››
634 5256 821 5325 inquit
850 5256 1331 5329 Gab.alluditque
1360 5256 1935 5329 Gregorius,opinor,
1951 5260 2021 5315 ad

383 5325 585 5378 Matth.
621 5342 693 5387 VI.
737 5328 816 5382 i3.

452 5397 696 5471 (39)T1‘,y
747 5402 872 5453 τῶν.
908 5400 999 5454 Sic
1056 5402 1232 5471 Regg.
1265 5399 1387 5465 bm,
1435 5399 1534 5465 bu,
1567 5398 1824 5471 melioris
1875 5404 2023 5455 notas

381 5468 919 5594 codicestombef.
950 5474 1059 5526 τῶν
1106 5467 1305 5541 ταύτην
1354 5467 1817 5543 πεπιστευμένων.
1858 5473 2025 5528 Deest

377 5558 484 5591 των
509 5556 567 5593 ιη
601 5555 629 5591 e
682 5582 692 5593 .

591 5607 902 5690 gelusidés.
936 5616 1075 5690 Reg.
1109 5616 1210 5684 hu,
1241 5608 1525 5672 πολυειδὲς
1557 5631 1632 5669 τε.

473 5611 541 5665 40
592 5610 902 5674 Πολυειδές.
936 5616 1075 5690 Reg.
1109 5616 1210 5684 hu,

449 5610 561 5762 (41)
591 5681 807 5763 Χειρός.
841 5685 959 5745 J65.
995 5692 1222 5768 χειρῶν.

2137 582 2473 658 κατηγοροίη
2523 586 2621 637 τοῦ
2667 581 2834 652 ἡλίου
2883 585 2917 651 ἢ
2967 587 3072 637 τῶν
3126 587 3341 659 φωνῶν,
3392 587 3489 639 τοῦ
3561 583 3655 657 μὶν
3716 583 3794 647 ὡς

2140 671 2387 744 ἀμαυροῦ
2414 670 2505 725 καὶ
2539 670 2599 725 οὐ
2641 664 2978 744 στίλϐοντος,
3007 675 3115 726 τῶν
3167 668 3225 725 δὶ
3274 671 3349 733 ὡς
3402 669 3650 743 ἐκμελῶν
3700 671 3792 727 καὶ

2139 758 2341 816 ἀτόνων
2353 805 2367 818 .

2210 937 2338 994 ΜΓ.
2369 935 2467 992 Καὶ
2500 934 2589 991 διὰ
2616 939 2775 991 τοῦτο
2808 934 2935 1011 ῥᾷον
2967 936 3086 1012 ἄρτι
3131 940 3476 1010 καινοτομεῖν
3526 936 3785 1007 ἀλήθειαν

2140 1028 2315 1101 ψυχῇ,
2366 1023 2545 1102 ὥσπερ
2598 1025 2769 1103 κηρὸν
2820 1021 2971 1080 οὔπω
3018 1025 3445 1101 κεχαραγμένον,
3476 1027 3511 1096 ἢ
3562 1026 3790 1104 γράφειν

2139 1115 2275 1170 κατά
2322 1113 2679 1189 γραμμάτων,
2711 1117 2964 1189 πονηρῶν
3010 1112 3158 1190 λέγω
3206 1111 3550 1191 διὸαγμάτων
3585 1117 3699 1185 (35)
3726 1136 3788 1171 τε

2139 1202 2229 1258 καὶ
2287 1199 2597 1278 δογμάτων,
2660 1198 2851 1272 εὐσεϐῆ
2922 1201 3109 1278 λόγον,
3167 1203 3243 1265 ὡς
3300 1208 3617 1281 συγχεῖσθαι
3694 1203 3788 1259 καί

2139 1290 2383 1347 ἀτακτεῖν
2455 1297 2572 1355 τοῖς
2648 1291 2932 1369 προτέροις
3004 1292 3071 1348 τὰ
3155 1288 3391 1368 δεύτερα.
3470 1289 3619 1348 Ὀδὸν
3690 1294 3786 1368 μὲν

2138 1382 2239 1458 γάρ
2288 1383 2400 1455 (36)
2446 1385 2631 1436 πατεῖν
2683 1382 2902 1454 ἄμεινον
2954 1382 3054 1450 τὴν
3105 1378 3251 1437 λείαν
3301 1379 3392 1437 καί
3419 1382 3790 1459 τετριμμένην

2139 1471 2173 1539 ἣ
2201 1470 2300 1538 τήν
2342 1465 2537 1545 ἀτριϐῆ
2586 1469 2676 1524 καὶ
2724 1475 3005 1546 τραχεῖαν,
3037 1469 3127 1525 καὶ
3176 1476 3274 1545 γῆν
3323 1469 3485 1546 ἀροῦν
3544 1472 3605 1540 ἢν
3654 1468 3795 1527 πολ-

2141 1556 2298 1621 λάκις
2345 1557 2570 1635 ἄροτρον
2623 1554 2807 1631 ἔτεμεν
2857 1558 2946 1614 καὶ
2996 1559 3301 1633 ἡμέρωσεν·
3336 1561 3519 1636 ψυχὴν
3553 1557 3610 1616 δέ
3656 1558 3792 1636 γρά-

2140 1668 2278 1726 φειν,
2311 1650 2377 1717 ἣν
2438 1645 2590 1702 οὔπω
2649 1646 2818 1722 λόγος
2876 1646 3106 1723 ἐχάραξε
3166 1649 3467 1723 μοχθηρὸς,
3527 1646 3651 1704 οόδὶ
3711 1648 3790 1712 εἰς

2144 1736 2309 1812 βάθος
2365 1738 2431 1791 τὰ
2485 1743 2583 1805 τῆς
2654 1736 2843 1798 κακίας
2913 1734 3242 1810 ἐνεσημάνθῃ
3314 1737 3626 1812 γράμματα·
3689 1733 3791 1792 δύο

2138 1825 2238 1901 γάρ
2288 1826 2348 1879 ἂν
2403 1826 2544 1880 οὕτω
2593 1826 2658 1880 τὰ
2707 1821 2833 1901 ἔργα
2870 1825 3105 1901 γίνοιντο
3136 1828 3248 1895 (37)
3276 1830 3356 1897 τῷ
3382 1821 3621 1889 θεοσεϐεῖ
3647 1824 3787 1881 καλ-

2141 1912 2413 1991 λιγράφῳ,
2473 1912 2770 1992 ἐξαλείφειν
2818 1935 2876 1968 τε
2916 1914 3045 1976 τοὺς
3092 1914 3397 1990 προτέρους
3436 1914 3663 1985 τύπους,
3694 1914 3787 1970 καί

2144 2004 2530 2081 μετεγγράφειν
2561 2004 2688 2065 τοὺς
2746 2000 3146 2079 δοκιμωτέρους
3201 2024 3260 2058 τε
3311 2002 3401 2058 καὶ
3455 2007 3552 2058 τοῦ
3610 2004 3789 2076 μένειν

2140 2092 2484 2165 ἀξιωτέρους.
2516 2096 2774 2146 Τοσοῦτοι
2808 2091 2901 2164 μὲν
2937 2089 3003 2160 δὴ
3034 2091 3122 2146 καὶ
3153 2092 3289 2146 κατὰ
3316 2093 3382 2146 τὰ
3420 2090 3589 2147 λοιπά
3613 2092 3783 2165 πάθη,

2138 2181 2393 2236 καὶκατὰ
2419 2181 2509 2235 τὸν
2543 2179 2703 2255 λόγον
2748 2180 2930 2251 αὐτὸν,
2962 2181 3016 2234 αἱ
3057 2180 3291 2255 πονηροὶ
3334 2180 3423 2235 καὶ
3469 2186 3567 2236 τοῦ
3608 2201 3783 2252 πονη-

2141 2274 2237 2339 ροῦ
2270 2272 2378 2344 (38)
2407 2268 2566 2325 τύποι
2596 2269 2685 2324 καὶ
2723 2276 3087 2345 χαρακτῆρες·
3119 2273 3379 2324 τοσοῦτον
3420 2267 3477 2325 δὶ
3517 2271 3581 2326 τὸ
3627 2268 3782 2347 ἔργον

2136 2362 2216 2430 τῷ
2245 2356 2442 2428 ταύτην
2471 2358 2879 2431 πεπιστευμένῳ
2915 2358 3014 2426 τὴν
3060 2361 3167 2412 τῶν
3218 2360 3409 2433 ψυχῶν
3443 2360 3560 2431 (39)
3589 2356 3785 2415 παιδα-

2136 2446 2339 2525 γωγίαν
2369 2447 2457 2501 καὶ
2487 2446 2836 2522 προστασίαν·
2870 2446 3054 2501 καὶτά
3092 2443 3268 2501 πλείω
3322 2448 3559 2522 παρῆκεν
3608 2447 3637 2501 ὁ
3688 2445 3787 2502 λό-

2138 2556 2255 2612 γος,
2282 2533 2371 2590 ’ίνα
2404 2537 2478 2609 μὴ
2511 2534 2890 2612 περιττότερος
2920 2532 2957 2609 ᾖ
2988 2538 3085 2590 τοῦ
3118 2531 3353 2597 δέοντος.

2206 2730 2333 2787 MA'.
2365 2732 2566 2805 ’Ὠσπερ
2598 2726 2688 2783 οὗν
2736 2725 2789 2782 εἷ’
2826 2748 2908 2790 τις
2958 2727 3146 2799 θηρίον
3201 2728 3259 2783 ἐκ
3304 2727 3529 2784 πολλῶν
3576 2728 3782 2805 Θηρίων

2137 2818 2484 2894 συγκείμενον
2532 2813 2821 2880 πολυοιδὶς
2872 2818 2986 2892 (40)
3034 2816 3123 2871 καὶ
3170 2816 3553 2895 πολύμορφον,
3598 2817 3783 2891 μειζό-

2134 2931 2237 2964 νων
2291 2930 2350 2963 τε
2394 2908 2482 2961 καὶ
2535 2906 2892 2982 μικροτέρων,
2941 2907 3303 2982 ἡμερωτέρων
3358 2927 3413 2962 τε
3470 2905 3558 2961 καὶ
3626 2907 3781 2983 ἀγρι-

2135 2997 2373 3073 ωτέρων,
2423 2997 2570 3071 ἄγειν
2628 2995 2934 3071 ἐπιχειροίη
3004 2994 3091 3050 καὶ
3156 2993 3511 3065 τιθασσεύειν,
3560 2993 3780 3060 πάντως

2134 3086 2190 3142 ἂν
2224 3087 2290 3157 ἦν
2322 3084 2475 3161 ἔργον
2508 3085 2676 3156 αὐτῷ,
2706 3084 2795 3138 καὶ
2828 3082 2888 3138 οὐ
2931 3083 3121 3159 μικρὸν
3156 3084 3217 3139 οὸ
3264 3083 3567 3160 ἀγώνισμα,
3601 3085 3777 3150 οὕτως

2133 3173 2427 3249 ἀνωμάλου
2475 3174 2571 3229 καὶ
2624 3170 2931 3227 ἀλλοκότου
2988 3177 3305 3248 προστατεῖν
3370 3171 3602 3251 φύσεως,
3654 3170 3778 3229 οὔτε

2132 3269 2334 3341 φωναῖς
2378 3268 2497 3325 ταῖς
2537 3262 2743 3328 αὐταῖς,
2795 3257 2917 3316 οὔτε
2960 3265 3210 3338 τροφαῖς,
3254 3257 3375 3316 οὔτε
3425 3261 3611 3337 χειρὸς
3657 3265 3773 3334 (41)

2127 3352 2353 3430 ἐπαφαῖς
2404 3354 2536 3423 (42),
2588 3345 2710 3405 οὔτε
2757 3348 3077 3423 συρίγμασιν
3123 3351 3258 3424 (43),
3308 3346 3433 3405 οὔτε
3492 3355 3610 3412 τοῖς
3668 3356 3774 3420 τῆς

2130 3439 2307 3511 ἄλλης
2337 3440 2557 3515 ἀγωγῆς
2600 3437 2828 3513 τρόποις
2873 3436 3094 3492 ἑκάστου
3143 3442 3249 3493 τῶν
3295 3438 3499 3514 θηρίων
3541 3437 3771 3515 χαίρον-

2127 3547 2242 3596 τος,
2275 3523 2461 3581 ἄλλων
2514 3522 2571 3579 δὶ
2618 3523 2811 3585 ἄλλοις
2854 3520 3159 3596 ἡδομένων,
3190 3523 3601 3600 ἡάχθομένων,
3634 3525 3708 3589 ὡς
3736 3527 3774 3596 ἡ

2131 3614 2287 3692 φύσις
2338 3612 2563 3669 ἑκάστου
2609 3613 2698 3668 καὶ
2742 3615 2777 3683 ἡ
2831 3613 3104 3683 συνήθεια’
3154 3613 3246 3669 καὶ
3291 3613 3344 3668 τί
3394 3611 3453 3668 ἂν
3504 3609 3613 3669 ἔδει
3661 3616 3780 3687 (44)

2130 3708 2303 3759 ποιεῖν
2327 3703 2418 3758 τὸν
2466 3700 2717 3756 τοιούτου
2748 3703 2863 3774 (45)
2892 3702 3057 3777 θηρὸς
3112 3699 3399 3772 ἐπιστάτην
3427 3720 3439 3771 ;
3469 3700 3522 3756 τί
3554 3698 3602 3756 δ’
3628 3700 3772 3758 ἄλλο

2130 3813 2190 3867 γε
2220 3793 2253 3861 ἢ
2282 3788 2547 3859 πολυειδῆ
2579 3811 2638 3845 τε
2668 3789 2800 3845 εἶναι
2848 3790 2938 3844 καὶ
2981 3787 3233 3844 ποικίλον
3279 3791 3378 3860 τὴν
3430 3788 3782 3864 ἐπιστήμην,

2130 3881 2218 3935 καὶ
2251 3877 2600 3949 κατάλληλον
2631 3879 2840 3951 ἑκάστῳ
2887 3880 3176 3954 προσάγειν
3220 3880 3321 3949 τὴν
3368 3879 3676 3955 Θεραπείαν,
3708 3880 3785 3944 ὡς

2134 3972 2191 4025 ἂν
2248 3970 2437 4045 ἄγοιτο
2492 3966 2674 4029 καλῶς
2735 3965 2880 4039 αὐτῷ
2925 3968 2987 4022 τὸ
3044 3967 3229 4043 θηρίον
3280 3966 3369 4022 καὶ
3416 3965 3780 4038 διασώζοιτος

2133 4059 2305 4121 οὕτως
2349 4057 2408 4113 ἐκ
2453 4054 2679 4113 πολλῶν
2728 4056 2817 4111 καὶ
2871 4054 3142 4134 διαφόρων
3188 4057 3278 4111 καὶ
3328 4057 3473 4127 ἠθῶν
3530 4058 3619 4111 καὶ
3688 4054 3784 4113 λό-

2130 4169 2259 4224 γων,
2290 4148 2527 4223 καθάπερ
2577 4144 2694 4208 ἐνὸς
2744 4146 2884 4214 ζώου
2924 4146 3173 4209 συνθέτου
3219 4144 3309 4201 καί
3366 4144 3648 4219 ἀνομοίου,
3680 4149 3780 4201 τοῦ

2131 4242 2316 4292 κοινοῦ
2344 4236 2536 4291 τούτου
2583 4242 2679 4305 τῆς
2729 4232 3053 4305 Ἐκκλησίας
3102 4233 3449 4311 συγκειμένου
3498 4235 3777 4308 σώματος.

2132 4332 2276 4383 πᾶσα
2302 4325 2505 4404 ἀνάγκη
2532 4324 2621 4380 καὶ
2651 4324 2743 4380 τὸν
2787 4324 3093 4401 προστάτην
3139 4321 3346 4380 ἁπλοῦν
3392 4344 3451 4380 τε
3498 4322 3629 4379 εἶναι

2205 4543 2319 4614 (42)
2358 4541 2634 4617 Ἔπαφαῖς.
2687 4539 3012 4617 Significat,
3045 4539 3236 4609 inquit
3294 4539 3491 4617 Gabr.,
3529 4543 3783 4617 gestum

2060 4618 2104 4681 D
2135 4610 2305 4671 illum
2336 4630 2452 4683 quo
2484 4610 2742 4669 solemus
2758 4610 3109 4683 'pecudibus
3155 4617 3259 4667 aut
3303 4612 3480 4667 etiam
3514 4610 3788 4683 homini-

2136 4688 2247 4743 bus
2276 4680 2549 4753 blandiri,
2583 4680 2823 4740 dorsum
2856 4699 3057 4738 eorum
3090 4687 3191 4737 aut
3221 4688 3398 4755 caput
3425 4680 3784 4738 contrectan-

2135 4765 2317 4901 te_3(.43)
2349 4822 2703 4901 Συρίγμασιν.
2739 4825 2877 4897 Reg.
2910 4822 2951 4895 1,
2984 4822 3322 4898 συρίσμασιν.
3382 4825 3629 4881 Montac.
3690 4841 3785 4877 σο-

2136 4898 2414 4975 φίσμασιν.

2228 4961 2319 5042 ὶιά)
2353 4966 2449 5022 Καί
2473 4964 2613 5042 τι-ἂν
2648 4961 2776 5042 ἔδει,
2804 4973 2913 5023 etc.
2955 4991 2973 5015 α
3010 4968 3079 5022 Ει
3126 4968 3275 5042 quid
3308 4970 3574 5042 poporteat
3624 4966 3785 5042 face-

2135 5060 2196 5098 re
2210 5039 2550 5114 hujusmodi
2577 5039 2777 5095 bestiae
2792 5042 3125 5114 prafectum
3142 5041 3320 5114 ?Quid
3341 5039 3499 5114 aliud
3524 5055 3626 5110 pro
3637 5039 3783 5114 recto

2134 5110 2312 5186 quam
2370 5128 2572 5168 curare
2630 5114 2695 5167 ut
2750 5110 3053 5183 multiplex
3110 5112 3188 5166 sit
3244 5128 3309 5167 ac
3364 5113 3558 5167 varius
3589 5110 3783 5166 scien-

2269 5208 2296 5235 ))
2330 5208 2440 5238 CLU-

2269 5208 2296 5235 ))
2428 5226 2440 5238 ο

2134 5189 2749 5329 ιιὙίῶ)(ἷξόν-τοιούτου.
2782 5254 2924 5329 Beg.
2956 5270 3005 5317 ι’,
3038 5255 3132 5329 τι)ιῖ
3160 5250 3431 5329 τοιούτου.

2204 5321 2582 5400 (46)¹Απλοῦν
2642 5343 2699 5377 τε
2756 5321 2909 5400 εἶναῖ.
2972 5346 3002 5376 α
3058 5325 3441 5400 Simplicem_,
3501 5346 3530 5373 »
3588 5321 3784 5400 inquit

2134 5394 2310 5467 Elias,
2335 5422 2362 5450 «
2394 5406 2676 5470 quantum
2709 5397 2779 5451 ad
2814 5398 3091 5470 dogmata
3119 5394 3451 5470 etﬂactionis
3485 5394 3783 5470 rectitudi-

2134 5488 2289 5527 nem.
2327 5494 2354 5523 ››
2388 5467 2625 5526 Brevius
2656 5473 2799 5523 orat.
2844 5467 2917 5523 in'
2948 5468 3160 5525 Athan.
3192 5468 3501 5532 Gregorius
3551 5482 3615 5536 se
3660 5467 3785 5536 ipse

2134 5543 2367 5615 exponit
2400 5560 2410 5595 :
2448 5536 2654 5599 ἁπλοῦς
2687 5539 2775 5615 τὸν
2806 5537 3031 5613 τρόπον,
3062 5536 3356 5607 πολυειδὴς
3392 5540 3484 5604 τήν
3516 5532 3781 5615 adﬁciar,-

2133 5609 2235 5669 σιν.
2253 5638 2279 5665 α
2303 5614 2571 5685 Μοτίὸυε
2588 5609 2856 5685 εἰωριοχζ
2873 5612 3237 5685 gubernandi
3266 5618 3387 5667 arte
3411 5609 3732 5682 multiplex.
3752 5631 3780 5658 υ

2131 5688 2277 5744 Vide
2307 5686 2532 5760 Chrys.,
2558 5683 2658 5741 lib.
2696 5682 2749 5740 vi
2779 5684 2854 5742 De
2880 5682 3115 5755 Sacerd.,
3140 5701 3191 5739 ο.
3222 5685 3275 5740 5.
