4184 6202
461 356 582 425 483

1604 352 1895 422 ORATIO
1939 358 2018 421 ΙΙ.
2049 390 2129 405 -
2155 356 2720 423 APOLOGETICA.

3739 370 3861 436 854

460 494 551 549 τὸν
584 491 744 546 αὑτὸν
777 489 913 545 κατὰ
961 488 1061 557 τὴν
1111 486 1161 541 ἰν
1207 491 1365 542 πᾶσιν
1401 489 1510 561 (47)
1542 489 1831 565 ἀρθότητα·
1876 491 1963 546 καὶ
2021 488 2099 546 ὅτι

2218 496 2411 549 tutum
2443 470 2548 563 sit,
2563 510 2936 567 summopere
2968 498 3199 568 quoque
3230 514 3464 556 necesse
3493 503 3604 567 est,
3628 502 3863 560 antisti-

462 580 700 654 μάλιστα
749 575 1090 634 παντοδαπὸν
1157 577 1245 631 καὶ
1302 577 1551 634 ποικίλον
1610 580 1745 635 κατὰ
1816 582 1915 651 τὴν
1966 580 2103 653 πρὸς

453 665 675 726 ἕκαστον
718 667 1011 736 οἰκιίωσιν,
1039 666 1129 721 καὶ
1176 664 1238 721 τὰ
1284 673 1382 737 τῆς
1432 667 1657 741 ὁμιλίας
1716 669 1852 745 πρὸς
1900 672 2103 733 πάντας

449 757 762 831 ιπιτήδειόν
792 778 853 814 τε
881 758 971 813 καὶ
1003 755 1343 835 πρόσφορον.

516 1028 647 1084 ME'.
680 1026 746 1085 Οί
801 1024 892 1099 μὶν
944 1024 1047 1099 γὰρ
1100 1020 1309 1078 δέονται
1358 1022 1589 1098 γάλακτι
1638 1023 1947 1102 τρέφεσθαι,
1985 1030 2100 1087 τοῖς

449 1114 843 1190 ἁπλουστέροις
910 1112 1002 1168 καὶ
1065 1110 1597 1189 στοιχειωδεστέροις
1670 1118 1777 1167 τῶν
1839 1110 2102 1190 διδαγμάιι

446 1224 579 1276 των,
626 1202 742 1258 ὅσοι
786 1203 886 1272 τὴν
934 1198 1041 1271 ἴξιν
1089 1202 1206 1273 (48)
1253 1203 1441 1271 νήπιοι
1493 1202 1583 1256 καὶ
1642 1202 1977 1279 ἀρτιπαγεῖς,
2026 1203 2102 1266 ὡς

454 1293 511 1347 ἂν
565 1288 709 1347 εἷ’ποι
757 1311 859 1361 τις,
907 1282 1007 1359 τὴν
1060 1286 1302 1365 ἀνδρείαν
1370 1294 1467 1344 τοῦ
1536 1289 1706 1365 λόγου
1763 1292 1970 1368 τροφὴν
2040 1290 2102 1347 οὗ

454 1381 725 1458 φέροντες·
783 1381 845 1448 ἣν
906 1379 951 1433 εί
1009 1377 1276 1453 προσάγοι
1331 1400 1411 1441 τις
1470 1380 1615 1455 παρᾶ
1674 1376 1920 1454 δύναμιν,
1959 1379 2104 1455 τάχα

453 1470 513 1525 ἂν
589 1467 1025 1530 κατα-πιεσθέντες
1083 1468 1201 1541 (49)
1264 1468 1352 1522 καὶ
1432 1467 1756 1543 βαρηθέντες
1813 1472 1945 1544 (50),
2006 1469 2105 1525 οὐκ

453 1558 781 1633 ἒξαρκούσης
828 1564 929 1627 τῆς
978 1554 1246 1624 διανοίας,
1281 1555 1461 1632 ὥσπερ
1514 1555 1624 1611 ἐκεῖ
1666 1565 1769 1627 τῆς
1819 1556 1957 1627 ὅλης
1991 1562 2099 1631 (51)

450 1649 510 1702 τὸ
560 1646 872 1711 ὶπεισελθὸν
916 1644 1141 1701 ἐλκῦσαι
1188 1646 1275 1700 καὶ
1326 1646 1727 1716 οἰκειώσασθαι,
1778 1649 2097 1720 ζημιωθεῖεν

451 1735 508 1791 ἃν
550 1737 639 1791 καὶ
686 1735 762 1797 εἷς
808 1736 907 1804 τὴν
948 1733 1180 1811 ἀρχαίαν
1227 1732 1472 1808 δύναμιν·
1526 1736 1577 1789 οἳ
1628 1733 1685 1791 δὲ
1730 1743 1829 1806 τῆς
1881 1737 1931 1791 ἐν
1981 1741 2097 1799 τοῖς

447 1824 679 1887 τελείοις
711 1821 1091 1923 ἎΑαλουμὲνης
1150 1823 1366 1923 doc-piae.
1396 1824 1695 1899 χρῄζοντες
1751 1825 1840 1880 καὶ
1893 1828 2100 1903 τροφῆς
2128 1857 2175 1923 Β

444 1916 542 1982 τῆς
595 1911 940 1988 ὑψηλοτέρας
983 1913 1071 1966 καὶ
1123 1911 1472 1988 περῥοτὲρας
1508 1916 1640 1987 (52),
1671 1918 1750 1985 τῷ
1796 1915 1931 1989 πρὸς
1983 1914 2097 1970 διά-

446 2022 623 2078 κρισιν
678 2002 921 2071 ἀληθοῦς
965 2022 1024 2056 τε
1080 2001 1169 2055 καὶ
1216 1999 1449 2075 ψευδοῦς
1518 2003 1716 2065 ἱκανῶς
1774 2006 1887 2077 (53)
1944 2026 2099 2080 γεγυ-

453 2091 678 2165 μνάσθαι
729 2092 797 2146 τὰ
838 2091 1187 2165 αἰσθητήρια,
1219 2090 1267 2144 εἷ’
1303 2089 1443 2165 γάλα
1490 2091 1796 2160 ποτίζοιντο
1843 2093 1932 2147 καὶ
1982 2094 2102 2169 τρι-

452 2200 640 2258 φοιντο
708 2178 992 2254 λαχάνοις,
1062 2179 1288 2233 ἀσθενῶν
1363 2180 1634 2255 βρώματι,
1696 2178 2099 2258 δυσχεραίνοιεν

453 2267 533 2323 ἄν’
594 2268 686 2325 καὶ
750 2266 897 2342 μάλα.
954 2266 1199 2337 εἰκότως,
1234 2266 1296 2322 οὗ
1359 2265 1755 2342 ὃυναμοῦμενοι
1803 2273 1919 2344 (54)
1968 2272 2103 2326 κατὰ

454 2358 709 2431 Χριστὸν,
769 2354 894 2411 οὐδὲ
950 2353 1197 2427 αὔξοντες
1253 2357 1351 2425 τὴν
1406 2356 1683 2427 ἃπαινετὴν
1744 2356 1985 2430 αὔξησιν,
2042 2360 2104 2429 ἣν

454 2445 737 2521 ἰργάζεται
789 2440 957 2519 λόγος
1000 2444 1225 2500 τελειῶν
1286 2446 1363 2507 είς
1420 2443 1606 2522 ἄνδρα,
1643 2446 1731 2502 καὶ
1783 2447 1857 2509 είς
1909 2446 2101 2523 μέτρον

451 2532 674 2604 ἡλικίας
730 2536 876 2609 ἄγων
935 2540 1329 2606 πνευματικῆς,
1363 2534 1454 2589 τὸν
1515 2535 1697 2598 καλῶς
1746 2535 2098 2613 τρεφόμενον.

2213 586 2331 637 tem
2364 583 2539 638 simul
2570 589 2625 640 et
2654 585 2983 657 simplicem
3041 603 3190 655 esse,
3247 592 3535 659 quantum
3590 593 3660 647 ad
3702 610 3855 662 eam,

2214 687 2391 743 quam
2424 674 2495 727 ad
2528 690 2620 729 res
2650 691 2855 730 omnes
2883 674 3161 731 adbibere
3193 677 3384 745 debet,
3411 679 3859 752 rectitudinem;

2212 766 2268 816 et
2299 778 2533 817 rursum
2565 780 2742 834 quam
2773 764 3024 819 maxime
3050 765 3277 821 varium
3332 783 3398 821 ac
3450 767 3859 842 multiplicem,

2214 855 2499 921 quantum
2530 852 2600 906 ad
2631 852 2688 905 id
2720 852 2947 917 attinet,
2981 858 3047 908 ut
3076 855 3546 927 uniuscujusque
3589 860 3856 917 animum

2214 938 2325 993 sibi
2350 940 2907 1011 adjungat,apteque
2924 942 3252 1013 etopposite
3274 960 3479 1001 omnes
3502 945 3854 1019 alloquatur.

2284 1026 2448 1083 XLV.
2482 1028 2731 1091 Quidam
2761 1029 2918 1083 enim
2942 1028 3110 1085 lactis
3132 1029 3409 1087 alimonia
3438 1050 3585 1104 opus
3616 1034 3855 1106 habent,

2212 1115 2321 1170 hoc
2350 1119 2455 1185 est,
2514 1115 2964 1187 simplicioribus
3016 1122 3072 1172 et
3129 1117 3520 1177 elementariis
3550 1124 3855 1197 doctrinis,

2213 1204 2491 1258 nimirum
2516 1204 2615 1274 qui
2639 1204 2845 1274 puerili
2870 1206 3050 1260 animi
3074 1205 3417 1263 habitudine
3439 1215 3599 1279 sunt,
3626 1230 3860 1271 recens-

2214 1309 2345 1365 que,
2380 1293 2553 1348 utsic
2584 1293 2799 1361 dicam,
2832 1295 3139 1365 compecti,
3174 1312 3276 1351 nec
3307 1297 3537 1353 virilem
3570 1304 3859 1359 sermonis

2212 1382 2407 1437 cibum
2441 1381 2634 1437 ferunt
2662 1384 2744 1435 Ἴδε
2799 1399 2973 1453 quem
3006 1384 3055 1437 si
3105 1384 3239 1454 quis
3290 1386 3438 1457 ipsis
3471 1392 3677 1458 praeter
3704 1391 3856 1447 vires

2213 1470 2551 1536 admoverit,
2588 1471 2714 1541 ejus
2772 1472 3026 1541 pondere
3084 1474 3351 1543 oppressi
3397 1475 3645 1532 fortasse
3683 1484 3858 1551 atque

2211 1559 2425 1624 obruti,
2461 1558 2655 1614 animo
2683 1561 2753 1613 ad
2784 1559 2838 1613 id
2877 1561 3032 1631 quod
3062 1562 3481 1619 transmissum
3533 1570 3643 1633 est,
3686 1572 3861 1623 attra-

2212 1647 2470 1703 hendum
2495 1648 2722 1719 sibique
2742 1651 3301 1706 accommodandum
3316 1652 3471 1708 haud
3488 1654 3629 1711 satis
3646 1656 3857 1713 virium

2209 1737 2479 1809 habente,
2514 1739 3010 1808 quemadmodum
3050 1755 3153 1794 nec
3187 1756 3426 1812 corpore
3458 1743 3514 1797 in
3548 1745 3693 1799 cibis
3726 1763 3859 1801 ma-

2209 1826 2353 1882 teria
2398 1826 2822 1895 constantibus,
2865 1826 3143 1896 pristinas
3192 1828 3366 1884 etiam
3435 1847 3636 1888 eorum
3702 1834 3855 1890 vires

2208 1914 2597 1970 labefactabit.
2624 1914 2757 1982 Alii,
2781 1916 2933 1986 quod
2968 1932 3178 1972 sensus
3212 1917 3282 1973 ad
3317 1935 3517 1975 verum
3540 1938 3573 1975 a
3594 1921 3739 1978 falso
3765 1924 3857 1978 in-

2202 2004 2643 2059 ternoscendum
2670 2019 2733 2058 ac
2756 2005 3177 2060 secernendum
3200 2007 3537 2064 exercitatos
3568 2010 3844 2083 habeant,

2202 2109 2268 2147 ac
2300 2092 2543 2163 proinde
2575 2092 2860 2163 sapientia
2889 2108 2955 2146 ea
3004 2110 3132 2164 quae
3161 2095 3316 2150 inter
3364 2099 3646 2167 perfectos
3676 2117 3854 2171 expo-

2202 2180 2362 2235 nitur
2390 2181 2454 2250 7‘,
2479 2180 2925 2252 sublimiorique
2954 2187 3011 2237 et
3043 2183 3287 2238 ﬁrmiori
3310 2185 3439 2240 cibo
3464 2186 3763 2258 indigeant
3782 2190 3847 2260 ⁷⁸,

2204 2268 2253 2323 si
2284 2267 2416 2338 quis
2447 2266 2535 2321 lac
2566 2264 2685 2322 illis
2716 2268 3003 2338 propinet,
3038 2268 3430 2341 oleribusque,
3465 2272 3574 2327 hoc
3613 2281 3718 2341 est,
3750 2275 3847 2330 in-

2204 2357 2531 2411 firmiorum
2563 2356 2710 2426 cibo,
2734 2372 2833 2411 eos
2852 2357 2969 2411 alat
2990 2357 3055 2424 ⁷⁸,
3082 2356 3326 2415 molesto
3358 2361 3553 2417 animo
3584 2361 3641 2418 id
3677 2363 3853 2419 laturi

2204 2451 2373 2503 sunt:
2410 2462 2475 2501 ac
2508 2445 2714 2501 merito
2746 2462 2907 2513 sane,
2942 2450 3142 2517 utpote
3200 2448 3345 2503 nihil
3403 2449 3717 2507 Christiani
3758 2468 3854 2508 ro-

2204 2536 2364 2593 boris
2396 2534 2757 2607 colligentes,
2790 2550 2894 2589 nec
2934 2533 3231 2591 laudabile
3289 2534 3433 2592 illud
3465 2544 3852 2611 augmentum

450 2626 770 2698 capientes,
802 2625 955 2695 quod
982 2640 1173 2679 sermo
1209 2624 1441 2679 divinus
1463 2625 1631 2680 affert
1659 2626 1723 2695 77,
1757 2642 1913 2695 eum,
1949 2626 2047 2697 qui
2071 2626 2312 2699 pulchre
2340 2622 2535 2690 alitur,
2570 2623 2630 2676 in
2659 2622 2849 2677 virum
2873 2623 3207 2695 perﬁciens,
3232 2629 3406 2697 atque
3428 2627 3498 2682 ad
3522 2628 3853 2700 spiritualis

451 2715 637 2770 aatatis
659 2729 997 2769 mensuram
1019 2714 1240 2767 ducens
1270 2712 1334 2768 ⁷⁸.

520 2802 644 2869 Μζῖ
682 2799 785 2857 Καὶ
840 2800 977 2873 πρὸς
1033 2804 1201 2853 ταῦτα
1256 2798 1337 2861 τίς
1395 2797 1725 2869 ἱκανός;οὖ
1782 2801 1885 2875 γάρ
1936 2800 2093 2873 ἐσμεν

2266 2802 2450 2857 XLVI.
2484 2800 2553 2855 Et
2582 2800 2652 2856 ad
2682 2800 2798 2857 hac
2833 2803 2957 2871 quis
2984 2800 3215 2858 idoneus
3245 2803 3334 2858 7°?
3368 2803 3489 2859 Non
3531 2805 3687 2861 enim
3721 2806 3848 2878 ple-

449 2890 518 2951 ὡς
559 2890 612 2943 οἱ
668 2887 873 2943 πολλοὶ
932 2886 1260 2957 καπηλεύειν
1316 2885 1604 2960 δυνάμενοι
1638 2891 1751 2961 (55)
1777 2889 1866 2943 τὸν
1926 2886 2093 2964 λόγον

2211 2891 2395 2962 risque
2426 2888 2649 2945 similes
2672 2906 2899 2955 sumus,
2922 2890 3018 2960 qui
3045 2891 3302 2947 veritatis
3328 2892 3651 2950 doctrinam
3676 2897 3742 2950 ad
3756 2895 3855 2951 ul-

446 2986 545 3048 τῆς
597 2976 874 3048 ἀληθείας,
907 2976 999 3031 καὶ
1052 2976 1410 3050 ἀναμιγνύναι
1449 2977 1539 3032 τὸν
1588 2978 1731 3032 οἶνον
1782 2974 1957 3032 ὕδατιθ
2003 2978 2094 3033 τὸν

2211 2983 2387 3034 :erant
2407 2979 2470 3044 ⁸ο,
2491 2994 2556 3032 ac
2577 2977 2779 3032 vinum
2804 2994 2967 3048 aqua
2995 2978 3247 3034 miscent
3266 2980 3307 3015 ⁸¹
3334 2998 3347 3049 ;
3381 2981 3490 3037 hoc
3511 2987 3617 3054 est,
3645 2983 3855 3039 doctri-

449 3066 805 3144 εὐφραίνοντα
833 3062 1055 3141 καρδίαν
1090 3066 1375 3140 ἀνθρώπου
1407 3064 1572 3140 λόγον
1620 3071 1699 3137 τῷ
1753 3065 1953 3139 πολλῷ
2012 3067 2099 3121 καὶ

2211 3084 2342 3122 nam
2375 3083 2473 3121 cor
2503 3065 2757 3120 hominis
2783 3065 3209 3123 exhilarantem
3232 3069 3297 3135 ⁸³,
3324 3085 3456 3124 cum
3490 3069 3590 3125 vili
3621 3076 3678 3126 et
3722 3071 3851 3127 vul-

449 3154 637 3229 εὔώνῳ
695 3155 786 3209 καὶ
843 3156 1023 3230 χαμαὶ
1080 3156 1363 3231 συρομὲνῳ
1419 3154 1508 3209 καὶ
1558 3154 1794 3229 ἐξιτήλῳ
1840 3154 1931 3211 καί
1983 3156 2099 3226 εἰκῆ

2211 3156 2351 3228 gari,
2384 3153 2668 3225 humique
2700 3158 2989 3225 serpente,
3022 3159 3079 3209 et
3125 3157 3389 3223 evanida,
3424 3158 3762 3231 frustraque
3791 3166 3850 3217 et

453 3244 647 3321 ῥέοντι,
711 3243 846 3298 ὥστε
906 3242 1059 3297 αὐτοί
1117 3264 1169 3297 τι
1230 3241 1673 3317 παρακερδαίνειν
1900 3245 1959 3299 ἐκ
2004 3252 2099 3314 τῆς

2211 3250 2423 3300 temere
2454 3243 2689 3311 ﬂuente,
2723 3247 2789 3296 ut
2820 3243 2931 3314 ipsi
2975 3261 3043 3299 ex
3092 3244 3194 3300 hac
3225 3248 3593 3317 cauponandi
3628 3249 3853 3306 ratione
3926 3268 3937 3278 ο

450 3332 777 3402 καπηλείας,
810 3328 951 3386 ἄλλο
990 3352 1047 3387 τε
1094 3329 1281 3394 ἄλλως
1332 3331 1655 3405 ὁμιλοῦντες
1704 3338 1821 3395 τοῖς
1869 3334 2106 3403 πλησιά-

2210 3334 2396 3389 obiter
2443 3330 2663 3403 aliquid
2722 3332 3074 3399 elucrentur,
3106 3332 3336 3404 aliaque
3366 3336 3478 3390 alio
3510 3337 3682 3391 modo
3714 3355 3849 3395 cum

455 3427 605 3491 ζουσι
650 3421 741 3476 καὶ
797 3426 925 3475 πᾶσι
978 3420 1116 3496 πρὸς
1160 3422 1344 3495 χάριν
1396 3420 1813 3497 ὲγγαστρίμυθοί
1862 3425 1975 3495 (57)
2019 3444 2099 3478 τι-

2214 3424 2286 3478 iis
2307 3422 2405 3493 qui
2420 3422 2489 3476 ad
2508 3422 2665 3492 ipsos
2683 3422 3275 3491 accedunt,verba35
3291 3423 3852 3493 faciunt,omnibus-

451 3531 541 3572 νες
597 3505 746 3571 ὅντες
804 3510 895 3562 καὶ
946 3506 1255 3584 κενολόγοι,
1285 3509 1379 3570 τὰς
1428 3511 1630 3565 ἑαυτῶν
1690 3508 1891 3579 ἡδονὰς
1942 3513 2097 3585 θερα-

451 3599 708 3660 πεύοντες
740 3600 845 3670 (58)
880 3596 1065 3673 λόγοις
1126 3596 1185 3652 ἐκ
1230 3600 1333 3672 γῆς
1378 3600 1750 3676 φωνουμὲνοις
1780 3600 1869 3654 καὶ
1902 3598 2097 3675 δυομὲ-

2210 3528 2324 3584 que
2352 3514 2744 3579 assentantur,
2773 3510 3119 3581 ventriloqui
3151 3529 3291 3567 sane
3322 3513 3559 3584 quidam
3604 3518 3661 3570 et
3688 3516 3855 3571 vani-

2209 3601 2393 3673 loqui,
2426 3597 2824 3668 voluptatibus
2857 3597 2979 3653 suis
3013 3599 3349 3668 servientes,
3384 3602 3572 3657 verbis
3620 3619 3651 3658 e
3694 3608 3851 3659 terra

520 3699 564 3733 ⁷³
584 3698 757 3753 Hebr.
780 3713 837 3761 v,
880 3698 981 3763 12;
1020 3698 1035 3750 l
1070 3701 1194 3751 Cor.
1231 3714 1314 3764 In,
1342 3700 1391 3764 1,
1420 3699 1475 3753 2.
1507 3699 1553 3733 7‘
1577 3704 1601 3752 Ι
1632 3703 1758 3755 Cor.
1790 3716 1853 3767 ιι,
1884 3702 1939 3755 6.
1973 3702 2016 3736 ⁷⁵
2047 3706 2095 3756 Η

2211 3718 2302 3766 .v,
2335 3698 2422 3753 14.
2456 3698 2499 3733 ⁷⁸
2531 3696 2698 3751 Rom.
2732 3712 2847 3761 xxv,
2877 3697 2931 3749 2.
2952 3697 2993 3730 ⁷⁷
3036 3696 3254 3753 Coloss.
3290 3713 3351 3765 ιι,
3414 3698 3501 3755 19.
3560 3699 3604 3735 ⁷⁸
3632 3699 3849 3770 Ephes.

442 3804 525 3853 xv,
556 3787 644 3844 13.
676 3787 722 3821 7'
756 3785 804 3840 ΙΙ
829 3789 953 3841 Cor.
986 3801 1050 3853 II,
1085 3786 1174 3841 16.
1198 3787 1242 3821 ⁸ο
1273 3787 1391 3841 ibid
1425 3790 1511 3842 17.
1544 3788 1591 3825 ⁸¹
1625 3788 1734 3844 Isa.
1771 3805 1811 3858 ι,
1843 3789 1933 3845 22.
1965 3791 2010 3826 ⁸²
2038 3790 2099 3847 Ρε

2226 3805 2345 3859 c111,
2380 3788 2466 3842 15.

536 3912 624 3981 47)
659 3910 744 3983 Ἐν
773 3914 955 3965 πᾶσιν.
994 3913 1159 3968 Deest
1182 3911 1240 3983 in
1268 3909 1482 3983 Beg._r.

539 3979 627 4053 48)
658 3981 831 4050 ’Έξιν.
867 3983 1005 4053 Reg.
1036 3984 1137 4052 hu,
1172 3979 1523 4051 additﬁid.

539 4055 627 4135 49)
660 4053 1124 4114 Καταπιεσθέντες.
1188 4054 1358 4135 Reg,”
1383 4070 1429 4120 r,
1492 4070 1551 4118 n,
1572 4053 1867 4135 ,ςῖιξῌλλ3ζ
1907 4055 1961 4123 4,
1994 4055 2087 4110 Or.

442 4128 496 4198 1,
531 4122 723 4198 prima
781 4142 981 4198 manu,
1039 4122 1507 4185 καταπιασθὲντες.
1565 4124 1723 4181 Colb.
1751 4126 1805 4193 6,
1836 4122 1894 4193 5,
1935 4122 2093 4179 κατα-

439 4192 477 4251 6
488 4192 775 4257 ια’σθὲντες.

514 4269 628 4340 (50)
660 4264 1014 4340 Βαρηθὲντες.
1044 4268 1135 4340 ita
1164 4283 1371 4340 novem
1403 4267 1609 4340 Regg.,
1640 4271 1769 4324 octo
1802 4266 2089 4338 Colh.,0r.

442 4342 498 4408 1,
522 4336 681 4414 les},
704 4336 832 4414 Har.
866 4356 997 4414 vero
1033 4336 1398 4414 βαρυνθέντος.

537 4412 629 4480 51)
660 4407 856 4480 Ὕλης.
884 4407 1165 4467 Obse'rvat
1195 4411 1395 4467 Gomb.
1430 4409 1537 4465 hac
1567 4426 1724 4477 voce,
1756 4432 1782 4460 «
1816 4425 2029 4482 corpus
2061 4430 2090 4460 »

441 4500 478 4539 a
509 4482 790 4556 Gregorio
819 4484 1045 4556 passim
1078 4482 1416 4556 signiﬁcari.

517 4552 1223 4629 (δὲγΣτεῤῥοτίραςηΡιὲε.
1274 4554 1396 4620 bm,
1447 4552 1576 4607 Bill.
1637 4553 1697 4607 in
1752 4568 1939 4624 marg.
1981 4571 2093 4606 στε-

444 4625 737 4700 ρεῳτέρας,
770 4625 812 4676 ὶί
829 4625 1136 4700 εοΙὶᾱὶονὶη
1155 4650 1177 4678 ι

513 4694 629 4767 (53)
661 4698 900 4757 ’1κανῶς.
938 4719 964 4747 ‹‹
999 4697 1386 4767 Sufﬁcienter,
1418 4694 1671 4767 abunde.
1709 4716 1730 4743 ι

662 4767 1091 4855 ξυναμοῦμενοι.
1117 4768 1266 4855 (ᾖδε.
1308 4762 1411 4833 hu,
1444 4762 1754 4855 δυνάμενοι.

536 4839 626 4909 55)
689 4835 1025 4907 Καπὴλεῦειν
1113 4835 1533 4909 δυνάμενοιεψα
1596 4836 1701 4902 Qui
1789 4836 2087 4909 possimus

440 4903 554 4963 adu
567 4903 778 4966 Iterare
794 4903 1033 4966 verbum
1050 4903 1368 4965 veritatis.»
1382 4906 1586 4962 Billius
1606 4924 1717 4962 non
1734 4903 1984 4963 reddidit
1998 4903 2090 4959 δυ-

438 4980 680 5051 νάμενοι,
716 4999 820 5037 nec
852 4982 1178 5038 Gabrielius
1205 4999 1217 5047 ;
1244 4996 1419 5050 quam
1444 4984 1639 5034 tamen
1662 4995 1859 5033 vocem
1893 4978 2091 5051 magni

442 5068 572 5107 esse
605 5056 910 5120 momenti,
936 5060 991 5109 et
1022 5056 1107 5109 sic
1130 5052 1465 5107 vertendam
1491 5056 1691 5105 censet
1712 5067 1896 5105 novus
1919 5052 2094 5104 inter-

443 5140 577 5197 pres
610 5125 899 5180 Gallicus:
928 5148 955 5174 ‹‹
980 5126 1079 5196 qui
1108 5129 1376 5197 potentes
1392 5127 1531 5197 sunt
1555 5138 1723 5197 avare
1747 5126 1921 5192 atque
1947 5123 2094 5176 frau-

443 5192 715 5252 dulenter
734 5202 978 5252 tractare
998 5192 1241 5252 verbum
1266 5193 1545 5261 veritatis,
1559 5192 1820 5261 illudque
1840 5210 2096 5248 corrum-

442 5284 600 5339 pere,
625 5285 693 5323 ac
715 5268 915 5322 vinum
942 5285 1093 5339 aqua
1118 5267 1380 5322 miscere.
1411 5288 1435 5313 ››
1460 5265 1691 5339 Deinde
1708 5264 2021 5339 Gregorius
2041 5266 2095 5319 1°

442 5333 653 5395 alludit
682 5340 754 5394 ad
788 5340 908 5394 hinc
939 5333 1099 5395 Ιεέιὶω
1132 5338 1326 5403 verba,
1358 5353 1407 5391 c.
1441 5353 1480 5404 ι,
1512 5336 1603 5403 22,
1635 5334 1696 5387 Οἱ
1724 5333 1966 5402 κάπῖηλοί
1998 5354 2094 5387 σου

445 5408 697 5485 μίσγουσι
726 5410 818 5465 τὸν
853 5410 995 5466 οἶνον
1030 5407 1203 5485 ὕδατι,
1225 5409 1591 5485 «Οιιυρορρξ
1622 5406 1702 5461 tui
1737 5410 1985 5485 miscent
2014 5407 2095 5461 Vi-

442 5477 585 5554 sum
617 5500 810 5554 aqua;
846 5505 875 5554 ξ)
908 5486 977 5554 ρι’
994 5484 1065 5538 ad
1100 5483 1220 5538 haec
1250 5477 1449 5553 Apost.
1473 5477 1682 5554 _Il_Cor.
1707 5496 1767 5543 ιι,
1806 5480 1890 5547 17,
1914 5498 2094 5554 καπη-

441 5549 693 5614 λεύοντες
723 5552 815 5608 τὸν
849 5549 1015 5622 λόγον
1044 5558 1141 5608 τοῦ
1169 5549 1321 5622 Θεοῦ,
1360 5572 1387 5603 ‹‹
1418 5549 1815 5607 adulterantes
1854 5551 2096 5607 verbum

440 5624 579 5692 Dei;
616 5647 645 5675 »
678 5628 739 5679 2°
766 5643 903 5701 voce
933 5623 1219 5701 δυνάμενοι
1253 5624 1594 5701 signiﬁcare
1614 5623 1848 5701 videtur
1889 5639 2095 5701 pravos

436 5701 727 5778 pastores,
777 5699 874 5777 qui
932 5716 1042 5763 sua
1075 5695 1354 5761 'utuntu'r
1410 5697 1697 5775 potestate
1755 5696 1826 5758 ad
1882 5695 2095 5755 verita-

516 3912 533 4116 ἓ

2199 3916 2317 3967 tem
2353 3908 2862 3978 corrumpendam,
2896 3913 2951 3963 et
2980 3906 3237 3964 alludere
3266 3909 3444 3964 simul
3466 3910 3547 3978 ad
3581 3909 3702 3966 haec
3724 3928 3850 3968 ver-

2203 3984 2279 4053 ba
2308 3998 2393 4053 ps.
2430 3996 2501 4046 ιι,
2534 3976 2607 4053 3,:
2635 3977 2694 4053 Τί
2745 3976 2987 4053 ἐγκαυχᾷ
3044 3978 3094 4032 ἰν
3140 3980 3318 4053 κακαί,
3371 3980 3421 4053 ὁ,
3457 3977 3682 4043 δυνατὸς
3729 3982 3853 4037 ἀνο-

2206 4050 2365 4126 piae};
2396 4073 2423 4159 ἱ(
2458 4051 2606 4159 ρυέᾶ
2638 4050 3011 4122 ειυτῑευῑεῑυ
3075 4051 3296 4108 malitia
3326 4051 3426 4124 qui
3457 4058 3663 4125 potens
3694 4071 3757 4111 es
3788 4055 3849 4111 in

2206 4123 2386 4159 mn“;
2422 4140 2447 4159 ο
2483 4139 2511 4159 ρ
2580 4146 2599 4159 .

2202 4123 2512 4180 iniquitate
2532 4125 2557 4174 ?
2578 4146 2599 4173 ι

2274 4141 2891 4329 (ἓὲἔῗιῗρίιίερδαίνειν.
2924 4192 3003 4247 De
3051 4192 3144 4249 his
3194 4193 3508 4264 Apostolus
3539 4195 3561 4249 Ι
3590 4196 3736 4253 Tim.
3767 4214 3846 4266 vx,

2289 4290 2316 4316 ‹‹
2402 4266 2458 4319 ui
2492 4263 2831 4319 existimant
2862 4269 3149 4329 quaestum
3184 4282 3312 4321 esse
3345 4266 3642 4329 pietatem.
3677 4289 3705 4316 ››
3737 4272 3846 4323 Eo-

2200 4269 2254 4335 5,
2281 4263 2316 4316 ’‹‹
2351 4263 2458 4329 Qui
2492 4263 2831 4336 existimant
2862 4269 3149 4336 quaestum
3184 4263 3312 4321 esse
3345 4266 3642 4336 pietatem.
3677 4289 3705 4316 ››
3737 4263 3848 4323 Εοὲ

2203 4332 2336 4394 dem
2368 4352 2545 4408 sensu
2577 4351 2643 4389 ac
2668 4332 2837 4405 Greg.
2863 4332 3415 4408 8.7Hieronymusin
3449 4339 3493 4391 II
3527 4341 3652 4394 Cor.
3672 4355 3713 4393 Il
3746 4340 3847 4395 ait:

2202 4432 2231 4460 ‹‹
2252 4424 2485 4465 omnem
2518 4407 2941 4479 doctorem,qui
2966 4407 3368 4462 auctoritatem
3392 4408 3849 4479 Scripturarum,

2203 4498 2305 4554 per
2336 4494 2512 4554 quam
2544 4482 2735 4549 potest
2756 4478 3392 4554 audientes‘corrigere,
3416 4478 3588 4554 vertit
3613 4482 3687 4554 ad
3718 4497 3852 4553 gra.

2203 4550 2417 4607 tiam...
2450 4550 2652 4604 vinum
2686 4554 3020 4603 sanctarum
3053 4550 3489 4623 Scripturarum
3518 4550 3853 4609 violare'at-

2205 4640 2314 4695 que
2347 4636 2729 4695 corrumpere
2750 4636 2929 4695 8611811
2961 4638 3091 4678 SUO.
3138 4646 3158 4671 ο

2274 4696 2386 4766 (57)
2442 4689 2918 4766 Ἐγγαστρίμυθοι.
2980 4696 3100 4749 Vox
3177 4692 3297 4762 illa,
3366 4709 3544 4766 quam
3599 4692 3852 4766 Vulgata

2118 4770 2164 4835 D
2199 4787 2226 4816 «
2262 4763 2603 4836 pythones'»
2640 4764 3073 4836 interpretatur,
3107 4781 3256 4836 saepe
3293 4763 3543 4819 occurrit
3595 4763 3653 4818 in
3698 4764 3853 4819 Scri-

2200 4834 2546 4908 pturis.AHic
2578 4839 2771 4908 autem
2804 4834 3117 4905 Gregorius
3148 4834 3356 4908 alludit
3387 4837 3456 4908 ad
3487 4837 3606 4889 haec
3641 4836 3849 4908 Is.cap.

2202 4904 2326 4980 v11},
2385 4906 2759 4980 19,_v_erba:
2841 4904 3114 4974 Ζητήσατε
3187 4905 3315 4980 τοὺς
3389 4904 3850 4980 ἐγγαστριμύθους

2201 4977 2301 5051 καὶ-
2324 4974 2579 5036 τοὺςνάπὸ
2599 4982 2705 5051 μτῇς
2739 4982 2842 5048 γῆς
2873 4982 3204 5051 φωνοῦντας,
3234 4976 3360 5036 τοὺς
3398 4974 3847 5051 νήνολὸγὸῦντας,

2203 5048 2255 5124 οἳ
2287 5048 2345 5124 ἐκ
2374 5054 2473 5124 τῆς
2507 5044 2719 5124 κοιλίας
2751 5044 3011 5124 φρονοῦσι.
3037 5044 3199 5114 ΟυΟΞί
3221 5044 3625 5124 ventriloquos
3651 5044 3850 5124 appel;

2203 5122 2285 5176 lat
2308 5122 2510 5183 Isaias,
2534 5119 2773 5193 eosdem
2792 5119 3039 5189 Vulgata
3066 5143 3089 5173 (ι
3118 5122 3417 5193 pythones,
3457 5119 3853 5192 magosfdivi-

2204 5210 2331 5259 nos,
2366 5214 2393 5239 η
2429 5195 2537 5245 etc.
2572 5191 2859 5261 Antiquos
2898 5191 3208 5261 gentiles‘e
3239 5198 3392 5247 terra
3424 5191 3582 5246 fundi
3617 5194 3854 5248 oracula

2205 5262 2525 5344 credidisse
2558 5266 2736 5344 patet,
2770 5262 2973 5344 inquit
2994 5263 3347 5344 Gabl‘elelo
3369 5263 3669 5344 Qiceronis
3700 5264 3849 5344 loco,

2204 5337 2277 5390 De
2307 5335 2441 5397 diu,
2476 5333 2532 5386 in
2564 5333 2665 5386 lib.
2701 5349 2738 5400 I,
2772 5333 2869 5388 ubi
2903 5335 3019 5391 ait:
3055 5358 3082 5385 ‹‹
3117 5336 3298 5390 Credo
3331 5336 3503 5389 etiam
3550 5335 3851 5391 anhelitus

2206 5407 2493 5479 quosdam
2553 5404 2734 5479 fuisse
2768 5410 3092 5473 terrarum;
3127 5408 3342 5479 quibus
3374 5406 3586 5459 inflata:
3624 5416 3850 5463 mentes

2206 5477 2440 5534 Oracula
2472 5477 2800 5531 funderent.
2839 5501 2859 5527 ιο

2278 5544 2835 5621 (58),Θεραπεύοντες.
2888 5548 3031 5605 Oliv.
3095 5570 3123 5599 «
3153 5552 3450 5621 venantes,
3489 5547 3694 5621 »_Bi_1|.
3730 5547 3847 5621 p‘ri-

2206 5616 2305 5707 ma
2326 5616 2466 5677 edit.
2494 5616 2521 5671 ἓ(
2545 5624 2924 5695 aucupantes.
2950 5642 2978 5673 »
3007 5621 3261 5696 Uterque
3281 5620 3507 5680 videtur
3526 5616 3743 5691 legisse
3753 5616 3850 5691 θη-

2206 5710 2428 5776 ρωντες.
