4184 6202
421 345 539 404 εδδ

1662 335 1727 392 8.
1776 332 2146 392 GREGORII
2195 332 2589 393 THEOLOGI

3703 338 3817 401 456

418 474 660 548 prolatis
690 476 747 528 et
768 470 824 526 in
846 478 1062 527 terram
1088 465 1599 540 pessumeuntibus
1626 483 1639 533 ;
1664 469 1729 520 ut
1750 464 2055 520 maximam

2179 482 2293 525 νοις
2344 462 2417 524 εἰς
2465 466 2588 537 γῆψ
2623 464 2696 525 ὡς
2749 464 2806 517 ἃν
2850 462 3086 536 μάλιστα
3116 462 3498 540 εὖδοκιμοῖμεν
3529 471 3641 541 (59)
3673 472 3818 544 παρὰ

418 564 579 636 apud
614 561 825 633 vulgus
856 557 1099 631 gloriam
1133 561 1187 611 et
1211 555 1465 611 nominis
1502 554 1893 609 celebritatem
1928 568 2066 607 con-

420 656 763 724 sequantur,
791 647 1061 702 maximis
1111 646 1269 716 ipsos
1313 644 1547 699 damnis
1592 641 1933 709 afﬁcientes,
1968 643 2068 695 aut

418 742 592 796 etiam
627 737 864 793 omnino
898 735 1226 806 perdentes,
1260 739 1435 804 atque
1480 731 1790 787 innoxium
1839 728 2064 800 simpli-

419 830 640 883 ciorum
675 825 1005 880 animarum
1039 838 1305 877 cruorem
1355 820 1737 886 eﬂ‘undentes,
1774 819 1845 873 de
1878 817 2065 872 mani-

420 920 530 972 bus
562 914 778 969 nostris
809 911 1124 982 aliquando
1153 908 1570 980 requirendum
1592 908 1656 962 ⁸⁸.

485 1003 698 1059 XLVII.
726 999 872 1067 Quin
900 997 1256 1071 potiusillud
1288 997 1532 1062 scimus,
1558 995 1767 1051 melius
1788 1011 1915 1050 esse
1932 993 2065 1050 aliis

412 1093 511 1164 qui
544 1092 687 1146 artis
720 1088 931 1161 peritia
960 1090 1253 1159 praestent,
1288 1084 1500 1140 salutis
1545 1090 1755 1139 nostris
1806 1083 2062 1139 habenas

412 1181 748 1246 concedere,
784 1192 962 1248 quam
1013 1173 1317 1246 imperitos
1362 1173 1612 1228 aliorum
1645 1172 1880 1243 aurigas
1912 1187 2062 1237 esse,

413 1275 589 1341 atque
610 1283 809 1323 aurem
836 1264 1031 1336 potius
1053 1279 1278 1333 aequam
1305 1262 1670 1331 submittere,
1690 1276 1865 1332 quam
1883 1259 2065 1331 impe-

419 1360 590 1412 ritam
628 1358 887 1426 linguam
922 1367 1170 1408 movere.
1218 1355 1345 1405 Haec
1397 1366 1529 1405 cum
1574 1349 1881 1404 nobiscum
1927 1347 2060 1419 ipsi,

420 1464 532 1500 non
560 1444 832 1517 pessimis
853 1443 1098 1496 fortasse
1118 1439 1487 1505 consiliariis,
1510 1437 1802 1493 benevolis
1824 1437 2060 1508 quidem

420 1540 596 1599 certe,
628 1531 920 1596 collocuti,
954 1529 1345 1602 praestabilius
1403 1544 1531 1583 esse
1584 1526 1879 1596 duximus,
1926 1541 2059 1580 cum

415 1641 543 1695 quas
578 1622 822 1677 dicenda
851 1624 908 1675 et
938 1618 1199 1673 facienda
1228 1621 1442 1683 essent,
1474 1615 1927 1684 nesciremus,ea
1958 1614 2059 1668 ad-

410 1712 651 1778 discere,
687 1726 863 1781 quam
924 1707 1248 1763 nescientes
1307 1706 1531 1761 docere.
1592 1703 1869 1759 Praeclare
1901 1702 2058 1757 enim

408 1816 541 1855 cum
575 1815 640 1853 eo
673 1799 885 1869 agitur,
918 1795 1008 1850 cui
1056 1796 1142 1849 vel
1197 1794 1256 1848 in
1319 1793 1665 1865 profundam
1699 1795 2056 1847 senectutem

407 1906 589 1943 canus
621 1902 812 1941 sermo
845 1883 1057 1951 veniat,
1081 1899 1328 1954 eamque
1354 1882 1469 1937 vim
1497 1882 1816 1946 habens,ut
1841 1880 2057 1935 recenti

408 1978 600 2033 adhuc
632 1977 688 2030 in
725 1976 933 2046 pietate
955 1972 1160 2027 animae
1182 1972 1517 2039 adjumento
1541 1986 1669 2024 esse
1702 1969 2055 2041 possit.Nam

410 2071 562 2120 certe
595 2064 741 2119 alios
772 2064 975 2117 docere
1034 2059 1290 2131 aggredi,
1347 2059 1693 2130 priusquam
1751 2057 1863 2129 ipsi
1913 2056 2056 2113 satis

412 2154 597 2209 edocti
630 2153 841 2215 simus,
875 2167 940 2205 ac
973 2148 1301 2220 figulinam,
1339 2152 1402 2200 ut
1451 2147 1562 2200 dici
1612 2144 1778 2212 solet,
1811 2146 1869 2199 in
1901 2144 2054 2200 dolio

412 2244 657 2305 discere,
683 2240 790 2294 hoc
812 2243 899 2293 est
930 2238 986 2291 in
1020 2237 1267 2290 aliorum
1292 2236 1605 2289 animabus
1632 2233 1907 2305 pietatem
1942 2250 2057 2289 me-

408 2331 580 2388 ditari
615 2336 669 2385 et
698 2344 983 2393 exercere,
1013 2325 1180 2380 valde
1210 2324 1525 2380 stultorum
1584 2328 1686 2379 aut
1714 2324 2051 2378 temerario-

406 2438 533 2476 rum
567 2419 875 2473 hominum
906 2431 1035 2470 esse
1066 2413 1209 2469 mihi
1240 2412 1502 2467 videtur:
1540 2411 1855 2466 stultorum
1900 2411 1949 2467 si
1980 2428 2052 2467 ne

405 2508 698 2563 inscitiam
731 2505 968 2577 quidem
992 2519 1161 2557 suam
1188 2505 1518 2573 agnoscunt
1542 2518 1554 2555 :
1580 2500 2048 2567 temerariorum,

407 2598 455 2653 si
478 2613 610 2653 cum
632 2611 761 2650 eam
785 2593 1075 2664 cognitam
1100 2590 1372 2657 habeant,
1398 2588 1506 2643 hoc
1533 2594 1724 2644 tamen
1750 2588 2049 2661 negotium

406 2685 642 2758 aggredi
676 2700 790 2738 non
819 2684 1111 2737 verentur.

478 2773 719 2829 XLVIII.
778 2771 1083 2824 Enimvero
1142 2767 1515 2822 Hebraeorum
1577 2765 1869 2837 sapientes
1899 2764 2049 2821 hanc

407 2862 548 2919 olim
568 2857 821 2915 Hebraeis
844 2856 1031 2929 legem
1054 2856 1235 2911 fuisse
1258 2855 1581 2922 narrant,in
1607 2853 1812 2925 primis
1830 2861 2045 2909 rectam

405 2956 463 3005 et
494 2950 665 3004 laude
696 2946 957 3017 dignam,
991 2962 1107 3016 qua
1134 2961 1245 2998 non
1278 2942 1460 2998 cuivis
1493 2944 1639 2997 aetati
1676 2943 1865 3013 quivis
1896 2944 2046 2997 Scri-

406 3045 587 3111 ptura:
621 3036 765 3091 liber
794 3033 1237 3097 concedebatur,
1261 3048 1395 3086 nam
1430 3048 1499 3085 ne
1530 3031 1634 3085 hoc
1660 3032 1893 3102 quidem
1932 3030 2045 3084 uti-

2174 554 2291 613 τοῖς
2328 549 2585 623 πολλοῖς,
2621 550 2704 607 ὅτι
2756 550 2989 624 μάλιστα
3035 558 3359 627 ζημιοῦντες
3406 555 3599 619 αὐτοὺς
3629 562 3760 632 (60),
3787 562 3820 630 ἢ

2173 637 2530 709 ἀπολλύντες,
2589 638 2677 694 καὶ
2735 640 2871 713 αἷμα
2947 642 3118 696 ἀθῶον
3193 641 3577 719 ἁπλουστέρων
3631 649 3817 723 ψυχῶν

2174 724 2454 801 ἐκχέοντες
2487 726 2545 782 ἐκ
2575 732 2680 783 τῶν
2714 732 2914 804 χειρῶν
2950 732 3108 802 ἡμῶν
3147 730 3657 806 ἐκζητηθησόμενον
3686 738 3813 810 (61).

2241 996 2365 1050 MZ’.
2401 989 2559 1047 ’Δλλ⁹
2601 989 2802 1055 εἰδότες
2854 992 3059 1068 ἑτέροις
3111 992 3325 1067 βέλτιον
3379 995 3512 1050 εἶναι
3558 997 3655 1060 τὰς
3702 1000 3813 1054 tau-

2167 1084 2276 1134 τῶν
2334 1079 2491 1149 ἡνίας
2549 1076 2811 1135 ἐνδιδόναι
2868 1080 3303 1157 τεχνικωτέροις,
3335 1084 3369 1152 ἢ
3424 1080 3611 1140 ἄλλων
3667 1086 3812 1155 ἡνιό-

2170 1187 2307 1243 χους
2383 1169 2515 1224 εἶναι
2580 1170 3036 1241 ἀνεπισνήμονας,
3094 1168 3185 1224 καί
3258 1170 3427 1240 ἀκοὴν
3514 1172 3814 1238 ὑποτιθέναι

2174 1255 2385 1328 μᾶλλον
2448 1257 2783 1333 εὐγνώμονα,
2839 1260 2873 1327 ἢ
2932 1258 3185 1333 γλῶσσαν
3244 1266 3414 1314 κινεῖν
3477 1259 3809 1319 ἀπαίδευτον

2169 1348 2335 1399 ταῦτα
2364 1342 2741 1421 διαλεχθέντες
2771 1348 2906 1417 ἡμῖν
2936 1345 3141 1416 αὐτοῖς,
3172 1347 3261 1401 καὶ
3294 1343 3423 1409 ἴσως
3472 1348 3534 1404 οὐ
3588 1350 3810 1429 φαύλοις

2170 1428 2529 1507 συμϐούλοις,
2564 1432 2609 1488 εί
2662 1431 2718 1488 δὲ
2770 1436 2844 1506 μή
2899 1454 2982 1509 γε,
3016 1432 3146 1489 ἀλλ’
3190 1433 3284 1490 οὖν
3336 1434 3512 1500 εὔνοις
3564 1428 3699 1513 (62),
3730 1441 3811 1495 καὶ

2167 1522 2233 1578 τὰ
2292 1522 2449 1597 ῥητέα
2504 1522 2592 1577 καὶ
2650 1523 2717 1577 τὰ
2762 1524 3000 1598 πρακτέα
3052 1525 3237 1597 μαθεῖν
3287 1524 3385 1579 οὐκ
3435 1524 3636 1589 εῗδότες
3682 1530 3808 1601 (63),

2174 1611 2384 1685 μᾶλλον
2415 1613 2449 1681 ἦ
2479 1609 2743 1667 διδάσκειν
2794 1611 3136 1687 ἀγνοοῦντες,
3189 1610 3613 1688 ἐδοκιμάσαμεν.
3660 1619 3809 1694 ’Δγα-

2170 1701 2338 1771 πητὸν
2372 1701 2474 1775 γὰρ
2506 1699 2614 1772 ὅτῳ
2661 1699 2756 1755 κᾶν
2805 1700 2880 1763 εἷς
2931 1700 3063 1776 βαθὺ
3113 1709 3286 1778 γῆρας
3337 1700 3503 1778 λόγος
3563 1704 3804 1781 ἀφίκοιτο

2168 1788 2364 1850 πολιὸς
2408 1792 2545 1862 (64),
2590 1788 2678 1843 καὶ
2728 1788 3008 1867 ὠφελῆσαι
3058 1789 3177 1845 νέαν
3229 1789 3280 1846 έν
3334 1786 3581 1863 εὐσεϐείᾳ
3629 1793 3803 1869 ψυχὴν

2167 1873 2483 1950 δυνάμενος.
2517 1878 2603 1939 Ὠς
2660 1876 2721 1931 τό
2779 1897 2841 1953 γε
2896 1874 3167 1932 παιδεύειν
3227 1875 3433 1941 ἄλλους
3495 1878 3801 1957 ἐπιχειρεῖν,

2164 1965 2289 2041 πρὶν
2340 1965 2535 2028 αὐτοὺς
2587 1968 2699 2039 (65)
2746 1966 2943 2027 ἱκανῶς
2990 1963 3364 2037 παιδευθῆναι,
3416 1967 3509 2023 καὶ
3572 1968 3622 2023 έν
3670 1969 3802 2042 πίθῳ

2162 2056 2262 2123 τὴν
2320 2054 2608 2130 κεραμείαν
2822 2056 3121 2127 μανθάνειν,
3168 2056 3231 2111 τὸ
3272 2053 3339 2125 δή
3390 2056 3711 2132 λεγόμενον,
3755 2056 3803 2112 έν

2162 2148 2281 2205 ταῖς
2336 2148 2439 2199 τῶν
2499 2141 2684 2199 ἄλλων
2743 2146 2945 2219 ψυχαῖς
2999 2143 3291 2217 ἐκμελετᾷν
3352 2145 3453 2212 τὴν
3519 2141 3801 2216 εὐσέϐειαν,

2165 2230 2283 2287 λίαν
2372 2230 2502 2285 εἶναί
2591 2251 2681 2303 μοι
2771 2232 3011 2308 φαίνεται
3090 2232 3334 2303 ἀνοήτων
3393 2234 3427 2302 ἢ
3480 2231 3798 2309 τολμηρῶνο

2164 2320 2426 2375 ἀσυνέτων
2486 2320 2599 2393 μὶν,
2634 2319 2679 2373 εί
2736 2317 2877 2393 μηδὶ
2930 2320 3266 2385 αἰσθάνοιντο
3295 2324 3413 2395 (67)
3440 2328 3548 2391 τῆς
3608 2322 3799 2378 ἑαυτῶν

2163 2408 2437 2480 ἀμαθείας·
2489 2407 2724 2483 θρασέων
2780 2405 2856 2481 δὲ,
2910 2408 2955 2463 εί
3012 2410 3103 2463 καὶ
3155 2411 3272 2483 (68)
3328 2411 3613 2483 συνιέντες,
3646 2432 3802 2467 κατα-

2160 2493 2412 2568 τολμῶσι
2444 2498 2556 2569 (69)
2586 2499 2684 2550 τοῦ
2714 2496 3057 2571 πράγματος.

2230 2766 2370 2822 MH'.
2426 2759 2685 2839 Ἐϐραίων
2767 2764 2861 2837 μὶν
2911 2761 3006 2818 οὖν
3064 2766 3114 2820 οἱ
3171 2766 3470 2844 σοφώτεροι
3533 2766 3789 2843 λέγουσιν,

2157 2852 2231 2915 ὡς
2286 2850 2385 2929 ἄρα
2440 2853 2507 2922 ἦν
2562 2873 2647 2914 τις
2698 2851 2866 2908 πάλαι
2922 2852 3093 2925 νόμος
3124 2856 3235 2928 (70)
3268 2851 3566 2930 Ἑϐραίοις,
3598 2854 3648 2912 έν
3679 2860 3786 2918 τοῖς

2161 2942 2396 3015 μάλιστα
2444 2943 2499 2997 εὖ
2546 2940 2689 3018 ἔχων
2731 2943 2817 2997 καὶ
2870 2942 3273 3017 ἐπαινούμενος,
3326 2946 3403 3017 μή
3452 2952 3627 3000 πᾶσαν
3680 2944 3793 3015 ἠλι-

2156 3030 2275 3085 κίαν
2333 3032 2475 3105 πάσῃ
2534 3030 2715 3109 Γραφῇ
2772 3028 3093 3096 ἐνδίδοσθαιο
3140 3030 3281 3105 μηδὲ
3336 3032 3439 3109 γὰρ
3502 3037 3615 3109 (71)
3670 3033 3793 3089 εἶναι

401 3128 517 3183 lius
547 3143 695 3189 esse,
730 3122 1203 3195 quandoquidem
1231 3137 1332 3176 nec
1351 3125 1468 3175 tota
1492 3120 1686 3173 statim
1723 3136 1756 3172 a
1787 3119 2046 3191 quolibet

2168 3125 2314 3174 τοῦτο
2364 3118 2822 3194 λυσιτελέστερον,
2864 3119 2945 3174 ὅτι
2998 3118 3139 3193 μηδὲ
3185 3127 3355 3176 πᾶσαν
3416 3122 3615 3185 εὐθέως
3672 3121 3793 3177 ε’ίναι

334 3238 341 3243 ·
406 3217 621 3289 percipi
658 3193 863 3285 possit,
898 3227 983 3279 ac,
1017 3211 1167 3279 quod
1200 3209 1260 3263 in
1319 3226 1385 3264 ea
1444 3208 1803 3263 reconditius
1833 3215 1942 3272 est,
1976 3210 2048 3263 ob

2168 3208 2319 3263 παντὶ
2351 3207 2591 3279 ληπτὴν,
2623 3193 2807 3263 καὶτὰ
2841 3210 3067 3283 μέγιστα
3105 3209 3165 3263 ἂν
3221 3208 3347 3272 τοὺς
3400 3210 3653 3274 πολλοὺς
3706 3231 3793 3266 κα-

408 3312 705 3360 externam
738 3299 988 3372 speciem
1022 3296 1482 3369 imperitioribus
1515 3296 1833 3367 plurimum
1875 3298 2050 3351 detri-

411 3393 588 3449 menti
626 3392 831 3445 nli’erre
862 3388 1086 3460 possit;
1120 3402 1316 3441 verum
1351 3387 1452 3441 36
1484 3386 1581 3439 alii
1614 3384 1742 3439 libri
1784 3388 1855 3440 ab
1888 3385 2053 3441 initio

406 3482 632 3535 cunctis
668 3479 961 3551 patebant,
996 3481 1052 3530 et
1081 3491 1421 3529 communes
1452 3480 1635 3541 erant,
1661 3473 1768 3528 hoc
1791 3479 1877 3529 est
1908 3490 2051 3544 quo-

475 3580 520 3614 ⁸³
554 3577 755 3632 Ezech.
793 3593 875 3643 III,
906 3576 1011 3641 20;
1042 3590 1241 3639 χχχιιι,
1273 3572 1326 3625 8.

472 3677 582 3747 (50)
618 3669 1037 3747 Εὕδοκιμοῖμεν.
1100 3670 1194 3747 ξὶο
1237 3675 1375 3747 _oc_to
1427 3670 1611 3747 ﬁegg.
1676 3669 1826 3747 Ριιειη
1870 3670 1965 3747 0r.
2001 3671 2054 3738 1,

408 3736 895 3819 ριῖὶηέικςὶοιῠδοι
922 3736 1269 3819 Jes.,»Coisl.
1306 3743 1358 3819 1,
1390 3736 1675 3819 εὐόύξῖμοι
1707 3736 2055 3819 ἦμενίμο-ιιέ

406 3807 553 3876 tiulli
579 3807 1185 3886 ἐὐδοκιμοίημεν.Ῥιὶι“.
1220 3818 1276 3886 et
1296 3815 1431 3886 Bas.
1468 3807 1829 3883 εὐδοκιμοῖεν.
1862 3814 1951 3868 Sic
1982 3814 2057 3869 le-

404 3894 490 3964 git
521 3890 725 3945 Billius
757 3884 813 3943 et
837 3885 1004 3941 vertit
1037 3906 1063 3934 ‹‹
1095 3884 1486 3964 celebritatem
1533 3890 1987 3964 consequantur.
2026 3907 2053 3933 η

406 3954 508 4037 pro
541 3983 568 4010 «
601 3974 1069 4037 consequamur;
1110 3978 1136 4004 ››
1168 3960 1225 4009 et
1251 3955 1508 4037 fortasse
1534 3954 1889 4037 omniaque
1916 3972 2057 4027 prae-

405 4032 623 4090 cedunt
656 4032 844 4103 prima
875 4046 1119 4101 persona
1149 4032 1365 4081 rectius
1395 4032 1777 4081 verterentur.

484 4105 596 4153 (60)
627 4100 854 4153 Αύτούς.
910 4101 1004 4153 Sic
1054 4098 1258 4153 Billius
1309 4098 1716 4152 emendaverat
1744 4098 1803 4151 in
1836 4102 1965 4152 Bas.
2000 4102 2057 4153 et

484 4105 596 4173 (60)
627 4102 854 4159 Αὐτούς.
910 4102 1004 4155 Sic
1054 4102 1258 4153 Billius
1309 4102 1716 4152 emendaverat
1744 4102 1803 4151 in
1836 4102 1965 4152 Bas.
2000 4102 2056 4153 et

414 4174 821 4250 Tillemrquod
846 4171 1078 4250 plurimi
1103 4170 1329 4250 codices
1351 4169 1946 4250 conlirmant._Billi_us
1966 4175 2056 4225 ta-

416 4262 572 4333 men.
607 4240 753 4298 utet
783 4240 1130 4306 Gabrielius,
1156 4240 1324 4295 vertit
1344 4262 1371 4289 ‹‹
1398 4240 1641 4312 seipsos.
1669 4263 1696 4290 ››
1722 4246 1784 4295 In
1816 4241 1907 4295 ed.
1928 4240 2051 4294 ἑαυ-

416 4334 599 4452 τοῗὲί)
630 4381 1186 4454 Ἐκζητηθησόμενον.
1252 4381 1335 4437 Ita
1387 4382 1507 4437 Jes.
1552 4385 1613 4437 In
1647 4383 1785 4439 edit.
1820 4380 2053 4451 έκζητη-

416 4455 663 4527 σύμενον.

483 4528 595 4597 (62)
659 4520 905 4597 Εὕνοιςη
942 4523 1220 4597 Sequitur
1286 4522 1345 4576 in
1424 4524 1513 4578 ed.
1592 4530 1722 4597 Bas.
1779 4520 1868 4577 διὰ
1921 4526 2054 4577 τοῦ-

413 4595 659 4669 1o,qum
704 4614 736 4652 a
787 4595 948 4651 Billio
990 4595 1179 4669 deleta
1222 4598 1379 4659 sunt,
1434 4616 1461 4643 ‹‹

412 4665 680 4754 erantin
738 4669 964 4724 Card.»
1027 4665 1334 4731 Addimus,
1394 4671 1449 4719 et
1507 4666 1565 4719 in
1625 4665 1844 4723 caeteris
1902 4667 2059 4723 cedi-

418 4744 865 4897 Είδότες.
923 4806 1095 4866 Coisl.
1158 4807 1212 4872 1,
1272 4801 1503 4874 εἰδότας,
1561 4813 1624 4863 ut
1683 4812 1881 4879 postea
1909 4806 2061 4883 ἀγνο-

412 4902 1053 5025 θ’)(ἑέξύολιόςηΕΙίαε.
1089 4970 1115 5025 ει
1147 4949 1355 5025 canitie
1383 4950 1647 5025 _d_i_gnus.
1689 4972 1715 4997 ››
1767 4950 1893 5025 Bas.
1928 4946 2059 5025 πρὲ-

410 5016 525 5079 πων
560 5016 960 5093 πεπολιωμένῳ
1018 5016 1188 5093 ἀνδρίο
1246 5020 1395 5073 τοῦτ’
1446 5016 1576 5089 ἔστι,
1609 5020 1847 5080 συνετός,
1889 5041 1911 5067 ε
1946 5016 2057 5093 ῌο-

412 5101 570 5153 mine
602 5113 747 5152 cano
778 5092 1015 5167 dignus,
1055 5117 1081 5141 »ι
1115 5092 1223 5147 hoc
1260 5097 1369 5161 est,
1404 5093 1637 5164 sapiens
1675 5099 1731 5148 et
1778 5116 1805 5142 «
1840 5092 2057 5148 intelli-

412 5187 889 5311 ge€655)),A6106<._
934 5236 1083 5311 Reg:
1133 5234 1233 5302 hu,
1296 5232 1421 5308 πρὶν
1452 5232 1509 5287 ἃν
1542 5231 1758 5295 αὐτούς.
1793 5234 1966 5291 Coisl.
2002 5236 2052 5306 1,

414 5316 463 5363 et
488 5303 665 5381 '(Jolb.
686 5326 769 5381 ιιι.
800 5306 923 5381 πρξν
957 5303 1135 5381 αύτΔό-ς.

482 5382 593 5451 (66)
656 5380 974 5504 ligurium.
1040 5380 1135 5431 Sic
1193 5380 1419 5457 septem
1471 5380 1633 5459 Reg.,
1682 5380 1776 5432 Or.
1811 5380 1927 5459 Jes.
1962 5382 2019 5431 Κι

450 5450 608 5505 χιιίαν
643 5468 772 5505 vero
848 5452 1021 5505 abent
1053 5466 1165 5504 non
1218 5464 1404 5505 pauca
1441 5448 1691 5503 Basmus
1723 5454 1778 5503 et
1807 5449 1948 5503 editi
1980 5448 2019 5503 li

410 5466 608 5579 papam
643 5468 772 5505 vero
808 5466 1031 5532 nubent
1053 5466 1165 5504 non
1216 5466 1404 5531 pauCI,
1441 5466 1691 5529 uasnips
1723 5466 1778 5503 et
1807 5466 1948 5503 eam
1980 5466 2053 5503 ιι-

428 5542 520 5579 m.
557 5549 583 5575 ‹‹
622 5522 994 5578 Proverbium
1020 5521 1199 5590 istud,
1220 5542 1247 5569 »
1266 5523 1435 5589 Juxta
1457 5519 1740 5574 Basﬂium
1764 5526 1819 5575 et
1850 5520 2051 5588 Piliam,

415 5615 442 5646 ι
474 5597 532 5651 in
556 5612 656 5653 eos
678 5598 786 5660 est,
810 5593 910 5664 qui
931 5594 1174 5663 majora,
1201 5592 1815 5664 priusquamrminora,
1839 5593 2054 5647 docen-

409 5671 509 5727 tur
565 5670 664 5727 aut
716 5662 1112 5723 addiscunt.»
1171 5662 1285 5721 Nec
1332 5662 1487 5719 enim
1549 5663 1605 5719 in
1647 5664 1819 5733 dolio,
1851 5680 2055 5727 verum

1507 4596 1664 4668 quia,
1712 4596 1922 4668 inquit,
1955 4597 2054 4668 de-
2085 4582 2131 4647 Ι)

847 5372 974 5459 Isi-av.
1003 5456 1010 5459 _
1040 5377 1135 5431 Sic
1193 5380 1419 5457 septem
1442 5377 1633 5459 “Reg?
1682 5377 1776 5459 Or.
1811 5377 1943 5459 Jes.‘
1962 5372 2074 5459 [(1--

2160 3301 2328 3351 κῶσαι
2370 3300 2450 3368 τῷ
2503 3296 2832 3374 φαινομένῳ,
2866 3299 2963 3364 τὴν
3013 3298 3327 3373 βαθυτέρανο
3361 3298 3511 3355 ἀλλὰ
3560 3301 3654 3362 τὰς
3713 3299 3798 3372 μὶν

2162 3384 2253 3440 ἀπ’
2308 3386 2486 3460 ἀρχῆς
2539 3384 2776 3439 ἀνεῖσθαι
2836 3391 2963 3439 πᾶσι
3021 3385 3111 3440 καὶ
3171 3386 3301 3441 εἶναι
3358 3389 3567 3457 κοινὰς,
3600 3389 3671 3443 ὧν
3715 3386 3797 3443 καὶ

2160 3474 2224 3527 τὸ
2277 3472 2585 3546 σωματικὸν
2614 3476 2728 3547 (72)
2758 3472 2857 3528 οὐκ
2913 3471 3197 3546 ἀδόκιμονο
3230 3474 3325 3537 τὰς
3387 3472 3444 3530 δὲ
3478 3478 3559 3549 μὴ
3614 3474 3798 3537 ἄλλοις

2166 3670 2222 3747 in
2284 3670 2639 3747 minoribus_
2668 3669 2942 3737 vasculis,
3000 3671 3156 3727 velut
3207 3671 3352 3747 ellis
3396 3678 3504 3729 aut
3539 3673 3793 3747 cyathis,

2165 3742 2221 3796 in
2255 3742 2469 3866 qtuibus
2498 3742 2645 3798 tanti
2667 3759 2782 3797 non
2808 3748 2896 3798 est
2921 3758 3173 3814 peccare,
3197 3743 3501 3814 ﬁgulinam
3528 3742 3689 3819 ﬁguli
3708 3746 3798 3800 do-

2165 3829 2268 3866 cen
2306 3854 2317 3866 .

2165 3829 2317 3869 cent.

2256 3885 2349 3950 67)
2381 3880 2750 3945 Δίσθάνοιντο.
2781 3883 2912 3951 Alii,
2948 3881 3326 3947 αἰσθάνωνται.

2164 4026 2200 4081 b
2236 3953 2346 4025 ("8)
2376 3953 2440 4008 Εἰ
2472 3954 2579 4011 καί.
2615 3954 2711 4009 Καί
2766 3956 2927 4012 deest
2985 3956 3043 4011 in
3102 3958 3376 4012 omnibus
3426 3973 3579 4029 pene
3608 3956 3800 4015 codici-

2208 4043 2296 4081 us.

2208 4043 2296 4083 US.

2377 4092 2794 4170 Ka1a1olpibci.
2829 4095 2975 4152 Male
3007 4097 3067 4152 in
3096 4098 3187 4153 ed.
3221 4095 3619 4170 κπατολμᾶσι.

2234 4166 2347 4250 (70)
2406 4166 2703 4250 Νομοςςμ
2761 4169 3326 4250 Consuetudinem.»
3390 4166 3801 4250 interpretatur

2163 4237 2339 4304 Elias,
2372 4237 2522 4314 recte
2549 4239 2807 4314 quidem.
2840 4240 2985 4295 Nam
3018 4241 3075 4294 in
3116 4239 3234 4297 lata
3257 4240 3400 4314 lege
3446 4237 3797 4314 prohibitum

2165 4326 2280 4364 non
2313 4311 2585 4386 reperias.
2621 4311 2731 4386 Eas
2762 4316 2958 4366 autem
2986 4316 3216 4367 tantum
3245 4311 3562 4386 Scriptura
3595 4318 3795 4386 partes,

2164 4398 2416 4455 quarum
2448 4382 2788 4455 profundior
2809 4388 2932 4437 erat
2948 4399 3178 4449 sensus,
3202 4388 3267 4439 ut
3284 4382 3475 4455 prima
3497 4382 3796 4442 Ezechielis

2164 4453 2354 4534 capitha
2378 4453 2798 4534 de_cherubim.,
2821 4462 3114 4534 postrema
3135 4456 3205 4509 de
3223 4453 3645 4513 instauratione
3665 4461 3796 4534 tem-

2167 4524 2266 4595 pli,
2300 4524 2601 4581 Canticum
2632 4524 3014 4594 canticorum,
3047 4526 3236 4598 legere
3292 4544 3437 4584 usus
3497 4546 3612 4584 non
3643 4530 3791 4583 erat:

2163 4595 2309 4651 alias
2340 4600 2537 4651 autem
2564 4601 2765 4670 partes
2789 4598 3015 4653 cunctis
3038 4598 3122 4652 fas
3137 4602 3261 4670 erat
3288 4600 3527 4655 versari.
3558 4602 3791 4670 Quapro-

2211 4671 2297 4721 ter
2321 4684 2434 4722 non
2466 4667 2609 4722 satis
2641 4673 2910 4723 accurate
2938 4674 3125 4723 totum
3159 4669 3313 4724 hunc
3342 4669 3537 4726 locum
3569 4667 3799 4726 vertisse

2170 4685 2375 4793 Billius
2405 4738 2666 4793 videtur:
2699 4738 3008 4793 imprimis.
3034 4756 3166 4793 cum
3192 4740 3313 4793 haec
3344 4748 3591 4793 usurpat
3616 4741 3799 4793 verba.

2216 4738 2375 4793 illius
2405 4738 2634 4813 videtur
2653 4755 2678 4813 ;A
2699 4738 3009 4809 imprimis,
3034 4756 3166 4813 cum
3192 4740 3313 4813 haec
3344 4748 3591 4813 usurpat
3616 4741 3799 4813 verba,

2169 4832 2199 4860 «
2232 4814 2371 4877 tota,
2406 4809 2520 4865 alia
2549 4809 2704 4875 libri,
2736 4832 2764 4860 »
2798 4816 2929 4878 etc.,
2964 4828 3096 4866 cum
3129 4812 3199 4867 de
3230 4811 3395 4869 libris
3428 4809 3564 4869 totis
3595 4829 3705 4868 non
3731 4810 3801 4866 sit

2169 4898 2380 4950 sermo,
2404 4883 2503 4937 sed
2528 4882 2598 4937 de
2618 4880 2901 4937 librorum
2926 4883 3206 4953 partibus,
3225 4900 3469 4953 quarum
3494 4900 3701 4940 sensus
3722 4897 3802 4937 re-

2168 4954 2455 5028 conditior
2483 4958 2625 5024 erat,
2661 4970 2839 5028 quam
2863 4958 2926 5008 ut
2956 4971 2987 5008 a
3020 4955 3313 5010 nonnullis
3335 4958 3460 5028 capi
3487 4961 3695 5027 posset,
3718 4958 3799 5009 at-

2168 5040 2281 5095 que
2310 5025 2493 5096 etiam
2520 5024 2817 5096 nonnullis
2850 5032 3045 5096 posset
3076 5040 3299 5081 nocere.

2238 5097 2347 5167 (7i)
2377 5091 2531 5171 Μῃδὲ
2577 5095 2701 5171 γάρ,
2761 5091 2902 5171 Reg.
2964 5114 3016 5165 a,
3051 5104 3106 5152 et
3130 5098 3263 5171 Col.
3298 5098 3349 5164 4,
3376 5098 3470 5171 μὴ
3518 5096 3799 5171 γάρηΜομ

2166 5162 2304 5238 Reg.
2420 5162 2554 5220 εἶναι
2584 5162 2802 5223 omittit
2824 5162 2953 5236 ;—et
3006 5162 3183 5240 paulo
3216 5162 3345 5239 post
3376 5162 3511 5241 Iteg.
3531 5162 3681 5236 ’1,’τὰ
3708 5162 3798 5238 μία

2163 5256 2448 5391 ΤΗ(ξὲῗῖίὼ
2479 5308 2809 5391 σωματικόν.
2872 5332 2901 5359 ‹‹
2951 5310 3120 5391 Quod
3162 5327 3503 5391 corporeum
3550 5314 3656 5391 est.
3693 5309 3797 5366 Un-

2164 5380 2311 5453 de,»
2352 5380 2542 5453 inquit
2567 5380 2752 5453 Orig,
2776 5381 2933 5437 hom.
2958 5383 2994 5436 5
3013 5382 3067 5435 in
3094 5380 3283 5453 ιαμ,ίῖ
3304 5388 3360 5437 et
3381 5399 3592 5453 corpus
3616 5382 3798 5436 inesse

2165 5451 2467 5524 scripturae
2499 5459 2555 5509 et
2587 5451 2841 5508 ani—mam
2892 5469 2959 5509 ac
3014 5451 3297 5524 spiritum
3318 5451 3736 5524 intelleximus.
3772 5474 3790 5501 1

2164 5526 2227 5575 Εἰ
2260 5522 2411 5577 idem
2446 5524 2625 5596 Orig,
2660 5525 2893 5593 Philae,
2926 5542 2975 5581 c.
3019 5522 3062 5587 ιζ
3122 5533 3219 5592 τῆς
3279 5525 3439 5579 οὶ-.νεὶ
3482 5522 3677 5595 σαρκὸς
3705 5529 3797 5596 τῆς

2164 5600 2393 5669 γραφῆς,
2430 5620 2453 5643 ‹‹
2486 5594 2573 5677 .ut‘
2612 5596 2934 5669 simplicior
2991 5597 3309 5653 aadillcelur
3366 5601 3435 5653 ab
3473 5594 3601 5671 ἱρέα
3634 5594 3795 5651 veluti

2164 5682 2336 5722 carne
2384 5673 2708 5743 scripturas.
2750 5690 2775 5718 ››
