4184 6202
445 376 564 435 459

1689 372 1753 433 S.
1803 372 2175 432 GREGORII
2221 374 2322 433 ΤΗ
2335 372 2612 434 EOLOGI

3776 368 3906 435 ιϐο

450 526 585 581 que,
620 507 730 562 nisi
766 506 995 578 magnis
1037 505 1312 562 laudibus
1360 506 1673 561 efferamur
1700 508 1794 561 87
1833 507 2100 578 indigna-

2231 504 2480 581 iveipu'ru'
2528 505 2617 561 xui
2664 503 3093 580 ἀγανακτοίημεν
3146 500 3232 572 ἂν,
3260 501 3307 558 εἴ
3343 505 3421 576 μὴ
3475 503 3699 580 σφόδρα
3742 504 3911 560 ἐπαι-

450 600 606 653 tione
639 596 952 651 afﬁcimur.
1001 596 1187 665 Atqu-:1
1240 594 1381 661 haac,
1415 595 1515 665 qui
1560 595 1927 667 benigniores
1955 595 2108 649 inter

452 701 558 740 nos
588 688 646 738 et
688 682 1076 754 simpliciores
1124 683 1458 753 suntzquid
1484 700 1651 754 porro
1701 684 1739 736 ii
1790 685 1889 754 qui
1920 683 2107 754 magis

453 771 788 845 spirituales
820 776 982 839 sunt,
1027 788 1093 827 ac
1123 772 1523 843 generosiores
1544 772 1570 825 ?
1609 772 1859 827 Multum
1898 789 2024 838 nos,
2058 771 2107 827 si

451 862 534 916 ita
564 860 757 916 visum
791 861 982 928 luerit,
1015 862 1472 916 condemnantes
1502 866 1558 915 et
1584 866 1875 931 vexantes,
1909 877 1973 915 ac
1996 859 2108 915 mi-

454 949 602 1006 seris
637 950 828 1006 modis
874 949 1259 1022 exagitantes,
1306 966 1412 1004 nec
1449 948 1574 1004 loco
1607 948 1722 1005 ullo
1768 966 1835 1004 ac
1866 965 2110 1004 numero

453 1044 759 1112 ponentes,
818 1039 1166 1103 abscedunt,
1216 1038 1551 1093 societatem
1612 1044 1892 1109 nostram,
1955 1036 2113 1092 velut

453 1128 613 1184 haud
646 1128 876 1199 piorum
908 1126 1217 1182 hominum
1249 1133 1649 1197 aspernantes.

527 1218 590 1272 L.
623 1216 786 1280 Quod
838 1215 888 1271 si
936 1215 1190 1286 cuipiam
1241 1232 1443 1271 eorum
1493 1216 1759 1271 dicamus
1802 1215 2013 1271 leniter
2040 1215 2111 1270 ad

452 1306 611 1361 hunc
646 1306 910 1371 modum,
936 1322 1002 1360 ac
1025 1306 1387 1372 disserendo,
1413 1322 1547 1359 eum
1571 1304 1949 1375 provehentes
1974 1321 1986 1359 ε
2014 1304 2113 1358 Dic

454 1393 622 1461 mihi,
653 1394 741 1448 vir
770 1393 1136 1459 admirande,
1171 1410 1415 1448 vocasne
1442 1393 1660 1464 aliquid
1694 1393 1925 1461 saltare,
1960 1398 2015 1447 et
2044 1393 2113 1446 ti-

454 1483 547 1538 bia
576 1484 833 1538 canere?
881 1483 1129 1537 Maxime
1178 1500 1338 1547 vero,
1389 1483 1632 1552 inquiet.
1685 1482 1831 1544 Quid
1883 1482 2141 1552 sapien-.

455 1572 620 1638 tiam,
651 1576 709 1626 et
728 1570 1051 1643 sapientem
1075 1588 1223 1636 esse,
1250 1572 1405 1641 quod
1430 1588 1537 1626 nos
1558 1571 1886 1625 divinarum
1905 1571 2113 1624 huma-

457 1676 786 1730 narumque
816 1676 1011 1714 rerum
1054 1658 1355 1714 scientiam
1402 1658 1716 1714 deﬁnimus
1737 1660 1764 1713 ‘I
1793 1658 1855 1714 Id
1886 1674 2117 1729 quoque

459 1750 757 1803 concedet.
792 1752 909 1820 Age
953 1764 1086 1802 vero
1135 1764 1415 1802 Censesne
1462 1754 1619 1803 artes
1668 1747 1798 1802 illas
1831 1746 2116 1818 sapientia

462 1836 732 1893 meliores
761 1844 818 1892 et
848 1836 1221 1892 sublimiores
1252 1854 1399 1901 esse,
1433 1855 1504 1891 an
1552 1837 1699 1891 hanc
1732 1838 1921 1907 potius
1950 1835 2068 1889 illis
2088 1836 2116 1889 ?
2148 1863 2192 1927 Β

460 1926 604 1982 Mihi
632 1926 866 1996 quidem
899 1944 1014 1979 non
1046 1931 1135 1980 est
1165 1924 1434 1993 dubium,
1470 1925 1612 1995 quin
1660 1925 1811 1979 hanc
1842 1926 2116 1980 omnibus

461 2015 637 2071 etiam
664 2014 1126 2087 praestantiorem
1158 2030 1289 2069 esse
1311 2014 1522 2067 dicturi
1545 2014 1682 2079 sint,
1717 2020 1891 2086 atque
1921 2014 2116 2070 hacte-

459 2121 572 2159 nus
603 2104 751 2176 aequi
784 2110 839 2157 et
868 2104 1098 2158 candidi
1122 2103 1353 2173 judices
1380 2102 1519 2156 sint.
1547 2103 1743 2158 Utrum
1778 2104 1975 2173 igitur,
2000 2102 2118 2159 sal-

460 2191 697 2247 tationis
728 2191 965 2262 quidem
997 2197 1054 2246 et
1084 2196 1291 2245 cantus
1338 2190 1617 2244 tibiarum
1668 2192 1935 2245 doctrina
1964 2208 2117 2262 quaa-

460 2281 595 2335 dam
627 2285 683 2335 et
713 2278 1024 2350 disciplina
1064 2284 1169 2345 est,
1223 2280 1295 2334 ad
1327 2278 1525 2349 idque,
1576 2282 1633 2333 et
1662 2279 1939 2334 diuturno
1970 2285 2120 2335 tem-

460 2385 620 2443 pore,
651 2374 709 2424 et
739 2367 1013 2440 plurimis
1046 2367 1347 2422 laboribus
1378 2384 1444 2421 ac
1490 2368 1804 2423 sudoribus
1835 2385 1981 2439 opus
2011 2372 2119 2436 est,

462 2463 637 2529 atque
658 2457 951 2513 interdum
970 2456 1144 2511 etiam
1174 2456 1500 2511 mercedem
1528 2456 1853 2527 persolvere
1876 2461 2119 2527 oportet,

462 2552 520 2603 et.
551 2547 925 2618 perductores
955 2545 1253 2611 adhibere,
1288 2544 1607 2616 longasque
1639 2545 2124 2617 perigrinationes

465 2637 782 2708 suscipere,
817 2643 1140 2705 caeteraque
1173 2635 1370 2689 omnia
1414 2637 1600 2688 facere
1630 2641 1686 2688 et
1736 2636 1874 2706 pati,
1908 2635 2123 2706 quibus

468 2725 612 2781 artis
646 2724 853 2797 peritia
898 2729 1311 2795 comparatur:
1346 2723 1691 2794 sapientiam
1748 2730 1961 2790 autem,
1997 2740 2122 2794 quae

468 2815 745 2870 omnibus
762 2819 1059 2885 pracst,ac
1083 2814 1235 2867 bona
1264 2811 1461 2866 omnia
1482 2811 1784 2882 complexu
1810 2829 1915 2867 suo
1948 2818 2122 2879 tenet,

470 2906 613 2959 adeo
638 2908 700 2957 ut
720 2903 845 2975 ipse
865 2918 1097 2973 quoque
1123 2903 1292 2965 Deus,
1321 2900 1592 2971 quamvis
1614 2900 1921 2971 permultis
1945 2902 2127 2956 nomi-

473 2993 648 3048 nibus
681 2998 936 3056 vocetur,
972 2990 1076 3044 hoc
1106 2993 1301 3044 tamen
1338 2988 1569 3043 nomine
1592 2989 1914 3060 impensius
1945 3007 2123 3061 quam

476 3079 613 3136 ullis
644 3079 774 3135 aliis
803 3078 1140 3148 delectetur,
1176 3095 1295 3132 rem
1324 3093 1505 3148 usque
1533 3079 1675 3132 adeo
1701 3078 1879 3133 levem
1911 3086 1967 3133 et
1990 3096 2121 3150 pro-

471 3170 673 3225 tritam
696 3185 823 3224 esse
853 3166 1337 3234 existimabimus,
1374 3172 1434 3221 ut
1464 3168 1535 3220 ad
1571 3167 1696 3232 hoc,
1735 3173 1797 3221 ut
1827 3169 2121 3239 quispiam

2214 593 2457 665 νοίμεθα.
2507 598 2676 647 Τοῦτο
2721 597 2882 665 ἡμῶν
2932 593 2983 646 οἱ
3033 593 3397 668 χρηστότεροι
3442 593 3535 648 καὶ
3584 592 3913 648 ἁπλούστε-

2218 702 2323 757 ροι’
2353 683 2404 737 τί
2454 680 2510 736 δὲ
2563 684 2614 736 0i
2663 682 3023 753 πνευματικοὶ
3068 685 3184 753 (87)
3231 679 3450 753 μᾶλλον
3487 684 3608 755 (88)
3651 685 3751 737 καὶ
3782 704 3909 759 γεν-

2215 771 2482 847 ναιότεροι
2540 791 2554 840 ;
2616 769 2805 825 Πολλὰ
2860 769 3273 846 κατακρίναντες
3333 774 3486 842 ἡμᾶς
3523 814 3537 839 ,
3604 772 3666 826 ἂν
3754 770 3910 826 οὕτω

2220 857 2364 933 δόξῃ,
2405 859 2492 914 xui
2547 859 2938 935 βασανίςαντες,
2987 860 3078 914 xui
3127 855 3377 932 οὐδαμοῦ
3426 859 3655 932 θέντες,
3709 859 3909 930 ἀπῆλ-

2218 951 2308 1004 Θον
2340 996 2355 1020 ,
2411 950 2498 1003 xui
2553 950 2651 1017 τὴν
2713 948 2995 1004 κοινωνίαν
3051 949 3127 1010 ὡς
3188 949 3291 1003 οὐκ
3356 944 3599 1005 εὐσεϐῶν
3665 947 3910 1005 διατττύ-

2221 1059 2422 1099 σαντες.

2291 1130 2367 1183 Ν’.
2400 1131 2499 1183 "Av
2529 1124 2586 1181 δὲ
2633 1147 2735 1180 τινι
2786 1124 2962 1181 αὐτῶν
3014 1123 3263 1201 λέγωμεν
3316 1126 3523 1181 οὑτωσὶ
3573 1128 3777 1202 πράως
3811 1130 3909 1183 xui

2222 1216 2458 1291 λογικῶς
2500 1209 2922 1288 προϐιὲάζοντες
2970 1216 3104 1287 (89)·
3160 1214 3293 1269 Εἷπὲ
3346 1236 3463 1288 μοι,
3499 1217 3545 1269 ὦ
3599 1217 3911 1289 Θαυμάσιε,

2221 1304 2407 1365 καλεῖς
2459 1326 2510 1357 τι
2559 1304 2619 1357 τὸ
2664 1304 2969 1378 ὀρχεῖσθαι,
3018 1302 3081 1357 τό
3128 1323 3187 1357 τε
3229 1302 3416 1359 αὐλεῖν
3454 1324 3468 1373 ;
3506 1305 3659 1358 Πάνυ
3713 1327 3784 1380 γε
3839 1306 3917 1360 εἶ’-

2223 1415 2373 1447 ποιεν
2434 1394 2514 1449 ἄν.
2574 1393 2633 1446 Τί
2692 1389 2776 1446 δαὶ
3002 1392 3192 1469 σοφίαν
3253 1413 3312 1446 τε
3361 1393 3454 1447 καὶ
3498 1394 3673 1470 σοφὸν
3740 1393 3912 1466 εἶναι,

2221 1483 2367 1536 1050’
2399 1482 2427 1535 ’ὁ
2480 1479 2545 1548 δὴ
2596 1480 2752 1544 θείων
2801 1502 2861 1535 τε
2908 1481 2999 1535 καὶ
3050 1480 3403 1555 ἀνθρωπίνων
3452 1480 3783 1555 ἐπιστήμην
3833 1506 3919 1538 τι-

2226 1571 2424 1642 θέμεθα
2470 1589 2482 1638 ;
2533 1570 2632 1623 Καὶ
2682 1574 2842 1624 τοῦτο
2902 1567 3162 1627 δώσουσι.
3226 1570 3463 1646 Πότερον
3524 1568 3583 1626 δὲ
3644 1578 3916 1647 κρεῖττον

2226 1660 2358 1711 εἷναι
2409 1657 2497 1711 καὶ
2548 1656 2920 1733 ὑψηλότερον,
2966 1662 3138 1711 ταῦτα
3186 1658 3400 1735 σοφίας,
3443 1660 3479 1727 ἦ
3527 1657 3748 1714 τούτων
3800 1682 3915 1733 μα-

2223 1751 2339 1819 κρῷ
2384 1747 2482 1814 τὴν
2533 1745 2719 1821 σοφίαν
2754 1764 2767 1813 ς
2802 1745 2898 1799 Καὶ
2948 1746 3164 1799 πάντων
3220 1744 3276 1800 εὖ
3328 1744 3433 1800 οἶδ’
3481 1745 3564 1801 δτι
3618 1750 3744 1821 (91)
3792 1752 3913 1827 φή-

2225 1853 2394 1889 σουσι·
2454 1834 2541 1888 καὶ
2604 1833 2767 1908 μέχρι
2835 1834 3041 1888 τούτων
3109 1834 3242 1889 εἰσὶν
3307 1834 3660 1910 εὐγνώμονες
3701 1882 3715 1895 .
3774 1841 3917 1915 Ἀρ⁹

2227 1925 2317 1978 οὗν
2350 1924 2633 1999 ὀρχήσεως
2676 1924 2771 1995 μὲν
2812 1923 2903 1977 καὶ
2953 1921 3240 1993 αὐλήσεως
3271 1926 3385 1997 (92)
3418 1925 3530 1979 ἐστι
3565 1923 3917 1984 διδασκαλία

2224 2015 2313 2067 καὶ
2349 2012 2601 2085 μάθησις,
2651 2012 2739 2065 καὶ
2790 2012 2995 2086 χρόνου
3039 2013 3179 2087 πρὸς
3227 2017 3388 2067 τοῦτο
3440 2010 3545 2084 δεῖ,
3598 2015 3693 2070 καὶ
3728 2015 3915 2093 ἱδρώ-

2226 2121 2332 2153 των
2367 2104 2576 2172 συχνῶν
2609 2098 2698 2152 καὶ
2731 2098 2934 2168 πόνων,
2966 2098 3055 2152 καὶ
3111 2099 3341 2171 μισθοὺς
3389 2096 3733 2158 καταϐαλεῖν
3786 2108 3913 2177 (93)

2230 2187 2367 2242 ἔστιν
2398 2190 2507 2256 ὅτε,
2554 2188 2644 2241 καὶ
2694 2192 3066 2263 προσαγωγῶν
3118 2192 3231 2259 (94)
3281 2186 3572 2260 δεηθῆναι,
3624 2193 3722 2246 καὶ
3774 2194 3920 2251 ἀπο-

2231 2275 2473 2348 δημῆσαι
2521 2275 2845 2350 μακρότερα,
2895 2276 2986 2330 καὶ
3039 2276 3223 2332 τᾶλλα
3428 2280 3497 2333 τὰ
3533 2281 3631 2353 μὲν
3667 2290 3915 2352 ποιῆσαι

2230 2365 2419 2435 πάντα,
2468 2365 2535 2418 τὰ
2582 2362 2639 2417 δὲ
2690 2370 2901 2431 παθεῖν,
2952 2367 3034 2426 οἷς
3087 2364 3345 2438 ἐμπειρία
3389 2366 3747 2444 συλλέγετιυ
3802 2374 3912 2442 τὴν

2232 2452 2289 2509 δὲ
2346 2454 2559 2530 σοφίαν,
2616 2454 2649 2521 ἢ
2706 2458 2862 2507 πᾶσιν
2918 2452 3193 2508 ἐπιστατεῖ
3250 2458 3399 2528 (96),
3457 2457 3549 2510 καὶ
3609 2461 3799 2515 πάντα
3862 2460 3916 2517 ἐν

2232 2544 2392 2616 ἑαυτῇ
2448 2543 2515 2596 τὰ
2570 2540 2712 2595 καλὰ
2764 2537 3114 2597 συλλαϐοῦσα
3168 2544 3285 2616 (97)
3345 2542 3485 2619 ἔχει,
3538 2544 3619 2608 ὦς
3669 2548 3766 2601 xui
3810 2548 3912 2605 τὸν

2233 2632 2359 2686 Θεὸν
2392 2630 2547 2685 αὐτὸν
2579 2634 2738 2684 τοῦτο
2774 2628 2987 2703 μᾶλλον
3020 2632 3053 2699 ἢ
3080 2652 3131 2685 τι
3165 2630 3305 2686 ἄλλο
3336 2634 3550 2709 χαίρειν
3600 2636 3910 2711 ἀκούοντα,

2235 2717 2421 2788 ὶπειδὴ
2470 2718 2715 2774 καλεῖται
2764 2718 3000 2782 πολλοῖς
3050 2719 3333 2793 ὀνόμασιν,
3382 2724 3529 2777 οὕτω
3577 2727 3791 2803 κοῦφόν
3851 2750 3910 2784 τι

2233 2810 2320 2865 xui
2369 2810 2749 2880 πεπατημὲνον
2800 2814 3028 2883 πρᾶγμα
3089 2808 3492 2883 ὑποληψόμεθα
3526 2856 3541 2882 ,
3604 2813 3751 2869 ὥστε
3811 2819 3910 2873 θε-

2235 2899 2396 2968 λῆσαι
2431 2897 2538 2952 δεῖν
2570 2900 2685 2969 (98)
2719 2896 2883 2969 μόνον
2935 2896 3024 2950 καὶ
3074 2899 3208 2952 εἶναι
3250 2898 3420 2976 σοφόν
3457 2927 3472 2969 ;
3512 2900 3751 2971 Πολλῆς

2232 2994 2390 3043 τοῦτο
2438 2995 2539 3055 τῆς
2577 2987 2854 3057 ἀμαθείας.
2890 2994 2983 3039 “Av
3033 2991 3201 3040 ταῦτα
3249 2985 3502 3062 λέγωμεν
3553 2990 3775 3061 αὐτοῖς,
3811 2996 3909 3050 xui

2232 3080 2368 3132 κατὰ
2420 3076 2609 3151 μικρὸν
2657 3076 2754 3143 τὴν
2804 3074 3016 3145 πλάνην
3067 3076 3517 3153 ἀνακαθαίρωμεν
3570 3083 3677 3153 (Ι),
3729 3080 3767 3151 ἤ
3821 3105 3911 3147 τις

2232 3165 2404 3228 ἀλλος
2467 3171 2571 3220 τῶν
2628 3164 3032 3239 εὐμαθεστέρων
3091 3166 3179 3219 καὶ
3238 3169 3617 3239 συνετωτέρων
3656 3214 3671 3236 ,
3731 3177 3907 3229 τοῦτο

470 3260 707 3330 sapiens
738 3258 834 3325 sit,
869 3256 1135 3312 voluntas
1165 3256 1289 3312 sola
1324 3228 1700 3326 requiratur'i’
1732 3228 2113 3328 Magnepro-

2231 3256 2402 3311 ἐκεῖνο
2459 3256 2593 3309 κατὰ
2646 3257 2855 3326 πετρῶν
2916 3253 3187 3324 σπείρειν,
3238 3256 3327 3309 xui
3384 3255 3571 3311 λαλεῖν
3637 3259 3720 3322 εἷς
3783 3264 3907 3319 ὦτα

468 3348 617 3404 fecto
650 3346 908 3403 stultitim
942 3347 1047 3402 hoc
1095 3346 1287 3400 fuerit.
1339 3345 1396 3399 Si
1426 3344 1547 3399 haec
1584 3346 1656 3400 ad
1689 3362 1785 3400 eos
1830 3347 2115 3425 dicamus,

465 3453 839 3508 erroremque
869 3434 1150 3508 paulatim
1194 3451 1600 3506 repurgemus,
1633 3441 1736 3490 aut
1764 3434 1918 3490 alius
1950 3436 2115 3507 quis-

462 3527 616 3597 piam
637 3526 961 3582 doctiorum
979 3529 1036 3580 et
1056 3524 1517 3596 prudentiorum,
1538 3523 1645 3578 hoc
1666 3524 1943 3579 nimirum
1968 3524 2113 3579 illud

462 3615 637 3670 fuerit
666 3632 846 3687 supra
876 3618 1070 3685 petras
1119 3614 1409 3669 seminare
1436 3614 1499 3679 “,
1533 3620 1704 3683 atque
1724 3613 1782 3667 in
1804 3630 1975 3668 aures
1997 3631 2112 3668 non

459 3704 822 3759 audientium
847 3703 1006 3774 loqui
1029 3704 1091 3759 9⁵.
1116 3703 1201 3758 Ita
1230 3719 1301 3758 ne
1322 3702 1603 3757 hactenus
1622 3702 1859 3773 quidem
1887 3703 2114 3774 sapien-

458 3800 545 3853 tes
577 3801 735 3865 sunt,
770 3801 835 3851 ut
864 3795 1158 3850 inscitiam
1190 3811 1357 3850 suam
1402 3794 1693 3867 cognitam
1731 3794 1999 3850 habeant.
2032 3796 2111 3851 Ae

459 3886 605 3942 mihi
637 3885 1013 3942 commodum
1046 3900 1173 3939 esse
1221 3884 1449 3939 videtur
1495 3883 1637 3938 illud
1680 3883 2010 3939 Salomonis
2040 3885 2112 3941 de

458 3975 604 4047 ipsis
634 3975 733 4031 38
769 3991 1087 4047 usurpare:
1136 3974 1225 4028 Est
1269 3974 1481 4027 malum
1509 3975 1652 4043 quod
1698 3973 1811 4028 vidi
1840 3974 1938 4029 sub
1977 3975 2107 4044 sole,

458 4066 638 4120 virum
668 4067 765 4137 qui
791 4064 901 4120 sibi
928 4064 1152 4132 sapiens
1179 4077 1292 4118 esse
1320 4061 1634 4116 videtur“:
1667 4066 1727 4116 et
1755 4062 1906 4133 quod
1941 4063 2108 4133 pejus

2229 3347 2304 3418 μή
2351 3344 2675 3402 ἀκουόντων.
2726 3342 2909 3404 Οὕτως
2960 3339 3073 3397 οὐδ’
3131 3343 3262 3398 αὐτὸ
3320 3345 3482 3400 τοῦτό
3543 3346 3647 3402 εἶσι
3705 3353 3900 3430 σοφοὶ,

2219 3438 2320 3505 τὴν
2377 3433 2576 3489 ἑαυτῶν
2634 3433 2916 3507 γινώσκειν
2979 3429 3350 3490 ἀπαιδευσίαν.
3412 3434 3511 3489 Καὶ
3571 3458 3670 3508 μοι
3739 3437 3904 3496 δοκεῖ

2222 3523 2407 3587 καλῶς
2466 3521 2609 3599 ἔχειν
2664 3522 2724 3576 τὸ
2794 3525 2891 3576 τοῦ
2943 3520 3311 3594 Σολομῶντος
3382 3525 3507 3596 περί
3566 3525 3750 3582 αὐτῶν
3817 3530 3899 3585 εἶ-

2220 3620 2337 3668 πεῖν
2393 3617 2489 3687 (2)·
2550 3614 2697 3666 Ἐστι
2756 3609 3009 3683 πονηρία,
3068 3612 3132 3679 ἦν
3184 3608 3324 3665 εἶδον
3383 3612 3487 3666 ὑπὸ
3539 3614 3633 3669 τὸν
3697 3616 3897 3685 ἥλιον,

2222 3701 2389 3779 ἄνδρα
2457 3700 2678 3771 δόξαντα
2739 3700 2864 3774 παρ’
2948 3698 3121 3772 ἐαυτῷ
3200 3702 3364 3778 σοφὸν
3432 3702 3619 3756 εἶναι’

2217 3793 2413 3847 τούτου
2484 3790 2847 3865 πονηρότερον
2885 3835 2899 3858 ,
2957 3786 3228 3843 παιδεύειν
3300 3788 3506 3852 ἄλλους
3586 3812 3894 3852 πεπιστευ-

2222 3881 2380 3953 μένον
2434 3882 2523 3936 τὸν
2606 3876 2745 3953 μηδὶ
2812 3880 2909 3947 τῆς
2968 3878 3486 3961 οἱκείαςιάμαθείας
3549 3880 3891 3941 ἑπαισθανό-

2222 3992 2403 4044 μενον.

3682 3707 3777 3761 xui
3864 3712 3897 3764 ὅ

458 4158 567 4221 est,
599 4154 743 4209 alios
774 4153 1124 4209 erudiendos
1155 4151 1431 4223 suscepit,
1465 4152 1560 4222 qui
1595 4167 1664 4206 ne
1696 4151 1991 4207 inscitiam
2026 4151 2261 4224 quidem
2298 4169 2464 4208 suam
2500 4151 2800 4223 persentit.

520 4280 566 4314 9‘
596 4278 734 4335 Luo.
766 4294 887 4348 vm,
915 4280 972 4333 6.
1049 4278 1093 4315 ⁸⁸
1125 4276 1295 4333 Eccli.
1327 4292 1455 4348 xxv,
1489 4277 1575 4332 12.
1652 4277 1697 4312 ⁸⁸
1726 4275 1909 4332 Eccle.
1944 4293 1999 4346 x,
2034 4278 2107 4347 5;

2231 4294 2307 4334 )v.
2343 4293 2494 4345 XXVI,
2531 4277 2618 4331 12.

519 4422 632 4495 (87)
688 4419 1099 4495 Ilveuuunxob
1131 4423 1192 4495 In
1247 4421 1510 4495 margine
1568 4420 1725 4477 Colb.
1786 4421 1904 4483 καθ’
1964 4419 2094 4474 ὑπό-

2236 4421 2620 4477 onciliatores.
2658 4442 2686 4471 ››
2716 4418 2847 4476 Bill.
2879 4418 3070 4493 prima
3112 4420 3385 4490 editione,
3420 4444 3449 4472 «
3483 4429 3883 4485 commenda-

444 4492 640 4567 κρισιν.
674 4516 701 4545 ‹‹
735 4511 837 4565 per
867 4494 1222 4566 hypocrisim
1254 4510 1318 4548 ac
1353 4492 1501 4550 ficte.
1534 4516 1561 4545 ››

515 4566 629 4637 (88)
685 4562 931 4619 Μᾶλλον.
993 4566 1164 4621 Deest
1216 4565 1299 4637 in,
1330 4570 1550 4636 septem
1611 4564 1790 4637 Regg.
1848 4564 2095 4636 aliisque

443 4637 763 4765 negnuélis.
798 4639 1033 4711 Legitur
1062 4643 1256 4693 tamen
1287 4636 1347 4692 in
1378 4638 1648 4709 pluribus
1683 4636 1915 4710 optima
1946 4642 2095 4693 notae

444 4727 509 4765 co
560 4727 627 4765 lC]
677 4728 766 4765 us.

444 4727 766 4765 0001010118.

511 4728 1104 4857 ((18lgioli1980626ugov159.
1157 4780 1249 4835 Sic
1294 4780 1510 4857 (Reggn
1536 4778 1665 4857 b,_l,_
1709 4794 1787 4847 m,
1814 4778 1975 4857 βου).
2011 4796 2091 4857 rn,

441 4858 576 4921 etc.,
601 4851 772 4923 cujus
793 4854 948 4908 vocis
968 4853 1055 4906 vis
1079 4851 1197 4906 haec
1220 4856 1326 4918 est,
1354 4875 1381 4902 «
1406 4851 2096 4923 rationicinandograda-

441 4927 546 4980 tim
579 4922 869 4997 urgentes.
898 4949 927 4997 ξ
962 4924 1071 4979 Alii
1117 4925 1345 4979 codices
1378 4924 1595 4979 habent
1643 4922 2090 4994 συμοιοάζοντες.

440 4998 543 5052 Ed.
578 4990 708 5069 Bas.
740 4990 1229 5069 προσϐιοαζοντες.

475 5030 708 5193 ὲζθῷῗί
742 5030 1369 5139 é‘i’ifuiiiZFiBVJiiegg.
1422 5030 1538 5121 Jesi.
1588 5070 1646 5121 et
1696 5066 1891 5138 plures
1930 5066 2088 5122 Colb.

554 5159 597 5193 ε.

436 5157 488 5191 τι
521 5157 597 5196 οε.

2203 4633 2476 4770 ξιῖὶῢζω,
2525 4635 2774 4708 legitur:
2838 4633 2933 4688 Καὶ
2980 4636 3046 4688 τὰ
3098 4633 3192 4707 μὲν
3238 4642 3487 4705 ποιῆσαι,
3534 4638 3604 4691 τὰ

2240 4727 2336 4763 ειν.

2240 4727 2336 4763 ειν.

2204 4500 2378 4550 tores.
2415 4515 2443 4543 ››

2276 4565 2387 4691 (ἷὸ)
2415 4560 2633 4646 Tam:
2654 4567 2715 4618 In
2748 4563 2890 4663 Beg.
2923 4566 2967 4632 t,
3006 4564 3407 4651 desideratur:
3459 4565 3521 4621 in
3553 4566 3699 4693 Reg.
3734 4569 3773 4637 l,
3813 4578 3882 4631 et

2276 4662 2278 4678 ι
2349 4680 2360 4692 ,
2398 4654 2476 4694 m,
2525 4635 2774 4694 legitur.
2838 4633 2933 4688 Καὶ
2980 4636 3046 4688 τὰ
3098 4654 3192 4694 μεν
3238 4655 3487 4694 ποιησαι.
3534 4638 3604 4691 τὰ
3684 4640 3711 4694 ὶ
3756 4660 3877 4694 πα-

3756 4660 3877 4696 rma-

2272 4780 2384 4851 (96)
2417 4779 2745 4853 'Ema1u1ti.
2771 4801 2801 4853 ᾳ
2834 4778 2972 4841 Quae
3002 4780 3057 4833 in
3090 4779 3367 4835 omnibus
3416 4781 3739 4853 primatum
3770 4789 3876 4843 te-

2205 4856 2303 4906 net
2335 4853 2519 4920 (Ercli,
2547 4867 2697 4920 xmy,
2728 4852 2837 4919 10).
2873 4872 2900 4899 ››

2274 4915 2385 4994 (97)
2445 4915 2823 4977 Συλλαϐοῢσα.
2902 4922 2986 4977 Ita
3058 4922 3231 4994 Regg.
3310 4922 3415 4991 hu,
3489 4921 3529 4990 l,
3606 4929 3667 4980 et
3721 4925 3879 4987 Cob.

2202 4994 2256 5062 3,
2293 5011 2375 5049 m.

2271 5067 2383 5137 (98)
2416 5069 2553 5137 Δεῖν,
2588 5065 2682 5121 Sic
2711 5068 2855 5137 Reg.
2881 5062 3015 5137 Lilia
3046 5064 3135 5119 ed.
3171 5059 3271 5137 ξεῖ.

2274 5130 2389 5209 (99)
2421 5134 2683 5212 Πολλῆς.-
2714 5130 2890 5191 Addit
2936 5136 3117 5191 Mont.
3170 5130 3359 5195 ὅντως.
3411 5135 3599 5212 Vertit
3617 5138 3871 5212 _Billius,

530 5213 620 5283 91)
656 5206 737 5283 Εὖ,
780 5206 900 5263 οἷδ’.
955 5207 1029 5262 Εὖ
1077 5211 1239 5265 deest
1270 5210 1327 5263 in
1377 5214 1631 5279 quatuor
1673 5209 1835 5279 Reg.,
1867 5213 2090 5280 septem

509 5212 620 5337 (91)
656 5207 730 5264 Εὖ
780 5207 900 5263 οἷδ’.
955 5207 1029 5262 Εὖ
1077 5211 1239 5265 deest
1270 5210 1327 5263 in
1377 5214 1631 5279 quatuor
1673 5209 1835 5279 Reg.,
1867 5213 2090 5280 septem
2208 5231 2234 5261 α
2264 5207 2489 5291 magna:
2521 5207 2743 5277 Hercle,
2778 5224 3007 5290 nquam
3033 5223 3229 5289 vocem
3254 5225 3367 5263 non
3406 5208 3549 5263 satis
3572 5210 3729 5280 piam
3763 5207 3877 5271 ex;

437 5285 510 5337 Co
540 5283 593 5337 b.
626 5288 685 5338 et
714 5282 808 5339 Or.
844 5284 893 5337 1.
2200 5298 2538 5339 nunximus.
2571 5280 2719 5339 Quid
2750 5296 2906 5335 enim
2937 5278 3267 5335 Christiano
3306 5296 3440 5336 cum
3477 5281 3679 5339 jurato
3711 5281 3870 5339 Hen-

479 5300 593 5337 OlD.
626 5300 685 5338 BI.
714 5300 808 5338 UI‘.
844 5300 893 5337 l.

2200 5278 2538 5354 pu‘nximus.
2571 5280 2719 5347 Quid
2750 5278 2906 5335 enim
2937 5278 3267 5335 Christiano
3306 5296 3440 5336 cum
3477 5278 3679 5351 jurato
3711 5281 3870 5342 Her-

507 5355 619 5426 (92)
648 5354 744 5407 Kui
786 5350 1091 5423 αὐλήσεως.
1141 5357 1249 5407 etc.
1301 5352 1395 5407 Sic
1443 5352 1636 5406 Horat.
1689 5352 1815 5407 Arte
1849 5356 1997 5423 poet.
2032 5368 2085 5407 v.
2198 5350 2370 5409 cule?

437 5419 619 5482 413st
651 5443 772 5498 seq.
914 5419 921 5423 ν
1128 5496 1138 5498 Α
1253 5496 1272 5498 _
1363 5495 1412 5498 η
1850 5419 1863 5423 ’

2268 5427 2343 5497 (1)
2428 5419 2922 5497 ’Δνακαθαίρωμεν.
3002 5444 3029 5472 ‹‹
3112 5422 3461 5495 Expugnare
3539 5426 3873 5486 tentaveri-

1110 5496 1215 5563 Qui
1243 5495 1449 5567 Pythia
1477 5498 1684 5550 cantat.
1736 5566 1739 5567 ν
2197 5495 2349 5553 mus.
2386 5517 2413 5544 »

506 5570 741 5633 Tibicen,
774 5568 965 5623 didicit
990 5568 1165 5641 prius,
1197 5564 1563 5641 extimuitque
1590 5566 1939 5633 magistrum.

2264 5570 2341 5641 (2)
2380 5564 2527 5641 Anapi
2576 5564 2749 5619 αὐτῶν
2813 5564 3004 5641 εἰπεῖν.
3076 5567 3160 5641 Is_
3193 5565 3333 5641 ordo
3380 5565 3717 5641 v_erborum_
3761 5576 3871 5641 est

503 5642 609 5724 {ger
632 5643 767 5724 satis
796 5650 883 5724 gat
902 5634 1130 5724 dirige,
1162 5655 1259 5724 ego
1287 5640 1438 5724 γγιὶνᾳ⁵
1466 5634 1720 5724 pegmata
1746 5654 1947 5710 pango.
2192 5637 2255 5724 ill
2271 5634 2542 5697 "melioris
2572 5643 2720 5695 notae
2770 5637 3091 5696 codicibus.
3140 5638 3205 5693 In
3233 5636 3323 5693 ed.
3378 5634 3547 5693 εἰπεῖν
3598 5636 3723 5719 περὶ
3751 5639 3870 5701 αὖ.

2188 5729 2296 5769 των
2305 5756 2319 5776 ,

523 5714 609 5769 93)
642 5705 998 5769 Καταϐαλεῐν.
1034 5704 1237 5768 Comi).
1270 5704 1652 5768 καταϐάλλειν.

523 5714 592 5769 93
642 5714 998 5769 Καταῦαλεῐν.
1034 5714 1237 5768 Comb.
1270 5714 1652 5768 καταδαλλειν.

502 5714 615 5883 (94)
647 5785 1045 5867 Προσαγωγῶν.
1078 5783 1277 5844 Camb.
1322 5807 1351 5837 «
1377 5783 1479 5861 qui
1518 5784 1743 5843 aditum
1774 5784 2078 5863 praeterit,
