4184 6202
287 394 387 457 Ᾰ61

353 524 461 581 ΝΔ’.
510 524 671 578 Τοῦτο
730 519 973 598 δακρύων
1032 521 1126 598 μὶν
1180 523 1269 579 καὶ
1325 530 1638 601 στεναγμῶν

288 636 330 670 τι
380 612 529 688 ἄλλο,
577 614 635 668 τὸ
682 614 849 675 πάθος
896 610 1061 684 ἄξιον
1113 614 1142 668 ὃ
1171 614 1259 668 καὶ
1308 612 1577 676 πολλάκις
1627 612 1735 690 ἐγὼ
1772 635 1898 668 κατ-

286 704 496 776 ηλέησα,
542 700 597 758 εὖ
644 700 821 773 εἰδὼς,
872 702 954 758 δτι
1001 704 1064 758 τὸ
1097 701 1297 758 οἴεσθαι
1342 709 1437 759 τοῦ
1486 705 1617 759 εἶναι
1649 704 1712 759 τὸ
1742 701 1897 758 πλεῖ-

287 815 391 849 στον
434 795 752 871 ἀφαιρεῖται,
801 792 889 847 καὶ
942 792 1076 868 μέγα
1121 798 1237 855 τοῖς
1299 794 1604 869 ἀνθρώποις
1654 796 1687 863 ἡ
1742 814 1901 847 κενο-

285 882 418 955 δοξία
460 884 535 957 (3)
591 885 727 958 πρὸς
783 883 977 959 ἀρετὴν
1039 880 1335 956 ἐμπόδιονο
1396 882 1640 947 ῗάσασθαι
1699 880 1756 937 δὲ
1812 883 1900 937 καὶ

284 979 453 1042 στῆσαι
492 973 589 1041 τήν
638 966 791 1027 νόσον
843 972 1048 1048 Πέτρου
1080 970 1137 1026 ἂν
1166 974 1243 1045 (4)
1275 969 1358 1043 εἴη
1407 971 1553 1033 τινὸς
1583 973 1615 1041 ἢ
1656 970 1895 1043 Παύλου,

282 1066 374 1116 τῶν
432 1060 679 1137 μεγάλων
737 1062 972 1135 Χριστοῦ
1034 1062 1305 1133 μαθητῶν,
1363 1058 1453 1115 καί
1515 1060 1648 1133 μετὰ
1692 1066 1791 1130 τῆς
1849 1058 1900 1114 ἒν

282 1150 418 1227 λόγῳ
468 1172 557 1205 και
626 1148 767 1228 ἔργῳ
838 1145 1213 1226 κυϐερνήσεως
1286 1148 1590 1225 εἰληφότων
1665 1149 1727 1204 τὸ
1802 1147 1903 1225 χά-

279 1261 428 1317 ρισμα
480 1242 559 1313 (5)
597 1286 612 1309 ,
662 1241 753 1293 καὶ
809 1244 939 1295 πᾶσι
1014 1240 1188 1295 πάντα
1245 1240 1571 1315 γινομένων,
1628 1237 1719 1293 ’ίνα
1772 1236 1901 1300 τοὺς

278 1328 459 1392 πάντας
507 1332 589 1403 (6)
630 1326 987 1405 κερδήσωσιν·
1039 1332 1173 1403 ἡμῖν
1222 1326 1279 1383 δὲ
1323 1333 1437 1391 τοῖς
1497 1326 1692 1390 ἄλλοις
1744 1326 1898 1404 μέγα,

276 1418 356 1475 κᾶν
400 1419 442 1474 εἶ
490 1418 678 1481 καλῶς
724 1413 1117 1493 κυϐερνοίμεθα
1163 1419 1251 1473 καὶ
1308 1417 1566 1493 ἀγοίμεθα
1613 1418 1747 1491 πρὸς
1793 1422 1900 1472 τῶν

274 1508 583 1584 ἐπανορθοῦν
658 1508 726 1562 τὰ
791 1511 1013 1563 τοιαῦτα
1084 1506 1173 1562 καὶ
1247 1504 1530 1562 διευθύνειν
1595 1512 1901 1581 ξπεπιστευ-

279 1617 435 1671 μενων
442 1642 454 1655 .

334 1776 448 1833 ΝΒ’.
482 1772 642 1831 Ἀλλ’
698 1769 883 1843 ἐπειδή
942 1794 1004 1847 γε
1061 1772 1282 1828 Παύλου
1330 1772 1417 1828 καὶ
1464 1777 1569 1829 τῶν
1618 1774 1736 1829 κατ’
1766 1772 1905 1829 ἐκεῖ·

1405 388 1700 458 ΟἨΑΤΙΟ
1743 394 1821 455 Π.
1856 424 1935 440 -—
1959 388 2528 459 APOLOGETICA.

3550 394 3672 466 £69

1682 572 1697 596 ,
1752 524 1898 599 εἷ’περ
1932 528 1987 596 Α
2090 528 2178 583 LI.
2210 529 2328 585 Hoc
2359 529 2582 586 malum
2612 528 2886 604 lacrymis
2936 530 3174 605 quidem
3223 535 3281 588 et
3312 532 3589 603 luctibus,
3621 536 3671 592 si

2010 618 2163 689 quod
2188 618 2364 688 aliud,
2400 619 2644 691 dignum
2677 626 2801 688 est;
2837 622 2986 692 quod
3014 621 3187 677 etiam
3218 623 3347 693 ipsa
3379 641 3531 696 saepe
3566 624 3673 681 mi-

2010 710 2236 762 seratus
2282 724 2434 776 sum,
2491 725 2606 763 non
2654 708 2933 780 ignorans
2971 711 3301 783 opinionem
3344 711 3669 783 plurimum

2011 795 2080 850 de
2102 811 2163 850 re
2181 796 2309 867 ipsa
2329 797 2575 865 auferre,
2596 796 3115 870 inanisquegloriae
3131 800 3393 855 studium
3418 800 3670 856 homini-

2010 885 2121 940 bus
2154 902 2365 957 magno
2390 886 2458 939 ad
2483 887 2754 941 virtutem
2777 887 3195 958 impedimento
3220 905 3367 945 esse.
3394 889 3663 946 Morbum

2011 978 2203 1029 autem
2246 991 2454 1030 sanare
2501 990 2567 1031 ac
2616 975 2950 1046 reprimere,
3003 977 3154 1031 Petri
3202 979 3532 1046 cujusdam,
3561 983 3665 1035 aut

2011 1063 2174 1118 Pauli
2208 1064 2398 1131 fuerit,
2451 1080 2819 1137 magnorum,
2870 1065 3130 1137 inquam,
3162 1066 3399 1123 illorum
3447 1068 3669 1126 Christi

2012 1153 2455 1225 discipulorum,
2491 1153 2590 1226 qui
2631 1171 2748 1209 una
2776 1170 2908 1209 cum
2960 1155 3399 1226 gubernatione,
3450 1160 3570 1213 tam
3601 1158 3663 1215 in

2011 1258 2279 1299 sermone
2310 1260 2486 1315 quam
2508 1242 2565 1298 in
2589 1260 2782 1316 opere,
2806 1243 3055 1316 gratiam
3078 1248 3446 1317 acceperunt,
3475 1247 3664 1304 omni-

2011 1332 2237 1404 busque
2269 1334 2465 1388 omnia
2496 1332 2626 1387 facti
2660 1336 2818 1403 sunt,
2855 1336 2918 1387 ut
2947 1348 3150 1389 omnes
3179 1333 3665 1393 lucrifacerenl".

2011 1421 2191 1477 Nobis
2221 1426 2415 1477 autem
2448 1421 2577 1477 aliis
2601 1438 2880 1493 magnum
2904 1426 3079 1493 atque
3103 1422 3363 1495 amplum
3398 1425 3591 1489 fuerit,
3616 1425 3667 1481 si

2012 1511 2086 1567 ab
2117 1510 2207 1578 iis,
2243 1509 2458 1581 quibus
2490 1510 2987 1564 emendandarum
3016 1513 3071 1565 et
3093 1508 3534 1581 dirigendarum
3561 1511 3670 1567 hu-

2006 1599 2269 1672 jusmodi
2302 1615 2495 1654 rerum
2529 1615 2669 1654 cura
2698 1599 3015 1655 commissa
3054 1602 3162 1666 est,
3196 1604 3349 1656 recte
3379 1599 3668 1671 guberne-

2015 1706 2149 1746 mur
2178 1693 2350 1762 atque
2380 1690 2685 1745 ducamur.

2086 1780 2200 1835 LII.
2235 1786 2315 1835 Ac
2339 1778 2614 1851 quoniam
2633 1777 2821 1847 Pauli,
2844 1778 3090 1849 ejusque
3110 1777 3394 1834 similium
3418 1779 3667 1836 mentio-

270 1862 754 1937 vov‘épvwﬁaﬂnpsv
792 1909 806 1934 ,
865 1862 1122 1937 ἀφέντες,
1182 1861 1226 1916 εἰ
1290 1859 1473 1933 δοκεῖ,
1514 1862 1641 1925 τοὺς
1700 1861 1905 1924 ἄλλους

280 1956 301 1970 η
582 1952 608 1970 ,ι
865 1952 879 1969 κ
1088 1953 1114 1970 η
1188 1951 1200 1970 Ι
1352 1950 1377 1970 ,ι
1696 1952 1706 1970 .
1877 1950 1901 1970 ,ι

2020 1887 2148 1925 nem
2180 1870 2447 1935 fecimus,
2481 1866 2718 1935 relictis,
2754 1867 2800 1922 si
2833 1866 2914 1923 ita
2942 1868 3189 1934 videtur,
3213 1867 3488 1924 omnibus
3509 1867 3662 1937 aliis,

272 1956 509 2024 ἅπαντας,
576 1952 693 2008 ὅσοι
752 1952 888 2007 κατά
944 1951 1287 2024 νομοθεσίαν,
1341 1950 1377 2021 ἤ
1438 1952 1807 2031 προφητείαν,
1866 1950 1901 2021 ἤ

269 2042 605 2120 στρατηγίαν,
665 2040 701 2111 ἤ
754 2062 875 2096 τινα
925 2041 1178 2112 τοιαύτην
1240 2039 1417 2111 ἄλλην
1461 2041 1774 2116 οἰκονομίαν
1807 2046 1903 2097 τοῖ’)

270 2130 392 2187 λαοῦ
440 2126 893 2207 προεϐλήθησαν,
940 2132 1051 2185 οἷον
1111 2131 1202 2185 τὸν
1260 2137 1484 2200 Μωσῆν,
1544 2133 1633 2185 τὸν
1690 2131 1899 2207 Ἀαρὼν

267 2222 471 2296 ἐκεῖνον,
502 2223 605 2277 τὸν
638 2223 873 2291 Ἰησοῦν,
906 2220 994 2275 τὸν
1029 2217 1239 2289 Ἠλίαν,
1269 2220 1359 2275 τὸν
1407 2220 1737 2292 Ἐλισσαῖον,
1777 2221 1903 2283 τοὺς

266 2314 455 2387 κριτὰς,
511 2313 613 2367 τὸν
673 2308 906 2382 Ἰησοῦν,
963 2309 1054 2363 τὸν
1114 2304 1299 2380 Δαϐἱδ,
1356 2313 1462 2363 τῶν
1492 2315 1786 2387 προφητῶν
1840 2310 1902 2365 τὸ

264 2400 477 2475 πλῆθος,
506 2403 607 2456 τὸν
640 2400 913 2471 Ἰωάννην,
943 2398 1071 2461 τοὺς
1115 2396 1321 2453 δώδεκα
1374 2399 1617 2472 μαθητὰς
1662 2399 1788 2462 τοὺς
1821 2398 1902 2455 ἐπ’

265 2489 468 2553 ἐκείνοις
518 2490 747 2566 ὕστερον
797 2493 892 2562 (7),
956 2489 1007 2542 οἳ
1062 2486 1296 2550 πολλοῖς
1356 2486 1543 2564 ἱδρῶσι
1593 2488 1679 2543 καὶ
1712 2488 1902 2553 πόνοις

266 2577 527 2651 διεξῆλθον
557 2582 670 2649 τὴν
718 2578 1042 2653 προστασίαν
1086 2578 1222 2633 κατά
1268 2578 1393 2640 τοὺς
1425 2578 1623 2633 ἑαυτῶν
1666 2579 1901 2655 χρόνους

262 2666 482 2725 ἕκαστοι·
532 2669 765 2731 τούτοος
819 2662 1144 2744 ὑπερϐάντες
1203 2668 1461 2739 ἅπαντας,
1511 2666 1726 2723 Παῦλον
1774 2689 1902 2745 προ-

266 2760 584 2833 στησώμεθαι
616 2757 779 2831 μόνον
807 2761 903 2812 τοῦ
954 2754 1123 2832 λόγου
1154 2757 1435 2832 συνίστορα
1468 2759 1566 2831 (8),
1598 2757 1692 2812 κᾶν
1723 2758 1901 2831 τούτῳ

266 2850 645 2924 θεωρήσωμεν,
675 2846 803 2901 ὅσον
844 2846 959 2901 ’ἐστὶ
1008 2846 1097 2901 καὶ
1128 2850 1319 2923 ψυχῶν
1351 2849 1427 2920 (9)
1463 2846 1768 2921 ἐπιμέλεια,
1812 2847 1899 2902 καὶ

269 2938 307 2992 εἷ
354 2939 617 3015 βραχείας
674 2943 775 3007 τῆς
824 2936 1215 3012 πραγματείας,
1276 2938 1309 3005 ἦ
1371 2943 1564 3012 μικρᾶς
1620 2944 1721 3007 τῆς
1778 2959 1902 2991 συν-

268 3029 431 3089 έσεως.
462 3029 551 3089 Ὠς
596 3026 653 3081 ἂν
687 3024 744 3081 δὶ
776 3024 941 3102 ῥᾷστα
969 3029 1129 3080 τοῦτο
1159 3025 1307 3102 γνοίη
1322 3047 1415 3099 μεν
1446 3027 1535 3081 καὶ
1566 3024 1901 3101 κατίδοιμεν,

265 3116 312 3170 τί
342 3116 547 3179 Παῦλος
589 3115 749 3178 αὐτὸς
780 3114 902 3191 περί
934 3113 1153 3170 Παύλου
1185 3114 1337 3193 φησὶ,
1383 3114 1721 3188 ἀκούσωμεν.

330 3215 437 3265 NI‘.
493 3210 611 3262 Ἐῶ
671 3204 843 3280 λέγειν
902 3207 1013 3278 (10)
1072 3203 1202 3266 τοὺς
1276 3204 1475 3267 πόνους
1512 3250 1525 3273 ,
1583 3206 1678 3267 τὰς
1736 3204 1903 3281 ἀγρυ-

267 3296 427 3367 πνίας,
456 3296 598 3357 τοὺς
650 3273 872 3372 φόέους,
910 3273 1012 3356 ’τάξ
1062 3292 1112 3349 έν
1145 3291 1298 3367 λιμῷ
1344 3295 1432 3348 καὶ
1482 3291 1623 3368 δίψει
1660 3273 1899 3350 κακόπα-
1931 3273 1973 3341 C

266 3386 417 3460 θείας,
445 3386 542 3449 τᾶς
588 3384 636 3439 ἓν
669 3384 832 3459 ψύχει
864 3382 951 3436 καὶ
985 3384 1096 3456 (11)
1124 3382 1174 3437 ἐν
1207 3384 1531 3458 γυμνότητι,
1563 3384 1688 3446 τοὺς
1711 3382 1899 3454 ἔξωθεν

267 3472 739 3542 ἐπιϐουλεύοντας,
794 3471 921 3533 τοὺς
978 3468 1187 3525 ἔνδοθεν
1240 3473 1713 3548 ἀντιπράττοντας.
1774 3475 1900 3551 ’Δφ-

269 3564 377 3637 ίημι
430 3567 557 3627 τοὺς
625 3560 923 3637 διωγμοὺς,
978 3561 1045 3615 τὰ
1095 3558 1360 3631 συνέδρια,
1415 3562 1483 3615 τὰ
1530 3559 1899 3637 δεσμωτήρια,

265 3656 323 3707 τὰ
373 3652 565 3727 δεσμὰ,
631 3649 764 3712 τοὺς
820 3648 1198 3724 κατηγόρους,
1257 3652 1323 3703 τα
1380 3647 1720 3726 δικαστήρια,
1779 3651 1905 3713 τοὺς

268 3744 368 3797 καθ’
397 3742 614 3818 ἡμέραν
648 3740 737 3794 καὶ
790 3738 930 3814 ὥραν
982 3740 1260 3810 θανάτους,
1292 3739 1389 3807 τὴν
1434 3741 1726 3815 σαργάνην,
1775 3741 1903 3803 τοὺς

269 3828 588 3904 λιθασμοὺς,
646 3828 772 3891 τοὺς
833 3821 1164 3902 ῥαϐδισμοὺς
1198 3873 1211 3898 ,
1269 3828 1368 3895 τήν
1429 3826 1677 3901 περίοδον
1710 3874 1723 3897 ,
1779 3831 1905 3891 τοὺς

269 3922 389 3976 κατὰ
440 3925 538 3998 γῆν
606 3915 907 3984 κινδύνους,
964 3914 1089 3977 τοὺς
1145 3917 1281 3970 κατὰ
1329 3914 1617 3989 θάλασσαν,
1665 3918 1755 3973 τὸν
1811 3919 1903 3994 βυ-

268 4010 368 4080 θὸν,
401 4010 467 4065 τὰ
508 4006 763 4082 ναυάγια,
820 4001 1097 4065 κινδύνους
1148 4008 1434 4076 ποταμῶν,
1485 4002 1764 4069 κινδύνους
1816 4004 1907 4081 λῃ-

272 4104 433 4169 στῶν,
484 4095 774 4157 κινδύνους
827 4093 886 4148 ἐκ
935 4092 1143 4167 γένους,
1192 4090 1468 4155 κινδύνους
1519 4093 1569 4149 ἐν
1616 4092 1908 4168 ψευδαδέλ-

270 4209 400 4265 φοις,
450 4190 543 4243 τὸν
576 4187 640 4242 ἐκ
687 4188 886 4259 ’χειρῶν
928 4182 1068 4258 βίον,
1117 4182 1179 4236 τὸ
1228 4180 1497 4237 ἀδάπανον
1550 4182 1906 4259 Εύαγγέλιον,

272 4277 336 4340 ὣς
374 4281 486 4351 (42)
547 4276 772 4349 θέατρον
830 4273 897 4341 ἦν
952 4271 1040 4325 καὶ
1101 4270 1351 4347 ἀγγέλοις
1410 4272 1495 4326 καὶ
1550 4272 1857 4347 ἀνθρώποις
1890 4319 1904 4345 ,

272 4370 421 4439 μέσος
487 4369 626 4422 Θεοῦ
680 4363 768 4416 καὶ
837 4362 1132 4437 ἀνθρώπων
1201 4361 1486 4434 ἱστάμενος
1530 4383 1541 4396 ·
1605 4362 1733 4437 ὑπὲρ
1814 4365 1909 4436 μὲν

265 4462 362 4512 τῶν
391 4459 501 4531 (13)
536 4449 963 4529 ἀγωνιζόμενος,
1021 4454 1098 4521 τῷ
1154 4445 1213 4503 δὲ
1239 4450 1523 4526 προσάγων
1557 4452 1645 4506 καὶ
1693 4451 1906 4507 οἷ’κειῶν

2012 1960 2111 2031 qui
2143 1959 2213 2014 ob
2246 1958 2403 2031 leges
2436 1957 2722 2024 ferendas,
2755 1955 2843 2012 vel
2874 1957 2946 2011 ob
2976 1957 3295 2028 prophetiae
3320 1973 3555 2023 munus,
3576 1957 3663 2014 vel

2013 2049 2085 2105 ob
2118 2048 2200 2104 rei
2233 2046 2506 2103 militaris
2533 2045 2869 2117 imperium,
2901 2045 2990 2101 vel
3026 2047 3098 2101 ob
3138 2045 3314 2102 aliam
3348 2048 3665 2118 quamdam

2013 2135 2302 2210 ejusmodi
2336 2133 2928 2199 administrationem,
2970 2134 3169 2206 populi
3220 2135 3510 2191 antistites
3542 2135 3665 2191 fue-

2012 2245 2077 2283 ru
2089 2231 2167 2293 ut,
2187 2224 2347 2281 velut
2362 2224 2572 2291 Moses,
2592 2224 2801 2293 Aaron,
2820 2224 3020 2289 Josue,
3039 2223 3214 2291 Elias,
3235 2222 3668 2289 ElisaausJudi-

2011 2336 2129 2386 ces,
2146 2314 2404 2387 Samuel,
2423 2315 2620 2382 David,
2635 2314 3051 2386 prophetarum
3065 2313 3394 2379 multitudo,
3410 2314 3667 2370 Joannes

2011 2406 2315 2463 duodecim
2349 2404 2592 2476 apostoli
2624 2418 2944 2475 eorumque
2988 2403 3226 2474 posteri,
3260 2403 3361 2475 qui
3393 2419 3505 2458 non
3541 2402 3668 2460 sine

2012 2495 2213 2551 multis
2244 2493 2544 2549 laboribus
2597 2496 2654 2547 et
2702 2491 3017 2547 sudoribus
3062 2492 3415 2563 praefecturae
3448 2508 3667 2549 munus

2012 2585 2135 2641 suis
2191 2584 2437 2655 quisque
2483 2580 2847 2654 temporibus
2891 2580 3197 2636 obierunt:
3248 2579 3342 2636 bis
3398 2580 3664 2653 inquam,

2011 2674 2285 2729 omnibus
2317 2669 2745 2743 praetermissis,
2771 2668 3011 2725 Paulum
3038 2685 3219 2724 unum
3243 2669 3532 2725 sermonis
3562 2686 3666 2726 no-

2011 2763 2119 2820 stri
2150 2760 2450 2818 conscium
2498 2759 2883 2831 proferamus,
2918 2762 3091 2829 atque
3130 2756 3189 2812 in
3222 2773 3309 2825 eo,
3362 2762 3582 2830 quanta
3611 2762 3671 2814 et

2012 2852 2203 2926 qualis
2234 2867 2325 2906 res
2358 2850 2434 2905 sit
2465 2848 2793 2904 animarum
2827 2863 2985 2916 cura,
3013 2850 3069 2902 et
3099 2864 3172 2903 an
3210 2864 3415 2919 parum
3453 2847 3667 2918 negotii

2012 2957 2331 3015 parumque
2381 2938 2626 2994 solertia:
2676 2937 2952 3009 requirat,
3004 2936 3460 2992 consideremus.
3505 2936 3669 3000 Quod

2012 3048 2126 3103 quo
2151 3029 2378 3085 facilius
2401 3025 2645 3098 intelligi
2670 3025 3040 3097 perspicique
3061 3025 3265 3097 possit,
3287 3025 3424 3096 quid
3451 3024 3668 3082 Paulus

2010 3121 2137 3193 ipse
2166 3120 2236 3174 de
2266 3115 2445 3173 Paulo
2476 3117 2650 3181 dicat,
2685 3114 3016 3170 audiamus.

2085 3209 2223 3264 LIII.
2258 3207 2418 3261 Mitto
2466 3204 2712 3272 labores,
2745 3204 2992 3275 vigilias,
3037 3204 3299 3275 timores,
3340 3203 3669 3260 vexationes

2010 3298 2069 3353 in
2102 3298 2253 3352 fame
2284 3299 2339 3350 et
2388 3293 2504 3361 siti,
2558 3293 2770 3365 frigore
2817 3298 2874 3348 et
2919 3294 3183 3349 nuditate
3204 3294 3268 3363 θθ,
3302 3309 3400 3349 eos
3450 3294 3549 3366 qui
3580 3291 3671 3350 vel

2012 3391 2243 3443 externa
2262 3383 2716 3449 insidiabantur,
2741 3381 2826 3437 vel
2851 3381 3077 3437 interne
3100 3382 3481 3438 obsistebant.
3506 3381 3670 3438 Mitto

2012 3473 2466 3547 persecutiones,
2501 3469 2769 3537 concilia,
2816 3486 3100 3537 carceres,
3140 3470 3396 3536 vincula,
3427 3486 3671 3526 accusa-

2011 3569 2187 3630 tores,
2220 3558 2559 3626 tribunalia,
2587 3564 2802 3613 mortes
2831 3558 2891 3613 in
2925 3558 3048 3613 dies
3074 3562 3247 3629 atque
3277 3558 3667 3614 borasincur-

2014 3656 2236 3719 sentes,
2267 3653 2548 3722 sportam,
2581 3647 2986 3718 lapidationes,
3021 3647 3315 3717 virgarum
3351 3648 3526 3714 ictus,
3554 3646 3667 3702 cir-

2012 3742 2256 3808 cuitum,
2290 3736 2548 3811 pericula
2576 3736 2633 3791 in
2668 3741 2841 3805 terra,
2866 3735 3123 3807 pericula
3143 3735 3199 3790 in
3230 3735 3397 3804 mari,
3425 3735 3664 3807 profun-

2014 3833 2177 3897 dum,
2211 3826 2536 3899 naufragia,
2571 3824 2828 3897 pericula
2848 3825 3179 3891 ﬂuminum,
3204 3824 3459 3896 pericula
3490 3823 3665 3879 latro-

2015 3936 2178 3984 num,
2209 3914 2468 3989 pericula
2493 3932 2562 3971 ex
2603 3930 2832 3985 genere,
2887 3911 3146 3985 pericula
3177 3912 3234 3966 in
3280 3912 3442 3969 falsis
3474 3912 3671 3968 fratri-

2013 4010 2142 4075 bus,
2166 4007 2384 4061 victum
2409 4018 2694 4059 manuum
2713 4001 2913 4057 labore
2936 4000 3268 4073 quaesitum,
3291 4001 3673 4074 Evangelium

2016 4100 2286 4167 sumptus
2299 4094 2397 4149 39
2422 4108 2627 4165 expers
2642 4092 2686 4126 ’θ
2705 4109 2717 4159 ;
2739 4090 3237 4162 quemadmodum
3259 4090 3432 4146 etiam
3454 4095 3679 4163 specta.

2016 4187 2213 4243 culum
2244 4190 2398 4240 esset
2427 4189 2483 4238 et
2509 4180 2733 4253 angelis
2753 4186 2808 4235 et
2830 4178 3171 4236 hominibus
3194 4183 3236 4249 ί,
3271 4181 3502 4236 medius
3520 4181 3683 4242 inter

2016 4274 2288 4331 homines
2310 4289 2377 4329 ac
2410 4274 2588 4327 Deum
2619 4268 2973 4325 constitutus
2998 4287 3011 4337 ;
3034 4284 3138 4339 pro
3157 4268 3272 4325 illis
3291 4268 3556 4325 videlicet
3586 4269 3681 4324 di-

2017 4366 2265 4428 micans,
2290 4361 2425 4416 huic
2448 4364 2643 4416 autem
2668 4357 3028 4430 peculiarem
3052 4356 3336 4429 populum
3359 4358 3680 4414 concilians

2023 4460 2080 4511 et
2137 4453 2504 4524 adjungens:
2556 4451 2764 4521 printer
2812 4445 2951 4513 haec,
3001 4462 3126 4516 quae
3158 4446 3519 4503 extrinsecus
3569 4445 3683 4520 ipsi

328 4566 369 4600 οτ
397 4565 416 4620 I
446 4564 581 4619 Cor.
613 4576 693 4631 Ix,
721 4559 813 4614 22.
890 4558 933 4593 π
968 4557 1014 4613 11
1048 4556 1175 4613 Cor.
1208 4574 1288 4624 χι,
1311 4558 1403 4613 27.
1481 4559 1525 4594 σο
1555 4559 1699 4614 ibid.
1730 4560 1908 4615 23-26

2020 4564 2029 4613 ι
2056 4586 2071 4629 ;
2104 4561 2125 4615 Ι
2157 4563 2285 4614 Cor.
2320 4559 2341 4613 Ι
2372 4556 2502 4612 Cor.
2536 4571 2614 4619 IV,
2648 4554 2754 4622 12;
2787 4569 2866 4621 ιχ,
2900 4552 2991 4608 48.
3067 4553 3089 4607 Ι
3120 4552 3248 4608 Cor.
3282 4570 3362 4622 IV,
3390 4554 3446 4608 9.

334 4682 411 4751 (3)
442 4673 760 4751 Kevodoﬁla.
794 4674 954 4751 (ἔφη).
989 4689 1067 4727 tn.
1100 4674 1228 4751 κενῇ
1264 4668 1410 4742 δόξα.

335 4745 411 4825 (4)
444 4745 761 4826 Πέτρουξν.
795 4747 1136 4826 διουηονθω.
1176 4746 1378 4818 Regg.,
1411 4748 1538 4801 octo
1587 4745 1769 4818 Colb.,
1801 4747 1921 4804 Jes.

272 4816 359 4881 Or'.
393 4816 446 4893 '1,
482 4816 649 4893 Pa'ss.
686 4821 857 4893 Deest
885 4816 943 4893 ἄν
978 4819 1036 4872 in
1067 4818 1161 4893 ed.

338 4887 442 4969 (5)’
477 4888 937 4973 Εἷληφότωνωτὸ
1006 4888 1273 4973 χάρισμα.
1334 4887 1430 4973 ‘De
1503 4888 1685 4973 gratia
1740 4905 1926 4972 .cura-

338 4906 414 4969 (5)
478 4906 810 4974 Εἰληφοτων
874 4906 937 4971 το
1006 4906 1273 5016 χῗρισμα.
1350 4906 1430 4943 ue
1503 4906 1685 4971 grana
1740 4906 1926 4972 ,σαι-α-

272 4969 495 5093 tatam
527 4969 768 5039 eXpomt
816 4960 991 5017 Elias.
1087 4960 1267 5016 illem.
1318 4959 1389 5015 de
1432 4965 1619 5031 gratia
1673 4978 1926 5018 miracu-

296 5055 482 5094 orum.

341 5112 414 5181 (6)
450 5105 693 5181 Πάντας,
733 5106 809 5181 _I_n
828 5103 1033 5181 prima
1080 5104 1335 5181 ad__Cor.
1372 5118 1448 5166 IX,
1498 5104 1531 5169 ᾖ
1586 5103 1677 5172 25,
1718 5102 1933 5175 legitur

275 5173 501 5242 πάντως.
538 5179 701 5243 Quod
732 5173 984 5243 Vulgata
1010 5173 1198 5230 reddit
1230 5198 1256 5223 (ι
1288 5189 1511 5229 omnes.
1546 5196 1573 5224 »

342 5256 416 5325 (7)
445 5251 590 5325 Τοὺς
648 5248 730 5303 ἐπ’
763 5244 986 5306 ἐκείνοις
1045 5244 1285 5316 ὕστερον.
1329 5267 1358 5295 ι(
1416 5244 1535 5300 H03
1582 5244 1683 5314 qui
1734 5248 1934 5316 postea

276 5322 583 5381 subsecuti
615 5325 771 5378 sunt.
810 5343 831 5369 ι

346 5399 420 5469 (8)
456 5392 777 5469 Συνεστορα,
813 5389 1069 5469 Deestin
1108 5386 1388 5469 melioris“
1416 5385 1933 5469 nouecodicibus;

281 5466 335 5521 in
352 5457 597 5540 septem
628 5457 833 5540 ftegg.,
864 5461 1105 5540 totidem
1129 5460 1293 5540 Colb,
1311 5504 1323 5527 ,
1349 5458 1444 5512 Or.
1472 5458 1527 5540 l,
1555 5457 1764 5540 Jesi'et
1785 5460 1937 5540 certe

283 5541 403 5596 sine
430 5526 1073 5610 dispendio’vsententize
1104 5526 1317 5610 posset
1340 5528 1623 5610 exsulare.
1660 5526 1939 5610 Nonnulli

281 5615 473 5666 tamen
500 5605 773 5665 rétinent.
797 5605 995 5661 Comb.
1020 5605 1212 5672 vertit,
1232 5606 1491 5657 «testem
1514 5605 1572 5657 et
1588 5605 1937 5658 assertorem

286 5682 765 5758 perﬁciamus-ﬂ.
872 5747 954 5758 ..
1056 5747 1083 5758 -
1183 5745 1238 5758 ,..

351 5755 432 5831 (9)
464 5755 630 5806 Ὅσον
662 5749 771 5807 ἐστὶ
800 5747 888 5803 καὶ
932 5747 1148 5830 ψυχῶν.
1182 5745 1276 5804 Sic
1325 5747 1548 5821 septem
1598 5744 1803 5823 11633.,
1835 5746 1942 5805 tot-

1953 4679 2000 4744 D
2032 4677 2186 4732 idem
2217 4672 2524 4744 Colb._Jes.
2558 4686 2692 4744 vero
2724 4666 2847 4722 ὅσον
2875 4664 3079 4744 ξιτ-ου.
3108 4666 3420 4744 1,-δσον-τι.

2130 4748 2219 4816 10)
2248 4745 2354 4817 Ἐῶ
2386 4741 2749 4817 λέγεινηῖὶϐε.
2780 4739 3024 4817 e,_Colb.
3055 4737 3240 4817 m._é§b
3271 4741 3397 4817 γάρ,

2131 4810 2217 4891 Η)
2271 4816 2372 4876 Τὰς
2541 4810 2728 4891 texe;
2763 4810 2873 4891 καί.
2935 4810 3517 4891 Permultibodices,
3567 4810 3689 4891 ele-

2036 4880 2212 4963 ganti,
2253 4880 2771 4961 Γορθιίιίοιὶθῗτὰς
2830 4881 2880 4937 ἐν
2935 4880 3141 4958 ψύχει,
3196 4880 3293 4946 τὰς
3348 4882 3399 4938 ἐν
3454 4880 3629 4959 γυμνό
3661 4914 3687 4927 ..

2034 4981 2182 5031 τητι.

2110 5024 2720 5112 (1ἓὶᾩς-.Βθεο.ινδεσ
2862 5104 2870 5112 ,
2993 5098 3029 5112 ,.

2138 5096 2225 5175 13)
2282 5100 2438 5172 ’Υπὲρ
2480 5096 2584 5182 μιν
2641 5102 2772 5159 τῶν,
2810 5104 2931 5181 _etc.
2991 5098 3373 5156 Combelisius
3424 5115 3494 5155 ex
3548 5096 3691 5223 Reg.

2138 5176 2250 5223 dic.
2284 5172 2659 5223 singulariter
2710 5170 2887 5223 legit:
2938 5168 3095 5223 Ὑπὲρ
3149 5169 3243 5223 μὲν
3294 5173 3389 5223 τοῦ
3427 5169 3633 5223 ἀγωνιζ
3671 5197 3691 5208 -

2042 5168 2250 5232 Μὸἀὶὸ.
2284 5168 2659 5245 singulariter
2699 5170 2887 5245 legit:
2938 5168 3243 5245 Ὑπὶρνῃμὲν
3294 5173 3389 5224 τοῦ
3427 5168 3695 5245 ἀγωνιςό-

2047 5265 2244 5320 μενος,,
2276 5240 2411 5320 τοὺς
2438 5240 2493 5297 δέ
2540 5240 2852 5320 προσάγων,
2902 5245 2960 5298 et
3007 5240 3213 5320 vertit:
3248 5264 3276 5292 ι(
3326 5240 3563 5320 Pro__illo
3595 5241 3695 5298 d6-

2045 5311 2433 5397 certans._bos
2463 5311 2957 5397 vero.hpo'pulum‘
2986 5311 3338 5397 peculiarem
3371 5314 3699 5397 adiungens

2046 5407 2111 5445 ac
2159 5388 2498 5445 concilians.
2552 5410 2579 5436 »
2631 5384 2765 5451 Quae
2822 5384 3058 5451 quidem
3109 5384 3277 5441 lectio
3326 5384 3698 5442 meliorest.

2046 5462 2210 5542 gerte
2243 5461 2384 5542 Paeg.
2418 5458 2660 5542 Lnbabet
2686 5454 2811 5542 τους
2934 5458 3018 5511 An
3046 5472 3179 5512 vero
3206 5458 3361 5542 idem
3393 5458 3702 5542 sithquem

2048 5527 2433 5589 Combeﬁsius
2462 5530 2708 5602 Regium
2728 5528 3066 5602 Medicaeum
3091 5527 3363 5602 appellat,
3388 5529 3556 5585 nobis
3583 5541 3702 5602 non

2048 5603 2251 5678 liquet.
2290 5599 2799 5678 «Omnes—tamen,
2833 5622 2861 5652 »
2896 5599 3089 5672 inquit
3111 5599 3309 5657 noster
3338 5599 3701 5674 Louvardus,

2053 5700 2079 5728 (ι
2110 5672 2325 5734 vidisse
2346 5690 2662 5750 possumus
2693 5672 3003 5733 affirmare.
3042 5693 3070 5727 ››
