4184 6202
306 376 429 439 «165

1461 369 1752 431 ORATIO
1799 369 1872 429 ΙΙ.
1906 403 1982 414 -—
2015 369 2577 435 APOLOGETICA.

3616 378 3734 438 466

310 514 424 577 est,
457 505 685 578 quierit,
722 505 823 562 sed
869 503 1026 576 quod
1076 501 1351 570 ﬁliorum,
1385 518 1531 573 quos
1563 501 1622 557 in
1655 500 1882 558 Christo
1913 517 2016 572 per
2046 501 2422 574 Evangelium
2471 506 2675 576 genuit
2709 508 2769 562 ¹⁶.
2803 507 2906 564 Hic
2961 508 3114 564 enim
3166 509 3488 582 spiritualis
3539 514 3732 569 omnis

311 596 549 669 imperii
582 596 718 650 finis
749 598 856 664 est,
892 593 1130 664 ubique,
1163 591 1388 664 privata
1418 590 1666 646 utilitate
1698 589 1978 662 neglecta,
2015 592 2338 648 commodis
2369 593 2615 651 aliorum
2649 597 2970 653 consulere.

387 686 510 740 NE'.
547 685 915 758 Ἐγκαυχᾶται
943 685 1061 741 ταῖς
1094 677 1388 742 ἀσθενείαις
1439 677 1526 732 καὶ
1551 682 1669 739 ταῖς
1701 680 1812 751 (25)
1844 677 1963 732 0).!-

2151 679 2259 736 LV.
2294 681 2354 736 In
2403 683 2846 741 inﬁrmitatibus
2876 693 2934 743 et
2963 687 3377 745 afﬂictionibus
3421 687 3726 761 gloriatur.

316 778 490 849 ψεσινο
525 773 600 834 ὡς
635 771 792 844 ἄλλῳ
820 773 934 842 (26)
979 769 1085 824 τινὶ
1129 768 1339 840 κόσμῳ,
1385 771 1452 840 τῇ
1503 768 1680 836 Ἰησοῦ
1711 767 1965 840 νεκρώσει

314 861 813 940 ἐγκαλλωπίζεταιο
863 857 1074 932 ὑψηλός
1125 856 1234 912 ἐστι
1284 857 1352 910 τὰ
1399 856 1662 931 σαρκικὰ,
1715 856 1803 910 καὶ
1851 861 1967 918 τοῖς

313 956 702 1024 πνευματικοῖς
760 946 1057 1025 ἀγάλλεται
1093 969 1104 980 ο
1159 945 1257 1000 οὐκ
1312 943 1538 1015 ἰδιώτης
1594 946 1691 1013 τήν
1750 950 1966 1019 γνῶσιν,

313 1043 406 1098 καὶ
470 1040 690 1117 βλέπειν
752 1037 883 1117 φησὶ
942 1037 1012 1091 δι’
1069 1035 1333 1111 ἐσόπτρου
1390 1034 1478 1089 καὶ
1535 1034 1584 1088 ἐν
1646 1033 1916 1110 αἰνίγματι
1955 1079 1967 1090 .

313 1130 516 1206 8αρῥεῖ
560 1134 640 1201 τῷ
688 1127 957 1200 πνεύματι
987 1127 1122 1199 (27),
1172 1135 1262 1179 και
1316 1125 1600 1192 ὑποπιαζει
1633 1125 1744 1196 (28)
1771 1125 1832 1178 τὸ
1865 1128 1969 1177 σῶ-

317 1243 393 1294 μα
423 1221 696 1294 καθαιρῶν
747 1219 860 1291 (29)
910 1217 986 1278 ὡς
1033 1213 1351 1270 ἀντίπαλονο
1403 1212 1456 1268 τί
1506 1210 1771 1268 διδάσκων
1819 1215 1966 1286 ἡμᾶς

313 1311 366 1366 ἐν
400 1309 645 1381 τούτοις,
695 1306 789 1362 καὶ
841 1304 893 1360 τί
942 1302 1210 1359 παιδεύων
1247 1323 1260 1372 ;
1298 1304 1373 1376 μὴ
1406 1308 1620 1381 φρονεῖν
1655 1309 1768 1366 τοῖς
1799 1303 1966 1371 κάτω,

317 1401 395 1472 μή
449 1401 768 1476 φυσιοῦσθαι
818 1398 886 1468 τῇ
935 1395 1150 1470 γνώσει,
1206 1394 1280 1466 μὴ
1324 1393 1423 1462 τήν
1468 1393 1636 1468 σάρκα
1676 1392 1964 1468 ἐπεγείρειν

313 1494 394 1560 τῷ
440 1486 731 1560 πνεύματι.
786 1482 1005 1540 Πάντων
1054 1484 1393 1559 ὑπερμαχεῖ,
1451 1483 1665 1536 πάντων
1728 1481 1921 1558 ὑπερεύ
1950 1515 1970 1526 -

312 1599 498 1654 χεται,
559 1575 728 1647 ζηλοῖ
772 1575 997 1643 πάντας,
1057 1570 1344 1626 ἀνάπτεται
1396 1572 1528 1646 ὑπὲρ
1573 1572 1809 1644 πάντων,
1858 1576 1965 1627 τῶν

315 1666 424 1736 ἔξω
455 1665 646 1739 νόμου,
695 1668 802 1718 τῶν
858 1663 960 1717 ὑπὸ
1002 1659 1190 1734 νόμον·
1243 1660 1412 1736 κήρυξ
1460 1660 1643 1731 ἐθνῶν,
1694 1657 1965 1715 Ἰουδαίων

313 1754 648 1832 προστάτης.
703 1750 1011 1824 Ἐτόλμησὲ
1056 1771 1106 1804 τι
1155 1748 1244 1804 καὶ
1280 1753 1462 1823 μεῖζον
1507 1749 1637 1825 ὑπὲρ
1665 1753 1773 1804 τῶν
1807 1748 1967 1805 ἀδελ-

316 1849 432 1923 φῶν
494 1842 659 1898 αὐτοῦ
714 1844 822 1895 τῶν
881 1841 1017 1894 κατὰ
1074 1839 1263 1914 σάρκα,
1316 1835 1406 1892 Ἵνα
1461 1841 1732 1911 τολμήσω
1779 1860 1828 1893 τι
1878 1840 1967 1893 καὶ

312 1933 478 1994 αὐτὸς
529 1931 672 1986 οὕτω
721 1929 922 2006 λέγων·
974 1929 1392 2002 ἂντεῖσαχθῆναι
1425 1930 1537 2002 (30)
1584 1927 1808 1990 τούτους
1853 1929 1970 1982 ὲαυ-

2079 769 2141 823 In
2193 769 2637 829 mortificatione
2682 775 2843 842 Jesu,
2877 781 3157 849 tanquam
3209 777 3267 832 in
3318 776 3430 833 alio
3470 780 3726 850 quodam

2080 864 2420 917 ornamento
2461 863 2572 918 sibi
2615 863 2821 935 placet.
2855 867 2917 920 In
2951 867 3285 924 carnalibus
3315 867 3587 924 sublimis
3617 874 3724 939 est,

2081 953 2138 1003 et
2169 949 2240 1004 ob
2272 950 2600 1022 spiritualia
2629 954 2902 1010 exsultat.
2932 957 3247 1028 Imperitus
3279 974 3390 1013 non
3426 961 3514 1014 est
3542 959 3730 1015 scien-

2076 1039 2196 1094 tia:
2231 1044 2286 1094 et
2319 1043 2515 1097 tamen
2547 1059 2609 1098 se
2642 1060 2744 1114 per
2773 1045 3074 1116 speculum
3108 1047 3391 1103 duntaxat
3420 1053 3476 1103 et
3503 1047 3562 1103 in
3597 1049 3728 1104 aeni-

2077 1133 2270 1199 gmate
2291 1127 2487 1184 videre
2514 1130 2612 1184 ait.
2638 1129 2880 1202 Spiritui
2902 1131 3142 1187 confidit
3165 1149 3177 1185 :
3203 1136 3258 1187 et
3288 1138 3482 1189 tamen
3515 1149 3727 1206 corpus

2078 1216 2343 1288 castigat,
2372 1224 2653 1290 tanquam
2707 1220 3105 1276 adversarium
3153 1221 3413 1291 ejiciens.
3446 1221 3592 1287 Quid
3625 1241 3724 1279 au-

2079 1309 2196 1361 tem
2233 1307 2289 1361 in
2321 1306 2414 1362 his
2437 1308 2610 1363 rebus
2635 1325 2740 1364 nos
2775 1311 2940 1365 docet
2964 1314 3136 1382 atque
3157 1311 3468 1367 admonet?
3497 1329 3728 1384 nempe,

2081 1411 2150 1450 ne
2181 1395 2252 1450 ob
2284 1399 2514 1451 terrena
2540 1397 2870 1465 efferamur,
2895 1415 2967 1454 ne
2997 1399 3069 1454 ob
3097 1399 3401 1455 scientiam
3433 1399 3729 1468 inﬂemur,

2077 1501 2148 1539 ne
2181 1501 2414 1540 carnem
2466 1486 2744 1542 adversus
2776 1487 3046 1558 spiritum
3095 1489 3432 1544 excitemus.
3467 1489 3574 1545 Pro
3606 1505 3730 1546 om-

2078 1573 2254 1629 nibus
2282 1573 2540 1642 dimicat,
2569 1592 2670 1647 pro
2719 1577 2994 1632 omnibus
3040 1581 3327 1650 precatur,
3359 1576 3480 1634 zelo
3525 1594 3731 1636 omnes

2077 1663 2472 1735 prosequitur,
2501 1681 2604 1737 pro
2636 1666 2908 1721 omnibus
2941 1666 3362 1735 inﬂammatur,
3388 1671 3508 1722 tam
3542 1685 3576 1722 a
3604 1666 3730 1740 lege

2077 1751 2306 1822 alienis,
2341 1771 2514 1825 quam
2566 1755 2677 1826 legi
2709 1755 3009 1826 subjectis,
3042 1757 3303 1829 gentium
3335 1757 3726 1826 concionator,

2076 1841 2413 1898 Judzsorum
2470 1844 2934 1915 patronus.0uin
2968 1845 3142 1901 etiam
3196 1846 3388 1916 majus
3439 1844 3659 1918 aliquid
3685 1848 3728 1882 ¹’²

2079 1949 2180 2004 pro
2215 1933 2339 1988 suis
2377 1935 2702 1989 secundum
2753 1951 2987 1990 carnem
3013 1935 3052 1969 ¹⁸
3085 1935 3362 1990 fratribus
3393 1953 3573 1992 ausus
3620 1941 3728 2007 est,

307 2028 408 2078 τοῦ
440 2024 656 2096 Χριστῷ
686 2017 775 2074 διὰ
803 2020 900 2088 τὴν
949 2017 1157 2093 ἀγάπην
1208 2014 1445 2090 εὔχεται.
1476 2019 1542 2070 Ὢ
1587 2025 1687 2086 τῆς
1733 2015 1963 2093 μεγαλο-

2081 2027 2142 2076 ut
2174 2022 2299 2092 ipse
2331 2039 2562 2093 quoque
2592 2021 2812 2095 aliquid
2845 2025 3088 2079 audeam
3123 2025 3230 2080 hoc
3274 2025 3496 2089 dicens,
3529 2040 3627 2080 eos
3657 2024 3729 2080 ad
3818 2021 3824 2026 ’

307 2112 457 2174 νοίας
508 2113 617 2184 (31)
648 2112 660 2165 !
695 2107 739 2163 ὣ
795 2115 895 2176 τῆς
945 2111 1039 2161 τοῦ
1096 2105 1397 2179 πνεύματος
1443 2108 1670 2175 ζὲσεωςῑ
1703 2112 1960 2178 Μιμεῖσται

307 2199 562 2274 Χριστὸν,
594 2198 686 2252 τὸν
717 2195 1008 2272 γενόμενον
1061 2195 1193 2270 ὑπὲρ
1244 2196 1402 2266 ἡμῶν
1455 2196 1710 2270 κατάραν,
1742 2195 1830 2248 τὸν
1869 2195 1960 2256 τὰς

306 2288 582 2349 ἀσθενείας
634 2290 793 2359 ἡμῶν
847 2279 1186 2340 ἀκιαλαῦόντα
1215 2286 1347 2356 (32),
1378 2283 1466 2337 καὶ
1516 2284 1608 2346 τὰς
1639 2282 1829 2345 νόσους
1865 2284 1958 2358 βα-

309 2379 592 2433 στάσαντα·
653 2375 712 2446 ἢ,
770 2374 834 2429 τό
895 2395 958 2448 γε
1018 2373 1379 2448 μετριώτερον
1437 2372 1626 2440 εἰπεῖν,
1683 2374 1868 2427 παθεῖν
1909 2393 1961 2426 τι

307 2468 447 2542 ὑπερ
503 2465 704 2534 αὐτῶν,
762 2462 851 2518 καὶ
893 2463 966 2524 ὡς
1023 2456 1242 2532 ἀσεϐὴς,
1303 2458 1541 2536 δέχεται,
1595 2465 1811 2537 πρῶτος
1855 2460 1960 2515 ἀπὸ

309 2559 571 2632 Χριστοῦ,
609 2553 772 2628 μόνον
801 2553 846 2608 εἱ
878 2552 1025 2606 οὗτοι
1058 2552 1335 2620 σώζοιντο.

383 2823 494 2891 Νξ.
529 2820 628 2875 Καὶ
674 2819 726 2875 τί
756 2817 906 2895 λέγω
952 2820 1066 2873 καθ’
1108 2815 1332 2872 ἕκαστον
1367 2836 1380 2887 ;
1412 2821 1513 2887 ζῶν
1561 2820 1660 2895 γάρ
1695 2816 1802 2894 οὐχ
1845 2819 1960 2873 ἑαυ-

308 2917 411 2984 τῶ,
444 2913 663 2988 Χριστῷ
694 2907 752 2965 δὲ
778 2909 868 2963 καὶ
913 2913 992 2980 τῷ
1039 2906 1374 2981 κηρύγματι,
1405 2908 1494 2961 καὶ
1545 2907 1750 2982 κόσμον
1789 2907 1960 2980 ἑαυτῷ

314 3001 631 3076 σταυρώσας
663 3042 678 3068 ,
736 2996 825 3052 καὶ
881 2995 1208 3069 σταυρωθεὶς
1268 2998 1380 3068 (33)
1454 2996 1645 3070 κόσμῳ
1701 2997 1790 3051 καὶ
1845 3003 1960 3058 τοῖς

311 3089 639 3165 ὁρωμένοις,
689 3087 863 3142 πάντα
907 3088 1122 3161 ἡγεῖται
1175 3087 1341 3161 μικρᾶ
1383 3084 1472 3140 καὶ
1522 3093 1621 3155 τῆς
1673 3086 1959 3160 ἐπιθυμίας

313 3177 595 3234 ἐλάττονα·
638 3177 734 3231 κᾶν
765 3175 870 3230 ἀπὸ
899 3173 1260 3248 Ἰερουσαλὴμ
1307 3176 1394 3229 καὶ
1443 3175 1632 3248 κύκλῳ
1667 3176 1830 3251 μέχρι
1863 3180 1959 3230 τοῦ

312 3266 628 3343 Ἰλλυρικοῦ
654 3263 928 3340 πληρώση
959 3264 1021 3318 τὸ
1066 3261 1415 3340 Εὗαγγὲλιον,
1460 3263 1556 3319 κᾶν
1599 3263 1685 3318 ἐπὶ
1715 3266 1804 3319 τὸν
1848 3265 1960 3340 τρί-

311 3377 404 3411 τον
459 3355 684 3432 ούρανὸν
735 3352 908 3432 φθάσῃ
956 3350 1023 3407 δι’
1069 3352 1320 3428 ἁρπαγῆς
1378 3355 1511 3427 (34),
1560 3353 1655 3408 κᾶν
1703 3359 1802 3409 τοῦ
1849 3357 1957 3429 (35)

2075 2109 2369 2165 Christum
2429 2111 2552 2166 loco
2611 2129 2717 2168 suo
2777 2113 3087 2182 introduci,
3123 2131 3226 2184 pro
3285 2131 3392 2170 sua
3448 2114 3730 2170 charitate

2071 2202 2250 2270 optat.
2281 2199 2324 2254 Ο
2359 2201 2653 2272 ingentem
2689 2200 2869 2255 animi
2899 2201 3326 2272 prastantiaml
3362 2219 3394 2257 o
3428 2202 3725 2273 ingentem

2072 2287 2317 2359 spiritus
2351 2290 2657 2344 fervorem!
2698 2290 3018 2355 Christum,
3048 2291 3147 2361 qui
3183 2295 3382 2345 nostra
3403 2307 3580 2346 causa
3611 2307 3727 2347 ma.-

2072 2376 2351 2433 ledictum
2384 2378 2573 2432 factus
2605 2383 2692 2433 est
2715 2379 2776 2447 1°,
2803 2378 2902 2450 qui
2934 2379 3301 2434 inﬁrmitates
3333 2383 3562 2436 nostras
3594 2397 3724 2436 sus-

2072 2466 2246 2538 cepit,
2277 2470 2335 2521 et
2366 2466 2601 2522 morbos
2632 2467 2882 2538 portavit
2907 2469 2972 2535 9°,
3006 2467 3302 2534 imitatur;
3347 2472 3469 2538 aut,
3501 2473 3565 2524 ut
3595 2485 3723 2524 mo-

2071 2556 2332 2612 deratius
2390 2556 2604 2622 dicam,
2660 2559 2888 2628 primus
2946 2561 3077 2628 post
3131 2556 3460 2627 Christum,
3520 2572 3721 2613 eorum

2072 2661 2270 2713 causa,
2305 2644 2478 2700 etiam
2513 2649 2795 2717 tanquam
2827 2645 3064 2717 impius,
3099 2645 3320 2717 aliquid
3353 2645 3574 2718 perpeti
3605 2663 3721 2702 non

2071 2739 2323 2802 recusat,
2355 2733 2528 2790 modo
2560 2734 2672 2805 ipsi
2706 2733 2958 2790 salutem
2991 2741 3446 2806 consequantur.

2144 2822 2279 2876 LVI.
2315 2822 2461 2888 Quid
2496 2823 2730 2894 singula
2759 2827 3190 2879 commemoro?
3231 2823 3356 2894 ipse
3388 2824 3565 2891 enim,
3606 2841 3722 2878 non

2071 2911 2205 2983 sibi,
2231 2912 2328 2967 sed
2366 2911 2592 2968 Christo
2625 2917 2676 2967 et
2709 2911 3106 2984 praedicationi
3137 2913 3356 2980 vivens,
3384 2913 3721 2968 mumdum-

2071 3017 2183 3072 que
2214 3000 2327 3055 sibi
2358 3000 2468 3072 ipsi
2518 3000 2884 3072 cruciﬁgens,
2918 3017 2984 3056 ac
3023 3001 3244 3056 mundo
3267 3002 3335 3068 ²¹,
3359 3006 3417 3056 et
3446 3001 3620 3057 rebus
3653 2999 3724 3058 iis

2070 3105 2198 3160 qua:
2231 3088 2288 3142 in
2323 3092 2622 3160 aspectum
2671 3090 2908 3158 cadunt,
2943 3089 3276 3160 crucifixus,
3307 3107 3482 3162 parva
3529 3089 3726 3146 omnia

2070 3183 2127 3235 et
2170 3177 2489 3246 cupiditate
2543 3195 2647 3233 sua
2697 3178 2970 3234 inferiora
3017 3179 3311 3234 existimat
3331 3181 3375 3213 ²²
3408 3195 3420 3233 :
3456 3179 3724 3251 quamvis

2071 3270 2164 3323 41
2205 3267 2377 3322 etiam
2411 3267 2482 3322 ab
2513 3266 2898 3338 Hierusalem,
2931 3271 2987 3322 et
3034 3283 3134 3340 per
3183 3267 3514 3339 circuitum,
3540 3284 3725 3339 usque

2071 3360 2136 3412 ad
2183 3356 2503 3430 Illyricum,
2540 3355 2913 3429 Evangelium
2969 3356 3317 3428 impleverit,
3349 3357 3620 3429 quamvis
3651 3357 3723 3413 ad

313 3441 646 3522 παραδεέσου
728 3444 946 3520 γένηται
1025 3443 1214 3510 θεατὴς
1275 3486 1290 3513 ,
1348 3441 1440 3496 κᾶν
1518 3447 1625 3497 τῶν
1707 3443 1958 3521 ἆῤῥήτων

2081 3427 2308 3501 tertium
2343 3444 2552 3500 coelum
2599 3427 2721 3517 per“
2743 3451 2973 3516 raptum
3009 3427 3334 3518 pervenerit
3356 3427 3421 3517 5‘,
3453 3445 3724 3518 quamvis

312 3537 451 3609 ἡμῖν
486 3535 598 3606 (36)
651 3532 912 3609 ῥημάτων
961 3531 1253 3607 ἀκροατής.
1303 3536 1477 3586 Ταῦτα
1523 3531 1760 3605 Παῦλος,
1791 3534 1880 3587 καὶ
1917 3533 1961 3587 ei

315 3645 400 3686 τις
433 3623 550 3678 κατ’
597 3621 799 3676 ἐκεῖνον
847 3620 927 3692 τῷ
969 3619 1251 3693 πνεύματι.
1302 3621 1491 3694 Ἡμεῖς
1539 3618 1596 3676 δὲ
1645 3618 1959 3696 δεδοίκαμεν

2073 3534 2328 3607 paradisi
2368 3538 2660 3607 spectator
2691 3533 2881 3604 fuerit,
2907 3535 3173 3607 quamvis
3205 3552 3548 3591 arcanorum
3594 3551 3722 3589 ver-

2073 3624 2279 3680 borum
2315 3623 2548 3679 auditor
2569 3624 2633 3677 23.
2661 3625 2784 3678 Haec
2807 3623 3042 3692 Paulus,
3063 3624 3186 3680 etsi
3214 3624 3346 3696 quis
3368 3625 3571 3680 eodem
3603 3622 3718 3694 spi-

389 3742 434 3778 ¹⁶
466 3743 487 3796 1
519 3744 643 3795 Cor.
697 3755 773 3805 ιν,
814 3739 911 3812 715.
935 3810 969 3812 Η
993 3739 1035 3812 ί]
1066 3738 1114 3793 Il
1144 3737 1271 3794 Cor.
1330 3756 1407 3812 xi,
1464 3740 1552 3812 21.
1578 3810 1592 3812 Α
1632 3741 1674 3812 “i
1700 3740 1864 3795 Rom.
1899 3757 1963 3794 1x.

2140 3741 2183 3776 ιθ
2214 3740 2339 3796 Gal.
2373 3757 2457 3811 ιιι,
2509 3741 2597 3795 l3.
2676 3743 2721 3776 9°
2749 3745 2862 3798 Isa.
2924 3758 3040 3812 L111,
3101 3743 3152 3794 4.
3232 3741 3432 3796 21Gal.
3491 3758 3566 3808 vx,
3626 3743 3697 3798 44

315 3814 362 3849 ²²
394 3812 645 3885 Philipp.
680 3827 766 3878 ιιι,
798 3811 850 3866 8.
931 3810 977 3844 2³
1007 3810 1172 3879 Rom.
1207 3827 1300 3871 xv.
1335 3811 1422 3867 19.
1499 3809 1545 3844 ³⁸
1575 3810 1622 3866 ΙΙ
1654 3811 1780 3866 Cor.
1815 3829 1913 3879 χιι,
1943 3812 2033 3866 23.

385 3939 494 4006 (25)
527 3933 624 3988 Καὶ
646 3938 770 4008 ,ταῖς
806 3934 977 3989 Deest
1005 3931 1095 4008 xui
1123 3933 1191 4008 in
1214 3951 1421 4008 novem
1457 3935 1658 4008 Regg.,
1691 3941 1800 3990 etc.

524 4008 610 4066 Ὠς
641 4001 822 4080 ἄλλῳ.
861 4008 1033 4060 Gabr.
1081 4006 1244 4080 iegit,
1303 4004 1378 4066 ὡς
1436 4001 1608 4076 καλῷξ
1644 4001 1718 4080 ἐἰς
1769 4007 1960 4080 vertit,

309 4107 334 4131 α
362 4076 649 4151 tanquam
663 4076 915 4151 _pulc_hro
945 4076 1200 4151 quodam
1223 4082 1586 4133 ornamento.
1610 4103 1632 4127 ο
1664 4078 1756 4133 Sic
1788 4079 1962 4151 etiam

309 4148 544 4208 videtur
564 4148 776 4222 legisse
794 4149 964 4203 Ruf.«
977 4148 1136 4222 velut
1153 4151 1405 4220 pretioso
1427 4151 1676 4222 quodam
1701 4150 1956 4205 monili.»

382 4225 499 4293 (27)
531 4219 728 4295 Oaéﬁs’t
772 4223 850 4290 τῷ
894 4219 1180 4295 πνεύματι.
1229 4219 1495 4276 Οοῐηῦία
1535 4223 1663 4275 fidit
1710 4222 1960 4293 spiritui,

311 4275 558 4384 seeuflps
589 4275 796 4384 spiritu
824 4275 937 4384 est,
964 4275 1078 4384 nniid
1111 4297 1219 4384 est,
1244 4316 1271 4341 ‹‹
1307 4294 1518 4384 ηιθηὶῐίε
1551 4275 1802 4384 sensui):

385 4367 503 4437 (28)
535 4362 637 4437 Καῖ
665 4362 972 4437 ὑποπιάζει.
991 4363 1084 4418 Sic
1111 4364 1248 4434 Reg.
1277 4381 1329 4437 a,
1355 4383 1403 4432 r,
1427 4364 1548 4429 bm,
1572 4370 1622 4437 t,
1639 4369 1756 4419 tres
1779 4364 1960 4434 Colb.,

308 4445 420 4495 etc.

311 4506 639 4576 ὑπωπιάζει.
669 4506 780 4578 Alii
833 4507 947 4562 duo
997 4507 1179 4578 Regii,
1213 4508 1441 4578 duoque
1489 4507 1671 4576 Colb.,
1703 4507 1871 4562 Coisl.
1908 4509 1958 4574 1,

308 4581 553 4646 habent,
588 4576 891 4644 ὑποπιέζει.

387 4653 501 4722 (29)
534 4647 1071 4722 Kaﬁatpt'ovrBiliiUS
1100 4648 1312 4722 melius
1344 4650 1551 4720 primis
1582 4649 1738 4705 curis
1768 4649 1959 4716 vertit,

307 4748 336 4772 ‹‹
371 4719 534 4778 velut
560 4719 956 4777 adversarium
989 4719 1272 4791 proﬂigat.
1302 4719 1359 4772 ί
1483 4790 1486 4791 ν
1621 4746 1624 4748 ν

523 4436 634 4508 egii
689 4440 886 4508 tamen
934 4435 1035 4500 hu,
1079 4452 1228 4508 n,ru,
1263 4435 1358 4490 Or.
1409 4437 1461 4503 1,
1506 4436 1741 4508 (optimae
1786 4440 1959 4508 notae,

2072 3934 2326 3990 Ecclesia
2357 3935 2573 3989 Christi
2606 3936 3149 4007 contemptissimus
3176 3936 3399 4000 haberi,
3424 3936 3591 3992 modo
3620 3937 3722 3991 Ju-

2075 4009 2228 4062 daaos
2249 4009 2318 4078 ad
2339 4007 2835 4078 veramjustitiam
2856 4008 3211 4078 perduceret.
3229 4007 3553 4077 Demum,si
3577 4009 3716 4078 quid

2074 4077 2438 4150 difficultatis
2465 4077 2557 4131 hic
2579 4081 2761 4150 (esset,
2796 4077 2984 4134 verbis
3027 4097 3154 4150 qua:
3203 4085 3532 4150 sequuntur
3556 4077 3717 4150 peni-

2072 4153 2168 4204 tus
2212 4148 2437 4202 tollitur
2471 4167 2483 4203 :
2513 4171 2540 4221 ι(
2575 4148 2839 4221 imitatur
2891 4148 3183 4205 Christum
3235 4148 3336 4221 qui
3395 4148 3580 4205 factus
3631 4156 3718 4206 est

2073 4237 2177 4293 pro
2209 4222 2378 4294 nobis
2398 4219 2802 4294 maledictum.
2830 4242 2858 4268 »
2891 4221 3122 4294 Optavit
3150 4219 3367 4294 Paulus
3398 4237 3500 4292 pro
3532 4223 3716 4276 fratri-

2072 4291 2182 4348 bus
2214 4291 2362 4356 suis,
2394 4291 2446 4344 id
2483 4295 2720 4364 esse,et
2769 4294 2908 4362 pati,
2936 4291 3090 4364 quod
3124 4293 3234 4347 fuit
3282 4298 3339 4364 et
3390 4291 3600 4364 passus
3629 4299 3717 4349 est

2071 4364 2338 4418 Christus
2371 4379 2473 4432 pro
2523 4363 2708 4418 nobis.
2733 4363 2980 4434 Optavit.
3014 4365 3250 4420 Frustra
3281 4363 3340 4419 in
3379 4363 3592 4420 erroris
3621 4366 3713 4420 sui

2072 4434 2457 4507 patrocinium
2481 4434 2623 4507 haec
2651 4437 2906 4506 Gregorii
2935 4436 3108 4492 verba
3155 4435 3384 4490 trahere
3429 4441 3716 4491 conantur

2071 4505 2204 4562 novi
2251 4505 2660 4581 Hesychiastae,
2695 4505 2858 4581 quos
2885 4509 3115 4581 egregie
3146 4507 3356 4581 refellit
3384 4507 3713 4581 illustrissi-

2071 4577 2704 4650 musietrdoctissimus
2755 4577 3062 4634 Meldensis
3106 4580 3416 4650 episcopus
3456 4579 3513 4632 in
3565 4579 3714 4634 libro

2071 4650 2168 4722 qui
2201 4649 2416 4703 Gallice
2462 4653 2555 4722 est
2572 4649 2900 4722 inscriptus
2933 4668 2946 4704 :
2975 4674 3001 4699 «
3027 4649 3220 4706 Divers
3250 4649 3424 4705 écrits
3472 4667 3546 4705 ou
3591 4652 3714 4706 mé-

2071 4719 2285 4776 moires
2329 4737 2432 4775 sur
2462 4719 2518 4792 le
2542 4719 2706 4787 livre,
2739 4719 2835 4791 qui
2883 4739 2914 4775 a
2963 4739 3112 4790 pour
3151 4723 3286 4777 titre
3319 4739 3332 4777 :
3368 4723 3713 4792 Explication

386 4795 506 4886 (30)
535 4793 998 4886 ᾉνῖεισαχρῆναιὶ.
1037 4791 1280 4886 Ηυιίίιιυε
1312 4791 1406 4846 bic
1437 4790 1604 4886 pLura
1629 4793 1707 4886 de
1731 4809 1835 4846 suo
1855 4793 1962 4886 tad-

2081 4793 2159 4848 tes
2193 4795 2457 4848 Maximes
2487 4791 2576 4846 des
2605 4790 2810 4850 Saintk.
2840 4816 2865 4841 ››
2899 4799 3008 4848 etc.

2142 4865 2251 4886 [ηιι
2287 4859 2456 4886 u:--__.\
2479 4882 2512 4886 --
2542 4862 2653 4886 _!---
2712 4864 2931 4886 II_L-_-L
2964 4882 2991 4886 __

308 4861 402 4921 dit
431 4884 444 4921 :
470 4861 500 4915 εξ
539 4865 727 4920 Audet
775 4861 996 4935 aliquid
1053 4861 1206 4918 ultra
1254 4861 1449 4935 quam'
1485 4863 1573 4919 fas
1622 4869 1776 4919 est...
1811 4867 1962 4918 ultra

309 4936 663 4992 mandatum
693 4935 790 4991 Dei
815 4934 1046 5000 nititur;
1075 4951 1210 4988 nam
1248 4934 1539 5005 proximos
1562 4952 1701 4990 suos
1732 4952 1844 4990 non
1880 4936 1958 4990 si-

309 5013 416 5065 cut
440 5025 525 5071 se.
557 5009 655 5063 sed
686 5007 817 5078 plus
847 5021 1024 5078 quam
1056 5022 1118 5060 se
1148 5005 1358 5076 diligit.
1393 5006 1674 5076 Denique,
1699 5023 1759 5060 se
1782 5008 1956 5061 etiam

307 5082 561 5150 abjecto,
595 5077 726 5134 illos
756 5077 960 5150 prose
1003 5077 1291 5150 introduci
1333 5084 1460 5132 orat
1488 5079 1561 5132 ad
1592 5077 1958 5134 Christum...

308 5158 367 5209 et
386 5149 399 5150 '7
415 5150 579 5221 eligit
615 5149 777 5206 extra
815 5149 1082 5221 pietatem
1137 5149 1268 5221 fieri
1311 5165 1414 5219 pro
1461 5151 1690 5221 pietate.
1726 5172 1752 5198 n
1785 5150 1956 5204 Gabr.

307 5248 336 5274 ι(
374 5219 620 5295 Optat...
635 5219 918 5295 suumin
937 5219 1126 5295 locum
1147 5219 1432 5295 suffectos
1454 5219 1694 5295 Christo
1723 5221 1960 5295 exhibe—

307 5297 355 5350 ri
392 5290 458 5347 ε’»
493 5294 649 5348 Nihil
699 5291 855 5348 aliud
907 5291 997 5346 bis
1045 5290 1234 5363 verbis
1283 5291 1579 5363 signiﬁcat
1626 5292 1957 5363 Gregorius,

308 5367 426 5422 nisi
463 5366 702 5421 Paulum
737 5370 1102 5435 optassepro
1123 5362 1354 5419 Christo
1381 5364 1650 5429 interﬁci,
1673 5362 1767 5419 vei
1791 5365 1960 5418 devo-

305 5436 451 5501 veri,
486 5441 548 5489 ut
594 5433 828 5489 Judeeos
860 5433 1222 5489 lucrifaceret
1251 5440 1308 5489 et
1338 5437 1408 5489 ad
1441 5435 1733 5489 Christum
1782 5436 1958 5488 intro-

307 5509 572 5563 duceret.
601 5506 991 5577 Anathemara
1019 5505 1248 5560 Christo
1270 5523 1419 5566 esse.
1443 5507 1499 5560 id
1535 5511 1641 5573 est,
1667 5523 1767 5577 pro
1799 5506 1962 5560 Chri-

308 5587 432 5644 sto;
458 5594 574 5659 quo
598 5576 1122 5659 sensuparticulaf
1149 5579 1222 5659 ab
1241 5599 1268 5629 υ
1293 5595 1325 5632 a
1345 5579 1616 5633 Cicerone
1633 5576 1762 5659 ipso
1785 5578 1966 5659 sumi-

305 5656 438 5716 tur;
463 5647 493 5700 «ἒ
522 5650 596 5706 ab
627 5666 724 5706 reo
755 5647 1016 5722 dicere,»
1046 5647 1103 5702 id
1129 5655 1250 5722 est,
1277 5672 1303 5697 ‹‹
1345 5666 1444 5721 pro
1478 5666 1592 5716 reo,
1630 5647 1685 5706 in
1721 5651 1800 5705 rei
1831 5667 1961 5722 gra-

305 5723 457 5780 tiam
509 5721 723 5779 dicere.
751 5723 795 5773 ι’
822 5719 1017 5777 Potuit
1063 5721 1240 5778 etiam
1290 5719 1491 5792 optare
1538 5719 1870 5794 Apostolus,
1902 5721 1960 5778 in

2285 4859 2933 4938 ΜεγαλορνοίαςεΗᾶῢθῐή
2964 4864 3153 4933 pauci,
3177 4861 3622 4938 μεγαλοψυχίας.

2285 4928 2648 5007 ίΑνρλαϐόντα
2680 4937 2850 5007 Begg.
2876 4928 3102 5005 novem,
3135 4928 3332 5006 plures
3363 4928 3542 5005 Colbi,
3568 4935 3712 5006 Jes.,

2070 4999 2162 5061 Or'.
2203 4999 2250 5068 l,
2289 4999 2541 5060 λαϐόντα.

2140 5077 2251 5148 (33)
2302 5076 2658 5151 Σταυρωθείς.
2721 5079 2854 5151 Reg.
2909 5077 2950 5143 Ι,
3006 5077 3163 5133 Colb.
3219 5094 3297 5144 m,
3350 5076 3573 5146 Comb.,
3623 5097 3714 5131 συ-

2070 5147 2414 5220 σταυρωοείς·
2448 5147 2477 5197 ὶ‹
2515 5166 2627 5204 una
2652 5147 3027 5220 crucifixus.»

2142 5215 2253 5295 (3Σ1)
2285 5220 2360 5272 Δι’
2396 5221 2667 5295 ἁρπαγῆςἶ
2697 5219 2853 5276 Colb.
2895 5222 2948 5288 5,
2983 5237 3098 5276 uno
3139 5221 3331 5290 verbo,
3379 5215 3714 5295 διαρπαγείς,

2142 5239 2253 5291 (διι)
2285 5239 2343 5272 Δι
2396 5239 2663 5345 αρπαγης.
2697 5239 2853 5276 υοιο.
2895 5239 2916 5274 r.

2071 5298 2128 5348 et
2157 5291 2215 5345 in
2249 5293 2511 5365 margine
2581 5293 2613 5343 ι’
2646 5292 2916 5365 ἁρπαγῆς.

2157 5311 2215 5345 1n
2249 5311 2511 5363 margine
2551 5311 2595 5345 ιι
2646 5311 2788 5365 αρπα
2829 5312 2916 5359 ης.

2142 5365 2253 5433 (35)
2280 5361 2390 5416 Κᾶν
2421 5369 2538 5420 τοῦ.
2573 5365 2757 5419 Habet
2791 5311 2944 5434 iisg.
2979 5363 3082 5429 bu,
3114 5360 3224 5426 καί,
3259 5367 3316 5417 et
3363 5361 3534 5433 paulo
3587 5366 3721 5433 post

2071 5433 2251 5522 idem;
2303 5435 2479 5508 Regg.
2532 5455 2582 5503 a,
2635 5440 2679 5502 t,
2729 5454 2783 5500 χ,
2831 5435 2986 5491 Colb.
3038 5437 3087 5505 1,
3119 5436 3174 5504 7,
3217 5452 3292 5489 m.
3329 5434 3421 5489 Or.
3458 5436 3509 5505 1,
3543 5435 3718 5490 Gabr.

2069 5525 2157 5557 και
2188 5525 2294 5557 των
2308 5547 2318 5558 .

2143 5578 2251 5647 (36)
2287 5575 2563 5650 Ἀῥρήτων
2626 5579 2784 5648 ἡμῖν.
2839 5579 3016 5649 Regg.
3067 5595 3100 5632 a
3153 5582 3210 5650 et
3245 5594 3314 5650 _u,
3364 5573 3714 5650 άπορῥήτων,

2073 5647 2476 5722 ᾳευρειηοιιιῐιι
2511 5647 2838 5719 verberum,
2875 5647 3000 5722 quae
3032 5649 3202 5705 nobis
3245 5647 3404 5720 loqui
3437 5647 3550 5704 non
3585 5647 3716 5700 licet

2073 5719 2140 5792 (ιι
2171 5719 2291 5776 Cor.
2323 5738 2425 5792 λιι,
2458 5723 2531 5792 4).
2554 5743 2583 5773 ››
