4184 6202
289 358 416 424 I69

1417 362 1713 426 ORATIO
1759 361 1835 424 II.
1872 391 1950 407 --
1976 361 2542 426 APOLOGETICA.

3588 372 3710 432 470

289 491 464 556 ἄλσος
505 488 718 569 δρυμοῦ
749 490 1185 569 λογισθιιςσεσθοιι⁸
1219 499 1426 568 θρηνῶν
1475 515 1533 549 τε
1579 495 1675 564 τὴν
1709 493 1935 568 ἐρημίαν

2056 496 2266 552 domus
2295 496 2352 551 in
2386 513 2594 553 nemus
2625 497 2780 554 silva:
2833 503 3134 571 reputetur
3177 501 3240 556 3°.
3292 501 3479 558 Simul
3526 504 3702 562 etiam

285 586 402 638 τῶν
429 580 839 658 κατορθοόντων
866 584 999 656 (52),
1047 583 1123 645 ὡς
1177 582 1336 655 μόλις
1385 605 1490 638 που
1520 581 1772 656 καλάμην
1809 584 1944 639 ὑπο-

2057 600 2256 641 eorum
2285 586 2383 658 qui
2417 587 2607 642 ofﬁcio
2639 592 2794 643 rocte
2837 589 3182 660 funguntur,
3215 590 3567 662 paucitatem
3602 595 3701 650 de-

289 670 569 728 λείπεσθαι
601 673 636 741 ἢ
679 670 1008 750 έπιφυλλίδα
1055 675 1188 746 (53)·
1222 672 1386 728 ὁπότε
1430 672 1519 727 καὶ
1567 674 1657 727 τὸν
1709 675 1935 750 ἄρχοντα

2056 673 2312 746 plorans,
2336 692 2461 747 quze
2494 681 2656 732 tanta
2687 679 2765 732 sit
2787 683 2849 732 ut
2875 678 2966 733 vix
3001 678 3215 735 alicubi
3247 681 3460 752 stipula
3492 687 3700 740 antra-

287 760 483 831 αἷτεῖν,
516 760 605 816 καὶ
635 761 728 816 τὸν
759 762 950 834 κριτὴν
1001 758 1198 837 λόγους
1244 761 1381 837 πρὸς
1411 761 1574 838 χάριν
1607 759 1821 829 λαλεῖν,
1852 761 1941 816 καὶ

289 848 490 925 σχεδὸν
521 849 588 905 τὰ
616 849 751 906 αὐτὰ
796 855 875 922 τῷ
927 849 1149 926 μεγάλῳ
1199 846 1362 905 Δαϐὶδ
1395 850 1785 927 φθεγγόμενος·
1822 856 1941 905 Σῶ-

289 940 384 994 σόν
423 960 511 1012 με,
542 939 728 1016 Κύριε,
762 937 1004 1014 λέγοντι,
1052 939 1134 994 ὅτι
1186 938 1501 995 ἐκλέλοιπεν
1550 940 1716 1001 ὅσιος·
1772 939 1822 1010 ἐξ
1872 940 1938 994 οὗ

285 1029 380 1084 καὶ
409 1030 478 1084 τὰ
509 1029 681 1105 ἀγαθὰ
722 1027 1020 1102 ἐπιλείψειν
1069 1028 1285 1099 αὐτοὺς,
1335 1030 1409 1091 ὡς
1457 1031 1571 1104 (54)
1620 1030 1724 1084 ὑπὸ
1773 1030 1936 1100 σητὸς

288 1118 674 1192 δαπανώμενα.

357 1296 475 1352 ΝΘ’.
510 1293 674 1365 Ἱωήλ
732 1293 790 1351 δὲ
838 1298 973 1370 ἡμῖν
1020 1296 1110 1351 καὶ
1160 1302 1352 1372 θρῆνον
1400 1299 1512 1370 (55)
1544 1293 1930 1369 διακελεύεται,

276 1387 368 1441 καὶ
442 1385 732 1440 κόπτεσθαι
817 1384 1072 1462 βούλεται
1142 1385 1270 1448 τοὺς
1351 1385 1800 1462 λειτουργοῦντας
1854 1391 1933 1458 τῷ

273 1473 666 1550 θυσιαστηρίῳ,
703 1471 874 1546 λιμοῦ
904 1473 1206 1542 πιέζοντος·
1257 1479 1514 1529 τοσοῦτον
1567 1475 1759 1551 ἀπέχει
1801 1496 1926 1551 τρυ-

279 1568 385 1642 φᾷν
421 1563 724 1637 ἐπιτρέπειν
776 1563 826 1618 έν
860 1569 975 1625 τοῖς
1022 1567 1131 1618 τῶν
1180 1561 1365 1618 ἄλλων
1415 1570 1626 1627 κακοῖς·
1676 1565 1928 1640 καὶπρὸς

275 1658 363 1724 τῷ
395 1652 627 1729 ἁγιάζειν
817 1652 1088 1722 νηστείαν,
1139 1653 1228 1707 καὶ
1279 1653 1566 1729 κηρύσσειν
1623 1654 1928 1730 θεραπείαν,

279 1749 596 1819 συναγαγεῖν
657 1737 1077 1818 πρεσϐυτέρους,
1134 1744 1342 1815 νήπια,
1402 1742 1621 1813 ἡλικίας
1673 1743 1928 1810 ἐλεεινάς,

279 1827 361 1888 ἔτι
393 1831 483 1886 καὶ
515 1830 708 1894 αὐτοὺς
754 1833 817 1886 τὸ
864 1831 1006 1907 ἱερὸν
1057 1827 1461 1894 καταλαϐόντας
1511 1831 1562 1886 έν
1615 1830 1800 1905 σποδῷ
1837 1833 1925 1887 καὶ
1961 1869 2008 1934 Β

333 1920 344 1934 .
561 1923 662 1934 .--.
809 1919 824 1934 ς
875 1917 932 1934 ς.
1243 1925 1269 1934 -
1470 1923 1483 1934 .
1574 1929 1600 1934 μ
1885 1923 1894 1934 ,

282 1920 504 1982 σάκκοις
553 1923 688 1995 (57),
737 1919 826 1975 καὶ
875 1917 994 1975 λίαν
1047 1925 1310 1982 ταπεινῶς
1357 1923 1492 1976 κατά
1530 1929 1636 1998 γῆς
1668 1922 1929 1999 ἐρριμμέ-

281 2031 432 2078 νους,
483 2007 624 2065 διότι
672 2008 1143 2087 τεταλαιπωρήκει
1190 2008 1349 2064 πεδία
1403 2015 1470 2085 τῇ
1530 2011 1784 2086 ἀκαρπίᾳ,
1841 2013 1931 2066 καὶ

281 2099 482 2174 ἐξῆρτο
505 2099 556 2169 ἐξ
605 2097 756 2154 οἴκου
812 2100 1007 2176 Κυρίου
1056 2097 1261 2169 σπονδή
1310 2100 1399 2155 καὶ
1453 2101 1625 2172 θυσία,
1655 2098 1834 2156 ἕλκειν
1862 2105 1930 2175 τῇ

280 2189 608 2244 ταπεινώσει
635 2189 726 2244 τὸν
759 2187 931 2246 ἔλεον.

352 2367 441 2424 Ξ’.
470 2365 530 2420 Τί
558 2365 643 2420 δαὶ
677 2366 706 2420 ὁ
755 2361 1084 2439 ’Δμϐακούμ
1131 2368 1244 2440 (58)
1281 2394 1294 2432 ;
1325 2367 1492 2430 Οὗτος
1547 2368 1640 2440 μὲν
1686 2369 1773 2422 καὶ
1807 2371 1931 2444 Οερ-

285 2455 537 2530 μοτέρων
570 2455 793 2510 ἅπτεται
825 2453 1030 2530 λόγων,
1064 2456 1151 2511 καὶ
1203 2457 1338 2532 πρὸς
1373 2456 1530 2511 αὐτὸν
1574 2454 1935 2513 ἀποδυσπετεῖ

278 2546 374 2600 τὸν
405 2546 559 2612 Θεὸν,
592 2544 680 2599 καὶ
715 2546 829 2598 οἷον
879 2539 1118 2616 καταϐοᾷ
1163 2551 1259 2600 τοῦ
1309 2551 1555 2622 χρηστοῦ
1597 2550 1709 2620 (59)
1741 2545 1931 2602 δεσπό-

277 2655 382 2690 του
415 2631 505 2688 διά
533 2636 632 2703 τήν
681 2638 789 2688 τῶν
835 2638 1034 2710 κριτῶν
1084 2632 1315 2689 ἀδικίαν·
1346 2637 1492 2696 Ἕως
1541 2636 1707 2705 τίνος,
1749 2637 1930 2712 Κύριε,

278 2723 664 2797 κεκράξομαι,
722 2720 919 2798 λέγων,
979 2723 1068 2778 καὶ
1128 2722 1189 2777 οὗ
1250 2724 1326 2796 μὴ
1387 2723 1715 2787 εἶ’σακοῦσεις
1771 2728 1930 2798 (60);

285 2814 568 2888 βοήσομαι
644 2813 782 2889 πρὸς
840 2812 896 2866 σὲ
966 2810 1322 2884 ἀδικούμενος
1357 2858 1369 2880 ,
1427 2813 1516 2868 καὶ
1575 2815 1636 2869 οὐ
1692 2816 1928 2884 σώσεις;

277 2905 397 2959 Ἵνα
457 2901 510 2957 τί
573 2923 664 2975 μοι
745 2898 944 2971 ἔδειξας
1018 2901 1222 2964 κόπους
1290 2903 1378 2956 καὶ
1435 2903 1655 2970 πόνους,
1714 2900 1930 2960 ἐπιϐλέ-

276 3013 397 3046 πειν
479 2989 568 3046 ἐπὶ
648 2993 761 3064 (61)
832 2989 1208 3064 ταλαιπωρίαν
1280 2993 1369 3046 καὶ
1445 2988 1686 3048 ἀσέϐειαν
1741 3012 1754 3063 ;
1817 2994 1932 3065 Ἐξ-

2053 764 2319 819 cemulus
2376 767 2632 837 supersit
2685 783 2696 822 :
2753 767 2968 840 quippe
3026 784 3157 824 cum
3213 769 3483 842 princeps
3524 773 3695 830 etiam

2051 852 2306 925 postulet
2353 857 2410 909 et
2456 855 2633 925 iudex
2681 856 2751 910 ad
2797 856 3044 926 gratiam
3092 857 3366 930 loquatur
3409 859 3474 927 ‘0,
3524 866 3700 933 atque

2049 942 2258 998 iisdem
2315 945 2736 1015 propemodum
2786 945 2980 1001 verbis
3045 962 3178 1001 cum
3224 963 3437 1020 magno
3486 949 3700 1007 Davide

2049 1037 2270 1088 utens:
2323 1033 2550 1088 Salvum
2603 1049 2690 1089 me
2736 1035 2847 1104 lac,
2897 1035 3147 1100 Domine,
3194 1039 3452 1106 quoniam
3502 1039 3703 1110 defecit

2044 1129 2261 1177 sanctus
2290 1123 2372 1190 ⁴¹;
2427 1123 2682 1194 hincque
2729 1123 2847 1178 fore
2895 1123 3273 1192 denuntians,
3321 1131 3385 1181 ut
3416 1127 3568 1184 bona
3597 1145 3698 1185 eos

2044 1209 2337 1277 deserant,
2369 1216 2647 1282 tanquam
2681 1227 2711 1265 a
2743 1211 2901 1266 tinea
2932 1217 3302 1285 consumpta.

2118 1300 2253 1356 LIX.
2287 1299 2408 1356 Joel
2440 1316 2610 1372 porro
2642 1299 2864 1354 luctum
2898 1301 3074 1355 etiam
3100 1301 3268 1358 nobis
3289 1301 3699 1376 indicit,atque

2043 1387 2242 1445 altaris
2276 1389 2904 1460 ministros,premente
2925 1389 3173 1455 fame,in
3208 1391 3445 1463 planctu
3476 1394 3695 1449 versari

2037 1478 2204 1549 jubet
2227 1479 2271 1512 ‘2
2299 1496 2312 1544 ;
2343 1481 2573 1533 tantum
2602 1479 2766 1533 abest
2806 1482 2870 1532 ut
2897 1479 2953 1533 in
2988 1479 3234 1534 aliorum
3259 1480 3697 1539 calamitatibus

2041 1584 2142 1624 eos
2185 1566 2410 1623 deliciis
2449 1567 2754 1639 indulgere
2795 1569 3131 1640 permittat;
3167 1587 3231 1624 ac
3281 1575 3488 1641 praeter
3518 1587 3693 1643 quam

2042 1657 2194 1729 quod
2221 1657 2515 1728 jejunium
2568 1656 2916 1727 sanctiﬁcat,
2968 1662 3024 1712 et
3075 1658 3434 1714 curationem
3486 1661 3693 1732 pracdi-

2041 1751 2132 1802 cat
2152 1748 2215 1814 ‘3,
2238 1762 2301 1800 ac
2324 1745 2582 1802 seniores
2604 1751 2659 1801 et
2684 1746 2976 1818 parvulos,
3005 1747 3396 1814 miserandas,
3423 1749 3689 1822 inquam,

2041 1840 2237 1890 aetates
2270 1840 2603 1907 congregat,
2636 1835 2877 1906 insuper
2906 1836 3064 1908 ipsos
3097 1853 3327 1908 quoque
3358 1841 3690 1897 sacerdotes

2043 1924 2327 1991 hortatur,
2362 1929 2426 1979 ut
2465 1923 2749 1995 templum
2798 1923 3069 1998 ingressi,
3108 1930 3281 1996 atque
3319 1925 3378 1982 in
3410 1927 3604 1984 cinere
3635 1933 3692 1986 et

2042 2013 2249 2076 saccis,
2283 2029 2348 2067 ac
2377 2029 2660 2084 perquam
2710 2013 2962 2069 demisse
2994 2017 3050 2068 et
3093 2014 3316 2085 abjecte
3364 2015 3420 2070 in
3470 2021 3684 2074 terram

2042 2101 2383 2174 prostrati“
2424 2101 2698 2172 quoniam
2733 2103 2854 2173 agri
2879 2101 3187 2157 sterilitate
3216 2103 3415 2158 afﬂicti
3450 2105 3686 2178 fuerint,

2042 2208 2108 2246 ac
2139 2190 2438 2245 sublatum
2485 2190 2554 2244 de
2603 2191 2776 2245 domo
2827 2190 3054 2245 Domini
3096 2191 3348 2248 libamen
3381 2198 3437 2249 ct
3467 2195 3688 2250 sacriﬁ-

2041 2279 2218 2344 oium,
2253 2279 2584 2334 humilitate
2618 2278 3074 2334 misericordiam
3108 2281 3425 2336 attrahant.

2115 2368 2225 2424 LX.
2260 2369 2408 2436 Quid
2460 2372 2653 2423 autem
2699 2368 3146 2424 HabacucPHic
3197 2370 3433 2440 quidem
3485 2371 3690 2428 acriori

2043 2457 2214 2514 etiam
2250 2457 2511 2513 oratione
2536 2457 2740 2525 utitur,
2766 2463 2938 2528 atque
2971 2458 3248 2514 adversus
3278 2459 3460 2514 Deum
3495 2461 3691 2532 ipsum

2045 2549 2465 2613 stomachatur,
2483 2563 2545 2600 ac
2568 2545 2887 2617 benignum
2919 2545 3232 2602 Dominum
3267 2552 3500 2619 propter
3526 2550 3692 2605 Judi-

2044 2654 2174 2693 cum
2207 2636 2577 2709 iniquitatem
2612 2634 2765 2690 velut
2814 2634 3171 2692 clamoribus
3218 2636 3573 2710 insequitur,
3603 2639 3691 2695 di-

2045 2745 2182 2784 cens
2215 2744 2227 2781 :
2266 2729 2562 2799 Usquequo,
2595 2727 2837 2795 Domine,
2869 2725 3140 2794 clamabo,
3174 2728 3226 2781 et
3253 2743 3362 2783 non
3392 2729 3697 2785 exautlies?

2043 2817 2393 2886 vociferabor
2423 2817 2698 2887 injuriam
2726 2817 2964 2886 patiens,
2989 2820 3040 2870 et
3067 2831 3180 2870 non
3201 2817 3443 2873 :alvabis
3461 2821 3488 2871 .9
3517 2820 3696 2887 Quare

2040 2907 2338 2963 ostendisti
2365 2905 2503 2960 mihi
2537 2905 2744 2959 labores
2769 2907 2819 2959 et
2848 2921 3126 2959 aerumnas
3146 2909 3171 2958 ?
3221 2905 3402 2962 videre
3429 2908 3692 2978 afﬂictio-

2039 3013 2166 3051 nem
2221 2998 2270 3049 et
2318 2995 2653 3065 impietatem
2677 2992 2705 3046 ?
2755 2993 2815 3047 In
2863 2998 3149 3064 conspectu
3197 3011 3313 3049 meo
3358 2997 3566 3066 factum
3615 3004 3698 3052 est

278 3081 522 3142 εναντίας
605 3101 711 3153 μου
787 3080 981 3155 γέγονε
1049 3083 1160 3153 (62)
1216 3081 1394 3156 κρίσις
1430 3124 1444 3149 ,
1496 3082 1584 3137 καὶ
1657 3083 1684 3136 ὁ
1741 3085 1932 3158 κριτὴς

2056 3085 2328 3149 iudicium,
2361 3082 2597 3155 eljudea:
2627 3083 2787 3151 capit.
2841 3084 3068 3154 Propter
3114 3082 3216 3138 hoc
3260 3083 3576 3154 dissipatam
3617 3091 3697 3140 est

279 3165 552 3243 λαμϐάνει
587 3213 601 3229 .
654 3168 752 3224 Διά
805 3173 966 3224 τοῦτο
1025 3167 1388 3225 διεσκέδασται
1449 3170 1614 3245 νόμος
1647 3217 1660 3241 ,
1719 3172 1808 3227 καὶ
1867 3172 1929 3227 οὗ

2043 3175 2150 3244 lex,
2199 3178 2252 3229 et
2297 3190 2409 3226 non
2460 3172 2706 3242 pervenit
2756 3188 2926 3242 usque
2969 3171 3039 3225 ad
3087 3172 3251 3241 ﬁnem
3289 3173 3570 3244 judicium
3624 3173 3690 3229 ‘5.

282 3235 582 3333 διεξάγεται
643 3257 719 3321 εἰς
776 3257 936 3320 τέλος
989 3257 1161 3334 κρίμα
1195 3303 1206 3315 .
1267 3259 1396 3314 Εἶτα
1450 3262 1485 3329 ἡ
1517 3235 1781 3331 ἀπειλὴ,
1838 3262 1927 3317 καὶ

2056 3263 2261 3318 Deinde
2309 3259 2720 3322 comminatio;
2769 3276 2834 3313 ac
2883 3260 3180 3332 deinceps,
3233 3261 3410 3317 Videte
3455 3269 3695 3317 contem-

277 3350 345 3403 τὰ
391 3348 479 3403 ἐπὶ
536 3346 774 3409 τούτοις·
825 3344 1024 3416 Ἴδετε,
1084 3348 1137 3402 οἳ
1193 3349 1617 3426 καταφρονηταὶ,
1676 3350 1764 3404 καὶ
1815 3350 1930 3406 ἐπι-

282 3434 566 3509 ϐλέψατε,
622 3435 712 3490 καὶ
770 3437 1075 3508 Θαυμάσατε
1127 3436 1396 3510 θαυμάσια
1453 3440 1588 3512 (63),
1646 3438 1735 3493 καὶ
1793 3439 1932 3518 ἀφα-

277 3526 522 3599 νίσθητε,
582 3523 720 3580 διότι
779 3524 932 3602 ἔργον
993 3525 1103 3600 ἐγὼ
1164 3525 1510 3601 ἐργάζομαι.
1569 3528 1667 3582 Καὶ
1721 3529 1774 3583 τί
1820 3530 1930 3605 χρή

279 3616 452 3670 πάντα
510 3614 781 3694 ἐπιφέρειν
839 3616 905 3668 τὰ
975 3621 1074 3684 τῆς
1143 3614 1374 3684 ἀπειλῆς
1434 3633 1448 3684 ;
1512 3613 1686 3672 Ἀλλά
1740 3617 1931 3693 μικρὸν

281 3704 583 3780 ἔμπροσθεν
643 3706 776 3782 (64)·
835 3707 995 3758 τοῦτο
1054 3701 1154 3780 γάρ
1210 3726 1302 3776 μοι
1337 3703 1487 3760 δοκεῖ
1548 3703 1762 3781 βέλτιον
1800 3707 1931 3761 εἶναι

279 3795 591 3869 προσθεῖναι
802 3797 918 3854 τοῖς
972 3793 1305 3868 εἰρημένοις·
1366 3793 1613 3858 πολλοὺς
1672 3795 1932 3851 ἀνακαλε-

278 3883 517 3956 σάμενος
573 3883 663 3937 καὶ
724 3879 1212 3955 ἀποκλαυσάμενος
1261 3887 1367 3937 τῶν
1446 3883 1568 3958 περὶ
1624 3906 1676 3939 τι
1735 3884 1931 3940 ἀδίκων

277 3972 369 4028 καὶ
423 3975 706 4042 πονηρῶν,
762 3969 921 4032 τέλος
970 3969 1318 4042 ἀνᾳκαλεῖται
1370 3973 1480 4046 (66)
1527 3973 1617 4027 καὶ
1663 3972 1788 4036 τοὺς
1833 3983 1933 4044 τῆς

284 4059 598 4136 μοχθηρίας
630 4057 906 4135 ἡγεμόνας
934 4058 1024 4114 καὶ
1072 4056 1454 4135 διδασκάλους,
1497 4062 1804 4138 ἀνατροπὴν
1843 4065 1937 4136 μὶν

2041 3357 2244 3424 ptores,
2276 3358 2327 3406 et
2354 3351 2624 3420 respicite,
2657 3349 3028 3404 admiramini
3065 3349 3373 3415 mirabilia,
3407 3357 3458 3405 et
3485 3351 3694 3422 disper-

2041 3441 2262 3504 dimini,
2285 3441 2413 3512 quia
2445 3455 2575 3510 opus
2604 3454 2696 3508 ego
2718 3453 2912 3509 operor
2933 3439 3124 3493 36.Sed
3159 3438 3300 3508 quid
3330 3443 3509 3494 totam
3535 3440 3694 3494 illam

2043 3529 2558 3587 comminationem
2612 3527 2968 3599 subjungere
3020 3543 3250 3582 necesse
3287 3527 3427 3582 est?
3482 3528 3694 3584 Verum

2043 3618 2217 3692 paulo
2250 3605 2535 3682 ulterius;
2571 3615 2679 3670 hoc
2709 3614 2864 3670 enim
2908 3615 3050 3670 mihi
3082 3617 3270 3670 satius
3310 3633 3438 3671 esse
3467 3618 3698 3673 videtur

2043 3709 2111 3764 ad
2137 3725 2202 3762 ea
2225 3724 2350 3779 quae
2375 3706 2530 3760 dicta
2547 3708 2686 3759 sunt
2707 3705 3026 3776 adjungere
3052 3720 3065 3760 :
3097 3721 3226 3758 cum
3255 3704 3468 3760 multos
3489 3722 3692 3760 eorum

2043 3798 2140 3870 qui
2174 3797 2234 3851 in
2267 3812 2326 3850 re
2351 3796 2450 3850 43
2471 3793 2668 3865 aliqua
2699 3794 2947 3865 improbi
2981 3798 3039 3848 et
3071 3793 3257 3864 iniqui
3289 3798 3474 3862 erant,
3501 3795 3697 3865 appel-

2043 3887 2224 3943 lasset
2271 3901 2338 3939 ac
2387 3883 2736 3948 deflevisset,
2770 3883 2838 3938 ad
2891 3886 3215 3937 extremum
3260 3883 3419 3954 ipsos
3467 3899 3694 3953 quoque

2043 3973 2441 4047 improbitatis
2472 3973 2648 4027 duces
2695 3975 2752 4026 et
2799 3970 3107 4044 magistros
3151 3969 3422 4042 appellat,
3457 3971 3693 4026 subver-

2045 4065 2268 4122 sionem
2305 4062 2542 4134 quidem
2572 4059 2869 4114 turbidam
2904 4076 2970 4115 ac
3010 4059 3225 4114 mentis
3266 4058 3607 4116 ebrietatem
3639 4064 3696 4116 et

349 4178 398 4212 ⁸⁸
421 4176 608 4262 Μίεὴ..
631 4175 820 4262 unum,
848 4190 1010 4262 seqq.
1048 4176 1123 4262 "‘0
1151 4176 1321 4232 Micb.
1357 4193 1454 4247 vn,
1487 4179 1538 4233 3.
1618 4180 1661 4214 “
1695 4179 1849 4262 Psal.
1882 4200 1935 4255 κ,

2102 4180 2147 4215 ⁸³
2179 4175 2302 4234 Joel
2347 4194 2384 4248 ι,
2421 4176 2506 4231 13.
2585 4175 2630 4208 ⁴³
2660 4173 2803 4228 ibid.
2839 4174 2922 4228 14.
3001 4174 3046 4207 ⁴⁴
3073 4175 3183 4229 Isa.
3219 4190 3370 4230 Lvnl:
3410 4175 3446 4230 5
3519 4175 3562 4209 ‘5
3595 4174 3697 4229 Ha-

281 4249 409 4304 hae.
443 4265 485 4318 ι,
516 4249 637 4302 2-4.
711 4248 755 4282 ⁴⁶
784 4245 1013 4316 ἱὺίἀξῦ,
1045 4248 1098 4302 6.

353 4367 468 4439 (52)
509 4361 945 4439 Κατορθούντων.
986 4386 1014 4439 ιι
1042 4364 1148 4430 Qui
1181 4366 1496 4439 corrigant,
1533 4390 1554 4417 ι
1603 4373 1666 4423 ut
1696 4369 1754 4424 in
1789 4370 1931 4425 LXX

278 4435 570 4495 Nobilius.
606 4435 825 4509 Nempe
856 4459 883 4486 ι(
918 4435 1018 4508 qui
1049 4435 1460 4509 corrigant—se,
1497 4460 1516 4486 ιι
1570 4441 1656 4495 vel
1690 4464 1714 4490 ‹‹
1749 4442 1930 4497 vitam

281 4527 476 4584 suam.
514 4532 534 4559 ι
570 4509 696 4564 Non
726 4507 882 4564 enim
917 4507 1285 4584 prophetaiet
1315 4508 1642 4584 theologus,
1682 4513 1753 4566 de
1784 4530 1928 4584 prae-

280 4583 702 4654 latisglantum,
737 4578 988 4654 quorum
1027 4578 1116 4635 est
1162 4578 1308 4636 alios
1340 4578 1666 4654 corrigere;
1719 4578 1819 4640 sed
1867 4587 1938 4640 de
1970 4587 2016 4651 D

283 4653 563 4711 omnibus
593 4653 832 4723 omnino
863 4651 1204 4723 loquuntur.

356 4726 468 4796 (53)
483 4718 890 4799 flammulam
921 4718 1033 4799 ⁵Ϊῑιιι
1055 4723 1377 4799 ‘S‘cr‘ipturaa
1406 4727 1620 4793 textus,
1653 4732 1711 4781 et
1737 4743 1942 4782 omnes

287 4789 461 4853 mssf
483 4789 721 4850 Male'in
755 4795 881 4849 Par.
919 4789 1241 4848 έκωυλλίδα.

358 4868 475 4938 (54)
505 4866 594 4926 Ὦς
625 4889 653 4916 ‹‹
687 4867 1023 4938 Tanquam,
1051 4865 1240 4938 quasi.
1278 4887 1306 4914 »
1337 4865 1486 4920 Bibl.
1522 4867 1884 4938 «inimirum.
1915 4890 1942 4916 »

357 4937 480 5010 (55)
534 4942 762 5010 Θρῆνον.
823 4937 943 4992 Duo
1003 4937 1179 5010 Regg.
1241 4941 1478 5011 θρηνεῖν.
1539 4937 1739 4994 Comb.
1810 4939 1945 5013 Θρη-

369 5031 420 5066 ν.

527 5079 624 5168 βαὶ
853 5079 1241 5168 τῷκάγιάςεινἌ
1280 5079 1421 5136 Tres
1466 5079 1649 5168 litigii,
1697 5087 1947 5168 quatuor

285 5147 475 5217 Colbf,
510 5153 627 5225 duo
658 5147 832 5225 cois].
868 5147 1128 5224 πρὸς’τό.
1183 5153 1250 5206 At
1297 5168 1399 5222 pro
1455 5147 1731 5225 ἀγάζειν(
1765 5152 1944 5208 iidem

287 5227 468 5297 Regg.
509 5223 748 5297 habent,
781 5219 953 5297 ἄγειν.

358 5293 475 5366 (57)
509 5293 970 5366 Σακκοιςηῧοίει.
1007 5293 1292 5366 ituriixe:

511 5358 865 5438 ’Apgaxoéu.
893 5369 1030 5436 Reg.
1063 5365 1102 5430 Ι,
1147 5358 1483 5438 ’ᾼϐϐακοόμη

359 5441 477 5512 (59)
510 5436 788 5512 Χρηστοῦ.
812 5436 907 5492 Sic
937 5437 1363 5512 decemirRegg”
1390 5443 1608 5506 septem
1641 5437 1946 5502 Colb.,dao

303 5510 483 5567 COisl.
520 5511 594 5580 In,
618 5510 910 5580 Par._vero
941 5511 1190 5580 Χριστοῦ.

364 5584 482 5652 (60)
538 5578 909 5652 Εἶσακούσεις.
987 5578 1248 5652 Quatuor
1325 5579 1541 5652 Regii,
1594 5583 1739 5652 tres_
1787 5578 1944 5652 Colb.

290 5649 392 5710 Jes
423 5649 644 5710 habent
690 5649 993 5716 ιῖσακούση.
1043 5651 1156 5707 Alii
1211 5667 1354 5724 pene
1404 5649 1646 5708 totidem
1699 5649 1949 5705 εἰσακού-

297 5745 418 5800 anc.

2111 4369 2224 4439 (61)
2254 4363 2394 4439 Ἐπί.
2431 4363 2766 4439 Ριιῳροεὶιὶο
2798 4362 2919 4439 haec
2953 4362 3133 4439 deest
3180 4363 3239 4418 in
3287 4363 3476 4420 tribus
3532 4364 3698 4437 Reg,

2041 4434 2400 4510 sept.'Colb.,
2434 4434 2606 4510 Co_i_sl.
2642 4436 2781 4510 1,_et
2810 4434 2906 4510 Or_.
2943 4435 2992 4510 ι.

2113 4503 2225 4583 (62)
2257 4509 2471 4583 Γέγονε.
2507 4507 2668 4583 Unus
2700 4506 2840 4583 Reg.
2873 4503 3107 4583 ἐγένετο.

2119 4575 2234 4653 (63)
2289 4575 2384 4633 Κάἰ
2432 4575 3075 4653 θαυμάσατε-θαυμάσια.
3127 4577 3222 4653 Sig
3282 4577 3441 4642 LXX,
3493 4578 3698 4653 decem

2047 4648 2252 4725 Re'ggg,
2283 4669 2384 4706 sex
2413 4651 2595 4725 Colle
2628 4648 2797 4704 Coisl.
2833 4651 2886 4725 1,
2919 4655 2976 4703 et
3007 4654 3167 4704 Pass.
3195 4648 3256 4703 In
3285 4653 3418 4704 Par.
3441 4666 3575 4704 vero
3606 4649 3698 4705 ed.

2052 4715 2378 4794 θαυμάσατε,
2400 4721 2501 4794 καὶ
2534 4715 2677 4794 ἴδετε-
2704 4715 2994 4794 θαυμάσια.

2125 4788 2237 4866 (64)
2296 4790 2471 4848 Ἀλλά
2531 4791 2720 4866 μικρὸν
2784 4788 3108 4866 ἔμπροσθεν.
3161 4812 3189 4840 ‹‹
3257 4789 3471 4866 Verum
3528 4790 3699 4862 paulo

2054 4861 2300 4921 ulterius
2328 4887 2342 4922 :
2379 4887 2406 4915 »
2439 4866 2492 4919 id
2525 4861 2640 4929 est,
2667 4861 2910 4932 «paulo
2926 4867 3092 4932 post;
3149 4883 3176 4911 »
3224 4865 3283 4915 et
3314 4861 3408 4916 hic
3454 4861 3543 4917 est
3571 4878 3702 4917 vere

2056 4955 2265 4994 sensus
2294 4937 2474 5007 hujus
2506 4936 2678 5008 vocis,
2703 4931 3005 5008 ἔμπροσθεν
3039 4938 3103 4987 ut
3136 4937 3290 5008 patet
3321 4949 3404 5008 εικῴ
3420 4934 3702 5008 orationis

2056 5011 2224 5065 serie.
2260 5003 2394 5074 Quae
2442 5007 2597 5062 enim
2649 5003 2915 5076 adjungit
2943 5022 3011 5059 ex
3055 5003 3335 5075 propheta
3364 5004 3700 5075 Gregorius,

2054 5099 2172 5136 non
2207 5082 2559 5151 praecedunt,
2583 5079 2681 5132 sed
2710 5075 3156 5148 subsequuntur
3177 5091 3244 5151 ea
3265 5091 3393 5145 quae
3413 5075 3578 5151 prius
3601 5093 3705 5147 po-

2055 5147 2274 5219 suerat,
2292 5167 2424 5204 cum
2457 5151 2844 5204 desumantur
2861 5147 2927 5202 ea
2953 5164 3004 5202 c.
3032 5163 3092 5200 ιι.
3117 5147 3331 5219 Hahae.
3355 5147 3546 5218 priora
3570 5163 3703 5203 vero

2056 5225 2116 5278 in
2148 5240 2195 5279 c.
2232 5217 2271 5289 ι,
2307 5222 2690 5293 reperiantur.
2713 5219 2938 5293 (Eodem
2971 5234 3157 5293 sensu
3204 5217 3313 5293 hac
3355 5217 3490 5293 yoce
3520 5219 3706 5293 utitur

2054 5298 2254 5366 Apost.
2294 5289 2539 5362 Philipp.
2573 5291 2785 5366 111,111.
2814 5291 2940 5345 Non
2970 5291 3115 5366 bene
3146 5290 3328 5361 igitur
3357 5289 3580 5355 Bitlius,
3605 5291 3707 5363 qui

2055 5361 2249 5431 vertit,
2286 5387 2312 5414 ‹‹
2345 5361 2558 5419 Verum
2591 5363 2747 5417 enim
2779 5379 2915 5416 vero
2945 5361 3248 5431 aliquanto
3281 5365 3435 5417 ante.
3465 5384 3492 5411 ))

2126 5438 2240 5508 (65)
2295 5435 2630 5510 Προσθεῐναι.
2700 5434 2790 5488 Sic
2849 5433 3046 5506 plures
3101 5434 3275 5504 Begg.
3339 5433 3472 5500 Alii,
3536 5452 3704 5504 προσ-

2057 5509 2234 5575 ϐῆναι

2128 5583 2240 5652 (66)
2268 5573 2660 5652 Ἀνακαλεῖται.
2695 5577 2893 5652 Camb.
2929 5599 2956 5626 ‹‹
2988 5574 3290 5645 inclamat,
3323 5575 3574 5645 quadam
3602 5591 3701 5631 vo-

2059 5647 2143 5708 cis
2174 5649 2544 5708 contentione
2572 5647 2846 5720 appellat.
2882 5669 2910 5696 ››
