4184 6202
479 414 593 473 4⁸71

1727 412 1790 468 S.
1841 406 2212 468 GREGOHH
2257 407 2358 467 ΤΗ
2372 405 2649 466 EOLOGI

3773 407 3894 464 4'1!

484 557 738 601 errorem
768 542 972 597 vitium
1021 556 1280 596 vocans:
1324 540 1418 596 his
1468 544 1661 595 autem
1716 539 2009 611 proximos
2058 538 2126 594 ab

2246 533 2468 610 θολεράν
2495 536 2593 603 τὴν
2627 554 2814 588 κακιαν
2868 532 3166 589 ἀποκαλῶν
3222 533 3309 588 καὶ
3340 538 3438 588 τοῦ
3467 537 3561 589 νοῦ
3611 533 3781 607 μέθην
3814 535 3910 591 καὶ

484 633 633 705 ipsis
654 631 839 704 potari
864 630 1085 696 dicens,
1110 634 1176 685 ut
1197 630 1511 701 respiciant
1542 630 1611 684 ad
1635 630 1905 685 tenebras
1928 627 2134 682 animae

486 721 771 792 ipsorum,
797 724 853 774 et
873 719 1183 790 speluncas
1205 724 1544 785 serpentum
1579 734 1643 773 ac
1676 716 2137 783 bestiarum,hoc

488 813 597 878 est,
629 807 1028 878 improbarum
1065 806 1483 877 cogitationum
1517 806 1834 861 domicilia.
1869 810 2051 875 Atque
2079 804 2136 858 hi

489 896 726 969 quidem
758 896 903 951 tales
936 900 1095 963 sunt,
1130 901 1187 951 et
1213 912 1346 951 cum
1382 894 1595 950 talibus
1626 893 1908 949 doctrinis
1938 893 2008 947 ad
2032 909 2137 947 nos

490 1001 824 1040 sermonem
862 984 1102 1039 habent.

560 1163 672 1219 LXI
702 1161 1049 1218 Malacbiam
1076 1164 1269 1216 autem
1291 1178 1547 1233 quonam
1571 1162 1743 1216 modo
1762 1160 2004 1231 dignum
2021 1158 2141 1213 fue-

483 1253 561 1308 rit
606 1252 922 1324 praeterire,
975 1266 1130 1305 nunc
1175 1250 1414 1320 quidem
1473 1254 1528 1305 et
1569 1250 1823 1321 graviter
1850 1254 1906 1304 et
1937 1247 2142 1303 acerbe

484 1341 820 1398 sacerdotes
871 1344 1245 1395 accusantem
1278 1356 1344 1393 ac
1376 1339 1605 1410 probris
1637 1339 2047 1400 incessentem,
2078 1342 2144 1393 ut

484 1429 716 1487 Domini
748 1445 964 1483 nomen
1018 1428 1431 1499 descipientes,
1468 1428 1803 1498 quibusque
1834 1426 1892 1479 in
1942 1425 2138 1490 rebus,

485 1518 924 1590 adjungentem,
949 1517 1005 1571 in
1040 1533 1105 1572 eo
1137 1532 1368 1587 nempe,
1400 1517 1555 1586 quod
1589 1514 1839 1586 pollutos
1862 1530 2042 1585 panes
2069 1513 2140 1567 ad

486 1607 670 1662 altare
700 1606 967 1670 aﬂerant,
1000 1606 1164 1660 cibos
1190 1622 1306 1659 non
1340 1604 1659 1673 primitias,
1691 1608 1748 1658 et
1778 1620 1903 1674 quas
1941 1618 2009 1655 ne
2035 1601 2141 1655 du-

492 1712 627 1751 cum
658 1694 894 1765 quidem
928 1694 1029 1748 ulli
1063 1694 1360 1759 offerrent,
1384 1694 1560 1757 aut,si
1593 1690 2144 1756 offerrent,infamia

494 1784 869 1839 afﬁcerentur
913 1783 978 1846 ‘7,
1019 1797 1087 1837 ea
1117 1786 1313 1836 tamen
1347 1783 1515 1836 factis
1545 1781 1694 1834 votis
1728 1780 1994 1835 omnium
2022 1777 2142 1849 regi

486 1874 755 1941 offerant,
781 1872 889 1926 hoc
921 1877 1030 1939 est,
1066 1871 1361 1935 clauda,et
1384 1886 1557 1942 aegra,
1591 1874 1647 1924 et
1676 1874 2142 1949 corrupta,pror-.

486 1978 709 2033 susque
741 1962 983 2032 profana
1040 1965 1098 2015 et
1127 1960 1487 2030 despuenda.
1523 1962 1689 2013 Nunc
1736 1964 1929 2013 autem
1961 1956 2141 2011 divin‘

486 2068 619 2106 cum
654 2050 864 2105 Levitis
915 2050 1066 2121 pacti
1100 2065 1201 2104 eos
1251 2050 1700 2103 submouentem
1750 2052 1898 2114 (erat
1944 2051 2136 2101 autem

480 2139 628 2194 illud
660 2138 789 2193 vitae
821 2148 876 2192 et
906 2138 1111 2209 pacis),
1135 2154 1201 2191 ac
1232 2137 1441 2191 timore
1470 2138 1677 2191 timere
1710 2135 2046 2199 Dominum,
2080 2139 2137 2189 et

480 2244 514 2282 a
546 2227 690 2282 facie
728 2226 984 2281 nominis
1016 2226 1146 2295 eius
1177 2242 1384 2296 pavere
1409 2226 1451 2260 ‘3
1481 2227 1593 2281 Lea:
1624 2227 1894 2291 veritatis,
1928 2223 2133 2293 inquit,

475 2322 593 2372 erat
622 2318 683 2370 in
709 2330 801 2370 ore
829 2314 968 2385 ejus,
1001 2324 1054 2368 et
1083 2315 1351 2386 iniquitas
1371 2330 1481 2369 non
1511 2316 1592 2369 est
1624 2315 1848 2368 inventa
1879 2315 1939 2367 in
1970 2313 2132 2366 labiis

475 2407 612 2478 ejus.
646 2406 708 2459 In
752 2418 883 2475 pace
932 2412 1142 2457 rectum
1184 2405 1290 2457 iter
1319 2412 1507 2458 tenens
1538 2403 1845 2457 ambulavit
1892 2417 2127 2466 mecum,

476 2502 529 2552 et
553 2495 752 2549 multos
779 2494 1041 2548 convertit
1087 2494 1162 2547 ab
1211 2494 1530 2563 iniquitate,
1564 2494 1829 2562 quoniam
1857 2490 2008 2545 labia
2036 2507 2125 2545 sa-

476 2582 711 2639 cerdotis
738 2580 1037 2636 custodient
1064 2583 1376 2647 scientiam,
1408 2589 1459 2635 et
1502 2578 1681 2648 legem
1732 2582 2009 2650 requirent
2058 2594 2127 2632 ex

476 2688 568 2728 ore
597 2671 714 2741 ejus
742 2671 804 2725 ‘9.
838 2670 1031 2725 Causa
1072 2673 1267 2724 autem
1320 2685 1496 2741 quam
1547 2668 1824 2739 praeclara
1865 2666 2041 2722 simul
2072 2672 2130 2722 et

478 2760 849 2817 formidanda
874 2757 886 2813 l
919 2760 1049 2831 quia
1076 2759 1313 2826 Angelus
1333 2759 1551 2813 Domini
1574 2758 1961 2825 omnipotentis
1981 2757 2125 2811 est“.

477 2853 662 2919 Atque
692 2848 1135 2904 maledictiones
1168 2848 1406 2919 quidem
1439 2863 1541 2901 eas
1571 2862 1697 2916 quae
1731 2845 2005 2916 deinceps
2036 2862 2126 2900 se-

474 2942 763 3011 quuntur,
794 2936 1012 2992 vitandi
1046 2936 1183 2991 mali
1213 2935 1428 2991 ominis
1460 2951 1659 3001 causa,
1692 2940 2000 3005 praetereo:
2033 2950 2127 2989 ve-

473 3028 707 3083 ritatem
734 3030 933 3082 autem
968 3024 1336 3095 pertimesco.
1371 3024 1531 3088 Quod
1574 3039 1709 3078 vero
1739 3024 1899 3077 dictu
1932 3023 2128 3078 mode-

474 3116 667 3172 ratius
700 3112 878 3171 simul
911 3117 967 3168 et
997 3112 1200 3168 utilius
1224 3117 1330 3181 est,
1352 3118 1435 3168 An
1465 3113 1699 3183 dignum
1726 3115 1825 3179 est,
1856 3111 2129 3181 inquit,ut

475 3206 777 3277 respiciam
797 3204 948 3257 ultra
970 3201 1038 3256 ad
1068 3202 1409 3271 sacriﬁcium
1429 3204 1684 3263 vestrum,
1707 3206 1802 3254 aut
1832 3202 2129 3269 suscipiam

2245 623 2456 693 πλάνην
2480 624 2927 693 (67)·ποτίζεσθαι
2953 621 3008 677 δὲ
3032 622 3203 698 λέγων
3232 626 3346 695 (68)
3368 623 3585 686 τούτοις
3614 625 3702 678 ὑπ’
3724 624 3904 679 αὐτῶν

2246 712 2371 774 τοὺς
2405 712 2663 782 πλησίον,
2696 712 2844 774 ὅπως
2878 707 3243 766 ἐπιϐλέπωσιν
3274 712 3363 766 ἐπὶ
3388 713 3451 767 τὸ
3485 713 3676 775 σκότος
3721 714 3903 769 αὐτῶν

2243 808 2343 870 τῆς
2375 804 2576 877 ψυχῆς,
2608 800 2695 855 καὶ
2722 802 2787 856 τά
2820 800 3063 871 σπήλαια
3111 801 3349 874 ἑρπετῶν
3402 800 3491 855 καὶ
3524 801 3729 876 θηρίων
3764 804 3907 875 (69),

2250 889 2532 964 λογισμῶν
2563 895 2817 963 πονηρῶν
2852 890 3165 963 οἶκητήρια.
3201 890 3360 943 Οὗτοι
3400 890 3493 962 μὲν
3528 887 3594 958 δὴ
3634 896 3904 958 τοιοῦτοι,

2247 979 2335 1034 καὶ
2375 979 2507 1052 μετὰ
2534 978 2796 1033 τοιούτων
2846 981 2982 1052 ἡμῖν
3035 976 3420 1054 διαλεγόμενοι
3450 984 3554 1033 τῶν
3597 978 3905 1052 παιδευμά-

2247 1087 2355 1121 των
2388 1070 2518 1137 (70).

2319 1158 2450 1211 ΞΔ’.
2486 1156 2774 1231 Μαλαχίαν
2799 1153 2855 1211 δὶ
2876 1160 2995 1218 πῶς
3018 1154 3264 1230 παριδεῖν
3290 1157 3433 1227 ἀξιον
3464 1177 3477 1225 ;
3511 1161 3599 1211 νῦν
3636 1160 3728 1231 μὲν
3754 1158 3912 1233 ἐγκα-

2252 1244 2448 1300 λοῦντα
2496 1250 2707 1321 πικρῶς
2756 1251 2876 1307 τοῖς
2924 1246 3145 1321 ἱερεῦσι,
3197 1246 3285 1300 καὶ
3339 1243 3674 1314 ὀνειδίζοντα
3723 1247 3798 1309 ὡς
3843 1250 3909 1302 τὸ

2250 1329 2424 1407 ὄνομα
2502 1334 2704 1408 Κυρίου
2781 1333 3097 1410 φαυλίζουσι
3152 1353 3165 1367 ο
3244 1336 3332 1389 καὶ
3407 1336 3760 1410 προστιθέντα
3850 1334 3905 1391 ἰν

2250 1423 2384 1477 τίσιν
2417 1427 2551 1496 (71),
2606 1422 2655 1476 ἐν
2712 1428 2790 1495 τῷ
2846 1428 3138 1497 προσάγειν
3200 1425 3335 1499 πρὸς
3393 1424 3457 1477 τὸ
3518 1427 3901 1497 θυσιαστήριον

2252 1510 2444 1585 ἄρτους
2510 1510 2966 1586 ἡλισγημένους,
3033 1512 3297 1586 βρώματα
3373 1510 3471 1565 οὐκ
3528 1512 3855 1588 ἀπάργματα
3893 1555 3909 1581 ,

2249 1600 2403 1655 καὶᾶ
2436 1597 2563 1671 μηδ’
2612 1600 2671 1655 ἂν
2716 1605 2824 1654 τῶν
2873 1601 3195 1673 ἡγουμένων
3245 1600 3353 1653 τινὶ
3396 1600 3836 1675 προσενέγκοιεν,
3869 1602 3908 1671 ἢ

2250 1690 2589 1761 ἀτιμασθεῖεν
2640 1688 2697 1742 ἂν
2744 1687 3214 1764 προσινεγκὸντες,
3261 1692 3428 1743 ταῦτα
3466 1692 3794 1767 προσφέρειν
3827 1694 3911 1763 τῷ

2256 1775 2470 1853 βασιλεῖ
2524 1783 2631 1831 τῶν
2690 1776 2833 1832 ὅλων
2893 1776 3062 1853 εὐχὴν
3124 1776 3484 1849 εὐξαμένους,
3540 1776 3704 1853 χωλά
3738 1822 3751 1847 ,
3814 1779 3911 1833 καὶ

2254 1866 2526 1943 ἄρῥωστα,
2578 1867 2667 1920 καὶ
2726 1864 3111 1942 διεσθαρμὲνα,
3173 1866 3262 1919 καὶ
3324 1862 3536 1941 βὲϐηλα
3592 1866 3912 1937 παντελῶς,

2253 1956 2342 2009 καὶ
2397 1955 2727 2009 ἀπόπτυστα’
2781 1959 2870 2007 νῦν
2924 1952 2981 2008 δὲ
3010 1961 3109 2023 τῆς
3153 1956 3265 2026 (72)
3314 1956 3452 2029 πρὸς
3498 1954 3623 2016 τοὺς
3674 1955 3909 2019 Λευίτας

2247 2049 2343 2099 τοῦ
2401 2049 2533 2099 Θεοῦ
2592 2041 2859 2114 διαθήκης
2920 2044 3427 2115 ὑπομιμνήσκοντα,
3594 2042 3651 2099 δὲ
3694 2045 3760 2113 ἦν
3804 2053 3911 2115 τῆς

2250 2138 2397 2202 ζωῆς
2445 2134 2531 2187 καὶ
2584 2140 2684 2201 τῆς
2718 2133 2985 2206 εἰρήνης),
3015 2132 3103 2187 καὶ
3153 2128 3308 2210 φόϐῳ
3358 2128 3644 2209 φοϐεῖσθαι
3674 2135 3765 2188 τὸν
3803 2136 3911 2188 Κύ-

2247 2242 2383 2296 ριον,
2416 2223 2507 2277 καὶ
2562 2223 2666 2275 ἀπὸ
2712 2222 3010 2297 προσώπου
3042 2226 3136 2275 τοῦ
3170 2220 3438 2293 ὀνόματος
3480 2221 3644 2276 αὐτοῦ
3675 2221 3908 2279 στέλλε-

2246 2313 2363 2365 σθαι
2415 2314 2543 2383 (73).
2604 2310 2786 2382 Νόμος
2826 2312 2961 2383 (74),
3019 2311 3203 2387 φησὶν,
3267 2313 3332 2379 ἦν
3395 2310 3654 2379 ἀληθείας
3714 2311 3765 2365 ἐν
3826 2318 3909 2384 τῷ

2243 2400 2469 2472 στόματι
2528 2398 2691 2454 αὐτοῦ
2728 2445 2742 2469 ,
2799 2404 2889 2453 καί
2964 2396 3145 2453 ἀδικία
3222 2398 3336 2473 οὐχ
3412 2399 3604 2473 εὐρέθη
3665 2399 3717 2454 ἐν
3783 2409 3910 2464 τοῖς

2242 2488 2482 2563 χείλεσιν
2542 2488 2707 2542 αὐτοῦ
2742 2530 2755 2544 .
2811 2488 2895 2542 Ἐν
2974 2488 3163 2563 εἰρήνη
3237 2487 3573 2552 κατευθύνων
3630 2488 3904 2565 ἐπορεύθη

2246 2577 2359 2649 μετ’
2414 2576 2597 2649 ἐμοῦ,
2656 2577 2745 2630 καὶ
2823 2573 3068 2637 πολλοὺς
3138 2576 3459 2652 ἐπίστρεψεν
3520 2577 3570 2648 ἐξ
3630 2576 3849 2641 ἀδικίας
3889 2625 3905 2651 ,

2240 2665 2321 2721 δτι
2393 2664 2557 2741 χείλη
2620 2663 2806 2739 ἱερέως
2866 2664 3155 2739 φυλάξεται
3212 2671 3408 2741 γνῶσιν
3470 2669 3603 2739 (75),
3656 2667 3747 2721 καὶ
3806 2668 3904 2722 νό-

2243 2776 2341 2827 μον
2427 2754 2815 2824 ἐκζητήσουσιν
2904 2754 2963 2808 ἐκ
3042 2755 3313 2827 στόματος
3402 2754 3568 2809 αὐτοῦ
3602 2800 3615 2812 .
3692 2756 3789 2809 Καὶ
3867 2759 3905 2826 ἡ

2237 2842 2382 2897 αἰτία
2439 2843 2514 2905 ὡς
2568 2842 2726 2914 τιμία
2780 2863 2838 2896 τε
2890 2843 3003 2914 ἅμα
3050 2844 3138 2897 καὶ
3180 2838 3387 2920 φοϐερά
3422 2845 3433 2899 !
3469 2841 3607 2898 διότι
3662 2844 3901 2920 ἄγγελος

2240 2932 2440 3007 Κυρίου
2535 2930 2972 3006 παντοκράτορός
3060 2930 3167 2985 ἐστι
3233 2973 3246 2987 .
3337 2932 3433 2985 Καὶ
3523 2930 3907 3007 παραιτοῦμαι

2246 3021 2340 3093 μὲν
2396 3025 2502 3074 τῶν
2565 3021 2651 3074 ἐπὶ
2707 3019 2921 3081 τούτοις
2983 3021 3124 3093 ἀρῶν
3153 3021 3215 3074 τὸ
3257 3018 3582 3098 βλάσφημον
3614 3024 3750 3094 (76)·
3801 3044 3907 3101 τρο-

2241 3104 2443 3182 6οῦμαι
2506 3107 2561 3163 δὲ
2619 3112 2731 3183 (77)
2786 3110 2884 3176 τήν
2947 3109 3219 3179 ἀλήθειαν·
3286 3108 3413 3164 ἀλλ’
3471 3111 3498 3163 ὃ
3561 3110 3779 3183 μέτριόν
3845 3133 3908 3167 τε

2239 3200 2351 3271 ἅμα
2380 3200 2494 3271 (78)
2526 3197 2693 3253 εἰπεῖν
2743 3197 2831 3251 καὶ
2879 3197 3152 3273 συμφέρον
3181 3216 3193 3228 ’
3248 3198 3312 3253 Ei
3366 3196 3443 3253 ἔτι
3495 3197 3664 3268 ἄξιον,
3708 3202 3903 3276 φησὶν,

474 3292 893 3365 acceptabilede
938 3290 1197 3345 manibus
1248 3289 1559 3344 vestris“?
1598 3294 1871 3357 tanquam
1904 3288 2126 3344 scilicet

2246 3283 2529 3360 ἐπιϐλέψαι
2590 3286 2664 3347 εἷς
2722 3284 2905 3340 θυσίαν
2967 3286 3117 3359 ὑμῶν
3179 3289 3315 3359 (79),
3377 3287 3411 3356 ἢ
3465 3282 3651 3342 λαϐεῖν
3705 3285 3899 3344 δεκτὸν

476 3380 731 3437 maxime
780 3379 1175 3446 stomachans,
1212 3395 1277 3433 ac
1334 3378 1685 3433 sacrificium
1738 3378 2000 3449 ipsorum
2052 3379 2124 3433 ob

476 3468 741 3541 ipsorum
766 3468 1201 3540 improbitatem
1233 3467 1569 3539 repudians.

546 3648 706 3703 LXII.
760 3646 906 3701 Nam
956 3645 1243 3701 Zachariae
1292 3645 1533 3715 quidem
1583 3644 1814 3715 quoties
1861 3649 1963 3701 44
2003 3661 2123 3700 me-

472 3734 639 3802 mini,
673 3735 856 3790 facem
886 3733 1284 3805 perhorresco,
1337 3738 1510 3804 atque
1552 3732 1687 3788 item
1736 3750 1803 3789 ea
1843 3750 1967 3804 quis
2000 3734 2125 3806 ipse

469 3826 748 3879 adversus
777 3824 1108 3879 sacerdotes
1137 3826 1534 3888 contestatur;
1588 3826 1764 3891 atque
1794 3838 1861 3877 ea
1891 3822 2121 3893 quidem

464 3930 591 3986 quis
612 3913 684 3968 de
711 3912 931 3984 insigni
961 3911 1062 3967 illo
1092 3915 1476 3982 Jesu,magno
1497 3911 1817 3975 sacerdote,
1853 3912 2121 3966 subindi-

460 4006 591 4067 cat;
622 4018 794 4073 quem
843 4018 977 4057 cum
1029 4005 1293 4056 setmone
1347 4015 1454 4054 suo
1504 3997 1741 4053 sordida
1779 4004 1835 4053 et
1882 3998 2124 4071 indigna

458 4095 621 4148 veste
651 4091 931 4157 exuisset,
963 4089 1333 4161 splendidam
1366 4094 1423 4142 et
1464 4086 1887 4142 sacerdotalem
1921 4094 2122 4159 postea

458 4178 583 4254 ipsi
616 4179 866 4252 imponit
901 4182 993 4238 :et
1022 4195 1152 4250 quae
1181 4179 1357 4233 etiam
1398 4175 1671 4247 angelum
1701 4177 1771 4231 ad
1802 4176 2004 4232 Jesum
2036 4177 2120 4233 di-

2238 3376 2428 3431 ἐκτῶν
2459 3380 2661 3451 χειρῶν
2694 3375 2893 3447 ὑμῶν;
2948 3374 3021 3435 ὡς
3081 3373 3138 3428 ἂν
3208 3373 3445 3447 μάλιστα
3502 3375 3899 3451 δνσχεραίνων,

2234 3464 2324 3519 καὶ
2353 3466 2453 3533 τὴν
2486 3462 2794 3539 ἱερουργίαν
2840 3461 3014 3517 αὐτῶν
3068 3460 3158 3517 διὰ
3205 3465 3305 3534 την
3348 3463 3536 3519 κακίαν
3565 3464 3899 3541 ἀποπεμπό-

2238 3573 2419 3626 μενος.

2304 3644 2429 3699 ΞΒ’.
2464 3640 2734 3717 Ζαχαρίου
2786 3641 2880 3714 μὲν
2922 3641 3024 3716 γάρ
3078 3640 3156 3695 ὅτ’
3198 3641 3256 3695 ἂν
3315 3644 3559 3715 μνησθῶ,
3593 3643 3800 3719 φρίσσω
3832 3648 3899 3701 τὸ

2236 3729 2520 3804 δρέπανον,
2572 3730 2783 3803 ὁμοίως
2835 3729 2923 3784 καὶ
2984 3730 3017 3784 ἃ
3063 3730 3199 3786 κατά
3246 3736 3351 3785 τῶν
3399 3732 3584 3805 ἱερέων
3622 3734 3894 3808 μαρτύρε-

2231 3842 2316 3875 ται
2346 3822 2503 3875 οῦτοε
2548 3822 2678 3893 (80)’
2714 3818 2747 3872 ἃ
2801 3819 2894 3891 μὲν
2945 3820 3069 3895 περὶ
3121 3821 3298 3889 Ἰησοῦ
3345 3825 3442 3875 τοῦ
3489 3821 3647 3894 πάνυ,
3698 3823 3893 3898 ἱερέως

2229 3914 2329 3965 τοῦ
2361 3908 2626 3984 μεγάλου,
2659 3905 3000 3984 παραδηλοῖ,
3027 3908 3084 3964 ’ὸν
3137 3906 3427 3985 περιδύσας
3476 3913 3591 3985 (81)
3618 3916 3697 3983 τῷ
3739 3911 3895 3989 λόγῳ

2229 3999 2328 4067 τὴν
2380 3998 2619 4073 ῥυπαρὰν
2672 3996 2869 4066 ἐσθῆτα
2913 3996 3002 4051 καὶ
3058 3998 3291 4071 ἀναξίαν,
3343 4000 3441 4067 τὴν
3490 4000 3766 4076 ἱερατικὴν
3801 4004 3895 4057 καὶ

2233 4086 2489 4161 λαμπρὰν
2522 4086 2873 4163 περιτίθησιν’
2910 4085 3007 4141 ὅσα
3048 4108 3106 4142 τε
3154 4089 3181 4141 ὁ
3233 4084 3464 4163 ἅγγελος
3510 4088 3658 4161 αὐτῷ
3706 4090 3891 4165 λέγων

2231 4176 2367 4251 πρὸς
2422 4174 2513 4229 τὸν
2566 4177 2773 4245 Ἰησοῦν
2823 4175 2913 4229 καὶ
2965 4175 3314 4246 ἐπισκήπτων
3373 4177 3669 4247 πεποίηται
3727 4181 3847 4253 (82)

525 4340 570 4377 ⁸⁷
598 4338 842 4396 Malach.
874 4355 915 4405 1,
944 4339 1068 4395 6-8.
1146 4339 1190 4374 ⁴⁸
1221 4337 1467 4395 Malach.
1511 4351 1572 4409 ιι,
1604 4338 1659 4393 5.
1736 4337 1782 4373 ⁴⁹
1813 4335 1958 4393 ibid.
1990 4338 2025 4393 6
2062 4341 2126 4409 ,7.

2250 4337 2391 4393 ibid.
2422 4338 2478 4407 7,
2554 4336 2597 4374 ιι
2632 4336 2771 4393 ibid.
2806 4337 2892 4392 13.

528 4517 637 4589 (67)
688 4516 866 4589 Μέθην
913 4514 1003 4589 καὶ
1055 4513 1477 4589 πλάνην.ηἱῖβε.
1546 4534 1606 4583 u,
1664 4518 1898 4589 optimis
1946 4526 2113 4585 nolis,

458 4585 674 4671 πλάνην
726 4586 815 4643 καὶ
871 4586 1065 4661 μέθην.
1101 4587 1270 4644 Forte
1300 4585 1517 4644 Habac.
1566 4606 1626 4643 ιι.
1662 4585 1747 4658 16,
1795 4590 1895 4644 sed
1927 4590 2118 4645 verbis

454 4665 721 4718 mutatis.

522 4732 634 4805 (68)
664 4729 871 4805 Λέγων.
912 4731 1078 4805 Deest
1110 4729 1167 4783 in
1201 4728 1496 4805 plerisque
1528 4728 1851 4784 codicibus.

523 4801 640 4875 (69)
670 4801 907 4876 Θηρίων.
943 4802 1317 4876 «__Haeresu_m_
1366 4804 1661 4876 auctores,
1714 4822 1742 4849 n
1795 4817 1909 4855 non
1966 4802 2118 4859 male

453 4872 917 4930 interpretantur
950 4872 1102 4929 Elias
1132 4879 1189 4927 et
1220 4872 1572 4929 Gabrielius.

523 4939 635 5017 (70)
673 4940 1084 5016 Παιδευμάτων.
1126 4946 1207 4998 Ita
1240 4944 1400 5017 Colb.
1430 4944 1484 5009 3,
1517 4939 1775 5017 et_C.oisl.
1808 4940 1860 5017 3.

520 5013 637 5087 (71)
671 5017 755 5069 Ἐν
782 5013 945 5070 τίσιν.
1005 5017 1067 5071 ln
1123 5017 1262 5086 Reg.
1322 5016 1362 5080 l,
1417 5021 1474 5070 et
1505 5014 1665 5087 Colb.
1721 5029 1799 5075 m,
1833 5013 2014 5068 deest.
2050 5014 2111 5069 In

451 5086 831 5159 quibusdam,
856 5088 1269 5159 interrogative
1289 5087 1521 5159 legitur,
1548 5092 1611 5141 ut
1641 5086 1700 5142 in
1730 5100 1896 5159 sacro
1927 5090 2107 5159 textu.

518 5161 632 5231 (72)
690 5151 913 5212 Νῦν’δέ
962 5151 1109 5225 τῆςῗ
1166 5164 1273 5213 etc.
1345 5151 1431 5213 Re
1482 5151 1516 5212 ,⁷
1572 5176 1624 5226 a,
1702 5158 1789 5208 νῦν
1848 5151 1905 5209 δὲ
1970 5157 2106 5230 πρὸς

514 5229 572 5285 bc
632 5231 862 5285 Λευῖτας
912 5235 1013 5285 τῆς
1073 5232 1169 5282 τοῦ
1228 5232 1382 5285 Θεοῦ.
1436 5175 1580 5285 ﬁeri.
1640 5227 1806 5285 alter.
1866 5233 1966 5285 τῆς
2007 5233 2105 5283 τοῦ

443 5227 572 5354 Ξοῦς
617 5227 862 5309 neutra;
912 5235 1013 5297 τῆς
1073 5232 1169 5282 τοῦ
1228 5232 1382 5285 Θεοῦ.
1440 5227 1580 5301 Reg.
1640 5227 1806 5295 alter,
1866 5233 1966 5296 τῆς
2007 5227 2105 5283 τοῦ

501 5319 705 5354 οιστου.

500 5319 1016 5443 gemmam.
1056 5395 1084 5423 «
1113 5372 1465 5443 Qontrahere
1496 5388 1579 5437 se,
1626 5395 1647 5423 ι

514 5392 604 5443 (1.5
661 5392 1016 5427 λιτεΛΛεσυαι.
1056 5395 1084 5423 ‹‹
1113 5392 1465 5428 uontranere
1496 5392 1579 5437 se,
1626 5395 1647 5423 ι

440 5392 936 5582 θείῗέξνῐῗὲόμος...
990 5444 1055 5511 ἦν
1106 5441 1387 5512 ἀληθείας.
1441 5444 1503 5498 In
1550 5443 1664 5497 LXI

442 5535 918 5732 ῑιῐζῗέῗνῗνῶσιν.
980 5586 1104 5642 Duo
1158 5586 1337 5659 Βθεεο
1398 5590 1455 5641 et
1510 5584 1682 5642 COiSI'
1745 5586 1795 5653 1⁸
1856 5584 2091 5657 habent,

510 5732 624 5804 (76)
656 5724 1015 5807 Βλάσφημσν.
1050 5752 1077 5781 ‹‹
1113 5728 1276 5794 Quod
1308 5732 1505 5801 posset
1547 5728 1836 5784 offendere
1867 5744 1880 5796 ;
1934 5728 2087 5797 quod

1726 5386 1801 5425 ras
1833 5370 2060 5427 timore.

1742 5440 1911 5513 νόμος
1961 5439 2097 5513 ἀλη-

2224 4876 2381 5001 eali”.

2234 4518 2450 4589 durum
2482 4516 3054 4589 et‘contumeliosum
3083 4522 3237 4573 esset
3267 4519 3560 4589 pratereo.
3595 4541 3623 4568 ››

2150 4627 2197 4693 D
2305 4588 2418 4660 (77)
2453 4580 2853 4671 Φοϐοῦμαιβὲ.
2890 4589 2974 4645 lta
3005 4589 3180 4662 Regg.
3216 4580 3442 4655 omnes,
3480 4590 3659 4659 Pass.,
3691 4590 3813 4647 Jes.
3833 4596 3894 4649 et

2234 4660 2326 4716 Or.
2371 4662 2420 4714 1.
2456 4660 2628 4715 Deest
2652 4657 2710 4714 δέ
2741 4677 2799 4715 in
2830 4660 2921 4715 ed.

2285 4657 2326 4716 r.
2371 4657 2420 4714 1.
2456 4660 2628 4715 Deest
2649 4657 2710 4714 δέ
2741 4660 2799 4715 in
2830 4660 2921 4715 ed.

2303 4733 2414 4802 (78)
2446 4730 2675 4803 Μετριόν
2730 4750 2788 4785 τε
2844 4731 2974 4802 ἅμα.
3029 4735 3115 4787 Ita
3163 4731 3341 4803 Regg,
3398 4732 3618 4801 decem,
3669 4731 3889 4805 aliique

2228 4801 2445 4873 plUres.

2318 4876 2408 4949 79)
2462 4870 2652 4926 Θυσίαν
2716 4870 2867 4949 ὑμῶν
2923 4873 3090 4949 Deest
3162 4871 3311 4946 ὑμῶν
3358 4874 3416 4928 in
3474 4879 3602 4930 octo
3662 4874 3884 4949 Regiis,

2418 4950 2690 5016 quatuor,
2726 4950 2781 4999 et
2808 4943 2901 5016 Or.
2920 4945 2986 5016 ‘1.

2294 5016 2405 5087 (80)
2437 5014 2629 5075 Οὗτος.
2678 5017 2741 5071 ln
2788 5014 3085 5087 plerisque
3130 5016 3429 5072 codicibus
3476 5032 3675 5072 vocem
3726 5017 3885 5076 hanc

2220 5088 2507 5162 antecedit
2540 5088 2729 5157 major
2777 5086 3117 5162 distinctio;
3152 5089 3216 5162 in
3242 5087 3690 5162 aliis_sequi_tur,
3724 5092 3882 5162 quod

2218 5158 2587 5216 commodius
2619 5164 2735 5215 est.
2803 5157 3028 5213 Clarius
3078 5159 3136 5214 in
3189 5160 3325 5232 Reg.
3378 5158 3417 5227 l,
3465 5157 3625 5222 αῦτὸς
3668 5157 3881 5236 μαρτύ-

2216 5247 2383 5301 ρεται.

2283 5301 2407 5375 (81)
2428 5295 2878 5375 "Ovatspibﬁaac.
2906 5322 2931 5348 ‹‹
2958 5302 3136 5366 Quem
3172 5318 3305 5356 cum
3337 5301 3616 5375 expuisset,
3652 5318 3882 5375 »_nem-

2210 5386 2280 5443 pe
2326 5372 2730 5443 jubendo,'ut
2764 5372 3121 5443 auferretur,
3156 5374 3652 5443 quemadmodum
3701 5373 3879 5432 habet

2208 5442 2599 5519 saoertextus
2647 5442 2820 5519 Zach.
2873 5444 3067 5519 111,55,
3106 5442 3383 5519 ἾᾹφὲλετε
3439 5444 3503 5497 τὰ
3550 5444 3744 5516 ἱμάτια
3802 5447 3871 5501 τὰ

2220 5511 2417 5587 Ξυπαρά
2468 5514 2558 5568 ἀπ’
2606 5513 2801 5587 αὐτοῦ.)
2831 5534 2857 5565 ι
2894 5515 3122 5587 Auferte
3163 5511 3510 5587 vestimenta
3541 5511 3798 5575 serdida.
3836 5542 3864 5569 υ

2248 5581 2535 5657 ade'm‘est
2564 5586 2651 5640 vis
2682 5586 2841 5643 vocis
2880 5581 3143 5657 περιδύω,
3188 5604 3253 5643 ac
3309 5584 3504 5657 ἐκδύω,
3558 5590 3644 5645 uti
3685 5590 3861 5648 etiam

2201 5654 2494 5731 περιαιρὲω
2526 5658 2749 5731 aufero,
2776 5654 3047 5731 detraho.
3082 5657 3212 5731 Bill.
3248 5683 3275 5710 ‹‹
3310 5654 3622 5717 induisset.
3656 5682 3686 5711 ι)

2274 5728 2397 5801 (82)
2418 5728 2737 5799 Πεποίηται.
2772 5730 2912 5801 Reg.
2946 5728 2986 5785 Ι.
3017 5734 3075 5787 et
3104 5730 3306 5791 Comb.
3339 5732 3625 5803 πεποίηκε.
