4184 6202
405 359 527 418 473

1548 356 1844 419 ORATIO
1890 356 1968 417 ΙΙ.
2004 389 2079 400 -
2107 354 2679 417 APOLOGETIGA.

3703 358 3822 417 474

402 495 574 545 ταῦτα
627 491 744 562 μὲν,
797 490 872 552 εἷς
920 491 1140 564 μείζονα
1187 490 1298 562 (83)
1345 488 1435 544 καὶ
1487 487 1798 564 ὑψηλότερα
1847 485 1974 550 ἴσως
2023 491 2035 540 1'

2175 492 2402 545 centum
2428 505 2493 543 ac
2525 487 2902 543 mandantem
2935 485 3160 542 inducit
3194 504 3206 555 ;
3241 503 3326 557 ea,
3357 487 3618 559 inquam,
3655 491 3717 543 ut
3749 489 3819 544 ad

405 580 543 634 κατᾶ
572 579 697 641 τοὺς
732 577 976 641 πολλοὺς
1029 578 1202 652 ἱερέας
1253 577 1645 653 ἀναφερόμενα,
1688 576 1870 651 σιωπῇ
1899 576 2060 650 τιμά-

406 670 542 723 σθω⁶
578 667 729 737 πλὴν
763 667 845 724 ὅτι
877 669 966 723 καὶ
996 668 1190 723 τούτου
1223 667 1281 722 lx
1311 665 1494 738 δεξιῶν
1525 668 1551 721 ὁ
1585 662 1841 729 διάϐολος
1887 665 2061 737 εἱστή-

403 779 487 813 κει
545 762 643 812 τοῦ
701 758 1026 812 ἀντικεῖσθαι
1086 758 1232 830 αὐτῷ
1275 777 1286 789 ο
1347 763 1571 833 πρᾶγμα
1629 755 1752 829 ἐμοὶ
1808 760 1936 831 γοῦν
1994 754 2058 809 οὗ

407 850 650 923 μέτριον,
684 843 809 901 οὐδὲ
843 846 1031 924 ὀλίγου
1064 841 1235 925 φόϐου
1265 848 1352 901 καὶ
1381 845 1627 924 φυλακῆς
1658 845 1824 915 ἄξιον.

475 1027 602 1081 EI".
635 1028 705 1082 ’Ἀ
735 1022 791 1080 δὲ
819 1029 926 1080 τῶν
975 1023 1186 1080 λοιπῶν
1235 1030 1532 1101 κατηγορεῖ
1562 1024 1837 1097 ποιμένων
1874 1024 2060 1098 ἐπιμε-

400 1114 516 1177 λῶς
547 1116 636 1168 καὶ
665 1115 1010 1186 καθάπτεται,
1041 1114 1123 1176 τίς
1154 1115 1296 1170 οὕτω
1323 1112 1608 1190 τολμηρὸς
1631 1113 1720 1169 καὶ
1749 1115 1847 1183 τήν
1872 1117 2057 1190 ψυχὴν

399 1207 516 1278 (84)
548 1201 930 1277 ἀδαμάντινος,
965 1204 1104 1258 ὥστε
1137 1205 1213 1277 μή
1245 1203 1461 1280 τρέμειν
1510 1202 1744 1275 ἀκούων,
1777 1203 1865 1258 καὶ
1897 1203 2057 1267 αὐτὸς

402 1294 598 1350 ἑαυτοῦ
655 1293 892 1369 γίνεσθαι
961 1294 1322 1370 μετριώτερος
1380 1312 1393 1362 ;
1453 1293 1655 1365 Φωνὴ,
1717 1294 1872 1369 φησί,
1923 1295 2055 1367 θρη-

401 1382 637 1438 νούντων
695 1384 973 1456 ποιμένων
1010 1428 1024 1452 ,
1089 1382 1172 1438 ὅτι
1228 1380 1705 1459 τεταλαιπώρηκεν
1764 1385 1798 1452 ὴ
1862 1404 2002 1459 μεγα
2032 1416 2055 1425 -

401 1472 610 1542 λοσύνη
689 1471 865 1528 αὐτῶν
901 1492 913 1504 ⁸
972 1473 1124 1551 φωνή
1201 1473 1527 1549 ὠρυομένων
1604 1471 1834 1528 λεόντων
1880 1519 1920 1558 ,ι
1972 1471 2054 1526 ὅτι

398 1560 531 1618 τάδε
584 1562 902 1627 πεπόνθασι.
956 1560 1202 1619 Μονονοὺ
1232 1561 1450 1617 κάκούει
1509 1565 1621 1635 (85)
1675 1565 1782 1617 τῶν
1841 1564 2053 1636 θρήνων

400 1652 479 1714 ὡς
527 1649 638 1722 ἤδη
694 1652 1006 1727 παρόντων,
1065 1651 1155 1705 καὶ
1213 1657 1498 1726 συνθρηνεῖ
1554 1656 1668 1713 τοῖς
1726 1653 2052 1727 πάσχουσιν.

398 1746 523 1795 "Et:
573 1738 629 1795 δὲ
681 1741 873 1815 μικρὸν
933 1739 1234 1815 ἔμπροσθεν
1297 1743 1409 1814 (86)
1465 1739 1910 1816 πληκτικώτερον
1964 1739 2052 1796 καὶ

397 1827 763 1906 σφοδρότερον
804 1848 815 1859 ·

2173 578 2396 648 majora
2408 577 2654 633 fortasse
2666 581 2724 632 et
2737 575 3084 632 sublimiora
3107 592 3282 647 quam
3300 576 3623 633 multorum
3637 594 3822 635 sacer-

2170 666 2372 722 dotum
2397 671 2602 739 captus
2627 667 2790 733 ferat,
2815 665 3132 734 tendentia,
3157 663 3390 720 cilentio
3413 668 3820 723 commenden-

2170 760 2304 823 tur;
2339 755 2451 811 nisi
2483 757 2634 826 quod
2667 772 2700 811 a
2730 755 2954 811 dextris
2986 755 3161 810 etiam
3188 755 3370 827 ipsius
3400 756 3668 812 diabolus
3699 763 3819 814 sta-

2169 845 2289 913 bat,
2324 850 2386 900 ut
2417 845 2467 900 ei
2521 844 2829 900 obsisteret
2851 845 2932 898 "z
2987 861 3099 912 res,
3133 863 3260 900 meo
3309 845 3545 916 quidem
3568 847 3815 920 judicio,

2169 951 2284 990 non
2318 952 2513 1006 parva,
2545 951 2649 989 nec
2682 951 2859 1006 parvo
2893 938 3051 989 metu
3083 941 3138 989 et
3165 935 3432 990 cautione
3462 935 3656 1006 digna.

2243 1024 2426 1080 LXIII.
2461 1027 2596 1091 Quae
2622 1027 2839 1089 autem,
2875 1022 3125 1093 reliquos
3149 1027 3409 1095 pastores
3441 1025 3702 1082 studiose
3728 1043 3818 1083 ac-

2169 1115 2426 1170 cusando
2458 1118 2513 1169 et
2543 1113 2885 1169 insectando
2935 1113 3034 1184 ait,
3081 1113 3282 1184 ecquis
3323 1117 3439 1168 tam
3489 1114 3676 1170 audax
3706 1117 3816 1185 est,

2167 1208 2406 1275 tamque
2428 1202 2806 1258 adamantino
2830 1201 3046 1269 animo,
3075 1201 3174 1272 qui
3197 1218 3263 1256 ea
3285 1201 3529 1257 audiens
3554 1220 3666 1258 non
3686 1221 3816 1260 con-

2165 1295 2486 1359 tremiscat,
2519 1296 2576 1348 et
2607 1292 2799 1364 seipso
2832 1290 3185 1348 moderatior
3215 1291 3539 1346 reddatur?
3573 1291 3700 1359 Vox,
3731 1294 3816 1348 in-

2167 1382 2313 1453 quit,
2348 1381 2661 1452 lugentium
2691 1384 3003 1446 Pastorum,
3035 1382 3170 1451 quia
3199 1381 3409 1452 afﬂicta
3437 1383 3517 1435 est
3548 1383 3812 1453 magniﬁ-

2164 1473 2345 1528 centia
2375 1488 2586 1527 eorum.
2628 1473 2736 1528 Vox
2755 1471 3096 1542 rugientium
3128 1470 3501 1542 leonum,quia
3532 1471 3650 1527 haec
3666 1473 3818 1542 passi

2162 1564 2290 1618 sunt
2311 1562 2375 1616 ⁵³.
2403 1562 2563 1632 Ipsos
2591 1576 2824 1632 quoque
2845 1559 3269 1631 propemodum
3293 1559 3506 1626 luctus,
3527 1558 3813 1632 velutjam

2164 1654 2503 1724 praesentes,
2527 1650 2711 1720 audit,
2735 1653 2906 1719 atque
2930 1666 3046 1704 una
3066 1665 3199 1704 cum
3225 1648 3298 1705 iis
3331 1649 3428 1721 qui
3455 1649 3811 1718 cruciantur,

2163 1740 2344 1812 luget.
2376 1741 2455 1795 Ac
2487 1737 2660 1812 paulo
2692 1743 2823 1810 post
2855 1738 3047 1794 acrius
3070 1737 3260 1794 adhuc
3289 1743 3342 1794 et
3367 1737 3769 1795 vehementius
3795 1755 3807 1794 :

878 1829 1205 1901 Ποιμαίνετε
1240 1874 1253 1899 ,
1311 1829 1468 1906 φησὶ,
1521 1830 1588 1884 τὰ
1642 1825 1887 1904 πρόϐατα
1951 1837 2035 1899 τῆ‹

2162 1831 2390 1916 Pascite,
2423 1828 2634 1900 inquit,
2666 1845 2788 1884 oves
2816 1829 3127 1899 occisionis,
3155 1844 3289 1900 quas
3320 1828 3415 1900 qui
3437 1827 3808 1900 possidebant,

394 1925 630 1996 σφαγῆς,
690 1918 722 1972 ἂ
780 1919 832 1972 οἱ
877 1918 1210 1992 κτησάμενοι
1257 1917 1584 1996 κατέσφαζον
1644 1920 1778 1992 (87),
1836 1918 1926 1973 καὶ
1987 1918 2035 1974 oi

2162 1920 2516 1989 tugulabant,
2548 1935 2647 1974 nec
2690 1920 3012 1990 paenitentia
3050 1917 3427 1974 ducebantur:
3457 1927 3508 1974 et
3553 1920 3651 1990 qui
3677 1935 3812 1975 ven-

398 2005 799 2080 μετεμελοῦντο
851 2010 982 2082 (88)
1034 2008 1123 2062 καὶ
1173 2009 1224 2062 οἱ
1278 2007 1592 2070 πωλοῦντες
1649 2007 1781 2062 αὐτὰ
1837 2006 2044 2084 ἔλεγον.

392 2095 714 2171 Εὐλογητὸς
798 2095 993 2169 Κύριος
1028 2139 1042 2164 ,
1101 2096 1190 2150 καὶ
1264 2096 1720 2169 πεπλουτήκαμεν
1757 2116 1770 2128 ⁸
1830 2098 1919 2152 καὶ
1995 2099 2047 2152 οἱ

393 2184 654 2259 ποιμένες
713 2185 884 2241 αὐτῶν
949 2185 1047 2241 οὐκ
1103 2183 1339 2263 ἔπασχον
1413 2183 1564 2241 οὐδὲν
1633 2189 1745 2260 (89)
1816 2185 1898 2241 ἐπ’
1953 2187 2046 2242 αό-

388 2281 537 2336 τοῖς.
571 2276 669 2329 Διά
718 2279 880 2330 τοῦτο
939 2275 1000 2330 οὐ
1062 2275 1314 2353 φείσομαι
1374 2275 1473 2330 οὐκ
1527 2274 1604 2330 ἔτι
1662 2279 1774 2349 (90)
1807 2276 1892 2330 ἐπὶ
1917 2276 2044 2339 τοὺς

391 2368 781 2428 κατοικοῦντας
856 2365 955 2433 τὴν
1036 2368 1138 2440 γῆν
1176 2410 1190 2436 ,
1250 2363 1394 2442 λέγει
1473 2365 1668 2440 Κύριος
1744 2365 2046 2441 παντοκρά-

387 2470 527 2528 τωρ⁶
589 2452 679 2507 καὶ
734 2450 898 2507 πάλιν
937 2473 950 2484 ·
1009 2453 1278 2530 Ῥομφαία
1312 2497 1330 2525 ,
1387 2453 1694 2529 ἑξεγέρθητι
1765 2452 1852 2508 ἐπὶ
1919 2453 2045 2517 τοὺς

389 2540 657 2614 ποιμένας
693 2585 707 2611 ,
768 2541 857 2596 καὶ
931 2542 1197 2613 πατάξατε
1267 2541 1392 2603 τοὺς
1449 2541 1752 2614 ποιμένας,
1809 2544 1899 2597 καὶ
1957 2543 2042 2598 έκ-

385 2629 628 2685 σπάσατε
685 2631 752 2685 τὰ
806 2628 1072 2707 πρόϐατα·
1132 2631 1263 2700 καὶ,
1325 2630 1502 2702 ἐπάξω
1557 2631 1656 2700 τὴν
1715 2632 1880 2707 χεῖρά
1941 2654 2044 2706 μου

387 2719 478 2774 ἐπὶ
536 2719 662 2781 τοὺς
717 2719 1001 2793 ποιμένας,
1054 2721 1144 2775 καὶ
1206 2719 1443 2796 ὠργίσθη
1503 2721 1531 2774 ὁ
1582 2719 1753 2794 θυμός
1803 2743 1908 2794 μου
1957 2721 2044 2777 ἐπὶ

388 2807 522 2870 τοὺς
581 2808 848 2881 ποιμένας
905 2810 1056 2882 (94),
1113 2808 1204 2864 καὶ
1264 2808 1350 2863 ἐπὶ
1407 2808 1535 2870 τοὺς
1589 2808 1793 2882 ἀμνοὺς
1843 2809 2048 2866 έπισκέ-

384 2900 588 2970 ψομαι·
623 2897 938 2972 προστιθεὶς
985 2900 1098 2972 (92)
1145 2896 1254 2967 ἤδη
1303 2901 1371 2970 τῇ
1403 2895 1603 2972 ἀπειλῇ
1653 2898 1740 2953 καὶ
1780 2903 1876 2953 τοῦ
1911 2899 2044 2956 λαοῦ

382 2985 516 3047 τοὺς
547 2988 912 3063 προέχοντας.
946 2985 1104 3045 Οὕτω
1148 2985 1462 3064 φιλοπόνως
1515 2989 1930 3060 προσκαθέζεται
1965 2995 2046 3063 τῷ

388 3071 550 3148 λόγῳ
607 3075 697 3128 καὶ
757 3073 881 3130 οὐδὲ
957 3073 1342 3152 ἀπαλλαγῆναι
1399 3073 1618 3131 δύναται
1678 3075 1878 3154 ῥᾳδίως
1934 3083 2040 3134 τῶν

380 3163 672 3219 ἆιπειλῶν⁶
725 3163 865 3220 ὥστε
934 3162 1151 3221 δέδοικα
1207 3167 1284 3239 μὴ
1334 3165 1424 3221 καὶ
1474 3165 1634 3229 αὐτὸς
1691 3167 1953 3231 ἀπευκτὸς
2018 3171 2083 3245 ὧ,
2140 3169 2351 3226 πάντων
2405 3167 2526 3238 ἑξῆς
2585 3165 2932 3241 μεμνημένος
2969 3209 2982 3222 .

381 3274 590 3315 ουτως.

451 3347 575 3398 EA"
610 3345 725 3400 Ἵνα
784 3339 841 3398 δὶ
897 3341 1026 3406 τοὺς
1090 3342 1142 3399 έν
1193 3347 1273 3414 τῷ
1325 3342 1531 3413 Δανιὴλ
1604 3342 2044 3422 παραδράμωμεν

379 3427 810 3508 πρεσϐυτέρους·
870 3432 961 3488 καὶ
1019 3433 1121 3510 8ὰρ
1179 3430 1652 3509 παραδράμοιμεν,
1709 3433 1798 3489 καὶ
1845 3435 1908 3491 τὸ
1963 3441 2041 3510 τῷ

384 3517 626 3595 δεσπότῃ
697 3522 821 3597 περὶ
901 3521 1075 3577 αὐτῶν
1153 3519 1336 3584 καλῶς
1411 3524 1525 3595 (93)
1599 3523 1888 3598 εἰρημένον
1951 3526 2040 3580 καὶ

385 3608 866 3685 προηγορευμένον
951 3613 1117 3684 (94),
1203 3610 1284 3665 ὅτι
1386 3607 1607 3684 ἐξῆλθεν
1704 3611 1903 3685 ἀνομία
1982 3612 2041 3668 ἐκ

379 3693 712 3761 Βαϐυλῶνος
775 3699 834 3754 ἐκ
885 3695 1262 3775 πρεσϐυτέρων
1327 3704 1526 3775 κριτῶν
1585 3702 1745 3774 (95),
1806 3703 1862 3756 οἳ
1920 3700 2035 3757 ἐδό-

379 3807 511 3842 κουν
557 3783 818 3864 κυϐερνᾷν
877 3789 968 3843 τὸν
1028 3787 1181 3843 λαόν·
1244 3793 1362 3851 πῶς
1420 3785 1639 3862 οἴσομεν
1713 3792 1824 3864 (96)
1882 3791 2032 3862 Ἱεζε-

373 3875 537 3948 κιήλ,
563 3877 654 3932 τὸν
683 3882 790 3933 τῶν
824 3875 1074 3954 μεγάλων
1125 3877 1365 3949 ὲπόπτην
1397 3877 1485 3933 καὶ
1523 3877 1796 3954 ἐξηγητὴν
1834 3901 2034 3953 μυστη-

2159 2010 2361 2066 debant
2391 2025 2508 2080 eas,
2541 2007 2824 2076 dicebant,
2872 2009 3201 2063 Benedictus
3245 2008 3528 2076 Dominus,
3560 2009 3696 2080 quia
3723 2007 3807 2064 di—

2156 2101 2290 2155 ritas
2317 2099 2456 2169 [acti
2484 2113 2672 2152 sumus
2698 2114 2716 2150 :
2749 2105 2800 2153 et
2833 2105 3071 2168 pastores
3101 2113 3290 2152 earum
3336 2097 3484 2152 nihil
3514 2096 3715 2153 doloris
3745 2095 3808 2152 ob

2155 2205 2244 2244 eas
2273 2187 2577 2258 capiebant.
2612 2187 2906 2258 PrOpterea
2934 2203 3042 2242 non
3070 2203 3299 2257 parcam
3329 2184 3481 2241 ultra
3514 2202 3679 2258 super
3709 2185 3806 2241 ha-

2156 2278 2387 2334 bitantes
2417 2285 2642 2341 terram,
2664 2275 2796 2330 dicit
2828 2276 3097 2331 Dominus
3118 2276 3455 2346 omnipotens
3476 2275 3523 2309 ⁵⁸
3549 2299 3564 2343 ;
3595 2291 3660 2330 ac
3684 2292 3809 2330 rur-

2155 2383 2280 2433 sus,
2311 2367 2564 2435 Framea,
2594 2365 2863 2421 suscitare
2889 2381 3056 2437 super
3093 2366 3335 2436 pastores
3365 2364 3408 2398 ‘5
3434 2390 3447 2432 ;
3489 2369 3565 2430 et,
3593 2365 3796 2420 Percu-

2154 2458 2248 2512 tite
2267 2459 2530 2528 pastores,
2555 2470 2676 2512 oves
2704 2454 2996 2525 extrahite,
3019 2457 3070 2509 et
3099 2452 3355 2509 inducam
3375 2470 3601 2509 manum
3622 2471 3800 2510 meam

2152 2561 2318 2616 super
2341 2546 2613 2616 pastores;
2645 2546 2702 2598 et
2748 2561 2977 2610 rursus,
3031 2547 3211 2598 Iratus
3240 2553 3319 2598 est
3348 2547 3508 2614 [uror
3536 2560 3688 2598 meus
3719 2559 3802 2598 su-

2152 2650 2254 2707 per
2275 2638 2543 2706 pastores,
2568 2637 2617 2688 et
2645 2649 2811 2704 super
2838 2648 3006 2704 agnos
3056 2632 3286 2688 visitabo
3315 2632 3360 2667 ⁸⁸
3384 2648 3396 2688 :
3423 2632 3550 2704 jam
3582 2632 3803 2689 scilicet
3865 2635 3868 2638 ’

2152 2724 2314 2796 ipsos
2335 2738 2566 2794 quoque
2593 2719 2791 2793 populi
2815 2721 3092 2793 praesides
3124 2721 3183 2776 in
3216 2721 3670 2799 comminatione
3700 2722 3801 2777 ad-

2147 2814 2428 2885 jungens.
2451 2811 2639 2866 Tanto
2667 2810 2861 2866 studio
2893 2811 2953 2865 in
3000 2810 3106 2866 hac
3138 2809 3398 2866 oratione
3427 2810 3664 2878 insidet,
3698 2827 3802 2867 nec

2153 2919 2189 2958 a
2217 2902 2395 2957 minis
2425 2899 2595 2956 facile
2623 2899 2836 2955 abduci
2865 2904 3075 2972 potest.
3099 2900 3301 2973 Itaque
3323 2916 3543 2969 vereor,
3576 2917 3646 2955 ne
3678 2899 3802 2973 ipse

2153 3007 2386 3063 quoque
2418 2990 2476 3044 in
2507 2989 2707 3045 odium
2733 2989 3051 3058 incurram,
3085 2989 3284 3044 omnia
3313 2990 3516 3045 ordine
3547 3006 3798 3046 comme-

2154 3097 2411 3137 morans.
2436 3083 2650 3134 Verum
2674 3078 2980 3134 Zacharias
3005 3079 3240 3150 quidem
3265 3079 3336 3135 ad
3358 3079 3516 3135 hunc
3537 3079 3801 3134 modum.

3061 3164 3220 3222 Ἀλλ’
3277 3167 3305 3222 ὁ
3363 3167 3456 3240 μὲν
3532 3165 3804 3244 Ζαχαρίας

2224 3351 2322 3408 45
2360 3346 2549 3405 LXIV.
2592 3346 2664 3402 Ut
2694 3352 2888 3403 autem
2939 3345 3070 3404 illos
3101 3348 3254 3419 apud
3307 3345 3603 3404 Danielem
3635 3363 3805 3403 senes

2151 3442 2566 3511 praetereamus
2592 3436 2837 3502 ;etenim
2854 3442 3287 3508 pretereamus,
3311 3436 3536 3507 etquod
3561 3434 3802 3508 pulchre

2150 3528 2222 3584 de
2250 3528 2323 3583 iis
2353 3543 2387 3582 a
2416 3524 2663 3582 Domino
2694 3524 2916 3580 dictum
2963 3543 3028 3580 ac
3080 3524 3557 3597 praedictumest,
3591 3541 3800 3597 nempe

2149 3617 2303 3690 quod
2335 3632 2551 3687 egressa
2589 3617 2665 3669 est
2696 3615 2958 3686 iniquitas
2989 3631 3062 3669 ea:
3107 3615 3385 3687 Babylone
3427 3633 3461 3669 a
3489 3613 3799 3670 senioribus

2137 3706 2444 3778 judicibus,
2494 3705 2592 3775 qui
2635 3704 2895 3776 populum
2946 3720 3132 3773 regere
3185 3704 3510 3760 videbantur
3548 3703 3629 3770 57;
3680 3719 3795 3773 quo

2144 3796 2383 3851 tandem
2415 3793 2586 3850 modo
2618 3792 2971 3848 Ezechielem
3003 3793 3278 3859 feremus,
3306 3792 3497 3857 illum,
3528 3791 3793 3862 inquam,

2144 3899 2494 3957 magnorum
2517 3880 2930 3955 mysteriorum
2948 3885 3006 3937 et
3035 3881 3326 3938 visionum
3359 3886 3795 3952 conspectorem

449 4037 495 4072 ⁸³
521 4037 691 4095 Zach.
725 4055 809 4111 in,
843 4041 870 4095 1
906 4056 1070 4113 seqq.
1147 4039 1192 4075 ⁸³
1222 4040 1396 4096 Zach.
1447 4057 1525 4109 x1,
1569 4041 1623 4097 3.
1700 4041 1746 4076 “
1794 4041 1936 4098 ibid.
1987 4044 2035 4098 4-

2185 4043 2229 4079 ⁸⁵
2265 4041 2436 4099 Zach.
2486 4059 2609 4113 xm,
2639 4044 2696 4097 7.
2773 4042 2817 4078 ⁵⁸
2863 4042 3033 4098 Zach.
3066 4060 3122 4110 x,
3172 4043 3225 4097 3.
3303 4043 3346 4097 ’Ἰ
3405 4043 3550 4098 Dan.
3584 4040 3790 4108 xm,5.

442 4190 557 4265 (s3)
591 4189 682 4265 Εἷς
715 4189 955 4265 μεξζονα.
991 4191 1087 4248 Sic
1117 4192 1316 4265 decem
1368 4193 1832 4265 Regg.,_septem
1866 4195 2024 4250 Colb.

366 4265 425 4316 et
458 4261 554 4319 0r.
593 4263 641 4316 1.
674 4261 860 4335 Paris.
882 4279 1049 4335 _vero,
1095 4268 1154 4318 et
1180 4264 1354 4318 Gabr.
1386 4261 1471 4323 ὡς’
1493 4261 1742 4335 μείζονα.
1776 4265 1935 4322 Colb.
1967 4268 2024 4335 3,

367 4339 712 4409 utrumque,
743 4333 926 4409 thecis
960 4333 1201 4409 μείζονα.
1237 4335 1368 4409 Haec
1399 4333 1595 4391 autem
1626 4335 1885 4409 Gregorii
1908 4333 2027 4392 ver-

361 4405 441 4459 ba
473 4421 588 4478 non
613 4406 697 4461 sic
726 4406 1088 4478 accipienda,
1115 4422 1181 4461 ac
1203 4406 1252 4461 si
1274 4411 1611 4478 contemptu
1636 4429 1665 4457 «
1700 4405 2020 4464 m'ultorum
2132 4405 2251 4464 Jes.
2286 4405 2523 4478 habent.

2175 4477 2455 4604 ’(89)'06x
2500 4476 2762 4572 ἔπασχον,
2791 4477 2967 4566 οιξδέν.
3001 4481 3140 4537 Red.
3193 4479 3231 4548 Ι,
3283 4486 3329 4549 ι,
3376 4499 3434 4552 IJ,
3484 4483 3647 4540 Colb.
3704 4503 3791 4556 ω,

2134 4570 2195 4605 ου
2234 4551 2286 4604 ὲν
2320 4548 2558 4605 έπασγον
2591 4551 2657 4605 ἐπ
2706 4572 2908 4605 αυτοις.

361 4477 760 4548 sacerdotum,
798 4501 818 4526 ι
853 4477 1009 4534 dicta
1039 4478 1179 4533 sint.
1208 4478 1364 4534 Elias
1394 4477 1609 4534 idcirco
1641 4478 1903 4535 locutum
1938 4480 2023 4536 sio

363 4547 550 4632 fuisse
579 4547 1168 4632 theOIOgum‘censet,
1195 4549 1343 4632 quia
1372 4571 1400 4632 fc
1427 4549 1533 4605 soli
1561 4550 2018 4632 »_Christo,_n_on

363 4624 578 4694 autem,
595 4619 665 4694 iis
687 4642 720 4694 ι(
756 4619 854 4692 (ᾔυὶ
880 4619 1075 4694 plures
1100 4619 1237 4694 facti
1255 4624 1395 4694 sunt
1418 4622 1750 4694 sacerdotes
1773 4644 1800 4672 ››
1823 4623 2018 4694 (Hebr.

359 4707 465 4758 v11,
496 4691 610 4764 23),
644 4692 701 4746 id
735 4691 1042 4764 convenire
1073 4691 1444 4747 existimavit.
1479 4692 1641 4748 Unde
1668 4710 1776 4748 vox
1807 4691 1838 4743 «'
1871 4694 2020 4749 mul-

361 4767 524 4835 tos},
574 4764 740 4835 quasi
773 4785 802 4815 «
843 4763 950 4818 soli
997 4785 1025 4814 »
1078 4764 1345 4835 opposita
1392 4765 1572 4835 accipi
1623 4765 1810 4820 debet.
1847 4767 2022 4822 Favet

362 4833 638 4904 Ruﬁnus,
675 4837 989 4907 vertendo:
1025 4855 1054 4885 ‹‹
1082 4833 1464 4907 αόίὶιοιῐιὶηεε
1504 4833 1810 4907 pertinere,
1850 4859 1877 4886 »
1910 4841 2016 4892 etc.

359 4910 623 5030 ettmox:
658 4927 687 4956 ‹‹
721 4906 962 4962 humani
996 4906 1327 4975 sacerdotii,
1357 4925 1384 4957 ι
1435 4906 1566 4979 etc.,
1600 4912 1692 4978 qui
1725 4907 2019 4980 genuinus

359 4992 422 5030 es
483 4991 713 5030 sensus.

355 4991 451 5032 θει
483 4991 713 5032 8608118.

428 5047 546 5133 (84’)
574 5046 866 5133 iciunae;
897 5047 986 5133 xui
1011 5048 1161 5133 ’τῆν’
1184 5047 1394 5120 ψυχήν.
1446 5049 1617 5133 Deest
1663 5049 1750 5133 καί
1872 5054 2013 5133 Reg.

352 5117 396 5184 l,
429 5117 472 5185 t,
507 5119 663 5194 Qolb,
693 5117 779 5194 in.
814 5121 922 5194 Sed
971 5120 1098 5194 eius
1148 5117 1299 5194 loco,
1334 5124 1478 5194 post
1533 5120 1740 5194 ψυχήν,
1772 5117 2014 5194 {(‘pon'i-

348 5194 470 5246 tur.
506 5191 706 5248 COmb.
746 5191 904 5264 legit,
951 5188 1257 5264 τολμηρὸς
1288 5188 1388 5257 τὴν
1416 5188 1722 5264 quax-ﬂuxu?
1773 5188 2015 5264 ἀδαμάνς

344 5280 521 5330 τινος,
555 5268 613 5318 et
657 5262 866 5318 vertit:
902 5285 930 5312 ‹‹
978 5267 1096 5319 tam
1149 5262 1340 5318 audax
1386 5262 1583 5318 animo
1631 5269 1688 5319 et
1732 5262 2011 5320 adaman-

348 5333 535 5389 tinus.
573 5356 603 5384 »

423 5405 539 5476 (85)
610 5402 871 5476 Moquob,
923 5400 1164 5476 κᾲκούει.
1244 5404 1338 5459 Sic
1411 5403 1676 5476 plerique
1756 5405 2006 5476 codices,

343 5473 650 5568 Nopnulli,
701 5473 802 5530 οὐκ
849 5473 1054 5530 ἀκούει.
1108 5475 1248 5548 Reg.
1309 5473 1428 5548 hu,
1471 5473 1771 5550 μονονουχὶ
1809 5476 1898 5530 καὶ
1945 5473 2005 5531 ἀὲ

344 5566 534 5693 κοῖθὲ)
593 5618 712 5672 Ἔτι
765 5616 854 5693 καὶ
919 5617 1110 5692 μικρὸν
1158 5615 1496 5693 ἔμπροσθεν.
1559 5619 1726 5676 Solus
1796 5618 2002 5693 Billius

346 5689 582 5760 reddit;
618 5712 644 5741 «
682 5691 851 5762 paulo
882 5689 1034 5746 ante;
1072 5711 1094 5740 ι
1146 5689 1513 5750 Gabrielius:
1563 5714 1592 5742 «
1625 5695 1797 5763 atque
1823 5691 1998 5748 etiam

2129 4783 2240 4825 νας.
2276 4769 2401 4820 Haec
2459 4769 2674 4822 desunt
2723 4769 2779 4820 in
2832 4769 3110 4821 omnibus
3160 4783 3305 4838 pene
3352 4769 3786 4835 codicibus,'in

2128 4844 2257 4891 octo
2288 4837 2486 4906 regiis,
2519 4854 2618 4893 sex
2649 4837 2833 4903 Colb.,
2866 4838 2961 4894 Or.
2996 4838 3047 4890 1.
3081 4840 3138 4892 et
3175 4839 3293 4893 Jes.
3329 4839 3556 4895 Habent
3588 4848 3786 4898 tamen

2127 4907 2415 5048 ngptaulli.
2449 4911 2556 4965 Pro
2587 4907 2856 4983 ὠργίσθη,
2891 4909 3106 4981 legitur
3134 4908 3190 4962 in
3223 4926 3389 4966 sacro
3431 4917 3612 4981 textu,
3644 4934 3783 4988 παρ-

2126 4999 2170 5032 ω
2206 5001 2261 5032 υν
2301 5001 2356 5049 η.

2137 4197 2311 4268 paulo
2343 4197 2494 4268 post.
2534 4215 2554 4243 η
2591 4195 2792 4268 Comb.
2832 4217 2852 4243 ι
2877 4195 3184 4268 adhucque
3217 4196 3387 4268 paulo
3419 4197 3689 4264 ulterius,
3722 4216 3750 4244 »

2207 4267 2320 4342 (8‘?)
2345 4263 2716 4342 Κατέσφαζον.
2752 4267 2888 4342 Reg.
2924 4266 2963 4336 l,
2996 4263 3347 4342 κατέσφαξαν.

2205 4335 2318 4413 (88)
2348 4335 2779 4413 Mecepéloijvro:
2815 4335 2955 4394 Octo
3001 4335 3184 4410 Regii;
3215 4335 3335 4395 tres
3387 4339 3568 4408 Colb.,
3604 4341 3698 4397 0r.
3731 4344 3784 4413 4,

2560 4407 2944 4481 μετεμέλοντο.

2234 4547 2303 4604 ἐν’
2320 4547 2558 4622 ἔπασχον
2591 4547 2677 4605 ἐπ’
2706 4550 2908 4613 αὐτοῖς.

2348 4619 2589 4696 Οὐκέτι.
2623 4625 2685 4679 In
2719 4625 2857 4696 Reg.
2892 4619 3176 4696 ηοῦκέτι.

2378 4694 2630 4771 Ὠργίσθη
2804 4691 3011 4771 δυμός-
3061 4714 3165 4765 μου
3240 4695 3328 4748 ἐπὶ
3401 4695 3790 4771 τουςνποιμέ.

2459 4716 2630 4763 ιισυη
2713 4716 2740 4748 ο
2818 4716 2990 4766 υυμος
3061 4716 3165 4765 μου
3240 4716 3328 4748 επι
3401 4716 3530 4758 τους
3589 4716 3788 4771 ποιμε.

2459 4716 2674 4822 (iesunt
2723 4767 2779 4820 in
2832 4766 3110 4821 omnibus
3160 4783 3305 4838 pene
3352 4769 3674 4835 codicibus,
3728 4773 3788 4827 in

2361 5050 2695 5128 Προστιθείς.
2751 5051 2913 5128 Colb.
2963 5052 3028 5128 3,
3189 5069 3374 5128 marg.
3433 5052 3787 5128 προστίθησι,

2125 5120 2328 5201 _Billius
2359 5120 2420 5177 in
2444 5128 2572 5201 _no_t.
2623 5122 2947 5201 προστίθησι
2973 5120 3042 5201 ,δὲ
3075 5120 3423 5201 ἤδηκβὶὶιιε,
3474 5120 3530 5182 et
3562 5120 3704 5200 Reg.
3747 5120 3787 5201 Ι,

2121 5192 2202 5248 ita
2233 5197 2410 5249 etiam
2444 5192 2681 5259 habent,
2715 5196 2933 5265 omisso
2965 5200 3161 5250 tamen
3194 5192 3326 5265 ἤδη.

2193 5267 2306 5346 (93)
2356 5265 2485 5338 Περὶ
2562 5264 2735 5319 αὐτῶν
2809 5263 3013 5327 καλῶς.
3077 5266 3216 5339 Reg.
3294 5263 3342 5336 VI,
3410 5266 3592 5330 καλῶς
3655 5271 3783 5346 περὶ

2120 5333 2316 5391 αὐτῶν.

2189 5409 2301 5532 (9)4)
2331 5405 2440 5532 ἔρξὲὶο
2461 5411 2967 5483 προηγορευμένον.
3001 5411 3178 5465 Abest
3208 5427 3240 5465 a
3270 5410 3540 5482 pluribus
3567 5417 3778 5488 8938.,

2116 5479 2299 5544 Colb.,
2331 5484 2440 5533 etc.

2185 5551 2297 5621 (95)
2330 5553 2558 5620 Κριτῶν.
2597 5552 2658 5606 In
2693 5550 3000 5621 permultis
3032 5553 3332 5609 codicibus
3368 5556 3549 5611 deest.

2183 5623 2296 5694 (96)
2330 5621 2582 5693 Oi’oopev.
2618 5623 2741 5678 Duo
2774 5623 2948 5696 Regg.
2986 5630 3043 5680 et
3069 5628 3186 5681 Jes.
3223 5621 3480 5697 οἷσωμεν.
