4184 6202
391 340 510 403 ΠΒ

1629 340 1693 403 S.
1744 336 2117 400 GREGORII
2161 340 2557 403 THEOLOGI

3686 347 3805 409 1'16

393 476 450 529 et
480 473 850 545 interpretem
878 472 906 527 7
946 472 1244 536 Quomodo
1290 489 1416 543 quas
1467 472 1806 545 pastoribus
1836 471 2041 543 praeci-

2155 470 2283 545 plwv
2319 472 2407 526 καὶ
2438 472 2719 546 θεαμάτων
2751 476 2861 547 (97)
2897 492 2911 543 ;
2944 477 3067 538 Πῶς
3094 473 3188 547 μὶν
3218 474 3249 529 ἃ
3278 480 3394 537 τοῖς
3428 482 3654 541 σκοποῖς
3688 454 3805 550 (98)

393 565 502 635 pit,
536 563 644 618 hoc
666 568 755 618 est
778 578 846 617 ue
872 561 1077 616 vitium
1096 560 1474 633 gladiumque
1498 561 1606 635 ipsi
1631 560 2041 633 supervenien-

391 656 511 708 tem
545 650 775 707 silentio
825 649 1242 707 dissimulent?
1274 650 1435 715 Quod
1485 652 1765 708 nimirum
1798 650 1907 707 hoc
1941 667 2044 707 nec

392 740 559 812 ipsis,
595 756 698 793 nec
732 738 803 794 iis
833 740 930 810 qui
962 746 1218 810 peccant,
1249 740 1675 812 utilefuturum
1698 740 1810 808 sit;
1844 745 2045 795 contra

388 834 599 891 autem,
635 828 946 899 praevidere
979 846 1043 883 ac
1075 831 1485 901 prmnuntiare,
1523 831 1788 902 utrisque
1825 829 2040 885 utilita-

387 921 501 973 tem
536 916 853 972 allaturum
876 919 953 973 sit
984 918 1028 952 ³⁸
1058 936 1070 986 ;
1096 919 1145 974 si
1169 919 1254 975 illi
1278 920 1512 991 quidem
1540 921 1811 984 dixerint,
1846 919 1902 973 bi
1939 936 2041 974 au-

385 1010 502 1062 tem
536 1006 865 1063 audierint:
899 1007 991 1063 sin
1044 1008 1263 1078 minus,
1297 1015 1355 1065 at
1393 1008 1465 1065 iis
1494 1015 1648 1065 certe
1678 1008 1777 1081 qui
1812 1008 2038 1063 denun-

386 1094 606 1151 tiarint.

463 1184 618 1240 LXV.
653 1186 776 1252 Quo
798 1186 934 1242 item
961 1189 1132 1243 modo
1166 1186 1347 1244 alium
1376 1205 1508 1243 eum
1534 1186 2038 1260 impetum,§quem

385 1274 445 1330 in
477 1280 741 1347 pastores
772 1277 927 1344 facit,
963 1295 1119 1333 nunc
1164 1278 1223 1333 in
1255 1278 1347 1334 his
1395 1278 1608 1345 verbis,
1649 1279 1730 1334 Va:
1760 1292 1927 1347 super
1956 1290 2040 1332 vae

385 1366 514 1430 erit,
546 1370 597 1420 et
625 1368 855 1421 nuntius
883 1384 1047 1437 super
1102 1370 1382 1438 nuntium,
1432 1370 1483 1421 et
1540 1368 1677 1422 visio
1706 1383 1739 1421 a
1780 1366 2041 1437 propheta

383 1456 720 1526 requiritur,
751 1460 803 1510 et
833 1458 921 1511 lea:
954 1475 984 1512 α
1017 1458 1293 1514 sacerdote
1332 1457 1558 1529 peribit,
1607 1459 1658 1512 et
1684 1455 1975 1511 consilium
2003 1471 2038 1508 a

378 1544 688 1599 senioribus
718 1545 799 1605 5°;
833 1562 987 1599 nunc
1011 1563 1245 1601 rursum
1277 1546 1336 1600 in
1360 1546 1474 1615 bis,
1498 1546 1607 1600 Fili
1662 1546 1920 1614 hominis,
1950 1543 2038 1598 dic

380 1633 510 1704 ipsi,
545 1634 613 1687 Tu
643 1649 699 1688 es
721 1638 873 1689 terra
902 1651 1007 1689 non
1034 1634 1333 1707 compluta,
1359 1652 1459 1691 nec
1487 1636 1681 1702 pluvia
1702 1637 1846 1689 venit
1872 1650 2037 1705 super

383 1722 434 1777 te
464 1724 521 1776 in
552 1722 641 1777 die
671 1724 774 1779 ira:
799 1742 817 1778 :
847 1726 1004 1795 cujus
1028 1726 1287 1796 prie/ccli
1316 1726 1373 1779 in
1397 1725 1574 1781 medio
1603 1726 1717 1788 eius
1750 1722 1899 1778 velut
1931 1723 2034 1778 leo-

380 1827 477 1866 nes
508 1814 805 1884 rugientes,
847 1814 1124 1883 rapientes
1172 1816 1421 1885 rapinas,
1471 1814 1787 1870 devoranles
1816 1815 2035 1868 aninms
2067 1855 2113 1920 Β

383 1901 715 1971 inpotentia
744 1903 808 1957 σο.
860 1903 928 1957 Et
972 1902 1270 1958 nonnullis
1317 1902 1673 1975 interjectis:
1723 1902 2033 1958 Sacerdotes

388 1990 505 2060 ejus
532 1992 969 2046 condemnebant
990 1992 1159 2062 legem
1181 2009 1380 2061 meam,
1404 2001 1453 2047 et
1480 1991 1803 2063 polluebant
1830 1992 2033 2046 Sancta

387 2095 554 2133 mea:
590 2081 732 2135 inter
756 2083 995 2151 profana
1039 2086 1090 2136 et
1139 2090 1346 2149 sancta,
1392 2081 1600 2152 inquit,
1652 2080 1803 2136 nihil
1836 2080 2031 2136 discri-

383 2170 553 2223 minis
605 2172 939 2239 statuebant,
990 2170 1081 2225 sed
1126 2174 1316 2227 omnia
1365 2189 1531 2226 unum
1579 2174 1656 2226 eis
1704 2179 1884 2236 erant,
1916 2174 1968 2226 et
1996 2189 2032 2226 a

379 2256 633 2313 Sabbatis
680 2261 819 2314 meis
868 2260 1047 2314 oculos
1095 2277 1220 2315 suos
1266 2260 1599 2332 operiebant,
1649 2265 1704 2315 et
1751 2262 1807 2314 in
1857 2259 2031 2315 medio

380 2362 571 2403 eorum
617 2350 1018 2421 coinquinabar
1055 2351 1121 2403 ⁶¹.
1171 2350 1787 2421 Consumpturumque
1838 2365 1919 2418 se,
1975 2353 2032 2403 et

383 2436 729 2507 parientem,
763 2444 820 2493 et
850 2456 945 2493 8w
980 2438 1076 2509 qui
1109 2455 1240 2493 eum
1274 2438 1508 2503 liniunt,
1544 2439 1801 2494 minatur
1823 2438 1889 2503 δ’,
1923 2437 2031 2493 hoc

384 2529 492 2593 est,
526 2542 624 2581 eos
656 2526 755 2597 qui
788 2533 1047 2597 peccant,
1082 2532 1139 2581 et
1160 2544 1257 2582 eos
1288 2527 1387 2598 qui
1428 2527 1791 2598 peccantium
1823 2526 2034 2582 delicta

386 2614 702 2685 obtegunt:
736 2619 889 2684 quod
914 2614 1201 2670 malorum
1226 2616 1555 2687 principum
1585 2621 1639 2671 et
1662 2618 2029 2672 sacerdotum

386 2707 493 2770 est,
519 2720 584 2757 ac
615 2703 852 2758 demum
892 2704 1125 2759 Israelis
1154 2705 1211 2759 in
1261 2710 1661 2761 transversum
1710 2707 2029 2779 agentium,

385 2792 711 2847 secundum
744 2794 916 2849 corda
958 2810 1084 2862 sua,
1137 2794 1465 2850 abalienata
1510 2794 1569 2850 in
1613 2796 2033 2867 cupiditatibus

386 2896 531 2936 81118.

464 3150 649 3207 LXVI.
685 3150 852 3207 Mitto
881 3168 1005 3224 quae
1036 3153 1106 3209 de
1135 3153 1206 3209 iis
1251 3154 1506 3223 disserit,
1540 3154 1638 3226 qui
1681 3153 1906 3225 seipsos
1935 3170 2035 3226 pa-

2154 555 2541 631 διακελεύεται,
2604 563 2679 635 μή
2739 567 3081 634 κατασιωπᾷν
3156 564 3255 633 τὴν
3316 564 3528 637 κακίαν,
3586 568 3676 621 καὶ
3732 570 3802 638 τὴ

2154 648 2532 726 ἐπερχομένην
2563 653 2673 725 (99)
2726 651 2892 726 ταύτῃ
2952 651 3273 730 pauperiem;
3334 655 3409 716 ὡς
3469 652 3592 711 οὔτε
3623 656 3801 727 αὐτοῖ,

2150 743 2310 794 τοῦτο
2359 738 2679 795 λυσιτελοῦν
2717 785 2730 811 ,
2789 737 2911 795 οὔτε
2964 747 3081 803 τοῖς
3140 741 3528 815 ἆμαρτάνουσυ
3586 750 3683 800 τοῦ
3744 744 3803 801 δὲ

2150 825 2464 904 προΐδέσθαι
2511 830 2601 883 καὶ
2649 832 2983 906 προκηρῦξαι
3040 834 3113 905 (1)
3172 831 3513 908 ἀμφοτέρους
3573 833 3800 905 ὀνήσον-

2148 938 2263 989 τος,
2300 918 2343 971 εἷ
2376 918 2427 971 οἱ
2480 919 2573 991 μὶν
2624 917 2846 989 εἶ’ποιεν,
2898 921 2949 974 οἱ
2999 917 3054 975 δὲ
3086 920 3391 993 ἀκούσαιεν,
3426 923 3460 992 ἢ
3494 924 3709 987 πάντως
3742 946 3804 1002 γε

2146 1006 2273 1069 τοὺς
2304 1006 2666 1081 μηνύσαντας.

2219 1185 2343 1240 ΞΕ’.
2398 1189 2521 1248 Πῶς
2568 1181 2625 1240 δὲ
2672 1186 2768 1254 τήν
2822 1182 2999 1257 ἄλλην
3036 1184 3405 1262 καταδρομὴν,
3458 1189 3519 1259 ἦν
3564 1195 3803 1246 ποιεῖται

2144 1276 2281 1329 κατὰ
2334 1278 2440 1328 τῶν
2500 1274 2925 1348 ποιμαινόντων,
2982 1280 3074 1330 νῦν
3134 1276 3228 1349 μὲν
3289 1276 3340 1332 έν
3406 1276 3623 1341 τούτοις
3677 1284 3801 1341 τοῖς

2148 1362 2423 1439 ῥήμασιν·
2480 1362 2608 1417 Οὒαὶ
2665 1362 2752 1418 ἐπὶ
2825 1364 2944 1419 οὐαὶ
3004 1363 3148 1420 ἔσται
3183 1413 3198 1438 ,
3257 1365 3343 1420 καὶ
3422 1365 3649 1443 ἀγγελία
3709 1367 3799 1423 ἐπὶ

2147 1450 2428 1528 ἀγγελίαν,
2487 1451 2574 1507 καῖ
2632 1452 3057 1525 ἐκζητηθήσεται
3118 1454 3302 1529 ὅρασις
3362 1456 3421 1510 ἐκ
3484 1458 3797 1535 προφήτου,

2143 1541 2232 1596 καὶ
2280 1540 2448 1616 νόμος
2525 1541 2807 1597 ἀπολεῖται
2884 1542 2935 1613 ἐξ
3012 1544 3199 1619 ἱερέως
3234 1590 3248 1616 ,
3332 1545 3420 1599 καὶ
3500 1544 3671 1621 βουλὴ
3736 1546 3801 1601 ἐκ

2143 1627 2542 1707 πρεσϐυτέρων·
2591 1635 2681 1686 νῦν
2738 1630 2795 1687 δὲ
2843 1630 2893 1687 έν
2944 1631 3168 1696 ἐκείνοις
3215 1632 3400 1689 πάλιν·
3452 1635 3541 1689 ru
3582 1635 3797 1711 ἀνθρώ-

2142 1743 2269 1791 που,
2330 1723 2480 1775 εἷπον
2541 1720 2721 1795 αὐτῇ⁶
2787 1721 2863 1776 Σὺ
2936 1722 2984 1776 εἶ
3036 1729 3104 1798 γῆ
3166 1722 3226 1778 οὗ
3288 1726 3367 1797 (2)
3430 1724 3738 1799 βρεχομένη
3778 1769 3793 1795 ,

2142 1807 2266 1865 οὐδὲ
2325 1810 2473 1872 ὑετὸς
2532 1809 2742 1885 ἐγένετο
2802 1809 2889 1865 ἐπὶ
2942 1811 2999 1866 σὲ
3059 1811 3109 1866 ἐν
3160 1813 3344 1889 ἡμέρᾳ
3389 1813 3571 1889 όργῆςσ
3619 1814 3687 1883 ἧς
3741 1814 3799 1868 οἱ

2144 1898 2518 1978 ἀφηγούμενοι
2580 1899 2630 1954 έν
2692 1899 2839 1974 μέσῳ
2893 1900 3083 1973 αὐτῆς,
3143 1901 3216 1963 ὡς
3275 1901 3487 1963 λέοντες
3551 1901 3800 1977 ὠρυόμε-

2140 2012 2273 2058 νοι,
2332 1988 2661 2063 ἁρπάζοντες
2742 1988 3088 2066 ἁρπάγματα,
3166 1990 3348 2066 ψυχάς
3426 1980 3798 2055 κατεσθίοντες

2141 2079 2192 2134 ὲν
2255 2074 2548 2151 δυναστείᾳ’
2610 2079 2700 2133 καὶ
2763 2080 2876 2151 μετ’
2934 2076 3112 2155 ὀλίγα*
3175 2080 3237 2133 Oi
3294 2081 3460 2155 ἱερεῖς
3521 2079 3685 2150 αὐτῆς
3720 2083 3798 2155 (3)

2141 2168 2367 2237 ἠθέτουν
2428 2166 2597 2241 νόμον
2658 2188 2803 2240 μου,
2859 2168 2949 2222 καὶ
3008 2162 3307 2238 ἐϐεϐήλουν
3355 2168 3423 2222 τά
3477 2168 3599 2244 ἅγιά
3663 2190 3790 2239 μου·

2144 2252 2404 2333 βεϐήλοις
2481 2278 2539 2312 τε
2594 2257 2683 2311 καὶ
2758 2256 2978 2333 ἁγίοις,
3040 2258 3247 2335 φησὶν,
3309 2257 3372 2311 οὐ
3430 2254 3793 2325 διέστελλον,

2140 2343 2285 2401 ἀλλὰ
2330 2347 2502 2400 πάντα
2558 2346 2624 2414 ἦν
2678 2344 2859 2408 αὐτοῖς
2915 2345 2996 2414 ἓν,
3052 2345 3142 2400 καὶ
3201 2346 3306 2401 ἀπὸ
3362 2351 3468 2401 τῶν
3502 2341 3784 2402 σαϐϐάτων

2146 2456 2249 2507 μου
2319 2433 2731 2507 παρεκάλυπτον
2802 2433 2927 2496 τοὺς
3010 2434 3325 2513 ὀφθαλμοὺς
3405 2435 3575 2491 αὐτῶν
3611 2480 3625 2506 ,
3693 2435 3785 2491 καὶ

2141 2518 2524 2596 ἐϐεϐηλούμην
2602 2524 2653 2577 ἐν
2717 2523 2863 2597 μέσῳ
2932 2523 3107 2579 αὐτῶν
3143 2544 3156 2556 ·
3217 2524 3487 2581 συντελεῖν
3561 2546 3619 2580 τε
3690 2527 3783 2581 τὸν

2138 2618 2353 2689 τοῖχον,
2412 2613 2499 2667 καὶ
2556 2612 2683 2675 τοὺς
2742 2611 3061 2690 ἀλείφοντας
3119 2614 3277 2670 αὐτὸν
3321 2613 3582 2669 ἀπειλῶν·
3631 2614 3693 2670 τὰ
3730 2613 3789 2670 δέ

2142 2701 2274 2771 ἐστι,
2324 2700 2451 2764 τοὺς
2504 2698 2910 2778 ἁμαρτάνοντας
2954 2703 3032 2775 (4)
3087 2701 3334 2765 καὶτοὺς
3382 2700 3787 2777 συγκαλύπτον-

2141 2809 2255 2854 τας’
2318 2789 2450 2866 ὅπερ
2498 2790 2631 2845 εἶναι
2693 2794 2871 2845 κακῶν
2934 2789 3212 2866 ἀρχόντων
3270 2791 3360 2845 καὶ
3418 2792 3644 2867 ἱερέων,
3700 2792 3793 2845 καὶ

2141 2879 2556 2956 πλαγιαζόντων
2608 2882 2685 2954 (5)
2738 2880 2827 2935 τὸν
2875 2880 3021 2935 οἷκον
3088 2878 3184 2935 τοῦ
3235 2878 3453 2955 Ἰσραήλ
3507 2882 3643 2935 κατὰ
3694 2882 3795 2943 τὰς

2143 2967 2367 3047 καρδίας
2418 2970 2593 3025 αὐτῶν
2644 2970 2737 3032 τὰς
2790 2967 3319 3044 ἆπηλλοτριωμένας
3370 2968 3420 3024 έν
3452 2974 3565 3032 τοῖς
3613 2967 3795 3033 ἐπιθυ-

2153 3061 2227 3134 μή
2240 3082 2397 3133 μασιν
2432 3061 2509 3134 (6)
2541 3057 2737 3115 αὐτῶν.

2216 3152 2330 3218 EC.
2391 3150 2489 3203 Καὶ
2549 3153 2740 3203 σιωπῶ
2798 3147 2972 3224 λέγειν
3021 3146 3118 3203 ὅσα
3166 3147 3429 3221 περὶτῶν
3485 3147 3794 3225 βοσκόντων

392 3244 584 3307 scunt,
620 3244 676 3295 et
705 3240 793 3297 lac
824 3243 1159 3313 comedunt,
1190 3248 1247 3299 et
1276 3242 1428 3299 lanis
1465 3248 1762 3316 teguntur,
1799 3248 1855 3298 et
1883 3243 2039 3314 quod

2155 3237 2373 3300 ἑαυτοὺς
2432 3235 2762 3313 διαλέγεται,
2819 3239 2879 3292 τὸ
2933 3235 3075 3314 γάλα
3129 3237 3535 3309 κατεσθιόντων,
3589 3237 3677 3292 καὶ
3728 3239 3797 3292 τά

391 3344 658 3384 crassum
692 3334 800 3399 est,
826 3330 1123 3403 jugulant,
1147 3348 1379 3404 gregem
1409 3338 1603 3387 autem
1628 3349 1743 3388 non
1764 3337 2039 3404 pascunt,

392 3416 503 3472 hoc
552 3420 706 3489 quod
760 3419 1060 3476 inﬁrmum
1107 3426 1215 3487 est,
1266 3422 1666 3487 corroborant,
1718 3438 1843 3487 nec,
1886 3422 2041 3492 quod

392 3507 775 3575 confractum,
827 3508 1091 3581 alligant,
1145 3526 1249 3565 nec
1299 3511 1453 3581 quod
1498 3516 1670 3578 errat,
1734 3512 2042 3575 reducunt,

390 3611 514 3661 nec,
549 3597 703 3667 quod
737 3597 921 3666 periit,
959 3599 1283 3669 requirunt,
1319 3616 1442 3668 nec,
1481 3599 1635 3670 quod
1664 3600 1899 3655 ﬁrmum
1930 3604 2043 3667 est,

392 3692 738 3741 conservant
766 3687 829 3757 ⁸³,
855 3688 954 3742 sed
977 3686 1173 3743 labore
1196 3688 1536 3757 conficiunt,
1566 3706 1629 3743 ac
1660 3689 1728 3743 de
1753 3689 2046 3744 industria

392 3781 638 3831 enecant
664 3792 676 3829 :
712 3776 816 3845 sic,
852 3781 916 3831 ut
936 3793 1070 3831 oves
1092 3778 1163 3832 ob
1188 3782 1487 3848 pastorum
1513 3778 1613 3833 46
1636 3777 1914 3849 inopiam,
1945 3795 2047 3850 per

394 3881 628 3921 omnem
647 3882 921 3938 campum
946 3871 1003 3921 et
1015 3871 1268 3921 montem
1289 3866 1568 3938 dispersas
1584 3868 1721 3936 sint,
1738 3872 1909 3938 atque
1926 3884 2047 3923 om-

394 3954 569 4010 nibus
600 3956 805 4010 avibus
835 3961 891 4011 et
912 3955 1119 4011 bestiis
1152 3957 1352 4028 praeda
1381 3956 1615 4027 fuerint,
1640 3957 1795 4029 quod
1819 3974 1932 4012 non
1950 3972 2047 4013 es-

394 4050 501 4114 set,
522 4043 620 4114 qui
646 4044 961 4115 requireret
985 4061 1050 4100 ac
1073 4046 1461 4100 reduceret“.
1489 4046 1635 4110 Quid
1656 4050 1857 4118 postea
1874 4046 1901 4100 7
1924 4047 2047 4102 Vivo

392 4148 512 4202 ego,
542 4133 681 4186 dicit
734 4134 1016 4200 Dominus,
1045 4151 1148 4206 pro
1195 4150 1255 4190 eo
1296 4135 1436 4206 quod
1484 4134 1601 4192 haec
1631 4138 1709 4190 ita
1737 4152 1793 4192 se
1824 4137 2047 4202 habent,

390 4225 555 4291 atque
584 4236 703 4275 oves
732 4238 863 4277 meae
913 4226 971 4277 in
1017 4226 1268 4294 praedam
1317 4230 1563 4295 luerunt,
1614 4241 1730 4281 ecce
1769 4242 1862 4297 ego
1886 4241 2051 4297 super

389 4313 652 4385 pastores,
684 4322 738 4365 et
768 4314 1050 4382 requiram
1072 4329 1192 4369 oves
1220 4330 1368 4369 meas
1396 4313 1460 4369 (le
1489 4315 1743 4369 manibus
1770 4330 1959 4370 eorum
1983 4315 2046 4385 ⁸⁵,

395 4406 571 4471 atque
599 4416 696 4455 eas
728 4400 964 4471 quidem
1004 4401 1274 4474 colligam
1320 4402 1586 4475 mihique
1635 4421 1889 4459 asseram
1918 4421 1931 4473 ;
1964 4402 2051 4458 illi

2150 3324 2268 3404 ἔρια
2324 3322 2830 3403 περιϐαλλομένων,
2889 3327 2974 3382 καὶ
3024 3326 3086 3382 τὸ
3135 3326 3285 3403 παχὺ
3340 3326 3647 3405 σφαζόντων
3694 3328 3793 3400 (7),

2152 3416 2297 3474 ἀλλὰ
2348 3419 2423 3491 μὴ
2483 3418 2884 3490 ποιμαινόντων
2934 3416 3002 3472 τὰ
3055 3412 3338 3491 πρόϐατα,
3384 3417 3447 3472 τὸ
3495 3416 3797 3488 ἡσθενηκὸς

2154 3507 2253 3562 οὐκ
2298 3506 2678 3583 ένισχυόντων,
2723 3506 2812 3561 καὶ
2858 3508 2920 3561 τὸ
2974 3507 3422 3581 συντετριμμένον
3474 3505 3535 3561 οὐ
3573 3502 3797 3561 καταδε-

2154 3597 2460 3669 σμούντων,
2494 3596 2583 3651 καὶ
2615 3597 2675 3651 τὸ
2707 3595 3065 3669 πλανώμενον
3100 3595 3200 3651 οὐκ
3230 3595 3678 3674 ἐπιστρεφόντων,
3710 3595 3804 3649 καὶ

2151 3687 2214 3741 τὸ
2257 3686 2576 3753 ἀπολωλὸς,
2628 3685 2727 3740 οὐκ
2770 3686 3163 3755 ἑκζητοόντων,
3214 3684 3303 3739 καὶ
3350 3685 3412 3740 τὸ
3468 3684 3685 3761 ἴσχυρὸν
3738 3683 3803 3739 οὐ

2155 3774 2538 3853 φυλαττόντων
2570 3819 2585 3845 ,
2663 3772 2808 3829 ἀλλὰ
2871 3773 3066 3849 μόχθῳ
3132 3774 3607 3849 κατεργαζομένων
3639 3819 3652 3843 ,
3712 3772 3804 3827 καὶ

2154 3864 2289 3919 κατᾶ
2321 3860 2563 3932 σπουδὴν
2622 3861 2998 3919 ἀπολλύντων·
3059 3861 3132 3925 ὡς
3188 3859 3503 3939 διεσπάρθαι
3556 3861 3621 3917 τὰ
3668 3861 3799 3937 πρό-

2156 3948 2292 4008 ϐατα
2339 3952 2472 4007 κατὰ
2520 3954 2719 4014 παντὸς
2779 3948 2966 4007 πεδίου
3019 3952 3107 4006 καὶ
3158 3946 3341 4025 ὅρους,
3398 3952 3544 4025 παρᾶ
3597 3950 3658 4005 τδ
3720 3951 3799 4023 μή

2157 4044 2293 4098 εἶναι
2346 4043 2631 4115 ποιμένας,
2688 4042 2778 4096 καὶ
2830 4042 3074 4117 γενέσθαι
3131 4037 3467 4115 κατάϐρωμα
3514 4046 3645 4095 πᾶσι
3702 4061 3799 4094 πε-

2155 4138 2353 4194 τεινοῑς
2400 4132 2487 4187 καὶ
2537 4131 2749 4207 θηρίοις
2801 4133 2898 4204 (8),
2951 4130 3048 4186 οὐκ
3100 4124 3250 4191 ὄντος
3298 4136 3394 4184 τοῦ
3444 4129 3803 4200 έκζητοῦντος

2157 4222 2247 4277 καὶ
2280 4220 2715 4298 ἐπιστρέφοντος.
2766 4218 2896 4273 Εἶτα
2945 4217 2997 4274 τί
3031 4237 3044 4287 ;
3078 4222 3160 4272 Ζῶ
3210 4216 3342 4296 ἐγὼ,
3395 4218 3526 4297 φησὶ
3575 4220 3671 4292 (9),
3705 4215 3794 4272 λέ-

2156 4332 2236 4387 γει
2296 4309 2511 4383 Κύριος,
2573 4308 2687 4365 ἀντὶ
2743 4313 2838 4365 τοῦ
2894 4306 3061 4364 ταῦτα
3112 4306 3283 4371 οὕτως
3339 4303 3507 4385 ἔχειν,
3563 4307 3651 4362 καὶ
3705 4327 3799 4382 γει

2158 4402 2336 4457 νέσθαι
2387 4401 2455 4455 τὰ
2512 4394 2756 4474 πρόϐατά
2814 4419 2918 4472 μου
2989 4397 3063 4461 εἷς
3123 4399 3406 4474 προνομὴν
3441 4444 3457 4471 ,
3516 4394 3634 4453 ἰδοὺ
3690 4396 3799 4472 ἐγὼ

471 4625 514 4659 ⁸⁸
548 4623 748 4681 Ezecb.
784 4641 979 4696 xxxm,
1037 4626 1155 4679 2-6.
1232 4626 1277 4660 ‘9
1334 4626 1536 4683 Ezech.
1568 4642 1668 4695 vn,
1723 4628 1812 4682 26.
1889 4628 1935 4663 ⁸ο
1981 4629 2043 4682 E2

2155 4647 2186 4684 ι,
2246 4643 2385 4697 xxn,
2425 4627 2516 4682 24.
2574 4626 2663 4681 25.
2739 4626 2781 4661 ⁶¹
2834 4624 2977 4680 ibid.
3030 4625 3120 4679 26.
3195 4626 3242 4661 ⁸³
3300 4625 3501 4680 Ezech.
3560 4641 3685 4693 xm,
3716 4626 3805 4680 15.

400 4697 447 4733 ⁸³
476 4697 676 4753 Ezecb.
708 4714 897 4766 xxxw,
928 4698 1050 4751 2-4.
1125 4698 1171 4732 “
1193 4697 1336 4753 ibid.
1370 4701 1422 4753 8.
1500 4698 1544 4733 ⁸⁸
1574 4698 1715 4753 ibid.
1751 4701 1839 4764 10,
1874 4700 1959 4754 11.

468 4905 581 4989 (97)
611 4905 925 4977 Θεαμάτων.
968 4924 990 4953 ι
1040 4904 1370 4989 Visionum,
1406 4929 1435 4955 »
1485 4904 1858 4989 malim,npro
1888 4921 2049 4961 more
2078 4909 2125 4974 D

397 4976 732 5045 Scriptura},
769 4994 945 5047 quam
976 5000 1002 5027 «
1038 4977 1529 5049 spectaculorum,
1567 5001 1593 5025 ››
1627 4976 1937 5033 utBillius.

471 5050 584 5119 (98)
615 5050 719 5103 Μὶν
766 5050 944 5111 ἃτοῖς
995 5048 1240 5121 σκοποῖς.
1290 5052 1372 5106 Ad
1422 5068 1583 5106 oram
1633 5050 1770 5121 Reg.
1816 5067 1871 5115 u,
1907 5048 2049 5104 scri-

400 5124 607 5246 Etum:
642 5121 899 5175 Ἐνταῦθα
944 5120 1071 5183 τοὺς
1120 5120 1396 5197 ἀρχιερεῖς
1448 5121 1615 5196 λέγει.
1668 5120 1807 5189 Ιῐήο,
1835 5121 2048 5192 inquit,

446 5192 597 5246 omb.
641 5215 667 5241 ‹‹
698 5193 1116 5246 Speculatores.
1151 5212 1267 5246 oua
1314 5212 1450 5246 voce
1498 5193 1641 5246 nihil
1676 5193 2048 5246 communius

446 5192 597 5246 omb.
639 5193 1116 5265 ufSpeculatores,
1151 5192 1450 5265 qu'a'voce
1498 5192 1641 5250 nihil
1676 5193 2049 5249 communius

399 5262 460 5318 in
496 5262 803 5320 Ezechieie.
850 5287 876 5312 ››

469 5334 585 5422 (99)
641 5332 1074 5410 Ἐπερχτςμένην,
1122 5334 1297 5405 Regg.
1357 5337 1374 5390 l
1432 5341 1558 5402 ett,
1621 5334 1925 5410 ἐρχομένην
1960 5332 2048 5387 ἐπὶ

393 5423 582 5459 ταυτη.

469 5426 940 5551 (ἷῗοηροκηρῦξαι.
991 5478 1114 5532 Duo
1168 5481 1445 5551 Rt-ggxgct
1491 5478 1965 5551 Combaad‘dunt
2007 5473 2042 5544 ἤ

439 5528 547 5641 αἲξ)
825 5528 1215 5621 ὀωήἕεῖειίέ
1247 5528 2043 5619 ‘asdaas'mgxx"essent;

471 5639 785 5767 (ἒὶῖότῆς.
835 5696 902 5751 In
961 5692 1100 5767 Reg.
1148 5708 1206 5766 γ,
1267 5692 1339 5749 ad
1388 5707 1550 5749 oram
1603 5691 1899 5765 scribitur,
1950 5688 2043 5745 αὗ-

2156 4925 2283 4961 sonu

2230 4978 2305 5047 (4)
2349 4973 2482 5033 Τοὺς
2530 4974 2956 5048 ἁμαρτάνοντας.
3016 4975 3111 5030 Sic
3156 4992 3297 5032 mss.
3350 4991 3574 5033 omnes.
3633 4976 3810 5036 Deest

2156 5048 2282 5109 τούς
2314 5049 2371 5102 in
2403 5048 2585 5104 Paris.
2618 5048 2757 5102 edit.

2250 5122 2306 5189 5)
2332 5115 2783 5192 Δῐιλαγιαζόντων.
2821 5140 2849 5170 ι(
2886 5118 2948 5192 In
2981 5117 3286 5192 obliquum
3316 5118 3645 5192 ﬂectunt.»

2250 5188 2305 5259 6)
2329 5188 2795 5263 Ἐπιθυμήμασιν.
2823 5190 3095 5261 Vulgata,
3118 5188 3155 5239 ἶ(
3179 5188 3239 5263 in
3270 5190 3745 5261 cogitationibus.
3782 5215 3811 5241 »ι

2249 5265 2304 5332 ’7)
2340 5259 2683 5337 Σφαζόντων.
2711 5264 2910 5318 Comb.
2934 5259 3403 5337 κατασφαζόντων.

2228 5281 2304 5332 (ι)
2340 5281 2683 5337 λιφαςοντων.
2711 5281 2910 5318 uomo.
2938 5281 3403 5387 κατασιῖαςοντων.

2228 5336 2305 5406 (8)
2347 5338 2480 5387 nam
2540 5338 2802 5394 πετεινοῖς
2862 5332 2950 5386 καὶ
3008 5334 3111 5405 θηρ
3141 5353 3241 5393 οις.
3300 5333 3490 5406 Veer
3544 5338 3684 5389 sunt
3739 5353 3808 5391 ex

2157 5404 2243 5461 Is.‘
2265 5404 2420 5475 va,
2451 5409 2506 5471 6,
2539 5412 2640 5461 aut
2667 5406 2785 5462 Jer.
2825 5422 3012 5471 xxxrv,
3044 5404 3137 5471 20,
3181 5410 3285 5460 aut
3334 5404 3536 5461 Ezech.
3570 5423 3807 5475 xxxvm,

2154 5478 2272 5563 luet
2301 5495 2492 5562 xnmx,
2526 5480 2610 5533 17.
2636 5478 2759 5533 Duo
2792 5477 2971 5547 Regg,
2996 5486 3126 5547 post
3146 5481 3433 5543 πετεινοῖς,
3465 5477 3692 5534 addunt
3709 5482 3807 5531 τοῦ

2154 5568 2403 5623 ουρανου.

2226 5618 2301 5709 (9)
2333 5618 2499 5689 smul.
2534 5620 2704 5676 Deest
2731 5618 2792 5675 in
2822 5619 3052 5675 duobus
3088 5619 3266 5691 Regg.
