4184 6202
357 381 480 440 4⁸77

1497 375 1791 438 ORATIO
1834 374 1912 434 II.
1943 404 2021 417 -
2050 366 2618 433 APOLOGETICA.

3649 359 3771 420 478

360 510 449 567 ἐπὶ
496 510 623 573 τοὺς
681 507 959 583 ποιμένας,
1016 508 1104 565 καὶ
1154 508 1437 579 ἐκζητήσω
1488 508 1554 563 τὰ
1608 501 1855 581 πρόϐατά
1900 524 2004 577 μου

2130 507 2339 570 autem,
2373 501 2495 556 haec
2525 502 2582 556 et
2610 497 2710 555 illa
2742 496 3055 571 patientur,
3092 512 3213 567 qua:
3267 492 3535 550 videlicet
3580 492 3764 549 malos

360 599 423 655 ἐκ
474 600 583 654 τῶν
663 603 861 674 χειρῶν
917 598 1115 671 αὐτῶν,
1175 598 1263 654 καὶ
1328 599 1395 653 τὰ
1474 599 1569 671 μὲν
1642 594 1846 665 συνάξω
1911 593 2000 648 καὶ

358 691 793 764 περιποιήσομαι
839 690 970 762 (10)·
1023 689 1074 742 οἱ
1123 685 1180 742 δὲ
1225 688 1293 743 τὰ
1335 687 1423 742 καὶ
1488 688 1556 741 ca
1624 686 1919 755 πείσονται,
1969 681 2003 737 ἃ

358 777 487 840 τοὺς
518 778 717 839 κακοὺς
744 778 1007 850 τοιμένας
1042 776 1204 838 εἰκός.

430 869 554 923 ΞΖ’.
586 866 746 922 Ἀλλ’
779 865 872 921 ’ίνα
923 868 1021 939 μή,
1052 866 1117 922 τά
1159 867 1372 921 πάντων
1418 864 1507 921 καὶ
1557 863 1759 926 πάντας
1809 864 2001 939 ἀπαρι-

360 956 673 1030 θμούμενος
699 955 825 1017 τοὺς
852 959 1155 1034 προφήτας,
1177 956 1379 1031 μακρὸν
1397 954 1663 1010 ἀποτείνω
1681 952 1847 1027 λόγον
1869 956 2002 1026 (11),

358 1046 474 1108 ἑνὸς
507 1046 853 1119 ἐπιμνησθεὶς
887 1044 963 1101 ἔτι
992 1050 1090 1101 τοῦ
1127 1046 1235 1121 πρὸ
1279 1052 1378 1115 τῆς
1432 1042 1684 1105 πλάσεως
1730 1041 2005 1118 ἐγνωσμὶ-

355 1157 475 1203 νου,
505 1136 596 1191 καὶ
630 1134 689 1190 ἐκ
731 1137 942 1211 μήτρας
985 1134 1322 1210 ἡγιασμένου
1355 1133 1635 1210 (Ἱερεμίας
1682 1134 1747 1202 ἦν
1803 1131 2006 1205 οὗτος),

353 1224 483 1287 τοὺς
531 1223 759 1286 λοιποὺς
811 1220 1214 1301 ὑπερϐήσομαι.
1269 1228 1429 1293 Ζητεῖ
1489 1223 1584 1297 μὶν
1651 1220 1807 1284 οὗτος
1874 1222 2004 1292 ὑπὲρ

355 1313 600 1393 κεφαλῆς
651 1311 818 1390 ὕδωρ,
848 1313 937 1369 καὶ
983 1317 1099 1376 τοῖς
1150 1311 1456 1391 ὀφθαλμοῖς
1502 1314 1689 1387 πηγὴν
1737 1309 2008 1386 δακρύων,

360 1425 444 1459 ινα
474 1401 683 1477 κλαύσῃ
726 1402 862 1474 πρὸς
913 1401 1061 1474 ἀξίαν
1106 1402 1197 1457 τόν
1243 1401 1486 1479 Ἰσραήλ’
1524 1399 1771 1477 ὀδύρεται
1813 1398 1871 1455 δὲ
1902 1398 2009 1475 οὐχ

355 1491 521 1561 ἧττον
554 1490 640 1544 καὶ
671 1494 778 1544 τῶν
810 1490 1169 1564 προεστώτων
1194 1491 1293 1559 τὴν
1329 1488 1659 1565 μοχθηρίαν.

432 1580 568 1638 ΞΙΓ.
609 1577 767 1653 Αὲγει
802 1580 894 1652 μὲν
928 1578 1073 1652 αὐτῷ
1105 1576 1528 1655 διελεγχόμενος
1559 1580 1670 1652 (12)
1701 1577 1837 1652 πρὸ(
1879 1578 2006 1640 τοὺς

357 1668 527 1744 ἱερεῖς
573 1669 601 1723 ὁ
647 1668 796 1731 Θεός’
852 1670 921 1725 Oi
968 1669 1130 1743 ἱερεῖς
1180 1667 1279 1723 οὐκ
1342 1668 1518 1734 εἶπαν,
1567 1672 1674 1721 ποῦ
1740 1667 1849 1722 ἐστι
1899 1665 2006 1724 Κύ-

357 1776 517 1835 ριος;
575 1758 665 1812 καὶ
716 1758 768 1812 οἱ
819 1757 1175 1833 ἀντεχόμενοι
1223 1755 1320 1812 τοῦ
1364 1757 1537 1829 νόμου
1588 1777 1692 1829 μου
1742 1756 1840 1811 οὐκ
1887 1754 2011 1825 ἡπί-

356 1846 553 1901 σταντό
605 1867 690 1918 με,
724 1844 814 1900 καῖ
872 1848 926 1900 οἱ
982 1848 1239 1919 ποιμένες
1271 1848 1305 1915 ἠ
1356 1842 1544 1901 σὲϐουν
1605 1846 1681 1907 εἰς
1739 1846 1855 1918 ἐμὲ.
1908 1847 2008 1900 Λὲ-
2041 1887 2088 1952 Β

354 1956 442 2011 γει
501 1933 561 1990 δὲ
622 1933 785 1997 αὐτὸς
859 1934 1044 1990 πάλινο
1109 1937 1368 2008 Ποιμὲνες
1439 1935 1862 2013 ἡφρονεύσαντο,
1919 1935 2008 1989 καὶ

358 2025 455 2080 τὸν
517 2025 711 2101 Κύριον
762 2024 866 2079 οὐκ
914 2024 1232 2095 ἐξεζήτησαν
1266 2028 1399 2098 (13),
1430 2024 1518 2079 καὶ
1567 2022 1656 2079 διά
1700 2030 1865 2080 τοῦτο
1914 2023 2011 2080 οὐκ

363 2112 555 2183 ἐνόησε
584 2116 698 2187 (14)
730 2119 875 2167 πᾶσα
922 2115 957 2181 ἡ
1009 2114 1176 2186 νομὴ,
1208 2113 1296 2167 καὶ
1346 2110 1845 2189 διεσκορπίσθησαν.
1878 2120 2008 2167 Ποι-

366 2201 526 2277 μένες
580 2222 657 2271 τε,
716 2201 868 2280 φησὶ,
927 2200 1131 2257 πολλοὶ
1193 2202 1492 2279 διέφθειραν
1552 2202 1643 2257 τὸν
1711 2201 2011 2276 ἀμπελῶνά

366 2311 495 2364 μου’
555 2289 823 2363 ἐμόλυναν
882 2292 980 2361 τήν
1044 2289 1235 2367 μερίδα
1297 2313 1400 2365 μου
1457 2294 1553 2361 τὴν
1615 2290 1772 2347 οὖσαν
1824 2290 2007 2347 ὶπιθυ-

365 2380 573 2453 μητὴν,
606 2376 850 2434 δεδόσθαι
911 2381 988 2443 εἱς
1045 2382 1142 2449 τήν
1204 2379 1409 2455 ἔρημον
1442 2384 1554 2453 (15)
1604 2376 1821 2438 ἄϐατον.
1880 2381 2011 2439 Εἶτα

355 2469 499 2543 πρὸς
555 2467 751 2530 αὐτοὺς
800 2472 911 2543 (16)
964 2468 1126 2524 πάλιν
1174 2469 1503 2524 ἀποτείνεται
1556 2468 1681 2532 τοὺς
1728 2473 2007 2544 ποιμένας·

358 2560 448 2627 Ὦ,
500 2558 552 2611 οἱ
601 2557 858 2630 ποιμένες
924 2559 976 2612 οἱ
1043 2557 1381 2621 ἀπολλύντες
1456 2560 1545 2614 καὶ
1605 2557 2013 2634 διασκορπίζον-

353 2668 448 2707 τες
505 2647 574 2701 τὰ
629 2642 877 2722 πρόϐατα
932 2654 1031 2717 τῆς
1109 2655 1284 2720 νομῆς
1344 2666 1468 2721 μου*
1529 2645 1618 2703 διὰ
1670 2646 1828 2704 τοῦτο
1885 2646 2013 2703 τάδε

356 2735 511 2812 λέγει
598 2736 793 2812 Κύριος
878 2735 964 2791 ἐπὶ
1042 2737 1169 2800 τοὺς
1256 2738 1646 2811 ποιμαίνοντας
1719 2739 1811 2793 τὸν
1883 2737 2013 2794 λαόν

361 2844 493 2898 μου·
556 2826 738 2897 Ὑμεῖς
809 2823 1214 2901 διεσκορπίσατε
1287 2827 1352 2881 τὰ
1425 2823 1669 2902 πρόϐατά
1738 2848 1866 2900 μου,
1922 2828 2011 2883 καὶ

356 2914 623 2988 ἐξεώσατε.
697 2914 850 2984 αὐτὰ,
909 2919 999 2970 καὶ
1078 2914 1175 2970 οὐκ
1248 2915 1607 2991 ἐπεσκέψασθε
1678 2916 1829 2973 αὐτά·
1894 2915 2011 2973 ἰδοὺ

358 3003 475 3079 ἐγὼ
533 3001 729 3058 ἑκδικῶ
790 3002 869 3081 ἐφ’
930 3004 1090 3076 ὑμᾶς,
1143 3005 1280 3060 κατά
1331 3004 1400 3060 τά
1455 3008 1671 3082 πονηρὰ
1727 3004 2010 3076 ἐπιτηδεύ-

361 3114 509 3166 ματα
566 3092 743 3165 ὑμῶν.
800 3090 1120 3162 Ἀλαλάζειν
1178 3115 1237 3149 τε
1297 3092 1553 3169 βούλεται
1619 3094 1745 3158 τοὺς
1812 3096 2013 3169 ποιμὲς

356 3201 457 3242 νας
485 3182 620 3254 (17),
664 3182 753 3236 καὶ
802 3181 1089 3237 κόπτεσθαι
1133 3182 1259 3245 τοὺς
1306 3183 1495 3261 κριοὺς
1543 3188 1651 3240 τῶν
1701 3179 2012 3261 προϐάτων,

360 3267 505 3326 διότι
541 3269 937 3347 ἐπληρώθησαν
968 3272 1021 3326 αἱ
1051 3273 1253 3348 ἡμέραι
1285 3272 1458 3329 αὐτῶν
1493 3273 1568 3336 εἷς
1600 3276 1831 3352 σφαγήν.

434 3362 560 3416 ΞΘ’.
588 3360 692 3417 Καὶ
722 3360 774 3414 τί
807 3383 898 3434 μοι
928 3362 994 3416 τὰ
1024 3360 1230 3417 παλαιά
1259 3365 1370 3436 (18)
1403 3361 1575 3439 λέγειν
1602 3382 1615 3433 ;
1647 3364 1735 3425 Τίς
1769 3361 1846 3435 δὶ,
1885 3368 2002 3427 τοῖς

360 3449 589 3506 Παύλου
618 3450 801 3505 κανόσι
833 3450 922 3504 καὶ
954 3450 1103 3524 ὅροις
1136 3451 1318 3508 ἑαυτὸν
1352 3451 1731 3529 παρεκτείνων,
1765 3453 1856 3515 οὓς
1888 3453 2010 3530 περὶ

360 3538 674 3595 ἐπισκόπων
718 3539 809 3593 καὶ
869 3535 1247 3615 πρεσϐυτέρων
1302 3538 1472 3612 ἔταξε,
1528 3541 1827 3618 νηφαλίους
1874 3544 2010 3615 (19),

361 3629 647 3704 σώφρονας
682 3627 836 3698 εἶναι,
874 3629 948 3700 μή
993 3628 1309 3703 παροίνους,
1346 3631 1421 3703 μὴ
1470 3630 1741 3701 πλήκτας,
1774 3629 2011 3687 διδακτι-

356 3718 516 3785 κοὺς,
549 3715 831 3787 ἀλήπτους
867 3716 919 3772 ἐν
946 3724 1073 3772 πᾶσι
1107 3718 1196 3772 καὶ
1235 3720 1536 3796 ἀνεπάφους
1589 3722 1699 3794 (20)
1746 3727 1863 3782 τοῖς
1911 3743 2010 3776 πο-

358 3812 579 3881 νηροῖς,
610 3806 673 3860 οὐ
729 3805 875 3862 πολὺ
920 3807 982 3862 τὸ
1032 3805 1315 3885 διαφεῦγον
1363 3810 1579 3886 εὑρήσει
1617 3811 1715 3879 τήν
1756 3814 1863 3865 τῶν
1914 3832 2010 3865 κα-

357 3894 535 3951 νόνων
587 3894 886 3965 εὐθύτητα,
930 3895 990 3950 Τί
1039 3893 1125 3951 δαὶ
1172 3900 1285 3971 (21)
1335 3896 1368 3951 ’ὰ
1408 3902 1525 3958 τοῖς
1582 3900 1848 3971 μαθηταῖς
1903 3904 2013 3968 ’1η-

358 3988 491 4045 σοῢς
521 3982 608 4039 ἐπὶ
638 3983 701 4039 τὸ
729 3985 992 4060 κήρυγμα
1022 3985 1253 4058 πιμπων
1279 3988 1602 4059 νομοθετεῖς
1636 3988 1709 4042 ὦν
1751 3988 1815 4042 τὸ
1844 3988 2009 4065 κεφά-

359 4070 662 4141 λαιον,’ἶνα
698 4074 774 4146 μή
821 4073 889 4128 τὰ
930 4075 1045 4128 καθ’
1072 4070 1296 4129 ἕκαστον
1344 4072 1513 4149 λέγω,
1543 4074 1826 4137 τοιούτους
1878 4075 2009 4130 εἶναι

356 4163 461 4230 τὴν
512 4161 727 4233 ἀρετὴν⁹
759 4162 849 4216 καὶ
893 4161 1064 4225 οὕτως
1114 4162 1390 4225 εὐσταλεῖς
1439 4166 1551 4237 (22)
1598 4163 1685 4218 καὶ
1736 4164 2008 4238 μετρίους,

356 4251 451 4306 καὶ
499 4250 575 4306 ἔτι
626 4253 738 4324 (23)
788 4250 1067 4324 συντόμως
1121 4252 1313 4325 εἰπεῖν,
1364 4252 1668 4329 οὐρανίους,
1721 4253 1857 4309 ὥστε
1906 4254 2014 4331 οὐχ

354 4342 527 4410 ἦττον
562 4338 652 4394 διὰ
681 4341 770 4395 τὸν
802 4340 1001 4413 τρόπον
1035 4341 1232 4413 αὐτῶν,
1328 4340 1415 4397 διὰ
1442 4344 1533 4397 τὸν
1578 4342 1742 4417 Λόγον
1796 4344 2010 4421 τρέχειν

355 4432 424 4488 τὸ
458 4429 819 4505 Εὐαγγᾶλιον.

2112 596 2375 665 pastores
2407 590 2525 663 pati
2557 594 3020 646 consentaneum
3043 589 3151 643 est.

2189 859 2403 917 LXVII.
2436 859 2544 914 Sed
2578 874 2647 913 ne
2679 856 2943 912 omnium
2972 870 3161 922 voces,
3188 855 3360 924 atque
3393 867 3596 908 omnes
3622 868 3763 923 pro-

2118 950 2325 1023 phetas
2346 960 3055 1004 enumerans.sermonem
3079 942 3136 997 in
3165 941 3402 1013 longum
3424 941 3761 1012 protraham

2118 1043 2429 1113 postquam
2451 1035 2621 1091 unius
2645 1035 2836 1090 adhuc
2851 1032 3460 1101 Jeremias,antequam
3485 1031 3764 1087 formare-

2119 1134 2233 1195 tur,
2267 1125 2504 1199 cogniti,
2530 1130 2581 1180 et
2611 1124 2682 1180 ab
2707 1124 2834 1197 ipsa
2853 1122 3022 1177 vulva
3051 1121 3399 1178 sanetiﬂcati
3428 1120 3492 1187 ⁸⁸,
3518 1120 3765 1176 mentio-

2117 1235 2251 1275 nem
2286 1217 2490 1283 fecero,
2523 1213 2777 1285 reliquos
2809 1227 3013 1267 omnes
3044 1210 3369 1282 praeteribo.
3396 1209 3604 1275 Quaerit
3636 1208 3765 1281 qui-

2118 1308 2250 1364 dem
2281 1306 2376 1362 hic
2408 1303 2581 1377 capiti
2614 1318 2851 1373 aquam,
2884 1305 2940 1356 et
2989 1299 3171 1355 oculis
3214 1299 3433 1354 fontem
3480 1297 3763 1371 lacryma-

2116 1413 2271 1465 rum,
2296 1400 2360 1451 ut
2378 1392 2649 1450 Israelem
2673 1409 2776 1464 pro
2799 1390 3084 1463 dignitate
3104 1388 3300 1459 lugeat
3318 1388 3361 1422 ⁸⁷
3388 1402 3399 1442 :
3426 1403 3538 1442 non
3569 1386 3765 1445 minus

2118 1490 2314 1543 autem
2348 1482 2675 1539 antistitum
2706 1480 2881 1536 etiam
2913 1476 3347 1551 improbitatem
3379 1475 3662 1548 deplorat.

2192 1572 2429 1629 LXVIII.
2464 1576 2544 1626 Ac
2596 1572 2742 1625 Deus
2777 1568 3014 1640 quidem
3055 1566 3385 1622 sacerdotes
3417 1580 3763 1637 coarguens,

2119 1662 2211 1719 his
2242 1662 2314 1717 ad
2347 1677 2480 1716 eum
2512 1659 2704 1714 verbis
2738 1659 2961 1714 utitur:
2996 1656 3307 1711 Sacerdotes
3337 1670 3445 1711 non
3482 1653 3765 1721 dixerunt,

2124 1753 2222 1811 Ubi
2239 1754 2318 1807 est
2348 1749 2654 1807 Dominus?
2684 1752 2735 1803 et
2766 1748 2862 1819 qui
2893 1746 3064 1816 legem
3106 1762 3279 1802 meam
3327 1743 3763 1815 complecteban-

2119 1850 2228 1910 tur,
2263 1840 2577 1897 nesciebant
2606 1855 2688 1893 me
2711 1857 2728 1891 :
2757 1841 2805 1893 et
2835 1839 3077 1909 pastores
3108 1837 3275 1907 impie
3307 1835 3538 1905 agebant
3568 1834 3763 1889 adver-

2116 1949 2240 1987 sum
2269 1947 2355 1987 me
2382 1930 2445 1984 ⁸⁸.
2479 1929 2607 2001 Ipse
2640 1934 2835 1983 autem
2880 1942 3114 1982 rursum
3146 1924 3262 1981 ait:
3313 1929 3566 1980 Pastores
3605 1924 3769 1979 stulte

2117 2029 2369 2091 egerunt,
2398 2026 2447 2074 et
2476 2020 2769 2075 Dominum
2816 2033 2929 2072 non
2986 2016 3321 2088 quaesierunt
3346 2030 3357 2070 :
3392 2032 3457 2069 ac
3479 2019 3767 2087 propterea

2118 2126 2254 2180 gres:
2283 2110 2566 2165 universus
2596 2123 2701 2162 non
2748 2105 3042 2171 intellexit,
3066 2113 3118 2159 et
3144 2104 3382 2176 dispersi
3408 2112 3535 2159 sunt
3563 2105 3628 2159 ⁸9,
3663 2107 3762 2159 At-

2120 2216 2231 2272 que
2263 2198 2373 2255 alio
2403 2197 2565 2253 loco:
2597 2196 2754 2251 Multi
2804 2200 3056 2266 pastores
3103 2193 3347 2250 demoliti
3388 2198 3517 2247 sunt
3548 2194 3763 2248 vineam

2118 2306 2337 2357 meam;
2393 2288 2911 2343 contaminaverunt
2936 2292 3147 2355 partem
3192 2299 3372 2338 meam
3417 2281 3763 2339 desiderabi—

2120 2380 2265 2442 lem;
2295 2377 2424 2434 adeo
2453 2380 2514 2432 ut
2571 2377 2630 2431 in
2676 2378 2889 2431 inviam
2938 2373 3289 2429 solitudinem
3346 2371 3570 2427 redacta
3598 2372 3668 2427 sit
3696 2371 3759 2425 7°.

2120 2470 2250 2526 Mox
2281 2468 2337 2525 in
2372 2466 2551 2523 malos
2583 2470 2847 2538 pastores
2879 2480 3118 2519 rursum
3154 2462 3487 2518 invehitur:
3528 2463 3618 2518 Vae
3662 2478 3761 2533 pa-

2119 2559 2373 2625 storibus,
2409 2559 2504 2629 qui
2531 2556 2859 2627 disperdunt
2890 2561 2939 2608 et
2962 2554 3284 2625 dispergunt
3306 2566 3524 2622 gregem
3551 2566 3765 2622 pascuae

2118 2663 2269 2704 mean
2304 2647 2424 2702 Ideo
2472 2647 2588 2703 hac
2640 2645 2773 2700 dicit
2825 2644 3083 2699 Dominus
3129 2642 3205 2698 ad
3250 2657 3340 2696 eos
3391 2642 3486 2713 qui
3533 2648 3765 2711 pascunt

2116 2738 2379 2809 populum
2426 2752 2648 2790 meum:
2712 2734 2807 2790 Vos
2844 2734 3179 2804 dispersislis
3234 2746 3447 2802 gregem
3475 2746 3677 2801 meum,
3712 2738 3762 2785 et

2118 2828 2349 2899 ejecistis
2380 2841 2488 2893 eos,
2522 2827 2571 2880 et
2600 2842 2710 2881 non
2740 2824 3018 2880 sisitastis.
3050 2824 3185 2878 Ecce
3211 2838 3303 2892 ego
3333 2822 3575 2877 ulciscar
3598 2836 3763 2891 super

2120 2933 2231 2987 vos,
2281 2915 2582 2973 secundum
2646 2914 2921 2970 malitiam
2978 2911 3285 2968 studiorum
3364 2914 3667 2968 vestrorum
3694 2910 3761 2964 τί.

2120 3006 2270 3071 Quin
2301 3006 2479 3061 etiam
2510 3007 2773 3076 pastores
2802 3002 3051 3071 ululare,
3094 3004 3269 3073 atque
3326 3000 3537 3057 arietes
3567 2998 3763 3057 ovium

2122 3096 2394 3169 plangere
2417 3094 2596 3166 iubet,
2631 3094 2907 3165 quoniam
2946 3091 3169 3165 impleti
3200 3094 3340 3148 sunt
3387 3089 3512 3147 dies
3541 3106 3765 3160 eorum,

2124 3189 2186 3241 ut
2216 3184 2645 3240 interﬁciantur
2665 3182 2732 3237 7’.

2188 3363 2370 3421 LXIX.
2402 3364 2616 3419 Verum
2651 3361 2790 3434 quid
2821 3360 3061 3431 antiqua
3090 3358 3343 3433 colligo?
3375 3358 3762 3431 Quotusquis-

2121 3472 2235 3529 que
2260 3460 2371 3524 est,
2404 3452 2504 3525 qui
2533 3452 2584 3508 si
2617 3453 2687 3507 ad
2721 3468 2971 3507 canones
3001 3468 3098 3506 eos
3131 3454 3188 3506 et
3216 3449 3449 3522 regulas
3498 3450 3761 3521 seipsum

2120 3545 2332 3617 exigat,
2362 3559 2509 3615 quas
2530 3541 2746 3597 Paulus
2769 3541 2838 3596 de
2863 3540 3152 3612 episcopis
3173 3544 3231 3595 et
3253 3540 3607 3612 presbyteris
3634 3556 3767 3595 con-

2122 3633 2336 3700 stituit,
2371 3647 2581 3703 nempe
2610 3632 2704 3687 47
2744 3636 2807 3685 ut
2836 3629 3015 3686 sobrii
3045 3634 3101 3684 et
3132 3628 3330 3700 pudici
3362 3628 3502 3696 sint,
3535 3646 3650 3683 non
3682 3628 3764 3684 vi-

2124 3722 2367 3791 nolenti,
2395 3738 2511 3777 non
2536 3736 2927 3793 percussores,
2949 3719 3019 3773 ad
3044 3719 3372 3773 docendum
3404 3716 3766 3784 idonei,irre-

2123 3811 2547 3885 prehensibiles
2571 3810 2627 3865 in
2651 3810 2925 3865 omnibus
2949 3808 3122 3864 rebus
3139 3808 3385 3879 73,alque
3406 3807 3506 3879 huj
3518 3806 3768 3873 usmodi,

2122 3906 2186 3959 ut
2215 3902 2287 3957 ab
2316 3901 2604 3974 improbis
2636 3898 2843 3970 attingi
2879 3901 3191 3971 nequeant,
3226 3914 3341 3952 non
3373 3912 3499 3951 sese
3529 3913 3562 3951 a
3591 3912 3768 3951 cano-

2122 4009 2265 4047 num
2283 3990 2625 4046 rectitudine
2647 3986 3006 4061 permultum
3023 3990 3225 4043 abesse
3244 3985 3598 4058 comperiet?
3618 3984 3767 4051 Quid

2121 4097 2189 4137 ea
2209 4080 2610 4151 referam,quas
2631 4080 2801 4135 Jesus
2824 4076 3126 4148 discipulis
3149 4076 3292 4142 suis,
3310 4075 3379 4130 ad
3406 4075 3764 4145 pradicatio-

2121 4187 2254 4227 nem
2278 4185 2376 4225 eos
2401 4168 2661 4233 mittens,
2689 4165 3011 4239 praescribit
3034 4166 3080 4201 7‘
3102 4165 3128 4220 ?
3150 4181 3399 4236 quorum
3434 4179 3503 4219 ne
3535 4162 3769 4235 singula

2121 4259 2423 4331 explicem,
2452 4258 2572 4312 haec
2603 4273 2838 4313 summa
2866 4259 2973 4322 est,
2999 4259 3063 4310 ut
3092 4254 3307 4310 virtute
3336 4252 3481 4309 tales
3513 4252 3651 4320 sint,
3677 4255 3768 4309 at-

2123 4365 2235 4420 que
2256 4348 2337 4403 ita
2359 4346 2610 4419 expediti
2642 4362 2707 4402 ac
2740 4344 3012 4409 modesti,
3039 4349 3116 4412 et,
3142 4349 3207 4399 ut
3235 4361 3349 4399 uno
3372 4344 3546 4399 verbo
3578 4344 3771 4398 dicam

2124 4436 2407 4504 ccslestes,
2439 4440 2505 4490 ut
2536 4452 2651 4491 non
2682 4434 2880 4490 minus
2911 4435 2983 4490 ob
3013 4450 3215 4490 eorum
3246 4433 3425 4489 vitam
3457 4438 3515 4489 et
3554 4449 3768 4504 mores,

355 4538 543 4594 quam
576 4521 648 4577 ob
696 4537 1025 4577 sermonem
1057 4526 1233 4595 atque
1261 4524 1586 4581 doctrinam
1623 4524 1999 4598 Evangelium
2039 4524 2279 4583 currat?

435 4620 480 4656 “
507 4619 721 4677 Jerem.
756 4619 802 4686 Ι,
847 4621 903 4675 5.
943 4621 986 4655 ⁸⁷
1014 4623 1227 4677 Jerem.
1288 4639 1364 4689 ιχ,
1428 4624 1478 4677 1.
1537 4623 1582 4659 ⁸⁸
1611 4624 1825 4680 Jerem.
1859 4642 1922 4689 II,
1952 4628 2005 4682 8.

2153 4624 2370 4680 Jerem.
2414 4640 2468 4691 x,
2514 4622 2603 4677 21.
2654 4623 2699 4657 ⁷ο
2727 4623 2938 4678 Jerem.
2986 4624 3087 4691 xii,
3144 4623 3228 4679 10.
3274 4622 3318 4657 τί
3358 4620 3572 4677 Jerem.
3605 4636 3766 4689 xxiii,

359 4694 417 4763 1,
447 4692 502 4747 2.
536 4691 582 4727 ⁷³
612 4692 820 4747 Jerem.
853 4708 984 4759 xxv,
1041 4694 1130 4749 34.
1178 4694 1222 4727 ⁷³
1251 4694 1273 4749 I
1304 4695 1461 4751 Tim.
1503 4711 1587 4766 ιιι,
1618 4698 1675 4762 2,
1701 4696 1772 4763 3;
1807 4696 1918 4752 Tit.
1963 4713 2003 4766 1,

2130 4696 2184 4752 9.
2217 4696 2263 4729 τι
2292 4694 2500 4752 Matth.
2532 4712 2588 4763 x,
2619 4695 2691 4761 9;
2726 4695 2863 4749 Luc.
2896 4711 2973 4762 1x,
3006 4696 3058 4749 3.

434 4798 557 4865 (10)
614 4796 1092 4871 Hcpmoniooput._
1134 4820 1162 4849 ‹‹
1189 4800 1525 4871 Acquiram,
1568 4822 1597 4849 n

1654 4801 1809 4872 quod
1866 4801 2017 4857 Scri-
2049 4805 2097 4870 Ι)

2198 4802 2310 4875 (17)
2367 4798 2501 4861 Τοὺς
2554 4800 2839 4872 ποιμένας.
2918 4801 3057 4871 Reg.
3117 4804 3159 4869 t,
3242 4795 3330 4852 καὶ
3387 4796 3513 4858 τοὺς
3570 4794 3769 4870 ποιμέ-

358 4874 551 4942 ptursa
579 4872 667 4924 est
696 4869 938 4942 verbum
963 4886 977 4936 ;
1009 4869 1097 4925 vel
1129 4871 1275 4927 forte
1292 4869 1363 4927 ex
1388 4871 1562 4941 Isaia,
1587 4894 1612 4921 α
1638 4869 1923 4929 redimam
1951 4890 1964 4942 ;
1988 4894 2016 4923 ››
2052 4869 2080 4870 ίί
2125 4869 2236 4933 ναξ.

354 4939 447 4997 vel
481 4963 511 4990 ‹‹
546 4939 809 5005 servabo,
842 4942 1093 4996 tutabor.
1130 4941 1189 4991 ››’

432 5013 549 5086 (
583 5008 778 5086 Λόγον.
806 5011 947 5086 Reg.
983 5030 1028 5080 ι’,
1060 5012 1149 5086 τὸν
1184 5008 1371 5086 λόγον.

432 5031 549 5081 (11)
583 5031 778 5136 Δολίον.
810 5031 947 5083 neg.
983 5031 1028 5080 r,
1060 5032 1149 5065 τον
1187 5031 1371 5086 Αογον.

430 5084 675 5164 (12)-Διε·
708 5080 1031 5157 εγχόμενος.
1078 5084 1325 5141 Budams
1358 5101 1372 5139 :
1433 5108 1461 5135 «
1498 5085 1830 5157 disceptans
1879 5102 2012 5141 eum

355 5155 810 5211 sacerdotibus!
829 5174 855 5204 ν

432 5227 549 5297 (13)
582 5224 964 5351 Ἐξεζήτησαν.
999 5226 1199 5281 Comb.
1240 5246 1260 5273 α
1294 5226 1713 5314 exquisierunt.
1752 5252 1772 5279 ι

432 5299 552 5351 (14)
602 5300 713 5350 Ουκ
775 5296 957 5351 νόησε.
1016 5298 1218 5351 Comb.
1272 5297 1414 5351 lemt
1470 5317 1569 5351 ουκ
1619 5296 1772 5351 avem

430 5299 552 5369 (14)
602 5296 713 5350 Οὐκ
750 5296 1414 5371 ἐνόησεᾷϐοωὺηγιθεὶὶ
1470 5296 1569 5351 οὐκ
1619 5296 1866 5371 ἐνόησαν,
1923 5300 2012 5353 καὶ

354 5373 506 5443 πᾶσα
535 5370 707 5437 νομή,
741 5373 849 5425 etc.
883 5390 910 5417 α
934 5369 1066 5443 ,ΝΟΠ
1103 5369 1621 5443 intellexerunt,_et
1650 5369 2014 5443 omnis'grex

356 5441 687 5512 dissipatus
718 5444 877 5512 δεῖ.)
914 5441 1008 5495 Sic
1039 5441 1286 5512 Vulgata
1307 5448 1363 5497 et
1394 5441 1582 5497 Nobil.

427 5506 672 5640 (115)ὺὶἶὲ
698 5512 797 5580 τὴν
830 5506 1059 5585 ἔρημον.
1113 5506 1285 5568 Πέοει
1330 5514 1430 5583 τήν
1471 5514 1527 5569 in
1561 5514 1838 5571 omnibus
1868 5530 2015 5586 pene

469 5602 541 5639 lCl
671 5625 681 5635 .

355 5600 681 5641 0001010118.

432 5656 550 5729 (16)
582 5652 727 5729 ripa:
758 5651 984 5729 κακούς.
1034 5676 1054 5703 ι
1090 5655 1153 5729 In
1184 5653 1343 5728 ipsos
1369 5660 1654 5729 pastores.
1690 5677 1734 5729 »ᾼ
1744 5656 2015 5729 Graecum

364 5744 486 5785 non
519 5721 699 5784 habet
722 5721 945 5795 αὐτούς,
973 5746 1003 5777 ‹‹
1037 5721 1246 5797 malos,
1278 5748 1307 5779 »
1339 5721 1404 5784 u't
1432 5728 1623 5785 reddit
1651 5727 1782 5784 Bill.

2196 4943 2313 5014 (18)
2343 4943 2417 4995 Τὰ
2446 4939 2673 4998 παλαιά.
2732 4965 2761 4993 ‹‹
2793 4943 2937 5014 Quia
2980 4943 3238 5014 (antiqua
3268 4943 3705 5000 commemoro?
3740 4964 3768 4992 η

2126 5011 2403 5073 Nonnulli
2437 5015 2690 5069 habent:
2721 5015 2778 5066 Τί
2810 5011 3032 5080 πολλά;
3072 5037 3091 5063 ε
3126 5011 3274 5079 Quid
3304 5015 3531 5070 multa?
3563 5036 3590 5065 ››

2194 5088 2306 5161 (19)
2338 5083 2671 5161 Νηφαλίους.
2698 5087 2834 5161 Reg.
2870 5085 2910 5161 1,
2944 5083 3269 5161 νηφαλὲους.

2196 5157 2306 5235 (20)
2339 5157 2693 5235 ’Δνὲπάφουφ
2757 5158 2880 5235 Non
2942 5157 3092 5235 male
3146 5158 3347 5214 Comb.
3405 5180 3432 5207 ‹‹
3465 5162 3625 5212 extra
3654 5174 3773 5214 om-

2127 5246 2258 5285 nem
2290 5229 2689 5298 improborum
2723 5229 3100 5298 calumniam.
3132 5251 3161 5279 »

2213 5302 2304 5371 21)
2332 5296 2391 5354 Tl
2423 5297 2530 5355 δαί.
2565 5302 2697 5366 Alii,
2727 5298 2779 5353 τί
2806 5296 2883 5354 δέ.

2213 5374 2305 5447 22)
2337 5372 2910 5447 Εὐστα..εῖςᾉβοιη1›.
2953 5394 3001 5447 _«
3035 5374 3187 5447 frugi
3244 5373 3514 5447 homines
3546 5390 3611 5427 ac
3642 5390 3767 5447 mo-

2123 5444 2294 5517 desti;
2328 5446 2442 5501 Nec
2474 5445 2618 5499 bene
2640 5444 2866 5511 Billius,
2897 5466 2925 5493 »
2948 5444 3159 5517 inquit,
3184 5445 3434 5517 expediti
3459 5463 3473 5515 ;
3500 5466 3529 5496 «
3556 5446 3769 5501 melius

2123 5516 2393 5579 Budaeus,
2429 5531 2603 5587 quem
2636 5532 2869 5586 sequor.
2908 5538 2935 5565 ››

2194 5590 2311 5660 (23)
2344 5582 2575 5643 Καῖἔτι.
2607 5591 2689 5643 lta
2720 5582 3128 5660 decemiiegg.
3167 5602 3266 5644 sex
3295 5587 3475 5653 Colb.,
3501 5589 3644 5655 Jes.,
3669 5590 3747 5640 ()r

2127 5661 2177 5727 1,
2202 5655 2268 5716 "et
2295 5655 2461 5718 Pass.
2496 5662 2623 5717 Par.
2655 5661 2746 5715 ed.
2780 5658 2871 5713 καὶ
2903 5657 2948 5713 εἰ
2981 5655 3081 5715 δεῖ.
