4184 6202
403 356 522 417 479

1642 361 1709 421 S.
1757 360 2127 424 GREGORII
2174 362 2570 426 THEOLOGI

3694 357 3813 421 480

484 487 645 545 LXX.
681 488 818 543 Mihi
853 505 983 544 vero
1014 489 1283 546 timorem
1318 492 1611 548 incutiunt
1640 494 1814 549 etiam
1846 494 2051 550 Phario

2238 499 2307 548 0'.
2343 496 2473 568 Ἐμὲ
2524 492 2579 549 δὲ
2632 491 2857 570 φοϐοῦσι
2924 495 3013 548 καὶ
3076 490 3467 564 ὀνειδιζόμενοι
3520 496 3816 567 Φαρισαῖοι

416 578 511 635 sai
539 578 767 650 probris
790 579 1097 648 0nerati,et
1118 579 1319 636 scriba
1344 583 1658 654 redarguti:
1687 584 1900 655 quibus
1925 602 2058 639 cum

413 686 519 723 nos
550 668 763 721 virtute
794 667 963 739 longe
985 668 1314 739 superiores
1340 687 1466 727 esse
1489 672 1826 741 debeamus,
1854 689 2057 745 quem-

420 757 736 812 admodum
771 756 931 811 nohi;
958 785 1020 829 Δις
1042 777 1323 830 ιι-ςινλιυω
1356 765 1464 827 est,
1498 764 1547 817 si
1580 762 1750 817 modo
1782 762 2056 818 caelorum

418 862 663 916 regnum
696 846 974 917 consequi
1006 848 1293 918 cupimus,
1328 854 1494 921 turpe
1526 852 1778 923 profecto
1812 851 2058 917 fuerit,si

419 934 564 1006 ipsis
597 934 771 991 etiam
805 936 1031 1007 pejores
1065 936 1467 1007 invenia-nur;
1501 942 1642 997 adeo
1676 946 1739 995 ut
1772 942 1880 1012 ipsi
1915 957 2057 1012 quo-

417 1039 553 1094 que,
594 1029 891 1095 serpentes
922 1025 1304 1097 appellemur,
1327 1035 1381 1083 et
1400 1030 1699 1101 genimina
1728 1031 2059 1101 viperarum

417 1118 474 1169 et
504 1114 681 1169 duces
712 1114 862 1180 caeci,
897 1115 1140 1170 culicem
1165 1116 1443 1187 celantes,
1468 1125 1524 1173 et
1546 1119 1835 1175 camelum
1866 1119 2057 1191 deglu-

417 1200 648 1267 tientes,
682 1206 737 1257 et
767 1203 1035 1274 sepulcra
1090 1210 1321 1263 externe
1379 1210 1617 1279 quidem
1678 1210 1940 1281 pulchra,
1977 1210 2059 1264 in-

417 1293 580 1345 terna
610 1295 802 1346 autem
827 1294 1079 1363 sordida,
1104 1300 1160 1351 et
1181 1298 1519 1369 par0psides
1538 1298 1597 1353 in
1619 1299 1871 1370 speciem
1897 1316 2059 1354 mun-

421 1382 505 1434 ϐω
536 1380 599 1448 ⁷⁵,
634 1380 865 1453 aliaque
897 1384 1113 1455 omnia,
1138 1402 1264 1456 quae
1288 1385 1371 1441 illi
1406 1391 1461 1442 et
1502 1393 1641 1443 sunt
1672 1394 1729 1444 et
1759 1389 2060 1445 nominan-

419 1471 535 1523 tur.

494 1558 679 1613 LXXI.
712 1563 777 1614 In
810 1560 900 1615 his
936 1578 1040 1633 ego
1071 1564 1526 1634 cogitationibus
1576 1568 1700 1622 dies
1747 1572 2063 1640 noctesque

418 1663 620 1702 versor
646 1664 658 1701 :
693 1648 820 1703 Haec
853 1650 1139 1707 medullas
1173 1653 1348 1708 etiam
1374 1671 1532 1711 meas
1558 1656 1840 1727 eliquant,
1870 1661 1921 1713 et
1944 1674 2064 1713 car-

422 1752 525 1791 nes
547 1737 994 1808 conﬁciunt,nec
1018 1757 1109 1796 me
1134 1743 1412 1798 audacem
1436 1761 1563 1800 esse
1594 1746 1817 1811 sinunt,
1843 1763 1909 1801 ac
1930 1747 2064 1801 sub-

2166 582 2255 637 καὶ
2301 590 2645 659 γραμματεῖς
2712 582 3087 661 ἐλεγχόμενοι·
3134 585 3209 637 ὧν
3257 582 3503 656 αἰσχρὸν,
3561 581 3605 635 εἰ
3668 578 3815 635 πολὺ

2167 679 2432 746 περιεῖναι
2478 670 2592 728 δὲον
2644 674 2740 742 τήν
2809 673 3028 747 ἀρετὴν,
3070 672 3141 733 ὡς
3211 669 3619 747 διατετάγμεθα,
3670 666 3726 724 εἷ’
3761 690 3813 723 τι

2169 758 2420 834 δεοίμεθα
2472 770 2571 831 τῆς
2618 767 2720 817 τῶν
2778 761 3017 838 οὐρανῶν
3087 758 3386 837 βασιλείας,
3436 758 3523 814 xai
3580 760 3679 827 τήν
3722 780 3816 812 κα-

2166 849 2285 904 κίαν
2337 851 2656 928 φαινοίμεθα
2698 854 2809 924 (24)
2855 851 3097 925 χείρους·
3133 849 3269 905 ὥστε
3317 850 3407 903 καὶ
3466 843 3614 924 ὄφεις
3674 846 3819 903 εἰκό-

2167 960 2273 1001 τως
2326 939 2383 994 ἃν
2439 942 2551 1013 (25)
2610 942 2853 1010 ἀκοῦσαι,
2913 941 3000 993 καὶ
3056 941 3366 1016 γεννήματα
3417 935 3671 1012 ἐχιδνῶν,
3722 936 3815 991 καὶ

2169 1026 2360 1104 ὁδηγοὶ
2435 1027 2654 1106 τυφλοὶ,
2698 1030 2789 1084 τὸν
2865 1029 3100 1083 κώνωπα
3158 1025 3517 1099 διυλίζοντες,
3576 1027 3663 1081 καὶ
3710 1027 3813 1095 τήν

2167 1117 2412 1191 κάμηλον
2461 1119 2865 1186 καταπίνοντες,
2908 1118 2997 1172 καὶ
3036 1117 3195 1195 τάφοι
3250 1117 3479 1193 ῥυπαροὶ
3521 1118 3587 1170 τὰ
3637 1112 3816 1185 ἔνδον,

2173 1209 2287 1280 μετ’
2317 1207 2633 1283 εὐπρεπείας
2691 1215 2787 1278 τῆς
2840 1206 3025 1280 ἔξωθεν
3087 1207 3175 1263 καὶ
3233 1204 3530 1282 παροψίδες
3584 1205 3820 1281 καθαραὶ

2166 1297 2229 1351 τὸ
2287 1297 2631 1372 φαινόμενον,
2663 1298 2751 1352 καὶ
2807 1296 2986 1353 τᾶλλα
3042 1295 3139 1351 ὅσα
3193 1296 3387 1351 ἐκεῖνοι
3428 1295 3517 1350 καὶ
3576 1294 3677 1350 εἶσὶ
3726 1293 3819 1348 καὶ

2168 1386 2444 1444 ἀκούουσι.

2243 1571 2364 1622 ΟΛ¹.
2413 1564 2636 1628 Τούτοις
2710 1565 2819 1640 ἐγὼ
2877 1565 3089 1637 σύνειμι
3145 1564 3234 1619 καὶ
3289 1562 3502 1639 νύκτωρ
3560 1564 3672 1636 (26)
3729 1564 3823 1617 καὶ

2175 1656 2290 1728 μεθ’
2340 1654 2547 1727 ἡμέραν
2621 1660 2738 1716 τοῖς
2808 1652 3122 1729 λογισμοῖς·
3182 1652 3347 1707 ταῦτά
3407 1674 3501 1726 μοι
3556 1652 3667 1725 (27)
3725 1652 3821 1706 τὸν

2176 1742 2372 1817 μυελὸν
2434 1744 2670 1814 ἐκτήκει,
2723 1742 2813 1798 καὶ
2873 1740 3082 1813 δαπανᾷ
3132 1744 3224 1803 τὰς
3300 1743 3519 1818 σάρκας,
3572 1741 3663 1795 καὶ
3722 1739 3826 1795 οὐκ

419 1822 539 1879 lata
570 1826 712 1880 facie
742 1826 1027 1883 incedere.
1062 1830 1190 1886 Haec
1220 1833 1485 1888 animum
1519 1852 1715 1889 meum
1756 1836 2060 1904 dejiciunt,

2187 1835 2233 1904 ἑᾷ
2286 1832 2478 1909 θρασὺν
2537 1832 2669 1887 εἶναι
2726 1838 2815 1887 καί
2874 1831 2983 1887 ἅνω
3046 1829 3316 1906 βλέποντα
3349 1828 3683 1904 ταῦτά
3726 1850 3822 1901 μοι

2398 1927 2419 1933 _
2511 1923 2522 1933 .
2623 1925 2633 1933 .
2740 1923 2751 1933 .
2920 1920 2932 1933 .
3023 1921 3035 1933 .
3184 1924 3210 1933 ..
3432 1917 3509 1933 ,μ
3701 1917 3714 1933 .
3789 1921 3818 1932 ..

421 1918 477 1969 et
498 1912 754 1970 mentem
773 1918 1145 1987 contrahunt,
1165 1926 1221 1975 et
1242 1921 1455 1993 linguas
1476 1923 1772 1979 vinculum
1795 1924 2068 1995 injiciunt

2187 1927 2419 1977 ταπεινοῖ
2465 1923 2564 1990 τὴν
2610 1923 2816 1997 ψυχὴν,
2848 1920 2935 1975 καὶ
2984 1921 3074 1975 τὸν
3122 1924 3242 1974 νοῦν
3294 1917 3599 1987 συστέλλει,
3629 1917 3718 1971 καὶ
3751 1921 3822 1990 τῇ

420 2002 780 2075 faciuntque,
813 2011 876 2062 ut
908 2024 1021 2062 non
1055 2009 1125 2063 de
1157 2011 1515 2081 prazfectura,
1537 2030 1639 2068 nec
1670 2014 1740 2068 de
1779 2013 2068 2086 corrigen-

423 2093 513 2148 dis
545 2101 602 2148 et
645 2096 1042 2167 gubernandis
1097 2098 1225 2154 aliis
1281 2101 1550 2173 cogitem,
1584 2102 1641 2156 id
1674 2103 1826 2173 quod
1860 2104 2067 2158 exube-

424 2181 611 2236 rantis
638 2184 946 2252 cujusdam
980 2185 1275 2243 facultatis
1306 2194 1431 2257 est;
1472 2191 1571 2245 sed
1624 2192 1914 2260 quomodo
1948 2192 2069 2262 ipse

425 2271 753 2327 venientem
786 2273 931 2328 iram
994 2276 1266 2348 effugere,
1300 2283 1474 2350 atque
1530 2297 1561 2334 a
1619 2278 1743 2335 vitii
1802 2281 2070 2352 rubigine

428 2360 695 2415 nonnihil
728 2363 1019 2434 meipsum
1053 2365 1332 2423 abradere
1364 2384 1597 2439 queam.
1633 2369 1875 2440 Purgari
1908 2371 2069 2441 prius

431 2454 679 2521 oportet,
714 2450 918 2507 deinde
955 2470 1239 2523 purgare:
1292 2456 1580 2527 sapientia
1630 2458 1863 2529 instrui,
1896 2464 2071 2530 atque

427 2538 510 2594 ita
539 2538 777 2594 demum
809 2539 953 2595 alius
987 2542 1271 2611 sapientia
1319 2544 1646 2612 instruere;
1699 2546 1797 2601 lux
1836 2547 1984 2613 fieri,
2016 2551 2072 2602 et

426 2626 571 2683 alios
601 2626 971 2690 illuminare;
1027 2631 1095 2684 ad
1149 2631 1330 2687 Deum
1382 2635 1871 2707 appropinquare,
1905 2642 1963 2691 et
1992 2636 2071 2692 ita

427 2716 571 2771 alios
602 2716 925 2785 adducere;
959 2720 1333 2789 sanctificari,
1363 2727 1417 2777 et
1438 2728 1639 2794 postea
1669 2725 2067 2795 sanctiﬁcare;

427 2820 557 2859 cum
593 2806 866 2862 manibus
927 2807 1162 2877 ducere,
1218 2828 1352 2865 cum
1392 2813 1705 2883 prudentia
1760 2814 2071 2872 consilium

427 2892 584 2948 dare.

498 2981 708 3038 LXXII.
740 2984 981 3049 Quando
1012 2984 1191 3057 igitur
1219 2988 1341 3046 haec
1361 2994 1553 3057 erunt,
1584 2990 1851 3065 inquient
1881 2992 2069 3049 homi-

426 3086 531 3126 nes
561 3072 631 3126 ad
663 3073 860 3128 omnia
891 3074 1128 3141 celeres,
1162 3094 1267 3133 nec
1296 3080 1438 3135 satis
1471 3082 1650 3151 cauti,
1684 3074 1852 3138 l‘acile
1890 3083 2069 3138 aediﬁ-

429 3166 646 3231 cantes,
672 3167 729 3217 et
750 3162 1052 3220 diruentes
1075 3165 1101 3219 ?
1126 3166 1367 3229 Quando
1390 3169 1629 3225 lucerna
1659 3188 1838 3243 supra
1859 3173 2067 3228 cande-

427 3248 661 3306 labrum
696 3253 739 3287 ⁷⁸
762 3250 789 3306 ?
816 3252 920 3308 Ubi
956 3254 1242 3310 talentum
1275 3258 1316 3291 ⁷⁷
1341 3262 1363 3313 P
1393 3258 1477 3315 sic
1506 3260 1662 3315 enim
1694 3260 1942 3333 gratiam
1972 3280 2067 3318 vo—

431 3346 582 3394 cant.
608 3339 739 3395 Haec
761 3340 930 3411 ii,qui
954 3343 1210 3400 amicitia
1230 3362 1408 3417 quam
1432 3347 1711 3422 religione
1732 3351 2071 3407 fervidiores

430 3434 589 3484 sunt.
621 3428 861 3492 Quando
918 3432 1039 3487 haec
1095 3439 1286 3501 erunt,
1348 3442 1405 3491 et
1462 3455 1588 3508 quas
1624 3455 1753 3495 mea
1782 3446 1872 3496 est
1903 3441 2070 3511 ratio,

430 3518 714 3588 quaeritis,
741 3518 848 3575 viri
880 3521 1230 3578 fortissimi?
1252 3524 1331 3580 Ne
1357 3530 1617 3584 extrema
1638 3528 1873 3599 quidem
1908 3546 2073 3585 sene-

430 3612 559 3662 ctus
585 3606 719 3662 huic
753 3608 831 3662 rei
890 3612 1237 3680 praestituta,
1281 3613 1522 3687 longum
1571 3622 1803 3689 tempus
1852 3619 2073 3674 censeri

431 3696 620 3752 debet.
647 3697 928 3754 Senectus
962 3698 1118 3755 enim
1137 3718 1270 3757 cum
1295 3705 1602 3774 prudentia
1636 3709 1949 3777 conjuncta
1969 3709 2073 3762 im-

430 3784 627 3857 peritae
652 3787 943 3856 juventuti
976 3795 1236 3860 praestat,
1293 3798 1349 3846 et
1405 3795 1772 3850 considerata
1828 3796 2075 3852 tarditas

428 3873 776 3930 inconsultas
808 3877 1140 3945 temeritati,
1172 3884 1229 3935 et
1276 3881 1444 3937 breve
1484 3900 1750 3955 regnum,
1784 3884 2073 3941 diuturna)

430 3964 761 4037 tyrannidi;
788 3968 1283 4037 quemadmodum
1307 3978 1363 4026 et
1384 3972 1590 4043 exigua
1618 3974 1805 4045 portio
1837 3975 2072 4030 maximi

433 4053 625 4124 pretii,
652 4055 854 4112 multis
875 4056 1089 4114 vilibus
1106 4064 1163 4113 et
1182 4060 1522 4132 periculosis
1540 4063 1769 4135 opibus,
1790 4069 1847 4119 et
1868 4080 2077 4136 parum

434 4142 559 4194 auri
593 4143 796 4199 multis
826 4146 1054 4216 plumbi
1084 4147 1270 4216 libris,
1294 4154 1351 4206 et
1375 4168 1551 4222 parva
1574 4152 1673 4208 lux
1703 4152 2075 4209 densissimis

434 4228 716 4287 tenebris.

506 4317 757 4375 LXXIII.
798 4321 1026 4395 Alioqui
1057 4328 1372 4383 verendum
1433 4335 1541 4399 est,
1577 4348 1647 4386 ne
1702 4330 1925 4388 lubrica
1956 4333 2075 4387 haac

434 4404 717 4476 celeritas,
751 4425 1121 4484 praecepsque
1150 4417 1438 4489 studium,
1471 4420 1795 4476 seminibus
1820 4420 1937 4476 illis
1960 4438 2075 4477 non

2174 2010 2393 2086 γλώσσῃ
2443 2008 2636 2083 δεσμὸν
2680 2009 2948 2079 ἐπιτίθησι
2980 2012 3114 2082 (29),
3169 2008 3258 2063 καὶ
3310 2008 3369 2063 ού
3418 2007 3543 2084 περὶ
3591 2027 3828 2081 προστα-

2177 2101 2292 2161 σίας
2342 2100 2473 2154 εἶναι
2523 2105 2670 2154 ποιεῖ
2716 2101 2805 2154 τὸν
2860 2098 3049 2174 λόγον,
3082 2096 3206 2153 οὐδὲ
3258 2102 3355 2153 τοῦ
3394 2098 3828 2173 κατορθοῦν

2178 2187 2381 2250 ἄλλους
2429 2190 2516 2244 καὶ
2568 2186 2879 2259 διευθύνειν,
2933 2189 2962 2243 ὃ
3009 2188 3229 2257 πολλῆς
3278 2187 3385 2242 ἐστι
3461 2194 3561 2254 τῆς
3610 2206 3829 2260 περιουο

2180 2279 2311 2340 σίας·
2347 2276 2473 2333 ἀλλ’
2500 2278 2649 2341 ὅπως
2696 2278 2753 2333 ἂν
2805 2278 2964 2339 αὐτὸς
3008 2279 3107 2346 τὴν
3159 2276 3464 2353 ἐρχομένην
3514 2276 3679 2350 ὀργὴν
3714 2276 3830 2346 (31)

2181 2366 2524 2447 διαφύγοιμι,
2556 2368 2644 2422 καὶ
2696 2366 2885 2441 μικρόν
2930 2388 2980 2419 τι
3028 2370 3128 2420 τοῦ
3176 2366 3263 2419 ἱοῦ
3288 2372 3387 2434 τῆς
3437 2363 3623 2425 κακίας
3656 2362 3827 2435 ἐμαυ-

2178 2458 2269 2513 τὸν
2331 2455 2673 2529 ἀποξέσαιμι.
2744 2457 3082 2531 Καθαρθῆναι
3130 2456 3242 2528 (32)
3293 2452 3374 2509 δεῖ
3433 2458 3671 2529 πρῶτον,
3716 2451 3831 2506 εἶτα

2180 2552 2425 2623 καθᾶραι·
2496 2548 2836 2623 σοφισθῆναι,
2911 2545 2999 2599 καὶ
3076 2542 3218 2598 οὕτω
3293 2542 3529 2617 σοφίσαι·
3580 2542 3830 2617 γενέσθαι

2180 2641 2315 2714 φῶς,
2374 2634 2461 2689 καὶ
2522 2636 2771 2712 φωτίσαι·
2833 2632 3040 2709 ἐγγίσαι
3111 2635 3247 2704 Θεῷ,
3303 2631 3392 2686 καῖ
3467 2634 3829 2707 προσαγαγεῖν

2182 2724 2403 2785 ἄλλους·
2452 2723 2783 2799 ἀγιασθῆναι,
2829 2723 2918 2778 καὶ
2963 2722 3197 2798 ἁγιάσαι·
3249 2722 3660 2796 χιιραγωγῆσαι
3707 2719 3826 2789 (33)

2184 2814 2315 2887 μετά
2343 2817 2565 2888 χειρῶν,
2599 2807 3000 2887 συμϐουλεῦσαι
3035 2811 3169 2885 μετὰ
3198 2808 3476 2872 συνέσεως.

2251 2998 2353 3049 OB.
2408 2990 2545 3047 Πότε
2606 3012 2695 3046 ουν
2756 3011 2900 3045 εσται
2954 2994 3146 3061 ταῦτα,
3202 2988 3358 3067 φασὶν
3422 2988 3474 3042 οἱ
3532 2990 3720 3062 ταχεῖς
3770 2984 3841 3039 τὰ

2180 3083 2370 3149 πάντα,
2421 3082 2507 3135 καὶ
2564 3080 2663 3135 οὐκ
2711 3078 2992 3157 ἀσφαλεῖς,
3040 3080 3091 3134 0i
3143 3076 3342 3155 ῥᾳδίως
3392 3073 3837 3149 οἰκοδομοῦντες,

2180 3171 2269 3226 καὶ
2316 3168 2840 3238 καταλύοντες;Καὶ
2884 3167 3085 3239 πηνίκα
3135 3169 3163 3223 ὁ
3212 3166 3417 3243 λύχνος
3469 3165 3555 3220 ἐπὶ
3604 3166 3702 3233 τήν
3737 3162 3837 3220 λυ-

2181 3259 2373 3337 χνίαν;
2434 3259 2532 3314 Καὶ
2610 3263 2713 3313 ποῦ
2768 3258 2831 3313 τὸ
2904 3256 3214 3326 τάλαντον;
3269 3256 3412 3311 οὕτω
3465 3255 3527 3309 τὸ
3578 3254 3834 3329 χάρισμα

2184 3348 2454 3423 λέγοντες.
2486 3352 2660 3403 Ταῦτα
2708 3348 2760 3402 oi.
2809 3346 3127 3422 θερμότεροι
3168 3347 3265 3414 τήν
3313 3342 3495 3422 φιλίαν
3528 3344 3562 3413 ἣ
3590 3344 3689 3411 τήν
3742 3341 3829 3396 εύ-

2185 3436 2428 3494 λάϐειαν.
2464 3436 2599 3493 Πότε
2647 3441 2831 3508 ταῦτα,
2865 3435 2952 3492 καὶ
3001 3434 3081 3497 τίς
3133 3435 3160 3488 ὁ
3209 3434 3339 3507 ἐμὸς
3388 3431 3579 3508 λόγος,
3619 3429 3664 3485 ὦ
3711 3452 3833 3507 γεν-

2183 3526 2492 3595 ναιότατοι;
2552 3524 2624 3580 Οὐ
2704 3526 2884 3600 μακρὰ
2954 3522 3276 3600 προθεσμία,
3345 3519 3471 3577 οὐδὲ
3543 3523 3714 3596 γῆρας
3764 3520 3830 3574 τὸ

2186 3614 2435 3691 ἔσχατον.
2499 3614 2771 3691 Κρείσσων
2858 3614 2960 3688 γὰρ
3047 3610 3217 3667 πολιᾶ
3304 3611 3439 3685 μετᾶ
3511 3612 3828 3689 φρονήσεως

2184 3703 2507 3760 ἀπαιδεύτου
2584 3704 2856 3775 νεότητος,
2934 3702 3022 3757 καὶ
3099 3700 3460 3778 λελογισμένη
3552 3697 3830 3775 βραδύτης

2182 3793 2386 3870 τοίχους
2472 3794 2882 3869 ἀπερισκέπτου·
2939 3792 3029 3846 καὶ
3110 3789 3496 3868 ὀλιγοχρόνιος
3576 3786 3832 3864 βασιλεία

2190 3890 2393 3959 μακρᾶς
2421 3879 2754 3958 τυραννίδος·
2790 3882 2861 3943 ὡς
2889 3881 2978 3936 καὶ
3016 3879 3175 3956 ὀλίγη
3212 3880 3363 3954 μερὶς
3402 3876 3560 3950 τιμία
3604 3874 3831 3945 πολλῆς

2184 3975 2426 4043 κτήσεως
2477 3974 2589 4045 (34)
2634 3970 2829 4043 ἀτίμου
2876 3970 2965 4024 καὶ
3015 3974 3284 4046 σφαλερᾶς
3484 3966 3571 4021 καὶ
3619 3963 3828 4041 χρυσὸς

2185 4060 2371 4137 ὀλίγος
2415 4056 2695 4134 μολύϐδου
2743 4056 3177 4128 πολυταλάντου,
3208 4056 3297 4111 καὶ
3340 4052 3555 4111 πολλοῦ
3602 4048 3833 4113 σκότους

2185 4150 2373 4225 ὀλίγον
2407 4153 2543 4227 φῶς.

2256 4334 2368 4384 ΟΓ’.
2400 4326 2470 4380 Τὸ
2501 4323 2557 4381 δὲ
2585 4326 2726 4401 ταχὺ
2755 4328 2913 4381 τοῦτο
2951 4322 3038 4378 καὶ
3084 4321 3373 4401 σφαλερὸν,
3404 4322 3493 4375 καὶ
3542 4317 3664 4374 λίαν
3710 4340 3837 4373 κατ-

2186 4414 2614 4489 εσπουδασμένον
2648 4418 2782 4487 (36),
2820 4414 2895 4489 μὴ
2953 4417 3060 4469 τῶν
3101 4413 3423 4489 σπερμάτων
3465 4409 3687 4470 ἐκείνοις

505 4551 549 4584 ⁷⁸
578 4551 780 4607 Matth.
814 4570 974 4621 χχιιι,
1023 4556 1216 4613 23-25.
1267 4561 1310 4594 ⁷⁸
1342 4560 1546 4617 Matth.
1582 4581 1637 4631 ν,
1661 4565 1752 4619 15.
1792 4565 1835 4599 ⁷⁷
1868 4564 2071 4620 Matth.
2112 4580 2242 4635 xxv,
2276 4562 2364 4619 15.

506 4703 618 4827 (2-1)
677 4703 1033 4775 Φαινοίμεθα.
1093 4707 1181 4761 Sic
1244 4710 1404 4782 Regii
1472 4713 1770 4779 undecim,
1832 4715 2157 4784 quatuorD

506 4776 616 4827 il)”
674 4777 788 4827 Jes.
848 4777 942 4827 Or.
1007 4780 1054 4827 1-
1118 4783 1279 4827 Pass-
1338 4788 1395 4827 at
1468 4784 1648 4827 Cnmh
1732 4786 1806 4827 Erl
1892 4784 2076 4827 ωηονιζ-

433 4776 616 4906 Οοὲὶλ,
674 4777 788 4831 Jes.
848 4777 942 4832 Or.
1007 4780 1056 4849 1,
1117 4783 1280 4836 Pass.
1329 4776 1395 4837 Et
1468 4784 1669 4839 Comb.
1731 4776 2076 4861 Εά.”φαινό-

439 4864 504 4906 με
543 4864 595 4897 α.

439 4864 595 4917 μεθα.

464 4915 915 5039 {gat-Eadm;
975 4917 1055 4974 ἄν.
1117 4924 1199 4978 Ita
1256 4924 1393 4995 Reg.
1456 4931 1511 4981 et
1566 4925 1725 4982 Colb.
1788 4927 1848 4980 In
1890 4927 1980 4982 ed.
2015 4926 2072 4979 ἃν

436 5007 679 5047 εικοτως.

504 5062 617 5142 (2(ξ)
649 5058 751 5142 Καὶ
778 5057 1006 5142 νύκτωρ.
1032 5064 1125 5142 _Ita
1156 5071 1282 5121 octo
1315 5068 1488 5140 Regg.
1524 5086 1624 5125 sex
1672 5068 1855 5136 Colb.,
1891 5070 1986 5125 0r.
2023 5072 2077 5142 1,

434 5134 543 5186 etc.
579 5132 749 5186 Deest
777 5130 866 5184 καί
893 5130 1071 5191 ἰῐ]’θ’1.

650 5202 827 5277 Ταῦτά
860 5207 1141 5277 μοιηΑιίἰ,
1178 5228 1302 5277 μου.

507 5275 619 5344 (28)
652 5271 799 5363 Εἶναι
832 5271 918 5363 καὶ
947 5271 1441 5363 ..ἅνω-’βλέποντι
1471 5284 1589 5363 Δ8ίο
1621 5282 1834 5363 legitur
1862 5284 2077 5363 inmocto

434 5348 598 5423 Reg,
623 5350 846 5423 septem
868 5347 1050 5418 Colb.,
1083 5347 1223 5416 σεξ..
1248 5354 1342 5409 Or.
1376 5357 1564 5423 t,stc.,
1591 5347 1963 5419 οωῖεεορὺδὲ
1982 5374 2079 5407 πο-

437 5414 705 5498 ρεύεσβαιξ
734 5417 891 5473 Habe
920 5424 961 5474 at
1018 5414 1219 5479 tamen,
1271 5414 1477 5498 ιιθεζι,
1508 5414 1562 5491 ι,’
1584 5431 1639 5481 et
1670 5414 1828 5481 Colb.
1864 5445 1945 5493 ιη,
1988 5425 2077 5478 καὶ

434 5486 755 5559 πορεύεσθαι
789 5508 919 5544 ανω.

650 5559 972 5639 ἶβπιτίθησι.
1009 5565 1126 5636 Reg
1179 5585 1232 5639 γ,
1268 5566 1525 5635 ἐντίθησι.

505 5562 619 5705 (29)
652 5562 972 5629 Ἐπιτίθησι.
1009 5565 1126 5636 Reg
1179 5585 1232 5639 γ,
1268 5566 1525 5635 ἐντίθησι.

528 5632 971 5713 ξυΚατορθοῦν.
1000 5639 1196 5695 Comb.
1233 5662 1260 5690 «
1293 5641 1365 5695 ad
1414 5643 1685 5698 virtutem
1732 5655 2079 5713 componere

434 5706 491 5761 et
519 5704 801 5779 dirigere.
824 5725 853 5755 »

2259 4712 2370 4790 (ἓί)
2404 4708 2881 4790 Daiei-.3684»
2914 4705 3208 4790 ῥομφαίαις
3327 4774 3337 4790 ,
3473 4778 3487 4790 .

2259 4728 2370 4783 (51)
2406 4728 2629 4783 ὐργην.
2666 4728 2804 4781 Heg.
2839 4728 2881 4777 ι,
2914 4728 3202 4835 ρορφαιαν..
3327 4774 3337 4795 ν
3592 4775 3603 4787 ι
3639 4775 3651 4788 .

2258 4782 2756 4863 (32).Καθαρθῆναι.
2804 4780 2970 4863 ᾖσεζ
3008 4823 3020 4846 ,
3053 4780 3219 4863 addit
3274 4796 3401 4863 γξρ.ἰ
3458 4776 3829 4863 Addlttg‘ge-

2186 4844 2460 4925 cessaris,
2494 4844 2705 4924 si'post
2734 4844 3063 4935 καθαρὸῇνάι
3110 4844 3419 4922 ιθειιε’δεῖ,
3469 4864 3603 4903 curn
3635 4846 3826 4915 Billio,

2187 4928 2337 4983 Par..
2362 4926 2505 4981 Gab.
2538 4930 2595 4980 et
2626 4942 2764 4979 mss.
2820 4924 3007 4983 Remis
3065 4923 3184 4983 bm.
3227 4922 3266 4983 l.
3298 4926 3340 4983 t,
3372 4938 3427 4983 α,
3459 4920 3617 4975 Colb.
3646 4920 3701 4983 7,
3746 4936 3823 4975 m.

2300 4969 2337 4991 .,
2362 4942 2505 4981 uan.
2538 4942 2595 4980 et
2626 4942 2764 4979 mss.
2820 4942 3007 4991 negus
3065 4942 3184 4989 Dm,
3227 4942 3266 4991 ι,
3298 4942 3340 4987 ι,
3372 4942 3427 4989 x,
3459 4942 3617 4975 υοιυ.
3659 4942 3701 4985 ι,
3746 4942 3823 4975 ω.

2187 4940 2337 4995 ram,
2362 4940 2505 4981 UaD.
2538 4940 2595 4980 et
2626 4942 2764 4979 mss.
2820 4940 3007 4995 uegus
3065 4940 3184 4989 Dm,
3227 4940 3266 4991 ι,
3298 4940 3340 4987 ι,
3372 4940 3427 4989 x,
3459 4940 3617 4975 uom.
3659 4940 3701 4985 ι,
3746 4940 3823 4975 m.

2184 4998 2455 5068 Alioquin
2484 4996 2685 5068 hiulca
2718 4996 2860 5051 foret
2890 4995 3091 5049 oratio.
3120 4994 3227 5068 βίη
3260 4997 3455 5068 autem
3495 4991 3707 5063 legeris
3738 5010 3832 5044 κα-

2187 5063 2445 5143 θαρθῆναι
2474 5063 2698 5143 _8é_cu_m
2736 5068 2859 5143 Bas.
2916 5083 3083 5133 mss.,
3118 5066 3343 5143 Reg._a,
3378 5063 3482 5128 hu,
3514 5080 3573 5131 n,
3607 5080 3654 5134 r,
3687 5080 3746 5131 u,
3776 5080 3833 5132 z,

2186 5138 2358 5217 Golb.‘
2380 5140 2513 5217 3,__4,
2546 5139 2605 5203 h.
2637 5139 2677 5207 i,
2709 5145 2765 5217 et
2799 5138 2980 5217 Passﬂ
3003 5138 3304 5217 constabit
3333 5151 3565 5217 sensus:

2256 5212 2365 5281 (33)
2424 5206 2857 5284 Χειραγωγῆσαι.
2917 5209 3058 5265 Gab.
3128 5228 3149 5256 ι
3193 5207 3466 5263 manibus
3523 5206 3833 5272 deducere,

2187 5282 2498 5355 prudentia
2524 5282 2907 5355 oonsulereg)

2259 5356 2371 5424 (34)
2406 5354 2675 5424 κτήσεως.
2708 5358 2771 5407 In
2802 5349 3169 5424 edixticewc,
3202 5365 3394 5422 prave.

2261 5422 2370 5501 (ἰξῷ)
2405 5422 2709 5501 Σφαλερᾶς.
2745 5448 2778 5501 (ε
2808 5422 3212 5501 Ραῌιιοὶὺυε.)

2263 5492 2371 5568 (36)
2462 5492 3041 5565 Κατέσπουδασμένον.
3146 5494 3347 5549 Comb.

2192 5588 2369 5718 νοῖέῖ)
2508 5642 2610 5718 τςυν
2637 5636 2959 5718 σπερμάτων
2982 5633 3233 5718 ἐκείνοις,
3256 5636 3588 5718 Sic_nqum
3617 5633 3826 5718 R‘eggv

2189 5704 2291 5768 ssi
2327 5704 2511 5783 Colb.,
2534 5711 2631 5768 0r.
2675 5704 2749 5782 1,’
2774 5704 2893 5767 Jes.
2943 5713 3000 5766 et
3043 5708 3174 5766 Pas.
3211 5710 3273 5768 In
3304 5708 3397 5767 ed.
3439 5706 3568 5764 Par.
3604 5704 3682 5778 μὴ
3712 5704 3832 5764 τοῖς

3443 5509 3843 5561 κατεσπευσμεο
