4184 6202
339 393 456 455 ιδι

1480 384 1772 446 ORATIO
1816 381 1897 444 ll.
1928 412 2004 427 —-
2046 380 2614 442 APOLOGETICA.

3634 384 3755 446 482

343 522 520 583 ἐοικὸς
568 520 627 594 ᾖ,
679 519 712 573 ἃ
757 520 891 574 κατά
938 523 1043 573 τῶν
1094 521 1304 594 πετρῶν
1353 517 1605 588 πεσόντα,
1652 516 1741 570 καὶ
1806 512 1893 568 διὰ
1938 512 2000 566 τὸ

2134 512 2384 568 ιὺείωἱιθ
2406 513 2635 584 sit,quze
2659 512 2715 566 in
2742 515 2934 585 petras
2958 513 3290 569 ceciderunt
3316 532 3328 583 ;
3355 518 3410 570 et
3432 514 3571 586 quia
3588 520 3753 572 terrai

347 613 426 686 μὴ
488 610 635 686 ἔχειν
697 609 860 683 βάθος
919 614 1048 683 γῆς,
1099 607 1253 668 εὐθὺς
1301 605 1664 679 ἀνακύψαντα,
1716 601 1839 657 οὐδὲ
1894 604 1993 670 τὴν

342 702 571 773 πρώτην
630 696 826 773 ἤνεγκε
879 701 977 751 τοῦ
1030 694 1197 765 ἡλίου
1253 695 1583 771 θερμότητα·
1643 695 1678 762 ἢ
1736 697 1815 764 τῷ
1865 692 2000 746 κατὰ

343 797 445 859 τῆς
504 788 736 861 ψάμμου
794 785 994 850 τεθέντι
1074 782 1338 858 θεμελίῳ,
1395 780 1535 857 μηδὲ
1596 781 1780 857 ὀλίγον
1852 780 1996 834 ἀντι-

349 878 538 955 σχόντι
596 877 732 949 πρὸς
787 876 886 943 τὴν
952 875 1161 951 βροχὴν
1223 874 1311 928 καὶ
1372 873 1438 927 τὰ
1511 871 1810 944 πνεύματα.
1870 867 1999 923 Οὐαί

352 988 466 1039 σοι,
526 964 725 1037 πόλις,
786 968 851 1033 ἧς
932 965 960 1018 ὸ
1036 960 1287 1039 βασιλεύς
1360 983 1455 1017 σου
1527 959 1790 1035 νεώτερός
1868 957 1998 1031 ἐστι,

348 1057 484 1137 φησὶ
542 1054 812 1126 Σολομῶν
871 1054 1005 1123 (38)’
1066 1051 1178 1120 καὶ,
1238 1052 1324 1120 Μὴ
1384 1049 1494 1115 ἴσθι
1563 1049 1735 1125 ταχὺς
1803 1046 1853 1102 ἐν
1905 1045 2003 1101 λό-

349 1167 501 1221 γοις,
579 1147 675 1198 τοῦ
750 1141 912 1196 αὐτοῦ
990 1139 1356 1215 Σολομῶντος
1432 1140 1615 1217 φωνὴ,
1673 1138 1898 1215 πρᾶγμά
1949 1157 2001 1191 τι

350 1234 577 1290 ἔλαττον
626 1234 763 1303 (39),
816 1229 1098 1306 λέγοντος,
1150 1230 1213 1283 τὸ
1265 1230 1387 1305 περὶ
1446 1228 1611 1304 λόγον
1674 1226 1846 1302 τάχος
1905 1233 2005 1296 τῆς

348 1324 474 1399 περὶ
506 1322 695 1397 πρᾶξιν
728 1319 1086 1396 θερμότητος.
1116 1318 1217 1375 Καὶ
1248 1318 1327 1380 τίς
1359 1318 1469 1373 ἐστι
1510 1319 1656 1393 παρὰ
1699 1321 1865 1371 ταῦτα
1895 1317 2006 1389 (40)

350 1416 378 1469 ὁ
436 1413 500 1467 τὸ
559 1413 728 1485 τάχος
786 1410 1028 1463 ἀπαιτῶν
1086 1408 1192 1483 πρὸ
1239 1414 1341 1469 τῖς
1398 1405 1693 1484 ἀσφαλείας
1758 1404 1847 1459 καὶ
1910 1408 2007 1458 τοῦ

351 1500 780 1577 συμφέροντοςς
837 1496 925 1559 Τίς
987 1498 1016 1551 ὁ
1069 1497 1347 1564 πλάττων,
1406 1494 1644 1569 καθάπερ
1701 1493 2008 1569 αὖθήμερον

349 1590 481 1652 τοὺς
532 1586 821 1659 πηλίνους,
882 1586 974 1641 τὸν
1031 1592 1130 1655 τῆς
1192 1583 1454 1655 ἀληθείας
1527 1584 1858 1659 προστάτην,
1916 1582 2007 1637 τὸν

360 1681 497 1752 μετά
556 1675 809 1753 ἀγγέλων
868 1674 1223 1747 στησόμενον,
1284 1673 1371 1728 καὶ
1455 1673 1586 1747 μετὰ
1655 1670 2006 1749 ἇρχαγγέλων

358 1768 672 1841 δοξάσοντα,
723 1766 813 1820 καὶ
869 1764 958 1819 ἐπὶ
1016 1764 1078 1818 τὸ
1134 1764 1243 1818 ἄνω
1317 1765 1699 1835 θυσιαστήριον
1774 1760 2009 1834 ἀναπέμ-

2109 602 2478 657 altitudinem
2504 619 2616 657 non
2638 602 3157 667 habebant,statim
3182 608 3477 671 exorta,ne
3498 606 3757 678 primum

2109 691 2344 763 quidem
2379 689 2519 746 solis
2551 690 2801 747 calorem
2840 692 2984 747 ferre
3017 695 3390 764 potuerunt“
3414 711 3427 750 :
3452 699 3550 750 aut
3581 695 3758 751 etiam

2108 781 2491 836 fundamento
2522 780 2576 835 in
2612 797 2785 835 arena
2808 781 2991 851 jacto,
3024 783 3174 852 quod
3212 782 3421 853 pluviae
3454 800 3518 839 ac
3567 785 3757 841 ventis

2111 887 2180 925 ne
2213 869 2511 925 tantillum
2545 869 2781 941 quidem
2816 869 3027 925 restitit
3046 872 3108 926 7°.
3150 873 3257 940 Vae,
3290 873 3390 927 tibi
3424 874 3643 943 civitas,
3676 873 3757 928 ait

2110 959 2403 1029 Salomon,
2434 960 2588 1029 cujus
2636 975 2741 1014 rex
2762 960 2958 1031 junior
2986 964 3065 1015 est
3090 961 3135 995 ⁸ο
3163 977 3175 1016 :
3213 962 3505 1034 idemque,
3558 965 3634 1019 Ne
3680 964 3755 1018 sis

2113 1049 2254 1103 celer
2281 1051 2337 1103 in
2371 1049 2546 1103 verbis
2566 1049 2607 1082 ³¹
2637 1066 2649 1103 :
2685 1047 2969 1104 minorem
3004 1049 3225 1105 scilicet
3272 1069 3393 1106 rem
3435 1070 3563 1109 esse
3593 1068 3756 1109 asse-

2114 1154 2247 1193 rens
2304 1137 2656 1192 celeritatem
2719 1137 2777 1192 in
2826 1138 3037 1203 verbis,
3099 1156 3276 1210 quam
3336 1140 3649 1197 ferventem
3698 1141 3757 1199 in

2116 1227 2339 1283 actione
2370 1226 2819 1283 festinationem.
2855 1229 2923 1282 Et
2950 1227 3081 1299 quis
3141 1234 3246 1296 est,
3282 1229 3379 1300 qui
3411 1236 3611 1286 contra
3640 1232 3763 1289 hzeo

2115 1316 2314 1372 omnia
2344 1315 2693 1371 celeritatem
2730 1316 2922 1388 potius
2956 1334 3130 1389 quam
3165 1319 3540 1374 securitatem
3571 1324 3627 1375 et
3658 1322 3770 1376 uti-

2115 1404 2342 1460 litatem
2376 1406 2695 1477 exposcat?
2725 1406 2862 1468 Quis
2894 1413 2981 1461 est
3012 1406 3108 1477 qui
3137 1407 3394 1463 veritatis
3429 1425 3761 1481 prepugua.

2116 1498 2326 1561 torem,
2361 1494 2535 1548 unius
2568 1493 2809 1550 dieculae
2841 1496 3049 1566 spatio,
3084 1496 3241 1551 velut
3270 1512 3299 1551 e
3330 1496 3453 1553 luto
3504 1502 3761 1557 statuam

2121 1583 2323 1655 tingit:
2358 1582 2545 1650 illum,
2575 1584 2839 1654 inquam,
2865 1586 2958 1654 qui
2992 1602 3124 1640 cum
3154 1585 3375 1656 angelis
3403 1587 3599 1658 stabit,
3626 1605 3761 1646 cum

2120 1672 2485 1745 archangelis
2517 1673 2885 1744 gloriﬁcahit,
2918 1676 2988 1729 ad
3021 1691 3341 1746 supernum
3375 1676 3557 1732 altare
3586 1677 3764 1733 sacri-

2123 1762 2253 1817 ﬁcia
2282 1762 2661 1828 transmittat,
2686 1780 2817 1817 cum
2851 1763 3080 1819 Christo
3114 1765 3434 1821 sacerdotio
3467 1766 3764 1840 fungetur,

357 1863 526 1932 ψοντα
583 1858 678 1918 τὰς
738 1854 941 1925 Θυσίας,
1001 1854 1089 1907 καὶ
1156 1855 1371 1929 Χριστῷ
1429 1851 1827 1927 συνιερεύσοντα
1875 1853 2009 1925 (41),

2134 1851 2468 1924 ﬁgmentum
2482 1851 2878 1917 instaurabit,i
2892 1854 3176 1925 maginem
3193 1853 3770 1928 exhibebit,superno

354 1949 450 2002 τὸν
528 1944 907 2001 ἀναπλάσοντα
975 1943 1036 1997 τὸ
1117 1940 1365 2016 πλάσμα,
1439 1942 1528 1995 ναὶ
1603 1942 2012 2016 παραστήσοντα

355 2037 458 2104 τὴν
489 2035 691 2106 εἰκόνα,
722 2034 814 2088 καὶ
841 2033 922 2105 τῷ
967 2032 1077 2087 ἄνω
1122 2031 1317 2103 κόσμῳ
1367 2028 1845 2105 δημιουργήσοντα
1876 2029 2009 2103 (42),

358 2126 448 2180 καὶ
499 2126 563 2181 τὸ
618 2128 801 2197 μεῖζον
851 2122 1043 2189 εἰπεῖν,
1104 2122 1230 2176 Θεὸν
1283 2119 1564 2193 ἐσόμενον,
1611 2119 1700 2173 καὶ
1754 2120 2008 2188 θεοποιή-

359 2236 523 2270 σοντα
551 2234 565 2284 ;

431 2306 547 2359 οΔ’.
581 2299 718 2360 Οἶδα
762 2300 907 2363 τίνος
954 2300 1112 2375 ἐσμὲν
1163 2297 1495 2375 λειτουργοὶ,
1529 2296 1618 2351 καὶ
1666 2300 1772 2350 ποῦ
1829 2296 2011 2368 κείμε-

358 2415 467 2464 νοι,
500 2392 592 2447 καὶ
624 2395 731 2447 ποῦ
762 2391 1089 2464 πέμποντες·
1134 2386 1255 2445 οἶδα
1300 2391 1397 2442 τοῦ
1445 2390 1579 2442 Θεοῦ
1624 2386 1686 2440 τὸ
1735 2385 1890 2459 ὕψος,
1924 2384 2012 2439 καὶ

358 2484 460 2552 τὴν
511 2480 853 2557 ἀνθρωπίνην
908 2479 1191 2546 ἀσθένειαν,
1242 2476 1329 2532 καὶ
1379 2477 1479 2545 τὴν
1532 2473 1755 2549 δύναμιν
1828 2472 2010 2529 πάλιν·

360 2571 607 2645 Οὐρανὸς
667 2569 904 2643 ὑψηλὸς,
933 2572 1006 2645 γῆ
1059 2566 1116 2623 δὲ
1162 2568 1369 2643 βαθεῖα.
1404 2565 1501 2620 Καὶ
1548 2565 1631 2627 τίς
1688 2559 2013 2635 ἀναϐήσεται

366 2664 472 2713 τῶν
524 2658 867 2735 ἐρῥιμμὲνων
935 2657 1003 2731 τῇ
1046 2655 1314 2732 ἁμαρτίᾳ;
1366 2655 1464 2717 Τίς
1513 2654 1888 2730 περικείμενος
1938 2651 2013 2707 ἔτι

368 2749 463 2803 τὸν
509 2748 657 2803 κάτω
704 2748 863 2825 ζόφον
910 2747 1000 2801 καὶ
1047 2748 1145 2814 τῆς
1199 2745 1391 2819 σαρκὸς
1437 2746 1535 2813 τήν
1578 2742 1868 2819 παχύτητα
1898 2741 2016 2816 ὅλῳ

362 2840 454 2893 νοῒ
508 2841 758 2912 καθαρῶς
818 2835 1132 2891 ἐποπτεύσει
1198 2839 1319 2890 νοῦν
1385 2833 1537 2901 ὅλον,
1590 2833 1679 2887 καὶ
1733 2834 2014 2909 μιγήσεται

371 2934 491 2990 τοῖς
533 2928 727 2981 ἑστῶσι
777 2925 865 2980 καὶ
912 2924 1163 3001 ἆοράτοις
1194 2923 1243 2978 ὲν
1283 2929 1399 2985 τοῖς
1451 2923 1698 2984 ἀστάτοις
1738 2923 1825 2977 καὶ
1875 2923 2015 2997 ὁρω-

369 3017 597 3090 μὲνοις;
633 3014 808 3077 Μόλις
839 3015 941 3090 γὰρ
976 3015 1035 3068 ἄν
1076 3036 1159 3075 τις
1191 3013 1412 3068 ἐνταῦθα
1458 3016 1565 3066 τῶν
1611 3008 1817 3087 σφόδρα
1865 3032 2018 3065 κεκα-

366 3108 652 3181 θαρμὲνων
698 3104 787 3159 καὶ
836 3100 1068 3158 εἴδωλον
1115 3104 1227 3175 (43)
1272 3106 1367 3156 τοῦ
1434 3099 1605 3155 καλοῦ
1673 3102 2015 3176 θεωρήσειεν,

362 3196 548 3271 ὥσπερ
608 3195 659 3248 οἱ
706 3195 797 3249 τὸν
839 3190 999 3263 ἥλιον
1029 3190 1079 3246 ἐν
1111 3196 1227 3253 τοῖς
1259 3188 1433 3247 ὕδασι.
1459 3190 1551 3252 Τίς
1584 3191 1611 3244 ὁ
1647 3192 1915 3263 μετρήσας
1946 3194 2014 3263 τῇ

2122 1940 2341 1995 mundo
2373 1940 2638 2011 opiﬁcem
2673 1945 2822 2012 aget,
2852 1945 2928 2004 et,
2957 1948 3036 2009 ut,
3063 1944 3215 2013 quod
3244 1946 3435 2015 majus
3460 1944 3770 2014 est,dicam

2122 2030 2265 2085 deus
2296 2029 2425 2097 erit,
2459 2028 2723 2100 aliosque
2755 2030 2893 2085 deos
2926 2031 3186 2086 efﬁciet?

2194 2296 2430 2351 LXXIV.
2463 2296 2818 2368 Scio,”cujus
2850 2297 3102 2353 ministri
3127 2315 3358 2366 sumus,
3381 2304 3436 2355 et
3458 2302 3767 2372 ubijacen-

2123 2388 2231 2453 tes,
2252 2391 2308 2441 et
2331 2403 2444 2458 quo
2470 2386 2786 2443 mittentes.
2810 2387 2958 2458 Scio,
2983 2405 3108 2460 quae
3133 2388 3230 2442 Dei
3259 2389 3613 2460 sublimitas,
3639 2409 3766 2464 quas

2123 2474 2385 2531 humana
2414 2475 2753 2543 infirmitas,
2778 2493 2843 2532 ac
2876 2494 3108 2532 rursum
3146 2479 3404 2549 potentia
3436 2480 3529 2535 sit.
3566 2481 3772 2538 Caelum

2124 2563 2422 2634 excelsum,
2449 2570 2595 2620 terra
2618 2575 2797 2622 autem
2812 2565 3090 2638 profunda
3106 2568 3172 2621 89.
3197 2568 3259 2622 Et
3278 2569 3545 2639 quisnam
3569 2588 3771 2627 eorum

2126 2653 2419 2725 ascendet,
2439 2655 2539 2726 qui
2565 2660 2798 2727 peccato
2820 2657 3095 2727 prostrati
3119 2658 3298 2713 sunt?
3321 2659 3461 2722 Quis
3481 2660 3771 2717 infernam

2126 2743 2436 2816 caliginem
2463 2748 2518 2799 et
2544 2744 2736 2799 carnis
2772 2745 3092 2801 crassitiem
3149 2746 3339 2803 adhuc
3388 2766 3614 2820 gerens,
3646 2754 3772 2807 tota

2127 2838 2320 2889 mente
2351 2838 2531 2889 totam
2562 2833 2723 2889 illam
2758 2839 3009 2890 mentem
3045 2852 3187 2907 pure
3227 2838 3531 2908 spectabit,
3566 2841 3767 2895 rebus-

2128 2941 2238 2995 que
2271 2923 2583 2979 stabilibus
2605 2928 2660 2979 et
2682 2925 2752 2979 ab
2770 2922 3071 2979 oculorum
3095 2934 3330 2997 aspectu
3356 2928 3596 2983 remotis
3620 2929 3770 2984 inter

2127 3012 2430 3069 instabiles
2451 3012 2751 3084 oculisque
2776 3014 3068 3084 subjectae
3092 3015 3473 3071 miscebitur?
3496 3018 3589 3071 Vix
3612 3018 3768 3075 enim

2129 3104 2440 3175 quisquam
2475 3102 2569 3157 hic
2616 3119 2816 3157 eorum
2850 3103 2947 3173 qui
2993 3105 3271 3175 majorem
3307 3107 3362 3160 in
3398 3108 3634 3163 modum
3670 3110 3770 3164 49

2129 3192 2356 3264 purgati
2384 3196 2541 3263 sunt,
2557 3190 2729 3246 etiam
2754 3192 2946 3264 ipsum
2967 3194 3180 3248 summi
3203 3194 3359 3248 illius
3380 3196 3513 3250 boni
3537 3182 3776 3253 simula-

360 3255 529 3361 χειρὶ.
561 3285 624 3338 τὸ
673 3281 843 3358 ὕδωρ,
874 3282 962 3337 καὶ
1005 3280 1096 3336 τᾶν
1149 3280 1370 3357 οὐρανὸν
1421 3283 1689 3353 σπιθαμῇ,
1723 3278 1810 3333 καὶ
1844 3286 2012 3334 πᾶσαν

2134 3300 2293 3337 crum
2325 3298 2556 3336 cernere
2587 3286 2776 3352 queat,
2813 3298 2928 3336 non
2959 3298 3128 3338 secus
3168 3287 3342 3355 atque
3375 3286 3413 3339 ii
3446 3286 3545 3357 qui
3591 3287 3772 3343 solem

358 3375 461 3443 τὴν
522 3379 627 3447 γῆν
678 3369 871 3448 δρακῖ;
906 3369 1002 3432 Τίς
1053 3368 1243 3441 ἔστησε
1280 3370 1346 3424 τὰ
1378 3364 1478 3445 ὄρη
1513 3370 1753 3442 σταθμῷ,
1786 3368 1874 3423 καὶ
1923 3369 2018 3431 τὰς

364 3461 534 3523 νάκας
570 3466 748 3536 ζυγῴ;
786 3460 874 3521 Τίς
922 3459 1091 3521 τόπος
1135 3461 1233 3527 τῆς
1281 3457 1665 3519 καταπαύσεως
1717 3456 1899 3529 αὐτοῦ,
1931 3459 2020 3513 καὶ

369 3552 476 3606 τίνι
506 3554 614 3606 τῶν
644 3551 854 3605 πάντων
888 3550 1326 3623 ὁμοιωθήσεται;

448 3821 565 3875 OE'.
627 3817 717 3881 Τίς
766 3818 795 3871 ὁ
851 3818 1084 3888 ποιήσας
1142 3817 1209 3870 τὰ
1262 3816 1433 3870 πάντα
1486 3813 1536 3870 ἰν
1596 3812 1773 3890 λόγῳ,
1814 3814 1902 3870 καὶ
1954 3817 2023 3892 τῇ

376 3908 542 3988 σοφίᾳ
598 3905 992 3967 κατασκευάσας
1049 3902 1353 3981 ἄνθρωπον,
1414 3902 1499 3958 οιαὶ
1560 3902 1635 3965 εἷς
1697 3903 1753 3958 ’ἐν
1807 3904 2023 3982 ἀγαγὼν

372 4001 442 4053 τὰ
499 3996 780 4067 διεστῶτα,
831 3995 919 4049 καὶ
976 3995 1129 4068 μίξας
1178 3995 1269 4048 τὸν
1321 3997 1454 4068 χοῦν
1500 3997 1578 4064 τῷ
1615 3991 1901 4067 πνεύματι,
1935 3996 2024 4051 καὶ

372 4086 581 4148 συνθεὶς
639 4090 776 4155 ζῶον
840 4084 1031 4161 ὁρατὸν
1094 4081 1182 4138 καί
1254 4081 1502 4156 ἀόρατον,
1546 4082 1875 4159 πρόσκαιρον
1935 4088 2023 4141 καὶ

372 4176 663 4248 ἀθάνατον,
714 4173 948 4251 ἐπίγειον
1024 4172 1111 4227 καὶ
1184 4171 1455 4247 οὐράνιον,
1515 4172 1816 4245 ἁπτόμενον
1889 4180 2023 4230 Θεοῦ

370 4265 467 4319 καὶ
517 4265 578 4318 οὐ
626 4260 1139 4338 περιδρασσὸμενον,
1180 4260 1389 4337 ἱγγίζον
1437 4261 1526 4315 καὶ
1576 4262 2022 4337 μακρυνόμενον;

374 4354 540 4423 Εἶπα,
599 4355 1018 4430 σοφισθτςσομαι,
1072 4351 1231 4427 φησὶν
1300 4352 1328 4403 ὁ
1392 4347 1686 4422 Σολομῶν,
1730 4351 1819 4405 καὶ
1889 4352 2022 4423 αὐτή

376 4442 691 4519 Ξμακρῦνθη
749 4441 839 4495 ἀπ’
898 4440 1034 4513 ἐμοῦ
1096 4440 1297 4514 μακρὸν
1370 4438 1499 4511 ὑπὲρ
1551 4438 1579 4491 ’ὀ
1629 4439 1719 4510 ἦν,
1767 4441 1866 4509 τήν
1936 4462 2026 4496 σο-

378 4531 503 4610 φίαν
580 4530 755 4604 λέγων
806 4532 937 4603 (44),
992 4528 1089 4582 Καὶ
1153 4525 1323 4587 ὄντως
1368 4528 1396 4580 ὁ
1445 4528 1752 4602 προστιθεὶς
1824 4534 2024 4604 γνῶσιν

2131 3371 2189 3425 in
2222 3369 2390 3441 aquis
2421 3370 2744 3425 intuentur.
2772 3370 2903 3439 Quis
2934 3388 3150 3427 mensus
3178 3382 3255 3429 est
3284 3391 3489 3446 aquam
3521 3383 3775 3449 manu,et

2130 3461 2323 3515 cazlum
2357 3459 2562 3531 palmo,
2606 3469 2656 3516 et
2700 3462 3013 3516 universam
3060 3471 3265 3519 terram
3310 3466 3525 3538 pugillo
3554 3467 3582 3522 7
3638 3468 3771 3536 Quis

2129 3552 2320 3605 statuit
2382 3554 2586 3605 montes
2628 3550 2685 3604 in
2731 3551 2989 3621 pondere,
3040 3560 3090 3608 et
3126 3555 3296 3609 silvas
3345 3558 3403 3610 in
3448 3562 3650 3613 statera
3680 3560 3769 3616 83?

2132 3641 2271 3709 Quis
2303 3639 2448 3694 locus
2478 3640 2735 3709 requietis
2766 3643 2886 3710 eius
2916 3640 2981 3707 3‘,
3014 3644 3063 3695 et
3105 3644 3199 3697 cui
3226 3659 3298 3698 ex
3326 3646 3575 3702 omnibus
3604 3649 3766 3705 rebus

2132 3728 2540 3783 assimilabitur
2553 3728 2640 3780 ³⁵9

2208 3816 2411 3872 LXXV.
2446 3816 2587 3880 Quis
2617 3821 2706 3873 est
2738 3818 2835 3888 qui
2862 3817 3059 3873 omnia
3090 3820 3146 3874 in
3199 3821 3371 3877 verbo
3404 3823 3592 3879 effecit
3620 3824 3683 3893 ⁸⁸,
3719 3829 3777 3882 et

2135 3906 2422 3978 sapientia
2445 3906 2738 3962 hominem
2766 3907 3046 3975 condidit,
3072 3925 3136 3963 ac
3163 3926 3255 3965 res
3281 3911 3432 3967 inter
3453 3930 3514 3969 se
3537 3913 3775 3972 dissitas

2134 3995 2447 4068 copulavit,
2478 3999 2807 4065 terramque
2859 3996 3091 4067 spiritui
3151 3998 3408 4070 miscuit,
3442 4003 3776 4074 animalque

2131 4083 2358 4140 visibile
2380 4088 2437 4139 et
2460 4083 2747 4139 invisibile
2768 4086 3115 4156 composuit,
3137 4088 3422 4144 caducum
3445 4096 3503 4146 et
3532 4092 3773 4148 immor-

2130 4173 2265 4240 tale,
2300 4178 2570 4228 terrestre
2591 4177 2647 4228 et
2677 4173 2923 4239 cmleste,
2959 4175 3140 4230 Deum
3163 4177 3455 4250 attingens
3489 4198 3591 4237 nec
3623 4198 3779 4238 com-

2134 4262 2523 4335 prehenderis,
2558 4262 3034 4332 appropinquans
3091 4269 3146 4319 et
3204 4268 3400 4337 procul
3459 4271 3777 4327 recedens?

2139 4352 2313 4406 Dixi:
2346 4352 2576 4420 Sapiens
2598 4352 2830 4419 e/ﬁriur,
2864 4350 2945 4405 ait
2976 4352 3250 4408 Salomon
3278 4374 3290 4410 :
3344 4360 3399 4410 at
3450 4361 3566 4429 ipsa
3607 4360 3785 4415 multo

2136 4456 2302 4510 quam
2349 4444 2474 4493 ante
2521 4438 2736 4509 longius
2767 4456 2800 4492 (ι
2841 4456 2927 4493 me
2977 4444 3194 4497 recessit
3213 4444 3277 4514 ⁸⁷,
3311 4462 3521 4518 nempe
3552 4449 3784 4520 sapien-

2139 4532 2280 4585 tiam
2309 4530 2525 4584 (liceus.
2560 4538 2640 4584 Ac
2673 4546 2812 4585 sane
2844 4531 2939 4601 qui
2977 4532 3128 4587 addit
3157 4536 3463 4607 scientiam,
3495 4539 3657 4594 addit
3687 4540 3787 4596 do-

376 4619 732 4695 προστίθησιν
781 4618 1028 4692 ἄλγημαο
1083 4616 1144 4671 οὐ
1199 4614 1410 4689 μᾶλλον
1485 4614 1866 4691 εὖφραίνοντος
1934 4622 2016 4673 τοῐ

2141 4620 2311 4674 (orem
2330 4618 2394 4671 ⁸⁸.
2417 4618 2638 4689 Quippe
2659 4634 2789 4672 cum
2814 4636 2925 4673 non
2950 4620 3079 4687 plus
3103 4621 3312 4677 latitia?
3332 4627 3536 4682 afferat
3560 4629 3609 4681 id
3633 4630 3789 4699 quod

453 4738 499 4771 τε
521 4737 960 4804 Matth.xui,5;
1008 4737 1145 4791 Luc.
1170 4751 1291 4803 VIII,
1316 4735 1369 4787 6.
1412 4734 1456 4767 79
1481 4734 1619 4789 Luc.
1642 4750 1718 4798 v1,
1747 4736 1847 4803 48;
1893 4736 2094 4791 Matth.
2138 4754 2237 4801 vn,
2295 4736 2380 4789 26.
2445 4734 2489 4769 ³ο
2572 4733 2752 4790 Eccle.

2842 4753 2896 4804 x,
2970 4738 3055 4792 16.
3142 4741 3183 4775 ⁸¹
3270 4742 3429 4797 Prov.
3491 4762 3646 4813 xxnx,
3694 4746 3786 4801 20.

376 4828 425 4862 "
460 4830 626 4900 Erov.
657 4844 787 4890 xxv,
810 4827 905 4900 731.
957 4826 1002 4859 ⁸³
1058 4824 1172 4881 Isa.
1214 4841 1302 4894 XL,
1349 4824 1434 4878 12.
1491 4822 1536 4856 ⁸⁴
1594 4823 1705 4878 Isa.
1751 4841 1896 4892 LXVI,
1933 4827 1981 4882 1.

2134 4829 2244 4880 lsa.
2277 4842 2366 4894 XL,
2404 4825 2488 4889 18,
2642 4825 2685 4857 ⁸⁸
2735 4824 2889 4881 Psal.
2934 4843 3110 4897 xxxu,
3161 4829 3214 4883 6.
3271 4831 3313 4864 ⁸⁷
3347 4831 3527 4887 Eccle.
3563 4850 3659 4900 v11,
3696 4834 3787 4889 24.

382 4900 426 4933 ⁸⁸
465 4898 643 4953 Eccle.
679 4916 719 4965 ι,
766 4899 850 4952 18.

382 5011 710 5083 σπέρμασιν.
746 5012 1027 5068 Caeterum
1061 5012 1171 5066 istc
1219 5009 1477 5081 Gregorii
1527 5008 1713 5079 locus,
1747 5009 1845 5081 qui
1876 5010 2031 5065 difﬁv

382 5082 603 5139 cultate
635 5101 747 5138 non
782 5090 956 5150 caret,
999 5084 1082 5137 sic
1141 5083 1302 5138 reddi
1364 5084 1585 5151 potest:
1622 5104 1649 5128 «
1683 5098 1883 5135 verum
1917 5082 2034 5137 haec

384 5155 655 5212 celeritas
686 5173 892 5227 parum
933 5156 1103 5211 etiam
1138 5160 1288 5222 tuta,
1312 5170 1413 5227 ac”
1440 5152 1763 5227 periculum
1808 5158 1915 5227 est,
1963 5169 2033 5209 ne

385 5230 543 5304 quod
577 5222 1199 5304 fit_praecipiti_studio,
1220 5224 1330 5304 vel
1378 5222 1451 5278 iis
1479 5223 1715 5304 illorum
1744 5225 2035 5280 seminum

384 5294 583 5354 simile
613 5294 708 5365 sit,
743 5321 770 5348 n
804 5294 914 5353 etc.
954 5300 1150 5354 Posset
1179 5298 1353 5354 etiam
1413 5294 1568 5366 quis,
1597 5294 1686 5346 καὶ
1728 5313 2035 5366 ,κατεσπου-

385 5367 676 5441 δασμὲνον,
728 5370 813 5425 sic
868 5370 1274 5442 interpretari:
1338 5389 1366 5418 «
1396 5365 1530 5422 licet
1587 5365 1841 5421 maxima
1896 5384 2037 5423 cura

387 5443 756 5499 adhibeatur.
790 5463 819 5491 »ι

458 5516 574 5639 (3)8)
608 5510 896 5639 ἓολο1μῶν.
931 5512 1102 5569 Deest
1133 5514 1191 5569 in
1255 5511 1513 5584 quinque
1575 5509 1780 5581 Regg.,
1814 5514 2037 5582 septem

458 5605 466 5638 ι
564 5628 576 5639 .
666 5602 709 5638 Γ.
781 5627 791 5637 .

387 5586 531 5642 Colb
564 5628 576 5652 ,
612 5586 791 5639 0r.1.

458 5651 572 5726 (39)
598 5653 883 5709 Ἐλαττον.
920 5678 948 5705 ‹‹
984 5655 1177 5726 Minus
1230 5652 1464 5726 aliquid.
1504 5674 1530 5701 »
1557 5651 1681 5726 AHis
1708 5653 1910 5726 verbis
1960 5653 2036 5710 si-

458 5670 572 5726 (39)
600 5670 883 5709 Ἐλαττον.
920 5678 948 5705 ‹‹
984 5670 1177 5712 Minus
1230 5670 1464 5780 auqum.
1504 5674 1530 5701 »
1585 5670 1681 5708 I118
1718 5670 1910 5710 vernis
1960 5670 2036 5710 Βι-

389 5730 632 5806 gniﬂcat
650 5727 985 5805 Gregorius,
1008 5724 1301 5786 celeritate
1341 5724 1619 5802 oquendi,
1643 5725 1838 5784 minus
1861 5740 2039 5803 quam

2148 5011 2377 5084 agendi,
2416 5010 2661 5084 peccari.

2215 5084 2328 5159 (40)
2363 5081 2513 5154 Παρᾶ
2542 5084 2725 5159 τατξτα.
2760 5082 2911 5159 Gab.
2939 5084 3093 5159 (this
3125 5086 3420 5159 neglectis.
3457 5112 3483 5140 ››

2216 5150 2327 5225 (41)
2388 5150 2821 5241 Σμνιερεύσοντα.
2880 5154 3144 5228 Quinque
3199 5150 3404 5232 Regg.,
3438 5166 3495 5217 et
3532 5162 3702 5220 Coisl.
3739 5165 3791 5235 1,

2146 5244 2234 5277 συν
2247 5248 2255 5275 '.
2267 5244 2632 5297 ερανευσοντα.

2217 5295 2329 5367 (42)
2390 5295 2897 5375 Δημιουργήσοντα.
2966 5318 2994 5347 ‹‹
3049 5298 3156 5364 Qui
3224 5305 3509 5375 superiori
3569 5308 3791 5363 mundo

2146 5384 2380 5440 operam
2414 5368 2925 5440 suamAp'raestabit.
2960 5392 2979 5416 ι

2217 5442 2339 5519 (43)
2359 5439 2460 5494 Καὶ
2490 5436 2778 5519 Ᾱεῗδῲλον,
2818 5441 2927 5519 _S_ic
2963 5444 3353 5519 octo_Regg.,
3412 5449 3572 5506 Colb.
3616 5450 3790 5519 quin-

2146 5510 2452 5637 q,qe,)\Jcs.,
2480 5514 2573 5567 Or.
2608 5513 2658 5577 1,
2683 5535 2709 5561 «
2738 5510 2834 5568 Vel
2860 5512 3051 5585 ipsum
3079 5510 3485 5575 simulacrum.
3516 5544 3541 5569 ››
3568 5510 3665 5578 Ed.
3694 5518 3787 5574 κᾶν

2148 5596 2275 5637 axem
2319 5603 2397 5637 ον.

2361 5604 2490 5724 Ιῗῆν
2543 5652 2730 5733 σοφίαν
2767 5652 2961 5731 λέγων.
3000 5656 3128 5716 Haec
3183 5662 3384 5721 omisit
3432 5665 3492 5720 in
3528 5662 3794 5721 versione

2190 5744 2204 5782 ι
2256 5743 2373 5787 ius.

2190 5744 2373 5783 unus.
