4184 6202
406 397 523 462 ι83

1644 392 1710 455 S.
1761 388 2133 452 GREGORII
2177 385 2574 453 THEOLOGI

3695 393 3816 458 ΔΜ

405 530 706 588 inventum
730 533 836 599 est,
869 543 1043 600 quam
1065 525 1368 593 molestiae,
1390 524 1447 580 id
1486 524 1640 596 quod
1664 522 1867 595 effugit
1891 535 1902 577 :
1930 536 2031 593 quc

2162 518 2467 595 εὑρεθέντος
2509 520 2622 594 (45)
2668 520 2705 590 ἢ
2753 519 3004 585 ἀνιῶντος
3051 524 3149 578 τοῦ
3198 517 3605 601 διαφεύγοντος.
3653 522 3812 601 ὅπερ,

407 621 603 686 modo,
636 619 728 688 iis,
764 621 828 672 ut
870 617 1096 689 opinor,
1146 632 1253 669 usu
1306 614 1499 669 venire
1547 613 1713 679 solet,
1748 610 1869 682 qui,
1914 625 2048 664 cum

405 709 595 765 adhuc
629 708 723 764 siti
750 707 1031 773 laborent,
1056 706 1128 760 ab
1151 704 1316 777 aquis
1346 702 1798 768 abstrahuntur;
1824 702 1926 755 aut
1946 697 2047 769 qui

403 799 460 853 id
494 798 649 868 quod
683 812 744 851 se
773 795 987 851 habere
1020 794 1374 861 existimant,
1407 792 1680 848 manibus
1722 796 1918 845 tenere
1950 803 2047 842 ne-

402 891 662 957 queunt;
696 890 797 941 aut
816 902 961 957 quos
984 882 1216 957 fulgelri
1240 881 1550 955 splendore
1582 879 1920 954 perstrictos
1949 876 2051 933 lux

403 974 605 1031 statim
637 974 912 1030 deseruit.

477 1064 707 1120 LXXVI.
747 1065 858 1119 Hoc
890 1078 980 1118 me
1013 1060 1269 1118 interiori
1295 1060 1418 1116 loco
1451 1060 1704 1125 tenebat,
1741 1056 2050 1112 humilem-

403 1172 517 1228 que
547 1153 846 1225 reddebat,
879 1153 938 1207 in
969 1168 1213 1223 eamque
1272 1154 1525 1206 mentem
1585 1146 1940 1219 impellebat,
1985 1150 2051 1201 ut

403 1244 614 1301 melius
636 1259 764 1299 esse
784 1259 1081 1299 censerem
1108 1240 1296 1296 laudis
1329 1255 1525 1294 vocem
1558 1236 1759 1293 audire
1778 1237 1843 1303 ⁸9,
1868 1252 2046 1307 quam

400 1351 600 1390 earum
635 1349 850 1399 rerum,
876 1348 1001 1403 qu's
1026 1332 1172 1386 vires
1198 1346 1355 1385 meas
1389 1331 1753 1401 superarent,
1777 1324 2047 1397 explana-

396 1430 583 1479 torem
618 1439 707 1476 me
758 1421 1051 1493 profiteri:
1099 1434 1307 1490 nempe
1352 1420 1654 1488 majestas,
1686 1420 1743 1471 et
1774 1414 2043 1486 altitudo,

396 1518 453 1569 et
485 1513 764 1583 dignitas,
808 1514 864 1565 et
920 1527 1077 1581 puras
1137 1513 1381 1574 naturae,
1413 1507 1506 1562 vix
1539 1504 1640 1561 Dei
1672 1504 2043 1577 splendorem

395 1602 713 1673 capientes,
770 1615 943 1672 quem
980 1600 1229 1670 abyssus
1276 1597 1462 1668 operit
1492 1597 1555 1662 9°,
1590 1597 1763 1664 cujus
1792 1594 2042 1650 tenebris

395 1691 708 1746 latibulum
742 1694 882 1744 sunt
912 1689 984 1757 9*,
1016 1692 1211 1759 utpote
1232 1687 1474 1742 luminis
1500 1684 1800 1757 purissimi
1828 1700 1893 1739 ac
1917 1682 2041 1754 ple-

395 1782 592 1852 risque
622 1779 903 1835 inaccessi
930 1796 943 1847 ;
976 1777 1075 1849 qui
1117 1785 1174 1832 et
1221 1777 1279 1831 in
1316 1776 1604 1841 universo,
1635 1779 1691 1829 et
1720 1778 1880 1829 extra
1911 1772 2040 1828 uni~

392 1886 628 1925 versum
661 1874 788 1935 est;
823 1868 919 1939 qui
954 1872 1010 1922 et
1040 1865 1414 1938 pulchritudo
1436 1864 1627 1920 omnis
1650 1868 1759 1931 est,
1786 1867 1841 1917 et
1863 1880 2039 1935 supra

392 1975 626 2014 omnem
662 1956 1157 2029 pulchritudinem
1185 1973 1198 2023 ;
1232 1954 1331 2027 qui
1362 1958 1617 2009 mentem
1642 1952 1957 2019 illuminat,
1980 1955 2038 2007 et

391 2048 605 2103 mentis
636 2046 989 2102 celeritatem
1018 2061 1083 2100 ac
1113 2043 1535 2099 sublimitatem
1568 2041 1807 2113 etl‘ugit;
1854 2058 2035 2111 quan-

388 2141 631 2207 tumque
654 2134 990 2207 percipitur,
1015 2133 1380 2188 tantumdem
1407 2147 1638 2202 semper
1670 2147 1729 2185 se
1762 2128 2037 2185 subducit

385 2232 769 2296 amantesque
801 2222 911 2293 sui,
945 2239 1014 2278 ex
1069 2239 1133 2277 eo
1192 2222 1346 2293 quod
1406 2220 1572 2292 fugit,
1632 2236 1697 2273 ac
1733 2218 1887 2273 velut
1908 2219 2033 2290 jam

390 2313 855 2385 comprehensus
887 2329 949 2367 se
979 2310 1245 2383 proripit,
1282 2310 1353 2364 ad
1387 2325 1641 2380 superna
1670 2307 1859 2363 illicit.

464 2401 727 2458 LXXVII.
762 2405 843 2456 Ac
894 2404 1121 2456 tantum
1175 2398 1412 2470 quidem
1444 2403 1501 2453 et
1530 2396 1643 2453 tale
1673 2401 1761 2453 est
1793 2397 1851 2452 id
1880 2396 2031 2468 quod

389 2491 737 2563 expetimus,
769 2494 825 2546 et
856 2490 1009 2561 quod
1041 2488 1312 2559 consequi
1357 2488 1703 2555 studemus;
1738 2485 2034 2558 talemque

388 2598 516 2637 esse
546 2585 773 2653 Oportet
803 2580 1134 2635 animarum
1180 2576 1655 2650 nymphagogum
1704 2591 1768 2631 ac
1815 2592 2032 2647 pronu-

385 2671 550 2726 bum.
580 2670 720 2726 Mihi
750 2686 880 2726 vero
909 2667 1229 2740 periculum
1256 2672 1364 2732 est,
1390 2683 1462 2721 ne
1484 2665 1656 2721 etiam
1681 2665 1955 2720 manibus
1977 2666 2034 2719 et

385 2759 633 2831 pedibus
662 2758 872 2815 vinctis
904 2775 937 2813 a
970 2756 1224 2812 thalamo
1256 2756 1553 2824 extrudar,
1575 2760 1638 2810 ut
1658 2753 1757 2826 qui
1781 2752 2029 2824 nuptiali

381 2853 538 2905 veste
556 2848 1013 2921 haudquaquam
1039 2847 1278 2903 indutus
1296 2846 1484 2912 sim”,
1504 2861 1706 2900 verum
1724 2843 2032 2916 impuden-

386 2942 475 2993 ter
501 2938 789 3010 meipsum
825 2937 895 2993 iis
919 2935 1151 3008 quiillic
1174 2936 1547 3005 recumbunt,
1576 2932 2022 2988 immiscuerim.

384 3027 731 3098 Quanquam
759 3027 831 3082 ab
870 3027 999 3098 ipsa
1044 3026 1352 3096 juventute
1407 3022 1628 3079 accitus
1681 3038 1853 3090 sum;
1887 3019 2030 3077 libet

383 3116 539 3172 enim
573 3115 791 3188 aliquid
827 3114 1027 3170 multis
1075 3112 1436 3185 incognitum
1477 3113 1698 3179 eli'erre,
1751 3115 1924 3183 atque
1954 3109 2026 3166 ad

385 3209 563 3260 Deum
598 3206 699 3262 50
732 3222 764 3259 ει
795 3203 962 3259 vulva
988 3203 1116 3275 ipsa
1146 3202 1439 3275 proiectus
1471 3201 1534 3269 93,
1580 3207 1637 3256 et
1667 3216 1734 3256 ex
1765 3204 2028 3255 materna

2159 608 2335 682 οἶμαι,
2384 609 2534 687 φιλεῖ
2580 605 2892 685 συμϐαίνειν
2943 617 3061 674 τοῖς
3122 607 3199 667 ἔτι
3257 610 3484 687 διψῶσιν
3546 615 3809 669 ἀποσπω-

2161 697 2341 771 μένοις
2402 696 2616 762 ὕδατος·
2668 702 2704 769 ἢ
2762 706 2974 776 κρατεῖν
3033 722 3081 755 τι
3144 701 3207 756 οὐ
3267 700 3604 776 δυναμένοις,
3658 700 3808 778 ἔχειν

2156 787 2492 861 νομίζουσιν’
2543 789 2577 859 ἢ
2649 789 2739 853 οὓς
2805 789 3041 860 ἀπῆλθεν
3113 792 3266 855 εὐθὺς
3338 792 3583 868 ἀστραπὴ
3650 814 3805 869 περι-

2158 874 2437 933 λάμψασα.

2194 877 2437 953 ἀμφασα.

2227 1058 2337 1127 Οζ’.
2366 1057 2534 1113 Τοῦτό
2573 1056 2802 1131 μελιστη
2825 1055 2995 1131 κάτω,
3027 1079 3115 1113 και
3161 1059 3410 1115 ταπεινὸν
3461 1059 3632 1115 ἐποίει
3665 1063 3803 1135 (46),

2156 1145 2244 1201 καί
2301 1147 2432 1202 εἶναι
2492 1145 2707 1223 βέλτιον
2764 1146 2967 1203 ἔπειθεν
3013 1147 3224 1204 ἀκούειν
3270 1150 3478 1227 φωνήν,
3522 1149 3800 1220 αἰνέσεως,

2154 1235 2490 1311 ἣὲξηγητὴν
2524 1238 2655 1292 εἶναι
2703 1241 2810 1293 τῶν
2859 1238 2990 1315 ὑπὲρ
3051 1234 3294 1312 δύναμιν·
3328 1241 3361 1308 ἡ
3414 1236 3800 1316 μεγαλειότης,

2154 1326 2241 1381 καὶ
2296 1328 2359 1381 τὸ
2408 1326 2564 1401 ὕψος,
2598 1326 2686 1382 καὶ
2736 1328 2799 1382 τὸ
2847 1328 3081 1402 ἀξίωμα,
3110 1328 3200 1383 καὶ
3240 1328 3295 1383 αἱ
3345 1329 3573 1405 καθαραὶ
3615 1329 3804 1407 φύσεις

2158 1414 2319 1489 μόλις
2370 1420 2647 1492 χωροῦσαι
2698 1421 2831 1472 Θεοῦ
2881 1417 3263 1494 λαμπρότητα,
3312 1418 3369 1472 ’ὸν
3419 1413 3649 1481 ἄϐυσσος
3698 1440 3804 1474 κα-

2153 1501 2365 1577 λύπτει,
2407 1504 2468 1559 οὗ
2528 1504 2718 1567 σκότος
2767 1506 3077 1584 ἀποκρυφὴ,
3128 1507 3308 1584 φωτὸς
3355 1502 3508 1570 ὄντος
3557 1512 3653 1563 τοῦ
3702 1528 3799 1563 κα-

2153 1593 2465 1671 θαρωτάτου
2521 1595 2610 1649 καὶ
2670 1595 2962 1670 ἀπροσίτου
3017 1601 3134 1658 τοῖς
3180 1594 3442 1651 πλείοσιν·
3494 1596 3550 1659 ὃς
3602 1597 3652 1651 ὲν
3718 1602 3801 1670 τῷ

2150 1682 2308 1737 παντὶ
2366 1680 2522 1755 τῷδε,
2581 1686 2671 1738 καὶ
2723 1687 2819 1738 τοῦ
2870 1684 3068 1747 παντός
3128 1683 3265 1739 ἐστιν
3326 1683 3452 1755 ἔξωθ
3511 1686 3572 1748 ὃς
3629 1685 3801 1742 καλόν

2152 1771 2293 1827 ἐστιν
2351 1774 2486 1827 ἅπαν
2549 1774 2681 1847 (47),
2741 1772 2829 1827 καὶ
2888 1774 2997 1828 ἄνω
3055 1775 3254 1836 παντὸς
3303 1777 3496 1830 καλοῦ⁶
3555 1776 3615 1839 ’ὸς
3664 1780 3795 1831 νοῦν

2150 1861 2390 1938 φωτίζει,
2447 1862 2536 1916 καὶ
2578 1860 2854 1939 διαφεύγει
2911 1867 3007 1917 νοῦ
3058 1864 3227 1938 τάχος
3282 1863 3371 1919 καὶ
3444 1863 3599 1939 ὕψος,
3658 1865 3796 1920 ὐπο-

2147 1956 2343 2027 χωρῶν
2399 1950 2479 2005 ἀεὶ
2536 1956 2812 2021 τοσοῦτον,
2859 1950 2983 2006 ὅσον
3021 1948 3516 2026 καταλαμϐάνεται,
3549 1955 3637 2009 καὶ
3689 1954 3792 2009 ὑπ-

2147 2041 2292 2115 άγων
2342 2039 2479 2116 πρὸς
2525 2040 2592 2095 τὰ
2643 2039 2748 2095 ἅνω
2796 2043 2885 2095 τὸν
2938 2040 3163 2117 ἐραστὴν
3204 2047 3283 2115 τῷ
3313 2041 3550 2121 φεύγειν,
3584 2043 3671 2098 καὶ
3710 2048 3793 2117 τῷ

2146 2130 2262 2184 οἷον
2291 2129 2656 2206 κρατούμενος
2686 2129 3008 2186 κλέπτεσθαι
3042 2133 3175 2205 (48).

2215 2310 2327 2364 OZ'.
2359 2313 2623 2363 Τοσοῦτον
2662 2308 2754 2381 μὶν
2790 2305 2857 2377 δὴ
2889 2307 2977 2363 καὶ
3007 2312 3251 2364 τοιοῦτον
3292 2312 3426 2382 ἡμῖν
3476 2309 3539 2365 τὸ
3585 2310 3789 2375 ποθού-

2146 2418 2303 2470 μενον
2335 2396 2421 2452 καὶ
2456 2395 2911 2471 σπουδαζόμενον·
2953 2401 3201 2453 τοιοῦτον
3252 2396 3309 2453 δὲ
3358 2399 3491 2454 εἶναι
3541 2402 3652 2475 χρὴ
3698 2402 3791 2456 τὸν

2141 2488 2506 2565 νυμφαγωγὸν
2558 2491 2667 2542 τῶν
2714 2490 2907 2562 ψυχῶν
2950 2488 3040 2542 καὶ
3101 2490 3507 2564 προμνήστορα.
3558 2491 3791 2568 Ἔμοιγε

2145 2576 2251 2648 μὴν
2302 2572 2423 2637 δέος
2453 2577 2585 2649 (49),
2624 2577 2697 2648 μή
2748 2576 2837 2630 καὶ
2886 2579 2982 2630 τοῦ
3030 2581 3318 2654 νυμφῶνος
3368 2574 3468 2648 ἔξω
3511 2578 3651 2656 ριφῶ
3698 2576 3787 2635 δε-

2139 2662 2247 2726 θεὶς
2308 2670 2498 2741 χεῖρας
2546 2664 2635 2719 καί
2682 2661 2876 2737 πόδας,
2908 2665 2981 2728 ὡς
3034 2665 3131 2720 οὐκ
3178 2663 3523 2739 ἐνδεδυμένος
3581 2664 3787 2742 ἔνδυμα

2137 2755 2337 2829 γάμου,
2415 2751 2562 2809 ἀλλὰ
2627 2753 2926 2829 τολμηρῶς
2993 2753 3311 2830 παρενείρας
3389 2755 3787 2831 ἐμαυτὸν

2134 2848 2250 2905 τοῖς
2311 2842 2480 2898 ἐκεῖσε
2537 2843 2926 2916 ἀνακειμένοιςο
2981 2843 3155 2898 καίτοι
3232 2844 3613 2919 προσεκλήθην
3683 2846 3782 2919 μὶν

2138 2933 2197 2988 ἐκ
2236 2933 2513 3003 νεότητος,
2538 2930 2608 2987 τἶν’
2663 2930 2797 2987 εἶ’πω
2843 2953 2894 2987 τι
2942 2937 3051 2987 τῶν
3093 2938 3207 2995 τοῖς
3257 2931 3492 2996 πολλοῖς
3550 2936 3782 3011 ἀγνοου-

2141 3024 2335 3095 μένων,
2387 3022 2475 3077 καὶ
2552 3022 2633 3077 ἐπ’
2692 3021 2848 3077 αὐτὸν
2930 3021 3215 3101 ἐπεῤῥίφην
3278 3021 3337 3078 ἐκ
3408 3026 3639 3099 μήτρας,
3690 3025 3779 3081 καὶ

2137 3109 2326 3184 ἐδόθην
2360 3110 2513 3174 δοτὸς
2544 3114 2655 3186 (51)
2685 3110 2743 3166 ἐκ
2785 3119 3054 3186 μητρικῆς
3108 3112 3475 3187 ὑποσχέσεως,
3508 3114 3595 3168 καὶ
3647 3116 3784 3187 μετᾶ

2135 3205 2297 3257 τοῦτο
2350 3207 2469 3258 τοῖς
2526 3198 2794 3263 κινδῦνοις
2846 3195 3200 3271 ἐϐεϐαιώοην·
3251 3200 3338 3255 καὶ
3384 3204 3413 3257 ὁ
3461 3201 3625 3265 πόθος
3663 3206 3781 3277 (52)

380 3292 802 3366 pollicitatione
824 3294 1093 3360 donatus,
1115 3309 1181 3347 ac
1199 3296 1400 3363 postea
1417 3289 1691 3362 periculis
1713 3289 2022 3345 confirma—

2146 3292 2463 3365 τυνηυξήθη,
2523 3290 2613 3346 καὶ
2672 3292 2699 3346 ὁ
2757 3290 3020 3365 λογισμὸς
3080 3287 3394 3364 συνέδραμε,
3452 3292 3541 3346 καὶ
3608 3292 3785 3348 πάντα

378 3388 509 3452 tus;
546 3383 837 3455 simulque
863 3381 1217 3437 desiderium
1243 3380 1437 3448 crevit,
1462 3383 1519 3435 et
1543 3378 1689 3435 ratio
1710 3377 2023 3443 concurrit,

378 3473 694 3545 omniaque
723 3472 795 3538 ei,
830 3470 929 3542 qui
962 3486 1055 3525 me
1087 3470 1144 3524 in
1174 3474 1389 3525 sortem
1414 3467 1653 3540 accepit,
1681 3470 1737 3522 et
1759 3465 2024 3534 servavit,

378 3564 529 3619 dono
560 3562 714 3632 dedi,
748 3577 909 3633 opes,
942 3559 1325 3630 splendorem,
1355 3556 1772 3625 valetudinem,
1804 3571 2024 3611 sermo-

380 3668 483 3707 nes
514 3652 694 3723 ipsos,
727 3667 795 3706 ex
827 3650 1042 3722 quibus
1074 3648 1230 3703 hunc
1274 3648 1553 3702 duntaxat
1595 3646 1849 3700 fructum
1877 3642 2022 3715 cepi,

379 3742 533 3814 quod
558 3758 655 3797 eas
683 3738 1027 3811 contempsi,
1054 3754 1119 3793 ac
1138 3737 1405 3809 quaedam
1430 3735 1609 3791 habui
1628 3734 1845 3806 quibus
1867 3732 2025 3789 Chri-

378 3838 534 3905 stum
560 3836 908 3902 anteponere
919 3846 993 3883 m.
1017 3829 1093 3882 Ac
1120 3826 1301 3882 dulcia
1321 3825 1463 3881 mihi
1479 3828 1626 3897 facta
1643 3828 1771 3880 sunt
1792 3821 2024 3895 eloquia

370 3922 490 3990 Dei,
522 3929 581 3976 ut
608 3925 768 3992 favus
798 3917 977 3974 mellis
1008 3919 1086 3972 9t:
1142 3924 1195 3971 et
1245 3915 1602 3987 prudentiam
1644 3913 1926 3979 adrocavi,
1957 3927 2023 3968 ac

367 4012 663 4083 sapientiae
692 4009 817 4065 dedi
846 4024 1027 4064 vocem
1057 4022 1238 4062 meam
1270 4008 1333 4061 95.
1368 4004 1611 4075 Altaque
1666 4003 1839 4060 etiam
1899 4001 2020 4058 haec

370 4099 633 4171 adjungi,
659 4115 869 4171 nempe
892 4098 987 4154 irae
1013 4094 1594 4166 moderari,linguam
1620 4093 2018 4163 frenare,ocu-

369 4188 493 4243 lum
525 4204 805 4259 coercere,
865 4192 1127 4243 ventrem
1188 4202 1404 4258 regere,
1456 4183 1819 4255 gloriamque
1842 4181 2017 4251 ,humi

372 4280 705 4333 manentem
738 4278 980 4333 calcare.
1008 4275 1355 4347 Insipienter
1374 4273 1483 4329 hoc
1514 4272 1774 4344 quidem,
1799 4272 1899 4328 sed
1932 4275 2016 4327 ta-

370 4383 506 4424 men
529 4365 716 4423 dicam
746 4393 759 4435 ;
792 4367 886 4424 his
908 4368 1079 4423 rebus
1102 4364 1394 4437 plerisque
1417 4364 1663 4420 fortasse
1690 4362 1844 4418 haud
1866 4363 2016 4419 dete-

366 4456 479 4514 rior
508 4456 696 4512 factus
727 4472 878 4512 sum.

2135 3378 2309 3436 ἔδωκα
2358 3380 2532 3457 φὲρων
2582 3385 2661 3452 τῷ
2709 3379 2934 3455 λαχόντι
2982 3378 3070 3434 καί
3120 3380 3371 3451 σώσαντι,
3424 3389 3635 3450 κτῆσιν,
3683 3403 3779 3437 πε-

2137 3471 2433 3547 ριφάνειαν,
2487 3469 2687 3540 εὐεξίαν
2763 3472 2896 3542 (53),
2951 3468 3077 3531 τοὺς
3157 3468 3357 3544 λόγους
3430 3469 3644 3540 αὐτοὺς,
3704 3472 3779 3526 ὧν

2132 3564 2294 3615 τοῦτο
2345 3558 2635 3630 ἀπήλαυσα
2692 3561 2803 3631 (54)
2864 3557 3049 3630 μόνον,
3082 3558 3143 3612 τὸ
3190 3556 3435 3635 παριδεῖν
3482 3559 3573 3614 καῖ
3609 3560 3781 3636 ἐσχη-

2132 3647 2274 3703 κέναι
2333 3650 2407 3702 ὧν
2463 3648 2691 3721 Χριστὸν
2744 3645 3106 3723 προετίμησα.
3168 3647 3266 3702 Καὶ
3312 3645 3519 3718 ἡδύνθη
3570 3670 3661 3721 μοι
3711 3651 3781 3705 τὰ

2129 3742 2225 3793 τοῦ
2281 3741 2415 3792 Θεοῦ
2472 3736 2658 3813 λόγια,
2693 3737 2765 3798 ὡς
2820 3736 2983 3812 κηρία
3048 3734 3287 3809 μέλιτος
3348 3738 3436 3791 καὶ
3496 3738 3594 3806 τήν
3653 3738 3775 3793 σόν-

2132 3849 2238 3883 εσιν
2315 3824 2747 3900 ἐπεκαλεσάμην,
2806 3824 2895 3880 καὶ
2967 3827 3038 3898 τῇ
3108 3826 3270 3903 σοφίᾳ
3340 3822 3515 3882 ἔδωκα
3584 3830 3769 3905 φωνήν

2133 3938 2257 3991 μου.
2293 3916 2393 3973 Καὶ
2423 3915 2599 3971 τᾶλλα
2628 3913 2693 3985 δὴ
2726 3920 2891 3970 ταῦτα
2920 3917 3053 3989 (55),
3087 3916 3204 3970 οἷον
3253 3916 3421 3989 θυμὸν
3483 3924 3768 3991 μετρῆσαι,

2129 4006 2216 4061 καὶ
2273 4004 2520 4082 γλῶσσαν
2571 4005 2899 4081 χαλινῶσαι,
2939 4006 3027 4059 καὶ
3080 4003 3363 4084 ὀφθαλμὸν
3415 4006 3770 4084 σωφρονίσαι,

2127 4094 2215 4150 καὶ
2263 4094 2496 4171 γαστέρα
2550 4091 2989 4170 παιδαγωγῆσαι,
3039 4095 3127 4149 καὶ
3173 4092 3324 4165 δόξαν
3383 4103 3618 4164 πατῆσαι
3667 4096 3770 4166 τὴν

2124 4184 2270 4239 κάτω
2333 4186 2612 4258 μένουσαν.
2670 4187 3034 4262 Παραφρονῶν
3097 4182 3246 4259 λέγω
3303 4186 3437 4257 (56),
3487 4183 3614 4241 ἀλλ’
3676 4182 3769 4239 οὖν

2123 4272 2415 4350 εἰρήσεταισ
2446 4278 2611 4328 ταῦτα
2644 4274 2738 4347 μὲν
2772 4272 2831 4328 οὐ
2870 4277 2977 4328 τῶν
3028 4270 3253 4328 πολλῶν
3310 4269 3441 4336 ἴσως
3499 4272 3767 4349 ἔγενόμην

2123 4361 2475 4441 φαυλότερος.

440 4542 733 4601 LXXVIII.
763 4546 838 4600 At
892 4559 1024 4598 vero
1083 4540 1191 4597 hoc
1250 4540 1672 4612 philosOphari,
1704 4539 1898 4611 majus
1926 4544 2012 4597 est

2190 4543 2315 4598 OH'.
2363 4545 2531 4597 Τοῦτο
2591 4538 2648 4596 δὲ
2693 4543 2806 4615 (57)
2857 4540 3225 4620 φιλοσοφῆσαι
3275 4545 3518 4617 κρεῖττον
3562 4541 3597 4610 ἣ
3646 4542 3769 4605 καθ’

432 4715 478 4750 ιθ
506 4710 660 4768 Psal.
694 4727 823 4786 xxv,
853 4710 907 4786 ἶ.
940 4709 984 4744 ⁹⁰
1052 4707 1438 4786 Psal._c_m_,_6_.
1508 4708 1551 4744 ⁹¹
1601 4672 1746 4786 Psal.
1795 4725 1935 4778 xvn,
1987 4710 2031 4765 lt

2146 4712 2159 4746 '
2193 4712 2400 4769 Matth.
2432 4729 2572 4783 χχιι,
2606 4713 2692 4769 13.
2748 4713 2792 4748 ³³
2822 4712 2973 4769 Psal.
3023 4729 3140 4784 xxx,
3172 4712 3261 4768 H.
3309 4714 3354 4748 οι
3382 4711 3534 4768 Psal.
3566 4728 3765 4786 cxvm,

366 4787 502 4854 103;
530 4801 694 4851 xvm,
727 4785 788 4839 11
818 4800 833 4846 ;
866 4782 1028 4837 Pr0v.
1062 4796 1175 4851 χνι,
1208 4782 1297 4836 24.
1330 4781 1374 4816 9⁵
1405 4784 1569 4836 Prov.
1598 4796 1662 4851 ιι,
1695 4779 1748 4834 3.

435 4963 551 5036 (45),
578 4958 923 5036 Εὑρεθέντος.
955 4961 1047 5018 Sic
1082 4966 1220 5032 Reg.
1274 4958 1316 5028 l,
1374 4962 1417 5027 t,
1478 4962 1535 5014 et
1577 4957 1737 5015 Colb.
1772 4976 1851 5015 m.
1886 4957 2014 5016 Ca-

366 5034 473 5091 teri
505 5034 833 5107 αἱρεθέντος.

436 5100 831 5186 (46).’Ταπεινὸν
865 5102 1057 5160 ἐποίει.
1095 5106 1177 5159 lta
1208 5103 1347 5174 Reg.
1402 5100 1442 5172 1,
1475 5104 1517 5169 t,
1550 5119 1607 5169 χ,
1638 5101 1795 5157 Colb.
1831 5120 1909 5159 m.
1944 5105 2009 5159 In

360 5176 492 5232 aliis
524 5176 757 5233 desunt.

432 5249 547 5322 (47)
575 5249 670 5322 Ὣς
727 5244 893 5322 καλόν
955 5246 1093 5301 ἐστιν
1150 5243 1306 5322 ἅπαν.
1367 5242 1536 5310 «Qui
1593 5247 1682 5300 est
1709 5261 1879 5302 omne
1908 5245 2008 5302 b0-

361 5317 538 5374 nu'mI
560 5343 587 5371 ››
622 5320 694 5375 Ut
726 5321 899 5378 Exod.
932 5335 1126 5374 χχχιιι.
1168 5317 1247 5371 19.

432 5390 539 5463 (48)
596 5389 955 5463 Κλὲπτεσθαι.
986 5396 1105 5463 itta
1182 5385 1447 5463 codicum
1492 5402 1644 5463 pars
1731 5387 2008 5445 maxima.

360 5455 576 5537 Rengl,
608 5461 953 5537 κρύπτεσθαι.
983 5462 1120 5517 Bas.
1155 5455 1595 5537 edLﬂlemoﬁpu.

455 5524 723 5606 49)’Δὲος.
757 5524 1006 5592 Additur
1037 5532 1193 5606 apud
1226 5524 1479 5606 Montac.
1511 5524 1709 5606 giretur.

574 5606 859 5679 Ἐμαυτόν.
899 5599 1172 5679 Regrhu,
1206 5620 1266 5668 Π,
1298 5601 1503 5679 et_.l_es.
1540 5599 1751 5679 ἑαυτόν.

452 5672 544 5753 51)
574 5672 969 5753 aeteaspud
984 5672 1250 5753 yontac.
1282 5672 1519 5729 additur
1545 5676 1624 5745 τῷ
1654 5677 1788 5753 Θεᾷ).

453 5745 545 5821 52)
575 5750 630 5807 '0
687 5745 874 5817 πόθοςῖ
934 5774 962 5803 (ι
995 5745 1381 5819 Desiderium,
1441 5760 1624 5803 amor.
1657 5769 1685 5797 »
1716 5746 1841 5803 Non
1876 5749 2009 5821 apte

2121 4959 2350 5027 Billius,
2384 4982 2413 5033 ι(
2445 4962 2758 5033 cupiditas.
2788 4984 2816 5014 ι)

2192 5034 2305 5107 (53)
2337 5029 2579 5107 Εὐεξίιιῖνι
2614 5034 2751 5107 Res.
2786 5050 2842 5107 ε.
2875 5030 3043 5107 ἀξίαν·

2192 5100 2727 5178 (54)-.’ᾼπήλαυσα.’
2764 5100 3030 5178 ΙῖαΒιιε.
3082 5107 3201 5173 bm,
3263 5106 3419 5163 Colb.
3472 5122 3553 5176 ω,
3604 5105 3658 5173 4,
3707 5104 3767 5175 5,

2122 5174 2265 5230 Gab.
2290 5174 2527 5231 ’Billius.
2559 5178 2670 5231 Alii
2702 5194 2832 5234 vero
2862 5174 3157 5234 ἀπέλαυσα.

2190 5246 2304 5321 (55)
2361 5245 2463 5301 Καὶ
2521 5245 2699 5321 tam
2757 5245 2823 5316 δὴ
2862 5253 3048 5305 ταῦτα.
3103 5273 3131 5301 ‹‹
3177 5252 3365 5321 Atque
3418 5249 3537 5304 haec
3588 5247 3767 5321 etiam

2120 5316 2254 5385 alia,
2288 5316 2499 5391 nempe
2555 5318 2713 5375 hunc
2778 5321 3035 5377 fructum
3095 5321 3237 5394 cepi,
3270 5316 3338 5376 ut
3368 5321 3466 5376 irae
3498 5320 3766 5375 modera-

2120 5406 2309 5589 ξῖὶἒὲ)
2329 5398 2699 5587 ῗὲξραῖιέρονῶν
2736 5458 2899 5538 λίγω.
2927 5484 2957 5515 (ι
2980 5463 3052 5521 Ut
3083 5464 3281 5520 minus
3312 5462 3544 5535 sapiens
3576 5462 3767 5519 dico.»

2157 5549 2643 5687 {(397).T);16,t:d.§é,
2693 5609 2802 5661 etc.
2841 5628 2862 5655 ι
2896 5607 2968 5661 At
3024 5622 3157 5662 vero
3206 5607 3421 5678 majus,
3454 5620 3633 5733 qluam
3658 5620 3769 5733 pro

2157 5676 2340 5730 tribus
2397 5679 2640 5733 nostris.
2698 5682 2789 5733 est
2844 5677 3091 5733 alterum
3165 5678 3323 5733 istud
3382 5676 3652 5733 nhtoson
3702 5677 3768 5733 is

2118 5676 2340 5821 3:11:1th
2374 5676 2640 5799 )nostris,
2698 5682 2789 5736 est
2844 5677 3091 5736 alterum
3165 5676 3323 5739 istud
3380 5676 3768 5755 philosophia

2312 5788 2323 5804 .
2359 5769 2373 5799 )
