4184 6202
375 354 495 422 485

1515 355 1809 422 ORATIO
1853 355 1930 420 II.
1963 391 2040 402 -—
2067 357 2612 422 APOLOGETICA

3667 365 3791 430 486

374 493 541 564 ἡμᾶς,
593 486 836 562 δέξασθαι
893 490 1085 564 ψυχῶν
1136 488 1433 562 ἠγεμονίαν
1507 488 1596 544 καὶ
1674 488 2020 566 προστασίαν,

2153 507 2317 564 quam
2350 496 2414 547 ut
2442 493 2556 564 ipsi
2590 498 2863 565 praestare
2897 494 3212 566 possimus,
3245 496 3526 554 nimirum
3559 500 3786 556 anima-

374 580 463 635 xui
499 581 668 652 μήπω
703 575 843 652 μηδὲ
873 576 1249 650 ποιμαίνεσθαι
1296 579 1482 642 καλῶς
1536 577 1800 652 μαθόντας
1855 582 2022 652 ἡμᾶς,

380 666 525 743 μηδὲ
581 667 940 744 καθαρθέντας
996 669 1095 736 τήν
1159 667 1342 743 ψυχὴν
1417 666 1540 723 ὅσον
1618 666 1781 738 ἄξιον,
1845 665 2028 723 ἔπειτα

379 757 618 830 ποίμνης
653 756 971 811 ’ἐπιστατεῖν
1019 763 1389 826 πιστευθῆναι·
1436 756 1524 812 καὶ
1574 761 1739 813 ταῦτα
1790 756 1840 812 ἐν
1900 779 2026 812 κατ-

381 852 496 923 ροῖς
525 843 818 915 τοιούτοις,
853 845 903 900 ἐν
938 846 1021 907 οἷς
1070 846 1348 920 ἀγαπητὸν
1402 846 1611 920 ὁρῶντα
1652 845 1782 909 τοὺς
1828 845 2030 910 ἄλλους

380 934 494 990 ἅνω
541 934 629 990 καὶ
677 937 824 990 κάτω
873 935 1268 1010 στρεφομένους
1310 936 1421 1008 (58)
1451 956 1507 990 τε
1558 937 1648 990 καὶ
1693 933 2029 1010 ταρασσομέ-

379 1045 533 1090 νους,
565 1024 803 1102 φυγόντα
850 1026 996 1101 φυγῇ
1046 1022 1106 1079 ἐκ
1149 1027 1246 1078 τοῦ
1299 1025 1464 1098 μέσου
1495 1027 1630 1099 (59),
1673 1025 1775 1080 ὑπὸ
1827 1023 2030 1095 σκέπην

381 1115 828 1190 ἀναχωρήσαντα,
881 1111 1063 1176 λαθεῖν
1109 1116 1223 1185 (60)
1275 1118 1374 1168 τοῦ
1425 1118 1669 1188 πονηροῦ
1718 1116 1816 1183 τὴν
1866 1113 2034 1184 ζάλην

377 1203 470 1259 καὶ
517 1205 616 1272 τὴν
661 1202 1042 1276 σκοτόμαιναν·
1094 1202 1255 1272 ἡνίκα
1301 1202 1537 1276 πολεμεῖ
1596 1204 1689 1278 μὲν
1756 1202 2032 1275 ἀλλήλοις

375 1293 445 1349 τὰ
491 1292 655 1368 μέλη,
691 1290 901 1369 οἴχεται
933 1288 989 1347 δὲ
1036 1295 1133 1362 τῆς
1164 1292 1402 1368 ἀγάπης,
1427 1293 1473 1348 εί
1521 1293 1611 1348 καί
1639 1315 1692 1348 τι
1737 1297 1802 1363 ἦν
1849 1292 2034 1368 λείψα-

376 1404 493 1454 νον,
526 1378 699 1456 ὄνομα
751 1380 807 1436 δὲ
853 1381 1004 1436 κενὸν
1057 1379 1242 1443 ἄλλως
1272 1382 1299 1436 ὁ
1351 1381 1540 1458 ίερεὺς,
1575 1381 1897 1459 ἐκχυθείσης
1953 1382 2035 1437 ἐπ’

383 1470 656 1548 ἄρχοντας
691 1468 1112 1542 ἐξουδενώσεως,
1145 1469 1325 1543 ὥσπερ
1358 1467 1588 1546 εἷ’ρηται.

463 1741 584 1797 ΟΘ’.
625 1739 722 1793 Καὶ
777 1737 883 1794 εἴθε
935 1736 1084 1793 κενόν
1139 1739 1272 1812 (61)’
1332 1737 1444 1792 νυνὶ
1503 1735 1560 1792 δὲ
1613 1737 1867 1808 τρέποιτο
1921 1740 2034 1813 (62)

2135 597 2266 636 rum
2296 581 2610 652 imperium
2645 600 2708 638 ac
2741 584 3146 656 praefecturam
3202 587 3482 660 accipere,
3533 606 3786 663 cumque

2137 685 2207 725 ne
2239 675 2390 726 recte
2421 671 2653 741 quidem
2689 673 2846 744 pasci
2879 673 3069 729 adhuc
3121 675 3398 747 sciamus,
3433 695 3537 733 nec
3566 679 3784 752 animo,

2139 763 2424 831 quantum
2456 778 2559 831 par
2588 764 2693 829 est,
2727 763 2959 835 purgati
2993 763 3370 838 simus,grcgi
3403 767 3784 840 gubernando

2139 848 2382 921 praeﬁci:
2419 849 2596 921 idque
2645 849 2984 921 hujusmodi
3035 855 3420 926 temporibus,
3461 856 3520 912 in
3570 857 3791 929 quibus

2143 936 2414 1009 praeclare
2446 953 2580 993 cum
2613 954 2678 994 eo
2710 939 3031 1012 agitur,qui
3061 943 3207 998 alios
3230 962 3466 1002 sursum
3491 947 3792 1004 deorsum-

2144 1043 2255 1098 que
2279 1026 2487 1096 jactari
2513 1043 2578 1082 ac
2614 1027 2941 1099 perturbari
2977 1031 3364 1104 conspiciens,
3397 1035 3579 1091 effuso
3611 1053 3787 1092 cursu

2143 1116 2212 1171 de
2243 1115 2431 1171 medio
2465 1115 2669 1188 fugiat,
2703 1133 2768 1172 ac
2800 1119 2911 1173 sub
2943 1116 3137 1175 locum
3171 1121 3425 1193 aliquem
3464 1141 3495 1178 a
3527 1124 3785 1196 periculo

2142 1207 2334 1259 tutum
2369 1205 2665 1276 secedens,
2691 1205 2852 1278 pravi
2881 1205 3039 1263 illius
3070 1212 3478 1281 tempestatem
3511 1218 3566 1268 et
3597 1214 3795 1286 caligi-

2145 1310 2277 1350 nem
2310 1294 2461 1350 vitet.
2502 1298 2640 1363 Hoc,
2677 1296 2943 1368 inquam,
2970 1301 3250 1370 tempom,
3278 1316 3391 1371 quo
3416 1303 3677 1358 membra
3708 1303 3792 1358 in-

2143 1386 2231 1437 ter
2261 1397 2321 1437 se
2350 1387 2634 1455 pugnant,
2659 1387 2715 1439 et
2737 1385 2783 1440 si
2809 1385 2945 1456 quid
2975 1386 3276 1443 charitatis
3297 1397 3616 1461 supererat,
3652 1392 3788 1448 abs-

2145 1470 2317 1539 cedit,
2353 1477 2525 1543 atque
2556 1473 2726 1529 inane
2749 1473 2876 1544 jam
2911 1491 3122 1531 nomen
3156 1482 3245 1532 est
3282 1479 3575 1546 sacerdos,
3607 1481 3793 1538 effusa

2145 1559 2428 1629 videlicet,
2461 1565 2527 1616 ut
2555 1561 2864 1632 Scripturae
2893 1564 3083 1620 verbis
3115 1567 3340 1635 utar,in
3372 1568 3533 1640 ipsos
3565 1585 3798 1644 quoque

2145 1647 2438 1720 principes
2471 1652 2903 1723 contemptione
2925 1653 2986 1705 9'.

2218 1737 2452 1794 LXXIX.
2498 1740 2687 1810 Atque
2747 1741 2968 1796 utinam
3017 1742 3188 1798 inane
3241 1751 3432 1814 esset;
3466 1763 3621 1802 nunc
3662 1764 3798 1806 vero

391 1830 468 1892 είς
525 1827 762 1905 κεφαλὰς
819 1828 986 1883 ἀθέων
1041 1830 1079 1898 ἡ
1143 1826 1481 1905 βλασφημία.
1541 1825 1725 1932 Φόϐος
1781 1826 1838 1882 δὲ
1896 1828 2034 1932 (iian

2153 1831 2403 1882 vertatur
2429 1827 2486 1882 in
2522 1828 2836 1900 impiorum
2871 1831 3058 1902 capita
3091 1831 3474 1904 blasphemia.
3506 1838 3789 1894 Caeterum

390 1919 673 1996 ἐξώρισται
754 1921 862 1972 τῶν
944 1920 1152 1992 ψυχῶν·
1213 1916 1554 1986 ἀντεισῆκται
1633 1914 1688 1971 δὲ
1763 1915 2029 1972 ἀναίδειαο

384 2013 486 2064 τοῦ
549 2005 890 2084 βουλομένου
921 2008 1034 2078 (63)
1067 2002 1123 2060 δὲ
1176 2006 1211 2074 ἡ
1263 2009 1480 2081 γνῶσις,
1511 2004 1600 2060 xui
1657 2006 1724 2060 τὰ
1772 2005 1908 2082 βάθη
1940 2010 2038 2061 τοῦ

391 2097 735 2170 Πνεύματοςο
774 2095 966 2156 πάντες
1023 2092 1080 2149 δέ
1139 2093 1296 2167 ἐσμεν
1355 2097 1464 2167 (64)
1525 2089 1760 2157 εὐσεϐεῖς
1817 2094 1867 2165 ἐξ
1925 2096 2037 2158 ὲνὸς

392 2187 564 2261 μόνου
639 2189 737 2240 τοῦ
807 2185 1226 2258 καταγινώσκειν
1313 2181 1498 2238 ἄλλων
1571 2186 1684 2256 (65)
1771 2179 2037 2240 ἀσέϐειαν.

387 2276 658 2354 Χρώμεθα
699 2272 755 2329 δὲ
804 2271 1079 2335 δικασταῖς
1127 2277 1244 2335 τοῖς
1292 2272 1469 2334 ἀθέοις
1519 2275 1652 2348 (66),
1685 2271 1772 2327 καὶ
1816 2271 2038 2348 ῥιπτοῦ-

392 2388 490 2441 μεν
549 2364 616 2420 τά
669 2364 793 2441 ἅγια
838 2368 955 2426 τοῖς
1003 2362 1145 2431 κυσὶ,
1196 2360 1285 2417 καὶ
1331 2359 1611 2437 βάλλομεν
1653 2360 1779 2424 τοὺς
1836 2382 2042 2439 μαργα-

390 2453 545 2530 ρίτας
606 2451 910 2530 ἔμπροσθεν
965 2456 1072 2507 τῶν
1130 2450 1357 2529 χοίρων,
1395 2445 1654 2527 βεϐήλοις
1712 2453 1898 2514 ἀκοαῖς
1949 2451 2039 2506 καὶ

387 2545 596 2618 ψυχαῖς
648 2542 716 2596 τὰ
772 2543 890 2596 θεῖα
949 2540 1386 2614 δημοσιεύοντες·
1419 2541 1510 2595 xui
1563 2541 1658 2604 τὰς
1688 2546 1794 2596 τῶν
1825 2541 2038 2618 ἐχθρῶν

393 2630 561 2708 εὐχὰς
622 2629 900 2705 ἐπιμελῶς
959 2628 1342 2706 ἐκπληροῦμεν
1391 2630 1440 2685 οἱ
1491 2627 1741 2699 δείλαιοι,
1774 2630 1862 2686 καὶ
1911 2651 2044 2704 πορ-

390 2721 632 2783 νεύοντες
685 2720 736 2777 ἐν
788 2725 904 2782 τοῖς
956 2717 1378 2792 ἐπιτηδεύμασιν
1427 2721 1587 2793 ἡμῶν
1638 2719 1738 2775 οὐκ
1784 2721 2041 2797 αἰσχυνό-

398 2812 552 2884 μεθα.
587 2803 876 2866 Μωαϐῖται
936 2806 995 2864 δὶ
1050 2809 1141 2863 καὶ
1199 2809 1550 2881 Ἀμμανῖται,
1611 2810 1690 2872 οἷς
1751 2808 1865 2865 οὐδ’
1921 2809 2040 2880 ἐξῆν

396 2899 643 2977 παριέναι
719 2900 831 2972 (67)
905 2898 981 2960 είς
1059 2895 1381 2968 Ἐκκλησίαν
1461 2897 1658 2973 Κυρίου
1716 2900 1849 2972 (68),
1924 2904 2040 2961 τοῖς

395 2989 719 3066 ἁγιωτάτοις
764 2990 923 3060 ἡμῶν
975 2983 1378 3060 ἐμϐατε·3ουσιν.
1415 2987 1728 3061 Ἡνοίξαμεν
1780 2986 1837 3042 δὲ
1885 2994 2041 3043 πᾶσιν

393 3081 456 3132 ού
509 3078 685 3139 πύλας
736 3075 1103 3148 δικαιοσύνης,
1136 3074 1282 3131 ἀλλὰ
1331 3075 1495 3152 θύρας
1541 3075 1825 3153 λοιδορίας
1854 3099 1912 3132 τε
1953 3078 2043 3132 καὶ

388 3174 491 3236 τῆς
543 3169 660 3221 κατ’
710 3163 975 3237 ἀλλήλων
1038 3163 1394 3241 θρασύτητοςο
1454 3165 1541 3220 καὶ
1611 3165 1767 3230 οὗτος
1829 3163 2044 3242 ἄριστος

2149 1923 2341 1972 metus
2367 1916 2558 1972 omnis
2578 1933 2646 1971 ex
2663 1917 2876 1973 animis
2897 1919 3104 1989 pulsus
3132 1922 3303 1986 est,in
3326 1923 3572 1994 ejusque
3595 1924 3788 1982 locum

2147 2005 2465 2078 subrogata
2490 2005 2893 2078 impudentia:
2929 2014 3135 2081 estque
3164 2011 3429 2081 cujusvis
3462 2013 3794 2082 scientia,et

2149 2095 2439 2166 profunda
2471 2094 2723 2166 Spiritus
2753 2097 2833 2150 97:
2868 2101 3041 2169 atque
3071 2115 3276 2155 omnes
3307 2117 3375 2155 ex
3424 2100 3532 2157 hoc
3564 2119 3680 2158 uno
3713 2102 3795 2175 pii

2149 2199 2383 2249 sumus,
2407 2184 2562 2253 quod
2587 2182 2732 2238 alios
2757 2185 3076 2255 imjietatis
3100 2188 3472 2244 damnamus.
3492 2191 3800 2248 Judicibus

2148 2289 2318 2343 porro
2351 2271 2422 2326 iis
2443 2271 2666 2326 utimur
2685 2273 2748 2339 9°,
2773 2273 2872 2345 qui
2903 2279 3010 2329 Deo
3032 2275 3247 2332 bellum
3270 2277 3797 2350 indixerunt,cani-

2149 2361 2378 2432 busque
2401 2365 2600 2416 sancta
2622 2361 3168 2436 projioimus,atque
3190 2367 3259 2420 ad
3288 2384 3594 2438 porcorum
3619 2370 3797 2442 pedes

2152 2450 2502 2523 margaritas
2534 2450 2824 2507 mittimus
2854 2452 2917 2523 9°,
2945 2454 3202 2524 profanis
3235 2457 3480 2514 auribus
3503 2462 3559 2514 et
3579 2458 3795 2515 animis

2150 2539 2406 2594 divinam
2437 2539 2762 2595 doctrinam
2787 2539 3125 2613 evulgantes
3152 2561 3164 2598 :
3190 2549 3361 2615 atque
3382 2545 3641 2602 hostium
3663 2554 3795 2604 vota

2151 2628 2350 2684 miseri
2384 2627 2587 2684 sedulo
2618 2629 2942 2701 explemus,
2975 2636 3032 2687 et
3062 2632 3117 2687 in
3153 2634 3666 2692 adinventionibus
3698 2653 3798 2693 no-

2151 2719 2291 2774 stris
2308 2718 2429 2772 sine
2449 2716 2566 2773 ullo
2584 2717 2802 2789 pudore
2823 2720 2918 2776 5]
2947 2719 3306 2777 fornicamur
3331 2723 3643 2779 ‘.Moabitae
3666 2741 3796 2782 vero

2150 2811 2207 2864 et
2236 2805 2605 2875 Ammanitae,
2640 2807 2856 2878 quibus
2877 2826 2947 2864 ne
2974 2811 3197 2865 Domini
3221 2812 3458 2883 quidem
3477 2813 3796 2870 Ecclesiam

2150 2896 2377 2968 ingredi
2409 2896 2618 2952 licebat
2638 2896 2680 2968 ³,
2716 2897 2771 2950 in
2807 2913 2873 2953 ea
2929 2915 3051 2969 quis
3094 2901 3248 2972 apud
3286 2919 3389 2956 nos
3423 2903 3799 2960 sanctissima

2153 2991 2310 3054 sunt,
2333 2985 2687 3057 irrumpunt.
2708 2987 2786 3041 Ac
2809 3003 2915 3042 nos
2938 2988 3233 3060 omnibus,
3265 3007 3378 3046 non
3400 2991 3646 3062 justitiaa
3670 3009 3797 3064 por-

2151 3079 2242 3130 tas
2259 3074 2301 3141 ³,
2326 3075 2423 3129 sed
2460 3073 2899 3140 maledicentia,
2924 3081 3257 3150 mutuasque
3289 3080 3345 3134 in
3380 3097 3485 3137 nos
3514 3081 3675 3154 ipsos
3697 3099 3796 3138 au-

2153 3163 2328 3218 daciae
2351 3163 2566 3233 januas
2597 3163 2954 3234 aperuimus.
2993 3170 3176 3239 Atque
3208 3168 3301 3225 hic
3329 3171 3481 3240 apud
3510 3187 3616 3226 nos
3641 3172 3798 3244 opti-

388 3257 550 3328 ἡμῖν,
603 3257 710 3331 οὐχ
765 3256 824 3316 ’ὸς
885 3253 944 3308 ἂν
1167 3251 1305 3328 μηδέ
1364 3253 1516 3330 ῥῆμα
1585 3255 1818 3331 πρόηται
1866 3240 2035 3332 ἀργὸν

2157 3269 2284 3308 Inus
2315 3251 2580 3322 habetur,
2619 3269 2728 3307 non
2765 3253 2886 3325 qui,
2923 3255 3016 3310 Dci
3053 3262 3209 3312 metu
3244 3259 3540 3330 prmditus,
3574 3277 3645 3316 ne
3675 3277 3799 3316 ver-

390 3340 548 3422 φόϐῳ
594 3348 748 3416 Θεοῦ,
800 3341 925 3399 ἀλλ’
969 3345 1026 3405 ὃς
1080 3343 1138 3397 ἂν
1191 3343 1334 3419 τῦχῃ
1382 3342 1612 3399 πλεῖστα
1661 3344 1752 3398 τὸν
1805 3345 2040 3416 πλησίον

392 3434 559 3488 εἰπὼν
636 3438 836 3504 κακῶς,
887 3434 921 3502 ἢ
999 3429 1321 3509 διαρῥήδην,
1370 3434 1404 3502 ἢ
1462 3431 1513 3487 ἐν
1592 3432 1892 3509 αἰνίγμασιν
1950 3435 2040 3490 καὶ

394 3523 500 3578 ὑπὸ
703 3521 953 3599 γλῶσσαν
1000 3521 1164 3577 αὐτοῦ
1213 3521 1454 3600 στρέφων
1495 3521 1663 3578 κόπον
1714 3524 1802 3578 καὶ
1851 3524 2037 3597 πόνον,

394 3613 430 3682 ἣ
465 3613 544 3667 {av
579 3609 841 3680 ἀσπίδων,
877 3612 1043 3666 εἰπεῖν
1078 3611 1426 3687 οἰκειότερον.

469 3708 546 3759 11'.
574 3707 855 3780 Τηροῦμεν
907 3701 964 3756 δὲ
1012 3702 1106 3763 τὰς
1154 3699 1418 3772 ἀλλήλων
1472 3700 1757 3774 ἁμαρτίας,
1804 3701 1909 3781 οὐχ
1951 3700 2043 3758 ’ίνα

397 3792 784 3864 θρηνήσωμεν,
819 3787 945 3844 ἀλλ’
968 3789 1059 3844 τίνα
1103 3787 1475 3863 ὀνειδίσωμεν·
1509 3787 1622 3844 οὐδ’
1649 3788 1740 3846 ’ίνα
1789 3791 2044 3864 θεραπεύ-

393 3901 595 3952 σωμεν,
626 3879 751 3935 ἀλλ’
793 3878 885 3934 ’ίνα
931 3877 1370 3956 προσπλήξωμεν
1419 3882 1552 3953 (70),
1602 3878 1690 3934 xui
1739 3878 2041 3955 ἀπολογίαν

392 3963 612 4043 ἔχωμεν
657 3970 770 4042 (71)
813 3972 922 4023 τῶν
977 3967 1260 4045 ἡμετέρων
1316 3972 1493 4023 κακῶν
1546 3967 1613 4022 τὰ
1661 3972 1766 4023 τῶν
1812 3967 2045 4039 πλησίον

385 4056 693 4134 τραύματα.
727 4057 935 4120 Κακοὺς
973 4054 1031 4112 δὶ
1073 4056 1161 4112 καὶ
1202 4056 1437 4133 ἀγαθοὺς
1469 4056 1576 4133 οὐχ
1607 4059 1634 4112 ὁ
1665 4056 1883 4133 τρόπος,
1921 4056 2046 4114 ἀλλ’

386 4148 424 4216 ή
459 4143 735 4210 διάστασις
771 4145 861 4202 καὶ
900 4148 935 4217 ἠ
969 4144 1126 4224 φιλία
1156 4149 1267 4220 (72)
1316 4146 1726 4223 χαρακτηρίζει·
1761 4147 1852 4200 καὶ
1885 4146 1918 4199 ἃ
1946 4148 2042 4217 σή-

2152 3341 2291 3396 bum
2353 3341 2587 3412 quidem
2641 3341 2895 3398 otiosum
2953 3344 3228 3417 plurimis
3301 3348 3650 3416 maledictis,
3711 3348 3800 3407 vel

2151 3435 2365 3502 aperte,
2398 3429 2488 3487 vel
2522 3430 2745 3488 occulte
2777 3432 3000 3504 ﬁxerit;
3031 3451 3096 3491 ac
3146 3436 3256 3491 sub
3308 3436 3510 3510 lingua
3539 3438 3798 3497 laborem

2149 3526 2208 3577 et
2234 3522 2492 3576 dolorem
2526 3523 2566 3589 ‘,
2602 3526 2722 3591 aut,
2760 3527 2820 3578 ut
2850 3524 3042 3595 aptius
3071 3525 3297 3598 loquar,
3328 3543 3616 3584 venenum
3641 3531 3797 3602 aspi-

2150 3609 2292 3663 dum
2315 3607 2335 3641 ⁸
2365 3609 2694 3664 versaverit.

2224 3697 2428 3752 LXXX.
2467 3698 2585 3752 Huc
2615 3699 2857 3765 accedit,
2917 3703 3069 3771 quod
3131 3701 3225 3757 alii
3283 3703 3528 3759 aliorum
3564 3711 3797 3776 peccata

2152 3786 2555 3854 observamus,
2581 3803 2696 3841 non
2725 3792 2786 3842 ut
2817 3787 3146 3860 lugeamus,
3167 3793 3263 3846 sed
3292 3799 3356 3847 ut
3377 3794 3798 3865 exprobrcmus

2153 3892 2342 3947 neque
2373 3880 2437 3930 ut
2467 3876 2818 3931 medicinam
2853 3877 3191 3947 alleramus,
3215 3882 3315 3935 sed
3351 3886 3415 3936 ut
3443 3899 3656 3937 novum
3680 3883 3801 3938 vul-

2156 3982 2267 4021 nus
2313 3965 2672 4037 int‘ligamus,
2726 3970 2896 4035 atque
2935 3984 2969 4022 a
3015 3969 3413 4040 proximorum
3460 3970 3804 4030 vulneribus

2154 4054 2587 4111 excusationem
2618 4052 2776 4108 vitiis
2812 4055 3027 4111 nostris
3053 4059 3487 4128 petamus.Jam
3519 4077 3651 4117 vero
3683 4078 3802 4117 ma-

2153 4146 2241 4201 los
2271 4151 2327 4200 et
2357 4144 2561 4210 bonos,
2597 4159 2709 4197 non
2745 4144 2879 4210 vita,
2911 4146 3009 4200 sed
3045 4146 3354 4214 dissensio,
3387 4148 3474 4204 vel
3515 4149 3797 4219 amicitia,

457 4294 503 4367 γ’
535 4293 686 4367 Psal.
721 4311 827 4360 ενι,
862 4294 949 4350 40.
978 4294 1025 4367 ξτ
1054 4294 1234 4367 I_Cor.
1266 4310 1329 4358 ιι,
1359 4294 1445 4349 10.
1512 4295 1555 4330 ⁰⁸
1588 4294 1781 4367 IiCor.
1815 4313 1887 4362 v1,
1922 4295 2035 4367 1,77

2153 4293 2182 4327 ’θ
2215 4290 2445 4367 Matth._
2479 4306 2578 4357 vn,
2631 4289 2685 4342 6.
2722 4291 2736 4324 ³
2770 4289 2928 4346 Psal.
2995 4309 3083 4360 cv,
3133 4294 3222 4349 39.
3267 4295 3288 4329 ²
3319 4294 3487 4351 Deut.
3541 4311 3704 4367 χχιιι,
3736 4297 3790 4354 3.

383 4367 406 4402 ³
437 4365 589 4422 Psal.
622 4382 769 4433 cxvr,
803 4367 888 4422 19.
922 4367 944 4401 ⁴
975 4363 1130 4422 Psal.
1181 4383 1237 4436 κ,
1288 4367 1322 4417 7
1375 4381 1538 4439 seqq.
1571 4367 1593 4400 ⁸
1631 4365 1780 4422 Psal.
1815 4384 1893 4423 xu
1923 4409 1938 4436 ,
1969 4366 2024 4436 3,
2066 4369 2123 4420 et
2155 4380 2376 4431 mxxxx,
2423 4363 2474 4416 4.

455 4508 569 4589 (56)
603 4507 1033 4589 ξτρεφῂομὲνους..
1079 4507 1164 4589 Ita
1196 4507 1335 4589 1333.
1370 4507 1664 4589 undecim,
1685 4513 1815 4589 octg
1843 4507 2028 4579 Colb.,
2063 4511 2107 4574 D

382 4579 481 4636 0r.
521 4579 570 4649 1,
603 4580 719 4636 Jss.
753 4579 970 4637 Choisl.
1004 4582 1052 4646 1,
1076 4583 1182 4635 etc.
1209 4579 1354 4635 Edit.
1385 4595 1519 4634 vero
1551 4584 1679 4636 Bas.
1705 4586 1761 4636 et
1782 4585 1910 4637 Par.
1936 4598 2026 4656 φε-

385 4649 672 4702 οομένους.

385 4669 672 4725 ρομενους.

475 4722 567 4794 59)
597 4723 690 4775 Ἐκ
717 4725 812 4775 τοῦ
847 4721 1032 4794 μέσου.
1066 4721 1204 4794 Reg.
1231 4738 1283 4791 a,
1317 4718 1385 4794 Exi
1406 4721 1592 4792 μέσου.

455 4725 546 4792 (59
597 4725 690 4775 Ἐκ
717 4725 812 4775 τοῦ
847 4725 1032 4794 μέσου.
1067 4725 1204 4794 Reg.
1231 4738 1283 4791 a,
1317 4725 1374 4774 ἐκ
1406 4725 1592 4792 μέσου.

455 4725 572 4872 (60)
627 4794 869 4872 ,χωρεῖνζ
897 4795 960 4872 In
1011 4809 1123 4872 ora
1151 4794 1318 4872 “Reg.
1378 4793 1500 4872 bm,
1555 4793 1898 4872 appingitur
1923 4815 2025 4872 φυ-

377 4867 516 4987 γεξν.
554 4867 615 4919 In
646 4865 803 4920 Colb.
835 4865 891 4933 7,
939 4867 1095 4920 intra
1149 4862 1334 4920 lineas
1389 4866 1568 4921 veteri
1595 4862 1827 4938 'man'u,
1859 4866 1893 4934 ἢ
1929 4862 2025 4944 cipu-

377 4955 441 4987 γε
467 4955 516 4987 ν.

417 4955 516 4989 ειν.

376 4955 566 5080 τεῗὲι)
593 5004 691 5059 Καὶ
732 5002 839 5060 εἷ’θε
865 5005 1037 5062 κενόν.
1069 5005 1382 5080 Gregorius
1421 5004 1531 5080 sic“
1551 5005 1834 5080 loquitur,
1858 5010 2028 5080 juxta

384 5078 594 5147 Eliam,
627 5094 694 5134 eo
722 5079 876 5151 quod
892 5078 1218 5159 principes
1233 5095 1299 5133 ac
1329 5078 1668 5159 pontifices,
1695 5078 1841 5159 quos
1863 5078 2025 5159 inse-

379 5157 593 5216 ctatur,
630 5149 755 5206 noni
777 5153 946 5207 modo
979 5149 1140 5207 omni
1170 5150 1380 5206 virtute
1409 5149 1693 5220 destituti,
1714 5149 1827 5207 sed
1871 5152 2025 5208 vitiis

376 5222 658 5278 omnibus
693 5224 886 5278 referti
917 5227 1136 5278 essent.

449 5294 565 5363 (62)
595 5291 876 5363 Τρέποιτο,
936 5299 1045 5350 etc.
1104 5291 1307 5348 Gomb.
1379 5314 1399 5341 ι
1434 5293 1638 5347 Vertat
1678 5296 1823 5349 Deus
1852 5306 2025 5348 omen

379 5363 437 5418 in
473 5365 666 5437 capita
691 5365 1027 5437 impiorum.
1061 5386 1091 5437 ξ)

435 5432 563 5506 (63)
581 5432 952 5508 βουλομένου.
997 5459 1024 5486 ‹‹
1063 5433 1338 5508 νοιθιιιὶελ
1371 5432 1690 5508 cujuslibet
1717 5434 2023 5508 est_sc_ien-

377 5503 478 5580 tia.
515 5503 549 5556 »⁷
579 5506 662 5580 Ita
693 5503 873 5580 supra
896 5525 1058 5566 num.
1079 5507 1170 5573 50,
1198 5527 1226 5556 «
1251 5505 1418 5562 nobis
1449 5503 1594 5561 satis
1623 5510 1712 5563 est
1743 5506 2021 5576 voluisse,

375 5577 446 5632 ad
486 5577 860 5649 sapientiam.
893 5603 923 5630 ››

373 5713 426 5777 δ’
447 5643 794 5777 segnem;
838 5649 895 5709 δέ
922 5649 1104 5726 ἐσμεν.
1153 5649 1265 5708 Alii
1321 5647 1586 5710 scribunt
1615 5643 1671 5706 δὲ
1697 5647 1875 5726 ἐσμέν.
1906 5649 2021 5708 Alii

482 5739 512 5776 σ
589 5743 637 5777 ν.

482 5718 637 5802 catt.

2209 4507 2322 4576 (65)
2354 4501 2595 4579 ᾊλλων.
2629 4507 2790 4564 Pass.
2823 4508 2894 4563 ad
2951 4525 3129 4578 marg.
3166 4503 3454 4578 ἀλλήλων.
3487 4509 3580 4566 Sic
3631 4511 3782 4579 Bas.‘

2139 4580 2230 4634 ed.
2264 4584 2318 4632 et
2365 4577 2729 4636 Gabrielius:
2798 4601 2826 4632 ε
2855 4579 3003 4636 alter
3059 4577 3301 4636 alterius
3340 4582 3714 4639 damnamus.
3754 4577 3777 4636 ὁ

2209 4650 2319 4723 (66)
2354 4647 2587 4723 Ἀβέοις.
2610 4673 2665 4723 λ(
2701 4651 2952 4723 Impiis,
2983 4652 3198 4723 quibus
3255 4669 3359 4707 nec
3408 4654 3560 4710 Deus
3618 4656 3715 4710 sit.
3748 4678 3778 4710 »

2135 4722 2394 4797 Uomb._«
2427 4721 3036 4797 i_nﬁdelibus,_impiis,
3069 4722 3302 4794 Graecis,
3333 4730 3398 4779 ut
3427 4727 3572 4782 bene
3603 4727 3780 4797 Elius,

2142 4813 2168 4846 ιι
2200 4792 2626 4864 provinciarum
2669 4792 3008 4850 rectoribus.
3040 4816 3068 4845 ››

2208 4865 2319 4936 (67)
2341 4864 2616 4939 Παριὲναι.
2644 4871 2728 4922 lta
2742 4874 2966 4938 septem
2989 4869 3191 4939 Regg.,
3213 4865 3778 4939 Colb.omncs.,Jes.,

2134 4939 2303 5022 lierv.
2339 4936 2450 4992 Alii
2481 4954 2612 4994 vero
2643 4936 2892 5010 quatuor
2912 4936 3520 5010 Regg.’"Comb.Coisl.
3565 4943 3614 5011 1,
3637 4936 3778 5014 παρέ

2137 5026 2290 5059 ειναι.

2207 5081 2317 5152 (66)
2349 5076 2772 5152 Kuptpu._Pass.
2800 5081 2878 5152 ad
2911 5097 3097 5152 marg.
3132 5083 3284 5135 Θεοῦ.

2206 5150 2315 5219 (es)
2347 5147 2448 5210 Ὃς
2477 5147 2556 5219 ἂν.
2593 5150 2765 5206 Deest
2795 5151 2853 5208 in
2885 5154 2976 5208 ed.
3010 5147 3091 5207 ἄν.

2203 5217 2316 5292 (70)
2353 5217 2816 5296 Προσπλήξωμεν.
2868 5223 3191 5281 Gabrielius
3246 5222 3436 5292 vertit,
3494 5246 3522 5275 ι(
3554 5224 3780 5283 exulce-

2134 5308 2350 5348 remu.
2384 5314 2412 5343 η

2134 5431 2158 5454 ν
2206 5364 2317 5436 (71)
2363 5365 2644 5439 Ἕχωμεν.
2697 5364 2792 5422 Sic
2830 5382 3034 5423 omnes
3083 5382 3230 5439 pene
3279 5365 3527 5424 codices.
3580 5368 3776 5440 Pauci,

2133 5454 2544 5594 fxzigfjauklu;
2587 5509 2849 5594 ﬁeptem
2910 5509 3116 5593 Regg.,
3176 5508 3544 5592 octo.Colb.,
3602 5511 3774 5594 cois].

2132 5577 2350 5654 bab‘eut
2407 5577 2708 5650 ὁμοδοξία,“
2736 5605 2789 5654 _«_
2809 5577 3114 5654 consensio
3173 5577 3540 5654 opinionum.
3573 5603 3602 5654 η
3649 5583 3778 5654 Ipse

2132 5650 2334 5798 ξίἒιίὶυε
2362 5654 2643 5723 expunxit
2670 5651 2825 5731 φιλία
2859 5654 2914 5709 in
2948 5655 3039 5715 ed.
3073 5650 3228 5726 Bas,
3285 5658 3342 5709 et
3379 5652 3616 5726 scripsit
3645 5650 3777 5729 ὁμο-

2166 5741 2194 5776 o
2247 5741 2300 5781 α.

2166 5741 2300 5781 οζια.
