4184 6202
431 336 548 397 487

1656 331 1719 390 S.
1770 330 2140 394 GREGORII
2185 332 2608 397 THEOLOGI.

3720 344 3840 404 488

427 472 710 541 tanquam
735 464 887 522 notis
910 460 1637 535 quibusdaminsigniunt:
1668 465 1723 518 et
1741 480 1865 535 qua:
1887 462 2041 519 hodi:

2188 466 2348 539 μερὸν
2406 464 2750 541 ἐπαινοῦμεν,
2811 464 2995 544 αῧριον
3067 467 3404 543 έκακίσαμεν’
3464 471 3553 527 καὶ
3617 472 3651 527 ’ἆ
3709 475 3845 549 παρ’

428 555 969 623 laudamus,eadem
992 551 1245 607 crastino
1273 551 1365 605 die
1398 550 1797 624 vituperamus
1825 569 1836 608 :
1870 557 2072 625 etqum

428 648 581 720 apud
616 646 761 700 alios
786 641 1028 697 infamia
1050 641 1555 709 notantur,cadem
1580 642 1734 713 apud
1760 659 1864 698 nos
1891 643 2074 697 admi-

426 734 635 791 rationi
669 737 843 789 sunt:
876 731 1189 802 omniaque
1222 730 1440 801 ﬂagitia
1471 730 1829 802 impietatem
1862 731 2073 801 ample-

423 824 713 881 ctentibus
746 821 912 877 facile
944 821 1369 876 condonantur.
1411 820 1595 891 Usque
1646 821 1788 877 adeo
1826 821 1884 876 in
1933 820 2069 878 vitio

422 911 782 985 magnanimi
818 926 1025 965 sumus
1053 909 1065 962 l

492 1001 731 1057 LXXXI.
762 1001 932 1055 Facta
964 997 1215 1070 denique
1264 999 1463 1053 omnia
1512 1002 1652 1054 sunt
1683 1002 1745 1053 ut
1774 1000 1844 1054 ab
1876 999 2064 1067 initio,

419 1108 552 1147 cum
587 1091 845 1146 nondum
872 1090 1128 1144 mundus
1150 1093 1290 1156 erat,
1313 1105 1417 1143 nec
1441 1087 1682 1160 pulchra
1702 1105 1767 1143 ea
1789 1089 2065 1144 constitu-

416 1182 496 1237 tio
529 1185 584 1236 et
615 1178 902 1247 formatio,
938 1195 1109 1251 quam
1160 1194 1314 1232 nunc
1359 1177 1690 1232 cernimus:
1738 1178 1836 1232 sed
1870 1177 2065 1233 omnia

414 1272 658 1327 confusa
689 1274 743 1324 et
773 1268 1068 1324 incondita
1097 1266 1486 1322 formatriccm
1512 1283 1750 1321 manum
1776 1270 1832 1322 et
1862 1272 2063 1338 poten-

414 1361 557 1416 tiam
593 1359 992 1429 requirebant.
1031 1359 1157 1425 Aut,
1192 1356 1239 1411 si
1292 1355 1498 1423 mavis,
1541 1372 1654 1410 non
1691 1371 1857 1411 secus
1888 1360 2062 1428 atque

415 1450 474 1505 in
496 1452 777 1504 nocturna
800 1445 1409 1519 pugna,obscurisque
1432 1444 1581 1499 luna
1602 1445 1779 1501 radiis
1801 1445 2058 1500 hostium

415 1545 471 1595 et
501 1539 820 1593 amicorum
856 1538 1051 1590 vultus
1092 1552 1206 1589 non
1256 1534 1719 1590 internoscentes
1746 1552 1757 1602 ;
1789 1533 1876 1590 vel
1909 1534 2060 1590 sicut

414 1628 472 1684 in
505 1626 689 1682 navali
724 1625 995 1681 conﬂictu
1030 1629 1086 1679 et
1113 1626 1478 1695 tempestate,
1515 1640 1579 1679 ac
1610 1628 1914 1678 ventorum
1947 1625 2057 1679 im-

410 1716 836 1789 pressionibus,
852 1718 907 1769 et
928 1713 1231 1769 stridentis
1255 1713 1421 1766 undae
1444 1713 1753 1780 fervore,ac
1772 1713 2053 1769 ﬂuctuum

2183 551 2380 616 ἄλλοις
2454 555 2849 631 στηὶκιτεῦεται,
2908 564 3032 635 παρ’
3090 561 3226 632 ἡμῖν
3289 563 3402 635 (73)
3479 560 3833 633 θαυμάζεταιο

2180 642 2269 695 καὶ
2327 645 2499 699 πάντα
2555 652 2915 723 συγχωρεῖται
2977 648 3277 723 προθύμως
3330 652 3406 721 τῷ
3453 645 3661 705 ἀσεϐεῖν
3697 654 3835 725 (74).

2181 730 2338 789 Οὕτω
2368 734 2464 803 τὴν
2497 735 2684 792 κακίαν
2715 738 2824 811 (75)
2857 737 3014 811 ἐσμὲν
3054 735 3472 815 μεγαλόψυχοιὲ

2248 1005 2377 1056 HA’.
2412 1002 2599 1077 Γέγονε
2630 999 2688 1056 δὲ
2717 999 2887 1057 πάντα
2916 1004 3032 1076 (76)
3059 1003 3133 1066 ὡς
3172 1004 3235 1058 τὸ
3283 1003 3560 1080 ἀπαρχῆς,
3595 1003 3683 1060 ὅτε
3737 1004 3830 1061 οὕ-

2174 1109 2261 1142 πω
2318 1089 2521 1163 κόσμος
2585 1092 2668 1162 ἦν,
2713 1090 2838 1147 οὐδὲ
2885 1095 2919 1162 ἡ
2967 1096 3057 1148 νῦν
3111 1092 3323 1165 εὐταξία
3364 1095 3454 1149 καὶ
3519 1094 3826 1173 μόρφωσις·

2174 1175 2319 1231 ἀλλὰ
2350 1178 2751 1256 συγκεχυμένον
2778 1181 2839 1236 τὸ
2871 1186 2973 1235 πᾶν
3014 1181 3103 1236 καὶ
3160 1181 3453 1254 ἀνώμαλον
3504 1180 3675 1237 ἐδεῖτο
3724 1191 3828 1254 τῆς

2173 1263 2449 1321 εἰδοποιοῦ
2478 1269 2663 1344 χειρὸς
2702 1270 2789 1324 καὶ
2841 1267 3141 1344 δυνάμεως.
3178 1270 3237 1325 Εἰ
3298 1270 3485 1347 βούλει
3539 1269 3618 1345 δὲ,
3650 1273 3727 1335 ὡς
3775 1272 3829 1327 ἐν

2171 1356 2509 1432 νυκτομαχίᾳ
2563 1358 2652 1412 καὶ
2728 1357 2965 1429 σελήνης
3030 1356 3296 1434 ἀμυδροῖς
3378 1359 3625 1436 φέγγεσιν
3693 1362 3826 1435 (77),

2172 1441 2383 1519 ἐχθρῶν
2431 1444 2466 1515 ἢ
2517 1445 2689 1523 φίλων
2742 1442 2893 1521 ὄψεις
2956 1447 3017 1502 οὐ
3060 1445 3526 1524 διαγινώσκοντες’
3561 1450 3597 1518 ἢ
3643 1450 3718 1512 ὡς
3771 1449 3825 1505 ἐν

2168 1534 2443 1608 ναυμαχίᾳ
2496 1536 2585 1589 καὶ
2642 1535 2798 1609 ζάλῃ,
2828 1536 2917 1590 καὶ
2976 1537 3298 1611 πνευμάτων
3357 1541 3469 1611 (78)
3529 1534 3823 1613 ἐμϐολαῖς,

2168 1622 2255 1675 καὶ
2288 1622 2454 1697 ῥοθίῳ
2490 1623 2680 1693 ζέοντι,
2713 1626 2799 1679 καῖ
2832 1625 3085 1700 κυμάτων
3149 1624 3494 1703 ἐπιδρομαῖς,
3526 1628 3615 1682 καὶ
3672 1632 3826 1699 νηῶν

2167 1711 2458 1787 ἀραγμοῖς,
2489 1714 2577 1767 καὶ
2646 1719 2849 1769 κοντῶν
2910 1714 3197 1789 ὠθισμοῖς,
3229 1716 3319 1771 καὶ
3367 1713 3668 1771 κελευστῶν
3704 1739 3826 1796 φω-

408 1805 867 1871 incursionibus,
910 1808 965 1859 et
1023 1818 1258 1857 navmm
1292 1801 1714 1865 collisionibus,
1749 1806 2041 1858 contorum

2163 1806 2301 1874 ναῖς,
2333 1801 2421 1855 καὶ
2452 1802 2761 1858 πιπτόντων
2813 1804 3087 1880 οῗμωγαῖς
3137 1805 3584 1882 ὑπερηχούμενοέ
3616 1808 3730 1880 (79)
3758 1828 3821 1862 τε

408 1894 764 1967 impulsibus
796 1897 853 1945 et
896 1891 1283 1947 celeustarum
1322 1891 1581 1958 vocibus,
1616 1895 1672 1945 et
1718 1890 2051 1947 cadentium

406 1983 725 2055 gemitibus
756 1982 1015 2052 undique
1038 1985 1439 2053 personantes,
1466 1984 1640 2051 atque
1662 1980 1889 2036 consilii
1927 1981 2053 2037 ino-

406 2072 503 2143 pia
532 2070 817 2143 Oppressi,
853 2087 958 2124 nec
994 2069 1229 2124 virtutis
1273 2070 1633 2124 declarandae
1680 2074 1916 2140 tempus
1945 2070 2051 2127 ha-

404 2160 612 2215 bentes
643 2160 777 2232 (heu
801 2175 1032 2231 gravem
1056 2158 1443 2213 calamitatem
1472 2158 1509 2227 ἔ)
1534 2158 1683 2213 inter
1707 2176 1809 2214 nos
1842 2159 2053 2215 incidi-

406 2266 560 2316 mus,
590 2253 765 2319 atque
797 2265 827 2301 a
861 2246 1026 2302 nobis
1060 2247 1204 2319 ipsis
1233 2251 1437 2301 mutuo
1470 2247 1832 2302 conﬁcimur.

474 2337 738 2394 LXXXII.
772 2337 886 2392 Nec
916 2352 1049 2392 vero
1083 2337 1333 2408 populus
1366 2337 1601 2407 quidem
1646 2336 1725 2391 ita
1756 2353 1817 2392 se
1849 2336 2044 2408 habet,

402 2444 603 2484 verum
635 2426 799 2482 aliter
825 2426 1116 2483 sacerdos.
1151 2426 1297 2492 Quin
1331 2426 1524 2498 potius
1556 2425 1697 2480 illud
1726 2443 1879 2481 nunc
1904 2426 2047 2482 mihi

403 2534 643 2590 prorsus
674 2515 886 2587 expleri
920 2515 1167 2583 videtur,
1193 2515 1347 2587 quod
1380 2515 1438 2569 in
1472 2513 1876 2571 maledictione
1907 2516 2044 2572 olim

401 2606 740 2661 dicebatur:
777 2605 874 2662 52
909 2606 1099 2659 Factus
1156 2608 1236 2660 est
1282 2603 1526 2659 sacerdos
1574 2605 1711 2659 sicut
1738 2606 1972 2677 papulas
2002 2607 2043 2662 ⁵.

402 2695 517 2749 Nec
548 2710 781 2749 rursum
812 2693 1021 2765 vulgus
1053 2692 1291 2764 quidem
1329 2691 1411 2746 ita
1441 2708 1501 2747 se
1533 2692 1682 2764 gerit
1711 2693 1909 2766 populi
1942 2712 2044 2749 au-

402 2788 521 2839 tem
552 2783 889 2855 optimates,
922 2798 986 2836 ac
1017 2781 1291 2853 praesides
1322 2781 1611 2836 contrario
1643 2782 1848 2838 modo:
1902 2783 2044 2855 quin

400 2872 592 2945 potius
624 2872 683 2927 hi
715 2876 909 2943 aperte
940 2886 1171 2942 quoque
1201 2869 1418 2925 bellum
1460 2870 1866 2927 sacerdotibus
1898 2872 2044 2928 infe-

397 2966 534 3018 runt
559 2962 892 3018 subsidium
923 2962 994 3016 ad
1028 2961 1496 3033 persuadendum
1533 2959 1813 3018 habentes
1862 2964 2044 3035 pieta-

392 3056 532 3108 tem.
567 3053 909 3123 Quanquam
946 3049 983 3104 ii
1016 3050 1247 3121 quidem
1282 3049 1375 3119 qui
1409 3050 1478 3105 de
1511 3051 1625 3106 fide
1654 3068 1720 3106 ac
1753 3053 2043 3124 supremis

393 3145 449 3195 et
470 3140 765 3213 primariis
789 3138 1208 3211 quaestionibus
1233 3138 1605 3211 pugnant,ita
1626 3157 1765 3196 sane
1784 3141 2037 3197 afﬁcian-

2161 1890 2251 1945 καὶ
2282 1890 2668 1967 ἀπορούμενοι,
2700 1893 2789 1947 καὶ
2822 1900 2921 1963 τῆς
2970 1891 3215 1969 ἀνδρείας
3277 1894 3465 1970 καιρὸν
3517 1894 3615 1949 οὐκ
3658 1893 3818 1971 ἔχον-

2160 2001 2265 2052 τες,
2324 1985 2419 2058 φεῦ
2473 1985 2566 2036 τοῦ
2621 1983 2851 2046 πάθουςῐ
2913 1980 3187 2053 ἀλλήλοις
3246 1983 3641 2058 περιπίπτομεν
3675 1987 3813 2059 (80),

2159 2069 2247 2124 καὶ
2282 2070 2368 2124 ὑπ’
2399 2068 2662 2141 ἀλλήλων
2696 2069 3119 2145 ἀναλισκόμεθα.

2228 2339 2349 2395 ΙΙΒ”
2384 2337 2485 2395 Καὶ
2518 2338 2623 2414 οὐχ
2653 2338 2680 2392 6
2713 2335 2845 2400 λαὸς
2881 2338 2974 2411 μἐν
3006 2337 3209 2408 οὕτως,
3242 2340 3269 2393 6
3301 2336 3357 2394 δὲ
3388 2340 3562 2416 ἱερεὺς
3608 2341 3775 2415 ἑτέρω

2157 2425 2302 2482 ἀλλά
2361 2448 2454 2498 μοι
2512 2431 2598 2481 νῦν
2660 2428 2831 2483 έκεῖνο
2863 2426 3205 2501 πληροῦσθαι
3238 2425 3388 2482 δοκεῖ
3416 2430 3687 2503 καθαρῶς,
3719 2431 3805 2487 τὸ.

2157 2515 2374 2591 Γέγονεν
2435 2517 2462 2569 6
2519 2514 2693 2590 ἱερεὺς
2759 2517 2935 2578 καθὼς
2993 2518 3021 2572 6
3071 2515 3224 2589 λαὸς,
3282 2516 3335 2571 ἐν
3414 2519 3619 2593 κατάρᾳ
3689 2522 3805 2593 (81)

2154 2604 2322 2660 πάλαι
2356 2603 2671 2679 λεγόμενον.
2706 2605 2806 2662 Καὶ
2838 2604 2945 2680 οὐχ
2976 2606 3028 2659 οἱ
3057 2604 3260 2661 πολλοὶ
3297 2606 3389 2679 μὲν
3433 2606 3626 2678 οὕτως,
3662 2608 3715 2661 οἳ
3745 2605 3803 2662 δὲ

2156 2692 2309 2770 ἀδροί
2366 2692 2462 2748 τοῦ
2508 2692 2642 2748 λαοῦ
2677 2697 2782 2765 (82)
2814 2694 2902 2747 καὶ
2962 2694 3288 2770 προέχοντες
3346 2694 3620 2757 έναντίως’
3670 2695 3803 2750 ἀλλ’

2154 2783 2304 2839 οὗτοί
2333 2806 2393 2860 γε
2421 2783 2510 2838 καὶ
2543 2788 2784 2858 φανερῶς
2815 2780 3120 2855 πολεμοῦσι
3151 2789 3265 2846 τοῖς
3307 2785 3554 2860 ἱερεῦσιν,
3586 2782 3799 2862 ἐφόδιον

2154 2872 2373 2949 ἔχοντες
2424 2872 2497 2934 εἷς
2547 2874 2713 2927 πειθὼ
2755 2873 2853 2941 τὴν
2902 2868 3169 2927 εὐσέϐειαν
3219 2876 3352 2948 (83)·
3403 2874 3492 2928 καὶ
3537 2874 3652 2928 ὅσοι
3701 2874 3796 2947 μὶν

2153 2962 2274 3038 περὶ
2306 2961 2536 3023 πίστεως
2567 2961 2727 3016 τοῦτο
2779 2961 3102 3036 πασχόντων
3133 2964 3265 3036 (84),
3298 2961 3386 3017 καὶ
3436 2966 3541 3016 τῶν
3591 2961 3797 3018 ἀνωτά-

2150 3074 2227 3106 τω
2259 3055 2370 3125 (85)
2405 3049 2732 3124 ζητημάτων
2780 3051 2868 3104 καὶ
2918 3052 3152 3126 πρώτων
3200 3048 3313 3105 οὐδ’
3342 3051 3451 3127 ἐγὼ
3483 3053 3591 3125 (86)
3651 3054 3798 3125 μέμ-

2152 3163 2343 3219 φομαι,
2404 3139 2529 3195 ἀλλ’
2571 3140 2614 3193 εἰ
2665 3137 2745 3194 δεῖ
2790 3140 3023 3210 τάληθὲς
3076 3140 3263 3211 εἰπεῖν,
3311 3140 3400 3195 καὶ
3449 3146 3795 3214 προσεπαινῶ

391 3211 524 3285 tur:
560 3246 664 3285 nec
696 3245 800 3302 ego
834 3228 1215 3300 reprehendo,
1249 3244 1386 3296 imo,
1423 3228 1469 3283 si
1502 3245 1631 3284 vere
1671 3229 2032 3301 loquendum

2158 3230 2233 3285 ιαὶ
2283 3228 2604 3303 συνήδομαι.
2640 3228 2737 3283 Καὶ
2782 3229 2988 3283 τούτων
3039 3232 3115 3291 εἷς
3178 3227 3293 3299 εἶήν
3348 3234 3453 3283 τῶν
3489 3230 3619 3305 ὑπὲρ
3652 3228 3792 3300 ἀλη-

394 3323 503 3388 est,
537 3320 780 3391 insuper
826 3318 1001 3373 etiam
1053 3317 1245 3385 laudo,
1307 3316 1495 3389 iisque
1539 3318 1821 3389 gratulor.
1849 3322 2035 3392 Atque

389 3411 617 3467 utinam
648 3429 715 3467 ex
735 3427 936 3467 eorum
970 3425 1214 3465 numero
1250 3409 1385 3477 sim,
1420 3410 1517 3481 qui
1548 3426 1649 3482 pro
1671 3413 1909 3469 veritate
1940 3413 2035 3469 de-

385 3504 628 3567 certant,
661 3504 831 3571 atque
860 3498 919 3553 in
951 3498 1331 3555 offensionem
1364 3502 1421 3553 et
1464 3499 1665 3554 odium
1699 3500 2027 3572 incurrunt,

2144 3320 2284 3381 θείας
2316 3317 2730 3395 ἀγωνιζομένων
2763 3321 2874 3391 (87)
2904 3319 2992 3372 καὶ
3022 3322 3131 3373 τῶν
3166 3318 3620 3394 ἀπεχθανομένων
3656 3321 3791 3392 (88)’

2147 3408 2359 3482 μᾶλλον
2411 3406 2469 3462 δὲ
2524 3408 2610 3462 καὶ
2698 3410 2832 3462 εἶναι
2902 3409 3282 3483 καυχήσομαι.
3350 3405 3615 3482 Κρείττων
3687 3409 3790 3485 γὰρ

2142 3498 2413 3559 ἐπαινετὸς
2443 3496 2689 3570 πόλεμος
2720 3496 2941 3573 εἰρήνης
2971 3493 3322 3572 χωριζούσης
3371 3502 3523 3552 Θεοῦ·
3558 3496 3647 3552 καὶ
3700 3495 3791 3551 διὰ

384 3591 503 3646 imo
544 3590 719 3645 etiam
774 3590 833 3643 in
880 3588 987 3643 hoc
1037 3604 1281 3643 numero
1314 3604 1441 3643 esse
1473 3587 1786 3659 gloriabor.
1822 3590 2028 3648 Melius

2158 3593 2295 3642 τοῦτο
2326 3588 2415 3642 τὸν
2448 3586 2618 3660 πραῢν
2651 3587 2907 3661 μαχητήν
2960 3584 3174 3656 ὁπλίζει
3203 3586 3265 3641 τὸ
3304 3590 3541 3659 Πνεῦμα,
3573 3585 3649 3648 ὡς
3695 3607 3790 3641 κα·-

382 3680 537 3736 enim
572 3683 660 3735 est
686 3676 982 3734 laudabile
1015 3676 1253 3746 bellum,
1278 3693 1417 3749 pare
1438 3693 1472 3733 a
1495 3681 1607 3733 Deo
1629 3678 2025 3753 disjungeute:

2137 3676 2250 3739 λῶς
2282 3674 2541 3749 πολεμεῖν
2575 3671 2889 3749 δυνάμενον.

380 3769 453 3825 ob
485 3784 733 3840 eamque
757 3783 996 3823 causam
1026 3764 1215 3821 lenem
1252 3770 1308 3821 et
1347 3773 1722 3824 mansuetum
1756 3769 2055 3829 hominem
2095 3768 2349 3843 Spiritus
2378 3768 2449 3823 ad
2480 3782 2739 3839 pugnam
2771 3770 2981 3835 armat,
3008 3770 3074 3822 ut
3114 3765 3213 3837 qui
3265 3765 3483 3822 bellum
3515 3768 3669 3821 recte
3690 3779 3787 3837 ge-

381 3875 505 3916 rere
535 3862 730 3931 queat.

449 3986 470 4019 ⁶
501 3989 615 4039 Isa.
647 4000 797 4055 xxrv,
827 3986 901 4053 2;
935 3983 1066 4040 Ose.
1100 3998 1175 4049 ιν,
1206 3981 1260 4037 9.

473 4124 565 4197 73)
595 4126 772 4197 Ἡμῖν.
808 4126 1040 4195 Septem
1084 4129 1263 4197 Regg.
1294 4126 1477 4197 ἡμῶν.

472 4195 691 4283 7}),ng
718 4194 945 4280 ᾁσεοεῖν.
980 4197 1075 4252 Sic
1114 4194 1550 4253 omnes‘ferme
1601 4199 1846 4255 codices.
1883 4204 2020 4273 Reg.

381 4275 421 4338 t,
451 4260 764 4334 iudicine-622.
1888 4290 1893 4293 λ
1964 4260 1998 4273 υ

384 4409 418 4419 Α
453 4338 567 4419 (Ἱᾷ)
600 4335 1007 4419 ,Τήν-»κακίανζ
1068 4336 1159 4419 §ic
1217 4339 1354 4419 Pteg.
1442 4338 1704 4419 plerique
1761 4345 1816 4396 et
1862 4342 2019 4398 Colb.

379 4406 558 4464 Coisl.
592 4410 615 4462 1
651 4416 707 4463 et
734 4413 896 4464 Pass.
934 4409 1033 4463 Ed.
1070 4408 1195 4463 Par.
1239 4406 1542 4475 δῆκακέαν.

410 4481 560 4553 ,(76)
610 4478 813 4553 Γέγονε
885 4476 1208 4553 ὃὲβπάντα.
1286 4485 1407 4536 Non
1491 4482 1677 4552 pauci,
1746 4480 1811 4533 τὰ
1885 4484 2021 4537 πάν-

374 4551 462 4605 ταέ
495 4554 557 4607 In
591 4551 820 4607 duobus
865 4551 1024 4606 Colb.
1076 4556 1131 4605 et
1163 4551 1257 4604 Or.
1312 4554 1360 4616 1,
1412 4551 1598 4607 exetat
1646 4552 1931 4610 scholium
1964 4557 2020 4611 in

2202 4126 2315 4249 (82)
2348 4123 2513 4180 A0105.
2543 4126 2780 4181 Addunt
2810 4122 3073 4180 nonnulli
3105 4124 3356 4190 codices,
3380 4126 3436 4178 et
3460 4122 3599 4177 editi
3621 4121 3788 4191 libri,

2130 4217 2197 4251 κα
2234 4197 2307 4251 ὼς
2348 4193 2580 4251 εἲόηται.
2624 4214 2751 4251 uuas
2781 4213 2912 4251 cum
2973 4198 3187 4251 desunt
3232 4196 3288 4249 in
3322 4210 3527 4249 novem
3562 4192 3783 4251 Regiis.

2167 4218 2197 4250 α

2234 4192 2307 4257 ὼς
2348 4193 2580 4271 sip-mat,
2616 4213 2925 4271 quaecum
2973 4198 3187 4251 desunt
3232 4196 3288 4271 in
3322 4210 3527 4271 novem
3562 4192 3783 4271 Regiis,

2132 4270 2293 4325 Colb.
2328 4264 2573 4340 septem,
2606 4264 2721 4325 Jes.
2755 4268 2877 4334 Or.,
2909 4270 2961 4336 1,
2996 4268 3311 4323 resecanda
3339 4282 3469 4322 esse
3493 4264 3788 4336 judicavi-

2372 4407 2464 4469 Εἷς
2516 4407 2841 4482 πειθὼῗτὴν
2904 4404 3437 4482 εὐσέϐειανη-Μυὶιθ.
3495 4406 3587 4462 hic
3617 4406 3786 4482 addit

2134 4478 2381 4539 Ruﬁnus
2415 4482 2469 4535 in
2498 4481 2908 4553 monachos,de
2930 4482 3145 4553 quibus
3169 4479 3338 4553 nihil,
3360 4483 3553 4549 aperte
3571 4478 3783 4553 saltem

2135 4554 2464 4626 Gregorius.
2502 4552 2623 4626 Imo
2652 4569 2786 4607 cum
2831 4550 3124 4626 monachi,
3156 4552 3288 4606 ﬁdei
3321 4567 3517 4626 causa,
3550 4550 3785 4626 a_Patre

375 4640 490 4693 quo
523 4623 836 4698 quaeritur;
874 4647 893 4671 ι
930 4623 1229 4698 Quomodo
1256 4628 1389 4677 ante
1409 4624 1707 4698 conditum
1734 4627 2018 4682 mundum
2055 4635 2098 4698 Ι)
2132 4620 2503 4698 dissiderent,
2536 4623 2790 4698 hosnon
2823 4625 3010 4695 potuit
3065 4623 3390 4698 vituperare
3429 4620 3780 4693 Theologus,

375 4710 508 4749 cum
542 4693 682 4750 nihil
715 4699 890 4761 esset,
925 4693 1178 4763 potuerit
1224 4709 1351 4748 esse
1400 4694 1662 4747 confusio
1713 4712 1905 4751 rerum
1949 4699 2020 4753 de

376 4783 493 4837 qua
524 4766 617 4837 hic
639 4765 964 4837 Theologus
980 4783 1001 4837 Δ;
1024 4787 1052 4837 _»
1078 4770 1133 4818 et
1154 4764 1246 4837 bis
1269 4765 1458 4837 verbis
1478 4767 1862 4836 respondetur
1878 4787 1896 4822 :
1916 4767 2019 4820 Τά-

418 4857 449 4889 α
486 4835 691 4907 κόσμον
727 4830 947 4890 ἐνταῦθα
979 4832 1123 4906 λέγει
1156 4834 1254 4901 τὴν
1306 4830 1592 4887 τελείωσιν
1632 4841 1738 4890 τῶν
1794 4839 1908 4892 κατ’
1943 4839 2016 4892 εἴ·

418 4857 449 4889 ο.
486 4855 691 4907 κοσμον
727 4855 947 4890 ενταυῠα
979 4855 1123 4906 Λεγει
1156 4855 1254 4901 την
1306 4855 1584 4887 τελειωσιν
1632 4857 1738 4890 των
1794 4855 1905 4892 κατ’
1943 4855 2016 4892 ει-

373 4855 467 4968 ἕως
496 4907 821 4982 γεγονότων.
852 4931 878 4958 ι(
901 4909 1003 4982 Hic
1028 4907 1275 4961 fortasse
1293 4907 1432 4960 dicit
1456 4908 1868 4978 perfectionem
1892 4928 2021 4966 eam

375 4981 551 5051 quam
577 4982 745 5050 juxta
790 4981 1044 5052 speciem
1098 4994 1266 5034 suam
1306 4984 1508 5033 creatae
1549 4996 1641 5035 res
1694 4987 2020 5038 consecutae

376 5056 533 5107 sunt.
570 5074 597 5102 ››

446 5122 559 5193 (77)
596 5120 899 5195 ψέγγεσιν.
960 5124 1050 5176 Sic
1111 5136 1313 5175 omnes
1379 5121 1624 5178 codices.
1678 5123 1806 5178 Par.
1861 5123 2019 5201 σφέγ-

414 5213 541 5248 εσιν.

593 5262 689 5316 Καὶ
720 5261 1060 5338 πνευμάτων.
1117 5266 1285 5318 Deest
1312 5260 1401 5315 καί
1449 5261 1508 5317 in
1555 5264 1868 5338 plerisque.
1900 5268 2017 5324 Ha-

375 5336 512 5390 bent
541 5333 734 5390 tamen
771 5333 1056 5391 nonnulli.

588 5405 1057 5495 Ξπερηχούμενοι.
1095 5405 1313 5495 Bagam
1348 5402 1746 5495 ﬁnnxouusvm‘.

441 5475 552 5551 (80’)
586 5475 1008 5551 Ilapim’irtopey.
1049 5500 1083 5551 «4
1106 5475 1391 5551 Irr’uimus
1422 5475 1655 5535 alter‘in
1689 5481 2010 5537 alterum.»

441 5550 550 5620 (81)
582 5548 672 5603 Ἐν
699 5548 1151 5623 κατάρᾳηνθιιϋιι
1195 5548 1611 5623 prOphetarum
1664 5552 1891 5609 inverso
1921 5571 2014 5609 or-

370 5619 503 5696 dine
520 5619 697 5680 refert
718 5619 1051 5696 Gregorius;
1076 5619 1391 5693 minusque
1414 5622 1788 5696 verba,quam
1810 5630 2014 5683 natum

370 5694 589 5771 profert
620 5694 1015 5770 proverbium.

2130 4697 2230 4751 ubi
2261 4697 2441 4752 laicos
2489 4712 2591 4767 pro
2643 4695 2754 4751 ﬁde
2802 4701 3130 4767 pugnantes
3177 4695 3399 4763 laudat,
3432 4698 3489 4749 et
3520 4710 3676 4747 unus
3712 4710 3783 4749 ex

2130 4769 2275 4839 ipsis
2300 4784 2427 4823 esse
2457 4766 2638 4839 cupit.

2201 4841 2312 4911 (84)
2344 4830 2694 4911 Πασχόντων.
2753 4838 2979 4911 In_ora
3038 4838 3175 4910 Reg.
3217 4854 3266 4903 r,
3302 4834 3631 4911 scriptum,
3672 4830 3778 4885 πά-

2131 4904 2338 4984 σχοιεν.
2373 4904 2501 4965 Ξειῖ
2519 4908 2809 4984 vulgatam
2842 4904 3476 4984 lectioneréconﬁrmat
3506 4904 3778 4984 codicum

2130 4976 2452 5038 co'nsensus
2478 4997 2492 5047 ;
2515 4988 2571 5035 et
2595 4976 2650 5033 in
2673 4981 3003 5052 marg.Reg.
3036 4997 3094 5046 u,
3117 4980 3325 5036 Glossa
3346 4993 3632 5052 sequens:
3660 4976 3782 5052 Ἀν-

2128 5053 2178 5106 τὶ
2213 5045 2567 5125 πασχέτωσαν
2596 5045 2888 5125 ξΑττικῶς,
2940 5045 2996 5107 ia
3054 5057 3161 5119 est,
3229 5072 3251 5100 α
3285 5045 3475 5115 attice,
3510 5071 3538 5098 ››
3568 5045 3781 5121 πασχέ-

2126 5122 2487 5197 τωσανξΤιΙΙ,
2528 5146 2547 5171 ι
2586 5123 2730 5178 forte
2762 5148 2784 5197 η
2820 5123 3109 5197 πάσχουσι.

2173 5198 2310 5285 ,(85)
2365 5194 2676 5250 Ἀνωτατω.
2730 5195 2821 5250 Sic
2879 5187 3085 5251 OI'Iines
3141 5194 3390 5250 codices.
3451 5191 3581 5246 Par.
3632 5187 3776 5242 ἀνω-

2124 5286 2297 5320 τατων
2310 5309 2321 5321 .

2198 5340 2313 5409 (86)
2344 5331 2468 5409 Οὐδ’
2500 5333 2629 5408 ἐγώ.
2663 5336 2758 5409 Sic
2790 5336 3061 5393 meliores
3093 5341 3241 5409 notas
3268 5330 3642 5409 exemplaria.

2198 5403 2309 5480 (87)
2368 5403 2835 5491 Ἀγωνξζρμένων..
2882 5432 2925 5491 ἀ
2986 5403 3503 5491 ξλθιιίοϋιθῐιιμνζη
3562 5403 3774 5491 vocem

2125 5473 2531 5563 hanc'passive
2562 5473 2656 5534 hic
2706 5481 3170 5563 accipiendam,"
3192 5479 3345 5561 quod
3399 5473 3777 5533 Demostheni

2125 5552 2413 5607 familiare
2445 5556 2552 5615 est,
2589 5552 2888 5608 contendit
2915 5552 3325 5609 Combeﬁsius.

2195 5624 2306 5701 (88)
2338 5619 2434 5701 Ιςαὶ
2465 5624 2572 5701 τῶν
2603 5620 3111 5701 ’ἀπεχθανομένωι
3169 5622 3294 5699 Non
3352 5619 3528 5677 habet
3556 5620 3693 5691 Reg.
3727 5620 3770 5673 ι.

2123 5693 2295 5752 Deest
2321 5696 2427 5748 τῶν
2461 5693 2520 5751 ἱιι
2552 5693 2643 5753 ed.
