4184 6202
431 342 543 402 ⁸91

1674 332 1735 394 S.
1792 330 2162 397 GREGOBII
2208 328 2605 399 THEOLOGI

3724 336 3845 409 492‘

431 490 538 529 nos
567 487 698 527 vero
729 486 850 525 rem
883 482 1210 538 nomenque
1261 465 1404 520 adeo
1456 466 1846 521 venerandum
1878 469 2078 522 contu-

2212 486 2307 529 ιις’
2355 469 2517 540 ἡμεῖς
2569 465 2626 522 δὲ
2671 468 2768 525 οὐκ
2813 470 3180 547 αῖσχυνόμεθα
3228 476 3291 529 τὸ
3333 475 3527 549 σεμνὸν
3573 475 3718 531 οὕτω
3747 477 3842 531 καὶ

433 560 609 618 melia
639 559 866 615 afﬁcere
888 574 1003 612 non
1024 570 1289 611 veremur
1310 554 1717 626 ideoque,cum
1740 562 1937 627 aperte
1959 574 2087 628 pro-

432 651 749 724 pemodum
772 664 835 702 ac
858 645 1109 717 singulis
1125 644 1333 699 diebus
1356 643 1707 700 clamantem
1727 661 1859 700 eum
1888 646 2085 700 audia-

435 756 569 796 mus
593 756 607 793 ε
633 739 837 793 Nomen
857 751 1043 791 meum
1059 744 1285 806 propter
1316 749 1407 789 vos
1436 736 1586 789 inter
1614 740 1805 802 gentes
1838 736 2083 807 blasphe-

434 833 641 885 matur.
679 828 740 881 ιο.

512 915 823 973 LXXXVII.
851 918 967 969 Nec
990 929 1121 969 vero
1150 915 1475 968 extremum
1506 911 1724 967 bellum
1757 918 2087 982 metuo,nec

438 1007 623 1063 feram
653 1005 838 1073 illam,
859 1021 985 1076 quae
1018 1019 1172 1059 nunc
1194 1003 1471 1057 adversus
1501 1001 1786 1058 Ecclesias
1818 1008 1874 1059 ct
1903 1004 2085 1075 impe-

439 1102 565 1153 tum
618 1094 772 1162 fecit,
806 1110 872 1150 ac
916 1092 1129 1149 diaboli
1180 1090 1698 1164 complementum,
1729 1091 1861 1147 licet
1890 1093 2086 1165 ignem

443 1186 713 1254 minetur,
744 1182 880 1238 licet
910 1181 1147 1254 gladios,
1167 1180 1300 1236 licet
1333 1180 1503 1247 feras,
1529 1179 1663 1235 licet
1694 1181 2012 1253 praecipitia
2032 1188 2092 1240 et

438 1275 767 1348 voragines,
789 1271 928 1327 licet
943 1270 1283 1341 omnes,qui
1319 1286 1577 1340 unquam
1612 1270 1802 1325 furore
1833 1271 2092 1343 principi-

440 1371 526 1421 tes
551 1363 660 1419 acti
687 1360 1075 1427 sunt,saevitia
1099 1364 1155 1414 et
1175 1358 1515 1414 crudelitate
1544 1363 1799 1430 superet,
1817 1359 1948 1415 licet
1964 1362 2087 1433 jam

438 1453 690 1510 inventis
721 1450 1023 1523 suppliciis
1069 1448 1368 1504 acerbiora
1413 1447 1528 1503 alia
1585 1449 2084 1507 comminiscetur.

438 1544 633 1599 Unum
666 1542 943 1597 adversus
962 1539 1082 1593 haec
1106 1538 1303 1593 omnia
1333 1538 1657 1593 remedium
1690 1538 2088 1605 habeo,unum

439 1634 508 1688 ad
542 1629 837 1686 victoriam
870 1628 981 1684 iter
1012 1646 1024 1684 :
1059 1628 1123 1682 In
1154 1626 1365 1682 Christo
1397 1626 1686 1696 gloriabor
1718 1631 1785 1696 “,
1810 1627 2088 1684 nimirum

440 1726 503 1777 ut
533 1737 637 1793 pro
669 1718 896 1774 Christo
928 1721 1174 1772 mortem
1206 1721 1502 1788 oppetam.

508 1808 846 1866 LXXXVIII.
871 1806 1031 1870 Quod
1053 1810 1248 1906 autem
1279 1806 1586 1911 ad‘meum‘
1600 1806 1827 1905 bellum
1856 1808 2083 1906 attinet,
2116 1848 2163 1911 B

442 1918 555 1974 quo
588 1915 679 1954 me
710 1901 952 1964 vertam,
978 1894 1194 1966 nescio,
1217 1895 1372 1966 quod
1390 1894 1718 1950 subsidium
1742 1896 2083 1968 excogitem,

443 2005 618 2061 quam
651 1987 971 2060 sapientem
1003 1984 1347 2048 orationem,
1372 2000 1550 2055 quam
1581 1985 1981 2057 gratium,qua
2002 2004 2088 2042 ar-

446 2085 676 2135 matura
704 2077 982 2133 adversus
1011 2073 1173 2145 pravi
1206 2072 1365 2128 illius
1395 2078 1558 2129 astus
1589 2075 1848 2130 instruar
1880 2075 2089 2139 ".Quis

448 2169 636 2223 Moses
668 2166 825 2220 hunc
852 2163 1135 2231 devincet,
1171 2179 1383 2217 manus
1431 2163 1491 2218 ii.
1525 2168 1715 2219 mente
1747 2165 2086 2231 extendens,

448 2260 510 2313 ut
538 2272 678 2312 crux
715 2254 1037 2322 eil'ormata,
1070 2256 1125 2307 et
1151 2257 1285 2307 ante
1332 2250 1608 2320 indicata,
1650 2252 1908 2324 palmam
1940 2253 2088 2309 obti-

443 2349 579 2402 neat
602 2346 646 2378 ¹³
666 2342 694 2398 ‘I
725 2341 864 2408 Quis
892 2345 1065 2397 Josue
1095 2343 1227 2412 post
1256 2356 1559 2411 eum,cum
1592 2341 1770 2396 divini
1801 2344 2090 2399 exercitus

441 2435 791 2506 imperatore
811 2429 987 2486 simul
1019 2430 1078 2485 in
1110 2430 1294 2485 aciem
1318 2430 1593 2502 prodiens
1617 2431 1691 2485 ‘i?
1715 2432 1854 2497 Quis
1885 2432 2088 2501 David,

439 2523 527 2580 vel
557 2521 814 2595 psallens
849 2520 911 2589 ιδ,
958 2518 1047 2575 vel
1096 2519 1275 2574 funda
1304 2536 1575 2591 pugnans
1611 2522 1671 2588 ιδ,
1719 2522 2089 2592 potentiaque

442 2613 513 2669 ad
537 2610 755 2667 bellum
779 2626 813 2665 a
832 2608 947 2664 Dco
970 2607 1264 2664 accinctus
1287 2608 1602 2681 digitisque
1616 2609 1804 2666 ad54
1826 2610 2088 2682 praelium

441 2700 788 2758 exercitatus
821 2698 910 2752 ‘7?
940 2697 1079 2762 Quis
1112 2697 1369 2765 Samuel,
1404 2715 1505 2768 pro
1556 2697 1771 2770 p0pulo
1804 2716 1976 2755 orans
2036 2704 2092 2755 et

445 2789 784 2847 sacrificans
814 2786 1199 2858 eumque,qui
1232 2786 1527 2841 victoriam
1554 2788 1797 2858 adipisci
1842 2794 2089 2860 poterat,

449 2881 505 2935 in
535 2894 729 2951 regem
762 2892 987 2948 ungens
1020 2877 1061 2910 ¹³
1084 2875 1111 2929 ‘I
1140 2876 1284 2939 Quie
1310 2876 1588 2932 Jeremias
1614 2876 1734 2932 haec
1765 2895 1867 2949 pro
1898 2879 2093 2950 digni-

449 2973 569 3025 tate
617 2965 962 3039 deplorabit,
1014 2964 1458 3021 lamentationes
1508 2983 1612 3037 pro
1662 2966 1837 3023 Israel
1885 2967 2094 3024 litteris

453 3058 742 3113 mandans
774 3056 819 3090 ¹⁹
838 3059 863 3109 .9

524 3145 806 3202 LXXXIX.
839 3145 979 3210 Quis
1026 3142 1304 3198 clamabit
1343 3161 1356 3199 :
1389 3145 1579 3214 Parce,
1625 3145 1869 3201 Domzne.
1900 3148 2097 3217 populo

446 3240 562 3307 tuo,
590 3240 644 3292 et
672 3251 739 3291 ne
779 3234 871 3291 des
900 3233 1275 3291 haereditatem
1312 3237 1466 3288 tuam
1512 3234 1569 3287 in
1617 3235 1990 3305 opprobrium,
2037 3244 2098 3291 ut

446 3327 799 3383 dominentur
825 3326 904 3381 eis
934 3326 1180 3379 nationes
1196 3323 1241 3357 9°
1260 3322 1287 3376 ‘?
1316 3322 1455 3385 Quis
1488 3322 1604 3379 Noe
1635 3341 1739 3395 pro
1773 3325 1938 3379 nobis
1972 3343 2096 3381 ora~

448 3416 552 3484 bit,
583 3419 641 3471 et
667 3414 797 3483 Job,
825 3418 883 3470 et
916 3412 1133 3479 Daniel,
1167 3410 1269 3479 illi,
1301 3411 1565 3483 inquam,
1586 3413 1685 3483 qui
1719 3412 1895 3468 simul
1928 3420 2095 3470 orant

444 3523 509 3562 ac
541 3508 926 3561 numerantur
956 3503 999 3537 ²¹
1036 3519 1048 3558 :
1086 3504 1149 3556 ut
1197 3500 1413 3555 bellum
1460 3501 1625 3555 nobis
1675 3501 1913 3572 paulum
1965 3520 2096 3558 con-

444 3594 729 3665 quiescat,
754 3596 817 3647 ut
848 3591 919 3646 ad
949 3589 1216 3662 nosipsos
1248 3591 1649 3658 redeamus,ut
1666 3590 1763 3645 alii
1797 3591 1941 3647 alios
1964 3597 2094 3649 tan-

449 3685 581 3739 dem
614 3697 1026 3755 agnoscamus,
1063 3687 1127 3736 ut
1157 3697 1260 3751 pro
1295 3697 1407 3735 uno
1439 3678 1671 3744 Israele,
1697 3698 1810 3735 non
1839 3682 2093 3753 amplius

442 3774 626 3829 Judas
659 3777 717 3827 et
748 3770 925 3827 Israel
957 3768 1145 3825 simus
1178 3786 1292 3825 non
1324 3768 1576 3840 amplius
1611 3769 1867 3824 Roboam
1899 3771 2095 3827 etHie—

443 3862 701 3926 robeam,
734 3877 850 3915 non
881 3858 1135 3931 amplius
1174 3857 1536 3914 Hierusalem
1562 3863 1619 3913 et
1649 3859 1937 3927 Samaria,
1965 3876 2091 3932 quae

440 3951 699 4008 vicissim
731 3963 964 4021 propter
994 3952 1227 4020 peccata
1257 3947 1525 4003 hostibus
1555 3948 1885 4016 traduntur,
1920 3965 1985 4005 ac
2014 3951 2093 4004 vi-

442 4039 641 4097 cissim
672 4037 1055 4111 deplorentur
1074 4036 1100 4090 ‘2

512 4147 554 4180 ¹⁰
604 4146 713 4201 Isa.
771 4163 853 4212 ιιι,
899 4146 973 4211 5;
1037 4145 1200 4199 Rom.
1248 4161 1309 4211 ιι,
1354 4144 1442 4197 24.
1524 4144 1561 4179 ¹¹
1622 4144 1872 4215 Philipp.
1923 4162 2005 4209 ιιι,
2056 4146 2109 4200 3.

443 4218 486 4251 1⁵
516 4216 538 4271 I
566 4216 702 4287 Reg.
736 4234 850 4281 xw,
882 4218 967 4269 16.
1048 4218 1091 4250 ιδ
1122 4221 1142 4268 l
1174 4221 1309 4287 Reg.
1346 4232 1478 4269 xvn.
1516 4216 1601 4270 49.
1682 4217 1722 4251 ¹⁷
1755 4214 1908 4272 Pea].
1932 4235 2091 4272 cxmu

2286 4216 2327 4249 ¹⁸
2360 4217 2379 4269 l
2414 4215 2551 4286 Reg.
2587 4230 2682 4285 vn,
2714 4214 2767 4267 5.

440 4289 484 4323 ²¹
523 4288 724 4343 Ezech.
758 4305 872 4356 xxv,
909 4288 996 4355 14,
1024 4288 1112 4341 20.

509 4393 587 4465 (7)
617 4390 720 4468 liciti
749 4392 1125 4468 καθ’-ἑκάστην
1158 4392 1400 4468 ἡμέραν..
1440 4396 1571 4448 H220
1602 4395 1817 4449 desunt
1845 4394 1902 4449 in
1946 4394 2087 4468 Reg.
2123 4397 2167 4461 D

438 4466 476 4520 l.
512 4460 579 4519 In
606 4463 764 4519 Colb.
798 4464 831 4518 3
861 4464 1024 4519 deest
1053 4460 1281 4519 tantum
1311 4460 1422 4518 καί.

446 4606 459 4625 ‹
507 4537 584 4621 (β)
617 4534 1051 4612 Βλασφημεῖται.
1090 4539 1150 4589 In
1210 4535 1390 4607 Regg.
1450 4534 1490 4601 Ι,
1537 4537 1579 4603 t,
1632 4537 1967 4606 prmeedunt
2021 4533 2093 4590 δι’

441 4627 783 4805 vixerim.
815 4676 1049 4734 Codices
1080 4692 1226 4748 pene
1273 4692 1474 4733 omnes
1522 4677 1593 4732 ad
1644 4694 1827 4749 marg.
1872 4679 2090 4735 habent

441 4772 467 4800 ‹‹
541 4751 825 4805 ulianum.
864 4773 891 4799 ››

439 4772 467 4800 ‹‹
502 4752 825 4806 Julianum.
864 4773 891 4799 ››

505 4823 617 4893 (10)
648 4823 1051 4893 Τοῦᾼπονηροῦ.
1086 4819 1257 4875 Coisl.
1292 4820 1343 4883 1,
1372 4820 1469 4871 τοῦ
1501 4812 1783 4893 διαᾷόλου.

505 4823 597 4883 (10
648 4825 751 4875 Τοῦ
782 4823 1051 4893 πονηροῦ.
1086 4823 1257 4875 Coisl.
1292 4823 1343 4883 1,
1372 4823 1469 4871 τοῦ
1501 4823 1783 4873 διαὸόλου.

505 4823 619 4966 (11)
650 4890 1015 4963 Ὁπλίσιυμαι.
1067 4893 1159 4947 Sic
1194 4893 1330 4962 Reg.
1387 4908 1432 4957 r,
1481 4896 1537 4944 et
1588 4890 1709 4944 Jes.
1764 4893 1862 4946 Ed.
1920 4889 2085 4945 ὁπλί-

434 4982 495 5017 σο
550 4985 621 5020 αι.

505 4985 619 5107 (ι12)
672 5035 765 5095 Τίς
820 5037 1023 5104 νικήσει
1078 5036 1267 5087 τοῦτον
1336 5036 1588 5107 Μωυσῆς.
1640 5033 1768 5107 Bas.
1837 5034 1924 5107 ed.
1994 5035 2083 5096 Τίς

435 5105 642 5175 νικήσει
696 5112 928 5173 tabi-rw;
963 5112 1217 5173 Μωυσῆς,
1251 5110 1413 5175 σίου(
1464 5106 1605 5169 Quis
1652 5105 1840 5160 vincet
1870 5105 2028 5162 hunc
2058 5109 2084 5163 ?

431 5173 680 5252 M0y888,
712 5204 738 5229 ››
775 5187 882 5235 etc.
916 5188 1053 5252 μσς.
1087 5196 1137 5252 a.
1176 5179 1273 5243 hu,
1316 5173 1406 5235 Τίς
1454 5176 1661 5245 νικήσει
1693 5180 1899 5252 Δτοῦτον
1950 5184 2083 5231 Μω-

434 5248 551 5317 σῆςῖ
586 5252 783 5307 Ceteri
819 5248 1027 5306 melius
1061 5251 1129 5303 ad
1164 5253 1335 5304 linem
1373 5266 1556 5319 usque
1587 5248 1803 5303 oeriodi
1835 5250 2082 5306 interro-

430 5322 682 5392 gationis
736 5327 932 5377 notam
992 5318 1475 5392 dilferunt.7Non
1510 5319 1837 5391 disciplieet
1884 5328 2080 5379 tamen

429 5391 633 5449 Comb.
675 5394 721 5448 si
772 5394 993 5465 legatur
1024 5411 1036 5448 :
1072 5391 1168 5453 Τίς
1194 5391 1405 5465 νικήσει
1434 5393 1625 5465 τοῦτον
1654 5416 1668 5461 ;
1711 5415 1737 5441 ‹‹
1774 5394 1916 5458 Quis
1947 5411 2080 5450 eum

427 5466 617 5520 vincet
642 5462 951 5537 ?_Moyses,
984 5487 1009 5514 ››
1048 5468 1155 5519 etc.
1191 5464 1321 5537 Ruf.
1356 5479 1470 5517 non
1506 5462 1675 5537 male,
1703 5486 1731 5513 ‹‹
1764 5465 1898 5536 quis
1930 5466 2082 5522 bella

430 5541 541 5591 ista
569 5533 854 5606 cohibeat,
893 5560 918 5586 ››
950 5538 1205 5592 referens
1233 5536 1422 5587 τοῦτον
1457 5534 1526 5589 ad
1559 5533 1827 5606 πόλεμον,
1861 5555 1973 5593 non
2008 5540 2077 5593 ad

426 5606 1006 5770 λποῖῧῆόνέφενδόναις.
1059 5679 1197 5754 ΗΘΒ,
1246 5695 1295 5748 Ζ,
1346 5675 1537 5750 prima
1584 5693 1760 5735 manu
1802 5677 2076 5762 σφενδόνῃ.

2194 560 2422 632 πρᾶγμα
2450 556 2539 610 καὶ
2571 552 2740 631 ὄνομα
2785 556 3221 637 καθυϐρίζοντες*
3267 562 3356 617 καὶ
3407 564 3639 637 μονονοὺ
3684 585 3845 643 φανε-

2197 650 2304 720 ρῶς
2353 644 2517 701 αὐτοῦ
2568 648 2807 719 βοῶντος
2853 650 3135 713 ἀκούοντες
3185 652 3274 706 καὶ
3321 655 3439 717 καθ’
3486 654 3716 724 ἑκάστην
3768 658 3847 729 (7)

2195 736 2435 810 ἡμέραν·
2496 737 2564 790 Τὸ
2614 737 2715 813 γὰρ
2774 734 2948 812 ὄνομα
3006 762 3110 814 μου
3172 739 3579 818 βλασφημεῖται
3638 747 3717 817 (8)
3772 741 3843 798 δι’

2199 824 2336 897 ὑμᾶς
2370 823 2420 879 ἐν
2452 832 2567 887 τοῖς
2602 823 2795 884 ἔθνεσι.

2270 915 2365 967 IIZ'
2398 914 2493 968 Καὶ
2524 915 2615 968 τὸν
2666 916 2759 988 μὲν
2810 911 2999 987 ἔξωθεν
3049 918 3110 972 οὐ
3144 915 3361 974 δέδοικα
3408 919 3679 993 πόλεμον,
3712 919 3841 977 οὐδὲ

2196 999 2287 1056 τὸν
2334 1008 2424 1056 νῦν
2477 1002 2839 1060 ἐπαναστάντα
2889 1012 3030 1081 θῆρα
3077 1009 3154 1080 (9)
3200 1014 3318 1071 ταῖς
3368 1008 3707 1081 ἐκκλησίαις,
3752 1012 3844 1065 καὶ

2195 1095 2291 1145 τοῦ
2323 1097 2567 1166 πονηροῦ
2596 1094 2659 1148 τὸ
2688 1092 2990 1171 πλήρωμα,
3040 1097 3135 1151 κᾶν
3183 1102 3288 1174 πῢρ
3338 1098 3565 1173 ἀπειλῇ,
3615 1100 3711 1154 κᾶν
3764 1100 3843 1170 ξί-

2199 1203 2295 1258 φη,
2351 1180 2445 1237 κᾶν
2494 1184 2683 1256 θῆρας,
2743 1182 2837 1238 κᾶν
2900 1186 3200 1260 κρημνοὺς,
3258 1186 3353 1242 κᾶν
3419 1189 3691 1265 βάραθρα,
3748 1190 3845 1245 κᾶν

2198 1271 2411 1324 πάντων
2458 1274 2675 1346 γένηται
2724 1277 2829 1327 τῶν
2882 1276 3103 1330 πώποτε
3155 1281 3428 1349 μανέντων
3477 1279 3844 1354 ἀπανθρωπό-

2196 1381 2375 1429 τατος,
2421 1360 2515 1414 κᾶν
2557 1366 2674 1423 ταῖς
2725 1362 2909 1423 οὔσαις
2964 1365 3255 1439 τιμωρίαις
3300 1367 3629 1442 προσεξεύρῃ
3672 1367 3845 1444 χαλε-

2198 1450 2463 1524 πωτέρας.
2496 1451 2587 1505 Ἓν
2636 1449 2747 1525 ἔχω
2794 1452 2929 1527 πρὸς
2979 1453 3151 1507 πάντα
3199 1457 3505 1532 φάρμακον,
3561 1458 3685 1529 μίαν
3717 1455 3844 1512 ὁδὸν

2198 1538 2273 1600 εἷς
2304 1538 2479 1609 νίκην·
2514 1540 2599 1593 Ἐν
2631 1541 2847 1616 Χριστῷ
2866 1544 3239 1617 καυχήσομαι,
3281 1545 3373 1598 τὸν
3420 1546 3551 1622 ὑπὲρ
3608 1548 3847 1622 Χριστοῦ

2198 1628 2448 1685 Θάνατον.

2268 1807 2375 1860 UU'
2406 1806 2548 1880 Πρὸς
2582 1803 2639 1861 δὲ
2665 1807 2758 1861 τὸν
2812 1806 2943 1882 ἐμὸν
2983 1807 3231 1883 πόλεμον
3274 1810 3371 1865 οὐκ
3419 1808 3533 1888 ἔχω
3561 1811 3644 1874 τίς
3674 1814 3845 1889 γένω-

2200 1917 2324 1968 μαι,
2373 1895 2489 1949 τίνα
2536 1896 2853 1971 συμμαχίαν
2903 1897 3120 1974 ἐξεύρω,
3171 1899 3285 1953 τίνα
3336 1899 3498 1977 λόγον
3549 1903 3761 1979 σοφίας,
3794 1902 3848 1957 τί

2197 1986 2462 2060 χάρισμα,
2514 1985 2644 2056 ποίᾳ
2685 1984 2957 2058 πανοπλίᾳ
3004 1990 3140 2063 πρὸς
3185 1989 3280 2051 τὰς
3312 1994 3407 2043 τοῦ
3451 1991 3697 2066 πόνηροῦ
3728 1995 3847 2065 (10)

2202 2071 2478 2147 μεθοδείας
2521 2074 2819 2147 ὁπλίσομαι
2877 2079 3006 2150 (11).
3066 2077 3157 2139 Τίς
3216 2078 3425 2147 νικήσει
3484 2081 3597 2151 (12)
3652 2084 3846 2134 τοῦτον

2200 2169 2431 2230 Μωυσῆς
2465 2162 2700 2226 ἐκτείνας
2729 2167 2825 2227 τὰς
2857 2171 3047 2241 χεῖρας
3080 2166 3167 2220 ἐπὶ
3195 2171 3293 2221 τοῦ
3316 2162 3499 2240 ὅρους,
3526 2166 3599 2222 ’ίν’
3628 2169 3655 2222 ὁ
3690 2190 3848 2223 σταυ-

2200 2253 2289 2327 ρὸς
2326 2252 2519 2327 ἰσχύσῃ
2548 2252 2882 2326 τυπούμενος
2928 2254 3017 2308 καὶ
3067 2252 3525 2329 προμηνυόμενος
3559 2277 3573 2326 ;
3606 2257 3695 2318 Τίς
3735 2258 3844 2327 ’1η-

2200 2346 2324 2403 σοῦς
2359 2343 2492 2413 μετὰ
2520 2346 2734 2410 τοῦτον,
2779 2341 2859 2414 τῷ
2908 2343 3329 2421 ἀρχιστρατήγῳ
3374 2350 3482 2399 τῶν
3538 2345 3696 2409 θείων
3740 2367 3846 2400 πα-

2200 2430 2463 2506 ρατάξεων
2514 2432 3098 2506 συμπαραταττόμενος
3135 2451 3148 2501 ;
3182 2433 3270 2495 Τίς
3303 2428 3491 2504 Δαϐὶδ,
3525 2433 3557 2503 ἦ
3593 2434 3846 2508 ψάλλων,

2197 2522 2230 2587 ἢ
2260 2517 2518 2592 πολεμῶν
2552 2519 2602 2573 έν
2634 2516 2941 2597 σφενδόναις
2975 2523 3107 2595 (13),
3137 2521 3225 2576 καὶ
3250 2520 3361 2599 -ὑπὸ
3389 2527 3487 2577 τοῦ
3526 2528 3659 2579 Θεοῦ
3690 2544 3849 2599 περι-

2199 2609 2501 2680 ιζωσμένος
2532 2607 2757 2682 δύναμιν
2788 2608 2861 2671 εἲς
2904 2608 3172 2682 πόλεμον,
3216 2611 3306 2665 καὶ
3334 2610 3460 2673 τοὺς
3502 2614 3615 2685 (14)
3646 2610 3845 2668 δακτύ-

2202 2697 2330 2758 λους
2361 2696 2434 2759 εἷς
2467 2696 2756 2771 παράταξιν
2802 2699 3213 2773 γυμναζόμενος
3249 2720 3261 2767 ;
3292 2699 3384 2762 Τίς
3436 2700 3722 2774 Σαμουὴλ,
3752 2704 3845 2757 καὶ

2200 2786 2640 2862 προσευχόμενος
2688 2789 2801 2859 (15)
2844 2792 2939 2841 τοῦ
2990 2787 3124 2843 λαοῦ
3171 2789 3263 2843 καί
3304 2790 3673 2864 προθυόμενος
3703 2794 3845 2863 (16),

2201 2875 2289 2929 καὶ
2322 2874 2496 2949 χρίων
2530 2875 2603 2936 εἷς
2642 2874 2867 2951 βασιλέα
2917 2878 3003 2930 τὸν
3042 2882 3188 2947 νικᾷν
3222 2875 3511 2950 δυνάμενον
3546 2879 3672 2948 ;Τίς
3704 2880 3843 2954 θρη-

2204 2967 2355 3035 νήσει
2404 2968 2571 3019 ταῦτα
2618 2966 2750 3038 πρὸς
2798 2964 2942 3037 ἀξίαν
3004 2967 3287 3042 Ἱερεμίας,
3347 2970 3577 3042 θρήνους
3624 2970 3847 3045 γράφων

2207 3055 2339 3129 ὑπὲρ
2368 3058 2465 3108 τοῦ
2498 3051 2716 3127 Ἰσραήλ
2744 3073 2757 3121 ;

2281 3144 2382 3198 ΠΘ¹
2414 3142 2505 3204 Τίς
2558 3143 2813 3217 βοήσεται
2867 3145 3003 3217 (7),
3055 3149 3266 3217 Φεῖσαι,
3320 3146 3521 3221 Κύριε,
3567 3150 3664 3201 τοῦ
3714 3144 3853 3202 λαοῦ

2208 3253 2324 3303 σου,
2384 3232 2471 3287 καὶ
2537 3233 2611 3304 μὴ
2675 3229 2782 3304 δῷς
2839 3233 2938 3302 τὴν
2991 3231 3363 3309 κληρονομίαν
3425 3256 3521 3290 σου
3577 3236 3655 3298 εἷς
3710 3232 3851 3291 ὄνει-

2208 3319 2322 3392 δος,
2353 3326 2450 3375 τοῦ
2503 3320 2756 3395 κατάρξαι
2805 3320 2976 3376 αὐτῶν
3023 3326 3135 3395 (18)
3179 3322 3303 3394 ἔθνη
3339 3344 3352 3393 ;
3382 3324 3472 3386 Τίς
3522 3327 3644 3399 περί
3693 3328 3855 3398 ἡμῶν

2206 3408 2550 3485 προσεύξεται
2599 3410 2742 3477 Νῶε,
2792 3408 2880 3462 καὶ
2932 3404 3074 3480 Ἰὼϐ,
3134 3411 3222 3463 καὶ
3273 3410 3513 3480 Δανιὴλ,
3561 3412 3611 3465 οἱ
3664 3433 3850 3466 συνευ-

2204 3500 2434 3575 χόμενοι
2466 3498 2552 3552 καὶ
2584 3497 3091 3574 συναριθμούμενοι,
3120 3497 3211 3552 *ίνα
3248 3500 3458 3573 κοπάσῃ
3495 3501 3683 3574 μικρὸν
3718 3503 3855 3572 ἡμῖν

2205 3591 2232 3643 ὁ
2288 3586 2572 3660 πόλεμος,
2610 3585 2702 3641 τίνα
2748 3587 3024 3662 γενώμεθα
3072 3589 3233 3660 ἡμῶν
3276 3588 3450 3643 αὐτῶν
3488 3634 3502 3659 ,
3546 3588 3618 3643 “ίν’
3668 3588 3849 3660 ἀλλή-

2204 3678 2334 3740 λους
2393 3680 2505 3751 (19)
2552 3678 2683 3730 ποτὲ
2735 3675 3115 3751 γνωρίσωμεν,
3161 3675 3248 3731 ’ίνα
3305 3679 3502 3750 μηκέτι
3532 3680 3677 3752 ὦμεν
3734 3679 3852 3734 ἀνθ’

2203 3768 2314 3829 ἑνὸς
2361 3770 2458 3821 τοῦ
2509 3766 2729 3840 Ἰσραὴλ
2780 3768 2893 3838 (20)
2944 3762 3147 3827 Ἰούδας
3197 3766 3286 3820 καὶ
3344 3766 3600 3842 Ἰσραὴλ,
3652 3768 3849 3840 μηκέτι

2198 3851 2436 3929 «Ροϐοᾶμ
2482 3856 2569 3909 καὶ
2613 3848 2917 3930 Ἰεροϐοὰμ,
2970 3854 3163 3927 μηκέτι
3206 3855 3567 3932 Ἰερουσαλὴμ
3613 3857 3702 3911 καὶ
3746 3864 3854 3911 Σα-

2206 3947 2423 4022 μάρεια,
2456 3944 2509 3997 αἱ
2542 3942 2593 3997 έν
2632 3942 2781 4018 μέρει
2813 3945 2924 4017 (21)
2973 3940 3060 3997 διὰ
3105 3945 3199 4005 τας
3245 3945 3511 4021 ἁμαρτίας
3555 3942 3855 4022 παραδιδό-

2205 4055 2381 4109 μεναι,
2408 4034 2499 4087 καὶ
2531 4031 2581 4087 ἐν
2619 4033 2770 4106 μέρει
2802 4032 3164 4107 θρηνούμεναι
3202 4052 3215 4102 ;

2210 4146 2253 4179 ¹²
2303 4142 2505 4212 Ephes.
2536 4158 2614 4207 v1,
2656 4142 2741 4195 11.
2822 4142 2867 4175 ¹³
2907 4141 3082 4196 Exod.
3114 4158 3249 4213 xvn,
3284 4143 3368 4197 11.
3448 4143 3491 4177 ¹⁶
3517 4142 3638 4198 Jos.
3671 4160 3724 4213 v,
3763 4144 3854 4201 14.

2866 4213 2912 4247 ιθ
2942 4214 3156 4271 Thrcn.
3190 4231 3296 4270 ι-ν.
3390 4215 3435 4249 ²⁰
3473 4214 3597 4270 Joel
3654 4231 3716 4287 ιι,
3763 4218 3853 4273 17.

2272 4392 2391 4483 (14)
2447 4387 2546 4445 Καὶ
2600 4387 2749 4450 τούς.
2824 4391 2917 4446 Sic
2970 4392 3217 4447 codices.
3289 4390 3433 4449 Male
3492 4392 3551 4447 in
3614 4392 3738 4448 Par.
3819 4394 3855 4461 ἣ

2200 4485 2349 4524 τους.

2274 4534 2385 4607 (15)
2414 4528 2887 4607 Προσευχόμενος.
2931 4533 3108 4607 Regg.
3159 4534 3280 4604 bm,
3332 4551 3387 4603 Χ,
3419 4534 3563 4603 Jes.,
3597 4535 3758 4591 Colb.
3792 4536 3853 4606 h,

2205 4625 2282 4663 m.
2316 4604 2405 4663 ed.
2441 4604 2572 4679 Bas,
2605 4604 2716 4679 etc.
2741 4604 3173 4679 προευχόμενος.

2273 4680 2387 4748 (16)
2418 4674 2811 4752 Προθυόμενος.
2852 4674 3052 4752 Quini),
3088 4677 3256 4752 (legit,
3288 4677 3763 4752 προθυμούμενος,
3798 4685 3855 4734 et

2194 4753 2387 4830 vertit,
2422 4748 2651 4830 {eique
2680 4748 2940 4830 (populo)
2969 4748 3234 4830 studens.
3271 4771 3299 4798 ››

2292 4824 2378 4893 17)
2426 4819 2713 4893 Βοήλσεται.
2771 4819 3018 4893 Conjicit
3076 4820 3218 4876 Gab.
3270 4820 3601 4877 addendum
3654 4819 3849 4891 Ἰωήλ.

2292 4836 2378 4893 1'1)
2428 4836 2712 4888 βοησεται.
2771 4836 2888 4875 uon
2918 4838 2968 4875 1c

2201 4916 2221 4942 α
2257 4836 2395 4948 (Suis
2422 4891 2549 4946 Joel
2580 4836 2909 4946 clamabit‘g
2940 4913 2968 4942 )›

2265 4967 2376 5032 (18)
2410 4961 2613 5032 Αὐτῶν.
2648 4960 2945 5029 Nonnulli,
2975 4962 3161 5032 αὐτῆς.

2264 5031 2375 5106 (19)
2404 5035 2498 5087 ¹Ἰν’
2527 5031 2834 5109 dii/typum
2882 5036 3014 5109 Reg.
3051 5054 3102 5107 a,
3139 5041 3182 5103 t,
3213 5053 3269 5102 x,
3322 5035 3482 5090 Pass.
3531 5038 3604 5090 ad
3658 5052 3845 5108 marg.

2192 5104 2294 5161 Ed.
2332 5110 2460 5161 Bas.
2487 5106 2576 5157 καὶ
2608 5104 2913 5173 ἀλλήλους.

2263 5180 2374 5249 (20)
2407 5175 2849 5260 ’1σραήλ.“Α(1(111,
2876 5179 3053 5260 editio
3087 5178 3209 5233 Par.
3242 5176 3353 5245 καί,
3415 5178 3569 5247 quod
3598 5193 3847 5260 lexpun-

2192 5250 2385 5304 ximus
2418 5265 2620 5321 novem
2654 5250 2831 5321 Regg.
2883 5251 3245 5319 aliorumque
3284 5265 3427 5303 mss.
3481 5250 3844 5321 auctoritate.

2190 5326 2367 5377 Porro
2416 5320 2544 5390 quis
2591 5320 2668 5375 sit
2711 5319 2921 5376 borum
2970 5324 3275 5376 verborum
3323 5337 3552 5387 sensus,
3595 5337 3663 5375 ex
3712 5319 3846 5375 aliis

2190 5392 2449 5465 Gregorii
2498 5392 2643 5465 locis
2691 5392 2994 5448 discimus.
3041 5394 3199 5447 Orat.
3252 5407 3330 5458 v1,
3379 5408 3542 5447 num.
3596 5393 3651 5461 7,
3694 5396 3840 5447 orat.

2192 5463 2368 5531 XXXII,
2402 5480 2564 5518 num.
2597 5463 2650 5517 4.

2264 5538 2374 5606 (21)
2444 5536 2527 5608 Ἐν
2607 5532 2779 5608 μέρει.
2846 5536 3054 5608 Οοιιιὶ).
3099 5558 3127 5584 ‹‹
3182 5550 3298 5608 per
3361 5534 3535 5608 vices.
3575 5555 3606 5584 «
3649 5550 3845 5608 sepaf

2190 5608 2385 5679 ratim.
2421 5632 2442 5679 ρ
2484 5605 2686 5679 Nonne
2715 5607 2949 5674 rectius,
2984 5630 3011 5657 «
3046 5605 3275 5679 partim.
3315 5628 3351 5679 3;
3385 5606 3524 5672 Vult
3566 5605 3757 5674 enim,
3782 5606 3845 5661 ni

2189 5677 2376 5750 fallor,
2410 5678 2724 5752 Gregorius
2755 5695 2869 5737 non
2893 5677 3117 5748 omnes,
3147 5678 3248 5737 sed
3278 5677 3531 5754 aliquos,
3553 5682 3612 5734 et
3637 5694 3843 5759 eorum

3786 18 3795 43 ’.
3850 18 3979 47 ⁵23Ἒί
