4184 6202
1145 99 1180 119 ..ρ

1089 131 1100 142 4

1055 159 1060 172 ι

889 187 900 194 ⁵
935 187 988 210 2:5

763 219 794 236 Ὢ..

381 307 406 324 -ὁ
463 305 468 310 ’
495 311 508 328 α
537 307 544 324 Ι.

111 341 144 358 δ’·
349 347 352 350 .

75 371 80 380 α

331 407 455 464 493

402 539 469 614 LL’.
506 538 647 613 Ἐγὼ
700 537 794 609 μὲν
843 538 944 613 γὰρ
993 536 1362 612 ἀσθενέστερος
1411 542 1545 594 εἶναι
1592 545 1690 596 τοῦ
1733 539 1984 612 πολέμου

2171 545 2276 596 XC.
2313 542 2538 597 Etenim
2595 559 2700 614 ego
2755 541 2891 598 huic
2941 541 3093 598 bello
3151 543 3440 615 imparem
3496 559 3591 600 me
3621 561 3752 602 esse

323 626 528 682 τούτου
559 625 850 702 ὁμολογῶ,
883 627 973 682 καὶ
1009 625 1099 682 διὰ
1134 631 1296 682 τοῦτο
1343 625 1523 683 ἔδωκα
1565 629 1632 684 τὰ
1676 633 1820 684 νῶτα
1853 631 1989 702 (22),

330 715 582 789 καλύψας
612 719 726 789 (23)
755 718 818 771 τὸ
865 717 1158 790 πρόσωπον
1212 717 1263 772 ἐν
1315 722 1515 791 τροπῇ,
1546 719 1637 773 καὶ
1684 717 1992 790 καταμόνας

328 807 679 877 καθεσθῆναι,
740 806 822 858 ὅτι
894 805 1112 880 πικρίας
1169 804 1523 876 ἐνεπλήσθην,
1585 805 1825 877 ἐζήτησα
1898 807 1988 861 καὶ

330 901 631 965 σιωπῆσαι,
681 895 872 948 συνιὼν
923 897 1058 967 (24),
1114 894 1196 949 ὅτι
1231 897 1259 950 6
1303 896 1490 970 καιρὸς
1535 896 1774 970 πονηρός
1824 896 1985 951 ἐστιν·

329 982 417 1036 ὅτι
479 981 837 1038 ἀπελάκτισαν
881 983 933 1036 οἱ
983 983 1357 1058 ἠγαπημένοι,
1391 983 1475 1038 ὅτι
1533 985 1822 1059 γεγόναμεν
1879 984 1987 1039 υἱοὶ

329 1071 718 1148 ἀφεστηκότες,
748 1074 782 1141 ἡ
818 1070 1065 1145 ἄμπελος
1115 1075 1149 1141 ἡ
1202 1072 1641 1145 εὐκληματοῦσα,
1674 1076 1708 1142 ἡ
1740 1072 1988 1147 ἄμπελος

343 1165 380 1231 ἡ
442 1158 706 1232 ἀληθινὴ,
755 1166 899 1215 πᾶσα
951 1161 1320 1239 καρποφόρος,
1356 1161 1532 1237 ὡραία
1585 1168 1750 1231 πᾶσα,
1808 1162 1990 1225 καλῶς

329 1256 457 1313 ταῖς
529 1250 746 1326 σταγόσι
822 1256 939 1311 ταῖς
1018 1249 1214 1304 ἄνωθεν
1295 1250 1659 1306 ἀνατέλλουσα
1715 1255 1848 1324 (25)·
1905 1253 1987 1308 δτι

329 1338 571 1416 ἐστράφη
605 1342 717 1410 (26)
749 1339 825 1401 εἷς
856 1338 1077 1411 ἀτιμίαν
1133 1338 1257 1412 ἐμοὶ
1307 1341 1368 1394 τὸ
1416 1337 1661 1413 διάδημα
1708 1345 1804 1394 τοῦ
1850 1340 1989 1396 καλ-

330 1427 466 1490 λους
497 1431 632 1500 (27),
670 1430 733 1483 τὸ
789 1429 1214 1505 ἀποσφράγισμα
1259 1432 1356 1496 τῆς
1400 1429 1537 1502 ἐμῆς
1586 1427 1765 1499 δόξης,
1817 1431 1845 1483 ὁ
1888 1436 1988 1500 τῆς

326 1519 655 1593 καυχήσεως
689 1518 967 1594 στέφανος*
1012 1515 1145 1572 εἶδέ
1189 1539 1268 1579 τις
1311 1518 1446 1592 πρὸς
1491 1523 1658 1573 ταῦτα
1703 1518 1990 1594 τολμηρὸς

323 1608 423 1660 καὶ
468 1612 732 1682 γενναῖος,
769 1606 1036 1681 μακάριος
1092 1607 1254 1668 οὗτος
1311 1606 1434 1680 ἐμοὶ
1481 1612 1578 1662 τοῦ
1622 1608 1852 1684 Θάρσους
1899 1609 1988 1663 καὶ

327 1701 440 1764 τῆς
465 1694 864 1770 γενναιότητος.

411 1783 526 1860 ῑιΑἌ
564 1783 663 1838 Καὶ
691 1779 844 1837 οὔπω
878 1780 1020 1857 λέγω
1050 1783 1141 1836 τὸν
1176 1779 1324 1837 ἔνδον
1358 1784 1472 1855 (28)
1503 1784 1592 1837 καὶ
1627 1784 1677 1839 ἐν
1711 1787 1846 1857 ἡμῖν
1893 1784 1987 1839 αὐ-

323 1877 475 1943 τοῖς,
505 1873 594 1926 τὸν
626 1871 678 1926 ἐν
706 1877 822 1933 τοῖς
856 1870 1045 1934 πάθεσι
1077 1870 1348 1944 πόλεμον,
1381 1873 1438 1926 ὃν
1472 1871 1865 1946 πολεμούμεθα
1894 1896 1984 1928 νυ-

325 1962 458 2022 κτὸς
499 1960 588 2014 καὶ
638 1960 847 2033 ἡμέρας
883 1961 985 2014 ὑπὸ
1014 1964 1110 2014 τοῦ
1146 1967 1245 2029 τῆς
1276 1962 1651 2024 ταπεινώσεως
1703 1963 1981 2035 σώματος,

323 2049 396 2104 τὰ
447 2049 540 2120 μὲν
592 2043 857 2124 κρύϐδην,
908 2049 974 2104 τὰ
1022 2046 1078 2103 δὲ
1127 2053 1391 2124 φανερῶς’
1442 2049 1530 2103 καὶ
1587 2057 1685 2118 τῆς
1737 2052 1846 2105 ἅνω
1894 2051 1983 2106 καὶ

324 2139 482 2193 κάτω
512 2139 881 2210 κυμαινούσης
941 2141 1087 2210 ἡμᾶς
1133 2138 1222 2192 καὶ
1273 2133 1631 2213 στροϐούσης,
1667 2137 1754 2193 δια
1802 2161 1859 2194 τε
1899 2139 1982 2194 αἰ-

325 2229 578 2297 σθήσεως
752 2228 842 2281 καὶ
871 2232 977 2282 τῶν
1014 2225 1198 2281 αλλων
1229 2232 1470 2301 τερπνῶν
1503 2232 1599 2281 τοῦ
1636 2228 1755 2302 βίου
1785 2230 1980 2283 τούτου

321 2321 628 2393 περιφορᾶς
659 2319 790 2388 (30),
824 2320 921 2369 τοῦ
963 2335 1019 2369 τε
1067 2314 1248 2384 πηλοῦ
1287 2322 1386 2384 τῆς
1438 2314 1613 2386 ἰλύος,
1648 2317 1693 2387 ᾧ
1742 2315 1982 2388 ὲμπεπή-

318 2416 531 2479 γμεθα,
561 2405 648 2459 καὶ
707 2409 804 2458 τοῦ
860 2403 1030 2476 νόμου
1079 2411 1178 2473 τῆς
1209 2403 1473 2479 ἁμαρτίας
1507 2404 1983 2480 ἀντιστρατευομὲ-

315 2515 421 2548 νου
449 2499 531 2565 τῷ
561 2493 719 2565 νόμῳ
746 2497 844 2547 τοῦ
887 2492 1213 2565 πνεύματος,
1247 2491 1335 2547 καί
1387 2491 1714 2571 διαφθείρειν
1767 2493 1978 2570 ἐπιχει-

319 2587 550 2657 ροῦντος
580 2584 692 2654 (31)
721 2584 820 2651 τήν
865 2579 1151 2657 βασιλικὴν
1195 2581 1247 2636 ἐν
1293 2583 1428 2653 ἡμῖν
1484 2582 1683 2648 εἰκόνα,
1717 2583 1804 2637 καὶ
1855 2583 1978 2639 ὅσον

317 2675 428 2740 τῆς
475 2671 617 2732 Θείας
666 2673 780 2743 (32)
808 2670 1104 2746 ἀπορῥοίας
1153 2673 1286 2743 ἡμῖν
1329 2666 1862 2745 συγκαταϐέὸληταιο
1903 2673 1980 2735 ὡς

322 2757 492 2832 μόλις
534 2759 592 2812 ἂν
637 2780 722 2820 τις
765 2760 948 2814 ἑαυτὸν
982 2759 1016 2828 ἢ
1055 2765 1234 2834 μακρᾷ
1284 2757 1581 2838 φιλοσοφίᾳ
1629 2758 1980 2836 παιδαγωγή-

319 2869 444 2915 σας,
476 2849 562 2902 καὶ
596 2847 942 2924 ἀπορῥηγνὺς
974 2850 1108 2904 κατὰ
1151 2849 1342 2924 μικρὸν
1388 2849 1450 2903 τὸ
1498 2852 1598 2918 τῆς
1648 2853 1833 2925 ψυχῆς
1867 2853 1979 2924 (33)

318 2939 536 3014 εὐγενὲς
605 2937 693 2992 καὶ
749 2935 1040 3015 φωτοειδὲς
1097 2942 1194 2991 τοῦ
1244 2943 1500 2992 ταπεινοῦ
1564 2937 1652 2992 καὶ
1715 2943 1793 3010 τῷ
1860 2939 1982 2994 σκό-

315 3048 403 3082 τει
457 3029 572 3100 (34)
618 3026 1063 3101 συνεζευγμένον,
1096 3026 1130 3094 ἢ
1173 3031 1307 3082 Θεοῦ
1372 3029 1555 3102 τυχὼν
1597 3026 1759 3093 ἵλεω,
1808 3030 1842 3096 ἢ
1889 3027 1978 3083 καὶ

323 3117 502 3193 ἄμφω
547 3120 733 3184 ταῦτα,
773 3116 861 3170 καὶ
925 3116 1157 3189 μελέτην
1209 3115 1290 3171 ὅτι
1354 3114 1590 3188 μάλιστα
1650 3117 1978 3190 ποιούμενος

320 3205 437 3260 ἅνω
490 3203 710 3280 βλέπειν
761 3211 865 3274 τῆς
917 3205 1278 3275 κατασπώσης
1328 3204 1465 3276 ὕλης
1524 3208 1638 3278 (35)
1688 3205 1979 3280 ἐπικρατή-

1462 406 1756 472 ORATIO
1808 406 1884 468 II.
1921 438 1996 453 —
2025 407 2594 470 APOLOGETICA.

3635 415 3752 473 494

2098 630 2302 698 fateor,
2337 649 2402 686 ac
2456 638 2760 704 propterea
2816 637 2980 705 terga
3034 633 3188 704 dedi,
3247 634 3592 706 obtectoque
3636 653 3751 708 prae

2099 721 2319 790 pudore
2351 721 2512 775 vultu
2548 737 2640 777 me
2692 721 2751 776 in
2797 723 2998 794 fugam
3048 723 3329 793 converti,
3363 728 3420 779 et
3452 723 3749 779 solitarius

2099 809 2297 865 sedere
2320 810 2383 878 ²²,
2418 809 2556 880 quia
2587 809 2979 866 amaritudine
3012 810 3292 883 impletus
3325 829 3456 867 sum
3489 812 3556 879 ’3,
3580 830 3644 868 ac
3669 813 3750 868 si-

2098 897 2215 952 lere
2246 899 2507 968 quaesivi,
2540 904 2772 970 tempus
2824 897 3046 954 malum
3097 916 3226 956 esse
3273 917 3628 974 cognoscens
3660 903 3747 958 9‘:

2099 986 2378 1057 quoniam
2412 985 2787 1042 calcitrarunt
2815 987 3009 1042 dilecti
3037 989 3100 1054 ’⁸,
3129 989 3406 1061 quoniam
3431 991 3534 1044 filii
3557 991 3752 1046 deser-

2098 1078 2253 1129 tores
2285 1075 2418 1129 facti
2452 1092 2660 1130 sumus
2708 1077 2772 1141 ’⁵,
2824 1092 2947 1137 nos.
2994 1077 3261 1148 inquam,
3292 1080 3458 1135 vinea
3485 1079 3585 1136 illa
3616 1079 3750 1152 pul-

2098 1163 2254 1218 chris
2314 1163 2653 1234 palmitibus
2711 1165 2952 1235 praedita
3010 1166 3074 1231 ²’¹,
3134 1165 3299 1222 vinea
3336 1184 3472 1224 vera
3503 1168 3568 1236 ’3,
3628 1172 3750 1224 tota

2100 1252 2419 1324 fructifera,
2454 1257 2574 1308 tota
2604 1255 2867 1325 speciosa
2917 1255 2982 1320 9°,
3037 1260 3092 1310 et
3140 1257 3412 1326 supernis
3458 1257 3748 1312 imbribus

2100 1338 2337 1410 pulchre
2371 1340 2634 1395 exoriens
2665 1340 2745 1394 θοι
2784 1340 3062 1411 quoniam
3096 1340 3152 1396 in
3187 1342 3568 1414 ignominiam
3604 1343 3750 1396 mihi

2098 1443 2443 1483 conversum
2475 1433 2564 1484 est
2593 1429 2861 1484 diadema
2892 1429 3117 1485 decoris
3136 1431 3208 1496 δι,
3230 1429 3600 1502 signaculum
3625 1430 3750 1502 glo-

2099 1517 2198 1572 riae
2230 1533 2370 1572 meis
2401 1518 2466 1587 ³⁸,
2500 1517 2864 1590 gloriationis
2895 1534 3107 1573 corona
3137 1520 3200 1572 ³³.
3234 1519 3395 1582 Quod
3429 1520 3477 1574 si
3511 1519 3643 1590 quis
3675 1520 3747 1573 ad

2099 1604 2220 1660 haec
2249 1606 2442 1660 audax
2470 1611 2526 1661 et
2557 1607 2721 1661 fortis
2767 1611 2876 1672 est,
2929 1607 3081 1662 hunc
3120 1625 3226 1679 ego
3277 1610 3649 1680 praefidentiae
3683 1628 3749 1668 ac

2099 1693 2460 1748 fortitudinis
2493 1695 2728 1750 nomine
2762 1695 2996 1749 beatum
3025 1712 3153 1750 esse
3185 1712 3413 1752 censeo.

2172 1781 2307 1836 XCI.
2340 1781 2611 1836 Nondum
2644 1782 2714 1836 de
2753 1781 2980 1836 interno
3031 1781 3202 1852 bello,
3254 1789 3428 1855 atque
3459 1785 3518 1839 in
3553 1786 3750 1842 nobis-

2097 1869 2243 1940 ipsis
2277 1875 2332 1924 et
2362 1869 2418 1924 in
2450 1870 2755 1926 affectibus
2786 1871 2918 1939 sito,
2950 1871 3126 1926 verba
3157 1872 3324 1939 facio,
3355 1889 3469 1944 quo
3492 1881 3661 1931 nocte
3682 1892 3748 1930 ac

2097 1957 2210 2023 die,
2242 1960 2454 2030 partim
2496 1960 2722 2014 occulte
2772 1958 2984 2030 partim
3027 1966 3224 2030 aperte
3274 1962 3346 2016 ab
3395 1962 3748 2019 humilitatis

2093 2062 2332 2118 corpore
2347 2048 2392 2082 ³³
2421 2049 2761 2103 divexamur
2792 2065 2804 2114 ;
2835 2052 2891 2102 et
2921 2048 2993 2102 ab
3015 2063 3081 2102 ea
3113 2065 3235 2118 quas
3261 2066 3366 2104 nos
3388 2066 3490 2120 per
3512 2067 3746 2118 sensus,

2092 2139 2268 2206 atque
2296 2135 2410 2190 alia
2448 2135 2628 2206 hujus
2659 2134 2785 2190 vita:
2836 2135 3280 2204 oblectamenta,
3315 2155 3551 2193 sursum
3583 2139 3752 2194 deor-

2092 2241 2340 2294 sumque
2387 2230 2596 2290 versat,
2653 2223 2992 2294 jactatione,
3049 2230 3220 2294 atque
3252 2243 3286 2280 a
3320 2227 3437 2281 luto
3489 2227 3645 2283 faecis
3676 2228 3741 2299 ³⁵,

2091 2309 2184 2365 cui
2237 2310 2396 2364 infixi
2429 2326 2637 2364 sumus
2668 2310 2731 2372 ³⁵,
2766 2315 2822 2364 et
2852 2327 2885 2364 a
2915 2312 3132 2381 peccati
3182 2310 3305 2382 lege
3358 2312 3601 2382 spiritus
3633 2311 3746 2384 legi

2092 2404 2453 2471 repugnante
2482 2399 2546 2468 ³⁷,
2609 2399 2946 2470 regiamque
3005 2398 3064 2454 in
3120 2399 3290 2456 nobis
3319 2401 3658 2473 imaginem,
3691 2407 3748 2458 et

2091 2488 2379 2558 quidquid
2411 2487 2618 2541 divine
2652 2486 3001 2542 deﬂuxionis
3048 2487 3216 2544 nobis
3268 2490 3602 2561 inspersum
3633 2499 3740 2558 est,

2091 2593 2463 2648 corrumpere
2493 2584 2760 2633 conante.
2794 2578 2890 2634 55
2927 2577 3036 2632 Vix
3063 2595 3232 2650 porro
3266 2579 3606 2652 quisquam,
3636 2596 3742 2636 nec

2090 2669 2204 2724 nisi
2237 2669 2518 2724 diuturna
2548 2668 2920 2740 philosophia
2951 2669 3210 2740 seipsum
3235 2671 3546 2738 domuerit,
3567 2677 3743 2743 atque

2088 2760 2296 2814 anima:
2329 2757 2692 2814 nobilitatem
2717 2763 2773 2814 et
2793 2758 3115 2814 claritatem
3140 2761 3210 2814 ab
3237 2777 3302 2816 eo
3335 2763 3489 2832 quod
3522 2761 3743 2817 humile

2089 2856 2178 2906 est
2201 2857 2258 2906 et
2287 2867 2421 2905 cum
2465 2849 2722 2905 tenebris
2770 2851 3174 2920 coniunctum,
3233 2852 3512 2924 paulatim
3565 2854 3739 2909 abru-

2088 2941 2258 3011 perit,
2290 2939 2377 2993 vel
2441 2940 2618 2994 Deum
2682 2939 2998 3010 prepitium
3057 2946 3264 2996 nactus
3306 2942 3400 3009 sit,
3435 2948 3536 2997 aut
3565 2943 3740 2998 etiam

2089 3029 2260 3082 ambo
2287 3027 2406 3081 haec
2431 3024 2721 3094 habuerit,
2745 3032 2916 3098 atque
2939 3028 3009 3082 ad
3035 3028 3232 3083 oculos
3255 3046 3491 3085 sursum
3514 3029 3741 3102 erigen-

2089 3117 2196 3172 dos
2225 3131 2400 3186 quam
2434 3115 2683 3170 maxime
2739 3131 2867 3170 sese
2925 3115 3265 3186 exercuerit,
3316 3117 3740 3190 deprimentem

2091 3206 2393 3259 materiam
2429 3220 2705 3274 superare
2736 3208 2928 3274 queat.
2970 3205 3134 3260 Prius
3165 3210 3358 3261 autem
3408 3224 3580 3277 quam
3613 3224 3742 3263 eam

323 3315 459 3352 σειε,
493 3294 626 3365 Πρὶν
685 3291 740 3348 δὲ
784 3293 986 3364 ταύτην
1021 3295 1308 3370 ὑπερσχεῖν
1341 3293 1440 3363 ὅση
1488 3291 1714 3367 δύναμις
1745 3295 1832 3349 καὶ
1865 3294 1981 3349 ἀνα-

2105 3311 2196 3365 pro
2248 3291 2400 3347 virili
2460 3309 2567 3348 sua
2623 3293 2918 3363 quispiam
2977 3294 3284 3365 superarit,
3349 3303 3741 3368 mentemque,

319 3387 554 3456 καθᾶραι
612 3385 806 3444 ἱκανῶς
835 3384 930 3450 τήν
983 3380 1244 3454 διάνοιαν,
1298 3384 1427 3458 ὑπέρ
1473 3405 1532 3438 τε
1586 3383 1712 3445 τοὺς
1772 3382 1977 3446 ἄλλους

334 3478 536 3547 μακρῷ
588 3474 827 3548 γενέσθαι
884 3476 953 3546 τῇ
1012 3473 1146 3548 πρὸς
1201 3471 1328 3527 Θεὸν
1368 3472 1646 3547 ἐγγύτητι,
1699 3474 1733 3542 ἢ
1793 3475 1986 3548 ψυχῶν

321 3562 660 3638 προστασίαν
712 3559 954 3631 δέξασθαι
985 3564 1122 3635 (36),
1165 3562 1200 3630 ἢ
1265 3562 1530 3633 μεσιτείαν
1581 3567 1714 3617 Θεοῦ
1758 3563 1845 3616 καὶ
1901 3563 1987 3616 ἀν-

327 3651 566 3726 θρώπων
600 3654 782 3723 (τοῦτο
811 3651 913 3726 γὰρ
945 3647 1076 3712 ἴσως
1106 3650 1134 3704 6
1164 3649 1383 3724 ἱερεὺς),
1417 3649 1516 3704 οὐκ
1562 3649 1798 3727 ἀσφαλὲς
1851 3651 1982 3704 εἶναι

326 3739 606 3816 γινώσκω.

404 3829 518 3905 ᾺΒἈ
555 3826 648 3882 Καὶ
700 3826 820 3890 ὅθεν
865 3827 941 3889 εἷς
987 3831 1145 3882 τοῦτο
1191 3827 1448 3903 ὑπήχθην
1481 3827 1544 3882 τὸ
1577 3824 1697 3890 δέος
1723 3845 1735 3896 ;
1763 3823 1854 3882 ⁴’ίνα
1906 3829 1980 3900 μή

332 3938 406 3993 με
455 3920 553 3971 τοῦ
601 3918 712 3988 (37)
743 3913 958 3978 δέοντος
1009 3913 1314 3993 δειλότερον
1363 3911 1810 3990 ὑπολαμϐάνητε,
1843 3915 1985 3972 ἀλλὰ

401 4020 452 4054 ﬂ
479 4018 690 4073 Thren.
725 4035 811 4088 ιιι,
854 4019 944 4073 28.

2089 3388 2371 3455 quantum
2406 3386 2498 3436 sat
2543 3381 2639 3448 sit,
2685 3383 3035 3454 repurgarit,
3071 3383 3355 3455 longeque
3389 3401 3570 3457 supra
3599 3385 3744 3441 alios

2095 3473 2166 3527 ad
2197 3471 2376 3526 Deum
2414 3469 2916 3542 appropinquarit,
2951 3472 3281 3528 animarum
3316 3491 3516 3530 curam
3548 3481 3603 3530 et
3631 3475 3744 3530 im-

2097 3561 2322 3632 perium
2373 3560 2690 3630 suscipere.
2743 3576 2808 3615 ac
2861 3561 3238 3617 mediatorem
3287 3563 3438 3618 inter
3475 3564 3659 3619 Deum
3688 3570 3745 3620 et

2097 3649 2362 3704 homines
2394 3664 2564 3720 agere
2615 3649 2745 3718 (hoc
2799 3649 2956 3703 enim
3016 3650 3261 3706 fortasse
3310 3653 3581 3708 sacerdos
3633 3658 3742 3724 est)

2095 3738 2336 3792 minime
2355 3742 2548 3791 tutum
2577 3753 2702 3792 esse
2728 3753 2955 3792 censeo.

2167 3826 2325 3881 XCll.
2356 3825 2511 3882 Unde
2533 3830 2726 3880 autem
2751 3826 2810 3879 in
2834 3826 2987 3881 hunc
3018 3833 3238 3882 metum
3270 3828 3543 3884 inductus
3565 3845 3697 3884 sum
3723 3833 3745 3884 Ρ

2094 3931 2166 3970 ne
2201 3930 2290 3968 me
2321 3911 2677 3968 timidiorem
2709 3930 2886 3984 quam
2917 3930 3022 3985 par
3077 3914 3172 3980 sit,
3231 3915 3602 3980 existimetis,
3635 3915 3736 3970 sed

1003 4019 1048 4054 ’3
1096 4019 1310 4074 Thren.
1376 4037 1414 4087 ι,
1472 4022 1561 4074 20.
1624 4021 1670 4054 ²⁴
1699 4019 1873 4074 Mich.
1935 4036 1987 4088 ιι,

2105 4060 2107 4070 ,
2167 4016 2212 4049 ³⁵
2249 4016 2409 4088 Deut.
2471 4015 2771 4088 xxxuhlz').
2802 4014 2879 4088 _9°
2902 4013 3150 4088 _Jerem.
3187 4031 3268 4078 ιιι,
3302 4015 3388 4088 14.
3445 4016 3487 4049 ³⁷
3519 4016 3648 4072 Ose.
3682 4033 3738 4084 Χ,

328 4096 383 4148 1.
423 4091 471 4126 ³⁸
499 4091 712 4146 Jerem.
748 4084 809 4157 ιι,
838 4091 927 4145 21.
963 4092 1009 4126 ²⁹
1037 4091 1250 4147 Jerem.
1282 4109 1362 4156 x1,
1403 4084 1507 4146 16.
1569 4092 1614 4126 ³ο
1673 4092 1825 4146 Psal.
1870 4084 1987 4146 ani

2109 4089 2180 4153 0;
2242 4085 2382 4160 Gen:
2445 4102 2618 4160 xxvu,
2662 4085 2748 4138 39.
2792 4085 2842 4160 ξι
2891 4084 3022 4160 Qse.
3085 4103 3160 4160 ιγ,
3218 4088 3293 4152 7;
3355 4087 3489 4158 Sap.
3543 4105 3596 4152 v,
3651 4089 3740 4144 17.

326 4163 591 4236 ³²ΙΟρικ
653 4179 728 4231 ix,
785 4156 838 4217 2.
898 4163 944 4197 ³³
1005 4163 1025 4218 Ι
1082 4162 1285 4219 Thess.
1346 4179 1407 4234 ιι,
1468 4165 1554 4218 19.
1601 4164 1648 4196 ³⁸
1687 4162 1934 4236 Philipp.
1986 4212 1987 4215 η

2109 4160 2200 4214 21.
2259 4159 2304 4192 ³⁵
2349 4156 2499 4212 Psal.
2548 4173 2737 4222 xxxux,
2787 4156 2840 4210 3.
2893 4157 2937 4190 ³⁵
2985 4157 3138 4212 Psal.
3186 4174 3382 4230 vam,
3413 4156 3467 4214 3.
3501 4160 3543 4194 ³⁷
3573 4160 3741 4216 Rom.

324 4251 437 4299 vn,
468 4234 560 4288 23.

329 4335 566 4405 partem
597 4329 939 4405 tradendam
974 4329 1536 4405 deplorandamque,
1570 4336 1672 4387 aut
1701 4349 1840 4405 sane
1869 4334 1986 4388 tra-

333 4402 566 4467 ditam;
600 4402 814 4474 quippe
837 4402 935 4474 qui
968 4419 1132 4458 num.
1158 4403 1227 4458 83
1248 4402 1392 4458 dixit
1415 4402 1435 4458 Ξ
1461 4427 1488 4453 ‹‹
1516 4404 1828 4460 nonnullos
1861 4408 1986 4459 tau-

335 4481 467 4532 tum
500 4474 581 4529 ita
610 4473 1020 4528 aﬂ'ectosesse.
1061 4495 1086 4522 »

409 4547 525 4616 (22)
556 4544 631 4597 Ta‘i
658 4547 822 4617 νῖοτα.
859 4545 1034 4617 Abest
1057 4544 1123 4598 τά
1154 4563 1187 4600 a
1218 4544 1510 4617 pluribus.

412 4612 530 4688 (23)
590 4612 863 4688 Καλύψας.
927 4639 955 4667 ‹‹
1014 4612 1294 4688 Operiehs
1378 4618 1718 4674 confusione
1785 4617 1986 4673 faciem

337 4687 565 4746 meam.
600 4713 619 4741 ι
655 4687 808 4743 Psal.
843 4704 1034 4757 vam,
1065 4687 1121 4743 8.

414 4760 533 4830 (24)
565 4759 791 4832 Ευνιών.
825 4759 999 4815 Deest
1027 4761 1084 4816 in
1137 4759 1276 4832 Reg.
1327 4777 1378 4816 a.
1436 4761 1496 4815 In
1543 4758 1674 4816 aliis
1707 4759 1999 4832 plerisque

338 4831 848 4888 circumﬂectitur.

417 4903 532 4976 (25)
588 4899 1006 4976 Ἄνατέλλουσα.
1082 4925 1110 4954 ‹‹
1171 4901 1494 4974 Pullulaus,
1552 4903 1910 4976 germinans.
1972 4925 2001 4952 »

344 4973 501 5030 Oliv.
544 4995 569 5026 ι
599 4975 988 5030 eiﬂorescens.
1025 4997 1052 5023 »

424 5045 543 5134 (2'6)
585 5044 879 5122 Ἐστράφη.
942 5045 1024 5102 Ita
1084 5062 1227 5101 mss.
1287 5061 1510 5101 omnes.
1583 5047 1640 5100 In
1714 5046 1805 5104 ed.
1874 5041 2006 5098 eice-

708 5183 967 5266 κάλλους.
1027 5187 1411 5266 Ιιεᾼρῂτὶηυε
1461 5189 1731 5266 codices.
1754 5189 2008 5266 exceptis

351 5256 591 5342 duobus
650 5259 844 5332 Regiis
876 5266 931 5315 et
967 5277 1078 5315 uno
1109 5256 1268 5314 Golb.
1305 5256 1430 5314 Par.
1463 5261 1554 5315 ed.
1587 5256 1682 5313 τοῖ’)
1715 5256 1850 5330 ἐμοῦ
1879 5256 2010 5314 κάλ-

353 5349 510 5387 Λουα

364 5475 373 5476 7
599 5397 812 5458 "Evaov.
874 5401 1036 5474 Regii
1124 5417 1182 5468 u,
1242 5418 1311 5469 x;
1373 5418 1453 5458 0r.

356 5475 548 5619 Θι(29)
593 5543 934 5616 Δίσθησεως.
1004 5544 1180 5617 Regg.
1238 5543 1278 5612 l,
1347 5549 1390 5612 t,
1451 5548 1506 5600 et
1571 5544 1771 5602 Comb.
1823 5543 2012 5613 αἰσθή-

360 5637 521 5675 σεων.

1546 5403 1594 5470 1,
1651 5402 1810 5458 Pass.
1871 5397 2012 5456 aveo-

429 5686 801 5778 (39)‘Toétou
852 5690 1175 5778 aspipopis.
1221 5687 1281 5743 In
1331 5686 1534 5778 Cioisl;
1564 5689 1614 5756 1,
1665 5693 1722 5746 et
1779 5690 1835 5746 in
1897 5705 2014 5746 uno

351 5759 538 5840 Regis
568 5761 804 5838 legitur,
835 5759 933 5816 καῖ
954 5759 1065 5830 τῆς
1084 5759 1232 5815 κάτω
1271 5764 1590 5839 περιφορᾶς.

2171 4329 2282 4399 (31)
2341 4325 2782 4398 Ἐπιχειροῦντος

2102 4402 2352 4470 μοῦντος.

2172 4472 2280 4540 (32)
2310 4470 2414 4537 Τῆς
2444 4464 2610 4527 Θείας.
2645 4467 2737 4523 Sic
2764 4484 2967 4523 omnes
2997 4484 3144 4540 pene
3173 4469 3420 4527 codices.
3456 4473 3542 4529 Ita
3570 4474 3746 4533 etiam

2104 4543 2196 4598 ed.
2231 4547 2359 4596 Bas.
2392 4545 2447 4595 et
2475 4539 2674 4594 Comb.
2710 4539 2880 4595 Deest
2907 4539 3011 4608 τῆς
3034 4541 3092 4596 in
3126 4545 3255 4596 Par.
3289 4543 3381 4598 ed.

2175 4615 2289 4686 (33)
2316 4611 2384 4686 τὸ
2431 4616 2531 4686 τῆς
2581 4612 2786 4686 ψυχῆς.
2843 4612 2925 4668 Ita
2976 4612 3133 4684 Regii
3186 4619 3242 4686 et
3287 4615 3446 4670 Colb.
3495 4617 3744 4686 codices,

2864 4325 3002 4398 Reg.
3080 4343 3137 4396 y,
3227 4328 3284 4382 in
3370 4345 3493 4398 ora,
3568 4328 3753 4385 ἐπιθυ-

2024 4661 2072 4724 D
2103 4661 2779 4772 paiici’ssimislexcieétis,
2801 4699 2894 4772 ‘or.
2928 4685 2977 4751 1,
3177 4684 3269 4740 Sic
3299 4687 3522 4768 'l‘illem.
3553 4661 3749 4772 leget:

2108 4755 2247 4812 dum
2279 4755 2536 4826 conjicit,
2569 4760 2624 4808 et
2656 4755 2856 4810 Comb.
2920 4755 3128 4824 reddit,
3177 4778 3202 4807 α
3233 4758 3440 4812 animae
3493 4755 3748 4818 nobilem

2113 4833 2331 4900 partem
2368 4844 2432 4883 ac
2465 4826 2715 4882 lucidam
2751 4826 3100 4898 paulatim,»
3136 4831 3243 4883 etc.
3277 4830 3454 4885 Abest
3479 4830 3590 4887 τόδ.
3620 4834 3748 4890 Par.

2111 4902 2202 4956 ed.

2183 4971 2294 5095 (ζῆ)
2323 4972 2408 5095 T3};
2440 4967 2636 5023 σκότει.
2672 4969 2733 5024 In
2766 4969 3122 5040 quibusdam
3170 4971 3333 5027 deest
3360 4969 3459 5042 τῷ.
3503 4973 3566 5030 In
3598 4974 3751 5046 aliis,

2183 5064 2229 5095 υ,
2285 5059 2372 5095 em
2407 5059 2494 5095 ur.

2112 5045 2230 5112 τοῦ,
2263 5041 2494 5112 legitur.

2188 5065 2208 5094 J
2265 5059 2314 5096 ie
2358 5059 2494 5096 itur.

2188 5059 2541 5188 (ᾗὸβαίγλης,
2598 5117 2911 5188 Tom;an
2941 5117 3030 5188 et
3062 5129 3346 5188 praesum
3393 5131 3604 5188 corpus
3648 5122 3754 5174 est.

2117 5184 2288 5239 Juvat
2321 5183 2411 5238 hic
2443 5184 2849 5257 observare,ab
2875 5184 3038 5240 initio
3061 5185 3236 5255 hujus
3270 5183 3520 5257 numeri,
3545 5190 3613 5244 ad
3639 5189 3760 5246 haec

2119 5271 2341 5334 usque,_
2361 5257 2557 5334 omnia
2597 5254 3036 5334 Augustinumt
3061 5254 3151 5334 ex,
3175 5258 3364 5313 Rufini
3414 5254 3762 5334 interpreta-

2121 5326 2301 5407 tippe,
2328 5326 2582 5407 intexere
2628 5326 2725 5382 lib.
2772 5334 2960 5407 contra
3006 5329 3211 5407 Julian.
3259 5345 3386 5401 cap.
3434 5333 3488 5407 _32
3523 5326 3588 5388 nf
3613 5337 3667 5399 7,
3703 5352 3760 5407 p.

2117 5400 2460 5477 5306ιῄ1531⁵
2498 5401 2828 5477 lterumque
2853 5399 2950 5454 lib.
2978 5400 3124 5477 iAO-p.
3159 5399 3403 5477 ἱηιρηςιι.
3428 5399 3518 5471 69,
3544 5423 3604 5477 ι).
3633 5399 3762 5474 911;

2123 5487 2190 5527 ac
2221 5470 2418 5548 tertio,
2445 5469 2483 5548 Ι.
2518 5487 2594 5535 νι,
2629 5487 2684 5524 n.
2733 5469 2818 5538 14,
2861 5488 2917 5542 p.
2972 5469 3127 5548 13ft),
3177 5469 3273 5528 ubi
3299 5469 3648 5548 Gregorium
3675 5469 3766 5534 bis

2129 5560 2161 5598 a
2193 5541 2585 5617 selaudatum
2618 5541 3036 5617 commemorat
3063 5541 3451 5617 Augustinus:

2195 5614 2306 5699 (3t?)
2340 5613 2903 5699 aégap'qxi.AQuatuor
2950 5613 3183 5689 Regg.,'
3203 5616 3361 5674 Colb.
3396 5635 3478 5691 m,
3510 5619 3682 5679 Coisl.
3715 5622 3767 5699 1,

2123 5681 2321 5742 Comb.
2357 5681 2720 5753 ἀναδέξασθαι.

2198 5758 2308 5832 (37)
2337 5757 2425 5828 Μή
2463 5775 2530 5832 με
2554 5756 2655 5812 τοὸ
2686 5757 2827 5832 Reg.
2861 5773 2987 5826 un.,
3024 5757 3164 5832 μήτε
3191 5761 3307 5819 τοῦ.
