4184 6202
427 329 546 392 495

1668 322 1730 383 S.
1783 321 2153 383 GREGORII
2198 313 2594 382 THEOLOGl

3716 315 3840 380 196

427 461 740 519 consilium
775 459 970 533 potius
1000 473 1196 513 meum
1231 460 1287 511 et
1315 456 1686 528 prudentiam
1725 471 2073 528 magnOpere

2214 451 2274 507 ναὶ
2333 448 2540 530 σφόδρα
2597 449 2851 520 ξπαινῆτε
3110 452 3213 517 τῆς
3291 447 3634 524 προμηθείας

427 550 704 625 probetis.
742 548 926 604 Audio
957 548 1192 619 quidem
1220 563 1285 600 ex
1308 546 1432 618 ipso
1456 550 1629 615 Mose,
1666 563 1780 617 quo
1811 549 2073 617 tempore

427 646 578 695 Deus
606 638 719 710 ipsi
745 636 980 692 oracula
1001 637 1226 707 edebat,
1253 637 1405 708 quod
1430 653 1563 692 cum
1587 635 1786 706 plures
1809 637 1878 691 ad
1907 652 2070 692 mon-

423 734 542 786 tem
574 727 741 783 acciti
777 726 1046 794 fuissent,
1097 726 1248 781 inter
1296 743 1442 797 quos
1489 730 1681 781 Aaron
1721 726 1896 780 etiam
1929 728 2074 794 erat,

425 817 652 876 duobus
685 815 841 884 filiis,
876 815 1066 887 iisque
1097 815 1520 882 sacerdotibus,
1548 813 1884 881 comitatus,
1907 816 1964 868 et
1993 829 2076 869 se-

425 906 735 979 ptuaginta
756 904 1016 961 seniores
1037 909 1277 960 senatus
1297 904 1362 970 33,
1387 903 1575 960 caeteri
1605 904 1840 975 quidem
1874 919 2077 958 omnes

428 1011 458 1051 e
489 993 811 1067 longinquo
842 994 1083 1048 adorare
1106 992 1260 1064 jussi
1292 997 1449 1063 sunt,
1475 993 1666 1048 Moses
1689 998 1884 1048 autem
1917 991 2077 1048 solus

430 1079 938 1154 appropinquavit,
975 1078 1140 1151 plebs
1197 1097 1328 1135 vero
1387 1079 1562 1135 simul
1622 1097 1737 1136 non
1778 1081 2074 1136 ascendit:

429 1177 712 1244 tanquam
743 1168 1014 1224 videlicet
1043 1185 1158 1224 non
1190 1169 1452 1224 omnium
1485 1173 1640 1224 esset
1667 1169 1736 1224 ad
1770 1170 1952 1225 Deum
1986 1187 2081 1241 ap-

434 1259 850 1332 propinquare,
883 1258 984 1313 sed
1008 1274 1208 1313 eorum
1235 1258 1541 1325 duntaxat,
1565 1257 1664 1328 qui
1689 1259 1784 1313 Dei
1810 1258 2081 1331 gloriam,

435 1348 615 1405 Mosis
646 1348 851 1414 instar,
883 1361 1087 1418 capere
1119 1352 1357 1418 possent
1399 1348 1587 1416 Atque
1607 1346 1782 1402 etiam
1806 1351 1941 1402 ante
1962 1346 2084 1401 bazc

437 1453 570 1492 cum
604 1435 860 1508 primum
893 1433 985 1490 lex
1014 1434 1436 1502 ferretur,alios
1469 1434 1704 1506 quidem
1734 1436 2087 1501 buccinae,et

433 1526 690 1596 fulgura,
723 1529 779 1579 et
808 1524 1086 1592 tonitrua,
1119 1528 1175 1580 et
1203 1523 1390 1596 caligo
1423 1540 1489 1579 ac
1522 1541 1689 1580 mons
1722 1528 1883 1580 totus
1925 1525 2085 1579 fumo

440 1615 852 1683 circumfusus,
885 1617 940 1668 et
985 1613 1286 1668 horrendae
1319 1612 1493 1668 minae
1523 1614 1590 1683 3°,
1623 1614 1798 1669 etiam
1830 1615 1882 1668 si
1913 1614 2088 1669 bestia

439 1711 680 1759 montem
709 1703 970 1774 tetigerit,
1006 1701 1279 1774 lapidibus
1309 1705 1648 1774 apprimetur
1678 1703 1741 1772 ⁵ο,
1777 1706 1951 1774 atque
1989 1701 2086 1757 alii

445 1792 787 1864 hujusmodi
810 1796 1060 1847 terrores
1083 1791 1343 1847 inferiori
1370 1791 1491 1848 loco
1516 1793 1822 1856 sistebant,
1839 1792 2093 1847 abunde-

2187 542 2398 598 ’Λκούω
2451 542 2545 615 μὲν
2595 540 2759 595 αὐτοῦ
2803 538 3039 600 Μωσέως
3087 540 3217 612 (40),
3261 537 3425 607 ἡνίκα
3467 536 3837 614 ἐχρημάτιζεν

2183 631 2328 703 αὖτῷ
2376 633 2403 686 6
2445 631 2596 701 Θεὸς,
2629 629 2735 697 ὅτι,
2765 627 3034 684 πλειόνων
3083 626 3158 690 εἷς
3205 627 3269 682 τὸ
3313 623 3438 702 ὅρος
3487 628 3838 702 προσκεκλη-

2189 720 2384 794 μένων,
2415 722 2486 774 ὧν
2520 723 2596 781 εἴς
2627 721 2691 788 ἦν
2727 719 2814 774 καὶ
2846 719 3055 794 Ἀαρὼν
3085 716 3176 772 σὺν
3209 722 3326 780 τοῖς
3370 717 3524 772 παισὶ
3571 724 3687 780 τοῖς
3739 716 3840 773 δύο

2185 815 2300 871 τοῖς
2352 811 2572 884 ἱερεῦσι,
2612 809 2700 863 καὶ
2753 803 3133 881 ἐϐδομήκοντα
3181 801 3556 882 πρεσϐυτέρων
3601 814 3703 877 τῆς
3745 829 3844 882 γε’

2189 899 2405 973 ρουσίας
2439 900 2572 971 (41),
2610 899 2660 954 οἱ
2726 898 2819 970 μὲν
2879 894 3068 952 λοιποὶ
3123 903 3494 972 προσκυνῆσαι
3553 896 3838 973 πόρῥωθεν

2189 985 2601 1059 ἐκελεύσθησαν,
2645 987 2849 1063 ἐγγίσαι
2901 984 2957 1041 δὲ
3009 992 3213 1055 Μωσῆς
3266 985 3450 1058 μόνος,
3501 984 3563 1040 οὐ
3613 1007 3842 1042 συνανα-

2189 1071 2346 1146 ϐἧναι
2383 1074 2438 1130 δὲ
2469 1076 2496 1129 ὁ
2529 1074 2660 1138 λαὸς
2694 1076 2767 1138 ὡς
2817 1074 2879 1130 οὐ
2930 1074 3141 1130 πάντων
3193 1071 3344 1136 ὄντος
3511 1079 3652 1148 ’Θεοῦ
3698 1077 3844 1150 γενέ-

2192 1178 2310 1229 σθαι
2342 1164 2602 1238 πλησίον,
2636 1164 2782 1234 πλὴν
2824 1163 2876 1219 εἷ’
2915 1187 2998 1226 τις
3045 1165 3179 1218 κατά
3222 1165 3417 1219 Μωσέα
3465 1169 3598 1219 Θεοῦ
3646 1172 3842 1241 χωρῆ-

2193 1276 2278 1309 σαι
2325 1252 2477 1325 δόξαν
2550 1252 2863 1328 δυνάμενος·
2914 1253 3002 1308 καὶ
3061 1249 3138 1308 ἔτι
3183 1253 3288 1328 πρὸ
3335 1253 3541 1308 τούτων
3590 1252 3642 1308 ἐν
3689 1253 3842 1330 ἀρχῇ

2191 1351 2292 1413 τῆς
2350 1342 2694 1417 νομοθεσίας,
2750 1342 2883 1404 τοὺς
2944 1342 3039 1415 μὲν
3113 1341 3313 1404 ἀλλους
3375 1341 3691 1417 σάλπιγγες,
3750 1342 3844 1397 καὶ

2197 1432 2485 1508 ἀστραπαὶ,
2516 1431 2603 1486 καὶ
2658 1432 2900 1507 βρονταὶ,
2947 1431 3035 1486 καὶ
3078 1430 3299 1507 γνόφος,
3332 1431 3423 1485 καὶ
3473 1429 3606 1485 ὅλον
3655 1451 3848 1485 καπνι-

2201 1522 2424 1593 ζὸμενον
2451 1522 2513 1575 τὸ
2563 1515 2712 1594 ὅρος,
2746 1520 2836 1575 καὶ
2885 1519 3104 1576 ἀπειλαὶ
3157 1517 3475 1597 φρικώδεις,
3505 1519 3599 1575 κᾶν
3653 1521 3849 1596 θηρίον

2200 1611 2325 1685 θίγῃ
2369 1615 2464 1664 τοῦ
2513 1609 2695 1686 ὅρους,
2728 1604 3244 1681 λιθοϐοληθήσεται,
3277 1609 3364 1664 καὶ
3424 1607 3566 1665 ἄλλα
3623 1613 3855 1664 τοιαῦτα

2201 1698 2427 1772 δείματα
2469 1698 2597 1770 τίστη
2647 1700 2815 1770 κάτω,
2850 1699 2938 1754 καὶ
2993 1698 3128 1774 μέγα
3176 1699 3242 1768 ἦν
3292 1699 3498 1767 αὐτοῖς,
3529 1699 3698 1770 μόνης
3733 1701 3851 1768 (43)

2203 1789 2421 1843 ἀκοῦσαι
2461 1795 2562 1858 τῆς
2592 1793 2688 1843 τοῦ
2727 1791 2860 1843 Θεοῦ
2908 1794 3112 1865 φωνῆς,
3146 1785 3201 1841 εὖ
3253 1785 3401 1859 μάλα
3443 1787 3848 1861 ἀγνισαμένοις·

446 1841 787 1864 ,ηδ----ην
817 1841 917 1847 η--
937 1841 1059 1846 --η
1086 1841 1343 1847 ----------
1370 1841 1489 1848 ---ν
1517 1841 2065 1856 --πη----μηπη

446 1899 561 1953 que
593 1881 856 1953 amplum
889 1879 1033 1953 ipsis
1055 1883 1178 1936 erat
1199 1881 1285 1936 vel
1311 1880 1494 1937 solam
1522 1882 1618 1937 Dei
1641 1897 1840 1936 vocem
1868 1881 2090 1952 audire,

2476 1841 2560 1858 ην
2920 1841 2982 1865 ιν
3253 1841 3262 1859 .
3491 1841 3501 1861 .
3580 1841 3651 1861 η.
3808 1841 3823 1848 -

2214 1885 2406 1946 Μωσῆς
2456 1875 2513 1932 δὲ
2557 1879 2646 1932 καὶ
2687 1876 2873 1946 ἄνεισι,
2900 1878 2990 1931 καὶ
3036 1883 3136 1946 τῆς
3186 1875 3417 1955 νεφέλης
3471 1874 3598 1932 εἷ’σω
3645 1882 3850 1952 χωρεῖ,

449 1973 627 2042 idque
658 1987 789 2026 cum
827 1970 1090 2042 apprime
1129 1969 1354 2042 seipsos
1403 1970 1852 2043 puriﬁcassent:
1906 1971 2096 2026 Moses

445 2064 639 2115 autem
673 2067 728 2114 et
757 2059 1041 2126 ascendit,
1073 2063 1132 2114 et
1164 2059 1379 2114 nubem
1412 2059 1828 2133 ingreditur“,
1852 2063 1908 2115 et
1936 2058 2096 2132 leges

443 2163 509 2202 ac
531 2146 762 2202 tabulas
783 2146 1027 2218 accipit:
1054 2147 1226 2218 vulgo
1248 2147 1505 2218 quidem,
1530 2147 1735 2203 litterae
1763 2167 1776 2216 ;
1803 2149 1875 2204 iis
1897 2151 2094 2203 autem

445 2235 546 2308 qui
577 2252 757 2307 supra
784 2234 996 2307 vulgus
1025 2239 1364 2308 assurgunt,
1398 2236 1640 2308 spiritus
1668 2238 1734 2292 ⁴³.

512 2325 702 2381 XCIII.
735 2323 921 2380 Audio
953 2324 1093 2380 item
1125 2325 1194 2380 de
1225 2325 1425 2381 Nadab
1447 2330 1506 2382 et
1527 2326 1739 2394 Abiud,
1771 2327 1926 2400 quod
1959 2342 2093 2382 cum

449 2413 641 2470 solum
665 2413 851 2469 alieno
878 2413 1008 2485 igne
1031 2412 1203 2468 thura
1228 2414 1636 2480 adolevissent,
1654 2414 1841 2471 alieno
1863 2431 2095 2487 quoque

449 2505 582 2577 igne
614 2503 903 2576 assumpti
935 2502 1145 2559 fuerint
1177 2505 1243 2570 ‘3,
1276 2520 1377 2576 per
1408 2505 1463 2559 id
1498 2505 1799 2575 nimirum,
1833 2523 1948 2577 quo
1983 2506 2092 2560 im-

454 2595 616 2666 pium
651 2594 875 2650 facinus
907 2594 1008 2650 56
1041 2597 1463 2665 perpelrarant,
1495 2594 1707 2666 puniti,
1736 2600 1910 2668 atque
1941 2595 2094 2650 idem

449 2683 607 2739 exitii
665 2684 818 2756 quod
860 2687 917 2739 et
957 2683 1295 2754 impietatis,
1332 2687 1562 2756 tempus
1595 2700 1659 2738 ac
1693 2683 1881 2738 locum
1916 2685 2091 2740 nacti.

448 2778 529 2829 Ae
559 2788 631 2829 ne
659 2777 821 2845 pater
845 2772 1084 2845 quidem
1131 2775 1340 2843 Aaron,
1375 2773 1473 2844 qui
1508 2773 1833 2828 secundum
1874 2773 2094 2829 Mosem

447 2864 670 2936 primas
701 2863 856 2934 apud
889 2862 1072 2916 Deum
1100 2860 1419 2927 obtinebat,
1451 2861 1625 2917 saluti
1657 2861 1802 2934 ipsis
1834 2880 1962 2918 esse
1993 2881 2094 2935 po-

451 2952 582 3006 tuit.
616 2952 765 3018 Quin
793 2950 932 3006 illud
968 2954 1331 3024 compertum
1365 2951 1646 3018 habeo,et
1675 2951 1797 3008 Heli
1830 2955 2096 3008 sacerdo-

448 3049 588 3108 tem,
607 3045 662 3096 et
680 3040 994 3113 aliquando
1014 3045 1214 3113 postea
1236 3038 1408 3095 Ozam
1433 3066 1446 3109 ;
1471 3040 1634 3095 illum
1660 3041 1897 3112 quidem
1920 3041 2097 3098 scele-

451 3130 530 3185 ris
553 3129 828 3196 filiorum,
849 3129 1004 3200 quod
1027 3130 1305 3184 adversus
1326 3129 1614 3185 sacrificia
1633 3130 2095 3196 committebant,

2203 1968 2290 2022 καὶ
2322 1969 2714 2040 νομοθετεῖται,
2745 1965 2835 2021 καὶ
2867 1963 3081 2041 δέχεται
3131 1964 3365 2028 πλάκας·
3397 1971 3513 2028 τοῖς
3563 1967 3656 2039 μὲν
3702 1965 3851 2022 ’πολ⁶

2204 2057 2324 2118 λοῖς
2352 2057 2445 2118 τὰς
2477 2061 2572 2111 τοῦ
2607 2053 2947 2132 γράμματος,
2978 2061 3097 2118 τοῖς
3147 2053 3204 2110 δὲ
3253 2055 3384 2131 ὑπὲρ
3421 2055 3551 2118 τοὺς
3599 2052 3853 2117 πολλοὺς

2201 2146 2296 2209 τὰς
2327 2149 2422 2200 τοῦ
2453 2145 2781 2219 πνεύματος.

2277 2323 2386 2400 ιγ’.
2419 2323 2626 2382 Ἀκούω
2659 2321 2715 2378 δέ
2745 2319 2928 2378 Ναδᾶϐ
2977 2324 3066 2378 καὶ
3117 2317 3360 2393 Ἀϐιοὺδ,
3394 2319 3498 2395 ὅτι,
3533 2324 3665 2396 ξένῳ
3720 2321 3856 2399 πυρὶ

2203 2412 2555 2486 θυμιάσαντες
2609 2412 2794 2485 μόνον,
2846 2411 2978 2485 ξένῳ
3031 2414 3142 2488 (44)
3188 2413 3278 2466 καὶ
3338 2410 3698 2484 ἀνηλώθησαν
3762 2433 3859 2466 κο-

2204 2501 2483 2564 λασθέντες
2543 2500 2610 2557 δι’
2658 2504 2730 2556 ὦν
2783 2497 3075 2571 ἠσέϐησαν,
3117 2502 3206 2556 καὶ
3253 2501 3345 2556 τὸν
3398 2500 3557 2556 αὐτὸν
3605 2501 3856 2576 εὑρόντες

2201 2600 2303 2661 τῆς
2335 2591 2634 2659 ἀπωλείας,
2666 2593 2724 2646 ’ὀν
2767 2591 2855 2646 καὶ
2904 2598 3002 2662 τῆς
3053 2587 3295 2653 ἀσεϐείας
3326 2591 3513 2666 καιρὸν
3542 2591 3630 2646 καὶ
3659 2590 3852 2645 τόπονο

2203 2681 2290 2735 καὶ
2333 2679 2457 2736 οὐδὲ
2494 2682 2698 2753 Ἀαρὼν
2729 2679 2923 2756 ἤρκεσε
2972 2681 3106 2755 πρὸς
3156 2682 3425 2757 σωτηρίαν
3471 2680 3653 2742 αὐτοῖς
3686 2681 3714 2733 ὁ
3747 2700 3856 2733 πα-

2202 2773 2328 2846 τὴρ,
2363 2771 2390 2824 ὁ
2425 2769 2662 2833 Μωσέως
2710 2770 2855 2846 παρὰ
2885 2769 3000 2842 Θεῷ
3045 2768 3313 2844 δεύτερος.
3351 2771 3600 2825 Γινώσκω
3648 2766 3704 2823 δὲ
3750 2769 3854 2822 καὶ

2201 2858 2349 2915 Ἠλεὶ
2381 2862 2493 2931 (45)
2522 2861 2613 2914 τὸν
2661 2858 2825 2934 ἱερέα,
2876 2859 2963 2914 καὶ
3017 2859 3206 2936 μικρὸν
3258 2858 3476 2936 ὕστερον
3528 2860 3704 2927 Ὀζᾰν,
3751 2859 3854 2913 τὸν

2209 2949 2301 3020 μὲν
2365 2948 2496 3023 ὑπὲρ
2552 2951 2650 3017 τῆς
2705 2952 2811 3002 τῶν
2870 2945 3078 3002 παίδων
3120 2948 3457 3022 παρανομίας
3492 2947 3860 3017 ἀπαιτηθέντα

2207 3035 2385 3109 δίκην,
2417 3038 2477 3105 ἢν
2511 3035 2760 3110 ἐτόλμων
2795 3038 2929 3091 κατᾶ
2959 3041 3061 3091 τῶν
3105 3038 3298 3091 θυσιῶν
3349 3037 3454 3113 πρὸ
3503 3041 3694 3108 καιροῦ
3739 3041 3854 3091 τῶν

2209 3122 2454 3196 λεϐήτων
2501 3126 2875 3201 ἀπαρχόμενοι
2922 3129 3055 3198 (46),
3088 3126 3177 3180 καὶ
3225 3130 3391 3180 ταῦτα
3439 3125 3538 3180 οὐκ
3578 3122 3860 3201 ἀποδεχό-

449 3218 596 3274 ollas
627 3223 762 3273 ante
780 3223 1014 3290 tempus
1035 3217 1380 3289 delibantes,
1405 3235 1606 3290 poenas
1627 3218 1992 3290 pependisse,
2015 3220 2093 3274 id-

2215 3236 2371 3289 μενον
2405 3215 2578 3270 αὐτῶν
2623 3217 2720 3284 τὴν
2754 3211 3020 3287 ἀσέϐειαν,
3055 3213 3201 3270 ἀλλά
3231 3213 3414 3270 πολλά
3443 3218 3555 3289 (47)
3584 3213 3862 3278 πολλάκις

454 3323 567 3378 que
588 3323 719 3362 cum
744 3323 944 3363 eorum
965 3306 1327 3379 impietatem
1352 3325 1466 3362 non
1485 3307 1656 3363 modo
1677 3325 1789 3363 non
1810 3309 2102 3379 probaret,

454 3397 554 3450 sed
579 3396 753 3451 etiam
778 3413 1033 3467 persaepe
1055 3397 1212 3468 ipsos
1235 3395 1607 3469 objurgasset
1627 3398 1671 3430 “
1695 3416 1706 3452 :
1729 3397 1884 3452 hunc
1907 3403 2100 3454 autem

457 3486 613 3558 quod
646 3501 840 3541 arcam
873 3501 906 3540 a
934 3487 1076 3541 bove
1105 3485 1446 3541 distractam
1478 3487 1886 3542 tantummodo
1917 3488 2101 3543 conti-

459 3576 662 3647 gisset,
687 3591 812 3631 eam
836 3575 1074 3647 quidem
1097 3591 1382 3645 servasse,
1408 3574 1600 3646 ipsum
1624 3579 1819 3631 autem
1841 3575 2102 3647 periisse,

457 3666 573 3720 Deo
599 3664 882 3720 nimirum
941 3663 1048 3720 hac
1104 3665 1326 3720 ratione
1382 3680 1530 3719 arcae
1587 3681 1704 3719 suae
1751 3665 2105 3722 venerationi

461 3752 804 3810 consulente
834 3755 898 3808 ‘5.

533 3843 715 3900 XCIV.
753 3843 900 3899 Illud
930 3843 1171 3915 insuper
1217 3842 1356 3910 scio,
1408 3859 1477 3898 ne
1525 3859 1831 3914 corporum
1867 3845 2104 3916 quidem

460 3932 620 3989 labes
652 3933 710 3988 in
742 3932 1163 3998 sacerdotibus,
1195 3936 1296 3987 aut
1323 3931 1644 4001 sacrificiis,
1669 3950 1701 3987 a
1721 3949 1967 3990 censura
1995 3935 2104 3989 im-

465 4039 674 4078 munes
696 4021 1217 4089 exstitisse,verum
1239 4020 1467 4093 legibus
1490 4020 1568 4076 ita
1615 4023 1904 4079 sancitum
1926 4024 2106 4081 fuisse

467 4116 528 4164 ut
559 4113 793 4181 perfecti
824 4112 1077 4182 perfecta
1125 4111 1401 4166 olferrent
1431 4112 1493 4180 ⁴⁶,
1528 4111 1599 4166 ad
1633 4113 2102 4184 significandam,

467 4203 528 4252 ut
551 4199 774 4270 Opinor,
808 4201 1016 4255 animas
1049 4200 1463 4271 integritatem.
1523 4203 1638 4256 Nec
1687 4202 2104 4257 sacerdotalem

461 4288 695 4357 stolam,
727 4292 828 4343 aut
855 4305 955 4344 vas
985 4288 1220 4360 aliquod
1251 4304 1482 4343 sacrum
1513 4287 1693 4343 cuivis
1725 4289 2007 4362 attingere
2039 4289 2104 4344 li-

463 4377 676 4431 cuisse.
708 4375 822 4432 Nec
852 4375 1136 4432 sacriﬁcia
1167 4376 1296 4448 ipsa
1351 4393 1386 4432 a
1442 4377 1680 4447 quibus,
1712 4381 1768 4432 et
1813 4395 1927 4449 quo
1959 4382 2104 4435 tem-

2215 3305 2632 3377 ἐπιτιμήσαντα·
2686 3304 2776 3358 τὸν
2848 3301 2924 3372 δὲ,
2985 3304 3088 3375 ὅτι,
3164 3304 3367 3378 ψαύσας
3441 3311 3541 3373 τῆς
3617 3299 3865 3359 κιϐωτοῦ

2218 3394 2373 3467 μένον
2424 3393 2870 3470 περισπασθείσης
2897 3395 3008 3466 (48)
3041 3394 3141 3447 ὑπὸ
3192 3398 3287 3448 τοῦ
3339 3394 3571 3468 μόσχου,
3612 3395 3711 3462 τὴν
3760 3395 3864 3465 μὲν

2214 3483 2605 3559 περιεσώσατο,
2668 3481 2828 3544 αὐτὸς
2891 3480 2948 3536 δὲ
3001 3482 3277 3552 ἀπώλετο,
3327 3480 3690 3562 φυλάσσοντος
3757 3487 3866 3537 τοῦ

2216 3577 2349 3628 Θεοῦ
2377 3576 2444 3646 τῇ
2474 3566 2694 3645 κιϐωτῷ
2723 3572 2785 3626 τὸ
2817 3567 3131 3645 σεϐάσμιον.

2289 3836 2546 3917 (Δεοιδα
2566 3836 2612 3893 δ’
2634 3837 2803 3915 ἔγωγε
2836 3836 2977 3911 μηδὲ
3004 3838 3130 3894 τοὺς
3163 3839 3212 3895 ἒν
3241 3844 3355 3902 τοῖς
3389 3841 3597 3912 σώμασι
3634 3841 3874 3912 μώμου(

2218 3935 2324 3985 τῶν
2371 3929 2580 4005 ἱερέων,
2621 3929 2655 3997 ἢ
2700 3933 2804 3983 τῶν
2851 3930 3104 4002 θυμάτων
3155 3929 3526 4000 ἀνεξετάστως
3581 3929 3874 4003 μένοντας,

2218 4017 2363 4074 ἀλλά
2391 4016 2634 4080 τελείους
2664 4015 2847 4072 τέλεια
2876 4019 3166 4092 προσάγειν
3197 4019 3710 4094 (49)νενομισμένον
3727 4021 3876 4093 (50),

2220 4102 2522 4180 σύμϐολον,
2559 4108 2734 4180 οἶμαι,
2765 4111 2926 4162 τοῦτο
2955 4114 3056 4177 τῆς
3102 4109 3238 4163 κατὰ
3285 4110 3469 4182 ψυχὴν
3517 4107 3873 4184 ἀρτιότητος·

2222 4195 2364 4271 μηδὲ
2419 4194 2620 4264 στολῆς
2678 4201 2777 4266 τῆς
2853 4196 3153 4271 ἱερατικῆς,
3200 4195 3237 4266 ἢ
3295 4195 3518 4258 σκεύους
3569 4197 3714 4258 τινὸς
3757 4201 3879 4252 τῶν

2221 4286 2384 4364 ἁγίων
2444 4284 2630 4359 ψαύειν
2691 4285 2849 4339 παντῖ
2917 4286 3132 4359 θεμιτὸν
3191 4283 3274 4342 ἔν’
3338 4283 3480 4359 μηδὲ
3533 4285 3626 4348 τάς
3685 4286 3880 4349 θυσίας

2221 4375 2405 4446 αὐτὰς,
2437 4375 2521 4452 ὑφ’
2553 4375 2645 4446 ὧν,
2677 4375 2767 4429 καὶ
2825 4373 2935 4444 ὅτε,
2965 4375 3053 4430 καὶ
3109 4375 3169 4430 οὗ
3222 4376 3298 4448 μὴ
3340 4378 3452 4450 (51)
3498 4381 3734 4444 καθῆκον
3776 4377 3876 4443 ἦν,

535 4477 578 4510 ³⁸
613 4475 787 4530 Exod.
823 4491 969 4543 xx1v,
1022 4476 1136 4528 1-9.
1194 4474 1238 4508 ³⁹
1291 4474 1464 4528 Exod.
1523 4490 1637 4542 xxx,
1703 4475 1806 4542 16;
1861 4475 2029 4531 Hebr.
2091 4527 2093 4532 .

2255 4478 2337 4531 18.
2398 4475 2442 4509 ‘9
2491 4474 2667 4528 Exod.
2726 4490 2842 4543 xix,
2876 4475 2962 4542 12,
2999 4475 3098 4540 13;
3145 4475 3317 4531 Hebr.
3349 4492 3452 4539 xu,
3481 4475 3571 4528 20.
3603 4475 3648 4510 ⁴¹
3684 4473 3871 4530 Exod.

467 4564 618 4618 xxiv,
678 4548 864 4602 15-18.
923 4547 967 4619 ⁸2
1020 4550 1070 4598 lI
1127 4545 1266 4619 Cor.
1313 4561 1397 4610 ιιι,
1454 4545 1680 4619 6-8._“
1735 4545 1865 4603 Lev.
1922 4564 1977 4614 x,
2041 4550 2091 4619 1,

463 4620 507 4653 ⁴⁶
541 4615 718 4674 Levit.
751 4635 867 4684 XXI,
903 4618 1006 4683 17;
1041 4633 1175 4682 χχιι,
1208 4616 1274 4670 18
1305 4623 1362 4671 et
1393 4631 1514 4686 seq.
1543 4633 1555 4681 ;
1591 4615 1754 4671 Deut.
1787 4635 1944 4686 xvui,
1972 4621 2056 4674 13.

535 4719 648 4785 (38)
676 4715 984 4783 Ἐπαινῆτε.
1017 4714 1162 4781 Jes.,
1189 4712 1346 4769 Colb.
1382 4729 1462 4776 ω,
1495 4709 1777 4768 ἐπαινεῖτε.

536 4785 1046 4862 (39)-11ρομηθε-ίας.
1081 4787 1176 4840 Or.
1213 4787 1261 4852 1,
1304 4786 1532 4862 e_t__duo
1586 4785 1723 4862 Reg.
1778 4787 2107 4862 προθυμίας,

465 4855 739 4935 Ῑιιξϐοῇειξ
769 4855 819 4925 1,
853 4855 1100 4935 aliisque
1132 4855 1456 4935 nonnullis,
1487 4855 1769 4935 sequitur,
2021 4859 2110 4935 καί

464 4930 600 5004 πρὸς
632 4930 849 5004 ὑμᾶς,‹‹
869 4928 1128 5004 indicare
1157 4929 1325 5004 vobis
1355 4928 1554 5004 debeo.
1583 4950 1618 5004 ξι
1642 4928 1920 5001 Agnoscit
1951 4933 2108 4988 Ruti-

466 4999 600 5068 niis,
636 4999 841 5074 recipit
871 5002 1090 5066 Comb.,
1127 5000 1350 5072 respuit
1369 4999 1717 5074 Gabrielius;

538 5078 644 5146 (10)
678 5071 951 5146 Μωσέως..
978 5074 1117 5128 Mss.
1153 5071 1409 5138 Μωσῆς,
1441 5077 1497 5146 et
1525 5071 1818 5146 Μωυσέως.

539 5139 648 5217 (41)
681 5139 1221 5218 Πρεσϐυτὲρωνμτῆς
1278 5141 1583 5218 γερουσίας.
1645 5145 1806 5216 LXX,
1871 5146 2109 5201 «Senes

467 5221 536 5275 de
565 5216 926 5284 senioribus;
958 5216 990 5267 ὠ
1021 5216 1163 5284 Oliv.
1198 5240 1225 5265 α
1259 5216 1302 5270 e‘
1320 5217 1556 5271 Senatu.
1587 5237 1614 5264 »

537 5291 647 5362 (42)
707 5286 784 5344 Οὖ
829 5281 1066 5362 πάντων-
1097 5281 1269 5362 ὄντος.
1306 5287 1553 5362 Regna,
1613 5284 1675 5339 οὐ
1731 5286 1944 5362 πάντων
1980 5283 2107 5340 οἵων

467 5355 817 5433 ὄντων’Θεοῦ.
854 5361 992 5433 Reg.
1053 5359 1094 5424 l,
1151 5359 1348 5433 πάντας
1393 5355 1514 5411 οἶόν
1571 5375 1631 5433 τε
1687 5362 1840 5433 Θεοῦ.
1891 5360 2030 5432 Reg.
2067 5364 2108 5426 t,

471 5435 685 5504 pariter
712 5432 903 5504 prima
941 5430 1158 5504 manu,
1217 5435 1273 5486 et
1326 5430 1384 5504 i_n
1436 5431 1697 5504 margine
1747 5430 1859 5484 οἷόν
1890 5430 2109 5486 refSe-

466 5499 658 5560 eunda
686 5499 820 5560 v'ero
851 5521 1027 5559 manu
1061 5499 1189 5574 o’iwy
1220 5520 1297 5556 τε.
1332 5501 1471 5574 Reg.
1505 5499 1755 5571 εζδντως
1787 5505 1942 5557 Θεοῦ.

531 5578 646 5646 (43)
676 5575 878 5646 Μάνης.
909 5577 1052 5633 Tres
1082 5573 1242 5646 Colb.
1281 5571 1486 5645 μόνοῖς.

537 5642 649 5737 ιιι)
678 5642 1040 5737 sese.
1059 5663 1112 5716 ειν
1146 5642 1327 5737 ξίν-φῖ·

535 5717 644 5816 (45)
679 5721 773 5779 Καὶ
806 5717 982 5807 illst.
1023 5724 1083 5807 in
1141 5719 1411 5805 pluribus
1469 5717 1632 5778 deest
1661 5717 1769 5775 καί.
1809 5718 1945 5795 Reg.
1983 5719 2103 5777 bm.

2185 4591 2198 4605 .
2259 4549 2305 4581 “
2361 4548 2381 4601 Ι
2439 4545 2577 4618 Reg.
2640 4562 2702 4611 ιι,
2765 4547 2851 4612 12,
2910 4546 3001 4617 ill,
3053 4547 3123 4601 23

3201 4548 3245 4581 ⁴⁶
3301 4545 3351 4602 ΙΙ
3417 4545 3556 4618 Reg.
3616 4563 3691 4614 γι,
3740 4546 3876 4600 6-8.

2141 4723 2186 4787 D
2221 4734 2270 4784 r,
2303 4711 2361 4768 δὲ
2391 4710 2536 4787 Ἡλί.
2570 4713 2745 4787 Gabr.
2775 4711 2903 4769 Ἥλε

2293 4784 2873 4869 (16)ιξΑπαρχόμενοι.η
2896 4787 3035 4859 Reg.
3078 4804 3126 4855 r,
3179 4784 3496 4859 ἁπτόμενοι.
3530 4807 3560 4836 ‹‹
3588 4785 3875 4844 Carnium

2221 4863 2529 4931 primitias
2547 4863 2964 4931 praeripientes.
3001 4882 3026 4906 ››

2295 4875 2514 4914 immas
2587 4875 2964 4928 raripientes.
3001 4882 3026 4906 ››

2292 4875 2642 5000 (47)Πολλά.
2708 4929 2879 5002 Deest
2941 4931 2996 4984 in
3059 4930 3238 5002 Regg.
3299 4935 3448 5002 r,_t,
3493 4927 3612 5002 Jes.
3673 4931 3876 5002 etsed.

2219 4994 2350 5057 Bas.
2389 4994 2552 5074 Reg.
2614 5017 2746 5056 vero
2803 5001 2842 5072 1,
2902 5007 2960 5056 et
3017 4994 3214 5058 Commi)“.
3274 4997 3460 5055 πολλᾶ
3510 4999 3600 5053 καὶ
3658 4994 3878 5054 πολλοὶ-

2217 5093 2398 5218 χι(48)
2431 5141 2912 5216 ΙΙερισπασθείσης.
2976 5144 3116 5216 Reg.
3172 5143 3211 5210 l,
3270 5147 3326 5199 et
3381 5143 3580 5200 Comb.
3614 5161 3876 5218 περιτρα-

2218 5215 2750 5359 πεὲἷέῗθῃοσάγειν.
2771 5284 2865 5359 Sic
2888 5285 3048 5356 Regii
3078 5286 3370 5352 undecim,
3393 5286 3700 5359 caeterique
3723 5300 3878 5358 pene

2219 5357 2423 5443 omnes
2453 5357 2743 5414 ceddylta
2772 5358 2950 5414 etiam
2982 5359 3142 5414 Pass.
3175 5364 3284 5415 etc.
3318 5360 3383 5415 lu
3413 5359 3506 5414 ed.
3534 5357 3660 5414 Par.
3694 5357 3880 5431 προσ-

2219 5450 2873 5574 αγῗέὃ)ν.Νενομισμένον.
2941 5520 2963 5551 ι
3017 5501 3342 5557 Sancitum.
3380 5523 3409 5551 »ι
3454 5499 3680 5568 Billius,
3715 5517 3881 5560 com-

2221 5578 2527 5647 paratum._
2546 5594 2573 5622 ››

2292 5646 2401 5718 (51)
2435 5641 2533 5697 καὶ
2565 5641 2627 5718 °'5_
2661 5643 2781 5718 tui;
2820 5643 2910 5698 δίο
2962 5660 3115 5718 ωδε,
3170 5660 3397 5718 omnes,
3447 5644 3693 5718 ipsaque
3739 5645 3878 5712 Bilii

2221 5713 2407 5775 vei-sio
2437 5713 2714 5794 postulat.
2748 5713 2873 5775 Par.
2909 5716 2999 5775 ed.
3033 5714 3119 5772 καὶ
3152 5715 3214 5772 οὐ
3249 5716 3349 5796 μή.
