4184 6202
349 407 468 468 497

1489 405 1782 468 ORATIO
1827 405 1904 467 ΙΙ.
1937 438 2014 450 -
2043 402 2586 469 APOLOGETICA

3641 401 3761 465 498

352 535 750 601 ἀναλίσκεσθαι·
790 531 929 610 μηδὲ
975 535 1035 590 τὸ
1082 531 1264 590 ἓλαιον
1297 534 1690 609 ἀπομιμεῖσθαι
1722 543 1822 606 τῆς
1873 534 1992 612 χρί-

2117 554 2256 610 pore
2285 554 2350 594 ac
2367 537 2492 594 loco
2517 537 2760 594 minime
2776 535 3173 604 conveniebat,
3190 549 3534 592 consumere
3550 535 3626 591 ‘7;
3656 553 3760 594 nec

348 647 510 696 σεως,
548 624 690 699 μηδὲ
720 626 782 680 τὸ
810 624 1056 699 θυμίαμα
1104 631 1203 694 τῆς
1253 624 1568 687 συνθέσεως’
1614 625 1755 698 μηδὲ
1784 627 1896 699 (52)
1925 624 2002 688 εἷς

345 719 410 770 τὸ
442 717 587 792 ἱερὸν
623 715 864 784 εἰσιέναι,
899 713 1044 776 ὅστις
1073 715 1108 783 ἢ
1141 715 1325 790 ψυχὴν
1357 715 1391 782 ἢ
1427 719 1583 788 σῶμα
1632 713 1698 768 οὐ
1745 715 1999 790 καθαρὸς,

353 805 519 880 μέχρι
551 805 640 858 καὶ
690 808 799 858 τῶν
855 803 1213 876 μικροτάτων·
1265 802 1526 858 τοσούτου
1578 801 1659 858 δεῖ
1688 806 1797 876 (53)
1829 803 1904 865 εἷς
1935 803 2002 857 τά

346 895 479 967 ἅγια
528 896 635 947 τῶν
691 891 863 967 ἁγίων
913 897 1242 970 προσφοιτῷι
1291 892 1620 968 θαρροῦντα,
1671 894 1744 946 ὧν
1790 891 1860 946 ἐνὶ
1909 891 1998 946 καὶ

345 983 485 1053 ἅπαξ
517 978 613 1036 τοῦ
663 979 908 1035 ἐνιαυτοῦ
956 981 1118 1052 μόνον
1171 976 1422 1035 ἐπιϐατὸν
1470 983 1553 1050 ἧν·
1611 979 1873 1034 τοσούτου
1919 977 2002 1034 δεῖ

343 1071 406 1125 τὸ
438 1069 843 1143 καταπέτασμα,
875 1071 910 1138 ἢ
943 1069 1004 1122 τὸ
1055 1069 1394 1145 ἱλαστήριον,
1444 1069 1479 1138 ἢ
1531 1070 1631 1137 τήν
1672 1063 1928 1142 κιϐωτὸν,
1961 1070 1994 1138 ἢ

340 1161 410 1216 τά
469 1154 767 1235 χερουϐἰμ,
826 1160 859 1226 ἢ
911 1153 1275 1232 προσϐλέπειν
1337 1161 1448 1232 (54)
1505 1158 1637 1212 εἶναι
1696 1159 1920 1231 παντὸς,
1964 1160 1997 1225 ἣ

343 1250 771 1325 προσάπτεσθαι.
1781 1234 1787 1243 ⁸

414 1430 510 1506 ιβ’
559 1432 732 1482 Ταῦτα
786 1425 877 1482 οὖν
925 1425 1086 1489 εἰδὼς
1135 1427 1244 1504 ἐγὼ
1273 1469 1287 1496 ,
1336 1427 1427 1482 καὶ
1477 1449 1560 1482 οτι
1613 1425 1803 1500 μηδεις
1851 1426 1997 1498 ἄξιος

339 1523 438 1574 τοῦ
474 1517 718 1592 μεγάλου
749 1517 836 1571 καὶ
877 1520 1010 1571 Θεοῦ
1055 1518 1188 1589 (55),
1237 1516 1326 1570 καὶ
1375 1516 1636 1589 θύματος,
1687 1517 1775 1570 καὶ
1806 1516 1994 1592 ἀρχιε-

343 1609 507 1684 ρέως,
541 1606 686 1668 ὅστις
724 1607 800 1678 μὴ
851 1605 1114 1682 πρότερον
1162 1607 1346 1660 ἑαυτὸν
1406 1607 1707 1682 παρέστησε
1752 1609 1830 1677 τῷ
1878 1610 1993 1677 Θεῷ

340 1697 525 1752 θυσίαν
560 1702 752 1765 ζῶσαν,
787 1695 940 1770 ἁγίαν
993 1697 1127 1766 (56),
1164 1692 1304 1767 μηδὲ
1345 1697 1442 1765 τήν
1482 1694 1711 1770 λογικὴν
1745 1693 1995 1771 λατρείαν

339 1785 626 1858 εὐάρεστον
693 1781 1047 1854 ἐπεδείξατο,
1110 1781 1250 1856 μηδὲ
1309 1782 1459 1838 ἔθυσε
1513 1789 1590 1856 τῷ
1644 1789 1760 1856 Θεῷ
1809 1783 1991 1838 Θυσίαν

338 1874 594 1935 αἰνέσεως
650 1873 740 1928 καὶ
797 1876 1006 1946 πνεῦμα
1063 1875 1510 1948 συντετριμμένον
1547 1917 1560 1942 ,
1621 1875 1681 1941 ἢν
1746 1872 1904 1945 μόνον
1965 1873 1992 1926 ὁ

341 1965 518 2017 πάντα
549 1959 675 2024 δοὺς
709 1961 925 2016 ἀπαιτεῖ
965 1963 1092 2037 παρ’
1140 1963 1300 2032 ἡμῶν
1356 1961 1559 2029 θυσίαν,
1591 1966 1706 2023 πῶς
1756 1959 1990 2034 ἔμελλον

338 2051 610 2127 θαρρῆσαι
687 2053 1008 2128 προσφέρειν
1083 2050 1228 2122 αύτῷ
1278 2060 1378 2118 τήν
1434 2047 1623 2120 ἔξωθεν
1659 2097 1672 2122 ,
1731 2051 1828 2118 τήν
1888 2055 1994 2104 τῶν

347 2139 601 2216 μεγάλων
661 2139 972 2214 μυστηρίων
1026 2139 1313 2193 ἀντίτυπον
1364 2142 1496 2212 (57)⁶
1550 2142 1584 2209 ἢ
1646 2145 1762 2200 πῶς
1804 2139 1992 2214 ἱερέως

344 2236 542 2305 σχῆμα
574 2231 686 2301 (58)
718 2228 806 2282 καὶ
839 2223 1014 2300 ὄνομα
1063 2225 1408 2298 ὑποδύεσθαι,
1441 2227 1566 2303 πρὶν
1612 2227 1783 2289 ὁσίοις
1815 2227 1992 2304 ἔργοις

340 2317 632 2373 τελειῶσαι
663 2320 760 2378 τὰς
791 2323 980 2392 χεῖρας
1014 2337 1026 2385 ;
1060 2317 1184 2390 πρὶν
1215 2316 1302 2370 τὸν
1338 2315 1619 2394 ὀφθαλμὸν
1650 2315 1817 2379 ἐθίσαι
1866 2315 1992 2392 βλέ-

340 2429 458 2461 πειν
491 2407 663 2481 ὑγιῶς
695 2409 806 2478 (59)
835 2406 936 2473 τήν
983 2405 1175 2476 κτίσιν,
1224 2405 1313 2459 καὶ
1363 2404 1438 2467 εἷς
1490 2410 1668 2477 θαῦμα
1703 2405 1864 2478 μόνον
1895 2409 1992 2460 τοῦ

339 2497 648 2561 κτίσαντος,
681 2494 825 2550 ἀλλά
860 2496 936 2567 μὴ
974 2494 1172 2567 ζημίαν
1203 2499 1300 2549 τοῦ
1338 2493 1645 2556 πλάσαντος
1823 2514 1835 2563 ;
1869 2495 1994 2570 πρὶν

333 2591 405 2660 τῇ
464 2583 686 2655 παιδείᾳ
744 2583 940 2658 Κυρίου
997 2584 1197 2645 ἱκανῶς
1255 2583 1535 2658 ἀνοιγῆναι
1593 2583 1659 2638 τά
1715 2585 1845 2650 ὦτα,
1902 2582 1990 2637 καὶ

336 2673 701 2750 προστεθῆναί
749 2694 840 2745 μοι
892 2675 1005 2746 (61)
1052 2672 1213 2727 ὠτίον
1265 2673 1342 2745 μὴ
1392 2673 1600 2748 βαρέως
1650 2672 1859 2727 ἀκούειν
1899 2670 1990 2726 δυ-

338 2764 600 2837 νάμενον,
635 2760 780 2816 ἀλλά
828 2761 1048 2816 ἐνώτιον
1095 2765 1332 2838 χρυσούν
1363 2764 1474 2834 (62)
1514 2759 1716 2834 σαρδίῳ
1759 2759 1992 2815 πολυτε-

341 2853 428 2908 λεῖ
460 2850 698 2922 δεθῆναι,
755 2850 920 2927 λόγον
973 2855 1140 2928 σοφοῦ
1187 2853 1293 2923 (63)
1327 2850 1401 2912 εἷς
1433 2848 1523 2911 οὖς
1556 2849 1781 2920 εύήκοον
1819 2870 1831 2918 ;
1865 2850 1989 2925 πρὶν

336 2944 400 2996 τὸ
433 2942 632 3014 στόμα,
661 2941 728 2995 τά
759 2939 949 3016 χείλη,
997 2941 1097 3009 τήν
1150 2937 1426 3014 γλῶσσαν,
1470 2941 1532 2994 τὸ
1585 2940 1676 3012 μὲν
1710 2939 1989 3015 ἀνοιγῆναι

338 3031 428 3086 καὶ
478 3030 703 3086 ὲλκῦσαι
751 3033 984 3102 πνεῦμα,
1016 3031 1050 3098 ἢ
1081 3027 1446 3098 πλατυνθῆναι
1495 3029 1584 3083 καὶ
1629 3027 1990 3106 πληρωθῆναι

339 3126 417 3192 τῶ
465 3119 729 3191 πνεύματι
786 3117 1143 3190 λαλουμένων
1194 3117 1505 3193 μυστηρίων
1556 3139 1614 3172 τε
1663 3118 1751 3172 καὶ
1782 3115 1989 3192 δογμά-

339 3230 470 3264 των·
531 3211 599 3263 τά
659 3207 717 3262 δὲ
772 3207 1013 3278 αἰσθήσει
1075 3209 1186 3281 (64)
1242 3206 1392 3278 θείᾳ,
1453 3207 1588 3261 κατά
1641 3209 1739 3276 τὴν
1801 3207 1988 3284 σοφίαν

2116 626 2412 682 unctionis
2441 627 2634 682 oleum
2657 626 2898 695 imitari,
2919 642 3022 680 nec
3047 623 3485 696 compositionis
3503 624 3755 696 thymia-

2113 733 2210 772 ma
2232 717 2275 750 ’⁵⁸
2303 735 2313 772 :
2341 733 2444 771 nec
2476 716 2727 788 denique
2749 715 3035 786 templum
3059 713 3283 786 ingredi
3307 713 3580 784 cuiquam
3611 713 3756 771 libe-

2112 822 2241 860 rum
2277 805 2476 873 fuisse,
2501 805 2615 861 nisi
2644 809 2700 859 et
2729 804 2924 859 animo
2948 803 3377 875 etcorporc,vel
3411 804 3480 857 ad
3509 803 3758 859 minima

2113 911 2299 966 usque
2329 911 2512 966 purus
2543 899 2698 949 esset
2730 911 2742 948 :
2779 898 3007 948 tantum
3059 894 3278 960 aberat,
3331 896 3396 947 ut
3436 893 3506 946 ad
3545 894 3756 949 Sancta

2108 989 2448 1039 sanctorum
2481 983 2756 1037 audacter
2786 981 3100 1049 accederet,
3133 997 3260 1050 quae
3309 980 3408 1035 uni
3450 981 3749 1050 duntaxat,

2108 1089 2173 1128 ac
2203 1071 2381 1128 semel
2406 1071 2725 1143 quotannis
2752 1070 2910 1125 adire
2939 1069 3149 1124 licebat
3169 1069 3212 1103 ‘9
3235 1088 3248 1137 ;
3273 1074 3502 1125 tantum
3531 1070 3749 1136 aberat,

2109 1165 2172 1217 ut
2202 1161 2385 1217 cuivis
2409 1162 2510 1233 jus
2541 1165 2714 1228 esset,
2745 1158 2962 1224 velum,
2996 1163 3097 1213 aut
3125 1158 3616 1230 propitiatorium,
3650 1166 3751 1215 aut

2106 1268 2319 1322 arcam,
2375 1255 2476 1306 aut
2523 1249 2851 1318 cherubim,
2899 1250 2984 1305 vel
3039 1247 3390 1320 prospicere,
3435 1247 3522 1303 vel
3572 1249 3749 1305 attin-

2105 1356 2258 1413 gere.

2177 1430 2336 1484 XCV.
2374 1429 2500 1483 Haic
2532 1428 2709 1500 igitur
2756 1444 2890 1483 cum
2935 1443 3041 1498 ego
3075 1442 3331 1494 nossem,
3363 1425 3629 1498 illudque
3661 1427 3750 1481 in-

2106 1534 2308 1591 super,
2341 1519 2632 1574 neminem
2665 1533 2900 1589 magno,
2948 1522 3006 1571 et
3050 1517 3188 1584 Deo,
3235 1521 3291 1571 et
3337 1515 3645 1584 sacrificio,
3695 1520 3752 1572 et

2104 1609 2397 1679 pontiﬁce,
2429 1608 2674 1679 dignum
2707 1605 2988 1672 esse,nisi
3013 1604 3112 1677 qui
3142 1605 3308 1677 prius
3336 1605 3598 1676 seipsum
3631 1603 3746 1660 Deo

2105 1697 2353 1752 hostiam
2387 1696 2696 1761 viventem,
2732 1699 2995 1751 sanctam
3030 1693 3377 1761 exhibuerit,
3399 1693 3747 1750 rationabile

2103 1785 2452 1856 obsequium
2485 1785 2528 1819 5°
2558 1791 2789 1857 gratum
2825 1789 2999 1856 atque
3050 1788 3352 1855 acceptum
3403 1785 3744 1852 ostenderit,

2109 1875 2335 1945 Deoque
2358 1873 2710 1929 sacrificium
2736 1873 2927 1928 laudis
2946 1873 3012 1944 ⁵1,
3036 1889 3103 1928 ac
3125 1871 3400 1944 spiritum
3429 1872 3744 1928 contritum

2103 1962 2397 2032 obtulerit,
2419 1962 2572 2034 quod
2606 1961 2798 2017 solum
2829 1960 3270 2027 sacriﬁcium,is
3303 1960 3400 2032 qui
3433 1960 3632 2016 omnia
3657 1963 3749 2016 de-

2103 2053 2211 2120 dit,
2242 2070 2274 2107 a
2306 2052 2475 2108 nobis
2505 2051 2766 2124 exposcit
2805 2067 2919 2121 quo
2969 2051 3206 2106 tandem
3242 2050 3414 2106 modo
3441 2054 3749 2106 externum

2103 2141 2247 2196 illud
2263 2139 2790 2205 sacriﬁcium,illud
2815 2156 3159 2212 magnorum
3174 2138 3585 2211 mysteriorum
3600 2139 3754 2196 anti-

2103 2234 2305 2300 typum
2325 2228 2434 2300 ipsi
2461 2228 2664 2283 offerre
2682 2229 3091 2293 auderem,aut
3108 2244 3224 2299 quo
3244 2227 3415 2282 modo
3432 2228 3751 2283 sacerdotis

2104 2318 2371 2374 habitum
2385 2321 2663 2373 etnomen
2680 2316 2877 2372 subire
2890 2316 3231 2388 priusquam
3246 2316 3464 2371 sanctis
3476 2315 3750 2388 operibus

2103 2424 2313 2462 manus
2335 2405 3123 2479 purificassem?priusquam
3147 2404 3324 2460 rebus
3347 2403 3748 2477 creatis,sane,

2103 2500 2278 2567 atque
2301 2495 2372 2550 ad
2395 2493 2681 2550 Creatoris
2703 2493 2893 2549 solum
2916 2493 3388 2560 admirationem,
3408 2508 3522 2548 non
3551 2497 3748 2549 autem

2104 2587 2176 2641 ad
2209 2586 2474 2657 ﬁgmenti
2495 2585 2778 2638 damnum
2811 2581 3401 2654 aspiciendis,oculos
3424 2583 3520 2640 57
3547 2599 3750 2638 assue~

2104 2673 2371 2728 fecissem
2399 2673 2412 2728 l
2437 2672 2783 2745 priusquam
2805 2687 2906 2742 per
2925 2671 3154 2726 Domini
3178 2670 3550 2743 disciplinam
3578 2688 3749 2727 aures

2104 2777 2248 2817 mea)
2282 2761 2426 2817 satis
2457 2765 2666 2832 apertae
2699 2760 2949 2814 fuissent
2968 2760 3106 2829 ",ao
3128 2758 3271 2814 mihi
3293 2760 3571 2830 adjuncta
3596 2763 3750 2815 esset

2104 2851 2388 2920 auricula,
2421 2867 2552 2923 qua:
2581 2867 2697 2905 non
2737 2849 2989 2920 graviter
3018 2847 3219 2904 audire
3250 2853 3449 2920 posset
3478 2848 3542 2920 ⁵³,
3575 2851 3748 2921 atque

2103 2957 2279 2996 aurea
2307 2940 2532 2996 inauris
2564 2939 2817 3012 pretioso
2846 2939 3048 2994 Sardio
3070 2936 3307 3010 alligata
3326 2937 3508 3006 “,hoc
3537 2946 3623 2993 est
3653 2954 3746 2993 sa-

2103 3030 2317 3102 pientis
2348 3046 2563 3096 sermo,
2596 3028 2722 3084 auri
2757 3031 2906 3083 recte
2937 3027 3195 3082 audienti
3226 3027 3254 3081 ?
3280 3027 3626 3098 priusquam
3659 3044 3745 3096 os,

2101 3118 2278 3182 labia,
2313 3123 2369 3174 et
2399 3118 2621 3189 lingua,
2664 3116 2807 3171 illud
2842 3116 3079 3188 quidem
3111 3121 3380 3188 apertum
3421 3114 3648 3181 fuisset,
3681 3131 3747 3169 ac

2102 3208 2386 3281 Spiritum
2416 3205 2785 3262 attraxisssm
2809 3206 2983 3273 “,aut
3012 3204 3319 3260 dilatatum
3351 3208 3408 3260 et
3437 3203 3746 3276 impletum

337 3298 527 3368 εἰπεῖν,
581 3295 823 3368 δεθῆναι,
881 3295 1174 3370 προσθείην
1236 3293 1284 3350 δ’
1342 3295 1400 3350 ἂν
1460 3295 1542 3350 ὅτι
1591 3297 1679 3350 καὶ
1727 3295 1777 3350 ἐν
1816 3301 1988 3372 καιρῷ

2112 3297 2322 3368 Spiritu
2353 3297 2396 3332 ⁵⁸
2425 3295 2784 3368 exponendis
2815 3293 3108 3366 mysteriis
3156 3298 3212 3351 et
3247 3293 3624 3367 dogmatibus
3651 3294 3693 3326 ⁵⁷
3729 3309 3742 3349 :

335 3387 586 3456 λυθῆναιο
645 3388 743 3454 τήν
796 3384 852 3440 δὲ
898 3384 1212 3455 πλησθῆναι
1262 3383 1661 3460 ἀγαλλιάσεως,
1708 3385 1796 3439 καὶ
1841 3385 1983 3447 θείας

338 3473 615 3548 μελῳδίας
646 3475 886 3550 γενέσθαι
933 3473 1238 3551 πλῆκτρον,
1289 3474 1690 3552 ἐξεγειρομένην
1735 3478 1801 3547 τῇ
1835 3471 1980 3546 δόξῃ,

334 3563 838 3641 συνεξεγειρομένην
871 3559 1112 3640 ὄρθριον,
1154 3564 1241 3620 καὶ
1295 3565 1459 3640 μέχρι
1504 3567 1601 3618 τοῦ
1638 3562 1981 3634 κολληθῆναι

334 3659 414 3725 τῷ
445 3651 672 3729 λάρυγγι
701 3654 1006 3725 κάμνουσαν
1041 3672 1054 3722 ;
1087 3653 1212 3728 πρὶν
1264 3651 1350 3707 ἐπὶ
1398 3654 1594 3727 πέτραν
1639 3659 1826 3722 στῆναι
1856 3653 1981 3713 τοὺς

336 3740 506 3804 πόδας
569 3763 694 3815 μου,
753 3742 1196 3818 χαταρτισθέντας
1247 3743 1320 3804 ὡς
1381 3741 1613 3820 ἐλάφων,
1665 3743 1752 3796 καὶ
1802 3763 1984 3796 κατευ-

340 3831 597 3900 θυνθῆναί
631 3853 723 3903 μοι
761 3832 829 3885 τά
875 3831 1010 3886 κατά
1058 3831 1184 3886 Θεὸν
1229 3825 1540 3903 διαδήματα
1573 3834 1703 3904 (65),
1742 3832 1817 3903 μὴ
1857 3832 1984 3906 παρ’

342 3920 532 3996 ὀλίγον
565 3917 694 3994 μηδ’
723 3919 868 3983 ὅλως
901 3919 1198 3995 ἐκχεόμενα
1229 3940 1243 3990 ;
1277 3919 1400 3996 πρίν
1434 3921 1570 3974 ἅπαν
1604 3917 1768 3992 μέλος
1810 3917 1981 3974 ὅπλον

337 4012 579 4086 γενέσθαι
639 4007 1025 4079 δικαιοσύνης,
1083 4009 1174 4064 καὶ
1229 4010 1514 4064 ἀποθέσθαι
1571 4014 1742 4063 πᾶσαν
1800 4008 1982 4084 νεκρό-

335 4116 497 4168 τητα,
529 4100 916 4154 καταποθεῖσαν
960 4098 1062 4153 ὑπὸ
1091 4100 1189 4168 τῆς
1223 4103 1386 4169 ζωῆς,
1419 4096 1506 4152 καὶ
1550 4097 1985 4174 ὑποχωρήσασαν

337 4192 415 4260 τῷ
447 4186 708 4261 πνεύματι
744 4207 757 4258 ;

408 4315 452 4350 ‘7
481 4315 616 4370 Lev.
645 4332 731 4381 Ill,
762 4315 850 4370 31.
927 4315 971 4349 ⁴⁸
997 4315 1170 4370 Exod.
1203 4332 1332 4384 xxx,
1363 4314 1417 4382 9,
1449 4315 1538 4370 25.
1615 4315 1660 4350 ⁴⁹
1690 4314 1833 4370 ibid.
1869 4316 1951 4370 10.
1987 4356 1992 4367 ι

2112 4315 2396 4383 .xv1,34;
2447 4312 2618 4368 Hebr.
2669 4329 2747 4380 1x,
2779 4313 2834 4366 7.
2912 4312 2957 4346 ⁵ο
3000 4311 3164 4366 Rom.
3198 4328 3300 4384 xn,
3345 4312 3395 4364 1.

338 4403 489 4458 χιιι,
528 4387 612 4442 14.
689 4387 735 4421 ⁵²
764 4386 880 4442 Isa.
923 4405 972 4454 L,
1002 4389 1055 4441 5.
1134 4387 1178 4421 ⁵³
1207 4388 1313 4442 lsa.
1348 4403 1424 4452 v1,
1461 4387 1547 4441 10.
1625 4387 1669 4420 ³⁸
1702 4386 1864 4442 Prov.
1918 4404 2045 4454 xxv,
2100 4388 2190 4441 12.

2101 3387 2222 3441 haec
2253 3390 2444 3444 autem
2479 3383 2674 3439 divino
2707 3399 2905 3454 sensu,
2934 3389 3001 3438 ut
3031 3383 3338 3455 Sapientiae
3370 3382 3559 3438 verbis
3593 3387 3742 3454 utar,

2099 3475 2280 3547 ligata
2312 3474 2557 3529 fuissent
2587 3473 2651 3541 ⁵³,
2675 3473 2886 3528 addam
2918 3472 3095 3528 etiam
3129 3472 3472 3544 tempestive
3501 3471 3695 3527 soluta
3727 3489 3741 3527 :

2102 3581 2166 3619 ac
2191 3563 2443 3634 denique
2471 3562 2673 3634 lingua
2703 3560 3091 3618 exsultatione
3111 3560 3350 3634 impleta
3375 3560 3745 3626 fuisset5°,di-

2099 3653 2360 3726 vinisque
2382 3651 2644 3708 melodis:
2669 3651 2954 3724 plectrum
2978 3652 3198 3720 effecta,
3214 3669 3247 3706 a
3267 3651 3452 3724 gloria
3473 3651 3739 3718 excitata,

2103 3743 2362 3798 diluculo
2393 3757 2712 3813 exsurgens
2743 3741 2806 3810 ⁸ο,
2841 3746 3016 3812 atque
3065 3757 3324 3812 eousque
3352 3740 3647 3807 laborans,
3682 3748 3746 3793 ut

2103 3832 2372 3887 faucibus
2403 3831 2549 3902 ipsis
2582 3829 2900 3885 adhaereret
2919 3830 2960 3864 ⁶¹
2985 3829 3012 3884 ?
3044 3829 3386 3902 priusquam
3419 3829 3622 3884 statuti
3654 3844 3744 3883 es-

2101 3925 2232 3976 sent
2262 3921 2332 3976 ad
2367 3927 2593 3992 petram
2622 3919 2799 3991 pedes
2821 3919 2936 3974 mei
2957 3919 3020 3984 θ’,
3052 3918 3292 3991 perfecti
3321 3921 3603 3990 tanquam
3626 3933 3747 3972 cer—

2099 4027 2305 4065 vorum
2336 4010 2400 4075 ‘3,
2434 4007 2660 4079 meique
2690 4007 3016 4064 secundum
3047 4005 3232 4062 Deum
3278 4022 3516 4079 gressus
3545 4005 3748 4061 directi

2098 4103 2313 4169 essent,
2344 4098 2427 4154 ita
2458 4102 2522 4153 ut
2565 4113 2672 4152 nec
2707 4113 2875 4168 pene,
2902 4112 3006 4152 nec
3037 4094 3154 4151 ullo
3186 4096 3425 4151 omnino
3458 4094 3629 4150 modo
3660 4094 3748 4149 ef-

2107 4188 2536 4243 funderentur?
2569 4186 2732 4256 prius
2763 4184 3016 4255 denique
3047 4201 3224 4257 quam
3255 4183 3454 4240 omnia
3486 4184 3750 4239 membra

3492 4311 3534 4345 δι
3592 4309 3717 4364 Psal
3739 4340 3751 4352 -

2276 4386 2319 4420 ⁵⁵
2348 4369 2501 4440 Ρέειι.
2555 4369 2779 4452 οχχνιιί,
2833 4384 2954 4437 131.
3031 4384 3074 4417 ⁵⁸
3105 4382 3258 4438 Psal.
3287 4369 3455 4451 Lxxx,
3493 4383 3577 4436 11.
3655 4382 3696 4414 ⁵⁷
3727 4369 3749 4425 Ῑ

336 4453 615 4525 Οοιθίχῐν,
647 4461 700 4513 2.
778 4458 822 4492 ³⁸
853 4453 1014 4513 Prov.
1046 4475 1138 4526 xv,
1170 4458 1224 4512 7.
1303 4458 1350 4493 ⁵⁹
1379 4458 1531 4514 Psal.
1563 4474 1724 4526 cxxv,
1751 4459 1805 4514 2.
1883 4459 1928 4502 ϐο
1978 4453 2126 4515 Psal.
2159 4475 2268 4525 va,
2298 4459 2353 4512 9.
2382 4457 2425 4492 ⁶¹
2459 4454 2613 4511 Psal.
2643 4471 2866 4524 cxxxvr,
2888 4455 2942 4508 6.
3017 4456 3062 4490 ⁶²
3091 4453 3244 4510 Psal.
3278 4471 3448 4525 Lxxn,
3470 4456 3534 4521 2;
3559 4470 3749 4518 xxx1x,

336 4530 391 4597 3,
469 4530 515 4564 ⁵³
547 4529 694 4586 Psal.
727 4546 865 4596 xvn,
898 4531 987 4584 34.

412 4672 526 4742 (52)
556 4667 709 4741 Μηδὲ
740 4670 836 4732 εἰς.
875 4671 1074 4743 Plures
1106 4672 1190 4728 sic
1219 4673 1506 4729 scribunt.
1547 4669 1676 4743 μηδ’
1705 4672 1800 4732 εἷς.

413 4740 529 4813 (53)
637 4740 640 4741 ⁷
689 4744 964 4800 Nonnulli
1015 4740 1143 4800 δεῖν.
1187 4766 1215 4794 ‹‹
1267 4745 1348 4800 Ad
1397 4740 1618 4801 Sancta
1654 4750 1993 4801 sanctorum

342 4817 683 4886 frequenter
709 4816 948 4886 auderet
977 4817 1267 4871 accedere.
1304 4838 1332 4864 »

415 4881 955 5010 (Ξᾨέξέρῖσϐλέπειν.
1003 4887 1096 4942 Sic
1135 4886 1428 4959 plerisque
1459 4887 1707 4944 codices.
1743 4888 1869 4943 Par.
1902 4887 1992 4942 ed.

340 4975 678 5013 ποοοΛεπειν
691 5001 703 5013 ,

343 4977 678 5032 προοΛεπειν
691 5001 703 5013 ,

343 5029 529 5156 hu(55)
557 5025 812 5103 Μεγάλου
842 5027 930 5081 καὶ
963 5032 1116 5084 Θεοῦ.
1172 5029 1344 5086 Deest
1387 5028 1474 5083 καί
1523 5030 1582 5086 in
1632 5030 1810 5102 Regg.
1862 5047 1896 5085 Β.
1942 5033 2002 5084 et

392 5118 774 5266 ίῖὲιιέέιγιαξνο
810 5171 949 5244 Reg.
982 5171 1085 5260 hu,
1233 5170 1404 5266 ἀτί...

433 5241 529 5316 57)
545 5239 808 5316 Μεγάλων
835 5239 1144 5316 μυστηρίων
1170 5239 1476 5300 ἀντίτυπον.
1497 5244 1735 5315 Nempe,
1764 5267 1791 5293 «
1811 5243 1888 5299 Ch
1900 5244 2002 5298 ris-

341 5315 388 5370 ti
427 5314 485 5368 in
522 5314 693 5370 cruos
719 5314 1166 5371 immolationis.
1202 5337 1230 5363 »

421 5386 534 5454 (58)
565 5383 775 5459 :lspétoc
806 5391 1020 5459 σχῆμα.
1048 5387 1454 5459 ιιΡθῐιεοηαῐη,
1506 5385 1872 5459 dignitatem,
1907 5401 2004 5438 no-

349 5473 508 5512 men.
562 5456 688 5511 Non
733 5456 951 5527 itaque,
987 5479 1016 5508 »
1047 5457 1141 5512 hic
1189 5457 1274 5514 ait
1312 5456 1564 5523 Tillem.,
1616 5480 1635 5505 α
1679 5458 1801 5527 jam
1836 5460 2006 5510 antea

347 5527 626 5584 sacerdos
659 5527 994 5593 Gregorius.
1030 5552 1056 5578 η

422 5601 536 5671 (59)
566 5599 783 5671 Ὑγιῶς.
821 5622 848 5649 ‹‹
876 5601 1210 5655 Salubriter.
1260 5621 1286 5650 ιι
1347 5597 1560 5653 Alludit
1585 5669 1591 5671 _
1613 5598 1754 5671 forte
1783 5599 1856 5653 ad
1888 5598 2007 5652 haec

347 5669 530 5727 verba
563 5669 728 5726 Prov.
763 5687 839 5740 ιν,
870 5674 960 5741 25,
998 5694 1024 5721 ‹‹
1054 5671 1219 5728 Oculi
1248 5672 1331 5727 tui
1365 5675 1520 5726 recta
1548 5669 1794 5724 videant.
1823 5692 1852 5719 »

426 5741 543 5815 (60)
574 5739 912 5806 ΠΑάσαντος.
941 5739 968 5797 ὰ
993 5743 1249 5800 Pictoris.
1275 5766 1304 5795 »
1329 5741 1494 5814 Regii
1521 5741 1801 5814 quinque,
1833 5739 2007 5798 Cois].

2022 4675 2070 4740 1)
2099 4675 2156 4728 et
2185 4670 2283 4750 alii
2317 4669 2552 4750 habent,
2577 4666 2918 4750 πλάσματος.
2943 4669 3036 4724 Sic
3067 4668 3243 4724 etiam
3275 4667 3752 4750 legendum'pro-

2112 4743 2344 4798 nuntiat
2372 4735 2928 4797 Gabrielius.Billius
2958 4757 3193 4810 quoque
3222 4735 3476 4809 scripsit,
3507 4735 3758 4808 πλάσμα-

2102 4835 2194 4874 τος
2215 4814 2270 4868 in
2297 4813 2558 4884 margine
2581 4813 2668 4867 ed.
2699 4811 2872 4880 Basil,
2896 4816 2952 4866 et
2966 4811 3138 4866 vertit
3159 4835 3184 4860 ι(
3210 4811 3531 4884 ﬁgmenti,»
3556 4826 3758 4884 quam-

2105 4887 2191 4941 vis
2223 4885 2281 4939 in
2314 4882 2452 4940 Elia
2467 4885 2667 4939 reddat
2704 4901 2716 4938 :
2751 4905 2779 4932 «
2813 4885 3137 4938 Creatorem
3171 4882 3385 4937 damno
3417 4882 3701 4944 afficiunt,
3730 4902 3757 4929 ››

2107 4956 2358 5014 Basilius
2386 4972 2521 5011 vero
2555 4955 2696 5026 legit
2723 4950 3047 5014 πλάσαντος.

2181 5029 2449 5108 _Moc_.
2485 5023 2893 5108 Deest-iniicto
2909 5025 3145 5108 Regiis,
3168 5043 3278 5108 sex
3308 5023 3491 5091 Colb.,
3523 5023 3759 5090 Jes.,or.

2111 5103 2161 5156 1.
2195 5096 2399 5156 Billius
2429 5100 2554 5170 ipse
2582 5096 2794 5153 delevit
2819 5099 2878 5170 in
2909 5096 3206 5170 Basilued.

2181 5172 2292 5242 (62)
2324 5165 2587 5243 Χρυᾶοὖν.
2619 5170 2790 5224 Deest
2843 5169 2899 5222 in
2948 5185 3048 5243 sex
3099 5167 3319 5243 Regiis,
3349 5165 3547 5243 tribus
3579 5165 3762 5233 Colb.,

2111 5240 2195 5298 or.
2232 5245 2283 5306 1,
2315 5240 2433 5297 Jes.
2466 5241 2724 5296 Habetur
2755 5245 2951 5295 tamen
2985 5240 3145 5295 Prov.
3177 5256 3269 5302 xx,
3305 5240 3389 5292 12.

2184 5315 2296 5383 (63)
2332 5311 2733 5386 Λόγονγσοφοῦ.
2776 5311 3151 5386 Aliiulegunt,
3198 5309 3356 5382 Λόγον
3392 5306 3576 5386 σοφόν,
3613 5313 3676 5363 ut
3707 5308 3764 5363 in

2114 5381 2288 5440 PrOv.
2312 5381 2439 5451 xxv,
2469 5384 2558 5447 l1,
2592 5381 2763 5453 juxta
2792 5383 2952 5438 LXX.
2994 5381 3034 5433 it
3067 5381 3533 5452 Sermo’sapiens
3566 5381 3621 5434 in
3657 5397 3767 5434 au-

2114 5474 2237 5511 rem
2272 5457 2414 5510 bene
2445 5454 2800 5509 audientem.
2837 5477 2864 5504 »
2897 5453 2991 5509 Sic
3019 5455 3220 5510 Comb.

2188 5529 2298 5598 (6‘1)
2329 5525 2604 5593 Αίσθήσει,
2646 5528 2889 5598 Sancyg.
2926 5548 2946 5575 ι
2986 5542 3180 5581 rerum
3214 5524 3536 5580 divinarem
3568 5538 3766 5577 sensa-

2115 5598 2258 5653 tioni
2292 5599 2551 5667 alligata.
2585 5620 2606 5648 ι

2188 5669 2300 5740 (65)
2328 5663 2495 5737 Διᾶϐή
2509 5688 2667 5740 ματα.
2702 5668 2976 5740 Sequitur
3008 5669 3063 5723 in
3096 5667 3285 5740 editis,
3317 5663 3428 5731 καί,
3455 5664 3609 5737 quod
3632 5676 3764 5716 auc-

2118 5738 2349 5797 toritate
2381 5738 2645 5796 omnium
2673 5738 2818 5812 pene
2847 5757 2991 5796 mss.
3024 5738 3366 5796 delevimus.
