4184 6202
416 360 536 426 499

1658 361 1720 424 S.
1772 363 2143 426 GREGORII
2189 362 2582 426 THEOLOGI

3705 364 3834 427 500

410 494 656 568 justitiae
687 510 852 552 arma
881 493 925 527 ⁶⁴
953 492 1159 551 eifecta
1205 495 1475 563 fuissent,
1520 511 1875 569 omnemque
1919 495 2335 554 mortalitatem
2384 495 2754 568 abiecissent,
2806 512 2839 553 a
2879 494 2996 553 vita
3045 496 3266 553 scilicet
3297 497 3634 571 absorptam
3666 497 3732 567 ‘5,
3765 513 3838 554 ac

421 584 652 657 spiritui
687 584 988 639 cedentem
1009 582 1038 638 ?

493 673 671 728 XCVI.
706 672 918 743 Ecquis
949 688 1141 743 porro,
1173 688 1307 728 cum
1341 673 1605 728 nondum
1637 674 1814 730 castis
1846 678 1903 730 et
1929 675 2064 747 igne

2248 673 2327 749 ιιζσ
2355 672 2444 735 Τίς
2501 674 2669 745 μήπω
2716 679 2832 735 τοῖς
2891 675 3077 748 ἁγνοῖς
3137 671 3225 728 καὶ
3266 671 3679 748 πεπυρωμένοις
3731 677 3834 728 τοῦ

420 761 767 817 examinatis
797 761 897 816 Dei
930 760 1180 832 eloquiis
1207 762 1252 796 ⁶⁶
1284 761 1456 817 corde
1496 763 1771 818 incensus
1803 763 1899 832 sit,
1922 765 2066 820 dum

429 851 748 922 Scripturae
800 849 913 921 ipsi
943 850 1286 921 aperiuntur
1314 852 1379 922 ⁵⁷,
1415 868 1519 906 nec
1561 869 1631 908 ea
1657 869 1837 925 super
1866 853 2064 908 latitu-

423 939 620 993 dinem
684 939 874 993 cordis
926 938 1239 1010 tripliciter
1287 939 1682 1011 descripserit,
1743 947 1806 997 ut
1853 942 2066 998 Christi

419 1033 677 1084 mentem
707 1028 922 1083 habeat
943 1029 1119 1096 58,nec
1142 1028 1199 1082 in
1223 1028 1530 1086 thesauros
1553 1030 1920 1086 multitudini
1941 1033 2070 1087 abs-

417 1116 1118 1188 conditos,et,invisibiles
1141 1134 1206 1173 ac
1231 1119 1570 1175 tenebrosos
1601 1119 1903 1192 ingressus
1925 1121 2067 1187 sit“,

421 1211 488 1262 ut
519 1221 660 1277 opes
690 1205 749 1260 in
783 1204 926 1278 ipsis
953 1207 1241 1275 conditas,
1292 1210 1531 1278 spectet,
1583 1209 1842 1280 aliosque
1885 1210 2070 1267 ditare

424 1300 622 1366 queat,
655 1293 987 1365 spiritualia
1017 1294 1423 1367 spiritualibus
1455 1313 1802 1370 comparans
1833 1299 1896 1353 ⁷ο.

495 1475 698 1535 XCVII.
746 1473 979 1546 Ecquis,
1028 1492 1165 1531 cum
1220 1476 1453 1532 Domini
1518 1477 1875 1550 voluptatem
1925 1496 2070 1534 non-

424 1566 588 1632 dum,
622 1569 687 1620 ut
715 1563 908 1620 videre
954 1565 1200 1636 dignum
1232 1570 1342 1632 est,
1396 1566 1624 1633 viderit,
1669 1567 2074 1639 templumque

421 1654 610 1726 ipsius
641 1653 960 1708 visitaverit
988 1654 1055 1721 5',
1090 1653 1174 1708 vel
1211 1653 1402 1724 potius
1431 1655 1622 1710 vivum
1653 1655 1748 1712 Dei
1781 1657 1894 1711 vivi
1925 1661 2072 1710 tem-

422 1741 585 1814 plum
617 1742 805 1796 factus
838 1741 914 1798 sit
941 1743 1008 1801 ⁷³.
1041 1742 1375 1814 Christique
1417 1742 1471 1798 in
1509 1744 1719 1816 spiritu
1767 1744 2070 1800 habitacu-

423 1831 545 1886 lum
573 1831 636 1884 ⁷³.
661 1831 1036 1902 Ecquis,cum
1068 1831 1391 1902 ﬁgurarum
1411 1836 1468 1887 et
1488 1832 1750 1888 veritatis
1769 1833 2072 1905 cognatio-

424 1936 558 1976 nem
589 1923 646 1974 et
675 1919 991 1975 discrimen
1025 1919 1286 1974 nondum
1311 1921 1628 1992 agnoverit,
1650 1925 1824 1992 atque
1853 1921 1924 1978 ab
1957 1921 2074 1978 illis

2175 767 2309 816 Θεοῦ
2341 761 2547 837 λογίοις
2579 765 2693 836 (66)
2723 763 2872 825 καεὶς
2922 763 3020 831 τήν
3073 759 3292 838 καρδίαν
3347 762 3398 816 ἐν
3448 767 3526 834 τῷ
3557 759 3842 839 διανοιγῆο

2173 872 2256 905 ναι
2315 850 2460 923 αὐτῴ
2515 852 2610 913 τὰς
2673 853 2918 928 Γραφάς’
2984 850 3124 925 μηδὲ
3183 849 3640 926 ἀπογραψάμενος
3695 851 3838 907 αὐτὰ

2175 944 2407 1015 τρισσῶς
2467 943 2580 1013 (67)
2643 938 2728 994 ἐπὶ
2786 939 2995 1002 πλάτος
3054 947 3154 1010 τῆς
3210 937 3455 1012 καρδίας,
3514 939 3652 994 ὥστε
3705 945 3835 994 νοῦν

2178 1025 2323 1105 ἔχειν
2376 1031 2630 1104 Χριστοῦ⁸
2697 1026 2837 1103 μηδὲ
2891 1034 3000 1084 τῶν
3047 1035 3166 1091 τοῖς
3212 1027 3448 1092 πολλοῖς
3501 1028 3829 1107 ἀποκρῦφων

2177 1118 2266 1172 καὶ
2318 1119 2563 1192 ἀοράτων
2622 1118 2712 1173 καὶ
2764 1122 3051 1172 σκοτεινῶν
3100 1119 3382 1192 θησαυρῶν
3431 1114 3559 1172 εἷ’σω
3606 1117 3839 1193 γενόμε-

2177 1228 2287 1277 νος,
2340 1205 2478 1260 ὥστε
2525 1207 2614 1260 τὸν
2662 1205 2712 1260 ἐν
2765 1205 2948 1268 αὐτοῖς
2999 1211 3354 1260 κατοπτεῦσαι
3412 1204 3650 1261 πλοῦτον
3682 1252 3696 1277 ,
3741 1205 3836 1259 καὶ

2180 1293 2383 1356 ἄλλους
2444 1293 2752 1363 πλουτίζειν
2805 1292 3081 1363 δύνασθαι,
3138 1297 3476 1368 πνευματικά
3529 1293 3830 1371 συγκρίνων

2179 1389 2566 1457 πνευματικοῖς
2602 1403 2616 1451 ;

2253 1473 2340 1549 ια’
2370 1472 2457 1534 Τίς
2517 1474 2688 1545 μήπω
2744 1474 3044 1549 θεωρήσας,
3105 1473 3182 1534 ὡς
3232 1473 3453 1547 θεωρεῖν
3503 1472 3682 1543 ἄξιον,
3731 1475 3833 1542 τὴν

2179 1562 2516 1638 τερπνότητα
2564 1562 2784 1638 Κυρίου,
2836 1564 2924 1617 καὶ
2977 1563 3398 1636 ἐπισκεψάμενος
3439 1563 3529 1617 τὸν
3560 1565 3837 1637 ναὸν

2181 1650 2386 1722 αὐτοῦ,
2433 1648 2646 1722 μᾶλλον
2696 1647 2754 1705 δὲ
2800 1653 2923 1714 ναὸς
2972 1651 3256 1727 γενόμενος
3310 1655 3443 1706 Θεοῦ
3496 1655 3699 1720 ζῶντος
3746 1652 3841 1706 καὶ

2186 1745 2288 1808 ζῶν
2348 1742 2769 1815 κατοικητήριον
2825 1742 3060 1810 Χριστοῦ
3119 1743 3228 1811 (69)
3280 1739 3332 1794 ἐν
3387 1740 3649 1814 πνεύματι
3693 1759 3706 1810 ;
3752 1742 3835 1803 τίς

2187 1831 2355 1902 μήπω
2393 1827 2577 1883 τύπων
2629 1830 2716 1882 καὶ
2765 1827 3027 1899 ἀληθείας
3079 1829 3331 1904 ἐπιγνοὺς
3365 1831 3664 1905 συγγένειαν
3719 1833 3837 1904 (70)

2182 1918 2270 1972 καὶ
2304 1915 2591 1992 διάκρισιν,
2622 1917 2712 1972 καὶ
2761 1923 2868 1973 τῶν
2923 1919 3017 1991 μὲν
3050 1919 3436 1994 ἀναχωρήσας,
3475 1923 3543 1992 τῇ
3578 1915 3635 1973 δὲ
3662 1939 3833 1993 προσ-

427 2009 665 2080 quidem
717 2009 1047 2078 secesserit,
1079 2008 1217 2064 huic
1247 2013 1440 2064 autem
1474 2025 1600 2065 sese
1623 2010 1972 2080 adjunxerit.
2008 2016 2072 2066 ut

2200 2006 2430 2079 ὶέμενος,
2457 2005 2550 2060 ’ίνα
2577 2008 2676 2076 τήν
2708 2011 2808 2062 τοῦ
2860 2008 3183 2082 γράμματος
3237 2009 3416 2085 φυγὼν
3463 2005 3832 2080 παλαιότητα,

2223 2100 2248 2109 ~
2447 2095 2459 2112 I
2673 2093 2696 2112 δ
2771 2094 2790 2112 \
2849 2094 2861 2112 I
3072 2101 3098 2110 λυ
3292 2098 3302 2112 1
3663 2095 3676 2112 \

429 2097 635 2152 litterae
659 2101 1009 2152 vetustatem
1037 2097 1264 2167 fugiens
1286 2095 1530 2168 spiritus
1554 2098 1792 2154 novitati
1818 2100 2076 2155 serviat“

429 2202 693 2257 pureque
725 2185 793 2238 ad
825 2185 1074 2256 gratiam
1124 2203 1157 2240 a
1195 2185 1320 2256 lege
1368 2190 1647 2255 transeat,
1694 2187 2078 2259 spiritualiter

426 2272 673 2345 impleta
701 2273 758 2328 in
791 2273 1052 2344 corporis
1086 2274 1480 2331 evacuatione.

497 2451 733 2507 XCVIII.
777 2451 1012 2523 Ecquis,
1059 2468 1192 2507 cum
1248 2453 1530 2519 nondum,
1563 2457 1619 2509 et
1649 2470 1821 2526 opere
1868 2456 1968 2512 58
2026 2459 2084 2511 et

427 2540 938 2610 contemplatione,
963 2557 1066 2611 per
1087 2557 1292 2596 omnes
1324 2541 1544 2597 Christi
1574 2542 1996 2614 appellationes
2027 2550 2085 2601 et

428 2630 676 2684 virtutes
707 2629 1043 2700 porrexerit,
1101 2634 1218 2684 tam
1272 2629 1648 2686 sublimiores
1697 2631 1828 2686 illas
1866 2649 1933 2687 ac
1966 2632 2081 2703 pri-

435 2735 584 2784 mas,
618 2734 791 2788 quam
824 2717 1170 2774 humiliores
1203 2724 1440 2790 propter
1472 2735 1579 2774 nos
1605 2724 1662 2774 et
1691 2719 1963 2776 ultimas:
1991 2723 2082 2775 ni-

440 2806 659 2861 mirum
696 2806 812 2872 Dei,
845 2805 993 2872 Filii,
1034 2807 1331 2878 lmaginis,
1367 2807 1559 2874 Verbi,
1604 2809 1935 2880 Sapientiae,
1971 2814 2078 2865 Ve-

441 2895 653 2965 ritatis,
689 2895 882 2954 Lucis.
915 2895 1078 2966 Vitae,
1111 2895 1376 2966 Virtutis,
1407 2896 1671 2968 Vaporis,
1705 2899 2084 2955 Deﬂuxionis.

443 2983 802 3055 Splendoris,
836 2985 1112 3051 Factoris,
1154 2985 1351 3057 Regis,
1395 2987 1634 3058 Capitis,
1690 2988 1880 3060 Legis,
1921 2988 2086 3059 Vitae,

449 3072 615 3139 Ostii,
647 3073 1056 3139 Fundamenti,
1093 3074 1292 3140 Petrae,
1321 3075 1668 3146 Margaritaa,
1692 3076 1879 3147 Pacis,
1906 3079 2089 3132 Justi-

445 3163 560 3232 tiae,
586 3161 1099 3231 Sanctilicationis,
1122 3163 1582 3234 Redemptionis,
1603 3164 1886 3234 Hominis,
1907 3166 2089 3237 Servi,

447 3251 723 3318 Pastoris,
749 3252 918 3323 Agni,
941 3252 1260 3315 Pontiﬁcis,
1290 3252 1523 3325 Hostiae,
1550 3253 1928 3326 Primogeniti
1957 3260 2094 3311 ante

441 3357 534 3396 res
566 3340 851 3406 conditas,
886 3341 1261 3413 Primogeniti
1294 3360 1361 3397 ex
1395 3342 1664 3408 mortuis,
1697 3343 2091 3400 Resurrectio-

2183 2100 2252 2170 τῇ
2309 2095 2587 2166 καινότητι
2669 2093 2934 2169 δουλεύσῃ
3005 2101 3102 2150 τοῦ
3177 2098 3483 2169 πνεύματος
3519 2141 3534 2167 ,
3588 2095 3676 2150 καί
3738 2118 3834 2170 με-

2183 2180 2325 2259 ταϐῇ
2353 2187 2600 2260 καθαρῶς
2633 2183 2719 2239 ἐπὶ
2747 2187 2846 2254 τὴν
2898 2186 3060 2260 χάριν
3116 2185 3221 2239 ἀπὸ
3259 2189 3356 2240 τοῦ
3385 2184 3557 2258 νόμου
3588 2183 3840 2260 πληρου-

2193 2273 2358 2347 μένου
2416 2279 2792 2347 πνευματικῶς
2858 2273 2907 2328 ἰν
2963 2278 3032 2348 τῇ
3101 2277 3432 2350 καταργήσει
3499 2278 3596 2329 τοῦ
3651 2275 3840 2347 σώμα-

2188 2383 2280 2425 τος
2315 2365 2425 2436 (71)
2462 2383 2474 2431 ;

2264 2453 2362 2529 ι,Η’
2390 2452 2481 2514 Τίς
2545 2454 2713 2525 μήπω
2771 2451 2859 2508 διὰ
2916 2457 3100 2507 πασῶν
3163 2449 3387 2515 ὁδεύσας
3435 2455 3548 2526 (72)
3592 2456 3699 2507 τῶν
3749 2457 3849 2507 τοῦ

2192 2545 2427 2616 Χριστοῦ
2471 2546 2856 2616 προσηγοριῶν
2921 2541 3009 2596 καὶ
3061 2539 3365 2614 δυνάμεων,
3415 2541 3504 2595 καὶ
3566 2540 3706 2617 ἔργῳ
3753 2541 3848 2596 καὶ

2194 2630 2413 2705 θεωρίᾳ,
2443 2635 2548 2684 τῶν
2580 2653 2639 2686 τε
2689 2629 3044 2707 ὑψηλοτέρων
3090 2631 3179 2685 καὶ
3229 2631 3484 2707 πρώτων,
3516 2629 3604 2684 καί
3630 2635 3736 2684 τῶν
3776 2627 3851 2683 δι’

2193 2721 2341 2791 ἡμᾶς
2389 2720 2782 2795 ταπεινοτέρων
2840 2720 2930 2774 καὶ
2987 2719 3337 2788 τελευταίων,
3395 2724 3491 2773 τοῦ
3541 2723 3694 2786 Θεοῦ,
3750 2723 3851 2772 τοῦ

2194 2809 2343 2881 Υἱοῦ,
2377 2811 2473 2877 τῆς
2507 2808 2750 2881 Εἷκόνος,
2779 2814 2875 2863 τοῦ
2909 2808 3110 2883 Λόγου,
3140 2816 3238 2878 τῆς
3274 2809 3496 2886 Σοφίας,
3538 2816 3637 2877 τῆς
3667 2806 3850 2878 Ἀλη-

2195 2897 2358 2972 θείας,
2388 2904 2485 2954 τοῦ
2519 2899 2710 2961 Φωτὸς
2741 2901 2874 2973 (73),
2902 2902 3002 2968 τῆς
3052 2905 3226 2970 Ζωῆς,
3267 2905 3369 2968 τῆς
3401 2898 3708 2970 Δυνάμεως,
3733 2903 3849 2965 τῆς

2197 2985 2479 3060 Ἀτμίδος,
2529 2995 2630 3056 τῆς
2680 2987 3030 3064 Ἀπορῥοίας,
3081 2990 3179 3042 τοῦ
3229 2985 3704 3061 Ἀπαυγάσματος,
3749 2991 3850 3040 τοῦ

2201 3081 2463 3148 Ποιητοῦ,
2505 3081 2602 3132 τοῦ
2646 3075 2946 3146 Βασιλέως,
2997 3083 3093 3147 τῆς
3145 3073 3421 3153 Κεφαλῆς,
3468 3080 3564 3129 τοῦ
3616 3075 3807 3147 Νόμου
3835 3119 3851 3146 ,

2197 3173 2298 3235 τῆς
2344 3163 2524 3234 Ὀδοῦ,
2573 3173 2673 3235 τῆς
2722 3166 2918 3241 Θύρας,
2971 3169 3067 3220 τοῦ
3122 3162 3414 3237 Θεμελίου,
3469 3170 3566 3233 τῆς
3620 3163 3850 3232 Πέτθας,

2198 3259 2295 3310 τοῦ
2327 3254 2691 3330 Μαργαρίτου,
2737 3262 2836 3324 τῆς
2888 3255 3149 3330 Εἰρήνης,
3197 3261 3296 3323 τῆς
3344 3253 3722 3322 Δικαιοσύνης,
3751 3258 3852 3306 τοῦ

2203 3346 2506 3418 ’Δγιασμοῦ
2565 3347 2699 3419 (74),
2757 3351 2855 3413 τῆς
2913 3341 3421 3420 Ἀπολυτρώσεως,
3468 3346 3563 3397 τοῦ
3621 3343 3858 3416 Ἀνθρώο

439 3431 575 3486 nis:
611 3429 833 3501 ecquis,
885 3431 1154 3502 inquam,
1187 3430 1308 3486 haec
1356 3431 1596 3486 nomina
1644 3435 1701 3486 et
1750 3447 1843 3487 res
1892 3433 2079 3489 incas-

2200 3455 2328 3503 που,
2385 3438 2481 3488 τοῦ
2541 3432 2773 3503 Δούλου,
2833 3437 2930 3488 τοῦ
2989 3433 3283 3506 Ποιμένος,
3333 3436 3430 3486 τοῦ
3482 3433 3706 3503 Ἀμνοῦ,
3755 3435 3854 3484 τοῦ

435 3535 569 3574 sum
613 3518 878 3586 audiens,
932 3519 1182 3574 necdum
1230 3519 1411 3576 ullam
1461 3537 1593 3576 cum
1644 3521 1834 3576 Verbo
1883 3527 2086 3579 nactus

435 3606 1049 3676 communicationem,
1120 3624 1223 3664 nec
1299 3609 1488 3681 ipsius
1544 3614 1834 3681 quatenus
1901 3628 2085 3667 unum

435 3695 712 3766 quodque
765 3694 999 3764 horum,
1049 3700 1107 3750 et
1156 3700 1264 3767 est,
1298 3701 1355 3752 et
1404 3696 1751 3770 appellatur,
1797 3699 2087 3771 particeps

434 3784 644 3840 factus.

506 4053 668 4107 XCX.
726 4053 952 4126 Ecquis,
1007 4070 1141 4109 cum
1192 4053 1454 4109 nondum
1505 4054 1813 4120 vacaverit,
1868 4071 1934 4110 ac
1983 4055 2084 4111 Dei

436 4141 785 4210 sapientiam
821 4145 877 4197 in
910 4143 1186 4216 mysterio
1219 4143 1649 4211 absconditam,
1682 4141 1842 4214 loqui
1871 4143 2084 4199 didice-

435 4228 514 4282 rit
543 4229 605 4294 ⁷⁵,
631 4232 728 4283 sed
764 4231 1042 4301 parvulus
1075 4231 1265 4287 adhuc
1297 4232 1392 4301 sit,
1425 4232 1619 4288 adhuc
1645 4231 1793 4288 lacte
1825 4231 2081 4300 alatur“,

433 4316 626 4372 adhuc
657 4335 725 4373 ex
756 4319 824 4373 iis
859 4320 934 4374 sit
964 4321 1064 4391 qui
1103 4320 1254 4376 inter
1284 4321 1580 4377 Israelitas
1612 4337 1726 4376 non
1763 4338 2082 4377 numeran-

499 4437 547 4471 δι
577 4436 741 4489 Rom.
770 4453 847 4494 v1.
885 4437 969 4490 13.
1047 4437 1090 4470 ⁵³
1122 4437 1171 4490 lI
1201 4436 1329 4492 Cor.
1365 4455 1420 4506 v,
1452 4439 1502 4492 4.
1545 4439 1588 4472 ⁶⁶
1648 4438 1798 4494 Psal.
1832 4456 1907 4502 x1,
1956 4441 2010 4494 7.

430 4512 519 4564 22.
597 4508 640 4541 ⁷ο
672 4507 693 4560 Ι
727 4507 856 4562 Cor.
889 4524 950 4575 ιι,
991 4508 1076 4560 13.
1170 4509 1213 4543 τί
1266 4508 1412 4562 Psal.
1468 4526 1619 4577 xxvr,
1655 4511 1706 4564 4.

445 4599 507 4648 ιι,
538 4581 590 4634 7.
669 4580 712 4611 ⁷⁸
744 4583 764 4632 1
797 4579 907 4633 Cor
937 4595 1022 4645 111,
1052 4579 1106 4632 2.

504 4695 617 4767 (66)
652 4691 893 4767 Λογίοις.
929 4690 1228 4767 Nonnulli,
1263 4688 1470 4767 λόγοις.

505 4695 617 4834 (66)
652 4695 893 4767 Λογίοις.
929 4695 1228 4759 Nonnulli,
1265 4695 1470 4764 λόγοις.

505 4767 617 4848 (6‘7~
648 4767 913 4846 Τρισσῶς.
949 4765 1258 4848 .Advertere
1283 4763 1450 4888 iiouvat
1494 4781 1526 4818 a
1556 4763 1831 4844 Gregorio
1863 4765 2083 4821 dictum

505 4857 682 4888 ισσως.
717 4853 856 4888 auia
905 4835 998 4888 his
1037 4853 1096 4888 in
1141 4835 1276 4888 tabu
1307 4851 1355 4888 is
1402 4833 1492 4888 lex
1522 4840 1737 4888 scribta
1766 4840 1875 4888 est.
1904 4839 2081 4888 semel

430 4833 884 4911 -ιριονετᾶ›.ς,’(]ιιίειΔ
905 4835 998 4891 his
1037 4835 1118 4911 ing
1141 4833 1355 4911 tabulis
1402 4833 1492 4890 lex
1522 4833 1737 4906 scripta
1766 4840 1875 4902 est,
1904 4839 2082 4893 semel

433 4905 628 4965 autem
661 4905 923 4963 in'corde
955 4924 1056 4975 per
1088 4905 1384 4975 Spiritum.

433 4924 628 4965 autem
661 4926 720 4962 in
752 4924 923 4963 corus
945 4924 1056 5023 per
1088 4924 1384 4975 bplrltum.

432 4982 614 5105 61768)
697 4978 794 5031 Τὸν
876 4998 1023 5032 vam.
1111 4986 1228 5032 Duo
1318 4977 1547 5032 codices
1639 4979 1894 5045 addunt,

465 5071 604 5105 γιον.

465 5071 604 5106 γιον.

667 5122 920 5193 Χριστοῦ.
977 5124 1235 5186 Quatuor
1285 5120 1469 5190 Regii,
1519 5137 1602 5176 or.
1670 5122 1719 5187 1,
1777 5120 1936 5177 Colb.
1999 5139 2077 5187 m,

426 5197 580 5257 Θεοῦ,
612 5197 731 5247 Jes.
765 5195 996 5264 Χριστοῦ
1029 5195 1184 5245 Θεοῦ.

499 5267 608 5335 (70)
642 5263 980 5337 Συγγένειαν.
1015 5287 1042 5313 ‹‹
1076 5263 1514 5336 Coguationem.
1576 5286 1596 5311 η
1652 5264 1754 5318 Ed.
1803 5288 1827 5313 ‹‹
1881 5265 2079 5336 cogni-

431 5339 668 5392 tionem.
707 5356 734 5384 »

500 5409 614 5479 (71)
648 5405 932 5475 Σώματος.
968 5405 1128 5478 Regii
1156 5406 1434 5478 quinque,
1466 5407 1580 5460 duo
1612 5405 1797 5471 Colb.,
1831 5405 1920 5460 ed.
1953 5409 2078 5460 Bas.

433 5479 778 5553 γράμμοιῑοεο

509 5545 621 5622 (27)
651 5545 928 5622 Ὁδεόσας.
982 5548 1124 5622 Gab.
1176 5569 1205 5599 ››
1257 5547 1666 5622 peragraverit.
1702 5570 1722 5596 α
1760 5548 1934 5601 Porro
1979 5545 2082 5622 hof

443 5639 569 5677 rum
601 5619 817 5678 Christi
858 5620 1162 5675 nominum
1209 5619 1354 5678 pene
1401 5619 1663 5675 omnium
1715 5624 1994 5675 rationem
2027 5621 2085 5672 et

440 5692 945 5758 commentarium,
997 5691 1121 5764 ipso
1167 5689 1456 5764 Theologo
1501 5691 1835 5763 interprete,
1880 5689 2079 5758 habes,

1987 4978 2076 5032 τὸν

2105 4441 2147 4473 ⁸⁷
2194 4439 2331 4493 Luc.
2377 4455 2530 4507 xxxv,
2579 4439 2669 4493 32.

1781 4511 1825 4544 ⁷²
1857 4511 1906 4565 Il
1951 4512 2078 4566 Cor.
2129 4528 2204 4566 v1.
2258 4511 2342 4564 16.

2196 3523 2553 3598 Ἀρχιερέως,
2604 3526 2702 3576 τοῦ
2753 3521 3020 3594 Θύματος,
3072 3525 3168 3576 τοῦ
3199 3520 3557 3597 Πρωτοτόκου
3603 3520 3709 3594 πρὸ
3739 3519 3856 3572 κτί-

2198 3633 2330 3672 σεως
2379 3614 2529 3683 (75),
2582 3610 2941 3687 Πρωτοτόκου
2994 3610 3054 3665 ἐκ
3098 3615 3203 3665 τῶν
3257 3613 3496 3685 νεκρῶν,
3545 3615 3644 3678 τῆς
3699 3609 3857 3662 Ἀνα⁸

2198 3702 2454 3761 στάσεως·
2487 3699 2567 3761 τίς
2614 3699 2819 3754 τούτων
2869 3703 2974 3754 τῶν
3026 3697 3306 3773 ὀνομάτων
3346 3719 3404 3754 τε
3449 3697 3537 3752 καὶ
3590 3698 3854 3772 πραγμά-

2194 3808 2300 3842 των
2332 3786 2608 3842 ἐπακούων
2645 3789 2758 3861 (76)
2809 3787 2950 3858 εἷκῆ,
2997 3788 3086 3841 καὶ
3145 3789 3313 3859 μήπω
3365 3787 3702 3855 κοινωνήσας
3739 3785 3855 3856 (77)

2194 3875 2272 3949 τῷ
2325 3876 2510 3952 Λόγῳ,
2566 3873 2707 3950 μηδὲ
2768 3871 3088 3946 μεταλαϐὼν
3151 3874 3336 3942 αὐτοῦ,
3396 3875 3513 3937 καθ’
3569 3874 3599 3928 ’ὁ
3645 3871 3856 3928 τούτων

2192 3961 2415 4019 ἕκαστόν
2443 3964 2554 4020 ἐστί
2582 3986 2640 4020 τε
2670 3966 2759 4019 καὶ
2789 3962 3048 4034 κέκληται
3086 3984 3098 4034 ;

2267 4055 2358 4130 ιβ’
2386 4054 2506 4120 Τίς,
2542 4056 2709 4129 μήπω
2758 4053 3058 4130 σχολάσας,
3108 4050 3250 4125 μηδὲ
3296 4052 3481 4126 μαθὼν
3517 4051 3704 4107 λαλεῖν
3737 4053 3855 4124 (78)

2193 4148 2327 4198 Θεοῦ
2376 4143 2564 4220 σοφίαν
2616 4143 2667 4198 ἐν
2719 4143 3006 4218 μυστηρίῳ
3055 4143 3153 4210 τὴν
3201 4141 3716 4214 ἀποκεκρυμμένην,
3769 4135 3850 4194 ἔτι

2190 4235 2390 4302 νήπιος
2422 4230 2517 4302 ὢν,
2553 4231 2630 4286 ἔτι
2660 4233 2991 4309 τρεφόμενος
3025 4228 3279 4306 γάλακτι,
3312 4229 3389 4284 ἔτι
3420 4233 3527 4283 τῶν
3559 4227 3659 4282 οὐκ
3691 4227 3845 4302 ἀριθ-

2196 4320 2478 4394 μουμένων
2513 4321 2562 4374 ἐν
2594 4326 2672 4393 τῷ
2703 4324 2815 4395 (79)
2847 4319 3088 4395 Ἰσραὴλ,
3121 4318 3245 4373 οὐδὲ
3275 4317 3730 4393 καταλεγομένων
3764 4316 3846 4378 εἰς

2744 4439 2788 4473 ⁵⁸
2821 4439 2841 4493 Ι
2887 4439 3016 4493 Cor.
3051 4454 3112 4505 ιι,
3163 4438 3251 4491 16.

2433 4511 2476 4544 ⁷³
2522 4511 2729 4582 Ephes.
2781 4528 2842 4577 ιι,
2871 4511 2960 4564 22.

3337 4437 3384 4471 5°
3430 4436 3460 4491 J
3471 4438 3568 4492 ob.
3618 4451 3856 4502 xxxvm,

3037 4510 3081 4543 7‘
3114 4509 3280 4564 Rom.
3321 4525 3420 4575 vn,
3452 4509 3506 4562 6.
3586 4509 3631 4542 ⁷⁵
3661 4509 3680 4562 l
3715 4507 3845 4562 Cor.

2118 4708 2161 4772 ι)
2194 4701 2349 4772 orat:
2373 4711 2654 4772 xx§,guae
2677 4699 2764 4772 est
2796 4694 3054 4772 secunda
3079 4693 3152 4750 de
3181 4692 3350 4772 Filio,
3385 4707 3543 4748 num.
3575 4692 3733 4772 2l__et

2266 4769 2379 4838 (73)
2435 4761 2562 4823 Τοῦ“
2606 4763 2806 4841 φωτός,
2862 4765 3136 4837 Sequitur
3193 4765 3253 4819 in
3302 4765 3447 4838 Reg.
3505 4781 3552 4830 r,
3605 4767 3707 4830 τῆς
3752 4761 3854 4816 Δός

2195 4840 2307 4910 ξηςο

2246 4875 2377 4980 ’(74)
2407 4907 2722 4980 Ἀγιασμοῦ.
2757 4906 2917 4963 Colb.
2953 4907 2992 4974 i,
3023 4902 3406 4980 Ἀγιάσματος.

2262 4976 2374 5050 (75)
2412 4976 2520 5052 Πρὸ
2563 4976 2806 5039 κτίσεως.
2842 4980 2982 5103 Βεδῆἆ
3016 4995 3068 5047 a,
3101 4976 3163 5031 ἒκ
3191 4976 3437 5037 κτίσεως.

2262 5051 2373 5103 (76‘:
2407 5049 2738 5103 Ἐπακούων.
2771 5055 2910 5103 Rea.
2993 5065 3047 5103 u.
3081 5056 3137 5103 et
3191 5049 3350 5103 Colb.
3383 5049 3438 5103 3.
3487 5047 3660 5103 ambo
3699 5045 3820 5103 οι)ῐὶ

2261 5047 2373 5121 ('76)
2407 5047 2738 5123 Ἐ’ποριούῳν.
2764 5047 3047 5123 negabo,
3081 5056 3137 5105 et
3191 5049 3350 5123 Colb.
3383 5049 3438 5123 3,
3487 5047 3660 5104 ambo
3699 5047 3853 5118 opti-

2191 5139 2276 5178 nae
2311 5118 2476 5189 natae,
2528 5118 2606 5175 ἔτι
2645 5118 3038 5189 ἀκούωνέἰκῆ,
3073 5144 3099 5170 ‹‹
3155 5121 3349 5176 adhuc
3390 5121 3692 5176 incassum
3748 5134 3854 5173 au-

2191 5194 2378 5249 diens.
2414 5215 2442 5241 ››

2260 5267 2373 5334 (77)
2404 5265 2584 5331 Μήπω
2615 5264 2971 5332 κοινωνήσας,
3006 5265 3113 5317 etc.
3154 5285 3173 5306 ιι
3207 5260 3683 5334 Necdurqullam
3713 5275 3854 5317 cum

2190 5331 2378 5392 Verbo
2412 5341 2617 5390 nactus
2655 5335 3270 5391 communicationem.
3325 5358 3352 5383 »
3390 5331 3617 5402 Billius,
3659 5351 3687 5384 ι
3716 5347 3856 5388 nec-

2192 5408 2334 5462 dum
2363 5406 2709 5464 commercio
2742 5406 2858 5462 ullo
2891 5423 3022 5461 cum
3058 5407 3244 5460 Verbo
3277 5405 3497 5460 habito.
3535 5426 3562 5454 ι»

2264 5481 2372 5550 (78)
2406 5475 2619 5532 Λαλεῖν.
2661 5479 2756 5533 Sic
2804 5494 3006 5550 omnes
3055 5477 3522 5550 codicesA.___Male,
3567 5466 3754 5550 λαϐεῖν
3787 5472 3850 5532 in

2192 5546 2283 5605 ed;
2321 5546 2498 5605 Paris.
2529 5555 2585 5604 et
2615 5549 2768 5616 Bas,
2809 5549 2868 5604 in
2895 5566 3010 5621 qua
3038 5552 3236 5604 tamen
3268 5547 3468 5605 Billius
3498 5546 3848 5604 emendave-

2192 5626 2302 5676 rat.

2263 5692 2374 5762 (79)
2406 5691 2492 5745 Ἐν
2520 5689 2618 5762 τῷ.
2655 5691 2825 5749 Deest
2852 5691 2904 5744 ὶν
2941 5690 3000 5746 in
3032 5689 3170 5764 Reg.
3201 5689 3302 5746 hu.
