4184 6202
330 418 449 480 501

1480 416 1773 479 ORATIO
1816 414 1896 477 ll.
1926 441 2008 462 —
2032 414 2596 484 APOLOGETICA.

3622 438 3741 499 503

331 555 473 608 Θεοῦ
502 551 813 626 παράταξιν,
849 553 1017 625 μήπω
1048 551 1138 606 τὸν
1168 556 1399 626 Χριστου
1447 548 1670 625 σταυρὸν
1718 547 1794 609 ὡς
1843 548 1978 625 ἀνὴρ

2105 555 2190 606 tur
2219 552 2299 618 ",-
2330 569 2435 610 nec
2466 557 2524 611 in
2558 556 2653 613 Dei
2685 559 2893 615 castris
2924 566 3321 634 recensentur,
3355 567 3615 625 nondum
3640 571 3737 628 de-

330 639 508 715 αἴρειν
531 637 852 713 δυνάμενος,
870 645 1038 714 μήπω
1065 637 1325 713 μηδὶ(80)
1341 638 1480 695 ἄλλο
1497 660 1548 692 τι
1570 636 1735 710 μέλος
1760 635 1985 699 ὣνῖσως

329 735 443 785 τῶν
529 732 900 805 τιμιωτέρων,
956 730 1138 785 ἔπειτα
1214 729 1289 790 εἰς
1358 727 1600 804 κεφαλὴν
1658 733 1983 795 καταστῆναι

332 824 582 893 Χριστοῦ
612 817 990 893 πληρώματος
1032 817 1230 891 δέξεται
1281 816 1491 893 χαίρων
1538 816 1627 870 καὶ
1670 815 1985 890 προθυμού-

334 927 541 981 μενος;
575 908 690 964 Οὐκ
745 904 938 983 ἔμοιγε
987 911 1146 981 κριτῇ
1204 908 1293 961 καὶ
1352 900 1654 978 συμϐούλῳ
1695 906 1826 977 (81)·
1858 901 1985 959 ἀλλ’

330 999 497 1059 οὗτος
528 1000 557 1051 ὁ
598 992 781 1074 φόϐων
846 997 1124 1071 μέγιστος,
1154 996 1311 1056 οὗτος
1366 996 1394 1048 ὁ
1443 991 1704 1048 κινδύνων
1756 990 1985 1067 ἔσχατος

328 1087 496 1142 παντὶ
536 1091 615 1157 τῷ
647 1086 869 1142 συνιὲντι
902 1086 991 1141 καὶ
1020 1090 1115 1140 τοῦ
1162 1081 1595 1159 κατορθουμένου
1631 1083 1695 1137 τὸ
1739 1082 1984 1157 μέγεθος,

326 1177 423 1231 καὶ
454 1183 552 1245 τῆς
580 1172 904 1250 διαμαρτίας
934 1175 1021 1229 τὸν
1057 1172 1299 1250 ὄλεθρον.

406 1449 481 1502 P'.
513 1444 722 1506 ’Ἄλλος
774 1446 867 1517 μὶν
911 1442 1000 1498 οὖν
1051 1442 1258 1498 πλείτω
1303 1442 1417 1495 κατ⁹
1448 1439 1733 1515 ἐμπορίαν,
1776 1433 1984 1513 ἔλεγον,

329 1536 426 1591 καὶ
460 1536 672 1607 (82)τά
732 1534 911 1605 μακρὰ
964 1530 1394 1605 διαπεραιούσθω
1442 1528 1677 1602 πελάγη,
1709 1528 1799 1582 καὶ
1848 1549 1985 1597 συμ-

330 1626 583 1702 φερὲσθω
638 1628 753 1683 τοῖς
813 1620 1035 1695 ἀνέμοις
1095 1621 1175 1674 ἀεὶ
1232 1618 1321 1673 καὶ
1380 1623 1495 1679 τοῖς
1538 1617 1742 1689 κύμασι
1777 1613 1987 1691 μεγάλα

331 1713 431 1767 καὶ
464 1710 763 1788 κερδήσων,
791 1710 857 1765 ’ἂν
886 1710 1029 1765 οὕτω
1082 1708 1244 1784 τύχῃ,
1276 1708 1366 1762 καὶ
1424 1704 1804 1773 κινδυνεόσῖον,
1838 1705 1983 1766 ὅστις

327 1800 808 1861 πλευστικώτατος
945 1797 1390 1873 ὲμπορικώτατος
1440 1798 1570 1870 (83)'
1626 1795 1748 1867 ἐμοὶ
1801 1792 1846 1848 δ’
1895 1792 1986 1848 οὖν

2097 640 2273 712 nique
2301 642 2509 699 Christi
2542 662 2772 702 crucem
2812 653 3093 720 tanquam
3123 652 3212 707 vir
3249 655 3397 711 ferre
3447 663 3640 728 queat,
3673 677 3740 717 ac

2096 746 2168 784 ne
2197 729 2354 786 aliud
2388 735 2682 803 quoddam
2716 738 2962 794 fortasse
2993 744 3371 810 praestantius
3402 748 3735 804 membrum

2094 818 2189 887 sit,
2222 820 2349 875 laeto
2378 826 2573 878 tamen
2606 826 2901 897 alacrique
2933 830 3127 885 animo
3160 848 3221 886 se
3261 833 3587 891 Christiano
3619 855 3736 893 cm-

2092 909 2176 963 tui
2210 915 2386 982 caput
2414 913 2691 967 constitui
2724 916 3022 985 patietur?
3054 919 3177 974 Non
3210 924 3485 992 profecto,
3519 925 3567 979 si
3607 928 3735 998 qui-

2095 998 2225 1053 dem
2260 1000 2503 1056 consilio
2545 1019 2671 1057 meo
2704 1019 2769 1058 ac
2789 1005 3016 1073 judicio
3047 1010 3323 1065 standum
3356 1015 3603 1082 putabit.
3642 1017 3741 1070 Est

2095 1088 2312 1159 quippe
2332 1088 2425 1144 hic
2450 1094 2637 1146 metus
2658 1093 2921 1147 omnium
2945 1097 3259 1162 maximus,
3283 1098 3392 1154 hoc
3414 1101 3736 1171 periculum

2095 1177 2359 1231 omnium
2414 1180 2849 1252 gravissimum,
2899 1182 3036 1239 huic
3066 1186 3299 1256 quidem
3346 1194 3520 1259 certe,
3553 1194 3651 1262 qui
3682 1198 3739 1248 et

2095 1281 2280 1334 operae
2315 1267 2585 1339 praeclare
2616 1276 2838 1327 navatae
2866 1275 3352 1345 magnitudinem,
3386 1283 3442 1334 et
3479 1282 3561 1335 rei
3594 1282 3738 1337 infe-

2094 1354 2283 1411 liciter
2311 1362 2485 1427 gestae
2519 1360 2835 1430 perniciem
2866 1362 3161 1436 intelligit.
3318 1428 3327 1437 ,

2167 1445 2225 1499 C.
2260 1445 2423 1502 Alius
2452 1447 2650 1519 igitur,
2683 1466 2912 1506 mecum
2945 1452 3071 1523 ipse
3096 1454 3382 1522 dicebam,
3403 1462 3743 1517 mercatum

2095 1549 2274 1589 causa
2304 1536 2621 1608 naviget,et
2646 1538 2820 1611 longa
2854 1542 3037 1596 maria
3065 1543 3343 1614 trajiciat,
3372 1550 3428 1601 et
3457 1563 3590 1602 cum
3610 1564 3745 1604 ven-

2095 1620 2172 1675 tis
2204 1637 2268 1675 ac
2300 1620 2573 1679 ﬂuctibus
2603 1630 2881 1695 perpetuo
2913 1628 3430 1704 conﬂigat,magna
3461 1636 3547 1689 vel
3579 1635 3743 1693 lucra

2098 1708 2380 1775 facturus,
2401 1713 2447 1766 si
2484 1713 2563 1767 ita
2585 1731 2756 1770 casus
2779 1714 2997 1781 tulerit,
3015 1718 3101 1773 vel
3125 1720 3383 1791 pericula
3414 1724 3739 1793 subiturus,

2095 1798 2367 1870 quisquis
2399 1801 2678 1857 nimirum
2711 1804 2795 1860 vel
2832 1806 3142 1877 navigandi
3184 1810 3408 1881 peritia,
3442 1812 3528 1867 vel
3560 1829 3740 1885 nego-

326 1892 689 1965 αἱρετώτερον
735 1888 823 1943 ἐπὶ
870 1893 971 1964 γῆς
1014 1888 1265 1961 ἀνέχοντι
1297 1888 1432 1958 (84),
1468 1886 1727 1960 βραχεῖαν
1776 1880 1985 1937 αὔλακα

2105 1887 2277 1984 tiandi
2308 1895 2430 1945 arte
2459 1892 2686 1947 excellit
2717 1909 2728 1946 :
2762 1893 2907 1949 mihi
2937 1912 3035 1952 ver
3081 1880 3274 1968 potius
3308 1903 3479 1972 atque
3513 1880 3740 1974 opta‘bi-

323 1980 583 2052 τὲμνοντι
623 1978 712 2032 καὶ
760 1977 1036 2053 γλυκεῖαν,
1069 1974 1348 2051 πόρρωθεν
1406 1973 1765 2044 ἀσπαζομένῳ
1815 1971 1978 2047 κέρδη

324 2070 421 2124 καὶ
455 2070 753 2134 Θάλασσαν,
790 2071 883 2140 ζῇν
918 2065 1089 2127 οὕτως
1120 2062 1269 2125 ὅπως
1298 2064 1356 2117 ἂν
1390 2060 1637 2134 δύνωμαι
1678 2062 1766 2115 σὺν
1823 2059 1985 2135 ὀλίγῃ

322 2158 419 2212 καὶ
485 2161 657 2232 μικρᾷ
710 2160 779 2229 τῇ
845 2157 1006 2228 μάζῃ,
1065 2154 1154 2208 καὶ
1212 2150 1328 2228 βίον
1384 2148 1562 2206 ἕλκειν
1623 2150 1836 2226 ἀσφαλῆ
1895 2149 1983 2204 καὶ

323 2246 637 2319 ἀκύμαντον
684 2246 819 2318 (85),
858 2246 891 2311 ἢ
947 2242 1150 2317 μακρὸν
1196 2240 1539 2317 ἀναρριπτεῖν
1590 2242 1703 2312 (86)
1747 2238 1835 2292 καὶ
1890 2240 1983 2310 με·

323 2356 430 2411 γαν
460 2333 547 2389 ἐπὶ
581 2333 837 2409 μεγάλοις
868 2331 1077 2408 κέρδεσι
1104 2328 1369 2385 κίνδυνον.

410 2529 533 2584 PA'.
565 2524 791 2600 Ὑψηλῴ
823 2527 917 2598 μὲν
949 2525 1052 2600 γὰρ
1088 2524 1258 2596 ζημία
1302 2524 1364 2578 τὸ
1425 2525 1499 2595 μὴ
1554 2522 1818 2598 ἐγχειρεῖν
1867 2520 1985 2592 μεί-

328 2622 477 2686 ζοσι,
520 2613 801 2687 μηδέ
862 2613 936 2675 εἷς
993 2613 1215 2674 πλείους
1277 2611 1555 2667 διατείνειν
1612 2613 1710 2678 τήν
1769 2611 1985 2685 ἀρετὴν,

326 2703 465 2760 ἀλλ’
496 2704 583 2758 ἐπὶ
620 2707 826 2776 μικρῶν
854 2701 1125 2771 ἵστασθαι,
1161 2702 1273 2755 οἷον
1333 2699 1555 2776 μεγάλῳ
1603 2700 1742 2777 φωτὶ
1796 2698 1985 2772 μικρὸν

327 2794 486 2848 οἶκον
515 2792 884 2866 αὐγάζοντα,ἣ
911 2790 1190 2861 πανοπλίᾳ
1210 2794 1424 2863 νεανικῇ
1448 2794 1607 2860 σῶμα
1628 2786 1874 2842 παιδικὸν
1898 2808 1990 2841 πε-

322 2881 675 2957 ρισκέποντα’
700 2884 879 2953 μικρῷ
916 2877 973 2934 δὲ
995 2882 1106 2951 (88)
1131 2877 1398 2956 ἀσφάλεια
1424 2878 1590 2952 μικρᾶ
1624 2876 1987 2952 φορτίζεσθαι,

320 2969 478 3027 ἀλλὰ
514 2973 613 3041 μὴ,
645 2976 761 3031 τοῖς
809 2970 939 3043 ὑπὲρ
990 2966 1216 3041 δύναμιν
1269 2968 1453 3022 ἑαυτὸν
1507 2965 1825 3029 ὑποτιθέντα
1854 2967 1987 3037 (89),

328 3059 560 3134 γέλωτά
604 3079 681 3119 τε,
720 3056 1062 3134 ὀφλισκάνειν
1124 3058 1286 3128 ὁμοῦ,
1346 3055 1433 3109 καὶ
1499 3053 1841 3131 προστιθέναι
1898 3053 1987 3107 τὸν

326 3145 598 3203 κίνδυνονο
629 3147 810 3221 ὥσπερ
866 3167 926 3222 γε
980 3147 1072 3200 καὶ
1118 3146 1325 3222 πύργον
1361 3142 1671 3217 οἰκοδομεῖν
1706 3143 1803 3197 οὐκ
1833 3141 1990 3213 ἄλλῳ

321 3237 437 3292 τινὶ
467 3243 736 3309 προσῆκεν
770 3238 887 3308 (90)
917 3236 952 3304 ἢ
987 3236 1044 3297 ὃς
1074 3232 1190 3311 ἔχει
1222 3236 1288 3290 τὰ
1334 3235 1469 3309 πρὸς
1517 3233 1878 3310 ἀπαρτισμὸν,
1910 3232 1983 3292 ὡς

323 3326 666 3399 ἠκούσαμεν.

415 3596 538 3650 ΔΒ’.
574 3599 771 3668 Ἔχετε
816 3592 916 3659 τὴν
958 3588 1256 3665 ἀπολογίαν
1314 3590 1413 3657 τὴν
1460 3588 1593 3662 ὑπὲρ
1639 3595 1738 3656 τῆς
1789 3594 1987 3665 φυγῆς,

324 3683 427 3737 καὶ
480 3681 608 3744 ἴσως
659 3681 719 3736 οὗ
765 3680 1006 3754 μετρίαν.
1040 3684 1105 3734 ⁶Δ
1142 3680 1234 3751 μὶν
1289 3676 1379 3733 οὖν
1435 3698 1502 3751 με
1538 3679 1625 3754 ἀφ’
1661 3677 1808 3749 ὑμῶν
1845 3676 1985 3745 ἀπή-

328 3792 515 3845 γαγεν,
553 3771 597 3823 ὦ
647 3769 800 3847 φίλοι
849 3769 936 3823 καὶ
985 3765 1233 3843 ἀδελφοὶ,
1269 3765 1529 3840 λυπηρῶς
1582 3767 1674 3837 μὲν
1724 3764 1845 3836 ἐμοὶ
1898 3764 1986 3818 καὶ

333 3861 473 3931 ὑμῖν
529 3857 680 3925 ἴσως,
713 3857 1011 3934 ἀναγκαίως
1062 3853 1108 3910 δ’
1158 3854 1272 3924 οὖν,
1306 3855 1382 3916 ὡς
1430 3858 1560 3927 γοῦν
1607 3853 1825 3926 ἐμαυτῷ
1866 3853 1987 3906 τότε

326 3947 588 4015 ἐδόκουν,
619 3950 789 4002 ταῦτά
837 3946 998 4001 ιστιψ
1054 3944 1361 4019 ἕπανήγαγε
1402 3941 1459 3997 δέ
1510 3964 1577 4015 με
1605 3944 1718 4014 (91)
1754 3939 1988 4014 μάλιστα

329 4039 436 4110 μὲν
472 4038 499 4090 ὁ
533 4037 670 4111 πρὸς
704 4037 844 4110 ὑμᾶς
875 4035 1069 4105 πόθος,
1098 4033 1187 4089 καί
1216 4034 1279 4088 τὸ
1321 4032 1750 4087 ἆντιποθούντων
1800 4031 1984 4094 αἰσθά-

320 4124 726 4181 νεώαιθοῦδὶν
793 4124 895 4200 γὰρ
954 4123 1127 4185 οὕτως
1187 4122 1409 4197 ἰσχυρὸν
1470 4121 1603 4196 πρὸς
1650 4119 1988 4195 ἀγάπην,ὠς

324 4211 721 4287 ἀντιδιδομὲνη
755 4211 1011 4277 διάθεσις.

408 4489 520 4538 Pl".
557 4481 812 4556 Δεύτερον
849 4478 905 4535 Si
934 4481 969 4549 ἡ
1009 4479 1117 4551 ἐμή
1172 4478 1412 4556 φροντὶς,
1444 4478 1507 4531 τὸ
1556 4475 1685 4548 ἐμὸν
1739 4475 1916 4552 ἔργον,
1948 4477 1982 4544 ἡ

322 4578 443 4629 τῶν
476 4573 635 4647 ἱερῶν
668 4570 872 4645 γονέων
905 4568 1075 4623 πολιὰ
1102 4567 1191 4621 καὶ
1242 4568 1502 4634 ἀσθένεια,
1536 4564 1614 4619 ἐπ’
1646 4564 1768 4637 ἐμοὶ
1816 4562 1982 4618 πλέον

2093 1976 2208 2032 lius
2242 1982 2348 2043 est,
2383 1979 2441 2033 in
2471 1984 2623 2035 terra
2653 1982 2905 2053 degenti,
2934 1988 3108 2055 atque
3141 1987 3417 2059 exiguum
3450 2006 3653 2046 arvum
3685 1998 3741 2047 et

2095 2067 2263 2123 dulce
2292 2067 2565 2137 sulcanti,
2600 2086 2665 2125 ac
2715 2070 2880 2127 lucra
2917 2077 2974 2128 et
3003 2090 3162 2130 mare
3201 2078 3401 2148 procul
3432 2079 3737 2148 salutanti,

2093 2158 2282 2213 vivere
2312 2162 2377 2212 ut
2400 2163 2597 2229 potero
2628 2176 2760 2215 cum
2785 2178 2968 2231 pauca
2997 2167 3052 2218 et
3080 2165 3288 2236 exigua
3320 2182 3503 2236 maza,
3535 2168 3739 2224 vitam-

2096 2263 2208 2318 que
2236 2252 2423 2301 tutam
2456 2253 2514 2302 at
2545 2249 2924 2319 tranquillam
2957 2252 3189 2319 ducere,
3222 2270 3398 2325 quam
3434 2258 3507 2311 ob
3537 2257 3742 2329 ingen-

2094 2340 2184 2391 tes
2217 2342 2479 2408 qumstus
2509 2352 2681 2409 grave
2708 2355 2773 2394 ac
2803 2338 3151 2396 diuturnum
3194 2344 3519 2414 periculum
3551 2346 3742 2402 susci-

2095 2441 2251 2497 pere.

2167 2515 2253 2571 Cl.
2280 2515 2504 2571 Etenim
2523 2516 2762 2571 sublimi
2791 2518 3027 2588 quidem
3049 2518 3169 2575 viro
3190 2521 3608 2578 detrimentum
3634 2528 3743 2590 est,

2098 2607 2197 2663 59
2221 2622 2314 2661 res
2345 2621 2590 2677 magnas
2613 2623 2725 2660 non
2759 2608 3019 2679 aggredi,
3047 2626 3149 2664 nec
3179 2610 3450 2666 virtutem
3486 2614 3555 2667 ad
3593 2614 3745 2669 mul-

2098 2701 2188 2750 tos
2216 2710 2553 2766 propagare,
2589 2697 2690 2750 sed
2724 2696 2779 2750 in
2815 2696 3009 2767 parvis
3053 2699 3370 2755 consistere
3418 2717 3533 2756 non
3575 2716 3746 2759 secus

2100 2802 2164 2840 ac
2189 2785 2237 2839 si
2269 2800 2480 2855 magno
2512 2783 2733 2839 lumine
2786 2802 3021 2856 parvam
3054 2788 3294 2843 domum
3339 2788 3613 2861 illustret,
3647 2796 3748 2846 aut

2097 2874 2368 2928 virilibus
2399 2873 2581 2928 armis
2603 2874 2822 2945 puerile
2843 2891 3055 2946 corpus
3086 2877 3526 2949 obtegat.Parvo
3548 2884 3743 2936 autem

2100 2961 2263 3015 salus
2294 2962 2353 3014 in
2385 2976 2451 3016 eo
2483 2959 2774 3026 consistit,
2808 2965 2874 3015 ut
2923 2979 3166 3034 parvum
3199 2980 3349 3020 onus
3379 2966 3608 3037 subeat,
3639 2985 3745 3023 nec

2098 3050 2173 3105 iis
2204 3051 2378 3105 rebus
2408 3066 2535 3121 quas
2562 3050 2714 3105 vires
2734 3050 2923 3123 ipsius
2945 3053 3248 3109 excedunt.
3274 3054 3534 3126 seipsum
3568 3057 3745 3127 subji—

2100 3139 2280 3205 ciens,
2313 3138 2491 3194 simul
2534 3143 2591 3194 et
2638 3138 2821 3193 risum
2872 3146 3119 3205 moveat,
3162 3143 3485 3214 periculum
3538 3147 3745 3218 adjun-

2099 3232 2217 3299 gat.
2250 3227 2750 3290 Quemadmodum
2781 3227 3003 3284 scilicet
3044 3246 3151 3286 nec
3181 3231 3277 3286 alii
3311 3233 3590 3305 cuiquam
3621 3239 3745 3291 tur-

2100 3318 2209 3371 rim
2241 3316 2527 3371 aedificare
2557 3316 2828 3371 convenit
2875 3317 2938 3386 ⁷⁸,
2988 3334 3163 3387 quam
3211 3318 3262 3374 ei
3308 3319 3407 3390 qui
3438 3336 3506 3376 ea
3536 3321 3748 3378 habeat

2098 3422 2225 3476 quae
2260 3406 2330 3461 ad
2364 3405 2783 3476 perﬁciendum
2814 3407 3211 3476 requiruntur,
3248 3413 3310 3463 ut
3338 3426 3406 3464 ex
3449 3410 3750 3483 Scriptura

2098 3495 2450 3550 audivimus.

2170 3581 2283 3637 CII.
2318 3581 2556 3637 Habetis
2604 3585 2865 3637 nostram
2912 3582 2984 3637 de
3036 3582 3176 3655 fuga
3222 3586 3651 3656 purgationem,
3680 3604 3746 3643 ac

2098 3670 2346 3725 fortasse
2377 3669 2510 3741 plus
2542 3686 2707 3741 aequo
2738 3670 3042 3741 prolixam.
3078 3673 3205 3728 Haec
3234 3679 3391 3741 sunt,
3425 3691 3457 3730 ο
3490 3675 3661 3729 amici
3690 3680 3747 3730 et

2099 3761 2328 3822 fratres,
2361 3775 2489 3830 quae
2537 3776 2652 3828 me,
2702 3759 2846 3813 mihi
2895 3759 3131 3831 quidem
3179 3761 3443 3828 moleste,
3475 3779 3540 3817 ac
3578 3763 3743 3818 vobis

2098 3848 2271 3903 etiam
2307 3848 2575 3918 fortasse,
2626 3848 2726 3902 sed
2772 3852 2969 3903 tamen
3022 3849 3368 3916 necessario,
3416 3855 3481 3904 ut
3532 3850 3740 3906 saltem

2099 3936 2243 3991 mihi
2274 3941 2400 3992 tum
2432 3937 2715 4008 temporis
2744 3936 3069 4004 videbatur,
3091 3955 3123 3992 a
3152 3937 3319 3992 vobis
3350 3938 3738 3996 abduxerunt.

2095 4028 2167 4081 At
2194 4041 2327 4081 vero
2377 4042 2471 4081 me
2516 4027 2588 4080 ad
2636 4025 2885 4080 reditum
2935 4025 3298 4097 impulerunt
3329 4029 3580 4084 maxime
3609 4030 3740 4100 qui-

2097 4116 2231 4170 dem
2260 4115 2438 4170 vestri
2471 4113 2849 4179 desiderium,
2882 4118 2938 4168 et
2968 4114 3109 4185 quia
3134 4131 3237 4171 vos
3269 4121 3476 4172 mutuo
3508 4118 3620 4172 mei
3652 4120 3746 4173 de-

2097 4206 2311 4261 siderio
2342 4202 2525 4258 teneri
2555 4202 2879 4258 sentiebam
2928 4220 2940 4257 :
2993 4219 3181 4275 neque
3230 4204 3386 4260 enim
3420 4206 3743 4277 quidquam

2097 4296 2168 4350 ad
2202 4308 2460 4349 amorem
2486 4291 2567 4346 ita
2588 4291 2827 4345 firmum
2850 4307 2916 4345 ac
2941 4292 3247 4347 robustum
3270 4297 3378 4359 est,
3408 4299 3470 4347 ut
3500 4299 3744 4350 mutuus

2095 4384 2357 4439 affectus.

2166 4473 2281 4527 Cll.
2315 4470 2532 4526 Deinde
2570 4485 2698 4524 mea
2728 4467 2851 4524 haec
2880 4485 3038 4536 cura,
3073 4485 3241 4525 meus
3292 4470 3386 4525 hic
3416 4470 3601 4535 labor,
3636 4472 3745 4527 hoc

2095 4566 2202 4628 est,
2254 4564 2588 4616 sanctorum
2641 4562 2950 4628 parentum
2998 4558 3241 4614 canities
3302 4565 3359 4614 et
3408 4560 3741 4631 infirmitas,

326 4664 365 4731 ἧ
403 4664 485 4732 τῷ
520 4659 706 4737 χρόνῳ
738 4657 1075 4732 καμνόντων,
1105 4650 1357 4731 Ἀϐραὰμ
1384 4650 1542 4708 τοῦδε
1570 4658 1666 4707 τοῦ
1713 4654 1980 4728 πατριάρ-

2105 4667 2222 4706 rnea
2252 4665 2431 4704 causa
2479 4646 2667 4717 magis
2717 4661 2895 4717 quam
2951 4651 3269 4715 senectute,
3322 4647 3740 4712 laborantium,

498 4751 595 4817 τῆς
638 4747 825 4820 τιμίας
870 4745 994 4819 ἐμοὶ
1035 4744 1278 4821 κεφαλῆς
1327 4742 1415 4798 καὶ
1452 4743 1569 4814 μετ’
1602 4740 1846 4817 ἀγγέλων
1880 4744 1992 4815 (92)

406 4870 448 4903 ⁷⁷
480 4866 654 4922 Num.
687 4882 728 4931 1,
759 4865 813 4920 3.
890 4864 933 4899 ⁷⁸
965 4863 1101 4919 Luc.
1136 4878 1246 4931 xw,
1272 4861 1362 4915 28.

409 4982 523 5055 (80)
554 4976 724 5055 Μηδὲ.
756 4980 870 5055 Alii
904 4975 1049 5055 μηδ’.

408 5046 524 5126 (81)
556 5046 1104 5125 ΣυμϐούλῳξΗϐεε.
1138 5067 1183 5104 r.
1218 5047 1395 5104 Addit
1426 5047 1738 5121 χρώμενος,
1764 5048 1866 5104 sed
1897 5063 1988 5102 re-

325 5126 581 5185 centiori
617 5142 818 5180 manu.

406 5200 521 5270 (8‘2)
553 5196 670 5270 Καί.
706 5198 876 5270 Deest
907 5194 966 5249 in
997 5197 1174 5270 Regg:
1206 5196 1252 5270 ι,
1280 5209 1328 5260 z,
1363 5194 1419 5245 et
1447 5189 1604 5270 Colb.
1642 5191 1697 5259 3,
1730 5206 1807 5270 ιι]Σ

407 5260 522 5339 (83)
552 5265 1029 5339 Ηλευστικώτατος
1083 5260 1178 5339 καὶ
1236 5260 1699 5339 ἐμπορλικώτατος.
1760 5260 1987 5339 Mallem

329 5334 425 5399 sic
451 5334 694 5396 reddere
728 5356 741 5394 :
778 5361 805 5387 «
839 5335 1160 5412 Navigandi
1214 5340 1274 5412 et
1319 5334 1986 5412 faciendze‘mercatu‘raa

332 5412 634 5468 desiderio
665 5416 940 5480 ﬂagrans.
970 5403 1151 5480 {Non
1183 5407 1339 5480 enim
1373 5409 1442 5480 de
1474 5403 1698 5480 peritis,
1733 5408 1798 5457 ut
1826 5403 1986 5457 vide-

332 5494 451 5544 tur.
488 5484 591 5540 sed
625 5483 697 5555 de
725 5475 1051 5555 temerariis
1080 5477 1342 5555 loquitur
1379 5475 1732 5555 Theologus.

410 5559 523 5627 (84)
555 5552 855 5643 Ἀνιχοντι.
885 5550 1137 5643 0012.19,
1158 5545 1229 5643 ’ἃιν
1275 5545 1481 5643 ἔχοντι,
1510 5548 1549 5643 Γ(1
1563 5545 1771 5632 [νὶεἱῐῐι.

412 5614 527 5698 (85)
560 5614 914 5694 Ἀκόραντον.
974 5614 1132 5677 Colb.
1198 5614 1378 5686 mea:
1435 5614 1731 5672 ἀκίνδυνον.
1771 5617 1984 5671 Forsan

335 5698 743 5777 glossema...
874 5768 897 5777 -
1008 5763 1117 5777 -..
1393 5763 1403 5773 .
1872 5756 1885 5777 ,

410 5771 526 5843 (86)
547 5764 947 5841 Ἀναρῥιπτεῖν.
1003 5763 1160 5821 Colb.
1233 5779 1312 5831 m,
1390 5763 1449 5817 in
1520 5763 1801 5834 margine,
1861 5763 1984 5811 ἀνα-

2103 4741 2303 4810 bujus,
2327 4738 2590 4807 inquam,
2614 4733 2954 4807 patriarchae
2983 4735 3567 4805 Abrahae,venerandi
3599 4738 3743 4793 mihi

2100 4965 2416 5043 λαμϐάνειν.
2450 4969 2557 5043 Sed
2588 4967 2799 5043 prima
2846 4984 2953 5043 vox
3000 4966 3305 5024 retinenda
3351 4973 3409 5024 et
3447 4970 3739 5037 vertenda,

2101 5068 2127 5096 ‹‹
2165 5039 2258 5100 me
2290 5044 2351 5098 in
2383 5039 2709 5114 periculum
2742 5039 3046 5114 conjicere.
3074 5061 3102 5088 ››

2171 5115 2285 5187 (87)
2316 5109 2487 5181 Μὴδέ.
2522 5112 2720 5187 gomp.
2759 5109 2908 5187 μηδ’.

2171 5178 2284 5257 (88)
2316 5178 2512 5258 Μικρῷ-
2534 5180 2609 5258 δέ..
2635 5178 2835 5238 Comb.
2863 5184 3054 5258 Δμικρῷ
3074 5178 3146 5258 δ’.

2170 5248 2281 5329 (89)
2310 5248 2665 5309 Ὑπότίθέντα,
2720 5248 2917 5329 (Lo‘mb.
2948 5248 3133 5329 degit,
3195 5248 3746 5329 ῥποτιθένταῌχρεώ-

2101 5320 2326 5397 stimet
2348 5329 2535 5387 vertit,
2552 5350 2578 5375 «
2600 5342 2729 5380 sese
2750 5320 3067 5381 obnoxium
3100 5320 3273 5380 l‘aciat
3303 5342 3368 5380 ac
3400 5320 3695 5396 subjiciat.
3716 5352 3741 5377 ιι

2172 5396 2286 5471 (⁷90(
2319 5404 2615 5473 Προσῆκεν.
2678 5397 2811 5466 Reg.
2872 5396 2994 5467 bm,
3050 5402 3108 5452 et
3166 5397 3364 5452 Comb.
3420 5400 3739 5472 προσήκειν.

2094 5473 2218 5528 Non
2252 5472 2420 5526 male.

2167 5544 2275 5614 (9|)
2312 5542 2649 5613 Ἐπανήγαγε.
2679 5535 2855 5614 deus.
2892 5560 2918 5587 ‹‹
2952 5538 3041 5614 Me
3073 5543 3267 5614 autem
3298 5540 3671 5598 reduxerunt.
3708 5564 3735 5589 ››

2096 5611 2188 5671 Sic
2223 5614 2417 5683 plures
2454 5611 2792 5684 Reggcodd.
2826 5613 2887 5684 In
2920 5611 3009 5665 ed.
3049 5629 3120 5684 pe.
3143 5611 3324 5667 deest.

2165 5680 2277 5758 (92)
2310 5685 2435 5741 Μετ’
2457 5680 2725 5759 ἀγγέλων.
2747 5683 2880 5738 Ruf.
2901 5705 2928 5731 ‹‹
2946 5680 3147 5753 Angeli
3180 5684 3368 5737 instar
3392 5688 3733 5753 aspectus.»
