4184 6202
420 401 541 462 503

425 625 483 679 in
517 623 648 678 ﬁdei
682 621 949 677 doctrina
978 619 1361 692 spiritualiter
1383 622 1764 692 parturientis
1789 639 1801 677 ζ
1828 639 2075 695 quorum

429 713 709 769 senectuti
740 710 987 766 baculus
1018 727 1165 780 esse,
1191 714 1366 782 atque
1398 710 1796 767 inﬁrmitatem
1830 729 1937 783 ope
1970 711 2078 767 ful-

431 803 568 869 cire,
626 816 759 855 cum
810 801 960 855 inter
1017 800 1206 871 prima
1236 800 1523 855 vovissem
1558 799 1734 871 idque
1764 801 1937 856 etiam
1981 817 2080 872 pro

429 890 581 945 virili
613 906 741 944 mea
772 889 1196 960 praestitissem,
1222 890 1363 944 adeo
1396 894 1457 942 ut
1484 889 1914 961 philosophiam
1946 907 2084 961 quo-

432 997 543 1051 que
564 978 777 1051 ipsam,
802 995 916 1048 qua
940 994 1044 1032 nec
1074 976 1367 1049 possessio
1388 977 1640 1045 ulla,nec
1664 995 1873 1033 nomen
1895 979 2081 1033 ullum

435 1069 577 1123 mihi
614 1068 847 1122 charius
873 1071 983 1136 est,
1016 1067 1491 1137 contempserim,
1533 1066 1642 1133 vel,
1672 1073 1733 1121 ut
1764 1069 1957 1123 verius
2000 1068 2083 1122 lo-

437 1179 604 1232 quar,
642 1161 694 1215 id
748 1159 1039 1231 imprimis
1073 1159 1537 1231 philosophatus,
1574 1177 1643 1215 ne
1684 1161 2086 1232 philosophari

436 1251 683 1316 viderer,
704 1265 819 1303 non
853 1248 981 1311 tuli,
1016 1249 1086 1302 ob
1115 1265 1297 1302 unum
1330 1248 1456 1302 vitae
1481 1251 1843 1321 propositum
1872 1249 2088 1304 laboris

442 1340 555 1392 mei
608 1339 861 1391 fructum
911 1336 1052 1390 mihi
1104 1337 1469 1404 intercidere,
1520 1354 1585 1392 ac
1630 1338 2089 1394 benedictionem

440 1426 953 1498 exstingui,quam
988 1426 1161 1479 etiam
1196 1430 1435 1480 sanctus
1463 1427 1699 1498 quidam
1734 1426 1870 1481 olim
1905 1427 2091 1482 subri-

440 1515 641 1588 puisse
671 1515 902 1581 dicitur,
927 1521 1086 1585 patre
1120 1532 1218 1585 per
1248 1514 1441 1569 cibum
1468 1533 1533 1570 ac
1563 1516 1814 1585 pilorum
1849 1516 2090 1589 ﬁgmen-

441 1610 567 1660 tum
601 1605 1015 1671 circumvento,
1051 1622 1115 1659 ac
1151 1621 1209 1659 re
1242 1605 1409 1670 bona,
1445 1622 1557 1659 non
1611 1606 1774 1672 bene,
1812 1623 1911 1676 per
1950 1606 2093 1661 insi-

447 1695 574 1749 dias
604 1698 832 1765 captata
864 1694 926 1746 τ’.
951 1698 1029 1746 Ac
1060 1694 1207 1747 duas
1240 1694 1476 1764 quidem
1512 1693 1618 1748 has
1652 1711 1861 1749 causas
1892 1694 2092 1749 habui.

449 1800 552 1839 cur
584 1799 794 1837 manus
825 1784 1058 1836 tandem
1106 1783 1327 1848 darem,
1360 1782 1667 1853 leuemque
1698 1788 1753 1837 et
1802 1782 2094 1853 placidum

1672 400 1737 461 S.
1784 399 2155 463 GREGORII
2199 401 2593 465 THEOLOGI

424 534 657 606 capitis,
679 540 1002 603 atquecum
1026 531 1249 603 angelis
1272 532 1642 599 numerandi,
1668 538 1723 587 et
1753 534 2072 600 Sarrm,nos

2225 534 2614 608 ριθμουμένης,
2665 536 2753 587 καὶ
2815 532 3049 610 Σάρξας,

3721 403 3837 465 504

3096 537 3193 603 τῆς
3240 534 3327 589 καὶ
3380 536 3491 608 (93)
3542 522 3840 607 πνευμιτι⁹

2188 626 2299 683 κῶς
2332 621 2636 693 ὠδινούσης
2663 626 2809 696 ἡμᾶς
2852 622 2902 677 ἐν
2954 628 3022 697 τῇ
3075 620 3397 695 διδασκαλίᾳ
3425 627 3522 693 τῆς
3579 624 3837 693 πίστεως,

2189 713 2263 764 ὧν
2320 710 2561 785 γενέσθαι
2615 712 2880 787 βακτηρία
2928 717 3005 784 τῷ
3050 715 3215 788 γήρᾳ,
3248 712 3335 767 καὶ
3390 711 3682 789 ὑπερείδειν
3737 714 3839 782 τὴν

2192 801 2484 872 ἀσθένειαν,
2514 804 2620 854 τῶν
2664 802 2895 875 πρώτων
2955 802 3123 877 εὐχὴν
3171 801 3479 874 εὐξάμενος,
3512 803 3602 857 καὶ
3654 804 3841 875 μέντοι

2190 888 2277 942 καὶ
2336 888 2638 963 πληρώσας
2690 888 2889 957 ταύτην
2923 892 3055 962 (94),
3091 889 3263 959 ὁπόση
3326 887 3568 963 δύναμις·
3623 890 3699 952 ὡς
3745 892 3836 945 καὶ

2193 975 2515 1054 φιλοσοφίας
2550 975 2819 1050 ὑπεριδεῖν
2849 978 3037 1049 αὐτῆς,
3070 983 3165 1033 τοῦ
3196 979 3408 1033 πάντων
3466 979 3591 1051 ἐμοὶ
3638 1002 3845 1053 τιμιωο

2192 1068 2359 1120 τάτου
2416 1068 2693 1138 κτήματος
2752 1067 2839 1121 καὶ
2906 1068 3193 1141 ὀνόματος,
3289 1068 3350 1123 τό
3392 1090 3451 1143 γε
3482 1067 3845 1144 ἀληθέστερον

2196 1154 2387 1227 εἰπεῖν,
2418 1156 2479 1208 τὸ
2517 1157 2591 1227 μὴ
2654 1155 2971 1233 φιλοσοφεῖν
3002 1160 3114 1231 (95)
3145 1154 3290 1227 δόξαι
3342 1162 3557 1232 πρῶτον
3612 1156 3845 1234 φιλοσο-

2198 1246 2393 1320 φήσας,
2430 1244 2528 1298 οὐκ
2560 1242 2760 1319 ἤνεγκα
2792 1243 3060 1300 διαπεσεῖν
3097 1268 3188 1317 μοι
3225 1248 3313 1301 τὸν
3350 1246 3559 1320 μόχθον
3610 1247 3668 1301 ἐκ
3720 1254 3849 1321 μιᾶς

2201 1334 2519 1405 ὑποθέσεως,
2580 1333 2704 1388 οὐδὶ
2758 1333 3123 1403 καταλυθῆναι
3178 1337 3279 1405 τὴν
3336 1335 3612 1410 εὐλογίαν,
3645 1338 3706 1405 ἣν
3759 1336 3852 1391 καὶ

2200 1420 2394 1495 κλέψαι
2424 1443 2504 1483 τις
2534 1420 2642 1492 ἤδη
2698 1427 2803 1477 τῶν
2863 1422 3031 1478 πάλαι
3065 1426 3177 1497 (96)
3210 1424 3369 1477 ὁσίων
3429 1422 3662 1500 λέγεται,
3702 1426 3854 1499 βρώ-

2206 1533 2332 1583 ματι
2388 1512 2477 1565 τὸν
2538 1513 2739 1587 πατέρα
2798 1512 2885 1566 καὶ
2916 1518 3122 1588 τριχῶν
3154 1512 3433 1585 πλάσματι
3466 1515 3852 1590 σοφισάμενος,

2203 1600 2289 1653 καὶ
2322 1602 2383 1654 τὸ
2431 1600 2596 1654 καλὸν
2631 1600 2691 1654 οὐ
2722 1599 2903 1662 καλῶς
2936 1605 3045 1674 (97)
3079 1600 3148 1654 δι’
3188 1597 3487 1669 ἐπιϐουλῆς
3541 1602 3861 1675 θηρασάμεο

2203 1710 2313 1750 νος.
2347 1688 2448 1743 Δύο
2488 1690 2581 1762 μὲν
2618 1687 2685 1757 δὴ
2717 1694 2883 1744 ταῦτα
2911 1698 3010 1759 τῆς
3043 1690 3178 1762 ἐμῆς
3212 1690 3383 1760 ἥττης
3436 1692 3523 1744 καὶ
3574 1691 3859 1766 ἡμερότη-

2203 1800 2294 1839 τος
2357 1775 2519 1835 αἶτια.
2556 1779 2651 1832 Καὶ
2715 1777 2841 1840 ἴσως
2895 1778 2994 1833 οὐκ
3047 1779 3267 1850 ἄτοπον,
3326 1780 3655 1857 ἀμφοτέροις
3714 1780 3853 1835 ἑκεί-

451 1889 541 1927 me
575 1872 910 1943 praeberem.
942 1872 1057 1925 Nec
1100 1872 1346 1925 fortasse
1391 1871 1712 1925 absurdum
1748 1872 1876 1937 fuit,
1923 1872 2094 1927 ratio-

2220 1889 2319 1929 μοις
2354 1870 2466 1937 (98)
2499 1867 2629 1937 εἶξαι
2661 1869 2748 1921 καὶ
2796 1869 3156 1943 ὑποχωρῆσαι
3200 1867 3327 1929 τοὺς
3378 1866 3703 1944 λογισμοὺς,
3735 1869 3856 1924 εκεῖ

452 1978 585 2017 nem
616 1961 804 2034 ipsam
837 1961 1066 2015 duabus
1097 1960 1188 2015 bis
1237 1959 1429 2015 causis
1478 1961 1678 2015 cedere
1726 1960 2094 2031 quandoqui-

450 2052 581 2105 dem
612 2050 852 2105 cedendi
887 2065 1119 2120 quoque
1149 2053 1383 2119 tempus
1413 2052 1521 2112 est,
1560 2052 1625 2102 ut
1656 2048 1804 2103 alius
1837 2049 2097 2119 cujusvis

444 2136 533 2194 rei'
562 2156 573 2193 :
611 2143 962 2210 praestatque
995 2138 1096 2192 60
1127 2137 1337 2192 honest
1368 2137 1540 2206 vinci,
1566 2153 1739 2207 quam
1774 2137 2097 2208 periculose

442 2233 497 2283 et
528 2228 748 2283 nefarie
779 2227 1031 2281 vincere.

513 2316 651 2371 CIV.
685 2315 943 2371 Accessit
972 2320 1029 2369 et
1086 2314 1199 2369 alia
1239 2330 1438 2381 causa,
1469 2331 1654 2387 eaque
1698 2314 1939 2370 maximi
1974 2332 2097 2371 mo-

444 2406 647 2472 menti,
668 2422 844 2476 quam
878 2420 1008 2458 cum
1042 2404 1230 2458 adhuc
1255 2420 1594 2475 exposuero,
1616 2403 1872 2474 reliquas
1894 2421 2097 2461 omnes

445 2495 678 2551 silentio
713 2492 1035 2567 praeteribo.
1071 2493 1269 2547 Memor
1295 2494 1384 2562 fui
1414 2492 1633 2548 dierum
1661 2494 2011 2563 antiquorum
2031 2494 2095 2561 ⁸ο,

442 2590 617 2656 atque
637 2583 705 2638 ad
723 2588 973 2639 veterem
996 2582 1314 2653 quamdam
1331 2581 1634 2637 historiam
1653 2581 2101 2647 ascendi,illinc-

446 2689 557 2744 que
590 2672 733 2727 mihi
768 2671 879 2742 ipsi
924 2670 1233 2726 consilium
1292 2671 1363 2724 ad
1416 2685 1507 2725 res
1567 2674 1880 2739 praesentes
1929 2672 2094 2725 traxi.

445 2762 644 2833 Neque
692 2760 845 2815 enim
898 2759 1069 2814 nobis
1117 2759 1175 2812 in
1211 2762 1464 2813 mentem
1497 2757 1709 2825 veniat,
1743 2759 2097 2827 existimare,

442 2868 511 2905 ea
568 2855 787 2905 temere
835 2848 1161 2902 litterarum
1226 2846 1623 2902 monumentis
1695 2849 2103 2903 commendata

442 2938 646 3005 fuisse,
669 2943 840 3008 atque
876 2937 1106 2991 inanem
1142 2936 1460 3006 quamdam
1490 2952 1685 2990 rerum
1707 2940 1764 2990 et
1792 2936 2099 2990 verborum

444 3028 675 3083 turbam
711 3042 861 3093 esse,
916 3026 985 3079 ad
1035 3024 1413 3080 oblectandos
1461 3023 1824 3079 audientium
1873 3025 2102 3080 animos

447 3116 931 3186 compositam,ac
960 3114 1117 3169 velut
1139 3114 1455 3184 quamdam
1481 3113 1711 3167 aurium
1744 3112 2100 3181 illecebram,

448 3204 605 3260 ultra
634 3204 991 3275 voluptatem
1026 3203 1180 3257 haud
1207 3218 1333 3256 sese
1367 3201 1777 3273 porrigentem.
1806 3202 1930 3257 Haac
1963 3220 2103 3259 sane

450 3294 663 3349 ludant
712 3292 941 3357 fabulae,
978 3295 1033 3345 et
1063 3290 1309 3362 gentiles
1338 3310 1351 3357 ;
1385 3290 1483 3361 qui
1516 3291 1585 3344 de
1623 3290 1866 3345 veritate
1898 3309 2104 3363 parum
2139 3277 2180 3343 C

2206 1957 2293 2011 καὶ
2342 1960 2437 2010 τοῦ
2485 1958 2727 2010 νικᾶσθαι
2767 1958 2950 2031 καιρὸς
2984 1960 3115 2031 (99),
3149 1958 3328 2029 ὥσπερ
3379 1957 3531 2029 οἶμαι
3580 1959 3670 2012 καὶ
3720 1979 3855 2012 παν-

2204 2048 2295 2107 τὸς
2347 2047 2664 2121 πράγματος
2696 2048 2793 2118 (1)’
2826 2047 2914 2100 καὶ
2963 2052 3204 2122 κρεῖττον
3265 2049 3523 2115 ἡττᾶσθαι
3580 2051 3765 2109 καλῶς
3818 2049 3851 2115 ἤ

2205 2139 2354 2205 νικᾷν
2385 2132 2699 2212 ἑπισφαλῶς
2731 2136 2820 2189 καὶ
2852 2130 3123 2208 ἀθέσμως.

2283 2314 2392 2368 ΡΔ’.
2424 2311 2611 2386 Τρίτον
2647 2309 2703 2366 δὲ
2732 2313 2760 2367 ’ὁ
2791 2312 2879 2366 καὶ
2916 2312 3191 2386 μέγιστον,
3222 2312 3310 2367 καὶ
3362 2310 3428 2381 δὴ
3477 2316 3638 2367 τοῦτο
3690 2313 3856 2367 εἰπὼν

2215 2398 2314 2470 ἔτι,
2399 2401 2463 2455 τὰ
2551 2400 2719 2455 λοιπᾶ
2806 2404 3178 2475 σιωπήσομαι.
3246 2404 3553 2475 Ἐμνήσθην
3638 2404 3860 2478 ἡμερῶν

2212 2490 2479 2566 ἀρχαίων,
2512 2490 2600 2543 καὶ
2632 2490 2769 2565 πρός
2800 2511 2917 2543 τινα
2965 2495 3071 2544 τῶν
3131 2489 3376 2545 παλαιῶν
3427 2491 3681 2562 ἱστοριῶν
3731 2491 3863 2545 dva-

2211 2576 2456 2655 δραμὼν,
2517 2578 2713 2632 ἐκεῖθεν
2792 2577 3014 2633 ε’ίλκυσα
3091 2575 3413 2651 συμϐουλὴν
3487 2582 3565 2652 (2)
3648 2579 3868 2652 ἐμαυτῷ

2212 2669 2346 2743 πρὸς
2408 2668 2473 2723 τὰ
2530 2668 2789 2741 παρόντα·
2848 2670 2923 2740 μή
2977 2668 3077 2744 γὰρ
3140 2668 3259 2737 εἰκῆ
3333 2673 3498 2723 ταῦτα
3574 2671 3866 2744 συγγεγρά-

2212 2759 2336 2833 φθαι
2476 2756 2809 2829 νομίζωμεν,
2848 2754 2987 2829 μηδέ
3036 2753 3209 2833 ὄχλον
3262 2754 3447 2818 ἄλλως
3500 2757 3628 2811 εἶναι
3680 2757 3865 2831 ῥημά-

2208 2868 2315 2901 των
2393 2867 2451 2900 τε
2526 2846 2617 2900 καὶ
2692 2846 3043 2921 πραγμάτων,
3100 2846 3456 2922 ψυχαγωγίας
3530 2843 3681 2900 ἕνεκα
3752 2851 3865 2901 τῶν

2214 2934 2519 2989 ἀκουόντων
2593 2935 2927 3011 συγκείμενα,
2985 2936 3075 2990 καὶ
3146 2937 3258 2989 οἷον
3335 2935 3504 3003 ἀκοῆς
3561 2957 3614 2989 τι
3672 2933 3864 3011 δέλεαρ

2219 3023 2381 3100 μέχρι
2410 3032 2508 3093 τῆς
2552 3022 2753 3093 ἡδονῆς
2789 3024 3090 3097 ἱστάμενον.
3123 3029 3298 3078 Ταῦτα
3328 3026 3421 3096 μὲν
3451 3024 3749 3093 παιζόντων
3785 3028 3865 3097 (4)

2218 3117 2376 3187 μῦθοι
2430 3114 2517 3167 καὶ
2548 3112 2843 3184 Ἕλληνες,
2878 3115 2951 3183 οἳ,
2977 3122 3078 3183 τῆς
3125 3112 3384 3183 ἀληθείας
3437 3113 3598 3187 ὀλίγα
3647 3114 3865 3190 φροντί-

2217 3208 2396 3271 ζοντες
2428 3208 2506 3275 τῷ
2536 3206 2737 3276 κομψῴ
2764 3208 2871 3257 τῶν
2906 3201 3237 3274 πλασμάτων
3282 3203 3370 3257 καὶ
3421 3207 3499 3274 τῷ
3549 3202 3729 3277 λίχνῳ
3759 3207 3865 3257 τῶν

2220 3289 2413 3361 λέξεων
2448 3290 2533 3345 καὶ
2568 3291 2735 3359 ἀκοὴν
2770 3292 2857 3345 καὶ
2888 3292 3073 3366 ψυχὴν
3107 3290 3484 3365 γοητεύουσιν.

453 3380 713 3448 solliciti,
743 3382 1154 3451 ﬁgmentorum
1190 3382 1512 3446 venustate,
1544 3394 1611 3432 ac
1649 3380 1954 3435 verborum
2004 3380 2289 3436 lenocinio
2343 3382 2509 3453 quasi
2565 3380 2893 3453 praestigias
2926 3382 3212 3453 quasdam
3259 3380 3503 3436 auribus
3551 3384 3725 3452 atque
3752 3380 3876 3435 ani-

454 3470 568 3526 mis
600 3470 933 3526 offundunt.

526 3559 638 3613 CV.
672 3561 743 3614 At
794 3574 923 3627 nos,
979 3557 1077 3627 qui
1112 3556 1354 3627 spiritus
1404 3556 1771 3628 diligentiam
1806 3557 1889 3612 vel
1925 3575 2108 3628 usque

456 3648 525 3704 ad
552 3646 733 3703 levem
765 3646 989 3717 apicem
1016 3650 1071 3701 et
1102 3645 1314 3700 lineam
1340 3646 1654 3711 trahimus,
1679 3663 2118 3717 nunquam,nec

457 3736 616 3791 enim
653 3736 737 3790 fas
769 3739 878 3801 est,
912 3750 983 3788 ne
1018 3734 1292 3789 minimas
1322 3734 1561 3804 quidem
1595 3734 1851 3789 actiones
1879 3736 1950 3790 ab
1981 3735 2053 3791 iis
2084 3754 2119 3790 a
2148 3800 2154 3805 ,

460 3826 680 3897 quibus
712 3822 1009 3879 memoriae
1041 3822 1284 3895 proditae
1315 3827 1478 3889 sunt,
1510 3827 1728 3879 temere
1759 3825 2116 3895 perscriptas

458 3920 515 3970 et
575 3914 922 3978 elaboratas,
956 3911 1355 3983 memoriaque
1387 3913 1457 3966 ad
1503 3911 1623 3966 haec
1670 3929 1855 3983 usque
1899 3917 2117 3985 tempo-

462 4023 526 4061 ra
557 4008 927 4061 conservatas
980 4018 1109 4057 esse
1153 4001 1540 4057 concedemus
1593 4020 1605 4056 :
1658 4017 1861 4056 verum
1912 4007 1976 4057 ut
2010 4020 2114 4058 nos

460 4094 932 4149 submonitiones
990 4096 1049 4146 et
1106 4092 1461 4146 documenta
1504 4090 1561 4145 in
1595 4096 1868 4163 promptu
1902 4091 2113 4147 habea-

527 4202 572 4235 79
602 4200 745 4256 Gen.
778 4216 952 4264 xxvu,
979 4200 1044 4252 21
1082 4215 1244 4269 seqq.
1323 4198 1367 4233 ⁸ο
1398 4196 1549 4253 Psal.
1582 4198 1748 4266 exui,
1780 4199 1831 4253 5.

539 4325 651 4403 (93)
681 4328 793 4403 Τῆς
824 4322 931 4375 καί.
968 4323 1071 4403 Sic
1094 4326 1270 4394 Regg.
1299 4322 1559 4403 quinque
1588 4327 1646 4403 et
1677 4322 1919 4403 totidem
1954 4321 2115 4378 Colb.

464 4394 702 4467 aliique.
739 4394 831 4467 Bis
861 4410 928 4467 ex
952 4398 1165 4467 matre,
1202 4410 1375 4467 carne
1404 4394 1626 4467 scilicet
1658 4398 1713 4448 et
1742 4394 1976 4467 spiritu,
2021 4410 2117 4466 ge-

465 4463 654 4553 nitu-n3
689 4483 749 4521 se
769 4465 1075 4553 [significat
1106 4464 1440 4553 Gregorius.
1474 4465 1645 4519 Deest
1677 4463 1853 4519 καίὶη
1889 4465 2015 4520 Par.

560 4540 650 4609 94)
680 4536 911 4609 Ταύτην.
944 4536 1080 4609 Reg.
1118 4540 1159 4603 t,
1193 4536 1378 4602 αὐτήν.

560 4546 650 4609 94)
680 4546 911 4604 Ταύτην.
944 4546 1080 4605 tteg.
1118 4546 1159 4603 t,
1193 4546 1378 4602 αὑτήν.

538 4546 649 4682 (95)
676 4608 746 4662 Τὸ
782 4609 855 4679 μὴ
909 4604 1244 4682 φιλοσοφεῖν,
1302 4612 1389 4661 etc
1449 4606 1795 4682 g_Ostendit
1843 4606 1935 4659 hic
1974 4606 2117 4682 ﬁre-

467 4675 688 4756 gorius,
729 4705 747 4729 η
783 4675 979 4756 inquit
1003 4675 1334 4756 Gab'r.,«_se
1367 4675 2118 4756 qu_idem_nunquamlitt_e_-

469 4748 912 4810 rarum'studiis
952 4766 1183 4820 operam
1236 4750 1373 4803 dare
1423 4748 1740 4820 destitisse,
1777 4748 1877 4820 sed
1928 4748 2011 4801 ita
2060 4748 2114 4802 id

468 4827 678 4897 egisse,
714 4830 776 4878 ut
808 4822 964 4897 aliud
990 4818 1167 4897 agere
1198 4822 1567 4897 videreturqn
1601 4818 1757 4897 ‘Colb.
1790 4820 1843 4885 7,
1868 4819 1922 4871 in
1963 4835 2115 4897 mar;

509 4887 602 4951 ine
633 4887 730 4967 sic_
748 4894 982 4967 exponit
1014 4887 1226 4947 εὟοῦτο
1259 4894 1473 4965 πρῶτον
1509 4887 1900 4965 ἐφιλοσόφησα,
1932 4889 1993 4943 τὸ
2040 4890 2114 4961 μὴ

509 4915 602 4951 ine
633 4915 715 4949 sic
748 4915 982 4967 exponit
1014 4915 1025 4947 :
1070 4915 1161 4943 ιου

470 4915 647 5025 ἓοκεῖν
682 4965 812 5019 εἶναι
846 4963 1165 5040 φιλόσοφος.

544 4988 647 5021 κειν
682 4984 812 5019 ειναι
846 4984 1041 5040 cpi/.000
1088 4984 1165 5021 ος.

544 5041 656 5107 (96)
687 5040 801 5091 Τῶν
832 5034 1022 5107 πάλαι.
1048 4984 1195 5101 item.
1236 5036 1275 5101 l,
1308 5036 1413 5085 τῶν
1444 5030 1713 5107 παλαιῶν.

546 5104 659 5177 (9‘7)
689 5107 764 5165 Οὐ
799 5106 1001 5167 καλῶς.
1038 5108 1099 5162 In
1137 5107 1272 5175 Reg.
1298 5122 1365 5177 u,
1402 5111 1453 5159 et
1486 5104 1643 5177 Colb.
1677 5107 1743 5177 3,Δ
1764 5110 1819 5177 et
1850 5122 1930 5177 mp,
1960 5104 2116 5160 istud
2146 5124 2151 5127 '

474 5172 761 5237 scholium
793 5179 1008 5250 legitur
1042 5196 1052 5231 :
1090 5172 1318 5250 linito
1350 5174 1693 5250 φαινόμενονΔ
1724 5172 1969 5250 δηλονότι
2020 5178 2115 5227 τοῦ

475 5255 817 5327 γράμματος,
849 5244 909 5303 ὄύ
968 5250 1102 5302 κατά
1157 5248 1219 5300 τὸ
1275 5244 1566 5317 νοούμενον
1610 5246 1697 5300 καὶ
1747 5244 2117 5322 κρυπτόμενον

472 5320 941 5393 τοῦ’τινε·3ματος.
990 5322 1110 5384 Quo
1161 5320 1541 5393 significatur
1580 5320 1647 5373 de
1709 5320 1905 5375 JaCobi
1966 5321 2115 5393 facto

476 5391 853 5453 statuendum
880 5396 959 5447 ita
980 5409 1128 5461 esse,
1148 5391 1382 5462 «specie
1404 5391 1676 5446 nimirum
1703 5409 1769 5446 ac
1791 5392 2114 5447 secundum

475 5470 747 5533 litteram,
783 5483 893 5520 non
942 5469 1137 5519 autem
1171 5463 1491 5517 secundum
1527 5462 1820 5533 spiritum,
1855 5463 2116 5533 illudque

478 5540 629 5610 quod
679 5536 1027 5610 intelligitur
1074 5552 1137 5610 ac
1185 5534 1341 5610 latet.
1377 5555 1401 5581 ››
1446 5534 1527 5610 _U_t
1578 5540 1640 5589 ut
1689 5535 1784 5610 sit,
1820 5539 2050 5605 «patet,
2088 5556 2113 5582 ››

478 5606 669 5679 inquit
696 5606 977 5679 Combeﬁ,
1012 5606 1346 5679 «Gregorio
1380 5606 1619 5660 minime
1652 5607 1953 5679 probatam
1988 5622 2115 5660 esse

482 5676 629 5755 patri
646 5682 854 5755 factam
873 5678 1134 5755 aJacobo
1157 5676 1441 5755 fraudem,
1457 5693 1632 5747 quam
1653 5677 1744 5732 isti
1765 5676 2110 5755 scholiastaa,

481 5748 790 5827 Augustini
827 5750 1084 5822 vestigiis
1116 5750 1484 5820 inhzerentes,
1516 5765 1787 5804 excusare
1827 5748 2044 5804 volunt.
2082 5770 2109 5798 ››

2147 4545 2193 4607 D

2292 3560 2403 3613 PE'.
2437 3561 2624 3630 Ἡμεῖς
2654 3555 2730 3627 δὲ,
2765 3558 2814 3613 οἱ
2845 3556 2934 3613 καὶ
2990 3558 3155 3633 μέχρι
3191 3560 3267 3631 (5)
3298 3564 3398 3626 τῆς
3451 3555 3726 3631 τυχούσης
3784 3577 3875 3610 κε-

2230 3646 2380 3723 ραίας
2460 3648 2547 3700 καὶ
2614 3650 2875 3721 γραμμῆς
2934 3650 3006 3719 (ὃ)
3060 3651 3155 3701 τοῦ
3210 3645 3516 3717 πνεύματος
3573 3647 3670 3713 τὴν
3729 3645 3880 3718 ἀκρί-

2228 3731 2372 3789 ϐειαν
2403 3738 2480 3807 (7)
2508 3733 2777 3802 ἕλκοντες,
2810 3732 3007 3791 οὔποτε
3059 3734 3336 3807 δεξόμεθα,
3372 3734 3433 3789 οὐ
3465 3736 3566 3808 γὰρ
3599 3736 3674 3805 (8)
3705 3733 3876 3799 ὅσιον,

2227 3822 2350 3879 οὐδὲ
2398 3826 2493 3886 τὰς
2553 3824 2843 3901 ἐλαχίστας
2889 3827 3105 3901 πράξεις
3156 3823 3276 3894 είκῆ
3310 3822 3705 3893 σπουδασθῆναι
3753 3829 3874 3884 τοῖς

2226 3914 2578 3989 ἀναγράψασι,
2611 3915 2699 3969 καὶ
2736 3916 2901 3989 μὲχρι
2950 3914 3046 3968 τοῦ
3104 3912 3368 3987 παρόντος
3428 3914 3617 3985 μνήμη
3669 3909 3875 3965 suam-

2225 4005 2401 4073 θῆναι’
2456 4001 2581 4058 ἀλλ’
2631 4002 2703 4058 'iv'
2752 4005 2915 4075 ἡμεῖς
2960 4005 3034 4076 (9)
3087 3998 3301 4078 ἔχωμεν
3364 4003 3733 4074 ὑπομνήματα
3783 4000 3875 4054 καὶ

2224 4088 2563 4163 παιδεύματα
2611 4098 2711 4160 τῆς
2756 4097 2861 4146 τῶν
2902 4090 3134 4164 ὁμοίων,
3171 4086 3224 4143 εἷ’
3268 4109 3397 4144 ποτε
3450 4087 3716 4161 συμπέσοι
3764 4109 3885 4142 και-

2302 4321 2415 4393 (98)
2446 4321 2719 4382 Ἑκείνοις.
2752 4323 2840 4378 Sic
2892 4323 3031 4394 Reg.
3068 4292 3111 4391 1;
3161 4321 3332 4377 Coisl.
3381 4324 3439 4394 ε,
3486 4326 3543 4376 et
3590 4320 3747 4376 Colb.
3800 4338 3887 4389 ω,

2230 4392 2330 4481 qui
2385 4393 2443 4447 in
2494 4395 2734 4450 modum
2786 4392 2999 4467 glossaé
3044 4394 3334 4450 ascribit:
3387 4392 3745 4466 ὑποχωρῆσαι
3792 4394 3885 4445 καὶ

2228 4466 2412 4535 κόψαι.
2806 4466 2809 4467 ⁷

2231 4610 2247 4621 λ
2274 4538 2408 4621 ~(99)
2444 4538 2699 4589 Νικᾶσθαι
2782 4536 2988 4611 καιρός.
3081 4537 3199 4608 Reg
3223 4578 3235 4591 .
3326 4536 3387 4603 Ι,

2231 4610 2611 4749 Παντὸς
2708 4678 3041 4753 πράγματος.
3132 4678 3305 4733 Coisl.
3395 4678 3448 4745 4,
3514 4676 3671 4730 παντὶ
3744 4675 3883 4751 πρά-

2226 4770 2768 4893 γμ(ῗῧιέυμϐουλιιξν.
2811 4821 2949 4893 Reg.
2983 4838 3036 4893 γ,
3072 4816 3416 4893 συμπλοκήν.

2300 4892 2374 4965 (3)
2409 4893 2837 4969 Συγγεγράφθαι.
2904 4892 3049 4965 Reg.
3116 4910 3169 4964 ει,
3218 4897 3276 4948 et
3339 4892 3497 4948 Colb.
3545 4895 3588 4961 Ι,
3642 4908 3878 4965 συγγρα-

2228 4975 2737 5102 φεῗὲἵῖῖαιζόντων.
2788 5037 2993 5102 Attice,
3044 5052 3167 5107 prop
3201 5034 3556 5107 παιζέτωσαν.
3604 5033 3699 5088 Sic
3753 5032 3873 5107 Bil—

2228 5106 2361 5175 lius,
2397 5125 2461 5162 ac
2494 5101 2645 5162 certe
2692 5107 2976 5175 Basilius;
3011 5101 3325 5174 παιζόντων
3362 5104 3477 5158 ἀντὶ
3528 5108 3622 5157 τοῦ
3678 5101 3873 5172 παιζέ-

2224 5197 2464 5336 τιῗὲῗὸὶ
2499 5246 2585 5302 καί
2624 5248 2809 5323 μεχρι.
2852 5251 2986 5320 Reg.
3041 5250 3082 5319 Ῑ,
3116 5248 3276 5304 Colb.
3331 5265 3411 5319 m,
3467 5248 3515 5300 οἱ
3573 5244 3739 5319 μέχρι
3789 5243 3879 5299 καὶ

2224 5341 2373 5463 τηῖθ)
2406 5396 2696 5465 Γραμμῆς.
2729 5392 2940 5465 Malim
2980 5391 3220 5465 reddere
3259 5412 3285 5437 ‹‹
3340 5388 3680 5459 litterulam,
3714 5410 3741 5438 ››
3788 5386 3878 5443 vel

2226 5461 2363 5519 cum
2394 5461 2701 5533 Gabri‘elio,
2745 5485 2765 5512 ι
2803 5463 3103 5518 minimam
3138 5461 3414 5516 litteram.
3452 5484 3478 5509 ››

2317 5538 2372 5607 ’7)
2404 5528 2733 5607 Ἀκρίϐιιαν.
2772 5534 2895 5589 Bill.
2929 5559 2955 5583 ‹‹
2992 5534 3408 5607 sinceritatem.
3446 5556 3471 5581 ››

2317 5538 2372 5607 ’7)
2404 5538 2733 5607 Ἀκρίῦειαν.
2772 5538 2895 5589 Bill.
2929 5559 2955 5583 ‹‹
2992 5538 3408 5590 sinceritatem.
3446 5556 3471 5581 ››

2296 5538 2474 5677 (8)οὐ
2543 5606 2665 5679 γάρ.
2737 5607 2875 5679 Reg.
2942 5608 2982 5672 Ι,
3061 5605 3219 5660 Colb.
3299 5622 3378 5671 m,
3454 5603 3653 5659 Comb.
3729 5596 3872 5658 Οὗδὶ

2352 5750 2369 5820 )

2224 5675 2349 5822 .μῶ

3469 4539 3709 4596 νικᾶσθαι
3788 4554 3885 4586 κα-

2402 5744 2559 5803 Ἀ).λ’
2582 5745 2653 5799 ’ἐν’
2683 5749 2865 5821 ἡμεῖς.
2899 5748 2989 5804 Sic
3020 5752 3197 5820 Regg.
3231 5750 3474 5820 septem,
3504 5749 3613 5802 etc.
