4184 6202
422 426 541 486 505

1573 429 1862 493 ORATIO
1908 431 1985 492 ll.
2016 464 2093 475 ——
2122 430 2682 493 APOLOGETICA.

3712 427 3831 490 506

424 555 537 629 ρος,
570 552 919 629 διασκέψεως·
959 556 1094 611 ὥστε
1146 557 1210 610 τά
1262 558 1354 630 μὲν
1413 558 1645 635 φεύγειν,
1678 559 1745 613 τὰ
1792 557 1848 613 δὲ
1898 561 2064 635 αἰρεῖ-

2186 578 2338 631 mus,
2399 562 2613 633 quibus
2670 564 2740 618 de
2792 562 3001 619 iisdem
3080 561 3277 634 rebus,
3336 561 3385 618 si
3455 560 3537 617 ita
3591 565 3828 633 tempus

426 656 571 712 σθαι,
604 645 717 698 οἷον
753 644 936 699 κανόσι
969 646 1077 700 τισὶ
1131 646 1219 700 καὶ
1271 646 1479 719 τύποις,
1530 654 1644 709 τοῖς
1703 645 2070 726 προλαὸοῦσιν

425 733 685 805 ἑπόμενοι
721 732 1145 808 παραδείγμασι.

498 1004 607 1069 Κζ’.
639 1003 725 1063 Τίς
785 1000 876 1055 οῦν
934 1004 966 1071 ἡ
1028 1002 1238 1077 ἱστορία
1292 1004 1380 1056 καὶ
1434 1004 1592 1067 πόθεν
1644 1008 1677 1074 ἡ
1738 1000 2069 1077 συμϐουλή;

426 1087 551 1143 οὐδὲ
608 1090 710 1165 γὰρ
772 1096 957 1165 χεῖρον
1016 1090 1143 1151 ξ’σως
1203 1092 1495 1168 ἀσφαλείας
1550 1096 1661 1165 (10)
1713 1092 1885 1148 ἕνεκεν
1962 1099 2069 1149 τῶν

422 1178 653 1232 πολλῶν
709 1176 961 1241 διελθεῖν.
997 1184 1222 1256 ’Έφευγε
1270 1182 1358 1234 καὶ
1401 1182 1583 1243 Ἰωνᾶς
1629 1181 1734 1235 ἀπὸ
1774 1184 2071 1256 προσώπου

420 1271 519 1321 ’.οῦ
598 1272 752 1339 Θεοῦ,
819 1266 1030 1340 μᾶλλον
1092 1266 1148 1321 δὲ
1213 1270 1427 1345 φεύγειν
1482 1266 1636 1341 ᾤετο·
1698 1270 1843 1325 ἀλλὰ
1914 1293 2070 1327 κατε-

426 1355 609 1431 λήφθη
643 1359 757 1429 (11)
816 1355 1061 1431 πελάγει,
1095 1355 1187 1410 λαὶ
1247 1362 1504 1431 χειμῶνι,
1562 1360 1651 1411 καὶ
1708 1359 1923 1434 κλήρῳ,
1982 1361 2070 1414 καὶ

424 1446 614 1520 γαστρὶ
673 1447 899 1515 κήτους,
950 1448 1037 1499 καὶ
1088 1447 1373 1519 τριημέρῳ
1427 1448 1589 1523 ταφῇ,
1647 1447 1813 1501 τύπον
1870 1448 2072 1523 ἐχούσῃ

430 1534 729 1609 μυστηρίου
767 1535 1031 1606 μείζονος.
1068 1532 1226 1589 Ἀλλ’
1282 1535 1485 1597 ἐκεῖνος
1548 1538 1663 1608 μὲν,
1704 1536 1796 1591 ’ίνα
1848 1539 1921 1609 μή
1972 1540 2068 1607 τὴν

428 1625 750 1698 σκυθρωπὴν
808 1624 895 1677 καὶ
948 1622 1146 1678 ἄτοπον
1202 1623 1461 1698 ἀγγελίαν
1513 1624 1738 1701 ἀγγείλῃ
1787 1628 1897 1699 (12)
1953 1632 2070 1689 τοῖς

426 1711 901 1789 Νινευίτατις,.κα²
967 1714 1099 1784 μετὰ
1149 1717 1309 1767 τοῦτο
1342 1712 1575 1785 ψεύστης
1632 1713 1771 1785 ἀλῶ,
1805 1715 2068 1785 σωθείσης

422 1805 489 1873 τῇ
554 1802 809 1872 μετανοίᾳ
862 1804 957 1869 τῆς
1012 1800 1249 1862 πόλεως·
1284 1802 1346 1856 ού
1391 1803 1493 1877 γὰρ
1550 1807 1617 1876 τῇ
1670 1804 1910 1877 σωτηρίᾳ
1959 1806 2069 1877 (13)

420 1894 528 1943 τῶν
589 1894 846 1965 πονηρῶν
904 1887 1305 1965 ἐδυσχέραινεν,
1339 1889 1483 1944 ἀλλὰ
1540 1893 1638 1961 τὴν
1675 1890 1943 1947 διακονίαν
1973 1896 2069 1946 τοῦ

416 1976 655 2051 ψεύδους
696 1978 989 2054 ᾐσχύνετο,
1020 1979 1108 2032 καὶ
1166 1982 1277 2033 οἷον
1330 1978 1653 2050 ἐζηλοτύπει
1701 1988 1800 2050 τῆς
1852 2002 2073 2057 προφη-

408 2069 561 2129 τείας
590 2069 655 2122 τὸ
699 2068 1031 2139 ἀξιόπιστον,
1064 2069 1196 2143 ὅπερ
1247 2068 1298 2123 έν
1346 2068 1491 2141 αύτῷ
1539 2068 1904 2139 καταλυθῆναι
1958 2075 2069 2141 (14)

408 2155 665 2217 κίνδυνος
698 2160 786 2225 ἦν,
821 2157 882 2211 ού
921 2156 1227 2230 δυναμένων
1257 2162 1363 2212 τῶν
1416 2158 1639 2214 πολλῶν
1694 2158 1919 2214 συνιδεῖν
1968 2167 2069 2229 τῆς

404 2250 509 2299 τοῦ
544 2250 679 2301 Θεοῦ
708 2245 833 2321 περὶ
862 2250 1029 2300 ταῦτα
1059 2245 1379 2319 οἰκονομίας
1406 2248 1468 2300 τὸ
1502 2248 1685 2321 βάθος.

2182 651 2399 717 tulerit,
2461 653 2900 719 consultemus;
2962 656 3134 722 atque
3192 650 3309 706 alia
3364 650 3685 723 fugiamus,
3714 650 3829 706 alia

2183 740 2627 811 amplectamur,
2705 740 2899 811 priora
2980 739 3247 795 videlicet
3330 740 3614 811 exempla,
3710 757 3825 796 non

2182 845 2352 885 secus
2383 846 2449 885 ac
2508 846 2760 885 canones
2817 830 3103 900 quosdam
3170 835 3227 884 et
3293 828 3546 901 regulas,
3578 845 3826 899 sequen-

2182 923 2288 973 tes.

2254 1011 2391 1065 CVI.
2427 1012 2560 1075 Quae
2589 1010 2767 1083 igitur
2805 1012 2926 1066 haec
2977 1011 3221 1066 historia
3273 1016 3381 1080 est,
3432 1015 3487 1067 et
3536 1012 3689 1067 unde
3719 1010 3827 1067 hoc

2183 1100 2493 1155 consilium
2515 1100 2542 1154 ‘?
2572 1117 2758 1171 neque
2786 1100 2938 1155 enim
2974 1101 3409 1156 incommodum
3443 1101 3687 1156 fortasse
3710 1101 3829 1156 fue-

2182 1189 2276 1257 rit,
2311 1188 2438 1254 hoc,
2481 1192 2543 1242 ut
2574 1188 2966 1259 complurium
3000 1189 3299 1243 securitati
3324 1189 3681 1255 consulatur,
3706 1206 3827 1244 ora-

2183 1275 2339 1329 tione
2391 1274 2720 1347 complecti.
2783 1275 3061 1347 Fugiebat
3118 1292 3347 1347 quoque
3397 1276 3577 1331 Jonas
3610 1292 3643 1330 a
3683 1276 3827 1331 facie

2181 1363 2434 1429 Domini,
2464 1362 2554 1417 vel
2590 1363 2781 1435 potius
2814 1364 3010 1435 fugere
3043 1364 3317 1433 putabat;
3357 1380 3559 1419 verum
3590 1382 3623 1417 a
3657 1364 3827 1433 mari,

2181 1456 2238 1507 et
2270 1455 2636 1523 tempestate,
2670 1469 2735 1507 ac
2766 1458 2940 1521 sorte,
2992 1451 3218 1523 cetique
3265 1457 3483 1521 ventre,
3517 1457 3690 1523 atque
3720 1452 3830 1507 tri-

2181 1541 2375 1596 duana
2398 1542 2722 1613 sepultura,
2750 1540 2990 1612 majoris
3016 1540 3273 1612 mysterii
3299 1542 3545 1613 ﬁguram
3570 1546 3826 1612 gerente,

2181 1630 2643 1701 comprehensus
2666 1632 2833 1685 est“.
2853 1630 2982 1685 Haec
3007 1647 3175 1701 porro
3200 1630 3465 1684 ineunda:
3490 1630 3634 1701 fuga:
3652 1646 3831 1684 causa

2180 1719 2289 1790 ipsi
2325 1724 2471 1785 erat,
2504 1720 2657 1790 quod
2692 1724 3004 1787 vereretur,
3053 1734 3125 1773 ne
3173 1735 3305 1772 cum
3340 1719 3565 1773 tristem
3600 1722 3657 1773 et
3687 1735 3828 1789 prae-

2181 1813 2476 1879 posterum
2510 1808 2783 1863 Ninivitis
2817 1806 3355 1873 nuntiumtulissel,
3383 1805 3637 1877 periculo
3670 1812 3829 1878 post-

2180 1912 2246 1951 ea
2278 1912 2379 1967 per
2411 1896 2811 1968 paenitentiam
2866 1896 3112 1950 liberata
3164 1895 3414 1961 civitate,
3460 1896 3709 1951 mendax
3740 1896 3826 1950 in-

2181 1984 2625 2040 veniretur.Non
2651 1985 2807 2039 enim
2832 1986 3229 2055 improborum
3250 1984 3555 2039 hominum
3580 1984 3826 2040 salutem

2179 2089 2328 2144 agre
2360 2073 2597 2142 ferebat,
2632 2074 2730 2127 sed
2766 2073 3054 2128 mendacii
3099 2072 3491 2128 ministerium
3524 2074 3685 2129 obire
3714 2090 3828 2145 pra:

2179 2162 2401 2233 pudore
2435 2178 2549 2216 non
2580 2162 2932 2229 sustinebat,
2967 2179 3033 2216 ac
3080 2162 3393 2233 prOpbetiaa
3432 2162 3605 2218 ﬁdem
3638 2166 3695 2217 et
3726 2179 3829 2216 au-

2181 2251 2504 2306 ctoritatem
2553 2250 2712 2306 velut
2740 2250 3021 2321 zelotypia
3064 2252 3314 2320 quadam
3346 2251 3827 2322 prosequebatur,

405 2352 547 2407 qua:
576 2336 833 2407 quidem,
869 2354 941 2391 ne
973 2338 1029 2390 in
1062 2336 1188 2408 ipso
1222 2338 1713 2409 exstingueretur,
1764 2339 2091 2410 periculum
2139 2344 2282 2407 erat,
2334 2339 2614 2394 nimirum
2654 2339 2927 2411 imperita
2975 2338 3349 2394 multitudine
3398 2356 3525 2410 qua:
3559 2338 3737 2394 divini
3767 2339 3827 2394 in

405 2424 761 2495 hujusmodi
800 2426 974 2480 rebus
1006 2426 1235 2480 consilii
1266 2426 1635 2482 altitudinem
1670 2428 1992 2499 perspicere
2026 2445 2140 2484 non
2161 2427 2332 2483 valet.

489 2514 604 2568 PZ'.
642 2513 728 2572 Ὠς
788 2509 845 2567 ὂὶ
901 2512 1010 2587 ἐγώ
1069 2516 1182 2586 (15)
1229 2534 1375 2574 τινος
1433 2510 1639 2580 ἤκουσα
1710 2518 1878 2589 σοφοῦ
1951 2514 2073 2589 περί

405 2606 589 2654 ταῦτα
620 2599 835 2675 ἀνδρὸς,
868 2602 967 2656 οὐκ
996 2602 1210 2663 ἀτόπως
1258 2603 1584 2677 βοηθοῦντος
1631 2607 1711 2674 τῷ
1767 2604 2075 2680 φαινομένῳ

408 2692 517 2758 τῆς
579 2690 820 2764 ἱστορίας
877 2689 1086 2762 ἀτόπῳ,
1136 2691 1224 2744 καὶ
1275 2691 1459 2745 ἱκανοῦ
1506 2686 1828 2745 καταλαϐεῖν
1880 2690 2071 2765 ἀνδρὸς

412 2778 712 2853 προφήτου
775 2778 1069 2852 βαθύτητα,
1102 2776 1226 2832 οὐδὲ
1282 2783 1447 2833 ταῦτα
1494 2782 1557 2847 ἦν
1589 2779 1619 2832 ἃ
1657 2780 1745 2833 τὸν
1811 2779 2072 2855 μακάριον

414 2869 608 2920 Ἰωνᾶν
668 2866 835 2921 ἐποίει
898 2865 1131 2945 φυγάδα,
1188 2869 1277 2921 καὶ
1336 2868 1413 2930 εἷς
1472 2867 1695 2938 Ἰόππην
1756 2866 1948 2943 ἤγαγε,
1979 2870 2068 2923 καὶ

412 2955 466 3025 ἐξ
533 2956 761 3025 Ἰόππης
822 2956 1087 3031 ἀνήγαγεν
1152 2956 1239 3011 έπὶ
1297 2958 1538 3032 Θαρσεῖς,
1570 2956 1791 3032 πελάγει
1852 2957 2067 3013 πιστεύ-

413 3065 586 3098 σαντα
614 3045 713 3113 την
744 3044 933 3099 ἑαυτοῦ
976 3046 1191 3115 κλοπήν
1226 3048 1355 3118 (16)·
1391 3043 1514 3100 οὔτε
1562 3048 1660 3121 γὰρ
1717 3047 1921 3121 ἀγνοεῖν
1975 3052 2068 3101 τοῦ

416 3138 558 3189 Θεοῦ
612 3135 714 3201 τήν
768 3134 1028 3204 ἐπίνοιαν,
1065 3136 1353 3211 προφήτην
1409 3156 1471 3207 γε
1527 3131 1673 3206 ὅντα,
1717 3135 1859 3197 εἰκὸς
1908 3136 2066 3190 αὐτὸν

414 3224 507 3290 ἦν·
547 3222 630 3276 ὅτι
664 3220 753 3276 διὰ
775 3230 877 3291 τῆς
917 3222 1170 3292 ἀπειλῆς,
1197 3224 1259 3277 τὸ
1295 3224 1369 3295 μὴ
1420 3225 1605 3277 παθεῖν
1661 3227 1728 3277 τά
1770 3231 1869 3292 τῆς
1914 3225 2065 3278 ἀπει-

419 3311 527 3380 λῆς
589 3311 890 3374 Νινευίταις
977 3311 1410 3386 ἐπραγματεύετο
1469 3314 1604 3367 κατὰ
1657 3315 1756 3381 τὴν
1822 3312 2067 3388 μεγάλην

2252 2516 2345 2569 6|
2385 2514 2547 2570 CVII.
2580 2513 2652 2570 Ut
2698 2519 2893 2570 autem
2926 2532 2959 2569 a
2984 2516 3104 2571 viro
3154 2517 3407 2588 quodam
3440 2516 3498 2571 in
3530 2515 3622 2571 his
3653 2516 3827 2572 rebus

2180 2604 2406 2660 erudito
2439 2603 2654 2674 accepi,
2687 2604 3034 2659 absurditati
3057 2604 3128 2669 ei,
3155 2620 3331 2675 quam
3352 2604 3599 2659 historia
3629 2621 3742 2675 praa
3765 2621 3827 2661 se

2180 2692 2418 2761 ferebat,
2454 2709 2568 2747 non
2596 2693 2849 2747 absurde
2873 2697 3268 2758 succurrente,
3294 2697 3467 2764 atque
3490 2693 3557 2747 ad
3586 2693 3826 2749 intimos

2181 2780 2473 2851 propheta:
2506 2795 2715 2835 sensus
2748 2780 3150 2852 percipiendas
3176 2780 3408 2848 idoneo,
3441 2798 3509 2836 ne
3542 2782 3661 2836 haec
3695 2785 3832 2853 qui-

2179 2869 2311 2924 dem
2345 2886 2526 2924 causa
2556 2869 2783 2923 beatum
2842 2869 3051 2924 Jonam
3105 2870 3162 2923 in
3224 2870 3421 2941 fugam
3462 2870 3826 2940 conjiciebat,

2179 2963 2355 3030 atque
2382 2959 2439 3012 in
2469 2959 2737 3030 J0ppem,
2772 2963 2829 3013 et
2867 2976 2935 3013 ex
2962 2958 3149 3029 J0ppe
3198 2974 3431 3013 rursum
3463 2958 3522 3013 in
3554 2959 3827 3014 Tharseis

2180 3048 2445 3116 ducebat,
2470 3047 2561 3102 sui
2584 3046 2771 3118 ipsius
2796 3047 3012 3101 furtum
3038 3047 3182 3101 mari
3210 3047 3693 3103 committentem.
3718 3048 3827 3103 Ne-

2180 3153 2292 3209 que
2320 3137 2474 3191 enim
2504 3135 2823 3191 verisimile
2854 3141 2961 3206 est,
2993 3152 3149 3205 eum,
3182 3152 3316 3191 cum
3342 3136 3625 3208 propheta
3656 3141 3827 3199 esset,

2182 3226 2276 3280 Dei
2312 3224 2622 3279 consilium
2655 3224 2957 3295 ignorasse
2984 3249 2997 3291 ;
3030 3241 3131 3295 pro
3163 3224 3385 3296 ingenti
3408 3224 3688 3280 nimirum
3720 3242 3829 3280 sua

2179 3314 2483 3385 sapientia,
2505 3318 2562 3367 et
2592 3314 3075 3369 inscrutabilibus
3099 3313 3341 3384 judiciis
3366 3314 3590 3385 viisque
3615 3314 3828 3386 imper-

420 3401 588 3455 αὐτοῦ
634 3400 822 3473 σοφίαν
854 3403 988 3473 (17),
1018 3401 1107 3455 καὶ
1165 3402 1299 3455 κατά
1354 3401 1420 3455 τὰ
1478 3401 1857 3473 ἀνεξερεύνητα
1905 3402 2068 3457 αὐτοῦ

2186 3376 2621 3474 vestigabilibus
2646 3407 2821 3473 atque
2841 3376 3536 3475 incompr'ebensibilibu-s
3555 3404 3623 3469 ⁸³,
3646 3376 3829 3475 id.per

420 3490 685 3565 κρίματα,
713 3490 800 3544 καὶ
831 3494 937 3544 τῶν
972 3488 1111 3544 ὁδῶν
1144 3490 1309 3545 αὐτοῦ
1336 3491 1397 3545 τὸ
1428 3490 1827 3565 ἀνεξιχνίαστόν
1878 3513 1933 3546 τε
1981 3492 2070 3545 καὶ

423 3578 831 3648 ἀκατάληπτον·
911 3577 1043 3648 οὔτ’,
1123 3577 1270 3652 εἷ’περ
1348 3579 1630 3649 ἠπίστατο,
1702 3581 1777 3653 μή
1848 3578 2076 3635 ἀκολου-

428 3676 588 3735 θῆσαι
623 3672 757 3740 Θεῷ,
791 3665 861 3722 δι’
893 3668 954 3721 οὗ
984 3689 1084 3743 περ
1118 3663 1375 3722 ἐϐούλετο
1406 3668 1612 3743 τρόπου
1641 3671 1739 3737 τήν
1802 3669 2073 3744 σωτηρίαν

430 3757 647 3817 ἐκείνοις
701 3759 1087 3832 μηχανωμένῳ
1129 3759 1266 3829 (18).
1308 3761 1378 3811 Τὸ
1410 3755 1467 3812 δὲ
1497 3755 1562 3825 δή
1596 3759 1685 3811 καὶ
1735 3757 1962 3826 οἴεσθαι,
1997 3757 2072 3819 ὡς

426 3846 758 3922 ἀποκρύψειν
810 3849 922 3920 (19)
955 3848 1139 3901 ἑαυτὸν
1200 3846 1278 3918 τῷ
1333 3845 1554 3921 πελάγει
1603 3844 1833 3914 ἤλπισεν
1865 3850 2070 3913 Ἰωνᾶς,

426 3936 511 3989 καὶ
564 3936 654 3989 τὸν
710 3936 875 4009 μέγαν
929 3935 1209 4009 ὀφθαλμὸν
1264 3940 1361 3990 τοῦ
1415 3940 1547 3989 Θεοῦ
1608 3933 1957 4005 διαλήσεσθαι
2005 3940 2071 4008 τῇ

426 4024 585 4101 φυγῇ,
624 4025 699 4097 μὴ
751 4024 838 4078 καὶ
896 4023 1177 4086 παντελῶς
1239 4022 1437 4079 ἄτοπον
1486 4024 1521 4097 ᾖ
1580 4024 1669 4078 καὶ
1729 4022 2069 4095 ἀπαίδευτον,

423 4114 512 4167 καὶ
562 4112 671 4188 οὐχ
719 4112 867 4175 ὅπως
938 4114 1059 4189 περὶ
1110 4115 1394 4189 προφήτου
1451 4112 1791 4167 πιστεύεσθαι
1838 4115 1948 4185 (20)
2000 4110 2073 4167 δί-

424 4222 601 4271 καιον,
636 4200 763 4257 ἀλλ’
814 4200 940 4257 οὐδὲ
971 4203 1093 4279 περὶ
1126 4201 1302 4258 ἄλλου
1332 4204 1476 4264 τινὸς
1507 4206 1611 4257 τῶν
1655 4208 1780 4258 νοῦν
1809 4201 2072 4277 ἐχόντων,

491 4372 534 4407 ⁹¹
567 4370 701 4428 Jon.
735 4388 773 4439 1,
806 4372 840 4425 3
867 4375 922 4427 et
944 4388 1108 4444 seqq.
1140 4373 1187 4407 ⁸³
1212 4377 1376 4428 Rom.
1411 4390 1488 4441 xx,
1520 4371 1611 4428 33.

493 4542 605 4611 (10)
638 4537 982 4615 ’ᾼσφαλείαφ
1040 4541 1290 4615 Exponit
1336 4540 1528 4595 Elias:
1589 4562 1616 4590 ‹‹
1657 4540 1754 4615 _Ne
1804 4538 2065 4612 plerique

420 4617 635 4679 errent,
663 4611 811 4684 fugae
848 4628 1009 4677 meas,
1039 4613 1123 4667 vel
1147 4612 1370 4667 reditus
1393 4628 1629 4668 causam
1654 4611 2010 4684 ignorantes.
2038 4634 2064 4659 »

491 4684 536 4759 (_l
553 4683 603 4754 1)
630 4680 975 4759 Κατελήφθη.
999 4684 1056 4737 In
1088 4684 1236 4739 hanc
1257 4700 1452 4739 vocem
1476 4686 1663 4754 major
1681 4680 1775 4759 East
1798 4684 2061 4738 codicum

2183 3492 2374 3547 minas
2403 3491 2649 3563 agentis,
2688 3496 2749 3546 ut
2780 3507 2850 3546 ne
2894 3509 2979 3561 ea,
3032 3508 3159 3562 quae
3214 3492 3382 3546 mina:
3420 3492 3704 3557 ferebant,
3735 3492 3829 3547 Ni-

2183 3580 2373 3635 οἱνὶίω
2408 3584 2781 3651 paterentur:
2818 3598 2940 3646 nec,
2975 3582 3020 3635 si
3055 3581 3290 3652 quidem
3319 3580 3426 3636 hoc
3457 3585 3826 3652 perspectum

2183 3670 2453 3735 habebat,
2491 3670 2599 3723 Deo
2630 3670 2871 3740 obsequi
2900 3686 3219 3736 recusasse,
3248 3687 3359 3740 quo
3386 3670 3611 3725 volebat
3633 3670 3825 3738 modo,

2183 3758 2428 3814 salutem
2462 3757 2579 3812 illis
2602 3759 2953 3828 procuranti.
2985 3758 3130 3813 Illud
3158 3776 3327 3830 porro
3350 3758 3700 3824 existimare,
3729 3758 3826 3813 Jo-

2183 3862 2318 3902 nam
2352 3846 2410 3901 in
2443 3862 2606 3917 spem
2639 3845 2947 3901 inductum
2999 3847 3201 3913 fuisse,
3236 3846 3376 3911 fore,
3420 3851 3483 3900 ut
3522 3846 3667 3900 mari
3702 3860 3829 3902 sese

2182 3936 2583 4001 absconderet,
2621 3951 3020 4006 magnumque
3051 3936 3148 3989 Dei
3202 3934 3437 3989 oculum
3471 3933 3717 4003 falleret,
3753 3952 3825 3989 an

2183 4042 2300 4080 non
2355 4025 2616 4095 ineptum
2668 4040 2907 4094 prorsus
2956 4029 3013 4078 et
3063 4024 3385 4079 absurdum
3426 4023 3616 4090 fuerit,
3650 4028 3827 4093 atque

2182 4113 2513 4184 indignum,
2548 4112 2701 4181 quod
2737 4128 2850 4166 non
2882 4112 3073 4166 dicam
3101 4113 3170 4166 de
3204 4112 3503 4183 propheta,
3536 4112 3825 4175 credatur,

2183 4202 2284 4257 sed
2314 4216 2386 4257 ne
2417 4200 2487 4254 de
2518 4198 2629 4255 alio
2662 4199 2900 4271 quidem
2935 4199 3053 4255 ullo
3078 4205 3271 4256 mente
3295 4201 3558 4273 praedito,
3592 4218 3657 4256 ac
3681 4201 3829 4256 divi-

2174 4540 2356 4606 Colb.,
2389 4544 2497 4596 etc.
2535 4538 2785 4595 Basilius
2833 4554 2966 4594 vero
3017 4544 3074 4594 et
3126 4538 3278 4594 Elias
3324 4539 3479 4593 hunc
3508 4539 3697 4593 virum
3731 4556 3823 4595 sa-

2178 4612 2431 4683 pientem
2460 4629 2587 4666 esse
2626 4609 2984 4683 Methodium
3044 4610 3179 4683 Tyri
3235 4610 3573 4682 episcopum
3607 4610 3823 4665 diserte

2176 4684 2493 4738 affirmant.
2532 4689 2607 4736 Ex
2640 4682 2854 4754 quibus
2889 4682 3267 4737 manifestum
3291 4688 3402 4747 est,
3430 4699 3541 4753 quo
3567 4688 3826 4754 tempore

417 4753 889 4837 et‘in'terpretum
916 4771 1269 4837 consensus,
1288 4772 1476 4836 quam
1502 4753 1953 4811 utretineamus
1974 4774 2069 4807 κα-
2100 4772 2147 4836 ι)
2179 4756 2472 4837 scribebat
2505 4753 3001 4837 Eliashexstiti‘sse
3031 4754 3306 4837 Methodii
3335 4753 3822 4837 commentarium

418 4823 699 4900 τελείφθη,
733 4828 886 4900 quod
915 4828 1132 4882 habent
1161 4823 1321 4900 editi.

456 4895 603 5021 c52,21)
665 4895 940 4972 Ἀγγείλῃ.
1030 4900 1173 4954 Tres
1259 4898 1443 4969 Regii,
1502 4899 1616 4952 duo
1671 4897 1828 4952 Colb.
1908 4895 2069 4972 ἀναγ-

657 5042 732 5111 Τῇ
794 5039 1055 5115 σωτηρίᾳ.
1110 5041 1246 5112 Reg.
1308 5057 1364 5095 n.
1454 5039 1511 5095 in
1600 5057 1719 5107 ora,
1804 5038 1902 5106 τήν
1964 5059 2068 5091 σω-

426 5131 1032 5308 θηζῖΞΫΚατῗλνΟ-ἦναι.
1074 5203 1095 5231 ι
1128 5186 1261 5250 Quae
1302 5199 1371 5239 ne
1418 5182 1881 5248 labefactaretur,
1918 5182 2067 5254 peri-

426 5272 483 5308 ru
517 5272 616 5308 um
648 5272 746 5308 era
780 5298 792 5308 .
830 5280 856 5304 ››

416 5262 616 5310 rulum
648 5262 792 5309 erat.
830 5280 856 5304 ι)

486 5323 841 5417 (1⁸5)¹Ὠςιὸὲ
884 5326 1014 5417 triti),
1065 5330 1173 5417 etc.
1236 5326 1294 5379 In
1354 5326 1607 5417 quodam
1658 5325 1852 5379 Graaco
1896 5325 2065 5417 echo:

418 5394 873 5471 lia‘stalegi‘turz‘
926 5394 1198 5471 Ὠριγένην
1258 5394 1439 5471 σαφῶς
1497 5394 1804 5471 αἰνίττεται,
1863 5394 1923 5471 οῦ
1976 5394 2063 5471 καί

418 5464 998 5544 ἐξήγησιννὲπιφέρειξ
1030 5464 1414 5539 εῦρισκομένην
1462 5470 1642 5543 σαφῶς
1691 5464 1741 5517 ἐν
1787 5470 1902 5544 τοῖς
1934 5466 2067 5519 κατὰ

422 5538 731 5594 τὸνἺωνᾶν
775 5538 1155 5612 ἐξηγημένοις.
1184 5562 1212 5612 ς(
1259 5539 1467 5612 Palam
1502 5538 1805 5612 O'rigenem
1841 5538 2065 5609 signifi-

414 5621 528 5673 cat.
564 5615 732 5683 cujus
756 5611 931 5667 etiam
957 5611 1375 5682 expositionem
1404 5611 1693 5683 adiungit,
1716 5626 1841 5683 qua
1870 5614 2065 5681 aperte

414 5703 473 5739 in
507 5682 670 5740 illius
700 5684 760 5738 in
790 5684 1000 5739 Jonam
1034 5682 1451 5738 commentario
1475 5682 1795 5738 occurrit.»
1821 5682 1947 5738 Ηεεο
1969 5698 2064 5737 ea-

414 5758 549 5813 dem
582 5755 801 5811 habent
828 5755 925 5812 alii
960 5754 1511 5827 pluresscholiastae
1545 5753 1602 5808 in
1635 5754 1803 5809 codd.
1846 5753 2061 5825 Regiis,

2182 4828 2239 4880 in
2268 4827 2500 4890 Jonam,
2551 4825 2842 4895 siquidem
2894 4825 3043 4880 hanc
3091 4826 3626 4896 interpretationem
3661 4842 3723 4879 se
3766 4825 3821 4877 in

2178 4899 2448 4953 Methodii
2475 4897 2893 4952 commentario
2918 4896 3129 4966 legisse
3151 4902 3416 4951 testatur.
3442 4896 3825 4951 Combefisius

2183 4986 2288 5025 nec
2318 4971 2650 5039 Origenem,
2671 4984 2773 5022 nec
2807 4967 3164 5023 Methodium
3199 4985 3231 5021 a
3266 4968 3542 5039 Gregorio
3573 4967 3819 5039 intelligi

2180 5046 2364 5113 putat,
2396 5042 2495 5096 sed
2530 5040 2711 5095 alium
2745 5039 2932 5113 ipsius
2965 5039 3241 5113 temporis
3278 5040 3759 5113 virumidoctum,
3794 5057 3825 5091 τι

2180 5110 2294 5184 quo
2324 5114 2379 5168 id
2416 5113 2699 5184 audierat,
2722 5110 2841 5164 sive
2874 5111 2922 5165 is
2952 5110 3039 5165 vir
3068 5112 3273 5165 doctus
3307 5112 3364 5164 in
3398 5112 3643 5181 Origene
3672 5110 3823 5182 lege-

2178 5183 2290 5249 rat,
2325 5188 2441 5239 sive
2467 5185 2597 5255 ipse
2626 5183 2942 5237 invenerat.

2248 5257 2361 5325 (16)
2420 5250 2665 5323 κλοπήν.
2726 5258 2859 5325 Reg.
2905 5271 2941 5325 y
2986 5253 3277 5325 σωτηρίαν,
3310 5262 3359 5308 et
3394 5254 3462 5308 ad
3498 5271 3658 5308 oram
3691 5250 3821 5305 κλο-

2175 5328 2299 5380 πήν.

2238 5356 2358 5468 J(V1.7)
2423 5394 2581 5470 Kay}.
2662 5394 2761 5461 τὴν
2851 5392 3091 5469 μεγάλην
3175 5395 3339 5470 αὐτοῦ
3398 5395 3609 5470 σοφίαν.

2175 5470 2387 5523 desunt
2419 5469 2476 5521 in
2513 5468 2690 5535 Regg.
2726 5468 2939 5521 novem
2963 5472 3018 5521 et
3050 5484 3143 5522 sex
3180 5469 3339 5523 Colb.

2246 5542 2357 5607 (18)
2384 5538 2984 5613 Μηχανωμὲνῳζροίδὶ
2998 5583 3008 5593 .
3048 5541 3095 5597 1.
3109 5610 3117 5613 Δ
3132 5538 3559 5613 μηχανωμένου.

2247 5613 2359 5679 (19)
2391 5609 2773 5684 ’Aaoxpjidaew.
2811 5611 2988 5684 Riegg.
3026 5618 3063 5684 t_,
3098 5609 3483 5684 ἀποκρύπτειν.

2247 5674 2356 5753 (⁸20)
2418 5674 2783 5743 Πιστεύεσθαι.
2845 5674 2984 5753 Reg.
3046 5682 3084 5737 l.
3145 5689 3199 5738 et
3244 5674 3468 5737 'Comb,
3529 5674 3816 5739 πιστευθῆ-

2172 5772 2279 5807 ναι.

3701 5397 3737 5449 Η
3747 5412 3823 5449 (ρο
