4184 6202
391 380 511 447 507

1630 386 1695 451 S.
1745 382 2119 449 GREGORII
2162 384 2555 449 THEOLOGI

3675 384 3799 452 508

396 536 533 577 nam
567 537 743 593 super
771 520 969 577 omnia
990 520 1304 593 potentiam
1329 522 1699 581 mediocriter
1720 540 2039 598 agnoscen-

2158 519 2241 573 καὶ
2296 520 2530 597 μετρίως
2584 518 2981 593 αἴσθανομὲνων
3026 524 3159 577 Θεοῦ
3210 523 3324 595 (21)
3373 518 3461 577 καὶ
3507 527 3608 591 τῆς
3660 521 3795 597 ὑπὶρ

397 614 474 667 te.

468 699 658 755 CVIII.
691 698 869 754 Norat
900 699 1154 769 profecto
1181 700 1384 770 Jonas,
1442 707 1501 757 et
1552 703 1787 774 quidem
1847 703 2036 773 magis

390 804 567 853 quam
602 787 792 857 quivis
818 787 991 851 alius,
1025 789 1216 844 aiebat
1247 792 1333 844 vir
1362 790 1478 857 ille,
1512 791 1611 863 qui
1644 791 1750 846 hoc
1785 792 2032 858 dicebat,

394 876 657 947 mihique
689 878 863 931 tidem
898 878 1162 944 faciebat,
1206 896 1317 949 quo
1352 880 1677 951 praedicatio
1721 882 1838 935 haec
1869 881 2036 935 Nini-

386 965 521 1019 vitis
556 966 849 1031 tenderet;
884 967 1157 1038 quodque
1190 969 1502 1023 consilium
1536 969 1918 1039 fugaeiniens,
1952 968 2033 1024 lo-

384 1071 513 1109 cum
550 1055 788 1126 quidem
822 1060 1096 1123 mutaret,
1134 1062 1313 1112 Deum
1347 1062 1541 1114 autem
1574 1058 2033 1130 haudquaquam

382 1144 683 1216 effugeret,
720 1161 855 1198 nam
889 1161 992 1200 nec
1026 1146 1362 1201 mortalium
1388 1145 1542 1202 ullus
1566 1147 1715 1204 alius
1740 1148 1793 1202 id
1824 1152 2031 1219 potest,

383 1234 505 1288 sive
536 1233 596 1287 in
629 1239 796 1287 terrae
828 1233 1065 1299 finibus,
1100 1240 1201 1289 aut
1231 1235 1409 1290 maris
1442 1236 1731 1307 profundo
1754 1254 1815 1292 se
1837 1235 2032 1292 occul-

384 1325 503 1385 tet;
536 1322 654 1376 sive
686 1323 915 1392 pennis,
966 1322 1014 1377 si
1064 1340 1181 1393 qua
1229 1329 1352 1379 arte
1394 1324 1452 1378 id
1503 1325 1780 1397 consequi
1824 1326 2030 1397 possit,

385 1410 740 1474 sublevetur,
774 1416 943 1481 atque
974 1412 1031 1465 in
1064 1412 1274 1467 coelum
1296 1413 1498 1481 evolet,
1528 1414 1645 1470 sive
1667 1416 1738 1470 ad
1764 1415 1914 1470 imas
1943 1415 2035 1469 in-

388 1500 533 1553 ferni
568 1505 760 1569 partes
790 1516 852 1555 se
883 1500 1162 1569 conferat,
1186 1502 1306 1557 sive
1328 1519 1525 1558 crassa
1555 1504 1709 1559 nube
1740 1520 1801 1559 se
1832 1507 2030 1559 conte-

385 1593 503 1659 gat,
540 1588 658 1643 sive
688 1589 939 1660 denique
990 1590 1222 1661 quidvis
1280 1592 1437 1646 aliud
1480 1593 1551 1647 ad
1584 1594 1780 1665 fugam
1814 1594 1871 1648 in
1907 1598 2031 1648 tuto

385 1677 785 1732 collocandum
809 1679 1004 1734 animo
1029 1680 1210 1751 agitet
1230 1681 1295 1734 ⁸³.
1321 1680 1492 1737 Solus
1516 1682 1731 1754 quippe
1754 1699 1821 1737 ex
1843 1683 2029 1737 omni-

386 1765 497 1821 bus
522 1767 692 1821 rebus
712 1766 865 1822 Deus
888 1772 995 1833 est,
1018 1768 1117 1839 qui
1143 1785 1244 1824 nec
1268 1770 1403 1842 fuga
1424 1770 1614 1835 vitari,
1641 1771 2031 1842 necjsuperari

384 1858 599 1926 potest,
633 1871 764 1910 cum
811 1855 1057 1926 aliquem
1108 1858 1382 1928 arripere,
1434 1876 1499 1913 ac
1549 1860 1658 1914 sub
1705 1876 1947 1914 manum
1974 1865 2032 1914 et
2061 1892 2109 1956 B

385 1947 736 2015 potestatem
787 1946 1047 2017 redigere
1102 1946 1363 2001 voluerit.
1427 1948 1654 2005 Celeres
1703 1950 2031 2015 antevertit,

387 2034 705 2104 prudentes
738 2033 969 2104 decipit,
1004 2035 1179 2090 fortes
1224 2037 1526 2105 subvertit,
1579 2038 1862 2093 sublimes
1895 2055 2032 2094 con-

383 2122 587 2191 trahit,
620 2123 924 2178 audaciam
958 2124 1207 2196 mitigat,
1240 2126 1557 2194 potentiam
1591 2127 1820 2198 premit.

461 2211 562 2266 62
595 2210 731 2266 CIX.
763 2215 885 2265 Non
921 2227 1056 2283 ergo
1089 2217 1380 2283 potentem
1414 2214 1512 2270 Dei
1560 2231 1823 2286 manum,
1856 2234 2033 2288 quam

386 2298 518 2355 aliis
567 2300 1059 2367 comminabatur,
1106 2302 1285 2357 Jonas
1331 2302 1657 2374 ignorabat,
1704 2321 1808 2360 nec
1840 2306 1945 2361 hoc
1976 2306 2034 2361 in

386 2389 649 2443 animum
675 2389 1011 2454 inducebat,
1038 2389 1176 2457 fore,
1193 2397 1258 2446 ut
1279 2391 1537 2447 divinum
1561 2411 1777 2449 numen
1799 2411 2034 2466 prorsus

386 2479 664 2551 effugeret
689 2496 700 2543 ;
736 2478 891 2533 absit
913 2497 944 2535 a
967 2479 1134 2534 nobis
1158 2480 1277 2535 haec
1301 2482 1602 2552 persuasio
1629 2499 1641 2537 :
1665 2500 1864 2538 verum
1899 2484 2033 2555 quia

387 2566 617 2621 Israelis
642 2566 1070 2638 prolapsionem
1098 2571 1880 2644 perspiciebat,gratiamque
1902 2590 2033 2644 pro-

389 2655 679 2727 pheticum
709 2656 779 2710 ad
802 2661 1004 2725 gentes
1030 2656 1281 2729 migrare
1310 2660 1618 2726 sentiebat,
1650 2661 1867 2716 idcirco
1891 2679 2033 2733 prte-

389 2743 739 2799 dicationem
772 2745 1012 2817 defugit,
1047 2750 1216 2816 atque
1260 2747 1546 2818 imperata
1579 2750 1762 2805 facere
1793 2756 2034 2805 cuncta-

385 2835 523 2897 tur;
557 2849 621 2887 ac
652 2834 852 2903 gaudii
907 2835 1144 2905 specula
1198 2836 1421 2903 relicta,
1480 2854 1615 2892 nam
1665 2839 1848 2910 Joppe
1880 2841 2033 2911 apud

388 2922 657 2977 Hebraeos
707 2922 815 2977 hoc
861 2922 1174 2994 significat,
1224 2924 1282 2979 id
1332 2930 1421 2980 est
1469 2927 1647 2982 veteri
1709 2928 1938 2999 fastigio
1981 2934 2037 2983 et

386 3010 691 3081 dignitate,
728 3012 786 3065 in
822 3012 1084 3068 maeroris
1116 3013 1355 3086 pelagus
1400 3030 1461 3070 se
1508 3015 1757 3087 projicit.
1794 3022 1872 3072 Ac
1905 3034 2035 3088 pro-

385 3104 582 3170 pterea
610 3104 957 3171 tempestate
997 3102 1276 3171 jactatur,
1318 3109 1374 3158 et
1413 3105 1649 3172 dormit,
1701 3110 1757 3161 et
1796 3106 2034 3160 naufra-

388 3188 549 3260 gium
585 3189 821 3259 patitur,
855 3205 886 3245 e
917 3206 1143 3246 sommo
1188 3193 1489 3258 excitatur,
1520 3199 1576 3249 et
1605 3198 1759 3250 sorte
1788 3196 2035 3266 capitur,

2146 610 2319 663 πάντα
2350 607 2650 682 δυνάμεως.

2218 700 2335 755 PB'.
2372 699 2525 754 Ἀλλ’
2557 694 2676 772 ᾔδει
2716 699 2807 770 μὲν
2836 703 2997 753 τοῦτο
3030 699 3226 761 παντὸς
3275 698 3486 772 μᾶλλον
3520 700 3547 754 6
3581 702 3789 773 Ἰωνᾶς,

2145 788 2305 863 φησὶν
2333 788 2359 841 ὁ
2388 788 2477 842 τὸν
2512 784 2677 862 λόγον
2711 788 2874 842 εἰπὼν
2917 790 3049 858 (22),
3082 788 3172 841 καὶ
3214 786 3323 863 ἰγὼ
3368 789 3624 861 πείθομαι
3657 793 3791 863 (23),

2145 876 2218 936 εἰς
2249 875 2279 930 6'
2323 898 2373 930 τι
2425 874 2576 954 ἔφερε
2607 879 2719 949 (24)
2749 882 2867 937 τοῖς
2929 874 3229 939 Νινευίταις
3280 879 3339 931 τὸ
3396 880 3674 953 κήρυγμα,
3702 879 3795 934 καὶ

2144 963 2249 1033 ὅτι,
2280 964 2368 1019 τὸν
2421 962 2658 1039 δρασμὸν
2710 963 3010 1041 βουλεύων,
3040 965 3207 1020 τόπον
3264 966 3357 1037 μὶν
3405 963 3625 1039 ἤμειϐε,
3660 970 3791 1024 Θεὸν

2145 1050 2202 1107 δὲ
2248 1053 2345 1107 οὐκ
2392 1052 2626 1130 ἔφευγεν·
2681 1051 2805 1108 οὐδὲ
2852 1055 2955 1128 γὰρ
3005 1052 3175 1115 ἄλλος
3232 1076 3315 1116 τις
3365 1054 3688 1130 ἀνθρώπων,
3729 1057 3792 1113 οὐ

2142 1149 2245 1217 γῆς
2279 1142 2464 1196 ἑαυτὸν
2524 1142 2868 1216 κατακρύψας
2922 1142 3172 1209 κόλποις,
3207 1142 3269 1198 οὐ
3317 1142 3589 1214 θαλάσσης
3641 1143 3797 1219 βάθε-

2140 1253 2244 1302 σιν,
2278 1231 2339 1285 οὐ
2388 1237 2609 1307 πτεροῖς
2654 1232 2983 1309 κουφισθεὶς,
3019 1230 3072 1288 εἷ’
3111 1253 3194 1294 τις
3254 1232 3484 1305 ἐπίνοια,
3531 1234 3621 1288 καὶ
3669 1235 3795 1289 ἀνα-

2142 1318 2363 1394 δραμὼν
2395 1321 2469 1382 εἰς
2503 1322 2651 1395 ἄὲρα,
2681 1320 2788 1395 οὐχ
2818 1316 2949 1391 ᾅδου
2994 1327 3111 1383 τοῖς
3160 1322 3454 1376 κατωτάτω
3624 1342 3793 1397 προσ-

2139 1409 2435 1481 ομιλήσας,
2469 1409 2529 1464 οὐ
2587 1411 2780 1487 νέφους
2830 1410 3120 1486 παχύτητα
3170 1406 3604 1485 περιϐαλόμενος
3652 1415 3789 1484 (26),

2140 1498 2241 1553 οὐκ
2269 1497 2409 1552 ἄλλο
2438 1504 2545 1553 τῶν
2579 1498 2827 1553 ἀπάντων
2864 1497 3018 1554 οὐδὲν
3045 1499 3119 1560 εἷς
3167 1499 3459 1577 ἀσφάλειαν
3505 1504 3605 1554 τοῦ
3655 1498 3787 1571 δρα-

2140 1592 2281 1660 σμοῦ
2318 1586 2769 1663 βουλευσάμενος·
2805 1586 2951 1642 ἀλλὰ
3000 1593 3161 1644 τοῦτο
3220 1588 3383 1659 μόνον
3430 1593 3536 1643 τῶν
3577 1588 3795 1644 πάντων

2141 1675 2531 1753 ἀφευκτότατόν
2584 1697 2640 1730 τε
2693 1680 2803 1749 (27)
2852 1676 2940 1730 καὶ
3007 1678 3371 1751 ἀμαχώτατον
3422 1678 3570 1744 Θεὸς,
3632 1699 3796 1733 κατα-

2140 1770 2290 1839 σχεῖν
2317 1766 2406 1819 καὶ
2440 1766 2541 1819 ὑπὸ
2572 1771 2733 1841 χεῖρα
2782 1759 2968 1819 λαϐεῖν
3016 1764 3273 1835 θελήσας,
3302 1767 3484 1843 φθάνει
3662 1766 3795 1829 τοὺς

2140 1859 2351 1929 ταχεῖς,
2431 1852 2660 1929 σφάλλει
2736 1854 2863 1914 τοὺς
2940 1852 3214 1919 συνετοὺς,
3275 1855 3586 1930 περιτρέπει
3660 1854 3793 1917 τοὺς

2146 1940 2425 2017 ἰσχυροὺς,
2476 1941 2757 1997 συστέλλει
2814 1942 2942 2003 τοὺς
2994 1939 3263 2015 ὑψηλοὺς,
3316 1945 3521 2019 ἡμεροῖ
3569 1941 3791 2019 θράσος,

2143 2030 2312 2099 πιέζει
2345 2028 2589 2104 δύναμιν.

2220 2211 2331 2265 ΡΘ’.
2360 2209 2433 2263 Οὐ
2462 2208 2639 2263 τοίνυν
2673 2209 2856 2285 ἠγνόει
2888 2214 2982 2264 τοῦ
3014 2214 3146 2265 Θεοῦ
3178 2212 3276 2279 τὴν
3324 2213 3580 2285 κραταιὰν
3630 2218 3794 2287 χεῖρα

2145 2300 2173 2353 6
2202 2304 2316 2360 τοῖς
2357 2298 2549 2360 ἄλλοις
2580 2302 2692 2371 (29)
2722 2298 2920 2367 ταύτην
2970 2298 3208 2355 ἀπειλῶν
3280 2301 3489 2372 Ἰωνᾶς,
3541 2298 3666 2355 οὐδὲ
3714 2300 3793 2362 ὡς

2146 2388 2467 2465 φευξόμενος
2525 2387 2603 2449 εἰς
2660 2388 2794 2442 ἅπαν
2848 2385 3105 2443 διενοεῖτο
3163 2389 3225 2443 τὸ
3285 2390 3448 2460 θεῖον,
3507 2391 3581 2462 μὴ
3629 2395 3794 2444 τοῦτο

2144 2477 2514 2549 πιστεύσωμεν
2571 2481 2703 2546 (30)'
2756 2476 2882 2533 ἀλλ’
2922 2475 3109 2546 ἐπειδὴ
3168 2478 3267 2545 τὴν
3324 2474 3588 2533 ἔκπτωσιν
3649 2477 3795 2553 ἐώρα

2142 2570 2239 2621 τοῦ
2308 2566 2549 2640 Ἰσραὴλ,
2598 2565 2687 2619 καὶ
2745 2561 3163 2637 μεταϐαίνουσαν
3235 2565 3309 2628 είς
3366 2568 3434 2620 τὰ
3497 2563 3624 2636 ἔθνη
3693 2569 3795 2635 τήν

2144 2656 2489 2731 προφητικὴν
2519 2654 2677 2729 χάριν
2728 2654 3007 2728 ᾐσθάνετο,
3039 2652 3125 2709 διὰ
3173 2653 3334 2710 τοῦτο
3386 2656 3666 2731 ὑποχωρεῖ
3718 2662 3800 2727 τῷ

2145 2744 2474 2818 κηρύγματι,
2534 2742 2622 2797 καὶ
2684 2738 3044 2798 ἀναϐάλλεται
3092 2744 3154 2797 τὸ
3217 2743 3509 2818 ἐπίταγμα’
3560 2746 3651 2799 καὶ
3696 2747 3797 2813 τὴν

2145 2834 2490 2901 κατασκοπήν
2546 2839 2643 2901 τῆς
2704 2838 2878 2907 χαρᾶς
2931 2832 3106 2909 ἀφεὶς,
3137 2836 3297 2887 τοῦτο
3357 2834 3459 2909 γὰρ
3520 2828 3793 2907 Ἑϐραίοις

2148 2924 2182 2989 ἡ
2218 2922 2407 2989 Ἰόππη
2444 2918 2680 2988 δύναται,
2710 2921 2772 2975 τὸ
2802 2918 3034 2975 παλαιὸν
3086 2921 3219 2994 ὕψος
3271 2919 3419 2996 λέγω
3451 2925 3563 2995 (31)
3592 2922 3681 2975 καὶ
3733 2923 3795 2977 τὸ

2147 3009 2378 3082 ἀξίωμα,
2412 3009 2485 3071 εἰς
2540 3011 2602 3063 τὸ
2652 3015 2750 3077 τῆς
2812 3008 2992 3079 λόπης
3051 3010 3234 3064 ἑαυτὸν
3294 3007 3479 3086 ἔρῥιψε
3534 3008 3790 3085 πέλαγος·

2145 3096 2355 3154 καὶδιά
2396 3102 2557 3153 τοῦτο
2612 3098 2951 3173 χειμάζεται,
2984 3098 3071 3152 καὶ
3121 3096 3386 3170 καθεύδει,
3417 3099 3505 3153 καὶ
3554 3105 3793 3174 ναυαγεῖ,

2147 3188 2235 3242 καὶ
2288 3185 2639 3259 ὲξυπνίζεται,
2689 3186 2777 3241 καὶ
2835 3184 3159 3262 κληροῦται,
3213 3188 3303 3241 καὶ
3370 3186 3636 3262 ὁμολογεῖ
3696 3190 3799 3257 τὴν

390 3256 450 3334 et
479 3256 677 3349 fugam
711 3278 944 3348 fatetur,
978 3284 1035 3335 et
1064 3280 1119 3333 in
1179 3296 1337 3336 mare
1392 3256 1770 3354 demergitur,
1804 3256 1977 3355 atque
2006 3256 2039 3339 ά

2158 3293 2345 3354 ρυγην,
2388 3276 2476 3330 καὶ
2528 3276 2986 3345 καταποντίζεται,
3019 3276 3107 3331 καὶ
3157 3276 3260 3331 ὑπὸ
3306 3281 3401 3331 τοῦ
3449 3279 3651 3347 κήτους
3700 3298 3797 3331 κα-

394 3370 519 3421 ceto
542 3367 887 3421 absorbetur
907 3368 1171 3437 quidem,
1195 3370 1296 3424 sed
1321 3386 1431 3424 non
1452 3369 1780 3426 absumitur
1804 3389 1817 3438 ;
1842 3387 2040 3426 verum

399 3453 495 3507 Dei
528 3470 695 3525 opem
730 3453 846 3509 illic
876 3454 1169 3527 implorat,
1202 3458 1499 3530 simulque
1530 3476 1665 3514 cum
1695 3461 2042 3528 Christo,res

398 3542 575 3597 mirat
635 3543 691 3596 di
743 3543 911 3599 tertio
969 3545 1256 3601 educitur.
1317 3548 1531 3602 Verum
1593 3549 1711 3604 haec
1772 3551 1843 3604 de
1895 3551 2044 3605 Jona

392 3631 576 3685 oratio
609 3630 717 3687 hoc
743 3631 869 3688 loco
900 3638 1211 3705 exspectet,
1247 3638 1575 3692 accuratius
1606 3639 1785 3704 brevi,
1815 3639 1863 3693 si
1890 3638 2042 3694 Deus

395 3720 593 3786 donet,
628 3737 661 3775 a
690 3722 857 3777 nobis
888 3722 1230 3793 expolienda
1261 3730 1317 3779 et
1347 3728 1774 3795 pertractanda.

467 3811 572 3864 CX.
608 3810 771 3865 Nunc
802 3816 1018 3881 autem,
1063 3817 1127 3866 ut
1184 3814 1254 3867 ad
1316 3814 1655 3870 institutum
1713 3832 2041 3873 sermonem

398 3897 655 3966 redeam,
689 3897 924 3955 subibat
955 3901 1221 3956 animum
1262 3902 1381 3957 haec
1432 3904 1744 3975 cogitatio;
1775 3906 1930 3976 quod
1960 3905 2044 3959 illi

399 3985 635 4056 quidem
672 3989 937 4044 nonnihil
972 3990 1218 4045 fortasse
1256 3991 1432 4045 veniae
1482 3992 1857 4047 tribuendum
1899 4000 2041 4060 erat,

400 4074 473 4129 ob
505 4091 657 4140 eam,
688 4093 866 4147 quam
908 4079 1099 4145 attuli,
1148 4096 1407 4147 causam,
1463 4082 1829 4152 prophetiam
1858 4085 2046 4138 detre-

399 4162 579 4217 ctanti
606 4178 618 4217 :
652 4164 796 4220 mihi
826 4183 958 4222 vero
982 4185 1249 4239 quamam
1273 4170 1509 4224 tandem
1543 4171 1748 4239 oratio,
1781 4178 1883 4227 aut
1913 4173 2046 4242 quis

396 4249 754 4306 defensionis
783 4252 947 4309 locus
983 4256 1245 4327 reliquus
1294 4257 1457 4328 foret,
1492 4258 1541 4311 si
1572 4259 1794 4315 diutius
1824 4261 1895 4315 ad
1928 4261 2045 4316 fre-

397 4355 540 4394 num
575 4344 890 4396 contumax
920 4359 1131 4409 essem,
1157 4351 1331 4416 atque
1352 4347 1459 4401 hoc
1484 4347 2043 4420 ministeriijugum,

399 4427 525 4483 leve
555 4445 625 4482 an
658 4444 829 4499 grave
859 4430 1049 4487 dicere
1080 4437 1362 4505 oporteat,
1386 4434 1603 4500 nescio,
1633 4437 1775 4491 mihi
1807 4439 2045 4508 quidem

402 4521 556 4572 certe
588 4517 928 4588 impositum
964 4536 1292 4576 recusarem
1315 4521 1342 4573 ?

473 4616 517 4649 ⁸³
547 4613 700 4668 Psal.
734 4630 1000 4682 cxxxvm,
1031 4618 1064 4670 8
1096 4621 1152 4672 et
1178 4633 1299 4688 seq.

478 4703 585 4783 (‘21)
644 4702 912 4783 Μετρίωνλ
946 4703 1346 4783 αἶίσθανομένων
1402 4710 1551 4759 Θεοῦ.
1615 4732 1641 4757 ‹‹
1677 4709 1783 4783 Qui
1834 4712 2046 4783 sapiat,

404 4791 470 4853 ac
501 4774 587 4829 vel
623 4777 849 4853 modice
884 4778 1061 4853 Deum
1107 4774 1573 4853 ejusque__supe_r
1616 4781 1817 4853 omnia
1848 4774 2049 4853 poten:

398 4848 541 4972 Santi
577 4848 807 4902 sentiat.
843 4870 871 4898 »
904 4849 1104 4904 Comb.
1145 4870 1170 4899 ‹‹
1202 4848 1496 4905 tantillum
1529 4851 1628 4905 Dei
1673 4848 1914 4910 sensum
1948 4856 2049 4911 ha-

441 4934 508 4972 en
540 4934 588 4972 e.
626 4941 653 4967 ››

441 4923 588 4973 ante.
626 4941 653 4967 ››

473 4992 587 5068 (2.2)
640 4988 738 5068 Τᾲν
775 4985 959 5068 ’λόγον
1022 4990 1209 5068 εἰπών.
1271 4991 1400 5068 Haec
1446 4994 1631 5068 verba
1704 5002 2048 5068 argumento

402 5065 560 5125 sunt,
595 5062 890 5139 audivisse
919 5064 1257 5139 Gregorium
1284 5065 1341 5119 in
1375 5064 1663 5137 colloquio
1696 5062 1821 5139 qua:
1854 5077 2051 5126 narrat

402 5149 469 5211 ae
501 5132 739 5211 proinde
770 5134 957 5191 virum
986 5132 1223 5191 doctum
1255 5154 1369 5192 non
1415 5132 1559 5193 esse'
1589 5132 1917 5211 Origenem,
1941 5159 2046 5198 nec

405 5204 789 5259 Methodium.

478 5275 590 5344 (23)
625 5273 719 5351 Καὶ
753 5273 861 5351 ἐγὼ
891 5274 1171 5349 πείθομαι.
1232 5300 1258 5351 a
1289 5280 1357 5334 Et
1399 5296 1745 5351 persuasum
1781 5283 1983 5338 habeo.
2020 5305 2046 5333 ››

405 5346 535 5421 Haec
566 5349 740 5421 verba
770 5346 1196 5421 videntur'esse
1227 5346 1416 5421 ipsius
1435 5352 1538 5407 viri
1562 5354 1734 5420 docti,
1771 5372 1885 5409 non
1916 5372 2048 5411 vero

406 5418 689 5493 Gregorii,
725 5424 787 5472 ut
820 5420 1068 5493 Basilius
1099 5418 1532 5493 interpretatur.

478 5490 589 5626 (‘24)
617 5490 836 5564 ”Εφερε.
878 5490 1049 5547 Coisl.
1086 5493 1105 5547 4
1146 5490 1378 5568 φέρεται.

478 5562 565 5626 (25
645 5561 966 5616 Κατωτάτω.
1020 5565 1199 5626 Regg.
1254 5583 1309 5620 Π.
1363 5583 1378 5620 ε

474 5561 582 5631 (25)
645 5561 966 5636 Κατωτάτω.
1020 5561 1222 5636 Βεθεζᾙ
1254 5583 1309 5620 n.
1363 5570 1420 5620 et
1462 5569 1501 5620 t.
1548 5563 1901 5626 κατωτάτοις.
1966 5568 2050 5623 Ita

401 5630 458 5686 in
484 5630 679 5704 marg.
714 5632 874 5704 Golh.
910 5651 989 5689 m.

472 5700 1067 5783 (2ςξ)“ἷ]εριϐαλόμενος
1114 5709 1255 5765 Tres
1305 5708 1483 5782 Regg.
1535 5706 1695 5765 Colb.
1764 5709 2045 5783 quinque,

402 5769 894 5853 περιϐάλλόμενος.

2148 3366 2421 3420 ταπίνεται
2484 3365 2604 3437 μὲν,
2663 3364 2762 3419 οὐκ
2822 3364 3166 3420 ἀναλίσκεται
3221 3363 3297 3420 δὲ’
3359 3365 3485 3422 ἀλλ’
3542 3365 3652 3421 ἐκεῖ
3704 3368 3797 3421 τὸν

2151 3454 2279 3508 Θεὸν
2326 3453 2682 3523 ἐπικαλεῖται,
2734 3452 2846 3521 καὶ,
2884 3455 2946 3508 τὸ
2996 3455 3194 3526 θαῦμα,
3230 3459 3452 3528 Χριστῷ
3498 3457 3801 3531 τριήμερος

2153 3539 2540 3597 συνεκδίδοται.
2576 3540 2725 3598 Ἀλλ’
2756 3542 2783 3595 ὁ
2820 3542 2913 3613 μὶν
2946 3542 3069 3616 περὶ
3118 3542 3315 3598 τούτου
3362 3543 3524 3619 λόγος
3574 3545 3798 3617 ἀναμει-

2149 3632 2315 3698 νάτώ,
2365 3632 2555 3705 μικρὸν
2602 3631 2821 3705 ὕστερον
2874 3634 3010 3704 (32),
3064 3631 3121 3685 ἂν
3175 3629 3309 3703 διδῷ
3357 3633 3507 3701 Θεὸς,
3558 3632 3805 3710 φιλοπο-

2152 3721 2386 3795 νώτερον
2421 3718 2964 3794 ἐξεργασθησόμενος.

2227 3816 2323 3865 Pl’.
2367 3813 2470 3862 Νῦν
2528 3806 2585 3862 δὶ
2634 3810 2747 3881 (33)
2792 3808 2821 3862 6'
2874 3830 2967 3880 μοι
3019 3807 3197 3884 λέγειν
3246 3811 3273 3865 6
3324 3808 3488 3884 λόγος
3537 3810 3802 3885 ὡρμήθη,

2155 3904 2371 3953 σκοπεῖν
2428 3897 2599 3953 ἔπεισί
2685 3918 2775 3971 μοι
2834 3897 2922 3951 καὶ
2982 3893 3410 3971 ὑπολαμϐάνειν,
3469 3900 3552 3954 ὅτι
3613 3898 3803 3972 ἐκείνῳ

2158 3990 2251 4060 μὲν
2301 3989 2445 4061 τάχα
2486 4008 2536 4041 τι
2585 3988 2674 4041 καὶ
2723 3989 3057 4061 συγγνώμης
3089 3988 3174 4061 ἦν,
3210 3985 3278 4042 δι’
3319 3990 3379 4056 ἣν
3431 3988 3578 4042 εἶπον
3623 3987 3799 4042 αἰτίαν

2158 4075 2403 4130 ὀκνοῦντι
2453 4076 2550 4143 τήν
2609 4075 2963 4152 προφητείαν
3001 4075 3126 4149 ἐμοὶ
3176 4074 3232 4131 δὲ
3277 4076 3362 4138 τίς
3410 4075 3512 4152 ἄρα
3542 4074 3730 4151 λόγος,
3763 4079 3799 4146 ἢ

2152 4166 2232 4226 τίς
2268 4162 2567 4239 ἀπολογίας
2600 4162 2921 4218 ὑπελείπετο
2957 4167 3066 4237 (34)
3098 4165 3267 4227 τόπος
3306 4164 3394 4220 ἐπὶ
3444 4163 3613 4220 πλέον
3665 4166 3805 4243 ἀφη-

2152 4254 2409 4321 νιάζοντι,
2442 4252 2530 4306 καὶ
2561 4253 2651 4306 τὸν
2686 4252 2786 4307 οὐκ
2838 4250 2939 4307 οἶδ’
2969 4255 3081 4327 (35)
3114 4251 3209 4308 εἶπ’
3261 4252 3493 4329 ἐλαφρὸν
3553 4253 3658 4309 εἷίτε
3709 4256 3806 4330 βα-

2157 4342 2247 4418 ρὺν
2282 4342 2447 4396 εἰπεῖν
2476 4342 2612 4416 χρὴ,
2647 4338 2791 4395 ἀλλά
2818 4341 2909 4396 τόν
2960 4363 3020 4416 γε
3067 4344 3285 4398 τιθέντα
3334 4343 3493 4418 ζυγόν
3542 4351 3641 4413 τῆς
3693 4342 3807 4399 λει-

2154 4431 2411 4507 τουργίας
2444 4429 2780 4503 ἀναινομὲνῳ
2813 4434 2928 4503 (36)
2956 4450 2969 4499 ἱ

2228 4711 2341 4783 (27)
2372 4705 2907 4783 ίΔφευκτότατόντε.
2964 4713 3163 4783 Decem
3226 4708 3441 4783 Regg.,_
3488 4723 3584 4783 sex
3620 4706 3804 4773 Colb.,

2162 4768 2243 4841 or:
2282 4768 2340 4856 1,
2364 4768 2480 4856 Jes.
2518 4782 2718 4835 Comb.
2754 4778 3276 4856 Βμιὶυεηρἱφευκτόν
3308 4768 3387 4852 ἕξ
3417 4768 3665 4835 habent.

2232 4855 2342 4925 (28)
2376 4852 2591 4925 Φθανει.
2628 4856 2750 4925 D_uo
2783 4849 3287 4925 Regg._6:c'q>0uv5t.

2232 4918 2341 4996 (29)
2372 4919 2623 4996 ”Αλλοις.
2662 4923 2800 4994 Reg.
2832 4918 3158 4996 ᾑῖῖεολλοῖς.

2230 4991 2339 5066 (30)
2373 4991 2773 5063 Πιστεύσωμενῖ
2836 4995 2974 5066 Reg.
3035 5012 3083 5063 Ζ,
3140 4992 3372 5065 νομίσω.
3408 4991 3569 5066 Rugii
3600 4991 3803 5045 itidem

2158 5063 2300 5141 xfy.
2340 5069 2598 5137 Itemque
2630 5066 2766 5137 Reg.
2802 5083 2859 5133 u,
2893 5063 2951 5120 in
3002 5082 3187 5137 marg.
3214 5063 3353 5120 eum
3395 5063 3566 5119 solito
3594 5080 3681 5135 γρ.
3714 5081 3802 5115 νο·-

2209 5140 2303 5194 ίσω
2314 5156 2406 5194 μεν
2417 5180 2429 5192 .

2162 5160 2429 5213 μισωμεν.

2230 5212 2343 5286 (3t)
2376 5208 2552 5286 Λέγω.
2590 5208 2767 5286 Abest
2788 5224 2821 5261 a
2853 5208 2987 5286 Reg,
3042 5209 3094 5286 lﬂ,
3127 5212 3182 5263 et
3210 5206 3370 5286 Golb.
3405 5223 3484 5261 In.

2231 5277 2339 5355 (32}
2375 5277 2576 5355 Μίκρον
2625 5277 2988 5355 ἰίστερ-ονκῖά
3047 5278 3404 5355 Gregorium
3446 5277 3789 5355 praestitisse

2160 5349 2245 5408 ait
2270 5354 2443 5423 Elias,
2476 5349 2503 5401 ‹ὶ
2540 5350 2598 5404 in
2631 5349 2950 5406 Ezechielis
2994 5349 3290 5423 prophetae
3347 5349 3616 5416 historia,
3647 5369 3675 5396 »
3708 5362 3771 5403 se

2160 5425 2328 5480 nobis
2362 5441 2476 5481 non
2510 5425 2715 5477 exstat.

2231 5499 2343 5568 (33)
2372 5491 2586 5568 ,Νὖνλδὲς
2612 5498 2838 5568 Regii.
2870 5489 2985 5568 εθυῂ
3019 5486 3075 5543 δέ

2233 5558 2340 5635 (34)
2368 5558 2733 5621 Ὑπελείπετᾶ
2768 5565 2911 5621 Tres
2944 5563 3123 5635 Regg.
3174 5566 3231 5619 et
3285 5578 3441 5618 unus
3470 5559 3630 5617 Colb.
3665 5558 3802 5614 ὑπο-

2160 5636 2486 5832 Aegidae:
2516 5702 2637 5763 οἶδ’.
2670 5706 2874 5762 Plures
2908 5706 3086 5832 Regi.
3111 5702 3210 5758 οὐκ
3240 5700 3359 5758 οἶδα
3394 5699 3519 5761 εἷ’τε.

2252 5782 2344 5832 36)
2374 5776 2755 5832 Ἀναινομὲνω.
2790 5780 2927 5832 R62.
2961 5793 2995 5832 α
3060 5773 3457 5832 παναινομὲνω.

2252 5773 2344 5854 36)
2374 5776 2755 5851 Ἀναινομὲνῳ.
2790 5780 2927 5851 Reg.
2961 5773 3457 5850 εἶᾶπαναινομένῳ.
