4184 6202
417 389 546 456 309

1563 394 1859 458 ORATIO
1902 393 1980 455 II.
2015 423 2092 439 —-
2118 393 2688 460 APOLOGETIGA.

3713 393 3834 456 810

501 526 645 582 ΡΙΔ’.
675 524 740 581 Εἰ
799 524 985 601 γὰρ,ὂ
1045 524 1208 598 μόνον
1265 525 1315 581 ἐν
1374 525 1588 588 τούτοις
1646 525 1869 602 ἰσχυρόν
1933 524 2072 581 ἐστιν

2260 528 2396 585 CXI.
2429 529 2488 584 Si
2518 528 2697 595 enim,
2729 528 2886 600 quod
2916 543 3102 584 unum
3134 527 3194 584 in
3225 528 3318 585 his
3367 529 3542 584 rebus
3589 527 3830 586 ﬁrmum

416 612 592 668 εἰπεῖν
625 618 784 670 τοῦτο
821 612 939 683 δοίη
976 636 1080 682 τις,
1097 615 1178 669 ὅτι
1203 614 1399 686 πολλῷ
1421 617 1710 690 κατωτέρω
1735 615 1961 688 κείμεθα
1977 618 2074 670 τοῦ

415 702 715 776 ἱερατεύειν
765 705 877 776 (37)
927 708 1064 775 Θεῷ,
1113 705 1202 758 καὶ
1263 703 1344 758 ὅτι
1394 712 1494 773 τῆς
1545 703 1868 774 Ἐκκλησίας
1933 704 2074 774 ἄξιον

420 791 558 846 εἶναι
619 793 732 867 χρὴ
791 796 1029 864 πρῶτον,
1093 793 1206 847 εἶτα
1259 797 1353 847 τοῦ
1417 795 1685 868 βήματος,
1736 795 1826 847 καὶ
1881 794 2076 848 τούτου

419 884 664 953 πρῶτον,
701 881 814 936 εἶτα
844 884 956 952 (38)
1013 889 1112 951 τῆς
1164 880 1477 957 προεδρίας·
1510 882 1651 958 τάχα
1697 880 1878 956 ἕτερος
1929 885 2076 955 ἡμᾶς

419 969 526 1023 οὐκ
571 969 764 1046 ἀφήσει
809 975 905 1024 τοῦ
954 979 1052 1039 τῆς
1101 971 1372 1032 ἀπειθείας
1423 970 1787 1046 ἐγκλήματος.
1824 973 1978 1040 Δεινὴ
2022 970 2079 1026 δὲ

420 1059 700 1113 ἀπειθείας
734 1058 934 1128 ἀπειλή
968 1063 1101 1132 (39),
1132 1060 1222 1114 καὶ
1255 1058 1401 1114 δεινά
1449 1061 1651 1130 ταύτης
1698 1063 1764 1115 τὰ
1808 1062 2076 1134 ἐπιτίμια,

417 1147 606 1219 ὥσπερ
665 1169 724 1223 γε
773 1147 861 1202 καί
919 1156 1016 1217 τῆς
1091 1149 1274 1224 ἑτέρας
1343 1147 1582 1224 μερίδος,
1648 1148 1810 1222 μηδὲν
1884 1151 2077 1221 ὀκνεῖν,

421 1233 570 1308 μηδὲ
617 1233 953 1304 ἀναδύεσθαι,
995 1235 1158 1308 μηδὲ,
1191 1236 1368 1310 ὥσπερ
1397 1239 1424 1291 ὁ
1476 1237 1656 1292 Σαοὺλ
1705 1239 1927 1310 ἐκεῖνος,
1957 1245 2076 1301 τοῖς

415 1324 664 1380 σκεύεσιν
753 1325 1186 1400 ὑποκρύπτεσθαι
1254 1332 1370 1388 τοῖς
1450 1334 1734 1401 πατρικοῖς
1795 1330 1927 1401 (40),
1986 1329 2081 1382 κᾶν

412 1415 558 1488 πρὸς
619 1413 808 1488 ὀλίγον
858 1413 1194 1486 καλούμενον
1259 1418 1370 1486 (41)
1431 1415 1518 1469 ἐπὶ
1578 1416 1921 1492 προστασίαν,
1955 1416 2082 1472 ἀλλ’

419 1503 506 1565 ὡς
557 1502 643 1557 ἐπί
693 1524 743 1557 τι
793 1511 1017 1579 πρᾶγμα
1063 1508 1263 1581 κοῦφον
1310 1503 1398 1558 καί
1447 1505 1637 1579 ῥᾷστον
1691 1511 1892 1581 χωρεῖν
1944 1506 2078 1560 ἑτοί-

422 1613 576 1664 μως,
608 1593 669 1646 οὗ
721 1589 861 1664 μηδὲ
909 1592 1224 1665 μεταθέσθαι
1275 1592 1510 1671 ἀσφαλὲς
1540 1596 1673 1668 (42),
1709 1593 1849 1668 μηδὲ
1902 1594 2076 1670 βουλῇ

418 1679 653 1756 δευτέρᾳ
681 1683 1001 1757 Θεραπεῦσαι
1032 1683 1132 1750 τὴν
1161 1676 1569 1756 προλαϐοῦσαν.

505 1955 640 2005 PIB‘.
677 1951 773 2004 Διά
803 1954 961 2004 τοῦτο
989 1947 1219 2023 ἔκαμνον
1262 1941 1365 2026 ἐγὼ
1396 1956 1513 2012 τοῖς
1545 1951 1836 2025 λογισμοῖς
1869 1953 1930 2006 τὸ
1962 1935 2078 2006 δὲὀν

429 2040 890 2116 ἀνερευνώμενος,
923 2040 1012 2093 καὶ
1058 2039 1220 2112 μέσος
1268 2037 1364 2094 δύο
1413 2035 1594 2116 φόϐων
1649 2042 1957 2113 ἱστάμενος,
1989 2046 2085 2095 τοῦ

421 2149 494 2183 τε
522 2132 901 2190 κατασπῶντος
930 2128 1018 2182 καὶ
1047 2133 1143 2183 τοῦ
1192 2130 1504 2203 ἀνάγοντος.
1540 2129 1636 2183 Καὶ
1688 2128 1775 2182 ἐπὶ
1830 2127 2085 2183 πλεῖστον

425 2215 652 2278 τούτοις
716 2219 1072 2292 ἐναπορήσας,
1118 2218 1207 2271 καὶ
1258 2217 1641 2295 ἀμφοτέρωθεν
1703 2217 1930 2290 ἐμαυτὸν
1991 2239 2083 2272 τα-

423 2303 752 2374 λαντεύσας,
801 2307 837 2375 ἢ
888 2305 1068 2380 ὥσπερ
1130 2305 1300 2381 ῥεῦμα
1348 2307 1598 2368 ἀστάτοις
1650 2306 1916 2378 πνεύμασι
1947 2310 2082 2379 (43),

416 2391 565 2468 τῇδε
605 2394 818 2449 κάκεῖσε
871 2394 1235 2466 μετακλιθεὶς,
1285 2395 1443 2458 τὲλος
1494 2395 1753 2471 ἐγενόμην
1809 2400 1904 2450 τοῦ
1951 2418 2081 2473 σφο-

420 2481 714 2559 δροτέρου,
747 2483 836 2537 καί
894 2505 960 2556 με
1016 2487 1257 2555 νικήσας,
1293 2483 1406 2560 ἔχει
1465 2484 1776 2561 παρασόρας
1835 2487 1862 2540 ὁ
1914 2481 2083 2562 φόϐος

414 2579 530 2642 τῆς
563 2571 852 2634 ἀπειθείας.
888 2574 986 2627 Καὶ
1045 2578 1296 2628 σκοπεῖτε
1351 2575 1424 2635 ὡς
1478 2574 1650 2646 ὀρθῶς
1712 2575 1800 2628 καὶ
1861 2571 2082 2636 δικαίως

417 2660 622 2717 διαιτῶ
648 2664 762 2734 (44)
790 2667 906 2724 τοῖς
964 2657 1179 2740 φόϐοις,
1213 2665 1351 2736 μήτε
1399 2671 1493 2732 τῆς
1538 2663 1602 2718 οὐ
1649 2661 1940 2736 διδομένης
1967 2667 2080 2736 (45)

415 2751 668 2829 ἐφίεσθαι
719 2751 1070 2826 προστασίας,
1129 2755 1268 2825 μήτε
1323 2753 1655 2816 ἀπωθεῖσθαι
1702 2754 1800 2821 τήν
1856 2750 2080 2824 διδομέ-

415 2861 549 2909 νην.
578 2841 645 2893 Τὸ
690 2841 786 2911 μὲν
833 2841 934 2915 γὰρ
987 2840 1119 2894 εἶναι
1170 2840 1432 2915 Θρασὲων,
1465 2841 1528 2895 τὸ
1577 2838 1632 2895 δὲ
1683 2841 1941 2911 ἀπειθῶν,
1992 2839 2080 2894 καί

421 2925 766 2983 ἀπαιδεύτων
801 2927 1098 3005 ἀμφότερα.
1139 2929 1236 2982 Καὶ
1268 2928 1430 3001 μὲσος
1463 2929 1577 3002 είμί
1609 2950 1690 2991 τις
1721 2934 1828 2983 τῶν
1860 2950 1916 2983 τε
1948 2927 2079 3003 ἄγαν

413 3015 726 3092 τολμηρῶν
759 3018 847 3071 καὶ
877 3021 984 3071 τῶν
1019 3016 1138 3072 λίαν
1174 3015 1390 3073 δειλῶν·
1421 3023 1528 3071 τῶν
1577 3019 1669 3090 μὲν
1720 3018 1914 3079 πάσαις
1965 3017 2080 3072 ἐπι-

418 3103 730 3176 πηδώντων
801 3103 1136 3181 δειλότερος,
1197 3111 1301 3160 τῶν
1380 3104 1437 3160 δὲ
1517 3107 1824 3184 φευγόντων
1909 3108 2080 3169 πάσας

415 3194 883 3270 Θαρσαλεώτερος.
921 3195 1105 3256 Οὕτως
1138 3194 1242 3270 ἐγὼ
1273 3197 1393 3270 περὶ
1423 3195 1630 3250 τούτων
1663 3198 1934 3270 γινώσκω.

2111 1901 2158 1966 Β

2185 621 2242 673 et
2271 617 2527 673 validum
2557 618 2799 689 proferri
2821 622 3034 690 potest,
3069 617 3178 674 hoc
3209 618 3502 690 quispiam
3523 635 3830 675 concesse-

2187 707 2280 773 rit,
2309 725 2414 762 nos
2437 707 2620 763 multo
2636 708 2878 763 inferius
2901 708 3046 762 sitos
3068 723 3401 778 esse,quam
3425 710 3490 761 ut
3510 707 3831 764 sacerdotio

2187 797 2340 868 apud
2355 797 2534 850 Deum
2561 796 2969 867 fungamur;ac
2994 795 3155 866 prius
3170 801 3435 867 oportere
3461 795 3831 867 utquispiam

2185 884 2443 940 Ecclesia
2472 884 2684 953 dignus
2715 884 2811 952 sit,
2846 900 2912 938 ac
2952 885 3161 938 deinde
3205 885 3496 950 sacrario;
3551 884 3834 956 priusque

2189 973 2318 1038 hoc,
2354 991 2419 1028 ac
2452 979 2652 1044 postea
2682 972 2838 1028 sedis
2870 972 3235 1043 principatu;
3269 971 3416 1026 alter
3448 973 3696 1029 fortasse
3728 991 3834 1030 nos

2190 1062 2595 1118 inobedientiie
2648 1061 2890 1116 crimine
2949 1061 3190 1116 minime
3246 1059 3540 1116 liberabit.
3618 1063 3832 1118 Graves

2194 1168 2367 1223 porro
2400 1151 2571 1206 minis
2601 1167 2924 1221 gravesque
2953 1167 3134 1222 poena:
3167 1150 3445 1205 adversus
3488 1149 3830 1206 inobedien-

2190 1241 2332 1296 tiam
2366 1240 2791 1306 intenduntur;
2825 1239 3320 1311 quemadmodum
3357 1238 3579 1294 scilicet
3607 1239 3663 1293 in
3689 1240 3834 1295 alte-

2190 1345 2314 1384 ram
2350 1345 2579 1400 quoque
2611 1334 2858 1400 partem,
2890 1327 3000 1383 hoc
3031 1332 3348 1382 esteorum
3400 1327 3499 1398 qui
3543 1327 3692 1383 nihil
3745 1345 3833 1383 re-

2190 1418 2446 1489 fugiunt,
2476 1434 2542 1473 ac
2573 1421 2865 1485 recusant,
2898 1433 3003 1472 nec
3035 1420 3099 1471 ut
3126 1415 3260 1471 Saul
3292 1414 3410 1485 ille,
3444 1416 3554 1473 sub
3578 1416 3834 1487 paternis

2191 1507 2346 1562 vasis
2378 1505 2616 1578 paulum
2650 1506 2858 1560 saltem
2890 1522 2951 1561 se
2981 1505 3276 1560 occultant
3302 1505 3367 1574 ⁸⁸,
3399 1521 3534 1560 cum
3576 1506 3647 1560 ad
3691 1522 3833 1576 pras-

2192 1597 2475 1651 fecturam
2508 1601 2829 1663 vocantur;
2863 1611 3062 1650 verum
3097 1596 3198 1650 63
3229 1600 3509 1666 tanquam
3545 1595 3615 1649 ad
3648 1594 3833 1650 levem

2189 1685 2507 1756 quamdam
2540 1701 2659 1740 rem
2703 1689 2761 1739 et
2804 1682 3162 1755 perfacilem,
3212 1688 3482 1755 prompto
3525 1683 3720 1738 animo
3772 1700 3836 1739 se

2189 1775 2515 1843 conferunt,
2551 1790 2728 1845 quam
2762 1788 2832 1828 ne
2861 1773 3153 1844 deponere
3183 1772 3419 1842 quidem
3472 1776 3666 1827 tutum
3720 1776 3830 1840 est,

2189 1879 2294 1919 nec
2327 1862 2643 1933 posteriore
2674 1861 2919 1918 consilio
2952 1861 3128 1932 priori
3153 1861 3504 1917 medicinam
3537 1861 3761 1916 aiferre.

2265 1951 2427 2008 CXII.
2463 1952 2536 2006 Ac
2569 1951 2812 2024 proinde
2844 1951 2968 2021 ipse
2998 1949 3173 2005 variis
3207 1949 3656 2022 cogitationibus
3677 1949 3835 2004 labo-

2195 2042 2420 2104 rabam,
2442 2041 2584 2111 quid
2613 2041 2760 2094 facto
2783 2056 2928 2110 opus
2954 2044 3108 2095 esset
3129 2039 3461 2112 exquirens;
3486 2039 3838 2108 mediusque

2193 2130 2344 2185 inter
2373 2130 2522 2184 duos
2551 2129 2792 2184 timores
2825 2129 3068 2190 haerens,
3111 2145 3360 2198 quorum
3393 2127 3539 2183 alter
3593 2143 3687 2182 me
3738 2128 3839 2182 de-

2194 2219 2507 2292 primebat,
2543 2217 2694 2272 alter
2721 2217 3001 2288 erigebat.
3035 2217 3299 2286 Cumque
3328 2217 3427 2270 diu
3457 2216 3516 2270 in
3547 2215 3636 2270 his
3658 2215 3836 2270 dubio

2193 2315 2248 2364 et
2279 2306 2521 2379 ancipiti
2556 2305 2752 2361 animo
2784 2306 3051 2370 fuissem,
3084 2305 3340 2376 atquein
3367 2309 3678 2375 utramque
3703 2320 3836 2374 par-

2193 2403 2310 2453 tem
2347 2397 2637 2468 meipsum
2671 2393 3001 2462 librassem,
3036 2400 3139 2448 aut
3170 2392 3433 2447 ﬂuminis
3482 2393 3543 2447 in
3592 2393 3835 2447 modum

2196 2485 2392 2541 dubiis
2423 2483 2613 2538 ventis
2646 2483 2759 2537 huc
2797 2486 2971 2552 atque
3019 2481 3156 2536 illuc
3203 2481 3519 2536 inclinatus
3566 2480 3835 2551 fuissem,

2196 2576 2432 2630 tandem
2465 2570 2886 2627 vehementiori
2919 2571 3090 2640 cessi,
3125 2587 3334 2640 meque
3362 2569 3578 2625 victum
3611 2573 3669 2624 et
3712 2570 3838 2624 abs-

2191 2667 2444 2719 tractum
2477 2665 2634 2716 tenet
2663 2659 3067 2714 inobedientize
3101 2669 3312 2714 metus.
3341 2660 3420 2713 Ac
3443 2657 3837 2729 videte,quam

2192 2758 2346 2808 recte
2372 2765 2668 2821 quamque
2683 2750 2844 2819 justo
2867 2749 3018 2802 inter
3035 2753 3351 2818 utrumque
3369 2747 3639 2802 timorem
3660 2761 3837 2816 nego-

2191 2841 2342 2894 tium
2372 2839 2719 2909 transigam,
2753 2836 3031 2890 nimirum
3063 2841 3128 2890 ut
3160 2851 3266 2890 nec
3296 2835 3540 2890 minime
3579 2833 3836 2890 oblatam

2192 2929 2594 3002 praefecturam
2627 2931 2921 2997 appetam,
2947 2941 3049 2980 nec
3070 2924 3328 2979 oblatam
3352 2922 3838 2996 repudiem.Illud

2192 3017 2350 3074 enim
2381 3014 2825 3070 temerariorum
2862 3013 3168 3068 hominum
3201 3018 3309 3080 est,
3343 3013 3453 3068 hoc
3496 3011 3838 3067 inobedien-

2190 3108 2363 3171 tium,
2397 3110 2716 3174 utrumque
2761 3107 2957 3157 autem
3009 3101 3435 3172 imperitorum.
3485 3103 3674 3172 Atque
3713 3100 3839 3172 ipse

2190 3194 2342 3250 inter
2375 3193 2551 3248 nimis
2575 3191 2848 3256 audaces,
2874 3198 2928 3245 et
2948 3189 3124 3245 nimis
3142 3189 3379 3246 timidos
3402 3190 3837 3260 quodammodo

419 3287 770 3357 interjectus
794 3302 962 3352 sum;
1001 3301 1209 3357 nempe
1239 3291 1297 3342 et
1326 3286 1420 3342 his
1451 3285 1550 3356 qui
1584 3287 1653 3340 ad
1689 3288 2062 3359 prafecturas
2093 3300 2297 3342 omnes
2329 3280 2663 3354 prosiliunt,
2697 3278 2978 3348 timidior,
3029 3283 3086 3334 et
3116 3278 3188 3334 iis
3234 3295 3439 3334 rursus
3488 3279 3588 3350 qui
3637 3293 3838 3332 omnes

420 3376 684 3448 fugiunt,
717 3375 1012 3430 audacior.
1047 3375 1177 3430 Haec
1211 3376 1280 3430 de
1314 3375 1405 3431 his
1427 3377 1602 3431 rebus
1627 3393 1756 3431 mea
1787 3386 1871 3432 est
1903 3375 2213 3432 sententia.

499 3462 639 3516 PII".
672 3459 792 3529 Καὶ,
825 3456 900 3514 ἔτι
934 3457 1203 3524 διελέσθαι
1249 3461 1568 3538 σαφεστερον
1627 3466 1706 3533 τῷ
1766 3463 1859 3534 μὶν
1922 3457 2077 3539 φόϐῳ

2197 3459 2381 3516 CXIII.
2407 3464 2618 3528 Atque,
2645 3461 2708 3510 ut
2730 3453 3052 3511 dilucidius
3078 3455 3268 3512 adhuc
3284 3456 3404 3511 haec
3454 3455 3840 3527 distinguam,

415 3555 526 3618 τῆς
559 3549 906 3624 προστασίας,
936 3551 1081 3624 τάχα
1111 3548 1170 3603 ἂν
1213 3550 1507 3624 βοηθήσειε
1548 3550 1637 3604 καὶ
1690 3551 1717 3604 ὁ
1766 3550 1931 3622 νόμος
1976 3556 2075 3619 τῆς

422 3638 748 3706 εὐπειθείας,
803 3644 899 3693 τοῦ
955 3643 1089 3693 Θεοῦ
1147 3641 1246 3706 τὴν
1302 3640 1478 3693 πίστιν
1541 3641 1652 3712 (46)
1710 3634 2076 3712 ἀμειϐομένου

422 3724 520 3781 διὰ
548 3733 648 3795 τῆς
695 3728 886 3781 ἑαυτοῦ
935 3725 1335 3802 χρηστότητος,
1367 3727 1456 3782 καὶ
1508 3728 1582 3788 εἰς
1632 3729 1944 3803 προστάτην
1993 3728 2078 3780 τέ-

502 3826 547 3866 9‘
580 3825 600 3881 Ι
631 3827 764 3898 Reg.
789 3843 845 3896 ι,
875 3827 964 3881 22.

502 3924 614 3994 (37)
665 3919 770 3976 Τδῦ
827 3922 1142 3998 ἱερατεύειν.
1207 3924 1452 3987 «Quam
1513 3927 1578 3979 ut
1610 3925 1720 3980 Deo
1762 3923 2084 3980 sacerdotio

424 3997 768 4066 fungamur.
804 4017 833 4045 »

501 4064 617 4136 (38)
648 4067 796 4152 [EI-13',
847 4071 955 4123 etc.
983 4067 1108 4152 ~Sig
1126 4066 1323 4152 plures
1367 4064 1551 4152 Regii.
1605 4066 1716 4152 Alii
1776 4083 1890 4152 non
1939 4082 2080 4136 pau-

425 4138 661 4212 ciores:
729 4136 860 4212 Εἶτα
916 4136 1322 4212 105A§ﬁpia1oc
1384 4136 1567 4190 τοῦτο.
1627 4136 1738 4212 εἶτα
1792 4143 1892 4206 τῆς
1951 4155 2082 4208 προς

424 4206 634 4283 εδρίας.
671 4234 698 4283 ιν
729 4210 899 4265 Prius
949 4206 1214 4276 ecclesia,
1275 4215 1402 4283 tum
1453 4209 1726 4283 sacrario,
1763 4226 1827 4283 ac
1887 4206 2084 4280 postea

422 4280 967 4355 sedisprincipatu.
995 4303 1023 4330 ››
1049 4282 1442 4355 Quaeguidem
1467 4280 1645 4336 simul
1682 4281 2082 4355 presbyterum

422 4353 856 4434 et_episcopum
879 4358 1164 4434 spectant.
1191 4353 1446 4409 Ecclesia
1467 4358 1526 4408 et
1554 4353 1874 4434 sacrarium
1906 4354 2081 4434 etiam

425 4421 841 4508 ministrorum
900 4421 1057 4508 s'unt.
1114 4427 1388 4508 Hancque
1437 4421 1934 4508 υηοωπροεδρίαν
1992 4422 2083 4508 καὶ

423 4495 751 4569 πρηστασίαν
785 4497 1098 4568 Gregorius
1152 4502 1272 4552 tota
1293 4495 1432 4569 _hac
1501 4495 1762 4551 oratione
1791 4495 2081 4569 intendit.

424 4567 696 4639 Adeoque
751 4569 822 4624 ab
871 4567 1060 4639 ipsius
1117 4573 1310 4624 mente
1375 4568 1668 4636 aberrant,
1702 4568 1952 4638 quieam
1996 4567 2086 4639 Ade

425 4637 768 4712 episcopatu
837 4637 1323 4712 interpretantur.
1378 4641 1443 4712 In
1498 4637 1795 4712 sacerdote
1847 4637 2089 4712 requirit

425 4709 731 4784 primm—ut
754 4734 782 4761 ‹‹
811 4709 1068 4767 Ecclesia
1091 4733 1118 4760 »
1151 4709 1494 4784 dignusgsit,
1529 4711 1584 4765 id
1613 4715 1702 4784 est
1733 4714 1796 4765 ut
1825 4711 1898 4784 iis
1928 4709 2080 4784 fom-

426 4782 608 4837 hibus
640 4784 854 4854 pastori
875 4782 1238 4839 necessariis
1275 4782 1606 4854 dotibusrac
1637 4782 2081 4854 virtutibususit

426 4852 744 4927 prae-ditus:
778 4855 987 4927 deinde
1018 4855 1232 4927 dignus
1261 4874 1282 4901 α
1308 4853 1594 4924 Sacrario,
1619 4875 1644 4900 ››
1679 4870 1808 4927 seu,
1838 4852 2076 4927 utElias

427 4925 690 4998 exponit,
722 4925 957 4998 «instar
986 4925 1174 4997 angeli
1203 4927 1261 4979 in
1308 4941 1549 4998 corpore
1583 4925 1846 4998 mortali;
1906 4948 1932 4974 ι)
1973 4925 2075 4979 de-

427 4996 612 5078 nique
638 5020 658 5045 σ
684 4996 847 5078 sedis
865 4996 1361 5078 principatu,_»_id
1380 5002 1468 5052 est
1489 5001 1550 5051 ut
1570 5013 1669 5078 eos
1697 4997 1913 5078 quibus
1931 5013 2076 5078 prae-

425 5067 538 5135 est,
556 5067 1162 5140 summaet’singulari
1191 5068 1402 5124 virtute
1422 5072 1677 5140 superet.
1705 5067 1732 5117 ἁ
1760 5068 1828 5123 Ut
1853 5067 2003 5124 enim
2029 5089 2078 5121 .››

423 5141 621 5213 inquit
651 5139 879 5208 Elias,«
911 5141 1323 5213 armentarius,
1384 5145 1483 5194 aut
1508 5139 1740 5211 pastor,
1784 5157 1888 5213 nec
1935 5140 2078 5207 ovis,

427 5211 533 5269 me
557 5214 662 5269 bos
690 5217 799 5282 est,
846 5212 946 5268 sed
992 5211 1355 5267 sublimioris
1385 5228 1448 5266 ac
1503 5212 1920 5282 praestantioris
1981 5229 2079 5266 na-

426 5294 568 5339 turas
595 5302 610 5340 ι
633 5283 835 5339 eodem
870 5284 1062 5348 modo,
1097 5284 1198 5354 qui
1251 5282 1588 5338 hominibus
1621 5289 1846 5354 praeest,
1894 5300 2079 5353 quan-

429 5367 553 5412 tum
588 5355 661 5411 ad
693 5356 965 5410 virtutem
997 5359 1053 5410 et
1082 5355 1550 5425 coniunctionem
1585 5370 1719 5409 cum
1742 5359 1874 5421 Deo,
1907 5370 2085 5426 supra

431 5427 732 5484 hominem
767 5442 896 5482 esse
931 5426 1121 5480 debet.
1159 5449 1187 5475 ››

519 5495 873 5571 39)Ἀπελιλή.
911 5498 1088 5571 Regg.
1113 5515 1166 5567 a,
1200 5497 1240 5567 1,
1268 5513 1348 5562 m,
1410 5497 1486 5550 hu
1519 5496 1553 5561 ἡ
1615 5490 1838 5563 ἀπειλή.
1902 5499 2087 5549 Antea

497 5502 873 5626 (39γιλπειλή.
911 5502 1088 5620 Regg.
1113 5515 1136 5552 ε

429 5579 501 5630 (lo
533 5574 589 5626 b.
628 5587 708 5639 ω,
743 5565 811 5622 δι’
843 5567 1028 5632 ἀπειθε
1056 5587 1136 5628 ας.

498 5644 612 5712 (40)
647 5643 960 5715 ΙΙατρικοῖςη.
996 5639 1143 5695 Male
1173 5639 1418 5715 ρει-888.
1452 5640 1856 5715 πνενματικοιῖς.

515 5707 787 5786 (ἐθηρὸς
857 5709 1040 5786 ὀλίγον
1115 5707 1474 5786 καλούμενον.
1557 5709 1702 5786 Reg,
1775 5708 1791 5762 l

439 5779 730 5860 λούμενον.
765 5784 903 5857 Reg.
934 5779 974 5856 Ι,
1022 5779 1522 5857 προσκαλούμενον.
1557 5779 1739 5837 Bilius

1900 5704 2088 5760 ἐπικαο

1793 5753 1922 5834 ἰλωὲ
1934 5753 2086 5834 "is-

2187 3548 2384 3604 timori
2416 3547 2654 3618 quidem
2687 3544 3076 3614 suscipienda;
3113 3546 3464 3616 praefecturae
3496 3543 3585 3600 lex
3609 3559 3842 3615 quoque

2195 3635 2542 3694 obedientiae
2576 3637 2821 3689 fortasse
2853 3649 3022 3705 opem
3072 3634 3220 3688 ferre
3269 3640 3466 3705 queat,
3515 3638 3628 3688 Deo
3680 3632 3842 3686 vide-

2189 3724 2325 3780 licet
2367 3739 2471 3795 pro
2503 3739 2611 3778 sua
2642 3721 3000 3791 benignitate
3032 3722 3205 3776 ﬁdem
3230 3726 3661 3786 remunerante,
3687 3735 3847 3774 eum-

2194 3919 2392 3981 tendo,
2455 3932 2570 3971 non
2620 3914 3036 3989 animadvertit
3085 3917 3281 3989 Graeca
3309 3916 3482 3989 verba
3520 3915 3658 3989 πρὸς
3720 3910 3840 3966 ὀλί-

2193 4011 2307 4066 γον,
2339 3991 2622 4066 ad‘breve
2680 3987 2874 4066 Saulis
2918 3986 3252 4066 imperiurq
3281 3986 3612 4066 pertinere._
3642 3988 3843 4057 Itaque

2195 4058 2279 4119 sic
2312 4060 2624 4125 reddenda,
2677 4080 2704 4132 ᾳ
2759 4059 2935 4112 etiam
2968 4059 3065 4132 ad
3100 4058 3333 4132 modici,
3369 4059 3649 4132 temporis
3699 4074 3838 4132 praef

2194 4136 2477 4191 fecturam
2508 4128 2898 4203 postulentur,
2933 4152 2960 4203 «_¢
2993 4129 3239 4203 etiamsi
3270 4131 3341 4185 ad
3393 4128 3636 4203 tempus
3685 4131 3838 4199 quod

2195 4205 2362 4263 latuit
2419 4200 2578 4268 Saul,
2642 4200 2741 4256 sed
2801 4201 2953 4271 quod
3012 4201 3292 4274 regnavit,
3352 4200 3558 4258 alludit
3636 4204 3843 4272 Grego-

2195 4294 2338 4333 PIUS.

2267 4348 2376 4420 (42)
2568 4338 2706 4420 μηδὲ
2769 4341 3571 4420 {181a0é691t_&59q)\é4_H830
3628 4351 3844 4406 desunt

2194 4421 2252 4475 in
2274 4415 2440 4475 'Colb.
2467 4415 2626 4489 5._At
2657 4431 2787 4489 vero
2823 4431 2934 4469 non
2967 4415 3050 4469 sic
3097 4415 3498 4489 intelligenda,
3552 4435 3617 4474 ac
3640 4423 3690 4477 si
3748 4427 3840 4478 tu-

2195 4497 2321 4547 tum
2360 4505 2468 4567 nen
2503 4487 2580 4542 sit
2616 4485 2954 4567 praelatum
2985 4503 3135 4567 onus
3165 4485 3454 4567 deponere
3480 4533 3492 4556 ,
3527 4507 3640 4547 non
3671 4511 3737 4550 ea
3759 4501 3846 4550 est

2196 4579 2363 4620 mens
2393 4557 2672 4631 Gregorii.
2707 4558 2817 4631 Sed
2840 4557 3168 4631 Theologus
3201 4557 3259 4614 id
3290 4560 3432 4626 vult,
3495 4579 3593 4618 eos
3615 4581 3685 4619 ne
3742 4567 3845 4621 de-

2196 4635 2385 4707 posita
2414 4628 2651 4703 quidem
2674 4628 3000 4707 przelatura,
3018 4628 3083 4707 in
3111 4635 3238 4707 tuto
3255 4648 3399 4707 esse.
3427 4633 3597 4707 «Una
3613 4635 3790 4700 enim,
3817 4662 3836 4687 η

2195 4700 2278 4764 ait
2305 4700 2481 4772 Elias,
2516 4725 2540 4751 ‹‹
2578 4700 2867 4775 medicina
2896 4707 2984 4775 est
3013 4700 3108 4770 iis,
3142 4705 3243 4774 qui
3275 4704 3346 4758 ad
3379 4704 3718 4775 hujusmodi
3749 4708 3834 4763 di-

2189 4781 2473 4852 gnitatem
2503 4773 2742 4843 indigne
2775 4772 3106 4852 prosiliunt,
3133 4772 3212 4852 ab
3269 4791 3336 4830 ea
3378 4772 3727 4852 abscedere,
3777 4797 3840 4833 ac

2188 4845 2292 4924 per
2312 4849 2652 4924 diuturnam
2683 4845 3108 4924 pmnitentiam,
3133 4846 3327 4924 Deum
3340 4845 3588 4924 placare.
3608 4871 3640 4924 _»
3667 4845 3747 4906 De
3771 4851 3841 4904 iis

2188 4915 2365 4979 ctiam
2402 4917 2661 4988 loquitur
2689 4915 3022 4993 Gregorius,
3055 4939 3082 4964 α
3121 4917 3220 4988 qui
3251 4915 3394 4972 nihil
3436 4920 3734 4993 refugiunt
3777 4939 3843 4977 ac

2188 4987 2490 5066 recusant,
2511 5003 2645 5044 cum
2674 4987 2743 5041 ad
2762 4987 3179 5066 “praefecturam
3199 4995 3499 5060 vocantur,
3524 4987 3621 5048 36d
3649 5010 3841 5066 prom-

2190 5071 2305 5140 pto_
2322 5065 2534 5140 animo.
2553 5073 2614 5113 se
2644 5058 2970 5140 conferunt,
3009 5081 3037 5140 η

2285 5137 2370 5208 43)
2405 5130 2697 5208 [Ινεύμασι.
2731 5129 3202 5208 Ορῖβ,-[],κύμασι.

2288 5203 2376 5279 44⁷)
2431 5203 2648 5257 Διαιτῶ.
2686 5222 2713 5248 ››
2773 5203 3070 5258 Arbitrum
3132 5219 3324 5275 agam,
3367 5219 3607 5263 causam
3693 5207 3847 5264 deci-

2193 5281 2346 5335 dam.
2401 5299 2428 5326 »

2264 5351 2378 5422 (45)
2420 5343 2720 5422 Διδομένης
2757 5389 2769 5401 .
2830 5345 2967 5417 Reg.
3021 5344 3154 5422 h_u,_
3187 5340 3509 5418 δεδομένης.
3544 5350 3700 5415 «Qui
3735 5352 3844 5406 mi-

2195 5416 2370 5477 nime
2406 5416 2659 5476 oblatam
2713 5434 2822 5474 non
2879 5416 3241 5488 appetierim.
3301 5416 3356 5473 et
3387 5437 3541 5475 nunc
3592 5422 3840 5477 delatam

2195 5511 2306 5548 non
2333 5493 2630 5562 repudiem
2665 5491 3086 5563 pral‘ecturam.
3110 5510 3153 5565 ⁸››
3183 5489 3403 5562 Billius,
3437 5517 3461 5540 ‹‹
3499 5499 3791 5565 appetam,
3818 5516 3843 5540 ››

2198 5565 2363 5636 quasi
2398 5561 2468 5636 de
2490 5561 2822 5636 episcopatu
2840 5561 3168 5636 _sermo_sit.

2267 5637 2380 5706 (46)
2407 5631 2542 5702 Τὴν⁷
2571 5631 2774 5691 πίστιν.
2839 5634 3009 5706 Deest
3051 5632 3131 5706 in_
3161 5631 3300 5704 Reg.
3344 5632 3380 5698 l,
3430 5656 3449 5681 α
3489 5638 3598 5690 Deo
3657 5650 3845 5689 remu-

2197 5703 2458 5777 nerante,
2493 5729 2520 5755 ››
2545 5723 2753 5779 nempe
2789 5725 2814 5756 α
2845 5703 3254 5761 obedientiam.
3295 5725 3321 5751 ››
