4202 6212
431 376 544 439 511

1669 373 1736 440 8.
1784 377 2155 440 GREGORII
2203 378 2596 441 THEOLOGI

3719 376 3841 438 513

434 527 546 581 que
577 511 635 566 in
670 510 987 582 perfectum
1021 526 1086 565 ac
1119 508 1380 565 numeris
1419 510 1694 566 omnibus
1743 512 2075 567 absolutum

2199 509 2338 565 λειον
2364 512 2794 584 καταρτίζοντος.
2828 512 2915 565 τὸν
2955 509 3100 582 αὑτῷ
3132 509 3493 587 θαρῥῆσαντα,
3524 508 3613 564 καὶ
3662 508 3834 573 πάσας

440 599 769 655 Antistitem
795 603 1197 669 componente,
1224 599 1611 670 quiﬁduciam
1636 600 1693 655 in
1710 601 1839 673 ipso
1860 618 1924 656 ac
1948 618 2078 672 spes

436 706 576 745 suas
607 705 810 743 omnes
842 687 1063 760 positas
1094 688 1365 744 habuerit
1394 706 1406 743 :
1442 694 1501 744 at
1531 690 1937 746 inobedientias
1980 708 2077 762 pe-

434 778 619 833 riculo
652 778 804 832 haud
839 777 959 833 scio
1005 778 1280 849 quisnam
1330 776 1602 850 opitulari
1661 784 1760 834 aut
1808 797 2075 851 quisnam

433 867 582 923 ratio
614 867 686 921 ad
715 866 991 922 fiduciam
1023 866 1242 922 hortari
1292 868 1495 937 possit.
1548 868 1880 923 Vorendum
1922 869 2077 923 enim

437 961 541 1021 est,
578 972 648 1010 ne
680 957 750 1012 de
778 955 853 1011 iis
884 956 983 1027 qui
1013 956 1143 1010 ﬁdei
1180 960 1387 1011 nostra;
1420 957 1721 1011 commissi
1756 962 1913 1024 sunt,
1970 957 2077 1013 hoc

435 1046 748 1100 audiamus
774 1062 785 1099 :
822 1047 1045 1099 Animas
1073 1061 1259 1099 eorum
1289 1046 1358 1100 de
1380 1048 1640 1100 manibus
1671 1050 1868 1102 vestris
1889 1050 2074 1119 requi-

437 1151 560 1189 ram
579 1135 642 1187 ⁸³.
679 1135 781 1189 Et:
821 1133 1284 1201 Quemadmodum
1315 1136 1597 1205 reputistis
1624 1152 1730 1201 me,
1782 1152 1851 1190 ne
1891 1137 2081 1208 populi

437 1224 551 1279 mei
567 1224 726 1278 duces
768 1232 817 1277 et
833 1224 1111 1294 principes
1133 1225 1336 1292 essetis,
1361 1225 1438 1278 ita
1459 1233 1509 1278 et
1528 1240 1623 1293 ego
1658 1224 1927 1293 repellam
1968 1242 2078 1294 vos,

436 1328 507 1367 ne
537 1314 643 1366 sim
667 1312 812 1367 vobis
840 1314 894 1365 in
918 1328 1097 1381 regem
1126 1313 1189 1363 ⁸⁸.
1226 1318 1303 1367 Αο
1333 1329 1573 1368 rursus:
1620 1313 2081 1381 Quemadmodum

435 1417 547 1455 non
579 1400 867 1455 audivistis
900 1416 1077 1455 vocem
1102 1416 1298 1469 meam,
1332 1401 1425 1456 sed
1461 1401 1683 1457 dedistis
1727 1412 1937 1472 tergum
1974 1403 2079 1457 du-

442 1506 589 1556 rum,
620 1498 669 1544 et
697 1489 1059 1545 inobedientes
1089 1490 1317 1559 fuistis:
1346 1491 1426 1545 sic
1445 1492 1572 1555 erit,
1592 1507 1715 1545 cum
1737 1491 2081 1545 invocaveri-

434 1581 505 1633 tis
534 1594 620 1632 me
646 1595 739 1649 ego
769 1583 952 1633 autem
1006 1594 1112 1633 non
1160 1581 1453 1651 respiciam
1506 1580 1576 1633 ad
1636 1581 1939 1635 orationem
1990 1596 2079 1635 ve-

436 1672 612 1722 stram
642 1684 739 1722 nec
786 1668 1104 1722 exaudiam.
1164 1667 1331 1723 Absit
1382 1672 1445 1722 ut
1491 1668 1578 1722 hee
1626 1684 1796 1724 voces
1847 1668 2015 1723 nobis
2048 1685 2081 1723 a

429 1757 591 1826 justo
618 1756 823 1811 Judice
850 1755 1103 1824 veniant,
1164 1756 1256 1811 cui
1299 1756 1568 1826 quamvis
1616 1756 2077 1813 misericordiam

2189 601 2410 673 θέμενον
2458 600 2538 655 ἐπ’
2587 601 2744 656 αὑτὸν
2790 602 2883 663 τὰς
2936 598 3177 662 ἐλπίδας
3210 604 3290 671 τῷ
3341 598 3398 654 δὶ
3447 596 3678 673 κινδύνῳ
3730 606 3833 669 τῆς

2186 688 2478 761 ἀπειθείας,
2536 690 2634 745 οὐκ
2689 688 2811 745 οἶδα
2866 690 2947 752 τίς
3009 689 3157 745 ἔσται
3213 690 3241 744 ὁ
3305 690 3551 765 βοηθῶν,
3590 690 3624 758 ἢ
3677 689 3756 751 τίς
3805 690 3835 743 ὁ

2186 778 2400 855 θαῤῥεῖν
2458 777 2911 853 διακελευόμενος
2968 778 3129 854 λόγος
3190 780 3323 852 (47).
3358 774 3542 839 Φόϐος
3599 779 3700 852 γὰρ
3756 780 3831 851 μὴ

2185 868 2346 922 τοῦτό
2392 890 2451 943 γε
2509 868 2823 942 ἀκούσωμεν
2857 871 2968 942 (48)
3000 868 3120 944 περὶ
3171 869 3244 922 ὧν
3299 867 3715 939 ὲπιστεύθημεν,
3750 868 3836 923 ὅτι

2184 957 2278 1019 τὰς
2334 958 2514 1033 ψυχὰς
2542 960 2654 1031 (49)
2687 957 2862 1011 αὐτῶν
2922 957 2980 1010 ἐκ
3036 962 3142 1011 τῶν
3197 962 3400 1033 χειρῶν
3462 957 3613 1029 ὑμῶν
3675 956 3837 1025 ἐκζη-

2184 1048 2357 1116 τήσω·
2421 1047 2510 1101 καὶ
2596 1049 2784 1110 Καθὼς
2871 1046 3158 1110 ἀπώσασθὲ
3245 1068 3311 1117 με
3384 1050 3480 1100 τοῦ
3560 1046 3691 1100 εἶναι
3759 1046 3837 1100 εἰς

2187 1134 2531 1209 ἡγουμένους
2615 1140 2711 1190 τοῦ
2789 1135 2923 1190 λαοῦ
3003 1155 3105 1208 μου
3181 1136 3269 1189 καὶ
3348 1132 3640 1210 ἄρχοντας,
3693 1133 3837 1190 οὕτω

2188 1224 2340 1299 κάγὼ
2399 1225 2690 1297 ἀπώσομαι
2750 1224 2890 1296 ὑμᾶς
2946 1228 3043 1278 τοῦ
3102 1224 3236 1278 εἶναι
3287 1223 3413 1295 ὑμῖν
3465 1223 3539 1285 εἷς
3588 1221 3838 1298 βασιλέων

2189 1312 2301 1382 καὶ,
2374 1313 2560 1375 Καθὼς
2647 1313 2746 1368 οὐκ
2830 1311 3180 1382 είσηκούσατε
3258 1315 3357 1380 τῆς
3440 1319 3629 1389 φωνῆς
3708 1334 3834 1384 μου,

2189 1398 2316 1454 ἀλλ’
2400 1399 2636 1456 ἐδώκατε
2705 1406 2876 1456 νῶτον
2962 1401 3224 1477 σκληρὸν,
3311 1401 3398 1455 καὶ
3481 1403 3831 1471 ἠπειθήσατε·

2191 1490 2364 1551 οὕτως
2423 1487 2589 1560 ἔσται,
2647 1490 2770 1545 ὅταν
2841 1488 3231 1560 ὲπικαλὲσησθὲ
3292 1509 3375 1561 με·
3438 1489 3548 1564 ἐγὼ
3625 1488 3681 1544 δὲ
3737 1490 3839 1545 οὐκ

2190 1574 2471 1653 ἐπιϐλὲψω
2560 1579 2643 1633 ἐπὶ
2726 1582 2824 1647 τὴν
2876 1581 3224 1654 νπροσευχήν
3282 1580 3456 1651 ὑμῶν,
3518 1576 3631 1633 οὐδ’
3689 1579 3834 1633 εἷσα-

2189 1668 2478 1741 κούσομαι,
2510 1668 2711 1731 Ταύτας
2745 1670 2819 1741 μὴ
2866 1670 3078 1743 γένοιτο
3131 1666 3302 1723 ἐλθεῖν
3355 1670 3490 1738 ἡμῖν
3545 1668 3691 1741 παρά
3738 1673 3834 1723 τοῦ

2191 1755 2401 1812 δικαίου
2458 1762 2645 1833 κριτοῦ
2700 1759 2793 1819 τὰς
2850 1757 3057 1834 φωνὰς,
3115 1759 3159 1829 ᾧ
3376 1757 3471 1811 κᾶν
3532 1756 3621 1811 τὸν
3680 1755 3831 1812 ἔλεον

435 1851 761 1912 cantemus,
795 1850 990 1900 tamen
1016 1845 1309 1915 judicium
1369 1860 1601 1917 quoque
1652 1846 1851 1917 procul
1903 1846 2078 1902 dubio

2199 1845 2428 1920 ἔδωμεν,
2483 1846 2625 1902 ἀλλᾶ
2683 1846 2772 1901 καὶ
2830 1848 2927 1915 τήν
2986 1846 3159 1923 κρίσιν
3218 1868 3282 1921 γε
3337 1847 3552 1907 πάντως
3612 1844 3833 1917 συνᾴδο-

438 1934 615 1991 simul
650 1934 917 1990 canimus
946 1936 988 1969 ⁸⁷
1020 1938 1028 1991 Ι

510 2023 692 2079 CXIV.
727 2029 801 2079 At
831 2023 985 2079 enim
1018 2041 1227 2079 rursus
1278 2025 1348 2079 ad
1401 2024 1705 2080 historiam
1762 2025 1932 2096 feror,
1982 2027 2083 2081 64

438 2130 505 2168 ac
535 2116 793 2168 veterum
827 2113 1272 2184 probatissimos
1304 2130 1566 2185 quosque
1583 2114 2084 2182 considerans,eos

439 2217 665 2269 omnes,
697 2217 845 2271 quos
875 2201 1072 2256 divina
1109 2203 1316 2275 gratia,
1368 2202 1453 2257 vel
1509 2204 1580 2257 ad
1640 2203 2081 2274 gubernandum

439 2289 693 2362 plebem,
724 2289 813 2345 vel
843 2292 912 2345 ad
947 2291 1263 2363 prophetiae
1305 2308 1524 2347 munus
1576 2308 1838 2363 unquam
1888 2292 2083 2364 elegit,

440 2378 653 2450 partim
700 2379 875 2434 alacri
927 2380 1122 2435 animo
1181 2381 1467 2436 vocationi
1528 2381 1814 2452 paruisse,
1868 2380 2081 2453 partim

440 2468 643 2524 oblata!
676 2467 874 2541 gratias
906 2484 1129 2523 moram
1182 2469 1454 2539 injecisse
1503 2469 1765 2541 reperio;
1819 2486 1944 2539 nec,
1996 2469 2084 2525 vel

439 2573 664 2622 eorum,
701 2556 799 2628 qui
832 2557 1039 2628 pedem
1072 2558 1502 2625 subduxerunt,
1534 2558 1884 2630 culpandum
1919 2558 2085 2612 timi-

440 2645 700 2715 ditatem,
735 2646 820 2701 vel
854 2662 1079 2711 eorum,
1114 2648 1213 2718 qui
1250 2647 1321 2701 ad
1355 2646 1695 2718 impositum
1731 2646 1841 2701 sibi
1868 2663 2084 2701 munus

441 2735 777 2789 obeundum
810 2734 1059 2806 impigre
1091 2752 1152 2790 se
1203 2735 1601 2801 accinxerunt,
1656 2736 2082 2806 reprehenden-

441 2824 573 2878 dam
608 2822 991 2897 alacritptem.
1028 2824 1112 2878 Illi
1145 2825 1360 2896 quippe
1395 2824 1702 2879 ministerii
1731 2825 2084 2896 magnitudi-

442 2928 573 2967 nem
606 2913 1023 2982 extimuerunt,
1070 2914 1128 2969 hi
1181 2920 1380 2969 contra
1424 2913 1686 2969 vocantis
1736 2931 1843 2985 ope
1881 2914 2083 2968 confisi

442 3005 780 3073 paruerunt.
816 3006 1007 3058 Aaron
1037 3007 1343 3075 promptus
1376 3006 1517 3072 erat,
1550 3007 1736 3058 Moses
1767 3008 1960 3057 autem
2002 3019 2088 3058 re-

444 3091 762 3163 pugnabat.
812 3091 993 3147 Isaias
1050 3091 1298 3164 impigre
1356 3092 1644 3159 obedivit;
1704 3096 1763 3146 at
1805 3092 2087 3147 Jeremias

434 3178 755 3251 juvenilem
780 3186 1006 3236 aetatem
1042 3183 1357 3252 metuebat,
1391 3198 1495 3237 nec
1527 3181 1841 3253 prophetia:
1868 3197 2086 3237 munus

2198 1958 2291 2009 μεν
2302 1980 2313 1992 .

2266 2026 2402 2082 ΡΙΔ’.
2438 2023 2611 2081 Ἀλλὰ
2641 2025 2742 2100 γὰρ
2774 2024 2936 2080 πάλιν
2997 2024 3084 2080 ἐπὶ
3130 2025 3230 2093 τὴν
3292 2024 3525 2101 ἱστορίαν
3582 2023 3839 2102 φέρομαι,

2192 2114 2281 2169 καὶ
2335 2119 2443 2169 τῶν
2499 2114 2744 2169 παλαιῶν
2802 2115 2929 2177 τοὺς
2978 2112 3447 2187 εύδοκιμωτάτους
3497 2115 3837 2187 ἀνασκοπῶν,

2195 2203 2424 2279 εὑρίσκω
2457 2202 2621 2265 ὅσους
2667 2205 2889 2258 πώποτε
2948 2202 3021 2264 είς
3069 2203 3375 2258 ἐπιστασίαν
3419 2204 3454 2272 ἢ
3506 2204 3838 2279 προφητείαν

2192 2292 2227 2361 ἢ
2276 2296 2437 2368 χάρις
2486 2288 2827 2368 προύϐάλετο
2856 2296 2987 2366 (51),
3018 2292 3142 2354 τοὺς
3197 2294 3290 2366 μὲν
3348 2290 3588 2365 εἷ’ξαντας
3642 2292 3843 2368 προθύ-

2197 2402 2313 2453 μως
2360 2383 2429 2452 τῇ
2476 2380 2671 2451 κλήσει
2702 2384 2835 2455 (52),
2886 2381 3013 2444 τοὺς
3064 2382 3120 2437 δὲ
3166 2376 3604 2454 ἀναϐαλομένους
3636 2383 3745 2455 (53)
3774 2383 3839 2437 τὸ

2193 2469 2459 2545 χάρισμα·
2518 2470 2607 2524 καὶ
2665 2468 2959 2545 οὐδετέρων
3021 2474 3132 2544 (54)
3194 2471 3472 2543 μεμπτὴν,
3531 2468 3653 2525 οὔτε
3727 2476 3836 2525 τῶν

2196 2559 2671 2635 ὑποχωρησάντων
2704 2561 2804 2629 τὴν
2830 2557 3193 2629 δειλίαν,οἷῖτε
3211 2564 3315 2614 τῶν
3348 2558 3705 2635 ὁρμησάντων
3733 2561 3835 2629 τὴν

2193 2648 2523 2724 προθυμίαν.
2557 2650 2617 2702 O't
2654 2648 2747 2721 μὶν
2776 2649 2877 2724 γὰρ
3052 2656 3152 2719 τῆς
3185 2647 3457 2709 διακονίας
3502 2650 3564 2703 τὸ
3611 2648 3839 2723 μέγεθος

2194 2732 2605 2808 ηὑλαϐήθησαν·
2633 2738 2683 2792 οἱ
2717 2735 2775 2793 δὲ
2803 2743 2880 2809 τῷ
2909 2737 3167 2794 καλοῦντι
3198 2737 3573 2799 πιστεύσαντες
3602 2737 3841 2807 ἠκολού-

2194 2829 2382 2892 θησαν.
2420 2826 2702 2901 Πρόθυμος
2730 2828 2796 2896 ἦν
2830 2828 3060 2903 Ἀαρών·
3097 2826 3241 2882 ἀλλᾶ
3265 2826 3466 2896 Μωσῆς
3500 2825 3845 2901 ἀπεμάχετο·

2197 2916 2499 2985 ὑπήκουσεν
2541 2914 2760 2978 Ἠσαίας
2820 2916 3075 2987 ἑτοίμως
3126 2914 3252 2971 ἀλλ’
3308 2912 3563 2971 ἐδεδοίκει
3621 2916 3681 2971 τὸ
3723 2918 3841 2970 νέον

2193 3005 2472 3079 Ἱερεμίας,
2524 3004 2613 3059 καὶ
2671 3005 2732 3059 οὑ
2782 3005 3041 3080 πρότερον
3085 3007 3185 3074 τήν
3235 3005 3565 3082 προφητείαν
3624 3003 3847 3080 ἐθάρῥη-

2195 3113 2303 3162 σεν,
2335 3093 2368 3161 ἢ
2398 3093 2541 3169 παρὰ
2597 3097 2731 3148 Θεοῦ
2790 3088 2975 3148 λαϐεῖν
3028 3094 3116 3147 καὶ
3163 3093 3453 3169 ὑπόσχεσιν
3493 3094 3584 3148 καὶ
3614 3091 3842 3166 δύναμιν

2193 3188 2292 3251 τῆς
2326 3180 2548 3250 ἡλικίας
2579 3182 2877 3258 κρείττονα.

443 3269 607 3340 prius
637 3268 832 3325 subire
854 3286 1035 3326 ausus
1057 3274 1166 3338 est,
1199 3287 1377 3342 quam
1408 3274 1464 3326 et
1497 3269 1998 3342 pollicitationem,
2032 3274 2087 3325 et
2115 3271 2229 3328 vim
2264 3289 2330 3327 ac
2360 3274 2696 3353 facultatem
2730 3277 2896 3329 aetate
2952 3272 3413 3345 praestantiorem
3464 3290 3497 3328 a
3532 3274 3642 3328 Deo
3686 3287 3849 3328 acce-

442 3357 642 3429 pisset.

513 3446 669 3501 CXV.
708 3446 806 3501 His
840 3447 1167 3503 rationibus
1198 3448 1487 3519 meipsum
1518 3447 1773 3513 incauto,
1824 3464 1889 3502 ac
1940 3447 2082 3502 mihi
2116 3450 2159 3515 ρ

445 3534 680 3590 animus
712 3535 845 3589 ferri
879 3536 1065 3590 instar
1096 3535 1375 3606 paulatim
1406 3536 1554 3592 cedit
1586 3541 1642 3590 et
1660 3535 1990 3591 emollitur:
2018 3553 2083 3591 ac

443 3629 677 3695 tempus
708 3625 1003 3681 rationum
1036 3627 1259 3682 socium
1283 3643 1541 3691 assumo,
1571 3631 1628 3680 et
1651 3626 1961 3681 consilium
1985 3625 2081 3680 Dei

439 3712 895 3784 justiﬁcationes
927 3714 991 3781 ⁸⁸,
1028 3715 1244 3786 quibus
1286 3715 1616 3770 universam
1668 3731 1857 3769 meam
1906 3714 2085 3769 vitam

447 3803 737 3859 commisi.
771 3806 1083 3875 Propterea
1115 3821 1229 3859 non
1263 3821 1442 3860 renuo
1475 3818 1661 3875 neque
1693 3802 2086 3858 contradicosi!

447 3896 514 3948 ut
539 3892 621 3947 ait
651 3893 935 3948 Dominus
968 3910 1152 3960 meus,
1188 3910 1319 3949 cum
1394 3910 1505 3948 non
1563 3894 1634 3947 ad
1685 3892 2087 3964 prmiecturam

443 3987 771 4052 vocaretur,
805 3982 903 4037 sed
929 3987 1208 4053 tanquam
1230 3982 1352 4038 ovis
1384 3984 1453 4037 ad
1478 3983 1826 4038 occisionem
1851 3982 2087 4036 ducere-

446 4074 546 4125 tur
574 4071 653 4136 θος
686 4086 885 4126 verum
919 4078 970 4126 et
1002 4072 1239 4143 procido
1272 4077 1329 4127 et
1357 4072 1467 4127 sub
1498 4070 1719 4143 potenti
1758 4070 1857 4125 Dei
1911 4087 2087 4125 manu

449 4157 728 4213 humilior
748 4160 817 4225 91,
849 4176 914 4214 ac
946 4160 1221 4231 pristinae.
1239 4161 1515 4216 socordiae
1546 4165 1601 4215 et
1657 4159 2087 4227 inobedientiae,

450 4245 500 4300 si
534 4244 672 4316 quid
706 4245 814 4301 hac
859 4246 917 4301 in
970 4264 1029 4303 re
1068 4248 1332 4303 criminis
1375 4249 1609 4313 admisi,
1658 4246 1887 4303 veniam
1937 4252 2088 4319 peto.

450 4334 650 4401 Tacui,
684 4335 783 4389 sed
816 4352 930 4390 non
983 4353 1213 4409 semper
1261 4338 1483 4393 tacebo.
1533 4336 1794 4393 Subduxi
1843 4352 1934 4392 me
1978 4336 2089 4392 ali-

450 4422 815 4495 quantisper,
848 4428 912 4479 ut
941 4425 1135 4496 ipsum
1171 4427 1541 4497 inspicerem,
1579 4443 1644 4481 ac
1677 4425 1907 4479 maerori
1940 4425 2090 4480 sola-

449 4513 597 4567 tium
631 4513 920 4581 aﬂ'errem,
956 4514 1056 4569 sed
1089 4532 1244 4570 nunc
1287 4515 1345 4570 in
1378 4515 1633 4572 Ecclesia
1665 4513 1851 4586 plebis
1898 4514 2090 4585 ipsum

519 4612 564 4645 ⁸⁵
620 4611 823 4666 Ezech.

445 4684 488 4718 ⁰¹
527 4683 549 4737 Ι
584 4684 730 4739 Petr.
765 4701 820 4749 v,
851 4684 904 4737 6.

520 4781 632 4864 (47)
689 4780 744 4831 Ὀ
840 4778 1052 4864 θαρρεῖν
1150 4777 1866 4864 διακελευόμενοςηςλόγος.

448 4876 475 4902 ‹‹
509 4853 782 4927 Quaenam
801 4852 959 4927 ratio
990 4852 1867 4927 succurrere,quidveliduci’am
1901 4857 1956 4907 et
1978 4852 2096 4907 ala-

447 4926 711 4979 critatem
746 4924 949 4995 all'erre
976 4927 1182 4995 possit.
1218 4949 1244 4975 ››

518 4997 626 5070 (48)
686 4994 860 5070 Τοῦτό
893 4994 1350 5070 γείάκούσωμεν,
1411 4998 1581 5070 Deest
1630 5017 1688 5070 γε
1720 4998 1777 5052 in
1830 4994 2096 5070 pluribus

444 5068 612 5121 codd.
691 5068 792 5138 qui
871 5064 1047 5124 etiam
1114 5064 1345 5125 habent
1398 5064 1679 5141 ἀκούωμεν
1739 5064 1843 5143 pro
1898 5064 2092 5119 ἀκούσ-

446 5158 614 5209 ιυμεν.

516 5210 769 5284 (49)-Ἰξᾲς
805 5211 1004 5284 ψυχάς,
1038 5234 1064 5261 ‹‹
1100 5211 1364 5284 Animas.
1404 5236 1431 5263 »
1458 5215 1520 5269 In
1553 5214 1753 5268 Ezecb.
1788 5231 1836 5268 ο.
1870 5232 1956 5284 ιιι,
2008 5218 2092 5283 18,

435 5281 607 5357 juxta
636 5281 773 5357 LXX
807 5281 1055 5357 legitur:
1081 5282 1143 5357 οὗ
1173 5284 1234 5337 τὸ
1266 5285 1420 5355 αἷμα,
1473 5309 1499 5333 ‹‹
1535 5286 1901 5357 sanguinem.
1932 5281 1959 5337 ἡ
1982 5281 2093 5344 Sed

448 5351 543 5427 hic
573 5353 751 5407 semel
783 5351 1239 5420 obaervandum,
1262 5351 1584 5427 saepissime
1610 5351 1719 5412 non
1746 5364 1861 5413 tam
1923 5362 2097 5415 verba

448 5424 903 5501 Scripturarum,
929 5443 1103 5496 quam
1135 5424 1371 5482 sensum
1414 5446 1446 5483 a
1493 5430 1767 5501 Gregorio
1827 5433 2092 5500 proferri,

450 5502 512 5548 ut
547 5495 635 5548 hic
659 5501 920 5565 apparet.

664 5571 721 5632 ἦ.
754 5567 1026 5641 Balbum,
1059 5566 1259 5625 Comb.
1283 5577 1341 5625 et
1360 5570 1532 5641 Cois],
1562 5574 1611 5641 1_,
1634 5569 1717 5626 οῦ.

451 5634 1063 5764 1Ἀέῇίζῌρούϐοἱλετο.
1120 5642 1259 5714 Reg.
1320 5659 1367 5710 ι’,
1416 5634 1821 5718 προύϐἆλλετο,
1854 5668 1881 5695 ‹‹
1938 5650 2089 5701 Prm-

475 5724 605 5765 ecit.
640 5730 672 5760 ιι

1954 4782 2094 4835 Gab.
2132 4786 2175 4850 ι)

2273 3450 2411 3503 PIE'.
2445 3448 2665 3510 Τούτοις
2724 3448 2952 3521 ἐμαυτὸν
3013 3448 3119 3525 ἐγὼ
3175 3446 3460 3519 κατεπᾴδω
3515 3454 3630 3511 τοῖς
3684 3446 3843 3523 λογι-

2194 3540 2375 3609 σμοῖς,
2407 3537 2497 3591 καί
2559 3559 2649 3610 μοι
2704 3540 2839 3592 κατά
2902 3539 3090 3613 μικρὸν
3122 3535 3248 3593 εἴκει
3279 3559 3336 3593 τε
3364 3538 3449 3592 καὶ
3488 3537 3842 3610 μαλάσσεται,

2194 3624 2373 3700 ὥσπερ
2407 3623 2650 3700 σίδηρος,
2683 3629 2716 3695 ἡ
2751 3628 2928 3702 ψυχή’
2963 3627 3053 3681 καὶ
3096 3627 3350 3701 συνεργὸν
3409 3621 3675 3698 λαμϐάνω
3730 3630 3839 3679 τῶν

2198 3712 2476 3789 λογισμῶν
2508 3716 2597 3768 τὸν
2622 3714 2949 3791 χρόνον,καί
2980 3711 3321 3789 συμϐουλίαν
3354 3717 3419 3769 τὰ
3447 3720 3544 3769 τοῦ
3575 3719 3708 3770 Θεοῦ
3733 3717 3845 3787 (56)

2198 3799 2559 3874 δικαιώματα,
2605 3805 2686 3865 οἷς
2735 3810 2903 3858 πᾶσαν
2964 3805 3062 3873 τήν
3123 3803 3360 3878 ἐμαυτοῦ
3421 3806 3563 3872 ζωὴν
3626 3804 3847 3858 κατεπί-

2199 3911 2406 3948 στευσα.
2444 3891 2539 3945 Διά
2567 3897 2727 3946 τοῦτο
2777 3892 2876 3946 οὐκ
2921 3892 3145 3962 ἀπειθῶ,
3178 3890 3305 3947 οὐδὲ
3363 3891 3648 3966 ἀντιλέγω,
3682 3893 3846 3968 φησὶν

2200 3981 2227 4034 ὁ
2258 3979 2389 4053 ἐμὸς
2438 3980 2712 4051 Δεσπότης
2745 3984 2878 4053 (57),
2914 3980 3013 4036 οὒκ
3044 3980 3129 4035 ἐπὶ
3186 3981 3513 4057 προστασίαν
3571 3979 3852 4053 καλούμε-

2198 4090 2310 4141 νος,
2342 4067 2466 4123 ἀλλ’
2522 4070 2595 4131 ὡς
2650 4065 2922 4146 πρόϐατον
2980 4069 3067 4124 ἐπὶ
3117 4072 3328 4147 σφαγὴν
3382 4065 3669 4145 ἀγόμενος·
3704 4068 3855 4123 ἀλλὰ

2198 4160 2287 4213 καὶ
2346 4159 2669 4234 προσπίπτω
2738 4160 2827 4213 καὶ
2883 4163 3240 4231 ταπεινοῦμαι
3276 4159 3379 4213 ὑπὸ
3436 4160 3536 4227 τήν
3590 4160 3851 4232 κραταιὰν

2198 4252 2294 4302 τοῦ
2353 4252 2486 4302 Θεοῦ
2517 4250 2629 4322 (58)
2675 4254 2856 4325 χεῖρα,
2914 4248 3004 4303 καὶ
3057 4249 3387 4325 συγγνώμην
3448 4247 3703 4321 αἰτοῦμαι
3748 4254 3854 4315 τῆς

2200 4336 2325 4413 πρὶν
2359 4335 2548 4413 ἀργίας
2578 4339 2666 4391 καὶ
2695 4336 2987 4406 ἀπειθείας,
3023 4334 3149 4391 εἷ’τί
3204 4357 3296 4408 μοι
3352 4340 3513 4391 τοῦτο
3573 4333 3852 4411 ἔγκλημα.

2203 4427 2513 4496 Ἐσιώπησα
2563 4426 2676 4499 μὲν,
2727 4423 2854 4481 ἀλλ’
2894 4425 2994 4481 οὑκ
3049 4426 3129 4480 ἀεὶ
3188 4427 3561 4498 σιωπήσομαι.
3606 4424 3853 4499 ’Υπεχώ-

2204 4535 2342 4590 ρησα
2395 4516 2487 4586 μὲν
2519 4536 2569 4569 τι
2606 4515 2818 4588 μικρὸν,
2860 4513 2982 4570 ὅσον
3039 4515 3269 4588 ἐμαυτὸν
3332 4514 3733 4587 ἐπισκέψασθαι,
3764 4512 3857 4565 καὶ

905 4628 985 4677 ιιι,
1037 4614 1123 4666 18.
1179 4613 1223 4648 ⁸⁸
1279 4614 1409 4668 Ose.
1445 4630 1519 4679 1v,
1579 4614 1632 4668 6.
1681 4614 1742 4665 8".
1806 4610 1933 4666 Psal
1993 4628 2046 4678 c,

2222 4614 2446 4670 “Psal.
2504 4631 2693 4685 cxvm,
2740 4616 2830 4669 24.
2881 4616 2927 4651 ⁸9
2988 4617 3098 4672 Isa.
3159 4632 3211 4682 ιο,
3267 4617 3320 4673 5.
3382 4616 3426 4650 ⁵ο
3488 4620 3581 4669 [sa
3654 4613 3860 4679 1,111,7-

2280 4787 2396 4857 (52)
2426 4782 2649 4857 κλήσει.
2678 4784 2830 4857 Male
2863 4785 2953 4840 ed.
2979 4781 3307 4840 Ραικκλίσει.

2278 4847 2389 4927 (33)
2475 4847 2965 4928 Ἀ’ναϐαλομένουςτ
3022 4858 3163 4912 Tres
3230 4857 3408 4930 Regg.
3472 4847 3857 4923 ἀναϐαλλομὲο

2203 4946 2345 4985 νους.

2416 4994 2744 5072 Οὐδετέρων.
2766 4998 2901 5072 Δ1)ιιο
2933 4993 3258 5072 Ἆρες-οὐδ’
3287 5000 3506 5072 ετὲρων.

2275 5067 2386 5142 (55)
2446 5070 2507 5121 Oi
2571 5070 2662 5141 μὲν
2719 5068 2843 5141 γὰρ,
2904 5067 3083 5125 etcf;
3107 5070 3250 5125 Nam
3285 5067 3633 5142 illi'quidem
3681 5067 3858 5122 mini-

2205 5143 2377 5197 sterio
2412 5141 2994 5214 magnitudincmpie
3037 5146 3175 5214 sunt
3207 5142 3454 5211 reveriti,
3501 5141 3598 5196 isti
3656 5145 3856 5195 autem

2205 5214 2431 5268 vocanti
2457 5212 2814 5269 confidentes
2845 5212 3104 5268 obsecuti
3137 5216 3293 5268 sunt.
3323 5234 3345 5262 ι

2280 5287 2391 5353 (56)
2420 5284 2494 5339 Τὰ
2522 5288 2619 5337 τοῦ
2650 5288 2804 5340 Θεοῦ.
2846 5286 2902 5339 In
2937 5284 3108 5339 Cnisl.
3136 5286 3185 5354 1,
3216 5283 3283 5337 τὰ
3310 5285 3549 5339 τοιαῦτα.

2276 5360 2385 5427 (57)
2451 5358 2623 5424 Φησὶν
2682 5358 2709 5408 ὁ
2780 5356 2910 5426 ἐμὸς
2972 5354 3265 5421 Δεσπότης.
3359 5356 3508 5410 «Ait
3561 5354 3859 5427 Dominus

2206 5446 2392 5494 meus,
2426 5446 2540 5483 non
2574 5428 2643 5483 ad
2678 5430 3080 5499 prml'ecturam
3113 5433 3373 5492 vocatus,
3405 5427 3507 5499 sed
3549 5426 3704 5499 sicut
3734 5426 3859 5480 ovis

2204 5501 2272 5552 ad
2299 5500 2647 5553 occisionem
2681 5498 2913 5554 ductus.
2948 5520 2975 5546 »
3010 5499 3132 5553 Non
3165 5516 3232 5555 ea
3264 5498 3527 5571 protulit,
3573 5498 3672 5552 sed
3731 5513 3858 5568 per-

2204 5571 2355 5633 fecit,
2381 5573 2614 5640 quando
2632 5572 2703 5625 ad
2739 5576 2982 5625 mortem
3006 5571 3218 5626 ductus
3250 5570 3337 5627 est
3366 5570 3656 5626 Christus.

2274 5642 2386 5713 (58)
2405 5644 2511 5695 Τοῦ
2542 5643 2695 5697 Θεοῦ.
2720 5642 2784 5698 Ιιι
2806 5641 3009 5715 paucis
3048 5641 3435 5700 desideratur.
