4202 6212
429 315 549 383 347
1548 322 1839 385 ORATIO
1887 322 1993 385 IlI.
2026 356 2093 369 -—

2210 310 2714 386 POLOGETICA.
3718 310 3838 382 sis

430 453 692 514 Pascbce
750 453 983 514 dictam
1032 453 1265 532 legenti
1318 460 1518 533 patet,
1576 456 1899 517 conciliari
1951 462 2175 535 potest.
2240 458 2503 534 Singula
2557 458 2792 535 quippe
2849 454 3149 516 orationis
3200 455 3388 514 verba
3458 462 3836 533 praesentem

430 537 639 613 ipsum
709 534 1207 595 Resurrectionis
1262 534 1449 608 diem,
1488 536 1845 597 hesternam
1877 538 2217 597 Dominicas
2277 534 2591 615 passionis
2612 534 3165 614 celebritatemque
3221 536 3493 614 sapiunt.
3527 538 3839 598 Praeterea

433 617 528 675 vir
547 615 779 708 ‘doctus
809 615 906 675 his
962 620 1247 708 movetur
1298 615 1933 708 verbisnGregorii,-«
1991 616 2185 678 veteri
2240 624 2301 708 et
2350 638 2511 708 novo
2570 619 2828 695 pastori,
2860 636 3019 708 »_ae
3080 635 3145 675 se
3194 616 3432 677 nescire
3478 617 3833 708 proﬁtetur,

432 715 515 757 an
547 696 683 756 haec
736 696 801 754 in
856 696 1286 774 presbyterum
1346 695 1693 774 simplicem
1741 698 2078 776 quadrent,
2139 717 2217 757 an
2277 698 2339 757 in
2400 699 2789 776 episcopum,
2824 697 2931 776 qui
2982 696 3118 775 jam
3177 695 3615 758 communibus
3673 698 3839 759 curis

434 795 579 836 cum
640 782 818 855 patre
868 776 1200 858 Ecclesiam
1278 776 1733 858 Nazianzenam
1768 857 1772 858 ν
1802 784 2065 855 regeret.
2125 777 2343 838 Levior
2402 778 2535 837 haec
2586 778 2944 851 difﬁcultas,
2979 796 3170 856 quam
3231 784 3295 837 ut
3346 777 3543 838 virum
3579 778 3839 858 perinde

433 858 694 938 doctum
755 857 987 917 morari
1033 856 1339 918 debuerit.
1374 857 1617 936 Quippe
1673 857 1781 937 qui
1839 878 1979 919 cum
2040 858 2469 918 ecclesiasticas
2529 859 2922 937 antiquitatis
2982 864 3142 917 esset
3216 856 3672 936 peritissimus,
3735 878 3840 938 ap-

434 937 641 1016 prime
698 942 882 997 norat
930 955 1159 997 nomen
1218 957 1252 993 ‹‹
1289 939 1579 1015 pastoris,
1610 960 1639 992 »
1691 939 1818 997 imo
1855 961 1883 996 ‹‹
1942 938 2248 1016 praesulis,
2312 939 2578 1015 praelati,
2631 939 2934 1015 praesidis,
2994 938 3351 997 antistitis»
3398 939 3675 1012 nomina,
3710 958 3839 1000 non

430 1019 548 1089 ita,
608 1017 682 1076 iis
735 1017 1007 1077 maxime
1064 1018 1473 1095 temporibus,
1533 1019 1829 1096 episcopo
1887 1019 2076 1078 fuisse
2139 1021 2416 1096 propria,
2474 1025 2542 1077 ut
2598 1019 2857 1078 secundi
2933 1018 3167 1077 ordinis
3225 1019 3654 1079 sacerdotibus
3710 1038 3837 1080 non

435 1097 866 1158 convenirent.
916 1098 1054 1176 Ipse
1110 1098 1519 1158 Combeﬁsius
1554 1144 1567 1169 ,
1628 1099 1689 1157 in
1747 1099 1873 1158 suis
1930 1100 2009 1159 ad
2060 1099 2500 1177 Apologetz’cum
2559 1118 2839 1176 magnum
2918 1099 3082 1158 notis
3182 1098 3435 1157 Billium
3506 1100 3840 1177 reprehen-

433 1178 530 1239 dit
572 1178 932 1254 frequenter
965 1223 980 1249 ,
1043 1178 1213 1255 quod
1268 1196 1343 1237 ea
1398 1179 1707 1257 episcopis
1762 1180 2163 1255 singulariter
2219 1180 2500 1248 tribuat,
2563 1198 2703 1256 quae
2758 1199 2793 1239 a
2871 1178 3171 1256 Gregorio
3219 1185 3349 1237 tam
3409 1180 3839 1240 sacerdatibus

437 1276 638 1336 quam
671 1257 984 1336 episcopis
1053 1257 1475 1318 ascribuntur.
1534 1263 1656 1318 Nec
1716 1278 1861 1321 vero
1897 1266 2140 1319 tantum
2174 1260 2233 1318 in
2298 1259 2417 1319 hac
2466 1260 2750 1319 oratione
2808 1259 2992 1319 tertia
3042 1259 3117 1318 iis
3175 1259 3371 1318 utitur
3426 1259 3632 1318 verbis
3690 1265 3838 1321 Gre-

440 1339 686 1417 gorius,
736 1356 879 1416 quae
936 1338 1309 1398 Combefisio
1366 1341 1731 1417 scrupulum
1790 1340 2097 1416 injiciunt,
2162 1339 2267 1399 sed
2319 1344 2379 1399 et
2434 1339 2495 1398 in
2542 1341 2826 1400 oratione
2881 1339 3120 1416 prima,
3183 1358 3224 1398 n
3259 1385 3272 1409 ,
3333 1340 3370 1398 6
3420 1343 3482 1397 et
3530 1342 3561 1395 7
3599 1384 3614 1412 ,
3668 1348 3727 1399 et
3775 1341 3839 1399 in

436 1419 819 1489 orat.ll,n.
882 1418 1000 1478 116
1037 1425 1098 1478 et
1158 1422 1296 1491 117,
1355 1419 1573 1479 eadem
1633 1438 1671 1479 a
1729 1422 2028 1498 Gregorio
2079 1422 2156 1479 de
2215 1438 2278 1480 se
2334 1421 2472 1497 ipso
2531 1420 2700 1480 dicta
2748 1420 3044 1496 reperias.
3084 1422 3204 1478 llas
3255 1424 3466 1479 autem
3526 1420 3842 1480 orationes

439 1505 590 1560 ante
617 1498 754 1576 ejus
783 1498 1216 1577 episcopatum
1247 1499 1512 1578 scriptas
1542 1517 1725 1559 nemo
1782 1506 1876 1559 est
1928 1500 2037 1579 qui
2084 1504 2187 1560 68
2222 1519 2346 1560 non
2380 1501 2671 1561 fateatur.
2708 1502 2771 1560 In
2826 1500 2923 1560 his
2972 1518 3098 1560 non
3124 1498 3202 1559 de
3241 1517 3305 1559 se
3340 1498 3676 1560 dumtaxat
3708 1500 3841 1560 haec

438 1579 551 1653 ait,
608 1579 717 1658 qui
774 1579 1053 1658 parentis
1108 1579 1384 1659 episcopi
1439 1579 1616 1657 quasi
1677 1579 1943 1640 vicarius
1999 1586 2061 1641 et
2119 1582 2390 1655 adiutor,
2446 1600 2659 1641 verum
2720 1580 2905 1640 etiam
2959 1580 3035 1641 de
3090 1580 3332 1641 caeteris
3387 1580 3838 1655 sacerdotibus,

438 1678 601 1739 quos
634 1683 664 1715 «
696 1678 875 1738 aeque
929 1665 1212 1739 pastores
1260 1666 1322 1720 et
1373 1665 1851 1738 compastores»
1912 1667 2114 1721 vocat.
2178 1661 2456 1739 Denique
2503 1662 2567 1720 in
2629 1662 2744 1720 hac
2801 1661 3084 1721 oratione
3132 1661 3319 1721 tertia
3376 1660 3453 1719 de
3504 1661 3843 1721 Nazianze-

436 1743 538 1801 nis
569 1740 801 1819 ubique
859 1746 921 1800 et
974 1740 1053 1799 ad
1109 1741 1531 1801 Nazianzenos
1587 1746 1679 1800 est
1734 1759 1963 1813 sermo,
2016 1741 2241 1819 quibus
2290 1760 2612 1818 nunquam
2673 1742 3007 1819 Gregorius
3071 1747 3285 1801 noster
3339 1742 3669 1820 episcopus
3728 1742 3844 1801 fuit

436 1822 790 1882 ordinatus.
850 1820 1087 1882 Juliani
1142 1821 1327 1880 etiam
1392 1826 1711 1898 Apostatze
1768 1823 2265 1898 persecutionem
2324 1822 2489 1881 circa
2546 1825 2733 1881 tinem
2806 1840 2927 1881 non
2986 1821 3253 1881 obscure
3336 1821 3672 1899 designat,
3735 1823 3843 1899 qui

440 1908 653 1983 tamen
725 1902 1072 1977 imperator
1124 1918 1344 1979 pcenas
1390 1901 1602 1980 impias
1660 1902 2030 1962 desertionis
2088 1910 2232 1962 ante
2291 1902 2541 1974 luerat,
2602 1920 2790 1979 quam
2878 1902 3211 1980 Gregorius
3265 1903 3343 1961 ad
3410 1903 3841 1983 episcopatum

436 2000 632 2062 prove
643 1981 912 2041 heretur.

522 2063 653 2122 VII.
714 2060 975 2142 Siquis
1020 2058 1166 2119 inde
1212 2060 1389 2139 sequi
1444 2061 1805 2134 contendat,
1863 2080 1988 2122 non
2048 2060 2167 2120 nisi
2214 2067 2356 2142 post
2411 2063 2761 2121 orationem
2817 2060 3001 2121 istam
3050 2060 3499 2139 Apologeticum
3559 2083 3843 2142 magnum

438 2142 701 2222 politius
756 2141 1341 2222 elaboratumesse
1376 2188 1389 2213 ,
1441 2161 1577 2222 non
1638 2142 1904 2222 multum
1966 2141 2456 2222 repugnabimus
2510 2160 2523 2213 ;
2578 2142 2764 2201 modo
2818 2142 2868 2201 is
2924 2142 3249 2212 concedat,
3308 2161 3450 2201 eum
3510 2141 3842 2202 commode

438 2220 594 2282 satis
653 2229 794 2300 post
845 2221 1115 2298 priorem
1166 2220 1229 2280 in
1278 2220 1542 2295 Pascha,
1599 2221 1769 2282 velut
1824 2222 2126 2281 orationis
2179 2220 2485 2298 ejusdem,
2548 2228 2614 2281 ut
2669 2222 2756 2281 ait
2814 2223 3003 2293 Elias,
3064 2229 3310 2299 partem
3369 2223 3654 2292 alteram,
3718 2223 3843 2282 col«

434 2303 739 2363 locatum.
800 2300 959 2372 Quin
1017 2306 1079 2382 et
1134 2300 1185 2360 si
1246 2302 1566 2382 temporis,
1630 2320 1753 2380 quo
1812 2301 2196 2382 Apologetico
2256 2309 2537 2362 extrema
2605 2320 2826 2361 manus
2901 2302 3158 2362 admota
3214 2307 3377 2382 est,
3416 2301 3709 2362 habenda
3765 2303 3846 2363 sit

438 2383 627 2456 ratio,
684 2387 827 2460 post
881 2381 1195 2442 orationes
1248 2380 1602 2460 plerasque,
1640 2388 1827 2460 atque
1868 2380 2075 2442 etiam
2134 2382 2413 2442 fortassis
2475 2400 2714 2456 omnes,
2765 2381 3135 2443 statuendus
3190 2381 3381 2442 videri
3441 2384 3656 2460 possit.
3693 2384 3840 2454 Qui-

437 2465 534 2523 vis
565 2480 840 2540 namque
872 2462 1051 2522 facile
1108 2462 1226 2521 sibi
1274 2464 1674 2541 persuadeat,
1709 2480 1787 2521 ex
1842 2462 1914 2522 iis
1970 2462 2359 2523 orationibus
2417 2481 2553 2522 eam
2617 2480 2803 2522 unam
2854 2481 3005 2535 esse,
3046 2481 3233 2541 quam
3300 2461 3523 2535 majori
3572 2480 3722 2522 cura
3781 2468 3844 2524 et

434 2545 721 2604 limatius
778 2542 1079 2621 expolivit
1135 2543 1506 2620 Gregorius.
1569 2543 1847 2621 Denique
1893 2543 2195 2603 orationis
2250 2550 2692 2622 argumentum
2730 2589 2745 2613 ,
2806 2550 3052 2621 tempus
3109 2550 3171 2602 et
3220 2545 3462 2603 occasio
3519 2561 3593 2602 ex
3654 2545 3838 2603 titulo

438 2633 504 2686 et
559 2623 797 2684 scholio
840 2623 1148 2701 superiori
1203 2625 1353 2683 satis
1409 2631 1857 2700 agnoscuntur.
1924 2624 2433 2700 Expostulatoria
2490 2623 2762 2703 primum
2823 2631 2915 2683 est
2972 2623 3213 2695 oratio,
3273 2622 3497 2681 deinde
3547 2623 3837 2683 laudato-

436 2706 559 2775 ria,
618 2706 872 2764 demum
929 2704 1298 2763 bortaturia.
1352 2706 1503 2763 Mira
1559 2706 1894 2781 Gregorius
1949 2711 2101 2776 arte,
2164 2704 2485 2777 ingeniose
2541 2710 2602 2763 et
2654 2710 3055 2783 peramanter
3106 2705 3534 2783 conqueritur,
3598 2704 3835 2775 laudat,

437 2786 769 2855 hortatur;
804 2784 1019 2853 veteri,
1064 2801 1172 2842 seu
1230 2783 1517 2861 longaevo
1576 2785 1839 2861 parenti,
1875 2802 1947 2843 ac
2003 2784 2122 2844 sibi
2178 2803 2340 2844 novo
2402 2785 2660 2862 pastori,
2720 2786 3249 2843 Nazianzenorum
3307 2782 3837 2858 benevolentiam,

436 2884 619 2926 snam
651 2864 769 2944 ipsi
800 2863 1173 2936 exhibendo,
1210 2864 1524 2939 conciliat,
1562 2865 1911 2942 animisque
1942 2864 2127 2924 simul
2158 2865 2237 2923 ad
2271 2866 2563 2925 virtutem
2598 2864 2885 2925 stimulos
2907 2865 3103 2925 addit.

936 3112 1336 3208 ΛΟΓΟΣ
1425 3101 1582 3206 I‘".

583 3264 721 3338 Πρὸς
756 3266 894 3338 (80")
922 3265 1048 3326 τοὺς
1082 3263 1434 3336 καλέσαντας,
1465 3265 1551 3319 καὶ
1588 3265 1663 3339 μή
1696 3263 1941 3336 ἀπαντή-

1155 3356 1369 3398 σαντας.

515 3442 574 3500 Α’
608 3447 731 3504 Πῶς
766 3439 983 3518 βραδεῖς
1015 3440 1100 3496 ὲπῖ
1134 3441 1222 3497 τὸν
1256 3442 1519 3517 ἡμέτερον
1551 3442 1795 3518 λόγον,ὧ
1817 3444 1967 3521 φίλιοι
2002 3444 2089 3498 καὶ

447 3526 696 3606 ἀδελφοὶ,
727 3528 902 3583 καίτοι
933 3549 997 3603 γε
1024 3534 1215 3603 ταχεῖς
1259 3528 1337 3591 εἷς
1382 3529 1444 3583 τὸ
1482 3539 1829 3605 τυραννῆσαι,
1862 3531 1948 3586 καὶ
1994 3539 2092 3600 τῆς

446 3617 723 3693 ἡμετέρας
782 3615 1136 3693 ἀχρυπὸλιως
1169 3617 1477 3673 ἀποσπᾶσαι
1536 3628 1634 3688 τῆς
1668 3623 1778 3693 (81)
1836 3621 2089 3697 ἐρημίαις,

450 3710 513 3777 ἢν
550 3706 658 3782 ἐγὼ
690 3705 902 3761 πάντων
940 3706 1178 3780 μάλιστα
1207 3708 1563 3781 ἠσπασάμην,
1594 3710 1683 3763 καὶ
1716 3711 1789 3771 ὡς
1837 3711 2089 3785 συνεργὸν

450 3796 537 3852 καὶ
587 3796 795 3870 μητέρα
838 3802 940 3865 τῆς
998 3795 1143 3860 θείας
1190 3790 1519 3867 ἀναϐάσεως,
1550 3797 1639 3851 καὶ
1679 3799 1948 3869 θεοποιὸν,
1984 3795 2095 3851 δια-

450 3884 723 3960 φερόντως
753 3881 997 3959 ἠγάσθην
1028 3904 1088 3939 τε
1134 3884 1222 3940 καὶ
1268 3886 1464 3947 παντὸς
1511 3889 1606 3938 τοῦ
1661 3884 1780 3961 βίου
1825 3905 2090 3960 προεστη-

447 3976 779 4048 σάμην(81⁶)
796 3992 808 4041 ;
827 3978 949 4036 Πῶς
972 3975 1001 4028 ὃ
1024 3969 1210 4030 λαϐεῖν
1233 3974 1476 4039 ἐποθεῖτε
1504 3981 1877 4051 περιφρονεῖτε
1900 3971 2093 4029 λαίῖόν-

443 4085 556 4136 τες,
589 4062 676 4117 καὶ
713 4063 963 4138 βελτίους
997 4062 1225 4141 ἐφάνητε
1267 4065 1449 4119 ποθεῖν
1496 4064 1747 4130 ἀπόντας,
1850 4063 2090 4118 ἀπολαύ-

447 4174 523 4207 ειν
558 4151 857 4228 παρόντων,
892 4151 1072 4229 ὥσπερ
1103 4152 1368 4229 κρατῆσαί
1424 4151 1634 4227 μᾶλλον
1667 4156 1778 4227 (8‘3)
1808 4160 1904 4223 τῆς
1953 4155 2091 4226 ἡμε-

444 4242 604 4317 τέρας
649 4240 973 4320 φιλοσοφίας
1021 4244 1056 4311 ἢ
1108 4239 1326 4307 ὄνασθαι
1373 4243 1575 4313 ταύτης
1626 4241 1986 4313 θελήσαντες;
2025 4244 2091 4297 Ἢ

445 4330 614 4386 καλόν
666 4353 758 4403 μοι
806 4333 894 4386 καὶ
955 4336 1114 4386 τοῦτο
1174 4332 1364 4385 εἰπεῖν·
1425 4331 1759 4405 ἐγενήθημεν
1821 4333 1945 4405 ὑμῖν
2018 4332 2092 4393 εἰς

444 4417 957 4493 πλησμονὴν,πρὶν
1026 4423 1337 4495 γευσθῆναι,
1370 4422 1458 4475 καὶ
1524 4425 1711 4497 πεῖραν
1775 4418 1978 4476 δοῦναιο
2030 4423 2093 4476 τὸ

446 4505 883 4583 παραδοξότατον
896 4552 908 4565 .

2116 3090 2169 3157 Α

2664 3087 3127 3181 ORATIO
3209 3086 3374 3178 III.

2309 3266 2387 3322 Ad
2416 3283 2502 3323 eos
2540 3266 2636 3338 qui
2664 3267 2843 3337 ipsum
2874 3266 3209 3331 acciverant,
3244 3281 3341 3321 nec
3370 3270 3739 3324 occurrerant.

2276 3446 2312 3499 i.
2347 3445 2636 3511 Quidnam
2672 3446 2778 3501 hoc
2809 3444 2886 3500 rei
2919 3447 3029 3511 est,
3063 3461 3094 3499 ο
3127 3443 3296 3499 amici
3330 3448 3387 3499 et
3426 3444 3650 3515 fratres,
3686 3442 3843 3517 quod

2200 3539 2317 3589 tam
2352 3533 2506 3589 lente
2532 3538 2587 3589 et
2616 3533 2873 3606 segniter
2903 3534 2973 3587 ad
3010 3548 3340 3589 sermonem
3387 3536 3651 3589 nostrum
3683 3549 3845 3589 acce-

2200 3623 2374 3679 ditis:
2412 3640 2543 3678 cum
2577 3622 2895 3694 praesertim
2928 3622 2995 3676 ad
3042 3622 3156 3676 vim
3210 3622 3583 3687 aiferendam,
3620 3637 3845 3692 nosque

2202 3713 2273 3768 ab
2305 3729 2435 3767 arce
2465 3716 2663 3767 nostra
2711 3711 3121 3777 extrahendos,
3156 3711 3263 3764 hoc
3313 3714 3399 3765 est
3448 3728 3481 3764 τι
3528 3709 3843 3764 solitudine

2202 3801 2399 3872 (quam
2424 3817 2491 3856 ex
2519 3800 2794 3856 omnibus
2828 3801 2999 3855 rebus
3019 3798 3268 3853 maxime
3300 3796 3635 3869 complexus
3658 3812 3843 3862 eram,

2202 3905 2267 3945 ac
2298 3889 2454 3945 velut
2487 3888 2704 3945 sociam
2737 3892 2792 3943 et
2823 3887 3249 3953 administram,
3284 3886 3606 3956 divinisque
3638 3899 3843 3940 ascen-

2202 3978 2384 4033 sionis
2415 3984 2684 4043 matrem,
2709 3993 2774 4031 ac
2796 3977 2974 4031 Deum
2995 3992 3062 4030 ex
3084 3975 3320 4030 homine
3345 3974 3714 4041 efficientem,
3735 3974 3843 4028 mi-

2202 4067 2359 4122 rifice
2389 4080 2785 4138 suspexeram,
2818 4062 3115 4134 totiusque
3161 4062 3287 4118 vitas
3319 4064 3525 4117 ducem
3558 4067 3615 4118 et
3647 4063 3844 4117 mode-

2204 4156 2471 4213 ratricem
2508 4154 2646 4209 mihi
2681 4153 3047 4223 statueram),
3080 4152 3161 4207 ita
3212 4152 3463 4224 prompti
3513 4150 3845 4223 celeresque

2205 4245 2476 4302 fueritis?
2504 4243 2725 4315 Ecquid
2750 4259 2937 4297 causa
2967 4248 3077 4309 est,
3111 4258 3235 4309 cur,
3269 4241 3425 4312 quod
3458 4240 3717 4312 accipere
3749 4257 3845 4295 cu-

2203 4335 2471 4408 piebatis,
2506 4333 2559 4387 id
2588 4334 2709 4403 jam
2758 4335 3059 4402 acceptum
3107 4329 3422 4402 negligitis,
3458 4329 3848 4402 melioresque

2203 4424 2311 4479 visi
2344 4423 2486 4478 estis
2518 4421 2778 4476 absentis
2809 4420 3097 4475 desiderio
3128 4418 3332 4488 teneri,
3358 4435 3535 4491 quam
3569 4424 3850 4490 praesente

2206 4512 2341 4577 frui,
2373 4515 2655 4581 tanquam
2676 4508 2735 4563 id
2766 4508 2929 4564 vobis
2948 4508 3310 4580 propositum
3340 4507 3564 4575 fuisset,
3589 4510 3653 4561 ut
3670 4506 3851 4578 philo-

448 4599 666 4671 sophiae
694 4605 904 4656 nostrae
934 4604 1232 4671 compotes
1263 4599 1489 4669 essetis,
1523 4617 1698 4671 quam
1732 4604 1797 4656 ut
1835 4600 2019 4657 ullum
2052 4621 2119 4659 ex
2149 4619 2217 4659 ea
2247 4603 2501 4657 fructum
2535 4597 2861 4671 caperetis?
2891 4599 2971 4653 Ac
3004 4595 3147 4651 mihi
3182 4614 3322 4652 sane
3354 4596 3461 4652 hoc
3500 4608 3734 4667 quoque
3765 4591 3852 4647 di-

521 4732 598 4805 (a)
631 4731 716 4788 Al.
741 4734 1017 4789 secunda.
1045 4750 1171 4805 quae
1199 4738 1393 4790 autem
1416 4734 1447 4787 3
1469 4739 1615 4800 erat,
1646 4752 1801 4790 nunc
1824 4736 1874 4790 4.
1900 4737 2095 4792 —Ha-

446 4804 573 4858 bita
604 4820 757 4859 anna
784 4805 908 4872 36:3,
942 4804 1097 4861 circa
1119 4808 1325 4860 festum
1363 4805 1611 4860 Pascbze.

522 4875 661 4943 (80")
718 4874 857 4947 Πρὸς
915 4875 1043 4937 τοὺς
1114 4874 1460 4941 καλέσαντας,
1511 4882 1619 4931 etc.
1673 4877 1767 4931 Sic
1826 4877 1984 4933 Colb.
2038 4879 2090 4933 i.

453 4946 538 5024 In.
558 4946 695 5024 Reg.
730 4964 781 5017 a,
804 4950 875 5024 a_d
899 4949 1425 5024 orationisﬂcalcem
1457 4949 1767 5024 scribitur:
1800 4949 1949 5024 Πρὸς,
1972 4948 2096 5024 τοὺς

445 5013 776 5095 ξαλὲσαςιτας
830 5017 1001 5095 ἐν-τῇ
1053 5018 1205 5095 Ϋάρχῇ
1275 5013 1809 5095 τοῦ-πρεσϐυτέρου,
1850 5013 1955 5074 ’καὶ
2019 5021 2093 5092 μὴ

447 5088 851 5165 ἀμπαντῄσαντας
898 5088 986 5165 ἐν’
1008 5088 1104 5165 τῷ
1134 5088 1339 5165 Πάσχα.
1376 5088 1579 5165 Biliius
1612 5088 1740 5165 vero
1800 5093 1935 5165 huic
1966 5088 2094 5148 Ora-

445 5162 592 5236 tioni
627 5161 780 5236 hunc
812 5162 1059 5236 praefixit
1097 5161 1372 5236 titulum:
1411 5162 1550 5236 Πρὸς
1576 5161 1723 5236 ’τοὺς
1770 5164 2096 5236 καλέσαντας

447 5230 497 5283 ἐν
531 5234 619 5309 τῇδ
634 5230 1049 5309 ᾁρχῇ,’καὶ-μή
1071 5305 1079 5309 Α
1102 5230 1503 5309 ἀπαντήσαντας
1541 5234 1694 5309 *μετᾴ
1742 5236 1803 5309 τὸ
1829 5234 2093 5309 *γενέσθαι

442 5296 833 5386 fassas-ﬁss-
870 5327 898 5355 ‹‹
931 5296 1218 5386 Titi-ilum,
1250 5328 1275 5355 ››
1293 5296 1500 5386 inquit
1530 5296 1939 5386 Combetisit'rs,
1972 5325 2096 5386 «ex

443 5322 833 5431 πῗεσουτερον·
870 5327 898 5355 ‹‹
932 5322 1211 5372 ἰἰιιιιυῐη,
1250 5328 1275 5355 ››
1308 5322 1500 5377 inquit
1530 5322 1939 5376 uomnensms,
1972 5329 1998 5359 α
2028 5325 2094 5363 ex

443 5376 572 5462 EH19.
601 5374 809 5462 Bil‘l‘ius
833 5377 1143 5462 supplevit,
1165 5379 1431 5462 nimagis
1462 5378 1736 5462 corrupit.
1757 5379 1903 5442 Quid
1939 5379 2094 5462 enim

443 5446 558 5523 sibi
606 5446 749 5523 vult.
802 5446 1042 5523 μςτῖτὸ
1084 5448 1320 5523 γενέσθαι
1351 5446 1771 5523 Ἶπρεσούτερον,
1808 5466 1875 5505 ac
1925 5450 1973 5506 si
2026 5451 2097 5505 de

443 5519 708 5590 Gregorii
738 5518 1109 5576 ordinatione
1131 5538 1321 5577 sermo
1370 5518 1542 5587 esset,
1578 5518 1692 5575 non
1741 5521 1813 5576 de
1860 5537 2097 5577 revoca-

441 5590 602 5665 tione
635 5607 664 5647 e
698 5590 1034 5662 solitudine,
1068 5610 1181 5665 quo
1215 5596 1621 5665 seireceperat,
1654 5607 1787 5649 mox
1808 5597 1881 5665 ut
1909 5594 2098 5651 fuerat

442 5662 771 5727 ordinatus.
793 5685 823 5716 »
848 5668 1054 5723 Censet
1082 5662 1217 5740 ergo
1246 5664 1332 5722 vir
1359 5662 1764 5743 doctissimus,
1786 5664 2096 5726 delendam

2203 4751 2329 4806 esse
2390 4731 2857 4806 prapositionem
2893 4730 3026 4802 μετὰ
3065 4729 3155 4785 vel
3188 4730 3564 4806 scribendum
3613 4746 3852 4804 παραγε-

2202 4802 2408 4861 νέσθαιῖ
2438 4826 2464 4852 ‹‹
2497 4802 2593 4875 qui
2630 4821 2742 4858 non
2774 4807 3121 4875 occusarant
3149 4819 3290 4875 cum
3316 4802 3718 4875 ad_ven_i_sset._‘n
3754 4806 3855 4875 Ba-

2204 4871 2564 4947 siliuslegit
2606 4892 2615 4929 :
2684 4875 2756 4945 μὴ
2811 4874 3237 4947 ἀπαντήσαντας-
3276 4872 3325 4947 ἐν
3374 4872 3523 4947 ἀρχῇ
3577 4872 3708 4943 μετὰ
3757 4871 3846 4925 τὸν

2206 4942 2599 5022 «sesesese,
2646 4942 2847 5022 Plures
2898 4948 3072 5022 Regg.
3109 4950 3164 5000 et
3210 4945 3363 5022 Colb.
3404 4942 3760 5022 necnonjor.
3801 4952 3846 5009 ι,

2208 5015 2262 5077 et
2299 5015 2751 5078 Passfaddunt;
2788 5016 2839 5070 ἐν
2870 5021 2946 5088 τῷ
2978 5015 3188 5089 Πάσχα.
3223 5021 3499 5089 Caeterum
3542 5015 3850 5071 lectionem

2203 5095 2359 5150 Colb.
2398 5094 2444 5156 1,
2471 5095 2535 5145 ut
2563 5090 3001 5162 simpliciorem,
3033 5088 3411 5162 praetulimus.

2276 5166 2385 5231 (8H
2419 5160 2772 5217 Ἀποσπᾶσαι.
2807 5185 2833 5211 ‹‹
2865 5160 3320 5216 Abstrahendos.
3356 5180 3385 5231 »_

2276 5227 2414 5304 (Hl')
2476 5232 2679 5292 Παντὸς
2735 5235 2831 5286 τοῦ
2911 5231 3030 5304 βίου
3088 5228 3531 5305 προεστησάμην.
3568 5250 3621 5305 ⁸‹‹
3681 5227 3854 5283 Omni

2204 5300 2330 5387 vitae
2363 5300 2555 5387 generi
2590 5300 3055 5387 anteposueram.
3086 5326 3112 5353 ››
3133 5300 3337 5375 Agitur
3364 5300 3519 5358 enim
3553 5300 3623 5356 de
3656 5316 3855 5356 mona-

2206 5380 2350 5435 stico
2369 5377 2673 5431 instituto.
3046 5439 3051 5443 ,

2277 5452 2385 5521 (82)
2420 5453 2689 5523 Κρατῆσαι
2753 5443 2984 5523 μᾶλλον.
3019 5440 3051 5497 ‹‹’
3080 5451 3143 5501 ut
3177 5461 3395 5523 meam_
3420 5444 3615 5523 potius
3666 5440 3852 5514 philo-

2207 5516 2472 5595 sophiam
2499 5516 3171 5595 expugnaretis,quam,»
3203 5523 3311 5574 etc.
3338 5516 3850 5595 Id‘reetius,quan-

2206 5586 2519 5668 doquidem
2556 5586 2587 5645 (ἱ
2616 5586 2714 5649 οδε
2746 5586 2993 5649 victores
3025 5586 3163 5649 sues
3196 5612 3224 5641 ››
3261 5586 3533 5663 appellat.
