4202 6212
451 295 569 354 519

1695 288 1760 346 S.
1809 278 2181 345 GREGORII
2225 278 2621 344 THEOLOGI

3740 284 3861 350 520

451 439 578 480 cere
608 421 780 478 licet:
812 420 976 477 Facti
1003 432 1191 473 sumus
1235 416 1383 471 vobis
1419 419 1480 471 in
1537 417 1884 472 saturitatem
1930 416 1975 451 ¹²
2006 417 2320 485 antequam
2351 418 2591 486 gustum
2622 413 2810 469 ullum
2870 413 3053 471 nostri
3083 406 3496 489 specimenque
3549 418 3857 490 prmbuis-

451 530 650 569 semus
684 529 696 577 ;
730 512 879 580 quod
902 508 1066 562 valde
1098 508 1430 560 mirandum
1474 513 1581 561 est.

517 603 617 657 69
653 602 719 654 II.
752 603 865 652 Nec
889 612 1023 651 vero
1053 612 1159 649 nos
1192 601 1255 648 ut
1284 594 1543 665 hospites
1559 593 1879 665 collegistis
1905 595 1971 659 ‘3,
1996 597 2087 647 aut

2280 591 2349 646 B'.
2386 592 2486 646 Καὶ
2530 588 2653 645 οὑδὲ
2701 591 2774 653 ὡς
2826 594 3001 664 ξένους
3064 595 3211 664 ἡμᾶς
3259 592 3621 669 συνηγαγητε,
3669 596 3703 664 ἢ
3758 617 3857 649 συ-

448 690 776 753 nobiscum,
797 695 856 740 ut
888 684 1131 755 aliquid,
1157 684 1308 754 quod
1333 684 1614 753 majorem
1640 682 2096 737 commiseratio-

448 795 581 836 nem
614 794 731 848 prae
762 791 822 829 se
842 775 1007 840 ferat,
1034 773 1250 834 dicam,
1273 771 1498 826 collecti
1522 772 1683 833 estis,
1707 771 1753 824 si
1799 770 1961 825 nulla
1983 770 2098 825 alia

449 886 529 936 re,
564 886 628 924 ac
657 870 810 923 certe
836 869 1123 936 praecepto
1176 863 1368 917 divino
1410 863 1680 917 commoti
1710 880 1721 915 :
1757 879 1862 917 nec
1894 866 1956 915 ut
1982 876 2090 915 no-

446 975 584 1014 vum
616 956 911 1029 negotium
946 953 1422 1026 aggredientibus
1454 968 1695 1007 manum
1726 949 2090 1022 porrexistis,

446 1065 552 1104 nec
583 1055 645 1102 ut
666 1044 893 1100 timidis
925 1043 1189 1098 animum
1224 1040 1554 1110 addidistis,
1588 1056 1691 1095 nec
1732 1046 1795 1094 ut
1822 1040 1938 1094 vim
1963 1055 2089 1110 per-

446 1136 637 1209 pessis
668 1133 943 1190 solatium
995 1130 1310 1185 attulistis:
1359 1131 1459 1184 sed
1511 1130 1861 1195 infestivam,
1893 1143 2092 1182 vereor

447 1227 659 1293 dicere,
690 1223 788 1278 sed
822 1220 1134 1275 dicendum
1157 1223 1246 1273 est
1274 1222 1493 1288 tamen,
1520 1218 1688 1273 nobis
1718 1216 2087 1272 festivitatem

448 1312 808 1377 reddidistis,
843 1307 1256 1379 praludiisque
1289 1307 1530 1361 minime
1563 1307 1769 1361 faustis
1811 1321 1915 1360 nos
1937 1320 2093 1360 exce-

451 1402 637 1474 pistis,
661 1415 727 1454 ac
758 1397 1155 1452 celebritatem
1173 1394 1746 1459 moestitiadiluistis,
1771 1397 1970 1465 utpote
1998 1408 2093 1447 vo-

447 1489 719 1560 bis,quod
735 1487 805 1542 ad
824 1484 1135 1541 cumuland
1148 1499 1243 1538 um
1258 1483 1541 1557 gaudium
1555 1483 1790 1539 maximi
1809 1480 2092 1537 momenti

448 1586 592 1648 erat,
620 1575 936 1631 victoribus
971 1574 1135 1642 meis,
1170 1590 1283 1629 non
1311 1574 1466 1628 enim
1497 1589 1628 1627 vere
1658 1572 1902 1627 dixerim
1933 1586 2092 1625 ama-

446 1669 672 1724 toribus
724 1670 1037 1731 carentem.
1071 1662 1225 1717 Adeo
1257 1662 1426 1717 facile
1466 1662 1523 1717 in
1559 1665 1961 1732 contemptum
1994 1674 2093 1713 ve-

2206 681 2449 754 νήχθητε
2482 681 2600 751 μεθ’
2626 683 2807 752 ἡμῶν,
2835 678 2907 733 ’ἶν’
2940 679 3075 734 εἷ’πω
3118 702 3169 735 τι
3220 682 3678 759 συμπαθέστεροι,
3719 687 3860 739 ταύ-

2203 790 2327 837 την,
2361 769 2405 822 εἰ
2467 772 2537 841 μή
2598 790 2649 822 τι
2700 767 2861 836 ἄλλο,
2894 771 2993 837 τὴν
3051 768 3274 839 ἐντολὴν
3333 769 3661 834 αἰδεσθέντες
3694 776 3855 845 (82⁸)·

2201 855 2325 911 οὐδὲ
2354 857 2428 918 ὡς
2463 857 2801 932 ἀρχομένους
2837 857 3332 933 ἐχειραγωγήσατε,
3367 858 3493 915 οὐδὲ
3524 862 3599 923 ὡς
3637 859 3857 925 δειλοὺς

2201 946 2539 1021 ἐθαρσύνατε,
2590 942 2713 1000 οὐδὲ
2760 948 2835 1007 ὡς
2891 948 3202 1019 βιασθέντας
3246 949 3670 1023 παρεκαλέσατε’
3724 950 3857 1006 ἀλλ’

2200 1035 2451 1111 ἀνέορτον
2499 1038 2653 1107 ἡμῖν,
2686 1035 2829 1089 ὀκνῶ
2888 1036 2981 1107 μὲν
3040 1036 3231 1107 εἰπεῖν,
3274 1037 3509 1113 εἰρήσθω
3568 1035 3625 1092 δὲ
3678 1038 3852 1111 ὅμως,

2198 1124 2533 1192 πεποιήκατε
2562 1125 2659 1191 τὴν
2703 1125 2918 1197 ἑορτήν,
2950 1124 3037 1177 καὶ
3095 1125 3411 1199 προοιμίοις
3473 1125 3574 1180 οὐκ
3627 1127 3852 1201 ἀγαθοῖς

2200 1215 2344 1283 ἡμᾶς
2412 1208 2758 1281 ἐδεξιώσασθε
2826 1215 2958 1285 (83)’
3018 1214 3106 1266 καὶ
3166 1217 3233 1287 τῇ
3302 1213 3604 1290 πανηγύρει
3681 1218 3853 1287 κατή-

2201 1322 2350 1378 φειαν
2382 1300 2720 1373 κατεμίξατε,
2751 1302 2813 1355 τὸ
2856 1300 3102 1376 μέγιστον
3137 1302 3211 1364 εἰς
3244 1300 3448 1371 ἡδονὴν
3501 1303 3600 1357 οὑκ
3648 1304 3852 1380 ἐχούσῃ

2197 1388 2323 1450 τοὺς
2356 1388 2520 1461 ἐμοὺς
2549 1390 2771 1457 νικητὰς
2805 1390 2963 1461 ὑμᾶς,
2998 1390 3059 1443 οὑ
3091 1391 3190 1467 γὰρ
3222 1390 3446 1465 ἐραστὰς
3479 1391 3647 1446 εἰπεῖν
3708 1392 3851 1465 ἀλη-

2202 1479 2310 1538 θές.
2343 1477 2532 1539 Οὕτως
2564 1476 3026 1556 εὒκαταφρόνητον
3064 1480 3199 1533 ἅπαν
3250 1480 3314 1534 τὸ
3366 1477 3567 1555 ῥᾳδίως
3615 1483 3851 1554 νικώμεο

2200 1586 2309 1620 νον·
2368 1566 2457 1620 καὶ
2509 1567 2856 1638 θεραπεύεται
2908 1569 3001 1640 μὶν
3049 1570 3112 1623 τὸ
3164 1566 3401 1643 ὑψηλὸν,
3433 1570 3752 1643 ἀτιμάζεται
3795 1570 3853 1626 δὲ

2200 1656 2263 1709 τὸ
2294 1658 2409 1726 Θεῷ
2431 1654 2875 1728 ταπεινούμενον.

444 1759 531 1812 nit
591 1754 874 1827 quidquid
924 1751 1092 1807 facile
1149 1756 1462 1823 superatur
1495 1755 1705 1821 :atque
1763 1755 1828 1805 ut
1884 1748 1995 1804 coli
2024 1752 2081 1803 et
2136 1746 2427 1802 observari
2467 1746 2635 1816 solet,
2669 1746 2767 1819 qui
2801 1747 2949 1803 altos
3008 1747 3251 1820 spiritus
3309 1750 3502 1821 gerit;
3535 1750 3618 1806 ita
3647 1756 3851 1806 contra

442 1845 608 1901 facile
639 1842 1052 1904 contemnitur,
1086 1840 1186 1912 qui
1221 1840 1334 1895 Deo
1366 1856 1427 1895 se
1457 1837 1738 1895 humilem
1772 1853 1838 1894 ac
1869 1835 2232 1893 submissum
2266 1834 2501 1905 praebet.

517 1936 612 1992 Ill.
648 1933 797 1998 Quid
830 1929 1050 1985 vultis?
1076 1929 1384 1985 Judicione
1412 1932 1476 1983 ut
1504 1928 1804 1984 vobiscum
1852 1932 2087 1982 conten-

2269 1928 2337 1976 1".
2370 1923 2429 1975 Τί
2485 1922 2778 1997 βούλεσθε;
2814 1928 2992 1999 Κριθῶ
3040 1926 3178 1997 (83')
3208 1924 3345 1999 πρδς
3394 1925 3554 1998 ὑμᾶς,
3584 1928 3617 1995 ἦ
3654 1930 3849 2000 κριτής

446 2024 606 2090 dam,
635 2036 707 2074 an
742 2023 808 2072 ut
834 2021 1024 2071 vester
1061 2016 1183 2086 ipse
1215 2015 1325 2069 sim
1369 2014 1552 2084 judex
1574 2014 1601 2067 ‘?
1632 2013 1982 2068 sententiam
2016 2020 2082 2069 ut

440 2112 646 2175 feram,
679 2126 751 2163 an
784 2112 848 2162 ut
889 2105 1169 2177 accipiam
1192 2105 1219 2159 ‘?
1249 2105 1391 2158 Nam
1452 2109 1768 2175 utrumque
1825 2103 2088 2160 futurum

438 2215 631 2272 spero,
662 2201 729 2252 ut
756 2196 877 2251 sive
907 2196 977 2249 de
1002 2209 1093 2248 me
1114 2193 1404 2263 judicium
1434 2193 1675 2254 feratur.
1697 2192 1881 2247 victor
1909 2192 2092 2249 disce-

442 2290 615 2343 dam:
650 2287 768 2341 sive
797 2285 869 2338 de
900 2298 1079 2338 causa
1126 2280 1523 2353 pronuntiem,
1561 2281 1724 2349 juste
1769 2296 1835 2335 ac
1882 2282 2089 2338 merito

437 2394 541 2432 vos
568 2376 973 2430 condemnem.
1008 2370 1237 2425 Crimen
1265 2374 1459 2425 autem
1494 2374 1754 2424 vestrum
1796 2368 1940 2423 illud
1979 2374 2087 2431 est.

442 2466 596 2537 quod
621 2477 984 2534 nequaquam
1019 2460 1075 2514 in
1110 2474 1307 2515 amore
1340 2458 1509 2514 nobis
1553 2459 1950 2528 respondetis;
1986 2475 2091 2514 nec

443 2572 548 2627 pro
575 2570 641 2608 eo
675 2548 789 2623 quo
811 2550 974 2604 vobis
1007 2564 1225 2603 morem
1278 2547 1600 2619 gassimus,
1632 2547 1802 2601 nobis
1831 2546 2087 2602 vicissim

445 2644 722 2697 honorem
756 2637 1076 2709 rependitis
1101 2656 1113 2704 ;
1141 2653 1245 2691 nec
1276 2652 1401 2691 eam
1436 2652 1590 2690 nunc
1613 2635 1942 2690 animorum
1972 2636 2089 2691 ala-

446 2732 710 2786 critatem
761 2726 1142 2795 affertis,qu:s
1192 2724 1339 2780 mihi
1388 2725 1460 2779 ad
1513 2725 1656 2779 bene
1705 2725 1775 2778 de
1823 2724 1986 2779 vobis
2030 2724 2089 2778 in

446 2825 747 2894 posterum
780 2815 1136 2886 sperandum
1169 2814 1428 2886 pignoris
1462 2813 1582 2868 loco
1614 2813 1722 2868 sit:
1757 2813 1933 2884 idque
1955 2830 2087 2867 cum

446 2909 623 2963 etiam
653 2906 700 2961 si
726 2905 855 2976 ipsa
898 2903 1226 2973 accesserit,
1260 2903 1350 2957 vix
1396 2908 1591 2958 tamen
1643 2901 1785 2957 satis
1831 2900 2090 2974 locuples

2200 2012 2480 2085 γένωμαις
2514 2010 2709 2086 ἐνέγκω
2757 2015 2964 2088 ψῆφον,
2994 2014 3028 2082 ἢ
3082 2010 3347 2084 δὲξωμαι;
3393 2015 3489 2069 Καὶ
3535 2016 3639 2088 γὰρ
3688 2018 3845 2085 νική-

2201 2120 2308 2152 σειν
2339 2098 2567 2167 ἐλπίζω,
2598 2100 2935 2174 κρινόμενος,
2970 2102 3057 2155 καὶ
3110 2105 3563 2179 καταψηφιεῖσθαι
3621 2102 3846 2166 δικαίως

2199 2187 2659 2265 ἀποφαινόμενος.
2700 2190 2778 2245 Τὸ
2810 2186 2866 2243 δὶ
2894 2188 3165 2265 ἔγκλημα,
3199 2190 3282 2244 ὅτι
3317 2192 3391 2263 μή
3423 2197 3539 2253 τοῖς
3574 2191 3711 2253 ἴσοις
3755 2194 3851 2265 μὲ-

2197 2297 2347 2347 τροις
2380 2280 2492 2349 (84)
2524 2273 2810 2349 ἀμείϐεσθε
2837 2285 2937 2347 τῆς
2968 2278 3183 2354 ἀγάπης
3214 2282 3381 2353 ἡμᾶς,
3420 2278 3561 2353 μηδὲ
3604 2288 3706 2351 τῆς
3760 2282 3847 2336 εὑ-

2199 2365 2437 2426 πειθείας
2466 2368 2563 2435 τὴν
2594 2368 2761 2439 τιμὴν
2796 2364 3117 2439 ἀντιδίδοτε,
3154 2366 3293 2441 μηδὲ
3344 2369 3406 2424 τὸ
3469 2368 3673 2442 μέλλον
3705 2374 3848 2442 (83‘)

2200 2454 2455 2529 ἰγγυᾶσθε
2502 2453 2569 2528 τῇ
2619 2459 2709 2507 νῦν
2756 2456 3054 2529 προθυμίᾳ,
3109 2456 3265 2532 μόγις
3312 2457 3401 2511 καὶ
3464 2459 3597 2530 μετὰ
3643 2460 3850 2529 ταύτης

2200 2550 2547 2612 πιστευθῆναι
2595 2540 3124 2616 δυνάμενονοὲπειδὴ
3185 2546 3511 2621 θερμότερος
3563 2549 3698 2609 ἅπας
3751 2550 3846 2623 ἆρ-

2200 2631 2455 2706 χόμενος.
2501 2630 2707 2693 ’Ἀλλος
2768 2630 2824 2686 δὲ
2882 2631 3022 2687 ἄλλο
3078 2655 3127 2688 τι
3189 2634 3583 2710 προτιμότερον
3634 2635 3847 2691 τίθεσθε

2197 2720 2287 2774 καὶ
2334 2720 2428 2774 τοῦ
2477 2718 2714 2774 παλαιοῦ
2758 2720 2845 2774 καὶ
2893 2726 2990 2775 τοῦ
3037 2724 3159 2777 νέου
3196 2724 3461 2795 ποιμένος
3509 2726 3649 2795 (85),
3703 2728 3845 2797 μήτε

2196 2811 2295 2877 τὴν
2343 2808 2538 2863 πολιὰν
2590 2807 2924 2882 αἰδούμενοι,
2983 2814 3120 2883 μήτε
3160 2813 3259 2881 τὴν
3306 2807 3534 2883 νεότητα
3599 2832 3839 2887 προσκα-

2201 2897 2482 2970 λούμενοι.

447 3013 696 3068 sponsor
724 3010 852 3050 esse
880 2997 1056 3064 queat
1085 2992 1261 3047 officii
1294 2992 1352 3046 in
1387 2993 1647 3046 futurum
1694 2992 2042 3063 praestandi:
2078 2992 2355 3063 quoniam
2405 2989 2593 3044 acrior
2640 3006 2705 3044 ac
2756 2990 3066 3045 ferventior
3110 2991 3299 3062 quivis
3337 3008 3465 3047 esse
3509 2991 3676 3060 solet,
3708 3009 3846 3048 cum

445 3086 664 3157 aliquid
692 3083 1050 3155 auspicatur.
1085 3082 1231 3147 Quin
1268 3082 1461 3153 potius
1492 3081 1589 3135 alii
1622 3081 1736 3136 alia
1765 3080 2011 3149 habetis,
2045 3098 2172 3153 qua:
2204 3086 2260 3136 et
2287 3080 2462 3135 veteri
2495 3085 2551 3134 et
2581 3096 2728 3134 novo
2762 3080 3013 3151 pastoris
3055 3080 3393 3152 praeferetis,
3428 3097 3531 3137 nec
3572 3082 3847 3137 canitiem

444 3176 665 3231 honore
695 3174 1137 3245 prosequentes,
1170 3186 1276 3225 nec
1302 3169 1619 3240 juvenilem
1652 3173 1879 3225 (etatem
1912 3169 2251 3225 excitantes.

515 3264 609 3320 IV.
642 3261 947 3317 Enimvero
977 3260 1035 3313 in
1088 3258 1417 3329 Evangeliis
1466 3257 1626 3313 lauta
1667 3262 1723 3312 et
1772 3258 2085 3328 magniﬁca
2115 3258 2157 3325 C

443 3370 610 3408 coena
632 3356 721 3407 est
739 3352 869 3415 ",et
889 3350 1078 3403 bonus
1097 3364 1161 3402 ac
1181 3347 1420 3402 festivus
1447 3345 1868 3409 convivator.et
1891 3346 2083 3417 amici,

441 3448 498 3497 et
527 3440 879 3503 convivium,
905 3442 969 3491 ut
999 3437 1055 3491 in
1084 3436 1185 3490 filii
1222 3434 1444 3507 nuptiis
1474 3434 2080 3506 *5,jucundissimum.

436 3532 837 3585 Convocantur
882 3525 987 3591 illi,
1034 3542 1137 3580 nec
1187 3529 1383 3579 tamen
1433 3523 1706 3578 veniunt:
1752 3540 1927 3593 quam
1961 3540 2082 3578 rem

432 3620 558 3691 ipse
589 3617 793 3673 acerbe
821 3617 1112 3683 ferens,ut
1143 3614 1215 3668 iis
1238 3629 1364 3683 quae
1388 3613 1735 3667 intermedia
1765 3617 1925 3675 sunt,
1948 3611 2085 3666 mali

435 3706 649 3762 ominis
679 3702 903 3759 vitandi
946 3718 1145 3770 causa,
1179 3701 1607 3772 praetermissis,
1644 3702 1841 3755 minus
1882 3717 2085 3771 aspere

434 3794 799 3868 loquar,aliis
822 3791 1159 3847 hominibus
1177 3789 1503 3845 convivium
1527 3806 1698 3844 suum
1719 3788 2083 3860 implendum

437 3890 603 3941 curat
626 3886 686 3938 ¹⁶.
721 3888 837 3937 Hoc
870 3879 1104 3951 quidem
1137 3879 1361 3933 utinam
1396 3878 1549 3932 Deus
1575 3878 1787 3932 avobis
1820 3882 2079 3933 avertat:

436 3976 534 4031 sed
568 3978 785 4033 tamen,
822 3970 1115 4041 quomodo
1154 3968 1208 4022 id
1256 3966 1463 4022 leniter
1513 3966 1869 4037 proloquar?
1899 3966 2081 4022 subli-

438 4066 593 4118 mius
625 4068 725 4114 aut
757 4058 1102 4114 insolentius
1132 4072 1361 4111 mecum
1393 4055 1619 4126 egistis,
1645 4071 1819 4125 quam
1853 4053 1934 4109 illi
1958 4055 2079 4125 qui,

442 4153 541 4206 70
563 4166 695 4203 cum
715 4148 938 4202 invitati
971 4150 1187 4215 essent,
1214 4162 1437 4201 ccenam
1461 4144 1798 4199 insultando
1820 4144 2085 4215 repudia-

438 4243 595 4303 runt,
629 4241 801 4307 atque
832 4236 1176 4289 invitantem
1209 4232 1561 4289 contumelia
1595 4233 1948 4289 affecerunt:
1983 4250 2082 4289 vos

441 4341 720 4397 namque,
756 4341 888 4379 cum
923 4340 1026 4378 nec
1074 4322 1351 4391 extranei,
1386 4339 1490 4377 nec
1520 4339 1587 4377 ex
1635 4339 1858 4390 eorum,
1883 4322 1982 4394 qui
2013 4324 2084 4377 ad

438 4416 676 4489 nuptias
706 4415 1051 4481 invitantur,
1070 4428 1312 4467 numero
1336 4411 1487 4479 sitis,
1514 4411 1611 4483 qui
1638 4428 1729 4467 me
1753 4412 1947 4481 potius
1971 4412 2083 4484 ipsi

2268 3256 2338 3311 A'.
2375 3253 2595 3309 Δεῖπνόν
2658 3254 2794 3309 ἐστιν
2857 3254 2907 3309 ἐν
2965 3261 3083 3317 τοῖς
3150 3254 3505 3332 Εὑαγγελίοις
3567 3256 3847 3331 λαμπρὸν,

2194 3344 2283 3398 καὶ
2347 3341 2516 3414 δεξιὸς
2577 3342 2862 3419 ἑστιάτωρ,
2892 3344 2982 3398 καὶ
3042 3342 3217 3421 φίλοι,
3277 3346 3367 3399 καὶ
3422 3347 3485 3399 τὸ
3543 3346 3850 3417 συμπόσιον

2194 3430 2438 3501 ἥδιστονο
2472 3433 2592 3487 υἱοῦ
2644 3435 2745 3509 γὰρ
2794 3434 2993 3507 γάμος.
3030 3434 3125 3487 Καὶ
3158 3435 3185 3487 ὁ
3243 3435 3335 3507 μὲν
3388 3433 3651 3508 συγκαλεῖ
3680 3438 3846 3508 (85⁸),

2194 3523 2247 3576 οἱ
2294 3519 2350 3576 δὲ
2400 3522 2461 3575 ού
2510 3524 2880 3597 συνέρχονται·
2924 3524 2952 3575 ὁ
3002 3520 3058 3576 δὶ
3108 3522 3414 3597 ἀγανακτεῖ·
3466 3523 3554 3578 καὶ
3603 3523 3847 3598 παρίημι

2192 3611 2259 3665 τὰ
2290 3610 2339 3665 ἰν
2375 3611 2521 3683 μέσῳ
2553 3608 2641 3665 διὰ
2689 3612 2751 3665 τὸ
2804 3608 3108 3688 δύσφημονσ
3143 3610 3275 3666 ἀλλ’
3322 3613 3350 3666 ὃ
3403 3611 3618 3686 μέτριον
3674 3613 3845 3667 εἰπεῖν

2196 3702 2329 3774 (86),
2362 3697 2431 3753 δι’
2456 3697 2639 3753 ἄλλων
2673 3698 2883 3772 πληροῖ
2910 3700 2973 3754 τὸ
3005 3700 3329 3771 συμπόσιον.
3364 3703 3538 3757 Τοῦτο
3594 3703 3687 3772 μὲν
3750 3700 3844 3755 οὖν

2194 3788 2564 3863 ἀπευχόμεθα*
2626 3790 2780 3861 ὑμεῖς
2842 3785 2899 3842 δὲ
2956 3793 3214 3843 τοσοῦτον
3294 3788 3506 3844 ἐκείνων
3581 3790 3847 3864 γεγόνατε

2197 3898 2289 3949 μοι
2324 3880 2463 3948 (πῶς
2515 3876 2650 3932 εἷ’πω
2700 3878 2946 3952 πράως;)
2980 3874 3312 3952 ὑψηλότεροι
3359 3881 3473 3949 (87)
3503 3880 3537 3947 ἢ
3588 3879 3848 3953 θρασύτε-

2195 3986 2301 4039 ροι,
2348 3965 2470 4020 ὅσον
2527 3965 2577 4019 oi
2630 3966 2724 4038 μὲν
2773 3963 3104 4038 κεκλημένοι
3152 3970 3250 4020 τοῦ
3301 3964 3523 4021 δείπνου
3570 3968 3849 4036 κατεξανὶ-

2193 4075 2430 4125 στανται,
2463 4055 2549 4109 καὶ
2609 4055 2743 4110 καςὰ
2790 4059 2886 4109 τοῦ
2936 4054 3272 4125 κεκληκότος
3320 4051 3652 4132 ὑϐρίζουσιν
3688 4057 3849 4130 ὑμεῖς

2194 4140 2271 4213 δὲ,
2314 4144 2379 4198 ού
2427 4148 2535 4198 τῶν
2586 4141 2774 4214 ἔξωθεν
2817 4139 2989 4210 ὄντες,
3022 4140 3147 4199 οὐδὲ
3194 4149 3298 4199 τῶν
3349 4144 3702 4217 κεκλημένων
3760 4146 3851 4200 ἐπὶ

2191 4231 2319 4294 τοὺς
2367 4231 2601 4307 γάμους,
2651 4230 2777 4287 ἀλλ’
2845 4233 2997 4287 αὐτοὶ
3058 4232 3481 4309 συγκαλέσαντες
3529 4237 3698 4307 ἡμᾶς,
3754 4236 3849 4289 καὶ

2191 4326 2259 4395 τῇ
2309 4322 2428 4394 ἱερᾷ
2474 4324 2585 4395 (88)
2634 4323 2801 4395 ταύτῃ
2846 4321 3086 4398 τραπέζῃ
3138 4321 3563 4394 προσδήσαντες,
3614 4324 3703 4378 καὶ
3750 4329 3851 4378 τοῦ

2194 4415 2480 4487 νυμφῶνος
2556 4412 2653 4480 τήν
2731 4409 3094 4485 λαμπρότητα
3171 4410 3605 4488 παραδείξαντες,
3664 4409 3852 4468 ἔπειτα

514 4577 558 4615 ﬂ
592 4577 701 4632 Isa.
735 4592 774 4644 ι,
808 4574 895 4631 lli.
974 4573 1019 4607 ¹³
1053 4572 1255 4629 Matth.
1292 4586 1418 4639 xxv,
1448 4570 1536 4627 55.
1617 4572 1662 4605 “
1693 4570 1830 4626 Luc.
1864 4587 1975 4636 xxv,
2022 4570 2087 4626 16

2209 4572 2228 4606 ³
2254 4571 2459 4627 Matth.
2492 4588 2634 4640 XXII,
2663 4572 2716 4626 2.
2797 4573 2839 4608 ¹⁶
2872 4572 3014 4628 ibid.
3046 4574 3132 4627 10.

508 4757 647 4842 (82”)
700 4751 1059 4817 massam.
1114 4771 1141 4801 ‹‹
1195 4746 1465 4805 Divinum
1525 4752 1877 4820 prmceptum
1929 4764 2083 4804 reve-

438 4831 558 4886 riti.
595 4853 617 4881 ι

509 4901 623 4974 (83)
650 4894 1049 4974 Ἒδεξιῴσασθξ.
1083 4892 1253 4974 gabr.
1289 4887 1619 4960 ἐδεξιώσατε.

510 4967 661 5044 (83δ)
693 4967 893 5045 Κρίθῶ.
932 4967 1246 5045 αηᾶυόὶοργ.
1282 4986 1309 5012 ›)

530 5034 746 5115 84)Μή¹
785 5046 900 5100 τοῖς
954 5036 1090 5098 ζ’σοις
1128 5036 1382 5115 μέτροις.
1418 5057 1443 5081 ‹‹
1498 5034 1657 5115 Quod
1713 5050 1824 5089 non
1882 5050 2079 5105 parem

437 5106 615 5171 nobis
638 5106 911 5197 amorem‘
933 5106 1269 5197 rep‘epditis,
1304 5111 1425 5160 Non
1447 5106 1584 5197 pari
1617 5122 1909 5197 mens‘ura.
1938 5125 1965 5157 n

512 5186 649 5257 (ΒΓ)
682 5181 833 5257 Μηδὲ
860 5182 922 5237 τὸ
958 5178 1193 5257 μέλῇλον,
1210 5184 1327 5257 etc.
1364 5200 1389 5226 ‹‹
1432 5182 1629 5257 Atque.
1664 5178 1733 5233 de
1781 5178 1976 5257 futuro
2009 5194 2079 5257 ne

438 5248 701 5313 ea‘nunc
743 5248 975 5326 quidem
1022 5248 1320 5307 alacritate
1356 5248 1686 5326 spondetis,
1723 5266 1847 5320 quae
1898 5250 2077 5304 futuri

438 5330 611 5383 fidem
646 5322 898 5399 velipsa
919 5341 1172 5399 praesens
1198 5322 1899 5399 praestarenvix‘possetzy

506 5400 619 5471 (85)
664 5397 762 5471 Καὶ
788 5391 1079 5450 ’τοῦ’νὲου
1129 5391 1409 5471 ποιμένος.
1447 5391 1544 5471 llic
1600 5391 1779 5471 haeret
1815 5391 2074 5471 ‘Qombe-

437 5461 625 5541 ﬁsius',
657 5478 713 5527 et
741 5470 1006 5542 ignorare
1037 5484 1096 5522 se
1128 5461 1362 5542 fatetur,
1390 5480 1461 5542 an
1504 5463 1627 5519 haec
1659 5461 1906 5542 simplici
1941 5480 2071 5534 pre-

435 5535 667 5617 sbytero
681 5535 1001 5617 conveniat,
1028 5557 1099 5594 an
1126 5535 1634 5617 potiusepjscppo,
1648 5535 1899 5617 quijam
1920 5551 2072 5591 com-

435 5606 715 5678 munibus
744 5614 900 5672 curis
928 5606 1061 5671 cum
1091 5606 1253 5687 p'atre
1294 5606 1608 5668 Ecclesiam
1648 5606 2069 5665 Nazianzenam

2195 4754 2436 4833 regeret,
2461 4754 2773 4833 postquam
2805 4751 3166 4833 Syimorpm
3197 4751 3521 4833 episcopus
3537 4752 3848 4833 ordinatus

2200 4823 2406 4894 fuerat.
2436 4844 2473 4894 Δ‹‹
2528 4822 2788 4878 Forsitan
2839 4822 3171 4893 Gregorius,
3234 4822 3425 4894 inquit
3474 4824 3559 4877 vir
3613 4823 3847 4889 doctus,

2198 4915 2224 4941 ‹‹
2260 4891 2479 4947 relictis
2499 4893 2767 4964 Sazimis,
2790 4894 2847 4947 in
2880 4891 3257 4950 solitudinem
3298 4891 3360 4949 se
3385 4894 3652 4961 contulit,
3680 4912 3710 4950 e
3732 4912 3850 4965 qua

2194 4980 2227 5018 a
2250 4968 2409 5038 patre
2431 4968 2488 5019 et
2507 4965 2713 5038 amicis
2731 4965 3142 5031 revocatus,sic
3164 4966 3223 5019 in
3248 4966 3536 5038 frequenti
3555 4973 3841 5023 conventu

2194 5037 2346 5106 apud
2389 5052 2527 5108 suos
2560 5036 2733 5108 cmpit
2755 5038 3170 5108 verbagfacere.
3204 5062 3227 5085 η

2262 5107 2400 5181 (85')
2435 5107 2528 5181 Καὶ
2564 5108 2590 5160 ὁ
2627 5104 2721 5178 μὲν
2774 5104 3053 5181 συγκαλεῖ.
3111 5132 3130 5156 ι
3184 5110 3261 5181 Ac
3309 5106 3406 5162 ille
3452 5109 3686 5179 quidem
3746 5110 3841 5164 in-

2188 5178 2349 5245 vitat,
2386 5178 2497 5251 ipsi
2530 5184 2723 5235 autem
2755 5178 2870 5235 non
2899 5181 3159 5248 veniunt,
3195 5179 3294 5234 ille
3340 5178 3536 5235 autem
3568 5180 3843 5252 indigna-

2188 5253 2303 5315 tur,
2343 5272 2369 5297 »
2400 5255 2508 5305 etc.

2258 5321 2397 5395 (86);
2430 5318 2584 5395 ’ᾼλλ’
2639 5320 2697 5395 ὅ,
2730 5318 2942 5395 μέτριον
3005 5319 3193 5375 εἰπεῖν.
3226 5321 3426 5376 Comb.
3468 5321 3530 5375 τὸ
3592 5321 3835 5395 μέτριον,

2192 5414 2211 5440 ι
2248 5393 2401 5448 auod
2431 5394 2588 5448 dictu
2624 5393 2837 5448 mitius
2858 5398 2966 5448 est.
3004 5414 3031 5441 »

2276 5461 2371 5534 87)
2415 5461 2795 5539 Ὑψηλότεροι,
2828 5470 2935 5521 etc.
2978 5488 3005 5514 «
3066 5463 3265 5536 Majori
3324 5464 3472 5520 facto
3532 5470 3587 5522 et
3638 5466 3828 5522 auda-

2182 5534 2288 5592 cia.
2325 5558 2352 5585 υ

2254 5607 2366 5683 (88)
2394 5609 2469 5683 Τῇ
2501 5606 2638 5686 ἱερᾷ.
2674 5632 2701 5661 ‹‹
2732 5612 2916 5670 Sec-rm
2944 5606 3081 5667 huic
3113 5621 3345 5665 mensae.
3381 5629 3409 5659 ››
