4202 6212
500 327 618 385 523

1739 326 1780 386 S
1794 368 1808 383 .
1857 324 2229 387 GREGORII
2275 326 2667 387 THEOLOGI

3789 328 3913 388 524
4100 103 4142 390 l

3789 328 3913 388 524

497 475 609 513 usu
652 456 825 525 venit,
872 456 973 527 qui
1023 456 1165 511 dum
1217 472 1401 513 unum
1448 455 1767 528 quoddam,
1800 456 2116 529 plusquam
2164 474 2269 531 par
2317 458 2413 528 sit,
2446 458 2745 529 attollunt,
2778 457 3117 513 universum
3161 456 3549 526 imminuunt,
3580 458 3921 531 injuriaque

499 547 784 603 afﬁciunt.

566 635 685 688 VII.
718 634 834 689 Vos
866 650 999 689 vero
1023 632 1071 688 si
1096 633 1236 705 quid
1262 633 1409 688 mihi
1441 636 1755 707 gratiﬁcari
1779 640 1868 691 est
1890 635 2144 704 animus,

2332 637 2400 691 Z'.
2437 637 2617 708 Ὑμεῖς
2652 633 2728 704 δὲ,
2763 634 2816 689 εἷ’
2854 656 2904 690 τι
2940 634 3224 711 χαρίζεσθέ
3276 637 3351 707 (4)
3387 656 3502 707 μοι,
3552 635 3614 690 τὸ
3664 636 3792 708 ἐμὸν
3826 657 3919 711 γε·

493 739 594 778 vos
616 722 854 793 inquam
880 721 1241 793 agricultura
1262 739 1393 777 mea
1414 723 1665 793 “,vinea
1687 741 1818 779 mea
1839 726 1903 792 93,
1930 725 2144 782 viscera

2261 724 2486 799 ώργιον,
2519 726 2553 793 ἢ
2579 721 2827 797 ἄμπελος
2857 727 2892 793 ἡ
2926 723 3055 797 ἐμὴ,
3088 723 3157 777 τὰ
3200 722 3306 795 ἐμὲ
3354 723 3666 799 σπλάγχνα,
3705 722 3921 797 μᾶλλον

493 827 624 866 mea
645 811 713 879 2‘,
734 815 836 865 aut
866 811 1200 867 communis
1227 811 1419 884 potius
1446 812 1713 868 Parentis
1742 814 1919 884 hujus
1942 815 2147 884 nostri,

494 916 528 954 a
544 916 659 970 quo
683 916 784 971 per
803 898 1181 973 Evangelium
1208 900 1266 954 in
1282 900 1512 957 Christo
1537 902 1717 973 geniti
1742 919 1946 958 sumus
1960 904 2025 968 2⁸,
2042 920 2149 958 nos

494 988 734 1060 quidem
767 990 941 1044 etiam
972 989 1132 1061 ipsos
1164 989 1338 1045 colite
1369 995 1543 1061 atque
1564 991 1894 1053 observate;
1916 1007 2149 1063 aequum

495 1082 584 1134 est
613 1078 792 1145 enim,
827 1094 959 1133 cum
991 1094 1093 1133 vos
1126 1078 1400 1133 omnibus
1450 1080 1624 1134 rebus
1668 1080 2100 1150 praetulerimus
2133 1097 2145 1135 :

494 1183 599 1223 vos
632 1172 812 1223 testes
843 1166 1005 1236 estis,
1028 1174 1084 1222 et
1116 1166 1217 1238 qui
1250 1167 1356 1221 hoc
1388 1167 1509 1223 sive
1536 1168 1849 1241 imperium
1894 1169 2015 1224 sive
2047 1169 2153 1223 mi-

499 1256 811 1312 nisterium
845 1255 977 1312 ﬁdei
1009 1260 1221 1311 nostra
1253 1257 1697 1313 commiserunt.
1729 1259 1820 1325 Et,
1853 1258 1900 1313 si
1949 1259 2000 1313 ei
2048 1257 2151 1329 qui

496 1345 629 1417 plus
656 1345 893 1413 amavit,
920 1344 1053 1416 plus
1074 1345 1322 1400 debetur
1347 1346 1411 1413 9°,
1439 1358 1696 1416 quanam
1722 1363 1998 1402 mensura
2016 1345 2151 1402 cha-

496 1434 732 1490 ritatem
756 1443 884 1490 eam
910 1433 1264 1505 metiar,qua
1285 1450 1386 1490 vos
1418 1434 1563 1490 mihi
1594 1435 1848 1491 charitas
1870 1452 2001 1491 mea
2020 1440 2148 1490 tan-

496 1540 674 1595 quam
705 1540 816 1579 asre
846 1521 1036 1578 alieno
1074 1522 1373 1578 devinxit?
1402 1522 1523 1579 Imo
1552 1524 1989 1596 vobismetipsis
2020 1541 2148 1580 ma-

494 1613 608 1685 gis,
641 1612 1091 1682 commissaeque
1139 1612 1403 1684 imagini,
1429 1617 1485 1667 et
1514 1612 1564 1667 ei
1597 1614 1696 1684 qui
1746 1613 2061 1684 commisit,
2091 1618 2149 1670 et

494 1701 710 1757 Christi
760 1700 1159 1773 passionibus,
1192 1705 1248 1755 et
1278 1701 1400 1772 spei
1448 1700 1576 1755 vita:
1628 1701 1834 1757 futurae
1866 1702 2147 1758 honorem

494 1790 782 1846 habeatis.
826 1790 888 1843 Id
940 1805 1111 1861 porro
1172 1789 1581 1860 assequimini,
1633 1790 1681 1845 si
1729 1806 1856 1845 eam
1910 1792 2146 1862 quidem

495 1878 671 1935 fidem
704 1878 973 1945 teneatis,
999 1894 1173 1949 quam
1224 1878 1549 1949 accepistis,
1579 1883 1636 1934 et
1662 1879 1723 1933 in
1756 1896 1871 1951 qua
1916 1880 2145 1936 educati

495 1968 662 2035 estis,
696 1972 753 2022 et
782 1984 913 2022 cum
947 1984 1063 2038 qua
1092 1984 1210 2021 non
1255 1967 1425 2022 modo
1476 1967 1587 2038 ipsi
1620 1968 1855 2035 servari,
1880 1970 1980 2024 sed
2015 1969 2145 2024 aliis

496 2057 674 2111 etiam
697 2055 947 2111 salutem
972 2056 1176 2111 afferre
1198 2055 1534 2124 credimini;
1557 2072 1683 2127 quas
1706 2057 1941 2127 quidem
1960 2063 2151 2114 vestra

496 2144 627 2199 laus
653 2144 995 2214 bujusmodi
1017 2150 1126 2213 est,
1149 2149 1217 2199 ut
1239 2161 1355 2199 non
1379 2143 1546 2199 multi
1569 2161 1696 2201 eam
1720 2146 1832 2201 sibi
1857 2146 2149 2202 vindicare

495 2232 745 2305 possint.
773 2237 844 2287 At
868 2248 1001 2287 vero
1034 2232 1304 2303 pietatem
1353 2250 1466 2287 non
1515 2232 1572 2287 in
1624 2233 1876 2289 multum
1908 2240 1965 2290 et
1996 2251 2149 2307 saepe

494 2322 566 2378 de
594 2322 710 2377 Deo
742 2321 1056 2393 loquendo,
1076 2321 1176 2377 sed
1225 2327 1289 2375 ut
1333 2320 1658 2393 plurimum
1691 2324 1960 2393 tacendo,
1994 2324 2148 2396 posi-

493 2415 616 2467 tam
638 2427 769 2467 esse
791 2410 1103 2482 judicetis;
1128 2409 1330 2482 lingua
1352 2412 1530 2477 enim,
1550 2411 1663 2467 nisi
1691 2412 1915 2469 ratione
1935 2414 2147 2484 guber-

495 2504 687 2566 netur,
712 2500 774 2555 in
804 2499 1035 2571 lapsum
1080 2498 1249 2555 facile
1280 2499 1549 2556 homines
1581 2500 1849 2572 impellit,
1882 2518 2147 2573 semper-

494 2604 607 2658 que
638 2588 836 2643 minus
874 2586 1272 2659 periculosum
1322 2602 1451 2643 esse
1501 2589 1723 2656 audire,
1758 2606 1934 2661 quam
1984 2589 2145 2661 loqui

494 2675 859 2741 existimetis,
884 2692 950 2730 ac
986 2675 1228 2747 proinde
1264 2675 1561 2733 lubentius
1592 2678 1663 2733 de
1698 2679 1807 2734 Deo
1840 2679 2144 2751 quidpiam

495 2763 755 2829 discetis,
779 2780 958 2836 quam
990 2765 1287 2820 doceatis:
1325 2782 1544 2838 vosque
1574 2758 1661 2823 ita.
1686 2767 2057 2840 comparatis,
2082 2772 2147 2823 ut

495 2854 782 2909 exactiore
812 2853 1023 2909 harum
1056 2870 1251 2909 rerum
1274 2854 1701 2911 examinatione
1732 2856 2148 2928 dispensatori-

494 2941 607 2997 bus
630 2942 796 2997 Verbi
819 2941 1039 3008 relicta,
1064 2959 1329 2998 sermone
1360 2943 1697 3010 minimum,
1721 2945 1996 3017 operibus
2020 2962 2142 3001 ma-

486 3030 603 3102 jori
634 3047 701 3086 ex
740 3034 901 3103 parte
950 3031 1133 3086 Deum
1166 3031 1390 3100 colatis,
1416 3033 1721 3106 magisque
1755 3034 1898 3105 legis
1946 3036 2141 3091 obser-

493 3119 743 3185 vatione,
789 3136 966 3191 quam
1015 3119 1367 3193 legislatoris
1414 3120 1586 3177 laude
1630 3128 1687 3177 et
1734 3124 2140 3195 praadicatione

492 3214 751 3265 vestrum
808 3225 945 3281 erga
1001 3226 1138 3265 eum
1195 3226 1455 3265 amorem
1494 3211 1821 3282 declaratis,
1858 3213 2139 3267 nimirum

490 3298 629 3353 vitia
678 3297 989 3369 fugientes,
1030 3298 1304 3354 virtutem
1355 3305 1779 3371 consectantes,
1812 3301 2023 3373 spiritu
2054 3301 2137 3356 vi-

488 3391 689 3443 ventes
710 3387 774 3457 ",
798 3386 1041 3458 spiritus
1080 3385 1340 3458 vestigiis
1394 3386 1807 3459 ingredientes,
1832 3405 2016 3461 eoque
2046 3406 2140 3445 co-
2173 3372 2215 3440 C

2260 810 2318 866 δὲ
2345 818 2442 867 τοῦ
2472 818 2656 867 κοινοῦ
2679 813 2889 886 Πατρὸς
2911 812 3196 884 ἡμῶν,οὒς
3222 814 3300 883 (5)
3327 811 3486 874 οὗτος
3506 811 3557 866 ἐν
3585 818 3802 888 Χριστῷ
3830 811 3920 867 διὰ

2256 905 2353 956 τοῦ
2386 901 2718 978 Εὐαγγελίου
2770 901 3061 977 ἐγέννησεν,
3116 898 3349 964 αἰδεῖσθε
3395 903 3473 973 (ὃ)
3508 902 3603 973 μὲν
3645 902 3735 956 καὶ
3765 905 3919 974 ἡμᾶς

2260 986 2465 1044 δίκαιον
2499 990 2623 1065 γὰρ,
2677 988 2730 1044 ο’ί
2774 988 2988 1044 πάντων
3042 990 3181 1062 ὑμᾶς
3231 991 3700 1064 προετιμήσαμεν·
3755 992 3914 1062 ὑμεῖς

2263 1078 2549 1153 μάρτυρες,
2596 1078 2685 1132 καὶ
2718 1079 2770 1132 οἳ
2817 1078 3018 1148 ταύτην
3067 1081 3199 1150 ἡμῖν
3245 1077 3642 1153 ἐγχειρίσαντες
3672 1080 3773 1147 τήν
3807 1078 3915 1134 εἴτε

2256 1164 2694 1241 ἠγεμονίαν,εἷ’τε
2726 1165 3017 1221 διακονίαν
3053 1167 3141 1220 καὶ
3176 1166 3223 1221 εἷ’
3245 1171 3324 1238 τῷ
3354 1167 3548 1221 πλεῖον
3582 1170 3659 1240 (7)
3694 1168 3912 1242 ἀγαπή-

2258 1276 2406 1310 σαντι
2429 1254 2595 1311 πλέον
2623 1255 2895 1333 ὀφείλεται
2922 1259 3146 1329 (8),πῶς
3174 1257 3428 1331 μετρήσω
3458 1257 3559 1323 τὴν
3583 1256 3819 1331 ἀγάπην,
3846 1260 3914 1325 ἧς

2260 1344 2564 1418 ὑποχρέους
2599 1347 2675 1418 (9)
2711 1346 2849 1417 ὑμᾶς
2880 1342 2969 1399 διὰ
2990 1352 3090 1414 τῆς
3115 1343 3253 1417 ἐμῆς
3278 1339 3471 1399 ἔλαϐον
3500 1364 3514 1414 ;
3543 1341 3777 1399 αἰδεῖσθε
3801 1348 3915 1417 (10)

2259 1429 2315 1487 δὲ
2346 1432 2511 1487 πλέον
2563 1432 2701 1505 ὑμᾶς
2735 1432 2949 1501 αὐτοὺς,
3000 1433 3091 1486 καὶ
3136 1434 3233 1501 τήν
3285 1434 3659 1486 πιστευθεῖσαν
3706 1433 3915 1501 εἰκόνα,

2254 1520 2343 1576 καὶ
2373 1522 2465 1575 τὸν
2516 1520 2888 1583 πιστεύσαντα,
2934 1519 3022 1575 καί
3070 1521 3138 1575 τὰ
3184 1525 3416 1595 Χριστοῦ
3459 1520 3628 1591 πάθη,
3679 1522 3768 1575 καὶ
3820 1522 3917 1583 τὰς

2256 1610 2455 1664 ἐκεῖθεν
2489 1607 2733 1679 ἐλπίδας,
2766 1610 2941 1664 πίστιν
2969 1611 3079 1684 (11)
3116 1609 3209 1682 μὶν
3230 1606 3451 1684 ἔχοντες
3482 1611 3541 1678 ἦν
3574 1608 3918 1687 παρειλήφα-

2253 1720 2331 1767 τε,
2365 1700 2453 1753 καὶ
2550 1700 2936 1777 συνετράφητε,
2964 1699 3079 1772 μεθ’
3100 1699 3166 1766 ἧς
3188 1698 3279 1753 καὶ
3317 1699 3571 1771 σώζεσθε,
3606 1698 3697 1753 καὶ
3720 1700 3912 1768 σώζειν

2256 1787 2461 1850 ἄλλους
2493 1787 2820 1843 πιστεύεσθε·
2866 1788 2926 1842 οὐ
2977 1787 3080 1862 γὰρ
3130 1784 3379 1860 πολλῶν,
3413 1785 3469 1841 εὖ
3521 1783 3652 1858 ἴστε,
3683 1788 3749 1841 τὸ
3783 1787 3915 1860 ὑμέ-

2252 1898 2405 1952 τερον
2456 1876 2741 1953 καύχημα.
2789 1878 2862 1931 Τὸ
2914 1873 2971 1930 δὲ
3019 1871 3229 1938 εὐσεϐὲς
3287 1877 3361 1948 μή
3412 1875 3464 1929 ἐν
3510 1881 3590 1948 τῷ
3637 1873 3914 1939 πολλάκις

2254 1967 2377 2043 περὶ
2409 1971 2542 2021 Θεοῦ
2594 1964 2806 2033 λαλεῖν,
2857 1964 2984 2021 ἀλλ’
3028 1966 3078 2019 έν
3125 1970 3204 2036 τῷ
3248 1965 3317 2019 τὰ
3362 1964 3541 2020 πλείω
3592 1970 3742 2040 σιγᾷν
3778 1965 3913 2020 εἶναι

2254 2055 2548 2127 τιθέμενον
2598 2051 2821 2129 γλῶσσα
2864 2053 2967 2127 γὰρ
3017 2048 3239 2115 ὅλισθος
3290 2053 3598 2127 ἀνθρώποις
3646 2053 3721 2124 μή
3758 2052 3914 2126 λόγῳ

2256 2138 2635 2216 κυϐερνωμένη
2674 2161 2686 2173 ·
2746 2142 2837 2196 καὶ
2888 2138 3295 2215 ἀκινδυνοτέραν
3366 2140 3535 2209 ἀκοὴν
3597 2140 3679 2193 ἀεὶ
3741 2139 3913 2215 λόγου

2255 2232 2593 2305 νομίζοντες,
2630 2230 2766 2285 ὥστε
2798 2234 2909 2305 (12)
2937 2252 2989 2284 τι
3027 2229 3305 2302 μανθάνειν
3357 2226 3534 2299 ἥδιον,
3566 2231 3600 2297 ἢ
3640 2226 3915 2283 διδάσκειν

2256 2321 2379 2395 περὶ
2438 2326 2591 2376 Θεοῦο
2654 2323 2753 2389 τὴν
2818 2321 2912 2392 μὲν
2971 2315 3351 2395 ἀκριϐεστέραν
3412 2317 3620 2373 τούτων
3676 2317 3915 2390 ἐξέτασιν

2256 2414 2371 2471 τοῖς
2404 2409 2720 2481 οἰκονόμοις
2762 2413 2859 2463 τοῦ
2909 2406 3079 2483 λόγου
3130 2412 3603 2483 παραχωροῦντες·
3650 2406 3806 2460 αὐτοὶ
3859 2404 3919 2461 Si

2258 2497 2412 2573 λόγῳ
2448 2499 2543 2571 μὶν
2580 2493 2921 2559 εὐσεϐοῦντες
2953 2497 3115 2572 ὀλίγα
3146 2499 3279 2569 (13),
3304 2495 3446 2572 ἔργῳ
3480 2494 3536 2549 δὲ
3566 2494 3913 2563 πλείονα,καὶ

2254 2592 2321 2661 τῇ
2372 2589 2603 2663 τηρήσει
2655 2591 2762 2641 τῶν
2811 2586 2995 2658 νόμων
3050 2583 3262 2659 μᾶλλον
3296 2587 3435 2656 ἢτῷ
3478 2585 3768 2657 θαυμάζειν
3821 2586 3914 2639 τὸν

2254 2676 2558 2749 νομοθέτην
2592 2679 2703 2749 (14)
2732 2676 2794 2730 τὸ
2821 2675 2945 2749 περὶ
2976 2675 3133 2731 αὐτὸν
3184 2676 3293 2749 (15)
3345 2672 3573 2750 φίλτρον
3609 2672 3918 2728 ἐπιδεικνύ-

2257 2786 2431 2838 μενοι,
2493 2765 2776 2843 φεύγοντες
2823 2763 3011 2819 κακίαν
3051 2808 3065 2834 ,
3119 2761 3407 2825 διώκοντες
3467 2763 3702 2839 ἀρετὴν,
3751 2762 3917 2817 πνεύ-

2258 2875 2386 2927 ματι
2450 2858 2645 2923 ζῶντες
2701 2856 2835 2926 (16),
2892 2851 3161 2925 πνεόματι
3214 2854 3326 2925 (17)
3378 2856 3725 2926 ποιχοῦντες
3772 2854 3789 2922 (
3834 2854 3913 2923 8),

2250 2942 2429 3015 τούτῳ
2478 2943 2576 3011 τὴν
2616 2947 2812 3018 γνῶσιν
2853 2938 3129 3009 ἕλκοντες,
3182 2938 3668 3013 ἐποικοδομοῦντες
3714 2944 3793 3011 τῷ
3824 2942 3909 2994 θε-

2258 3031 2433 3105 μελίῳ
2489 3033 2585 3099 τῆς
2644 3031 2899 3103 πίστεως,
2963 3031 3038 3103 μὴ
3100 3029 3256 3102 ξύλον
3312 3032 3444 3103 (19),
3501 3026 3643 3101 μηδὲ
3680 3029 3905 3104 χόρτον,

2256 3118 2395 3192 μηδὲ
2424 3118 2703 3192 καλάμην,
2756 3118 2892 3189 ὕλην
2948 3120 3141 3187 ἀσθενῆ
3189 3120 3277 3173 καὶ
3327 3116 3525 3193 ιἑᾳδίως
3576 3116 3907 3191 δαπανωμέ-

2249 3232 2364 3279 νην,
2426 3208 2588 3278 ἡνίκα
2646 3209 2706 3262 ἃν
2753 3208 2882 3283 πυρὶ
2935 3207 3183 3283 κρίνηται
3232 3207 3298 3262 τὰ
3344 3206 3603 3279 ἡμέτερα,
3637 3210 3671 3275 ἦ
3715 3208 3903 3261 καθαί-

2252 3318 2411 3373 ρηται
2441 3300 2568 3371 (20)·
2601 3295 2745 3351 ἀλλὰ
2775 3296 3005 3371 χρυσὸν,
3040 3294 3299 3372 ἄργυρον,
3333 3293 3521 3357 λίθους
3552 3294 3799 3368 τιμίους,
3844 3297 3909 3355 τὰ

2258 3388 2487 3459 μένοντα
2516 3387 2603 3440 καὶ
2635 3385 2918 3458 ἱστάμενα.

488 3475 813 3548 gnitionem
863 3474 1289 3531 attrahentes”
1325 3476 1705 3533 fundamento
1735 3478 1870 3534 fidei
1914 3481 2410 3550 superstruentes,
2462 3493 2575 3531 non
2625 3476 2873 3549 lignum,
2930 3492 3042 3531 non
3092 3476 3316 3545 fenum,
3364 3492 3477 3531 non
3532 3475 3815 3546 stipulam
3845 3478 3911 3539 υ,

489 3563 673 3618 levem
706 3563 1012 3619 materiam
1046 3562 1332 3633 facileque
1362 3566 1847 3633 consumendam,
1876 3583 2011 3622 cum
2043 3566 2299 3622 actiones
2331 3569 2541 3622 nostra;
2574 3565 2705 3636 igne
2727 3563 3175 3636 judicabantur,
3200 3568 3300 3619 aut
3330 3564 3771 3637 purgabantur;
3807 3565 3904 3619 sed

493 3668 727 3717 aurum,
760 3655 1092 3724 argentum,
1126 3652 1351 3723 lapides
1382 3653 1692 3724 pretiosos,
1728 3671 1820 3711 res
1850 3655 2050 3710 ﬁrmas
2085 3661 2142 3709 et
2171 3653 2435 3710 stabiles.

569 3741 667 3797 72
696 3740 844 3796 VIII.
880 3741 1008 3795 Haec
1048 3738 1222 3795 velim
1276 3739 1525 3809 faciatis,
1573 3746 1747 3813 atque
1795 3742 2141 3813 bujusmodi

496 3845 604 3884 nos
624 3827 863 3884 honoris
884 3842 1093 3899 genere
1114 3826 1607 3899 complectamini,
1633 3829 1751 3885 sive
1773 3832 2147 3887 sermonibus

498 3916 715 3974 nostris
738 3916 964 3987 adsitis,
991 3915 1113 3971 sive
1142 3915 1349 3972 abesse
1389 3916 1625 3986 malitis,
1652 3918 1774 3975 sive
1810 3919 2143 3976 orationum

495 4010 831 4062 nostrarum
863 4002 1179 4076 cupiditate
1198 4004 1518 4075 ducamini,
1537 4005 1656 4061 sive
1678 4007 1820 4079 quid
1842 4007 2002 4064 aliud
2034 4009 2141 4064 hu-

486 4095 591 4165 jus
621 4094 702 4149 rei
732 4093 928 4150 studio
959 4092 1262 4165 antiquius
1294 4093 1556 4150 habeatis
1582 4113 1595 4150 :
1621 4112 1687 4151 ac
1718 4095 1825 4152 filii
1856 4098 1952 4153 Dei
1988 4098 2138 4170 puri,

492 4186 549 4237 et
578 4182 705 4237 sine
732 4180 1202 4253 reprehensione,
1226 4182 1286 4237 in
1318 4182 1509 4239 medio
1541 4200 1732 4255 prava
1761 4201 1827 4241 ac
1859 4201 2140 4257 perversa:

2324 3743 2401 3797 ΙΓ.
2434 3745 2608 3795 Ταῦτα
2658 3738 2972 3813 πράσσοιτε,
3023 3740 3113 3795 καὶ
3163 3740 3376 3801 τούτοις
3424 3743 3570 3812 ἡμᾶς
3601 3743 3717 3812 (21)
3750 3738 3913 3811 δοξά-

2260 3835 2401 3899 ζοιτε
2430 3826 2535 3884 εἷ’τε
2583 3829 2843 3905 παρόντες
2895 3828 3001 3885 sifts
3045 3829 3303 3897 ἀπόντες,
3356 3826 3463 3883 sifts
3521 3830 3916 3902 μεταποιούμε-

2253 3939 2336 3974 νοι
2363 3923 2468 3973 τῶν
2498 3918 2779 3993 ἡμετέρων
2835 3918 3036 3993 λόγων,
3090 3916 3197 3972 εἶ’τε
3250 3917 3391 3973 ἄλλο
3422 3921 3533 3992 (‘22)
3565 3940 3614 3971 τι
3647 3915 3914 3995 προτιμό-

2251 4028 2404 4083 τερον
2459 4008 2701 4082 ἄγοντες·
2748 4006 2836 4061 καὶ
2891 4006 3133 4082 γίνοισθε
3177 4009 3292 4081 (23)
3340 4006 3497 4061 τέκνα
3541 4012 3675 4062 Θεοῦ
3706 4009 3912 4083 καθαρὰ

2251 4095 2339 4150 καὶ
2368 4095 2672 4168 ἀμώμητα,
2706 4095 2758 4149 ἐν
2814 4094 2962 4168 μέσῳ
2990 4102 3173 4171 γενεᾶς
3226 4094 3448 4157 σκολιᾶς
3490 4095 3580 4149 καὶ
3613 4094 3907 4172 διεστραμ-

2255 4186 2440 4258 μένης
2475 4186 2565 4240 καὶ
2603 4187 2677 4258 μὴ
2715 4184 3106 4262 περιπλέκοιτο
3140 4186 3265 4258 ὑμῖν
3314 4185 3383 4240 τὰ
3423 4189 3529 4239 τῶν
3576 4183 3767 4257 κύκλῳ
3820 4206 3912 4239 πε-

562 4305 606 4380 f}
637 4303 813 4380 I_Cor.
865 4321 949 4375 ιιι,
1130 4303 1342 4380 “[1831L
1365 4322 1422 4372 v,
1474 4307 1524 4361 1.
1600 4308 1645 4341 "
1675 4307 1923 4364 Philem.
1975 4310 2065 4365 12.
2143 4320 2144 4342 ³

2294 4311 2419 4367 Cor.
2473 4326 2549 4380 ιν,
2602 4309 2687 4365 15.
2767 4310 2812 4345 ³⁸
2843 4309 2983 4365 Luc.
3035 4326 3135 4379 vn,
3187 4310 3276 4365 43.
3356 4311 3399 4345 ³⁷
3444 4310 3612 4367 Rom.
3664 4328 3766 4378 xu,
3820 4313 3907 4366 11.

490 4376 533 4411 ³⁸
566 4373 716 4431 Psal.
750 4373 944 4443 cxvm,
979 4376 1102 4430 131.
1179 4376 1226 4410 ²⁹
1257 4376 1279 4432 Ι
1305 4375 1430 4432 Cor.
1466 4395 1550 4446 Ill,
1586 4380 1672 4446 11,
1708 4381 1796 4437 12.

561 4515 976 4599 (4)_Xgpt2;scﬁs.
1036 4518 1176 4574 Tres
1233 4519 1411 4592 Regg.
1459 4520 1791 4595 χαρίζοισθε.
1844 4523 2004 4580 Colb.
2060 4543 2139 4593 m,

2261 4524 2337 4580 cis
2395 4540 2663 4599 sermone
2722 4522 2998 4595 pietatem
3049 4525 3366 4596 jactantes,
3398 4524 3607 4597 majori
3637 4542 3705 4581 ex
3742 4532 3908 4599 parte

493 4590 827 4718 χαέίζεσθαι.

555 4664 572 4718 (
617 4668 633 4718 l
662 4660 827 4718 Οὓς...

555 4657 834 4736 (5)0114...
886 4657 1183 4736 ἐγέννησεν.
1217 4681 1246 4709 ‹‹
1301 4668 1341 4713 Α
1379 4678 1561 4732 quo...
1611 4666 1797 4736 geniti
1849 4683 2079 4722 sumus.
2116 4690 2142 4717 ››

486 4730 589 4811 Sic.
610 4730 864 4811 profecto
894 4730 1263 4811 vertendum,
1297 4730 1414 4787 non
1448 4730 1699 4811 νοι-οδω.
1730 4736 1954 4808 Billius,
1984 4760 2011 4789 ‹‹
2042 4756 2143 4809 ge-

486 4805 592 4862 niti
612 4803 767 4877 'est_is
782 4821 834 4872 ς»
857 4803 1120 4877 alioquin
1139 4824 1167 4851 ‹‹
1193 4806 1525 4877 communis
1546 4803 1761 4877 parens
1779 4830 1808 4858 »
1824 4803 1949 4865 non
1963 4803 2136 4867 esset.

575 4878 630 4948 6)
661 4872 928 4948 Αξδεῖσθι.
946 4872 1011 4948 _«_
1028 4873 1414 4948 Reveremini.
1442 4898 1470 4925 ›ι

575 4880 630 4948 6)
661 4880 928 4931 Αἱδεῖσθι.
963 4897 992 4925 ‹‹
1028 4880 1414 4930 Reveremini.
1442 4898 1470 4925 ›ι

552 4880 881 5037 ’ρλεξρκ
914 4944 1203 5037 Nonnulli
1222 4941 1410 5037 πλέοη
1584 4949 1710 5005 Bas.
1745 4946 2026 5005 πλεῖστον.

551 5016 628 5092 (8)
652 5016 975 5096 Ὀφείλεται.
1008 5022 1131 5072 Duo
1165 5017 1349 5090 Regii,
1382 5016 1647 5093 ὀφείλετε.

551 5092 629 5174 (9)
661 5088 1013 5174 ’Υποχρὲους.
1054 5108 1076 5137 ι
1109 5089 1233 5153 Qua
1264 5106 1365 5145 vos
1414 5092 1729 5149 obstrictos
1780 5108 1910 5148 mea
1941 5093 2129 5149 chari-

481 5167 599 5218 tate
628 5167 845 5219 acoeoi.
872 5185 900 5213 υ

548 5180 599 5218 ιθ
628 5180 764 5219 acce
807 5180 845 5218 1.
872 5185 900 5213 ι»

548 5234 661 5305 (10)
719 5180 986 5287 Δΐδεῖσθι.
1038 5252 1067 5281 ‹‹
1119 5229 1410 5288 Honorem
1483 5232 1770 5290 habeatis.
1816 5256 1843 5283 ››

476 5326 504 5354 ‹‹
532 5302 851 5361 habebitis.
878 5326 908 5355 ››

542 5376 653 5446 (11)
685 5374 887 5431 Πίστιν.
925 5396 953 5426 ‹‹
983 5374 1205 5430 Fidem.
1229 5396 1260 5446 ξ)
1310 5374 1516 5431 Billius
1568 5376 1730 5431 addit
1761 5392 1776 5430 :
1802 5398 1831 5427 «
1881 5376 2125 5436 minime

474 5445 734 5517 dubiam,
761 5469 789 5497 »
822 5464 952 5519 quae
980 5463 1114 5502 cum
1149 5465 1179 5502 a
1213 5445 1407 5502 Graeco
1440 5448 1653 5513 absint,
1686 5446 2030 5505 delevimus.

540 5518 651 5591 (12)
682 5518 944 5591 Ὥστεξτι.
975 5519 1067 5574 Sic
1086 5524 1355 5591 quatuor
1387 5518 1653 5591 Regii,_et
1683 5520 1927 5591 totidem
1960 5521 2120 5581 Colb.

702 5590 795 5663 ᾮς
822 5586 937 5663 ἔστι
969 5586 1271 5663 μανθᾶνειις
1308 5590 1443 5663 Reg.
1565 5588 1700 5663 ὥστε
1730 5588 1812 5645 τό.

537 5662 649 5734 (13)
674 5660 887 5737 Ὀλίγα.
914 5658 1052 5734 Reg.
1081 5679 1137 5734 g,
1165 5658 1359 5735 ὀλίγῳ.
1384 5658 1675 5716 ςὶο⁷νθιιιὶὶ
1697 5661 1893 5716 Comb.
1923 5685 1946 5713 α
1974 5667 2117 5720 Pau-

1894 5234 2127 5305 Billius,

2256 4612 2428 4668 opere
2459 4596 2855 4668 praeferentes.
2882 4618 2909 4645 ››

2352 4664 2811 4739 1Α4)’Νομοθέτην.
2845 4667 2982 4738 Reg.
3000 4668 3069 4739 A1,
3102 4664 3290 4739 νόμον.

2466 4734 2640 4791 Αὐτόν
2652 4782 2663 4793 .
2694 4738 2850 4811 Reg.
2869 4734 3128 4811 y,'a61:rbv
3140 4780 3152 4792 .

2347 4811 2432 4936 16‘)
2464 4812 2692 4870 Ζῶντες.
2726 4809 2931 4865 ΒίΙΙίὺε
2963 4810 3021 4864 in
3064 4826 3252 4881 marg.
3300 4810 3446 4865 forte
3479 4810 3709 4877 ζέοντες,
3740 4832 3767 4861 «
3792 4811 3905 4883 spi-

2347 4899 2366 4936 J
2424 4885 2707 4936 erventes.
2743 4902 2765 4931 ι

2252 4882 2366 4937 ritu
2401 4882 2707 4937 ferventes.
2743 4902 2765 4931 ι

2317 4955 2431 5026 (17)
2461 4954 2847 5026 Στοιχοῦντες.
2872 4975 2900 5003 ‹‹
2936 4952 3295 5023 Incedentes,
3319 4973 3349 5001 »
3387 4968 3490 5008 seu
3522 4976 3549 5003 «
3587 4952 3896 5009 ambulan-

2247 5023 2352 5079 tes.
2381 5023 2421 5074 ››’
2441 5023 2639 5079 ϐαιειῐξ
2657 5040 2713 5087 v,
2745 5024 2836 5079 25.

2314 5096 2428 5167 (18)
2457 5093 2663 5167 Τοότῳ.
2698 5095 2834 5167 Reg.
2869 5111 2923 5161 a,
2955 5090 3186 5167 τούτων.

2312 5162 2423 5237 (19)
2452 5162 2660 5220 Ξύλον.
2708 5162 2962 5237 Septem.
2998 5164 3207 5237 Reggi,
3235 5169 3486 5237 quatuor
3533 5166 3717 5235 Colb.,
3771 5168 3889 5223 Jes.

2239 5232 2561 5305 ξύλα.’ΜοΧ
2594 5237 2668 5311 μὴ
2702 5232 2908 5311 χόρτον
2945 5254 3048 5307 pro
3082 5232 3225 5311 {138%
3253 5232 3476 5310 χόρτον.

2454 5308 2816 5383 Καθαίρηται.
2847 5309 3022 5383 Abest
3057 5325 3091 5362 a
3118 5308 3338 5383 Reg.

2330 5382 2421 5451 21)
2488 5376 3030 5452 Ἡμᾶςδοξάζοιτε.
3103 5376 3232 5435 Ι)υό
3292 5378 3451 5436 Colb.
3522 5377 3661 5452 ὑμᾶς
3739 5376 3890 5451 δοξά-

2235 5470 2401 5506 σοιτε.

2305 5525 2417 5595 (22)
2450 5518 2732 5595 "Anon.
2766 5521 2860 5578 Sic
2891 5527 3149 5595 quatuor
3177 5521 3361 5593 Regii,
3396 5525 3504 5595 etc.

2302 5592 2413 5668 (25)
2446 5593 2705 5668 Γίνοισθε.
2741 5592 2993 5668 Regfa,
3040 5593 3199 5650 Colb.
3251 5592 3333 5663 ὣ,
3380 5593 3645 5668 γένοισθε.
3682 5592 3889 5649 Billius

2227 5682 2296 5721 ex
2312 5664 2454 5721 'Elia
2482 5664 2721 5737 γινώσκη
2731 5664 2838 5720 σθε.
