4202 6212
292 331 416 390 525

1019 330 1314 392 ORATIO
1358 330 1463 391 IV.
1497 363 1575 374 —
1606 327 1920 390 CONTRA
1963 323 2363 386 JULIANUM
2406 324 2454 386 Ι.
2487 359 2566 369 --
2599 325 2991 390 MONITUM.

3597 333 3717 392 526

290 457 669 533 ριπατούντων
717 453 925 514 ἀσεϐῶν
974 459 1212 534 σχοινία,
1266 457 1406 533 μηδὲ
1461 465 1663 536 σειραῖς
1709 463 1816 512 τῶν
1873 457 1950 510 o't-

2063 455 2451 527 generationis
2466 457 2811 514 efficiamini
2824 460 2868 506 ³ο
2885 477 2898 526 ;
2915 474 3106 531 neque
3120 459 3717 534 unquamimpiorum

289 548 456 603 κείων
488 551 602 621 (34)
624 550 901 624 ἁμαρτιῶν
929 549 1396 627 περισφίγγοισθε,
1453 548 1594 621 μηδὲ
1649 554 1764 608 ταῖς
1817 548 1948 623 βιω-

295 643 478 699 τικαῖς
523 637 809 711 μερίμναις
841 659 1202 712 συμπνιγοιτο
1237 639 1362 710 ὑμῖν
1395 639 1422 692 ὁ
1456 636 1620 714 λόγος
1668 639 1802 710 (25),
1861 633 1948 689 καὶ

290 727 534 801 ἄκαρποι
568 725 824 802 γένοισθε·
886 725 1008 782 ἀλλ’
1041 725 1152 799 ὁδῷ
1207 728 1526 796 πορεύοισθε
1569 730 1682 800 (26)
1736 722 1948 801 βασιλι-

285 814 385 890 κῇ,
425 817 501 888 μὴ
533 815 864 877 ἐκκλίνοντες
897 818 1008 890 (27)
1057 816 1132 877 εἷς
1183 813 1347 885 δεξιᾶ,
1402 814 1542 888 (milia
1575 815 1648 876 εἷς
1675 814 1948 888 ἀριστερὰ,

287 905 384 958 καὶ
432 901 522 957 διὰ
561 907 660 973 τῆς
708 907 896 972 στενῆς
945 904 1020 966 ὡς
1071 903 1328 966 πλατείας
1383 905 1483 959 ὑπὸ
1512 909 1609 958 τοῦ
1643 903 1952 974 [Ινεύματος

292 992 657 1068 ὁδηγούμενοι
695 1012 706 1024 ο
759 993 847 1047 καὶ
897 993 960 1047 τὸ
1008 994 1275 1068 ἡμέτερον
1326 993 1381 1048 εὗ
1421 990 1641 1067 ἕξεινῦν
1669 1013 1726 1048 τε
1754 991 1843 1046 καὶ
1876 989 1950 1052 εἷς

287 1084 394 1150 τήν
457 1081 658 1145 ἐκεῖθεν
717 1081 970 1152 ἐξέτασιν,
1028 1081 1080 1137 ἐν
1141 1087 1357 1156 Χριστῷ
1408 1083 1586 1154 Ἰησοῦ
1643 1087 1721 1154 τῷ
1774 1079 1952 1156 Κυρίῳ

2058 546 2117 601 in
2150 546 2399 602 circuitu
2444 547 2876 604 ambulantium
2919 551 2962 584 ³1
2999 549 3240 606 funibus
3288 551 3580 624 impliciti,
3615 559 3717 609 aut

2060 639 2429 707 peccatorum
2468 641 2794 693 vestrorum
2839 638 3056 694 catonis
3089 640 3386 696 constricti
3413 642 3460 676 33
3511 647 3712 699 tenea-

2061 723 2227 792 mini,
2254 740 2356 778 nec
2387 725 2640 796 denique
2670 727 3074 795 committatis,
3101 734 3166 783 ut
3185 729 3361 799 hujus
3395 735 3529 786 νιιῖε
3551 733 3713 787 curis

2061 814 2294 868 divinus
2324 829 2516 868 sermo
2548 814 2889 882 suffocatur,
2921 832 3141 890 vosque
3174 818 3368 873 fructu
3399 821 3646 876 careatis
3667 823 3712 857 ³³

2062 904 2202 972 quin
2227 902 2445 974 potius,
2468 903 2562 957 via
2588 902 2745 974 regia
2775 904 3077 974 incedatis,
3101 923 3205 961 nec
3225 908 3294 962 ad
3325 908 3585 964 dextram
3605 927 3711 966 nec

2063 992 2134 1047 ad
2167 991 2465 1047 sinistram
2497 992 2873 1047 deﬂectentes
2905 995 2969 1062 3‘,
3005 1011 3070 1049 ac
3116 1011 3219 1066 per
3247 1003 3564 1068 angustum
3596 1004 3712 1054 tra-

2063 1081 2264 1136 mitem
2288 1081 2457 1151 quasi
2481 1097 2582 1152 per
2605 1079 2781 1136 latam
2810 1081 2960 1137 viam
2980 1083 3044 1150 ³⁵,
3067 1084 3215 1139 duce
3247 1086 3463 1156 Spiritu
3486 1089 3713 1159 gradia-

289 1174 474 1243 ἡμῶν·
510 1169 556 1242 ᾧ
585 1173 619 1241 ἡ
654 1168 779 1244 δόξα
812 1171 888 1234 εἷς
919 1169 1046 1234 τοὺς
1080 1172 1300 1234 αἰῶνας.
1337 1173 1533 1245 Ἀμήν.

2063 1169 2229 1224 mini.
2275 1173 2394 1225 Hoc
2443 1169 2493 1225 si
2543 1169 2814 1240 feceritis,
2846 1170 3122 1242 praeclaro
3171 1177 3328 1229 statu
3377 1191 3470 1230 res
3506 1182 3713 1233 vestras

292 1266 490 1330 erunt,
516 1278 648 1317 cum
698 1262 758 1318 in
790 1262 899 1318 hac
929 1261 1066 1332 vita,
1098 1267 1226 1320 tum
1258 1264 1317 1320 in
1347 1263 1591 1320 alterius
1621 1260 1819 1318 saeculi
1851 1276 2118 1328 censura,
2158 1259 2217 1313 in
2267 1259 2495 1315 Christo
2545 1259 2686 1316 Jesu
2734 1260 2981 1317 Domino
3027 1266 3225 1318 nostro
3252 1278 3264 1317 :
3299 1264 3392 1319 cui
3439 1263 3624 1335 gloria
3655 1267 3715 1322 in

290 1351 526 1406 saecula.
557 1353 766 1408 Amen.

361 1460 408 1492 ³ο
437 1458 690 1530 Philipp.
728 1475 789 1528 ιι,
825 1460 911 1514 15.
991 1459 1030 1494 ³¹
1055 1459 1208 1516 Psal.
1238 1476 1316 1530 x1,
1339 1461 1394 1516 9.
1471 1461 1518 1494 ³³
1550 1460 1711 1517 Prov.
1741 1476 1798 1528 v,
1820 1459 1908 1513 22.

2063 1456 2263 1513 Matth.
2295 1473 2418 1527 xm,
2449 1458 2537 1511 22.
2619 1458 2665 1492 3‘
2685 1457 2859 1513 Num.
2893 1475 3008 1529 xxx,
3031 1462 3119 1514 22.
3196 1460 3242 1494 ⁸³
3262 1459 3466 1516 Matth.
3492 1477 3592 1532 vn,
3624 1462 3715 1518 l3-

364 1566 478 1636 (24)
510 1562 763 1637 ῌῖκείων.
792 1565 939 1637 Reg.
974 1565 1016 1635 1,
1055 1561 1226 1620 ἷδῑων.

265 1649 332 1713 ’μ
508 1635 742 1713 Ὑμῖνίρ
768 1633 1008 1713 ,λργὴοςᾹ
1038 1637 1178 1713 Reg.
1240 1637 1281 1706 Ι,
1333 1636 1482 1712 ὑμῶν
1535 1637 1564 1691 ὁ
1634 1636 1901 1713 Λογισμὸς
1936 1654 1949 1669 ·

290 1707 454 1763 Colb.
489 1722 569 1776 ω,
601 1706 730 1780 ὑμῖν
761 1706 789 1760 ὁ
823 1706 1115 1780 λογίσμός.

367 1780 480 1850 (26)
521 1777 870 1852 Πορεύοτσθε.
904 1777 1047 1853 Reg.
1080 1797 1141 1848 u,
1176 1777 1485 1856 πορεύεσθε·

2133 1564 2245 1642 (27)
2273 1563 2366 1642 Μὴ
2424 1560 2782 1642 ἐκκλίνον-τες.
2834 1566 2898 1642 In
2929 1565 3096 1642 _lteg.
3155 1584 3215 1642 _u,
3239 1641 3256 1642 γ
3283 1567 3344 1642 in
3376 1584 3562 1640 marg.
3614 1587 3715 1642 779.

2068 1634 2149 1712 pa“,
2177 1633 2708 1712 ἐκκλίνοντες-δήια,
2747 1633 2887 1712 (inde
2919 1633 3380 1712 ἀρισξεράξϐοη).
3413 1656 3471 1694 m
3503 1633 3586 1696 §ic
3612 1633 3716 1696 lia-

2065 1711 2162 1762 bet
2192 1707 2251 1762 in
2282 1711 2464 1764 textu.
2507 1708 2646 1780 Reg.
2679 1708 2720 1777 l,
2750 1706 2788 1777 ἤ
2823 1706 3094 1784 ἀρισσὲερά.

1010 2043 1568 2133 MONITUM
1624 2046 1740 2131 IN
1797 2042 2458 2132 ORATIONES
2513 2045 2634 2131 IV
2691 2045 2835 2130 ET
2893 2045 3007 2129 V.

385 2330 561 2410 ³131.
595 2330 731 2410 Non
765 2327 1078 2410 obscurus,
1118 2332 1258 2410 est,
1299 2352 1327 2385 ι
1358 2333 1430 2389 ut
1459 2346 1602 2410 cum
1631 2329 1861 2390 Basilio
1917 2329 2144 2409 loquor
2201 2329 2347 2410 (ΞΒ),
2387 2353 2417 2386 ‹‹
2478 2330 2744 2390 oratoris
2799 2347 3026 2408 scopus
3057 2347 3069 2388 :
3106 2329 3338 2408 quippe
3396 2330 3504 2408 qui
3555 2332 3718 2408 Apo-

293 2413 488 2468 statae
529 2409 920 2487 impietatem
977 2409 1248 2488 publice,
1312 2410 1492 2488 quasi
1547 2409 1612 2468 in
1669 2410 1964 2470 columna
2017 2409 2353 2488 sculptam,
2414 2411 2675 2470 infamia
2731 2415 2930 2470 notat.
2995 2413 3117 2470 Nec
3174 2410 3514 2488 designatis
3570 2417 3712 2470 tan-

297 2489 628 2550 tummodo
685 2489 764 2548 ab
823 2507 897 2550 eo
947 2490 1285 2550 sceleribus
1316 2489 1484 2550 hunc
1542 2490 1720 2568 petit,
1779 2491 1886 2550 sed
1942 2491 2094 2569 ipsis
2169 2491 2356 2550 etiam
2414 2491 2576 2562 ferit,
2643 2491 2872 2569 quibus
2927 2490 3032 2551 ille
3080 2490 3276 2551 veluti
3331 2491 3711 2568 quibusdam

299 2569 427 2628 alis
484 2570 564 2629 ad
623 2570 850 2630 cmlum
911 2588 1109 2648 usque
1163 2569 1370 2630 efferri
1441 2569 1558 2630 sibi
1635 2570 1960 2630 videbatur
1994 2619 2007 2644 ,
2071 2571 2299 2631 fabulis
2337 2617 2351 2642 ,
2411 2571 2687 2631 historiis
2753 2571 3112 2648 dolosisque
3163 2570 3662 2649 sophismatibus
3696 2617 3709 2644 ,

311 2649 666 2731 praestigiis,
710 2650 1050 2731 (sacriﬁciis
1083 2695 1100 2724 ,
1161 2649 1615 2731 fraudibusque
1672 2651 2031 2711 daemonum
2087 2657 2149 2712 et
2205 2651 2520 2726 oraculis,
2585 2670 2726 2730 quae
2761 2697 2776 2723 ,
2837 2669 2948 2731 per
3004 2669 3316 2711 summam
3375 2653 3710 2711 adversum

313 2749 432 2789 nos
460 2736 524 2789 et
578 2729 891 2790 Christum
948 2729 1268 2810 injuriam,
1327 2730 1674 2791 eructabat.
1735 2731 2078 2792 Abundans
2133 2739 2345 2792 autem
2401 2737 2462 2791 et
2517 2729 2689 2792 varia
2729 2729 2855 2791 illa'
2896 2737 3030 2791 tota
3088 2731 3353 2792 materia
3407 2749 3548 2791 cum
3607 2731 3709 2800 sit,

311 2810 562 2891 varium
618 2827 870 2891 quoque
925 2828 998 2870 ac
1055 2809 1688 2891 multiplexdicendi
1743 2829 1940 2889 genus
1989 2818 2051 2872 et
2105 2812 2439 2872 artiﬁcium
2496 2813 2684 2872 Pater
2738 2811 3018 2872 adhibet.
3051 2810 3441 2891 Panegyrico
3499 2811 3711 2881 modo,

310 2889 505 2950 modo
536 2889 848 2968 judiciali,
905 2896 1040 2950 tum
1099 2889 1507 2952 deliberativo
1565 2891 1813 2952 dicendi
1872 2910 2098 2971 genere
2156 2892 2522 2971 procedens,
2583 2893 2648 2951 in
2704 2910 2980 2964 omnem,
3040 2889 3392 2970 quam'ars
3427 2893 3713 2971 patitur,

307 2971 582 3030 formam
613 2989 746 3030 sese
776 2971 984 3043 vertit,
1018 2976 1088 3031 ut
1115 2971 1393 3032 varietur
1418 2971 1641 3032 oratio.
1674 2995 1706 3025 »

394 3051 470 3110 Il.
506 3050 854 3111 Geminastc
912 3058 1132 3113 contra
1199 3051 1514 3113 Julianam
1563 3076 1591 3106 »
1651 3051 1995 3113 invectivas
2066 3051 2283 3130 primis
2335 3052 2618 3130 pueritia
2675 3070 2803 3112 suae
2861 3051 3250 3130 temporibus
3308 3070 3346 3112 a
3415 3050 3716 3129 Gregorio

308 3130 580 3211 scriptas
627 3131 1028 3211 Camerarius
1083 3131 1498 3204 existimavit;
1561 3132 1731 3210 quod
1789 3133 2066 3210 quidem,
2126 3141 2196 3191 ut
2252 3133 2488 3210 optime
2541 3133 2835 3193 observat
2914 3132 3157 3204 Billius,
3192 3132 3430 3211 respuit
3484 3131 3716 3191 oratio-

307 3210 410 3269 nis
465 3210 740 3288 gravitas
798 3213 1172 3290 pondusque
1227 3213 1704 3286 sententiarum,
1739 3220 1931 3290 atque
1987 3214 2176 3273 etiam
2235 3212 2579 3272 certissime
2636 3217 2892 3273 narrata
2947 3212 3180 3272 ibidem
3239 3210 3557 3291 Apostata:
3614 3213 3713 3270 fu-

307 3296 515 3374 nesta
550 3293 1200 3374 morsgetgexsequim
1256 3293 1571 3374 (29)-Αο
1641 3298 1807 3352 certe
1881 3294 2015 3372 jam
2078 3293 2336 3352 Athenis
2395 3293 2727 3374 Gregorius
2802 3311 2969 3353 anno
3027 3293 3273 3374 circiter
3329 3311 3459 3353 suae
3519 3291 3721 3352 aetatis

309 3370 651 3445 tricesimo,
710 3371 788 3432 de
839 3370 1327 3451 Juliano,quem
1361 3370 1478 3433 ’ibi
1532 3370 1897 3433 versantem
1941 3378 2146 3444 norat,
2209 3379 2338 3434 tam
2392 3373 2554 3433 male
2614 3391 2802 3450 quam
2861 3390 3006 3432 vere
3062 3373 3400 3446 ominatus,
3436 3391 3716 3433 excesse-

307 3456 434 3532 rat.
471 3452 610 3532 Mox
661 3451 792 3524 illa,
829 3459 897 3512 ut
953 3452 1233 3531 loquitur
1291 3452 1438 3532 (30),
1497 3459 1824 3530 grassante
1907 3477 1933 3507 «
1995 3453 2225 3524 bellua,
2289 3474 2317 3509 »
2381 3453 2679 3513 eximium
2743 3477 2774 3508 «
2831 3456 2918 3513 De
2976 3453 3340 3513 Sacerdotio
3396 3477 3425 3508 »
3487 3453 3719 3513 librum

306 3529 678 3612 elaborabat
731 3549 747 3604 ;
800 3550 914 3592 nec
969 3529 1118 3611 ergo
1201 3529 1409 3610 potuit
1465 3529 1579 3592 has
1637 3539 1931 3612 utrasque
1993 3534 2308 3594 orationes
2386 3534 2780 3594 conscribere
2815 3579 2830 3607 ,
2888 3532 3009 3593 nisi
3060 3540 3396 3612 postquam
3453 3533 3714 3611 ejurata

307 3611 1155 3692 religionisimpietatisque
1213 3632 1431 3692 pmnas
1490 3618 1792 3692 Apostata
1834 3611 1986 3674 luit.
2045 3613 2328 3673 Mortuus
2384 3620 2479 3673 est
2517 3613 2752 3674 scilicet
2803 3631 2878 3674 ea
2933 3611 3138 3687 nocte,
3173 3631 3315 3692 quae
3371 3632 3538 3674 anno
3570 3616 3710 3685 363,

307 3691 476 3751 diem
505 3691 677 3752 Junii
708 3692 1066 3753 vicesimam
1100 3691 1339 3753 sextam
1399 3691 1561 3754 cum’
1597 3694 1893 3755 vicesima
1948 3693 2216 3772 septima
2270 3693 2726 3754 committebat.
2760 3696 2883 3753 Nec
2912 3693 3001 3753 ita
3059 3691 3259 3753 multo
3319 3700 3480 3772 post,
3516 3693 3708 3753 adeo-

310 3790 434 3850 que
487 3777 555 3832 ut
611 3772 859 3833 videtur
893 3819 906 3844 ,
968 3773 1218 3833 labente
1273 3792 1440 3834 anno
1496 3775 1606 3835 36!
1650 3820 1663 3847 ,
1723 3774 1893 3852 quod
1948 3774 2222 3833 ostendit
2273 3775 2424 3833 satis
2478 3773 2833 3835 Steleuticae
2921 3773 3146 3852 prioris
3229 3773 3591 3852 exordium,
3635 3789 3708 3831 ac

309 3852 676 3932 posterioris
731 3852 1015 3926 clausula
1049 3899 1064 3925 ,
1126 3855 1462 3932 Gregorius
1545 3853 1609 3912 in
1693 3851 1874 3914 Penti
1979 3853 2384 3913 solitudinem
2460 3855 2644 3914 tertio
2737 3851 3074 3926 secedens,
3162 3853 3288 3931 (31)
3372 3871 3495 3913 non
3574 3851 3708 3930 jam

312 3956 341 3985 α
380 3931 598 4009 Augiae
627 3933 944 3993 stabulum
977 3957 1006 3987 »
1044 3951 1168 3994 una
1215 3952 1358 3994 cum
1413 3934 1666 4004 Basilio,
1701 3951 1824 3994 non
1863 3957 1893 3989 «
1924 3933 2273 4011 plaustrum
2310 3957 2340 3988 »
2375 3934 2618 3993 curavit
2669 3939 2780 3993 aut
2814 3958 2843 3988 ‹‹
2901 3936 3226 4012 platanum
3284 3932 3406 4012 (3'2)
3440 3950 3454 4004 ;
3493 3954 3520 3988 »
3586 3949 3711 4012 non

313 4035 345 4066 (ι
404 4012 646 4090 lapides
728 4013 1088 4091 quoslibet,
1151 4015 1260 4074 sed
1333 4036 1363 4070 ‹‹
1421 4013 1731 4074 herculeis
1813 4010 2240 4074 sublimiorem
2324 4013 2858 4092 insignioremque
2902 4010 3296 4072 _columnam
3361 4010 3393 4070 li
3477 4010 3714 4090 duplici

307 4109 504 4170 scopo
537 4091 768 4154 excidit
801 4101 862 4152 et
884 4096 1152 4167 ornavit,
1187 4111 1376 4172 quam
1438 4113 1563 4155 non
1621 4093 1729 4153 uni
1784 4094 2001 4167 ﬁxam,
2040 4093 2148 4154 sed
2203 4093 2374 4154 omni
2436 4093 2731 4153 mobilem
2760 4091 2902 4154 loco
2959 4111 3033 4152 ac
3090 4099 3393 4170 tempore,
3428 4097 3490 4151 et
3543 4100 3712 4172 Apo-

305 4177 492 4232 statae
547 4173 886 4234 sceleribus
923 4220 938 4247 ,
995 4181 1057 4235 et
1111 4171 1501 4252 poSterorum
1565 4173 1983 4235 admonitioni
2038 4180 2315 4234 statuere
2371 4173 2729 4250 cogitabat.
2792 4173 2861 4232 1d
2922 4190 3195 4250 namque
3243 4172 3580 4250 Gregorius
3637 4171 3714 4230 de

308 4253 749 4334 Orationibus,
802 4253 928 4334 suis
1025 4260 1397 4315 consecutus
1481 4259 1751 4334 est,rut
1825 4253 2098 4334 explosis
2180 4253 2517 4325 laudibus,
2580 4272 2737 4331 quas
2821 4255 2884 4313 in
2967 4253 3287 4313 Julianum
3369 4253 3713 4334 Eunapius,

311 4332 658 4405 Libanius,
719 4333 1011 4394 Callistus
1046 4382 1060 4408 ,
1121 4336 1456 4413 caeterique
1513 4333 1872 4395 adulatores
1907 4331 2242 4413 vperverse
2325 4339 2814 4411 congesserant,
2876 4339 3173 4394 aeternam
3237 4333 3502 4413 (nomini
3581 4331 3718 4410 ejus

310 4419 527 4472 notam
584 4413 863 4492 inureret
896 4459 911 4474 .
964 4415 1033 4474 In
1085 4413 1274 4491 hujus
1340 4412 1575 4476 laboris
1633 4433 1705 4474 ac
1761 4412 1978 4492 gloriae
2035 4415 2397 4475 societatem
2455 4413 2732 4492 aliquam
2793 4431 3018 4473 vocare
3066 4412 3357 4473 Basilium
3395 4458 3410 4485 ,
3444 4431 3518 4473 eo
3573 4430 3717 4473 cum

307 4493 584 4553 Baronio
616 4491 747 4572 (33)
776 4512 1066 4554 veremur
1097 4495 1321 4566 minus,
1356 4495 1546 4572 quod,
1583 4491 1796 4554 animo
1857 4502 2047 4572 atque
2105 4495 2293 4554 etiam
2352 4494 2491 4554 loco
2525 4491 2658 4552 tum
2717 4492 3056 4571 conjuncti,
3093 4493 3280 4554 ambo
3337 4493 3397 4552 in
3458 4493 3533 4552 iis
3564 4497 3720 4572 Ora-

307 4572 588 4654 tionibus
619 4571 793 4652 loqui
840 4575 1214 4634 videantur:
1255 4599 1284 4629 «
1316 4571 1451 4635 haec
1509 4574 1646 4646 tibi,
1687 4599 1713 4629 γι
1769 4571 1975 4654 inquit
2031 4573 2177 4653 (34),
2219 4595 2248 4632 α
2305 4572 2570 4634 Basilius
2626 4579 2688 4632 et
2745 4573 3080 4650 Gregorius
3138 4573 3549 4654 conatusrtui
3606 4571 3717 4632 ad-

307 4653 594 4723 versarii,
630 4662 749 4733 etc.
789 4677 817 4708 »
853 4656 1134 4733 Utroque
1193 4661 1358 4715 certe
1417 4661 1562 4715 sunt
1616 4655 1822 4732 dignae
1866 4653 1912 4710 ’«
1962 4655 2312 4726 Grationes,
2372 4671 2640 4732 quarum
2709 4654 3170 4724 excellentiam,
3208 4677 3236 4709 ι
3269 4653 3476 4732 inquit
3528 4655 3723 4712 Baro-

310 4734 453 4814 nius
485 4733 699 4814 (35),}:
730 4732 899 4794 haud
931 4732 1083 4794 satis
1111 4735 1302 4812 digne
1378 4742 1480 4795 74
1512 4736 1772 4795 laudare
1813 4741 2046 4814 queant
2091 4735 2422 4794 clarissimi
2478 4741 2800 4806 oratores;
2836 4752 3067 4812 easque
3124 4733 3401 4814 prudens
3457 4733 3724 4810 quisque

308 4813 541 4873 dixerit
586 4811 740 4874 duo
798 4815 1064 4874 fulmina
1147 4811 1374 4893 magno
1433 4833 1574 4874 cum
1633 4811 1881 4893 fragore
1939 4815 2248 4888 tonitrui,
2313 4815 2593 4876 veritatis
2652 4814 2793 4874 luce
2851 4811 3160 4886 corusca,
3217 4814 3282 4874 in
3337 4813 3721 4873 horrendum

311 4899 665 4954 monstrum
698 4894 906 4953 valido
938 4895 1177 4972 impetu
1209 4896 1456 4955 coalitus
1487 4895 1698 4956 missa.
1733 4917 1763 4953 ι)

391 4974 496 5034 Ill.
559 4975 895 5035 Facessant
949 4975 1163 5053 igitur,
1223 4981 1284 5035 et
1341 4975 1392 5034 si
1449 4976 1590 5054 quis
1645 4976 1850 5054 pudor
1883 5020 1897 5048 ,
1959 4975 2216 5035 latebris
2272 4992 2404 5035 sese
2460 4973 2776 5034 occultent
2835 4973 3148 5034 temerarii
3207 4973 3541 5051 scriptores
3574 5019 3588 5046 ,
3650 4991 3727 5032 ne

538 5101 654 5180 0‘5"
706 5100 910 5180 ἄδηλος
971 5105 998 5158 ὁ
1059 5099 1280 5180 σκοπάς.
1340 5101 1969 5180 Τὴν-τοῖξῄπαραϐάτου

308 5172 645 5251 στηλιλτεύων
688 5175 1321 5251 κακξανπκαιμῖτολλοξς
1368 5175 1524 5251 αὐτὸν
1576 5172 1800 5251 (Suillio!
1850 5181 1966 5238 τοῖς

309 5244 824 5320 ἐγχειρήμασιν·ἐού
862 5244 1131 5320 μονονδὶ,
1189 5246 1335 5301 ἀλλά
1364 5247 1453 5320 xui
1481 5244 1598 5308 τοῖς
1640 5246 1963 5320 αὐτοῦγπτε-

309 5316 428 5392 ροξξ
454 5316 965 5392 ῥιαταψξεύωνίοῖς
1108 5318 1308 5392 ἐκεῖνο-ς
1361 5318 1595 5391 ἐπήρθη,
1627 5318 1714 5372 καὶ
1753 5319 1963 5392 μύθοις,

305 5388 395 5466 irai
452 5388 739 5466 iﬂopiaiq,
789 5390 897 5466 νιοιὶΔ
930 5389 1224 5466 σοφίσμασι
1273 5388 1540 5464 δοΛεροῖς,
1585 5388 1867 5466 γοητείαις
1911 5388 1970 5444 τε

306 5459 396 5511 καὶ
449 5457 681 5532 θυσίαις,
732 5461 821 5515 καὶ
874 5457 1144 5536 δαιμδνών
1195 5457 1423 5536 ἀπᾴταις
1445 5457 1639 5536 fre/.1":
1663 5457 1966 5536 χρησμοῖς,

306 5538 443 5620 καθ’,
493 5529 774 5620 ﬁgi-1'):er
829 5532 916 5586 καί
972 5529 1208 5620 Χριστοξ
1276 5529 1575 5620 ἐξυϐρίσας,
1624 5529 1967 5620 ἐτὶξερύξατο.

307 5600 583 5678 Πλείσνής
619 5601 840 5678 Eetion:
869 5611 968 5673 τῆς
1001 5600 1140 5674 ὅλης
1193 5600 1574 5678 ὑποδὶειῂἐνηῤ
1629 5600 1803 5678 πολῦς
1833 5600 1970 5678 ἐστι

304 5678 386 5743 τῷ
415 5674 582 5750 πατρὶ
609 5674 698 5752 κάπὶ
731 5676 758 5730 δ
788 5682 909 5752 τῇς,
930 5678 1133 5752 τέχνης
1184 5674 1594 5752 measures-
1627 5678 1710 5746 Πῆ
1748 5677 1971 5752 ιέένῂίάρ

303 5743 723 5821 πανηγυρικῶς,
755 5743 924 5816 πήίδὲ
956 5743 1264 5818 δὶἶιανικῶξξ
1283 5743 1374 5818 ’ἆτὴ
1404 5743 1580 5804 δὲ’καὶ
1631 5743 1975 5821 συμϐουλεύ-

2001 5111 2047 5175 Β
2074 5109 2243 5181 me;
2272 5103 2506 5181 πρᾴεισι,
2535 5105 2672 5181 πιαςᾴ
2699 5109 2801 5158 πᾶν
2836 5102 2977 5167 εἶδος
3015 5111 3116 5174 τῆς
3164 5103 3366 5180 τέχνης
3423 5103 3723 5181 στρεφόμε-

2078 5177 2170 5238 νός
2199 5197 2259 5231 τε
2286 5173 2375 5230 κάξ
2404 5173 2853 5248 ποίκιλλόμενος.

2154 5251 2263 5322 (29)
2295 5249 2421 5322 Vita
2451 5249 2621 5322 Greg.
2652 5256 2711 5322 et
2740 5265 2922 5304 carm.
2958 5266 2997 5319 1,
3028 5265 3082 5302 v.
3115 5248 3241 5304 241.

2148 5320 2260 5392 (30)
2292 5320 2388 5376 Or.
2424 5338 2476 5391 ν,
2511 5338 2567 5375 n.
2599 5321 2709 5384 24;
2744 5325 2886 5376 orat.
2922 5337 2984 5389 ιι,
3019 5338 3075 5374 n.
3107 5321 3196 5374 87-

2152 5393 2264 5460 (31)
2293 5396 2392 5462 Ep.
2426 5408 2482 5446 v.

2173 5464 2263 5532 32)
2294 5463 2396 5533 Ep.
2430 5479 2505 5518 vx.

2175 5535 2263 5604 33)
2306 5535 2434 5606 Bar.
2469 5533 2541 5588 ad
2572 5550 2792 5590 annum
2824 5534 2951 5602 363,
2991 5537 3033 5589 t.
3069 5533 3165 5605 IV,
3199 5551 3254 5606 p.
3292 5535 3413 5588 146.

2154 5605 2265 5675 (34)
2296 5605 2390 5660 Or.
2421 5621 2479 5671 v,
2513 5623 2571 5661 n.
2606 5606 2692 5660 40.

2154 5677 2266 5748 (35)
2299 5682 2452 5733 Ann.
2483 5677 2611 5744 363,
2641 5694 2698 5749 p.
2735 5677 2858 5732 144.
