4202 6212
304 423 429 482 529
1036 418 1325 477 ORATIO
1370 417 1474 477 IV.
1509 448 1588 460 --
1615 417 1927 478 CONTRA
1974 418 2369 482 JULIANUM
2414 422 2462 480 Ι.
2496 456 2574 466 ——
2608 423 3002 484 MONITUM.
3609 421 3729 486 530

305 553 487 614 dium
518 556 729 635 autem
778 549 945 635 istud
1003 555 1242 612 tantam
1299 548 1623 635 Theologo
1679 549 2030 635 molestiam
2090 550 2322 635 attulit,
2367 561 2433 616 ut
2483 555 2761 635 quandiu
2823 554 3336 632 perseveraverit,
3370 572 3722 616 sermonem

308 651 569 694 onmem
622 631 976 713 abjecerit,
1021 647 1093 713 ac
1152 630 1843 713 neminiconcesserit.
1904 631 2048 691 Inde
2107 634 2390 713 sequitur
2444 630 2726 713 geminas
2791 630 2841 689 «—
2879 642 3098 695 contra
3153 637 3475 698 Julianum
3537 658 3564 693 υ
3628 637 3723 696 In-

307 714 589 773 vectivas
647 729 804 795 quas
864 710 1110 788 scripsit
1169 710 1503 795 Gregorius
1559 729 1684 788 quo
1744 715 2026 787 tempore
2065 712 2379 795 monachi
2440 710 2811 777 Nazianzeni
2869 715 2948 774 ab
3007 717 3302 795 episcopo
3373 735 3487 779 suo
3541 715 3722 776 dissi-

307 796 577 876 debant,
606 793 872 871 scriptos
905 790 1364 876 tantummodo,
1403 809 1527 850 non
1563 797 1772 876 autem
1808 808 2017 876 coram
2047 793 2360 876 frequenti
2397 799 2630 876 populo
2661 795 2930 855 habitas.

396 876 523 934 VII.
547 875 685 955 Jan]
743 870 894 932 vero
953 871 1134 955 quod
1179 872 1257 930 ad
1320 871 1668 931 Constantii
1700 870 1917 955 laudes
1948 870 2182 955 attinet
2214 920 2227 945 ,
2250 881 2322 955 _et
2351 870 2633 954 Gregorii
2664 879 2739 937 de
2771 891 2843 934 eo
2874 877 3208 953 praeconiis
3241 877 3453 955 plures
3512 875 3661 934 olim
3699 921 3714 943 ,

308 962 383 1015 ut
407 973 541 1032 jam
599 954 860 1024 dictum,
921 949 1139 1034 offensi
1197 959 1393 1022 sunt,
1454 957 1642 1029 atque
1701 953 1917 1034 etiam!
1951 952 2136 1012 hodie
2193 949 2590 1017 oti‘endentur
2641 975 2654 1028 ;
2715 949 2914 1033 eoque
2975 949 3284 1034 progressi
3342 961 3487 1018 sunt
3543 971 3716 1014 com-

307 1035 548 1114 plures,
611 1040 767 1094 teste
806 1033 1286 1115 _Baronioi(46),
1348 1039 1417 1091 ut
1465 1032 1842 1115 Gregorium
1904 1032 2578 1115 inverecundevatque
2637 1032 2986 1097 admodum
3066 1032 3298 1097 temere
3355 1040 3418 1097 in
3479 1036 3716 1095 crimen

308 1111 610 1176 vocarent
667 1113 933 1193 proditas
989 1111 1316 1193 veritatis.
1381 1134 1408 1169 »
1464 1111 1845 1190 Iniquiorem
1904 1118 2070 1173 certe
2127 1111 2511 1191 Catholicis,
2543 1125 2605 1178 et
2662 1117 2909 1176 Arianae
2995 1116 3302 1176 haereseos
3379 1115 3717 1177 defensori-

309 1198 429 1255 bus
480 1192 821 1254 l'aciliOrem
872 1211 938 1253 se
997 1192 1265 1271 praebuit
1319 1193 1740 1262 Constantius,
1802 1211 1990 1270 quam
2052 1199 2139 1274 uti
2179 1195 2483 1268 excusari,
2546 1198 2777 1258 nedum
2838 1196 3077 1256 absolvi
3136 1198 3370 1274 possit;
3432 1196 3717 1255 excusari

307 1285 525 1336 tamen
557 1281 618 1335 et
671 1274 923 1335 defendi
979 1280 1185 1356 potest
1231 1273 1587 1356 Gregorius,
1638 1274 1744 1351 qui
1799 1292 1938 1356 eum
2000 1273 2298 1334 laudavit.
2362 1277 2570 1338 Primo
2631 1274 2882 1356 quidem
2941 1273 3400 1337 observandum
3439 1285 3552 1348 est,
3589 1294 3714 1336 non

307 1363 488 1416 tanto
547 1356 716 1434 apud
775 1360 1024 1436 veteres
1069 1353 1212 1413 odio
1271 1353 1568 1436 ﬂagrasse
1616 1354 2072 1436 Constantium,
2134 1363 2370 1432 quanto
2429 1359 2597 1436 apud
2650 1353 2778 1417 nos
2836 1357 3111 1436 ﬂagrat.
3185 1358 3714 1436 Hodieinamque

303 1433 655 1497 Constantii
694 1452 922 1494 nomen
973 1433 1075 1492 vix
1133 1451 1205 1494 ac
1263 1451 1340 1492 ne
1397 1434 1501 1492 vix
1554 1434 1805 1511 quidem
1858 1435 2024 1494 aliud
2084 1443 2288 1506 sonat,
2351 1433 2581 1514 praeter
2636 1435 2865 1499 Christi
2935 1433 3012 1497 ac
3081 1438 3358 1498 veritatis
3413 1435 3661 1495 hostem
3695 1484 3712 1511 ,

303 1517 601 1578 Ecclesiae
661 1520 1177 1597 persecutorem,
1241 1520 1341 1573 '16
1402 1532 1475 1597 ac
1522 1533 1681 1597 pene
1741 1513 2216 1597 Antichristum.
2279 1513 2780 1597 Indulgentiores
2837 1519 3010 1577 there
3067 1524 3329 1591 veteres,
3391 1517 3497 1595 qui
3557 1535 3713 1597 nou‘

306 1598 517 1689 nullas
572 1597 764 1692 hujus
816 1595 1215 1692 imperatoris
1270 1595 1556 1692 egregias
1609 1595 1835 1692 dotes,
1895 1613 1970 1692 ac
2023 1596 2330 1692 praeclara
2391 1595 2681 1677 quaedam
2738 1597 3018 1692 facinora
3074 1597 3548 1692 conspicientes,
3595 1596 3714 1656 mi-

305 1679 534 1738 tiorem
593 1674 669 1737 de
727 1693 802 1736 eo
851 1677 1224 1736 sententiam
1284 1674 1587 1745 tulerunt,
1651 1681 1839 1752 atque
1893 1675 2077 1756 etiam
2114 1674 2430 1756 laudibus
2488 1686 2841 1740 ornarunt.
2905 1677 3094 1756 Cujus
3151 1674 3248 1739 rei
3306 1684 3375 1739 ut
3430 1695 3625 1737 unum
3682 1693 3714 1737 e

303 1757 525 1817 multis
559 1806 574 1831 ,
633 1756 1073 1837 gravissimum
1130 1760 1353 1814 testem
1398 1756 1725 1837 proferam
1765 1801 1778 1814 .
1837 1755 2203 1815 Ambrosius
2262 1756 2338 1816 de
2396 1777 2469 1818 eo
2525 1758 2612 1820 sic
2695 1755 3038 1820 honoriﬁce
3101 1758 3380 1837 loquitur
3436 1757 3713 1818 scribens

304 1833 749 1898 Valentiniano
807 1833 960 1915 (4'7).
999 1859 1026 1889 α
1089 1836 1488 1917 Constantius
1538 1839 1836 1917 Augustte
1893 1837 2211 1896 memoriae
2261 1839 2542 1899 nondum
2602 1839 2794 1900 sacris
2852 1838 3134 1899 initiatus
3168 1833 3497 1917 mysteriis,
3559 1855 3710 1917 con-

306 1918 607 1978 taminari
663 1935 727 1976 se
770 1917 1041 1998 putavit,
1078 1916 1128 1998 si
1187 1933 1361 1975 aram
1401 1917 1591 1998 illam
1648 1916 1928 1998 videret:
1985 1917 2503 1998 jussitﬂaulerri;
2567 1917 2930 1998 nonrjussit
2986 1916 3292 1998 reponi.»
3326 1917 3395 1980 Id
3454 1916 3708 1998 quidem

305 2001 524 2059 Romae
584 1995 832 2069 accidit,
894 2015 1035 2057 cum
1094 1995 1493 2056 Constantius
1547 1997 1889 2056 ascendens
1945 1997 2347 2075 Capitolium,
2403 2015 2576 2060 aram
2650 1995 2938 2060 Victoriae
2996 1995 3141 2060 in'de
3198 1998 3333 2060 tolli
3387 1997 3706 2077 przecepit.

384 2079 566 2159 VIII.
608 2077 930 2137 Prasconia
982 2076 1262 2153 Gregorii
1302 2077 1413 2159 _deA
1447 2077 1811 2159 Constantio
1869 2077 1932 2135 in
1989 2077 2079 2159 iis
2120 2086 2460 2139 occurrunt
2507 2077 2958 2159 Orationibus,
3014 2097 3171 2159 quas
3229 2075 3448 2139 contra
3503 2075 3706 2138 Julia-

302 2175 457 2219 num
515 2157 652 2235 ejus
702 2175 1123 2237 successorem
1200 2155 1498 2235 scripsit.
1559 2157 1706 2226 Quis
1762 2172 1949 2234 porro
2006 2155 2162 2217 adeo
2225 2173 2509 2220 severum
2568 2177 2641 2220 ac
2709 2157 2977 2237 rigidum
3034 2155 3329 2219 'oratoris
3385 2174 3708 2237 censorem

307 2257 378 2298 se
434 2239 731 2302 exibebit.
766 2244 836 2297 ut
893 2236 1048 2296 nihil
1106 2237 1160 2296 ei
1219 2237 1686 2296 concedendum
1749 2241 1945 2314 putet,
1978 2237 2029 2296 si
2088 2253 2462 2316 comparans
2515 2255 2656 2300 cum
2715 2236 2967 2301 Juliano
3025 2239 3484 2310 Constantium,
3525 2236 3704 2297 illum

302 2319 638 2397 deprimat,
702 2317 1255 2399 hunc_extollat?_
1294 2319 1420 2376 Hac
1475 2317 1667 2399 igitur
1722 2317 1985 2389 ratione,
2021 2318 2195 2378 licuit
2252 2320 2550 2397 Gregorio
2608 2319 3080 2399 comparatione
3151 2319 3388 2381 Juliani
3444 2317 3706 2399 laudare

301 2399 766 2471 Constantium,
801 2405 861 2458 et
884 2397 950 2479 in
983 2397 1302 2479 laudando
1333 2398 1798 2479 excusationem
1831 2400 2053 2458 mereri
2083 2405 2310 2477 potest,
2346 2402 2397 2460 si
2427 2400 2657 2461 nimius
2686 2397 2895 2462 fuerit.
2927 2401 3412 2479 Comparatione
3451 2397 3708 2478 pessimi

297 2479 621 2539 interdum
652 2478 898 2538 laudari
930 2478 1164 2538 malum
1196 2496 1311 2538 usu
1342 2477 1535 2538 venit.

385 2561 490 2620 XI.
551 2558 993 2620 Commendari
1042 2558 1228 2618 etiam
1288 2559 1503 2638 potuit
1543 2557 1973 2638 Constantius,
2023 2557 2178 2617 citra
2236 2558 2663 2620 adulationem
2723 2567 2785 2620 et
2841 2559 3372 2638 mendaciumex
3447 2558 3700 2638 pietate,

301 2658 415 2699 seu
445 2658 523 2700 ex
551 2640 722 2699 cultu
782 2657 931 2716 erga
986 2639 1351 2716 religionem
1411 2637 1715 2697 exhibito.
1777 2638 2295 2698 Luculentissima
2351 2645 2516 2699 certe
2572 2637 2933 2701 testimonia
2986 2646 3134 2700 sunt
3190 2637 3359 2699 illius
3386 2637 3460 2698 in
3503 2639 3706 2699 Chris-

301 2720 575 2780 stianam
606 2719 970 2796 religionem
1005 2719 1231 2789 cultus,
1272 2719 1688 2796 promulgata:
1748 2737 1784 2776 a
1839 2719 2202 2778 Constantio
2262 2720 2465 2799 eaide
2521 2738 2709 2799 causa
2755 2721 2945 2799 leges,
2994 2727 3055 2799 et
3111 2719 3350 2780 sancita
3405 2719 3704 2779 adversus

299 2800 674 2880 idololatras
713 2845 726 2872 ,
783 2800 1274 2880 supersititiosos
1307 2844 1322 2871 ,
1379 2799 1825 2880 incantatOI'es,
1880 2814 2229 2880 magosque
2272 2796 2476 2859 edicta
2528 2814 2541 2873 ;
2587 2796 3035 2880 quibus'patri
3088 2817 3201 2860 suo
3261 2799 3694 2880 Constantino,

307 2879 577 2959 aliisque
631 2880 1060 2958 compluribus
1118 2879 1486 2940 orthodoxae
1518 2879 1665 2937 ﬁdei
1693 2878 2082 2956 principibus
2134 2880 2388 2939 minime
2443 2878 2649 2958 impar
2703 2878 2900 2941 videri
2957 2881 3173 2959 possit.
3236 2881 3298 2941 Si
3346 2880 3408 2939 in
3467 2879 3702 2939 crimen

303 2969 573 3020 vocatur
629 2961 984 3038 Gregorius,
1028 2978 1100 3019 eo
1160 2960 1329 3037 quod
1387 2959 1660 3018 laudarit
1716 2960 2172 3031 Constantium,
2235 2960 2551 3038 vocandus
2606 2961 2795 3021 etiam
2853 2962 2968 3021 erit
3051 2965 3114 3021 S.
3175 2960 3448 3021 Hilarius
3503 2960 3705 3019 Picta-

298 3040 576 3133 viensis;
609 3039 714 3101 ille
770 3041 1391 3133 ipsenpra‘:.sul,lquo
1420 3059 1574 3133 “non
1632 3038 1789 3130 alter
1845 3039 2196 3133 fervention
2232 3037 2582 3133 catholich
2618 3042 2761 3133 ﬁdei
2789 3042 3080 3133 defensor
3133 3048 3354 3133 contra
3414 3041 3696 3100 Arianos.

300 3121 548 3181 Laudat
577 3139 850 3199 namque
908 3119 1180 3180 Hilarius
1236 3119 1354 3199 (48)
1415 3119 1868 3192 Constantium,
1909 3145 1932 3172 ι
1993 3120 2297 3200 singulari
2325 3127 2386 3180 et
2417 3121 2750 3182 admirabii
2802 3121 3138 3200 sapientia,
3196 3140 3232 3181 a
3281 3122 3468 3180 beata
3502 3126 3564 3180 et
3594 3140 3696 3180 re-

298 3201 528 3279 ligiosa
557 3202 901 3261 voluntate.
938 3225 966 3254 »
1003 3235 1080 3244 —
1119 3224 1153 3281 (ς
1176 3201 1331 3260 Vere
1363 3205 1445 3270 te,
1479 3200 1741 3281 Domine
1771 3199 2094 3260 Constanti
2124 3199 2487 3281 imperator,
2523 3224 2550 3281 ia
2588 3201 2816 3281 inquit,
2857 3199 2895 3257 (ἱ
2918 3201 3198 3262 admiror
3227 3201 3414 3260 ﬁdem
3450 3207 3694 3281 tantum

300 3278 650 3341 secundum
711 3300 784 3342 ea
841 3299 981 3360 quas
1041 3279 1274 3359 scripta
1334 3279 2027 3360 suntdesiderantem;
2089 3287 2149 3340 et
2203 3278 2425 3340 merito
2481 3278 2802 3360 plane'ad
2857 3282 2968 3342 illa
3022 3283 3160 3359 ipsa
3217 3280 3538 3359 Unigeniti
3593 3279 3705 3341 Dei

300 3363 556 3440 eloquia
611 3357 910 3422 festinans
949 3407 963 3433 ,
1021 3368 1091 3420 ut
1145 3357 1566 3440 imperatoria:
1623 3357 2059 3419 sollicitudinis
2144 3376 2344 3438 capax
2399 3357 2618 3440 pectus
2700 3359 2825 3422 etia
2880 3357 3232 3422 divinorum
3309 3357 3703 3440 eloquiorum

286 3443 681 3503 conscientia
742 3442 995 3521 plenum
1056 3441 1156 3500 sit.
1199 3465 1226 3496 s
1288 3442 1351 3500 Si
1402 3442 1686 3500 laudasse
1744 3441 2175 3521 Constantium
2229 3442 2463 3501 crimen
2523 3446 2638 3515 est,
2695 3458 2961 3521 magnus
3021 3442 3400 3502 Athanasius
3456 3443 3519 3500 in
3580 3443 3701 3501 cri-

283 3542 428 3583 men
489 3520 836 3593 vocabitur,
871 3522 1141 3602 invictus
1197 3521 1302 3580 ille
1361 3521 1734 3581 orthodoxae
1796 3520 1941 3580 ﬁdei
2000 3526 2456 3600 propugnator,
2507 3522 2570 3580 in
2627 3539 2752 3600 quo
2802 3520 2982 3582 annis
3042 3522 3328 3602 pluribus
3386 3521 3698 3582 catholica

282 3604 439 3664 ﬁdes
496 3603 798 3663 inclinata
854 3601 1218 3662 recumbere
1268 3602 1399 3660 visa
1451 3608 1581 3661 est:
1640 3602 1879 3682 quippe
1938 3602 2045 3678 qui
2081 3624 2111 3682 ᾳ
2170 3602 2516 3661 humanum
2577 3611 2639 3662 et
2697 3605 2870 3682 pium
2928 3601 3376 3682 imperatorem
3413 3627 3439 3658 »
3475 3604 3694 3682 appel-

278 3683 372 3743 lat
400 3685 856 3743 Constantium.
899 3708 926 3737 «
960 3682 1074 3753 illi,
1110 3703 1137 3762 ξ)
1174 3682 1402 3759 inquit,
1439 3683 1513 3741 de
1546 3681 1794 3762 Arianis
1835 3681 2144 3758 episcopis
2202 3682 2466 3760 loquens
2497 3682 2644 3761 (49),
2682 3681 2712 3739 (ξ
2771 3681 3326 3762 praster’mentem
3387 3681 3694 3744 Constan-

279 3764 354 3823 tii
409 3764 809 3842 imperatoris
865 3761 1127 3822 humani
1187 3768 1246 3821 et
1306 3762 1391 3839 pii
1452 3780 1565 3840 pro
1621 3760 1878 3842 libidine
1935 3780 2076 3839 quae
2132 3762 2352 3822 volunt
2409 3760 2804 3842 pomulgant,
2870 3787 2899 3820 »
2960 3770 3079 3824 etc.
3137 3763 3500 3842 Cujusmodi
3551 3763 3694 3840 plu-

277 3845 441 3903 rima
473 3841 690 3904 aliain
746 3842 1072 3921 Apologiis
1120 3841 1475 3902 Athanassii
1523 3841 1800 3922 reperias
1829 3841 1993 3920 (50);
2031 3861 2392 3920 quanquam
2451 3841 2532 3902 ab
2563 3862 2660 3915 eo,
2708 3851 2777 3904 ut
2810 3845 2889 3904 ab
2947 3841 3690 3922 Hilario,patronusim-

276 3923 558 4002 pietatis,
616 3920 924 3984 haereseos
979 3922 1323 4000 imperator
1364 3927 1438 4002 et
1493 3920 2113 4002 Antichristusinon
2156 3923 2348 4002 semel
2385 3923 2675 3984 audierit.
2738 3925 2895 3984 Hinc
2956 3920 3263 4000 colligere
3324 3931 3439 3996 est,
3497 3941 3689 4000 quam

277 3998 430 4064 vere
488 4005 820 4083 Gregorius
879 3998 1146 4083 haecdde
1204 4000 1437 4061 infelici
1495 4000 1774 4083 principe
1833 3998 2349 4083 scripserit‘ﬁl).
2409 4003 2525 4074 Qui
2574 4003 2827 4082 quidem
2890 3998 3371 4083 (Constantius),
3433 3998 3695 4083 siquid

283 4083 589 4144 molestia:
613 4077 830 4144 'nobis
893 4081 1202 4154 exhibuit,
1263 4100 1386 4140 non
1445 4077 1640 4140 nostri
1699 4077 2061 4159 contemptu
2120 4077 2433 4156 id'fecit,
2491 4077 2611 4144 nec
2661 4089 2729 4143 ut
2781 4077 2908 4143 nos'
2952 4077 3337 4144 contumelia
3391 4077 3690 4153 afﬁceret,

288 4183 406 4224 nec
466 4171 535 4224 ut
588 4165 724 4224 aliis
784 4162 1160 4241 quibusdam
1223 4162 1428 4240 potius
1486 4179 1672 4238 quam
1734 4161 1914 4221 nobis
1971 4159 2325 4241 indulgeret
2375 4179 2390 4235 ;
2451 4164 2556 4222 sed
2620 4167 2686 4223 ut
2742 4182 2959 4223 omnes
3025 4163 3087 4222 in
3129 4182 3323 4222 unum
3384 4163 3697 4223 coiremus

288 4246 774 4322 animorumque
807 4240 1214 4303 consensione
1244 4242 1795 4321 conjungeremur,
1832 4258 1942 4300 nec
1975 4260 2085 4320 per
2116 4240 2458 4302 schismata
2489 4244 2650 4303 inter
2678 4261 2815 4322 nos
2870 4243 3165 4322 dirempti
3213 4250 3402 4320 atque
3450 4242 3700 4303 dissecti

291 4262 774 4322 animorumque
807 4262 1214 4303 consensmne
1244 4262 1795 4321 conjungeremur,
1832 4262 1942 4300 nec
1975 4262 2085 4320 per
2116 4262 2458 4302 scmsmaia
2489 4262 2650 4303 inter
2700 4262 2815 4304 nos
2870 4262 3066 4303 mrem
3120 4262 3165 4303 ιι
3213 4262 3402 4320 atque
3450 4262 3699 4303 mssecu

291 4344 592 4386 essemus.
633 4349 661 4380 »
697 4328 770 4384 Et
800 4324 861 4383 in
896 4324 1230 4384 Steleutica
1271 4323 1546 4382 secunda
1607 4321 1764 4400 (52):
1808 4347 1836 4377 «
1871 4323 2026 4380 Nam
2086 4327 2147 4381 et
2205 4322 2253 4381 si
2312 4338 2348 4382 a
2383 4331 2550 4382 recta
2607 4321 2731 4384 ﬁde
2761 4341 2886 4383 non
2938 4262 3114 4383 nihil)
3154 4321 3473 4385 declinare
3530 4323 3699 4384 visus

290 4412 385 4465 est
415 4406 535 4466 hoc
566 4411 776 4464 tamen
809 4405 1044 4465 crimen
1074 4402 1537 4480 importunitati
1567 4420 1897 4480 procerum
1929 4401 2199 4482 ﬁdeique
2231 4403 2524 4482 parvitati
2555 4404 2958 4464 tribuendum
2989 4410 3106 4477 est,
3144 4429 3171 4460 υ
3234 4410 3354 4464 etc.

373 4489 467 4548 71
528 4486 602 4546 X.
663 4488 969 4563 Deceptus
1025 4484 1344 4555 nimirum,
1408 4483 1706 4555 tametsi,
1754 4488 1909 4543 teste
1962 4480 2199 4542 Hilario
2234 4480 2381 4563 (53)
2422 4528 2436 4555 ,
2495 4484 2939 4562 cupidissimus
3001 4484 3332 4544 audiendas
3387 4483 3697 4554 veritatis,

285 4567 498 4626 bonus
553 4565 848 4644 princeps
904 4564 1262 4625 Catholicos
1322 4563 1603 4623 nesciens
1659 4563 1972 4639 urgebat,
2006 4569 2223 4644 atque
2278 4564 2342 4622 in
2401 4578 2508 4624 eos
2554 4565 2772 4625 saevire
2827 4565 3333 4642 compellebatur
3365 4610 3378 4624 .
3443 4564 3599 4635 Quia
3654 4564 3699 4623 ii

287 4664 418 4705 non
480 4642 675 4717 erant,
742 4642 872 4723 qui,
937 4643 1190 4724 prodita
1243 4644 1506 4703 veritate
1565 4649 1755 4720 atque
1814 4642 2214 4724 conscientia,
2250 4643 2491 4724 faiisami
2530 4663 2746 4722 pacem
2806 4652 3105 4705 emerent.
3169 4647 3384 4724 quue
3442 4644 3701 4704 credibi-

286 4727 412 4786 lius
474 4725 639 4785 istud
695 4722 956 4797 evadit,_
991 4725 1158 4802 quod
1217 4724 1685 4804 Theodoretusi
1722 4722 2158 4804 scribit_(54):
2201 4747 2252 4804 «ί
2288 4722 2418 4783 Etsi
2474 4723 2876 4785 Constantius
2938 4725 3234 4804 deceptus
3282 4722 3371 4785 ab
3424 4723 3521 4797 iis,
3573 4725 3706 4804 qui-

285 4807 409 4867 bus
468 4824 530 4866 se
587 4807 931 4882 regendum
990 4804 1381 4883 permiserat,
1446 4802 2027 4863 consusbstantialis
2084 4803 2463 4864 vocabulum
2521 4825 2645 4864 non
2679 4805 2954 4878 admisit,
2988 4802 3239 4865 sensum
3300 4810 3508 4865 tamen
3569 4802 3703 4883 ejus

289 4888 536 4946 sincere
594 4888 912 4945 confessus
969 4893 1082 4944 est.
1118 4907 1145 4941 »
1210 4884 1358 4954 Quae
1421 4884 1724 4961 profecto,
1762 4885 1812 4943 si
1871 4902 2016 4943 vera
2074 4889 2238 4958 sunt,
2301 4885 2642 4946 minuenda
2699 4893 2791 4946 est
2843 4886 3189 4946 Constantii
3247 4886 3462 4964 culpa,
3500 4902 3702 4964 quan-

288 4985 486 5046 quam
517 4966 757 5026 absolvi
790 4965 1035 5041 penitus
1068 4984 1190 5023 non
1226 4964 1438 5046 possit.

370 5049 473 5107 ΧΙ.
540 5047 718 5106 Hunc
773 5054 983 5109 tamen
1040 5041 1286 5105 videtur
1340 5044 1665 5104 absolvere
1723 5042 2081 5120 Gregorius,
2144 5048 2332 5121 atque
2390 5041 2578 5105 etiam
2634 5046 2695 5104 in
2747 5042 2922 5105 ccelis
2979 5045 3313 5106 collocare.
3349 5045 3473 5105 Sed
3528 5061 3704 5106 error

290 5127 717 5218 ignoscendus
754 5172 768 5196 ,
827 5145 967 5186 cum
1001 5126 1322 5218 _ignorans
1378 5125 1527 5218 facti
1584 5124 2017 5218 Constantium
2092 5124 2404 5218 putaverit
2459 5125 2872 5218 paenitentem
2927 5145 2938 5186 :
3003 5126 3252 5218 quippe.
3318 5143 3521 5218 quem.
3589 5143 3703 5186 au-

290 5202 497 5267 dierat
552 5205 921 5267 morientem
981 5206 1276 5275 doluisse,
1341 5204 1508 5282 quod
1551 5202 1745 5284 novis
1801 5203 2141 5263 studuisset
2196 5202 2593 5281 dogmatibus
2628 5251 2642 5264 .
2706 5209 2864 5284 Pro_
2907 5202 3076 5266 certo
3119 5202 3426 5266 'habebat
3481 5207 3708 5284 Grego-

290 5289 444 5359 rius,
505 5306 650 5348 cum
705 5286 1046 5347 invectivas
1103 5286 1402 5345 scriberet
1450 5283 1594 5362 (55),
1631 5307 1660 5338 «
1719 5284 2150 5343 Constantium
2204 5285 2308 5363 pio
2387 5285 2510 5345 fine
2586 5285 2779 5346 vitam
2816 5282 3136 5346 clausisse.
3197 5286 3375 5357 Quod
3432 5285 3482 5345 si
3539 5282 3706 5355 vere,

289 5373 484 5447 prout
538 5369 671 5446 ipse
727 5367 994 5446 putavit,
1057 5365 1264 5444 inquit
1307 5364 1626 5447 ABfaronius
1685 5364 1833 5447 (δῷ),
1896 5363 2193 5447 accidisse
2248 5364 2622 5447 contigerit;
2674 5365 2844 5427 haud
2895 5365 3196 5427 abhorret
3253 5386 3290 5426 a
3359 5365 3503 5438 fide,
3539 5365 3708 5445 quod

289 5444 597 5508 relatione
651 5444 995 5507 multorum
1027 5447 1233 5506 fuerat
1286 5445 1682 5504 diffamatum
1742 5444 1818 5503 de
1877 5445 2093 5504 audito
2146 5444 2391 5505 ccelitus
2423 5454 2636 5521 cantu,
2684 5466 2823 5507 cum
2897 5447 3200 5526 gaudium
3263 5448 3373 5508 ﬁat
3427 5448 3492 5507 in
3548 5444 3708 5509 ccelo

289 5547 483 5609 super
512 5547 640 5588 uno
669 5533 1002 5607 peccatore
1033 5526 1469 5605 paenitentiam
1502 5530 1753 5602 agente.
1791 5547 1818 5582 ››

508 5644 745 5734 ξας-.ρεί
778 5659 915 5696 ann.
1108 5646 1152 5696 t.
1185 5641 1285 5709 III,
1319 5659 1376 5712 p.
1409 5641 1534 5695 838.

362 5715 480 5859 (47)
508 5715 693 5798 Epist.
721 5730 879 5782 xvm,
914 5730 973 5767 n.
1006 5714 1096 5767 32.
1774 5779 1784 5792 ο

365 5787 459 5888 (ξε
515 5787 636 5843 ιιι).
686 5800 725 5854 ι,
777 5786 848 5842 ad
894 5784 1088 5840 Const.
1137 5802 1192 5840 n.
1242 5786 1298 5855 2,
1350 5799 1482 5855 pag.
1535 5779 1848 5850 4219;11b.
1886 5797 1950 5853 ιι,

2130 5713 2239 5782 (5-2)
2273 5714 2365 5767 0r.
2399 5727 2454 5779 v,
2492 5729 2547 5767 n.
2586 5713 2672 5768 47.

1535 5782 1712 5850 4219;
1747 5779 1848 5837 lib.
1886 5797 1950 5853 ιι,
2433 5799 2472 5888 ιξ
2619 5785 3060 5888 Chon‘st.nn.“4met
3088 5780 3142 5838 2.

296 5860 487 6001 n(fit!)
517 5929 670 5985 Hist.
701 5928 901 5985 Arian.
931 5947 987 5982 n.
1012 5930 1098 5982 45.

374 6001 492 6056 (50)
526 6001 671 6056 lbid.
705 6018 761 6055 n.
794 6001 861 6053 ’74
891 6007 944 6055 et
972 6001 1061 6052 7.").

1367 5853 1370 5855 ’
1435 5853 1452 5854 ί
2132 5853 2240 5923 (54)
2276 5856 2420 5910 Hist.
2455 5855 2493 5910 1.
2528 5869 2610 5910 ιιι.
2646 5871 2694 5911 c.
2729 5857 2780 5926 4,
2814 5873 2870 5928 p.
2903 5853 3026 5911 426.

2269 5924 2449 6056 iiii}?
2468 5941 2541 6050 and
2739 5994 2861 6056 361.
2896 5999 2922 6054 ε
2950 5994 3006 6048 31

374 5994 492 6070 (50')
526 6001 671 6056 lbid.
705 6001 1061 6055 η.74ρ175.
2135 5994 2247 6064 (56)
2279 5994 2442 6063 Bar.,'
2468 5996 2535 6050 ad
2571 6013 2704 6050 ann.
2739 5994 2861 6060 36!,
2896 5994 3033 6058 ΕΜ.

2129 5642 2144 5782 ἱ
