4202 6212
470 382 577 440 531
1068 402 1075 413 π
1711 369 1773 430 S.
1829 370 2202 431 GREGORII
2247 372 2643 437 THEOLOGI
3766 376 3886 435 532

551 511 683 577 X11,
749 508 969 567 Mirum
1031 503 1266 564 nemini
1323 503 1607 585 profecto
1660 501 1858 585 videri
1911 501 2120 585 debet,
2170 502 2220 561 si
2251 504 2634 585 Gregorius,
2690 525 2816 585 quo
2873 512 3158 584 tempore
3209 505 3558 566 Invectivas
3609 504 3884 582 scripsit,

476 592 682 651 minus
740 587 984 647 noverit
1041 601 1435 662 quaecunque
1499 582 1933 662 Constantius,
1984 581 2047 640 in
2106 582 2368 659 gratiam
2412 581 2808 647 ’Arianorum
2847 633 2861 660 ,
2922 581 3143 647 contra
3229 585 3607 646 catholicam
3693 581 3884 646 ﬁdem

476 672 736 748 ejusque
792 661 1147 727 defensores
1207 668 1523 748 gesserat.
1575 665 1650 748 _ln
1710 661 2049 748 tenerrima
2106 662 2315 748 adhuc
2372 670 2555 727 aetate
2610 673 2794 740 erat,
2856 685 3000 748 cum
3072 667 3472 748 Constantius
3546 665 3884 744 imperium

475 742 569 811 est
620 742 905 825 adeptus,
942 750 1320 826 atquegtoto
1380 742 1517 826 ejus
1570 743 2182 826 imperii_tempore,
2237 743 2434 805 laicus
2492 754 2551 807 et
2608 765 2647 807 a
2703 747 2926 808 mundi
2984 746 3251 826 hujusce
3304 747 3493 807 rebus
3548 742 3891 825 propemo-

478 831 627 889 dum
679 821 942 899 alienus,
1002 821 1347 906 studiisque
1403 824 1757 906 litterarum
1820 821 2096 906 deditus,
2146 828 2257 906 aut
2295 825 2502 906 etiam
2556 827 2621 886 in
2678 846 2913 900 eremo,
2946 835 3009 888 et
3065 821 3128 886 in
3186 826 3374 887 domo
3429 821 3713 906 paterna,
3759 846 3887 887 non

477 927 654 969 secus
701 914 891 987 atque
946 906 1011 987 in
1069 902 1437 987 solitudine,
1490 902 2001 987 abditus_vixit.
2064 904 2440 987 Quin__forte
2514 907 2831 985 ignoravit
2900 908 2979 967 ab
3036 908 3269 968 Euzoio
3326 902 3761 969 Constantium
3821 907 3886 967 in

479 983 1148 1065 extremis—baptisma
1200 984 1568 1063 suscepisse,
1628 990 1689 1044 et
1744 983 1997 1065 demum
2057 983 2321 1065 credidit
2372 983 2822 1064 imperatorem
2871 987 3009 1065 jam
3057 988 3192 1065 jam
3254 988 3627 1047 moriturum
3684 988 3888 1065 paeni-

479 1071 672 1130 tuisse
730 1064 1130 1146 quod’novis
1204 1064 1605 1146 dogmatibus
1686 1064 2023 1146 studuisset
2056 1108 2071 1123 .
2122 1064 2190 1146 _ld
2242 1082 2391 1146 yero
2448 1068 2783 1129 credidisse
2840 1064 3207 1146 Gregorium
3268 1086 3517 1128 necesse
3572 1064 3714 1138 est,
3774 1068 3889 1146 qui

480 1168 595 1230 pro
650 1143 819 1208 certo
870 1146 1244 1230 habuitkut
1302 1143 1875 1230 sgcribit_Baronius
1908 1188 1923 1215 ,
1992 1165 2019 1201 (ι
2077 1144 2180 1230 pio
2231 1144 2354 1230 fine
2409 1148 2602 1208 vitam
2657 1143 3444 1230 clausisse'Constantium
3483 1167 3584 1230 ._s
3648 1143 3886 1209 Verum

481 1223 894 1309 posteaquam
948 1226 1009 1309 is
1065 1224 1156 1285 illi
1212 1223 1582 1309 notior_fuit
1636 1224 2002 1309 imperator,
2037 1223 2354 1309 aliterue
2411 1245 2483 1287 eo
2531 1229 2736 1309 sensit
2788 1235 2851 1289 et
2904 1229 3172 1307 scripsit.
3198 1229 3397 1309 Quod,
3429 1226 3682 1309 quidem
3741 1246 3888 1287 con-

486 1304 611 1370 stat
665 1304 743 1369 ex
788 1307 1085 1367 Oratione
1141 1304 1452 1388 xxgv,‘ubi
1499 1305 1576 1364 de
1630 1304 2456 1388 Constantiobaecnbabet.
2522 1308 2643 1388 (57)
2703 1333 2731 1365 «
2796 1304 3049 1369 Rursus
3093 1308 3327 1368 malum
3385 1304 3890 1388 imperium,_et

485 1408 702 1449 rursus
761 1388 994 1447 malum
1054 1385 1439 1459 reviviscit...
1476 1402 1847 1467 gravesque
1904 1384 2085 1463 lupi,
2145 1384 2251 1444 alii
2294 1384 2559 1467 aliunde
2621 1384 2739 1448 nos
2794 1389 3263 1467 intercipientes
3298 1434 3311 1460 ,
3348 1384 3685 1467 Eccl‘esiam
3768 1386 3892 1447 dis-

488 1476 801 1548 ccrpunt.
862 1470 1203 1527 Armantur
1279 1466 1674 1548 sacerdotes_
1716 1465 2013 1548 adversus
2091 1466 2494 1548 sacerdotes,
2574 1467 2752 1547 plebs
2835 1465 3131 1529 adversus
3213 1469 3460 1547 plebem
3543 1466 3890 1548 furibundo

487 1544 727 1628 impetu
777 1549 1018 1629 fertur,
1074 1549 1422 1629 imperator
1479 1547 1613 1629 ipse
1660 1544 1969 1624 impietati
2026 1547 2467 1629 auctoritatem
2524 1544 2806 1628 praebet,
2866 1555 3056 1629 atque
3111 1544 3409 1609 aduersus
3464 1547 3889 1608 orthodoxam

490 1626 843 1690 doctrinam
899 1628 1067 1705 leges
1122 1627 1391 1686 instituit
1444 1645 1457 1697 ;
1517 1626 1687 1704 iique
1745 1630 2071 1703 praeterea,
2128 1626 2237 1704 qui
2289 1645 2403 1688 nec
2459 1626 2545 1687 in'
2579 1629 2881 1703 virorum,
2941 1626 3054 1689 nec
3111 1630 3176 1689 in
3235 1629 3566 1689 mulierum
3624 1645 3891 1690 numero

491 1710 795 1788 dignitate
826 1709 1154 1786 deplorare
1210 1707 1448 1784 queat?
1506 1706 1760 1777 Exsilia,
1794 1705 2107 1788 bonorum
2166 1708 2674 1785 proscriptiones,
2708 1734 2735 1764 »
2770 1716 2833 1770 et
2887 1715 3115 1771 caetera
3170 1710 3399 1787 quibus
3454 1707 3893 1787 gravissimam

491 1786 744 1850 illorum
804 1796 1161 1866 temporum
1222 1792 1681 1868 tempestatem,
1745 1786 2295 1868 miserandumque
2355 1790 2643 1850 Ecclesiae
2701 1795 2932 1851 statum
2967 1837 2981 1863 ,
3046 1786 3397 1868 imperante
3468 1786 3842 1850 Constantio
3883 1838 3897 1863 ,

494 1871 769 1950 perfecte
804 1867 1132 1950 exprimit.
1171 1867 1283 1927 Hic
1322 1888 1349 1924 ι(
1412 1866 1647 1926 malum
1704 1889 1735 1921 »
1770 1872 1976 1950 uocat,
2014 1867 2433 1945 «imperium,
2469 1892 2500 1924 »
2545 1870 2716 1949 quod
2773 1870 2924 1930 olim
2974 1866 3182 1930 rerum
3240 1872 3494 1948 ignarus
3530 1868 3831 1950 «justum
3863 1894 3893 1925 ››

496 1947 643 2011 cens
672 1949 816 2010 endi
846 1947 1013 2020 sunt,
1048 1966 1317 2030 quorum
1351 1964 1583 2030 magna
1639 1947 1806 2030 apud
1865 1965 2009 2030 eum
2039 1956 2174 2007 erat
2229 1950 2532 2026 potentia,
2566 1947 2707 2030 quis
2765 1969 2913 2011 vero
2972 1947 3281 2029 temporis
3324 1950 3492 2010 illius
3555 1947 3724 2030 mala
3754 1968 3896 2028 pro-

497 2032 943 2110 appellaverat.
1006 2027 1285 2111 Exsilia,
1336 2027 1824 2111 proscriptiones
1904 2027 2216 2111 bonorum
2251 2074 2264 2101 ,
2326 2027 2681 2111 ipsumque
2742 2054 2773 2087 ‹‹
2826 2027 3270 2111 imperatorem
3306 2077 3321 2104 ,
3392 2030 3500 2110 qui
3574 2027 3889 2111 impietati

498 2108 935 2172 auctoritatem
990 2130 1020 2166 ιδ
1086 2108 1447 2191 praebuerit,
1507 2108 1594 2167 sic
1646 2108 2143 2191 insectatur,_ut
2194 2108 2435 2191 laudes,
2487 2108 2716 2191 quibus
2770 2108 2937 2173 ante
2970 2108 3891 2175 Constantiumﬁcumulaverat

494 2192 847 2270 Gregorius,
886 2188 1287 2269 postmodum
1313 2194 1669 2248 recantasse
1698 2188 1921 2249 merito
1951 2188 2149 2250 videri
2172 2189 2387 2268 possit.

554 2317 666 2389 (57)
699 2315 795 2372 Or.
825 2330 954 2380 xxv,
988 2330 1048 2369 n.
1077 2314 1131 2369 9.

925 2592 1388 2686 ORATIO
1466 2589 1595 2683 IV
1617 2602 1674 2681 ⁸.

480 2755 576 2811 78
610 2755 887 2811 Adversus
916 2753 1207 2810 Iulianum
1236 2752 1621 2825 imperatorem
1647 2751 1801 2822 prior
1830 2752 2123 2806 Invectiva.

552 2951 603 3005 1.
636 2949 830 3004 Audite
885 2948 1024 3015 haec,
1086 2964 1270 3004 omne:
1327 2956 1536 3018 gentes,
1595 2946 1829 3002 auribus
1868 2949 2130 3018 percipite

480 3056 671 3096 omnes
702 3040 798 3109 qui
828 3038 1088 3092 habitatis
1116 3039 1301 3093 orbem
1322 3038 1385 3091 97.
1413 3037 1629 3091 Omnes
1660 3035 1837 3107 enim,
1862 3036 2031 3107 quasi
2062 3053 2131 3091 ex

481 3129 638 3184 edita
669 3128 923 3200 quadam
956 3131 1012 3181 et
1059 3127 1485 3182 mediterranea
1527 3123 1785 3196 specula,
1820 3141 2033 3197 magno
2065 3140 2131 3181 ac

481 3216 723 3272 sublimi
768 3216 1055 3288 praeconio
1107 3215 1356 3287 appello.
1399 3214 1631 3281 Audite,
1665 3212 1887 3285 populi,
1920 3215 2129 3283 tribus,

478 3306 695 3378 linguae
714 3305 780 3372 ³³,
805 3304 1097 3373 homines,
1124 3319 1352 3370 omnes,
1376 3303 1636 3374 cujusvis
1658 3303 1888 3375 generis
1919 3308 1976 3358 et
1995 3309 2134 3359 aeta-

478 3394 580 3465 tis,
611 3399 730 3449 tam
778 3394 877 3466 qui
921 3410 1076 3449 nunc
1127 3393 1289 3459 estis,
1322 3409 1501 3463 quam
1553 3391 1655 3463 qui
1696 3396 1895 3463 postea
1926 3392 2129 3462 eritis;

478 3488 658 3555 atque
688 3499 804 3554 quo
836 3482 1013 3537 latius
1062 3481 1415 3553 praeconium
1468 3484 1688 3551 pateat,
1720 3480 1913 3537 omnis
1961 3481 2132 3536 θεειο-

479 3588 610 3628 rum
641 3570 847 3637 virtus,
878 3587 1083 3626 omnes
1111 3569 1323 3642 angeli,
1356 3585 1607 3642 quorum
1648 3584 1822 3639 opera
1852 3573 2133 3641 tyrannus

480 3660 803 3716 exstinctus
835 3676 900 3714 ac
930 3658 1156 3715 deletus
1187 3664 1297 3728 est,
1331 3675 1445 3713 non
1495 3657 1644 3712 Seon
1676 3656 1773 3712 ille
1802 3674 1900 3712 rex
1928 3660 2130 3713 Amor-

478 3750 796 3815 rbaeorum,
824 3764 1012 3820 neque
1042 3751 1143 3819 0g,
1163 3763 1263 3803 rex
1293 3748 1481 3803 Basan
1513 3748 1579 3817 ³9,
1598 3746 1793 3818 exigui
1812 3747 2132 3819 principes,

481 3844 658 3911 atque
692 3836 985 3904 lsraelem,
1013 3837 1121 3892 hoc
1153 3840 1261 3902 est,
1295 3853 1534 3908 parvam
1565 3835 1722 3891 orbis
1755 3840 2008 3906 partem,
2038 3852 2133 3890 ve-

481 3934 727 3994 xantes;
762 3943 960 3982 verum
1013 3927 1186 3982 draco
1240 3926 1335 3980 ille
1364 3926 1429 3997 ⁸ο,
1473 3929 1742 3996 apostata
1771 3924 1886 3995 ille,
1922 3941 2137 3998 magna

486 4018 589 4072 illa
639 4033 828 4085 mens,
873 4016 1142 4089 Assyrius
1190 4015 1306 4083 ille,
1346 4014 1443 4070 ille
1492 4015 1824 4070 communis
1872 4015 2137 4071 omnium

491 4105 765 4161 inimicus
806 4111 980 4177 atque
1032 4105 1220 4161 hostis
1245 4106 1313 4173 εί,
1345 4103 1442 4176 qui
1493 4109 1549 4159 et
1594 4104 1846 4159 multum
1894 4105 2139 4166 fuorem.

488 4193 821 4264 multasque
852 4195 1044 4249 minas
1078 4194 1133 4249 in
1168 4199 1322 4250 terra
1347 4193 1625 4266 profudit,
1668 4196 1724 4248 et
1751 4192 1996 4248 multam
2028 4192 2138 4247 ini-

489 4282 774 4355 quitatem
806 4283 864 4337 in
896 4282 1191 4338 excelsum
1221 4282 1452 4338 locutus
1484 4298 1551 4337 ac
1582 4281 1824 4337 molitus
1848 4287 1937 4338 est
1973 4284 2039 4336 δι’.

554 4459 605 4515 ll
644 4459 798 4516 Audi
824 4460 1039 4527 caelum,
1079 4468 1130 4515 et
1182 4461 1412 4517 auribus
1460 4462 1699 4531 percipe,
1741 4468 1888 4515 terra
1923 4460 1986 4515 ‘3.
2017 4462 2141 4517 lam

482 4548 639 4604 enim
673 4548 815 4603 mihi
844 4553 1077 4619 tempus
1106 4553 1220 4614 est,
1242 4554 1307 4603 ut
1336 4548 1545 4604 iisdem
1576 4548 1771 4603 verbis
1811 4553 1967 4617 utar,
2001 4550 2134 4621 qui-

562 4676 607 4753 3:
637 4674 791 4753 Psal.
824 4691 1021 4753 XLVII},
1055 4676 1105 4753 ξ.

494 4748 542 4781 ‘3
571 4746 724 4803 Psal.
758 4763 930 4815 Lxxu,
962 4747 1016 4800 8.
1055 4746 1069 4753 ’
1092 4746 1137 4780 ⁴³
1167 4747 1279 4801 Isa.
1310 4762 1349 4814 ι,
1380 4748 1436 4800 2.

534 4943 546 4954 .
568 4873 653 4943 (α)
682 4870 970 4954 ῥιώθτιὶθ,
993 4873 1345 4954 quzgnantem
1421 4872 1562 4952 erat,
1588 4870 1894 4954 nuncn§._—
1915 4871 2143 4944 Scripta
2174 4874 2217 4940 C

498 4940 651 4999 circa
679 4944 856 4997 ﬁnem
886 4940 1025 4996 anni
1052 4942 1157 4996 363
1184 4940 1273 4997 vel
1306 4940 1538 4996 initium
1570 4956 1704 4995 ann.
1739 4942 1863 4995 364.

569 5014 680 5085 (58)
740 5012 882 5105 [ξατά
939 5010 1262 5105 Ἰοκυλξνρξ.
1339 5013 1543 5105 Regg.
1606 5011 1685 5097 b‘.
1729 5012 1882 5105 "hu‘,
1933 5013 2139 5105 Oxon”,

499 5079 684 5153 Ρθθεί,
718 5088 850 5153 ctc.,
896 5084 1032 5137 κατά
1073 5080 1353 5153 ἘΑλήνων
1404 5079 1491 5136 [uti
1541 5082 1677 5136 κατὰ
1729 5079 2042 5140 Ἰουλιανοῦ.
2078 5079 2139 5142 Id

498 5157 737 5227 quidem
785 5160 936 5212 recte
956 5174 974 5228 7;
998 5173 1145 5228 nam
1188 5158 1355 5226 Greg.
1390 5172 1505 5228 non
1554 5160 1783 5210 tantum
1814 5155 2138 5228 Julianum,

496 5230 597 5284 sed
629 5228 805 5299 etiam
836 5227 1140 5299 genlilium
1172 5227 1625 5299 superstitiones
1669 5229 1940 5299 exagitat.
1976 5227 2135 5283 Colb.

489 5302 543 5354 6.
602 5299 737 5352 κατά
784 5294 1085 5352 Ἰιῖυλιανοῦ
1153 5294 1264 5351 καῖ’
1320 5297 1456 5351 κατὰ
1510 5294 1815 5365 Ἑλλήνων.
1874 5303 2138 5355 Socrates

492 5373 640 5427 Hist.
670 5387 751 5436 ιιι,
786 5387 836 5444 θ.
865 5371 965 5444 23,
986 5374 1152 5424 vocat
1199 5366 1360 5444 λόγον
1410 5368 1544 5443 πρὸς
1588 5366 1888 5439 Ἕλληνας,
1920 5371 1977 5425 id
2030 5376 2138 5439 est,

493 5463 521 5492 «
544 5446 748 5497 contra
779 5440 1056 5496 Gentiles.
1093 5462 1121 5489 ››

566 5512 677 5584 (59)
711 5508 1003 5584 Βασιλέως.
1035 5516 1203 5584 Deest
1220 5513 1289 5584 in
1323 5511 1593 5584 pluribus
1626 5511 1804 5584 Regg.
1839 5516 1896 5566 et
1923 5512 2082 5567 Colb.

565 5581 676 5655 (60)
712 5581 1151 5650 Στηλιτευτικός.
1186 5581 1412 5655 Vox’in
1460 5581 1774 5637 nonnulli—8'
1816 5585 2137 5654 prmmissa,

490 5655 551 5710 in
573 5653 715 5710 aliis
748 5655 1090 5726 postposita-
1144 5653 1317 5727 Λόγος
1352 5655 1700 5709 subauditur
1723 5673 1735 5721 ;
1756 5653 1855 5709 sed
1876 5672 1909 5709 a
1939 5656 2139 5727 pleris-

495 5744 610 5798 que
640 5727 1001 5796 exprimitur.
1028 5727 1212 5782 Reddi
1238 5726 1474 5798 potest:
1500 5749 1527 5775 ‹‹
1555 5727 1756 5781 Sermo
1779 5726 1837 5780 in
1869 5726 2142 5783 columna

492 5797 832 5869 inscriptus.
868 5820 897 5847 »
932 5799 992 5853 Id
1034 5802 1144 5864 est,
1178 5820 1206 5848 «
1250 5797 1442 5853 Oratio
1492 5798 1846 5869 infamatrix,
1895 5812 1998 5853 seu
2048 5798 2140 5869 in-

493 5867 738 5940 vectiva,
770 5871 829 5926 in
859 5887 992 5941 qua,
1023 5870 1183 5941 velut
1212 5869 1270 5924 in
1298 5870 1486 5940 cippo,
1520 5869 1742 5941 ﬂagitia
1770 5867 2019 5938 alicujus
2046 5868 2139 5924 in-

498 5942 716 6012 scripta
745 5939 1009 5997 omnium
1041 5939 1228 5996 oculis
1258 5939 1647 6012 exponuntur.
1677 5962 1704 5988 ››

2156 2592 2213 2658 Α

2738 2618 3141 2737 ΛΟΓΟΣ
3247 2626 3382 2718 Δ².

2237 2768 2379 2822 Κατὰ
2411 2765 2713 2824 Ἰουλιανοῦ
2742 2772 2857 2844 (58)
2894 2769 3163 2845 βασιλέως
3195 2776 3304 2848 (59)
3338 2773 3755 2844 Στηλιτευτικὸς

2943 2848 3185 2918 πρῶτος.

2311 2947 2368 3000 Α¹
2399 2947 2672 3003 Ακούσατε
2702 2947 2886 3021 ταῦτα,
2928 2950 3101 3005 πάντα
3151 2953 3216 3005 τὰ
3278 2948 3396 3021 ἔθνη
3456 2953 3523 3007 τὰ
3553 2946 3702 3020 ἔθνη,
3736 2950 3896 3005 ἐνωτὶ

2238 3037 2393 3089 σασθε
2477 3035 2669 3099 πάντες
2756 3039 2807 3091 οἱ
2896 3044 3267 3102 κατοικοῦντες
3351 3043 3449 3110 τὴν
3544 3042 3892 3113 οἰκουμένην

2238 3128 2392 3178 καλῶ
2449 3127 2552 3201 γὰρ
2614 3126 2871 3197 ἅπαντας,
2936 3127 3116 3204 ὣσπερ
3184 3128 3235 3199 ἐξ
3300 3129 3545 3184 ἀπόπτου
3591 3129 3739 3191 τινὸς
3800 3129 3892 3184 καὶ

2244 3214 2572 3286 μεσαιτάτης
2664 3218 2947 3290 περιωπῆς
3033 3218 3166 3290 (61),
3240 3216 3463 3292 μεγάλῳ
3530 3216 3619 3272 καῖ
3694 3216 3895 3290 ὑψηλῷ

2236 3307 2317 3374 τῷ
2366 3305 2481 3373 (62)
2534 3302 2894 3378 κηρύγματι·
2947 3305 3226 3375 ἀκούσατε,
3274 3305 3418 3378 λαοῖ,
3478 3305 3664 3384 φυλαὶ.
3714 3304 3895 3381 γλῶσ-

2240 3412 2350 3459 σαι,
2408 3397 2509 3445 πᾶν
2570 3393 2724 3466 γένος
2782 3393 3077 3469 ἀνθρώπων
3142 3397 3274 3467 (63),
3327 3397 3417 3449 καὶ
3482 3394 3681 3465 ἡλικία
3731 3401 3896 3463 πᾶσα,

2240 3481 2351 3536 ’ὀσει
2403 3501 2459 3534 τε
2506 3485 2595 3535 νῦν
2639 3481 2774 3554 ἐστε,
2805 3482 2893 3537 καὶ
2953 3481 3068 3538 ὅσοι
3126 3487 3412 3559 γενήσεσθε
3447 3507 3458 3519 ·
3490 3482 3678 3539 καὶῗν¹
3708 3483 3744 3557 ᾖ
3804 3504 3897 3557 μοι

2246 3574 2429 3641 μεῖζον
2499 3571 2561 3624 τὸ
2620 3574 2897 3646 κήρυγμα,
2962 3578 3104 3627 πᾶσα
3164 3570 3386 3645 δύναμις
3455 3578 3562 3627 τῶν
3624 3572 3898 3648 οὐρανῶν,

2242 3657 2435 3720 πάντες
2468 3657 2719 3734 ἄγγελοι,
2779 3660 2858 3721 οἶς
2887 3656 3040 3736 ἔργον
3074 3664 3108 3730 ἡ
3165 3666 3262 3715 τοῦ
3292 3663 3550 3735 τυράννου
3578 3661 3899 3735 κατάλυσις,

2245 3746 2306 3801 οὐ
2336 3749 2427 3801 τὸν
2482 3749 2639 3816 Σηὼν
2684 3750 2795 3821 (64)
2826 3747 3116 3811 καθελοῦσι
3165 3750 3256 3803 τὸν
3296 3749 3520 3824 βασιλέα
3546 3755 3653 3804 τῶν
3686 3749 3899 3823 Ἀμορ-

2246 3836 2431 3912 ῥαίων,
2467 3834 2591 3891 οὐδὲ
2622 3838 2714 3891 τὸν
2746 3841 2847 3913 ’Ώγ
2881 3836 3108 3913 βασιλέα
3135 3845 3235 3907 τῆς
3266 3840 3462 3906 Βασὰν,
3529 3840 3756 3914 μικροὺς
3808 3837 3895 3893 δυ-

2245 3924 2460 3992 νάστας,
2515 3925 2601 3979 καὶ
2666 3928 2856 4002 μικρὸν
2916 3929 3026 4000 (65)
3083 3926 3248 4001 μέρος
3288 3934 3385 3996 τῆς
3420 3928 3742 4001 οἰκουμένης
3800 3948 3897 3982 κα-

2246 4016 2472 4076 κοῦντάς
2503 4015 2593 4069 τὸν
2623 4014 2844 4090 Ἰσραήλ
2870 4035 2882 4048 ’
2937 4013 3082 4069 ἀν.λὰ
3106 4017 3196 4070 τὸν
3230 4013 3509 4090 δράκοντα,
3540 4018 3629 4071 τὸν
3664 4015 3900 4072 ἀποστά-

2248 4125 2370 4175 την,
2427 4103 2519 4158 τὸν
2578 4109 2700 4159 νοῦν
2752 4105 2844 4159 τὸν
2916 4104 3100 4180 μέγαν,
3158 4106 3250 4160 τὸν
3311 4105 3589 4180 Ἀσσύριον
3620 4110 3754 4176 (66),
3804 4108 3897 4161 τὸν

2248 4194 2427 4248 κοινὸν
2483 4191 2729 4247 ἁπάντων
2775 4193 2968 4268 ἐχθρὸν
3020 4194 3109 4248 καὶ
3158 4193 3428 4267 πολέμιον
3460 4195 3549 4249 τὸν
3583 4194 3770 4249 πολλὰ
3804 4196 3897 4268 μὲν

2251 4282 2337 4337 ἐπὶ
2369 4289 2474 4356 γῆς
2511 4284 2737 4355 μανέντα
2767 4282 2854 4337 καὶ
2888 4282 3279 4355 ἀπειλήσαντα,
3312 4281 3527 4351 πολλὴν
3582 4281 3640 4338 δὲ
3684 4282 3895 4338 ἀδικίαν

2249 4372 2326 4434 εἷς
2351 4373 2413 4427 τὸ
2454 4371 2587 4443 ὕψος
2621 4369 2938 4441 λαλήσαντοὶ
2968 4393 3025 4426 τε
3054 4373 3140 4426 καὶ
3177 4371 3561 4444 μελετήσαντα.

2320 4461 2375 4515 Β¹
2433 4460 2653 4528 Ἀκουε,
2723 4458 2934 4533 οὐρανέ,
3014 4459 3101 4513 καὶ
3175 4458 3445 4529 ἐνωτίζον,
3525 4467 3642 4535 γῆ·
3708 4463 3897 4536 καιρὸς

2249 4548 2350 4625 γὰρ
2384 4561 2479 4620 μοι
2508 4548 2576 4602 τὰ
2604 4547 2737 4602 αὐτὰ
2766 4552 2844 4619 τῷ
2896 4547 3402 4627 μεγαλοφωνοτάτῳ
3445 4554 3551 4603 τῶν
3597 4556 3895 4625 προφητῶν

1182 4674 1224 4752 ξε
1258 4679 1408 4752 [Μιιιἒ
1456 4691 1513 4740 v,
1568 4674 1654 4729 19.
1730 4674 1776 4708 ³³
1830 4674 2005 4731 Num.
2085 4694 2137 4732 x1

2253 4679 2344 4749 27,
2374 4676 2463 4733 33.
2541 4676 2586 4711 ⁸ο
2616 4676 2820 4732 Ezech.
2871 4694 3024 4747 xxxx,
3049 4678 3102 4745 4,
3178 4679 3221 4714 ⁴¹
3271 4680 3383 4735 Isa.
3423 4694 3634 4746 xxxvn,
3667 4678 3740 4733 36
3772 4695 3900 4752 seq.

2347 4873 2438 4938 61)
2474 4875 2781 4944 Περιωπῆς.
2816 4873 2953 4944 Reg.
2977 4873 3019 4942 Ι,
3052 4879 3341 4944 περιοπῆς.

2347 4944 2436 5018 63)
2466 4946 2568 5012 Τῷ.
2604 4949 2769 5018 Deest
2798 4945 2857 4998 in
2890 4944 3065 5018 duob.
3100 4944 3275 5018 Regg.
3311 4950 3368 5000 et
3401 4945 3504 5018 Or.
3534 4946 3582 4999 1.

2322 5013 2434 5085 (63)
2463 5018 2578 5089 1Ιᾶνᾷ
2602 5013 2774 5089 γένος,
2805 5021 2913 5071 etc.
2954 5038 2974 5065 ι
3029 5013 3444 5089 Omné'genus
3492 5017 3800 5073 hominum
3843 5024 3899 5074 et

2252 5091 2391 5142 satas
2422 5087 2635 5142 omnis.
2661 5108 2689 5135 ››

2321 5158 2432 5228 (64)
2484 5155 2561 5212 Οὐ
2617 5157 2706 5210 τὸν
2769 5158 2953 5227 Σηών,
3021 5181 3039 5208 α
3103 5158 3209 5222 Qui
3268 5176 3381 5216 non
3444 5158 3631 5214 Sehon
3695 5164 3894 5216 sustu-

2246 5230 2463 5293 lerunt,
2504 5253 2524 5281 ι
2562 5234 2670 5284 etc.

2321 5302 2430 5375 (95)
2472 5299 2573 5354 Καὶ
2628 5300 2888 5374 μικρὸν...
2936 5298 3174 5375 Ἰσραήλ.
3231 5302 3662 5375 «Exiguam...
3711 5302 3892 5358 lsrae-

2250 5370 2361 5426 lem
2396 5370 2764 5437 devexantcs,
2798 5370 3163 5443 sustulerint,
3197 5374 3319 5439 sed,
3356 5397 3378 5424 ι
3417 5370 3523 5428 etc.

2325 5444 2591 5515 (66)_Tbv
2650 5442 2950 5515 ἶΑσσύριον.
3013 5446 3148 5515 Reg.
3214 5445 3331 5509 bm,
3393 5449 3511 5499 tres
3556 5444 3717 5500 Colb.
3778 5449 3885 5497 τῶν

2250 5513 2566 5585 Ἀσσυρίων.
2603 5513 2825 5569 Alludit
2882 5515 2951 5570 ad
3012 5513 3131 5570 haee
3193 5515 3351 5570 Isaiae
3398 5518 3571 5571 verba
3623 5532 3673 5570 θ.
3703 5533 3758 5571 x.
3803 5522 3891 5583 12,

2240 5584 2421 5673 juxta
2458 5584 3067 5673 Ιλξςζηίεπισκξψοιααι,
3100 5584 3206 5671 vel,
3243 5593 3306 5670 ut
3355 5587 3413 5642 in
3454 5587 3584 5673 aliis
3613 5587 3782 5673 libris
3815 5588 3893 5673 le-

2250 5656 2444 5739 gitur:
2510 5654 2743 5739 Ἐπάξει.
2782 5654 3016 5739 ἐπικτὸν
3070 5658 3343 5739 νοῦνπὸν
3403 5656 3592 5739 μέγαν,
3654 5656 3739 5711 ἐπὶ
3800 5660 3890 5712 τὸν

2250 5728 2491 5801 ἄρχοντα
2564 5731 2670 5780 τῶν
2730 5728 3059 5800 Ἀσσυρίων.
3120 5729 3419 5799 Visitabo,
3472 5728 3597 5799 uel,
3659 5732 3898 5787 inducet

2250 5815 2427 5869 super
2457 5816 2697 5856 sensum
2730 5817 3035 5873 magnum,
3064 5818 3240 5874 super
3268 5801 3590 5874 principem
3623 5804 3898 5875 Assyrio-

2249 5886 2401 5925 rum.
2435 5892 2464 5920 ››
