4202 6212
348 395 475 454 533

1343 390 1634 450 ORATIO
1677 389 1783 450 ιν.
1815 422 1894 435 —-
1923 386 2240 450 CONTRA
2282 388 2679 451 JULIANUM
2724 389 2771 450 Ι.

3647 387 3767 447 534

346 520 544 591 Ἠσαίᾳ
575 519 1029 597 συμφθεγξασθαι.
1080 516 1235 587 Πλὴν
1281 516 1403 572 ὅσον
1437 519 1464 572 ὁ
1498 520 1609 591 (67)
1645 518 1739 590 μὲν
1788 515 1873 572 ἐπὶ
1924 520 1999 588 τῷ

2114 518 2225 575 bus
2258 519 2440 575 Isaias
2465 519 2622 575 vocis
2645 517 3011 575 sublimitate
3041 518 3357 591 prophetas
3387 532 3589 574 omnes
3610 525 3765 575 ante-

352 607 578 683 Ἰσραὴλ
660 610 974 678 ἀθετήσαντι
1049 611 1215 661 ταῦτα
1278 605 1436 661 καλεῖ
1487 608 1575 660 καὶ
1634 606 2004 682 μαρτύρεται·

353 698 469 772 ἑγὼ
515 696 572 753 δὲ
643 697 729 752 ἰπὶ
778 696 1025 770 τυράννῳ
1059 742 1073 767 ,
1122 695 1210 750 καὶ
1272 695 1589 766 ἀθετήσαντι
1647 695 1737 749 καὶ
1796 694 2008 749 πεσόντι

350 793 557 861 πτῶμα
584 794 684 856 τῆς
716 780 960 846 ἀσεϐείας
987 782 1153 855 ἄξιον.

429 968 480 1021 Γ¹
508 968 729 1032 ”Δκουε,
769 962 860 1018 καὶ
910 965 944 1032 ἡ
994 967 1090 1017 τοῦ
1145 960 1382 1039 μεγάλου
1428 961 1799 1019 Κωνσταντίου
1830 962 2006 1037 ψυχὴ,

352 1053 519 1116 εἴτις
567 1051 811 1122 αἴσθησις
864 1054 999 1126 (68),
1051 1050 1169 1106 ὅσαι
1217 1072 1276 1106 τε
1325 1055 1439 1121 (69)
1486 1052 1591 1127 πρὸ
1640 1051 1804 1105 αὐτοῦ
1858 1051 2007 1124 βασι-

352 1144 500 1201 λέων
530 1142 903 1220 φιΑόχριστοι·
947 1145 1045 1194 τοῦ
1094 1138 1151 1195 δί
1198 1143 1308 1214 (70)
1360 1140 1449 1194 καὶ
1503 1139 1714 1194 πάντων
1751 1138 2004 1211 μάλιστα,

352 1234 469 1305 ὅσῳ
498 1236 564 1305 τῇ
618 1234 851 1304 Χριστοῦ
899 1229 1249 1301 κληρονομίᾳ
1301 1229 1668 1300 συναυξηθεὶς,
1716 1228 1805 1282 καὶ
1850 1228 2010 1297 αὐξή-

350 1344 449 1384 σας
498 1320 698 1390 ταύτην
741 1320 818 1381 εἰς
867 1316 1117 1390 δύναμιν,
1170 1318 1259 1372 καὶ
1310 1318 1494 1393 χρόνῳ
1548 1313 2005 1391 βεϐαιωσάμενος,

352 1432 496 1465 ωστε
557 1409 646 1464 καὶ
694 1409 903 1462 πάντων
975 1404 1064 1461 διὰ
1127 1410 1287 1461 τοῦτο
1336 1405 1578 1482 γενέσθαι
1624 1410 1732 1460 τῶν
1782 1406 2009 1460 πώποτε

354 1497 626 1576 βασιλέων
687 1496 1157 1569 ὀνομαστότατος,
1215 1493 1283 1568 (ὣ
1338 1503 1439 1563 τῆς
1494 1494 1746 1569 ἐπηρείας
1801 1496 1909 1567 (71)
1942 1496 2008 1567 ἱ)

352 1588 613 1663 ἀγνόημα
661 1586 903 1660 ἠγνόησε
954 1582 1161 1662 σφόδρα
1207 1592 1306 1653 τῆς
1350 1582 1549 1644 οἷ’γείας
1598 1578 1868 1644 εὐσεϐείας
1918 1584 2005 1637 ἀν-

351 1680 524 1747 άξιον·
587 1675 772 1731 ἔλαθεν
831 1674 1130 1751 ἐπιτρέφων
1210 1675 1555 1748 Χριστιανοῖς
1610 1673 1700 1727 τὸν
1772 1677 2005 1747 Χριστοῦ

352 1765 648 1838 πολέμιον,
696 1764 786 1818 καὶ
833 1757 1013 1825 τοῦἤά
1050 1762 1212 1835 μόνον
1259 1766 1368 1817 τῶν
1420 1763 1667 1816 ἁπάντων
1718 1761 1779 1815 οὗ
1820 1759 2003 1823 καλῶς

356 1852 945 1933 ἐφιλανθρωπεύσατο,
1003 1852 1091 1905 καὶ
1150 1854 1315 1905 σῶσαι
1375 1850 1463 1903 καὶ
1527 1848 1839 1925 βασιλεῦσαι

392 1946 403 1953 .
610 1947 636 1953 -
806 1941 818 1953 .
964 1942 1011 1953 ..,
1245 1939 1259 1953 .
1315 1940 1343 1953 η
1443 1938 1462 1953 κ
1520 1938 1533 1953 ι
1849 1938 1861 1953 .
1920 1936 1944 1953 λ
1982 1939 1994 1953 .

349 1946 443 2000 τὸν
502 1947 677 2004 κακῶς
733 1941 823 1995 καὶ
881 1942 1118 1994 σωθέντα
1173 1939 1261 1994 καὶ
1314 1938 1721 2014 βασιλεύσαντα·
1776 1938 1865 1992 καὶ
1916 1936 2004 1992 διὰ

349 2037 514 2088 τοῦτο
551 2030 786 2103 μάλιστα
831 2027 889 2082 ἂν
936 2028 1127 2097 ἡσθείη
1165 2074 1179 2099 ,
1232 2027 1410 2100 ὥσπερ
1458 2029 1527 2097 τῇ
1570 2026 1857 2081 καταλύσει
1901 2035 2003 2096 τῆς

355 2116 621 2188 ἀσεϐείας,
680 2118 769 2173 καί
826 2122 943 2179 τοῖς
1021 2119 1356 2192 Χριστιανῶν
1432 2116 1744 2191 πράγμασιν
1808 2115 1885 2177 εἷς
1940 2117 2003 2171 τὸ

354 2211 588 2284 ἀρχαῖον
642 2205 1053 2276 ἰπανελθοῦσιν,
1106 2205 1250 2259 οὕτω
1300 2202 1366 2272 δὴ
1410 2204 1500 2258 καὶ
1549 2208 1629 2275 τῷ
1678 2203 1861 2279 λόγῳ.
1896 2205 2001 2259 Λό-

352 2320 451 2373 γον
504 2298 609 2373 γὰρ
648 2296 903 2365 ἀναθήσω
944 2299 1024 2366 τῷ
1074 2298 1188 2365 Θεῷ
1234 2295 1617 2369 χαριστήριον,
1666 2292 1840 2362 πάσης
1873 2293 2003 2349 ἀλό-

350 2408 452 2463 γου
501 2385 685 2446 θυσίας
736 2382 1023 2458 ἱερώτερόν
1067 2404 1128 2437 τε
1174 2382 1263 2436 καὶ
1313 2382 1710 2458 καθαρώτερον,
1761 2381 1822 2437 ού
1870 2384 2005 2437 κατὰ

350 2476 487 2537 τοὺς
544 2475 754 2549 ἐναγεῖς
813 2470 1019 2527 ἐκείνου
1078 2470 1273 2547 λόγους
1328 2470 1417 2525 καὶ
1478 2469 1706 2543 λήρους,
1763 2472 1853 2525 καὶ
1906 2474 2003 2534 τὰς

351 2564 702 2639 ἐναγεστέρας
754 2562 959 2632 θυσίας,
1004 2562 1075 2615 ὧν
1123 2564 1159 2631 ἡ
1210 2560 1491 2636 περιουσία
1542 2562 1655 2634 (73)
1683 2558 1773 2614 καί
1817 2560 1879 2615 τὸ
1910 2558 2001 2615 δυ-

351 2655 513 2709 νατὸν
574 2647 816 2713 ἀσεϐείας
862 2652 930 2719 ἦν
982 2646 1249 2721 δύναμις,
1302 2648 1391 2703 καὶ
1442 2648 1664 2726 ἅσοφος,
1708 2646 1776 2703 ἵν’
1834 2648 2005 2712 οὕτως

356 2743 634 2815 ὀνομάσω,
687 2740 864 2819 σοφία·
918 2738 1032 2793 ἐπεὶ
1080 2738 1170 2792 καὶ
1218 2741 1329 2810 (74)
1379 2744 1522 2791 πᾶσα
1579 2741 1613 2807 ἡ
1665 2742 1762 2793 τοῦ
1810 2738 2005 2801 αἰῶνος

349 2833 551 2887 τούτου
581 2828 809 2902 δύναμίς
837 2850 895 2883 τε
938 2828 1029 2882 καὶ
1070 2824 1347 2888 παίδευσις
1388 2825 1440 2881 ἐν
1470 2826 1645 2880 σκότει
1680 2824 2003 2903 διαπορευο-

358 2922 518 2995 μένη,
551 2919 641 2973 καὶ
692 2922 787 2973 τοῦ
813 2924 914 2987 τῆς
965 2915 1226 2987 ἀληθείας
1274 2916 1452 2994 φωτὸς
1485 2914 1674 2991 πόρῥω
1712 2916 2001 2972 πίπτουσα’

354 3009 534 3079 ἐκείνη
575 3009 669 3081 μὶν
703 3005 771 3075 δὴ
802 3006 1026 3074 τοιαύτη
1058 3008 1148 3060 καί
1195 3004 1340 3079 παρὰ
1377 3003 1668 3071 τοιούτοις,
1701 3005 1789 3059 καὶ
1817 3005 2005 3060 τοιαύ-

350 3120 447 3160 τας
504 3094 707 3172 ἕχουσα
748 3096 843 3157 τὰς
893 3093 1237 3169 ἐπικαρπίας,
1286 3091 1412 3146 ὡσεὶ
1449 3092 1650 3169 χόρτος
1698 3092 1838 3169 ταχὺ
1867 3093 2000 3149 ἀπο-

356 3186 745 3263 ζηραινομὲνη,
795 3184 885 3239 καὶ
937 3182 1067 3237 ὡσεὶ
1118 3180 1334 3257 λάχανα
1378 3179 1562 3256 χλόης
1614 3181 1756 3257 ταχὺ
1800 3182 1971 3238 ἀποπί

356 3186 745 3263 ζηραινομὲνη,
795 3184 885 3239 καὶ
937 3182 1067 3237 ὡσεὶ
1118 3180 1334 3257 λάχανα
1378 3179 1562 3256 χλόης
1614 3181 1756 3257 ταχὺ
1800 3174 2078 3320 ἀποπίξΕ

350 3297 581 3343 πτουσα,
614 3275 705 3329 καὶ
757 3276 1087 3328 συναπιοῦσα
1132 3276 1250 3332 τοῖς
1296 3270 1554 3343 πατράσιν
1601 3266 2003 3344 ἀπολλυμένοις

357 3366 473 3438 μετ’
522 3362 703 3440 ἤχου,
753 3362 842 3417 καὶ
892 3358 1362 3438 περιφανεστέροις
1409 3360 1506 3427 τὴν
1561 3364 1765 3415 πτῶσιν
1817 3362 1851 3414 iri
1906 3364 2005 3432 τὴν

353 3448 625 3509 ἆσὲϐειαν.

2119 607 2354 663 cellens.
2379 608 2497 664 Hoc
2528 624 2712 664 unum
2758 609 3020 679 interest,
3053 608 3207 679 quod
3240 606 3337 661 ille
3364 607 3437 662 ob
3465 606 3761 676 Israelem,

2117 698 2218 767 qui
2246 697 2339 752 Dei
2360 696 2548 769 legem
2571 699 2871 768 rejecerat,
2896 712 2965 752 ea
2982 701 3147 752 vocat
3168 700 3343 767 atque
3365 700 3723 752 contestatur
3746 714 3758 751 :

2117 800 2224 855 ego
2256 790 2447 841 autem
2480 786 2553 840 ob
2582 790 2920 857 tyrannum,
2943 784 3043 856 qui
3072 789 3130 841 et
3158 800 3287 840 eam
3320 784 3538 855 rejecit,
3566 787 3623 840 et
3651 786 3760 840 mi-

2118 890 2267 941 sere,
2295 878 2361 929 ut
2390 873 2579 946 ipsius
2607 874 2878 945 impietas
2910 873 3258 943 merebatur,
3292 873 3522 929 occidit.

2191 962 2283 1018 III.
2318 962 2469 1017 Audi
2502 962 2622 1017 haec
2661 962 2837 1017 etiam
2867 962 3189 1017 Constantii
3220 962 3417 1034 magni
3457 961 3675 1029 anima,
3710 962 3761 1018 si

2119 1051 2252 1123 quis
2283 1051 2533 1107 mortuis
2555 1068 2764 1107 sensus
2793 1056 2904 1121 est,
2928 1067 3249 1122 omnesque
3278 1067 3502 1118 eorum,
3528 1052 3624 1123 qui
3658 1052 3764 1107 im-

2117 1141 2343 1213 perium
2368 1145 2500 1196 ante
2520 1142 2716 1212 ipsum
2738 1145 3076 1207 tenuerunt,
3091 1140 3197 1210 pias
3215 1139 3545 1211 Christique
3564 1157 3764 1197 aman-

2114 1237 2204 1286 tes
2238 1230 2447 1285 animaa
2474 1246 2486 1283 :
2510 1246 2711 1285 verum
2742 1229 2838 1285 ille
2870 1246 2983 1301 pra:
3025 1230 3268 1295 caeteris,
3290 1229 3388 1300 qui
3418 1246 3551 1284 cum
3582 1229 3761 1286 simul

2118 1336 2250 1375 cum
2281 1319 2495 1375 Christi
2528 1318 2865 1373 haereditate
2894 1319 3191 1384 crevisset,
3218 1334 3463 1388 eamque
3491 1334 3594 1389 pro
3623 1319 3760 1373 viri-

2117 1409 2227 1463 bus
2259 1409 2537 1477 auxisset,
2559 1408 2963 1479 temporisque
3005 1406 3391 1462 diuturnitate
3419 1407 3761 1463 confirmas-

2117 1502 2226 1567 set,
2261 1498 2403 1552 adeo
2435 1501 2500 1550 ut
2528 1512 2593 1551 eo
2625 1496 2860 1551 nomine
2891 1512 3115 1563 omnes,
3144 1495 3245 1567 qui
3283 1512 3545 1567 unquam
3576 1495 3758 1567 impe-

2116 1588 2201 1643 rio
2241 1586 2410 1657 potiti
2457 1585 2706 1651 fuerant,
2738 1585 3046 1657 splendore
3075 1584 3377 1657 gloriaque
3426 1592 3763 1656 superasset

2115 1675 2170 1746 (0
2220 1674 2500 1746 injuriam
2554 1691 2621 1730 ac
2679 1674 2923 1746 nefasl),
2974 1674 3336 1747 ignoratione
3393 1673 3595 1752 lapsus
3651 1678 3758 1745 est,

2115 1764 2302 1836 ipsius
2333 1764 2546 1835 pietate
2577 1764 2895 1819 admodum
2926 1763 3205 1835 indigna:
3231 1762 3581 1819 Christianis
3601 1763 3764 1819 Chri-

2116 1855 2190 1909 sti
2226 1854 2321 1908 79
2353 1853 2579 1909 hostem
2610 1854 2867 1909 insciens
2916 1852 3079 1920 aluit,
3111 1852 3171 1907 in
3202 1868 3387 1924 eoque
3435 1870 3551 1908 uno
3601 1852 3758 1909 haud

2113 1948 2267 1998 recte
2322 1942 2690 1997 humanitate
2736 1959 2801 1997 ac
2849 1941 3207 2014 benignitate
3253 1958 3400 1997 usus
3446 1946 3568 2011 est,
3602 1944 3759 2014 quod

2112 2048 2247 2087 eum
2287 2035 2344 2086 et
2388 2031 2640 2087 servavit
2667 2035 2724 2085 et
2754 2030 2825 2085 ad
2856 2030 3168 2101 imperium
3220 2031 3425 2100 evexit,
3457 2032 3557 2102 qui
3608 2030 3761 2087 male

2113 2138 2179 2176 ac
2211 2121 2441 2175 funeste
2472 2126 2529 2175 et
2549 2124 2817 2175 servatus
2840 2123 2929 2174 est
2957 2124 3014 2174 et
3034 2119 3346 2190 imperium
3390 2120 3761 2175 administra-

2112 2210 2213 2266 vit.
2247 2215 2435 2281 Atque
2479 2209 2587 2263 hac
2619 2208 2994 2281 potissimum
3024 2208 3095 2263 de
3125 2224 3303 2263 causa
3331 2224 3463 2263 eum
3499 2209 3758 2264 credide-

2113 2299 2245 2365 rim,
2270 2304 2335 2354 ut
2364 2314 2429 2353 ex
2460 2297 2779 2369 impietatis
2824 2296 3201 2368 oppressione
3250 2313 3564 2368 rerumque
3595 2297 3758 2352 Chri-

2114 2388 2438 2443 stianarum
2494 2387 2566 2441 ad
2625 2386 2938 2457 pristinum
2989 2385 3358 2456 splendorem
3409 2386 3620 2454 reditu,
3674 2388 3757 2442 sic

2112 2477 2287 2532 etiam
2320 2493 2390 2532 ex
2427 2476 2535 2531 hac
2566 2475 2824 2531 oratione
2872 2474 3188 2530 maximam
3236 2474 3591 2547 voluptatem
3623 2492 3759 2548 cap-

2114 2571 2335 2621 turum.
2364 2566 2703 2621 Sermonem
2734 2564 2890 2620 enim
2923 2563 3037 2619 Deo
3078 2564 3137 2617 in
3177 2564 3327 2634 grati
3358 2564 3537 2619 animi
3570 2564 3758 2635 signi-

2114 2654 2445 2709 ﬁcationem
2486 2653 2712 2721 dicabo,
2740 2652 2900 2707 omni
2952 2651 3197 2707 rationis
3244 2656 3474 2723 experte
3519 2652 3759 2708 victima

2114 2743 2408 2814 puriorem
2440 2746 2497 2797 et
2527 2741 2902 2813 sanctiorem,
2926 2758 3040 2795 non
3083 2741 3255 2812 juxta
3305 2740 3557 2795 nefarias
3598 2740 3758 2796 illius

2114 2831 2405 2887 orationes
2452 2847 2517 2885 ac
2566 2846 2775 2901 nugas,
2809 2830 3114 2901 magisque
3171 2829 3393 2884 nefaria
3449 2830 3757 2900 sacriﬁcia,

2114 2937 2364 2993 quorum
2408 2920 2745 2990 praestantia
2771 2923 2826 2974 et
2860 2919 3117 2990 potentia
3146 2918 3461 2988 impietatis
3501 2919 3761 2990 potentia

2113 3014 2258 3079 erat,
2289 3017 2343 3064 et
2383 3008 2689 3080 insipiens,
2724 3011 2789 3062 ut
2835 3008 2918 3062 sic
2964 3006 3193 3079 loquar,
3224 3007 3541 3079 sapientia;
3576 3008 3758 3079 siqui-

2113 3100 2243 3154 dem
2278 3098 2470 3153 omnis
2502 3097 2680 3167 hujus
2710 3096 2906 3153 saeculi
2937 3096 3191 3168 potentia
3222 3100 3278 3152 et
3305 3097 3554 3152 eruditio
3585 3098 3643 3152 in
3674 3102 3758 3153 te-

2115 3186 2311 3243 nebris
2372 3185 2723 3253 ambulat“,
2754 3189 2930 3257 atque
2978 3202 3012 3240 a
3061 3184 3317 3241 veritatis
3372 3184 3502 3241 luce
3557 3186 3759 3258 procul

2115 3275 2345 3333 excidit.
2380 3280 2568 3346 Atque
2612 3273 2711 3329 illa
2740 3274 2976 3346 quidem
3016 3272 3154 3329 talis
3182 3279 3271 3330 est
3299 3278 3358 3330 et
3386 3276 3540 3347 apud
3588 3275 3757 3346 tales,

2113 3365 2370 3436 taliaque
2398 3379 2583 3435 operas
2614 3361 2798 3435 pretia
2845 3362 3039 3429 habet,
3065 3362 3231 3434 quasi
3264 3363 3462 3419 fenum
3486 3364 3760 3421 velociter

2115 3469 2405 3519 arescens,
2438 3458 2495 3507 et
2542 3452 3042 3525 quemodmodum
3073 3452 3231 3508 olera
3280 3452 3595 3508 herbarum
3645 3454 3757 3510 cito

352 3545 631 3601 decidens
653 3544 719 3610 ³⁸⁸,
753 3559 817 3597 ac
847 3540 1024 3598 simul
1056 3556 1189 3595 cum
1222 3539 1562 3608 parentibus
1591 3541 1715 3597 suis
1754 3542 2095 3614 abscedens,
2128 3560 2264 3600 cum
2312 3542 2506 3599 sonitu
2539 3542 2920 3615 pereuntibus
2940 3543 3004 3611 ‘5,
3038 3546 3209 3613 atque
3238 3542 3312 3599 ob
3361 3542 3591 3599 ruinam
3639 3543 3755 3600 cla-

345 3633 605 3689 rioribus
637 3648 815 3704 quam
845 3631 918 3685 ob
949 3630 1331 3702 impietatem.

406 3729 456 3775 A’
505 3720 661 3791 Ἐμοί
713 3716 771 3773 δὲ
818 3718 995 3783 θύοντι
1046 3716 1229 3771 θυσίαν
1279 3716 1532 3779 αἰνέσεως
1582 3718 1844 3793 σήμερον,
1894 3721 1983 3774 καὶ

326 3812 429 3879 τήν
464 3808 793 3881 ἀναίμακτον
823 3813 930 3862 τῶν
965 3805 1142 3881 λόγων
1176 3807 1342 3879 τιμὴν
1390 3808 1503 3879 (75)
1544 3806 1851 3879 ἀνάπτοντι,
1904 3808 1984 3871 τίς

327 3897 551 3971 θὲατρον
595 3898 909 3971 περιστήσει
958 3898 1072 3969 (76)
1113 3898 1183 3968 τῇ
1238 3895 1424 3971 χάριτι
1473 3894 1871 3968 παρισούμενον
1908 3916 1921 3965 ;
1952 3898 1986 3965 ἢ

322 3987 409 4048 τίς
436 3986 739 4060 συνηχήσει
786 3983 1009 4060 γλῶσσα
1054 3987 1336 4049 τοσοῦτον,
1391 3982 1589 4037 ὁπόσον
1639 3982 1728 4037 καὶ
1783 3981 1983 4059 βούλο-

329 4097 427 4149 μαι
465 4095 478 4143 ς
518 4075 608 4136 Τίς
656 4074 793 4142 ἀκοὴ
839 4077 918 4145 τῷ
966 4072 1116 4148 λόγῳ
1172 4073 1767 4147 συμπροθυμηθήσεται
1818 4076 1979 4146 (77);

325 4165 427 4219 Καὶ
461 4166 564 4238 γὰρ
614 4162 676 4218 ού
723 4167 802 4233 τῷ
846 4161 1012 4237 Λόγῳ
1067 4160 1227 4233 μόνον
1278 4163 1314 4229 ἡ
1348 4157 1436 4214 διὰ
1467 4159 1633 4235 λόγου
1675 4163 1787 4235 (78)
1817 4160 1978 4237 χάρις

329 4252 635 4323 οἱκειοτάτη
674 4253 808 4325 μετὰ
837 4255 943 4305 τῶν
976 4247 1162 4305 ἄλλων
1198 4250 1270 4303 ὧν
1307 4248 1652 4322 ὀνομάζεται,
1685 4250 1776 4304 καὶ
1814 4250 1980 4323 ταύτῃ

326 4344 580 4419 χαίροντι
609 4345 676 4414 τῇ
706 4339 1049 4417 προσηγορίᾳ
1096 4336 1457 4415 διαφερόντως
1507 4339 1595 4392 καὶ
1642 4343 1711 4413 τῇ
1754 4338 1977 4413 δυνάμει

324 4439 427 4501 τῆς
474 4430 746 4499 κλήσεως·
801 4428 948 4484 ἀλλὰ
993 4428 1225 4500 κάκείνῳ
1282 4427 1561 4504 πρέπουσα
1608 4425 1764 4501 δίκη,
1823 4428 1977 4504 λόγῳ

2166 3722 2254 3777 IV.
2286 3721 2423 3775 Mihi
2456 3724 2651 3776 autem
2700 3720 2982 3776 hodierno
3013 3720 3106 3776 die
3153 3720 3506 3776 sacrificium
3559 3721 3753 3778 laudis

2096 3810 2453 3866 sacrificanti
2478 3810 2542 3877 ‘7,
2592 3814 2768 3880 atque
2800 3810 3172 3865 incruentum
3204 3825 3541 3864 sermonum
3579 3810 3753 3865 bono-

2095 3916 2217 3954 rem
2252 3898 2366 3954 Deo
2412 3899 2797 3968 consecranti,
2821 3898 2956 3969 quis
2986 3898 3277 3968 ejusmodi
3324 3897 3617 3952 theatrum
3651 3914 3750 3953 ex-

2094 3987 2338 4057 hibebit,
2372 3988 2528 4058 quod
2561 3986 2781 4059 accepti
2818 3987 3087 4042 beneficii
3122 3986 3609 4058 magnitudinem,
3642 3988 3751 4042 ad-

2092 4075 2319 4146 aequat?
2357 4081 2457 4131 aut
2487 4093 2614 4147 qua:
2648 4075 2867 4148 lingua,
2902 4092 3005 4146 pro
3036 4091 3102 4130 eo
3132 4091 3198 4130 ac
3228 4074 3421 4145 cupio,
3448 4075 3623 4130 simul
3655 4076 3745 4130 in-

2091 4164 2361 4219 sonabit?
2380 4166 2513 4230 Quae
2537 4164 2696 4219 auris
2720 4179 2917 4234 parem
2943 4164 3200 4219 sermoni
3223 4162 3587 4219 alacritatem
3604 4163 3722 4219 alla

2090 4258 2223 4308 tura
2244 4253 2369 4308 est?
2391 4253 2589 4324 Neque
2619 4252 2774 4307 enim
2807 4252 3093 4307 duntaxat
3117 4252 3325 4319 Verbo,
3351 4269 3418 4308 ea
3437 4252 3588 4324 grati
3610 4253 3739 4308 ani-

2090 4341 2171 4396 mi
2195 4341 2565 4414 signiﬁcatio,
2585 4356 2713 4412 quae
2735 4357 2836 4412 per
2850 4341 3025 4396 verba
3046 4340 3403 4412 rependitur,
3427 4341 3737 4413 aptissima

2088 4435 2145 4487 et
2166 4430 2697 4503 congruentissima
2726 4434 2836 4501 est,
2862 4434 3060 4502 utpote
3081 4434 3289 4502 praeter
3314 4429 3432 4486 alia
3459 4430 3749 4486 vocabula

400 4579 449 4611 “
477 4576 628 4634 Psal.
666 4594 876 4645 Lxxxu,
907 4576 962 4630 5.
1038 4575 1082 4609 ⁴⁶
1112 4573 1264 4630 Psal.
1296 4592 1486 4643 xxxvx,
1517 4578 1571 4631 2.
1648 4576 1693 4611 ⁸⁸
1723 4574 1876 4632 Psal.
1909 4593 1987 4645 1x,
2018 4576 2075 4631 7.
2152 4577 2197 4611 ‘7
2228 4575 2383 4631 Psal.
2416 4592 2569 4645 xux,
2596 4576 2687 4631 23.

404 4721 718 4802 (67).:95301
755 4719 804 4774 ὁ.
858 4718 943 4802 με
1000 4722 1253 4802 quatuor
1301 4718 1502 4791 Regg.,
1553 4722 1671 4775 tres
1719 4719 1880 4776 Colb.
1930 4723 1987 4775 et
2017 4720 2064 4785 D
2095 4717 2363 4802 dolor-)3»

329 4790 472 4849 edit.
502 4790 631 4846 Aldi
666 4792 820 4847 Man.
854 4795 1024 4846 Deest
1049 4791 1078 4843 ὁ
1108 4790 1168 4845 in
1199 4790 1328 4844 Par.

404 4864 519 4934 (68)
569 4858 649 4934 Εἴ(
687 4882 771 4922 τις
828 4858 1095 4934 αἶ’σθησις.
1146 4883 1175 4934 ι(
1230 4860 1291 4916 Si

330 4931 510 4989 tiant.
535 4955 562 4981 ››
594 4932 687 5001 Sic
732 4937 1019 5001 Isocrates
1050 4932 1259 4988 iisdem
1289 4933 1504 4999 verbis,
1526 4934 1626 4989 sed
1680 4931 1851 5001 paulo
1900 4932 1984 4986 fu-

330 5006 503 5087 eius;
542 5000 715 5087 £3.1th
760 4999 899 5058 ἔστιν
928 5001 1175 5087 α’ἷσθησις
1224 5007 1341 5063 τοῖς
1367 4998 1801 5085 ,τετελευτηκόσι
1860 5002 1981 5087 περὶ

328 5081 437 5130 τῶν
484 5071 669 5150 ἐνθάδε
725 5071 1085 5150 γιγνομὲνων,
1120 5097 1148 5125 ‹‹
1178 5077 1236 5150 S_i
1282 5075 1421 5150 quid
1469 5071 1673 5150 eorum
1717 5093 1843 5150 qua:
1869 5071 1985 5150 _hlc

330 5150 483 5203 ﬁunt
521 5148 808 5202 defuncti
838 5149 1169 5204 sentiant.»
1202 5148 1297 5201 Or.
1354 5148 1581 5203 funebri
1631 5148 1688 5201 in
1750 5148 1983 5202 laudem

331 5222 630 5289 Evagoraa.

426 5284 521 5358 69)
555 5288 715 5358 ’Όσαι
743 5308 821 5344 τε.
854 5288 1111 5344 Combef.
1146 5284 1261 5340 ὅσοι
1292 5307 1370 5341 τε.

427 5356 519 5432 70)
550 5364 655 5413 Τοῦ
697 5356 775 5424 δὲ,
804 5367 912 5415 etc.
948 5359 1203 5415 Combef.
1236 5362 1332 5411 τοῦ
1365 5356 1421 5412 δέ
1450 5379 1533 5432 γε.
1560 5383 1585 5409 ‹‹
1625 5358 1785 5413 lllius
1821 5361 1983 5432 enim

333 5431 470 5488 vero
503 5431 773 5487 maxime
823 5434 1113 5500 omnium,
1146 5436 1366 5502 quanto
1418 5431 1534 5485 una
1588 5446 1719 5484 cum
1776 5431 1988 5486 Christi

338 5505 681 5559 haereditate
711 5504 1015 5571 adauctus,
1041 5519 1223 5574 eaque
1253 5519 1356 5572 pro
1376 5503 1603 5557 viribus
1635 5503 1901 5568 adaucta,
1925 5519 1989 5557 ac

339 5576 628 5647 temporis
659 5574 1044 5647 diuturnitate
1074 5574 1435 5647 confirmata.
1464 5596 1490 5623 »

417 5643 534 5718 (⁸7⁷1)
563 5647 629 5720 ’ῼ
674 5647 772 5711 τῆς
823 5643 1113 5720 ἑπηριίαςε
1167 5645 1296 5720 Bill.
1330 5666 1349 5693 α
1385 5661 1698 5720 o_g_ravem
1742 5645 1989 5720 impres-

340 5716 607 5775 sionem!
638 5738 665 5765 »
696 5720 894 5774 Comb.
920 5716 947 5767 (ἒ
981 5734 1013 5773 ο
1045 5716 1292 5772 noxam!
1340 5739 1360 5767 ι
1414 5716 1561 5772 Edit.
1612 5717 1739 5772 Bas.
1769 5739 1796 5767 ‹‹
1844 5717 1988 5788 proh

1348 4861 1486 4931 quid
1540 4860 1797 4916 defuncti
1855 4877 1986 4916 sen-

2167 4790 2282 4861 (72)
2317 4786 2653 4845 Βασιλεῦσαι.
2700 4789 2887 4846 Schol.
2922 4792 3239 4842 ΒασιΛεῦσαι
3287 4794 3536 4857 ποιῆσαι.
3570 4791 3743 4847 Recte

2097 4862 2333 4934 quidem
2369 4863 2440 4917 ad
2473 4862 2735 4934 Gregorii
2775 4867 3032 4917 mentem
3059 4865 3116 4917 et
3144 4861 3214 4916 ad
3266 4862 3575 4934 Scripturae
3608 4879 3740 4919 sen-

2093 4950 2247 4989 sum.
2279 4933 2300 4988 Ι
2331 4934 2470 5004 Reg.
2502 4933 2623 4999 vui,
2654 4934 2744 4988 22.

2164 5004 2277 5076 (73)
2307 5003 2468 5072 Ὧνίή
2501 5003 2807 5076 περιουσία.
2833 5027 2859 5054 ι(
2892 5004 3151 5068 Quorum
3198 5004 3364 5075 copia
3402 5009 3460 5060 et
3488 5005 3595 5073 vis,
3630 5006 3739 5061 im-

2094 5075 2327 5148 pietatis
2356 5077 2446 5148 vis
2477 5075 2621 5148 erat.
2641 5101 2669 5126 η

2164 5148 2278 5217 (74)
2306 5147 2453 5218 Ἐπεὶ
2486 5145 2594 5201 καί.
2629 5170 2656 5196 ‹‹
2690 5146 3012 5218 Siquidem.
3040 5167 3067 5194 )>
3100 5144 3229 5200 ΒὶΙΙ.
3256 5169 3283 5218 ι(
3316 5145 3476 5218 velut
3504 5149 3738 5204 etiam.»

2310 5217 2495 5293 Λόγων
2549 5217 2821 5293 τιμήνεξο
2850 5219 3198 5293 sermonum
3257 5217 3684 5293 holocaustum.
3714 5244 3736 5272 ι

2167 5285 2281 5359 (76)
2330 5285 2925 5363 Περιστήσειζήὃςῇοι.
2970 5285 3163 5363 κύκλῳ
3216 5289 3419 5363 στήσει,
3446 5314 3472 5341 ‹‹
3507 5293 3740 5348 audito-

2097 5378 2227 5484 ru1m
2260 5361 2531 5417 coronam
2565 5361 2879 5417 exhibebit.
2908 5384 2935 5411 ››
2968 5362 3106 5433 Reg.
3142 5362 3263 5429 bm,
3296 5361 3453 5417 Colb.
3485 5363 3539 5434 3,
3571 5384 3741 5437 παρα-

2097 5451 2157 5484 στ
2187 5452 2301 5484 ισει.

2097 5451 2301 5490 στησει,

2167 5468 2941 5578 δῆίΣυμπροθυμηθήσεται.
2976 5504 3153 5576 Regg.
3183 5521 3237 5572 a,
3262 5504 3318 5573 b,
3347 5504 3442 5560 Or.
3479 5507 3530 5573 1,
3562 5526 3737 5578 συμπ-

2100 5576 2483 5649 ροθυμήσετξιιἷ

2169 5639 2369 5720 (78)’Ἡ
2412 5644 2505 5720 διὰ.
2547 5644 2734 5720 λόγου.
2792 5647 2932 5719 Reg.
2991 5648 3111 5702 bm.
3162 5647 3197 5714 ἡ
3249 5639 3441 5720 λόγου.
3492 5647 3621 5702 Bill.
3671 5664 3740 5703 ex

2100 5715 2270 5773 Card.
2298 5720 2333 5787 ἡ
2366 5722 2460 5771 τοῦ
2493 5715 2683 5793 λόγου.
