4202 6212
393 350 519 409 535

1644 345 1710 404 8.
1757 344 2132 407 GREGORII
2176 345 2570 406 THEOLOGI

3691 351 3809 412 536

398 482 617 553 quibus
644 479 997 551 appellatur,
1020 478 1130 533 hoc
1159 492 1394 548 quoque
1423 475 1683 544 nomine,
1707 494 1773 533 ac
1804 477 2043 534 nomini:

2174 473 2504 544 κολάζεσθαι
2560 476 2692 552 ὑπὶρ
2748 483 2847 545 τῆς
2921 477 2995 539 εἷς
3069 477 3271 553 λόγους
3326 479 3666 553 παρανομίας
3700 501 3713 514 ·
3747 484 3823 538 ὧν

400 572 456 626 vi
489 576 544 626 et
578 567 856 624 facultate
887 566 1268 639 singulariter
1296 566 1575 638 gaudenti
1607 584 1619 622 :
1651 583 1851 622 verum
1883 568 2059 623 etiam

397 674 574 731 pasna
605 658 725 712 hinc
757 655 840 710 illi
889 654 1131 726 pulchre
1161 656 1453 722 convenit,
1478 661 1542 709 ut
1589 673 1691 726 pro
1720 673 1787 711 eo
1818 656 2056 724 scelere,

403 748 558 819 quod
591 746 648 800 in
673 761 975 800 sermones
1002 744 1262 814 admisit,
1284 760 1556 800 sermone
1577 746 1890 801 crucietur.
1910 746 2056 800 Nam

2169 574 2366 623 κοινῶν
2419 565 2588 623 ὄντων
2650 567 2899 643 λογικοῖς
2960 571 3152 623 ἅπασιν
3192 616 3206 639 ,
3263 570 3338 631 ὡς
3400 567 3548 626 ἰδίων
3609 572 3820 641 αὐτοῦ,

2169 662 2520 730 Χριπιανοῖς
2568 657 2876 734 ἐφθόνησεν,
2923 658 3247 734 ἀλογώτατα
3291 661 3415 734 περὶ
3470 659 3654 734 λόγων
3701 659 3827 715 δια-

2166 747 2403 818 νοηθείς,
2439 748 2466 799 ὁ
2496 746 2730 816 πάντων,
2765 747 2837 809 ὡς
2869 745 3028 818 ᾤετο,
3063 747 3420 823 λογιώτατος.

403 852 535 891 cum
571 834 656 888 illi
690 833 957 889 omnium
1006 833 1231 889 ratione
1285 833 1662 905 prteditorum
1712 850 2056 890 communes
2085 836 2223 902 sint,
2256 855 2354 893 eos
2387 843 2582 894 tamen
2634 838 2761 910 ipse
2808 843 3089 909 tanquam
3136 838 3245 893 sibi
3300 836 3622 909 peculiares
3652 841 3820 895 Chri-

397 924 607 979 stianis
657 923 971 987 invidebat,
1005 922 1384 979 stolidissime
1433 939 1575 978 sane
1627 924 1698 978 de
1749 925 2120 981 sermonibus
2170 926 2453 999 cogitans,
2488 927 2686 991 homo,
2712 927 2936 997 judicio
2989 943 3118 997 suo,
3163 925 3500 982 mortalium
3551 928 3821 984 omnium

405 1015 887 1069 facundissimus.

474 1090 542 1140 V.
576 1086 841 1140 Primum
873 1083 1012 1155 quia
1043 1083 1286 1139 subdole
1320 1101 1385 1138 ac
1432 1083 1696 1156 improbe
1739 1102 1950 1141 nomen
1983 1084 2056 1142 ad

397 1175 736 1246 opinionem
768 1172 1050 1240 traduxit,
1078 1173 1248 1244 quasi
1293 1189 1484 1228 sermo
1516 1177 1768 1240 Graecus,
1795 1191 1907 1230 non
1942 1175 2052 1230 lin-

399 1280 548 1335 guae,
575 1263 675 1317 sed
705 1261 1003 1332 religionis
1037 1261 1153 1316 sit:
1191 1266 1365 1332 atque
1399 1263 1470 1316 ob
1503 1279 1629 1317 eam
1662 1280 1924 1330 causam,
1947 1262 2058 1319 vel-

401 1358 466 1406 ut
495 1351 668 1407 alieni
702 1349 837 1406 boni
870 1350 1048 1417 fures,
1073 1367 1106 1404 a
1133 1351 1514 1406 sermonibus
1547 1369 1653 1408 nos
1681 1352 1908 1424 abegit:
1935 1369 2060 1424 per-

2236 1088 2311 1144 E'.
2367 1091 2588 1162 Πρῶτον
2643 1087 2760 1158 μὶν,
2803 1085 2883 1141 ὅτι
2931 1085 3247 1162 κακούργως
3294 1088 3394 1155 τὴν
3444 1090 3822 1164 προσηγορίαν

2171 1176 2457 1246 μετέθηκεν
2511 1174 2597 1229 ἐπὶ
2645 1175 2707 1230 τὸ
2757 1173 2948 1230 δοκοῦν
2980 1177 3115 1248 (79),
3170 1174 3352 1252 ὥσπερ
3402 1184 3505 1246 τῆς
3537 1178 3826 1253 θρησκείας

2169 1259 2292 1318 ὄντα
2318 1264 2407 1317 τὸν
2440 1261 2689 1333 Ἕλληνα
2732 1263 2914 1339 λόγον,
2967 1261 3093 1318 ἀλλ’
3139 1264 3201 1318 ού
3257 1271 3355 1333 τῆς
3401 1264 3678 1340 γλώσσης·
3730 1268 3825 1322 καὶ

2170 1349 2258 1406 διὰ
2296 1357 2478 1420 τοῦτο,
2533 1353 2606 1413 ὡς
2656 1352 2955 1428 ἀλλοτρίου
3003 1351 3176 1407 καλοῦ
3227 1359 3435 1430 φῶρας,
3486 1359 3593 1409 τῶν
3643 1355 3824 1430 λόγων

396 1441 532 1496 inde
567 1457 631 1495 ac
663 1440 712 1495 si
740 1456 846 1494 nos
890 1455 1122 1511 quoque
1180 1440 1407 1496 artibus
1436 1439 1573 1508 illis,
1598 1458 1724 1512 qua
1771 1442 1924 1513 apud
1957 1442 2043 1497 80

2167 1444 2313 1514 ἡμᾶς
2363 1439 2638 1512 ἀπήλασεν
2667 1444 2797 1515 (80)·
2834 1441 3016 1518 ὥσπερ
3069 1442 3125 1496 ἂν
3179 1442 3225 1497 εὶ
3271 1443 3360 1497 καὶ
3406 1449 3615 1518 τεχνῶν
3649 1445 3816 1520 εἶρξεν

399 1529 629 1584 Graecos
662 1529 910 1583 inventa;
959 1533 1121 1593 sunt,
1150 1529 1232 1583 uti
1282 1529 1702 1600 prohibuisset,
1726 1530 1905 1602 idque
1954 1548 2061 1586 sua

393 1620 699 1684 interesse,
735 1621 971 1690 propter
1012 1617 1171 1672 vocis
1221 1617 1682 1690 homonymiam,
1708 1620 2055 1690 judicasset.

397 1708 569 1773 Tum,
604 1705 740 1777 quia
774 1706 944 1760 nobis
974 1707 1290 1761 obscurum
1325 1723 1452 1762 esse
1483 1708 1731 1778 putavit,
1764 1709 1821 1763 id
1854 1725 1918 1764 se
1948 1708 2057 1763 mi-

401 1797 558 1851 nime
580 1812 646 1851 eo
670 1794 914 1851 consilio
945 1795 1154 1861 facere,
1174 1800 1240 1850 ut
1270 1795 1502 1868 insigne
1525 1798 1820 1868 quoddam
1852 1802 1909 1852 et
1938 1798 2054 1870 pri-

404 1886 658 1940 marium
693 1884 911 1940 bonum
941 1885 1111 1940 nobis
1142 1884 1648 1957 eriperet,quippe
1673 1886 1773 1959 qui
1804 1886 1910 1942 hos
1941 1903 2056 1943 ser-

397 1991 603 2030 mones
637 1973 922 2044 majorem
954 1974 1130 2028 etiam
1165 1973 1223 2028 in
1255 1974 1496 2029 modum
1521 1991 1940 2046 aspernemur:
1965 1993 2054 2032 ve-

393 2082 523 2120 rum
549 2066 688 2137 quia
710 2064 1033 2137 impietatis
1050 2066 1479 2122 confutationes
1502 2066 2052 2136 extimescebat,vel-

393 2162 458 2210 ut
489 2157 549 2211 in
587 2156 863 2211 dictionis
885 2155 1174 2227 elegantia
1193 2156 1622 2228 verborumque
1652 2157 1940 2214 lenocinio
1960 2175 2051 2213 ro-

392 2246 509 2300 bur
541 2245 846 2314 habentes,
870 2261 937 2300 ac
968 2261 1085 2300 non
1116 2246 1313 2317 potius
1343 2245 1403 2300 in
1435 2246 1694 2302 veritatis
1723 2247 2053 2319 cognitione

392 2339 570 2406 atque
601 2333 1039 2404 argumentis,a
1068 2333 1286 2405 quibus
1317 2333 1516 2389 minus
1542 2335 1833 2405 compesci
1864 2352 1930 2391 ac
1961 2352 2049 2391 re-

392 2422 567 2495 primi
601 2439 941 2494 possumus,
966 2438 1142 2493 quam
1169 2421 1444 2492 inhiberi,
1471 2439 1541 2478 ne
1571 2424 1751 2478 Deum
1777 2424 2050 2480 confitea-

392 2529 545 2579 mur,
575 2528 708 2566 cum
743 2511 1008 2582 linguam
1031 2511 1384 2579 habeamus;
1419 2512 1899 2584 quandoquidem
1931 2530 2050 2570 una

395 2618 528 2656 cum
554 2599 686 2655 aliis
707 2601 882 2656 rebus
900 2616 1229 2656 sermonem
1249 2600 1422 2656 etiam
1445 2601 2050 2673 immolamus,quem-

393 2691 714 2745 admodum
754 2694 812 2745 et
858 2706 1118 2760 corpora,
1143 2691 1374 2760 quoties
1405 2707 1494 2746 res
1529 2690 1609 2746 ita
1656 2699 1792 2746 nata
1849 2692 2044 2759 fuerit,

2167 1533 2340 1603 ἡμᾶς,
2391 1531 2511 1586 ὅσαι
2550 1533 2675 1606 παρ’
2724 1529 2991 1601 Ἕλλησιν
3042 1530 3315 1605 εὕρηνται,
3357 1532 3446 1586 καὶ
3497 1537 3655 1587 τοῦτο
3706 1536 3824 1607 (81)

2169 1619 2438 1697 διαφέρειν
2490 1619 2637 1691 αὐτῷ
2693 1617 2782 1675 διὰ
2825 1621 2924 1688 τὴν
2954 1620 3271 1693 ὁμωνυμίαν
3316 1619 3579 1694 ἐνόμισεν·
3610 1621 3820 1694 ἔπειτα,

2166 1707 2249 1764 ὅτι
2281 1707 2554 1772 λανθάνειν
2587 1711 2737 1781 ἡμᾶς
2786 1704 3074 1780 ὑπέλαϐεν,
3127 1700 3478 1792 οιᾝμάγαθοῦ
3507 1731 3654 1772 τινος
3707 1717 3818 1766 τῶν

2163 1800 2395 1872 πρώτων
2429 1801 2540 1868 (8'2)
2586 1797 2973 1872 ἀποστερήσειν
3025 1795 3271 1870 μέλλων,
3301 1798 3352 1854 οἱ
3382 1819 3442 1875 γε
3484 1801 3572 1854 καὶ
3604 1798 3818 1877 σφόδρα

2161 1887 2387 1950 τούτους
2418 1892 2850 1964 περιφρονοῦμεν
2896 1886 3025 1950 τοὺς
3074 1883 3294 1963 λόγους·
3328 1887 3473 1944 ἀλλά
3501 1889 3626 1953 τοὺς
3657 1888 3810 1965 ὲλὲγ-

2165 1997 2300 2052 χους
2358 1984 2457 2046 τῆς
2509 1971 2752 2038 ἀσεϐείας
2813 1978 2923 2050 (83)
2979 1972 3340 2053 φοϐούμενος,
3404 1977 3584 2054 ὥσπερ
3634 1978 3684 2033 έν
3739 1986 3808 2048 τῆ

2160 2067 2399 2140 κομψείᾳ
2438 2073 2538 2135 τῆς
2587 2064 2783 2136 λέξεως
2831 2066 2929 2134 τὴν
2985 2065 3140 2140 ἰσχὺν
3192 2063 3439 2143 ἔχοντας,
3473 2067 3597 2123 ἀλλ’
3630 2068 3728 2122 οὐκ
3761 2067 3813 2122 έν

2159 2159 2227 2229 τῇ
2271 2155 2462 2230 γνώσει
2517 2162 2617 2223 τῆς
2670 2151 2924 2224 ἀληθείας
2972 2155 3062 2209 καὶ
3108 2161 3224 2217 τοῖς
3282 2155 3680 2229 ἐνθυμήμασιν,
3735 2159 3810 2212 ὢν

2161 2244 2405 2319 ἐπισχεῖν
2438 2246 2582 2316 ἡμᾶς
2632 2241 3030 2320 ἀδυνατώτερον
3077 2246 3193 2318 (84)
3238 2247 3270 2313 ἢ
3299 2246 3390 2299 τὸν
3432 2245 3558 2300 Θεὸν
3607 2244 3813 2318 ὁμολοο

2158 2340 2272 2409 γεῖν
2304 2337 2418 2407 (85)
2448 2332 2698 2408 γλῶσσαν
2737 2330 2984 2409 ἔχοντας·
3020 2331 3134 2388 ἐπεὶ
3185 2334 3274 2389 καὶ
3324 2338 3484 2389 τοῦτο
3537 2335 3673 2407 μετά
3698 2340 3807 2390 τῶν

2159 2421 2345 2479 ἄλλων
2396 2425 2782 2499 ἱερουργοῦμεν
2828 2424 2920 2478 τὸν
2973 2422 3162 2495 λόγον,
3214 2421 3391 2497 ὥσπερ
3441 2423 3509 2478 τὰ
3559 2425 3808 2497 σώματα,

2156 2511 2318 2582 ἡνίκα
2347 2512 2406 2566 ἂν
2439 2511 2527 2566 καὶ
2565 2510 2781 2573 τούτοις
2825 2511 3178 2585 ἀγωνίζεσθαι
3228 2509 3320 2584 δέῃ
3366 2510 3490 2588 περί
3535 2515 3632 2581 τῆς
3665 2512 3808 2582 ἀλη-

2157 2599 2322 2663 θείας·
2357 2598 2494 2653 ὥστε
2525 2599 2552 2652 ὁ
2598 2603 2759 2652 τοῦτο
2806 2599 3108 2674 προστάξας
3158 2598 3472 2668 Ἀττικίζειν
3530 2601 3621 2672 μὲν
3672 2600 3810 2656 ἐκώ-

2157 2687 2303 2757 λυσε,
2351 2688 2414 2742 τὸ
2454 2685 2512 2742 δὲ
2559 2685 2844 2757 ἀληθεύειν
2896 2686 2994 2741 οὐκ
3043 2684 3257 2742 ἔπαυσε·
3299 2686 3391 2742 καί
3437 2690 3500 2743 τὸ
3551 2689 3643 2761 μὶν
3684 2689 3806 2744 ἑαυ-

393 2784 457 2834 ut
489 2779 582 2833 his
605 2795 838 2851 quoque
868 2795 971 2849 pro
994 2777 1254 2834 veritatis
1279 2778 1616 2834 defensione
1648 2779 1924 2834 dimicare
1952 2797 2043 2835 ne-

2164 2782 2248 2830 τοῦ
2299 2777 2491 2849 σαθρὸν
2543 2774 2760 2851 ἤλεγξε,
2809 2774 2936 2838 τοὺς
2995 2776 3263 2852 έΛέγχους
3319 2774 3375 2831 δὶ
3425 2778 3487 2832 οὐ
3542 2775 3804 2855 διέφυγεν·

405 2884 567 2923 ceses
601 2869 697 2923 sit.
717 2869 924 2935 Quare,
950 2867 1050 2938 qui
1109 2867 1218 2922 hoc
1262 2868 1458 2935 edixit,
1486 2867 1672 2923 Attice
1728 2869 1962 2939 quidem
2001 2863 2043 2924 e1

2165 2865 2248 2920 ὅτι
2282 2867 2358 2939 μή
2388 2866 2476 2920 καὶ
2512 2864 2722 2938 μᾶλλον
2772 2865 2988 2928 τούτοις
3034 2866 3222 2921 ὶαυτὸν
3269 2866 3486 2928 ὑποθεὶς
3518 2867 3808 2940 ἠγνόησεν.

390 2957 687 3028 eleganter
719 2956 880 3028 loqui
912 2956 1248 3028 prohibuit:
1277 2962 1357 3025 at,
1381 2974 1453 3012 ne
1484 2974 1618 3012 vera
1646 2957 2041 3029 loqueremur,
2073 2957 2528 3028 haudquaquam
2559 2956 2901 3027 impedivit:
2930 2955 3230 3028 simulque
3258 2963 3314 3012 et
3343 2956 3806 3013 imbecillitatem

395 3061 567 3100 suam
600 3045 879 3116 prodidit,
911 3062 1015 3101 nec
1045 3045 1474 3102 confutationes
1504 3046 1707 3118 effugit
1739 3063 1752 3101 :
1787 3046 1904 3102 imo
1931 3063 2065 3102 vero
2093 3047 2436 3118 imprudens
2467 3062 2595 3101 sese
2625 3044 2718 3099 his
2750 3045 2937 3116 magis
2977 3045 3228 3115 subjecit
3258 3051 3432 3116 atque
3461 3045 3770 3118 implicuit.

465 3135 564 3188 Vl.
597 3134 796 3205 Neque
825 3133 981 3189 enim
1013 3134 1270 3190 hominis
1303 3140 1445 3204 erat,
1466 3135 1554 3190 vel
1594 3135 1892 3207 religionis
1925 3152 2046 3192 suis

392 3240 605 3290 caussa,
628 3223 715 3278 vel
747 3224 890 3296 ipsis
911 3225 1087 3279 etiam
1127 3225 1500 3279 sermonibus
1531 3225 1898 3293 conﬁdentia,
1922 3241 2048 3280 ser-

397 3329 601 3368 mones
659 3318 892 3368 nostros
947 3313 1378 3384 comprimere:
1415 3313 1654 3384 perinde
1702 3330 1768 3368 ac
1816 3313 1865 3368 si
1913 3315 2046 3384 quis

397 3401 753 3457 athletarum
787 3401 1052 3456 omnium
1107 3401 1466 3456 fortissimus
1519 3401 1631 3457 sibi
1665 3401 1946 3470 videatur,
1981 3419 2047 3457 ac

392 3491 626 3562 publico
667 3490 956 3563 praeconio
1005 3491 1282 3545 omnibus
1331 3490 1583 3562 praeferri
1631 3492 1909 3563 postulet,
1943 3492 2044 3562 qui

390 3580 655 3647 edixerit,
694 3595 764 3633 ne
796 3579 1035 3633 fortium
1085 3596 1149 3634 ac
1193 3584 1566 3634 strenuorum
1598 3580 1852 3634 virorum
1889 3581 2045 3635 ullus

391 3674 683 3723 certamen
717 3667 893 3734 ineat,
918 3672 1096 3739 atque
1125 3667 1185 3722 in
1220 3685 1456 3723 arenam
1488 3668 1916 3736 descendat,vel
1945 3671 2044 3741 qui

391 3757 725 3813 membrum
776 3756 1013 3828 aliquod
1065 3755 1405 3828 amputarit,
1436 3756 1493 3811 id
1525 3757 1680 3828 quod
1713 3756 2045 3814 timiditatis

388 3845 605 3916 potius,
631 3860 807 3915 quam
837 3843 1202 3899 fortitudinis
1230 3849 1643 3916 argumentum
1677 3849 1784 3900 est.
1812 3847 2045 3901 Coronis

459 3952 572 4023 (79)
603 3951 903 4019 Μετέθηκεν
929 3949 1016 4003 ἐπὶ
1044 3951 1108 4003 τὸ
1140 3947 1355 4005 δοκοῦν.
1387 3974 1413 4001 υ
1442 3953 1529 4023 Ad
1561 3950 1894 4023 Opinionem
1928 3957 2040 4007 tra-

388 4020 570 4078 duxit.
598 4046 624 4072 n
653 4025 712 4078 Id
746 4029 854 4095 est,
879 4025 950 4077 de
981 4029 1226 4095 cognato
1260 4021 1563 4086 vocabulo,
1586 4020 1822 4095 Ἕλλην,
1846 4046 1865 4071 α
1893 4028 2041 4095 (ὲκ-ω-

389 4112 513 4160 cus,
539 4111 713 4167 »_non
746 4092 1105 4167 linguis,_sed
1141 4094 1444 4166 religionis
1473 4092 1818 4167 vocabulum
1852 4094 2038 4167 duxit,

392 4172 456 4219 ut
490 4185 518 4214 ‹‹
548 4163 803 4220 Graecam
836 4163 866 4213 ὖ
919 4163 1282 4236 Γθιίεἱοηοῐιῐ
1304 4167 1387 4221 sic
1435 4163 1677 4222 subdole
1709 4183 1742 4220 a
1781 4185 1809 4216 «
1844 4163 2039 4221 Chris;

388 4237 549 4289 tiana
581 4257 609 4283 »
641 4236 921 4306 religione
953 4243 1297 4292 secerneret.

460 4307 574 4379 (80)
589 4310 707 4379 ,Τῶν
741 4305 922 4379 λόγων
953 4309 1101 4378 ἡμᾶς
1131 4306 1430 4377 ἀπήλασεν.
1459 4310 1606 4378 Lege
1637 4307 2038 4364 lataJulianus

2230 3135 2289 3201 ζ’.
2343 3131 2419 3190 Οὐ
2481 3133 2584 3208 γὰρ
2643 3132 2970 3208 θαῤῥοῦντος
3027 3136 3090 3200 ἦν
3155 3130 3282 3188 οὔτε
3332 3139 3448 3195 τοῖς
3508 3134 3639 3208 ὑπὲρ
3702 3141 3803 3204 τῆς

2191 3221 2444 3296 ρησκείας
2485 3216 2740 3288 δικαίοις,
2785 3217 2908 3275 οὔτε
2935 3227 3054 3284 τοῖς
3095 3220 3281 3296 λόγοις
3329 3222 3513 3284 αὐτοῖς
3557 3223 3619 3277 τὸ
3667 3222 3795 3284 τοὺς

2154 3312 2452 3386 ἡμετέρους
2510 3309 2750 3386 ἐπίσγειν
2813 3309 3033 3385 λόγους·
3098 3309 3276 3385 ὥσπερ
3327 3310 3384 3364 ἂν
3446 3309 3498 3365 εἷ’
3539 3332 3624 3373 τις
3673 3314 3805 3384 κρα-

2152 3421 2331 3454 τιστον
2367 3399 2552 3453 ἑαυτὸν
2591 3399 2804 3472 νομίζοι
2856 3421 2961 3453 των
3011 3398 3285 3469 ἀθλητῶν,
3317 3400 3405 3453 καὶ
3457 3397 3634 3469 ἀξιοίη
3667 3401 3806 3455 κατά

2154 3489 2367 3543 πάντων
2425 3487 2804 3562 κηρύττεσθαι,
2860 3485 3066 3560 μηδένα
3111 3492 3217 3541 τῶν
3278 3487 3534 3562 γενναίων
3595 3488 3794 3564 ἀγωνί-

2158 3583 2355 3649 ζεσθαι,
2419 3574 2558 3648 μηδὲ
2612 3570 2950 3630 καταϐαίνειν
3012 3576 3086 3637 οἷς
3143 3577 3204 3630 τὸ
3261 3574 3475 3631 στάδιον
3528 3576 3800 3649 ἐπιτάξας,

2153 3664 2189 3735 ἤ
2247 3687 2299 3720 τι
2355 3669 2460 3720 τῶν
2523 3663 2705 3737 μελῶν
2766 3664 3066 3740 περικόψας
3128 3667 3267 3738 (86),
3328 3666 3458 3741 ὅπερ
3518 3663 3804 3742 ἀνανδρίας

2160 3752 2369 3828 μᾶλλον
2447 3752 2481 3823 ἥ
2544 3753 2738 3830 ῥώμης
2789 3757 3107 3830 τεκμήριον.
3163 3756 3310 3811 Κατά
3364 3756 3464 3830 γὰρ
3522 3761 3627 3811 τῶν
3688 3759 3802 3829 (87)

2155 3838 2570 3918 ἀγωνιζομένων
2608 3885 2622 3912 ,
2687 3842 2747 3897 οὐ
2802 3847 2908 3896 τῶν
2988 3839 3098 3897 ἄνω
3173 3843 3544 3917 καθεζομένων
3750 3848 3804 3899 οἱ

2151 3950 2566 4007 obruendum»
2603 3951 2854 4023 appellat
2882 3950 3104 4024 Juliani
3132 3974 3158 4001 ‹‹
3184 3953 3500 4022 decretum,
3527 3974 3554 4002 ι»
3580 3954 3651 4008 de
3683 3971 3802 4024 quo

2148 4029 2345 4078 tamen
2379 4027 2670 4093 Apostatse
2715 4023 2993 4094 gratulari
3043 4024 3342 4089 debuerat,
3376 4025 3426 4079 si
3455 4023 3802 4082 Christianis

2149 4099 2379 4149 tantum
2411 4095 2657 4150 docendi
2691 4093 2910 4150 munus
2943 4093 3358 4151 interdixisset.

2362 4165 2681 4238 Καΐγτοῦτο,
2735 4169 2844 4221 etc.
2893 4165 3069 4237 Regg.
3122 4183 3175 4232 a,
3225 4165 3280 4234 b,
3313 4165 3470 4222 Colb.
3521 4167 3577 4231 6,
3619 4163 3796 4238 τούτῳ

2150 4233 2442 4311 διαφέρειν.
2476 4233 2683 4311 Billius
2719 4253 2786 4292 τις
2820 4233 3046 4309 Easque
3095 4233 3328 4311 propter
3377 4239 3638 4308 ejusdem
3687 4233 3793 4294 nol

2149 4309 2346 4390 minis
2377 4309 2826 4390 appellationem
2851 4326 3013 4390 ‘suas
3041 4324 3173 4390 esse
3205 4309 3488 4388 duxisse}.
3515 4334 3537 4362 ι
3577 4314 3792 4390 Verum

388 4378 738 4453 Qhristianis
762 4379 1063 4453 interdixit
1095 4380 1215 4453 sive
1259 4381 1556 4453 docendis,
1589 4379 1711 4435 sive
1742 4381 2039 4436 discendis
2069 4387 2116 4451 Β
2149 4386 2213 4436 ut
2242 4385 2357 4453 stet
2393 4378 2580 4453 ipsius
2609 4381 2819 4453 versio,
2851 4378 3164 4453 legendum
3216 4398 3318 4453 pro
3362 4378 3544 4448 τοῦτο,
3576 4381 3794 4446 ταύτας,

388 4449 838 4531 humanioribus
888 4449 1119 4532 litteris.
1172 4449 1493 4532 Beronius,
1539 4456 1735 4532 spreta
1782 4463 2037 4532 veterum

386 4523 654 4577 omnium
703 4521 1069 4591 auctoritate,
1102 4522 1476 4588 existimavit,
1509 4521 1638 4576 aliis
1670 4526 1900 4579 tantum
1929 4525 2032 4580 do-

387 4593 588 4648 cendis
644 4593 1021 4649 interdictum
1081 4593 1264 4649 fuisse
1312 4592 1686 4658 Christianis,
1737 4611 1852 4649 non
1902 4611 2033 4650 vero

387 4665 703 4721 discendis.
746 4665 888 4728 Dixi,
915 4685 944 4713 ‹‹
977 4669 1172 4734 spreta
1209 4669 1470 4720 veterum
1517 4665 1781 4719 omnium
1831 4671 2036 4722 aucto-

386 4737 586 4804 ritate;
621 4759 649 4786 ››
681 4755 814 4792 nam
847 4736 1134 4791 Baronius
1183 4735 1308 4807 ipse
1359 4741 1563 4793 contra
1591 4753 1655 4792 se
1684 4736 1826 4791 citat
1872 4734 2033 4792 Ruﬁ-

386 4825 553 4880 num,
613 4808 929 4880 Socratem,
989 4807 2036 4880 SozomenumLAugustinum.«_Et

385 4879 538 4950 quis,
568 4902 596 4929 »
627 4879 821 4950 inquit
850 4878 1267 4944 Montacutius,
1292 4903 1320 4929 «
1354 4876 1572 4935 talibus
1602 4884 1659 4950 et
1685 4879 1864 4950 tantis
1893 4876 2033 4936 viris

385 4947 501 5006 non
539 4947 779 5007 credat?
809 4951 947 5022 Quis
988 4968 1105 5006 non
1155 4953 1351 5007 credat
1397 4948 1670 5022 Gregorio
1719 4947 2031 5007 Nazianze-

383 5022 551 5078 no?»
581 5024 779 5095 (quem
830 5021 1026 5095 etiam
1055 5026 1259 5095 contra
1308 5039 1368 5079 se
1427 5021 1718 5095 potuerat
1751 5023 2033 5080 Baronius

383 5096 585 5167 citare)
610 5091 712 5167 qui
743 5096 989 5167 litteras,
1016 5091 1232 5166 λόγους,
1257 5091 1620 5166 disciplinas,
1644 5093 1876 5151 scholas
1908 5112 2035 5167 pro-

383 5165 999 5238 hibitos'Christianis
1053 5165 1327 5223 omnibus
1382 5165 1715 5238 proﬁtetur;
1776 5165 2032 5237 adeoque

381 5241 502 5309 tam
533 5235 758 5309 discere
787 5255 964 5309 quam
1007 5239 1212 5294 docere
1250 5235 1474 5294 litteras
1505 5238 1866 5294 Christianos
1898 5235 2028 5308 pro-

380 5307 576 5379 hibuit
621 5307 914 5365 Julianus.
949 5311 1017 5365 Et
1063 5316 1216 5366 certe
1249 5311 1294 5367 si
1338 5310 1564 5365 litteras
1612 5310 1834 5365 discere
1885 5307 2030 5379 ipsis

383 5377 767 5451 permisisset,
792 5387 851 5436 et
880 5382 1083 5437 docere
1114 5387 1343 5437 tantum
1377 5381 1792 5450 prohibuisset,
1822 5377 2028 5435 imme-

383 5452 493 5505 rito
523 5453 837 5524 Gregorius
869 5460 986 5507 tam
1021 5453 1244 5509 acerbis
1286 5453 1582 5508 lulianum
1613 5453 1804 5507 verbis
1835 5453 2028 5523 exagi-

381 5529 550 5589 taret,
574 5529 631 5578 et
661 5531 939 5595 tanquam
979 5525 1302 5580 litterarum
1347 5525 1575 5579 hostem
1609 5529 2025 5578 exsecraretur.

381 5595 629 5666 Iniquus
659 5596 716 5651 in
737 5596 1039 5651 Julianum
1062 5596 1149 5651 vel
1174 5596 1300 5667 ipse
1328 5596 1531 5651 fuisset
1552 5597 1678 5666 ejus
1709 5595 2030 5650 admirator

379 5667 728 5723 Ammianus
774 5667 1166 5735 Marcellinus,
1201 5667 1298 5738 qui
1346 5669 1437 5724 bis
1489 5667 1589 5723 lib.
1625 5683 1763 5735 xxn,
1795 5684 1857 5738 ρ.
1884 5667 2022 5734 222;

380 5738 481 5794 lib.
517 5758 641 5810 xxv,
692 5758 745 5812 p.
779 5741 906 5808 29/1,
934 5760 960 5792 α
1005 5737 1325 5796 inclemens
1384 5744 1440 5796 et
1496 5739 1734 5812 perenni
1793 5737 2024 5796 silentio

2148 4458 2205 4508 et
2233 4447 2380 4526 αὖτῴ
2415 4447 2534 4526 ξρπο
2582 4449 2747 4526 αὐτῷ,
2800 4447 3370 4526 vel_'subaud.'cum
3431 4447 3632 4509 Comb.
3665 4460 3796 4526 post

2144 4527 2329 4586 τοῦτο,
2354 4519 2542 4597 λόγων
2575 4519 2767 4597 καλόν.
2800 4523 2948 4597 Vide
2973 4525 3189 4597 11.7101.

2217 4596 2331 4666 (82)
2364 4593 2478 4648 Τῶν
2507 4595 2760 4667 πρώτων.
2794 4597 2854 4649 In
2896 4593 3164 4667 pluribus
3207 4596 3387 4667 Regg.
3420 4601 3476 4651 et
3505 4595 3660 4652 Colb.
3695 4597 3792 4651 de-

2143 4672 2341 4806 M12188)
2369 4731 2658 4796 Ἀσεϐείας.
2692 4734 2837 4791 Edit.
2885 4736 3013 4792 Ald.
3048 4741 3105 4793 et
3143 4735 3311 4793 Herv.
3347 4735 3635 4798 εύσεοείας.
3666 4738 3793 4792 Non

2145 4810 2476 4890 spernenda
2505 4809 2693 4874 lectio,
2726 4825 2903 4880 quam
2931 4815 3128 4864 tamen
3181 4810 3240 4864 in
3289 4808 3449 4866 nullo
3482 4811 3677 4867 codice
3704 4827 3796 4864 re-

2185 4897 2425 4935 erimus.

2185 4897 2425 4935 erimus.

2143 4897 2180 4952 Ρ
2359 4944 2811 5026 ’ᾼδυνατώτῇερομ
2849 4950 3096 5026 Sancyg,
3130 4949 3190 5026 ού
3223 4947 3607 5026 δυνατώτερον.

2213 4969 2324 5022 (δι)
2360 4969 2811 5023 Αουνατωτερον.
2849 4969 2999 5006 banc
3041 4969 3096 5023 g.
3130 4970 3190 5003 ου
3223 4969 3607 5026 ουνατωτερον.

2213 5025 2326 5094 (85)
2355 5022 2450 5076 Τὸν
2487 5021 2615 5076 Θεὸν
2651 5017 2970 5095 ὁμολογεῖν.
3003 4969 3195 5095 ἔοὺοὶ.
3235 5023 3309 5094 μὴ
3345 5021 3654 5095 ὁμολογεῖν.

2216 5090 2325 5168 (86)
2357 5099 2432 5168 ’Ἠ
2456 5113 2507 5145 τι
2526 5096 2643 5168 *τῶν
2674 5090 2856 5164 μελῶν
2878 5090 3309 5168 περικόψνας.νῐια
3329 5090 3498 5151 ΟὸὶεΙ.
3525 5090 3576 5162 ί,
3605 5095 3790 5161 Pass.,

2142 5165 2292 5219 Elias
2324 5171 2380 5220 et
2409 5165 2585 5220 Savil.
2620 5169 2748 5219 Haac
2781 5165 3057 5220 omiserat
3091 5165 3314 5221 Billius.

2210 5237 2323 5307 (87)
2358 5237 2503 5292 Κατά
2543 5236 2646 5310 γὰρ
2694 5239 2823 5306 τῶν,
2858 5241 2966 5291 etc.
3003 5258 3031 5287 «
3078 5237 3156 5292 De
3205 5238 3276 5293 iis
3327 5240 3480 5292 enim
3533 5239 3633 5310 qui
3683 5253 3791 5310 pus

2140 5315 2344 5380 gnant,
2378 5307 3027 5380 coronis'reportantur,
3063 5325 3175 5363 non
3211 5316 3407 5364 autem
3439 5310 3509 5364 de
3539 5307 3658 5363 illis
3688 5308 3792 5380 qui

2140 5379 2199 5452 in
2232 5380 2518 5450 superiori
2550 5379 2731 5452 gradu
2766 5382 2984 5452 sedent.
3012 5401 3039 5452 ν
3077 5381 3305 5452 Deridet
3335 5381 3648 5452 Gregorius
3677 5380 3789 5434 Ju-

2138 5450 2384 5519 lianum,
2410 5455 2532 5522 qui,
2556 5450 2785 5506 sublato
2817 5451 3164 5505 Christianis
3195 5450 3520 5507 litterarum
3571 5453 3789 5518 studio,

2137 5522 2332 5594 inepte
2361 5541 2459 5578 eos
2491 5540 2551 5577 se
2583 5523 2872 5594 victurum
2903 5523 3194 5594 sperabat.

2209 5592 2320 5664 (88)
2353 5593 2756 5661 Καθεζομένων.
2793 5594 2895 5648 Hic
2946 5593 3332 5666 Ἀγωνοθὲτας,
3455 5599 3563 5666 est,
3585 5616 3619 5666 7«
3653 5593 3785 5648 Cer-

2137 5663 2429 5747 taminum
2467 5666 2699 5737 judices
2744 5682 2810 5722 ac
2862 5663 3140 5737 praesides
3183 5689 3212 5715 »
3243 5663 3518 5736 intelligit
3565 5665 3786 5736 Grego-

2137 5753 2282 5793 rius.
