4202 6212
3668 403 3789 465 538

356 530 636 608 στέφανοι⁹
692 527 783 583 καὶ
840 532 946 582 τῶν
1004 526 1150 595 πάσῃ
1209 531 1301 603 τῇσ
1365 527 1527 604 ῥώμῃ
1573 531 1905 605 χρωμένων,
1952 532 2014 586 οὐ

2132 534 2346 606 quippe
2373 536 2655 590 adversus
2684 538 3045 607 pugnantes,
3080 550 3196 589 non
3227 538 3424 591 autem
3472 550 3653 607 supra
3690 550 3788 592 se-

350 624 468 675 τῶν
538 618 953 693 περιῃρημὲνων
1003 616 1066 672 τὸ
1113 615 1260 673 πολὺ
1305 620 1403 686 τῆς
1472 615 1793 691 δυνάμεως.
1844 620 1908 675 Et
1959 618 2016 675 δὶ

2132 624 2354 691 dentes,
2387 627 2806 697 comparantur
2838 639 2849 677 :
2886 628 2942 679 et
2972 624 3253 681 adversus
3292 640 3413 693 eos,
3466 626 3567 695 qui
3610 627 3789 681 robur

360 708 514 770 ὅλως
547 706 810 782 συμμίξαι
840 707 929 762 καὶ
974 706 1049 769 εἰς
1100 711 1291 783 χεῖρας
1330 705 1506 771 ἐλθεῖν
1538 703 1839 785 ἐφοϐήθης,
1874 708 2016 781 αὐτῷ

2133 728 2304 767 omne
2335 728 2509 768 suum
2543 714 2614 768 ad
2646 718 2938 768 certamen
2971 713 3268 780 adhibent,
3296 729 3410 767 non
3444 713 3541 783 qui
3572 728 3787 785 magna

358 797 547 870 τούτῳ
574 798 674 865 τήν
704 798 871 865 ¹ἧτταν
927 793 1149 868 ἔδειξας,
1199 797 1291 851 καὶ
1336 802 1486 867 νικᾷν
1534 798 1735 870 ὑπῆρξὲ
1787 819 1878 871 μοι
1908 800 2016 874 (89)

2132 800 2341 856 virium
2378 806 2536 873 parte
2567 802 2819 856 truncati
2851 806 3009 856 sunt.
3041 803 3203 868 Quod
3246 802 3297 856 si
3347 801 3585 857 omnino
3616 803 3788 873 signa

369 885 517 961 μηδέ
547 886 931 962 ἠγωνισμένῳ,
963 886 1020 940 ’ὀν
1049 887 1163 959 (90)
1206 885 1459 962 ἠγωνίσω
1508 887 1584 959 μὴ
1634 886 2016 962 ἀγωνίσασθαι.

2132 890 2412 958 conferre,
2443 905 2773 961 manusque
2798 905 3102 945 conserere
3131 889 3351 945 veritus
3396 905 3478 959 es,
3511 890 3622 946 hoc
3653 892 3783 963 ipso

359 980 542 1031 Ταῦτα
576 976 669 1048 μὶν
704 976 732 1029 ὁ
775 976 942 1053 σοφὸς
987 977 1123 1047 ἡμῖν
1178 972 1433 1049 βασιλεύς
1478 996 1537 1029 τε
1582 976 1671 1055 καὶ
1701 976 2016 1049 νομοθέτης,

2132 983 2185 1033 te
2218 979 2432 1034 victum
2468 995 2593 1034 esse
2625 977 2956 1047 declarasti,
2991 978 3253 1049 mihique
3282 978 3455 1033 etiam
3504 979 3630 1034 sine
3663 979 3784 1035 ulla

361 1066 550 1139 ὥσπερ
582 1061 813 1138 (91)*ίνα
861 1061 1028 1136 μηδὶν
1078 1062 1243 1119 αὐτοῦ
1277 1070 1379 1134 τῆς
1425 1064 1739 1141 τυραννίδος
1786 1065 2016 1141 ἄμοιρον

2132 1068 2504 1123 dimicatione
2535 1066 2790 1140 palmam
2822 1066 3065 1138 adipisci
3098 1065 3283 1134 licuit,
3308 1068 3449 1121 dum
3478 1072 3782 1140 tantopere

358 1157 424 1227 ᾖ,
474 1154 566 1209 καὶ
623 1152 944 1228 προκηρύεῃ
994 1153 1095 1221 τήν
1157 1150 1385 1228 ἀλογίαν
1440 1152 1493 1207 ἐν
1554 1154 1701 1230 ἀρχῇ
1917 1162 2016 1225 τῆς

2132 1157 2235 1211 abs
2264 1160 2320 1211 te
2351 1156 2698 1212 dimicatum
2756 1159 2865 1225 est,
2913 1171 2983 1210 ne
3029 1154 3464 1210 dimicationem
3531 1157 3782 1213 subires.

355 1245 560 1298 ἑαυτοῦ
616 1240 919 1318 βασιλείας,
964 1244 1299 1319 τυραννήσας
1347 1243 1454 1317 πρὸ
1501 1246 1607 1297 τῶν
1655 1242 1842 1298 ἄλλων
1890 1243 2016 1307 τοὺς

2132 1249 2320 1316 Atque
2350 1245 2471 1300 hinc
2501 1245 2741 1316 quidem
2775 1244 3010 1315 sapiens
3041 1249 3241 1299 noster
3269 1243 3588 1315 imperator
3617 1249 3673 1299 et
3701 1244 3783 1300 le-

354 1331 582 1407 λόγους’
618 1334 754 1405 ἡμῖν
805 1329 862 1386 δὶ
911 1329 1078 1386 καλὸν
1128 1331 1218 1385 καὶ
1267 1331 1400 1405 ὑπερ
1445 1335 1555 1386 τῶν
1604 1329 1785 1407 λόγων
1835 1333 2016 1388 αὐτῶν

2133 1333 2375 1406 gislator
2401 1358 2415 1402 ;
2444 1335 2566 1405 qui,
2600 1350 2674 1389 ne
2720 1332 3047 1405 tyrannidis
3078 1349 3197 1387 suae
3228 1326 3550 1403 quidquam
3582 1348 3787 1403 expers

357 1420 656 1497 ὁμολογεῖν
705 1425 785 1492 τῷ
828 1424 943 1492 θεῷ
988 1418 1172 1495 χάριν,
1219 1421 1321 1489 τήν
1368 1418 1670 1497 ἰλευθερίαν
1717 1416 2016 1477 ἀπολαϐόν-

2132 1428 2521 1491 esset,verum
2542 1422 2727 1478 bruta)
2761 1421 3101 1477 stoliditatis
3131 1420 3384 1476 edictum
3421 1426 3788 1493 proponeret,

357 1531 495 1567 των·
542 1510 632 1566 καὶ
685 1508 921 1584 μάλιστα
966 1510 1060 1582 μὶν
1105 1508 1195 1564 καὶ
1241 1514 1362 1573 τοῖς
1407 1507 1604 1572 ἄλλοις
1644 1516 1809 1583 τιμᾷν
1862 1510 2016 1567 αὐτὸν

2132 1514 2223 1569 81
2265 1513 2322 1568 in
2356 1513 2594 1585 imperii
2626 1513 2718 1569 sui
2750 1512 3052 1584 auspiciis,
3085 1517 3219 1567 ante
3248 1512 3447 1567 omnia
3480 1511 3613 1582 alia,
3666 1528 3787 1568 ser-

356 1601 672 1672 ἆναθήμασι
721 1596 1082 1677 φειδομένους
1131 1599 1243 1672 (93)
1298 1595 1552 1671 μηδενὸς,
1608 1601 1749 1672 μήτε
1792 1598 2016 1675 χρημά-

2132 1619 2333 1659 mones
2352 1603 2668 1675 tyrannide
2700 1602 3010 1675 oppressit.
3034 1600 3212 1656 Nobis
3243 1604 3439 1656 autem
3471 1600 3786 1656 honestum

360 1711 475 1744 των
527 1691 665 1762 μήτε
714 1687 1047 1761 κτημάτων,
1098 1687 1171 1757 ἃ,
1218 1691 1317 1742 τοῦ
1362 1692 1554 1761 καιροῦ
1612 1688 1874 1765 γενόμενα
1928 1690 2016 1744 καὶ

2132 1697 2185 1748 et
2212 1691 2557 1764 praeclarum
2593 1692 2770 1747 fuerit
2799 1708 2901 1763 pro
2934 1690 3079 1762 ipsis
3123 1706 3359 1761 quoque
3392 1690 3783 1760 sermonibus,

358 402 483 463 537
1062 404 1065 407 ’
1354 399 1650 461 ORATIO
1689 399 1801 462 IV.
1831 432 1911 444 --
1940 401 2257 463 CONTRA
2299 402 2704 466 JULIANUM
2746 403 2796 464 Ι.

358 1785 466 1848 τῆς
495 1774 828 1853 τυραννίδος,
878 1779 914 1847 ἢ
962 1776 1346 1855 φιλανθρωπία
1389 1780 1487 1831 τοῦ
1519 1781 1652 1833 Θεοῦ
1701 1774 2016 1849 διεσώσατο,

364 1871 535 1939 τιμᾷν
568 1864 627 1921 δὶ
672 1865 779 1942 πρὸ
807 1869 913 1921 τῶν
965 1864 1150 1921 ἄλλων
1182 1870 1297 1928 τοῖς
1326 1864 1538 1941 λόγοις,
1571 1870 1639 1933 τῇ
1682 1864 1862 1939 δικαίᾳ
1887 1887 2018 1944 καρ-

367 1955 615 2033 ποφορίᾳ
641 1954 732 2010 καὶ
773 1958 932 2029 κοινῇ
982 1956 1219 2025 πάντων,
1252 1953 1367 2010 ὅσοι
1414 1962 1515 2025 τῆς
1567 1956 1796 2030 χάριτος
1849 1976 2024 2029 μετει-

378 2044 644 2123 λήφασιν.
675 2042 833 2101 ³Δλλ’
864 2046 892 2099 ὁ
926 2044 1018 2117 μὲν
1043 2046 1156 2118 (94)
1183 2044 1317 2121 ὑπὲρ
1365 2048 1471 2099 τῶν
1505 2042 1683 2121 λόγων
1735 2042 1902 2120 λόγος
1931 2066 2026 2101 το-

2054 1921 2103 1987 Β

2134 1782 2354 1854 quibus
2398 1782 2637 1837 libertas
2686 1780 2953 1837 restituta
3000 1784 3112 1847 est,
3164 1781 3276 1835 Deo
3324 1778 3544 1851 gratias
3593 1795 3783 1851 agere,

2134 1886 2389 1943 eumque
2417 1874 2543 1925 tum
2569 1869 2779 1925 votivis
2808 1869 3151 1924 muneribus
3203 1868 3510 1936 honorare,
3544 1883 3646 1923 nec
3681 1884 3784 1940 pe-

2136 1959 2328 2015 cuniis
2358 1958 2669 2029 parcendo,
2704 1974 2812 2013 nec
2851 1956 3061 2029 opibus
3090 1962 3148 2012 et
3191 1956 3464 2021 fortunis,
3497 1973 3644 2028 quas
3675 1956 3785 2013 sub

2136 2048 2420 2119 temporis
2448 2051 2507 2103 et
2543 2046 2901 2119 tyrrannidis
2948 2050 3234 2118 potestate
3280 2046 3652 2116 constitutas,
3685 2045 3787 2100 Dei

376 2136 599 2196 σοῦτος·
640 2131 732 2188 τίνα
784 2134 883 2207 μὴ,
937 2133 1267 2209 μακρότερον
1318 2134 1691 2197 ἀποτείνοντες
1714 2181 1733 2208 ,
1782 2131 1883 2205 ἔξω
1930 2139 2016 2190 rei

2138 2135 2543 2192 misericordia
2570 2135 2972 2203 conservavit;
3000 2140 3125 2189 tum
3156 2134 3475 2206 praesertim
3507 2134 3788 2189 sermoni-

381 2226 578 2295 καιροῦ
619 2223 732 2297 (95)
762 2221 1070 2296 πίπτωμεν,
1090 2222 1178 2277 καὶ
1210 2220 1350 2278 ἄλλο
1377 2244 1429 2278 τι
1465 2221 1678 2296 μᾶλλον
1709 2221 2027 2294 σπουδάζειν

379 2309 628 2385 δοκῶμεν
655 2312 691 2381 ἢ
720 2310 781 2366 οὗ
810 2314 971 2389 χάριν
1000 2309 1436 2387 συνεληλύθαμεν

2139 2226 2271 2295 bus,
2307 2225 2412 2281 hoc
2442 2229 2533 2280 est
2557 2226 2722 2296 justa
2749 2223 3060 2292 oblatione,
3081 2224 3494 2295 omnibusque,
3528 2223 3627 2294 qui
3657 2240 3786 2293 gra-

2138 2314 2231 2369 tias
2262 2313 2573 2386 participes
2603 2314 2857 2379 fuerunt,
2896 2313 3217 2369 communi.
3262 2315 3449 2383 Atque
3501 2312 3595 2366 hic
3645 2327 3784 2367 sane

366 2418 477 2473 pro
508 2401 881 2458 sermonibus
919 2402 1229 2458 institutus
1259 2418 1454 2458 sermo
1484 2402 1661 2459 ﬁnem
1681 2403 1913 2471 habeat,
1944 2419 2017 2460 ne
2041 2419 2176 2459 eum
2207 2401 2441 2475 longius
2480 2403 2891 2474 producentes,
2920 2401 3340 2457 mediocritatis
3371 2401 3517 2457 fines
3549 2401 3787 2457 exceda-

367 2506 528 2559 mus,
556 2496 731 2561 atque
762 2490 920 2546 aliud
952 2490 1232 2562 quiddam
1264 2491 1459 2563 potius
1491 2507 1662 2565 agere
1680 2492 2006 2560 videamur,
2038 2506 2214 2564 quam
2244 2491 2304 2547 id
2338 2492 2510 2563 cujus
2541 2506 2721 2547 causa
2753 2490 3153 2546 convenimus.

439 2605 510 2663 Z'.
549 2602 692 2676 Ἤδη
728 2603 785 2660 δὲ
818 2627 908 2679 μοι
943 2602 1093 2678 πηδᾷ
1139 2606 1229 2661 καὶ
1254 2603 1396 2661 ’ίεται
1427 2607 1565 2685 πρὸς
1610 2608 2023 2684 πανηγυρισμὸν

362 2694 397 2749 ὁ
445 2691 609 2771 λόγος
643 2738 662 2767 ,
714 2693 806 2749 καὶ
856 2698 976 2759 τοῖς
1037 2696 1339 2770 ὁρωμένοις
1397 2692 1876 2775 συμφαιδρύνεται,
1933 2694 2022 2751 καὶ

363 2779 532 2837 καλεῖ
582 2784 782 2845 πάντας
850 2783 925 2846 εἷς
1001 2784 1222 2861 χορείαν
1301 2786 1695 2859 πνευματικὴν,
1773 2783 1892 2840 ὅσοι
1965 2805 2025 2840 τε

360 2870 640 2943 νηστείαις
669 2870 758 2928 καὶ
797 2870 1085 2946 κλαυθμῷ,
1126 2872 1216 2927 καὶ
1268 2870 1447 2944 δεήσει
1495 2875 1608 2948 (97)
1652 2874 2020 2950 προσέκειντο,

362 2962 559 3023 νυκτὸς
613 2958 702 3016 καί
758 2961 968 3037 ἡμέρας
1024 2960 1350 3034 αἰτούμενοι
1406 2964 1518 3035 (98)
1587 2959 1856 3040 λύτρωσιν
1911 2965 2020 3017 τῶν

366 3048 715 3125 κατεχόντων
762 3050 1017 3124 ἀνιαρῶν,
1068 3050 1157 3105 καὶ
1208 3048 1378 3121 δεξιὸν
1430 3049 1626 3113 ἐντοῖς
1655 3056 1841 3114 κακοῖς
1884 3050 2016 3129 φάρ-

368 3160 563 3214 μακον,
622 3140 721 3207 τὴν
782 3138 844 3193 οὗ
902 3137 1362 3213 καταισχύνουσαν
1422 3136 1618 3194 ἐλπίδα
1672 3139 2014 3213 ποιούμενοι*

364 3227 488 3283 ὅσοι
535 3248 634 3294 τε,
683 3226 957 3303 μεγάλους
1007 3226 1327 3290 ἀνατλάντες
1376 3227 1590 3303 ἀγῶνας
1635 3229 1725 3283 καὶ
1774 3226 2015 3297 ἄθλους,
2050 3262 2094 3328 C

358 3315 455 3371 καὶ
488 3313 727 3378 πολλαῖς
758 3314 1058 3391 πληγέντες
1088 3315 1177 3371 καὶ
1210 3315 1482 3391 χαλεπαῖς
1511 3321 1607 3372 τοῦ
1627 3320 1818 3393 καιροῦ
1848 3338 2016 3394 προσ-

368 3399 589 3474 ϐολαῖς,
646 3405 867 3480 θέατρον
925 3403 1247 3481 ἐγενήθησαν
1306 3409 1386 3478 τῷ
1439 3406 1653 3480 κόσμῳ,
1711 3406 1799 3461 καὶ
1854 3406 2017 3483 ἀγγε-

361 3494 485 3555 λοις
518 3540 534 3566 ,
591 3492 677 3548 καὶ
729 3492 1037 3569 ἀνθρώποις
1077 3538 1090 3562 ,
1150 3495 1286 3548 κατὰ
1339 3496 1439 3563 τὴν
1511 3500 1609 3550 τοῦ
1678 3495 2017 3551 Ἀποστόλου

359 3584 573 3660 φωνήν·
605 3583 790 3638 καὶτὰ
842 3582 936 3655 μὲν
977 3584 1203 3656 σώματα
1252 3584 1570 3656 κάμνοντες,
1599 3584 1693 3647 τὰς
1742 3580 1799 3639 δὲ
1838 3585 2019 3661 ψυχὰς

362 3673 628 3741 ἀήττητοι
674 3669 1042 3743 διαμείναντες
1071 3716 1084 3741 ,
1137 3674 1226 3727 καὶ
1274 3675 1447 3728 πάντα
1496 3670 1778 3749 ἷσχύοντες
1842 3674 1894 3729 ἐν
1937 3678 2018 3747 τῷ

363 3757 691 3833 δυναμοῦντι
716 3762 831 3835 (99)
876 3760 1069 3824 αὐτοὺς
1112 3762 1328 3835 Χριστῷ
1376 3758 1493 3815 ὅσοι
1522 3782 1582 3815 τε
1610 3764 1709 3835 (1),
1745 3763 2013 3835 κοσμικὴν

362 3847 688 3923 ἀποθέμενοι
718 3848 907 3912 κακίας
959 3848 1094 3919 ὅλην
1142 3850 1232 3904 καὶ
1288 3846 1616 3917 δυναστείαν,
1649 3850 1684 3918 ἢ
1714 3850 1813 3919 τήν
1844 3852 2014 3927 ἁρπα-

360 3937 470 4011 γῆν
521 3939 628 3993 τῶν
681 3938 1039 4014 ὑπαρχόντων
1095 3938 1227 4011 μετὰ
1276 3944 1452 4014 χαρᾶς
1502 3935 1948 4012 προσδεξάμενοι,
1981 3941 2016 4009 ἢ

357 4033 461 4095 τῆς
492 4026 717 4093 ἑαυτῶν,
766 4027 796 4082 ’ὀ
836 4025 902 4096 δὴ
956 4025 1191 4102 λέγεται,
1246 4025 1663 4105 φυγαδευθέντες
1706 4024 1929 4097 ἀδίκως,
1977 4030 2012 4098 ἢ

358 4113 593 4192 ἀνδρῶν,
640 4116 674 4185 ἣ
720 4120 1006 4193 γυναικῶν,
1058 4117 1093 4185 ἢ
1142 4118 1375 4192 γονέων,
1426 4116 1460 4185 ἢ
1511 4115 1734 4186 τέκνων,
1778 4117 1812 4187 ἢ
1866 4116 2013 4182 ὅσοις

355 4202 558 4267 ἄλλοις
592 4205 819 4278 ὀνόμασι
862 4211 962 4275 τῆς
1010 4210 1213 4282 μικρᾶς
1262 4204 1598 4277 οίκειότητος
1647 4206 2012 4281 κατεχόμεθα,

352 4294 565 4349 τούτων
596 4294 731 4372 πρὸς
786 4292 972 4373 ὀλίγον
1028 4292 1459 4371 διαζευχθέντες,
1509 4295 1599 4351 καὶ
1650 4293 1730 4369 τῷ
1780 4300 2015 4372 Χριστοῦ

2204 2606 2329 2662 VII.
2363 2606 2667 2663 Enimvero
2710 2607 2852 2663 mihi
2895 2608 3021 2679 jam
3054 2605 3249 2663 exsilit
3297 2611 3471 2678 atque
3500 2606 3573 2662 ad
3605 2622 3784 2678 pane-

2134 2695 2461 2769 gyrismum
2494 2697 2670 2768 gestit
2718 2696 2922 2768 oratio,
2973 2695 3268 2767 simulque
3314 2712 3450 2750 cum
3490 2694 3604 2762 his,
3656 2712 3787 2767 quae

2134 2786 2453 2851 cernimus,
2484 2784 2803 2850 hilarescit,
2822 2789 2997 2857 atque
3021 2784 3093 2840 ad
3117 2783 3483 2856 spiritualem
3514 2783 3785 2839 choream

2135 2890 2340 2930 omnes
2387 2878 2575 2940 vocat,
2621 2880 2749 2928 tum
2802 2874 2902 2945 qui
2960 2873 3229 2945 jejuniis,
3278 2876 3334 2929 et
3381 2871 3677 2946 lacrymis,
3729 2877 3787 2929 et

2134 2962 2381 3019 orationi
2428 2961 2645 3018 addicti
2695 2968 2881 3028 erant,
2931 2962 3322 3035 prementium
3382 2961 3783 3018 molestiarum

2133 3051 2540 3124 depulsionem
2572 3051 2871 3124 finemque
2903 3055 3076 3107 noctu
3128 3050 3347 3123 diuque
3392 3050 3782 3123 postulantes,

2134 3156 2201 3195 ac
2256 3141 2631 3197 commodum
2680 3139 2741 3195 in
2791 3139 2965 3197 malis
3022 3141 3407 3213 pharmacum
3465 3140 3783 3197 efﬁcientes

2134 3229 2414 3285 nimirum
2446 3246 2611 3301 spem
2638 3246 2755 3285 non
2787 3230 3242 3285 confundentem
3274 3231 3339 3298 ‘3,
3372 3234 3497 3285 tum
3531 3230 3631 3302 qui
3663 3247 3780 3285 ma-

2131 3319 2264 3391 gnis
2294 3318 2717 3375 certaminibus
2740 3323 2795 3374 et
2817 3319 3092 3375 aerumnis
3113 3318 3443 3388 exantlatis,
3464 3318 3783 3392 multisque

2129 3411 2186 3463 et
2240 3407 2518 3479 gravibus
2568 3407 2849 3480 temporis
2916 3407 3240 3464 insultibus
3289 3409 3551 3480 percussi
3607 3413 3782 3481 atque

2126 3496 2571 3562 vexati,mundo
2593 3502 2651 3553 et
2680 3497 2926 3570 angelis,
2960 3502 3017 3553 et
3046 3497 3403 3563 hominibus,
3432 3503 3495 3553 ut
3515 3498 3780 3570 Apostoli

2125 3586 2318 3642 verbis
2348 3590 2500 3657 utar,
2533 3586 2933 3657 spectaculum
2974 3586 3322 3642 exstiterunt
3359 3586 3403 3621 ἰο
3433 3604 3446 3642 :
3484 3603 3550 3641 ac
3576 3603 3778 3658 corpo-

2128 3675 2290 3729 ribus
2320 3674 2455 3729 licet
2484 3675 2651 3730 fracti
2682 3679 2738 3730 et
2768 3674 3075 3741 debilitati,
3108 3676 3324 3730 animis
3354 3680 3549 3730 tamen
3576 3674 3780 3730 invicti

2128 3770 2600 3836 permanserunt,
2634 3764 2949 3837 omniaque
2978 3765 3039 3821 in
3079 3765 3310 3820 Christo
3342 3764 3504 3837 ipsos
3549 3764 3779 3819 confor-

2127 3858 2285 3908 tante
2316 3858 2634 3925 potuerunt
2656 3854 2701 3889 ³9
2724 3870 2737 3907 :
2758 3857 2885 3909 tum
2912 3854 3011 3925 qui
3046 3853 3347 3908 mundana
3374 3853 3497 3907 vitii
3533 3851 3779 3909 materia

2127 3948 2186 3997 et
2216 3942 2559 3997 auctoritate
2606 3959 2671 3998 ac
2717 3944 2976 4015 potentia
3025 3942 3307 4013 deposita,
3348 3941 3437 3996 vel
3485 3942 3775 3998 honorum

2128 4031 2332 4102 rapina
2362 4047 2497 4085 cum
2529 4031 2742 4104 gaudio
2766 4035 3039 4102 suscepta
3068 4032 3132 4097 5‘,
3167 4029 3252 4085 vel
3286 4030 3513 4101 (patria)
3551 4048 3678 4097 sua,
3712 4036 3778 4087 ut

2126 4120 2365 4192 quidem
2397 4120 2633 4191 dicitur,
2665 4136 2765 4191 per
2796 4120 3073 4191 injuriam
3110 4120 3285 4191 pulsi,
3318 4119 3405 4175 vel
3439 4138 3473 4175 a
3502 4120 3775 4188 viris,aut

2126 4208 2425 4277 uxoribus,
2459 4213 2561 4264 aut
2589 4208 2948 4281 parentibus,
2981 4214 3082 4264 aut
3119 4208 3339 4275 liberis,
3396 4215 3497 4264 aut
3529 4209 3774 4281 quibus-

2124 4299 2601 4371 cunquetandem
2620 4297 2751 4355 aliis
2765 4316 2950 4371 parvas
2967 4298 3415 4356 necessitudinis
3430 4299 3771 4355 nominibus

429 4544 476 4580 ⁴⁹
506 4542 673 4600 Rom.
702 4560 758 4613 v,
788 4546 847 4601 5.
921 4546 968 4581 ⁴⁹
995 4550 1020 4600 I
1047 4546 1177 4604 Cor.
1211 4561 1288 4601 ιν.
1317 4545 1374 4601 9.
1450 4546 1495 4580 ⁵ο
1525 4545 1776 4618 Philipp.
1809 4562 1887 4615 IV,
1921 4546 2007 4601 13.

2158 4546 2331 4604 Hebr.
2364 4565 2422 4614 x,
2446 4548 2516 4602 54
2547 4550 2605 4603 et
2634 4562 2798 4618 seqq.

882 4823 952 4858 οι.
987 4809 1071 4860 Ita
1099 4804 1297 4860 Comb.
1333 4807 1503 4859 Deest

428 4871 542 4959 (90)
716 4871 810 4957 Sic
840 4871 983 4959 Reg.
1009 4877 1051 4943 Ι,
1076 4881 1134 4959 et
1161 4876 1291 4931 Sav.
1317 4875 1449 4958 Bill.
1469 4871 1709 4959 vero'o‘t’.
1728 4873 1808 4959 ὅν..
1833 4875 2005 4959 Gabr.

353 4946 420 5017 ᾧ.
456 4946 655 5001 Comb.
689 4947 772 5002 sic
801 4946 1024 5003 reddit:
1052 4969 1082 4997 κ
1104 4947 1168 5002 In
1199 4963 1370 5017 quem
1402 4946 1488 5003 sic
1519 4947 1623 5002 tibi
1654 4946 1997 5003 dimicatum

351 5024 465 5083 est,
498 5022 561 5071 ut
593 5035 625 5071 a
654 5018 1027 5074 dimicatione
1057 5034 1402 5075 removeres.
1436 5040 1465 5068 »

422 5089 539 5158 (91)
569 5091 793 5161 ᾬσπερ.
845 5090 1304 5146 Praetermissum
1360 5089 1625 5161 aBillio.
1676 5089 1769 5145 Sic
1811 5090 2004 5146 reddit

684 5162 803 5217 mh.
836 5183 868 5213 ιι
900 5162 1067 5218 Velut
1097 5162 1206 5217 hoc
1236 5160 1499 5229 consilio,
1533 5178 1625 5226 ne,
1660 5183 1688 5210 υ
1718 5166 1830 5217 etc.

422 5232 541 5304 (92.)
570 5231 661 5306 :Ev
692 5230 1015 5306 manus
1048 5234 1226 5306 igitur
1264 5249 1400 5289 cum
1450 5232 1766 5288 Antiochia:
1807 5249 2001 5289 versa-

422 5252 541 5304 (υξ.)
594 5252 661 5285 ev
692 5252 859 5361 αρχξι,
890 5252 1015 5289 non
1047 5252 1226 5359 iﬁuur
1264 5252 1333 5289 cu

350 5310 533 5367 retur,
568 5304 758 5361 Persis
832 5304 1010 5361 ellum
1043 5306 1081 5359 11
1110 5311 1333 5360 aturus.

445 5376 537 5446 93)
561 5374 947 5447 d>s_i8op.£vou¢.
982 5376 1155 5446 Savil,
1178 5372 1542 5447 φειδομένως.

445 5384 537 5446 93)
561 5384 947 5447 Φειδομὲνους.
982 5384 1155 5446 Savil,
1219 5384 1542 5447 ειδομὲνοις.

420 5384 934 5521 (94)ῘΑλΑ’-ὁμὲν.
965 5449 1094 5505 Bas.
1127 5395 1265 5504 egit.
1300 5447 1462 5503 addit
1503 5442 1627 5521 γάρ,
1666 5442 1820 5516 quod
1872 5444 2000 5499 Bill.

350 5523 407 5572 et
433 5518 609 5573 Savil.
640 5518 947 5591 abjiciunt.

418 5590 533 5662 (95)
566 5588 834 5717 Ἔῗιιίτοῦ
862 5594 1073 5665 καιροῦ.
1099 5591 1238 5647 «Ab
1278 5606 1343 5646 eo
1383 5590 1538 5661 quod
1583 5588 1864 5659 temporis
1910 5604 2002 5644 ra-

418 5666 633 5717 inostu
663 5668 742 5717 at.
775 5663 1116 5717 excidamus
1163 5679 1178 5717 ε
1236 5685 1258 5712 ι
1310 5661 1469 5717 aliud
1518 5660 1799 5715 nimirum
1830 5676 2002 5717 auen-

346 5660 431 5716 tio
462 5660 742 5734 postulat,
775 5660 1116 5720 excidamus
1163 5679 1178 5718 ε
1236 5685 1258 5712 ι
1310 5660 1469 5717 aliud
1518 5660 1799 5734 nimirum
1830 5676 2005 5734 agen-

349 5731 480 5802 tes,‘
513 5750 692 5805 quam
743 5737 898 5806 quod
936 5734 1237 5808 temporis,
1270 5732 1691 5805 praesentisque
1719 5739 1806 5789 est
1836 5731 2005 5787 insti-

427 4803 548 4877 (89)
580 4802 805 4877 ’Υπῆρξέ
839 4823 952 4877 μοι.
987 4809 1071 4860 Ita
1099 4804 1297 4877 Coimb.
1333 4807 1503 4877 Deest
1535 4822 1655 4877 μοιζ
1684 4803 1915 4877 incdit.

351 5161 577 5233 Optime

2040 4812 2088 4878 Ι)
2118 4806 2250 4861 tuti.

2110 4947 2124 4963 .
2191 4878 2302 4949 (96)
2338 4875 2815 4963 Συνεληλέθαμεν,
2847 4882 2965 4963 etc:
3006 4883 3262 4963 Sancyg.‘
3304 4879 3375 4960 ad
3426 4878 3551 4963 haec.
3596 4880 3772 4935 verba

2109 4949 2168 5003 in
2201 4966 2352 5021 mag.
2388 4949 2628 5022 scripsit
2662 4967 2674 5003 :
2715 4973 2735 4999 ι
2771 4952 2919 5022 Ergo
2952 4949 3271 5005 habita'est
3301 4950 3358 5003 in
3391 4949 3625 5021 publico
3659 4968 3770 5006 cae-

2110 5025 2195 5076 tu.
2224 5043 2251 5069 »
2278 5021 2508 5093 Scripta
2539 5022 2774 5096 quidem
2809 5040 2842 5077 a
2866 5023 3161 5096 Gregorio,
3188 5026 3253 5077 ut
3276 5022 3623 5090 haberetur;
3648 5022 3772 5079 dic-

2111 5098 2171 5148 ta
2203 5098 2398 5147 tamen
2432 5110 2548 5147 non
2580 5093 2824 5149 videtur.

2202 5163 2295 5234 97)
2328 5164 2536 5233 Δεήσει.
2582 5164 2877 5221 Nonnulli.
2912 5160 3147 5232 δεήσεσι.

2202 5230 2293 5305 98)
2325 5230 2671 5306 Αἷτούμενοι.
2703 5238 2904 5293 Comb.
2951 5230 3042 5289 καὶ
3093 5230 3547 5309 ἀπεκδεχόμενοι,
3597 5258 3627 5287 ‹‹
3676 5242 3764 5294 at-

2113 5322 2225 5378 que
2256 5312 2680 5378 eXspectaotes.
2724 5330 2752 5358 ››

2185 5378 2291 5451 (99)
2352 5375 2770 5451 ζἘνδυναμοῦντι
2797 5421 2809 5433 .
2846 5379 2965 5451 ,8ίο
3035 5382 3313 5451 ᾳυᾶῑυοιχ
3365 5378 3568 5451 Regg.,
3604 5379 3761 5451 ‘duo

2112 5445 2296 5511 Colb.,
2339 5445 2742 5519 Comb.,'edit.
2793 5450 2924 5507 Ald.
2967 5454 3023 5505 et
3051 5445 3244 5505 'Herv.
3293 5450 3355 5504 In
3413 5445 3561 5506 Pa};
3601 5445 3761 5503 δυνα-

2160 5539 2325 5573 ουντι⁴

2117 5540 2443 5665 μῗοᾶνῖὶῖκοι
2474 5610 2552 5665 τε.
2586 5593 2722 5665 Reg.
2758 5594 2799 5665 Ι,
2834 5592 2997 5648 addit
3022 5587 3061 5665 ,ἤ
3090 5611 3226 5647 τινα.
3262 5593 3397 5664 Reg.
3432 5593 3552 5649 bm.
3586 5592 3762 5649 omis-

2114 5661 2199 5719 sisi
2222 5661 2483 5734 vocibus,
2515 5661 2629 5717 ὅσοι
2659 5661 2740 5736 τε,
2780 5662 2974 5722 habet.
3005 5662 3044 5735 ἥ
3086 5682 3227 5719 τινα.
