4202 6212
388 371 508 431 539
1632 373 1698 434 S.
1743 372 2114 434 GREGORII
2157 373 2551 435 THEOLOGI
3671 374 3791 434 540

392 504 731 569 retinemur,
789 504 858 557 ad
921 502 1093 558 breve
1148 507 1380 574 tempus
1446 504 1747 575 disjuncti,
1815 503 2029 559 Christi

2159 505 2652 580 ιαρποφορήσαντες
2702 501 2888 576 α’ίματι
2940 504 3016 575 (2)
3064 503 3131 557 τὰ
3171 501 3303 578 ὑπὲρ
3350 503 3585 577 Χριστοῦ
3612 501 3783 574 πάθη,

395 592 669 665 sanguini
701 591 1002 664 passiones
1034 608 1134 663 pro
1152 591 1379 647 Christo
1402 593 1835 659 obtulerunt,ob
1860 594 2034 664 idque

2159 596 2227 645 ὧν
2275 592 2335 645 ’ἂν
2382 591 2552 647 έκεῖνο
2603 592 2809 668 λέγοιεν
2857 591 2947 646 καὶ
2994 589 3169 662 ᾅδοιεν
3223 593 3300 664 (3)
3353 590 3403 647 ἐν
3449 593 3642 667 καιρῷ,
3691 591 3779 659 τὸ,

394 698 552 735 nunc
581 681 886 735 commode
917 679 1060 735 illud
1093 681 1283 736 dicere
1313 685 1369 736 et
1400 686 1632 737 cantare
1664 687 1879 753 queant
1903 698 1915 735 :
1936 684 2036 736 Im-

2160 675 2495 742 Επεϐίϐασας
2560 681 2875 756 ἀνθρώπους
2950 679 3037 735 ἐπὶ
3108 680 3203 741 τὰς
3276 680 3511 757 κεφαλὰς
3570 682 3731 754 ἡμῶν
3769 700 3783 712 ·

389 770 627 840 posuisti
655 768 901 823 homines
940 784 1107 840 super
1147 773 1329 841 capita
1379 778 1570 825 nostra
1612 790 1632 824 :
1680 770 2036 826 transivimus

2159 768 2442 843 Ξιήλθομεν
2478 768 2567 825 διὰ
2590 772 2761 846 πυρὸς
2810 770 2900 825 καὶ
2948 767 3161 831 ὕδατος·
3201 770 3290 823 καὶ
3339 769 3597 845 ἐξήγαγες
3634 773 3782 843 ἡμᾶς

388 874 489 929 per
528 858 712 925 ignem
758 860 809 913 et
855 873 1061 929 nquam
1107 877 1127 915 :
1174 864 1227 914 et
1271 858 1511 915 eduxisti
1547 876 1644 916 nos
1694 862 1752 915 in
1799 862 2036 930 refrige-

393 948 541 1002 rium
570 947 634 1001 δ’.

464 1035 614 1091 VIII.
664 1035 814 1101 Quin
864 1035 1106 1092 alteram
1158 1054 1389 1109 quoque
1436 1041 1660 1110 partem
1705 1039 1776 1094 ad
1824 1038 2039 1093 festum

396 1125 550 1180 diem
582 1125 924 1196 agitandum
955 1142 1115 1193 voco,
1148 1143 1247 1181 eos
1277 1126 1556 1182 nimirum
1589 1127 1690 1197 qui
1741 1143 1874 1182 eum
1909 1126 2037 1181 uni-

394 1231 697 1269 versarum
728 1214 963 1285 quidem
995 1231 1191 1270 rerum
1224 1216 1408 1271 Deum
1437 1217 1845 1282 confiteantur,
1864 1221 2040 1287 atque

394 1304 678 1358 hactenus
708 1303 905 1358 animo
936 1303 1063 1358 sani
1096 1304 1234 1371 sint,
1259 1310 1527 1361 caeterum
1562 1307 1632 1361 ad
1667 1305 2040 1377 providentia

394 1394 649 1448 rationes
681 1391 922 1447 minime
952 1392 1051 1449 82
1085 1398 1425 1465 penetrant;
1458 1411 1587 1466 quas
1609 1394 1953 1467 plerumque
1974 1410 2043 1448 ex

395 1480 700 1537 contrariis
745 1480 986 1537 meliora
1034 1487 1326 1554 procurat,
1358 1500 1424 1539 ac
1474 1501 1576 1555 per
1621 1483 2039 1556 benignitatem

396 1571 467 1626 ad
493 1569 955 1641 resipiscentiam
987 1571 1196 1627 invitat
1216 1573 1260 1607 ⁸³
1287 1590 1299 1639 ;
1332 1589 1535 1629 verum
1563 1574 1634 1629 ob
1666 1574 1873 1628 animae
1897 1589 2038 1645 pau-

395 1662 680 1731 pertatem
713 1663 769 1714 et
799 1659 1115 1729 levitatem,
1148 1661 1287 1717 dum
1316 1662 1577 1733 superbit
1608 1662 1827 1733 impius
1856 1662 1913 1716 in
1946 1678 2039 1717 co-

395 1746 801 1820 gitationibus,
833 1747 1227 1804 incenduntur
1255 1750 1300 1784 5"
1351 1754 1523 1822 atque
1573 1751 2036 1817 inflammantur,

396 1853 461 1892 ac
494 1839 861 1908 peccatorum
892 1853 1117 1908 pacem,
1150 1843 1215 1893 ut
1248 1855 1382 1894 cum
1424 1840 1633 1896 Davide
1666 1840 1891 1911 loquar,
1925 1857 2038 1895 non
2070 1871 2119 1935 B

396 1927 593 1981 ferunt
623 1926 686 1993 ⁵³,
712 1942 818 1982 nec
835 1925 937 1981 Dei
966 1926 1274 1982 consilium
1305 1933 1636 2000 exspectare
1668 1930 1961 1985 sustinent
1975 1931 2039 1998 ⁵⁸,

396 2032 504 2071 nec
525 2017 596 2070 ad
619 2019 945 2070 extremum
969 2032 1156 2086 usque
1178 2017 1353 2071 animi
1376 2017 1708 2089 aequitatem
1734 2022 2040 2089 praestant;

396 2119 600 2159 verum
633 2120 765 2159 cum
797 2103 1184 2175 praesentibus
1214 2105 1387 2161 rebus
1416 2111 1472 2161 et
1502 2107 1560 2160 in
1611 2112 1909 2177 aspectum
1944 2125 2043 2163 ca-

396 2192 672 2248 dentibus
702 2197 981 2264 perpetuo
1003 2194 1626 2265 serviant.hujusmodi
1658 2196 1961 2253 miraculis
1981 2197 2041 2252 in

399 2280 644 2337 veritate
675 2280 1117 2336 conﬁrmantur.

468 2369 561 2425 IX.
582 2368 615 2425 J
620 2385 716 2424 am
737 2385 837 2425 eas
857 2385 1087 2442 quoque
1115 2370 1343 2427 animas
1365 2389 1522 2439 voco,
1545 2389 1671 2445 quaa
1702 2374 2044 2447 hujusmodi

398 2464 720 2529 scenam,et
746 2475 1029 2531 magnum
1059 2460 1169 2516 hoc
1198 2460 1493 2518 theatrum
1526 2464 1599 2518 ad
1624 2468 1921 2536 stuporem
1945 2481 2044 2520 us-

402 2566 517 2623 que
546 2549 854 2617 mirantur,
888 2552 946 2605 et
984 2549 1222 2620 quidem
1268 2550 1362 2606 his
1410 2552 1571 2607 Isaias
1616 2552 1807 2609 verbis
1853 2570 1865 2608 :
1916 2554 2043 2609 Mu-

400 2640 574 2697 lieres
604 2657 639 2696 a
669 2637 1001 2712 spectaculo
1030 2640 1348 2711 venientes,
1374 2640 1489 2696 huc
1508 2642 1727 2707 adeste,
1746 2641 2047 2715 animique

401 2730 570 2786 oculo
608 2729 680 2783 ab
726 2733 963 2784 externa
1007 2728 1371 2784 oberratione
1417 2731 1657 2786 reducto
1702 2736 1878 2803 atque
1928 2731 2044 2787 col-

402 2819 572 2889 lecto,
604 2822 801 2873 vacate
831 2822 888 2873 et
917 2817 1267 2888 cognoscite,
1296 2818 1574 2889 quoniam
1604 2820 1731 2891 ipse
1751 2826 1839 2876 est
1868 2821 2043 2892 Deus,

404 2907 503 2980 qui
536 2905 823 2962 exaltatur
845 2905 904 2959 in
933 2906 1226 2976 gentibus,
1275 2911 1332 2960 et
1373 2907 1659 2963 exaltatur
1689 2910 1747 2963 in
1796 2914 1950 2965 terra
1978 2911 2043 2979 ⁸⁷,

403 3012 636 3067 semper
662 2994 761 3050 ille
786 2993 1022 3066 quidem
1054 2994 1113 3049 in
1144 2994 1419 3051 omnibus
1445 2996 1742 3053 miraculis
1772 3002 1828 3053 et
1857 2999 2048 3070 prodi-

402 3085 536 3157 giis,
578 3099 708 3155 quas
747 3082 900 3150 fecit,
954 3087 1014 3138 at
1054 3082 1114 3138 in
1162 3084 1548 3155 praesentibus
1591 3085 1806 3143 clarius
1853 3092 1912 3143 et
1957 3104 2048 3144 ex-

401 3189 684 3247 pressius.

2145 858 2221 920 εἰς
2251 860 2555 935 ἀναψυχήν.

2219 1043 2298 1093 Η.
2324 1036 2490 1095 Καλῶ
2520 1038 2608 1092 καὶ
2649 1039 2748 1106 τήν
2799 1036 2979 1112 ἑτέραν
3037 1041 3231 1111 μοῖραν
3280 1035 3357 1097 εἷς
3401 1036 3501 1104 τὴν
3543 1038 3787 1112 πανήγυ-

2150 1147 2254 1203 ριν,
2286 1126 2422 1197 ὅσοι,
2454 1127 2545 1181 τὸν
2582 1128 2675 1198 μὲν
2711 1131 2817 1181 τῶν
2867 1125 3012 1181 ὅλων
3060 1123 3465 1200 ὁμολογοῦντες
3516 1126 3665 1197 Θεὸν,
3698 1126 3786 1179 καὶ

2154 1213 2315 1290 μέχρι
2342 1214 2536 1270 τούτου
2565 1215 2691 1276 τοὺς
2735 1213 3036 1290 λογισμοὺς
3083 1217 3159 1286 (4)
3215 1212 3541 1287 ὑγιαίνοντες
3587 1220 3701 1276 τοῖς
3732 1212 3788 1269 δὲ

2147 1311 2248 1374 τῆς
2295 1304 2553 1379 προνοίας
2607 1304 2794 1379 λόγοις
2842 1303 2940 1358 οὐκ
2989 1298 3375 1375 έμϐατεύοντες
3421 1304 3520 1376 (5),
3572 1302 3629 1357 έκ
3677 1308 3783 1358 τῶν

2150 1393 2401 1448 ἐναντίων
2452 1391 2723 1454 πολλάκις
2769 1393 2837 1447 τὰ
2885 1390 3083 1468 βελτίω
3133 1388 3539 1465 διοικουμένης,
3582 1392 3671 1445 καὶ

2149 1482 2487 1558 χρηστότητι
2544 1480 3002 1554 προκαλουμένης
3062 1482 3138 1554 (6)
3205 1482 3305 1547 τὴν
3374 1480 3735 1553 ἐπανόρθωσιν
3771 1527 3786 1552 ,

2150 1569 2296 1627 ἀλλὰ
2327 1570 2413 1625 διὰ
2428 1570 2701 1646 πτωχείαν
2738 1573 2922 1645 ψυχῆς
2952 1570 3041 1624 καὶ
3073 1569 3402 1647 κουφότητα,
3435 1569 3486 1623 έν
3516 1574 3594 1640 τῷ
3627 1569 3785 1645 ὑπερ-

2150 1659 2502 1738 ηφανεύεσθαι
2550 1660 2640 1714 τὸν
2693 1654 2857 1727 ἀσεϐῆ
2919 1658 3046 1720 τοὺς
3097 1662 3401 1732 Λογισμοὺς
3431 1702 3443 1726 ,
3495 1658 3788 1730 έμπυριζό-

2153 1749 2300 1822 μενοί
2350 1769 2409 1803 τε
2456 1750 2545 1803 καὶ
2592 1747 2993 1821 ἀναπτόμενοι,
3043 1746 3132 1800 καὶ
3185 1746 3400 1822 εἲρήνην
3450 1746 3789 1819 ἁμαρτωλῶν

2150 1838 2211 1892 οὐ
2246 1838 2513 1916 φέροντες,
2547 1838 2575 1892 ὃ
2617 1834 2683 1905 δὴ
2730 1836 2891 1915 φησὶν
2926 1837 2954 1890 ὁ
2984 1836 3226 1909 ψαλμὸς,
3276 1833 3389 1889 οὐδ’
3430 1834 3787 1907 ὑπομένοντες

2147 1931 2250 1980 τοῦ
2301 1930 2435 1981 Θεοῦ
2478 1928 2576 1994 τὴν
2633 1924 2862 2001 βουλὴν,
2908 1926 2999 1979 καὶ
3048 1926 3184 1999 πρὸς
3213 1924 3276 1978 τὸ
3322 1925 3487 1999 πέρας
3524 1935 3791 1999 μακροθυ-

2156 2020 2396 2089 μοῦντες·
2432 2012 2621 2071 δοῦλοι
2670 2012 2727 2069 δὲ
2774 2010 2920 2076 ὅντες
2950 2012 3032 2068 ἀεῖ
3057 2017 3165 2068 τῶν
3220 2012 3532 2085 παρόνντων
3560 2013 3648 2067 καὶ
3676 2017 3785 2067 τῶν

2151 2104 2468 2179 ὁρωμένων,
2519 2109 2632 2166 τοῖς
2678 2102 2945 2165 τοιούτοις
2997 2102 3231 2175 θαύμασι
3285 2096 3623 2177 βεϐαιοῦνται
3652 2102 3788 2174 πρὸς

2148 2194 2249 2263 τὴν
2277 2191 2555 2264 ἀλήθειαν.

2222 2373 2290 2425 Θ’.
2325 2368 2489 2426 Καλῶ
2531 2370 2619 2425 καὶ
2648 2370 2744 2433 τὰς
2792 2368 3132 2443 ἐπτοημένας
3179 2368 3358 2445 ψυχὰς
3405 2369 3531 2443 περὶ
3568 2371 3667 2438 τήν
3691 2374 3791 2423 τοῦ

2150 2460 2361 2533 κόσμου
2392 2457 2551 2514 τοῦδε
2582 2460 2785 2529 σκηνὴν
2834 2458 2923 2513 καὶ
2952 2459 3015 2513 τὸ
3050 2460 3185 2533 μέγα
3229 2458 3469 2533 θέατρον·
3502 2462 3589 2512 καί
3636 2456 3792 2512 καλῶ

2152 2571 2215 2625 γε
2268 2554 2384 2611 τοῖς
2451 2547 2669 2604 Ἡσαΐου
2729 2548 2978 2625 ῥήμασι·
3039 2553 3291 2609 Γυναῖκες
3367 2551 3445 2619 (7)
3501 2546 3791 2622 ἐρχόμεναι

2152 2638 2258 2693 ἀπὸ
2289 2636 2428 2707 θέας,
2463 2635 2633 2709 δεῦτε,
2666 2637 2754 2692 καὶ
2800 2638 2863 2691 τὸ
2902 2643 3005 2706 τῆς
3042 2638 3225 2711 ψυχῆς
3276 2632 3433 2709 ὄμμα
3462 2635 3522 2691 έκ
3564 2642 3662 2704 τῆς
3689 2632 3792 2705 ἔξω

2152 2725 2600 2803 περιπλανήσεως
2650 2725 3067 2799 ἐπιστρέψασαι,
3119 2724 3421 2800 σχολάσατε
3468 2724 3556 2779 καὶ
3600 2727 3789 2797 γνῶτε,

2154 2815 2236 2871 ὅτι
2286 2815 2445 2878 αὐτός
2494 2815 2633 2870 ἐστιν
2678 2817 2705 2870 ὁ
2754 2816 2905 2885 Θεὸς,
2956 2812 3258 2887 ὑψούμενος
3302 2812 3353 2867 έν
3402 2818 3519 2868 τοῖς
3570 2811 3792 2884 ἔθνεσιν,

2156 2904 2460 2980 ὑψούμενος
2511 2906 2561 2960 έν
2605 2908 2673 2978 τῇ
2721 2903 2812 2980 γῇ,
2865 2903 2947 2958 ἀεί
2995 2924 3125 2958 ποτε
3175 2902 3225 2958 έν
3258 2909 3417 2957 πᾶσιν
3461 2903 3541 2963 οἷς
3573 2900 3794 2970 ἰποίησε

2153 2996 2471 3071 θαυμασίοις
2505 2997 2581 3069 (8)
2626 2993 2713 3049 καὶ
2762 2995 2967 3069 τέρασι,
2998 2993 3086 3047 καὶ
3116 2999 3233 3055 τοῖς
3269 2996 3360 3046 νῦν
3392 2991 3793 3067 ἐναργέστερον.

471 3266 542 3317 Χ.
573 3264 763 3334 Atque
793 3261 1019 3317 utinam
1049 3260 1148 3316 ille
1177 3277 1408 3333 quoque
1454 3267 1635 3320 ccetus
1684 3266 1753 3321 ad
1805 3265 2048 3322 chorum

2234 3268 2293 3324 Γ.
2344 3263 2469 3319 Εἴθε
2520 3284 2611 3335 μοι
2660 3263 2743 3335 (9)
2786 3263 2884 3315 τοῦ
2934 3264 3106 3335 χοροῦ
3154 3258 3315 3334 μέρος
3362 3260 3425 3326 ἦν
3474 3256 3682 3311 κάκεῖνο
3734 3257 3795 3311 τὸ

405 3355 675 3407 nostrum
708 3366 770 3405 se
798 3350 1166 3421 adjungeret,
1192 3350 1312 3421 qui,
1344 3367 1477 3407 cum
1528 3354 1690 3425 prius
1718 3344 2049 3410 cantionem

404 3441 866 3511 haudquaquam
889 3438 1277 3494 adulterinam
1309 3444 1482 3512 atque
1512 3442 1829 3513 ignobilem
1860 3444 2051 3499 nobis-

407 3545 539 3584 cum
570 3529 679 3583 Deo
711 3527 1018 3596 acciuerat,
1052 3543 1118 3581 ac
1148 3528 1349 3583 dextro
1399 3531 1694 3600 quondam
1725 3532 1930 3587 ordine
1960 3531 2048 3586 di-

407 3634 559 3692 gnus
607 3616 938 3685 haberetur,
990 3620 1165 3688 atque
1213 3618 1409 3684 etiam,
1471 3624 1537 3675 ut
1583 3620 1831 3688 conﬁdo,
1890 3621 2049 3677 brevi

405 3706 741 3772 habebitur,
761 3709 861 3761 aut
888 3704 1009 3761 scio
1039 3722 1155 3777 qua
1192 3722 1253 3762 re
1283 3712 1634 3775 commotus,
1658 3713 1891 3780 repente
1920 3726 2053 3765 can-

407 3797 608 3852 tumin
636 3795 931 3851 diversum
965 3796 1407 3868 mutat,alioque
1436 3798 1621 3870 gradu
1653 3804 1829 3870 atque
1849 3799 2052 3854 ordine

410 3903 537 3943 sese
558 3885 800 3941 collocat
820 3902 915 3943 :ac
932 3902 1003 3941 ne
1024 3886 1096 3942 ob
1118 3903 1492 3943 communem
1514 3888 1749 3960 quidem
1769 3888 2053 3956 lmtitiam,

412 3975 567 4048 quod
598 3977 772 4031 etiam
806 3977 996 4048 magis
1043 3976 1248 4044 miror,
1287 3977 1496 4032 adduci
1531 3982 1721 4049 potest
1763 3982 1828 4032 ut
1858 3976 2053 4033 nobis-

412 4081 548 4119 cum
581 4066 972 4136 conjungatur
1003 4081 1016 4119 :
1049 4066 1190 4135 quin
1231 4066 1425 4138 potius
1467 4067 1739 4138 privatim
1784 4066 2055 4122 choream

414 4153 731 4225 quamdam
780 4170 987 4225 parum
1038 4155 1395 4211 modulatam
1446 4173 1514 4212 ac
1575 4172 1948 4212 numerosam
2000 4160 2058 4211 et

413 4239 762 4295 concinnam
810 4240 1071 4297 instituit
1103 4261 1116 4298 :
1150 4242 1259 4299 hoc
1290 4244 1443 4299 enim
1480 4244 1622 4299 mihi
1658 4245 1810 4300 bona
1855 4262 2057 4301 eorum

2160 3356 2429 3427 σύστημα,
2488 3353 2539 3423 ὃ,
2592 3349 2683 3404 σὺν
2738 3351 2873 3421 ἡμῖν
2931 3350 3066 3410 τέως
3118 3346 3197 3419 τῷ
3253 3352 3367 3418 Θεῷ
3414 3345 3681 3422 προσᾷδον
3736 3346 3795 3400 οὖ

2157 3440 2421 3513 κίϐδηλον
2473 3438 2640 3513 ᾠδὴν,
2690 3436 2815 3492 οὐδὲ
2867 3435 3151 3509 ἀδόκιμον,
3201 3434 3345 3492 ἀλλὰ
3374 3437 3591 3503 καὶτῆς
3623 3432 3793 3505 δεξιᾶς

2158 3554 2289 3589 ποτε
2329 3533 2575 3590 στάσεως.
2613 3528 2951 3601 ἀξιούμενον,
2999 3525 3234 3580 πιστεύω
3287 3522 3361 3595 δὲ,
3411 3524 3492 3578 ὅτι
3542 3523 3629 3578 καὶ
3682 3525 3796 3595 μετ’

2161 3622 2350 3696 ὀλίγον
2386 3617 2840 3689 ἀξιωθησόμενον,
2890 3614 2988 3669 οὐκ
3035 3612 3135 3669 οἶδ’
3167 3616 3195 3669 ’ὀ
3224 3636 3275 3669 τι
3307 3614 3498 3685 παθὸν,
3546 3612 3795 3689 ἐξαίφνης

2163 3708 2553 3786 μεθαρμόζεταί
2604 3728 2663 3760 τε
2729 3706 2816 3759 καὶ
2882 3704 3256 3777 μετατάττεται
3292 3722 3305 3734 ’
3364 3702 3453 3757 καὶ
3514 3699 3638 3757 οὐδὲ
3696 3701 3801 3755 ὑπὸ

2158 3809 2259 3871 τῆς
2298 3805 2487 3866 κοινῆς
2536 3798 2649 3869 (10)
2694 3793 3045 3871 εὐφροσύνης,
3077 3794 3106 3847 ’ὀ
3137 3793 3226 3847 καὶ
3274 3791 3531 3864 θαυμάζω
3566 3788 3803 3864 μᾶλλον,

2164 3891 2237 3951 εἷς
2266 3888 2456 3943 ταυτὸν
2510 3883 2748 3961 ἔρχεται·
2798 3881 2926 3938 ἀλλ’
2974 3880 3111 3937 ἰδίαν
3156 3880 3371 3950 ’ίστησιν
3416 3880 3515 3935 οὐκ
3543 3876 3810 3954 εὔρυθμόν

2161 4000 2282 4034 τινα
2309 3977 2509 4044 ταύτην
2561 3972 2803 4049 χορείαν,
2859 3970 2984 4026 οὐδὲ
3032 3970 3369 4046 ἐναρμόνιον·
3402 3974 3654 4025 τοσοῦτον
3703 3970 3809 4043 γὰρ

2164 4066 2295 4128 ἴσως
2350 4065 2515 4119 εἷπεῖν
2576 4070 2665 4116 καί
2720 4060 2871 4115 αὐτοὶ
2931 4058 3227 4115 δώσουσιν·
3290 4059 3414 4115 ἀλλ’
3471 4059 3661 4113 ὁποίαν
3717 4058 3807 4111 καὶ

2164 4156 2285 4211 τίνα
2319 4154 2404 4224 ;εἰ
2453 4152 2541 4207 καὶ
2588 4156 2815 4221 κινεῖται
2868 4145 3045 4224 λέγειν
3079 4149 3107 4202 ὁ
3143 4147 3332 4217 ζῆλος,
3379 4145 3504 4203 ἀλλ’
3541 4150 3575 4216 ἠ
3626 4145 3811 4206 πίστις

2166 4249 2369 4322 κρατεῖ·
2429 4242 2519 4296 καὶ
2567 4240 2769 4310 καθέξω
2824 4242 2921 4292 τοῦ
2978 4236 3143 4313 λόγου
3200 4238 3263 4291 τὸ
3308 4234 3471 4306 ἀηδὲς
3517 4233 3663 4290 αἰδοῖ
3708 4242 3809 4303 τῆς

410 4329 580 4385 venia
608 4328 853 4384 fortasse
883 4331 1070 4386 dicere
1100 4330 1297 4387 licebit
1337 4349 1350 4387 :
1385 4350 1705 4404 quamnam
1745 4339 1961 4402 autem,
2002 4339 2048 4390 et

2169 4331 2411 4394 ἐλπίδος.
2472 4336 2589 4384 Ἔτι
2649 4348 2754 4400 μου
2811 4326 3055 4400 περιέπω
3110 4327 3175 4381 τὰ
3230 4324 3414 4398 μέλη·
3475 4321 3549 4380 ἔτι
3607 4322 3809 4396 δίδωμι

414 4417 645 4490 qualem
668 4416 696 4471 ?
723 4418 884 4474 zelus
913 4418 1174 4489 quidem,
1208 4424 1271 4475 ut
1300 4421 1515 4489 dicam,
1549 4439 1641 4477 me
1673 4423 1895 4491 incitat,
1916 4426 2048 4481 ﬁdes

2168 4422 2333 4479 πλέον
2365 4419 2433 4495 τῇ
2460 4420 2585 4490 πρὶν
2637 4415 2814 4493 ἀγάπη
2865 4422 2963 4485 τῆς
3009 4414 3287 4492 παρούσης
3336 4413 3667 4490 ὑπεροψίας·
3715 4413 3807 4466 καὶ

415 4512 609 4563 autem
638 4505 849 4563 retinet
882 4523 894 4560 :
931 4524 997 4562 ac
1054 4509 1343 4565 sermonis
1392 4510 1722 4567 molestiam
1764 4514 1836 4569 ob
1866 4531 2055 4587 spem,

412 4613 529 4668 qua
557 4596 1443 4668 moveor,comprimam.Adhuo
1464 4601 1727 4657 membra
1746 4618 1877 4658 mea
1896 4605 2056 4662 foveo

2173 4511 2262 4568 διὰ
2288 4514 2449 4566 τοῦτο
2488 4508 2710 4583 γίνομαι
2760 4504 3258 4580 μακροθυμότερος,
3285 4502 3353 4557 τίν’
3407 4501 3653 4558 ὀνειδίσω
3683 4513 3811 4576 θερ-

2171 4602 2395 4677 μότερον
2406 4642 2418 4654 .

411 4690 589 4756 atque
620 4683 1014 4755 complector:
1043 4685 1233 4741 adhuc
1262 4687 1543 4758 majorem
1596 4689 1858 4761 pristinas
1896 4692 2225 4760 charitatis,
2256 4704 2433 4762 quam
2482 4684 2784 4758 praesentis
2833 4686 3205 4755 contemptus
3257 4682 3542 4738 rationem
3570 4681 3755 4737 habeo
3788 4697 3803 4747 ἰ

410 4780 587 4846 atque
614 4773 829 4829 idcirco
863 4774 1139 4831 leniorem
1172 4791 1265 4831 me
1294 4776 1544 4849 praebeo,
1578 4782 1643 4833 ut
1668 4778 1861 4835 aerius
1894 4787 2097 4853 postea
2124 4788 2182 4839 et
2208 4775 2525 4836 ferventius
2555 4775 2883 4845 objurgem.

483 4909 527 4943 θ’
555 4906 710 4964 Psal.
745 4926 871 4977 va,
906 4909 991 4964 12.
1069 4910 1113 4944 ⁵³
1144 4909 1302 4965 Rom.
1337 4927 1399 4978 ιι,
1434 4912 1485 4965 4.
1563 4912 1607 4946 ⁵⁸
1640 4912 1786 4968 Psal.
1816 4931 1892 4979 1x,
1923 4915 2014 4970 23.

2164 4911 2315 4971 Psal.
2349 4926 2519 4977 LXXII,
2551 4908 2605 4963 3.
2681 4907 2725 4941 ⁵⁸
2758 4903 2909 4962 Psal.
2941 4920 3032 4973 cv,
3066 4904 3153 4959 13.
3230 4904 3273 4938 ⁸⁷
3314 4902 3463 4959 Psal.
3494 4921 3621 4973 va,
3652 4904 3741 4960 11.

479 5054 559 5128 (2)
589 5048 835 5128 ῘΑἷίματι.
868 5053 1149 5120 Combef.,
1173 5058 1240 5128 et
1267 5053 1327 5108 in
1357 5070 1458 5109 ora
1490 5055 1622 5126 Reg.
1656 5055 1698 5122 ι,
1732 5054 1981 5128 ὀνόματι.

481 5124 561 5196 (3)
585 5120 829 5196 β’ᾼδοιεν.
862 5128 1046 5196 Regg._
1074 5142 1125 5190 8.,
1171 5127 1226 5192 b,
1261 5130 1317 5181 et
1501 5128 1551 5195 1,
1575 5120 1842 5196 Ἦεώθυῐ,
1883 5125 2059 5182 ἄδοιεν

481 5141 561 5188 (ὅ)
617 5141 829 5192 ᾼοοιεν.
862 5141 1037 5250 ῃθεῖ.
1074 5142 1125 5190 a,
1171 5141 1226 5192 ι),
1261 5141 1317 5181 et.
1362 5141 1457 5182 ur.
1501 5141 1551 5195 1,
1605 5141 1841 5200 habent,

412 5193 778 5270 natléyozsv.
808 5196 955 5250 Edtt.
1022 5193 1199 5270 _é-yotsv
1222 5196 1320 5270 sui
1353 5194 1552 5266 ᾅδοιεν.

484 5267 561 5337 (4)
585 5264 722 5327 Τοὺς
764 5264 1086 5339 λογισμούςξ
1139 5268 1299 5324 Colb.
1330 5264 1372 5324 6⁷
1413 5276 1469 5325 et
1516 5271 1898 5328 Combeﬁsius
1943 5275 2060 5333 τοῖς

417 5336 730 5390 ἑμγισιιοῖς.

527 5357 730 5397 ισμοις.

448 5358 1035 5484 μὲἷῌὲεῗέατεύοντες.
1096 5410 1235 5484 Reg.
1285 5412 1405 5481 bm,
1466 5412 1626 5470 Colb.
1677 5415 1711 5469 3
1757 5419 1814 5470 et
1860 5415 2059 5470 Comb.

414 5475 837 5551 ἔμϐατεύσαντες
848 5522 860 5535 .

490 5554 563 5625 (6)
622 5550 1141 5629 ppoxaloopévn_q._
1178 5554 1420 5629 Videtur
1482 5556 1771 5629 interpres
1826 5556 2058 5629 legisse,

416 5620 926 5699 προσκαλουμένης,
958 5620 1224 5699 uthabet
1255 5626 1392 5699 Reg.
1427 5630 1622 5683 codex.

488 5696 566 5768 (7)
608 5700 879 5757 Γυναῖκες.
936 5720 963 5748 ‹‹
1017 5698 1285 5753 Mulieres
1340 5696 1649 5770 opulente,
1706 5698 1946 5771 surgite,
2004 5702 2063 5754 et

2173 5055 2369 5112 audite
2398 5067 2596 5108 vocem
2648 5066 2881 5117 meam;
2930 5047 3063 5103 filia:
3111 5047 3490 5120 conﬁdentes,
3540 5048 3818 5120 percipite

2173 5127 2416 5183 auribus
2446 5122 2743 5194 eloquium
2779 5137 3056 5194 meum._»
3089 5120 3181 5175 Sic
3213 5119 3273 5174 in
3308 5120 3417 5175 lsa.
3445 5119 3701 5194 κατίῃ-9.

2246 5199 2318 5267 (8)
2349 5192 2821 5267 Θαυμασίοιςηδὶρ
2850 5197 2967 5247 tres
3000 5192 3202 5264 Regg.,
3225 5195 3413 5261 Pass.,
3444 5192 3581 5247 edit.
3615 5192 3818 5247 Bas.et

2171 5263 2371 5343 Camb.
2540 5266 2669 5321 ΒΕΓ.
2700 5263 2997 5343 θαύμασιε-
3095 5263 3105 5264 ί
3151 5334 3165 5343 _
3197 5333 3208 5343 _
3243 5333 3290 5343 __
3365 5333 3377 5343 θ
3574 5334 3584 5343 _

2243 5342 2319 5412 (9)
2350 5336 2478 5401 Εἴθε
2512 5357 2626 5412 μοι,
2660 5333 2908 5412 etc._e_tc.
2942 5333 3212 5390 Monachi
3243 5333 3587 5412 Nazianzeni
3617 5338 3821 5412 tumba

2172 5404 2340 5467 Patre
2370 5404 2645 5482 Gregorio
2675 5408 2849 5482 divisi
2874 5424 2889 5475 ;
2919 5422 3049 5482 _no_n
3095 5422 3245 5482 vero,
3266 5404 3485 5482 Ariani,
3531 5406 3630 5482 qui
3672 5404 3817 5461 nulli

2171 5488 2338 5539 erant
2364 5476 2731 5551 Nazianzeni,
2764 5479 2849 5534 uti
2879 5478 3162 5551 gloriatur
3182 5476 3531 5549 Theologus,
3552 5476 3651 5533 hic
3680 5484 3820 5533 sunt

2170 5553 2557 5609 intelligendi.

2242 5570 2557 5625 temgenai.

2242 5625 2353 5696 (10)
2386 5625 2607 5691 Κοινῆς.
2661 5623 2747 5677 Ita
2794 5622 2971 5694 Regg.
3022 5621 3081 5687 b,
3131 5619 3173 5691 l,
3224 5618 3381 5676 Colb.
3432 5620 3485 5673 3.
3543 5619 3601 5688 6,
3651 5620 3813 5686 Pass,

2171 5701 2341 5753 Deest
2368 5696 2428 5751 in
2457 5697 2596 5753 edit.
2629 5698 2760 5751 Par.
