4202 6212
402 369 517 428 541

1392 370 1684 432 ORATIO
1724 372 1832 433 IV.
1870 400 1941 416 --
1972 370 2283 434 CONTRA
2322 371 2727 437 JULIANUM
2770 370 2820 431 Ι.

3694 364 3813 423 542

476 499 584 557 IA'.
617 498 761 556 Μίαν
797 504 1011 572 μοῖραν,
1043 498 1097 553 ἓν
1129 502 1319 574 ψυχῶν
1361 501 1515 574 γένος
1559 499 1921 575 ἀποκηρύττω
1950 506 2048 572 τῆς

2238 505 2327 560 XI.
2362 506 2547 562 Unam
2579 506 2849 570 classem,
2881 516 3064 556 unum
3116 498 3452 554 animarum
3499 513 3685 569 genus
3736 497 3809 553 ab

406 589 787 663 πανηγύρεως,
822 587 1017 641 στένων
1055 588 1148 659 μὶν
1179 588 1265 641 καὶ
1314 587 1516 663 ἀλγῶν,
1546 590 1635 642 καὶ
1680 588 1806 644 οὐδὲ
1834 590 2055 645 ἐπαῖον-

402 698 499 739 τας
528 679 641 751 (11)
684 674 818 738 ’ίσως
866 678 1097 749 πενθῶν,
1151 675 1263 731 οόδ’
1314 676 1732 749 αἰσθανομένους
1780 687 1881 749 τῆς
1935 681 2056 734 ἑαυ-

406 772 514 821 τῶν
548 764 822 827 ἀπωλείας
872 763 1298 842 ἀποδυρόμενος·
1332 772 1494 821 τοῦτο
1545 766 1644 843 γὰρ
1694 775 1795 837 τῆς
1833 767 2055 845 πληγῆς

406 856 583 910 αὐτῶν
639 856 702 910 τὸ
752 853 1137 910 ἕλεεινότατον·
1198 856 1559 931 ἀποκηρύττω
1618 853 1665 910 δ’
1721 856 1899 930 ὅμως,
1959 859 2053 929 οἳ,

405 942 692 1018 σπαρέντες
724 943 823 997 οὐκ
871 942 959 997 ἐπὶ
1007 943 1106 1011 τήν
1150 942 1362 1018 στερεὰν
1422 942 1617 1019 πέτραν
1668 944 1757 997 καὶ
1791 942 2056 1016 ἄσειστον,

408 1030 536 1087 ἀλλ’
568 1032 653 1087 ἐπὶ
683 1033 783 1101 τὴν
817 1032 981 1107 ξηράν
1008 1053 1066 1086 τε
1095 1031 1186 1085 καὶ
1236 1029 1453 1107 ἄγονονο
1488 1031 1588 1086 εἶσὶ
1626 1030 1683 1087 δὲ
1712 1034 1764 1087 οἱ
1792 1038 1871 1105 τῷ
1903 1033 2058 1109 λόγῳ

405 1120 796 1198 προσελθόντες
839 1119 1177 1182 ἐπιπολαίως
1223 1121 1312 1175 καὶ
1364 1120 1725 1197 ὀλιγόπιστοι,
1757 1123 1846 1177 καὶ
1878 1120 1967 1177 διὰ
1997 1125 2057 1178 τὸ

412 1214 488 1285 μὴ
547 1208 695 1285 ἔχειν
756 1211 921 1286 βάθος
983 1217 1111 1285 γῆς,
1174 1209 1370 1273 εὐθέως
1432 1209 1863 1281 ἐξανατείλαντες
1896 1256 1910 1281 ,
1968 1213 2057 1267 καὶ

406 1300 782 1376 προκύψαντες
832 1302 966 1372 (12),
1007 1298 1101 1353 *ἱνα
1147 1304 1261 1361 τοῖς
1309 1296 1541 1367 πλησίον
1609 1299 1869 1375 ἀρὲσωσιν
1921 1303 2056 1374 (43),

409 1387 595 1443 ἔπειτα
646 1388 748 1442 ὑπὸ
811 1386 1070 1463 βραχείας
1124 1390 1221 1442 τοῦ
1294 1392 1538 1463 πονηροῦ
1594 1382 1911 1463 προσϐολῆς
1969 1389 2057 1443 καὶ

412 1477 615 1552 ὀλίγου
662 1481 980 1553 πειρασμῶν
1025 1476 1300 1538 καύσωνος
1360 1479 1494 1549 (14),
1554 1475 1910 1551 ἐξηράνθησαν
1969 1478 2058 1532 καὶ

414 1567 701 1624 ἀπέθανον.
755 1565 853 1620 Καὶ
899 1565 1106 1619 τούτων
1159 1562 1236 1619 ἔτι
1266 1565 1510 1641 χείρους,
1542 1566 1630 1621 καὶ
1676 1564 1886 1638 μᾶλλον
1920 1566 2059 1621 ἀπο-

412 1655 702 1731 κηρυκτὲοι
750 1662 850 1724 τῆς
901 1653 1282 1728 πανηγύρεως,
1334 1654 1450 1709 ὅσοι
1505 1652 1645 1726 μηδὲ
1687 1655 1825 1731 πρὸς
1873 1654 2061 1730 ὀλίγον

414 1740 710 1813 ἀντέϐησαν
764 1748 845 1814 τῷ
893 1747 1087 1818 καιρῷ,
1137 1743 1227 1797 καὶ
1257 1748 1373 1804 τοῖς
1412 1744 1512 1812 τὴν
1560 1745 1729 1812 κακὴν
1765 1743 2060 1819 αἷχμαλω-

412 1834 527 1891 σίαν
583 1837 730 1906 ἡμᾶς
780 1831 1284 1908 αἰχμαλωτίζουσιν
1340 1833 1445 1887 ἀπὸ
1500 1838 1598 1887 τοῦ
1644 1828 1935 1895 ἀναϐάντος
1986 1834 2061 1896 εἷς
2091 1876 2138 1940 Β

700 1923 714 1940 ς
844 1920 914 1940 κ-
1027 1924 1039 1940 .
1112 1922 1125 1939 κ
1259 1921 1272 1940 ν
1406 1920 1424 1940 κ
1530 1923 1541 1940 .
1839 1921 1952 1940 ,κη
2006 1924 2019 1940 .

413 1924 569 1998 ὕψος,
626 1923 716 1978 καὶ
774 1920 957 1983 καλῶς
1016 1922 1163 1994 ἡμὰς
1221 1920 1774 1997 αίχμαλωτίσαντος·
1828 1921 1952 1977 ἀλλ’
2002 1924 2062 1979 ἐκ

412 2012 719 2085 περιουσίας
751 2009 1013 2088 ἐφάνησαν
1047 2010 1281 2086 πονηροί
1312 2032 1369 2066 τε
1398 2012 1487 2065 καὶ
1516 2008 1709 2067 εὔωνοι
1752 2014 1886 2086 (15),
1936 2012 2062 2068 οὐδὲ

412 2103 549 2177 πρὸς
583 2100 772 2175 ὀλίγον
809 2099 1172 2175 ἀντισχόντες,
1207 2096 1333 2155 οὐδὲ
1364 2101 1662 2175 γενομένης
1699 2101 1844 2163 τινὸς
1876 2102 2061 2165 αὐτοῖς

414 2190 676 2263 θλίψεως,
708 2190 743 2258 ἢ
776 2193 1100 2264 πειρασμοῦ,
1136 2186 1225 2243 διὰ
1252 2189 1342 2243 τὸν
1390 2189 1564 2265 Λόγον
1615 2193 1727 2263 (16)
1774 2188 2061 2245 σκανδαλι-

414 2280 649 2349 σθὲντες,
697 2277 843 2335 ἀλλᾶ
889 2277 1224 2354 προσκαίρου
1269 2276 1526 2353 κέρδους,
1574 2281 1608 2347 ἢ
1665 2279 1968 2355 θεραπείας,

417 2367 729 2430 δοναστείας
765 2374 983 2443 μικρᾶς,
1033 2369 1087 2423 οἱ
1136 2365 1367 2423 δείλαιοι
1406 2369 1505 2437 τήν
1557 2368 1759 2423 ἑαυτῶν
1793 2368 2063 2445 σωτηρίαν

415 2458 518 2513 άπε
526 2455 714 2531 μπολή
724 2477 926 2518 σαντες.

2167 593 2275 649 hac
2300 593 2428 649 laeta
2460 594 2793 650 celebritate
2824 591 3028 647 abdico
3057 593 3232 660 atque
3263 586 3541 659 propello,
3568 603 3811 658 gemens

2167 683 2404 753 quidem
2435 688 2491 738 et
2520 683 2741 748 dolens,
2777 698 2881 737 nec
2912 679 3195 753 gemitum
3251 678 3393 732 forte
3440 678 3681 746 (meum)
3711 692 3814 731 au-

2166 771 2413 839 dientes,
2448 787 2553 827 nec
2583 772 2826 827 exitium
2859 785 3033 824 suum
3076 767 3393 823 sentientes
3425 765 3665 820 deflens.
3701 766 3817 820 Hoc

2167 860 2322 916 enim
2354 865 2531 916 totius
2558 876 2758 916 eorum
2792 859 2973 930 plagas
3017 857 3269 913 maxime
3317 853 3652 909 miserabile
3682 858 3771 909 est
3803 872 3817 921 ;

2171 951 2274 1005 sed
2299 955 2494 1006 tamen
2519 950 2850 1015 abdico,eos
2879 944 3216 1018 nempe,qui
3242 961 3355 999 non
3379 960 3558 1015 supra
3580 942 3815 998 ﬁrmam

2168 1044 2225 1094 et
2253 1039 2524 1094 stabilem
2558 1042 2805 1109 petram,
2839 1037 2937 1092 sed
2968 1052 3146 1106 supra
3194 1033 3409 1088 siccam
3455 1037 3511 1087 et
3557 1032 3815 1087 sterilem

2168 1128 2440 1183 seminati
2471 1128 2534 1182 ⁵⁸.
2570 1127 2634 1181 Hi
2667 1132 2863 1181 autem
2896 1134 3035 1180 sunt
3062 1124 3163 1177 83
3213 1122 3313 1193 qui
3356 1120 3557 1175 leviter
3602 1138 3666 1177 ac
3715 1125 3816 1176 de-

2170 1217 2457 1273 functorie
2487 1218 2557 1272 ad
2583 1216 2816 1288 pietatis
2848 1213 3178 1269 doctrinam
3203 1215 3597 1276 accesserunt,
3638 1214 3815 1281 atque

2169 1305 2378 1378 exigua
2407 1306 2520 1360 fide
2551 1304 2776 1377 praediti
2809 1307 2965 1370 sunt,
2986 1302 3125 1373 quia
3154 1300 3300 1355 altas
3323 1299 3382 1353 in
3413 1302 3569 1352 terra
3597 1298 3820 1353 radices

2170 1412 2285 1451 non
2332 1400 2588 1467 egerant,
2641 1392 2947 1449 confestim
2999 1389 3180 1445 exorti
3251 1392 3410 1457 sunt,
3470 1402 3536 1441 ac
3595 1387 3821 1457 prospi-

2170 1483 2408 1553 cientes,
2442 1486 2507 1536 ut
2539 1480 2665 1535 aliis
2694 1480 3009 1552 placerent,
3043 1481 3242 1548 postea
3265 1476 3335 1529 ad
3366 1475 3599 1529 brevem
3619 1477 3675 1528 et
3704 1473 3821 1529 exi-

2170 1588 2351 1644 guum
2384 1570 2599 1626 diaboli
2652 1570 2967 1635 assultum,
3019 1582 3380 1638 parvumque
3430 1562 3818 1619 tentationum

2171 1665 2377 1716 aestum
2409 1662 2761 1715 exaruerunt
2781 1663 2838 1713 et
2859 1656 3107 1712 emortui
3138 1659 3297 1710 sunt.
3320 1656 3507 1724 Atque
3530 1652 3622 1707 his
3643 1652 3817 1708 etiam

2173 1749 2361 1804 adhuc
2409 1750 2660 1820 pejores,
2704 1746 3011 1818 magisque
3064 1744 3135 1799 ab
3182 1743 3290 1798 hoc
3339 1743 3528 1797 fausto
3577 1746 3634 1796 et
3680 1740 3809 1795 lato

2171 1841 2455 1893 conventu
2488 1836 2887 1909 proscribendi
2920 1839 3076 1903 sunt,
3101 1834 3202 1904 qui
3233 1832 3499 1904 tempori,
3536 1836 3711 1903 atque
3744 1828 3819 1883 iis

2170 1926 2271 1997 qui
2304 1942 2409 1981 nos
2437 1926 2509 1980 ab
2536 1942 2601 1981 eo
2634 1926 2733 1997 qui
2760 1925 2819 1980 in
2852 1924 3035 1979 altum
3066 1923 3429 1986 ascenderat,
3461 1918 3821 1991 pulchreque

2172 2015 2427 2085 captivos
2458 2031 2564 2069 nos
2595 2016 2861 2082 duxerat,
2894 2014 2953 2069 in
2988 2013 3204 2068 malam
3236 2017 3293 2066 et
3323 2011 3614 2066 funestam
3637 2008 3817 2080 capti-

2171 2103 2408 2159 vitatem
2440 2103 2813 2159 abducebant
2843 2104 2906 2169 59,
2940 2118 3011 2157 ne
3041 2098 3337 2156 tantillum
3368 2100 3604 2171 quidem
3638 2098 3821 2153 obsti-

2173 2198 2390 2264 terunt,
2419 2209 2623 2248 verum
2655 2192 2809 2247 ultro
2839 2208 2905 2246 ac
2935 2194 3140 2262 sponte
3170 2189 3468 2261 improbos
3494 2204 3559 2242 ac
3588 2186 3824 2243 venales

2174 2298 2238 2338 se
2268 2283 2657 2353 praebuerunt,
2700 2285 2764 2336 ut
2792 2282 2890 2352 qui
2924 2297 2995 2335 ne
3039 2278 3337 2351 paulisper
3378 2277 3615 2347 quidem
3648 2291 3821 2347 repu-

2175 2372 2432 2444 gnarint,
2464 2376 2565 2427 aut
2596 2371 2801 2427 oborta
2829 2370 2974 2442 ipsis
3025 2369 3095 2424 ob
3147 2368 3397 2424 Verbum
3430 2366 3627 2436 aliqua
3676 2363 3832 2419 cala-

2177 2460 2381 2516 mitate
2411 2465 2513 2517 aut
2544 2460 2862 2516 tentatione
2891 2457 3236 2514 scandalum
3268 2455 3426 2528 passi
3456 2455 3816 2521 sint,verum

417 2564 552 2603 cum
582 2546 744 2602 brevi
772 2546 1029 2617 quodam
1058 2550 1116 2602 et
1148 2546 1365 2602 caduco
1396 2549 1645 2619 questu,
1680 2550 1780 2602 aut
1808 2548 2112 2619 obsequio,
2143 2552 2245 2605 aut
2268 2548 2477 2621 exigua
2506 2548 2765 2620 potentia
2795 2546 3044 2603 salutem
3090 2560 3256 2601 suam
3303 2543 3503 2598 miseri
3552 2558 3818 2597 commu-

413 2636 661 2692 tuarint.

488 2719 579 2781 15'.
612 2722 760 2778 Ἐπεὶ
793 2720 851 2777 δὲ
897 2722 1305 2799 ἆνεκαθήραμεν
1353 2721 1431 2796 τῷ
1483 2721 1637 2799 λόγῳ
1665 2728 1761 2779 τοῦ
1793 2728 1966 2799 χοροῦ
1994 2725 2057 2779 τὸ

412 2812 717 2887 πλήρωμα,
768 2810 923 2890 φέρε,
978 2810 1077 2881 ὅση
1131 2810 1377 2885 δύναμις,
1431 2812 1775 2888 ἁγνισάμενοι
1814 2814 1904 2867 καὶ
1948 2814 2056 2867 σώ-

417 2922 579 2975 ματα,
609 2901 699 2955 καὶ
748 2901 951 2976 ψυχὰς,
1004 2901 1094 2955 καὶ
1148 2901 1272 2974 μίαν
1312 2897 1673 2964 ἀναλαϐόντες
1722 2903 1931 2981 φωνὴν,
1980 2902 2057 2956 ἑνὶ

412 2991 865 3067 συναρμοσθέντες
944 2989 1212 3063 Πνεύματι
1263 3037 1278 3063 ,
1337 2992 1437 3060 τὴν
1516 2990 1774 3047 ἐπινίκιον
1845 2990 2059 3065 ᾄδωμεν

418 3079 624 3149 ἐκείνην
676 3077 843 3152 ᾠδὴν,
894 3078 959 3148 ἥν
1011 3101 1143 3134 ποτε
1190 3078 1313 3153 ᾖσεν
1347 3080 1375 3134 ὁ
1406 3081 1628 3157 Ἰσραὴλ
1677 3080 1764 3136 ἐπὶ
1812 3086 1928 3143 τοῖς
1958 3080 2056 3136 Δί’-

415 3167 686 3243 γυπτίοις,
720 3173 788 3242 τῇ
819 3170 1047 3243 Ἐρυθρᾷ
1090 3167 1410 3246 καλυφθεῖσι
1462 3168 1700 3244 θαλάσσῃ
1743 3172 1877 3243 (17),
1910 3169 2059 3247 ἐξαρ-

414 3257 625 3333 χούσης
680 3256 916 3332 Μαρίας,
969 3257 1058 3311 καὶ
1117 3257 1561 3333 ἀνακρουομένης
1616 3258 1678 3313 τὸ
1732 3258 2011 3332 τύμπανον
2044 3278 2056 3290 ο

415 3348 670 3420 ’ᾼσωμεν
745 3350 824 3417 τῷ
908 3346 1090 3419 Κυρίῳ
1143 3368 1154 3380 ·
1218 3343 1443 3417 ἐνδόξως
1514 3347 1619 3422 γὰρ
1696 3344 2006 3417 δεδόξασται
2047 3368 2059 3383 ο

410 3433 582 3489 ’ίππον
639 3436 729 3489 καὶ
787 3429 1057 3503 ἀναϐάτην
1118 3433 1332 3510 ἔρριψεν
1366 3481 1381 3507 ,
1441 3435 1540 3490 οὐκ
1610 3435 1685 3497 εἲς
1744 3435 2011 3499 θάλασσαν
2046 3483 2060 3509 ,

415 3528 577 3578 τοῦτο
609 3525 712 3599 γάρ
748 3523 1077 3599 μεθαρμόζω
1106 3530 1209 3592 τῆς
1230 3521 1398 3595 ᾠδῆς,
1433 3522 1559 3579 ἀλλ’
1591 3524 1718 3580 δποι
1748 3528 1861 3599 (18)
1902 3524 2062 3603 φίλον

417 3614 485 3681 ἦν
546 3612 728 3684 αὐτῷ,
786 3614 875 3666 καὶ
950 3611 1097 3673 ὅπως
1152 3612 1312 3675 αὐτὸς
1368 3610 1715 3669 ἐδικαίωσεν’
1776 3616 1833 3668 Ὀ
1888 3620 2062 3671 ποιῶν

417 3702 591 3757 πάντα
635 3703 724 3756 καὶ
777 3700 1207 3775 μετασκευάζων,
1249 3702 1365 3757 εἶπὲ
1413 3724 1519 3757 που
1564 3710 1664 3773 τῆς
1699 3705 1888 3759 ἑαυτοῦ
1927 3725 2062 3780 προ-

417 3791 634 3869 (θητείας
693 3792 875 3863 Ἀμὼς
936 3790 1249 3867 φιλοσοφῶν
1305 3791 1599 3855 ἐνθεώτατα
1633 3812 1646 3824 ·
1706 3794 1734 3846 ὁ
1792 3792 2061 3867 ἐκτρέπων

417 3880 493 3941 εἰς
542 3881 605 3934 τὸ
662 3878 809 3953 πρωί
866 3880 1015 3933 σκιὰν
1076 3878 1303 3942 θανάτου
1361 3882 1516 3951 (19),
1570 3879 1659 3934 καὶ
1718 3882 1926 3957 ἡμέραν
1986 3881 2063 3944 εἷς

416 3970 585 4024 νύκτα
632 3971 973 4038 συσκοτάζων
1024 3969 1113 4023 καὶ
1164 3968 1330 4023 οἱονεὶ
1398 3966 1486 4023 διὰ
1531 3967 1736 4023 κύκλου
1783 3971 1927 4032 τινὸς
1978 3970 2063 4025 εύ-

418 4060 592 4112 θύνων
624 4060 854 4132 (20)καὶ
902 4055 1159 4132 διεξάγων
1208 4059 1299 4112 τὸν
1348 4058 1552 4112 ἅπαντα
1600 4058 1829 4132 κόσμον,
1878 4060 2066 4114 καὶτὰ

418 4150 681 4223 ἡμέτερα,
734 4146 1069 4219 σαλευόμενά
1136 4168 1195 4201 τε
1243 4148 1384 4219 ὁμοῦ
1432 4147 1521 4201 καὶ
1578 4149 1651 4219 μὴ
1705 4147 2061 4221 σαλευόμενα,

412 4243 532 4298 ταῖς
598 4231 930 4308 μεταϐολαῖς
978 4234 1267 4307 κινούμενα
1321 4235 1410 4289 καὶ
1467 4236 1918 4311 περιτρεπόμενα,
1975 4237 2065 4291 καὶ

418 4325 621 4381 ἄλλοτε
665 4323 853 4386 ἄλλως
901 4323 1116 4400 ἔχοντα’
1150 4329 1219 4397 τῇ
1266 4324 1408 4394 τάξει
1459 4322 1515 4379 δῖε
1545 4332 1644 4393 τῆς
1674 4327 1929 4401 προνοίας
1960 4326 2062 4381 πά-

413 4437 506 4491 για
553 4415 641 4469 καὶ
691 4414 937 4483 ἀκίνητα,
988 4414 1082 4467 κᾶν
1138 4410 1226 4467 δια
1270 4418 1379 4468 τῶν
1437 4414 1689 4468 ἐναντίων
1748 4412 1928 4489 ὀδεύῃ,
1985 4421 2064 4488 τῷ

418 4504 581 4579 Λόγῳ
606 4504 699 4575 μὲν
724 4500 933 4573 δήλων,
957 4505 1092 4574 ἡμῖν
1114 4499 1170 4556 δὲ
1187 4501 1581 4577 ἀγνοουμένων·
1608 4504 1635 4556 ὁ
1656 4504 1927 4578 καθαίρων
1948 4507 2062 4577 (21)

2236 2727 2679 2799 XII.Postquam
2699 2731 2893 2783 autem
2916 2725 3160 2781 chorum
3185 2724 3521 2779 universum
3544 2736 3813 2777 sermone

2168 2817 2629 2889 repurgavimus,
2656 2832 2781 2889 age,
2801 2815 3142 2886 corporibus
3174 2817 3348 2884 atque
3378 2809 3811 2881 animis,quoad

2168 2907 2296 2976 ejus
2328 2906 2450 2961 fieri
2483 2905 2711 2978 poterit,
2746 2904 3091 2976 puriﬁcatis.
3126 2917 3374 2972 voceque
3414 2917 3531 2955 una
3576 2916 3813 2954 assum-

2168 2997 2285 3066 pta,
2318 2999 2494 3066 atque
2515 3012 2630 3050 uno
2653 2995 2976 3065 eodemque
3000 2992 3223 3064 Spiritu
3244 2990 3560 3046 concordes
3582 2988 3813 3057 redditi,

2166 3083 2523 3155 triumphale
2552 3084 2696 3139 illud
2730 3100 2963 3139 carmen
3009 3098 3309 3148 canamus,
3342 3079 3498 3151 quod
3554 3077 3694 3134 olim
3728 3079 3814 3132 Is-

2175 3171 2388 3227 raelitze
2431 3177 2668 3244 propter
2721 3172 3018 3244 Egyptios
3076 3169 3222 3226 mari
3273 3169 3468 3224 Rubro
3514 3170 3819 3238 coopertos

2175 3267 2350 3333 atque
2402 3262 2663 3327 obrutos,
2712 3260 3053 3332 auspicante
3102 3258 3303 3321 Maria,
3354 3263 3819 3329 tympanumque

2172 3350 2465 3421 pulsante,
2514 3350 2851 3406 cecinerunt
2904 3367 2917 3405 ε
2969 3349 3255 3404 Cantemus
3277 3348 3505 3402 Domino
3534 3363 3553 3399 :
3582 3346 3819 3415 gloriose

2174 3440 2320 3495 enim
2350 3442 2739 3510 magniﬁcatus
2768 3442 2847 3494 est
2874 3457 2892 3493 :
2925 3454 3127 3509 equum
3156 3441 3209 3492 et
3250 3450 3588 3491 ascensorem
3635 3435 3817 3506 proje-

2172 3530 2269 3595 cz't,
2302 3545 2417 3583 non
2466 3529 2525 3583 in
2554 3544 2708 3583 mare
2749 3529 2812 3597 ⁸ο,
2851 3528 2954 3582 hoc
2987 3526 3140 3581 enim
3176 3543 3244 3581 ex
3273 3525 3531 3580 carmine
3574 3522 3673 3578 illo
3705 3524 3815 3576 im-

2175 3620 2568 3685 muto,verum
2599 3617 2698 3672 ubi
2722 3616 2833 3688 ipsi
2856 3620 3087 3687 gratum
3113 3614 3221 3669 fuit
3241 3619 3297 3668 et
3316 3612 3816 3685 quemadmodum

2174 3705 2299 3777 ipse
2322 3707 2552 3776 justum
2585 3705 2845 3773 censuit;
2880 3704 3070 3776 qui,ut
3089 3704 3343 3775 quodam
3368 3701 3677 3772 prophetiae
3700 3716 3817 3754 suae

2175 3792 2299 3849 loco
2332 3798 2525 3850 Annos
2555 3794 2921 3849 divinissime
2963 3791 3403 3865 philosophans,
3448 3790 3524 3844 ait
3563 3806 3575 3842 :
3612 3788 3820 3843 Omnia

2175 3882 2314 3937 facit
2344 3888 2520 3953 atque
2547 3883 2823 3941 immutat
2857 3899 2869 3936 :
2903 3881 3003 3952 qui
3034 3880 3241 3935 mortis
3274 3880 3544 3933 umbram
3574 3877 3633 3930 in
3666 3876 3816 3929 dilu-

2176 3970 2373 4026 culum
2405 3971 2577 4025 vertit
2605 3976 2660 4025 et
2700 3971 2855 4025 diem
2900 3969 2961 4023 in
3011 3973 3326 4024 nocturnas
3375 3965 3645 4021 tenebras
3686 3981 3815 4019 mu-

2173 4058 2261 4114 tat
2284 4061 2351 4128 51,
2386 4076 2452 4114 ac
2483 4058 2640 4113 velut
2696 4075 2798 4130 per
2838 4058 3122 4113 circulum
3173 4056 3489 4127 quemdam
3529 4054 3817 4109 mundum

2174 4148 2332 4204 hunc
2380 4149 2714 4203 universum
2759 4148 3046 4219 gubernat
3090 4163 3154 4201 ac
3214 4146 3569 4210 moderatur,
3607 4158 3817 4213 resque

2175 4253 2376 4293 omnes
2407 4242 2657 4303 nostras,
2693 4236 3045 4291 ﬂuctuantes
3083 4234 3261 4289 simul
3314 4233 3672 4303 minimeque
3703 4232 3817 4287 ﬂu-

2174 4330 2533 4392 ctuantes,ut
2553 4342 2679 4396 qua:
2700 4342 2800 4397 per
2822 4325 3177 4380 mutationes
3199 4323 3436 4395 quidem
3456 4324 3817 4386 moveantur,

2174 4434 2241 4472 ac
2270 4432 2508 4471 sursum
2530 4415 2923 4485 deorsumque
2953 4414 3267 4485 agitentur,
3290 4412 3548 4482 aliasque
3569 4410 3737 4465 aliter
3757 4425 3819 4464 se

2175 4506 2463 4561 habeant:
2499 4510 2558 4557 at
2587 4508 2876 4574 quantum
2907 4503 2977 4557 ad
3019 4502 3225 4557 divinae
3258 4500 3630 4572 providentiae
3662 4496 3818 4554 ordi-

417 4590 677 4653 δυνάστας
709 4590 814 4646 ἀπὸ
859 4591 1087 4663 θρόνων,
1129 4590 1217 4644 καὶ
1266 4590 1634 4661 ἀνυπονόητον
1681 4598 1898 4665 κοσμῶν
1946 4591 2061 4647 δια-

2173 4611 2304 4651 nem
2336 4598 2393 4649 et
2420 4592 2894 4648 constitutionem
2919 4592 3042 4646 ﬁxes
3074 4594 3131 4647 et
3160 4590 3399 4647 stabiles
3420 4589 3557 4654 sint,
3589 4586 3821 4644 etiamsi

488 4791 530 4824 ³⁸
560 4790 759 4845 Matth.
791 4808 893 4858 vn,
922 4791 1010 4846 24.
1091 4792 1134 4826 5°
1165 4789 1314 4846 Psal.
1350 4806 1518 4860 vau,
1556 4791 1659 4858 19;
1691 4790 1902 4863 Ephes.
1936 4808 2009 4860 ιν,
2043 4794 2061 4848 ξ

2173 4792 2218 4827 ⁸ο
2246 4790 2422 4847 Exod.
2472 4806 2564 4855 xv,
2600 4790 2650 4843 1.
2725 4790 2768 4823 θί
2802 4788 2978 4843 Amos
3004 4803 3057 4853 ν,
3089 4787 3143 4841 8.

486 4986 600 5055 (11)
656 4982 753 5035 Καὶ
813 4980 937 5036 οὐδὲ
995 4982 1275 5044 ἐπαίοντας
1333 4988 1441 5039 etc.
1503 4983 1708 5041 Billius

412 5058 721 5111 audientes
752 5055 988 5126 quidem
1022 5056 1268 5111 fortasse
1300 5055 1525 5127 lugens.
1564 5078 1591 5105 »

485 5128 601 5203 (12)
633 5121 1055 5203 ΙΙροῆύιιαοιντες.Δ
1090 5121 1575 5203 «uErumpentes,
1622 5126 1779 5182 velut
1826 5121 2060 5203 ἔμϐρυον

410 5196 589 5255 vulva
615 5196 963 5271 προκύπτειν,
1004 5199 1086 5253 ait
1117 5196 1477 5271 Plutarchus.

488 5267 962 5343 (13)“Apécwow.
1015 5271 1108 5326 Sic
1167 5271 1303 5342 Reg.
1364 5270 1647 5342 quinque,
1710 5269 1894 5335 Pass.,
1953 5274 2062 5325 etc.

415 5342 565 5416 Edit.
602 5341 886 5416 ἀρεσκωσι.

487 5415 597 5485 (14)
630 5410 948 5485 Πειρασμῶν
973 5410 1271 5485 καύσωνος.
1304 5412 1398 5468 Sic
1429 5412 1566 5483 Reg.
1602 5411 1702 5466 bm
1729 5416 1787 5465 et
1816 5410 1974 5466 Colb.
2008 5413 2061 5468 5.

413 5481 901 5569 Εᾶίῐ.’πειρασμοῦ
932 5482 1020 5536 καὶ
1052 5481 1347 5543 καύσωνος.

486 5561 505 5623 (
545 5559 602 5629 5)
634 5552 867 5629 Εῧωνοι.
903 5579 931 5605 ‹‹
955 5555 1237 5629 Δνειῐιιιιειε.
1260 5580 1290 5629 ,ι
1321 5554 1541 5629 Billius,
1575 5574 1603 5603 ‹‹
1634 5552 1795 5629 viles.
1832 5573 1861 5601 »

514 5624 599 5696 ιθ)
634 5630 736 5700 Διά,
766 5628 856 5681 τὸν
892 5624 1065 5700 Λόγον
1098 5669 1112 5700 ε
1148 5650 1174 5700 ς(
1210 5627 1293 5682 0b
1328 5628 1458 5700 fidei
1491 5625 1837 5700 doctrinam.
1867 5648 1895 5674 »

515 5695 598 5769 17)
646 5695 994 5776 Καλυψθεῖσί
1030 5695 1293 5767 θαλάσση.
1355 5698 1447 5753 Sic
1503 5696 1675 5753 Coisl.
1735 5698 1786 5766 1,
1840 5700 1897 5751 et
1951 5696 2067 5751 duo

1770 5004 1862 5041 :«
1892 5002 1958 5041 ac
1990 5001 2064 5043 ne

2171 4984 2331 5041 Colb.
2356 4984 2527 5039 Deest
2547 4980 2785 5047 θαλάσση
2807 4982 2870 5053 in
2896 4980 3163 5053 pluribus
3187 4996 3329 5035 mss.
3363 4986 3420 5036 et
3441 4981 3499 5035 in
3523 4982 3651 5035 Par.
3676 4981 3818 5053 edit.

2172 5073 2302 5141 qi]?
2351 5056 2546 5121 habet,
2599 5048 3105 5128 κατακαλυιρθεῖσιν.
3178 5053 3309 5107 Bas.
3376 5054 3513 5107 edit.
3578 5048 3822 5121 καταλη-

2172 5128 2596 5323 Ξθῖίὲ)ν”’οποι.
2656 5197 2831 5268 Regg.
2873 5196 2994 5255 bm.
3054 5194 3093 5262 1,
3154 5192 3285 5261 ὅπη.
3346 5193 3478 5251 Ald.
3541 5200 3598 5251 et
3652 5194 3820 5252 Herv.

2208 5288 2328 5323 περ.

2208 5290 2355 5412 πῗῗθ)
2386 5338 2652 5412 Θανάτου.)
2700 5343 2829 5393 Hzec
2885 5354 2993 5393 vox
3049 5354 3081 5412 a
3137 5338 3329 5412 Graeco
3378 5342 3536 5393 textu
3586 5337 3821 5412 vulgato

2174 5410 2377 5477 abest;
2409 5412 2467 5467 in
2499 5411 2773 5466 omnibus
2806 5416 3001 5465 tamen
3034 5410 3291 5480 Gregorii
3348 5427 3488 5465 mss.
3540 5414 3596 5465 et
3628 5410 3686 5464 in
3738 5410 3822 5464 bi-

2176 5483 2758 5553 bliorumcodicibus
2794 5499 2909 5537 non
2942 5482 3143 5552 paucis
3174 5481 3404 5553 legitur.

2178 5556 2355 5688 6’(20)
2388 5552 2653 5615 Εὐθύνων.
2688 5558 2826 5625 Reg.
2861 5553 2903 5619 Ι,
2942 5548 3112 5608 'Colb.
3167 5548 3589 5607 6.v6tE‘J0'3VU)V.
3639 5552 3814 5606 Oxon.

2212 5647 2373 5679 υνων.

2248 5699 2359 5769 (21)
2400 5695 2697 5766 Καθαίρων.
2729 5696 2889 5751 Colb.
2922 5696 2974 5765 3,
3008 5691 3272 5749 καθελών.
