4202 6212
318 440 321 441 ν
372 388 494 449 543
1616 386 1684 447 S.
1730 384 2103 448 GREGORII
2150 386 2549 449 THEOLOGI
3672 384 3790 444 5H

372 535 477 593 per
493 519 781 576 contraria
797 517 1107 589 gradiantu
1116 518 1358 585 r,Verbo
1372 517 1608 590 quidem
1628 518 1781 575 clara
1827 523 1884 574 et
1899 535 2020 591 per-

2137 514 2341 591 δήματι
2376 536 2390 550 ο
2453 520 2598 595 παρά
2647 518 2748 595 γὰρ
2804 526 2903 589 τῆς
2957 518 3100 580 Θείας
3155 516 3247 573 καὶ
3300 519 3462 572 τοῦτο
3518 511 3788 589 λαμϐάνω

373 610 597 680 spicus,
650 606 817 661 nobis
878 611 1077 661 autem
1139 606 1436 679 incognita
1490 611 1548 661 et
1592 607 2020 677 obscura:qui

2137 613 2370 685 Γραφῆς“
2405 609 2434 663 6
2460 608 2677 684 γόνασιν
2720 607 3037 663 ἀδυνατοῦσι
3083 604 3277 683 θάρσος
3327 605 3618 681 περιτιθεὶς
3646 607 3784 678 (22),

371 702 638 771 potentes
668 697 739 751 de
770 694 1011 751 sedibus
1048 696 1287 767 deponit
1335 697 1405 765 εἳ,
1438 701 1495 751 et
1538 696 2019 768 insuspicabilem

2137 696 2220 750 καὶ
2268 692 2563 773 συντρίϐων
2620 695 2954 771 ἀμαρτωλοῦ
3009 697 3099 750 καὶ
3175 699 3421 769 πονηροῦ
3482 694 3784 770 βραχίονας

373 786 701 841 diademate
732 788 900 839 ornat
923 786 969 819 ⁸³
997 802 1009 852 ;
1039 801 1174 840 nam
1205 785 1262 840 id
1298 802 1532 857 quoque
1571 802 1604 841 a
1649 786 1845 841 divina
1869 785 2020 841 Scri-

2137 787 2219 840 καὶ
2257 790 2425 841 ταῦτα
2471 790 2596 862 παρ’
2639 783 2818 856 ἄλλης
2867 783 3014 857 ᾠδῆς
3061 786 3196 856 (23),
3247 782 3397 846 ὅπως
3445 782 3504 837 ἂν
3554 781 3781 839 ἕκαστον

370 878 543 946 ptura
572 873 795 946 accipio
821 890 833 927 :
860 874 959 945 qui
992 874 1235 943 inﬁrmis
1264 879 1317 931 et
1344 877 1613 931 invalidis
1639 876 1891 946 gentibus
1914 876 2020 931 lor-

2137 873 2255 950 ἐπίῃ
2308 879 2378 949 τῇ
2433 877 2643 950 μνήμῃ,
2698 873 2929 930 πολλῶν
2988 872 3462 948 συμπληρούντων
3526 893 3619 946 μοι
3678 874 3781 941 τήν

369 962 680 1018 titudinem
711 963 963 1035 imponit
989 965 1054 1029 5‘,
1089 980 1156 1020 ac
1186 966 1505 1036 peccatoris
1534 970 1592 1021 et
1622 965 1863 1037 maligni
1886 965 2020 1020 bra-

2137 961 2306 1036 ᾠδὴν,
2350 964 2442 1019 καὶ
2489 963 2937 1041 συνερανιζόντων
2972 964 3086 1037 (24)
3113 963 3203 1018 τὸν
3255 964 3612 1038 χαριστήριον
3645 964 3783 1033 (25)’

372 1052 503 1107 chia
532 1050 846 1124 confringit
886 1052 929 1087 ⁸⁸
970 1069 984 1109 :
1017 1052 1120 1108 84
1148 1054 1366 1109 etenim
1399 1053 1521 1108 hinc
1551 1070 1786 1126 quoque
1815 1070 1883 1109 ex
1910 1054 2020 1110 alio

2137 1049 2375 1115 ὁδιδοὺς
2406 1054 2629 1128 ὁρᾶσθαι
2676 1055 2776 1108 τοῦ
2824 1048 3051 1115 ἀσεϐοῦς
3097 1051 3188 1108 καὶ
3234 1052 3334 1121 τὴν
3387 1051 3519 1124 ὑπερ
3564 1051 3663 1113 τὰς
3692 1049 3783 1105 κέ-

378 1157 547 1197 sumo
580 1142 827 1207 cantico,
862 1147 1035 1214 prout
1065 1143 1338 1215 quodque
1385 1143 1677 1199 memoriae
1723 1144 1977 1199 occurrit
2007 1160 2020 1200 :

2137 1139 2295 1219 δρους
2324 1139 2572 1219 ἔπαρσιν,
2618 1141 2710 1197 καὶ
2757 1144 2855 1211 τὴν
2907 1142 2982 1205 είς
3026 1141 3091 1196 τὸ
3144 1141 3336 1214 μηκὲτι
3371 1140 3504 1195 εἶναι
3538 1139 3785 1214 καθαίρε-

370 1229 574 1285 multis
598 1231 865 1287 videlicet
883 1230 1027 1287 locis
1049 1232 1380 1288 cantionem
1416 1232 1560 1287 mihi
1584 1233 2020 1289 conficientibus

2137 1251 2238 1286 aw'
2288 1231 2415 1287 ὅταν
2466 1231 2631 1287 αὐτοῦ
2676 1230 2965 1307 παρελθεῖν
3013 1228 3333 1303 δυνηθῶμεν
3378 1228 3535 1304 τάχει
3566 1227 3657 1284 καὶ
3690 1230 3785 1283 ἀσ-

373 1322 549 1387 atque
583 1317 652 1371 ad
686 1319 1105 1373 contexendam
1136 1320 1456 1391 gratiarum
1482 1320 1773 1375 actionem
1804 1320 2020 1391 aliquid

2137 1318 2333 1398 φαλείᾳ
2362 1319 2533 1384 ποδὸς
2556 1319 2660 1390 τήδ
2694 1316 2959 1377 ἀσέϐειαν.

372 1406 771 1477 erogantibus.
807 1406 913 1470 Qui
946 1409 1046 1463 dat
1076 1414 1139 1463 ut
1168 1408 1385 1481 impius
1420 1426 1576 1464 nunc
1607 1425 1786 1481 supra
1815 1410 2019 1465 cedros
2048 1410 2238 1467 elatus
2278 1412 2693 1485 conspiciatur,
2742 1411 2808 1479 ⁸⁸,
2859 1426 3015 1467 nunc
3062 1410 3345 1481 deiectus,
3397 1413 3572 1481 atque
3603 1407 3663 1463 in
3696 1407 3786 1463 ni-

373 1494 561 1549 hilum
594 1495 864 1551 redactus
896 1514 909 1550 :
947 1496 995 1552 si
1037 1497 1272 1569 quidem
1304 1497 1492 1569 ipsius
1522 1498 1885 1570 impietatem
1918 1504 2089 1556 cauto
2121 1517 2187 1557 ac
2216 1500 2389 1556 celeri
2420 1502 2565 1574 pede
2594 1500 2884 1573 praeterire
2914 1498 3233 1573 possimus.

445 1582 586 1638 XIII.
624 1584 834 1655 Ecquis
862 1601 1083 1655 eorum,
1118 1587 1218 1659 qui
1242 1602 1334 1642 res
1357 1587 1584 1644 divinas
1614 1592 1874 1657 narrant,
1905 1587 2026 1643 haec

374 1687 478 1743 pro
510 1672 793 1743 dignitate
821 1674 1174 1743 decantabit,
1209 1680 1383 1747 atque
1439 1676 1749 1731 narrabit?
1778 1677 1910 1745 Quis
1942 1677 2024 1731 ιο-

374 1763 568 1832 quetur
594 1764 862 1832 potentias
890 1765 1131 1832 Domini,
1164 1767 1384 1820 auditas
1426 1768 1590 1836 faciei
1621 1782 1805 1821 omnes
1834 1764 2027 1821 laudes

371 1850 495 1920 ejus
522 1849 611 1905 ‘7‘?
658 1851 784 1915 Qua
831 1868 988 1924 voce,
1030 1859 1131 1909 aut
1177 1870 1294 1925 qua
1335 1854 1563 1910 dicendi
1611 1854 1875 1910 facultate
1912 1854 2023 1910 hoc

374 1938 727 1995 miraculum
759 1942 1133 2011 adaaquabit?
1164 1944 1304 2007 Quis
1338 1960 1520 2009 arma,
1565 1946 1622 1997 et
1658 1943 1939 2013 gladium,
1971 1947 2028 1998 et

374 2026 592 2083 bellum
615 2030 898 2102 confregit
927 2030 1016 2085 ‘3?
1046 2032 1187 2097 Quis
1218 2033 1409 2104 capita
1430 2033 1747 2087 draconum
1780 2031 1841 2086 in
1873 2047 2025 2102 aqua

374 2118 644 2172 contrivit
672 2117 762 2172 5°?
793 2119 932 2183 Quis
965 2135 1099 2174 eum
1141 2121 1373 2192 populis
1413 2120 1551 2189 illis,
1584 2122 1799 2193 quibus
1840 2120 2024 2176 tradi-

370 2209 469 2260 tus
501 2210 607 2271 est,
641 2206 700 2259 in
729 2223 904 2263 escam
941 2210 1140 2265 dedit?
1168 2209 1309 2272 Quis
1352 2209 1666 2280 procellam
1718 2212 1776 2263 in
1816 2224 2022 2265 auram

374 2294 691 2350 statuit"?
732 2297 874 2361 Quis
905 2299 1051 2353 dixit
1098 2298 1267 2369 mari,
1314 2300 1442 2354 Tace
1487 2299 1789 2354 obmutesce
1816 2299 1860 2335 τί
1887 2297 1915 2353 ?
1943 2301 2021 2367 et,

371 2384 434 2439 In
466 2388 523 2438 te
554 2385 1000 2458 confringentur
1027 2387 1242 2443 ﬂuctus
1271 2388 1359 2443 tui
1389 2389 1434 2423 ⁷³
1469 2406 1483 2443 :
1513 2393 1686 2459 atque
1716 2388 1858 2443 adeo
1881 2402 2019 2444 con-

372 2471 701 2544 fregit,cum
730 2476 883 2531 haud
915 2478 1012 2532 diu
1045 2477 1470 2533 intumuissent
1499 2482 1677 2549 atque
1704 2477 2020 2533 inferbuis-

370 2563 715 2627 sentPQuis
767 2564 876 2621 hoc
917 2567 1086 2622 nobis
1139 2567 1320 2635 dedit,
1371 2574 1436 2621 ut
1487 2566 1781 2622 calcemus
1838 2582 2019 2638 supra

370 2657 667 2723 serpentes
707 2659 764 2708 et
810 2655 1145 2727 scorpiones
1202 2656 1266 2721 ⁷³,
1328 2672 1443 2711 non
1492 2656 1619 2726 jam
1677 2655 2015 2715 calcaneum

369 2740 594 2797 occulte
623 2742 997 2799 observantes
1020 2745 1590 2816 “quemadmodum
1614 2744 1721 2799 fert
1741 2745 2015 2800 condem-

371 2830 550 2900 natio,
606 2847 808 2886 verum
870 2834 1177 2904 perspicue
1228 2834 1643 2903 insurgentes,
1703 2838 2013 2905 caputque,

368 2918 538 2988 cujus
562 2919 993 2990 proculcatione
1021 2922 1281 2976 damnati
1308 2922 1805 2990 sunt,attollentes
1823 2922 1851 2978 ?
1875 2923 2016 2989 Quis

362 3007 653 3076 judicium
675 3014 733 3065 et
748 3010 1041 3081 justitiam
1065 3011 1364 3083 inopinato
1388 3011 1614 3067 fecit“?
1631 3012 1772 3077 Quis
1791 3011 2014 3084 virgam

371 3103 743 3167 peccatorum
775 3115 891 3155 non
923 3117 1165 3171 prorsus
1217 3100 1436 3166 emisit,
1469 3102 1884 3157 audendumne
1927 3106 2016 3158 est

367 3185 577 3255 dicere,
610 3188 668 3242 in
704 3193 916 3244 sortem
941 3191 1241 3261 justorum
1271 3191 1359 3245 7“?
1388 3207 1484 3257 an,
1516 3192 1670 3263 quod
1716 3207 1782 3247 eo
1816 3193 2013 3248 mode-

369 3275 554 3331 ratius
584 3282 692 3348 est,
727 3278 785 3333 in
812 3283 1029 3334 sortem
1061 3296 1196 3335 eum
1227 3280 1702 3351 cognoscentium
1722 3280 1751 3334 ?

441 3365 583 3422 XIV.
617 3366 743 3422 Non
776 3368 933 3424 enim
966 3373 1032 3424 ut
1073 3367 1217 3438 justi
1248 3368 1449 3424 traditi
1478 3373 1654 3440 atque
1693 3368 1892 3423 afﬂicti
1923 3386 2024 3425 su-

370 3471 503 3511 mus
538 3473 552 3512 :
589 3457 693 3512 hoc
735 3458 890 3513 enim
923 3458 1127 3529 paucis
1158 3464 1213 3513 et
1254 3474 1383 3513 raro
1414 3458 1699 3529 contigit;
1751 3463 1835 3526 ut,
1868 3458 2025 3515 velut

372 3545 570 3613 fortes,
607 3546 861 3612 athletae,
887 3551 1236 3602 tentatorem
1266 3546 1591 3618 ignominia
1626 3547 1982 3618 perfundant
2012 3565 2027 3603 :

370 3651 573 3690 verum
606 3642 671 3689 ut
701 3639 1009 3706 peccantes
1039 3634 1434 3702 condemnati,
1468 3650 1534 3690 ac
1568 3639 1768 3708 postea
1798 3636 2028 3692 miseri-

371 3725 629 3780 cordiam
664 3723 965 3778 consecuti
998 3739 1226 3791 sumus,
1270 3725 1506 3795 provide
1537 3724 1814 3779 nimirum
1847 3729 1903 3779 et
1932 3740 2030 3797 pa-

369 3816 532 3868 terne
578 3812 863 3867 hactenus
911 3814 1195 3884 percussi,
1225 3818 1291 3867 ut
1332 3813 1741 3884 prudentiores
1773 3812 2025 3869 efﬁcere-

370 3916 520 3970 mur,
543 3904 713 3971 atque
740 3899 1026 3957 hactenus
1049 3902 1413 3974 castigati,ut
1444 3902 1515 3957 ad
1547 3918 1681 3956 eum
1714 3918 1821 3957 nos
1865 3902 2025 3974 ipsos

372 3994 799 4046 convertamus.
831 3992 1038 4063 Arguit
1067 3992 1247 4059 enim,
1298 3992 1398 4047 sed
1444 4007 1559 4047 non
1606 3990 1666 4044 in
1701 3991 1892 4046 furore
1924 4008 1938 4047 :
1969 3993 2025 4046 et

374 4078 677 4149 corripuit,
700 4084 799 4136 sed
836 4098 953 4137 non
986 4082 1045 4135 in
1077 4082 1166 4136 ira
1180 4083 1224 4116 ⁷⁷
1248 4098 1260 4136 :
1284 4098 1386 4153 per
1416 4086 1731 4153 utrumque
1758 4078 2028 4136 videlicet

373 4168 794 4239 benignitatem
823 4186 990 4226 suam
1024 4172 1361 4241 ostendens,
1390 4170 1499 4226 hoc
1534 4176 1645 4241 est,
1677 4174 1733 4225 et
1764 4186 1866 4241 per
1886 4169 2024 4224 sub-

376 4256 782 4326 moniticnem,
818 4264 874 4314 et
904 4276 1007 4330 per
1037 4260 1637 4332 indulgentiam.Quis
1669 4258 1769 4315 ille
1799 4258 2025 4330 est,qui

369 4344 690 4400 vindictam
725 4346 858 4402 fecit
885 4347 944 4402 in
977 4349 1337 4415 nationibus,
1371 4349 1803 4421 increpationes
1832 4346 1891 4402 in
1923 4364 2023 4419 po-

2206 1589 2304 1642 II“.
2337 1586 2428 1649 Τίς
2472 1592 2640 1643 ταῦτα
2686 1588 2824 1663 πρὸς
2873 1587 3017 1660 ἀξίαν
3069 1585 3274 1657 ᾄσεται,
3323 1584 3410 1640 καὶ
3464 1582 3787 1660 διηγήσεται

2132 1679 2239 1730 τῶν
2297 1677 2366 1731 τὰ
2418 1677 2535 1731 θεῖα
2590 1674 2970 1751 διηγουμένων
3014 1694 3029 1744 ;
3079 1674 3168 1737 Τίς
3226 1672 3455 1744 λαλήσει
3511 1674 3608 1736 τὰς
3668 1671 3731 1727 δυ
3767 1707 3789 1716 -

2132 1765 2369 1827 ναστείας
2449 1768 2546 1820 τοῦ
2616 1764 2817 1841 Κυρίου
2866 1812 2883 1838 ,
2961 1764 3226 1826 ἀκουστὰς
3300 1762 3518 1833 ποιησει
3602 1763 3785 1824 πάσας

2129 1852 2227 1916 τὰς
2283 1854 2508 1916 αἷνέσεις
2546 1853 2755 1924 αὐτοῦς
2788 1853 2907 1909 τίνα
2964 1856 3172 1931 φωνὴν,
3229 1852 3266 1922 ἢ
3313 1850 3434 1908 τίνα
3482 1850 3650 1928 λόγου
3691 1849 3783 1907 δύ-

2133 1962 2290 2016 ναμιν
2326 1943 2566 2014 ἐξισώσει
2594 1941 2674 2015 τῷ
2691 1941 2924 2015 θαύματι
2950 1959 2965 2012 ;
2987 1942 3080 2005 Τίς
3112 1942 3420 2018 συνέτριψεν
3440 1938 3615 1995 ὅπλον
3641 1942 3780 2016 (26),

2133 2032 2221 2087 καὶ
2265 2032 2559 2111 ῥομφαίαν,
2610 2032 2700 2087 καὶ
2747 2031 2993 2106 πόλεμον
3028 2029 3158 2099 ςΤίς
3207 2028 3496 2086 συνέθλασε
3538 2030 3636 2092 τὰς
3686 2052 3778 2085 κε-

2133 2120 2309 2197 φαλὰς
2355 2124 2462 2175 τῶν
2515 2118 2820 2197 δρακόντων
2864 2119 2951 2174 ἐπὶ
2997 2123 3093 2174 τοῦ
3140 2116 3335 2181 ὕδατος
3381 2136 3396 2188 ;
3439 2118 3531 2181 Τίς
3582 2116 3783 2174 ἔδωκεν

2132 2208 2289 2265 αὐτὸν
2320 2211 2517 2287 βρῶμα
2566 2208 2745 2282 λαοῖς,
2791 2212 2875 2272 οἷς
2922 2208 3011 2264 καὶ
3062 2206 3344 2285 παρέδωκε
3377 2225 3390 2279 ;
3422 2206 3522 2270 Τίς
3557 2206 3778 2279 ἔστησεν

2132 2297 2206 2361 είς
2256 2295 2418 2375 αὔραν
2468 2296 2786 2376 καταιγίδα;
2816 2299 2907 2361 Τίς
2961 2299 3079 2353 εἷπε
3246 2295 3511 2371 θαλάσσῃ,
3563 2296 3780 2371 Σιώπα,

2128 2387 2416 2465 πεφίμωσο
2447 2406 2462 2457 ;
2494 2388 2620 2461 καὶ,
2679 2392 2765 2443 Ἐν
2815 2387 2901 2442 σοὶ
2950 2382 3365 2463 συντριϐήσεταί
3415 2406 3509 2440 σου
3564 2385 3632 2440 τὰ
3676 2384 3780 2440 κύ-

2132 2496 2291 2549 ματα’
2343 2478 2431 2531 καὶ
2472 2479 2654 2550 μέντοι
2701 2475 2791 2531 καὶ
2842 2476 3156 2553 συντρίψας,
3208 2474 3307 2530 οὐκ
3353 2474 3438 2530 ἐπὶ
3488 2473 3633 2529 πολὺ
3682 2494 3780 2548 με·

2122 2565 2481 2641 τεωρισθέντα
2529 2564 2618 2620 καὶ
2670 2564 2992 2635 ἀνάξεσαντα
3043 2582 3056 2635 ;
3097 2564 3190 2628 Τίς
3239 2562 3415 2619 ἐπάνω
3464 2560 3637 2643 ὄφεων
3686 2563 3779 2620 καὶ

2128 2654 2399 2729 σκορπίων
2430 2660 2614 2710 πατεῖν
2650 2652 2992 2731 ἐδωρήσατο,
3024 2655 3123 2709 οὐκ
3169 2652 3247 2709 ἔτι
3279 2654 3450 2730 λάθρα
3478 2655 3576 2722 τὴν
3608 2652 3776 2727 πτέρ-

2124 2763 2216 2797 ναν
2242 2743 2576 2819 τηρούντων,
2627 2743 2704 2807 ὠς
2751 2746 2786 2814 ἡ
2834 2744 3169 2820 κατάκρισις,
3202 2740 3347 2798 ἀλλὰ
3389 2745 3631 2820 φανερῶς
3661 2745 3777 2817 (27)

2125 2830 2559 2907 ἐπανισταμένων
2608 2833 2699 2888 καὶ
2749 2829 3067 2910 δ.αιρόντων
3108 2832 3207 2902 τήν
3255 2829 3522 2909 κεφαλὴν,
3553 2832 3615 2900 ἢν
3664 2850 3769 2885 πα-

2122 2926 2328 2986 τεῖσθαι
2384 2920 2842 2993 κατεδικάσθησαν
2875 2942 2890 2992 ;
2919 2920 3017 2984 Τίς
3074 2923 3102 2976 6
3160 2921 3393 2992 ποιήσας
3450 2924 3624 2996 κρῖμα
3679 2920 3771 2975 καὶ

2125 3008 2469 3083 δικαιοσύνην
2521 3007 2786 3083 ἀδόκητον
2821 3030 2835 3082 ;
2866 3012 2956 3073 Τίς
3004 3011 3031 3066 6
3080 3011 3155 3085 μὴ
3208 3008 3491 3073 παντελῶς
3547 3008 3771 3088 ἐπαφεὶς

2122 3102 2221 3170 τὴν
2264 3096 2462 3177 ῥάϐδον
2506 3106 2615 3156 τῶν
2668 3098 3030 3176 ἁμαρτωλῶν,
3078 3101 3181 3177 ἆρα
3224 3099 3488 3177 θαρρῆσαι
3539 3099 3651 3174 χρὴ
3690 3101 3771 3171 τῷ

2122 3188 2320 3265 κλήρῳ
2364 3193 2471 3244 τῶν
2522 3187 2746 3245 δικαίων
2793 3189 2962 3245 εἰπεῖν
3002 3189 3108 3260 ;ῆ,
3158 3188 3187 3245 ὃ
3232 3188 3437 3244 τούτου
3485 3188 3776 3266 μετριώτε-

2050 3284 2092 3349 C
2132 3299 2246 3355 ρον,
2277 3282 2357 3351 τῷ
2387 3278 2583 3356 κλήρῳ
2611 3278 2768 3334 αὐτὸν
2794 3280 2906 3354 (28)
2936 3278 3311 3356 γινωσκόντων
3345 3293 3361 3347 ;

2205 3368 2306 3423 IA'.
2356 3366 2432 3425 Οὐ
2482 3369 2585 3444 γὰρ
2636 3367 2711 3429 ὡς
2760 3365 2957 3422 δίκαιοι
2996 3364 3417 3442 παρεδόθημεν,
3465 3369 3627 3422 τοῦτο
3674 3366 3781 3442 γὰρ

2136 3455 2313 3533 ὀλίγοι
2351 3455 2443 3511 καὶ
2493 3455 2744 3533 ὀλιγάκις
2794 3459 2928 3531 (29)°
2975 3455 3071 3525 ἵν’,
3121 3457 3196 3518 ὡς
3247 3454 3480 3527 ἀθληταὶ
3524 3461 3786 3531 γενναῖοι,

2135 3545 2227 3599 τὸν
2273 3547 2566 3619 πειραστήν
2616 3544 3050 3620 καταισχύνωσιν
3293 3543 3422 3601 ἀλλ’
3472 3545 3546 3607 ὡς
3606 3547 3784 3619 ἀμαρ-

2137 3634 2384 3696 τάνοντες
2432 3634 2828 3711 κατεκρίθημεν
2868 3679 2882 3703 ,
2934 3633 3047 3690 εἶτα
3089 3634 3411 3707 ἠλεήθημεν
3470 3631 3786 3707 κηδεμονι-

2136 3726 2246 3784 κῶς
2299 3725 2415 3794 (31)
2468 3743 2529 3777 τε
2584 3724 2673 3777 καὶ
2731 3726 3008 3798 πατρικῶς
3050 3766 3064 3789 ,
3119 3722 3242 3778 ὅσον
3298 3730 3785 3799 σωφρονισθῆναι,

2135 3808 2451 3887 πληγέντες,
2483 3813 2574 3867 καὶ
2632 3810 2758 3867 ὅσον
2802 3812 2941 3889 πρὸς
2992 3812 3148 3867 αύνὸν
3182 3811 3497 3888 ἐπιπρέψαι
3522 3813 3785 3883 νουθετη-

2138 3900 2331 3965 θέντες.
2380 3899 2606 3976 ’Πλεγξε
2656 3902 2750 3974 μὶν
2801 3902 2902 3978 γὰρ
2933 3946 2947 3966 ,
2998 3901 3058 3955 ού
3100 3906 3180 3973 τῷ
3221 3902 3378 3974 Θυμῷ
3430 3898 3504 3955 δὲ·
3557 3900 3647 3956 καὶ
3694 3921 3786 3955 πε-

2135 3988 2389 4045 παίδευκε
2424 3991 2539 4063 μὲν,
2572 3990 2633 4045 ού
2683 3991 2754 4062 τῇ
2800 3990 2941 4066 ὀργῇ
2989 3988 3065 4045 δὲ·
3102 3988 3170 4045 δι’
3215 3989 3536 4069 ἀμφοτέρων
3571 3988 3783 4053 δεικνὺς

2132 4079 2195 4135 τὸ
2253 4078 2641 4151 φιλάνθρωπον
2692 4079 2783 4134 καὶ
2830 4082 2930 4148 τῆς
2981 4078 3363 4153 ὑπομνήσεως,
3412 4079 3500 4135 καὶ
3548 4087 3649 4149 τῆς
3698 4080 3788 4134 ἀν-

2136 4168 2319 4230 έσεως.
2351 4169 2440 4230 Τίς
2471 4170 2499 4223 6
2547 4171 2779 4239 ποιήσας
2827 4167 3102 4238 ἐκδίκησιν
3143 4167 3195 4223 ἐν
3244 4174 3358 4231 τοῖς
3399 4164 3622 4237 ἔθνεσιν,
3674 4167 3789 4223 ἐλε-

2133 4256 2309 4331 γμοὺς
2356 4255 2408 4309 ἐν
2456 4260 2573 4318 τοῖς
2621 4255 2800 4327 λαοῖς,
2850 4256 3050 4331 Κύριος
3097 4256 3352 4332 κραταιὸς
3402 4255 3493 4310 καὶ
3534 4252 3783 4326 δυνατὸς,

2137 4346 2333 4421 Κύριος
2363 4343 2589 4408 δυνατὸς
2622 4343 2672 4400 ἐν
2700 4343 2955 4420 πολέμῳ.

370 4432 632 4505 pulis"?
663 4435 948 4491 Dominus
978 4437 1141 4492 fortis
1174 4441 1231 4492 et
1255 4442 1483 4510 potens,
1518 4438 1797 4494 Dominus
1830 4441 2037 4508 potens
2070 4436 2129 4491 in
2154 4434 2308 4491 bello
2332 4435 2397 4489 7°.

440 4580 486 4614 ⁶²
520 4582 657 4635 Luc.
688 4595 729 4645 ι,
755 4579 848 4634 52.
923 4580 969 4615 ⁸³
1000 4579 1151 4634 ΕοοΙ.
1184 4597 1264 4646 x1,
1295 4581 1348 4635 5.
1424 4581 1470 4616 ⁶⁴
1496 4580 1625 4635 Job.
1656 4597 1733 4648 1v,
1759 4580 1812 4634 4.
1887 4580 1931 4615 ⁶⁶
1955 4583 2020 4635 Ps

2145 4596 2220 4644 ιχ,
2244 4579 2333 4634 36.
2409 4579 2455 4613 ⁵⁸
2480 4577 2633 4633 Psal.
2665 4594 2856 4648 xxxvr,
2876 4578 2965 4633 55.
3040 4578 3084 4612 ⁸⁷
3114 4575 3268 4633 Psal.
3302 4592 3393 4637 σν.
3424 4579 3481 4631 2.
3556 4578 3599 4611 ⁸⁸
3632 4576 3783 4634 Psal.

372 4668 536 4718 Lxxv,
568 4651 621 4704 4.
699 4651 743 4684 ⁶⁹
767 4650 919 4706 Psal.
962 4668 1155 4720 LXXIII,
1190 4652 1275 4715 13,
1311 4652 1396 4705 14.
1491 4653 1535 4684 7°
1565 4651 1719 4706 Psal.
1752 4667 1862 4706 CVI.
1906 4651 1996 4705 29.

371 4723 416 4756 7‘
445 4722 586 4778 Gen.
620 4738 706 4785 ΠΙ,
741 4723 825 4776 15.
922 4723 967 4756 ⁷⁵
1012 4722 1167 4777 Psal.
1212 4739 1405 4791 cxvm,
1439 4724 1563 4777 121.

369 4794 414 4828 ’⁷9
442 4793 599 4849 Psal.
631 4811 791 4860 xxm,
826 4795 880 4848 8.

461 4938 547 5003 22)
582 4935 899 5009 Περι-τιθείς.
926 4960 953 4986 ‹‹
987 4936 1406 5009 Circumponit,
1442 4940 1698 5009 praestat.
1738 4958 1758 5009 ιι

460 5009 554 5077 23)
585 5005 765 5081 ’ῼδῆς.
828 5009 923 5063 Sic
956 5025 1113 5081 regg.
1148 5005 1267 5081 bm,
1320 5008 1359 5076 Ι,
1408 5005 1533 5081 tres
1557 5006 1713 5081 Colb.
1736 5006 1929 5081 _D_eest
1960 5006 2018 5081 in

369 5063 505 5135 edit.
532 5063 766 5145 'Biiliu's,
810 5102 838 5131 ‹‹
891 5063 1191 5149 εονίόίῖηιδε
1232 5063 1374 5135 loco.
1431 5101 1458 5129 ››
1510 5077 2020 5149 Οοωὺοίίεἱιιελιιιιὶ

369 5152 557 5206 varias
606 5144 885 5206 lectiunes
933 5144 1173 5222 colligit,
1218 5152 1370 5205 hanc
1418 5151 1530 5205 sibi
1572 5165 1790 5217 vocem,
1845 5144 2018 5222 ᾠδῆς,

369 5239 484 5277 non
517 5222 744 5293 placere
774 5228 1042 5289 testatur,
1076 5221 1179 5277 nec
1211 5238 1527 5294 congruere
1559 5225 1723 5293 putat
1761 5237 1894 5276 cum
1926 5221 2019 5294 his

370 5311 499 5365 quas
527 5292 596 5348 ex
628 5294 797 5360 Isaia,
825 5299 887 5348 ut
909 5294 1017 5365 ipsi
1037 5294 1285 5363 videtur,
1310 5292 1676 5366 praecedunt;
1712 5294 1813 5366 sed
1856 5292 2016 5366 ,falli-

368 5363 483 5420 tur.
518 5365 669 5420 Nihil
706 5366 797 5419 hic
828 5363 1186 5436 descriptum
1226 5383 1293 5420 ex
1312 5363 1495 5430 'Isaia,
1528 5366 1625 5421 sed
1674 5381 1741 5418 ex
1780 5363 1889 5420 Job
1942 5381 2016 5429 ιν,

369 5439 423 5501 4,
454 5436 541 5491 vel
573 5439 629 5492 in
664 5436 809 5506 psal.
845 5435 1035 5502 xxxvx,
1069 5438 1154 5503 17,
1190 5442 1361 5507 atque
1393 5437 1513 5491 haec
1534 5453 1603 5491 ex
1649 5435 1761 5491 alio
1793 5437 2017 5492 cantico

372 5509 550 5579 petita
582 5509 783 5563 scribit
810 5509 1141 5579 Gregorius,
1178 5510 1494 5579 respiciens
1544 5508 1615 5563 ad
1663 5508 1839 5564 verba
1886 5524 2018 5563 can-

370 5580 469 5635 tici
504 5579 717 5652 Moysis
748 5584 805 5652 et_
848 5580 1060 5635 Mariae.
1104 5581 1313 5650 Sicque
1360 5598 1429 5635 ex
1474 5580 1719 5635 diversis
1773 5580 2017 5652 canticis

369 5658 426 5707 et
455 5649 763 5723 Scriptura:
793 5649 960 5715 locis,
992 5658 1165 5721 prout
1194 5649 1594 5715 occurrebant,
1628 5668 1801 5707 suum
1835 5667 1896 5705 se
1936 5650 2017 5705 ait

370 5724 656 5780 conﬁcere
682 5724 1057 5796 χαριστήριον.

1658 4724 1702 4757 ⁷⁸
1730 4722 1880 4778 Psal.
1913 4738 2080 4777 cxxw
2108 4723 2161 4780 3.

2092 4618 2358 4706 ειἽξίέἷέ.
2409 4618 2504 4715 ιν,“
2524 4618 2633 4703 ἒξ]
2665 4618 3279 4719 ’ἴᾱόἰῗέωιιῖξῖἰῖ
3302 4618 3402 4681 "'73
3427 4618 3567 4703 ἴυυ.
3603 4618 3659 4711 ιζ
3675 4618 3783 4703 “cs:

2260 4723 2303 4757 ⁷⁷
2333 4720 2489 4777 Psal.
2532 4738 2616 4787 vr,
2657 4723 2693 4775 2
2731 4745 2745 4789 ;
2794 4737 3007 4787 xxxvu,
3047 4722 3101 4775 2.
3193 4720 3237 4754 ⁷⁸
3286 4720 3441 4775 Psal.
3489 4736 3677 4785 cxux,
3724 4722 3783 4775 7.

2201 4936 2312 5008 (24)
2345 4930 2895 5008 Συνερανέιζόντωνλα
2920 4931 3121 5008 Simul
3141 4931 3599 4989 conferentibus.
3645 4955 3674 4983 »

2203 5002 2310 5077 (25)
2342 5002 2726 5078 Χαριστήριον.
2761 5004 3021 5059 Subaud.
3057 5002 3239 5078 λόγον.

2200 5074 2309 5146 (26)
2337 5074 2597 5132 ’Ότὲλονζ
2629 5099 2657 5127 ‹‹
2690 5076 2959 5131 Lcutum.
2990 5095 3017 5128 ι
3056 5074 3283 5145 BilIius,
3323 5096 3344 5124 ι
3380 5090 3564 5130 arma.
3600 5096 3629 5124 η

2222 5147 2310 5218 27)
2343 5150 2616 5219 Φανερῶς.
2650 5170 2679 5197 ‹‹
2712 5147 2933 5219 Palam,
2967 5153 3185 5219 aperte.
3220 5168 3249 5219 η

2222 5154 2310 5218 27)
2343 5154 2616 5223 Φανερῶς.
2650 5170 2679 5197 ‹‹
2712 5154 2933 5214 Palam,
2967 5154 3185 5219 aperte.
3220 5168 3249 5197 ››

2200 5154 2309 5304 (28)
2342 5218 2537 5277 Αὐτόν.
2582 5218 2827 5275 Vitiiose
2873 5218 2964 5273 τὸν
3009 5216 3190 5291 αὐτόν,
3220 5218 3280 5273 in
3332 5216 3496 5274 Herv.
3548 5219 3607 5274 et
3651 5220 3784 5274 Par.

2129 5291 2308 5435 ed(2.9)
2328 5361 2645 5437 γὈλιγάκις.
2672 5361 2799 5417 Par.
2822 5361 2881 5418 in
2913 5361 3062 5418 notis
3092 5378 3161 5418 ex
3191 5361 3371 5418 Oxon.
3403 5363 3461 5416 et
3490 5357 3622 5416 aliis
3644 5362 3785 5417 duo-

2128 5432 2240 5491 bus
2272 5432 2515 5491 addunt.
2548 5432 2844 5527 πάσχουσι.

2202 5508 2310 5527 ΙΟΛΧ
2397 5512 2434 5527 ‘l'
2482 5526 2487 5527 γ
2516 5524 2555 5527 1..
2578 5523 2634 5527 _-.
2714 5526 2717 5527 ν
2766 5525 2815 5527 ΑΔ.
2943 5505 3063 5527 τὶ-..
3168 5505 3200 5527 L
3302 5522 3452 5527 ______--.
3468 5502 3569 5527 _--_’,

2199 5508 2312 5588 (βο)
2397 5505 2860 5580 Καταισχύνωσιν.
2943 5505 3083 5578 Reg.
3167 5505 3227 5577 b,
3302 5505 3776 5578 καταισχύνωμεν,

2127 5579 2749 5776 ῗὶεὲἓὸείίηδεμονικῶς.
2802 5670 2832 5701 ‹‹
2889 5648 3152 5718 Provide,
3201 5647 3476 5721 benigne,
3524 5646 3775 5704 salubri-

2156 5734 2236 5776 er.
2272 5743 2301 5771 »

2156 5734 2236 5776 er.
2272 5743 2301 5771 »
