4202 6212
429 371 551 433 545

1415 370 1711 433 ORATIO
1754 368 1960 435 lV.-—-
1995 368 2311 436 CONTRA
2353 370 2755 435 JULIANUM
2800 374 2851 433 Ι.

3724 384 3843 444 546

497 502 597 559 lE'.
638 497 778 556 Μίαν
828 498 1058 576 εὑρίσκω
1107 502 1317 577 φωνήι,
1363 500 1416 557 ’ὲν
1472 500 1662 575 μάλος,
1711 522 1818 558 των
1868 499 2077 576 παρόν-

2259 501 2370 559 Χν.
2406 502 2591 561 Unam
2632 522 2851 574 vocem,
2908 523 3091 563 unum
3140 525 3397 578 carmen,
3450 515 3839 584 praesentibus

420 612 529 646 των
580 611 698 651 πως
749 590 915 663 ἄξιον,
961 591 1022 658 ἢν
1069 590 1285 655 Ἡσαΐας
1332 591 1437 665 πρὸ
1487 594 1646 663 ἡμῶν
1697 590 2071 669 ἀνεφθέγξατο,

421 677 632 755 σφόδρα
686 684 763 753 τῷ
818 684 909 735 νῦν
964 685 1137 752 καιρῷ
1192 681 1519 755 πρέπουσαν,
1578 682 1666 737 καὶ
1721 685 1800 751 τῷ
1860 680 2071 754 μεγέθει

418 776 520 838 τῆς
598 768 899 845 εὐεργεσίας
973 767 1372 842 ἀμιλλωμᾶνην
1410 789 1424 803 ο
1502 770 1881 847 Εὖφραινέσθω
1958 771 2073 842 (32)

425 859 453 915 ὁ
486 856 714 933 οὐρανὸς
750 856 967 931 ἄνωθεν,
1017 859 1106 914 καὶ
1146 860 1201 915 αἱ
1251 858 1469 936 νεφέλαι
1521 858 1827 934 ῥανάτωσαν
1862 856 2070 914 δικαιο-

426 946 613 1017 σύνην·
652 947 864 1023 ῥηξάτω
893 950 1006 1021 (33)
1034 948 1102 1003 τὰ
1147 943 1248 1024 ὅρη
1281 948 1640 1025 εὐφροσύνην,
1668 947 1758 1003 καὶ
1803 949 1854 1002 οἱ
1890 946 2072 1022 βουνοὶ

426 1035 768 1112 ἀγαλλίασιν·
819 1036 935 1093 ἐπεὶ
983 1037 1069 1093 καὶ
1120 1038 1292 1100 κτίσις
1332 1044 1497 1105 πᾶσα,
1547 1038 1634 1094 καὶ
1688 1035 1940 1110 δυνάμεις
1982 1036 2072 1095 οὐ-

426 1129 622 1201 ράνιοι,
662 1128 752 1181 καὶ
802 1131 910 1181 τῶν
959 1127 1241 1198 τοιούτων,
1290 1127 1363 1190 ὥς
1410 1148 1473 1203 γε
1517 1125 1583 1196 δὴ
1636 1127 1665 1182 ὁ
1713 1126 1842 1200 ἐμὸς
1885 1126 2072 1201 λόγος,

424 1216 950 1281 συνεπαισθάνονται·
997 1216 1058 1271 οῦ
1106 1218 1209 1293 γὰρ
1257 1219 1558 1286 συστενάζει
1609 1216 1771 1290 μόνον
1821 1217 1910 1272 καὶ
1951 1237 2072 1270 συνο

426 1303 605 1363 ωδίνει
642 1302 974 1363 δουλεύουσα
1022 1310 1089 1380 τῇ
1140 1308 1332 1384 φθορᾷ,
1382 1313 1497 1368 τοῖς
1544 1306 1690 1362 κάτω
1740 1306 1883 1382 λέγω
1922 1326 2072 1380 γινοσ-

429 1395 613 1468 μένοις
666 1416 724 1451 τε
796 1395 885 1451 καὶ
941 1395 1358 1471 ἀπογινομὲνοις
1396 1440 1410 1466 ,
1463 1393 1948 1469 ἀποκαραδοκοῦσα
2013 1396 2074 1449 τὸ

421 1483 584 1547 τέλος
634 1482 842 1541 τούτων
904 1484 993 1543 καὶ
1050 1486 1149 1554 τήν
1210 1484 1587 1559 ἀποκάλυψιν,
1640 1483 1733 1541 ’ἱνα
1788 1484 1878 1540 καὶ
1935 1483 2070 1552 αὑτὴ

420 1572 547 1632 τότε
573 1572 717 1650 τύχῃ
745 1580 842 1644 τῆς
875 1572 1243 1647 ἐλπιζομένης
1275 1573 1600 1651 ἐλευθερίας,
1633 1575 1708 1636 ὡς
1752 1578 1845 1629 νῦν
1875 1570 2075 1629 ἄκουσα

424 1662 639 1725 τούτοις
688 1660 1087 1739 προσδεδεμὲνη
1143 1661 1231 1719 διὰ
1275 1664 1374 1733 τὴν
1421 1669 1517 1719 τοῦ
1567 1661 2075 1739 δημιουργήσαντος

429 1749 679 1826 δύναμιν,
731 1751 875 1809 ἀλλά
917 1752 1007 1808 καὶ
1053 1750 1358 1823 συνδοξάζει
1400 1752 1491 1809 καὶ
1537 1750 1929 1828 συναγάλλεται
1960 1757 2077 1813 τοῖς

429 1847 526 1897 τοῦ
557 1845 693 1896 Οεοῦ
716 1842 926 1904 τὲκνοις
957 1841 1423 1920 εὐφραινομένοις.

505 1933 592 2000 Ιζ’.
623 1936 944 2008 Τοιγαροῦν,
968 1931 1030 1988 οὐ
1061 1933 1163 2008 γὰρ
1195 1931 1460 2009 ἀφέξομαι
1490 1931 1646 1988 θείων
1688 1935 1881 2009 φωνῶν
1929 1931 2072 1995 θείαν

435 2021 798 2096 ἐξηγούμενος
847 2017 1115 2094 δύναμιν,
1170 2020 1521 2097 ἀγαλλιάσθω
1570 2019 1800 2097 ἕρημος,
1848 2020 1938 2076 καὶ
1988 2021 2073 2075 ἀν’

435 2110 594 2174 θιίνω
653 2110 729 2171 ὡς
783 2109 1056 2186 κρίνον,ἠ
1088 2112 1239 2187 χήρα
1295 2112 1426 2187 χθὶς
1482 2111 1571 2166 καὶ
1631 2111 1848 2183 πρώην,
1898 2108 1971 2171 ὥς
2016 2129 2077 2184 γε

435 2197 633 2271 ἰδόκει,
680 2198 769 2256 καὶ
818 2197 1075 2277 ἄνανδρος
1117 2199 1435 2272 Ἐκκλησία,
1484 2199 1575 2255 καὶ
1623 2205 1726 2264 πᾶς
1758 2201 1786 2255 ὁ
1835 2200 1916 2271 τῷ
1948 2200 2077 2276 φθορ

433 2293 572 2363 νιρῷ
620 2289 711 2343 καὶ
756 2288 977 2364 ἀτερπεῖ
1024 2294 1260 2365 χειμῶνι
1321 2297 1421 2359 τῆς
1469 2283 1710 2351 ἀσεϐείας
1766 2288 1903 2349 τέως
1956 2308 2079 2343 συνσ-

434 2376 783 2451 εσταλμὲνος·
838 2378 923 2433 ὅτι
967 2378 1176 2451 ἠλέησε
1224 2378 1427 2455 Κύριος
1476 2379 1565 2434 τὸν
1600 2377 1730 2434 λαὸν
1776 2377 1961 2447 αὐτοῦ,
1989 2376 2080 2431 καὶ

432 2468 531 2535 τὴν
589 2465 967 2543 κληρονομίαν
1043 2467 1206 2523 αὐτοῦ
1272 2467 1371 2523 οὐκ
1426 2465 1878 2545 ἐγκαταλέλοιπεν
1923 2486 1935 2500 ο
1997 2465 2079 2521 ὅτι

438 2555 657 2626 ίποίησε
711 2557 992 2630 θαυμαστὰ
1035 2558 1352 2634 πράγματα,
1401 2556 1608 2634 βουλὴν
1655 2556 1885 2633 ἀρχαίαν
1948 2555 2085 2625 ἀλη-

437 2648 608 2716 θινήν·
641 2646 676 2715 ἡ
724 2643 782 2700 δὲ
821 2646 911 2719 ἦν,
961 2643 1201 2703 ιύδοκεῖν
1257 2646 1343 2701 ἐπὶ
1388 2646 1516 2709 τοὺς
1565 2642 1940 2725 φοϐουμένους
1986 2643 2083 2698 αὐ-

433 2735 545 2805 τὸν,
576 2735 667 2789 καὶ
696 2735 823 2797 τοὺς
854 2733 1174 2804 ἐλπίζοντας
1203 2734 1290 2790 ἐπὶ
1321 2736 1384 2790 τὸ
1414 2733 1567 2797 ἔλεος
1603 2735 1786 2790 αὐτοῦ’
1831 2733 1913 2789 ὅτι
1963 2754 2085 2789 συν-

444 2825 629 2898 έτριψε
676 2823 854 2886 πύλας
903 2822 1118 2899 χαλκᾶς
1147 2869 1161 2895 ,
1210 2823 1298 2882 καὶ
1351 2822 1608 2900 μοχλοὺς
1657 2822 1915 2901 σιδηροῦς
1964 2845 2085 2878 συν-

440 2912 683 2969 ἑθλασεν·
719 2914 801 2967 ὅτι
855 2911 942 2968 διὰ
987 2916 1085 2976 τὰς
1135 2914 1363 2988 ἀνομίας
1395 2917 1554 2987 ἡμῶν
1610 2915 2045 2987 ἐταπεινώθημεν
2071 2957 2085 2982 ,

446 3000 573 3057 ἀλλ’
621 3000 1002 3077 ἀνεκλήθημεν
1049 3006 1183 3077 (34),
1232 3004 1342 3073 καὶ,
1392 3011 1490 3074 τῆς
1535 3001 1764 3079 παγίδος
1795 2998 2090 3078 συντριϐεί-

443 3113 565 3162 σης,
601 3091 829 3168 ὲρῥόσθη
845 3113 938 3165 μεν
966 3092 1016 3146 ἐν
1050 3093 1236 3168 χάριτι
1284 3098 1380 3148 τοῦ
1427 3092 1753 3155 καλέσαντος
1800 3095 1968 3166 ἡμᾶς,
1999 3092 2089 3146 καὶ

438 3184 567 3243 τοὺς
598 3181 881 3243 ταπεινοὺς
910 3185 980 3254 τῇ
1011 3179 1205 3257 καρδίᾳ
1234 3182 1675 3259 παρακαλοῦντος
1707 3186 1862 3241 Θεοῦ.

510 3352 603 3408 ΙΖ¹.
637 3352 824 3425 Ὀρᾶτε
853 3349 1003 3413 ὅπως
1033 3349 1222 3407 πλέκω
1249 3353 1349 3420 τὴν
1389 3349 1535 3424 ᾠδὴν
1564 3352 1730 3417 θείοις
1760 3353 1849 3407 καὶ
1881 3350 2083 3428 ῥήμασι

435 3440 523 3497 καὶ
558 3437 889 3514 διανοήμασι
922 3460 935 3510 ;
966 3440 1056 3496 καὶ
1108 3440 1206 3495 οὐκ
1253 3438 1356 3496 οἶδ’
1386 3440 1534 3504 ὅπως
1584 3440 1902 3516 ἀλλοτρίοις
1934 3441 2084 3496 ἐπαί-

434 3529 606 3603 ρομαί
650 3550 709 3586 τε
757 3529 847 3585 καὶ
899 3527 1352 3603 καλλωπίζομσι,
1401 3531 1492 3587 καὶ
1536 3526 1717 3606 ὥσπερ
1766 3528 1953 3595 ἔνθους
2003 3531 2086 3608 ὑφ’

435 3616 643 3688 ἡδονῆς
676 3618 918 3695 γίνομαι·
970 3618 1217 3691 ἀτιμάζω
1268 3616 1327 3674 δὲ
1373 3620 1511 3674 ἅπαν
1562 3620 1810 3675 ταπεινὸν
1856 3632 1945 3675 και
1994 3620 2086 3675 ἀν-

439 3708 734 3781 θρώπινον,
766 3705 912 3762 ἄλλα
954 3706 1151 3770 ἄλλοις
1201 3702 1551 3781 συμϐιϐάζων
1592 3710 1680 3764 καὶ
1713 3708 2083 3785 συναρμόζων,

434 3796 527 3851 καὶ
559 3797 634 3859 εἰς
665 3796 720 3853 ἓν
754 3795 899 3870 ἄγων
924 3796 993 3854 τὰ
1019 3801 1115 3853 τοῦ
1147 3796 1311 3853 αὐτοῦ
1342 3796 1654 3870 Πνεύματος
1685 3817 1699 3868 ;

512 3977 611 4032 ΙΕ’.
642 3974 911 4051 Πρότερον
957 3976 1051 4049 μὲν
1093 3973 1187 4031 οῦν
1232 3974 1437 4032 ἐδείκνυ
1481 3981 1579 4031 τοῦ
1612 3979 1746 4031 Θεοῦ
1780 3977 1848 4031 τὰ
1878 3978 2087 4050 θαυμά-

444 4086 533 4121 σια
573 4066 754 4140 Ἑνὼχ
804 4064 1216 4139 μετατιθέμενος
1246 4112 1261 4136 ,
1308 4064 1497 4128 Ἠλίας
1545 4061 2085 4140 ἀναλαμϐανόμενος,

441 4160 561 4210 Νῶε
609 4152 1032 4229 ὃιασωζόμενος,
1079 4156 1169 4211 καὶ
1211 4153 1491 4225 διασώζων
1538 4157 1606 4211 τὰ
1654 4157 1936 4232 σπέρματα
1980 4160 2087 4211 τῶν

442 4249 608 4321 γενῶν
660 4247 793 4320 (35),
844 4244 895 4299 ἐν
950 4250 1130 4322 μικρῷ
1175 4244 1322 4319 ξύλῳ
1371 4246 1461 4303 τὸν
1509 4246 1755 4319 κόσμον,
1805 4245 2084 4325 φυγόντων

439 4334 768 4408 οἰκουμένης
812 4332 1214 4403 ἐπίκλυσιν,⁴’ίν’
1243 4337 1278 4407 ἡ
1310 4342 1381 4409 γῆ
1432 4335 1687 4410 κοσμηθῇ
1736 4333 1899 4393 πάλιν
1941 4335 2087 4395 εὐσε-

441 4418 715 4499 ϐεστέροις
748 4423 1083 4500 οἰκήτορσιν·
1118 4420 1373 4500 Ἀϐραὰμ
1419 4423 1778 4497 καλούμενος,
1813 4426 1903 4480 καὶ
1932 4423 2085 4480 παιδῖ

434 4520 566 4589 παρ’
597 4511 817 4582 ἡλικίαν
867 4514 1209 4587 τιμώμενος,
1240 4513 1317 4575 εἰς
1366 4513 1541 4568 πίστιν
1575 4514 1758 4591 ἑτέρου
1798 4519 1893 4570 τοῦ
1927 4514 2089 4591 ἐπηγ-

2183 592 2483 650 beneficiis
2514 598 2945 667 quodammodo
2979 599 3221 671 dignnm
3269 602 3512 673 reperio,
3546 604 3688 661 illud
3723 608 3839 663 sci-

2181 681 2338 749 licet,
2371 685 2525 754 quod
2561 687 2741 740 Isaias
2770 691 2903 741 ante
2924 704 3030 743 nos
3062 691 3491 762 pronuntiavit,
3525 692 3663 749 huic
3692 700 3840 751 tem-

2184 771 2309 842 pcri
2338 773 2579 828 mirifice
2609 790 2957 846 congruens,
2992 781 3049 831 et
3079 794 3211 832 cum
3244 778 3508 836 beneficii
3543 785 3841 856 magnitu-

2182 860 2318 916 dine
2348 861 2446 918 85
2484 864 2860 928 contendens,
2911 865 3158 920 Laetetur
3212 867 3424 924 coelum
3468 871 3740 944 desuper,
3774 880 3831 929 et

2183 950 2371 1006 nubes
2404 950 3280 1026 stillentjuetitiam.Erumpant
3302 964 3529 1015 montes
3549 959 3830 1018 laetitiam.

2181 1043 2241 1095 et
2268 1038 2445 1096 colles
2473 1040 2919 1097 exsultationem
2942 1043 2987 1078 ⁸ο
3010 1060 3023 1099 :
3048 1047 3525 1117 quandoquidem
3549 1051 3723 1107 etiam
3745 1070 3835 1108 res

2183 1144 2388 1185 omnes
2419 1130 2684 1199 conditae,
2718 1135 2775 1186 et
2804 1132 3066 1188 ccelestes
3112 1134 3382 1204 virtutes,
3429 1154 3558 1195 mea
3608 1142 3841 1212 quidem

2184 1221 2493 1289 sententia,
2524 1221 2869 1290 hujusmodi
2899 1239 3095 1278 rerum
3118 1239 3294 1280 sensu
3319 1227 3657 1285 afﬁciuntur
3684 1248 3704 1286 ,ο
3738 1248 3839 1287 ιιο-

2184 1326 2298 1382 que
2326 1310 2484 1366 enim
2508 1315 2775 1365 creatura
2805 1310 2981 1367 simul
3004 1316 3234 1368 tantum
3271 1314 3690 1388 ingemiscit,et
3711 1336 3843 1390 par-

2184 1398 2347 1465 turit,
2379 1399 2736 1471 corrupticni
2769 1400 3029 1456 serviens
3060 1400 3243 1472 ",hoc
3266 1404 3455 1471 est,iis
3476 1406 3577 1476 qui
3610 1407 3668 1461 in
3690 1413 3845 1464 terra

2184 1493 2527 1557 nascuntur,
2562 1494 2620 1544 et
2648 1489 2962 1559 intereunt,
3000 1490 3175 1546 ﬁnem
3207 1508 3408 1548 eorum
3460 1500 3517 1550 et
3548 1496 3845 1553 revelatio-

2186 1594 2319 1632 nem
2351 1582 2789 1649 exspectans,ut
2818 1578 2945 1651 ipsa
2976 1596 3209 1651 quoque
3241 1585 3383 1639 tunc
3402 1592 3635 1655 sperata
3664 1584 3839 1642 liber-

2183 1670 2305 1722 tate
2336 1668 2615 1738 pctiatur,
2646 1667 2807 1723 velut
2840 1685 2994 1723 nunc
3036 1668 3126 1724 his
3176 1670 3360 1726 invita
3406 1678 3640 1745 propter
3670 1676 3842 1731 Crea-

2184 1756 2329 1811 toris
2358 1757 2683 1828 potentiam
2709 1757 2948 1830 alligata
2982 1774 2994 1813 :
3029 1760 3131 1814 sed
3165 1758 3342 1817 simul
3365 1761 3541 1817 etiam
3573 1779 3707 1819 cum
3738 1765 3841 1821 Dei

2106 1877 2155 1945 Β
2187 1844 2324 1900 filiis
2347 1845 2680 1901 laetantibus
2701 1846 2947 1919 gloriam
2971 1847 3160 1919 ipsius
3187 1850 3549 1921 praedicat,“
3571 1853 3840 1910 exsultat.

2256 1935 2401 1991 XVI.
2436 1935 2932 2007 Quocirca,neque
2962 1937 3116 1992 enim
3149 1955 3183 1992 a
3213 1938 3427 1996 divinis
3446 1941 3689 1998 vocibus
3713 1944 3844 1999 abs-

2182 2023 2402 2091 tinebo,
2436 2024 2694 2079 divinam
2728 2026 3045 2097 potentiam
3102 2043 3593 2102 commemorans,
3654 2032 3844 2088 exsul-

2184 2117 2267 2168 tet
2295 2106 2544 2182 deserta,
2576 2117 2633 2168 et
2665 2113 2864 2169 ﬂoreat
2894 2114 3047 2170 sicut
3076 2115 3263 2172 lilium
3305 2119 3374 2172 ⁸2.
3426 2119 3532 2174 hoc
3585 2126 3693 2187 est,
3747 2127 3844 2177 Ec—

2186 2200 2381 2269 clesia,
2409 2202 2533 2258 heri
2565 2207 2623 2258 et
2654 2203 2869 2258 nudius
2916 2204 3147 2271 tertius,
3204 2211 3265 2260 ut
3312 2208 3549 2278 quidem
3601 2210 3843 2267 videba-

2188 2295 2304 2360 tur,
2333 2291 2532 2359 vidua,
2565 2296 2622 2347 et
2650 2293 2773 2347 viro
2803 2309 3028 2361 carens,
3064 2300 3237 2366 atque
3267 2312 3491 2364 omnes,
3548 2315 3697 2370 quos
3756 2300 3842 2355 in-

2188 2380 2323 2435 vida
2351 2385 2409 2435 et
2438 2382 2732 2436 inamcena
2762 2381 3085 2453 impietatis
3117 2382 3307 2438 hiems
3340 2389 3511 2440 antea
3538 2392 3846 2443 contraxe-

2190 2474 2318 2526 rat:
2352 2470 2630 2542 quoniam
2667 2472 2817 2526 Deus
2848 2469 3078 2543 plebem
3112 2488 3280 2529 suam
3315 2473 3631 2531 miseratus
3661 2482 3751 2533 est
3778 2478 3845 2547 ⁸³,

2192 2564 2249 2615 et
2276 2559 2674 2616 haereditatem
2706 2575 2874 2615 suam
2906 2575 3019 2614 non
3069 2561 3383 2633 dereliquit
3434 2563 3480 2599 ⁸⁴
3512 2580 3525 2617 :
3581 2567 3846 2637 quoniam

2194 2664 2287 2704 res
2318 2647 2617 2704 mirabiles
2648 2648 2803 2716 fecit,
2837 2648 3150 2704 consilium
3184 2651 3493 2723 antiquum
3525 2669 3727 2709 verum
3760 2657 3841 2723 θεῖς

2195 2738 2304 2794 hoc
2333 2742 2441 2806 est,
2474 2742 2541 2793 ut
2569 2737 3004 2809 beneplacitum
3037 2743 3188 2795 esset
3216 2739 3329 2810 ipsi
3365 2758 3543 2811 super
3572 2743 3847 2800 timentes

2196 2845 2332 2884 cum
2361 2832 2419 2883 et
2450 2828 2509 2882 in
2540 2827 2614 2882 iis
2646 2828 2747 2898 qui
2779 2833 3020 2899 sperant
3050 2828 3107 2882 in
3142 2828 3561 2886 misericordils
3594 2833 3723 2902 ejus
3756 2835 3798 2871 ¹⁶
3831 2851 3842 2887 :

2198 2916 2475 2989 quoniam
2524 2916 2796 2971 contrivit
2842 2922 3040 2987 portas
3090 2935 3289 2987 areas,
3322 2924 3379 2974 et
3408 2926 3603 2977 vectes
3636 2921 3848 2979 ferreos

2198 3004 2482 3076 confregit
2507 3006 2551 3041 ⁸⁷
2586 3021 2598 3060 :
2634 3005 2914 3076 quoniam
2962 3010 3201 3077 propter
3244 3007 3565 3079 inquitates
3617 3015 3847 3067 nostras

2199 3094 2493 3149 humiliati
2522 3110 2729 3149 sumus
2758 3094 2821 3165 ⁸⁸,
2855 3096 2955 3149 sed
2989 3097 3237 3151 revocati
3278 3113 3507 3164 sumus,
3545 3116 3610 3154 ac
3642 3099 3847 3170 laqueo

2202 3180 2451 3236 contrito
2488 3181 2553 3246 ⁸ο,
2588 3198 2690 3253 per
2717 3181 2964 3252 gratiam
2998 3182 3095 3238 Dei
3125 3184 3225 3253 qui
3258 3200 3365 3239 nos
3394 3186 3638 3255 vocavit,
3659 3191 3717 3243 et
3746 3188 3850 3243 hu~

2122 3248 2166 3316 C
2206 3269 2371 3326 miles
2400 3271 2573 3325 corde
2602 3270 2955 3340 consolatur,
2986 3270 3211 3329 liberati
3243 3290 3448 3329 sumus
3478 3277 3522 3311 9°

2267 3359 2439 3414 XVII.
2472 3358 2769 3415 Videtisne
2801 3376 2915 3431 quo
2958 3366 3126 3431 pacto
3156 3361 3371 3418 divinis
3403 3365 3593 3419 verbis
3628 3383 3694 3421 ac
3726 3384 3851 3422 sen-

2193 3448 2392 3504 tentiis
2421 3448 2716 3504 canticum
2745 3452 2935 3503 texam
2956 3448 2985 3504 ?
3009 3453 3183 3520 atque
3214 3450 3368 3506 haud
3421 3454 3539 3509 scio
3593 3471 3848 3525 quonam

2197 3539 2369 3593 modo
2416 3537 2622 3593 alienis
2671 3554 2764 3593 me
2810 3539 3045 3593 efferam
3076 3545 3131 3594 et
3162 3544 3472 3608 ostentem,
3509 3561 3575 3599 ac
3607 3561 3723 3615 prae
3753 3562 3850 3600 vc-

2196 3626 2419 3698 luptate
2448 3626 2609 3682 velut
2638 3626 2879 3682 numine
2907 3628 3220 3699 corripiar;
3255 3629 3541 3702 quidquid
3576 3649 3707 3687 vero
3739 3634 3849 3688 hu-

2196 3717 2333 3772 mile
2379 3722 2551 3787 atque
2600 3716 2925 3771 humanum
2970 3721 3077 3782 est,
3128 3723 3525 3792 contemnam,
3573 3720 3687 3775 alia
3716 3739 3849 3777 cum

2196 3805 2327 3861 aliis
2345 3806 2726 3877 compingens
2743 3810 2913 3876 atque
2931 3806 3308 3873 ccncinnans,
3328 3824 3432 3878 eaq
3445 3825 3533 3876 ue,
3555 3825 3682 3880 qua:
3700 3811 3852 3881 ejus-

2202 3894 2336 3951 dem
2374 3898 2512 3950 sunt
2543 3893 2819 3964 Spiritus,
2857 3894 2914 3947 in
2948 3912 3130 3949 unum
3166 3895 3495 3965 colligens?

2267 3983 2467 4038 XVIII.
2494 3987 2572 4037 Ac
2603 3982 2768 4053 prius
2800 3981 3039 4053 quidem
3072 3983 3169 4038 Dei
3224 3984 3508 4040 miracula
3556 3988 3850 4042 testaban-

2195 4078 2294 4128 tur
2330 4090 2343 4128 :
2394 4072 2606 4139 Enoch,
2661 4072 2803 4125 dum
2848 4072 3264 4127 transferretur
3292 4075 3373 4142 ’1;
3408 4074 3582 4139 Elias,
3616 4076 3755 4131 dum
3791 4078 3849 4133 in

2197 4160 2450 4217 sublime
2481 4163 2884 4213 assumeretur
2912 4159 2956 4192 ⁰²
2993 4176 3005 4213 :
3038 4159 3178 4225 Noe,
3214 4160 3354 4215 dum
3388 4168 3849 4235 conservaretur,

2197 4265 2263 4304 ac
2292 4264 2573 4321 generum
2619 4246 2846 4302 semina
2892 4251 3276 4319 conservaret,
3328 4249 3385 4304 in
3436 4250 3642 4322 exiguo
3691 4250 3850 4324 ligno

2197 4339 2509 4405 mundum,
2559 4336 2717 4391 orbis
2767 4336 3021 4393 universi
3051 4337 3340 4393 diluvium
3383 4338 3755 4413 fugientium,
3788 4346 3854 4396 ut

2196 4433 2351 4485 terra
2381 4441 2586 4481 rursus
2608 4424 2999 4481 sanctioribus
3020 4425 3227 4481 incolis
3251 4433 3558 4483 ornaretur
3579 4430 3623 4463 9³
3644 4446 3657 4484 :
3678 4431 3855 4486 Abra-

2198 4518 2359 4584 ham,
2388 4516 2527 4571 dum
2560 4518 2862 4569 vocaretur
2892 4514 2953 4581 οι,
2991 4532 3056 4569 ac
3086 4514 3206 4570 filio
3237 4521 3446 4586 praeter
3486 4521 3712 4575 aetatem
3745 4520 3852 4573 do-

434 4601 706 4678 γελμὲνου
752 4601 1095 4680 σπέρματος,
1145 4602 1234 4657 καὶ
1290 4603 1380 4658 τὸν
1445 4611 1707 4679 μονογενῆ
1766 4603 2080 4682 προσφέρων

2197 4610 2435 4664 naretur
2490 4604 2556 4671 ³⁵,
2602 4604 2672 4658 ad
2714 4603 3217 4660 conﬁrmationem
3249 4621 3458 4677 nempe
3491 4606 3729 4663 alterius
3762 4626 3851 4664 se-

434 4691 619 4747 θυσίαν
651 4691 956 4768 πρόθυμον,
990 4692 1078 4747 καὶ
1126 4692 1323 4768 ἱερεῖον
1372 4691 1512 4764 ξένον
1547 4694 1659 4765 (36)
1701 4692 1816 4749 ἀντί
1847 4697 1961 4766 (37)
1988 4702 2089 4751 τοῦ

434 4777 629 4843 παιδὸς
655 4781 1043 4856 κομιζόμενος
1100 4778 1403 4857 παράδοξος
1434 4783 1546 4855 (38)
1584 4776 1789 4837 ἀσεϐῶν
1820 4783 2087 4862 ἀπώλεια,

504 4925 550 4960 ⁸ο
582 4925 692 4999 lea.
725 4927 958 4999 “v.83
988 4942 1143 4995 χιιι,
1176 4926 1281 4993 13;
1317 4925 1470 4999 Psal.
1506 4943 1654 4999 LxIv,
1680 4928 1768 4982 13.
1848 4928 1891 4971 ⁸³
1930 4929 2100 4985 Rom.
2130 4947 2254 4997 vm,
2285 4930 2376 4982 22.

434 5013 591 5063 xcm,
624 4996 712 5051 44.
850 4997 895 5031 ⁸⁸
925 4998 1036 5053 Isa.
1071 5014 1202 5063 xxv,
1236 4999 1286 5052 1.
1399 4998 1444 5032 ⁸⁸
1475 4996 1645 5053 Psal.
1669 5015 1852 5063 chVI,
1888 5002 1973 5056 11.

435 5043 712 5125 ῖὸἶιέιῗ
730 5085 769 5123 ι.
806 5069 872 5124 ιδ
893 5043 1169 5136 {fresa
1185 5043 1286 5124 in}:
1319 5070 1374 5122 e.
1475 5043 1914 5137 3:657:71;

434 5144 493 5197 et
521 5156 643 5211 seq.
741 5140 786 5177 ⁸⁸
814 5140 957 5197 Gen.
988 5155 1155 5208 xvm,
1190 5141 1276 5196 10.
1354 5140 1397 5177 ⁸⁸
1426 5140 1614 5197 Gaiat.
1648 5158 1735 5209 ιιι,
1770 5144 1855 5198 16.

508 5282 622 5354 (32)
687 5280 1089 5360 Εὐφραινὲσθω.
1158 5284 1224 5338 In
1289 5283 1443 5341 Isaia
1509 5283 1726 5357 legitur
1762 5328 1775 5353 ,
1841 5283 2090 5363 Εὐφραν-

437 5354 622 5496 Θή(⁵33)
652 5424 910 5496 Ῥηξάτω.
943 5425 1149 5482 Billius
1182 5442 1195 5481 :
1229 5447 1259 5477 «
1291 5427 1613 5483 effundant.
1650 5447 1678 5475 ι)

508 5427 622 5569 (33)
652 5427 910 5496 Ῥηξάτω.
943 5427 1149 5482 Billius
1182 5442 1195 5481 :
1229 5447 1259 5477 «
1291 5427 1613 5483 effundant.
1650 5447 1678 5475 ι)

506 5498 595 5581 (34
649 5496 1083 5571 Ἀνεκλήθημεν.
1147 5518 1175 5548 ι(
1206 5498 1478 5556 Revocati
1528 5514 1757 5554 sumus.
1793 5521 1821 5547 ››
1856 5503 1902 5554 Α
1926 5500 2090 5557 Billio

436 5586 747 5626 omissum.

652 5644 849 5696 Γενῶν.
881 5640 995 5713 Alii
1028 5656 1041 5697 :
1074 5638 1267 5699 ἐθνῶν.

529 5641 622 5713 35)
652 5644 849 5696 Γενῶν.
881 5641 995 5696 Alii
1028 5656 1041 5697 :
1074 5641 1267 5699 ἐθνῶν.

508 5641 624 5784 (36)
665 5716 861 5789 Ιερεῖον
896 5710 1066 5782 ξένον,
1120 5718 1231 5771 etc.
1290 5735 1321 5764 α
1376 5712 1647 5770 Alienam
1704 5712 2027 5785 victimam,
2059 5736 2089 5764 ››

2113 5002 2156 5037 ⁸⁷
2188 5000 2339 5057 Psal.
2373 5015 2481 5063 cvr,
2515 4998 2598 5051 16.

2029 5074 2074 5108 ⁹²
2103 5073 2177 5130 IV
2205 5074 2343 5144 Reg.
2378 5087 2439 5136 ιι,
2472 5069 2559 5124 11.

2202 4695 2378 4751 minis
2412 4691 2684 4765 promissi
2706 4693 2769 4763 οδ,
2794 4696 2970 4763 atque
3005 4692 3373 4762 unigenitum
3407 4695 3659 4761 offerret,
3682 4698 3855 4753 sacri-

2200 4786 2395 4841 ﬁcium
2430 4787 2763 4856 promptum
2797 4786 2854 4837 et
2883 4782 3094 4848 alacre,
3144 4782 3509 4853 alienamque
3555 4784 3850 4841 victimam

3624 4928 3669 4961 ⁸⁴
3698 4928 3849 4984 Psal.

3316 4996 3362 5032 ³⁹
3392 4997 3539 5052 Psal.
3574 5006 3763 5067 cxxni,
3796 5002 3849 5054 7.

3422 5070 3465 5104 ⁰⁴
3514 5070 3655 5125 Gen.
3688 5088 3791 5143 xu,
3822 5073 3844 5127 1

2481 4926 2527 4960 32
2559 4925 2668 4981 Isa.
2701 4941 2866 4989 xxxv,
2906 4932 2950 4978 1.
3027 4924 3071 4958 ⁸³
3102 4923 3251 4979 Psal.
3295 4942 3390 4991 cn,
3434 4925 3519 4981 13.

2515 4998 2598 5051 16.
2740 4996 2782 5030 ⁸⁸
2818 4995 2965 5051 Psal.
2994 5012 3079 5051 αν.
3114 4996 3204 5051 43.
3316 4996 3362 5032 ⁸⁸
3392 4997 3518 5051 Psal

2673 5068 2718 5103 οδ
2749 5037 3048 5134 οὲηῗῖιῖζ
3067 5037 3280 5139 me

2202 5288 2261 5343 in
2294 5283 2731 5368 comparatione
2752 5282 3430 5368 filiiminexspectatam";
3462 5308 3489 5335 ››
3514 5285 3676 5342 nulla
3697 5288 3851 5368 enim

2205 5363 2330 5433 erat
2360 5354 2630 5433 usitatior
2661 5354 2907 5433 Avictima
2954 5354 3131 5427 quam
3182 5357 3352 5413 aries.
3383 5358 3508 5417 Non
3539 5375 3675 5433 ergo
3707 5361 3854 5417 bene

2204 5429 2333 5486 Bill.
2376 5450 2398 5478 α
2432 5428 2795 5484 inusitatam.
2833 5448 2863 5476 ››

2274 5502 2388 5569 (37)
2419 5498 2584 5567 Ἀντί,
2620 5497 2764 5567 Ald.,
2799 5499 2992 5568 Herv.,
3025 5498 3153 5554 Par.
3176 5497 3266 5553 καὶ
3325 5497 3459 5557 ἀντί.
3519 5501 3630 5559 Sed
3687 5503 3853 5558 abest

2200 5573 2290 5626 καί
2321 5573 2392 5627 ab
2424 5571 2699 5627 omnibus
2731 5570 2897 5625 codd.

2201 5645 2384 5771 “('38)
2433 5639 2763 5717 Παράδοεος.
2836 5665 2864 5692 ‹‹
2916 5641 3270 5713 Stupendue,
3322 5659 3511 5701 novus
3556 5660 3622 5700 ac
3670 5643 3846 5698 mira-

2241 5733 2259 5769 1
2289 5733 2360 5771 18.
2395 5735 2425 5763 »

2241 5733 2360 5771 1118.
2395 5735 2425 5763 υ
