4202 6212
429 349 547 406 547

1671 340 1737 400 S.
1785 338 2158 400 GREGORII
2199 337 2594 399 THEOLOGI

3718 340 3833 398 548

432 478 535 533 filii
566 476 690 533 loco
722 471 1013 541 accipiens
1060 471 1102 503 9"
1137 485 1151 524 :
1185 466 1473 522 mirabilis
1531 467 1849 540 impiorum
1906 469 2084 525 inter-

2201 466 2327 541 πυρὶ
2374 464 2463 520 καὶ
2511 466 2640 539 θείῳ
2682 468 2796 538 (39)
2852 465 3326 522 κατακλυσθέντων
3388 469 3500 541 (40)
3538 514 3551 536 ,
3613 463 3847 522 εὐσεϐῶν

430 567 570 637 itus,
624 565 725 618 84
795 562 925 631 igne
975 563 1032 613 et
1078 556 1360 625 sulphure
1426 557 1791 627 obrutorum,
1844 557 2084 613 mirabi-

434 656 548 710 lius
579 653 752 708 etiam
786 650 1013 720 piorum
1058 647 1300 709 furtum,
1332 649 1388 699 et
1419 644 1559 701 salis
1615 645 1908 716 columna,
1946 663 2081 701 con-

431 742 756 799 versionem
790 737 859 792 ad
900 736 1109 790 vitium
1168 735 1502 800 traducens,
1562 735 1631 790 de
1688 752 1870 806 eaque
1927 735 2085 790 velut

433 827 801 899 triumphum
834 840 1013 896 agens
1048 840 1060 878 :
1088 822 1308 894 Joseph
1336 822 1500 889 item,
1535 823 1675 877 dum
1714 825 2080 893 venderetur,

432 925 487 973 et
517 920 832 981 amaretur,
863 918 920 968 et
959 911 1300 984 pudicitiam
1353 910 1589 978 coleret,
1624 911 2028 983 sapientiaque
2050 928 2084 966 a

437 1005 550 1062 Deo
583 1007 922 1069 donaretur,
956 1007 1013 1057 et
1042 1000 1407 1066 liberaretur,
1436 1005 1493 1055 et
1514 1001 1830 1071 potentiam
1862 1001 2086 1056 obtine-

432 1100 519 1150 ret
546 1097 609 1163 98,
645 1092 1005 1163 majorisque
1035 1089 1492 1161 dispensationis
1534 1106 1731 1153 causa,
1769 1090 2084 1161 dispensa-

431 1186 576 1239 toris
604 1198 845 1237 munere
875 1181 1212 1251 fungeretur
1240 1179 1285 1212 9°
1318 1197 1331 1233 :
1364 1182 1571 1245 Moses,
1624 1180 1763 1234 dum
1813 1179 1913 1234 Dei
1946 1196 2083 1234 con-

434 1278 637 1344 spectu
667 1272 883 1341 dignus
912 1268 1226 1323 haberetur
1260 1270 1298 1336 ί,
1355 1266 1631 1338 legesque
1688 1267 1997 1339 acciperet,
2029 1272 2086 1323 et

433 1364 608 1417 ferret
637 1362 679 1429 2,
713 1364 768 1416 et
800 1357 1119 1412 Pharaonis
1149 1357 1303 1412 Deus
1330 1356 1675 1428 efﬁceretur,
1717 1361 1773 1412 et
1805 1356 2085 1413 lsraelitis

432 1451 505 1505 ad
538 1447 950 1521 promissionis
979 1450 1196 1501 terram
1219 1446 1337 1499 dux
1360 1450 1544 1500 esset:
1573 1462 1890 1501 numerosa
1916 1446 2084 1518 [Egy-

436 1539 692 1609 ptiorum
724 1535 927 1607 ﬂagra,
958 1537 1130 1605 atque
1162 1532 1504 1603 eorum,qui
1529 1531 1829 1589 laboribus
1859 1549 2083 1605 preme-

434 1626 670 1695 bantur,
702 1623 856 1678 inter
886 1622 1112 1678 medios
1142 1622 1418 1693 Egyptos
1468 1622 1827 1676 conservatio
1859 1624 1901 1675 ³.
1928 1622 2085 1677 Mare

2195 554 2376 624 κλοπὴ
2411 557 2523 628 (41)
2567 552 2987 631 παραδοξοτέρα,
3039 554 3217 627 στήλη
3271 553 3405 618 ἁλὸς
3454 558 3551 624 τὴν
3601 559 3737 632 πρὸς
3784 559 3846 612 τὸ

2192 645 2352 700 κακὸν
2433 644 2761 722 ἐπιστροφὴν
2836 639 3259 721 θριαμϐεύουσασ
3342 647 3539 722 Ἰωσήφ
3612 667 3670 700 τε
3728 668 3846 700 πι-

2191 733 2589 809 πρασκόμενος,
2620 734 2711 789 καὶ
2760 734 3054 809 ἐρώμενος,
3102 736 3191 789 καὶ
3224 740 3541 811 σωφρονῶν,
3577 736 3668 791 καὶ
3702 735 3845 810 παρᾶ

2192 828 2324 878 Θεοῦ
2376 823 2776 901 σοφιζόμενος,
2834 824 2922 877 καὶ
2983 822 3431 899 ἐλευθερούμενος
3476 871 3489 896 ,
3548 826 3637 879 καὶ
3694 822 3846 879 δυνα-

2193 912 2413 979 στεύων,
2473 912 2563 967 καὶ
2616 910 2910 967 σιτοδοτῶν
2972 915 3084 986 (42)
3144 912 3225 968 ἐπ’
3276 913 3566 986 οἰκονομίᾳ
3620 915 3842 986 μείζονι.

2193 1007 2429 1071 Μωϋσῆς
2480 1003 2789 1078 θεοφανείας
2838 1001 3187 1073 ἀξιούμενος,
3240 1003 3329 1057 καὶ
3378 1002 3845 1076 νομοθετούμενος

2192 1090 2279 1144 καὶ
2310 1092 2641 1163 νομοθετῶν,
2673 1090 2762 1144 καὶ
2803 1091 2931 1152 Θεὸς
2964 1092 3167 1167 Φαραὼ
3214 1091 3528 1166 γινόμενος,
3575 1092 3664 1146 καὶ
3714 1094 3850 1168 πρὸς

2190 1181 2289 1248 τὴν
2346 1187 2449 1254 γῆν
2509 1186 2609 1249 τῆς
2659 1178 2983 1255 ἐπαγγελίας
3038 1185 3117 1253 τῷ
3176 1179 3395 1255 Ἰσραὴλ
3451 1180 3845 1256 ἐξηγούμενος*

2194 1268 2508 1343 Αἰγυπτίων
2553 1289 2611 1324 τε
2656 1268 3053 1344 ἀριθμούμεναι
3105 1269 3356 1345 μάστιγες
3406 1272 3557 1343 (43),
3605 1271 3695 1325 καὶ
3743 1292 3848 1325 σω-

2192 1357 2359 1431 τηρία
2398 1361 2504 1412 τῶν
2558 1356 2907 1430 πονουμένων
2960 1357 3010 1412 ἐν
3066 1358 3251 1430 μέσοις
3307 1364 3421 1421 τοῖς
3480 1359 3800 1435 Αἰγυπτίοις
3833 1378 3846 1391 ·

2194 1445 2435 1501 θάλασσά
2488 1467 2547 1501 τε
2605 1447 2973 1522 ὑποχωροῦσα
3025 1443 3210 1524 ῥάϐδῳ
3271 1451 3406 1522 (44),
3458 1450 3546 1503 καὶ
3602 1455 3851 1504 συνιοῦσα

2196 1532 2371 1609 λόγῳ,
2402 1534 2492 1590 καὶ
2523 1534 2648 1597 τοὺς
2697 1536 2790 1607 μὲν
2841 1537 2915 1599 ὡς
2966 1537 3102 1610 ξηρά
3148 1538 3604 1613 παραπέμπουσα,
3634 1539 3765 1601 τοὺς
3796 1537 3852 1594 δὲ

2196 1625 2307 1696 (45)
2338 1624 2471 1678 κατὰ
2500 1625 2600 1693 τὴν
2634 1624 2788 1703 φύσιν
2825 1625 3017 1695 ἑαυτῆς
3051 1624 3391 1702 ἐπιρρέουσα.

429 1715 591 1781 item,
624 1718 749 1768 tum
778 1713 849 1766 ad
881 1710 1059 1783 virgae
1087 1710 1271 1766 ictum
1302 1710 1669 1775 cedens,tum
1701 1711 1773 1765 ad
1806 1724 2153 1767 sermonem
2171 1730 2407 1769 rursum
2440 1714 2636 1770 colens
2670 1758 2683 1783 ,
2716 1720 2891 1787 atque
2919 1716 3053 1773 illos
3087 1721 3250 1773 terra:
3283 1716 3343 1772 in
3377 1718 3615 1774 modum
3647 1723 3849 1775 trans-

433 1804 694 1871 mittens,
725 1801 831 1857 hos
862 1806 1081 1870 autem,
1116 1803 1180 1853 ut
1208 1798 1397 1871 ipsius
1428 1804 1639 1855 natura
1667 1800 1907 1865 ferebat,
1943 1800 2241 1858 inundans
2263 1819 2415 1874 aque
2446 1803 2721 1859 obruens.
2755 1804 2797 1857 ι.

510 1892 645 1949 ΧΙΧ.
675 1889 923 1961 Aliaque
962 1888 1163 1944 omnia
1199 1905 1326 1960 quae
1374 1887 1494 1943 haac
1542 1892 1743 1944 secuta
1794 1892 1969 1957 sunt;
2004 1888 2090 1943 ni-

2273 1892 2363 1953 le'.
2397 1888 2584 1945 Τᾶλλα
2609 1911 2689 1961 τε,
2723 1890 2821 1945 ὅσα
2852 1894 2967 1964 (46)
2998 1892 3211 1955 τούτοις
3245 1892 3683 1965 ἐπηκολούθησε,
3726 1894 3847 1949 στύ-

440 1982 658 2038 mirum
705 1980 877 2035 nubis
906 1977 1181 2034 columna
1210 1976 1462 2033 interdiu
1496 1977 1878 2049 obumbrans,
1930 1978 2086 2049 ignis

435 2072 711 2127 columna
739 2073 913 2125 noctu
940 2067 1312 2140 splendorem
1361 2067 1628 2134 aﬂ'erens,
1679 2072 1854 2139 atque
1901 2069 2085 2124 ambae

435 2160 545 2215 iter
577 2160 1091 2231 praemonstrantes
1120 2157 1141 2189 ⁵
1173 2172 1187 2209 :
1222 2156 1392 2227 panis
1420 2155 1482 2210 in
1504 2156 1730 2212 deserto
1752 2156 1958 2228 pluviae
1991 2157 2086 2213 in-

436 2254 558 2303 star
580 2248 769 2313 fusus,
803 2244 1115 2301 obsonium
1140 2261 1170 2300 e
1200 2244 1341 2299 ccelo
1372 2243 1621 2300 missum
1654 2263 1667 2313 ;
1701 2245 1800 2301 ille
1830 2246 2084 2302 necessi-

434 2335 540 2392 tati
597 2334 1080 2406 correspondens,
1161 2333 1339 2389 etiam
1417 2350 1598 2406 supra
1674 2335 2084 2391 necessitatem

432 2426 797 2498 impertitum
828 2426 849 2459 ⁶
883 2442 895 2480 :
930 2440 1085 2495 aqua
1112 2440 1143 2478 e
1168 2427 1350 2495 petra,
1383 2423 1597 2495 partim
1629 2440 2085 2497 emanans,par-

432 2516 540 2571 tim
572 2514 880 2571 edulcata"
914 2531 927 2569 :
961 2511 1194 2567 Amalec
1226 2529 1328 2583 per
1366 2514 1689 2568 orationem
1721 2518 1894 2584 atque
1922 2530 2082 2569 arca-

437 2621 576 2660 nam
606 2608 663 2659 et
687 2604 995 2675 mysticam
1032 2618 1315 2657 manuum
1366 2602 1618 2673 ﬁguram
1646 2601 1831 2657 victus
1866 2608 1923 2658 et
1952 2620 2085 2674 pro-

438 2695 675 2767 ﬂigatus
704 2693 745 2746 ⁸.
779 2691 872 2747 Sol
904 2696 1087 2758 stans,
1120 2695 1177 2745 et
1230 2689 1375 2745 luna
1425 2694 1650 2746 retenta
1679 2692 1700 2726 θ
1728 2695 1784 2746 et
1812 2692 2085 2748 Jordanis

438 2800 615 2839 cursu
674 2781 985 2837 intercisus
1044 2780 1127 2847 ¹⁰;
1168 2779 1321 2834 muri
1379 2780 1754 2835 sacerdotum
1814 2780 2082 2848 circuitu,

441 2890 505 2929 ac
526 2872 832 2927 turbarum
864 2868 1154 2941 clangore,
1186 2868 1536 2939 numerique
1564 2868 1785 2925 viribus
1816 2870 2087 2925 concussi

438 2966 615 3032 atque
646 2958 909 3017 subversi
944 2960 1009 3011 ίί.
1043 2958 1223 3013 Terra
1268 2962 1325 3012 et
1362 2955 1568 3027 vellus,
1619 2956 1879 3013 vicissim
1928 2973 2087 3014 com-

438 3050 684 3123 pluta,et
708 3047 859 3103 sicca
880 3046 1243 3103 remanentis
1273 3047 1315 3080 ¹¹
1348 3063 1361 3102 :
1396 3046 1453 3101 in
1477 3045 1740 3102 crinibus
1780 3046 1961 3101 situm
1995 3063 2085 3102 ro-

440 3141 570 3208 bur,
603 3139 828 3210 integro
858 3136 1135 3192 exercitui
1167 3152 1273 3207 par
1304 3139 1347 3179 18
1380 3152 1393 3190 :
1430 3134 1598 3206 pauci
1629 3134 1839 3192 delecti
1870 3133 2089 3191 milites

439 3228 784 3296 lambentes,
821 3225 921 3297 qui
951 3224 1199 3280 victores
1230 3225 1349 3280 fore
1407 3224 1744 3294 creduntur,
1805 3240 1871 3279 ac
1919 3225 2090 3294 juxta

440 3332 605 3388 spem
635 3316 705 3370 de
739 3329 800 3370 se
831 3318 1169 3385 conceptam
1200 3314 1461 3381 vincunt,
1522 3313 1791 3384 exiguus,
1824 3313 2092 3384 inquam,

2196 1977 2293 2041 λος
2324 1977 2557 2057 νεφέλης
2588 1978 2914 2048 ἐπισκιάζων
2948 1982 3186 2056 ἡμέρας,
3233 1981 3429 2045 στύλος
3477 1984 3646 2059 πυρὸς
3693 1983 3850 2061 φωτί-

2196 2072 2300 2136 ζων
2332 2068 2546 2137 νυκτὸς,
2601 2071 2693 2123 καί
2743 2066 3071 2145 ὁδηγοῦντες
3121 2069 3442 2148 ἀμφότεροι·
3478 2071 3640 2146 ἄρτος
3687 2072 3847 2145 ὑόμε-

2192 2178 2287 2219 νος
2335 2156 2387 2211 έν
2438 2156 2654 2232 ἐρήμῳ,
2703 2152 2839 2231 ὄψον
2885 2157 2935 2228 ἐξ
2986 2158 3217 2233 οὐρανοῦ
3270 2159 3648 2233 πεμπόμενον·
3691 2163 3721 2216 ὁ
3755 2162 3843 2235 μὲν

2191 2249 2259 2318 τῇ
2306 2245 2466 2321 χρείᾳ
2516 2245 2865 2322 σύμμετρος,
2912 2246 2974 2301 τὸ
3036 2246 3093 2301 δὲ
3147 2249 3237 2302 καὶ
3290 2248 3422 2325 ὑπὲρ
3484 2250 3580 2317 τήν
3641 2248 3843 2325 χρείαν·

2194 2331 2340 2409 ὕδωρ
2374 2332 2433 2388 ἐκ
2461 2333 2679 2409 πέτρας,
2713 2335 2774 2389 τὸ
2827 2336 2921 2407 μὲν
2967 2332 3339 2409 έκδιδόμενον,
3371 2338 3434 2391 τὸ
3482 2335 3540 2393 δὲ
3567 2337 3847 2413 γλυκαινόο

2199 2442 2377 2496 μενον·
2409 2422 2666 2494 Ἀμαλὴκ
2714 2422 2853 2498 εύχῇ
2902 2424 3480 2498 καταπολεμούμενος,
3513 2427 3600 2481 καὶ
3646 2432 3844 2503 χειρῶν

2197 2511 2493 2587 ἀπορρήτῳ
2537 2512 2626 2565 καὶ
2680 2516 2922 2584 μυστικῷ
2970 2515 3214 2588 σχήματι
3266 2517 3397 2587 (47)·
3447 2513 3609 2583 ἥλιός
3647 2518 3843 2588 τε

2195 2600 2503 2672 ἱστάμενος,
2564 2600 2651 2654 καὶ
2710 2599 2913 2671 σελήνη
2980 2603 3361 2677 κατεχομένη,
3420 2602 3507 2658 καὶ
3568 2602 3843 2679 Ἰορδάνης

2196 2688 2654 2762 ἀνακοπτόμενος
2704 2690 2866 2765 τείχη
2916 2691 3303 2763 κατασει-ίμενα
3352 2693 3536 2766 ἱερέων
3578 2690 3838 2768 περιόδῳ,

2194 2776 2284 2833 καὶ
2316 2776 2637 2854 σαλπίγγων
2668 2775 2817 2853 ἤχῳ,
2851 2780 2939 2833 καὶ
2970 2779 3187 2854 ἀριθμῷ
3218 2778 3442 2854 δύναμιν
3492 2779 3675 2857 ἔχοντι
3707 2784 3838 2855 (49)·

2194 2874 2263 2944 γῆ
2296 2867 2385 2921 καὶ
2418 2866 2612 2935 πόκος,
2647 2865 2877 2938 ἐναλλὰξ
2929 2868 3130 2941 ὑόμενά
3174 2890 3232 2923 τε
3279 2869 3367 2924 καὶ
3413 2865 3626 2946 ἄϐροχα
3656 2868 3841 2943 διαμέ·

2196 2974 2377 3011 νοντα⁶
2413 2953 2639 3029 δύναμις
2690 2956 2739 3011 ἐν
2794 2956 2955 3032 θριξὶ,
3014 2963 3262 3033 στρατιᾶς
3314 2956 3453 3027 ὅλης
3503 2958 3843 3035 ἆντίρῥοπος’

2200 3041 2428 3120 λογάδες
2485 3044 2667 3119 ὀλίγοι
2718 3043 3014 3107 λάπτοντες
3046 3090 3063 3117 ,
3114 3045 3201 3100 καὶ
3246 3051 3394 3117 νικᾷν
3448 3048 3847 3120 πιστευόμενοι,

2198 3133 2290 3189 καί
2322 3138 2600 3205 νικῶντες,
2632 3134 2767 3189 κατὰ
2787 3135 2882 3196 τὰς
2906 3130 3157 3204 ἐλπίδας,
3191 3136 3219 3189 ὁ
3246 3135 3453 3212 βραχὺς
3487 3137 3715 3210 ἀριθμὸς

2203 3224 2299 3285 τὰς
2333 3222 2587 3284 πλείονας
2620 3220 2900 3299 χιλιάδας.
2933 3223 2992 3277 Τί
3027 3244 3093 3296 με
3124 3220 3206 3278 δεῖ
3237 3226 3583 3301 καταριθμεῖν
3634 3223 3846 3295 ἕκαστα,

2206 3314 2305 3368 ὅσα
2334 3309 2403 3366 δι’
2432 3311 2596 3367 αὐτοῦ
2626 3314 2861 3388 Χριστοῦ
2906 3313 3018 3385 (51)
3067 3314 3203 3366 κατά
3247 3314 3346 3381 τήν
3387 3316 3655 3387 σωτήριον
3690 3314 3849 3368 αὐτοῦ

445 3421 729 3461 numerus
761 3402 945 3458 multa
976 3402 1284 3457 hominum
1306 3401 1493 3456 millia
1524 3402 1739 3465 “.Quid
1775 3406 1970 3457 autem
2003 3418 2090 3457 me

2204 3399 2497 3475 παρουσίαν
2547 3400 2635 3454 καὶ
2692 3400 2998 3474 σάρκωσιν,
3057 3399 3155 3454 ὅσα
3216 3402 3330 3473 μετ’
3390 3401 3592 3456 ἐκεῖνόν
3648 3424 3707 3456 τε
3761 3403 3847 3456 καὶ

441 3493 640 3549 omnia
670 3492 974 3564 sigillatim
1018 3507 1361 3546 enumerare
1387 3506 1624 3546 necesse
1674 3495 1785 3558 est,
1836 3508 1963 3562 quea
1996 3508 2090 3563 per

2207 3487 2276 3544 δι’
2306 3488 2505 3544 ἐκείνου
2533 3494 2650 3549 τοῖς
2700 3488 2862 3561 ίεροῖς
2911 3488 3240 3551 ἀποστόλοις
3290 3490 3474 3562 αὐτοῦ,
3506 3491 3596 3544 καὶ
3648 3491 3844 3565 ὑπηρέ-

441 3583 981 3653 Christumipsum,
1014 3578 1324 3635 salutiferae
1377 3579 1702 3651 praesentia“:
1755 3596 1874 3634 sua:
1924 3585 2090 3651 atque

2204 3598 2321 3639 ταις
2370 3582 2468 3632 τοῦ
2522 3576 2693 3651 λόγου
2738 3578 3280 3654 τεθαυματούργηται
3315 3598 3328 3648 ;
3365 3579 3528 3633 Πόσαι
3560 3583 3725 3634 ταῦτα
3762 3582 3845 3634 καί

440 3671 863 3729 incarnationis
890 3677 1152 3742 tempore
1180 3688 1195 3738 ;
1220 3687 1345 3741 quae
1371 3669 1548 3725 etiam
1566 3673 1699 3741 post
1720 3668 1886 3724 illum
1910 3686 1976 3724 ac
1997 3686 2100 3741 per

2212 3661 2395 3741 βίϐλοι
2428 3667 2514 3721 καὶ
2548 3668 2761 3740 μνῆμαι
2791 3668 3010 3743 φέρουσι
3044 3685 3058 3735 ;

440 3764 610 3819 illum
635 3780 667 3817 a
697 3760 1088 3818 sacrosanctis
1121 3760 1309 3832 ipsius
1335 3758 1631 3831 Apostolis
1656 3759 1933 3831 verbique
1964 3757 2252 3814 ministris
2278 3756 2522 3813 mirifice
2552 3762 2719 3830 gesta
2748 3756 2931 3814 sunt?
2959 3760 3109 3823 Quot
3155 3774 3223 3814 ea
3270 3758 3405 3814 libri
3449 3765 3507 3815 et
3556 3761 3846 3815 memoriae

440 3852 910 3911 circumferunt?

510 3941 618 3998 ΧΧ.
650 3943 741 4006 At,
776 3957 902 4011 qua:
944 3956 1100 3995 nunc
1154 3938 1512 4006 acciderunt,
1554 3938 1753 4003 venite,
1804 3937 2010 4007 audite,
2041 3940 2093 3992 et

439 4030 702 4096 narrabo,
728 4044 915 4083 omne:
945 4030 1039 4098 qui
1068 4029 1277 4082 timetis
1307 4028 1478 4081 Deum
1510 4028 1572 4081 1⁵.
1609 4030 1671 4081 ut
1730 4025 1937 4080 divina:
1986 4042 2092 4096 po-

514 4173 555 4207 9"
587 4172 729 4226 Gen.
752 4190 889 4237 xxn,
927 4172 1105 4226 10-13.
1184 4172 1226 4205 9⁸
1257 4171 1399 4227 Gen.
1434 4188 1549 4237 xix,
1581 4171 1673 4235 24,
1707 4171 1797 4224 26.
1876 4171 1919 4204 9°
1949 4170 2091 4226 Gen.
2124 4186 2335 4236 xxxvn,
2393 4169 2503 4235 28;
2537 4186 2725 4226 xxxix.
2783 4170 2853 4237 8;
2886 4187 3001 4239 xu,
3054 4171 3115 4225 41
3173 4186 3305 4242 sqq.

514 4244 674 4296 Exod.
706 4260 799 4296 xx.
830 4245 865 4296 2
896 4259 1054 4296 seou.
1170 4245 1189 4277 ³
1222 4243 1399 4296 Exod.
1436 4260 1535 4296 vn.
1570 4243 1593 4294 1
1629 4247 1685 4295 et
1718 4258 1882 4296 seua.
2013 4243 2034 4275 ⁴
2062 4241 2236 4296 Exod.
2270 4257 2386 4296 x1v.
2419 4242 2508 4295 21.
2539 4242 2628 4296 27.
2742 4246 2762 4276 δ
2794 4242 2974 4296 Exod.
3007 4258 3131 4296 xm.
3191 4244 3281 4296 21.

444 4245 463 4277 ²
495 4244 674 4297 Exod.
706 4260 799 4307 xx,
830 4245 865 4296 2
896 4259 1054 4311 seqq.
1170 4245 1189 4277 ³
1222 4243 1399 4297 Exod.
1436 4260 1535 4303 vn,
1570 4243 1593 4294 1
1629 4247 1685 4295 et
1718 4258 1882 4313 seqq.

2274 3935 2348 3989 K'.
2378 3935 2461 3990 Τὰ
2509 3931 2565 3988 δὲ
2615 3931 2680 4004 δὴ
2732 3939 2819 3989 νῦν
2863 3935 3013 4007 (52),
3067 3932 3254 4005 δεῦτε,
3304 3933 3587 4002 ἀκούσατε,
3632 3936 3719 3990 καὶ
3770 3934 3845 3990 δι-

2209 4024 2485 4098 ηγήσομαι
2542 4025 2704 4097 (53),
2760 4024 2954 4085 πάντες
3026 4024 3078 4077 οἱ
3136 4019 3468 4100 φοϐούμενοι
3525 4026 3617 4079 τὸν
3670 4025 3793 4085 Θεὸν
3826 4069 3843 4096 ,

3416 4175 3430 4207 ί
3465 4170 3640 4226 Exod.
3674 4188 3764 4242 ιιι,
3791 4174 3844 4225 2.

2742 4246 2762 4276 δ
2794 4242 2974 4308 Exod,
3007 4258 3131 4310 xm,
3191 4244 3281 4296 21.
3336 4260 3341 4263 ‘
3387 4243 3407 4275 ⁸
3439 4243 3578 4297 Gen.
3613 4260 3726 4297 xvi.
3763 4244 3844 4297 14.

443 4316 460 4348 ⁷
492 4314 670 4369 Exod.
706 4286 842 4381 xvii,
870 4316 904 4367 6
928 4340 941 4379 ;
1094 4316 1184 4367 25.
1259 4315 1279 4347 ³
1315 4314 1488 4368 Exod.
1522 4286 1661 4379 xvu,
1694 4285 1879 4384 11.“?
1908 4312 2086 4368 Josue

2207 4312 2295 4367 12.
2354 4285 2536 4368 josue
2587 4329 2670 4381 ιιι,
2725 4314 2811 4368 13.
2893 4285 3167 4369 1°,Josde
3213 4330 3291 4383 γι,
3340 4314 3395 4384 6,
3442 4285 3519 4350 νδ
3572 4285 3726 4369 Jud...
3766 4285 3845 4381 in,

443 4385 532 4439 37.
615 4385 658 4420 1³
688 4384 829 4440 Jud.
860 4402 976 4452 XVI,
1008 4386 1093 4439 17.
1176 4385 1218 4419 1‘
1246 4384 1384 4439 Jud.
1417 4400 1513 4452 All,
1545 4385 1599 4437 5.
1679 4384 1721 4418 ¹⁶
1753 4382 1905 4440 Psal.
1930 4401 2054 4453 va,
2088 4383 2174 4439 16.

512 4528 626 4599 (39)
659 4525 795 4599 Πυρὶ
826 4524 913 4578 καὶ
946 4524 1154 4599 θείῳ.-ξ
1191 4526 1327 4595 Igne
1360 4530 1415 4579 et
1443 4523 1763 4599 sulphure,
1787 4545 1815 4599 ξ)
1850 4524 2092 4599 Billius:
2126 4529 2173 4593 D

447 4624 467 4647 ιι
504 4592 825 4669 sulphureo
857 4599 1024 4669 igne.
1046 4592 1076 4645 ἆ)
1109 4592 1320 4650 Verum
1382 4612 1514 4669 cum
1541 4592 1877 4669 '_Grego_'rius
1934 4596 2091 4651 Scri-

444 4666 626 4742 pturzé
657 4670 835 4742 verba
867 4666 1133 4742 religiose
1171 4667 1504 4733 servaverit,
1558 4666 1699 4721 haec
1738 4666 1939 4722 itidem
1973 4684 2091 4723 ser-

440 4740 574 4797 vare
605 4740 1235 4809 debuisset-interpres.

514 4814 628 4883 (40)
678 4807 1178 4866 Κατακλυσθέντων.
1242 4830 1271 4859 (ί
1332 4808 1509 4874 Quasi
1581 4807 1799 4864 diluvio
1849 4809 2089 4864 obruto-

446 4900 597 4939 rum.
631 4906 660 4934 »

513 4956 625 5025 (41)
656 4950 871 5022 Κλοπή.
904 4950 1220 5025 Clariusin
1252 4950 1375 5025 Elia
1404 4950 1629 5025 Billius,
1656 4972 1684 5000 «
1717 4950 2088 5025 subductio.»

444 5021 617 5081 Lothi'
644 5042 853 5096 nempe
879 5041 944 5080 ac
973 5025 1101 5095 ejus
1135 5022 1495 5094 familie,qui
1525 5039 1628 5093 per
1652 5021 1889 5095 angelos
1920 5023 2088 5095 quasi

448 5098 649 5153 furtim
683 5096 876 5152 educti
908 5100 1065 5151 sunt.

539 5170 626 5239 42)
659 5168 759 5223 Καὶ
787 5164 1100 5222 σιτοδοτῶν.
1140 5189 1161 5215 ι
1196 5166 1511 5221 Frumenta
1538 5181 1944 5237 annonamque
1972 5166 2090 5222 dis-

442 5239 745 5295 tribueret.
778 5261 805 5289 »

514 5312 626 5381 (43)
658 5308 1075 5383 Ἀριθμούμεναι
1111 5308 1382 5383 μάστιγες.
1438 5331 1465 5358 ‹‹
1497 5307 1757 5383 Qelebria
1805 5308 2091 5381 [Egyptia-

443 5381 854 5454 rumﬂagella.
891 5403 918 5431 ››
948 5382 1042 5454 Sic
1071 5381 1349 5454 orat._1i1_,
1401 5397 1457 5434 n.
1507 5381 1564 5454 t3,
1624 5396 1791 5435 suam
1851 5397 2088 5454 parvam

444 5449 775 5525 Bethlehém
811 5453 1053 5524 opponit
1082 5456 1197 5513 ταῖς
1230 5449 1653 5525 ἆριθμουμέναις
1701 5453 1807 5503 τῶν
1852 5449 2089 5520 πόλεων,

442 5523 615 5581 claris
645 5523 913 5580 urbibus.
950 5546 977 5573 »ι

514 5597 623 5669 (44)
654 5597 1048 5669 Ὑπγοχωροῦσα
1078 5588 1279 5667 ῥάϐδῳ.
1317 5616 1341 5641 ‹‹
1376 5593 1562 5663 Virga:
1605 5592 1831 5647 cedens.
1885 5615 1911 5642 ι)
1966 5594 2088 5649 Νοη

439 5664 654 5740 legitur
680 5685 717 5725 a
744 5664 941 5740 Moyse
967 5664 1130 5738 virga
1160 5681 1319 5721 mare
1344 5679 1711 5737 percussum.

2274 4525 2388 4596 (45)
2415 4523 2557 4596 Tabe
2582 4521 2657 4581 δέ.
2693 4528 2828 4595 Reg.
2859 4527 2893 4582 b
2925 4530 2983 4581 et
3012 4507 3257 4583 M'ontac.
3289 4531 3404 4587 τοῖς
3437 4524 3512 4582 δέ.

2277 4593 2616 4671 (46)]’ὁίλλα
2649 4617 2707 4650 τε
2758 4593 2875 4653 ὅσα.
2939 4598 3209 4670 Plerique
3267 4600 3435 4654 codd.
3492 4604 3549 4655 et
3606 4599 3746 4671 Reg.
3807 4600 3845 4669 Ι,

2200 4663 2380 4720 τᾶλλα
2410 4664 2457 4720 δ’
2488 4665 2604 4722 ὅσα.

2272 4740 2383 4810 (47)
2416 4738 2669 4813 Μυστικῷ
2702 4740 2970 4813 σχήματι.
3006 4740 3134 4795 Par.
3179 4745 3237 4797 et
3290 4741 3542 4798 Montac.
3606 4742 3663 4796 in
3698 4742 3848 4797 notis

2201 4810 2499 4894 deleruci's'
2518 4811 2691 4894 signo
2721 4810 3197 4894 interpretantur.

2202 4881 2385 5007 P(48)
2429 4881 2627 4942 Ἥλιός
2694 4902 2773 4939 τε.
2825 4881 2917 4939 Sic
2974 4884 3178 4955 scripti
3236 4884 3390 4941 libri.
3452 4884 3625 4940 Deest
3678 4903 3734 4937 τε
3792 4884 3848 4938 in

2246 4970 2331 5007 ar.

2246 4970 2331 5009 αι’.

2271 5024 2661 5098 ’ᾼριθμῷ
2706 5020 2931 5096 δύναμιν
2976 5022 3187 5098 (ἔχοντι.
3247 5025 3503 5082 Combef.
3566 5049 3593 5076 ι(
3656 5026 3850 5098 Septe-

2201 5096 2363 5170 nario
2396 5096 2675 5170 nimirum
2708 5114 2774 5153 ac
2815 5096 3069 5170 mystica:
3117 5098 3590 5169 significationis,
3640 5114 3709 5154 ex
3733 5096 3854 5169 qua

2197 5165 2281 5220 illi
2314 5167 2400 5222 vis
2432 5168 2642 5223 inerat.
2683 5191 2703 5216 ι

2200 5239 2382 5362 aug?)
2410 5238 2466 5290 Ὃ
2520 5236 2730 5314 βραχὺς
2761 5237 3011 5313 ἀριθμός.
3054 5238 3222 5298 Colb.
3286 5242 3344 5313 k,
3380 5237 3442 5294 ού
3499 5236 3674 5300 πολὺς
3734 5238 3851 5313 ἀρι-

2316 5329 2359 5370 ς.

2237 5329 2382 5464 μ(ςέὲςί)
2431 5380 2508 5433 Δι’
2566 5378 2730 5435 αὐτοῦ
2788 5384 3049 5456 Χριστοῦ.
3110 5381 3359 5438 Montac.
3420 5378 3508 5436 διὰ
3563 5385 3660 5437 τοῦ
3729 5382 3856 5456 Χρι-

2202 5471 2352 5505 στου.

2290 5524 2380 5592 52)
2412 5522 2485 5575 Τὰ
2517 5520 2573 5576 δι
2605 5519 2693 5591 δή.
2728 5525 2900 5595 Regg.
2931 5542 2984 5593 ει,
3019 5524 3078 5590 d,
3109 5527 3284 5578 Ταῦτα
3314 5524 3372 5578 δι
3403 5520 3489 5592 δὴ.

2289 5595 2380 5661 53)
2412 5596 2774 5668 ᾼιηγήσομαι.
2810 5596 3048 5651 Addunt
3078 5596 3216 5668 editi
3262 5595 3647 5668 οωιιοε,ὑμῖν.
3679 5596 3847 5652 Deest

2198 5669 2397 5720 tamen
2425 5665 2485 5720 in
2517 5665 2791 5723 Omnibus
2822 5682 2969 5738 pene
2999 5666 3321 5727 codicibus.
