4202 6212
390 393 508 452 549

1377 390 1673 452 ORATIO
1716 391 1926 454 1V.—
1956 391 2270 452 CONTRA
2314 389 2722 452 JULIANUM
2765 391 2814 450 Ι.

3681 392 3801 452 550

385 522 536 582 ὅπως
611 520 670 575 ἂν
745 525 859 595 γνῷ
913 519 1069 595 γενεὰ
1126 520 1300 597 ἑτέρα,
1367 520 1457 574 καὶ
1516 518 1773 596 διαδοχαὶ
1824 524 2038 597 γενεῶν⁹

2173 523 2347 577 entiae
2380 521 2666 578 miracula
2695 524 3010 594 cognoscat
3059 523 3354 595 generatio
3406 523 3592 581 altera
3647 525 3713 593 ιε,
3747 528 3803 581 et

381 617 482 678 τῆς
514 613 611 664 τοῦ
666 614 801 665 Θεοῦ
863 606 1167 671 δυναστείας
1218 609 1286 663 τὰ
1332 609 1600 682 θαύματα.
1650 609 1800 665 Ἐπεὶ
1853 608 1910 665 δὶ
1941 610 2045 687 οὐχ

389 697 502 751 οἶόν
540 719 599 753 τε
644 696 811 753 ταῦτα
861 696 1135 772 δηλῶσαι,
1190 699 1265 772 μὴ
1294 700 1357 754 τὸ
1412 703 1508 753 τοῦ
1565 699 1816 755 κινδύνου
1873 720 2047 776 παρα·

388 789 683 857 στήσαντας
736 787 955 863 μέγεθος
981 805 995 819 ·
1046 792 1208 843 τοῦτο
1261 785 1317 842 δὲ
1357 787 1464 864 οὐχ
1494 788 1609 843 οἷόν
1637 810 1715 858 τε,
1754 790 1829 862 μή
1855 790 1918 843 τὸ
1948 792 2047 844 τοῦ

389 876 597 952 τρόπου
663 875 924 944 κακόηθες
996 874 1383 953 διελέγξαντας,
1441 876 1531 931 καὶ
1582 877 1633 949 ἐξ
1682 875 1810 931 ὀίων
1862 878 2044 952 ἀρχῶν

391 966 482 1019 καὶ
533 971 633 1033 τῆς
688 964 877 1026 κακίας
947 964 1268 1041 σπερμάτων
1330 965 1415 1019 ἐπὶ
1469 967 1568 1035 τήν
1622 963 2046 1038 κακοδαιμονίαν

392 1054 661 1123 τοσαύτην
695 1052 923 1123 ἐξέπεσε,
955 1053 1090 1109 κατὰ
1122 1054 1312 1128 μικρὸν
1345 1056 1456 1127 (54)
1484 1056 1583 1123 τήν
1631 1050 1874 1109 ἀσέϐειαν
1925 1076 2047 1109 συν-

396 1143 654 1215 αυξῆσας,
706 1142 885 1217 ὥσπερ
928 1144 1018 1198 τὸν
1068 1142 1148 1198 ίὸν
1195 1148 1302 1198 τῶν
1354 1144 1591 1218 ἑρπετῶν
1638 1144 1727 1198 καὶ
1794 1148 1900 1198 τῶν
1960 1144 2051 1213 θη-

400 1234 530 1310 ρίων
566 1232 665 1286 ὅσα
693 1232 1013 1303 πικρότατα,
1035 1233 1208 1287 πάντα
1242 1232 1334 1305 μὲν
1380 1231 1469 1287 οὖν
1505 1234 1615 1306 (55)
1649 1229 2047 1311 ἐκτραγφῳδεῖν

394 1324 463 1378 τὰ
510 1321 713 1376 ἐκείνου
765 1317 981 1397 βίϐλοις
1029 1322 1117 1377 καὶ
1160 1321 1424 1397 ἱστορίαις
1462 1325 1804 1398 παρήσομεν
1857 1321 1919 1376 οὐ
1949 1323 2050 1397 γὰρ

397 1412 533 1482 ἡμῖν
584 1432 648 1485 γε
696 1408 876 1486 σ’χολή
931 1410 1235 1487 μακρότερα
1281 1417 1380 1481 τῆς
1416 1411 1695 1487 παρούσης
1754 1410 2052 1471 ὑποθέσεως

400 1498 670 1574 ῥαψῳδεῖν
703 1517 714 1532 ⁸
756 1498 911 1554 αὐτοί
941 1497 998 1554 δὲ
1030 1498 1190 1576 ὀλίγα
1215 1499 1275 1555 ἐκ
1296 1499 1524 1556 πολλῶν
1559 1498 1887 1567 διελθόντες,
1919 1520 2053 1569 στη-

401 1587 696 1666 λογραφίαν
748 1587 928 1665 ὣσπερ
972 1588 1093 1643 τινὰ
1136 1594 1254 1651 τοῖς
1316 1590 1431 1663 μεθ’
1476 1590 1624 1663 ἡμᾶς
1654 1587 2051 1662 καταλείψομεν

402 1676 487 1731 ἐπὶ
533 1678 602 1732 τὰ
646 1679 954 1753 κυριώτατα
1001 1676 1090 1732 καί
1148 1679 1575 1754 περιφανέστατα
1622 1681 1734 1751 (56)
1779 1682 1888 1732 τῶν
1941 1698 2056 1733 κατ’

401 1765 598 1821 ἐκεῖνον
627 1771 705 1838 τῷ
737 1764 892 1840 λόγῳ
920 1769 1294 1843 χωρήσαντες.

470 1946 579 2000 KA'
619 1949 855 2006 Ἐκεῖνος
902 1944 957 1999 ἓν
1013 1946 1106 2018 μὲν
1156 1946 1245 1999 καὶ
1308 1949 1521 2018 πρῶτον
1596 1946 1730 2019 (57),
1793 1943 1895 1999 ὑπὸ
1952 1948 2052 1998 τοῖ’)

406 2033 645 2110 μεγάλου
695 2033 1071 2090 Κωνσταντίου
1120 2034 1329 2103 σωθεὶς,
1380 2032 1499 2109 ἄρτι
1548 2035 1818 2107 παράτοῦ
1848 2033 2052 2109 πατρὸς

403 2120 786 2194 διαδεξαμένου
829 2124 892 2177 τὸ
940 2122 1135 2199 κράτος
1194 2121 1378 2196 (ἡνίκα
1420 2123 1482 2177 τὸ
1533 2121 1918 2198 στρατιωτικὸν
1973 2121 2054 2191 ἰξ-

405 2210 656 2280 ωπλίσθη
690 2211 824 2265 κατὰ
849 2215 957 2265 τῶν
996 2210 1046 2266 ἐν
1076 2209 1241 2281 τὲλει,
1274 2215 1632 2284 καινοτομοῦν
1680 2206 1835 2288 φόϐῳ
1880 2231 2056 2265 καινο-

403 2298 621 2371 τομίας.
678 2299 767 2353 καὶ
827 2296 915 2352 διὰ
971 2297 1100 2353 νέων
1154 2303 1473 2373 προστατῶν
1533 2299 1821 2363 καθίστατο
1859 2299 1925 2353 τὰ
1960 2301 2054 2373 βα-

404 2386 623 2460 σίλεια)
655 2386 744 2441 καὶ
783 2386 975 2451 σωθείς
1042 2408 1105 2462 γε
1308 2386 1398 2441 σὺν
1434 2392 1510 2459 τῷ
1538 2385 1756 2465 ἀδελφῷ
1786 2386 2057 2463 σωτηρίαν

403 2478 625 2530 ἄπιστον
658 2477 743 2531 καὶ
794 2474 1115 2552 παράδοξον,
1170 2476 1292 2531 οὒτε
1337 2481 1416 2548 τῷ
1465 2481 1580 2547 Θεῷ
1609 2478 1769 2551 χάριν
1804 2474 1931 2551 ἔσχε
1958 2483 2058 2545 τῆς

403 2565 696 2641 σωτηρίας,
731 2563 854 2620 οὔτε
881 2570 959 2636 τῷ
1003 2564 1235 2640 βασιλεῖ,
1287 2562 1355 2619 δι’
1388 2564 1451 2620 οὗ
1483 2566 1743 2620 σὲσωστιγ
1799 2563 1923 2621 ἀλλ’
1953 2565 2058 2638 ἆμ-

404 2651 657 2732 φοτέροις
690 2652 845 2731 ὤφθη
876 2654 1060 2721 κακὸς,
1090 2658 1168 2726 τῷ
1202 2654 1297 2727 μὶν
1320 2653 1647 2709 ἀποστασίαν
1701 2651 1934 2721 ὠδίνων,
1982 2656 2059 2726 τῷ

403 2741 459 2797 δὲ
492 2742 617 2798 ἐπαν
628 2745 864 2801 ἀστασιν.

478 3011 574 3063 KB'
603 3012 667 3062 Ὅ
725 3006 781 3063 δέ
840 3029 930 3081 μοι
986 3008 1094 3083 πρὸ
1151 3007 1358 3063 τούτων
1399 3009 1509 3082 (59)
1551 3007 1716 3062 εἰπεῖν
1750 3007 2057 3082 ἀναγκαῖον,

412 3096 623 3167 διαίτης
658 3098 752 3169 μὲν
780 3096 869 3151 καὶ
901 3096 1186 3166 θεραπείας
1226 3095 1277 3151 ἕν
1305 3118 1406 3151 τινι
1436 3101 1543 3151 τῶν
1599 3094 1895 3172 βασιλικῶν
1948 3100 2059 3169 (60)

414 3184 634 3262 χωρίων
686 3187 934 3255 ἠξιοῦντο
990 3185 1280 3261 βασιλικῆς
1312 3185 1457 3260 παρὰ
1484 3190 1582 3240 τοῦ
1613 3183 2058 3263 φιλανθρωποτά-

412 3296 506 3329 του
557 3274 845 3349 βασιλέως,
894 3275 966 3336 ὡς
1012 3273 1108 3329 τοῦ
1148 3276 1335 3351 γὲνους
1381 3274 1609 3348 λείψανα
1671 3278 1739 3347 τῇ
1812 3274 2060 3351 βασιλείᾳ

416 3364 792 3438 τηρούμενοι·
856 3364 997 3435 ὁμοῦ
1049 3364 1142 3436 μὶν
1182 3363 1508 3439 ἀπολογίαν
1589 3362 1900 3425 ὶπινοοῦτος
1954 3367 2062 3418 τῶν

416 3450 868 3524 νεωτερισθὲντων
917 3450 968 3504 ἐν
1021 3453 1167 3528 ἀρχῇ
1214 3458 1316 3521 τῆς
1360 3450 1656 3527 βασιλείας,
1706 3452 1781 3513 ὡς
1831 3452 1892 3506 οὐ
1949 3453 2066 3507 κατ’

415 3537 617 3593 ἐκείνου
662 3539 887 3615 γνώμην
923 3538 1350 3613 τετολμημένων
1378 3559 1391 3573 ⁸
1439 3541 1579 3614 ὁμοῦ
1611 3538 1668 3595 δὲ
1705 3539 1795 3594 καὶ
1851 3540 1913 3595 τὸ
1977 3562 2067 3613 μι-

412 3626 730 3702 γαλόψυχον
786 3624 1146 3697 ἐπιδείξασθαι
1207 3632 1494 3699 ζητοῦντος
1537 3631 1607 3702 τῇ
1660 3628 1919 3700 κοινωνίᾳ
1962 3635 2065 3698 τῆς

417 3715 690 3790 βασιλείας
723 3735 736 3748 ⁸
813 3716 902 3771 καὶ
969 3716 1173 3791 τρίτον,
1235 3718 1334 3785 τὴν
1397 3718 1575 3793 ἀρχὴν
1631 3719 2063 3788 καταστήσασθαι

408 3811 524 3866 ταῖς
581 3807 919 3877 προσθήκαις
970 3800 1338 3880 βεϐαιοτέραν,
1388 3805 1520 3881 ὅπερ
1569 3809 1633 3875 ἦν
1678 3803 2059 3880 (61)διανοου-

415 3894 596 3966 μένου,
633 3893 934 3970 ρηστότερα
960 3894 996 3963 ἢ
1029 3895 1331 3970 σοφώτερα.

477 4165 606 4219 Kl".
644 4159 794 4215 Ἐπεὶ
845 4157 903 4215 δὲ
944 4160 1082 4235 ἦγον
1124 4160 1230 4215 ἀπὸ
1274 4158 1489 4214 πάντων
1519 4160 1631 4233 (62)
1661 4156 1899 4235 σχολὴν,
1954 4169 2056 4232 τῆς

481 4261 525 4295 ¹⁸
564 4258 717 4316 Psal.
749 4276 962 4327 Lxxvn,
991 4261 1046 4315 6.

497 4365 591 4438 54)
619 4363 765 4438 κατὰ
798 4364 1030 4438 μικρόνζ
1052 4366 1192 4437 Reg.
1222 4366 1345 4434 bm,
1369 4362 1466 4438 καὶ
1494 4362 1873 4438 κατὰᾷμικρόν,

497 4366 566 4421 54
619 4365 765 4417 Κατὰ
798 4365 1009 4438 μικρόν.
1052 4366 1192 4437 Reg.
1222 4366 1345 4434 bm,
1375 4365 1466 4417 καὶ
1494 4365 1632 4418 κατὰ
1657 4365 1873 4435 μικρόν.

400 4365 592 4567 Ρ
624 4436 801 4491 Πάντα
834 4436 926 4509 μὶν
968 4433 1084 4494 οὗν.
1142 4443 1232 4494 lta
1288 4436 1447 4494 Colb.
1509 4435 1566 4492 Κ.
1630 4436 1802 4493 Deest
1831 4434 1944 4507 οὗν,
1992 4436 2054 4494 in

471 4580 586 4662 (56)
645 4580 1093 4662 ῌεριιρανξστατα.
1148 4602 1175 4629 ‹‹
1234 4578 1575 4662 Notissima,
1628 4577 2049 4662 famosissima.

2156 611 2596 683 generationum
2657 610 3080 667 successiones.
3138 612 3423 677 Quoniam
3483 617 3680 669 autem
3712 630 3799 682 ea,

2156 699 2269 754 nisi
2302 698 2543 770 periculi
2578 699 2985 770 magnitudine
3015 697 3173 753 velut
3218 699 3291 754 ob
3349 699 3549 756 oculos
3590 702 3797 772 posita,

2158 787 2440 843 declarari
2473 787 2569 841 87
2606 792 2907 858 nequeunt
2943 806 2956 854 ;
2983 787 3094 843 hoc
3118 804 3252 843 vero
3286 788 3409 843 fieri
3441 805 3557 844 non
3588 794 3800 861 potest,

2158 876 2271 932 nisi
2300 893 2529 931 morum
2562 876 2735 932 istius
2757 876 3104 947 pravitatem
3126 878 3803 949 ostenderimus,quibus

2161 982 2274 1038 que
2303 982 2371 1021 ex
2401 965 2727 1037 principiis,
2749 964 2993 1037 Vitiique
3042 965 3387 1035 seminibus,
3421 967 3479 1022 in
3514 968 3803 1038 perditam

2160 1055 2310 1111 hanc
2342 1061 2398 1110 et
2429 1054 2795 1127 proﬂigatam
2826 1055 3141 1109 amentiam
3169 1055 3477 1127 prolapsus
3500 1056 3806 1125 fuerit,im-

2161 1144 2437 1215 pietatem
2469 1159 2782 1212 suam,non
2816 1159 2985 1198 secus
3017 1160 3082 1198 ac
3103 1144 3407 1200 saevissimi
3432 1145 3651 1217 quique
3682 1162 3803 1201 ser-

2161 1237 2363 1305 pentes
2394 1238 2450 1287 et
2478 1233 2613 1288 ferae
2639 1248 2955 1299 venenum,
2997 1232 3279 1305 paulatim
3333 1249 3577 1306 augens,
3609 1234 3808 1289 omnia

2162 1321 2574 1393 quidemillius
2597 1320 2817 1378 scelera
2837 1321 3077 1393 tragicis
3098 1323 3288 1377 verbis
3310 1324 3709 1394 exaggeranda
3732 1324 3805 1378 ad

2161 1410 2311 1466 libro
2334 1409 2729 1481 historiaeque
2751 1409 3181 1466 remmittemus
3205 1428 3219 1479 ;
3253 1425 3444 1483 neque
3460 1412 3617 1466 enim
3638 1410 3808 1465 nobis

2160 1504 2327 1556 vacat
2356 1499 2589 1572 longius
2621 1516 2799 1571 quam
2831 1500 3137 1571 praesentis
3166 1499 3425 1556 instituti
3458 1499 3607 1555 ratio
3639 1500 3806 1567 ferat,

2163 1604 2495 1644 sermonem
2510 1589 2848 1660 producere;
2864 1587 2976 1659 ipsi
2989 1592 3183 1644 autem
3199 1606 3381 1661 pauca
3393 1605 3423 1644 e
3436 1588 3637 1644 multis
3654 1605 3809 1644 com-

2166 1683 2599 1747 memorantes,,
2634 1677 2802 1750 quasi
2832 1676 2893 1732 in
2924 1676 3200 1733 columna
3229 1678 3587 1750 insculptam
3618 1678 3809 1751 ipsius

2164 1766 2550 1839 ignominiam
2582 1767 2832 1838 posteris
2862 1765 3285 1838 relinquemus,
3319 1768 3392 1822 ad
3424 1767 3717 1839 praecipua
3737 1766 3809 1821 i1-

2167 1855 2282 1912 lius
2316 1857 2745 1928 notissimaque
2774 1855 2999 1927 ﬂagitia
3028 1872 3358 1912 sermonem
3390 1858 3772 1913 conferentes.

2232 1945 2373 2001 XXI.
2406 1945 2598 2001 Unum
2630 1946 2809 2016 igitur
2839 1950 2896 2000 et
2946 1944 3216 2016 princeps
3252 1944 3411 2000 illius
3443 1945 3672 2001 facinus
3701 1945 3811 2000 hoc

2163 2040 2273 2102 est,
2308 2035 2463 2106 quod
2492 2051 2525 2090 a
2554 2050 2767 2106 magno
2799 2034 3161 2102 Constantio,
3196 2034 3297 2106 qui
3355 2034 3507 2107 patri
3536 2051 3723 2107 nuper
3751 2034 3811 2089 in

2164 2124 2409 2196 imperio
2442 2126 2823 2191 successerat,
2858 2121 3107 2178 salutem
3138 2129 3490 2180 consecutus
3516 2124 3669 2195 (tum
3699 2122 3811 2179 sci-

2164 2212 2321 2279 licet,
2352 2228 2488 2267 cum
2518 2211 3063 2279 excercitus,rerum
3095 2228 3377 2267 novarum
3400 2216 3558 2267 metu
3591 2227 3684 2267 res
3716 2228 3813 2266 no-

2162 2318 2267 2357 vas
2300 2300 2567 2367 moliens,
2600 2300 2876 2355 adversus
2900 2315 3166 2370 proceres
3199 2316 3363 2354 arma
3395 2300 3566 2371 cepit,
3592 2316 3658 2355 ac
3680 2314 3811 2371 per-

2166 2406 2347 2446 novos
2396 2390 2698 2460 praefectos
2746 2388 2947 2443 aulicis
2996 2404 3086 2443 res
3136 2389 3706 2457 constituebantur);
3757 2392 3816 2443 et

2166 2480 2408 2550 quidem
2423 2478 2669 2533 salutem
2683 2477 3045 2548 inopinatam
3059 2482 3118 2532 et
3132 2476 3533 2532 incredibilem
3554 2494 3688 2533 cum
3702 2477 3815 2531 fra-

2166 2573 2254 2623 tre
2284 2571 2767 2632 consecutus,nec
2800 2566 2918 2621 Deo
2950 2566 3022 2621 ob
3055 2566 3446 2632 salutem,nec
3476 2564 3814 2637 imperatori

2168 2673 2269 2728 per
2300 2672 2473 2727 quem
2507 2655 2757 2711 salutem
2788 2660 3108 2725 acceperat,
3148 2653 3397 2726 gratiam
3432 2654 3637 2709 habuit
3671 2672 3684 2709 :
3717 2670 3811 2709 ve-

2168 2760 2299 2801 rum
2333 2745 2564 2815 utrique
2598 2760 2849 2815 nequam
2883 2748 2941 2799 et
2969 2742 3305 2814 improbum
3337 2759 3400 2798 se
3432 2741 3702 2814 praebuit,
3729 2741 3814 2797 illi

2167 2833 2447 2888 nimirum
2508 2832 2911 2900 defectionem,
2992 2831 3129 2887 huic
3201 2831 3579 2889 rebellionem
3611 2834 3815 2903 partu-

2166 2923 2343 2978 riens.

2238 3010 2408 3066 XXII.
2439 3010 2601 3074 Quod
2634 3015 2827 3065 autem
2874 3010 3203 3066 necessario
3254 3009 3401 3065 mihi
3446 3009 3610 3082 prius
3642 3026 3813 3081 expo-

2167 3101 2426 3155 nendum
2457 3098 3063 3170 est,splendidissimo
3094 3098 3326 3170 quidem
3353 3099 3506 3155 victu
3533 3098 3815 3167 cultuque

2169 3189 2229 3244 in
2261 3188 2636 3261 imperatoria
2664 3188 2919 3259 quadam
2953 3188 3125 3244 domo
3155 3188 3228 3243 ab
3244 3187 3677 3243 humanissimo
3704 3188 3815 3241 im-

2175 3280 2440 3349 peratore
2459 3275 2621 3347 digni
2645 3274 3108 3341 habebantur,ac
3128 3274 3286 3331 velut
3306 3274 3538 3348 generis
3559 3274 3822 3346 reliquiae

2177 3366 2248 3420 ad
2282 3363 2595 3436 imperium
2630 3364 3102 3419 servabantur.ld
3125 3367 3321 3419 autem
3339 3380 3407 3419 ea
3429 3367 3622 3420 mente
3645 3363 3820 3419 facie-

2175 3454 2295 3525 bat,
2328 3453 2585 3524 primum
2618 3456 2683 3506 ut
2713 3468 2775 3508 se
2804 3452 2875 3507 de
2906 3452 2979 3507 iis
3008 3452 3184 3508 rebus
3216 3469 3342 3524 quae
3374 3452 3435 3507 in
3464 3452 3695 3525 imperii
3728 3450 3820 3508 sui

2176 3541 2455 3614 auspiciis
2480 3540 2796 3613 designata;
2827 3541 3077 3609 fuerant,
3112 3545 3408 3613 purgaret,
3436 3544 3718 3613 tanquam
3750 3541 3821 3595 de

2176 3631 2365 3704 ipsius
2398 3630 2644 3685 consilio
2678 3646 2743 3685 ac
2772 3629 3072 3685 voluntate
3101 3630 3563 3702 haudquaquam
3616 3645 3820 3701 perpe-

2172 3721 2340 3776 tratis
2374 3736 2387 3786 ;
2421 3718 2631 3774 deinde
2661 3722 2726 3774 ut
2754 3734 2852 3774 eos
2902 3718 2972 3773 ad
3019 3718 3251 3791 imperii
3301 3720 3637 3774 societatem
3670 3717 3818 3773 asci-

2172 3809 2387 3865 scendo
2416 3807 2842 3880 magnitudinis
2864 3807 3050 3863 animi
3079 3812 3494 3879 argumentum
3515 3807 3816 3878 praeberet;

2171 3902 2489 3971 postremo,
2522 3900 2587 3951 ut
2615 3895 3009 3967 principatum
3043 3896 3138 3951 his
3186 3894 3564 3951 incrementis
3596 3894 3817 3949 firmio-

2169 4002 2291 4043 rem
2324 3986 2588 4041 redderet
2621 4002 2633 4041 :
2667 3985 2823 4056 quod
2856 3985 3095 4057 quidem
3126 3983 3385 4040 hominis
3414 3988 3542 4040 erat
3570 3982 3820 4055 benigne

2168 4074 2360 4147 magis
2388 4090 2568 4145 quam
2596 4074 2891 4145 sapienter
2920 4072 3255 4145 cogitantis.

2238 4163 2432 4220 XXIII.
2466 4167 2609 4219 Cum
2641 4167 2837 4219 autem
2868 4162 3029 4219 omni
3078 4161 3308 4232 negotio
3357 4164 3651 4232 vacarent,
3685 4164 3817 4216 tum

2165 4383 2337 4440 porro
2366 4365 2639 4440 Julianus
2669 4365 2730 4420 in
2770 4366 3158 4440 primis‘cura
3189 4365 3367 4440 Marci
3408 4364 3702 4440 Arethusi,
3748 4364 3820 4419 de

2207 4456 2281 4494 uo
2311 4438 2624 4510 Gregorius
2656 4444 2859 4510 postea
2886 4455 2945 4494 n.
2977 4437 3042 4510 9i
3071 4481 3085 4506 ,
3119 4437 3212 4494 cui
3262 4438 3642 4510 consentiunt
3692 4440 3822 4510 acta

2207 4456 2281 4494 uo
2311 4456 2624 4510 uregorius
2656 4456 2859 4509 postea
2886 4456 2945 4494 n.
2977 4456 3037 4493 υτ
3071 4481 3085 4506 ,
3119 4456 3212 4494 ςιιι
3262 4456 3642 4493 consentiunt
3692 4456 3822 4491 acta

2164 4456 2364 4591 gasilii
2405 4509 2729 4591 presbyteri
2757 4508 3070 4591 Ancyram,
3111 4526 3242 4591 qua?
3270 4508 3615 4591 .Bollandu‘s
3646 4508 3822 4591 refert

2162 4582 2223 4636 in
2255 4579 2424 4637 diem’
2442 4579 2633 4636 Martii
2662 4582 2752 4646 22,
2782 4579 3198 4653 ubi'S.martyr
3225 4579 3318 4636 his
3346 4580 3542 4637 verbis
3572 4583 3819 4653 Aposta-

397 4633 801 4734 ,ιιεοάίερίηίαέ
826 4674 855 4701 η
887 4633 1623 4734 signa,appensa“...
1653 4633 2055 4734 nituit-asia;
2088 4633 2132 4698 ι)
2164 4633 2880 4734 ξῐιῷῖξοξερειξίμδζιέ
2901 4633 3817 4734 genere;intestata.

396 4739 535 4779 cum
567 4723 663 4778 hic
696 4729 916 4805 agatur
945 4725 1017 4779 de
1046 4722 1289 4796 ﬂagitiis
1317 4721 1447 4792 viri,
1478 4721 1578 4793 qui
1610 4720 1759 4776 nihil
1805 4721 2051 4794 dignum

394 4794 574 4849 lauds
605 4800 811 4849 gessnt.

421 4800 574 4849 aude
605 4800 811 4850 gessit.

469 4866 588 4935 (57)
607 4860 855 4926 Ἕκεῖνος
904 4860 956 4918 ἕν
991 4864 1085 4938 μὶν
1116 4862 1206 4918 καὶ
1236 4867 1474 4938 πρῶτον.
1526 4863 1615 4918 Sic
1665 4878 1877 4938 magno
1925 4880 2055 4921 con-

395 4953 581 4994 sensu
603 4938 831 4994 codices
865 4954 877 4993 :
914 4960 942 4987 ‹‹
978 4935 1532 5008 Ille,quod'quidem
1566 4951 1750 4991 unum
1773 4935 2057 5008 primum~

399 5013 653 5091 quewest,
685 5026 719 5064 a
750 5025 964 5082 magno
994 5006 1335 5065 Constantio
1377 5011 1665 5064 servatus.
1700 5029 1729 5057 »
1763 5006 1938 5062 Savil.
1970 5006 2051 5062 le-

460 5086 484 5135 ι
514 5079 714 5133 ἄκεῖνο.

396 5097 484 5151 gn.
514 5099 714 5133 ακεινο.

399 5220 433 5225 __
472 5152 587 5225 (58)
612 5150 715 5225 Καὶ
776 5149 965 5225 σωθείς
1017 5170 1119 5225 γε..
1157 5150 1279 5215 Quo
1315 5155 1617 5225 _tempore_,
1656 5164 1847 5225 _annoA
1894 5148 2053 5225 vide-

396 5219 533 5277 licet
564 5224 690 5292 338,
722 5223 907 5278 cmdes
938 5219 1271 5294 principum
1304 5219 1799 5294 Constantiniana
1822 5220 2052 5294 familiae

397 5294 665 5367 contigit,
695 5292 1001 5367 Julianum
1034 5292 1160 5367 tum
1195 5293 1495 5366 septennia
1527 5295 1795 5367 servatus
1823 5297 1931 5357 est,
1962 5292 2052 5367 vel

394 5363 714 5435 annuente,
748 5364 833 5420 vel
892 5363 1304 5421 dissimulante
1332 5363 1719 5435 Constantio._
1754 5366 1869 5417 Nec
1899 5364 2053 5420 enim

387 5437 635 5507 jubente
664 5431 730 5493 eo
761 5440 1054 5493 servatum
1085 5436 1409 5507 Julianum,
1452 5437 1643 5507 dicere
1675 5431 1879 5507 sinunt
1909 5435 2050 5490 scri-

436 5512 612 5576 tores,
644 5508 743 5581 qui
776 5509 993 5564 cedem
1054 5504 1479 5580 principum—in
1525 5504 1931 5581 Constantium
1964 5523 2054 5581 re:

436 5524 612 5576 tores,
644 5526 743 5581 qui
776 5524 993 5564 omnem
1054 5525 1384 5580 principum
1420 5525 1479 5563 1n
1525 5524 1931 5562 uonstsnuum
1964 5524 2054 5561 re-

387 5524 604 5660 ﬁciunt
637 5598 650 5648 ;
684 5597 799 5636 non
830 5581 1011 5660 modo
1034 5580 1321 5649 Zozimus,
1362 5583 1420 5660 et
1470 5576 1742 5660 Julianus
1805 5576 1931 5660 ipse
1965 5578 2056 5660 4d

396 5651 769 5724 Athenienses,
802 5669 855 5724 p.
908 5653 1030 5706 497.
1079 5670 1280 5708 verum
1310 5648 1506 5706 etiam
1562 5648 1917 5724 Athanasius
1973 5649 2053 5705 Ad

395 5722 705 5792 monachos,
739 5718 1128 5796 Hieronymus
1169 5724 1231 5779 in
1284 5724 1569 5792 Chronico,
1618 5724 1726 5778 etc.
1775 5718 2050 5777 Servatus

2165 4728 2334 4780 vatus
2368 4723 2553 4779 fuisti.
2606 4746 2634 4773 ››
2668 4724 2887 4779 Deinde
2932 4724 3310 4779 Frumentino
3363 4723 3563 4779 comiti
3610 4727 3819 4777 Scuta-

2166 4796 2484 4863 riorum,de
2513 4794 2745 4851 Juliano
2779 4812 2792 4849 :
2829 4818 2857 4847 «
2890 4795 3013 4850 Non
3045 4802 3132 4851 est
3162 4794 3818 4865 recordatus,quomodo

2164 4867 2362 4939 (Deus)
2394 4866 2611 4922 eruerit
2644 4883 2777 4939 eum
2808 4884 2841 4922 a
2873 4871 3059 4922 morte
3107 4882 3209 4938 per
3239 4872 3475 4923 sanctos
3525 4881 3663 4939 suos
3711 4882 3818 4939 ea:

2164 4934 2822 5007 cerdotes,abscondens
2851 4954 2985 4994 eum
3017 4934 3127 4994 sub
3158 4942 3359 4994 sancto
3394 4943 3451 4994 et
3480 4934 3815 4993 admirabili

2165 5009 2424 5066 ecclesiae
2450 5008 2643 5065 altari.
2676 5032 2705 5060 ››

2380 5080 2493 5155 ῌρὸ
2521 5078 2751 5136 τούτων.
2783 5081 2938 5155 Κεὶς.Δ
2957 5080 3078 5155 bm,
3110 5079 3235 5155 περὶ
3264 5076 3495 5155 τούτων.

2257 5082 2326 5135 59
2380 5082 2493 5205 ﬁgo
2521 5082 2751 5136 τούτων.
2783 5082 2923 5153 Reg.
2957 5082 3078 5147 bm,
3110 5082 3235 5155 περὶ
3264 5082 3495 5134 τούτων.

2234 5082 2348 5224 ίθοί
2395 5152 2488 5225 ’κν
2541 5171 2649 5225 seu
2692 5194 2706 5208 -
2762 5194 2775 5208 ο
2828 5194 2841 5225 ς
2915 5148 3226 5225 βαειλικῆςο
3288 5145 3818 5225 Βθοδιθβασιλξκῆς

2163 5219 2396 5295 in'Re'g.
2432 5224 2550 5278 bm.
2582 5224 2796 5279 Vocem
2826 5219 2977 5278 hanc
3009 5222 3149 5295 legit
3178 5223 3422 5291 Socrat.,
3457 5219 3621 5295 Hist,
3653 5219 3817 5295 lib._v.

2163 5312 2212 5350 c.
2243 5296 2298 5363 2,
2329 5291 2609 5367 additque
2640 5317 2668 5345 ‹‹
2725 5296 2965 5350 domum
3016 5291 3178 5350 illam
3210 5295 3391 5367 fuisse
3422 5291 3709 5367 palatium
3750 5291 3818 5367 _in

2163 5365 2406 5492 giacello
2438 5363 2803 5438 ad'Argaeum
2835 5369 3092 5422 montem
3128 5366 3283 5422 haud
3318 5363 3523 5439 procul
3573 5366 3645 5421 ab
3676 5363 3821 5420 urbe

2205 5454 2439 5492 zesarea.
2476 5459 2503 5487 »

2205 5454 2439 5493 8831⁵88..
2476 5459 2503 5487 ﬂ

2235 5510 2346 5581 (61)
2376 5509 2547 5581 Ὅπερ
2578 5513 2644 5581 ῇν
2666 5550 2691 5581 _.
2725 5508 2819 5581 Sic
2850 5508 3016 5563 codd.
3052 5506 3250 5563 Mallet
3282 5512 3524 5564 Montac.
3559 5503 3814 5581 saepe.

2235 5511 2317 5575 (61
2376 5511 2547 5581 Ὅπερ
2578 5513 2644 5575 ἧν
2678 5550 2691 5562 .
2725 5511 2819 5563 Sic
2850 5511 3016 5563 codd.
3052 5511 3250 5563 Mallet
3282 5512 3524 5564 Montac.
3559 5511 3691 5581 ἅπερ
3724 5511 3814 5572 ἦν.

2234 5511 2346 5652 (62)
2376 5580 2545 5653 Ἦγον
2580 5578 2686 5633 ἀπὸ
2716 5578 3100 5653 πάντωνλβίσ.
3136 5600 3163 5628 ‹‹
3217 5583 3359 5636 Cum
3403 5581 3582 5636 vitam
3634 5577 3820 5653 priva-

2161 5656 2279 5706 tam
2304 5650 2513 5725 procul
2544 5653 2618 5725 ab
2644 5652 2803 5725 omni
2836 5650 3069 5724 publico
3112 5668 3356 5710 munere
3397 5650 3657 5725 agerent,
3687 5652 3814 5703 tum

2166 5722 2327 5794 quod
2353 5722 2667 5796 imperium
2688 5722 2941 5792 abesset,
2973 5744 3002 5774 ››
3046 5727 3155 5779 etc.
