4202 6212
479 313 597 372 555
1718 305 1780 362 s.
1832 298 2205 366 eaeeoan
2253 300 2651 368 'rneomel
3779 309 3894 377 εδδ

550 441 796 497 XXVIII.
830 439 949 493 Etsi.
982 437 1137 492 enim
1171 433 1264 488 ille
1295 437 1618 506 martyrum
1669 435 1822 491 Deus
1851 436 1954 491 90
2011 437 2126 491 im-

2313 438 2435 492 KH'.
2472 437 2534 491 Εἰ
2582 439 2680 513 γὰρ
2732 437 2819 492 καὶ
2866 439 2965 506 τήν
3023 433 3270 494 ἀσέϐειαν
3326 437 3425 496 οὐκ
3474 441 3701 518 ἐπέσχεν
3741 445 3769 498 ὁ
3801 450 3900 500 τῶν

484 532 756 603 pietatem
794 543 902 581 non
947 524 1249 595 repressit,
1282 540 1384 578 nec
1440 523 1651 596 scelus,
1685 526 1837 596 quod
1892 526 2136 581 medita-

479 622 651 674 batur
684 621 855 686 atque
907 614 1102 668 animo
1133 613 1454 683 premebat,
1487 613 1644 669 velut
1684 615 1907 670 malum
1955 615 2137 687 quod-

479 709 614 762 dam
646 704 992 776 proﬂuvium
1030 703 1226 757 statim
1263 703 1588 771 exsiccavit,
1615 707 1716 759 aut
1760 704 2035 769 inhibuit,
2067 704 2137 759 ob

479 812 578 852 eas
627 809 837 850 causas
886 809 1033 863 quas
1089 791 1211 862 ipse
1251 809 1352 863 pro
1407 793 1678 848 ineffabili
1731 811 1839 849 sua
1885 793 2141 866 potentia

481 881 970 957 gubernandique
990 881 1212 936 ratione
1231 881 1492 954 cognitas
1510 887 1566 938 et
1591 883 1919 954 exploratas
1941 883 2139 954 habet,

481 989 584 1046 per
611 970 1282 1044 quamfAmorrhzcorum
1303 987 1531 1043 quoque
1551 971 1916 1044 iniquitatem
1937 988 2141 1027 cumu-

482 1062 589 1117 lari
642 1067 818 1133 atque
872 1059 1087 1131 expleri
1137 1065 1290 1115 certo
1336 1059 1577 1115 consilio
1627 1059 2003 1131 permittebat
2053 1061 2138 1129 ‘9;

481 1156 680 1208 tamen
715 1154 778 1205 ut
808 1148 1103 1221 plerisque
1152 1147 1572 1216 consuleretur,
1605 1149 1948 1220 pravitatem
1984 1147 2140 1204 illam

484 1241 617 1296 odio
649 1243 707 1295 et
738 1237 1110 1294 detestationi
1144 1253 1272 1293 esse
1312 1236 1709 1306 conveniebat,
1741 1237 2143 1309 honoremque

482 1330 642 1386 hunc
671 1327 936 1399 rejici,ac
966 1326 1065 1381 Dei
1099 1341 1236 1397 erga
1264 1326 1458 1380 omnia
1489 1342 1615 1396 qum
1649 1326 1761 1397 ipsi
1795 1327 2143 1402 offeruntur,

483 1418 822 1490 aequitatem
853 1421 910 1471 et
937 1415 1249 1487 puritatem
1281 1414 1693 1469 demonstrari.

552 1506 738 1563 XXIX.
774 1510 918 1561 Nam
952 1505 1050 1576 qui
1100 1501 1301 1559 Israeli
1356 1503 1536 1575 impie
1587 1520 1648 1559 se
1700 1504 1923 1577 gerenti
1974 1505 2142 1572 dixit,

481 1600 546 1656 Si
577 1598 834 1654 obtuteris
878 1596 1177 1666 siliginem,
1228 1609 1432 1647 vanum
1456 1598 1532 1648 es!
1553 1610 1574 1656 ;
1605 1595 1986 1666 sufﬁmentum
2013 1596 2144 1651 αὔο-

483 1687 720 1743 minutio
766 1684 908 1740 mihi
937 1688 1014 1738 est
1045 1684 1090 1717 ²⁰
1124 1701 1136 1737 :
1171 1681 1387 1754 quippe
1432 1682 1610 1737 etiam
1653 1700 1852 1738 eorum
1905 1688 2144 1740 Neome-

2254 524 2540 600 μαρτύρων
2588 526 2736 595 Θεὸς,
2788 523 2913 581 οὐδὲ
2958 529 3056 597 τὴν
3113 527 3498 602 μελετωμένην
3547 531 3636 585 καὶ
3666 553 3897 604 κρυπτο-

2253 614 2418 684 μένην
2473 615 2658 668 κακίαν
2712 614 2890 688 ὥσπερ
2944 616 3114 692 ῥεῦμα
3160 621 3274 690 (89)
3326 622 3566 692 πονηρὸν
3611 621 3769 686 εὐθὺς
3810 625 3896 678 ἀν-

2251 702 2518 777 εξήρανεν,
2578 703 2611 772 ἢ
2673 704 2950 778 ἀνέκοψεν,
3002 706 3083 768 οἷς
3141 706 3299 768 αὐτὸς
3368 709 3632 778 ἠπίστατο
3693 709 3891 787 λόγοις,

2249 793 2384 846 κατὰ
2438 795 2534 861 τὴν
2596 792 2828 868 ἄῤῥητον
2880 794 3043 848 αὐτοῦ
3092 795 3279 872 σοφίαν
3324 817 3383 852 τε
3430 798 3519 852 καὶ
3552 795 3893 873 κυϐέρνησιν,

2249 883 2367 944 καθ’
2395 883 2460 950 ἢν
2490 883 2578 936 καὶ
2624 882 2718 943 τὰς
2764 883 3105 959 Ἀμορραίων
3154 885 3382 958 ἀνομίας
3433 885 3893 964 ἀναπληρωθῆναι

2251 969 2518 1042 ᾠκονόμει
2555 989 2566 1002 ⁸
2603 969 2729 1026 ἀλλ’
2760 966 2864 1025 ἔδει
2893 973 2992 1042 τήν
3023 993 3081 1027 τε
3127 973 3238 1046 (90)
3288 976 3613 1045 κακοήθειαν
3664 979 3895 1048 μισηθῆ-

2249 1078 2357 1127 ναι,
2406 1056 2494 1112 καὶ
2539 1060 2636 1128 τήν
2683 1059 2850 1132 τὶμήν
2898 1059 3212 1131 ἀπωσθῆναι
3242 1067 3347 1117 τῶν
3377 1061 3604 1120 πολλῶν
3641 1067 3756 1139 (91)
3787 1065 3895 1122 ἔνε-

2250 1167 2360 1216 κεν,
2393 1147 2483 1201 καὶ
2515 1145 2799 1223 δειχθῆναι
2827 1153 2925 1203 τοῦ
2957 1153 3089 1204 Θεοῦ
3118 1150 3216 1219 τήν
3249 1152 3372 1227 περὶ
3400 1152 3576 1208 πάντα
3620 1155 3688 1209 τὰ
3727 1175 3897 1230 προσ-

2253 1235 2523 1312 φερόμενα
2556 1235 2778 1308 ίσότητά
2803 1258 2862 1293 τε
2888 1238 2978 1294 καὶ
2999 1235 3366 1316 καθαρότητα.

2326 1504 2422 1559 ΚΘ¹
2451 1507 2508 1560 Ὀ
2563 1505 2662 1579 γάρ
2721 1503 2885 1559 εἰπὼν
2937 1501 3219 1560 ἀσεϐοῦντι
3284 1503 3364 1578 τῷ
3436 1505 3656 1581 Ἰσραήλ
3686 1526 3700 1541 °
3777 1510 3900 1564 Ἐὰν

2253 1590 2593 1669 προσφέρητε
2697 1596 2808 1666 (92)
2900 1591 3202 1666 σεμίδαλιν,
3309 1596 3555 1669 μάταιον
3656 1598 3903 1672 θυμίαμα

2257 1677 2539 1756 βδέλυγμά
2597 1681 2690 1754 μοί
2739 1681 2870 1736 ἐστι’
2926 1683 3022 1744 τάς
3079 1703 3136 1737 τε
3206 1684 3518 1758 Νουμηνίας
3578 1685 3750 1742 αὐτῶν
3811 1688 3902 1741 καὶ

485 1777 613 1833 nias
645 1781 702 1832 et
733 1774 987 1830 Sabbata
1017 1776 1074 1828 et
1102 1771 1254 1827 diem
1291 1787 1568 1843 magnum
1605 1773 1873 1843 repudiat
1907 1790 1920 1829 :
1955 1789 2136 1846 neque

2249 1770 2316 1824 τὰ
2374 1765 2645 1842 Σάϐϐατα,
2700 1770 2789 1825 καὶ
2848 1771 3057 1844 ἡμέραν
3104 1770 3345 1848 μεγάλην
3379 1773 3440 1828 οὗ
3497 1777 3900 1850 προσιέμενος·

2341 1856 2382 1874 εκ,
2464 1858 2477 1874 κ
2574 1856 2597 1874 α
2630 1864 2652 1874 -
2690 1861 2713 1874 η
2891 1857 2909 1874 η
2948 1861 2960 1874 ,
3145 1859 3170 1874 ..
3361 1858 3384 1874 ρ.
3455 1862 3467 1874 .
3595 1869 3620 1874 _
3713 1863 3726 1874 .
3769 1867 3787 1874 -

486 1865 640 1920 enim
685 1881 766 1933 se,
801 1879 933 1918 cum
967 1861 1177 1934 plenus
1224 1861 1319 1927 sit,
1354 1859 1470 1914 ulla
1497 1877 1555 1914 re
1589 1860 1848 1916 humana
1878 1867 1935 1916 et
1965 1879 2141 1933 parva
2175 1859 2198 1874 ³⁷

487 1971 634 2032 opus
664 1954 896 2020 habere,
931 1957 994 2006 ut
1046 1951 1282 2020 indigne
1313 1949 1486 2004 etiam
1539 1949 1752 2005 oblatis
1796 1951 2140 2007 muneribus

487 2044 805 2099 delectetur
838 2059 850 2097 :
885 2045 941 2096 et
969 2039 1154 2110 iniqui
1186 2037 1441 2094 hominis
1472 2038 1850 2107 sacriﬁcium,
1871 2040 2142 2111 quamvis

484 2133 658 2189 etiam
691 2131 940 2187 vitulum
976 2133 1208 2196 mactet,
1243 2127 1413 2198 quasi
1465 2143 1667 2182 canem
1710 2133 2046 2184 exsecratur
2075 2131 2141 2198 ²¹,

482 2227 540 2278 et
586 2221 726 2277 thus
758 2219 926 2292 quasi
958 2217 1410 2288 blasphemiam,
1444 2233 1509 2270 ac
1562 2218 1889 2274 meretricis
1921 2235 2138 2274 merce-

483 2313 612 2368 dem
649 2328 681 2366 a
727 2308 946 2380 templo
979 2307 1329 2362 exterminat
1360 2310 1529 2376 atque
1562 2306 1799 2376 excutit,
1835 2325 2139 2381 unumque

479 2403 624 2460 illud
657 2396 1089 2457 sacriﬁciumin
1124 2395 1305 2467 pretio
1323 2395 1687 2466 habet,quod
1712 2414 1871 2466 purae
1907 2415 2115 2454 manus

480 2500 537 2552 et
569 2509 734 2549 mens
767 2487 992 2544 excelsa
1023 2490 1080 2540 et
1109 2486 1179 2539 ab
1212 2484 1369 2540 omni
1399 2484 1667 2538 vitiorum
1724 2484 1854 2540 labe
1887 2465 2139 2568 expiata:

486 2582 803 2656 purissimo
835 2575 1060 2632 numini
1085 2574 1335 2628 otl‘erunt
1359 2572 1525 2642 ;quid
1560 2573 1862 2640 mirum,si
1891 2576 2039 2630 idem
2067 2594 2140 2632 ne

485 2675 764 2728 honorem
801 2666 1036 2739 quidem
1069 2675 1410 2731 eum,quem
1444 2661 1552 2715 iste
1577 2660 1851 2716 scelerate
1882 2680 1947 2718 ac
1966 2665 2142 2738 scele_

482 2766 610 2818 rata
640 2761 834 2814 mente
881 2753 1180 2817 offerebat,
1225 2748 1520 2820 suscepit;
1554 2748 1670 2815 ille,
1726 2749 1992 2822 inquam,
2037 2770 2140 2825 qui

483 2867 599 2906 non
632 2848 893 2902 humano
926 2856 1086 2897 more
1113 2838 1418 2909 conspicit,
1440 2855 1545 2892 nec
1565 2839 1815 2908 speciem
1840 2846 2138 2898 externam

483 2941 736 3011 spectat,
767 2949 966 2990 verum
1002 2929 1295 2986 occultum
1327 2926 1624 2982 hominem
1659 2927 1723 2998 9’,
1758 2933 1932 2999 atque
1962 2931 2139 2987 inter-

484 3045 621 3086 nam
653 3025 776 3081 vitii
807 3022 894 3078 vel
916 3019 1150 3076 virtutis
1182 3017 1474 3072 ofﬁcinam
1506 3016 2001 3089 intuetur?Atque
2033 3020 2140 3076 hoc

481 3116 716 3188 quidem
764 3111 878 3167 tale
934 3113 1039 3165 est.
1074 3106 1233 3173 Quod
1286 3105 1334 3159 si
1385 3104 1517 3175 quis
1567 3103 1710 3158 mihi
1760 3105 1954 3162 minus
2004 3094 2138 3164 fidei

2255 1856 2520 1934 μηδὲγὰρ
2571 1856 2796 1928 δεῖσθαι,
2846 1857 3098 1935 πλήρηςρ
3133 1859 3228 1933 ὥν,
3274 1858 3509 1934 μηδενὸς
3556 1869 3662 1918 τῶν
3703 1863 3907 1940 ἀνθρω-

2251 1948 2418 2003 πίνων
2477 1968 2536 2002 τε
2591 1947 2679 2002 καί
2743 1952 2970 2024 μικρῶν,
3024 1946 3113 2003 τίνα
3166 1950 3334 2026 χαίρῃ
3384 1950 3476 2006 καὶ
3531 1958 3649 2015 τοῖς
3683 1954 3908 2024 ἀναξίως

2249 2038 2749 2115 προσφερομένοιςο
2799 2039 2897 2108 τήν
2945 2058 3003 2092 τε
3048 2043 3143 2093 τοῦ
3201 2038 3405 2112 ἀνόμου
3465 2041 3674 2113 θυσίαν,
3709 2042 3831 2109 Δκᾶν

2255 2126 2486 2202 μόσχος,
2568 2126 2641 2188 ὡς
2712 2127 2870 2188 κυνὸς
2935 2129 3047 2201 (93)
3125 2125 3576 2203 βδελυττόμενος,
3657 2131 3747 2185 καὶ
3835 2133 3912 2194 ὡς

2256 2213 2606 2293 βλασφημίαν
2655 2216 2745 2270 τὸν
2809 2210 3053 2284 λίϐανον,
3097 2217 3188 2271 καὶ
3238 2214 3499 2294 ἄλλαγμα
3553 2220 3763 2294 πόρνης
3828 2219 3906 2293 ἐξ·

2251 2305 2447 2381 ορίζων
2477 2310 2572 2360 τοῦ
2603 2305 2751 2381 ἱεροῦ
2797 2304 2886 2359 καὶ
2935 2301 3346 2380 ἀποσειόμενος,
3399 2307 3568 2380 μόνην
3623 2305 3680 2363 δὲ
3721 2310 3904 2372 θυσίαν

2247 2398 2447 2467 τιμῶν,
2507 2393 2572 2462 ἦν
2637 2393 2863 2464 καθαραὶ
2936 2398 3016 2464 τῷ
3087 2395 3453 2470 καθαρωτάτῳ
3535 2396 3903 2473 προσφέρουσι

2251 2489 2453 2558 χεῖρες,
2501 2479 2589 2536 καί
2636 2486 2764 2544 νοῦς
2813 2479 3022 2555 ὑψηλός
3072 2503 3130 2537 τε
3157 2483 3600 2560 καλὴγνισμένος
3640 2503 3654 2521 ·
3692 2487 3743 2541 τί
3775 2499 3901 2550 θαυ-

2252 2573 2471 2644 μαστὸν,
2518 2571 2562 2626 εἷ
2609 2568 2749 2644 μηδέ
2790 2572 2887 2640 τήν
2937 2570 3140 2627 ἐκείνου
3185 2575 3352 2646 τιμὴν
3399 2572 3752 2650 προσεδέξατο
3790 2597 3894 2632 πο-

2246 2664 2430 2736 νηρῶς
2483 2682 2542 2716 τε
2595 2659 2684 2714 καὶ
2739 2661 2870 2733 μετὰ
2911 2668 3152 2737 πονηρᾶς
3198 2669 3297 2732 τῆς
3349 2659 3588 2727 διανοίας
3614 2685 3894 2740 προσαγο-

2252 2751 2438 2823 μένην,
2485 2751 2512 2804 ὁ
2563 2751 2638 2822 μή
2683 2751 2924 2824 καθορῶν
2956 2750 3031 2812 ὡς
3063 2749 3339 2826 ἅνθρωπος
3369 2754 3503 2824 (94),
3559 2749 3698 2826 μηδὲ
3728 2751 3807 2815 εἷς
3831 2755 3894 2809 τὸ

2249 2839 2570 2916 φαινόμενον
2607 2837 2845 2911 βλέπων,
2877 2836 3003 2893 ἀλλ’
3048 2838 3122 2901 εἰς
3170 2839 3261 2894 τὸν
3309 2841 3545 2912 κρυπτὸν
3585 2843 3894 2916 ἄνθρωπον,

2247 2927 2337 2981 καὶ
2389 2927 2464 2988 είς
2515 2927 2575 2980 τὸ
2625 2921 2772 2980 ἔνδον
2821 2933 2919 2995 τῆς
2967 2927 3153 2988 κακίας
3201 2927 3367 2997 ἥτῆς
3398 2928 3896 3005 ἀρετῆςέργαστή·

2249 3037 2363 3090 ριον
2391 3035 2403 3084 ;
2436 3019 2604 3070 Τοῦτο
2641 3015 2731 3088 μὲν
2766 3012 2831 3085 δὴ
2863 3019 3081 3070 τοιοῦτο
3107 3034 3120 3048 °
3164 3016 3253 3070 καὶ
3303 3014 3356 3070 εἷ’
3395 3038 3474 3079 τις
3506 3017 3739 3091 ἀπιστεῖ,
3770 3019 3898 3079 τοὺς

2246 3105 2595 3177 τεθεαμένους
2629 3102 2822 3165 αὐτοὺς
2851 3101 3327 3177 έπιμαρτυρόμεθα
3352 3124 3365 3136 ·
3397 3105 3602 3161 πολλοὶ
3635 3103 3692 3160 δέ
3739 3106 3895 3179 εἶσιν,

478 3174 815 3260 habendum
866 3200 1052 3271 putat,
1085 3211 1182 3250 eos
1229 3174 1414 3264 ipsos,
1443 3193 1540 3264 qui
1592 3195 1921 3264 spectaculo
1953 3197 2130 3254 inter-

2249 3192 2295 3246 οἳ
2323 3193 2412 3247 καὶ
2464 3195 2598 3265 ἡμῖν
2631 3192 2720 3247 καὶ
2747 3197 2863 3253 τοῖς
2912 3187 3096 3247 ἔπειτα
3123 3193 3185 3248 τὸ
3221 3194 3400 3267 θαῦμα
3423 3197 3584 3250 τοῦτο
3615 3195 3896 3271 παρέπεμ-

480 3295 658 3359 fuere,
689 3294 868 3345 testes
900 3286 1218 3358 producam
1253 3299 1265 3338 :
1301 3299 1435 3336 nam
1462 3281 1676 3337 multos
1706 3282 1911 3351 habeo,
1945 3287 2044 3357 qui
2077 3291 2134 3342 et

482 3381 550 3438 ad
584 3396 690 3435 nos
707 3378 816 3432 hoc
834 3373 1181 3431 miraculum
1202 3370 1676 3440 transmiserunt,
1697 3377 1753 3428 et
1769 3374 1838 3428 ad
1864 3380 2131 3445 posteros

481 3465 903 3527 transmittent.

553 3556 713 3613 XXX.
749 3557 1132 3624 Posteaquam
1166 3553 1359 3606 autem
1392 3549 1462 3605 ad
1494 3548 1713 3605 virilem
1748 3555 1976 3608 aetatem
2002 3554 2127 3624 jam

483 3643 800 3722 progressi,
833 3639 1215 3716 philosophiae
1268 3638 1478 3710 placita
1525 3639 1912 3709 degustarunt
1955 3645 2127 3713 (quod

485 3735 711 3793 utinam
732 3746 1033 3802 nunquam
1054 3727 1328 3783 fecissent
1353 3723 1390 3798 Ι)
1406 3726 1752 3798 dicendique
1773 3727 2129 3798 facultatem,

486 3841 614 3897 qua:
644 3827 709 3878 ut
739 3820 936 3894 probis
958 3823 1014 3874 et
1034 3815 1294 3872 honestis
1322 3815 1552 3870 virtutis
1583 3814 2038 3872 instrumentum
2065 3835 2130 3874 ac

486 3911 818 3970 subsidium
851 3913 956 3977 est,
987 3907 1070 3963 ita
1116 3905 1398 3976 improbis
1429 3908 1486 3958 et
1533 3903 1838 3975 ﬂagitiosis
1864 3905 1990 3960 vitii
2021 3907 2129 3961 sti-

485 4002 684 4060 mulus
715 3997 1244 4067 efﬁcitur,insuper
1263 3993 2128 4066 assumpserunt,minimejam

483 4093 642 4148 omni
672 4107 740 4146 ex
770 4092 935 4161 parte
965 4086 1233 4141 morbum
1265 4084 1460 4138 animo
1491 4082 1754 4137 clausum
1789 4087 2005 4149 tenere,
2026 4101 2131 4141 nec

482 4179 802 4253 impietatis
833 4177 1096 4232 fraudem
1129 4189 1370 4245 prorsus
1389 4189 1585 4227 secum
1619 4172 1742 4244 ipse
1760 4171 1919 4227 solus
1953 4175 2130 4228 medi-

479 4269 589 4326 tari
621 4271 865 4340 poterat.
901 4264 1047 4329 Quin
1073 4263 1285 4334 potius,
1317 4260 1809 4332 quemadmodum
1842 4261 2035 4332 ignem
2069 4264 2126 4317 in
2167 4311 2178 4332 ,

480 4358 726 4415 materia
771 4356 1073 4418 latentem,
1107 4350 1334 4407 etiamsi
1386 4349 1647 4405 nondum
1680 4349 1739 4403 in
1769 4348 2126 4406 luculentam

481 4449 780 4503 ﬂammam
804 4442 1120 4512 attollatur,
1137 4439 1454 4495 emicantes
1481 4443 1673 4492 tamen
1694 4438 1960 4493 scintillae
1984 4457 2130 4511 qure-

2242 3283 2343 3356 ψάν
2375 3303 2432 3337 τε
2461 3283 2547 3336 καὶ
2581 3281 3055 3358 παραπέμψουσιν.

2311 3550 2389 3606 Λ’.
2417 3547 2566 3603 Ἐπεὶ
2608 3544 2664 3601 δὲ
2713 3546 2788 3609 είς
2839 3544 3032 3623 ἄνδρας
3076 3544 3354 3622 προϊόντες
3401 3546 3511 3620 ἤδη
3561 3554 3668 3604 τῶν
3717 3549 3769 3606 έν
3801 3573 3892 3629 φι-

2240 3636 2474 3715 λοσοφίᾳ
2504 3633 2791 3710 δογμάτων
2838 3636 3041 3709 ἥψαντο
3089 3636 3186 3709 (ὡς
3237 3639 3447 3709 μήποτε
3488 3635 3701 3715 ὤφελον
3730 3640 3766 3708 l)
3799 3639 3893 3694 καὶ

2237 3728 2334 3796 τήν
2371 3726 2430 3781 ἐκ
2454 3729 2550 3780 τοῦ
2593 3724 2762 3800 λόγου
2805 3721 3253 3800 προσελάμϐανον
3304 3723 3546 3798 δύναμιν,
3647 3732 3762 3789 τοῖς
3793 3729 3890 3800 μὲν

2242 3815 2525 3871 ἐπιεικέσιν
2555 3814 2751 3890 ἀρετῆς
2799 3811 2992 3883 ὃπλον,
3029 3819 3146 3876 τοῖς
3197 3812 3253 3869 δὶ
3305 3817 3742 3891 μοχθηροτέρως
3774 3818 3896 3872 κέν-

2239 3925 2364 3980 τρον
2392 3902 2579 3965 κακίας
2633 3902 2862 3977 γίνεται,
2912 3901 3089 3957 οὐκέτι
3133 3903 3380 3980 κατέχειν
3432 3901 3570 3974 ὅλην
3601 3906 3700 3974 τὴν
3732 3905 3889 3962 νόσον

2240 3993 2351 4055 οἶός
2379 4014 2438 4047 τε
2467 3994 2555 4063 ἦν,
2589 3989 2714 4046 οὐδὲ
2745 3989 3022 4052 παντελῶς
3047 3993 3136 4046 τὸν
3181 3999 3280 4061 τῆς
3331 3988 3574 4056 ἀσεϐείας
3617 3992 3781 4049 δόλον
3836 3996 3890 4050 ἐν

2240 4083 2411 4154 ἑαυτῷ
2464 4081 2614 4154 μόνῳ
2660 4079 2976 4159 φιλοσοφεῖν
3000 4099 3012 4113 ο
3050 4079 3175 4136 ἀλλ’
3205 4080 3384 4156 ὥσπερ
3425 4085 3531 4156 πῦρ
3565 4083 3890 4161 έμφωλεῦον

2241 4170 2365 4244 ὕλῃ.
2396 4171 2489 4225 κὶὶν
2545 4172 2712 4243 μήπω
2764 4171 2901 4244 πρὸς
2932 4168 3110 4246 φλόγα
3162 4169 3414 4247 λαμπρὰν
3464 4172 3622 4248 ἀρθῇ,
3658 4181 3896 4243 σπινθῆ-

2241 4257 2325 4335 ρές
2372 4279 2513 4320 τινες
2561 4258 2876 4328 ἐξάπτοντες
2928 4261 3042 4331 (95)
3090 4260 3123 4328 ἢ
3172 4259 3373 4321 καπνὸς
3423 4257 3482 4314 έκ
3515 4261 3714 4336 βάθους
3754 4261 3910 4317 ὑπο(

2238 4347 2617 4421 σημαίνουσιν·
2675 4345 2720 4401 εἰ
2775 4345 2962 4421 βούλει
3011 4345 3088 4418 δὲ,
3138 4352 3244 4402 τῶν
3303 4352 3498 4423 πηγῶν
3525 4347 3581 4403 α’ί
3612 4352 3891 4428 σήραγγάς

2238 4458 2385 4499 τινας
2437 4435 2831 4511 ὑποτρέχουσαι
2892 4435 3025 4508 μετά
3083 4435 3414 4510 πνεύματος.
3480 4437 3574 4493 εἶτ’
3645 4439 3894 4516 εὖρυχω·

478 4536 637 4603 dam,
670 4538 774 4590 aut
824 4533 1022 4587 fumus
1054 4545 1082 4584 e
1127 4528 1412 4598 profundo
1461 4527 1874 4595 subindicant;
1907 4535 2029 4596 aut,
2080 4530 2128 4585 si

2249 4527 2354 4581 :tav
2383 4525 2482 4581 οὐκ
2512 4524 2756 4600 ἔχουσαι,
2790 4522 2915 4579 οὐδὲ
2959 4521 3196 4598 διέξοδον
3254 4525 3556 4604 ἐλευθέραν,
3590 4526 3891 4604 πολλαχοῦ

478 4623 680 4693 mavis,
717 4619 1210 4695 quemadmodum
1265 4617 1451 4671 fontes
1481 4614 1588 4682 illi,
1621 4615 1717 4686 qui
1770 4632 1872 4688 per
1919 4634 2128 4688 specus

474 4716 566 4770 9|
604 4704 890 4786 quesdam
925 4725 1056 4764 cum
1082 4707 1221 4761 ﬂatu
1255 4705 1658 4768 volvuntur,ac
1691 4705 1897 4760 deinde
1928 4709 2128 4762 arctis-

473 4804 621 4860 sime
643 4799 987 4874 compressi,
1008 4815 1111 4852 nec
1138 4797 1384 4851 liberum
1410 4795 1626 4849 exitum
1662 4794 1963 4860 habentes,
1984 4796 2127 4850 mul-

469 4890 546 4946 tis
575 4895 739 4945 terra:
771 4888 912 4944 locis
961 4900 1230 4956 vaporem
1279 4883 1335 4936 in
1391 4880 1638 4935 sublime
1691 4881 1948 4950 mittunt,
1985 4883 2124 4936 taci-

544 5015 588 5049 ¹⁰
618 5013 756 5069 Gen.
794 5028 888 5080 xv,
916 5012 1003 5065 16.
1083 5009 1127 5043 ³ο
1158 5008 1268 5063 lsa.
1303 5007 1344 5076 l,
1376 5007 1461 5061 13.
1539 5006 1582 5040 ²¹
1617 5005 1781 5061 Deut.
1810 5023 1971 5074 xxui,
2007 5006 2094 5062 l8.

540 5149 652 5219 (89)
683 5146 899 5219 Ῥεῦμα.
924 5137 1631 5219 -Μοηίοο.λ1οεςὶῐρεϐματι.

541 5213 648 5288 (90)
676 5218 782 5286 Τήν
810 5213 1050 5288 nam.
1087 5213 1332 5288 in__0rat._
1367 5218 1495 5268 Das.
1527 5213 1735 5288 τήν-γε.

538 5282 649 5358 (91)
677 5282 790 5342 Τῶν
825 5284 1106 5341 πολλῶν.‹‹
1144 5286 1214 5340 Ut
1245 5284 1414 5356 vulgo
1447 5282 1845 5340 consuleretur
1872 5299 1936 5338 ac
1967 5282 2115 5338 mul-

2236 4622 2332 4685 τῆς
2375 4622 2479 4691 γῆς
2530 4615 2832 4692 ἀναφυσῶσι
2882 4612 2970 4667 καὶ
3016 4614 3293 4690 ὑπηχοῦσι
3338 4616 3599 4684 κάτωθεν,
3654 4617 3757 4672 ὑπὸ
3794 4621 3895 4691 μὲν

2235 4711 2333 4774 τῆς
2381 4707 2492 4778 (96)
2547 4707 2642 4758 τοῦ
2699 4704 3001 4775 πνεύματος
3056 4702 3450 4777 ἀνωθούμεναι,
3511 4705 3612 4759 ὑπό
3670 4703 3726 4760 δὲ
3784 4714 3889 4776 τῆς

2237 4792 2436 4847 ἄνωθεν
2500 4792 2618 4868 βίας
2674 4792 3034 4867 κατεχόμεναί
3106 4813 3162 4846 τε
3225 4793 3315 4847 καὶ
3395 4793 3832 4867 ἀνακοπτόμεναι
3870 4816 3883 4828 ·

2236 4882 2377 4937 οὕτω
2436 4881 2521 4936 καὶ
2597 4880 2754 4943 αὐτὸς
2828 4881 2890 4935 τὸ
2949 4881 3042 4955 μὶν
3112 4878 3256 4936 πολὺ
3306 4889 3408 4951 τῆς
3463 4878 3708 4945 ἀσεϐείας
3758 4905 3892 4939 κατ-

2172 5008 2217 5042 ²²
2248 5010 2267 5062 Ι
2301 5007 2451 5063 Petr.
2485 5024 2570 5072 Ill,
2605 5007 2656 5061 4,

2228 5140 2374 5196 nulli
2406 5140 2630 5195 addunt
2659 5137 2889 5197 mea.
2931 5161 2956 5193 α
2988 5141 3092 5207 Qui
3129 5157 3241 5196 non
3275 5141 3356 5197 ita
3400 5141 3574 5209 videt,
3611 5146 3675 5198 ut
3706 5143 3889 5199 homo

2227 5212 2559 5285 perviderit.
2597 5234 2623 5261 ››

2297 5286 2408 5356 (95)
2441 5283 2908 5357 ’Ega’zmovtecJta
2937 5282 3377 5357 quinqueRegii
3409 5285 3626 5357 aliique
3656 5285 3884 5357 plures.

2222 5353 2360 5426 Reg.
2392 5353 2491 5410 'bm
2511 5353 2584 5410 iet
2613 5355 2770 5411 Colb.
2806 5357 2843 5410 k
2873 5353 3454 5423 habent'éEatmo—wm.

2293 5425 2557 5509 (96)_Tf,;.
2593 5431 2725 5509 Non
2748 5427 3046 5509 inelegans
3079 5427 3172 5509 hie
3203 5427 3488 5509 articulus
3515 5427 3621 5509 qui
3654 5427 3727 5484 ad
3759 5425 3885 5509 βίας

2220 5498 2417 5553 referri
2452 5504 2679 5570 potest;
2713 5498 2868 5554 hunc
2913 5503 3111 5555 tamen
3141 5498 3200 5554 in
3235 5498 3396 5555 nullo
3426 5498 3627 5558 codice
3658 5498 3883 5576 reperi-

2219 5586 2372 5628 Πιυε.

465 5363 1047 5507 ὶιᾞξξῖὶῦρὲσὲέρῃτε,
1100 5429 1238 5507 ξὶοε,
1270 5444 1324 5493 a,
1374 5427 1431 5496 b,
1483 5421 1810 5500 προσφέρῃς,
1858 5425 2107 5481 Montac.

463 5497 802 5580 πρὸσςξζέρεὶς.
833 5497 1045 5580 ΙολΙυειᾷ
1065 5497 1282 5580 φέρητε.

531 5557 971 5650 (93)(Ωςνκυνός.
1009 5557 1163 5650 Rég',
1183 5557 1226 5640 l,
1257 5567 1541 5650 et_Comb.
1575 5564 1648 5650 ti);
1679 5563 1832 5650 κνόνα.

531 5637 641 5734 (94)
672 5647 759 5711 Ὠς
791 5637 1265 5720 ἄνθρωποςῐιιθε.
1320 5642 1438 5713 bm,
1470 5639 1669 5695 Comb.
1705 5637 1919 5714 aliique
1961 5656 2104 5697 non-
