4202 6212
410 400 526 488 sei

1404 430 1700 492 ORATIO
1744 431 1849 491 IV.
1883 464 1960 474 -—
1991 430 2303 490 CONTRA
2349 425 2750 490 Jl’LlANUM
2793 426 2842 486 Ῑ.

3713 425 3832 487 562

407 558 498 612 καὶ
555 563 656 628 τῆς
702 556 813 613 ἐκεῖ
863 555 1024 631 δόξης
1081 557 1600 634 κληρονομήσαντα,
1667 561 1756 617 καὶ
1805 565 2021 617 τοσοῦτι

2138 621 2143 630 ,
2175 577 2352 633 quam
2387 565 2452 615 ut
2484 577 2516 614 a
2548 576 2639 615 me
2676 557 3021 627 reprehendi
3072 557 3304 622 debeas,
3338 561 3537 627 utpote
3565 558 3665 627 qui
3716 563 3829 613 Deo

412 649 903 722 μεταχωρήσαντα,
984 646 1107 703 ὅσον
1189 647 1503 722 μεταθέσθαι
1577 651 1678 719 τὴν
1760 649 2059 727 βασιλείαν)

403 735 527 790 τίνα
561 735 762 807 ταύτην
815 731 1122 792 ἐϐουλεύσω
1177 736 1404 810 βουλὴν,
1456 741 1670 794 πάντων
1713 740 1913 795 συνέσει
1973 739 2060 794 καί

405 824 665 900 ἀγχιεοίᾳ
710 827 845 880 κατά
892 824 1037 880 πολὺ
1082 824 1369 904 διαφέρων,
1421 827 1482 882 ού
1529 833 1635 883 τῶν
1679 827 1765 883 ἐπὶ
1819 834 1914 884 σοῦ
1947 832 2060 901 (22)

407 913 679 989 βασιλέων
717 914 904 987 μόνον,
939 913 1084 969 ἀλλὰ
1127 916 1216 970 καὶ
1263 921 1370 970 τῶν
1401 914 1698 992 ἔμπροσθεν
1728 937 1740 985 ;
1775 920 1802 972 ὁ
1831 917 1893 972 τὸ
1929 919 2056 993 βαρ-

404 1003 626 1077 βαρικὸν
678 1002 1048 1079 ἀνακαθαίρων
1095 1003 1301 1076 κύκλῳ,
1350 1004 1438 1059 καί
1486 1005 1611 1067 τοὺς
1673 1004 1812 1060 οἷ’κοι
1862 1007 2055 1079 τυράν-

395 1113 524 1153 νους
573 1092 954 1168 χειρούμενος,
999 1092 1126 1154 τοὺς
1175 1093 1270 1165 μὶν
1315 1099 1432 1156 τοῖς
1465 1092 1670 1170 λόγοις,
1697 1095 1824 1156 τοὺς
1855 1093 1910 1150 δὲ
1938 1101 2056 1157 τοῖς

398 1178 619 1252 ὅπλοις,
677 1181 765 1236 καὶ
812 1181 1020 1236 τούτων
1068 1180 1316 1257 ἑκάτερον
1360 1183 1436 1243 ὡς
1472 1181 1639 1256 μηδὲν
1675 1185 1776 1238 ὑπὸ
1809 1189 1903 1239 τοῦ
1939 1184 2051 1238 ἑτέ-

405 1289 504 1343 ρου
565 1268 966 1344 διοχλούμενος
993 1289 1006 1302 ·
1059 1269 1121 1325 οὗ
1169 1270 1382 1346 μεγάλα
1433 1273 1525 1346 μὲν
1570 1273 1804 1348 τρόπαια
1841 1274 1907 1327 τὰ
1941 1276 2054 1345 μεθ’

401 1357 594 1414 ὅπλων
653 1358 742 1412 καὶ
805 1363 1010 1434 μάχης,
1064 1359 1232 1431 μείζω
1283 1357 1339 1414 δὲ
1387 1362 1476 1415 καὶ
1523 1362 1943 1438 περιφανέστερα
1987 1363 2054 1416 τὰ

396 1445 720 1518 ἆναίμακτα·
778 1448 913 1522 πρὸς
971 1447 1028 1501 ὅν
1105 1447 1194 1501 καὶ
1266 1449 1319 1502 αἱ
1376 1449 1712 1524 πανταχόθεν
1772 1443 2051 1524 πρεσϐεῖαι

349 1555 356 1560 ‘
393 1535 486 1591 καί
514 1536 710 1591 ἱκεσίαι
734 1555 746 1569 ·
782 1537 827 1608 ᾦ
855 1536 923 1592 τὰ
957 1535 1050 1608 μὶν
1210 1537 1472 1608 ὑπήκουε,
1501 1538 1566 1592 τὰ
1598 1536 1655 1592 δὲ
1683 1536 1887 1610 ἓμελλε
1912 1542 2045 1611 (24)’

402 1631 508 1678 πᾶν
541 1622 600 1680 δὶ
655 1627 721 1694 ἦν
777 1625 841 1680 τὸ
899 1624 1147 1680 ἐλπισθὲν
1191 1623 1310 1680 ’ίσον
1359 1631 1438 1698 τῷ
1468 1626 1805 1702 χειρωθέντι’
1840 1627 1868 1681 ὁ
1899 1628 2047 1702 χειρὶ

386 1718 524 1768 Θεοῦ
571 1714 706 1790 πρὸς
750 1719 922 1768 πᾶσαν
975 1716 1065 1768 καὶ
1118 1714 1325 1790 βουλὴν
1375 1715 1464 1770 καὶ
1496 1717 1685 1792 πρᾶξιν
1731 1714 2043 1790 ὁδηγούμε-

381 1822 472 1862 νος
506 1822 520 1835 ·
569 1800 631 1858 οῦ
675 1800 887 1875 μᾶλλον
927 1803 1019 1876 μὶν
1051 1810 1152 1872 τῆς
1184 1804 1373 1880 χειρὸς
1404 1807 1438 1874 ἡ
1472 1804 1703 1876 σύνεσις,
1741 1803 1952 1878 μᾶλλον
1983 1802 2040 1859 δὲ

376 1898 482 1960 τῆς
543 1893 806 1954 συνέσεως
863 1894 898 1960 ἡ
961 1891 1086 1967 χεὶρ
1137 1893 1506 1964 έθαυμάζετο⁶
1559 1891 1728 1948 πλέον
1762 1891 1819 1948 δὲ
1845 1900 1945 1962 τῆς
1980 1893 2031 1948 ἐν

379 1979 712 2056 ἀμφοτέροις
745 1977 1152 2054 εύδοκιμήσεως
1184 1983 1218 2050 ἡ
1253 1977 1512 2038 εὐσέϐεια.

2064 1943 2112 2007 Β

2175 651 2488 720 adjunctus
2519 648 2620 716 sis,
2657 647 3025 718 cmlestisque
3056 645 3251 717 glorim
3304 646 3691 701 haereditatem
3734 664 3828 703 ac-

2172 739 2416 810 ceperis,
2437 744 2610 808 atque
2642 737 2698 791 in
2733 739 2962 790 tantum
2983 752 3016 788 a
3049 736 3215 789 nobis
3248 734 3620 806 migraris,ut
3649 735 3829 808 impe-

2171 827 2324 882 rium
2357 843 2491 881 cum
2526 825 2764 879 meliore
2784 822 3540 892 commutares).0uodnam
3573 824 3678 880 hoc
3695 841 3828 880 con-

2169 917 2366 971 silium
2400 915 2731 984 suscepisti,
2765 912 2862 984 qui
2908 929 3130 980 omnes,
3168 929 3282 966 non
3313 919 3422 965 tua:
3475 912 3690 979 solum,
3724 915 3823 969 sed

2167 1004 2343 1057 etiam
2377 1001 2694 1072 superioris
2745 1000 3037 1053 memorias
3089 998 3471 1069 imperatores
3512 999 3692 1053 animi
3726 1017 3823 1054 so-

2165 1092 2334 1146 lertia
2362 1096 2418 1145 et
2447 1089 2715 1145 acumine
2746 1088 2912 1154 longe
2945 1087 3334 1142 antecellebas
3355 1088 3381 1141 ?
3415 1089 3513 1157 qui
3545 1089 3823 1144 barbaras

2166 1181 2431 1235 nationes
2465 1197 2564 1250 per
2595 1194 2800 1248 gyrum
2839 1177 3213 1248 repurgabas,
3246 1183 3640 1248 tyrannosque
3673 1179 3820 1233 inte-

2164 1273 2352 1326 stinos
2383 1270 2586 1326 ditioni
2619 1275 2752 1332 tuas,
2788 1269 3000 1340 partim
3050 1267 3441 1335 sermonibus,
3480 1269 3692 1338 partim
3727 1287 3816 1324 ar-

2165 1363 2278 1416 mis
2310 1361 2686 1432 subjiciebas,
2711 1365 2767 1414 et
2797 1359 3034 1430 quidem
3069 1364 3387 1429 utrumque
3418 1359 3498 1412 ita
3529 1360 3727 1414 dextre
3757 1367 3814 1415 et

2161 1453 2413 1523 egregie,
2450 1452 2617 1522 quasi
2650 1451 2720 1506 ab
2751 1450 2930 1506 altero
2963 1449 3107 1503 nihil
3141 1447 3416 1504 molestias
3449 1449 3552 1504 tibi
3585 1449 3816 1505 exhibe-

2158 1549 2321 1598 retur
2354 1561 2366 1598 :
2403 1543 2573 1613 cujus
2605 1559 2739 1596 cum
2773 1557 2987 1612 magna
3016 1544 3072 1595 et
3101 1539 3314 1595 eximia
3344 1540 3602 1610 tr0phzea
3630 1541 3811 1595 armis

2157 1637 2214 1688 et
2245 1633 2441 1704 prelio
2489 1633 2753 1703 quaesita,
2785 1637 2911 1686 tum
2965 1631 3189 1700 majora
3219 1634 3277 1684 et
3325 1629 3645 1684 illustriora
3683 1630 3812 1684 sine

2155 1719 2275 1774 ulla
2305 1721 2529 1792 cruoris
2561 1719 2896 1790 profusione
2927 1725 3092 1788 parta
3121 1735 3132 1786 ;
3167 1718 3239 1772 ad
3273 1733 3447 1788 quem
3488 1716 3810 1788 legationes

2151 1815 2208 1863 et
2240 1807 2699 1881 supplicationes
2721 1808 3130 1878 undecumque
3160 1806 3536 1860 conﬂuebant
3559 1823 3572 1862 ε
3595 1805 3686 1860 cui
3711 1823 3810 1859 na-

2149 1898 2339 1952 tiones
2372 1897 2582 1969 partim
2627 1897 2751 1965 jam
2780 1895 3048 1962 subditas,
3084 1895 3296 1966 partim
3339 1896 3584 1964 jamjam
3620 1894 3804 1963 subji-

2143 1986 2360 2041 ciendaa
2409 1992 2613 2052 erant;
2648 1991 2709 2040 ut
2740 1986 2794 2040 in
2829 1985 3030 2039 eadem
3081 2000 3259 2039 causa
3288 1989 3487 2038 essent
3525 1998 3730 2038 omnes
3763 1983 3800 2037 ii

377 2087 630 2142 quorum
664 2072 1014 2144 expugnatio
1046 2073 1104 2126 in
1137 2089 1238 2144 spe
1268 2074 1457 2144 posita
1488 2080 1632 2141 erat,
1675 2089 1741 2128 ac
1771 2073 1821 2128 si
1843 2075 1970 2143 jam
2023 2075 2231 2129 domiti
2273 2081 2448 2146 atque
2497 2076 2555 2130 in
2606 2079 2951 2146 potestatem
2999 2073 3213 2128 redacti
3262 2079 3459 2128 essent
3492 2090 3504 2128 :
3539 2072 3638 2144 qui
3693 2073 3795 2130 Dei

377 2177 556 2214 manu
590 2160 662 2214 ad
694 2160 893 2216 omnia
921 2160 1168 2216 consilia
1197 2177 1406 2234 resque
1437 2179 1640 2216 omnes
1671 2164 1952 2233 gerendas
1985 2163 2243 2218 utebaris
2276 2181 2288 2218 :
2325 2165 2494 2232 cujus
2521 2165 2772 2234 denique
2801 2167 2857 2216 et
2892 2161 3200 2232 prudentia
3232 2163 3511 2231 majorem
3559 2161 3650 2215 sui
3683 2163 3786 2216 ad—

373 2249 747 2304 mirationem
781 2250 1068 2314 movebat,
1098 2266 1272 2321 quam
1307 2267 1588 2306 manuum
1619 2251 1808 2319 vires;
1842 2257 1899 2306 et
1929 2269 2136 2308 rursus
2166 2253 2317 2308 vires
2351 2253 2559 2322 majori
2591 2251 2963 2306 admirationi
2993 2256 3174 2320 erant,
3209 2267 3385 2320 quam
3419 2250 3732 2321 prudentia
3765 2267 3778 2304 :

372 2341 550 2408 atque
579 2346 825 2410 utroque
857 2337 1188 2410 praeclarior
1213 2339 1611 2412 illustriorque
1641 2345 1764 2396 erat
1791 2341 2022 2412 pietatis
2052 2339 2258 2413 gloria.

444 2443 565 2498 AE'.
598 2447 720 2504 Πῶς
779 2443 869 2496 οὗν
929 2441 1147 2498 ἐνταῦθα
1207 2443 1369 2516 μόνον
1422 2445 1636 2517 ἀμαθής
1683 2443 1882 2520 ἐφάνης
1907 2447 2017 2516 (25)

365 2531 458 2585 καὶ
518 2530 942 2607 ἀπερίσκεπτος;
1000 2531 1060 2585 Τί
1105 2532 1167 2586 τὸ
1238 2534 1410 2608 τάχος
1476 2540 1579 2602 τῆς
1653 2533 2023 2608 ἀπανθρώπου

361 2619 824 2697 φιλανθρῶπίας;
899 2621 991 2683 Τίς
1059 2619 1370 2690 συνεισῆλθε
1449 2619 1720 2696 δαιμόνων
1777 2625 1889 2695 (26)
1945 2627 2024 2694 τῷ

362 2710 686 2782 σκέμματι;
742 2714 865 2770 Πῶς
914 2711 1005 2765 τὸν
1061 2711 1222 2788 μέγαν
1275 2710 1480 2786 κλῆρον
1528 2711 1617 2765 καὶ
1667 2711 1730 2766 τὸ
1772 2715 2020 2787 πατρῷον

356 2797 756 2870 καλλώπισμα,
787 2798 914 2861 τοὺς
942 2798 1257 2872 ἐπωνύμους
1293 2800 1435 2876 Λέγῳ
1485 2805 1743 2874 Χριστοῦ,
1790 2801 1850 2854 τὸ
1897 2821 2024 2854 παν-

356 2885 540 2961 ταχοῦ
567 2894 669 2956 τῆς
701 2887 1027 2961 οἰκουμένης
1076 2887 1357 2964 ἐκλάμψαν
1409 2889 1582 2956 ἐθνος,
1637 2891 1698 2944 τὸ
1744 2887 2017 2964 βασίλειον

360 2976 680 3050 ἱεράτευμα,
709 2978 771 3030 τὸ
825 2975 1022 3048 πολλῷ
1075 2977 1224 3050 πόνῳ
1275 2978 1365 3032 καὶ
1413 2975 1650 3039 πολλοῖς
1679 2975 1866 3054 ἱδρῶσι
1899 2999 2018 3032 συν-

360 3065 615 3137 αυξηθὶν,
649 3065 823 3128 οὕτως
856 3065 908 3120 έν
939 3065 1117 3142 ὀλίγῳ
1150 3067 1237 3121 καὶ
1268 3067 1418 3141 ἀκμῇ
1453 3067 1683 3143 βραχείᾳ
1718 3072 1908 3144 καιροῦ
1938 3073 2017 3140 τῷ

354 3159 530 3227 κοινῷ
558 3152 888 3228 παλαμναίῳ
919 3155 1093 3233 φέρων
1126 3153 1442 3232 παρέδωκας
1467 3175 1480 3225 ;

429 3335 523 3401 AC
553 3334 708 3396 Ἴσως
737 3354 790 3388 τι
840 3333 930 3388 καὶ
979 3329 1188 3389 ἄσεϐεῖν
1232 3336 1379 3408 ὑμῖν,
1433 3331 1686 3412 ἀδελφοὶ,
1730 3335 2012 3413 φαίνομαι,

353 3421 448 3476 καὶ
500 3423 836 3496 ἀγνωμονεῖν
888 3423 940 3478 ἐν
986 3429 1103 3485 τοῖς
1155 3422 1347 3499 λόγοις
1394 3423 1632 3493 τούτοις,
1680 3424 1769 3479 καὶ
1820 3426 1900 3480 ὃτι
1937 3427 2011 3497 μή

2205 2447 2684 2513 XXXV.Quonam
2717 2446 2896 2517 igitur
2925 2446 3096 2500 modo
3129 2445 3221 2500 hic
3252 2446 3444 2500 solum
3475 2445 3786 2516 imperitus

2134 2537 2492 2608 minimeque
2525 2538 2991 2607 circumspectus
3023 2533 3293 2589 exstitisti
3322 2534 3348 2588 ?
3379 2535 3512 2596 Quae
3544 2535 3664 2588 haec
3694 2535 3785 2588 in-

2133 2626 2402 2682 humanae
2436 2625 2818 2680 humanitatis
2850 2623 3116 2679 celeritas
3142 2623 3318 2686 PQuis
3349 2624 3681 2677 daemonum
3714 2626 3784 2679 ad

2131 2715 2281 2770 hanc
2312 2714 2788 2770 deliberationem
2819 2711 2997 2768 simul
3031 2710 3310 2782 irrepsit?
3333 2712 3632 2776 Quomodo
3659 2729 3784 2766 ma-

2130 2820 2306 2874 gnam
2339 2804 2497 2858 illam
2533 2803 3028 2866 haereditatem,ac
3053 2801 3308 2871 patrium
3341 2801 3517 2855 decus
3538 2803 3594 2855 et
3614 2817 3783 2854 orna-

2131 2900 2532 2961 mentum,eos
2563 2892 2713 2956 dico,
2738 2890 2837 2961 qui
2872 2908 2905 2945 a
2934 2889 3160 2944 Christo
3191 2896 3644 2961 cognomentum
3676 2889 3783 2945 ha-

2129 2980 2287 3045 bent,
2318 2985 2550 3051 gentem
2582 2979 2742 3032 illam
2777 2983 2892 3033 toto
2925 2978 3144 3050 passim
3177 2978 3314 3033 orbe
3345 2977 3657 3044 lucentem,
3689 2993 3781 3033 re-

2127 3067 2256 3141 gale
2287 3067 2676 3124 sacerdotium
2710 3067 2776 3134 23,
2810 3067 2992 3122 multo
3024 3067 3220 3121 labore
3251 3065 3572 3137 multisque
3600 3067 3778 3122 sudo-

2127 3158 2290 3213 ribus
2338 3163 2595 3223 auctum,
2648 3161 2765 3211 tam
2817 3156 2972 3211 brevi
3021 3161 3195 3226 atque
3240 3157 3447 3227 exiguo
3496 3156 3776 3225 temporis

2125 3251 2342 3319 puncto
2374 3246 2678 3301 cnmmuni
2712 3244 2846 3300 huic
2879 3247 3028 3316 pesti
3054 3249 3111 3299 et
3141 3245 3301 3299 furiae
3329 3243 3671 3300 tradidisti?

2195 3335 2423 3390 XXXVI.
2454 3336 2560 3390 Sed
2595 3336 2840 3390 fortasse
2887 3333 3070 3402 vobis,
3104 3334 3332 3402 fratres,
3368 3334 3547 3405 impie
3587 3334 3776 3390 facere

2121 3425 2520 3495 videor,atque
2552 3424 2608 3478 in
2641 3424 2750 3478 hoc
2781 3439 3046 3478 sermone
3072 3421 3256 3494 iniqui
3279 3429 3336 3478 et
3357 3422 3568 3493 ingrati
3590 3424 3772 3478 animi

344 3509 499 3585 ταχὺ
554 3513 675 3573 τοῖς
731 3519 831 3580 τῆς
888 3511 1221 3587 κατηγορίας
1281 3512 1515 3588 ῥήμασιν
1579 3511 1760 3589 έπάγω
1814 3515 1879 3567 τὰ
1907 3521 2005 3583 τῆς

2138 3516 2415 3585 specimen
2444 3513 2732 3580 exhibere,
2767 3514 2922 3583 quod
2974 3529 3086 3566 non
3133 3511 3332 3566 statim
3380 3511 3772 3568 accusationis
3857 3587 3862 3590 _

351 3597 640 3669 ἀληθείας.
701 3601 886 3655 Καίτοι
941 3623 1002 3678 γε
1059 3603 1258 3664 ἱκανῶς
1313 3600 1760 3676 ἀπολελόγημαι,
1817 3603 1907 3657 καὶ
1939 3600 2007 3657 δι’

344 3688 524 3743 αὐτῶν
565 3691 638 3744 ὧν
696 3689 1024 3765 έγκέκληκα,
1087 3688 1141 3745 εἷ’
1189 3713 1241 3746 τι
1287 3695 1354 3765 τῇ
1408 3691 1705 3767 κατηγορίᾳ
1752 3691 1844 3746 τὸν
1882 3697 2006 3747 νοῦν

341 3778 647 3854 προσέχετε
679 3798 691 3810 ·
736 3781 1006 3835 κάνταῦθα
1064 3779 1226 3853 μόνον
1292 3783 1404 3854 (27)
1466 3783 1501 3850 ἡ
1552 3779 1854 3856 κατηγορία
1907 3782 2008 3849 τήν

343 3868 532 3945 ἄφεσιν
585 3866 720 3944 ἔχει·
776 3870 1130 3944 χρηστότητα
1172 3872 1276 3946 γὰρ
1310 3869 1498 3939 εἰπὼν,
1546 3871 1645 3938 τήν
1704 3868 2001 3944 ἀπολογίαν

343 3953 624 4025 ἐδήλωσα.
656 3957 748 4018 Τίς
797 3957 900 4033 γὰρ
951 3957 1050 4012 οὐκ
1098 3955 1210 4012 οἶδε
1252 3959 1343 4012 καὶ
1389 3963 1494 4012 τῶν
1541 3956 1772 4031 μετρίως
1805 3957 2004 4012 ἐκεῖνον

341 4043 732 4117 ἐπισταμένων,
792 4043 876 4100 ὅτι
919 4043 1071 4100 ἕνεκα
1132 4048 1226 4119 μὲν
1279 4040 1550 4108 είοσεϐείας
1607 4046 1696 4099 καὶ
1752 4049 1848 4100 τοῦ
1878 4045 2000 4117 περὶ

338 4134 492 4206 ἡμᾶς
542 4131 793 4211 φίλτρου,
843 4137 932 4189 καὶ
974 4139 1076 4189 τοῦ
1123 4133 1410 4211 βούλεσθαι
1461 4140 1562 4188 πᾶν
1612 4136 1746 4206 ἡμῖν
1775 4134 1997 4209 ἀγαθὸν,

343 4222 422 4292 μὴ
456 4220 538 4276 ὅτι
573 4220 773 4277 ἐκεῖνον
949 4221 1199 4292 παρεῖδεν
1231 4221 1312 4295 ἂν,
1344 4225 1377 4292 ἢ
1409 4223 1595 4298 γένους
1630 4221 1763 4278 ὅλου
1804 4225 1997 4296 τιμὴν,

335 4311 376 4378 ἢ
430 4313 750 4386 προσθήκην
807 4317 908 4380 τῆς
972 4309 1275 4386 βασιλείας,
1335 4309 1481 4366 ἀλλά
1534 4310 1622 4366 καὶ
1672 4310 1839 4380 αὐτῆς
1895 4319 1996 4381 τῆς

340 4397 620 4473 βασιλείας
678 4402 812 4474 (29),
871 4400 960 4455 καὶ
1015 4398 1226 4455 πάντων
1287 4405 1394 4455 τῶν
1460 4395 1648 4473 ὄντων,
1731 4401 1820 4455 καὶ
1893 4408 1995 4470 τῆς

335 4491 525 4564 ψυχῆς
557 4488 747 4561 αὐτῆς,
779 4492 844 4559 ἧς
869 4487 1022 4545 οὐδὲν
1060 4487 1234 4545 οὐδενὶ
1264 4491 1612 4564 τιμιώτερον,
1654 4491 1750 4559 τήν
1790 4492 1994 4562 ἡμετέ-

335 4598 435 4654 ραν
495 4577 786 4655 ἀσφάλειάν
865 4599 925 4634 τε
979 4579 1068 4633 καὶ
1151 4578 1420 4653 σωτηρίαν
1467 4578 1564 4634 οὐκ
1616 4579 1675 4633 ἃν
1729 4577 1991 4655 χαλεπώς

331 4665 612 4738 ἠλλάξατο
633 4687 646 4736 ;

2118 3604 2310 3658 verbis
2361 3602 2616 3657 veritatis
2666 3604 2840 3656 verba
2888 3603 3253 3657 subneetam.
3285 3603 3628 3672 Quanquam
3672 3619 3774 3672 per

2117 3710 2184 3748 ea
2213 3709 2443 3764 quoque
2500 3709 2627 3763 qua:
2689 3691 2898 3761 objeci,
2949 3691 3092 3745 satis
3142 3690 3328 3761 ipsius
3373 3707 3612 3744 causam
3658 3692 3772 3762 egi,

2115 3796 2368 3851 eumque
2423 3779 2688 3852 purgavi,
2723 3779 2770 3834 si
2812 3780 2982 3834 modo
3033 3777 3390 3834 accusationi
3444 3782 3649 3833 nostras
3683 3781 3768 3832 at-

2115 3875 2341 3924 tentum
2373 3869 2634 3924 animum
2661 3868 2994 3939 prznbuistis
3015 3885 3027 3933 ;
3049 3873 3222 3938 atque
3255 3867 3349 3921 hic
3379 3867 3662 3920 duntaxat
3683 3883 3771 3920 ac-

2112 3958 2402 4012 cusationi
2450 3957 2739 4012 absolutio
2773 3959 3086 4027 conjuncta
3118 3961 3224 4010 est.
3257 3955 3402 4010 Nam
3433 3971 3566 4009 cum
3604 3955 3767 4010 beni-

2111 4046 2397 4117 gnitatem
2429 4046 2568 4112 dixi,
2591 4048 2643 4101 id
2679 4053 2873 4118 aperte
2889 4047 2993 4100 94
3023 4044 3138 4100 dixi
3171 4044 3326 4115 quod
3353 4060 3486 4098 eum
3519 4043 3764 4100 crimine

2110 4135 2268 4190 omni
2302 4151 2368 4190 ac
2399 4136 2569 4206 culpa
2599 4134 2822 4190 liberet.
2857 4133 2960 4188 Cui
2991 4134 3170 4199 enim,
3205 4131 3286 4188 vel
3318 4149 3387 4188 ex
3417 4131 3488 4187 iis
3543 4133 3759 4204 quibus

2108 4241 2222 4279 non
2253 4225 2491 4296 perinde
2543 4223 2810 4296 cognitus
2840 4229 2983 4289 erat,
3016 4223 3262 4278 dubium
3311 4227 3418 4289 est,
3453 4221 3594 4292 quin
3635 4221 3760 4292 ipse

2106 4314 2178 4369 ob
2206 4313 2480 4386 pietatem
2531 4329 2907 4385 amoremque
2937 4328 3074 4385 erga
3106 4329 3231 4382 nos,
3262 4329 3327 4366 ac
3368 4309 3757 4382 propensissi-

2107 4419 2264 4457 mam
2296 4404 2440 4458 bene
2468 4403 2538 4459 de
2557 4402 2724 4458 nobis
2753 4401 3013 4457 merendi
3033 4400 3412 4469 voluntatem,
3437 4416 3550 4455 non
3585 4400 3757 4455 modo

2101 4493 2295 4559 illum,
2312 4500 2414 4549 aut
2435 4495 2616 4550 totius
2637 4493 2866 4566 generis
2889 4493 3549 4566 honorem,impcriique
3571 4493 3759 4548 incre-

2104 4589 2362 4638 mentum
2413 4582 2782 4655 neglexisset,
2816 4599 3014 4638 verum
3069 4581 3315 4652 imperio
3365 4598 3594 4652 quoque
3641 4580 3753 4652 ipsi

2099 4671 2491 4743 omnibusque
2551 4671 2828 4741 fortunis,
2888 4675 3062 4742 atque
3120 4670 3232 4742 ipsi
3291 4671 3544 4740 denique
3603 4670 3753 4739 vitae,

331 4774 457 4830 qua
489 4757 703 4814 nemini
753 4759 1078 4832 quidquam
1129 4763 1218 4814 est
1265 4757 1522 4826 charius,
1556 4757 2016 4816 incolumitatem
2069 4764 2332 4816 nostram
2387 4777 2452 4816 ac
2500 4760 2748 4816 salutem
2795 4759 2952 4816 haud
3003 4759 3249 4817 illibenti
3293 4760 3490 4816 animo
3540 4764 3754 4832 praetu-

333 4847 512 4902 lisset
535 4849 559 4902 Ρ

407 4973 455 5008 ³⁸
484 4972 507 5028 Ι
538 4973 690 5029 Petr.
725 4990 788 5041 ιι,
814 4975 868 5029 9.

406 5115 518 5186 (2'2)
577 5116 700 5171 Τῶν
757 5113 845 5170 ἐπὶ
901 5119 1019 5171 σοῦ.
1078 5139 1107 5167 ‹‹
1165 5117 1300 5172 Tuae
1357 5116 1564 5186 aetatis,
1625 5117 1730 5172 tibi
1788 5135 1982 5190 isqua-
2017 5121 2064 5186 D

327 5186 516 5329 In???)
539 5209 707 5336 ,ξφ-τᾶ
727 5259 853 5336 ἓν,
881 5262 1005 5336 etc;
1025 5259 1109 5336 lta
1143 5257 1403 5336 plerique
1435 5260 1602 5315 codd.
1636 5261 1983 5336 Paucissimi

325 5346 466 5403 cum
495 5329 703 5403 εάἰῷν.
727 5329 884 5388 Bill.:
908 5353 935 5381 «
967 5330 1070 5386 Cui
1102 5329 1367 5386 nationes
1398 5348 1602 5388 omnes
1632 5333 1986 5403 partimjam

326 5401 486 5457 dicto
550 5401 858 5458 audientes
928 5406 1114 5474 erant,
1173 5403 1384 5474 partim
1452 5401 1703 5474 jamjam
1780 5401 1987 5458 futuris

331 5478 522 5615 ﬂgiti
545 5496 622 5596 is
671 5539 727 5597 δὲ
773 5540 996 5616 ἔμελλε,
1038 5549 1145 5599 etc.
1200 5544 1399 5600 Comb.
1451 5546 1534 5600 sic
1585 5544 1773 5602 locum
1830 5545 1988 5602 hunc

330 5617 501 5671 vertit
536 5635 550 5672 :
583 5639 612 5665 «
648 5616 775 5671 Mox
810 5618 1073 5672 futurum
1100 5620 1246 5680 erat,
1280 5622 1344 5672 ut
1371 5617 1428 5671 in
1461 5618 1663 5673 eadem
1697 5635 1876 5674 causa
1903 5636 1989 5675 es-

334 5695 483 5762 sent,
499 5693 896 5762 tum_quorum
921 5688 1271 5762 expugnatio
1288 5689 1344 5762 in
1369 5707 1472 5762 spe
1493 5691 1681 5762 posita
1701 5696 1845 5759 erat,
1861 5696 1985 5746 tum

333 5759 436 5833 qui
457 5761 588 5833 jam
619 5759 679 5817 in
708 5759 1054 5834 potestatein
1080 5759 1304 5818 redacti
1334 5759 1519 5819 erant.
1553 5784 1583 5812 »

2165 5118 2557 5193 (25)]Εφανης.
2593 5119 2766 5178 Deest
2795 5119 2854 5176 in
2908 5119 3204 5193 plerisque
3235 5137 3350 5176 non
3399 5119 3614 5176 infimae
3643 5136 3745 5176 no-

2092 5195 2164 5246 tas
2195 5191 2514 5246 codicibus.

2169 5264 2276 5331 (26)
2309 5261 2609 5335 Δαιμόνιον.
2644 5262 2798 5335 Colb.
2835 5281 2886 5326 a,
2921 5259 3151 5335 δαίμων.

2165 5335 2273 5404 (27)
2303 5333 2577 5387 Κάνταῦθα
2610 5333 2792 5404 μόνον,
2825 5342 2932 5390 etc.
2966 5359 2994 5383 «
3017 5333 3210 5407 'Atque
3244 5335 3333 5389 hic
3365 5334 3743 5403 accusationi,

2096 5407 2327 5460 etiamsi
2360 5407 2482 5462 sola
2531 5412 2703 5469 esset,
2755 5409 3044 5462 absolutio
3092 5410 3405 5478 conjuncta
3449 5411 3556 5464 est.
3599 5407 3745 5462 Nam

2097 5493 2227 5532 cum
2259 5478 2557 5533 lenitatem
2591 5479 2730 5538 dixi,
2770 5503 2794 5526 ››
2825 5484 2932 5533 etc.

2167 5549 2278 5620 (‘28)
2310 5549 2567 5620 Ἐκεῖνον.
2595 5575 2627 5620 νυ
2670 5550 2858 5620 illum,
2893 5573 2921 5599 »
2953 5550 3174 5604 scilicet
3207 5572 3234 5598 ‹‹
3267 5551 3585 5604 lulianum.
3618 5572 3646 5600 ››

2315 5618 2607 5695 ’ᾼλλακαὶ
2640 5619 2805 5688 αὐτῆς
2834 5629 2932 5689 τῆς
2970 5621 3263 5695 βασιλείας,
3293 5623 3420 5676 Haec
3454 5621 3740 5675 desuntin

2097 5692 2326 5746 duobus
2358 5692 2552 5764 Regiis
2585 5695 2816 5764 optimae
2867 5692 3034 5750 notas.
3071 5696 3130 5749 ln
3162 5694 3292 5748 aliis
3324 5695 3486 5748 deest
3514 5698 3739 5746 tantum

2095 5768 2192 5830 τῆς
2224 5769 2356 5819 ante
2390 5760 2686 5837 Bawetleiac.
