4202 6212
457 348 573 410 563

1697 346 1763 407 S.
1812 345 2182 408 GREGORII
2230 345 2624 407 THEOLOGI

3748 347 3870 408 564

527 480 790 540 XXXVII.
823 478 1019 552 Neque
1047 479 1202 537 enim
1237 479 1550 552 quisquam
1582 478 1894 551 aliquando
1927 478 2101 536 ullius

2287 482 2404 534 AZ’.
2437 475 2623 533 Οὖδενὶ
2671 477 2772 555 γὰρ
2822 475 3041 541 οὐδενὸς
3088 476 3231 534 οὕτω
3281 477 3502 535 πώποτε
3541 478 3872 556 πράγματος

459 571 540 628 rei
570 575 688 625 tam
721 569 836 625 acri
871 586 1065 624 amore
1096 574 1271 641 atque
1301 570 1618 640 cupiditate
1665 575 1966 642 correptus
1996 573 2106 635 est,

459 677 634 732 quam
668 658 766 714 ille
812 659 1172 714 Christianos
1206 675 1484 729 crescere,
1519 664 1691 732 atque
1719 660 1778 713 in
1813 675 2107 714 summam

457 748 653 819 gloriae
685 746 1073 819 potentiaeque
1101 747 1549 818 amplitudinem
1593 747 1890 819 pervenire
1913 746 2108 818 cupie-

459 838 580 892 bat.
615 842 696 891 Ac
727 852 917 907 neque
960 836 1194 891 domita:
1227 840 1284 892 et
1312 837 1566 892 subactas
1599 843 1824 910 gentes,
1856 852 1961 890 nec
1988 851 2108 890 res-

457 924 692 998 publica
722 924 1015 996 preclaris
1048 924 1276 997 legibus
1307 925 1632 980 constituta
1661 930 1719 980 et
1762 925 2106 996 gubernata,

458 1031 564 1071 nec
594 1014 975 1086 pecuniarum
1009 1014 1194 1086 copia,
1228 1030 1332 1068 nec
1364 1013 1562 1086 gloriae
1605 1014 1969 1086 magnitudo.
2006 1029 2109 1067 nec

460 1104 612 1176 quod
649 1120 746 1158 rex
775 1118 975 1174 regum
1009 1105 1065 1156 et
1111 1107 1284 1168 esset,
1318 1107 1374 1157 et
1403 1100 1814 1174 appellaretur,
1848 1118 1953 1157 nec
1983 1118 2107 1157 om-

459 1193 562 1249 nia
587 1191 720 1260 alia,
746 1191 961 1263 quibus
991 1191 1298 1246 hominum
1332 1191 1578 1247 felicitas
1604 1191 1970 1259 declaratur;
2004 1205 2110 1245 nec

460 1280 714 1352 denique
743 1279 1066 1352 quidquam
1112 1295 1179 1334 ex
1210 1279 1485 1334 omnibus
1531 1279 1706 1333 rebus
1736 1282 1963 1332 tantum
1998 1275 2110 1348 ipsi

460 1368 780 1440 voluptatis
810 1369 1512 1440 aiferebat,quantum,ut
1540 1373 1597 1423 et
1626 1383 1732 1422 nos
1763 1382 1864 1438 per
1892 1366 2109 1438 ipsum,

461 1463 520 1513 et
549 1474 652 1529 per
679 1473 786 1512 nos
816 1456 1100 1528 ipse,tum
1120 1457 1275 1529 apud
1293 1458 1501 1524 Deum,
1519 1461 1644 1512 tum
1665 1457 1818 1527 apud
1845 1454 2112 1510 homines

460 1546 858 1614 laudaremur,
890 1562 956 1601 ac
1000 1546 1168 1601 ﬁrma
1201 1563 1433 1618 semper
1449 1551 1505 1602 et
1535 1545 1764 1601 stabilis
1814 1543 1980 1600 nobis
2015 1559 2112 1613 po-

461 1634 646 1690 tentia
676 1639 1057 1706 permaneret.
1112 1633 1260 1690 Illud
1293 1635 1450 1690 enim
1481 1635 1660 1706 probe
1708 1631 2111 1704 perspiciebat,

463 1721 640 1778 altius
669 1722 939 1779 videlicet
985 1723 1290 1795 magisque
1322 1724 1476 1795 regie
1503 1739 1677 1794 quam
1730 1720 1991 1793 plerique
2021 1736 2114 1774 so-

463 1810 641 1880 leant,
676 1812 747 1867 de
778 1811 870 1867 his
921 1813 1205 1886 cogitans,
1238 1829 1371 1868 cum
1422 1811 1885 1868 Christianorum
1939 1809 2116 1864 rebus

464 1905 863 1957 Romanorum
913 1918 1145 1974 quoque
1173 1917 1266 1956 res
1316 1901 1741 1957 incrementum
1799 1897 1976 1954 simul
2025 1914 2115 1952 ce-

463 1991 644 2063 pisse,
677 1995 851 2062 atque
879 2009 1011 2047 cum
1055 1993 1308 2047 adventu
1339 1992 1552 2047 Christi
1584 1990 1893 2062 imperium
1938 1987 2115 2044 simul

457 2079 792 2153 ingressum
825 2080 1174 2148 fuisse,cum
1207 2082 1468 2136 nondum
1502 2080 1666 2151 prius
1687 2079 1794 2134 hoc
1822 2077 2110 2142 evicisset,

457 2172 522 2224 ut
550 2168 611 2223 in
643 2168 817 2224 unius
847 2169 1242 2241 principatum
1276 2169 1447 2242 plane
1475 2169 1788 2224 deveniret.
1809 2167 1892 2222 Ob
1914 2165 2107 2236 idque,

446 2260 506 2313 et
534 2257 742 2313 merito
773 2257 1138 2328 quidem,res
1170 2262 1399 2313 nostras
1437 2258 1624 2329 magis
1655 2254 1929 2328 amplecti
1961 2253 2103 2309 mihi

440 2346 770 2403 videbatur.
805 2347 913 2413 Qui
963 2346 1221 2419 quidem,
1254 2346 1364 2402 etsi
1415 2347 1553 2418 quid
1605 2346 1774 2400 nobis
1825 2343 2104 2399 molestiae

441 2435 726 2507 exhibuit,
759 2453 874 2492 non
907 2436 1092 2492 nostri
1126 2439 1464 2508 contemptu
1496 2435 1554 2490 id
1585 2433 1738 2501 fecit,
1763 2450 1868 2489 nec
1899 2437 1964 2487 ut
1993 2446 2102 2488 nos

2219 562 2354 643 ἔρως
2403 568 2599 643 θερμὸς
2653 567 2964 642 ἐνέσκηψεν,
3013 569 3089 632 ὡς
3138 567 3322 642 ἐκείνῳ
3370 569 3725 646 Χριστιανοὺς
3773 569 3875 624 αὖ-

2219 655 2466 726 ξηθῆναι,
2515 657 2604 710 καὶ
2654 657 2729 719 εἷς
2779 657 3031 713 πλεῖστον
3087 661 3203 729 (30)
3254 658 3343 712 καὶ
3391 656 3551 729 δόξης
3582 657 3872 733 προελθεῖν

2217 743 2306 799 xvi
2357 743 2674 818 δυνάμεως’
2734 746 2823 800 καὶ
2874 747 2996 802 οὕτε
3053 744 3176 817 ἔθνη
3228 747 3575 822 χειρούμενα,
3629 747 3753 802 οὔτε
3810 750 3874 804 τὸ

2217 835 2393 889 κοινὸν
2428 833 2850 908 εὐειομοὺμενον,
2883 835 2944 890 οὑ
2975 835 3186 904 πλῆθος
3217 835 3544 911 χρημάτων,
3591 835 3657 890 οὐ
3707 833 3873 908 δόξης

2217 923 2500 990 περιουσία
2545 926 2680 998 (31),
2733 923 2798 978 οὐ
2839 925 2902 979 τὸ
2939 923 3164 1000 βασιλέα
3195 923 3460 1000 βασιλέων
3493 925 3581 979 καὶ
3614 925 3746 979 εἶναι
3781 925 3872 979 καὶ

2220 1012 2598 1084 ὀνομάζεσθαι,
2648 1013 2755 1088 οὐχ
2808 1012 2954 1074 ὅσοις
2996 1011 3190 1075 ἄλλοις
3221 1014 3516 1088 ἀνθρώπων
3551 1010 3873 1086 εὐδαιμονία

2216 1100 2550 1176 γνωρίζεται.
2587 1098 2738 1155 οὐδὲν
2773 1100 2918 1156 οὕτω
2945 1105 3053 1157 τῶν
3087 1103 3297 1157 πάντων
3326 1102 3522 1157 ἐκεῖνον
3553 1099 3869 1180 ηὕφραινεν,

2218 1189 2292 1251 ὡς
2320 1190 2382 1244 τὸ
2411 1187 2478 1243 δι’
2513 1189 2702 1245 ἑαυτοῦ
2738 1193 2829 1264 μὲν
2865 1194 3036 1265 ἡμᾶς,
3070 1188 3159 1246 διὰ
3199 1189 3257 1246 δὶ
3303 1194 3463 1265 ἡμῶν
3510 1190 3735 1263 ἐκεῖνον,
3781 1191 3875 1247 καὶ

2218 1278 2364 1354 παρά
2411 1279 2526 1351 Θεῷ
2569 1279 2658 1334 καὶ
2710 1280 3016 1356 ἀνθρώποις
3066 1283 3176 1355 (32)
3228 1279 3560 1354 εὐδοκιμεῖν,
3616 1280 3704 1336 καὶ
3735 1280 3875 1335 άκα-

2219 1364 2448 1421 τάλυτον
2476 1370 2611 1441 ἡμῖν
2645 1368 2719 1431 εἷς
2764 1371 2855 1424 τὸν
2909 1371 3115 1425 ἅπαντα
3161 1369 3360 1447 γρόνον
3409 1375 3735 1444 παραμεῖναι
3764 1369 3870 1439 τήν

2222 1452 2570 1510 δυναστείανο
2631 1458 2720 1513 καὶ
2779 1461 2881 1533 γάρ
2933 1459 3069 1534 πρὸς
3125 1464 3241 1520 τοῖς
3299 1456 3495 1520 ἄλλοις
3545 1458 3716 1513 ἐκεῖνο
3745 1456 3876 1533 ᾔδει

2223 1547 2426 1619 σαφῶς,
2462 1546 2796 1621 ὑψηλότερόν
2823 1569 2881 1602 τε
2911 1549 3020 1622 (33)
3048 1548 3137 1602 καὶ
3188 1547 3609 1624 βασιλικώτερον
3659 1550 3694 1617 ἣ
3740 1549 3881 1602 κατὰ

2220 1633 2347 1694 τοὺς
2405 1633 2654 1697 πολλοὺς
2710 1638 2832 1712 περὶ
2882 1635 3088 1690 τούτων
3159 1633 3566 1709 διανοούμενος,
3627 1636 3709 1692 ὅτί
3755 1640 3878 1699 τοῖς

2225 1727 2556 1797 Χριστιανῶν
2617 1725 2893 1801 πράγμασι
2949 1726 3016 1780 τὰ
3069 1727 3352 1799 Ῥωμαίων
3415 1725 3734 1796 συνηύξησε,
3784 1726 3881 1780 καὶ

2226 1810 2546 1881 συνεισῆλθε
2599 1819 2667 1887 τῇ
2727 1812 2996 1888 ἐπιδημίᾳ
3041 1817 3275 1891 Χριστοῦ
3329 1813 3390 1870 τό
3449 1814 3665 1889 κράτος,
3720 1814 3879 1870 οὔπω

2225 1900 2485 1977 πρότερον
2517 1901 2742 1966 τελείως
2790 1907 2898 1978 (34)
2949 1906 3022 1966 εἱς
3068 1905 3366 1981 μοναρχίαν
3414 1904 3694 1974 νενικηκός
3738 1907 3880 1978 (35)’

2223 1989 2313 2043 καὶ
2346 1988 2434 2045 διὰ
2475 1996 2633 2046 τοῦτο
2685 1992 2849 2048 πλέον
2877 1990 3050 2048 ἐδόκει
3085 2015 3178 2067 μοι
3211 1995 3482 2068 περιέπειν
3517 1991 3574 2047 εὖ
3604 1998 3775 2048 ποιῶν
3807 1994 3880 2048 τὰ

2221 2077 2498 2155 ἡμέτερα·
2557 2080 2615 2142 ὃς
2660 2103 2739 2157 γε,
2798 2081 2886 2136 καὶ
2946 2080 2993 2137 έί
3048 2104 3101 2137 τι
3157 2081 3538 2159 παρελύπησεν
3584 2084 3755 2154 ἡμᾶς,
3809 2083 3877 2136 οὗ

2217 2172 2578 2245 περιφρονῶν,
2611 2167 2736 2223 οὐδὲ
2759 2165 3016 2246 ὑϐρίζων,
3049 2167 3174 2224 οὑδὲ
3204 2168 3400 2231 ἄλλοις
3428 2168 3537 2223 τισὶ
3572 2171 3675 2245 πρὸ
3707 2172 3875 2243 ἡμῶν

2217 2257 2579 2330 χαριζόμενος
2629 2261 2762 2331 (36),
2823 2259 2948 2314 ἀλλ’
2997 2257 3134 2314 ὥστε
3189 2262 3387 2320 πάντας
3444 2254 3494 2312 ἕν
3557 2258 3714 2328 εἶναι,
3776 2259 3873 2313 καὶ

2216 2352 2540 2423 συμφρονεῖν
2598 2345 2974 2424 παρελύπησε,
3031 2349 3120 2403 καὶ
3174 2350 3248 2422 μὴ
3297 2345 3668 2425 διακεκόφθαι,
3723 2345 3872 2420 μηδὲ

2214 2431 2478 2489 διεστάναι
2510 2442 2623 2498 τοῖς
2657 2437 2971 2513 σχίσμασιν.

434 2524 794 2581 contumelia
825 2525 1100 2592 afﬁceret,
1135 2541 1240 2580 nec
1270 2529 1336 2579 ut
1365 2523 1494 2579 aliis
1525 2522 1879 2595 quibusdam
1915 2523 2111 2594 potius
2143 2541 2320 2595 quam
2353 2525 2523 2582 nobis
2555 2527 2922 2600 indulgeret;
2958 2531 3057 2585 sed
3090 2533 3156 2585 ut
3185 2545 3388 2587 omnes
3419 2529 3478 2584 in
3509 2543 3692 2583 unum
3734 2528 3857 2583 coi-

437 2629 659 2682 remus,
690 2614 1141 2684 animorumque
1170 2613 1554 2669 consensione
1575 2613 1985 2684 jungeremur,
2017 2628 2124 2668 nec
2155 2629 2258 2684 per
2288 2613 2612 2672 schismata
2640 2615 2792 2672 inter
2821 2634 2926 2673 nos
2965 2619 3238 2690 dirempti
3269 2622 3445 2688 atque
3492 2617 3731 2673 dissecti
3761 2633 3859 2672 es-

442 2717 666 2759 semus.

515 2807 812 2866 XXXVIII.
847 2809 980 2881 Sed,
1013 2810 1080 2864 ut
1109 2807 1621 2879 dicebam,parum
1653 2811 1824 2863 cauta
1852 2811 1940 2862 est
1964 2807 2098 2862 sim-

444 2896 696 2971 plicitas,
729 2914 794 2954 ac
844 2897 1190 2970 benignitati
1241 2898 1519 2968 adjuncta
1548 2900 1636 2952 est
1684 2895 2094 2965 imbecillitas;

445 2986 806 3060 minimeque
835 2987 885 3043 is
916 2987 1351 3059 improbitatem
1384 2986 1738 3058 suspicatur,
1772 2987 1942 3057 cujus
1972 2986 2097 3040 ani-

442 3091 576 3132 mus
608 3077 679 3132 ab
711 3075 1080 3148 improbitate
1129 3076 1277 3131 liber
1307 3092 1374 3131 ac
1404 3092 1584 3148 purus
1614 3079 1719 3131 est.
1751 3075 2094 3148 |Propterea,

441 3166 599 3237 quod
641 3166 904 3221 futurum
956 3169 1100 3234 erat,
1148 3165 1481 3237 ignoratum
1529 3169 1637 3234 est,
1671 3181 1774 3220 nec
1824 3165 1993 3219 fucus
2044 3169 2103 3219 et

2277 2807 2406 2864 ΛΗ.
2465 2806 2623 2863 Ἀλλ’
2674 2807 2806 2886 ὅπερ
2883 2810 3052 2878 εἶπον,
3128 2808 3436 2888 ἀφύλακτον
3497 2811 3530 2879 ἡ
3584 2805 3857 2878 ἁπλότης,

2206 2894 2296 2949 καὶ
2359 2898 2492 2969 μετά
2549 2903 2645 2952 τοῦ
2700 2901 2901 2976 σαθροῦ
2971 2901 3086 2972 (36)
3160 2901 3221 2954 τὸ
3289 2897 3690 2976 φιλάνθρωπον,
3765 2898 3860 2951 καὶ

2206 2985 2397 3053 ἣκιστα
2443 2986 2629 3040 κακίαν
2679 2988 2936 3064 ὑφορᾶται
3000 2987 3062 3043 τὸ
3111 2988 3300 3050 κακίας
3378 2986 3693 3062 ἐλεύθερον·
3731 3042 3734 3043 ν
3767 2983 3861 3040 διὰ

2205 3077 2365 3127 τοῦτο
2410 3075 2655 3149 ἡγνοήθη
2700 3076 2763 3130 τὸ
2818 3074 3045 3149 μέλλον,
3096 3076 3183 3131 καὶ
3230 3079 3292 3131 τὸ
3335 3074 3559 3148 πλάσμα
3591 3075 3692 3129 οὐκ
3721 3075 3862 3153 ἐφω-

2211 3161 2372 3232 ράθη,
2430 3161 2518 3214 καὶ
2551 3162 2883 3236 παρεισῆλθε
2937 3163 3074 3217 κατὰ
3129 3164 3319 3239 μικρὸν
3376 3166 3410 3232 ἡ
3470 3157 3706 3231 ἀσέϐεια,
3765 3162 3861 3216 καὶ

437 3235 735 3310 simulatio
767 3255 1149 3327 deprehensa,
1170 3235 1508 3324 sensimque
1525 3253 1782 3326 obrepsit
1797 3253 2090 3325 impietas,

2217 3245 2302 3302 δύο
2332 3235 2706 3324 χρηστότητες
2739 3249 3090 3322 συνεισῆλθον
3119 3235 3418 3323 ἀλλήλαις,
3451 3254 3484 3322 ἢ
3516 3273 3572 3306 τε
3620 3252 3744 3326 περὶ
3792 3250 3859 3305 τὸ

437 3358 505 3400 ac
553 3344 680 3398 duas
733 3343 1121 3416 benignitates
1164 3341 1314 3397 inter
1361 3358 1423 3397 se
1472 3347 1868 3409 occurrerunt,
1912 3343 2095 3397 altera

436 3447 575 3505 erga
604 3432 765 3504 pium
797 3449 1005 3504 genus,
1052 3431 1234 3487 altera
1280 3447 1418 3503 erga
1466 3431 1731 3486 omnium
1787 3431 2092 3487 hominum

437 3521 1340 3594 impiissimum,maximumque
1360 3520 1536 3575 divini
1556 3521 1652 3577 95
1680 3520 1942 3575 numinis
1965 3537 2094 3576 con-

436 3614 812 3683 temptorem.
846 3609 992 3674 Quid
1025 3609 1144 3680 ille,
1178 3611 1278 3681 qui
1309 3625 1442 3665 cum
1470 3608 1614 3663 nihil
1647 3609 1906 3676 haberet,
1941 3610 2096 3680 quod

440 3699 513 3754 de
569 3697 918 3754 Christianis
950 3704 1328 3770 quereretur,
1382 3696 1527 3752 nihil
1559 3698 1716 3769 quod
1769 3697 2095 3753 doctrinam

442 3791 707 3844 nostram
737 3787 1114 3860 improbaret,
1165 3786 1309 3842 nihil
1352 3803 1559 3842 rursus
1611 3786 1761 3858 quod
1813 3802 1881 3841 ex
1905 3787 2097 3860 genti-

439 3876 586 3932 lium
617 3876 995 3950 dogmatibus
1017 3876 1295 3932 eximium
1319 3881 1375 3931 et
1403 3874 1692 3931 excellens
1715 3875 2094 3941 existimaret,

441 3971 616 4036 atque
647 3965 957 4036 ejusmodi,
992 3969 1058 4020 ut
1104 3980 1372 4021 sermone
1426 3965 1520 4019 vix
1577 3964 1821 4020 convelli
1879 3969 2096 4036 posset,

442 4070 546 4109 nec
576 4053 826 4126 denique
859 4053 1037 4109 ullius
1059 4054 1349 4124 majorum
1370 4070 1608 4109 suorum
1637 4053 1967 4126 exemplum
1991 4054 2099 4108 hac

441 4140 500 4195 in
533 4155 595 4196 re
642 4147 1007 4212 sequeretur,
1035 4141 1475 4198 nobilissimum
1527 4159 1655 4198 sese
1684 4160 1753 4198 ex
1799 4143 2099 4214 impietate

440 4227 712 4298 reddidit,
747 4246 1009 4302 novoque
1041 4231 1214 4286 modo
1264 4246 1397 4285 cum
1429 4247 1517 4300 eo,
1549 4247 1583 4286 a
1613 4247 1730 4302 quo
1780 4230 1969 4286 Casar
1999 4233 2097 4287 de-

441 4315 710 4390 signatus
757 4318 966 4388 fuerat,
1009 4319 1298 4375 certavit?
1328 4319 1472 4374 Nam
1522 4335 1656 4376 cum
1704 4335 1838 4375 eum
1885 4321 2098 4376 virtute

441 4406 738 4478 rebusque
765 4405 1058 4480 praeclaris
1089 4424 1367 4482 superare
1397 4425 1514 4464 non
1558 4411 1773 4480 posset,
1807 4410 2097 4467 contrario

2205 3332 2418 3399 εὐσεϐὲς
2492 3339 2648 3414 γένος
2717 3338 2807 3394 καί
2883 3339 2974 3395 τὸν
3054 3335 3404 3396 ἀσεϐέστατον
3477 3339 3688 3395 πάντων
3763 3339 3860 3394 καί

2205 3425 2530 3488 ἀθεώτατον.
2588 3431 2703 3498 Ὃς,
2761 3428 2814 3482 τί
2866 3432 2976 3500 (38)
3051 3430 3404 3508 μεμφόμενος
3487 3435 3859 3506 Χριστιανοῖς,

2205 3514 2255 3568 τί
2287 3512 2344 3569 δὲ
2401 3515 2499 3569 οὐκ
2555 3515 2789 3572 ἐπαινεῖν
2830 3516 2972 3594 ἔχων
3032 3524 3137 3574 τῶν
3197 3515 3500 3596 ἡμετέρων,
3559 3519 3611 3573 τί
3662 3516 3720 3574 δέ
3747 3523 3857 3573 τῶν

2204 3605 2331 3679 παρ’
2405 3605 2639 3676 Ἕλλησι
2719 3603 3001 3684 δογμάτων
3072 3609 3337 3686 ὑπερφυὲς
3434 3607 3688 3682 νομίσας,
3764 3607 3858 3662 καὶ

2207 3690 2524 3765 δυσκίνητον
2559 3693 2734 3771 λόγῳ,
2786 3697 2928 3770 ποίῳ
2959 3695 3016 3752 δὲ
3045 3698 3133 3752 καὶ
3169 3697 3486 3754 ἀκολουθῶν
3522 3695 3860 3771 ὑποδείγμα-

2203 3803 2277 3855 τι,
2338 3786 2760 3859 γνωριμώτατον
2823 3788 2934 3860 (39)
2978 3788 3161 3842 ἑαυτὸν
3217 3788 3268 3858 ἐξ
3320 3782 3562 3848 ἀσεϐείας
3591 3785 3859 3856 κατέστη-

2206 3893 2282 3940 σε,
2315 3873 2403 3926 καὶ
2433 3874 2743 3950 καινότερον
2790 3876 2987 3952 τρόπον
3034 3875 3328 3950 ἡμιλλήθη
3376 3882 3454 3949 τῷ
3483 3874 3814 3948 ἀναδείξαντι
3842 3895 3856 3945 ;

2207 3959 2426 4033 Ἐπειδή
2478 3985 2537 4039 γε
2587 3959 2947 4040 ὑπερϐάλλειν
2993 3964 3092 4020 οὐκ
3138 3969 3248 4039 (40)
3296 3969 3359 4036 ἦν
3416 3966 3579 4041 ἀρετῇ
3621 3967 3711 4020 καὶ
3741 3972 3861 4028 τοῖς

2205 4050 2496 4126 κρείττοσι,
2546 4050 2634 4108 διὰ
2658 4057 2756 4108 τοῦ
2803 4053 3045 4110 ἐναντίου
3077 4061 3302 4132 φανῆναι
3334 4054 3716 4131 φιλονεικήσας
3745 4057 3860 4129 (41)

2204 4142 2304 4208 τῆς
2347 4139 2423 4202 εἷς
2473 4137 2778 4197 δυσσέϐειαν
2813 4143 3093 4220 ἀμετρίας,
3142 4144 3231 4198 καὶ
3279 4147 3378 4214 τῆς
3422 4143 3636 4219 περὶτὸ
3669 4149 3859 4219 χεῖρον

2208 4229 2545 4303 Φιλοτιμίας·
2603 4232 2666 4285 Ἡ
2730 4233 2822 4301 μὲν
2885 4230 2974 4287 οὖν
3037 4233 3166 4306 ὑπὲρ
3215 4235 3547 4307 Χριστιανῶν
3607 4237 3704 4286 τοῦ
3765 4231 3860 4285 ἀν.

2209 4315 2358 4393 δρὸς,
2410 4319 2499 4373 καὶ
2557 4319 2694 4394 πρὸς
2742 4321 3094 4394 Χριστιανοὺς
3145 4321 3421 4398 ἀπολογία
3469 4320 3721 4394 τοιαύτη,
3765 4321 3859 4375 καὶ

2213 4406 2356 4463 οὕτω
2380 4405 2560 4463 δικαία
2587 4413 2702 4472 τοῖς
2733 4430 2792 4487 γε
2821 4414 2944 4465 νοῦν
2975 4409 3216 4486 ἔχουσιν.

517 4610 634 4684 (30)
670 4608 759 4674 Εἲς
798 4615 1074 4668 πλεῖστον.
1123 4611 1218 4670 Sic
1247 4612 1510 4686 plerique
1558 4612 1805 4670 codices.
1860 4613 1960 4670 Ed.
2011 4612 2097 4669 ἐπὶ

2217 4614 2280 4687 le,
2317 4639 2338 4666 ι
2376 4619 2486 4671 etc.

445 4679 701 4738 πλεῖστον
712 4725 724 4738 .

517 4755 632 4828 (31)
807 4753 1019 4832 πλῇθος
1077 4755 1403 4832 χρημάτων,
1454 4753 1516 4809 οὗ
1577 4753 1735 4826 δόξης
1794 4756 2094 4832 περιουσία.

447 4826 579 4883 Haec
609 4826 869 4883 excidere
901 4829 1026 4882 Par.
1060 4826 1404 4884 editoribus.

519 4899 630 4970 (32)
698 4895 795 4952 Καὶ
861 4899 1189 4974 ἀνθρώποις.
1255 4899 1458 4956 Comb.
1529 4896 1619 4951 καὶ
1684 4898 1829 4974 παρᾶ
1892 4898 2094 4974 ἀνθρώ-

443 4989 586 5030 ποις.

513 5041 626 5111 (33)
654 5044 740 5096 Τε.
773 5041 1028 5113 Deestgin
1062 5041 1361 5097 codicibus
1394 5057 1508 5096 non
1540 5042 1764 5113 paucis.

511 5109 625 5182 (34)
648 5111 902 5172 Τελείως.
937 5111 1174 5168 Codices
1207 5109 1597 5168 communiter
1625 5109 1844 5174 τελέως.

508 5185 621 5253 (35)
655 5183 974 5252 Νενικηκός.
1006 5184 1209 5239 Comb.
1240 5183 1545 5253 κεκινηκός.

514 5256 628 5329 (36)
659 5254 1052 5329 Χαρι-ζόμενος.
1090 5255 1314 5329 Billius,
1351 5257 1554 5328 primis
1601 5256 1779 5322 curis,
1811 5279 1838 5306 «
1872 5257 2093 5329 gratifi-

443 5325 579 5384 cari.
616 5347 646 5376 »
678 5327 892 5382 rectius
939 5343 1118 5397 quam
1170 5327 1227 5382 in
1285 5325 1426 5383 edit.
1489 5328 1667 5395 Paris,
1718 5345 1839 5398 quae
1876 5325 2094 5398 'habet,

445 5418 472 5447 (ι
503 5398 935 5453 commendare.
973 5419 1000 5446 »

511 5470 626 5542 (37)
668 5469 984 5542 Mydgum?»
1061 5467 1283 5542 σαθροῦ.
1358 5471 1489 5542 Hic,
1535 5469 1752 5541 optime
1829 5470 2096 5527 convenit

441 5538 712 5610 quod’ait
740 5538 988 5603 Tullius,
1023 5556 1064 5594 ιι
1096 5538 1243 5596 Tusc.
1274 5557 1329 5594 n.
1358 5541 1449 5608 21,
1471 5538 1608 5597 47τ’‹‹
1646 5544 1706 5596 In
1741 5543 1951 5597 animis
1969 5560 2092 5598 om-

441 5611 609 5685 nium
637 5615 725 5667 est
746 5611 861 5667 fere
882 5617 1090 5668 natura
1116 5611 1287 5685 molle
1313 5613 1974 5685 quiddam,demissum,
1992 5615 2095 5670 bu-

443 5681 604 5753 mile,
635 5689 972 5741 enervatum
1003 5681 1434 5757 quodammodo
1460 5690 1516 5742 et
1547 5685 1911 5758 languidum,
1938 5681 2088 5742 seni-

2277 4688 2393 4763 (38)
2421 4688 2537 4755 Ὃς,
2564 4685 2632 4743 τί.
2655 4687 2847 4763 Ilic,et
2866 4688 2931 4763 in
2962 4690 3230 4763 sequenti
3261 4689 3547 4759 membro,
3574 4688 3628 4742 τί
3660 4685 3716 4763 δὲ
3737 4688 3858 4763 οὐκ,

2206 4758 2424 4831 habent
2454 4759 2717 4815 nonnulli
2750 4758 2998 4831 codices,
3030 4758 3096 4818 ut
3146 4761 3284 4820 alibi
3317 4780 3434 4818 non
3465 4779 3618 4828 raro,
3649 4761 3701 4815 τί
3747 4759 3858 4816 δαί.

2207 4830 2404 4906 Graeca
2435 4831 2554 4906 haec
2585 4833 3246 4906 per_interrogationem
3293 4835 3568 4890 videntur
3613 4835 3861 4890 redden-

2208 4903 2280 4955 da
2314 4919 2325 4956 :
2362 4925 2389 4952 «
2425 4903 2552 4970 Qui,
2585 4904 2723 5030 quid
2772 4905 2831 4960 in
2861 4903 3205 4961 Christianis
3254 4907 3579 4961 causatus?
3611 4907 3757 4970 Quid
3801 4906 3858 4960 in

2208 4975 2424 5028 nostris
2458 4992 2571 5030 non
2627 4977 2964 5030 audandum
2998 4978 3300 5030 inveniens
3323 4978 3514 5030 ?Ouid
3549 4978 3609 5030 in
3641 4978 3858 5030 Graeco-

2207 4975 2424 5028 nostris
2458 4992 2571 5030 non
2604 4975 2964 5031 laudandum
2998 4978 3300 5033 inveniens
3323 4978 3514 5042 ?Quid
3549 4978 3609 5033 in
3641 4978 3865 5033 Graeco-

2206 5061 2336 5100 rum
2387 5046 2762 5122 dogmatibus
2808 5049 3108 5122 eximiumg
3143 5055 3204 5122 et
3251 5048 3572 5122 nonifacili
3630 5050 3860 5122 negotio

2207 5134 2475 5192 sermone
2532 5118 2973 5175 convellendum
3031 5120 3347 5176 arbitratus
3382 5121 3410 5175 ?
3467 5121 3628 5185 Quod
3695 5118 3862 5192 porro

2205 5188 2534 5264 exemplum
2587 5196 2845 5264 secutus,
2879 5192 3344 5249 famosissimum
3375 5209 3502 5248 sese
3532 5208 3602 5248 ex
3648 5188 3860 5264 impie-

2203 5264 2320 5315 tate
2351 5261 2702 5317 constituit?
2731 5281 2757 5312 ι

2275 5333 2870 5408 (39)Γνωριμώτατον.
2931 5335 3429 5408 Superscriptum,
3492 5333 3857 5405 ὀνομαστότα-

2200 5421 2314 5470 τον,
2350 5426 2376 5453 ‹‹
2408 5404 2870 5462 celeberrimum.
2906 5428 2934 5454 »

2274 5475 2383 5551 (l0)
2412 5471 2818 5551 _'_i‘.-;ap6at).).ew_
2855 5475 2952 5551 οὑκ
2993 5476 3083 5551 ᾖν.
3119 5479 3178 5551 I_n
3205 5494 3352 5551 mss.
3403 5495 3517 5534 non
3568 5478 3770 5551 paucis
3799 5481 3857 5532 et

2202 5544 2465 5624 in
2495 5544 2731 5624 legitur,
2767 5547 2956 5624 οὑκγῆν
2993 5544 3340 5624 ὑπερβαλεῖν.

2275 5620 2386 5687 (41)
2419 5617 2836 5689 Φιλονεικήσας.
2872 5623 3012 5695 Reg.
3051 5617 3517 5698 ἷ.’ἐφιλονείκησε.
