  <div class='ocr_page' id='page_1' title='image "/cluster/home/n/w/nwhite01/storage/ocr_20150623/35/hvd.32044054100326/288.png"; bbox 0 0 2101 3106; ppageno 0'>
   <div class='ocr_carea' id='block_1_1' title="bbox 144 229 201 259">
    <p class='ocr_par' dir='ltr' id='par_1_1' title="bbox 144 229 201 259">
     <span class='ocr_line' id='line_1_1' title="bbox 144 229 201 259; baseline -0.018 0"><span class='ocrx_word' id='word_1_1' title='bbox 144 229 201 259; x_wconf 79' lang='grc'>565</span> 
     </span>
    </p>
   </div>
   <div class='ocr_carea' id='block_1_2' title="bbox 636 228 1350 263">
    <p class='ocr_par' dir='ltr' id='par_1_2' title="bbox 636 228 1350 263">
     <span class='ocr_line' id='line_1_2' title="bbox 636 228 1350 263; baseline 0.003 -5"><span class='ocrx_word' id='word_1_2' title='bbox 636 228 783 259; x_wconf 80' lang='lat' dir='ltr'>ORATIO</span> <span class='ocrx_word' id='word_1_3' title='bbox 806 229 908 260; x_wconf 87' lang='lat' dir='ltr'>lV.—</span> <span class='ocrx_word' id='word_1_4' title='bbox 924 231 1076 261; x_wconf 74' lang='lat' dir='ltr'>CONTRA</span> <span class='ocrx_word' id='word_1_5' title='bbox 1103 231 1305 263; x_wconf 83' lang='lat' dir='ltr'>JULIANUM</span> <span class='ocrx_word' id='word_1_6' title='bbox 1327 230 1350 261; x_wconf 90' lang='grc' dir='ltr'>Ῐ.</span> 
     </span>
    </p>
   </div>
   <div class='ocr_carea' id='block_1_3' title="bbox 1785 226 1844 258">
    <p class='ocr_par' dir='ltr' id='par_1_3' title="bbox 1785 226 1844 258">
     <span class='ocr_line' id='line_1_3' title="bbox 1785 226 1844 258; baseline -0.017 0"><span class='ocrx_word' id='word_1_7' title='bbox 1785 226 1844 258; x_wconf 78' lang='lat'>566</span> 
     </span>
    </p>
   </div>
   <div class='ocr_carea' id='block_1_4' title="bbox 141 293 1843 334">
    <p class='ocr_par' dir='ltr' id='par_1_4' title="bbox 141 293 1843 334">
     <span class='ocr_line' id='line_1_4' title="bbox 141 293 1843 334; baseline 0 -11"><span class='ocrx_word' id='word_1_8' title='bbox 141 295 238 330; x_wconf 86' lang='lat' dir='ltr'>modo,</span> <span class='ocrx_word' id='word_1_9' title='bbox 255 294 309 324; x_wconf 87' lang='lat' dir='ltr'>hoc</span> <span class='ocrx_word' id='word_1_10' title='bbox 324 296 378 328; x_wconf 87' lang='lat' dir='ltr'>est,</span> <span class='ocrx_word' id='word_1_11' title='bbox 395 303 445 332; x_wconf 89' lang='lat' dir='ltr'>per</span> <span class='ocrx_word' id='word_1_12' title='bbox 463 293 652 324; x_wconf 77' lang='lat' dir='ltr'>immodicam</span> <span class='ocrx_word' id='word_1_13' title='bbox 673 295 831 331; x_wconf 80' lang='lat' dir='ltr'>quamdam</span> <span class='ocrx_word' id='word_1_14' title='bbox 847 298 875 324; x_wconf 91' lang='lat' dir='ltr'>et</span> <span class='ocrx_word' id='word_1_15' title='bbox 887 296 1056 325; x_wconf 78' lang='lat' dir='ltr'>eii‘renetam</span> <span class='ocrx_word' id='word_1_16' title='bbox 1071 297 1262 334; x_wconf 76' lang='lat' dir='ltr'>impietatem,</span> <span class='ocrx_word' id='word_1_17' title='bbox 1278 297 1469 334; x_wconf 79' lang='lat' dir='ltr'>pervicaxque</span> <span class='ocrx_word' id='word_1_18' title='bbox 1482 295 1544 324; x_wconf 80' lang='lat' dir='ltr'>vitii</span> <span class='ocrx_word' id='word_1_19' title='bbox 1559 294 1700 329; x_wconf 87' lang='lat' dir='ltr'>studium,</span> <span class='ocrx_word' id='word_1_20' title='bbox 1715 294 1843 323; x_wconf 83' lang='lat' dir='ltr'>nominis</span> 
     </span>
    </p>
   </div>
   <div class='ocr_carea' id='block_1_5' title="bbox 141 339 1842 377">
    <p class='ocr_par' dir='ltr' id='par_1_5' title="bbox 141 339 1842 377">
     <span class='ocr_line' id='line_1_5' title="bbox 141 339 1842 377; baseline 0 -10"><span class='ocrx_word' id='word_1_21' title='bbox 141 339 326 376; x_wconf 78' lang='lat' dir='ltr'>splendorem</span> <span class='ocrx_word' id='word_1_22' title='bbox 341 340 397 369; x_wconf 84' lang='lat' dir='ltr'>sibi</span> <span class='ocrx_word' id='word_1_23' title='bbox 412 340 566 368; x_wconf 89' lang='lat' dir='ltr'>conciliare</span> <span class='ocrx_word' id='word_1_24' title='bbox 580 340 705 369; x_wconf 84' lang='lat' dir='ltr'>obnixus</span> <span class='ocrx_word' id='word_1_25' title='bbox 719 343 772 369; x_wconf 85' lang='lat' dir='ltr'>est.</span> <span class='ocrx_word' id='word_1_26' title='bbox 786 343 825 369; x_wconf 80' lang='lat' dir='ltr'>Ac</span> <span class='ocrx_word' id='word_1_27' title='bbox 842 342 877 369; x_wconf 89' lang='lat' dir='ltr'>de</span> <span class='ocrx_word' id='word_1_28' title='bbox 889 342 1072 377; x_wconf 82' lang='lat' dir='ltr'>Christianis,</span> <span class='ocrx_word' id='word_1_29' title='bbox 1085 345 1112 370; x_wconf 90' lang='lat' dir='ltr'>et</span> <span class='ocrx_word' id='word_1_30' title='bbox 1127 344 1162 370; x_wconf 83' lang='lat' dir='ltr'>ad</span> <span class='ocrx_word' id='word_1_31' title='bbox 1175 343 1367 375; x_wconf 79' lang='lat' dir='ltr'>Christianos,</span> <span class='ocrx_word' id='word_1_32' title='bbox 1378 341 1446 369; x_wconf 86' lang='lat' dir='ltr'>talis</span> <span class='ocrx_word' id='word_1_33' title='bbox 1462 343 1506 369; x_wconf 87' lang='lat' dir='ltr'>est</span> <span class='ocrx_word' id='word_1_34' title='bbox 1521 340 1682 369; x_wconf 84' lang='lat' dir='ltr'>Constantii</span> <span class='ocrx_word' id='word_1_35' title='bbox 1699 340 1842 376; x_wconf 75' lang='lat' dir='ltr'>purgatio,</span> 
     </span>
    </p>
   </div>
   <div class='ocr_carea' id='block_1_6' title="bbox 140 385 1185 423">
    <p class='ocr_par' dir='ltr' id='par_1_6' title="bbox 140 385 1185 423">
     <span class='ocr_line' id='line_1_6' title="bbox 140 385 1185 423; baseline 0.002 -11"><span class='ocrx_word' id='word_1_36' title='bbox 140 387 259 420; x_wconf 78' lang='lat' dir='ltr'>tamque</span> <span class='ocrx_word' id='word_1_37' title='bbox 275 393 357 421; x_wconf 75' lang='lat' dir='ltr'>aequa</span> <span class='ocrx_word' id='word_1_38' title='bbox 369 385 500 420; x_wconf 87' lang='lat' dir='ltr'>etjusta,</span> <span class='ocrx_word' id='word_1_39' title='bbox 516 385 562 412; x_wconf 90' lang='lat' dir='ltr'>bis</span> <span class='ocrx_word' id='word_1_40' title='bbox 577 385 694 420; x_wconf 82' lang='lat' dir='ltr'>quidem</span> <span class='ocrx_word' id='word_1_41' title='bbox 710 387 785 413; x_wconf 84' lang='lat' dir='ltr'>certe</span> <span class='ocrx_word' id='word_1_42' title='bbox 801 386 850 422; x_wconf 88' lang='lat' dir='ltr'>qui</span> <span class='ocrx_word' id='word_1_43' title='bbox 868 389 963 414; x_wconf 89' lang='lat' dir='ltr'>mente</span> <span class='ocrx_word' id='word_1_44' title='bbox 980 387 1091 423; x_wconf 67' lang='lat' dir='ltr'>prmditi</span> <span class='ocrx_word' id='word_1_45' title='bbox 1107 389 1185 415; x_wconf 88' lang='lat' dir='ltr'>sunt.</span> 
     </span>
    </p>
   </div>
   <div class='ocr_carea' id='block_1_7' title="bbox 176 436 958 475">
    <p class='ocr_par' dir='ltr' id='par_1_7' title="bbox 176 436 958 475">
     <span class='ocr_line' id='line_1_7' title="bbox 176 436 958 475; baseline 0.003 -11"><span class='ocrx_word' id='word_1_46' title='bbox 176 438 236 466; x_wconf 87' lang='grc' dir='ltr'>ΛΘ’.</span> <span class='ocrx_word' id='word_1_47' title='bbox 255 437 328 465; x_wconf 78' lang='grc' dir='ltr'>Ἐπεὶ</span> <span class='ocrx_word' id='word_1_48' title='bbox 353 436 381 464; x_wconf 82' lang='grc' dir='ltr'><strong>δέ</strong></span> <span class='ocrx_word' id='word_1_49' title='bbox 477 437 526 465; x_wconf 82' lang='grc' dir='ltr'>εἷ’σί</span> <span class='ocrx_word' id='word_1_50' title='bbox 550 448 633 472; x_wconf 83' lang='grc' dir='ltr'>τινες,</span> <span class='ocrx_word' id='word_1_51' title='bbox 649 437 685 472; x_wconf 83' lang='grc' dir='ltr'>οἳ,</span> <span class='ocrx_word' id='word_1_52' title='bbox 701 438 748 465; x_wconf 71' lang='grc' dir='ltr'>κᾶν</span> <span class='ocrx_word' id='word_1_53' title='bbox 772 438 872 473; x_wconf 71' lang='grc' dir='ltr'>ταύτης</span> <span class='ocrx_word' id='word_1_54' title='bbox 889 439 958 475; x_wconf 75' lang='grc' dir='ltr'>ἡμᾶς</span> 
     </span>
    </p>
   </div>
   <div class='ocr_carea' id='block_1_8' title="bbox 1014 436 1842 475">
    <p class='ocr_par' dir='ltr' id='par_1_8' title="bbox 1054 438 1842 475">
     <span class='ocr_line' id='line_1_8' title="bbox 1054 438 1842 475; baseline -0.004 -7"><span class='ocrx_word' id='word_1_55' title='bbox 1054 440 1174 468; x_wconf 76' lang='lat' dir='ltr'>XXXIX.</span> <span class='ocrx_word' id='word_1_56' title='bbox 1206 440 1348 473; x_wconf 85' lang='lat' dir='ltr'>Quoniam</span> <span class='ocrx_word' id='word_1_57' title='bbox 1379 441 1475 467; x_wconf 79' lang='lat' dir='ltr'>autem</span> <span class='ocrx_word' id='word_1_58' title='bbox 1504 438 1638 466; x_wconf 84' lang='lat' dir='ltr'>nonnulli</span> <span class='ocrx_word' id='word_1_59' title='bbox 1667 440 1749 472; x_wconf 88' lang='lat' dir='ltr'>sunt,</span> <span class='ocrx_word' id='word_1_60' title='bbox 1780 439 1842 475; x_wconf 86' lang='lat' dir='ltr'>qui,</span> 
     </span>
    </p>
   </div>
   <div class='ocr_carea' id='block_1_9' title="bbox 141 481 966 522">
    <p class='ocr_par' dir='ltr' id='par_1_9' title="bbox 141 481 966 522">
     <span class='ocr_line' id='line_1_9' title="bbox 141 481 966 522; baseline 0.001 -13"><span class='ocrx_word' id='word_1_61' title='bbox 141 481 301 509; x_wconf 75' lang='grc' dir='ltr'>ἀπολύσωσι</span> <span class='ocrx_word' id='word_1_62' title='bbox 331 485 380 516; x_wconf 86' lang='grc' dir='ltr'>τῆς</span> <span class='ocrx_word' id='word_1_63' title='bbox 405 481 500 518; x_wconf 82' lang='grc' dir='ltr'>αἰτίας,</span> <span class='ocrx_word' id='word_1_64' title='bbox 530 481 621 520; x_wconf 68' lang='grc' dir='ltr'>ἑτέρας</span> <span class='ocrx_word' id='word_1_65' title='bbox 649 482 699 509; x_wconf 79' lang='grc' dir='ltr'>οὐκ</span> <span class='ocrx_word' id='word_1_66' title='bbox 723 482 863 522; x_wconf 70' lang='grc' dir='ltr'>ἀφιέντες,</span> <span class='ocrx_word' id='word_1_67' title='bbox 892 482 966 511; x_wconf 75' lang='grc' dir='ltr'>ἀλλὰ</span> 
     </span>
    </p>
   </div>
   <div class='ocr_carea' id='block_1_10' title="bbox 139 525 965 565">
    <p class='ocr_par' dir='ltr' id='par_1_10' title="bbox 139 525 965 565">
     <span class='ocr_line' id='line_1_10' title="bbox 139 525 965 565; baseline 0 -11"><span class='ocrx_word' id='word_1_68' title='bbox 139 528 356 565; x_wconf 73' lang='grc' dir='ltr'>κατηγοροῦντες</span> <span class='ocrx_word' id='word_1_69' title='bbox 382 526 504 561; x_wconf 78' lang='grc' dir='ltr'>εὐήθειαν</span> <span class='ocrx_word' id='word_1_70' title='bbox 523 548 530 560; x_wconf 83' lang='grc'>,</span> <span class='ocrx_word' id='word_1_71' title='bbox 556 526 598 554; x_wconf 76' lang='grc' dir='ltr'>ὅτι</span> <span class='ocrx_word' id='word_1_72' title='bbox 626 529 665 562; x_wconf 82' lang='grc' dir='ltr'>τῷ</span> <span class='ocrx_word' id='word_1_73' title='bbox 688 525 892 563; x_wconf 76' lang='grc' dir='ltr'>δυσμενεστάτῳ</span> <span class='ocrx_word' id='word_1_74' title='bbox 919 527 965 555; x_wconf 66' lang='grc' dir='ltr'>καὶ</span> 
     </span>
    </p>
   </div>
   <div class='ocr_carea' id='block_1_11' title="bbox 138 570 963 609">
    <p class='ocr_par' dir='ltr' id='par_1_11' title="bbox 138 570 963 609">
     <span class='ocr_line' id='line_1_11' title="bbox 138 570 963 609; baseline 0.001 -11"><span class='ocrx_word' id='word_1_75' title='bbox 138 570 343 607; x_wconf 70' lang='grc' dir='ltr'>πολεμιωτάτῳ</span> <span class='ocrx_word' id='word_1_76' title='bbox 370 572 420 605; x_wconf 78' lang='grc' dir='ltr'>τὴν</span> <span class='ocrx_word' id='word_1_77' title='bbox 450 571 539 609; x_wconf 74' lang='grc' dir='ltr'>ἀρχὴν</span> <span class='ocrx_word' id='word_1_78' title='bbox 568 571 724 609; x_wconf 77' lang='grc' dir='ltr'>ἐνεχείρισε,</span> <span class='ocrx_word' id='word_1_79' title='bbox 749 572 794 598; x_wconf 89' lang='grc' dir='ltr'>καὶ</span> <span class='ocrx_word' id='word_1_80' title='bbox 817 572 862 599; x_wconf 85' lang='grc' dir='ltr'>τὸν</span> <span class='ocrx_word' id='word_1_81' title='bbox 884 572 963 599; x_wconf 84' lang='grc' dir='ltr'>αὐτὸν</span> 
     </span>
    </p>
   </div>
   <div class='ocr_carea' id='block_1_12' title="bbox 137 615 964 654">
    <p class='ocr_par' dir='ltr' id='par_1_12' title="bbox 137 615 964 654">
     <span class='ocr_line' id='line_1_12' title="bbox 137 615 964 654; baseline -0.001 -11"><span class='ocrx_word' id='word_1_82' title='bbox 137 615 236 653; x_wconf 69' lang='grc' dir='ltr'>ἐχθρὸν</span> <span class='ocrx_word' id='word_1_83' title='bbox 260 616 403 654; x_wconf 82' lang='grc' dir='ltr'>πρότερον,</span> <span class='ocrx_word' id='word_1_84' title='bbox 429 615 484 643; x_wconf 80' lang='grc' dir='ltr'>εἶτα</span> <span class='ocrx_word' id='word_1_85' title='bbox 509 615 619 654; x_wconf 81' lang='grc' dir='ltr'>ἰσχυρὸν</span> <span class='ocrx_word' id='word_1_86' title='bbox 645 615 829 651; x_wconf 71' lang='grc' dir='ltr'>κατεσκεύασε,</span> <span class='ocrx_word' id='word_1_87' title='bbox 851 617 898 650; x_wconf 80' lang='grc' dir='ltr'>τὴν</span> <span class='ocrx_word' id='word_1_88' title='bbox 918 617 964 652; x_wconf 81' lang='grc' dir='ltr'>μὲν</span> 
     </span>
    </p>
   </div>
   <div class='ocr_carea' id='block_1_13' title="bbox 136 658 963 699">
    <p class='ocr_par' dir='ltr' id='par_1_13' title="bbox 136 658 963 699">
     <span class='ocr_line' id='line_1_13' title="bbox 136 658 963 699; baseline 0.001 -12"><span class='ocrx_word' id='word_1_89' title='bbox 136 658 239 698; x_wconf 77' lang='grc' dir='ltr'>ἔχθραν</span> <span class='ocrx_word' id='word_1_90' title='bbox 255 659 299 688; x_wconf 72' lang='grc' dir='ltr'>διὰ</span> <span class='ocrx_word' id='word_1_91' title='bbox 313 664 362 695; x_wconf 84' lang='grc' dir='ltr'>τῆς</span> <span class='ocrx_word' id='word_1_92' title='bbox 376 662 425 688; x_wconf 74' lang='grc' dir='ltr'>τοῦ</span> <span class='ocrx_word' id='word_1_93' title='bbox 449 659 568 699; x_wconf 70' lang='grc' dir='ltr'>ἀδελφοῦ</span> <span class='ocrx_word' id='word_1_94' title='bbox 593 664 696 699; x_wconf 69' lang='grc' dir='ltr'>σφαγῆς</span> <span class='ocrx_word' id='word_1_95' title='bbox 719 658 963 698; x_wconf 71' lang='grc' dir='ltr'>προκαταϐαΛόμε-</span> 
     </span>
    </p>
   </div>
   <div class='ocr_carea' id='block_1_14' title="bbox 135 704 962 742">
    <p class='ocr_par' dir='ltr' id='par_1_14' title="bbox 135 704 962 742">
     <span class='ocr_line' id='line_1_14' title="bbox 135 704 962 742; baseline 0 -10"><span class='ocrx_word' id='word_1_96' title='bbox 135 715 205 740; x_wconf 72' lang='grc' dir='ltr'>νος,</span> <span class='ocrx_word' id='word_1_97' title='bbox 234 706 284 739; x_wconf 76' lang='grc' dir='ltr'>τήν</span> <span class='ocrx_word' id='word_1_98' title='bbox 313 704 341 732; x_wconf 80' lang='grc' dir='ltr'>δὶ</span> <span class='ocrx_word' id='word_1_99' title='bbox 370 704 483 741; x_wconf 73' lang='grc' dir='ltr'>δύναμιν</span> <span class='ocrx_word' id='word_1_100' title='bbox 511 704 556 732; x_wconf 81' lang='grc' dir='ltr'>διὰ</span> <span class='ocrx_word' id='word_1_101' title='bbox 581 709 630 739; x_wconf 77' lang='grc' dir='ltr'>τῆς</span> <span class='ocrx_word' id='word_1_102' title='bbox 661 705 799 742; x_wconf 75' lang='grc' dir='ltr'>βασιλείας</span> <span class='ocrx_word' id='word_1_103' title='bbox 827 706 962 740; x_wconf 80' lang='grc' dir='ltr'>προσθείς·</span> 
     </span>
    </p>
   </div>
   <div class='ocr_carea' id='block_1_15' title="bbox 134 748 962 787">
    <p class='ocr_par' dir='ltr' id='par_1_15' title="bbox 134 748 962 787">
     <span class='ocr_line' id='line_1_15' title="bbox 134 748 962 787; baseline 0.002 -11"><span class='ocrx_word' id='word_1_104' title='bbox 134 750 284 787; x_wconf 83' lang='grc' dir='ltr'>ἀναγκαῖον</span> <span class='ocrx_word' id='word_1_105' title='bbox 311 749 355 777; x_wconf 86' lang='grc' dir='ltr'>καὶ</span> <span class='ocrx_word' id='word_1_106' title='bbox 385 749 446 787; x_wconf 81' lang='grc' dir='ltr'>περὶ</span> <span class='ocrx_word' id='word_1_107' title='bbox 475 749 572 777; x_wconf 80' lang='grc' dir='ltr'>τούτου</span> <span class='ocrx_word' id='word_1_108' title='bbox 604 750 707 787; x_wconf 72' lang='grc' dir='ltr'>βραχέα</span> <span class='ocrx_word' id='word_1_109' title='bbox 733 748 876 785; x_wconf 77' lang='grc' dir='ltr'>διεξελθεῖν</span> <span class='ocrx_word' id='word_1_110' title='bbox 908 751 962 786; x_wconf 77' lang='grc'>(43)</span> 
     </span>
    </p>
   </div>
   <div class='ocr_carea' id='block_1_16' title="bbox 134 793 961 833">
    <p class='ocr_par' dir='ltr' id='par_1_16' title="bbox 134 793 961 833">
     <span class='ocr_line' id='line_1_16' title="bbox 134 793 961 833; baseline 0.001 -13"><span class='ocrx_word' id='word_1_111' title='bbox 134 794 182 821; x_wconf 80' lang='grc' dir='ltr'>καὶ</span> <span class='ocrx_word' id='word_1_112' title='bbox 213 793 297 830; x_wconf 80' lang='grc' dir='ltr'>δεῖξαι</span> <span class='ocrx_word' id='word_1_113' title='bbox 329 794 366 830; x_wconf 79' lang='grc' dir='ltr'>μή</span> <span class='ocrx_word' id='word_1_114' title='bbox 394 794 558 821; x_wconf 77' lang='grc' dir='ltr'>παντάπασιν</span> <span class='ocrx_word' id='word_1_115' title='bbox 585 793 685 832; x_wconf 74' lang='grc' dir='ltr'>ἄλογον</span> <span class='ocrx_word' id='word_1_116' title='bbox 710 795 740 821; x_wconf 85' lang='grc' dir='ltr'>τὸ</span> <span class='ocrx_word' id='word_1_117' title='bbox 760 794 961 833; x_wconf 73' lang='grc' dir='ltr'>φιλάνθρωπον,</span> 
     </span>
    </p>
   </div>
   <div class='ocr_carea' id='block_1_17' title="bbox 135 837 962 876">
    <p class='ocr_par' dir='ltr' id='par_1_17' title="bbox 135 837 962 876">
     <span class='ocr_line' id='line_1_17' title="bbox 135 837 962 876; baseline 0 -11"><span class='ocrx_word' id='word_1_118' title='bbox 135 837 210 873; x_wconf 76' lang='grc' dir='ltr'>μηδὲ</span> <span class='ocrx_word' id='word_1_119' title='bbox 239 837 289 873; x_wconf 79' lang='grc' dir='ltr'>ἕξὼ</span> <span class='ocrx_word' id='word_1_120' title='bbox 318 842 366 870; x_wconf 79' lang='grc' dir='ltr'>τῆς</span> <span class='ocrx_word' id='word_1_121' title='bbox 400 838 542 876; x_wconf 78' lang='grc' dir='ltr'>βασιλικῆς</span> <span class='ocrx_word' id='word_1_122' title='bbox 572 837 748 876; x_wconf 72' lang='grc' dir='ltr'>μεγαλονοίας</span> <span class='ocrx_word' id='word_1_123' title='bbox 780 839 825 866; x_wconf 83' lang='grc' dir='ltr'>καὶ</span> <span class='ocrx_word' id='word_1_124' title='bbox 854 849 962 876; x_wconf 80' lang='grc' dir='ltr'>προμη-</span> 
     </span>
    </p>
   </div>
   <div class='ocr_carea' id='block_1_18' title="bbox 134 882 962 920">
    <p class='ocr_par' dir='ltr' id='par_1_18' title="bbox 134 882 962 920">
     <span class='ocr_line' id='line_1_18' title="bbox 134 882 962 920; baseline 0 -11"><span class='ocrx_word' id='word_1_125' title='bbox 134 882 222 914; x_wconf 81' lang='grc' dir='ltr'>θείας·</span> <span class='ocrx_word' id='word_1_126' title='bbox 242 883 287 910; x_wconf 70' lang='lat' dir='ltr'>xui.</span> <span class='ocrx_word' id='word_1_127' title='bbox 301 883 352 920; x_wconf 76' lang='grc' dir='ltr'>γὰρ</span> <span class='ocrx_word' id='word_1_128' title='bbox 364 882 392 910; x_wconf 75' lang='grc' dir='ltr'>ἂν</span> <span class='ocrx_word' id='word_1_129' title='bbox 406 882 598 920; x_wconf 81' lang='grc' dir='ltr'>αἰσχυνοίμην,</span> <span class='ocrx_word' id='word_1_130' title='bbox 616 882 649 917; x_wconf 75' lang='grc' dir='ltr'>εἶ,</span> <span class='ocrx_word' id='word_1_131' title='bbox 664 882 791 918; x_wconf 79' lang='grc' dir='ltr'>τοιαύςης</span> <span class='ocrx_word' id='word_1_132' title='bbox 808 886 869 920; x_wconf 77' lang='grc' dir='ltr'>παρ’</span> <span class='ocrx_word' id='word_1_133' title='bbox 879 883 962 910; x_wconf 75' lang='grc' dir='ltr'>αὐτοῦ</span> 
     </span>
    </p>
   </div>
   <div class='ocr_carea' id='block_1_19' title="bbox 132 925 962 967">
    <p class='ocr_par' dir='ltr' id='par_1_19' title="bbox 132 925 962 967">
     <span class='ocr_line' id='line_1_19' title="bbox 132 925 962 967; baseline 0 -13"><span class='ocrx_word' id='word_1_134' title='bbox 132 927 267 965; x_wconf 76' lang='grc' dir='ltr'>τυχόντες</span> <span class='ocrx_word' id='word_1_135' title='bbox 289 930 385 963; x_wconf 80' lang='grc' dir='ltr'>τιμῆς,</span> <span class='ocrx_word' id='word_1_136' title='bbox 410 927 454 954; x_wconf 82' lang='grc' dir='ltr'>καὶ</span> <span class='ocrx_word' id='word_1_137' title='bbox 478 929 606 954; x_wconf 75' lang='grc' dir='ltr'>τοσοῦτον</span> <span class='ocrx_word' id='word_1_138' title='bbox 629 927 709 954; x_wconf 73' lang='grc' dir='ltr'>αὐτὸν</span> <span class='ocrx_word' id='word_1_139' title='bbox 737 925 857 963; x_wconf 74' lang='grc' dir='ltr'>εὐσεϐείᾳ</span> <span class='ocrx_word' id='word_1_140' title='bbox 873 926 962 967; x_wconf 70' lang='grc' dir='ltr'>διαφέ-</span> 
     </span>
    </p>
   </div>
   <div class='ocr_carea' id='block_1_20' title="bbox 133 970 959 1009">
    <p class='ocr_par' dir='ltr' id='par_1_20' title="bbox 133 970 959 1009">
     <span class='ocr_line' id='line_1_20' title="bbox 133 970 959 1009; baseline 0.001 -11"><span class='ocrx_word' id='word_1_141' title='bbox 133 982 191 1009; x_wconf 84' lang='grc' dir='ltr'>ρειν</span> <span class='ocrx_word' id='word_1_142' title='bbox 209 971 428 1007; x_wconf 73' lang='grc' dir='ltr'>πεπιστευκότες,</span> <span class='ocrx_word' id='word_1_143' title='bbox 454 972 492 1007; x_wconf 83' lang='grc' dir='ltr'>μὴ</span> <span class='ocrx_word' id='word_1_144' title='bbox 518 972 550 998; x_wconf 78' lang='grc' dir='ltr'>τὰ</span> <span class='ocrx_word' id='word_1_145' title='bbox 574 973 630 1007; x_wconf 67' lang='grc'>(44)</span> <span class='ocrx_word' id='word_1_146' title='bbox 646 970 735 999; x_wconf 72' lang='grc' dir='ltr'>δίκαια</span> <span class='ocrx_word' id='word_1_147' title='bbox 757 973 959 1009; x_wconf 75' lang='grc' dir='ltr'>συνηγορήσαι-</span> 
     </span>
    </p>
   </div>
   <div class='ocr_carea' id='block_1_21' title="bbox 133 1014 959 1055">
    <p class='ocr_par' dir='ltr' id='par_1_21' title="bbox 133 1014 959 1055">
     <span class='ocr_line' id='line_1_21' title="bbox 133 1014 959 1055; baseline 0 -12"><span class='ocrx_word' id='word_1_148' title='bbox 133 1025 194 1052; x_wconf 89' lang='grc' dir='ltr'>μεν·</span> <span class='ocrx_word' id='word_1_149' title='bbox 221 1016 235 1043; x_wconf 82' lang='grc' dir='ltr'>ὂ</span> <span class='ocrx_word' id='word_1_150' title='bbox 259 1016 302 1043; x_wconf 78' lang='grc' dir='ltr'>καὶ</span> <span class='ocrx_word' id='word_1_151' title='bbox 328 1018 387 1047; x_wconf 86' lang='grc' dir='ltr'>τοῖς</span> <span class='ocrx_word' id='word_1_152' title='bbox 411 1014 494 1052; x_wconf 77' lang='grc' dir='ltr'>μηδὲν</span> <span class='ocrx_word' id='word_1_153' title='bbox 518 1015 719 1054; x_wconf 76' lang='grc' dir='ltr'>εὐεργετηκόσιν</span> <span class='ocrx_word' id='word_1_154' title='bbox 745 1017 801 1052; x_wconf 78' lang='grc'>(45)</span> <span class='ocrx_word' id='word_1_155' title='bbox 823 1016 959 1055; x_wconf 75' lang='grc' dir='ltr'>ὀφείλεται</span> 
     </span>
    </p>
   </div>
   <div class='ocr_carea' id='block_1_22' title="bbox 131 1060 959 1098">
    <p class='ocr_par' dir='ltr' id='par_1_22' title="bbox 131 1060 959 1098">
     <span class='ocr_line' id='line_1_22' title="bbox 131 1060 959 1098; baseline 0 -11"><span class='ocrx_word' id='word_1_156' title='bbox 131 1064 196 1098; x_wconf 84' lang='grc' dir='ltr'>παρ’</span> <span class='ocrx_word' id='word_1_157' title='bbox 217 1062 309 1096; x_wconf 77' lang='grc' dir='ltr'>ἡμῶν,</span> <span class='ocrx_word' id='word_1_158' title='bbox 333 1062 387 1088; x_wconf 77' lang='grc' dir='ltr'>τῶν</span> <span class='ocrx_word' id='word_1_159' title='bbox 414 1061 501 1098; x_wconf 77' lang='grc' dir='ltr'>Δόγου</span> <span class='ocrx_word' id='word_1_160' title='bbox 529 1060 574 1087; x_wconf 85' lang='grc' dir='ltr'>καὶ</span> <span class='ocrx_word' id='word_1_161' title='bbox 602 1060 749 1094; x_wconf 80' lang='grc' dir='ltr'>Ἀληθείας</span> <span class='ocrx_word' id='word_1_162' title='bbox 779 1063 959 1098; x_wconf 74' lang='grc' dir='ltr'>θεραπευτῶν·</span> 
     </span>
    </p>
   </div>
   <div class='ocr_carea' id='block_1_23' title="bbox 130 1103 960 1142">
    <p class='ocr_par' dir='ltr' id='par_1_23' title="bbox 130 1103 960 1142">
     <span class='ocr_line' id='line_1_23' title="bbox 130 1103 960 1142; baseline 0 -10"><span class='ocrx_word' id='word_1_163' title='bbox 130 1105 178 1132; x_wconf 80' lang='grc' dir='ltr'>καὶ</span> <span class='ocrx_word' id='word_1_164' title='bbox 193 1107 278 1132; x_wconf 78' lang='grc' dir='ltr'>ταῦτα</span> <span class='ocrx_word' id='word_1_165' title='bbox 304 1105 371 1141; x_wconf 83' lang='grc' dir='ltr'>μετὰ</span> <span class='ocrx_word' id='word_1_166' title='bbox 397 1105 446 1139; x_wconf 79' lang='grc' dir='ltr'>τήν</span> <span class='ocrx_word' id='word_1_167' title='bbox 472 1105 589 1132; x_wconf 72' lang='grc' dir='ltr'>ἐντεῦθεν</span> <span class='ocrx_word' id='word_1_168' title='bbox 616 1103 791 1142; x_wconf 68' lang='grc' dir='ltr'>ἀπαλλαγὴν,</span> <span class='ocrx_word' id='word_1_169' title='bbox 811 1105 892 1140; x_wconf 80' lang='grc' dir='ltr'>ἡνίκα</span> <span class='ocrx_word' id='word_1_170' title='bbox 916 1104 960 1132; x_wconf 75' lang='grc' dir='ltr'>καί</span> 
     </span>
    </p>
   </div>
   <div class='ocr_carea' id='block_1_24' title="bbox 128 1148 960 1187">
    <p class='ocr_par' dir='ltr' id='par_1_24' title="bbox 128 1148 960 1187">
     <span class='ocr_line' id='line_1_24' title="bbox 128 1148 960 1187; baseline 0 -10"><span class='ocrx_word' id='word_1_171' title='bbox 128 1150 163 1177; x_wconf 78' lang='grc' dir='ltr'>τὸ</span> <span class='ocrx_word' id='word_1_172' title='bbox 192 1149 351 1176; x_wconf 68' lang='grc' dir='ltr'>κολακεύειν</span> <span class='ocrx_word' id='word_1_173' title='bbox 387 1148 475 1177; x_wconf 81' lang='grc' dir='ltr'>δοκεῖν</span> <span class='ocrx_word' id='word_1_174' title='bbox 514 1148 739 1187; x_wconf 75' lang='grc' dir='ltr'>ἐκπεφεύγαμεν,</span> <span class='ocrx_word' id='word_1_175' title='bbox 766 1149 811 1176; x_wconf 88' lang='grc' dir='ltr'>καὶ</span> <span class='ocrx_word' id='word_1_176' title='bbox 839 1153 960 1187; x_wconf 71' lang='grc' dir='ltr'>πονηρᾶς</span> 
     </span>
    </p>
   </div>
   <div class='ocr_carea' id='block_1_25' title="bbox 129 1193 559 1231">
    <p class='ocr_par' dir='ltr' id='par_1_25' title="bbox 129 1193 559 1231">
     <span class='ocr_line' id='line_1_25' title="bbox 129 1193 559 1231; baseline 0 -10"><span class='ocrx_word' id='word_1_177' title='bbox 129 1193 277 1231; x_wconf 76' lang='grc' dir='ltr'>ἐλεύθερος</span> <span class='ocrx_word' id='word_1_178' title='bbox 293 1193 419 1224; x_wconf 84' lang='grc' dir='ltr'>ὑπονοίας</span> <span class='ocrx_word' id='word_1_179' title='bbox 435 1193 449 1220; x_wconf 89' lang='lat'>6</span> <span class='ocrx_word' id='word_1_180' title='bbox 466 1193 559 1231; x_wconf 82' lang='grc' dir='ltr'>λόγος.</span> 
     </span>
    </p>
   </div>
   <div class='ocr_carea' id='block_1_26' title="bbox 129 1238 988 1276">
    <p class='ocr_par' dir='ltr' id='par_1_26' title="bbox 129 1238 988 1276">
     <span class='ocr_line' id='line_1_26' title="bbox 129 1238 988 1276; baseline 0.002 -11"><span class='ocrx_word' id='word_1_181' title='bbox 129 1239 272 1267; x_wconf 79' lang='lat' dir='ltr'>Veritatis</span> <span class='ocrx_word' id='word_1_182' title='bbox 297 1238 409 1267; x_wconf 89' lang='lat' dir='ltr'>cultum</span> <span class='ocrx_word' id='word_1_183' title='bbox 434 1239 616 1274; x_wconf 85' lang='lat' dir='ltr'>proﬁtemur,</span> <span class='ocrx_word' id='word_1_184' title='bbox 633 1239 763 1274; x_wconf 64' lang='lat' dir='ltr'>praestari</span> <span class='ocrx_word' id='word_1_185' title='bbox 779 1238 876 1273; x_wconf 83' lang='lat' dir='ltr'>debet;</span> <span class='ocrx_word' id='word_1_186' title='bbox 900 1240 988 1276; x_wconf 81' lang='lat' dir='ltr'>idque</span> 
     </span>
    </p>
   </div>
   <div class='ocr_carea' id='block_1_27' title="bbox 127 1283 991 1320">
    <p class='ocr_par' dir='ltr' id='par_1_27' title="bbox 127 1283 991 1320">
     <span class='ocr_line' id='line_1_27' title="bbox 127 1283 991 1320; baseline 0.002 -10"><span class='ocrx_word' id='word_1_187' title='bbox 127 1283 293 1311; x_wconf 86' lang='lat' dir='ltr'>verendum</span> <span class='ocrx_word' id='word_1_188' title='bbox 322 1292 379 1311; x_wconf 90' lang='lat' dir='ltr'>non</span> <span class='ocrx_word' id='word_1_189' title='bbox 409 1286 463 1317; x_wconf 84' lang='lat' dir='ltr'>est,</span> <span class='ocrx_word' id='word_1_190' title='bbox 480 1292 516 1311; x_wconf 87' lang='lat' dir='ltr'>ne</span> <span class='ocrx_word' id='word_1_191' title='bbox 544 1283 573 1311; x_wconf 89' lang='lat' dir='ltr'>in</span> <span class='ocrx_word' id='word_1_192' title='bbox 602 1284 809 1312; x_wconf 79' lang='lat' dir='ltr'>assentationis</span> <span class='ocrx_word' id='word_1_193' title='bbox 825 1284 991 1320; x_wconf 85' lang='lat' dir='ltr'>opinionem</span> 
     </span>
    </p>
   </div>
   <div class='ocr_carea' id='block_1_28' title="bbox 127 1328 237 1356">
    <p class='ocr_par' dir='ltr' id='par_1_28' title="bbox 127 1328 237 1356">
     <span class='ocr_line' id='line_1_28' title="bbox 127 1328 237 1356; baseline -0.009 0"><span class='ocrx_word' id='word_1_194' title='bbox 127 1328 237 1356; x_wconf 82' lang='lat' dir='ltr'>oratio.</span> 
     </span>
    </p>
   </div>
   <div class='ocr_carea' id='block_1_29' title="bbox 166 1379 956 1418">
    <p class='ocr_par' dir='ltr' id='par_1_29' title="bbox 166 1379 956 1418">
     <span class='ocr_line' id='line_1_29' title="bbox 166 1379 956 1418; baseline 0.001 -10"><span class='ocrx_word' id='word_1_195' title='bbox 166 1381 210 1408; x_wconf 81' lang='grc' dir='ltr'>Μ’.</span> <span class='ocrx_word' id='word_1_196' title='bbox 227 1380 273 1411; x_wconf 82' lang='grc' dir='ltr'>Τίς</span> <span class='ocrx_word' id='word_1_197' title='bbox 295 1380 347 1418; x_wconf 81' lang='grc' dir='ltr'>γὰρ</span> <span class='ocrx_word' id='word_1_198' title='bbox 368 1380 417 1407; x_wconf 80' lang='grc' dir='ltr'>οὐκ</span> <span class='ocrx_word' id='word_1_199' title='bbox 443 1380 472 1407; x_wconf 72' lang='grc' dir='ltr'>ἂν</span> <span class='ocrx_word' id='word_1_200' title='bbox 498 1379 623 1415; x_wconf 69' lang='grc' dir='ltr'>ἤλπισεν,</span> <span class='ocrx_word' id='word_1_201' title='bbox 649 1380 671 1408; x_wconf 86' lang='grc' dir='ltr'>εἷ</span> <span class='ocrx_word' id='word_1_202' title='bbox 699 1382 735 1418; x_wconf 81' lang='grc' dir='ltr'>μή</span> <span class='ocrx_word' id='word_1_203' title='bbox 753 1392 777 1408; x_wconf 91' lang='grc' dir='ltr'>τι</span> <span class='ocrx_word' id='word_1_204' title='bbox 801 1380 882 1415; x_wconf 79' lang='grc' dir='ltr'>ἄλλο,</span> <span class='ocrx_word' id='word_1_205' title='bbox 897 1384 956 1413; x_wconf 83' lang='grc' dir='ltr'>ταῖς</span> 
     </span>
    </p>
   </div>
   <div class='ocr_carea' id='block_1_30' title="bbox 127 1424 958 1463">
    <p class='ocr_par' dir='ltr' id='par_1_30' title="bbox 127 1424 958 1463">
     <span class='ocr_line' id='line_1_30' title="bbox 127 1424 958 1463; baseline 0.002 -12"><span class='ocrx_word' id='word_1_206' title='bbox 127 1427 227 1462; x_wconf 84' lang='grc' dir='ltr'>τιμαῖς</span> <span class='ocrx_word' id='word_1_207' title='bbox 250 1426 374 1459; x_wconf 84' lang='grc' dir='ltr'>ποιήσειν</span> <span class='ocrx_word' id='word_1_208' title='bbox 407 1424 486 1452; x_wconf 77' lang='grc' dir='ltr'>αὐτὸν</span> <span class='ocrx_word' id='word_1_209' title='bbox 517 1425 712 1463; x_wconf 72' lang='grc' dir='ltr'>ἡμερώτερον;</span> <span class='ocrx_word' id='word_1_210' title='bbox 729 1425 773 1456; x_wconf 88' lang='grc' dir='ltr'>Τίς</span> <span class='ocrx_word' id='word_1_211' title='bbox 802 1424 830 1452; x_wconf 73' lang='grc' dir='ltr'>δὲ</span> <span class='ocrx_word' id='word_1_212' title='bbox 856 1425 906 1453; x_wconf 80' lang='grc' dir='ltr'>οὐκ</span> <span class='ocrx_word' id='word_1_213' title='bbox 929 1425 958 1453; x_wconf 75' lang='grc' dir='ltr'>ἐκ</span> 
     </span>
    </p>
   </div>
   <div class='ocr_carea' id='block_1_31' title="bbox 126 1468 957 1507">
    <p class='ocr_par' dir='ltr' id='par_1_31' title="bbox 126 1468 957 1507">
     <span class='ocr_line' id='line_1_31' title="bbox 126 1468 957 1507; baseline 0.002 -12"><span class='ocrx_word' id='word_1_214' title='bbox 126 1473 179 1504; x_wconf 80' lang='grc' dir='ltr'>τῆς</span> <span class='ocrx_word' id='word_1_215' title='bbox 191 1469 321 1505; x_wconf 69' lang='grc' dir='ltr'>πίστεως,</span> <span class='ocrx_word' id='word_1_216' title='bbox 346 1469 377 1503; x_wconf 80' lang='grc' dir='ltr'>ἣν</span> <span class='ocrx_word' id='word_1_217' title='bbox 400 1468 543 1502; x_wconf 82' lang='grc' dir='ltr'>ἐπιστεύθη</span> <span class='ocrx_word' id='word_1_218' title='bbox 569 1470 626 1505; x_wconf 67' lang='grc'>(46)</span> <span class='ocrx_word' id='word_1_219' title='bbox 650 1470 693 1496; x_wconf 74' lang='grc' dir='ltr'>καὶ</span> <span class='ocrx_word' id='word_1_220' title='bbox 718 1471 791 1507; x_wconf 71' lang='grc' dir='ltr'>παρὰ</span> <span class='ocrx_word' id='word_1_221' title='bbox 815 1470 846 1497; x_wconf 85' lang='grc' dir='ltr'>τὸ</span> <span class='ocrx_word' id='word_1_222' title='bbox 874 1470 957 1504; x_wconf 75' lang='grc' dir='ltr'>εἰκὸς,</span> 
     </span>
    </p>
   </div>
   <div class='ocr_carea' id='block_1_32' title="bbox 127 1512 956 1552">
    <p class='ocr_par' dir='ltr' id='par_1_32' title="bbox 127 1512 956 1552">
     <span class='ocr_line' id='line_1_32' title="bbox 127 1512 956 1552; baseline 0.001 -12"><span class='ocrx_word' id='word_1_223' title='bbox 127 1512 302 1550; x_wconf 78' lang='grc' dir='ltr'>δικαιότερον</span> <span class='ocrx_word' id='word_1_224' title='bbox 321 1522 328 1547; x_wconf 87' lang='grc'>;</span> <span class='ocrx_word' id='word_1_225' title='bbox 345 1513 384 1544; x_wconf 88' lang='grc' dir='ltr'>ὡς</span> <span class='ocrx_word' id='word_1_226' title='bbox 406 1514 505 1552; x_wconf 79' lang='grc' dir='ltr'>ἀμφοῖν</span> <span class='ocrx_word' id='word_1_227' title='bbox 529 1512 619 1548; x_wconf 80' lang='grc' dir='ltr'>δικαίᾳ</span> <span class='ocrx_word' id='word_1_228' title='bbox 640 1514 684 1540; x_wconf 83' lang='grc' dir='ltr'>καὶ</span> <span class='ocrx_word' id='word_1_229' title='bbox 709 1513 836 1551; x_wconf 84' lang='grc' dir='ltr'>βασιλικῇ</span> <span class='ocrx_word' id='word_1_230' title='bbox 859 1515 956 1552; x_wconf 82' lang='grc' dir='ltr'>κρίσει,</span> 
     </span>
    </p>
   </div>
   <div class='ocr_carea' id='block_1_33' title="bbox 125 1556 957 1597">
    <p class='ocr_par' dir='ltr' id='par_1_33' title="bbox 125 1556 957 1597">
     <span class='ocr_line' id='line_1_33' title="bbox 125 1556 957 1597; baseline 0.004 -13"><span class='ocrx_word' id='word_1_231' title='bbox 125 1560 175 1585; x_wconf 73' lang='grc' dir='ltr'>τοῦ</span> <span class='ocrx_word' id='word_1_232' title='bbox 203 1558 253 1593; x_wconf 71' lang='grc' dir='ltr'>μὲν</span> <span class='ocrx_word' id='word_1_233' title='bbox 279 1557 498 1594; x_wconf 63' lang='grc' dir='ltr'>ἐπιτιμηθέντος,</span> <span class='ocrx_word' id='word_1_234' title='bbox 513 1560 561 1585; x_wconf 81' lang='grc' dir='ltr'>τοῦ</span> <span class='ocrx_word' id='word_1_235' title='bbox 586 1557 615 1585; x_wconf 72' lang='grc' dir='ltr'>δὲ</span> <span class='ocrx_word' id='word_1_236' title='bbox 635 1556 839 1596; x_wconf 71' lang='grc' dir='ltr'>προϐληθέντος</span> <span class='ocrx_word' id='word_1_237' title='bbox 852 1569 858 1575; x_wconf 94' lang='grc'><strong>·</strong></span> <span class='ocrx_word' id='word_1_238' title='bbox 876 1560 889 1586; x_wconf 98' lang='lat'>6</span> <span class='ocrx_word' id='word_1_239' title='bbox 905 1560 957 1597; x_wconf 82' lang='grc' dir='ltr'>γὰρ</span> 
     </span>
    </p>
   </div>
   <div class='ocr_carea' id='block_1_34' title="bbox 126 1601 958 1639">
    <p class='ocr_par' dir='ltr' id='par_1_34' title="bbox 126 1601 958 1639">
     <span class='ocr_line' id='line_1_34' title="bbox 126 1601 958 1639; baseline 0.002 -10"><span class='ocrx_word' id='word_1_240' title='bbox 126 1603 171 1629; x_wconf 86' lang='grc' dir='ltr'>τὸν</span> <span class='ocrx_word' id='word_1_241' title='bbox 190 1601 316 1639; x_wconf 70' lang='grc' dir='ltr'>δεύτερον</span> <span class='ocrx_word' id='word_1_242' title='bbox 341 1603 471 1638; x_wconf 53' lang='lat' dir='ltr'>nimiast,</span> <span class='ocrx_word' id='word_1_243' title='bbox 493 1603 532 1632; x_wconf 80' lang='grc' dir='ltr'>οἷς</span> <span class='ocrx_word' id='word_1_244' title='bbox 557 1602 606 1630; x_wconf 80' lang='grc' dir='ltr'>οὐκ</span> <span class='ocrx_word' id='word_1_245' title='bbox 630 1603 659 1630; x_wconf 80' lang='grc' dir='ltr'>ἄν</span> <span class='ocrx_word' id='word_1_246' title='bbox 683 1613 725 1634; x_wconf 82' lang='grc' dir='ltr'>τις</span> <span class='ocrx_word' id='word_1_247' title='bbox 749 1602 875 1638; x_wconf 76' lang='grc' dir='ltr'>ἤλπισεν,</span> <span class='ocrx_word' id='word_1_248' title='bbox 897 1602 958 1631; x_wconf 75' lang='grc' dir='ltr'>οὐδὲ</span> 
     </span>
    </p>
   </div>
   <div class='ocr_carea' id='block_1_35' title="bbox 126 1645 956 1686">
    <p class='ocr_par' dir='ltr' id='par_1_35' title="bbox 126 1645 956 1686">
     <span class='ocr_line' id='line_1_35' title="bbox 126 1645 956 1686; baseline 0.002 -13"><span class='ocrx_word' id='word_1_249' title='bbox 126 1647 211 1677; x_wconf 69' lang='grc' dir='ltr'>αὐτὸς</span> <span class='ocrx_word' id='word_1_250' title='bbox 228 1646 242 1673; x_wconf 87' lang='lat'>6</span> <span class='ocrx_word' id='word_1_251' title='bbox 258 1647 349 1684; x_wconf 85' lang='grc' dir='ltr'>τυχὼν</span> <span class='ocrx_word' id='word_1_252' title='bbox 365 1650 415 1681; x_wconf 84' lang='grc' dir='ltr'>τῆς</span> <span class='ocrx_word' id='word_1_253' title='bbox 429 1650 525 1683; x_wconf 85' lang='grc' dir='ltr'>τιμῆς,</span> <span class='ocrx_word' id='word_1_254' title='bbox 542 1645 638 1681; x_wconf 79' lang='grc' dir='ltr'>δῆλον,</span> <span class='ocrx_word' id='word_1_255' title='bbox 655 1647 693 1678; x_wconf 84' lang='grc' dir='ltr'>ὡς</span> <span class='ocrx_word' id='word_1_256' title='bbox 718 1646 780 1675; x_wconf 71' lang='grc' dir='ltr'>οὐδὲ</span> <span class='ocrx_word' id='word_1_257' title='bbox 794 1649 838 1675; x_wconf 86' lang='grc' dir='ltr'>τὸν</span> <span class='ocrx_word' id='word_1_258' title='bbox 860 1648 956 1686; x_wconf 64' lang='grc' dir='ltr'>πρότεπ</span> 
     </span>
    </p>
   </div>
   <div class='ocr_carea' id='block_1_36' title="bbox 126 1689 957 1730">
    <p class='ocr_par' dir='ltr' id='par_1_36' title="bbox 126 1689 957 1730">
     <span class='ocr_line' id='line_1_36' title="bbox 126 1689 957 1730; baseline 0 -11"><span class='ocrx_word' id='word_1_259' title='bbox 126 1702 173 1729; x_wconf 83' lang='grc' dir='ltr'>ρον</span> <span class='ocrx_word' id='word_1_260' title='bbox 190 1690 255 1718; x_wconf 71' lang='grc' dir='ltr'>ἄνευ</span> <span class='ocrx_word' id='word_1_261' title='bbox 277 1690 383 1722; x_wconf 83' lang='grc' dir='ltr'>δικαίας</span> <span class='ocrx_word' id='word_1_262' title='bbox 408 1689 491 1730; x_wconf 54' lang='grc' dir='ltr'>ὀργῆς</span> <span class='ocrx_word' id='word_1_263' title='bbox 516 1691 666 1720; x_wconf 75' lang='grc' dir='ltr'>ἐκολάσατο</span> <span class='ocrx_word' id='word_1_264' title='bbox 684 1703 690 1709; x_wconf 93' lang='grc'>·</span> <span class='ocrx_word' id='word_1_265' title='bbox 712 1692 756 1720; x_wconf 82' lang='grc' dir='ltr'>καὶ</span> <span class='ocrx_word' id='word_1_266' title='bbox 781 1692 812 1720; x_wconf 88' lang='grc' dir='ltr'>τὸ</span> <span class='ocrx_word' id='word_1_267' title='bbox 838 1693 885 1729; x_wconf 70' lang='grc' dir='ltr'>μὲν</span> <span class='ocrx_word' id='word_1_268' title='bbox 908 1694 957 1727; x_wconf 79' lang='grc' dir='ltr'>τῆς</span> 
     </span>
    </p>
   </div>
   <div class='ocr_carea' id='block_1_37' title="bbox 125 1735 955 1774">
    <p class='ocr_par' dir='ltr' id='par_1_37' title="bbox 125 1735 955 1774">
     <span class='ocr_line' id='line_1_37' title="bbox 125 1735 955 1774; baseline 0 -10"><span class='ocrx_word' id='word_1_269' title='bbox 125 1736 234 1764; x_wconf 70' lang='grc' dir='ltr'>ἐκείνου</span> <span class='ocrx_word' id='word_1_270' title='bbox 262 1736 424 1773; x_wconf 85' lang='grc' dir='ltr'>προπετείας</span> <span class='ocrx_word' id='word_1_271' title='bbox 452 1736 497 1771; x_wconf 80' lang='grc' dir='ltr'>ἧν,</span> <span class='ocrx_word' id='word_1_272' title='bbox 523 1736 555 1764; x_wconf 89' lang='grc' dir='ltr'>τὸ</span> <span class='ocrx_word' id='word_1_273' title='bbox 585 1735 614 1764; x_wconf 73' lang='grc' dir='ltr'>δὲ</span> <span class='ocrx_word' id='word_1_274' title='bbox 637 1738 686 1771; x_wconf 84' lang='grc' dir='ltr'>τῆς</span> <span class='ocrx_word' id='word_1_275' title='bbox 710 1739 757 1764; x_wconf 77' lang='grc' dir='ltr'>τοῦ</span> <span class='ocrx_word' id='word_1_276' title='bbox 776 1737 955 1774; x_wconf 82' lang='grc' dir='ltr'>τετιμηκότος</span> 
     </span>
    </p>
   </div>
   <div class='ocr_carea' id='block_1_38' title="bbox 126 1780 345 1819">
    <p class='ocr_par' dir='ltr' id='par_1_38' title="bbox 126 1780 345 1819">
     <span class='ocr_line' id='line_1_38' title="bbox 126 1780 345 1819; baseline -0.005 -11"><span class='ocrx_word' id='word_1_277' title='bbox 126 1780 345 1819; x_wconf 71' lang='grc' dir='ltr'>φιλανθρωπίας.</span> 
     </span>
    </p>
   </div>
   <div class='ocr_carea' id='block_1_39' title="bbox 1020 483 1841 521">
    <p class='ocr_par' dir='ltr' id='par_1_39' title="bbox 1020 483 1841 521">
     <span class='ocr_line' id='line_1_39' title="bbox 1020 483 1841 521; baseline -0.002 -8"><span class='ocrx_word' id='word_1_278' title='bbox 1020 486 1155 521; x_wconf 77' lang='lat' dir='ltr'>quamvis</span> <span class='ocrx_word' id='word_1_279' title='bbox 1179 494 1232 513; x_wconf 87' lang='lat' dir='ltr'>nos</span> <span class='ocrx_word' id='word_1_280' title='bbox 1257 485 1311 512; x_wconf 90' lang='lat' dir='ltr'>hoc</span> <span class='ocrx_word' id='word_1_281' title='bbox 1336 484 1456 511; x_wconf 82' lang='lat' dir='ltr'>crimine</span> <span class='ocrx_word' id='word_1_282' title='bbox 1479 483 1612 516; x_wconf 74' lang='lat' dir='ltr'>liberant,</span> <span class='ocrx_word' id='word_1_283' title='bbox 1629 483 1720 510; x_wconf 88' lang='lat' dir='ltr'>altera</span> <span class='ocrx_word' id='word_1_284' title='bbox 1744 485 1841 512; x_wconf 86' lang='lat' dir='ltr'>tamen</span> 
     </span>
    </p>
   </div>
   <div class='ocr_carea' id='block_1_40' title="bbox 1019 528 1841 565">
    <p class='ocr_par' dir='ltr' id='par_1_40' title="bbox 1019 528 1841 565">
     <span class='ocr_line' id='line_1_40' title="bbox 1019 528 1841 565; baseline 0 -8"><span class='ocrx_word' id='word_1_285' title='bbox 1019 530 1106 565; x_wconf 87' lang='lat' dir='ltr'>culpa</span> <span class='ocrx_word' id='word_1_286' title='bbox 1130 530 1250 557; x_wconf 85' lang='lat' dir='ltr'>minime</span> <span class='ocrx_word' id='word_1_287' title='bbox 1270 529 1396 560; x_wconf 84' lang='lat' dir='ltr'>solvunt,</span> <span class='ocrx_word' id='word_1_288' title='bbox 1412 536 1512 555; x_wconf 85' lang='lat' dir='ltr'>verum</span> <span class='ocrx_word' id='word_1_289' title='bbox 1536 528 1665 555; x_wconf 65' lang='lat' dir='ltr'>stultitia:</span> <span class='ocrx_word' id='word_1_290' title='bbox 1690 530 1841 564; x_wconf 81' lang='lat' dir='ltr'>propterea</span> 
     </span>
    </p>
   </div>
   <div class='ocr_carea' id='block_1_41' title="bbox 1019 572 1841 610">
    <p class='ocr_par' dir='ltr' id='par_1_41' title="bbox 1019 572 1841 610">
     <span class='ocr_line' id='line_1_41' title="bbox 1019 572 1841 610; baseline 0 -8"><span class='ocrx_word' id='word_1_291' title='bbox 1019 574 1284 610; x_wconf 85' lang='lat' dir='ltr'>iusimulant,quod</span> <span class='ocrx_word' id='word_1_292' title='bbox 1297 574 1360 609; x_wconf 85' lang='lat' dir='ltr'>ipse</span> <span class='ocrx_word' id='word_1_293' title='bbox 1372 572 1575 600; x_wconf 86' lang='lat' dir='ltr'>inimicissimo</span> <span class='ocrx_word' id='word_1_294' title='bbox 1588 572 1695 599; x_wconf 87' lang='lat' dir='ltr'>homini</span> <span class='ocrx_word' id='word_1_295' title='bbox 1706 572 1841 610; x_wconf 83' lang='lat' dir='ltr'>hostique</span> 
     </span>
    </p>
   </div>
   <div class='ocr_carea' id='block_1_42' title="bbox 1020 617 1840 655">
    <p class='ocr_par' dir='ltr' id='par_1_42' title="bbox 1020 617 1840 655">
     <span class='ocr_line' id='line_1_42' title="bbox 1020 617 1840 655; baseline -0.001 -9"><span class='ocrx_word' id='word_1_296' title='bbox 1020 619 1160 647; x_wconf 90' lang='lat' dir='ltr'>acerrimo</span> <span class='ocrx_word' id='word_1_297' title='bbox 1171 619 1327 655; x_wconf 89' lang='lat' dir='ltr'>imperium</span> <span class='ocrx_word' id='word_1_298' title='bbox 1340 617 1529 648; x_wconf 86' lang='lat' dir='ltr'>commiserit,</span> <span class='ocrx_word' id='word_1_299' title='bbox 1538 619 1625 651; x_wconf 85' lang='lat' dir='ltr'>atque</span> <span class='ocrx_word' id='word_1_300' title='bbox 1636 617 1771 645; x_wconf 87' lang='lat' dir='ltr'>eumdem</span> <span class='ocrx_word' id='word_1_301' title='bbox 1784 618 1840 654; x_wconf 53' lang='lat' dir='ltr'>pri.</span> 
     </span>
    </p>
   </div>
   <div class='ocr_carea' id='block_1_43' title="bbox 1019 661 1840 697">
    <p class='ocr_par' dir='ltr' id='par_1_43' title="bbox 1019 661 1840 697">
     <span class='ocr_line' id='line_1_43' title="bbox 1019 661 1840 697; baseline -0.004 -6"><span class='ocrx_word' id='word_1_302' title='bbox 1019 671 1066 690; x_wconf 89' lang='lat' dir='ltr'>mo</span> <span class='ocrx_word' id='word_1_303' title='bbox 1080 663 1194 691; x_wconf 86' lang='lat' dir='ltr'>hostem</span> <span class='ocrx_word' id='word_1_304' title='bbox 1211 662 1347 695; x_wconf 73' lang='lat' dir='ltr'>effecerit,</span> <span class='ocrx_word' id='word_1_305' title='bbox 1359 661 1463 689; x_wconf 87' lang='lat' dir='ltr'>deinde</span> <span class='ocrx_word' id='word_1_306' title='bbox 1480 661 1568 689; x_wconf 86' lang='lat' dir='ltr'>robur</span> <span class='ocrx_word' id='word_1_307' title='bbox 1582 661 1638 696; x_wconf 86' lang='lat' dir='ltr'>ipsi</span> <span class='ocrx_word' id='word_1_308' title='bbox 1653 663 1840 697; x_wconf 74' lang='lat' dir='ltr'>compararit,</span> 
     </span>
    </p>
   </div>
   <div class='ocr_carea' id='block_1_44' title="bbox 1018 705 1838 743">
    <p class='ocr_par' dir='ltr' id='par_1_44' title="bbox 1018 705 1838 743">
     <span class='ocr_line' id='line_1_44' title="bbox 1018 705 1838 743; baseline -0.002 -8"><span class='ocrx_word' id='word_1_309' title='bbox 1018 708 1159 735; x_wconf 90' lang='lat' dir='ltr'>nimirum</span> <span class='ocrx_word' id='word_1_310' title='bbox 1176 716 1226 743; x_wconf 91' lang='lat' dir='ltr'>per</span> <span class='ocrx_word' id='word_1_311' title='bbox 1246 707 1344 734; x_wconf 81' lang='lat' dir='ltr'>fratris</span> <span class='ocrx_word' id='word_1_312' title='bbox 1368 706 1475 733; x_wconf 60' lang='lat' dir='ltr'>eadem</span> <span class='ocrx_word' id='word_1_313' title='bbox 1490 705 1649 733; x_wconf 67' lang='lat' dir='ltr'>inimicitiae</span> <span class='ocrx_word' id='word_1_314' title='bbox 1666 706 1838 734; x_wconf 85' lang='lat' dir='ltr'>fundamen-</span> 
     </span>
    </p>
   </div>
   <div class='ocr_carea' id='block_1_45' title="bbox 1018 750 1839 787">
    <p class='ocr_par' dir='ltr' id='par_1_45' title="bbox 1018 750 1839 787">
     <span class='ocr_line' id='line_1_45' title="bbox 1018 750 1839 787; baseline 0 -8"><span class='ocrx_word' id='word_1_315' title='bbox 1018 754 1081 779; x_wconf 90' lang='lat' dir='ltr'>tum</span> <span class='ocrx_word' id='word_1_316' title='bbox 1094 752 1218 787; x_wconf 88' lang='lat' dir='ltr'>jaciens,</span> <span class='ocrx_word' id='word_1_317' title='bbox 1233 754 1299 787; x_wconf 90' lang='lat' dir='ltr'>post</span> <span class='ocrx_word' id='word_1_318' title='bbox 1310 753 1406 778; x_wconf 80' lang='lat' dir='ltr'>autem</span> <span class='ocrx_word' id='word_1_319' title='bbox 1422 759 1473 786; x_wconf 86' lang='lat' dir='ltr'>per</span> <span class='ocrx_word' id='word_1_320' title='bbox 1487 750 1642 786; x_wconf 89' lang='lat' dir='ltr'>imperium</span> <span class='ocrx_word' id='word_1_321' title='bbox 1656 750 1749 778; x_wconf 87' lang='lat' dir='ltr'>eidem</span> <span class='ocrx_word' id='word_1_322' title='bbox 1764 751 1839 779; x_wconf 85' lang='lat' dir='ltr'>vires</span> 
     </span>
    </p>
   </div>
   <div class='ocr_carea' id='block_1_46' title="bbox 1017 794 1839 831">
    <p class='ocr_par' dir='ltr' id='par_1_46' title="bbox 1017 794 1839 831">
     <span class='ocr_line' id='line_1_46' title="bbox 1017 794 1839 831; baseline 0 -8"><span class='ocrx_word' id='word_1_323' title='bbox 1017 797 1144 829; x_wconf 79' lang='lat' dir='ltr'>addens;</span> <span class='ocrx_word' id='word_1_324' title='bbox 1161 796 1196 823; x_wconf 89' lang='lat' dir='ltr'>de</span> <span class='ocrx_word' id='word_1_325' title='bbox 1217 796 1271 823; x_wconf 87' lang='lat' dir='ltr'>hac</span> <span class='ocrx_word' id='word_1_326' title='bbox 1286 803 1401 831; x_wconf 89' lang='lat' dir='ltr'>quoque</span> <span class='ocrx_word' id='word_1_327' title='bbox 1425 803 1455 822; x_wconf 89' lang='lat' dir='ltr'>re</span> <span class='ocrx_word' id='word_1_328' title='bbox 1479 803 1572 830; x_wconf 86' lang='lat' dir='ltr'>pauca</span> <span class='ocrx_word' id='word_1_329' title='bbox 1588 795 1750 822; x_wconf 85' lang='lat' dir='ltr'>necessario</span> <span class='ocrx_word' id='word_1_330' title='bbox 1767 794 1839 823; x_wconf 86' lang='lat' dir='ltr'>mihi</span> 
     </span>
    </p>
   </div>
   <div class='ocr_carea' id='block_1_47' title="bbox 1017 839 1838 875">
    <p class='ocr_par' dir='ltr' id='par_1_47' title="bbox 1017 839 1838 875">
     <span class='ocr_line' id='line_1_47' title="bbox 1017 839 1838 875; baseline -0.001 -7"><span class='ocrx_word' id='word_1_331' title='bbox 1017 840 1140 868; x_wconf 89' lang='lat' dir='ltr'>dicenda</span> <span class='ocrx_word' id='word_1_332' title='bbox 1164 843 1241 873; x_wconf 88' lang='lat' dir='ltr'>sunt,</span> <span class='ocrx_word' id='word_1_333' title='bbox 1259 840 1391 875; x_wconf 84' lang='lat' dir='ltr'>illudque</span> <span class='ocrx_word' id='word_1_334' title='bbox 1411 839 1636 872; x_wconf 81' lang='lat' dir='ltr'>ostendendum,</span> <span class='ocrx_word' id='word_1_335' title='bbox 1653 847 1838 875; x_wconf 81' lang='lat' dir='ltr'>nequaquam</span> 
     </span>
    </p>
   </div>
   <div class='ocr_carea' id='block_1_48' title="bbox 1016 883 1839 919">
    <p class='ocr_par' dir='ltr' id='par_1_48' title="bbox 1016 883 1839 919">
     <span class='ocr_line' id='line_1_48' title="bbox 1016 883 1839 919; baseline 0 -7"><span class='ocrx_word' id='word_1_336' title='bbox 1016 885 1135 913; x_wconf 89' lang='lat' dir='ltr'>omnino</span> <span class='ocrx_word' id='word_1_337' title='bbox 1152 885 1347 912; x_wconf 87' lang='lat' dir='ltr'>inconsultam</span> <span class='ocrx_word' id='word_1_338' title='bbox 1364 886 1452 919; x_wconf 85' lang='lat' dir='ltr'>atque</span> <span class='ocrx_word' id='word_1_339' title='bbox 1469 892 1485 911; x_wconf 92' lang='lat' dir='ltr'>a</span> <span class='ocrx_word' id='word_1_340' title='bbox 1500 883 1611 911; x_wconf 83' lang='lat' dir='ltr'>ratione</span> <span class='ocrx_word' id='word_1_341' title='bbox 1626 883 1752 911; x_wconf 85' lang='lat' dir='ltr'>alienam</span> <span class='ocrx_word' id='word_1_342' title='bbox 1765 884 1839 912; x_wconf 86' lang='lat' dir='ltr'>hanc</span> 
     </span>
    </p>
   </div>
   <div class='ocr_carea' id='block_1_49' title="bbox 1016 928 1838 963">
    <p class='ocr_par' dir='ltr' id='par_1_49' title="bbox 1016 928 1838 963">
     <span class='ocr_line' id='line_1_49' title="bbox 1016 928 1838 963; baseline 0 -7"><span class='ocrx_word' id='word_1_343' title='bbox 1016 929 1200 957; x_wconf 85' lang='lat' dir='ltr'>clementiam</span> <span class='ocrx_word' id='word_1_344' title='bbox 1230 929 1386 961; x_wconf 85' lang='lat' dir='ltr'>exstitisse,</span> <span class='ocrx_word' id='word_1_345' title='bbox 1403 937 1455 956; x_wconf 88' lang='lat' dir='ltr'>nec</span> <span class='ocrx_word' id='word_1_346' title='bbox 1478 928 1514 955; x_wconf 91' lang='lat' dir='ltr'>ab</span> <span class='ocrx_word' id='word_1_347' title='bbox 1538 928 1726 963; x_wconf 82' lang='lat' dir='ltr'>imperatoria</span> <span class='ocrx_word' id='word_1_348' title='bbox 1750 929 1838 957; x_wconf 89' lang='lat' dir='ltr'>animi</span> 
     </span>
    </p>
   </div>
   <div class='ocr_carea' id='block_1_50' title="bbox 1016 972 1837 1009">
    <p class='ocr_par' dir='ltr' id='par_1_50' title="bbox 1016 972 1837 1009">
     <span class='ocr_line' id='line_1_50' title="bbox 1016 972 1837 1009; baseline 0 -8"><span class='ocrx_word' id='word_1_349' title='bbox 1016 974 1184 1009; x_wconf 70' lang='lat' dir='ltr'>prmstantia</span> <span class='ocrx_word' id='word_1_350' title='bbox 1208 973 1449 1009; x_wconf 84' lang='lat' dir='ltr'>providentiaque</span> <span class='ocrx_word' id='word_1_351' title='bbox 1473 975 1623 1000; x_wconf 83' lang='lat' dir='ltr'>remotam.</span> <span class='ocrx_word' id='word_1_352' title='bbox 1648 972 1757 1000; x_wconf 79' lang='lat' dir='ltr'>Etenim</span> <span class='ocrx_word' id='word_1_353' title='bbox 1782 981 1837 1008; x_wconf 90' lang='lat' dir='ltr'>pu-</span> 
     </span>
    </p>
   </div>
   <div class='ocr_carea' id='block_1_51' title="bbox 1015 1017 1837 1051">
    <p class='ocr_par' dir='ltr' id='par_1_51' title="bbox 1015 1017 1837 1051">
     <span class='ocr_line' id='line_1_51' title="bbox 1015 1017 1837 1051; baseline 0 -6"><span class='ocrx_word' id='word_1_354' title='bbox 1015 1018 1085 1045; x_wconf 84' lang='lat' dir='ltr'>dore</span> <span class='ocrx_word' id='word_1_355' title='bbox 1110 1018 1304 1049; x_wconf 84' lang='lat' dir='ltr'>sull‘underer,</span> <span class='ocrx_word' id='word_1_356' title='bbox 1322 1017 1356 1051; x_wconf 87' lang='lat' dir='ltr'>si,</span> <span class='ocrx_word' id='word_1_357' title='bbox 1374 1026 1440 1044; x_wconf 90' lang='lat' dir='ltr'>cum</span> <span class='ocrx_word' id='word_1_358' title='bbox 1464 1019 1580 1044; x_wconf 87' lang='lat' dir='ltr'>tantum</span> <span class='ocrx_word' id='word_1_359' title='bbox 1598 1017 1633 1044; x_wconf 85' lang='lat' dir='ltr'>ab</span> <span class='ocrx_word' id='word_1_360' title='bbox 1649 1025 1681 1044; x_wconf 85' lang='lat' dir='ltr'>eo</span> <span class='ocrx_word' id='word_1_361' title='bbox 1697 1017 1837 1045; x_wconf 83' lang='lat' dir='ltr'>honorem</span> 
     </span>
    </p>
   </div>
   <div class='ocr_carea' id='block_1_52' title="bbox 1015 1061 1838 1098">
    <p class='ocr_par' dir='ltr' id='par_1_52' title="bbox 1015 1061 1838 1098">
     <span class='ocr_line' id='line_1_52' title="bbox 1015 1061 1838 1098; baseline -0.001 -8"><span class='ocrx_word' id='word_1_362' title='bbox 1015 1063 1224 1098; x_wconf 73' lang='lat' dir='ltr'>acceperimus,</span> <span class='ocrx_word' id='word_1_363' title='bbox 1239 1071 1366 1098; x_wconf 89' lang='lat' dir='ltr'>eumque</span> <span class='ocrx_word' id='word_1_364' title='bbox 1375 1064 1455 1089; x_wconf 87' lang='lat' dir='ltr'>tanta</span> <span class='ocrx_word' id='word_1_365' title='bbox 1464 1061 1581 1097; x_wconf 82' lang='lat' dir='ltr'>pietatis</span> <span class='ocrx_word' id='word_1_366' title='bbox 1593 1061 1678 1088; x_wconf 88' lang='lat' dir='ltr'>laude</span> <span class='ocrx_word' id='word_1_367' title='bbox 1689 1062 1838 1089; x_wconf 81' lang='lat' dir='ltr'>exeelluis-</span> 
     </span>
    </p>
   </div>
   <div class='ocr_carea' id='block_1_53' title="bbox 1015 1105 1838 1143">
    <p class='ocr_par' dir='ltr' id='par_1_53' title="bbox 1015 1105 1838 1143">
     <span class='ocr_line' id='line_1_53' title="bbox 1015 1105 1838 1143; baseline -0.001 -8"><span class='ocrx_word' id='word_1_368' title='bbox 1015 1115 1045 1135; x_wconf 84' lang='lat' dir='ltr'>se</span> <span class='ocrx_word' id='word_1_369' title='bbox 1061 1115 1234 1143; x_wconf 81' lang='lat' dir='ltr'>persuasum</span> <span class='ocrx_word' id='word_1_370' title='bbox 1255 1107 1427 1139; x_wconf 80' lang='lat' dir='ltr'>habeamus,</span> <span class='ocrx_word' id='word_1_371' title='bbox 1440 1107 1558 1141; x_wconf 79' lang='lat' dir='ltr'>justum</span> <span class='ocrx_word' id='word_1_372' title='bbox 1580 1105 1621 1132; x_wconf 86' lang='lat' dir='ltr'>illi</span> <span class='ocrx_word' id='word_1_373' title='bbox 1643 1106 1838 1141; x_wconf 84' lang='lat' dir='ltr'>patrocinium</span> 
     </span>
    </p>
   </div>
   <div class='ocr_carea' id='block_1_54' title="bbox 1016 1150 1838 1187">
    <p class='ocr_par' dir='ltr' id='par_1_54' title="bbox 1016 1150 1838 1187">
     <span class='ocr_line' id='line_1_54' title="bbox 1016 1150 1838 1187; baseline 0 -9"><span class='ocrx_word' id='word_1_374' title='bbox 1016 1159 1200 1187; x_wconf 85' lang='lat' dir='ltr'>nequaquam</span> <span class='ocrx_word' id='word_1_375' title='bbox 1218 1151 1405 1184; x_wconf 81' lang='lat' dir='ltr'>aﬂ‘erremus;</span> <span class='ocrx_word' id='word_1_376' title='bbox 1422 1151 1499 1186; x_wconf 89' lang='lat' dir='ltr'>quod</span> <span class='ocrx_word' id='word_1_377' title='bbox 1516 1150 1552 1177; x_wconf 88' lang='lat' dir='ltr'>iis</span> <span class='ocrx_word' id='word_1_378' title='bbox 1569 1150 1749 1186; x_wconf 87' lang='lat' dir='ltr'>quoque,qui</span> <span class='ocrx_word' id='word_1_379' title='bbox 1765 1151 1838 1178; x_wconf 85' lang='lat' dir='ltr'>nihil</span> 
     </span>
    </p>
   </div>
   <div class='ocr_carea' id='block_1_55' title="bbox 1015 1194 1839 1230">
    <p class='ocr_par' dir='ltr' id='par_1_55' title="bbox 1015 1194 1839 1230">
     <span class='ocr_line' id='line_1_55' title="bbox 1015 1194 1839 1230; baseline 0 -8"><span class='ocrx_word' id='word_1_380' title='bbox 1015 1195 1147 1223; x_wconf 84' lang='lat' dir='ltr'>beneficii</span> <span class='ocrx_word' id='word_1_381' title='bbox 1163 1196 1191 1222; x_wconf 93' lang='lat' dir='ltr'>in</span> <span class='ocrx_word' id='word_1_382' title='bbox 1208 1204 1261 1222; x_wconf 88' lang='lat' dir='ltr'>nos</span> <span class='ocrx_word' id='word_1_383' title='bbox 1286 1195 1482 1228; x_wconf 82' lang='lat' dir='ltr'>contulerunt,</span> <span class='ocrx_word' id='word_1_384' title='bbox 1499 1203 1516 1221; x_wconf 86' lang='lat' dir='ltr'>a</span> <span class='ocrx_word' id='word_1_385' title='bbox 1531 1194 1626 1229; x_wconf 89' lang='lat' dir='ltr'>nobis,</span> <span class='ocrx_word' id='word_1_386' title='bbox 1642 1195 1692 1230; x_wconf 84' lang='lat' dir='ltr'>qui</span> <span class='ocrx_word' id='word_1_387' title='bbox 1707 1195 1791 1222; x_wconf 89' lang='lat' dir='ltr'>Verbi</span> <span class='ocrx_word' id='word_1_388' title='bbox 1811 1197 1839 1222; x_wconf 83' lang='lat' dir='ltr'>et</span> 
     </span>
    </p>
   </div>
   <div class='ocr_carea' id='block_1_56' title="bbox 1013 1239 1836 1276">
    <p class='ocr_par' dir='ltr' id='par_1_56' title="bbox 1013 1239 1836 1276">
     <span class='ocr_line' id='line_1_56' title="bbox 1013 1239 1836 1276; baseline -0.002 -8"><span class='ocrx_word' id='word_1_389' title='bbox 1013 1240 1174 1275; x_wconf 69' lang='lat' dir='ltr'>prazsertim</span> <span class='ocrx_word' id='word_1_390' title='bbox 1201 1242 1268 1276; x_wconf 89' lang='lat' dir='ltr'>post</span> <span class='ocrx_word' id='word_1_391' title='bbox 1290 1240 1369 1267; x_wconf 88' lang='lat' dir='ltr'>illius</span> <span class='ocrx_word' id='word_1_392' title='bbox 1386 1248 1400 1267; x_wconf 89' lang='lat' dir='ltr'>e</span> <span class='ocrx_word' id='word_1_393' title='bbox 1415 1239 1474 1267; x_wconf 82' lang='lat' dir='ltr'>vita</span> <span class='ocrx_word' id='word_1_394' title='bbox 1497 1239 1671 1272; x_wconf 85' lang='lat' dir='ltr'>discessum,</span> <span class='ocrx_word' id='word_1_395' title='bbox 1685 1247 1752 1267; x_wconf 89' lang='lat' dir='ltr'>cum</span> <span class='ocrx_word' id='word_1_396' title='bbox 1774 1239 1836 1275; x_wconf 84' lang='lat' dir='ltr'>jam</span> 
     </span>
    </p>
   </div>
   <div class='ocr_carea' id='block_1_57' title="bbox 1015 1283 1838 1320">
    <p class='ocr_par' dir='ltr' id='par_1_57' title="bbox 1015 1283 1838 1320">
     <span class='ocr_line' id='line_1_57' title="bbox 1015 1283 1838 1320; baseline -0.001 -8"><span class='ocrx_word' id='word_1_397' title='bbox 1015 1285 1192 1318; x_wconf 81' lang='lat' dir='ltr'>incidamus,</span> <span class='ocrx_word' id='word_1_398' title='bbox 1209 1293 1242 1312; x_wconf 85' lang='lat' dir='ltr'>ac</span> <span class='ocrx_word' id='word_1_399' title='bbox 1262 1285 1324 1320; x_wconf 82' lang='lat' dir='ltr'>jam</span> <span class='ocrx_word' id='word_1_400' title='bbox 1350 1284 1430 1312; x_wconf 90' lang='lat' dir='ltr'>omni</span> <span class='ocrx_word' id='word_1_401' title='bbox 1453 1284 1532 1311; x_wconf 86' lang='lat' dir='ltr'>mala</span> <span class='ocrx_word' id='word_1_402' title='bbox 1559 1283 1727 1319; x_wconf 80' lang='lat' dir='ltr'>suspicione</span> <span class='ocrx_word' id='word_1_403' title='bbox 1755 1286 1838 1312; x_wconf 86' lang='lat' dir='ltr'>vacat</span> 
     </span>
    </p>
   </div>
   <div class='ocr_carea' id='block_1_58' title="bbox 1049 1382 1837 1419">
    <p class='ocr_par' dir='ltr' id='par_1_58' title="bbox 1049 1382 1837 1419">
     <span class='ocr_line' id='line_1_58' title="bbox 1049 1382 1837 1419; baseline -0.003 -8"><span class='ocrx_word' id='word_1_404' title='bbox 1049 1383 1105 1411; x_wconf 86' lang='lat' dir='ltr'>XL.</span> <span class='ocrx_word' id='word_1_405' title='bbox 1123 1384 1193 1416; x_wconf 86' lang='lat' dir='ltr'>Quis</span> <span class='ocrx_word' id='word_1_406' title='bbox 1212 1383 1290 1411; x_wconf 89' lang='lat' dir='ltr'>enim</span> <span class='ocrx_word' id='word_1_407' title='bbox 1315 1391 1372 1410; x_wconf 90' lang='lat' dir='ltr'>non</span> <span class='ocrx_word' id='word_1_408' title='bbox 1388 1391 1470 1419; x_wconf 87' lang='lat' dir='ltr'>spem</span> <span class='ocrx_word' id='word_1_409' title='bbox 1493 1382 1656 1415; x_wconf 79' lang='lat' dir='ltr'>habuisset,</span> <span class='ocrx_word' id='word_1_410' title='bbox 1669 1382 1729 1409; x_wconf 84' lang='lat' dir='ltr'>fore</span> <span class='ocrx_word' id='word_1_411' title='bbox 1753 1385 1794 1415; x_wconf 87' lang='lat' dir='ltr'>ut,</span> <span class='ocrx_word' id='word_1_412' title='bbox 1812 1382 1837 1411; x_wconf 87' lang='lat' dir='ltr'>si</span> 
     </span>
    </p>
   </div>
   <div class='ocr_carea' id='block_1_59' title="bbox 1013 1426 1836 1462">
    <p class='ocr_par' dir='ltr' id='par_1_59' title="bbox 1013 1426 1836 1462">
     <span class='ocr_line' id='line_1_59' title="bbox 1013 1426 1836 1462; baseline -0.001 -8"><span class='ocrx_word' id='word_1_413' title='bbox 1013 1428 1085 1455; x_wconf 87' lang='lat' dir='ltr'>nihil</span> <span class='ocrx_word' id='word_1_414' title='bbox 1095 1427 1184 1461; x_wconf 87' lang='lat' dir='ltr'>aliud,</span> <span class='ocrx_word' id='word_1_415' title='bbox 1197 1428 1359 1455; x_wconf 87' lang='lat' dir='ltr'>honoribus</span> <span class='ocrx_word' id='word_1_416' title='bbox 1370 1429 1444 1455; x_wconf 89' lang='lat' dir='ltr'>certe</span> <span class='ocrx_word' id='word_1_417' title='bbox 1464 1427 1562 1462; x_wconf 87' lang='lat' dir='ltr'>ipsum</span> <span class='ocrx_word' id='word_1_418' title='bbox 1585 1426 1729 1454; x_wconf 86' lang='lat' dir='ltr'>mitiorem</span> <span class='ocrx_word' id='word_1_419' title='bbox 1740 1426 1836 1454; x_wconf 80' lang='lat' dir='ltr'>efﬁce-</span> 
     </span>
    </p>
   </div>
   <div class='ocr_carea' id='block_1_60' title="bbox 1013 1471 1835 1507">
    <p class='ocr_par' dir='ltr' id='par_1_60' title="bbox 1013 1471 1835 1507">
     <span class='ocr_line' id='line_1_60' title="bbox 1013 1471 1835 1507; baseline -0.001 -8"><span class='ocrx_word' id='word_1_420' title='bbox 1013 1473 1075 1499; x_wconf 84' lang='lat' dir='ltr'>ret?</span> <span class='ocrx_word' id='word_1_421' title='bbox 1087 1472 1156 1505; x_wconf 87' lang='lat' dir='ltr'>Quis</span> <span class='ocrx_word' id='word_1_422' title='bbox 1168 1481 1225 1500; x_wconf 92' lang='lat' dir='ltr'>non</span> <span class='ocrx_word' id='word_1_423' title='bbox 1238 1481 1271 1499; x_wconf 84' lang='lat' dir='ltr'>ex</span> <span class='ocrx_word' id='word_1_424' title='bbox 1283 1473 1349 1505; x_wconf 79' lang='lat' dir='ltr'>fide,</span> <span class='ocrx_word' id='word_1_425' title='bbox 1363 1480 1426 1507; x_wconf 67' lang='lat' dir='ltr'>quae</span> <span class='ocrx_word' id='word_1_426' title='bbox 1442 1471 1483 1498; x_wconf 91' lang='lat' dir='ltr'>illi</span> <span class='ocrx_word' id='word_1_427' title='bbox 1504 1471 1592 1499; x_wconf 86' lang='lat' dir='ltr'>etiam</span> <span class='ocrx_word' id='word_1_428' title='bbox 1609 1474 1712 1507; x_wconf 74' lang='lat' dir='ltr'>praeter</span> <span class='ocrx_word' id='word_1_429' title='bbox 1721 1479 1835 1507; x_wconf 63' lang='lat' dir='ltr'>aquum</span> 
     </span>
    </p>
   </div>
   <div class='ocr_carea' id='block_1_61' title="bbox 1014 1516 1834 1552">
    <p class='ocr_par' dir='ltr' id='par_1_61' title="bbox 1014 1516 1834 1552">
     <span class='ocr_line' id='line_1_61' title="bbox 1014 1516 1834 1552; baseline -0.001 -8"><span class='ocrx_word' id='word_1_430' title='bbox 1014 1517 1112 1544; x_wconf 87' lang='lat' dir='ltr'>habita</span> <span class='ocrx_word' id='word_1_431' title='bbox 1127 1517 1367 1552; x_wconf 77' lang='lat' dir='ltr'>est,justiorem?</span> <span class='ocrx_word' id='word_1_432' title='bbox 1382 1519 1524 1551; x_wconf 86' lang='lat' dir='ltr'>tanquam</span> <span class='ocrx_word' id='word_1_433' title='bbox 1537 1516 1619 1551; x_wconf 89' lang='lat' dir='ltr'>justo</span> <span class='ocrx_word' id='word_1_434' title='bbox 1634 1517 1663 1543; x_wconf 88' lang='lat' dir='ltr'>et</span> <span class='ocrx_word' id='word_1_435' title='bbox 1677 1516 1834 1552; x_wconf 85' lang='lat' dir='ltr'>imperato-</span> 
     </span>
    </p>
   </div>
   <div class='ocr_carea' id='block_1_62' title="bbox 1012 1559 1835 1597">
    <p class='ocr_par' dir='ltr' id='par_1_62' title="bbox 1012 1559 1835 1597">
     <span class='ocr_line' id='line_1_62' title="bbox 1012 1559 1835 1597; baseline -0.001 -9"><span class='ocrx_word' id='word_1_436' title='bbox 1012 1561 1054 1589; x_wconf 89' lang='lat' dir='ltr'>rio</span> <span class='ocrx_word' id='word_1_437' title='bbox 1067 1562 1177 1596; x_wconf 85' lang='lat' dir='ltr'>judicio</span> <span class='ocrx_word' id='word_1_438' title='bbox 1194 1562 1265 1589; x_wconf 83' lang='lat' dir='ltr'>alter</span> <span class='ocrx_word' id='word_1_439' title='bbox 1281 1569 1395 1597; x_wconf 83' lang='lat' dir='ltr'>poenam</span> <span class='ocrx_word' id='word_1_440' title='bbox 1419 1561 1534 1594; x_wconf 89' lang='lat' dir='ltr'>luisset,</span> <span class='ocrx_word' id='word_1_441' title='bbox 1552 1559 1625 1588; x_wconf 84' lang='lat' dir='ltr'>alter</span> <span class='ocrx_word' id='word_1_442' title='bbox 1640 1560 1749 1588; x_wconf 86' lang='lat' dir='ltr'>electus</span> <span class='ocrx_word' id='word_1_443' title='bbox 1764 1560 1835 1588; x_wconf 81' lang='lat' dir='ltr'>fuis-</span> 
     </span>
    </p>
   </div>
   <div class='ocr_carea' id='block_1_63' title="bbox 1012 1605 1835 1641">
    <p class='ocr_par' dir='ltr' id='par_1_63' title="bbox 1012 1605 1835 1641">
     <span class='ocr_line' id='line_1_63' title="bbox 1012 1605 1835 1641; baseline -0.002 -7"><span class='ocrx_word' id='word_1_444' title='bbox 1012 1608 1065 1634; x_wconf 59' lang='lat' dir='ltr'>set.</span> <span class='ocrx_word' id='word_1_445' title='bbox 1078 1606 1151 1633; x_wconf 83' lang='lat' dir='ltr'>Nam</span> <span class='ocrx_word' id='word_1_446' title='bbox 1167 1606 1217 1641; x_wconf 88' lang='lat' dir='ltr'>qui</span> <span class='ocrx_word' id='word_1_447' title='bbox 1234 1608 1303 1634; x_wconf 88' lang='lat' dir='ltr'>natu</span> <span class='ocrx_word' id='word_1_448' title='bbox 1318 1606 1462 1633; x_wconf 89' lang='lat' dir='ltr'>minorem</span> <span class='ocrx_word' id='word_1_449' title='bbox 1487 1605 1523 1633; x_wconf 86' lang='lat' dir='ltr'>iis</span> <span class='ocrx_word' id='word_1_450' title='bbox 1549 1605 1708 1632; x_wconf 84' lang='lat' dir='ltr'>honoribus</span> <span class='ocrx_word' id='word_1_451' title='bbox 1733 1605 1835 1633; x_wconf 75' lang='lat' dir='ltr'>affece-</span> 
     </span>
    </p>
   </div>
   <div class='ocr_carea' id='block_1_64' title="bbox 1012 1649 1835 1685">
    <p class='ocr_par' dir='ltr' id='par_1_64' title="bbox 1012 1649 1835 1685">
     <span class='ocr_line' id='line_1_64' title="bbox 1012 1649 1835 1685; baseline 0 -8"><span class='ocrx_word' id='word_1_452' title='bbox 1012 1652 1067 1684; x_wconf 83' lang='lat' dir='ltr'>rat,</span> <span class='ocrx_word' id='word_1_453' title='bbox 1079 1658 1151 1685; x_wconf 85' lang='lat' dir='ltr'>quos</span> <span class='ocrx_word' id='word_1_454' title='bbox 1163 1658 1247 1677; x_wconf 90' lang='lat' dir='ltr'>nemo</span> <span class='ocrx_word' id='word_1_455' title='bbox 1261 1651 1417 1685; x_wconf 86' lang='lat' dir='ltr'>sperasset,</span> <span class='ocrx_word' id='word_1_456' title='bbox 1430 1657 1465 1676; x_wconf 91' lang='lat' dir='ltr'>ne</span> <span class='ocrx_word' id='word_1_457' title='bbox 1477 1649 1538 1685; x_wconf 87' lang='lat' dir='ltr'>ipse</span> <span class='ocrx_word' id='word_1_458' title='bbox 1549 1649 1668 1684; x_wconf 88' lang='lat' dir='ltr'>quidem</span> <span class='ocrx_word' id='word_1_459' title='bbox 1680 1649 1730 1684; x_wconf 90' lang='lat' dir='ltr'>qui</span> <span class='ocrx_word' id='word_1_460' title='bbox 1745 1649 1835 1677; x_wconf 87' lang='lat' dir='ltr'>hono-</span> 
     </span>
    </p>
   </div>
   <div class='ocr_carea' id='block_1_65' title="bbox 1012 1693 1833 1729">
    <p class='ocr_par' dir='ltr' id='par_1_65' title="bbox 1012 1693 1833 1729">
     <span class='ocr_line' id='line_1_65' title="bbox 1012 1693 1833 1729; baseline -0.001 -8"><span class='ocrx_word' id='word_1_461' title='bbox 1012 1702 1072 1721; x_wconf 80' lang='lat' dir='ltr'>rem</span> <span class='ocrx_word' id='word_1_462' title='bbox 1090 1695 1252 1729; x_wconf 85' lang='lat' dir='ltr'>acceperat;</span> <span class='ocrx_word' id='word_1_463' title='bbox 1271 1693 1457 1728; x_wconf 88' lang='lat' dir='ltr'>perspicuum</span> <span class='ocrx_word' id='word_1_464' title='bbox 1474 1693 1575 1728; x_wconf 89' lang='lat' dir='ltr'>utique</span> <span class='ocrx_word' id='word_1_465' title='bbox 1590 1695 1645 1726; x_wconf 87' lang='lat' dir='ltr'>est,</span> <span class='ocrx_word' id='word_1_466' title='bbox 1657 1701 1735 1725; x_wconf 89' lang='lat' dir='ltr'>eum,</span> <span class='ocrx_word' id='word_1_467' title='bbox 1752 1693 1833 1720; x_wconf 80' lang='lat' dir='ltr'>nein</span> 
     </span>
    </p>
   </div>
   <div class='ocr_carea' id='block_1_66' title="bbox 1012 1737 1832 1776">
    <p class='ocr_par' dir='ltr' id='par_1_66' title="bbox 1012 1737 1832 1776">
     <span class='ocr_line' id='line_1_66' title="bbox 1012 1737 1832 1776; baseline 0 -12"><span class='ocrx_word' id='word_1_468' title='bbox 1012 1738 1137 1773; x_wconf 89' lang='lat' dir='ltr'>priorem</span> <span class='ocrx_word' id='word_1_469' title='bbox 1155 1737 1284 1773; x_wconf 89' lang='lat' dir='ltr'>quidem,</span> <span class='ocrx_word' id='word_1_470' title='bbox 1300 1737 1356 1776; x_wconf 82' lang='lat' dir='ltr'>nisi</span> <span class='ocrx_word' id='word_1_471' title='bbox 1374 1737 1457 1771; x_wconf 80' lang='lat' dir='ltr'>justa</span> <span class='ocrx_word' id='word_1_472' title='bbox 1472 1737 1515 1765; x_wconf 84' lang='lat' dir='ltr'>ira</span> <span class='ocrx_word' id='word_1_473' title='bbox 1537 1737 1832 1772; x_wconf 83' lang='lat' dir='ltr'>commotum,anim-</span> 
     </span>
    </p>
   </div>
   <div class='ocr_carea' id='block_1_67' title="bbox 969 1775 1832 1817">
    <p class='ocr_par' dir='ltr' id='par_1_67' title="bbox 969 1775 1832 1817">
     <span class='ocr_line' id='line_1_67' title="bbox 969 1775 1832 1817; baseline 0 -9"><span class='ocrx_word' id='word_1_474' title='bbox 969 1775 990 1808; x_wconf 84' lang='lat' dir='ltr'>C</span> <span class='ocrx_word' id='word_1_475' title='bbox 1011 1783 1170 1810; x_wconf 83' lang='lat' dir='ltr'>advertisse</span> <span class='ocrx_word' id='word_1_476' title='bbox 1191 1790 1197 1810; x_wconf 77' lang='grc' dir='ltr'>ε</span> <span class='ocrx_word' id='word_1_477' title='bbox 1219 1782 1400 1817; x_wconf 83' lang='lat' dir='ltr'>alterumque</span> <span class='ocrx_word' id='word_1_478' title='bbox 1427 1782 1478 1809; x_wconf 81' lang='lat'><strong>96</strong></span> <span class='ocrx_word' id='word_1_479' title='bbox 1507 1782 1583 1817; x_wconf 84' lang='lat' dir='ltr'>ejus,</span> <span class='ocrx_word' id='word_1_480' title='bbox 1608 1781 1659 1817; x_wconf 88' lang='lat' dir='ltr'>qui</span> <span class='ocrx_word' id='word_1_481' title='bbox 1688 1781 1832 1817; x_wconf 83' lang='lat' dir='ltr'>supplicio</span> 
     </span>
    </p>
   </div>
   <div class='ocr_carea' id='block_1_68' title="bbox 124 1825 1831 1863">
    <p class='ocr_par' dir='ltr' id='par_1_68' title="bbox 124 1825 1831 1863">
     <span class='ocr_line' id='line_1_68' title="bbox 124 1825 1831 1863; baseline 0.001 -11"><span class='ocrx_word' id='word_1_482' title='bbox 124 1826 253 1853; x_wconf 76' lang='lat' dir='ltr'>aﬁ&#39;ectus</span> <span class='ocrx_word' id='word_1_483' title='bbox 268 1827 322 1860; x_wconf 85' lang='lat' dir='ltr'>est,</span> <span class='ocrx_word' id='word_1_484' title='bbox 338 1825 494 1853; x_wconf 81' lang='lat' dir='ltr'>temeritati</span> <span class='ocrx_word' id='word_1_485' title='bbox 515 1825 727 1863; x_wconf 81' lang='lat' dir='ltr'>assignandum</span> <span class='ocrx_word' id='word_1_486' title='bbox 751 1834 829 1860; x_wconf 85' lang='lat' dir='ltr'>esse;</span> <span class='ocrx_word' id='word_1_487' title='bbox 847 1826 969 1854; x_wconf 87' lang='lat' dir='ltr'>alterum</span> <span class='ocrx_word' id='word_1_488' title='bbox 994 1829 1103 1861; x_wconf 88' lang='lat' dir='ltr'>autem,</span> <span class='ocrx_word' id='word_1_489' title='bbox 1120 1826 1212 1860; x_wconf 87' lang='lat' dir='ltr'>illius,</span> <span class='ocrx_word' id='word_1_490' title='bbox 1228 1835 1244 1853; x_wconf 79' lang='grc' dir='ltr'>ιι</span> <span class='ocrx_word' id='word_1_491' title='bbox 1259 1834 1316 1862; x_wconf 89' lang='lat' dir='ltr'>quo</span> <span class='ocrx_word' id='word_1_492' title='bbox 1331 1826 1440 1854; x_wconf 89' lang='lat' dir='ltr'>honore</span> <span class='ocrx_word' id='word_1_493' title='bbox 1464 1826 1584 1854; x_wconf 74' lang='lat' dir='ltr'>allectus</span> <span class='ocrx_word' id='word_1_494' title='bbox 1608 1825 1712 1858; x_wconf 83' lang='lat' dir='ltr'>fuerat,</span> <span class='ocrx_word' id='word_1_495' title='bbox 1729 1825 1831 1853; x_wconf 87' lang='lat' dir='ltr'>huma-</span> 
     </span>
    </p>
   </div>
   <div class='ocr_carea' id='block_1_69' title="bbox 123 1869 225 1898">
    <p class='ocr_par' dir='ltr' id='par_1_69' title="bbox 123 1869 225 1898">
     <span class='ocr_line' id='line_1_69' title="bbox 123 1869 225 1898; baseline 0 -1"><span class='ocrx_word' id='word_1_496' title='bbox 123 1869 213 1898; x_wconf 81' lang='lat' dir='ltr'>nitati</span> <span class='ocrx_word' id='word_1_497' title='bbox 219 1890 225 1897; x_wconf 93' lang='lat'>.</span> 
     </span>
    </p>
   </div>
   <div class='ocr_carea' id='block_1_70' title="bbox 159 1921 953 1961">
    <p class='ocr_par' dir='ltr' id='par_1_70' title="bbox 159 1921 953 1961">
     <span class='ocr_line' id='line_1_70' title="bbox 159 1921 953 1961; baseline -0.001 -10"><span class='ocrx_word' id='word_1_498' title='bbox 159 1922 233 1951; x_wconf 55' lang='grc' dir='ltr'>ΜΔΖ</span> <span class='ocrx_word' id='word_1_499' title='bbox 251 1921 299 1949; x_wconf 84' lang='grc' dir='ltr'>Καὶ</span> <span class='ocrx_word' id='word_1_500' title='bbox 326 1922 383 1958; x_wconf 70' lang='grc' dir='ltr'>ἅμα</span> <span class='ocrx_word' id='word_1_501' title='bbox 404 1922 435 1950; x_wconf 83' lang='grc' dir='ltr'>τὸ</span> <span class='ocrx_word' id='word_1_502' title='bbox 460 1922 567 1961; x_wconf 78' lang='grc' dir='ltr'>θαρῥεῖν</span> <span class='ocrx_word' id='word_1_503' title='bbox 591 1923 675 1961; x_wconf 71' lang='grc' dir='ltr'>εἶχεν,</span> <span class='ocrx_word' id='word_1_504' title='bbox 698 1922 721 1950; x_wconf 78' lang='grc' dir='ltr'>εἰ</span> <span class='ocrx_word' id='word_1_505' title='bbox 746 1922 786 1950; x_wconf 85' lang='grc' dir='ltr'>δεῖ</span> <span class='ocrx_word' id='word_1_506' title='bbox 806 1923 837 1950; x_wconf 81' lang='grc' dir='ltr'>τὸ</span> <span class='ocrx_word' id='word_1_507' title='bbox 863 1926 953 1959; x_wconf 81' lang='grc' dir='ltr'>μεῖζον</span> 
     </span>
    </p>
   </div>
   <div class='ocr_carea' id='block_1_71' title="bbox 124 1966 956 2002">
    <p class='ocr_par' dir='ltr' id='par_1_71' title="bbox 124 1966 956 2002">
     <span class='ocr_line' id='line_1_71' title="bbox 124 1966 956 2002; baseline 0 -8"><span class='ocrx_word' id='word_1_508' title='bbox 124 1966 226 2001; x_wconf 77' lang='grc' dir='ltr'>εἰπεῖν,</span> <span class='ocrx_word' id='word_1_509' title='bbox 251 1966 282 1994; x_wconf 77' lang='grc' dir='ltr'>οὐ</span> <span class='ocrx_word' id='word_1_510' title='bbox 296 1966 426 1994; x_wconf 66' lang='grc' dir='ltr'>τοσοῦτον</span> <span class='ocrx_word' id='word_1_511' title='bbox 450 1967 480 1995; x_wconf 79' lang='grc' dir='ltr'>ἐκ</span> <span class='ocrx_word' id='word_1_512' title='bbox 501 1971 551 2002; x_wconf 84' lang='grc' dir='ltr'>τῆς</span> <span class='ocrx_word' id='word_1_513' title='bbox 576 1967 678 1995; x_wconf 77' lang='grc' dir='ltr'>ἐκείνου</span> <span class='ocrx_word' id='word_1_514' title='bbox 702 1966 832 2001; x_wconf 76' lang='grc' dir='ltr'>πίστεως,</span> <span class='ocrx_word' id='word_1_515' title='bbox 848 1967 908 1994; x_wconf 76' lang='grc' dir='ltr'>ὅσον</span> <span class='ocrx_word' id='word_1_516' title='bbox 927 1967 956 1995; x_wconf 75' lang='grc' dir='ltr'>ἐκ</span> 
     </span>
    </p>
   </div>
   <div class='ocr_carea' id='block_1_72' title="bbox 123 2010 955 2050">
    <p class='ocr_par' dir='ltr' id='par_1_72' title="bbox 123 2010 955 2050">
     <span class='ocr_line' id='line_1_72' title="bbox 123 2010 955 2050; baseline 0.001 -12"><span class='ocrx_word' id='word_1_517' title='bbox 123 2012 175 2046; x_wconf 84' lang='grc' dir='ltr'>τῆς</span> <span class='ocrx_word' id='word_1_518' title='bbox 208 2010 278 2042; x_wconf 71' lang='grc' dir='ltr'>ἰδίας</span> <span class='ocrx_word' id='word_1_519' title='bbox 307 2010 458 2047; x_wconf 83' lang='grc' dir='ltr'>δυνάμεως·</span> <span class='ocrx_word' id='word_1_520' title='bbox 538 2023 584 2048; x_wconf 89' lang='grc' dir='ltr'>μοι</span> <span class='ocrx_word' id='word_1_521' title='bbox 609 2011 685 2039; x_wconf 85' lang='grc' dir='ltr'>δοκεῖ</span> <span class='ocrx_word' id='word_1_522' title='bbox 708 2012 753 2039; x_wconf 86' lang='grc' dir='ltr'>καὶ</span> <span class='ocrx_word' id='word_1_523' title='bbox 778 2010 955 2050; x_wconf 74' lang='grc' dir='ltr'>Ἀλέξανδρος</span> 
     </span>
    </p>
   </div>
   <div class='ocr_carea' id='block_1_73' title="bbox 124 2055 955 2095">
    <p class='ocr_par' dir='ltr' id='par_1_73' title="bbox 124 2055 955 2095">
     <span class='ocr_line' id='line_1_73' title="bbox 124 2055 955 2095; baseline -0.001 -11"><span class='ocrx_word' id='word_1_524' title='bbox 124 2056 268 2095; x_wconf 75' lang='grc' dir='ltr'>θαρῥήσας</span> <span class='ocrx_word' id='word_1_525' title='bbox 282 2056 296 2083; x_wconf 84' lang='lat'>6</span> <span class='ocrx_word' id='word_1_526' title='bbox 312 2056 382 2083; x_wconf 87' lang='grc' dir='ltr'>πάνυ</span> <span class='ocrx_word' id='word_1_527' title='bbox 398 2055 489 2083; x_wconf 79' lang='grc' dir='ltr'>δοῦναι</span> <span class='ocrx_word' id='word_1_528' title='bbox 517 2057 554 2093; x_wconf 84' lang='grc' dir='ltr'>μὴ</span> <span class='ocrx_word' id='word_1_529' title='bbox 582 2056 663 2093; x_wconf 82' lang='grc' dir='ltr'>μόνον</span> <span class='ocrx_word' id='word_1_530' title='bbox 688 2057 719 2083; x_wconf 85' lang='grc' dir='ltr'>τὸ</span> <span class='ocrx_word' id='word_1_531' title='bbox 736 2058 782 2091; x_wconf 75' lang='grc' dir='ltr'>ζῆν</span> <span class='ocrx_word' id='word_1_532' title='bbox 808 2057 955 2093; x_wconf 73' lang='grc' dir='ltr'>ἡττημένῳ</span> 
     </span>
    </p>
   </div>
   <div class='ocr_carea' id='block_1_74' title="bbox 125 2100 954 2139">
    <p class='ocr_par' dir='ltr' id='par_1_74' title="bbox 125 2100 954 2139">
     <span class='ocr_line' id='line_1_74' title="bbox 125 2100 954 2139; baseline -0.002 -10"><span class='ocrx_word' id='word_1_533' title='bbox 125 2101 232 2139; x_wconf 82' lang='grc' dir='ltr'>Πώρῳ,</span> <span class='ocrx_word' id='word_1_534' title='bbox 247 2100 292 2128; x_wconf 82' lang='grc' dir='ltr'>καὶ</span> <span class='ocrx_word' id='word_1_535' title='bbox 318 2102 401 2128; x_wconf 73' lang='grc' dir='ltr'>ταῦτα</span> <span class='ocrx_word' id='word_1_536' title='bbox 424 2103 552 2132; x_wconf 84' lang='grc' dir='ltr'>νεανικῶς</span> <span class='ocrx_word' id='word_1_537' title='bbox 579 2101 665 2133; x_wconf 76' lang='grc' dir='ltr'>οὕτως</span> <span class='ocrx_word' id='word_1_538' title='bbox 689 2101 870 2138; x_wconf 69' lang='grc' dir='ltr'>ἠγωνισμένῳ</span> <span class='ocrx_word' id='word_1_539' title='bbox 893 2100 954 2139; x_wconf 83' lang='grc' dir='ltr'>περὶ</span> 
     </span>
    </p>
   </div>
   <div class='ocr_carea' id='block_1_75' title="bbox 123 2143 952 2183">
    <p class='ocr_par' dir='ltr' id='par_1_75' title="bbox 123 2143 952 2183">
     <span class='ocr_line' id='line_1_75' title="bbox 123 2143 952 2183; baseline 0 -11"><span class='ocrx_word' id='word_1_540' title='bbox 123 2149 177 2180; x_wconf 80' lang='grc' dir='ltr'>τῆς</span> <span class='ocrx_word' id='word_1_541' title='bbox 203 2143 353 2183; x_wconf 77' lang='grc' dir='ltr'>βασιλείας,</span> <span class='ocrx_word' id='word_1_542' title='bbox 380 2144 452 2172; x_wconf 84' lang='grc' dir='ltr'>ἀλλὰ</span> <span class='ocrx_word' id='word_1_543' title='bbox 475 2145 519 2173; x_wconf 89' lang='grc' dir='ltr'>καὶ</span> <span class='ocrx_word' id='word_1_544' title='bbox 542 2146 590 2179; x_wconf 84' lang='grc' dir='ltr'>τήν</span> <span class='ocrx_word' id='word_1_545' title='bbox 610 2145 747 2183; x_wconf 77' lang='grc' dir='ltr'>βασιλείαν</span> <span class='ocrx_word' id='word_1_546' title='bbox 762 2145 837 2176; x_wconf 81' lang='grc' dir='ltr'>αὖθις</span> <span class='ocrx_word' id='word_1_547' title='bbox 852 2145 952 2173; x_wconf 81' lang='grc' dir='ltr'>Ἰνδῶν·</span> 
     </span>
    </p>
   </div>
   <div class='ocr_carea' id='block_1_76' title="bbox 126 2188 955 2227">
    <p class='ocr_par' dir='ltr' id='par_1_76' title="bbox 126 2188 955 2227">
     <span class='ocr_line' id='line_1_76' title="bbox 126 2188 955 2227; baseline 0 -10"><span class='ocrx_word' id='word_1_548' title='bbox 126 2190 165 2220; x_wconf 79' lang='grc' dir='ltr'>ὡς</span> <span class='ocrx_word' id='word_1_549' title='bbox 180 2189 215 2216; x_wconf 86' lang='grc' dir='ltr'>τὸ</span> <span class='ocrx_word' id='word_1_550' title='bbox 232 2188 425 2227; x_wconf 82' lang='grc' dir='ltr'>μεγαλόψυχον</span> <span class='ocrx_word' id='word_1_551' title='bbox 442 2190 497 2226; x_wconf 70' lang='grc'>(47)</span> <span class='ocrx_word' id='word_1_552' title='bbox 522 2189 572 2217; x_wconf 80' lang='grc' dir='ltr'>οὐκ</span> <span class='ocrx_word' id='word_1_553' title='bbox 596 2188 690 2221; x_wconf 71' lang='grc' dir='ltr'>ἄλλως</span> <span class='ocrx_word' id='word_1_554' title='bbox 714 2190 731 2225; x_wconf 73' lang='grc' dir='ltr'>ἢ</span> <span class='ocrx_word' id='word_1_555' title='bbox 748 2189 835 2221; x_wconf 72' lang='grc' dir='ltr'>οὕτως</span> <span class='ocrx_word' id='word_1_556' title='bbox 857 2189 955 2217; x_wconf 83' lang='grc' dir='ltr'>ἐπιδει-</span> 
     </span>
    </p>
   </div>
   <div class='ocr_carea' id='block_1_77' title="bbox 125 2234 954 2272">
    <p class='ocr_par' dir='ltr' id='par_1_77' title="bbox 125 2234 954 2272">
     <span class='ocr_line' id='line_1_77' title="bbox 125 2234 954 2272; baseline 0 -10"><span class='ocrx_word' id='word_1_557' title='bbox 125 2234 256 2271; x_wconf 82' lang='grc' dir='ltr'>ξόμενος,</span> <span class='ocrx_word' id='word_1_558' title='bbox 281 2234 304 2270; x_wconf 87' lang='grc' dir='ltr'>ᾦ</span> <span class='ocrx_word' id='word_1_559' title='bbox 327 2234 493 2271; x_wconf 79' lang='grc' dir='ltr'>κρατηθῆναι</span> <span class='ocrx_word' id='word_1_560' title='bbox 519 2235 574 2271; x_wconf 75' lang='grc'>(48)</span> <span class='ocrx_word' id='word_1_561' title='bbox 602 2237 694 2272; x_wconf 80' lang='grc' dir='ltr'>χεῖρον</span> <span class='ocrx_word' id='word_1_562' title='bbox 723 2234 845 2271; x_wconf 73' lang='grc' dir='ltr'>ἐνόμιζεν</span> <span class='ocrx_word' id='word_1_563' title='bbox 877 2234 954 2262; x_wconf 76' lang='grc' dir='ltr'>Ἀλέ-</span> 
     </span>
    </p>
   </div>
   <div class='ocr_carea' id='block_1_78' title="bbox 124 2277 954 2317">
    <p class='ocr_par' dir='ltr' id='par_1_78' title="bbox 124 2277 954 2317">
     <span class='ocr_line' id='line_1_78' title="bbox 124 2277 954 2317; baseline -0.001 -10"><span class='ocrx_word' id='word_1_564' title='bbox 124 2278 243 2317; x_wconf 80' lang='grc' dir='ltr'>ξανδρος</span> <span class='ocrx_word' id='word_1_565' title='bbox 259 2277 295 2305; x_wconf 84' lang='grc' dir='ltr'>ὣν</span> <span class='ocrx_word' id='word_1_566' title='bbox 318 2279 336 2313; x_wconf 75' lang='grc' dir='ltr'><strong>ἢ</strong></span> <span class='ocrx_word' id='word_1_567' title='bbox 358 2281 416 2310; x_wconf 88' lang='grc' dir='ltr'>τοῖς</span> <span class='ocrx_word' id='word_1_568' title='bbox 442 2279 550 2309; x_wconf 69' lang='grc' dir='ltr'>ὅπλοις·</span> <span class='ocrx_word' id='word_1_569' title='bbox 575 2281 623 2306; x_wconf 81' lang='grc' dir='ltr'>τοῦ</span> <span class='ocrx_word' id='word_1_570' title='bbox 648 2278 686 2314; x_wconf 75' lang='grc' dir='ltr'>δὲ,</span> <span class='ocrx_word' id='word_1_571' title='bbox 713 2279 735 2307; x_wconf 80' lang='grc' dir='ltr'>εἰ</span> <span class='ocrx_word' id='word_1_572' title='bbox 756 2279 836 2307; x_wconf 85' lang='grc' dir='ltr'>κακόν</span> <span class='ocrx_word' id='word_1_573' title='bbox 863 2277 954 2316; x_wconf 80' lang='grc' dir='ltr'>λάϐοι,</span> 
     </span>
    </p>
   </div>
   <div class='ocr_carea' id='block_1_79' title="bbox 123 2322 952 2362">
    <p class='ocr_par' dir='ltr' id='par_1_79' title="bbox 123 2322 952 2362">
     <span class='ocr_line' id='line_1_79' title="bbox 123 2322 952 2362; baseline 0.001 -12"><span class='ocrx_word' id='word_1_574' title='bbox 123 2323 315 2362; x_wconf 81' lang='grc' dir='ltr'>χειρώσασθαι</span> <span class='ocrx_word' id='word_1_575' title='bbox 340 2322 422 2350; x_wconf 85' lang='grc' dir='ltr'>πάλιν</span> <span class='ocrx_word' id='word_1_576' title='bbox 451 2323 491 2350; x_wconf 79' lang='grc' dir='ltr'>ἐπ’</span> <span class='ocrx_word' id='word_1_577' title='bbox 519 2322 592 2360; x_wconf 78' lang='grc' dir='ltr'>αὐτῷ</span> <span class='ocrx_word' id='word_1_578' title='bbox 619 2324 815 2362; x_wconf 84' lang='grc' dir='ltr'>τυγχάνοντος.</span> <span class='ocrx_word' id='word_1_579' title='bbox 844 2324 892 2351; x_wconf 82' lang='grc' dir='ltr'>Καὶ</span> <span class='ocrx_word' id='word_1_580' title='bbox 920 2324 952 2359; x_wconf 81' lang='grc' dir='ltr'>ἧν</span> 
     </span>
    </p>
   </div>
   <div class='ocr_carea' id='block_1_80' title="bbox 124 2367 834 2407">
    <p class='ocr_par' dir='ltr' id='par_1_80' title="bbox 124 2367 834 2407">
     <span class='ocr_line' id='line_1_80' title="bbox 124 2367 834 2407; baseline 0.001 -12"><span class='ocrx_word' id='word_1_581' title='bbox 124 2368 205 2404; x_wconf 83' lang='grc' dir='ltr'>αὐτῷ</span> <span class='ocrx_word' id='word_1_582' title='bbox 220 2368 238 2402; x_wconf 85' lang='grc' dir='ltr'><strong>ἡ</strong></span> <span class='ocrx_word' id='word_1_583' title='bbox 254 2367 394 2406; x_wconf 80' lang='grc' dir='ltr'>περιουσία</span> <span class='ocrx_word' id='word_1_584' title='bbox 406 2370 454 2395; x_wconf 81' lang='grc' dir='ltr'>τοῦ</span> <span class='ocrx_word' id='word_1_585' title='bbox 470 2368 577 2406; x_wconf 75' lang='grc' dir='ltr'>θαῤῥεῖν</span> <span class='ocrx_word' id='word_1_586' title='bbox 592 2368 622 2396; x_wconf 88' lang='grc' dir='ltr'>τὸ</span> <span class='ocrx_word' id='word_1_587' title='bbox 636 2368 834 2407; x_wconf 63' lang='grc' dir='ltr'>φιλάνθρωπον.</span> 
     </span>
    </p>
   </div>
   <div class='ocr_carea' id='block_1_81' title="bbox 158 2500 949 2541">
    <p class='ocr_par' dir='ltr' id='par_1_81' title="bbox 158 2500 949 2541">
     <span class='ocr_line' id='line_1_81' title="bbox 158 2500 949 2541; baseline 0 -11"><span class='ocrx_word' id='word_1_588' title='bbox 158 2502 228 2530; x_wconf 82' lang='lat' dir='ltr'>MB&#39;.</span> <span class='ocrx_word' id='word_1_589' title='bbox 261 2500 352 2529; x_wconf 81' lang='grc' dir='ltr'>Καίτοι</span> <span class='ocrx_word' id='word_1_590' title='bbox 379 2501 406 2528; x_wconf 87' lang='grc' dir='ltr'>τί</span> <span class='ocrx_word' id='word_1_591' title='bbox 431 2503 512 2529; x_wconf 78' lang='grc' dir='ltr'>τοῦτο</span> <span class='ocrx_word' id='word_1_592' title='bbox 540 2501 734 2539; x_wconf 79' lang='grc' dir='ltr'>ἀγωνίζομαι,</span> <span class='ocrx_word' id='word_1_593' title='bbox 766 2501 868 2541; x_wconf 78' lang='grc' dir='ltr'>σφόδρα</span> <span class='ocrx_word' id='word_1_594' title='bbox 895 2502 949 2530; x_wconf 80' lang='grc' dir='ltr'>ἐνὸν</span> 
     </span>
    </p>
   </div>
   <div class='ocr_carea' id='block_1_82' title="bbox 117 2545 950 2584">
    <p class='ocr_par' dir='ltr' id='par_1_82' title="bbox 117 2545 950 2584">
     <span class='ocr_line' id='line_1_82' title="bbox 117 2545 950 2584; baseline 0.004 -12"><span class='ocrx_word' id='word_1_595' title='bbox 117 2548 234 2583; x_wconf 70' lang='grc' dir='ltr'>κρατεῖν</span> <span class='ocrx_word' id='word_1_596' title='bbox 253 2545 298 2573; x_wconf 81' lang='grc' dir='ltr'>καὶ</span> <span class='ocrx_word' id='word_1_597' title='bbox 322 2545 475 2582; x_wconf 70' lang='grc' dir='ltr'>ἡττημένον</span> <span class='ocrx_word' id='word_1_598' title='bbox 493 2554 500 2580; x_wconf 88' lang='grc'>;</span> <span class='ocrx_word' id='word_1_599' title='bbox 516 2545 549 2574; x_wconf 78' lang='lat' dir='ltr'>El</span> <span class='ocrx_word' id='word_1_600' title='bbox 573 2546 623 2584; x_wconf 84' lang='grc' dir='ltr'>γὰρ</span> <span class='ocrx_word' id='word_1_601' title='bbox 648 2546 661 2573; x_wconf 90' lang='lat'>6</span> <span class='ocrx_word' id='word_1_602' title='bbox 687 2546 828 2578; x_wconf 79' lang='grc' dir='ltr'>πιστεύσας</span> <span class='ocrx_word' id='word_1_603' title='bbox 857 2547 950 2583; x_wconf 80' lang='grc' dir='ltr'>κακὸς,</span> 
     </span>
    </p>
   </div>
   <div class='ocr_carea' id='block_1_83' title="bbox 137 2644 949 2708">
    <p class='ocr_par' dir='ltr' id='par_1_83' title="bbox 137 2644 949 2708">
     <span class='ocr_line' id='line_1_83' title="bbox 137 2644 949 2708; baseline 0.002 -36"><span class='ocrx_word' id='word_1_604' title='bbox 137 2646 218 2708; x_wconf 63' lang='grc' dir='ltr'>ι(42)</span> <span class='ocrx_word' id='word_1_605' title='bbox 244 2645 318 2672; x_wconf 78' lang='grc' dir='ltr'>Ἐπεὶ</span> <span class='ocrx_word' id='word_1_606' title='bbox 354 2644 392 2674; x_wconf 73' lang='grc' dir='ltr'>δέ.</span> <span class='ocrx_word' id='word_1_607' title='bbox 423 2646 466 2674; x_wconf 83' lang='lat' dir='ltr'>Ita</span> <span class='ocrx_word' id='word_1_608' title='bbox 493 2646 625 2682; x_wconf 87' lang='lat' dir='ltr'>plerique</span> <span class='ocrx_word' id='word_1_609' title='bbox 662 2647 744 2675; x_wconf 89' lang='lat' dir='ltr'>codd.</span> <span class='ocrx_word' id='word_1_610' title='bbox 775 2647 826 2675; x_wconf 89' lang='lat' dir='ltr'>Ed.</span> <span class='ocrx_word' id='word_1_611' title='bbox 857 2645 949 2681; x_wconf 81' lang='grc' dir='ltr'>ἐπιιδή</span> 
     </span>
    </p>
   </div>
   <div class='ocr_carea' id='block_1_84' title="bbox 171 2714 724 2751">
    <p class='ocr_par' dir='ltr' id='par_1_84' title="bbox 171 2714 724 2751">
     <span class='ocr_line' id='line_1_84' title="bbox 171 2714 724 2751; baseline 0.004 -8"><span class='ocrx_word' id='word_1_612' title='bbox 171 2717 219 2751; x_wconf 79' lang='grc'>43)</span> <span class='ocrx_word' id='word_1_613' title='bbox 235 2714 394 2751; x_wconf 77' lang='grc' dir='ltr'>Διιξελθεῖν.</span> <span class='ocrx_word' id='word_1_614' title='bbox 412 2718 482 2745; x_wconf 71' lang='lat' dir='ltr'>Tros</span> <span class='ocrx_word' id='word_1_615' title='bbox 498 2717 579 2745; x_wconf 91' lang='lat' dir='ltr'>Colb.</span> <span class='ocrx_word' id='word_1_616' title='bbox 597 2715 724 2745; x_wconf 78' lang='grc' dir='ltr'>διελθεῖν.</span> 
     </span>
    </p>
   </div>
   <div class='ocr_carea' id='block_1_85' title="bbox 172 2751 706 2789">
    <p class='ocr_par' dir='ltr' id='par_1_85' title="bbox 172 2751 706 2789">
     <span class='ocr_line' id='line_1_85' title="bbox 172 2751 706 2789; baseline 0.002 -10"><span class='ocrx_word' id='word_1_617' title='bbox 172 2752 218 2787; x_wconf 67' lang='lat' dir='ltr'>Ut)</span> <span class='ocrx_word' id='word_1_618' title='bbox 232 2752 276 2789; x_wconf 67' lang='grc' dir='ltr'>Μὴ</span> <span class='ocrx_word' id='word_1_619' title='bbox 293 2751 335 2780; x_wconf 88' lang='grc' dir='ltr'>τά.</span> <span class='ocrx_word' id='word_1_620' title='bbox 352 2754 477 2781; x_wconf 78' lang='lat' dir='ltr'>Combef.</span> <span class='ocrx_word' id='word_1_621' title='bbox 495 2753 565 2789; x_wconf 82' lang='lat' dir='ltr'>legit</span> <span class='ocrx_word' id='word_1_622' title='bbox 581 2751 651 2789; x_wconf 75' lang='grc' dir='ltr'>μηδὲ</span> <span class='ocrx_word' id='word_1_623' title='bbox 665 2752 706 2780; x_wconf 79' lang='grc' dir='ltr'>τά.</span> 
     </span>
    </p>
   </div>
   <div class='ocr_carea' id='block_1_86' title="bbox 171 2788 949 2825">
    <p class='ocr_par' dir='ltr' id='par_1_86' title="bbox 171 2788 949 2825">
     <span class='ocr_line' id='line_1_86' title="bbox 171 2788 949 2825; baseline 0.003 -10"><span class='ocrx_word' id='word_1_624' title='bbox 171 2789 218 2823; x_wconf 77' lang='grc'>45)</span> <span class='ocrx_word' id='word_1_625' title='bbox 234 2788 461 2825; x_wconf 73' lang='grc' dir='ltr'>Εἰεργετηκόσιν.</span> <span class='ocrx_word' id='word_1_626' title='bbox 485 2788 554 2825; x_wconf 57' lang='lat' dir='ltr'>Reg.</span> <span class='ocrx_word' id='word_1_627' title='bbox 573 2788 592 2823; x_wconf 18' lang='lat' dir='ltr'>l7,</span> <span class='ocrx_word' id='word_1_628' title='bbox 614 2789 661 2817; x_wconf 69' lang='grc' dir='ltr'>ΟΡ.</span> <span class='ocrx_word' id='word_1_629' title='bbox 687 2790 712 2824; x_wconf 77' lang='grc'>1,</span> <span class='ocrx_word' id='word_1_630' title='bbox 738 2789 867 2818; x_wconf 84' lang='lat' dir='ltr'>Combef.</span> <span class='ocrx_word' id='word_1_631' title='bbox 895 2791 949 2818; x_wconf 81' lang='lat' dir='ltr'>etc.</span> 
     </span>
    </p>
   </div>
   <div class='ocr_carea' id='block_1_87' title="bbox 118 2822 347 2860">
    <p class='ocr_par' dir='ltr' id='par_1_87' title="bbox 118 2822 347 2860">
     <span class='ocr_line' id='line_1_87' title="bbox 118 2822 347 2860; baseline 0.004 -10"><span class='ocrx_word' id='word_1_632' title='bbox 118 2822 169 2858; x_wconf 78' lang='grc' dir='ltr'>εὐη</span> <span class='ocrx_word' id='word_1_633' title='bbox 175 2822 347 2860; x_wconf 82' lang='grc' dir='ltr'>ργετηκόσὶν.</span> 
     </span>
    </p>
   </div>
   <div class='ocr_carea' id='block_1_88' title="bbox 157 2833 949 2921">
    <p class='ocr_par' dir='ltr' id='par_1_88' title="bbox 157 2833 949 2921">
     <span class='ocr_line' id='line_1_88' title="bbox 157 2833 949 2921; baseline -0.001 -32"><span class='ocrx_word' id='word_1_634' title='bbox 157 2833 464 2921; x_wconf 51' lang='grc' dir='ltr'>ἳξὲῖῖἇιῇοσὶζτιστιύθη.</span> <span class='ocrx_word' id='word_1_635' title='bbox 488 2863 557 2898; x_wconf 82' lang='lat' dir='ltr'>Reg.</span> <span class='ocrx_word' id='word_1_636' title='bbox 585 2861 645 2897; x_wconf 88' lang='lat' dir='ltr'>bm,</span> <span class='ocrx_word' id='word_1_637' title='bbox 672 2860 752 2889; x_wconf 88' lang='lat' dir='ltr'>Colb.</span> <span class='ocrx_word' id='word_1_638' title='bbox 778 2861 807 2895; x_wconf 86' lang='lat' dir='ltr'>b,</span> <span class='ocrx_word' id='word_1_639' title='bbox 833 2862 865 2895; x_wconf 72' lang='grc' dir='ltr'>ἧς</span> <span class='ocrx_word' id='word_1_640' title='bbox 892 2860 949 2888; x_wconf 79' lang='grc' dir='ltr'>ἐπι-</span> 
     </span>
     <span class='ocr_line' id='line_1_89' title="bbox 157 2904 236 2921; baseline 0 0"><span class='ocrx_word' id='word_1_641' title='bbox 157 2904 188 2921; x_wconf 76' lang='grc' dir='ltr'>ιυ</span> <span class='ocrx_word' id='word_1_642' title='bbox 209 2905 236 2921; x_wconf 69' lang='grc' dir='ltr'>Τ).</span> 
     </span>
    </p>
   </div>
   <div class='ocr_carea' id='block_1_89' title="bbox 120 2904 236 2931">
    <p class='ocr_par' dir='ltr' id='par_1_89' title="bbox 120 2904 236 2931">
     <span class='ocr_line' id='line_1_90' title="bbox 120 2904 236 2931; baseline 0.009 -9"><span class='ocrx_word' id='word_1_643' title='bbox 120 2904 236 2931; x_wconf 80' lang='grc' dir='ltr'>στωυη.</span> 
     </span>
    </p>
   </div>
   <div class='ocr_carea' id='block_1_90' title="bbox 121 2679 134 2689">
    <p class='ocr_par' dir='ltr' id='par_1_90' title="bbox 121 2679 134 2689">
     <span class='ocr_line' id='line_1_91' title="bbox 121 2679 134 2689; baseline 0 0"><span class='ocrx_word' id='word_1_644' title='bbox 121 2679 134 2689; x_wconf 68' lang='grc' dir='ltr'><strong>λ</strong></span> 
     </span>
    </p>
   </div>
   <div class='ocr_carea' id='block_1_91' title="bbox 120 2688 134 2708">
    <p class='ocr_par' dir='ltr' id='par_1_91' title="bbox 120 2688 134 2708">
     <span class='ocr_line' id='line_1_92' title="bbox 120 2688 134 2708; baseline 0 0"><span class='ocrx_word' id='word_1_645' title='bbox 120 2688 134 2708; x_wconf 76' lang='grc'><strong>6</strong></span> 
     </span>
    </p>
   </div>
   <div class='ocr_carea' id='block_1_92' title="bbox 1045 1923 1832 1959">
    <p class='ocr_par' dir='ltr' id='par_1_92' title="bbox 1045 1923 1832 1959">
     <span class='ocr_line' id='line_1_93' title="bbox 1045 1923 1832 1959; baseline -0.003 -7"><span class='ocrx_word' id='word_1_646' title='bbox 1045 1924 1114 1952; x_wconf 90' lang='lat' dir='ltr'>XLI.</span> <span class='ocrx_word' id='word_1_647' title='bbox 1130 1925 1171 1952; x_wconf 85' lang='lat' dir='ltr'>Ad</span> <span class='ocrx_word' id='word_1_648' title='bbox 1202 1924 1272 1958; x_wconf 69' lang='lat' dir='ltr'>hazc,</span> <span class='ocrx_word' id='word_1_649' title='bbox 1297 1927 1338 1959; x_wconf 85' lang='lat' dir='ltr'>ut,</span> <span class='ocrx_word' id='word_1_650' title='bbox 1355 1925 1432 1959; x_wconf 84' lang='lat' dir='ltr'>quod</span> <span class='ocrx_word' id='word_1_651' title='bbox 1459 1923 1579 1959; x_wconf 87' lang='lat' dir='ltr'>majoris</span> <span class='ocrx_word' id='word_1_652' title='bbox 1606 1923 1748 1951; x_wconf 89' lang='lat' dir='ltr'>momenti</span> <span class='ocrx_word' id='word_1_653' title='bbox 1777 1924 1832 1957; x_wconf 86' lang='lat' dir='ltr'>est,</span> 
     </span>
    </p>
   </div>
   <div class='ocr_carea' id='block_1_93' title="bbox 1010 1961 1830 2004">
    <p class='ocr_par' dir='ltr' id='par_1_93' title="bbox 1010 1961 1830 2004">
     <span class='ocr_line' id='line_1_94' title="bbox 1010 1961 1830 2004; baseline -0.002 -8"><span class='ocrx_word' id='word_1_654' title='bbox 1010 1961 1117 2001; x_wconf 84' lang='lat' dir='ltr'>dicam,</span> <span class='ocrx_word' id='word_1_655' title='bbox 1132 1978 1189 1996; x_wconf 92' lang='lat' dir='ltr'>non</span> <span class='ocrx_word' id='word_1_656' title='bbox 1205 1971 1265 1996; x_wconf 84' lang='lat' dir='ltr'>tam</span> <span class='ocrx_word' id='word_1_657' title='bbox 1281 1969 1366 1996; x_wconf 89' lang='lat' dir='ltr'>istius</span> <span class='ocrx_word' id='word_1_658' title='bbox 1380 1969 1436 1996; x_wconf 82' lang='lat' dir='ltr'>fide</span> <span class='ocrx_word' id='word_1_659' title='bbox 1446 1977 1534 2004; x_wconf 83' lang='lat' dir='ltr'>quam</span> <span class='ocrx_word' id='word_1_660' title='bbox 1546 1968 1608 1995; x_wconf 88' lang='lat' dir='ltr'>suis</span> <span class='ocrx_word' id='word_1_661' title='bbox 1619 1967 1722 2003; x_wconf 88' lang='lat' dir='ltr'>opibus</span> <span class='ocrx_word' id='word_1_662' title='bbox 1738 1969 1765 1995; x_wconf 84' lang='lat' dir='ltr'>et</span> <span class='ocrx_word' id='word_1_663' title='bbox 1779 1975 1830 2003; x_wconf 90' lang='lat' dir='ltr'>po-</span> 
     </span>
    </p>
   </div>
   <div class='ocr_carea' id='block_1_94' title="bbox 1009 2012 1832 2049">
    <p class='ocr_par' dir='ltr' id='par_1_94' title="bbox 1009 2012 1832 2049">
     <span class='ocr_line' id='line_1_95' title="bbox 1009 2012 1832 2049; baseline -0.002 -8"><span class='ocrx_word' id='word_1_664' title='bbox 1009 2013 1100 2041; x_wconf 82' lang='lat' dir='ltr'>tentia</span> <span class='ocrx_word' id='word_1_665' title='bbox 1124 2014 1291 2041; x_wconf 82' lang='lat' dir='ltr'>nitebatur:</span> <span class='ocrx_word' id='word_1_666' title='bbox 1308 2013 1415 2049; x_wconf 88' lang='lat' dir='ltr'>quibus</span> <span class='ocrx_word' id='word_1_667' title='bbox 1430 2013 1529 2046; x_wconf 89' lang='lat' dir='ltr'>etiam,</span> <span class='ocrx_word' id='word_1_668' title='bbox 1555 2015 1588 2040; x_wconf 89' lang='lat' dir='ltr'>ut</span> <span class='ocrx_word' id='word_1_669' title='bbox 1611 2012 1723 2048; x_wconf 85' lang='lat' dir='ltr'>opinor,</span> <span class='ocrx_word' id='word_1_670' title='bbox 1741 2012 1832 2039; x_wconf 85' lang='lat' dir='ltr'>fretus</span> 
     </span>
    </p>
   </div>
   <div class='ocr_carea' id='block_1_95' title="bbox 1010 2056 1831 2093">
    <p class='ocr_par' dir='ltr' id='par_1_95' title="bbox 1010 2056 1831 2093">
     <span class='ocr_line' id='line_1_96' title="bbox 1010 2056 1831 2093; baseline -0.002 -8"><span class='ocrx_word' id='word_1_671' title='bbox 1010 2066 1136 2093; x_wconf 81' lang='lat' dir='ltr'>magnus</span> <span class='ocrx_word' id='word_1_672' title='bbox 1152 2057 1199 2085; x_wconf 90' lang='lat' dir='ltr'>ille</span> <span class='ocrx_word' id='word_1_673' title='bbox 1213 2057 1383 2091; x_wconf 85' lang='lat' dir='ltr'>Alexander,</span> <span class='ocrx_word' id='word_1_674' title='bbox 1395 2057 1469 2084; x_wconf 90' lang='lat' dir='ltr'>victo</span> <span class='ocrx_word' id='word_1_675' title='bbox 1482 2057 1553 2085; x_wconf 92' lang='lat' dir='ltr'>Poro</span> <span class='ocrx_word' id='word_1_676' title='bbox 1570 2065 1627 2084; x_wconf 90' lang='lat' dir='ltr'>non</span> <span class='ocrx_word' id='word_1_677' title='bbox 1644 2056 1730 2084; x_wconf 83' lang='lat' dir='ltr'>modo</span> <span class='ocrx_word' id='word_1_678' title='bbox 1742 2056 1831 2084; x_wconf 87' lang='lat' dir='ltr'>vitam</span> 
     </span>
    </p>
   </div>
   <div class='ocr_carea' id='block_1_96' title="bbox 1010 2100 1834 2137">
    <p class='ocr_par' dir='ltr' id='par_1_96' title="bbox 1010 2100 1834 2137">
     <span class='ocr_line' id='line_1_97' title="bbox 1010 2100 1834 2137; baseline 0 -8"><span class='ocrx_word' id='word_1_679' title='bbox 1010 2102 1100 2136; x_wconf 86' lang='lat' dir='ltr'>dedit,</span> <span class='ocrx_word' id='word_1_680' title='bbox 1113 2102 1198 2136; x_wconf 82' lang='lat' dir='ltr'>idque</span> <span class='ocrx_word' id='word_1_681' title='bbox 1214 2110 1281 2129; x_wconf 88' lang='lat' dir='ltr'>curn</span> <span class='ocrx_word' id='word_1_682' title='bbox 1297 2102 1332 2129; x_wconf 89' lang='lat' dir='ltr'>de</span> <span class='ocrx_word' id='word_1_683' title='bbox 1347 2101 1469 2137; x_wconf 85' lang='lat' dir='ltr'>imperio</span> <span class='ocrx_word' id='word_1_684' title='bbox 1484 2102 1556 2128; x_wconf 87' lang='lat' dir='ltr'>adeo</span> <span class='ocrx_word' id='word_1_685' title='bbox 1571 2103 1688 2128; x_wconf 89' lang='lat' dir='ltr'>strenue</span> <span class='ocrx_word' id='word_1_686' title='bbox 1698 2100 1834 2129; x_wconf 85' lang='lat' dir='ltr'>dimicas—</span> 
     </span>
    </p>
   </div>
   <div class='ocr_carea' id='block_1_97' title="bbox 1011 2146 1830 2181">
    <p class='ocr_par' dir='ltr' id='par_1_97' title="bbox 1011 2146 1830 2181">
     <span class='ocr_line' id='line_1_98' title="bbox 1011 2146 1830 2181; baseline 0 -7"><span class='ocrx_word' id='word_1_687' title='bbox 1011 2149 1063 2181; x_wconf 85' lang='lat' dir='ltr'>set,</span> <span class='ocrx_word' id='word_1_688' title='bbox 1090 2147 1140 2174; x_wconf 89' lang='lat' dir='ltr'>sed</span> <span class='ocrx_word' id='word_1_689' title='bbox 1170 2147 1305 2174; x_wconf 89' lang='lat' dir='ltr'>Indorum</span> <span class='ocrx_word' id='word_1_690' title='bbox 1334 2146 1421 2173; x_wconf 87' lang='lat' dir='ltr'>etiam</span> <span class='ocrx_word' id='word_1_691' title='bbox 1451 2154 1573 2181; x_wconf 84' lang='lat' dir='ltr'>regnum</span> <span class='ocrx_word' id='word_1_692' title='bbox 1604 2146 1659 2181; x_wconf 85' lang='lat' dir='ltr'>ipsi</span> <span class='ocrx_word' id='word_1_693' title='bbox 1683 2146 1830 2174; x_wconf 85' lang='lat' dir='ltr'>restituit:</span> 
     </span>
    </p>
   </div>
   <div class='ocr_carea' id='block_1_98' title="bbox 1011 2190 1832 2227">
    <p class='ocr_par' dir='ltr' id='par_1_98' title="bbox 1011 2190 1832 2227">
     <span class='ocr_line' id='line_1_99' title="bbox 1011 2190 1832 2227; baseline -0.001 -8"><span class='ocrx_word' id='word_1_694' title='bbox 1011 2192 1130 2227; x_wconf 89' lang='lat' dir='ltr'>perinde</span> <span class='ocrx_word' id='word_1_695' title='bbox 1141 2193 1228 2226; x_wconf 84' lang='lat' dir='ltr'>atque</span> <span class='ocrx_word' id='word_1_696' title='bbox 1245 2199 1301 2218; x_wconf 92' lang='lat' dir='ltr'>non</span> <span class='ocrx_word' id='word_1_697' title='bbox 1314 2190 1371 2218; x_wconf 78' lang='lat' dir='ltr'>alia</span> <span class='ocrx_word' id='word_1_698' title='bbox 1385 2190 1495 2218; x_wconf 85' lang='lat' dir='ltr'>ratione</span> <span class='ocrx_word' id='word_1_699' title='bbox 1506 2190 1758 2226; x_wconf 83' lang='lat' dir='ltr'>magnanimitatis</span> <span class='ocrx_word' id='word_1_700' title='bbox 1769 2198 1832 2226; x_wconf 88' lang='lat' dir='ltr'>spe-</span> 
     </span>
    </p>
   </div>
   <div class='ocr_carea' id='block_1_99' title="bbox 1010 2234 1830 2271">
    <p class='ocr_par' dir='ltr' id='par_1_99' title="bbox 1010 2234 1830 2271">
     <span class='ocr_line' id='line_1_100' title="bbox 1010 2234 1830 2271; baseline -0.001 -8"><span class='ocrx_word' id='word_1_701' title='bbox 1010 2236 1104 2263; x_wconf 88' lang='lat' dir='ltr'>cimen</span> <span class='ocrx_word' id='word_1_702' title='bbox 1129 2236 1271 2270; x_wconf 89' lang='lat' dir='ltr'>editurus,</span> <span class='ocrx_word' id='word_1_703' title='bbox 1290 2244 1347 2271; x_wconf 90' lang='lat' dir='ltr'>qua</span> <span class='ocrx_word' id='word_1_704' title='bbox 1371 2235 1458 2269; x_wconf 89' lang='lat' dir='ltr'>vinci,</span> <span class='ocrx_word' id='word_1_705' title='bbox 1475 2243 1541 2262; x_wconf 88' lang='lat' dir='ltr'>cum</span> <span class='ocrx_word' id='word_1_706' title='bbox 1566 2234 1729 2262; x_wconf 85' lang='lat' dir='ltr'>Alexander</span> <span class='ocrx_word' id='word_1_707' title='bbox 1743 2237 1830 2269; x_wconf 88' lang='lat' dir='ltr'>esset,</span> 
     </span>
    </p>
   </div>
   <div class='ocr_carea' id='block_1_100' title="bbox 1009 2279 1832 2316">
    <p class='ocr_par' dir='ltr' id='par_1_100' title="bbox 1009 2279 1832 2316">
     <span class='ocr_line' id='line_1_101' title="bbox 1009 2279 1832 2316; baseline -0.002 -8"><span class='ocrx_word' id='word_1_708' title='bbox 1009 2280 1126 2316; x_wconf 82' lang='lat' dir='ltr'>turpius</span> <span class='ocrx_word' id='word_1_709' title='bbox 1144 2280 1339 2315; x_wconf 82' lang='lat' dir='ltr'>existimabat,</span> <span class='ocrx_word' id='word_1_710' title='bbox 1357 2288 1444 2315; x_wconf 83' lang='lat' dir='ltr'>quam</span> <span class='ocrx_word' id='word_1_711' title='bbox 1470 2280 1559 2307; x_wconf 88' lang='lat' dir='ltr'>armis</span> <span class='ocrx_word' id='word_1_712' title='bbox 1584 2279 1716 2314; x_wconf 84' lang='lat' dir='ltr'>superari</span> <span class='ocrx_word' id='word_1_713' title='bbox 1734 2287 1740 2307; x_wconf 90' lang='lat'><strong>:</strong></span> <span class='ocrx_word' id='word_1_714' title='bbox 1758 2287 1832 2315; x_wconf 65' lang='lat' dir='ltr'>prm-</span> 
     </span>
    </p>
   </div>
   <div class='ocr_carea' id='block_1_101' title="bbox 1010 2323 1830 2360">
    <p class='ocr_par' dir='ltr' id='par_1_101' title="bbox 1010 2323 1830 2360">
     <span class='ocr_line' id='line_1_102' title="bbox 1010 2323 1830 2360; baseline -0.001 -7"><span class='ocrx_word' id='word_1_715' title='bbox 1010 2325 1109 2353; x_wconf 89' lang='lat' dir='ltr'>sertim</span> <span class='ocrx_word' id='word_1_716' title='bbox 1127 2333 1190 2352; x_wconf 90' lang='lat' dir='ltr'>cum</span> <span class='ocrx_word' id='word_1_717' title='bbox 1208 2325 1236 2351; x_wconf 91' lang='lat' dir='ltr'>in</span> <span class='ocrx_word' id='word_1_718' title='bbox 1254 2333 1306 2352; x_wconf 87' lang='lat' dir='ltr'>sua</span> <span class='ocrx_word' id='word_1_719' title='bbox 1323 2326 1466 2360; x_wconf 87' lang='lat' dir='ltr'>potestate</span> <span class='ocrx_word' id='word_1_720' title='bbox 1482 2326 1569 2357; x_wconf 83' lang='lat' dir='ltr'>esset,</span> <span class='ocrx_word' id='word_1_721' title='bbox 1585 2332 1663 2357; x_wconf 91' lang='lat' dir='ltr'>eum,</span> <span class='ocrx_word' id='word_1_722' title='bbox 1680 2324 1704 2351; x_wconf 91' lang='lat' dir='ltr'>si</span> <span class='ocrx_word' id='word_1_723' title='bbox 1720 2323 1830 2352; x_wconf 86' lang='lat' dir='ltr'>malum</span> 
     </span>
    </p>
   </div>
   <div class='ocr_carea' id='block_1_102' title="bbox 1008 2368 1830 2405">
    <p class='ocr_par' dir='ltr' id='par_1_102' title="bbox 1008 2368 1830 2405">
     <span class='ocr_line' id='line_1_103' title="bbox 1008 2368 1830 2405; baseline 0 -8"><span class='ocrx_word' id='word_1_724' title='bbox 1008 2369 1201 2405; x_wconf 79' lang='lat' dir='ltr'>beneficiique</span> <span class='ocrx_word' id='word_1_725' title='bbox 1220 2369 1420 2397; x_wconf 84' lang='lat' dir='ltr'>immemorem</span> <span class='ocrx_word' id='word_1_726' title='bbox 1442 2368 1624 2404; x_wconf 87' lang='lat' dir='ltr'>comperirct,</span> <span class='ocrx_word' id='word_1_727' title='bbox 1641 2377 1757 2396; x_wconf 86' lang='lat' dir='ltr'>rursum</span> <span class='ocrx_word' id='word_1_728' title='bbox 1775 2369 1830 2397; x_wconf 89' lang='lat' dir='ltr'>sub</span> 
     </span>
    </p>
   </div>
   <div class='ocr_carea' id='block_1_103' title="bbox 1009 2413 1829 2450">
    <p class='ocr_par' dir='ltr' id='par_1_103' title="bbox 1009 2413 1829 2450">
     <span class='ocr_line' id='line_1_104' title="bbox 1009 2413 1829 2450; baseline 0 -9"><span class='ocrx_word' id='word_1_729' title='bbox 1009 2414 1128 2442; x_wconf 90' lang='lat' dir='ltr'>ditionis</span> <span class='ocrx_word' id='word_1_730' title='bbox 1144 2422 1202 2441; x_wconf 78' lang='lat' dir='ltr'>suae</span> <span class='ocrx_word' id='word_1_731' title='bbox 1214 2415 1319 2450; x_wconf 82' lang='lat' dir='ltr'>jugum</span> <span class='ocrx_word' id='word_1_732' title='bbox 1337 2414 1460 2441; x_wconf 88' lang='lat' dir='ltr'>mittere.</span> <span class='ocrx_word' id='word_1_733' title='bbox 1478 2414 1520 2441; x_wconf 86' lang='lat' dir='ltr'>Ita</span> <span class='ocrx_word' id='word_1_734' title='bbox 1536 2413 1703 2449; x_wconf 84' lang='lat' dir='ltr'>benignitas</span> <span class='ocrx_word' id='word_1_735' title='bbox 1718 2413 1777 2441; x_wconf 67' lang='lat' dir='ltr'>haec</span> <span class='ocrx_word' id='word_1_736' title='bbox 1793 2414 1829 2441; x_wconf 88' lang='lat' dir='ltr'>ab</span> 
     </span>
    </p>
   </div>
   <div class='ocr_carea' id='block_1_104' title="bbox 968 2458 1727 2494">
    <p class='ocr_par' dir='ltr' id='par_1_104' title="bbox 968 2458 1727 2494">
     <span class='ocr_line' id='line_1_105' title="bbox 968 2458 1727 2494; baseline -0.001 -8"><span class='ocrx_word' id='word_1_737' title='bbox 968 2461 992 2493; x_wconf 73' lang='grc' dir='ltr'>Β</span> <span class='ocrx_word' id='word_1_738' title='bbox 1007 2458 1118 2494; x_wconf 83' lang='lat' dir='ltr'>ingenti</span> <span class='ocrx_word' id='word_1_739' title='bbox 1134 2459 1261 2494; x_wconf 85' lang='lat' dir='ltr'>quadam</span> <span class='ocrx_word' id='word_1_740' title='bbox 1277 2458 1366 2486; x_wconf 82' lang='lat' dir='ltr'>animi</span> <span class='ocrx_word' id='word_1_741' title='bbox 1382 2458 1563 2494; x_wconf 72' lang='lat' dir='ltr'>praal’identia</span> <span class='ocrx_word' id='word_1_742' title='bbox 1578 2458 1727 2486; x_wconf 87' lang='lat' dir='ltr'>manabat.</span> 
     </span>
    </p>
   </div>
   <div class='ocr_carea' id='block_1_105' title="bbox 1042 2502 1829 2538">
    <p class='ocr_par' dir='ltr' id='par_1_105' title="bbox 1042 2502 1829 2538">
     <span class='ocr_line' id='line_1_106' title="bbox 1042 2502 1829 2538; baseline -0.001 -7"><span class='ocrx_word' id='word_1_743' title='bbox 1042 2503 1125 2531; x_wconf 81' lang='lat' dir='ltr'>XLII.</span> <span class='ocrx_word' id='word_1_744' title='bbox 1143 2503 1197 2531; x_wconf 90' lang='lat' dir='ltr'>Sed</span> <span class='ocrx_word' id='word_1_745' title='bbox 1214 2503 1285 2538; x_wconf 87' lang='lat' dir='ltr'>quid</span> <span class='ocrx_word' id='word_1_746' title='bbox 1301 2502 1329 2529; x_wconf 91' lang='lat' dir='ltr'>in</span> <span class='ocrx_word' id='word_1_747' title='bbox 1346 2502 1399 2529; x_wconf 89' lang='lat' dir='ltr'>hac</span> <span class='ocrx_word' id='word_1_748' title='bbox 1415 2511 1445 2530; x_wconf 87' lang='lat' dir='ltr'>re</span> <span class='ocrx_word' id='word_1_749' title='bbox 1460 2504 1611 2538; x_wconf 81' lang='lat' dir='ltr'>tantopere</span> <span class='ocrx_word' id='word_1_750' title='bbox 1625 2502 1725 2530; x_wconf 88' lang='lat' dir='ltr'>laboro</span> <span class='ocrx_word' id='word_1_751' title='bbox 1741 2504 1829 2538; x_wconf 86' lang='lat' dir='ltr'>atque</span> 
     </span>
    </p>
   </div>
   <div class='ocr_carea' id='block_1_106' title="bbox 1007 2546 1828 2582">
    <p class='ocr_par' dir='ltr' id='par_1_106' title="bbox 1007 2546 1828 2582">
     <span class='ocr_line' id='line_1_107' title="bbox 1007 2546 1828 2582; baseline -0.002 -6"><span class='ocrx_word' id='word_1_752' title='bbox 1007 2548 1161 2582; x_wconf 86' lang='lat' dir='ltr'>contendo,</span> <span class='ocrx_word' id='word_1_753' title='bbox 1179 2555 1245 2575; x_wconf 89' lang='lat' dir='ltr'>cum</span> <span class='ocrx_word' id='word_1_754' title='bbox 1262 2547 1335 2575; x_wconf 88' lang='lat' dir='ltr'>mihi</span> <span class='ocrx_word' id='word_1_755' title='bbox 1351 2555 1468 2575; x_wconf 81' lang='lat' dir='ltr'>causam</span> <span class='ocrx_word' id='word_1_756' title='bbox 1486 2546 1571 2575; x_wconf 81' lang='lat' dir='ltr'>facile</span> <span class='ocrx_word' id='word_1_757' title='bbox 1586 2546 1717 2575; x_wconf 87' lang='lat' dir='ltr'>obtinere</span> <span class='ocrx_word' id='word_1_758' title='bbox 1732 2547 1828 2582; x_wconf 86' lang='lat' dir='ltr'>liceat,</span> 
     </span>
    </p>
   </div>
   <div class='ocr_carea' id='block_1_107' title="bbox 1042 2644 1830 2711">
    <p class='ocr_par' dir='ltr' id='par_1_107' title="bbox 1042 2644 1830 2711">
     <span class='ocr_line' id='line_1_108' title="bbox 1042 2644 1830 2711; baseline 0.003 -38"><span class='ocrx_word' id='word_1_759' title='bbox 1042 2648 1099 2711; x_wconf 70' lang='grc' dir='ltr'>(4Ἱέ</span> <span class='ocrx_word' id='word_1_760' title='bbox 1113 2644 1324 2688; x_wconf 56' lang='grc' dir='ltr'>Μεγαλόψοχον.</span> <span class='ocrx_word' id='word_1_761' title='bbox 1340 2647 1415 2689; x_wconf 68' lang='lat' dir='ltr'>Edit.</span> <span class='ocrx_word' id='word_1_762' title='bbox 1432 2649 1461 2675; x_wconf 88' lang='lat' dir='ltr'>et</span> <span class='ocrx_word' id='word_1_763' title='bbox 1476 2655 1547 2674; x_wconf 85' lang='lat' dir='ltr'>mss.</span> <span class='ocrx_word' id='word_1_764' title='bbox 1566 2646 1700 2688; x_wconf 79' lang='lat' dir='ltr'>nonnulli</span> <span class='ocrx_word' id='word_1_765' title='bbox 1718 2647 1830 2675; x_wconf 87' lang='lat' dir='ltr'>addunt</span> 
     </span>
     <span class='ocr_line' id='line_1_109' title="bbox 1042 2682 1685 2711; baseline 0 -1"><span class='ocrx_word' id='word_1_766' title='bbox 1042 2693 1064 2710; x_wconf 85' lang='grc' dir='ltr'>ν.</span> <span class='ocrx_word' id='word_1_767' title='bbox 1102 2682 1134 2710; x_wconf 87' lang='lat' dir='ltr'>ed</span> <span class='ocrx_word' id='word_1_768' title='bbox 1152 2685 1232 2710; x_wconf 85' lang='lat' dir='ltr'>deest</span> <span class='ocrx_word' id='word_1_769' title='bbox 1248 2691 1276 2710; x_wconf 84' lang='lat' dir='ltr'>1n</span> <span class='ocrx_word' id='word_1_770' title='bbox 1295 2683 1422 2711; x_wconf 79' lang='lat' dir='ltr'>melioris</span> <span class='ocrx_word' id='word_1_771' title='bbox 1435 2686 1509 2711; x_wconf 63' lang='lat' dir='ltr'>nota;</span> <span class='ocrx_word' id='word_1_772' title='bbox 1525 2682 1685 2710; x_wconf 78' lang='lat' dir='ltr'>codicibus.</span> 
     </span>
    </p>
   </div>
   <div class='ocr_carea' id='block_1_108' title="bbox 1007 2681 1685 2718">
    <p class='ocr_par' dir='ltr' id='par_1_108' title="bbox 1007 2681 1685 2718">
     <span class='ocr_line' id='line_1_110' title="bbox 1007 2681 1685 2718; baseline 0.001 -9"><span class='ocrx_word' id='word_1_773' title='bbox 1007 2681 1064 2718; x_wconf 63' lang='lat' dir='ltr'>pb).</span> <span class='ocrx_word' id='word_1_774' title='bbox 1081 2681 1134 2711; x_wconf 87' lang='lat' dir='ltr'>Sed</span> <span class='ocrx_word' id='word_1_775' title='bbox 1152 2681 1237 2710; x_wconf 81' lang='lat' dir='ltr'>deest</span> <span class='ocrx_word' id='word_1_776' title='bbox 1248 2681 1284 2710; x_wconf 72' lang='lat' dir='ltr'>in</span> <span class='ocrx_word' id='word_1_777' title='bbox 1295 2683 1422 2711; x_wconf 88' lang='lat' dir='ltr'>melioris</span> <span class='ocrx_word' id='word_1_778' title='bbox 1435 2686 1509 2711; x_wconf 63' lang='lat' dir='ltr'>nota;</span> <span class='ocrx_word' id='word_1_779' title='bbox 1525 2682 1685 2710; x_wconf 87' lang='lat' dir='ltr'>codicibus.</span> 
     </span>
    </p>
   </div>
   <div class='ocr_carea' id='block_1_109' title="bbox 1042 2718 1828 2763">
    <p class='ocr_par' dir='ltr' id='par_1_109' title="bbox 1042 2718 1828 2763">
     <span class='ocr_line' id='line_1_111' title="bbox 1042 2718 1828 2763; baseline 0 -17"><span class='ocrx_word' id='word_1_780' title='bbox 1042 2720 1097 2761; x_wconf 84' lang='grc'>(48)</span> <span class='ocrx_word' id='word_1_781' title='bbox 1113 2719 1146 2763; x_wconf 50' lang='grc' dir='ltr'>’δὲ</span> <span class='ocrx_word' id='word_1_782' title='bbox 1159 2719 1343 2763; x_wconf 38' lang='grc' dir='ltr'>ξρατηθῆναιιδ</span> <span class='ocrx_word' id='word_1_783' title='bbox 1357 2719 1396 2746; x_wconf 75' lang='lat' dir='ltr'>Ad</span> <span class='ocrx_word' id='word_1_784' title='bbox 1411 2719 1471 2746; x_wconf 67' lang='lat' dir='ltr'>hmo</span> <span class='ocrx_word' id='word_1_785' title='bbox 1490 2719 1576 2763; x_wconf 60' lang='lat' dir='ltr'>yorba</span> <span class='ocrx_word' id='word_1_786' title='bbox 1593 2719 1661 2763; x_wconf 69' lang='lat' dir='ltr'>lteg.</span> <span class='ocrx_word' id='word_1_787' title='bbox 1679 2727 1708 2763; x_wconf 61' lang='grc' dir='ltr'>ᾳ,</span> <span class='ocrx_word' id='word_1_788' title='bbox 1725 2718 1828 2763; x_wconf 54' lang='grc' dir='ltr'>σρρξρτ</span> 
     </span>
    </p>
   </div>
   <div class='ocr_carea' id='block_1_110' title="bbox 1005 2753 1828 2791">
    <p class='ocr_par' dir='ltr' id='par_1_110' title="bbox 1005 2753 1828 2791">
     <span class='ocr_line' id='line_1_112' title="bbox 1005 2753 1828 2791; baseline 0 -10"><span class='ocrx_word' id='word_1_789' title='bbox 1005 2754 1048 2791; x_wconf 78' lang='lat' dir='ltr'>git</span> <span class='ocrx_word' id='word_1_790' title='bbox 1073 2753 1092 2781; x_wconf 18' lang='lat'>:7</span> <span class='ocrx_word' id='word_1_791' title='bbox 1105 2753 1183 2789; x_wconf 72' lang='grc' dir='ltr'>αὖτῷ</span> <span class='ocrx_word' id='word_1_792' title='bbox 1204 2753 1402 2791; x_wconf 60' lang='grc' dir='ltr'>μεγαλοψύχῳ·</span> <span class='ocrx_word' id='word_1_793' title='bbox 1420 2758 1551 2791; x_wconf 78' lang='grc' dir='ltr'>κρατῆσαι</span> <span class='ocrx_word' id='word_1_794' title='bbox 1573 2754 1624 2791; x_wconf 70' lang='grc' dir='ltr'>γὰρ</span> <span class='ocrx_word' id='word_1_795' title='bbox 1637 2753 1752 2790; x_wconf 28' lang='grc' dir='ltr'>ῖτούτῳξ</span> <span class='ocrx_word' id='word_1_796' title='bbox 1764 2753 1828 2781; x_wconf 71' lang='grc' dir='ltr'>ἄλλ’</span> 
     </span>
    </p>
   </div>
   <div class='ocr_carea' id='block_1_111' title="bbox 1006 2788 1828 2827">
    <p class='ocr_par' dir='ltr' id='par_1_111' title="bbox 1006 2788 1828 2827">
     <span class='ocr_line' id='line_1_113' title="bbox 1006 2788 1828 2827; baseline 0.002 -11"><span class='ocrx_word' id='word_1_797' title='bbox 1006 2788 1035 2827; x_wconf 65' lang='grc' dir='ltr'><em>ὀᾷ</em></span> <span class='ocrx_word' id='word_1_798' title='bbox 1058 2788 1223 2827; x_wconf 68' lang='grc' dir='ltr'>κρατηθῆναι</span> <span class='ocrx_word' id='word_1_799' title='bbox 1240 2788 1403 2817; x_wconf 71' lang='grc' dir='ltr'>ἓϐού)ἐτ’ᾱ.’‹‹</span> <span class='ocrx_word' id='word_1_800' title='bbox 1422 2788 1486 2827; x_wconf 82' lang='lat' dir='ltr'>ipsa</span> <span class='ocrx_word' id='word_1_801' title='bbox 1503 2788 1753 2827; x_wconf 79' lang='lat' dir='ltr'>magnanimitate,</span> <span class='ocrx_word' id='word_1_802' title='bbox 1770 2799 1828 2826; x_wconf 84' lang='lat' dir='ltr'>qua</span> 
     </span>
    </p>
   </div>
   <div class='ocr_carea' id='block_1_112' title="bbox 1005 2826 1826 2863">
    <p class='ocr_par' dir='ltr' id='par_1_112' title="bbox 1005 2826 1826 2863">
     <span class='ocr_line' id='line_1_114' title="bbox 1005 2826 1826 2863; baseline 0 -10"><span class='ocrx_word' id='word_1_803' title='bbox 1005 2826 1128 2863; x_wconf 19' lang='lat' dir='ltr'>vincerer</span> <span class='ocrx_word' id='word_1_804' title='bbox 1142 2827 1236 2862; x_wconf 82' lang='lat' dir='ltr'>magis</span> <span class='ocrx_word' id='word_1_805' title='bbox 1251 2835 1338 2863; x_wconf 86' lang='lat' dir='ltr'>quam</span> <span class='ocrx_word' id='word_1_806' title='bbox 1366 2826 1442 2855; x_wconf 85' lang='lat' dir='ltr'>vinci</span> <span class='ocrx_word' id='word_1_807' title='bbox 1465 2827 1589 2855; x_wconf 84' lang='lat' dir='ltr'>volebat.</span> <span class='ocrx_word' id='word_1_808' title='bbox 1602 2838 1616 2852; x_wconf 82' lang='lat'>»</span> <span class='ocrx_word' id='word_1_809' title='bbox 1633 2827 1717 2862; x_wconf 63' lang='lat' dir='ltr'>Item:</span> <span class='ocrx_word' id='word_1_810' title='bbox 1730 2828 1826 2854; x_wconf 83' lang='lat' dir='ltr'>narrat</span> 
     </span>
    </p>
   </div>
   <div class='ocr_carea' id='block_1_113' title="bbox 1006 2862 1376 2891">
    <p class='ocr_par' dir='ltr' id='par_1_113' title="bbox 1006 2862 1376 2891">
     <span class='ocr_line' id='line_1_115' title="bbox 1006 2862 1376 2891; baseline 0.003 -2"><span class='ocrx_word' id='word_1_811' title='bbox 1006 2862 1152 2891; x_wconf 82' lang='lat' dir='ltr'>Plutarch.</span> <span class='ocrx_word' id='word_1_812' title='bbox 1171 2863 1200 2890; x_wconf 89' lang='lat' dir='ltr'>in</span> <span class='ocrx_word' id='word_1_813' title='bbox 1219 2862 1285 2891; x_wconf 68' lang='lat' dir='ltr'>Vita</span> <span class='ocrx_word' id='word_1_814' title='bbox 1300 2863 1376 2891; x_wconf 62' lang='lat' dir='ltr'>Alex.</span> 
     </span>
    </p>
   </div>
  </div>
