4202 6212
455 390 573 451 567

1703 390 1766 450 S.
1817 389 2187 451 GllEGOltll
2232 391 2332 451 ΤΗ
2346 391 2623 452 EOLOGI

3749 388 3862 448 568

462 522 639 581 etiam
673 519 986 593 superato?
1015 519 1242 577 Etenim
1273 519 1322 576 si
1353 519 1405 576 is
1436 518 1628 577 malus
1660 524 1768 589 est,
1798 521 1897 593 qui
1931 520 2109 577 credi-

2228 519 2274 576 τί
2306 521 2425 575 ποτ’
2478 522 2536 576 ἄν
2584 518 2665 590 εἷίη
2716 525 2840 596 παρ’
2877 518 3076 575 ἐκεῖνον
3124 519 3151 574 ὁ
3200 516 3501 584 πιστευθείς
3534 536 3549 587 ;
3584 516 3683 574 Καὶ
3733 518 3778 573 εί
3804 518 3863 574 τὸ

454 612 563 679 dit,
593 611 733 684 quid
766 612 1003 666 tandem
1034 627 1148 681 prae
1190 625 1255 666 eo
1301 608 1418 681 ille,
1451 610 1546 666 cui
1578 610 1721 666 ﬁdes
1751 610 1951 667 habita
1980 610 2113 667 est?

456 703 547 767 Et,
583 701 632 755 si
666 716 859 756 mores
894 698 1054 754 illius
1087 716 1200 755 non
1235 699 1590 771 praevidisse,
1624 700 1682 754 in
1731 700 1975 755 crimine
2006 717 2111 771 po-

459 790 720 845 nendum
754 792 861 855 est,
896 788 1101 843 vitium
1132 789 1327 860 ipsum
1378 788 1476 843 ubi
1527 789 1762 844 tandem
1797 788 2113 844 collocabi-

458 878 638 934 mus?
683 878 793 934 Sed
850 877 1105 950 profecto
1159 894 1250 932 res
1301 878 1568 950 quaedam
1626 878 2112 933 considerationis

458 984 668 1040 expers
699 972 787 1023 est
834 966 1181 1038 improbitas
1217 984 1228 1021 :
1264 983 1368 1022 nec
1402 966 1519 1021 ulla
1550 967 1696 1022 ratio
1729 967 1864 1021 iniri
1902 972 2111 1039 potest,

459 1074 579 1130 qua
610 1056 877 1113 homines
928 1072 1179 1127 nequam
1211 1060 1267 1111 et
1294 1055 1592 1126 improbos
1623 1056 1937 1129 quisquam
1990 1073 2110 1112 me-

456 1146 633 1203 liores
682 1145 918 1201 efficiat.
954 1144 1175 1217 Quippe
1206 1161 1339 1199 cum
1390 1145 1520 1212 iste,
1554 1145 1767 1217 quibus
1815 1162 1884 1201 ex
1936 1145 2113 1200 rebus

459 1236 746 1307 majorem
782 1233 1243 1289 benevolentiam
1285 1234 1609 1307 concipere,
1639 1250 1704 1290 ac
1737 1234 1784 1290 si
1819 1250 1964 1306 quos
1997 1234 2110 1289 im-

2225 611 2300 681 μή
2350 607 2660 685 προϊδέσθαι
2706 611 2796 664 τὸν
2852 608 3052 686 τρόπον
3114 606 3385 681 ὑπαίτιον,
3439 606 3604 678 αὑτήν
3660 628 3719 683 γε
3766 610 3861 678 τὴν

2219 698 2405 753 κακίαν
2440 703 2544 754 ποῦ
2583 701 2817 771 θήσομεν
2856 717 2870 767 ;
2905 696 3062 752 Ἀλλ’
3111 693 3282 759 ὅντως
3325 695 3720 771 ἀσυλλόγιστόν
3755 700 3863 772 (49)

2218 809 2269 842 τι
2302 794 2526 863 πρᾶγμα
2555 791 2588 857 ἡ
2640 787 2891 861 πονηρία*
2944 786 3033 840 καὶ
3082 787 3179 841 οὐκ
3229 786 3369 841 ἔστιν
3402 787 3447 858 ᾧ
3475 785 3601 847 τοὺς
3654 789 3864 861 μοχθη-

2222 878 2346 954 ροὺς
2380 878 2438 931 ἄν
2468 899 2550 939 τις
2588 875 2838 952 βελτίους
2884 878 3182 945 ποιήσειεν·
3219 874 3379 929 ὁπότε
3427 875 3672 935 κάκεῖνος
3712 874 3760 946 ἐξ
3792 877 3862 929 ὧν

2220 965 2562 1041 εὐνούστερος
2594 971 2823 1044 φανῆναι
2875 962 3083 1025 δίκαιος
3263 967 3347 1032 ἦν,
3379 962 3467 1017 καὶ
3516 960 3569 1017 εἷ’
3594 984 3642 1017 τι
3682 964 3864 1027 κακίας

2221 1055 2364 1129 εἶχεν
2416 1053 2739 1128 ἒμπύρευμα
2783 1054 2930 1108 τοῦτ’
2986 1051 3215 1120 ἀνελεῖν,
3268 1052 3326 1107 ἐκ
3370 1050 3578 1106 τούτων
3633 1056 3744 1123 (51)
3792 1053 3865 1116 εἷς

2225 1146 2408 1215 μεῖζον
2444 1141 2653 1219 ἀνήφθη
2694 1146 2872 1214 μῖσος,
2905 1141 2994 1195 καὶ
3026 1140 3177 1203 ὅπως
3230 1139 3286 1195 ἂν
3331 1139 3604 1214 ἀμύνηται
3636 1142 3747 1215 (52)
3776 1142 3865 1197 τὸν
3928 1209 3944 1220 ⁸

2222 1228 2506 1305 εὐεργέτην
2541 1229 2779 1287 ἐσκόπει.

454 1322 764 1396 probitatis
795 1321 1084 1403 igniculos
1132 1321 1403 1389 habebat,
1436 1338 1533 1378 eos
1566 1322 1935 1395 exstinguere
1968 1322 2240 1393 debebat,
2273 1338 2343 1377 ex
2374 1321 2462 1377 bis
2494 1322 2563 1377 ad
2597 1322 2789 1392 majus
2834 1319 3035 1376 odium
3082 1320 3359 1376 incensus
3407 1320 3507 1388 sit,
3538 1319 3711 1393 idque
3740 1337 3869 1394 spe-

456 1412 650 1481 ctarit,
684 1415 749 1467 ut
776 1411 925 1467 bene
957 1412 1027 1467 de
1057 1428 1119 1467 se
1148 1410 1424 1466 meritum
1456 1411 1855 1468 ulcisceretur.

526 1500 714 1557 XLIII.
756 1500 887 1557 Haec
947 1502 1141 1573 ipsum
1197 1500 1490 1570 Platones,
1551 1506 1607 1558 et
1662 1502 1991 1576 Chrysippi,
2054 1505 2114 1557 et

451 1591 646 1646 clarus
695 1591 1024 1663 Peripatus,
1059 1595 1116 1647 et
1162 1591 1490 1646 veneranda
1520 1591 1677 1659 Stoa,
1712 1596 1768 1647 et
1817 1592 1963 1647 scita
2011 1589 2115 1645 illa

450 1683 701 1735 venusta
732 1696 945 1735 sonoro
968 1683 1205 1751 gutture
1236 1679 1547 1735 fundentes
1580 1680 1956 1735 edocuerunt.
1985 1681 2112 1735 llaec

452 1768 789 1843 geometriae
821 1768 1125 1840 aequalitas
1152 1773 1209 1823 et
1234 1768 1305 1823 de
1328 1767 1564 1839 justitia
1594 1785 1914 1836 sermones,
1945 1767 2114 1823 illud-

453 1875 589 1930 que,
650 1857 985 1929 eligendum
1044 1857 1237 1929 potius
1298 1874 1426 1913 esse
1491 1858 1771 1928 injuriam
1830 1858 2109 1930 accipere,

2294 1500 2419 1555 Ml".
2453 1501 2629 1553 ταῦτα
2676 1496 2963 1559 Πλάτωνες
3012 1494 3194 1568 αὐτὸν,
3240 1495 3331 1550 καὶ
3375 1495 3729 1573 Χρύσιπποι,
3781 1499 3874 1554 καὶ

2224 1587 2251 1641 ὁ
2285 1584 2540 1662 λαμπρὸς
2574 1586 2877 1663 ΙΙερίπατος
2907 1588 3021 1660 (53)
3049 1585 3137 1641 καὶ
3168 1587 3202 1656 ἠ
3241 1586 3411 1659 σεμνή
3448 1586 3590 1640 Στοὰ
3620 1588 3754 1661 (54),
3783 1589 3874 1642 καὶ

2222 1677 2277 1730 οἱ
2335 1677 2400 1730 τὰ
2456 1677 2644 1749 κομψᾶ
2692 1674 3105 1751 λαρυγγὶζοντες
3165 1671 3574 1744 ἐξεπαίδευσαν*
3625 1680 3793 1730 ταῦτα
3838 1678 3871 1747 ἡ

2220 1772 2318 1835 τῆς
2348 1764 2687 1841 γεωμετρίας
2738 1764 2946 1833 ἲσότης,
2979 1766 3069 1818 καὶ
3110 1765 3162 1817 οἱ
3208 1764 3332 1839 περὶ
3385 1760 3727 1835 δικαιοσύνης
3775 1765 3873 1820 λό-

2220 1876 2331 1929 γοι,
2364 1853 2451 1908 καί
2482 1854 2544 1908 τὸ
2594 1857 2795 1929 χρῆναι
2846 1851 3143 1917 ἀδικεῖσθαι
3360 1850 3571 1926 μᾶλλον
3605 1853 3870 1927 αἱρεῖσθαι

458 1963 637 2019 quam
694 1947 927 2002 inferre.
982 1946 1113 2002 Haec
1171 1945 1388 2018 egregii
1449 1946 1736 2018 magistri,
1769 1951 1825 2001 et
1881 1945 2109 2018 imperii

2228 1942 2502 2013 ἧάδικεῖψ
2535 1947 2701 1998 ταῦτα
2749 1943 2799 1997 οἱ
2848 1948 3086 2017 γενναῖοι
3138 1939 3474 2005 διδάσκαλοι,
3516 1941 3733 2011 καὶτῆς
3769 1944 3872 2018 βα-

456 2035 793 2091 defensores
826 2040 881 2090 et
907 2034 1292 2107 legislatores,
1324 2052 1474 2107 quos
1522 2052 1590 2091 ex
1638 2035 1822 2091 triviis
1853 2040 1907 2090 et
1939 2036 2106 2091 bara-

459 2124 611 2181 thris
644 2124 754 2180 sibi
787 2124 1126 2196 collegerat;
1179 2140 1431 2196 quorum
1463 2141 1577 2179 non
1608 2123 1788 2179 vitam
1821 2140 1885 2179 ac
1917 2140 2107 2179 mores

460 2212 822 2283 laudaverat,
856 2213 957 2267 sed
992 2212 1325 2268 facundiam
1356 2217 1733 2284 suspexerat:
1764 2228 1826 2267 ac
1861 2228 1928 2267 ne
1958 2212 2109 2267 hanc

464 2302 703 2375 quidem
735 2302 1004 2370 fortasse,
1029 2302 1130 2357 sed
1162 2301 1524 2374 impietatem
1547 2300 1752 2371 solam,
1778 2305 1840 2355 ut
1871 2306 1963 2357 sat
1992 2301 2112 2356 ido-

463 2407 638 2448 neam
670 2392 765 2448 91
802 2389 1219 2459 consiliariam,
1254 2406 1568 2463 rerumque
1599 2390 1988 2463 gerendarum
2022 2388 2110 2445 vel

467 2481 927 2539 omittendarum
960 2480 1327 2552 magistram.

534 2569 720 2626 XLIV.
755 2569 967 2634 Quidni
1001 2575 1193 2624 autem
1242 2569 1350 2624 hos
1400 2568 1677 2624 admirari
1715 2586 1819 2641 par
1866 2573 1975 2638 est,
2010 2570 2110 2640 qui

460 2660 726 2717 civitates
776 2658 985 2725 etiam,
1034 2674 1160 2729 quas
1208 2657 1399 2729 reipsa
1447 2656 1763 2713 consistere
1811 2674 1926 2713 non
1975 2674 2108 2730 pos-

463 2753 622 2816 sunt,
656 2763 924 2803 sermone
955 2746 1209 2819 tingunt,
1240 2746 1459 2818 quique
1487 2745 1827 2818 splendidas
1857 2748 2112 2818 tyranni-

462 2836 567 2893 des
599 2838 770 2892 modo
802 2853 916 2892 non
958 2836 1227 2906 adorant,
1261 2840 1318 2891 et
1347 2852 1481 2890 cum
1530 2835 1784 2907 superba
1831 2836 2111 2907 gravitate

460 2943 641 2999 supra
671 2927 810 2982 deos
832 2925 1069 2982 obolum
1102 2927 1381 2993 efferunt;
1409 2940 1659 2996 quorum
1684 2924 1805 2995 alii,
1829 2941 1898 2980 ne
1926 2925 2109 2980 Deum

458 3015 700 3088 quidem
733 3014 973 3071 omnino
1003 3030 1150 3085 esse,
1185 3014 1282 3069 alii
1315 3031 1509 3070 rerum
1541 3014 1935 3069 humanarum
1970 3032 2111 3071 cura

462 3120 576 3160 non
615 3104 799 3176 tangi,
831 3104 933 3160 sed
974 3108 1191 3158 temere
1220 3107 1277 3158 et
1305 3103 1546 3158 fortuito
1579 3102 1775 3158 omnia
1807 3102 1938 3158 ferri
1970 3120 2109 3160 cen-

458 3196 620 3260 sent;
656 3192 754 3248 alii
798 3197 992 3247 autem
1040 3191 1332 3247 sideribus
1383 3192 1517 3246 duci
1566 3192 2027 3264 necessariisque
2055 3198 2110 3249 et

2217 2033 2423 2096 σιλείας
2499 2032 2884 2109 συναγωνισταί
2960 2053 3020 2087 τε
3094 2032 3183 2086 καὶ
3258 2030 3597 2105 νομοθέται,
3657 2033 3754 2094 οὓς
3814 2033 3875 2088 ἐκ

2215 2127 2321 2177 τῶν
2363 2124 2469 2196 (56)
2518 2121 2748 2198 τριόδων
2800 2120 2889 2175 καὶ
2937 2127 3045 2176 τῶν
3101 2120 3383 2197 βαράθρων
3434 2119 3607 2193 ἑαυτῷ
3658 2121 3873 2177 συνελέ-

2219 2212 2368 2282 ξατο·
2397 2213 2470 2266 ὧν
2522 2210 2586 2265 οὐ
2636 2211 2725 2265 τὸν
2774 2209 2973 2286 τρόπον
3010 2208 3284 2285 ἐπῄνεσεν,
3319 2207 3464 2264 ἀλλὰ
3491 2231 3589 2278 την
3630 2209 3871 2287 εὐγλωτ-

2215 2299 2329 2355 τίαν
2363 2298 2647 2373 ἐθαύμασε·
2697 2298 2785 2354 καὶ
2831 2296 2955 2354 οὐδὲ
3000 2299 3200 2369 ταύτην
3253 2296 3404 2370 ἴσως,
3437 2295 3583 2353 ἀλλὰ
3628 2295 3871 2356 ἀσέϐειαν

2223 2389 2415 2463 μόνην,
2458 2389 2532 2450 ὡς
2574 2383 2888 2461 σύμϐουλον
2927 2388 3116 2457 ἱκανὴν
3155 2387 3246 2443 καὶ
3290 2392 3397 2443 τῶν
3449 2386 3727 2462 πρακτέων
3781 2392 3875 2445 καὶ

2223 2480 2323 2552 μή,
2358 2475 2682 2532 διδάσκαλον
2713 2480 2848 2551 (57).

2291 2568 2420 2623 ΜΔ’.
2474 2570 2597 2627 Πῶς
2644 2563 2700 2620 δὲ
2750 2565 2811 2620 οὐ
2860 2564 3149 2639 θαυμάζειν
3213 2565 3357 2637 ἄξιον
3400 2587 3650 2638 τουτους,
3682 2567 3736 2622 οἳ
3781 2570 3874 2622 καὶ

2220 2653 2371 2731 λόγῳ
2419 2652 2719 2709 πλάττουσι
2761 2654 2974 2720 πόλεις,
3023 2656 3114 2716 τὰς
3165 2650 3310 2730 ἔργῳ
3361 2663 3615 2725 συστῆναι
3669 2658 3744 2730 μὴ
3777 2654 3871 2710 δυ-

2217 2743 2470 2817 ναμένας,
2531 2744 2620 2798 καὶ
2678 2745 2774 2805 τὰς
2838 2744 3037 2816 σεμνὰς
3092 2740 3409 2819 τυραννίδας
3634 2744 3871 2818 μονονοὺ

2218 2838 2598 2909 προσκυνοῦσι,
2648 2834 2736 2886 καὶ
2784 2833 2875 2887 τὸν
2929 2827 3128 2886 ὀϐολὸν
3166 2833 3297 2908 ὑπὲρ
3327 2832 3452 2895 τοὺς
3494 2834 3647 2895 θεοὺς
3681 2832 3868 2910 ἄγουσι

2222 2924 2355 2997 μετὰ
2382 2930 2481 2992 τῆς
2529 2921 2730 2999 ὀφρύος
2755 2924 2886 2995 (59)·
2936 2922 3027 2975 καὶ
3079 2923 3131 2974 οἱ
3188 2922 3279 2994 μὲν
3315 2919 3441 2977 οὐδὲ
3472 2922 3603 2977 εἶναι
3646 2923 3773 2978 Θεὸν
3806 2924 3870 2977 τὸ

2217 3014 2488 3088 παράπαν,
2518 3012 2569 3065 οἱ
2620 3008 2678 3065 δὲ
2719 3013 2825 3083 (60)
2870 3009 2932 3064 ού
2976 3014 3227 3085 προνοεῖν
3272 3014 3379 3065 τῶν
3426 3008 3557 3085 τῇδε
3609 3008 3874 3087 δογματί-

2221 3107 2421 3173 ζουσιν,
2455 3099 2581 3156 ἀλλ’
2611 3099 2727 3169 εἰκῆ
2780 3098 2868 3154 καὶ
2917 3099 2989 3161 ὡς
3034 3095 3196 3175 ἔτυχε
3237 3100 3304 3177 τὸ
3358 3106 3458 3154 πᾶν
3511 3101 3782 3177 φέρεσθαι,
3817 3102 3871 3156 οἱ

2220 3166 2278 3245 δέ
2307 3166 2557 3265 ἀστράσιν
2606 3166 2826 3263 ἄγεσθαι
2876 3186 2964 3242 καὶ
3011 3166 3426 3263 σχηματῖσμοῖς
3457 3166 3701 3264 lively.an
3732 3191 3872 3263 (61),

448 3280 733 3337 fatalibus
766 3280 994 3352 figuris,
1029 3281 1183 3335 haud
1238 3280 1358 3336 scio
1400 3281 1555 3335 unde
1586 3284 1643 3335 et
1673 3298 1705 3335 a
1735 3297 1850 3354 quo
1882 3283 2105 3338 ductis:

2228 3280 2320 3334 οὐκ
2350 3276 2450 3333 οἶδ’
2483 3278 2585 3331 ὑπὸ
2614 3277 2760 3339 τίνος
2792 3277 3081 3352 ἀγομένοις
3128 3282 3221 3363 κως
3267 3275 3407 3341 ὅθεν·
3443 3278 3491 3332 οἱ
3524 3275 3582 3332 δὲ
3628 3278 3706 3340 εἷς
3736 3275 3871 3348 ἠδο-

452 3370 553 3427 alii
608 3386 743 3425 vero
792 3369 991 3425 omnia
1035 3369 1395 3441 voluptatem
1447 3374 1735 3441 appetere,
1768 3370 1941 3440 idque
1981 3371 2107 3426 vitm

452 3460 730 3515 humanae
756 3458 929 3514 fidem
955 3458 1354 3514 arbitrantur?
1378 3458 1577 3514 Virtus
1608 3475 1778 3530 porro
1807 3459 1953 3530 ipsis
1985 3477 2109 3531 spe-

454 3550 681 3605 ciosum
715 3549 1000 3603 duntaxat
1030 3564 1243 3603 nomen
1280 3553 1386 3613 est,
1422 3564 1525 3603 nec
1559 3546 1714 3602 ultra
1746 3548 1896 3604 hanc
1928 3550 2105 3605 vitam

456 3637 909 3711 porrigitur,nec
933 3635 1053 3692 ulla
1084 3641 1285 3709 postea
1318 3652 1514 3692 rerum
1546 3636 1604 3691 in
1640 3636 1748 3691 hac
1771 3636 1894 3692 vita
1915 3644 2107 3710 gesta-

526 3804 640 3876 (49)
697 3800 1309 3876 'Aculldywrov,_etc.
1376 3824 1403 3857 α
1453 3802 1787 3876 Gregorius,
1850 3805 2101 3876 »μαθέ

526 3817 640 3876 (es)
697 3817 1144 3876 ἈσυΑΑογιστον,
1199 3817 1309 3859 etc.
1376 3824 1403 3857 α
1453 3817 1787 3927 ωοΞοι-ιυε,
1850 3817 2101 3874 njuxta-

454 3874 663 3957 Eliam,
697 3898 725 3925 «
759 3876 905 3957 dixit
934 3874 1368 3957 improbitatem
1403 3891 1532 3957 esse
1605 3872 1986 3957 συλλόγιστον,
2017 3875 2106 3957 vel

452 3948 591 4017 quia
616 3963 729 4002 non
756 3947 921 4018 facile
945 3947 1328 4003 animadverti
1356 3962 1423 4003 ac
1445 3947 1799 4017 deprehendi
1835 3952 2104 4018 potest...

453 4019 541 4073 vel
573 4021 713 4090 quia
746 4017 1292 4090 ratiocinandonon
1336 4018 1673 4090 assequitur
1703 4019 1759 4073 id
1793 4017 1947 4089 quod
1973 4021 2109 4090 jus-

454 4089 603 4144 tum’
641 4094 748 4162 est.
772 4113 799 4140 »
836 4090 927 4162 Ex,
958 4089 1288 4162 Phocylidis
1336 4089 1570 4162 scriptis
1628 4091 1939 4162 desumpta
1980 4089 2108 4147 haec

466 4161 785 4227 sententia;
819 4161 959 4215 dicit
988 4161 1140 4216 enim
1179 4178 1192 4215 :

537 4298 567 4315 ,ν
614 4314 617 4315 ν
749 4298 760 4309 ⁸
786 4227 1229 4315 ”Ασυλλόγισ·τόν
1265 4228 1472 4315 ἐστιν.ᾒὴ
1503 4232 1760 4315 πονηρία,

455 4321 484 4376 ς(
534 4300 968 4357 inconsiderata
1024 4300 1114 4358 est
1170 4305 1539 4376 improbitas,
1580 4326 1607 4354 ››
1652 4300 1873 4369 idest,
1924 4326 1949 4353 ‹‹
2006 4320 2111 4358 nec

454 4372 700 4447 jus,_nec
730 4372 1275 4447 aequumperspicit
1300 4377 1388 4430 vir
1418 4376 1747 4447 improbus.
1778 4399 1797 4423 ι
1829 4379 1947 4430 Hac
1980 4392 2113 4429 sen-

457 4441 669 4518 tentia
700 4442 883 4518 utitur
929 4441 1257 4518 Theologus
1314 4448 1397 4518 ad,
1444 4441 1899 4518 signiﬁcandum
1952 4447 2107 4516 quod

459 4514 623 4586 prius
654 4513 914 4590 insinuat
954 4513 1225 4590 Elias;__id
1262 4513 1540 4572 nimirum
1589 4518 1910 4590 impietatis
1958 4513 2109 4583 esse,

462 4590 527 4641 ut
556 4586 1025 4660 ratiocinationes
1060 4588 1227 4660 fallat
1257 4605 1481 4655 omnes,
1518 4586 1779 4660 nihilque
1808 4590 1881 4643 ab
1912 4605 1976 4643 ea
2009 4606 2108 4643 ex-

462 4659 870 4785 apectandum,
906 4660 1059 4743 quod
1090 4660 1150 4714 in
1182 4659 1313 4715 aliis
1344 4641 2105 4732 necessariojconsequitur.
2142 4641 2185 4703 D

514 4731 625 4785 nde
675 4730 819 4785 nihil
862 4748 1073 4785 mirum
1108 4732 1537 4785 exsnectatione
1595 4749 1703 4785 sua
1757 4733 2105 4785 frustratum

514 4731 625 4802 nde
675 4730 819 4785 nihil
862 4730 1073 4787 mirum
1108 4732 1537 4802 exspectatione
1595 4749 1703 4787 sua
1757 4730 2105 4788 frustratum

460 4800 641 4856 fuisse
670 4804 1097 4859 Constantium.

671 4872 907 4947 ᾼέκαιοςἶ
943 4875 1082 4947 Reg.
1117 4873 1155 4940 l,
1190 4869 1417 4947 δίκαιον.

550 4876 619 4926 50
671 4876 906 4934 Δίκαιος.
943 4876 1082 4947 Reg.
1117 4876 1155 4940 l,
1190 4876 1417 4928 δίκαιον.

548 4876 637 5015 51)
672 4944 763 4998 Ἐκ
814 4944 1043 5000 τούτων.
1094 4946 1363 5012 Savilius,
1416 4944 1443 4998 ὁ
1494 4942 1538 4999 δ’
1587 4944 1644 4998 ἐκ
1699 4943 1929 5010 τούτων,
1981 4963 2105 5016 quae

453 5016 855 5091 prioraverba
887 5023 1085 5074 censet
1110 5017 1456 5091 (retinenda,
1486 5017 1751 5091 quamvis
1799 5018 1995 5074 desint
2046 5020 2105 5073 in

455 5086 721 5143 melioris
754 5096 900 5143 notae
931 5090 1258 5145 codicibus.

518 5161 633 5231 (52)
663 5159 981 5229 Ἀμύνηται.
1025 5162 1201 5231 Regg.
1238 5179 1291 5229 a,
1324 5161 1380 5227 b,
1414 5164 1524 5216 etc.
1558 5157 1844 5230 ἀμύναιτο.

520 5168 609 5227 (52
663 5168 981 5229 Ἀμύνηται.
1027 5168 1201 5231 Hegg.
1238 5179 1291 5229 a,
1324 5168 1380 5227 b,
1414 5168 1524 5216 etc.
1558 5168 1844 5230 ἀμύναιτο.

520 5168 925 5305 (53)-Λαμπρὸς
973 5232 1294 5305 Ιίερίπατος.
1329 5232 1420 5288 Sic
1451 5232 1708 5303 quinque
1741 5232 1919 5305 Regg.
1963 5230 2097 5286 alii-

449 5318 563 5375 que
596 5301 915 5375 plures.:ln
946 5301 1085 5375 edit.
1122 5303 1331 5375 σεμνός.

454 5443 464 5454 ⁸
522 5374 614 5498 (ὗὲ
666 5373 849 5444 Σεμνὴ
882 5374 1044 5429 Στοά.
1080 5376 1165 5432 Ita
1187 5373 1458 5448 plerique
1506 5375 1675 5431 codd.
1726 5374 1899 5429 Deest
1931 5382 2100 5445 σεμνή

454 5460 508 5498 ιη
542 5462 572 5498 e
623 5487 635 5498 .

450 5460 508 5498 Ill
542 5460 635 5500 eu.

522 5516 636 5586 (55)
669 5519 871 5589 Χρῇναι
919 5512 1240 5589 ἀδικεῖσθαι,
1272 5522 1384 5589 etcf.
1423 5541 1448 5567 «
1484 5516 1899 5589 Eligendum...
1953 5515 2102 5587 inju-

452 5587 599 5642 riam
660 5587 796 5658 pati.
852 5612 879 5637 ››
940 5588 1146 5643 Billius
1206 5607 1288 5644 τα
1350 5587 1748 5659 Optandum...
1820 5588 2099 5659 injuriam

451 5660 620 5731 terre.
653 5653 893 5731 aiPaulo
924 5660 1092 5716 aliter
1122 5659 1283 5731 Plato
1314 5659 1372 5714 in
1396 5653 1519 5731 line
1550 5662 1763 5731 Gorgiae
1793 5678 1810 5713 :
1844 5653 2101 5726 Ε’ὑλαϐη-

448 5730 567 5785 τιον
599 5729 708 5786 ἐστὶ
738 5732 800 5788 τὸ
832 5728 1031 5788 ἀδικεῖν
1070 5728 1281 5807 μᾶλλον
1382 5727 1695 5808 ἀδικεῖσθρῖυ
1732 5753 1751 5782 ι
1788 5732 1972 5803 Magis
2005 5750 2097 5787 ca-

2217 3370 2314 3436 νὴν
2345 3367 2408 3421 τὸ
2456 3372 2558 3420 πᾶν
2593 3367 2770 3443 φέρειν
2823 3368 2957 3439 (62),
2987 3365 3076 3420 καὶ
3124 3370 3284 3421 τοῦτο
3337 3366 3469 3421 εἶναι
3521 3366 3689 3442 πέρας
3724 3372 3872 3437 ζωῆς

2218 3456 2559 3533 ἀνθρωπίνης
2637 3450 3167 3528 ὑπολαμϐάνουσιν;
3223 3461 3283 3509 'H
3342 3456 3504 3533 ἀρετὴ
3566 3454 3623 3511 δὲ
3680 3457 3872 3519 αὐτοῖς

2220 3544 2405 3607 ἄλλως
2460 3539 2635 3617 ὄνομα
2692 3542 2950 3617 εὐπρεπὲς
2985 3587 2999 3615 ,
3057 3544 3147 3597 καὶ
3226 3542 3377 3599 οὐδὲν
3435 3550 3533 3599 τοῦ
3598 3546 3871 3622 παρόντος

2223 3636 2344 3712 βίου
2378 3632 2733 3710 μακρότερον,
2785 3630 2911 3687 οὒδὶ
2957 3653 3039 3694 τις
3094 3632 3327 3703 ἐξέτασις
3369 3638 3472 3689 τῶν
3525 3634 3744 3690 ἐνταύθα
3781 3635 3873 3711 βε-

2214 3803 2468 3858 vendum
2527 3804 2616 3856 est
2651 3799 2954 3875 (injuriam
3013 3800 3201 3856 facere
3259 3818 3436 3875 quam
3500 3803 3639 3875 pati.
3677 3825 3704 3851 ››
3754 3803 3867 3875 Βρι-

2218 3875 2435 3931 tionem
2469 3869 2750 3942 superius
2769 3872 3078 3927 attulerat:
3106 3869 3378 3926 Δυοῖνόὗν
3403 3869 3591 3942 δντῶν,
3620 3877 3717 3927 τοῦ
3749 3871 3813 3927 ἆδ
3826 3896 3870 3926 ι-

2215 3950 2327 4021 κεῖν
2390 3941 2872 4021 καῖ’-ἀδικεῖσθαι,
2916 3947 3098 4021 μεῖζον
3159 3944 3252 4015 μὶν
3315 3945 3475 3998 κακόν
3549 3965 3723 4021 φαμεν
3802 3946 3869 4000 τὸ

2216 4014 2443 4080 ἀδικεῖν,
2468 4010 2690 4089 ἔλαττον
2724 4010 2781 4068 δὲ
2811 4010 3129 4068 ἀδικεῖσθαι.
3159 4010 3184 4065 ξι
3215 4020 3356 4071 Cum
3388 4018 3515 4072 duae
3546 4010 3729 4089 igitur
3747 4018 3871 4075 sint

2216 4090 2304 4145 his
2336 4104 2449 4154 res,
2482 4087 2758 4160 injuriam
2791 4089 2976 4143 facere
3006 4092 3064 4143 et
3095 4088 3234 4158 pati,
3259 4089 3451 4158 majus
3479 4087 3715 4160 quidem
3748 4106 3848 4145 ma

2217 4161 2341 4217 lum
2374 4176 2503 4231 esse
2532 4159 2784 4231 dicimus
2816 4160 3001 4213 facere
3022 4176 3206 4231 (quam
3241 4160 3361 4231 pati
3393 4159 3692 4231 injuriam.
3728 4182 3755 4209 ι)

2288 4233 2403 4300 (56)
2433 4227 2535 4289 Οὕς
2577 4229 2635 4283 ἐκ
2672 4234 2803 4293 τῶν,
2856 4236 2965 4285 etc.
3016 4227 3401 4302 Porphyrium
3448 4227 3505 4286 et
3554 4233 3869 4287 Libanium

2220 4303 2499 4376 intelligit
2530 4302 2718 4370 Elias;
2772 4302 2988 4372 quibus
3033 4309 3181 4357 recte
3214 4303 3511 4359 addideris
3542 4304 3870 4376 impietatis

2220 4375 2552 4430 magistros.

2382 4392 2408 4428 s
2540 4416 2552 4427 .

2290 4392 2533 4513 (gi)???
2569 4442 2644 4514 μὴ
2680 4438 3024 4498 διδάσκαλον.
3058 4443 3180 4498 Non
3216 4444 3266 4498 is
3296 4448 3385 4499 est
3422 4443 3631 4500 horum
3665 4445 3870 4500 verbo-

2220 4533 2352 4571 rum
2385 4533 2615 4583 sensus,
2662 4532 2833 4585 quem
2867 4516 3059 4569 reddit
3090 4514 3318 4581 Billius,
3341 4520 3406 4571 ut
3434 4516 3662 4572 videtur
3690 4517 3868 4572 Tille-

2221 4588 2463 4669 mentio,
2499 4587 2599 4642 sed
2633 4587 2760 4651 iste,
2786 4610 2811 4635 ‹‹
2848 4586 3209 4669 impietatem
3232 4588 3748 4669 _oper:is"tantum_
3773 4606 3868 4644 so-

2218 4660 2400 4726 ciam;
2425 4679 2450 4709 ι)
2482 4676 2593 4713 non
2625 4674 2758 4732 vero
2790 4657 3132 4732 magistram
3167 4657 3344 4716 fuisse
3371 4657 3870 4732 Juliano,quippe

2218 4732 2317 4802 qui
2350 4748 2452 4803 per
2482 4746 2543 4785 se
2572 4730 2715 4786 satis
2747 4730 2940 4785 sciret.
2972 4730 3035 4785 In
3069 4730 3245 4855 Regtg.
3281 4735 3474 4814 tamen
3514 4730 3683 4788 codd.
3717 4730 3869 4802 opti-

2218 4820 2323 4855 ma;
2356 4806 2524 4855 notae.
2558 4802 2681 4855 bm.
2717 4801 2817 4855 hu.
2851 4806 2986 4855 etc..
3010 4818 3145 4855 cum
3222 4819 3287 4855 ac
3317 4803 3712 4855 distinctione.
3737 4820 3869 4855 uuae

2218 4801 2323 4857 mea
2352 4801 2524 4868 notae,
2558 4802 2681 4875 bm,
2717 4801 2817 4875 hu,
2851 4806 2986 4875 etc.,
3010 4818 3145 4875 cum
3166 4801 3287 4875 hac
3317 4802 3712 4875 distinctione,
3737 4820 3869 4875 quae

2217 4875 2383 4930 Billio
2416 4872 2852 4945 favet,‘legitur,
2883 4870 2972 4927 καὶ
3010 4873 3082 4944 μὴ
3114 4869 3457 4945 διδάσκαλον.

2288 4948 2400 5017 (58)
2432 4943 2528 4997 Καὶ
2559 4942 2651 5004 τὰς
2681 4941 2884 5017 Enim}:
2906 4941 3246 5017 τυραννίδας.
3278 4946 3380 5001 Hic
3412 4946 3708 5002 Platonem
3741 4963 3867 5000 car-

2217 5017 2323 5089 pit,
2358 5017 2455 5089 qui
2490 5016 2744 5087 pecuniaa
2785 5016 3105 5088 cupiditate
3135 5017 3351 5072 ductus
3399 5018 3469 5072 ad
3522 5017 3866 5089 Dionysium

2217 5087 2528 5160 navigasse
2565 5089 2763 5154 fertur,
2796 5087 2971 5158 atque
3018 5089 3088 5143 ad
3141 5090 3269 5159 ejus
3300 5090 3476 5160 pedes
3525 5106 3586 5144 se
3635 5087 3866 5159 provol-

2215 5161 2387 5232 visso,
2423 5159 2653 5232 ipsique
2694 5159 3423 5232 assentariconsuevisse,
3458 5167 3520 5214 ut
3552 5159 3688 5215 hinc
3721 5160 3868 5214 lucri

2215 5231 2433 5300 aliquid
2468 5232 2725 5295 referret,
2758 5237 2931 5303 atque
2963 5231 3198 5286 obolum
3246 5232 3433 5302 pluris
3464 5248 3640 5303 quam
3676 5232 3869 5303 genti-

2213 5303 2359 5358 lium
2394 5304 2533 5358 deos
2578 5304 2802 5358 fecisse.
2836 5302 3055 5375 Deinde
3086 5304 3398 5375 Epicureos
3447 5302 3867 5375 cavillis’petit,

2214 5377 2311 5447 qui
2351 5376 2769 5447 Providentiam
2805 5374 3111 5447 negabant,
3138 5374 3253 5430 etc.

2286 5448 2395 5521 (59)
2426 5446 2571 5521 διεῖᾲ
2597 5451 2695 5521 τῇς
2729 5442 3211 5521 ὀφρσδάς-βξμίυε,
3244 5467 3270 5521 «ε
3305 5461 3440 5521 οειειμ
3473 5444 3865 5518 supercilio.»

2284 5512 2393 5587 (eo)
2424 5517 2484 5569 οι
2631 5512 2782 5589 Reg:
2803 5512 2844 5585 1,
2875 5522 2935 5589 et
2966 5512 3205 5584 Billius,
3226 5515 3275 5569 οι
3309 5512 3452 5589 esse.

2281 5586 2389 5657 (iii)
2444 5586 2741 5661 ’ΛνάγκηςΪ
2791 5588 2951 5653 Colb,
3011 5590 3066 5661 k,
3130 5586 3464 5661 ἀναγκαίοις.
3525 5588 3741 5645 Eadem
3800 5586 3861 5640 in

2211 5660 2572 5733 Theodoreto
2605 5662 2681 5733 de
2710 5660 3071 5730 providentia
3102 5660 3375 5733 reperias.

2283 5733 2394 5803 (62)
2424 5732 2630 5804 Φέρειν.
2669 5732 2919 5789 Montac.
2951 5730 3193 5790 mavult.
3227 5730 3427 5808 ῥέπειν.
