4202 6212
412 426 534 487 569

1402 425 1693 487 ORATIO
1737 425 1843 485 1v.
1876 458 1954 467 —
1984 420 2299 485 CONTRA
2344 424 2739 487 JULIANUM
2787 424 2832 485 1.

3707 419 3827 481 5'70

413 548 702 627 ϐιωμένων
750 553 970 630 ὕστερον
1024 555 1123 624 τὴν
1184 552 1391 610 ἀδικίαν
1448 551 1833 611 συστέλλουσα.
1862 554 1928 607 Ἢ
1960 552 2056 630 γὰρ

2181 572 2311 610 rum
2345 571 2593 611 censura
2616 554 2963 627 injustitiam
2997 554 3471 627 reprimens.Aut
3499 553 3655 611 enim
3678 552 3839 627 quis-

410 643 475 698 οὐ
511 641 716 698 συνεῖδὲ
762 664 845 705 τις
892 648 1060 698 ταῦτα
1104 649 1212 698 τῶν
1259 644 1385 718 παρ’
1436 642 1659 705 ἐκείνοις
1691 647 1889 719 σοφῶν,
1923 640 2068 696 ἀλλά

416 732 571 808 βαθεῖ
605 727 885 809 βορϐόρῳ,
942 734 1005 787 τὸ
1065 730 1131 802 δὴ
1180 732 1503 807 λεγόμενον,
1560 732 1648 786 καὶ
1699 733 1883 810 ἀφεγεῖ
1918 731 2066 808 ζόφῳ

407 819 624 891 πλανης
676 821 769 876 καὶ
829 821 1045 898 ἀγνοίας
1113 825 1228 895 (63)
1271 820 1670 899 συνεκαὶύφθη,
1742 818 1870 893 μηδ’
1940 820 2062 875 ὅσον

406 906 753 985 προσϐΛέψαι
803 917 921 974 ταῖς
968 918 1070 981 τῆς
1118 910 1379 981 ἀληθείας
1424 911 1613 986 αὐγαῖς
1655 909 1936 986 καθαρθεὶς
1965 910 2063 978 τὴν

410 996 673 1072 διάνοιαν,
726 998 873 1056 ἀλλά
920 1000 1045 1077 περὶ
1094 1000 1162 1055 τὰ
1209 1001 1355 1055 κάτω
1400 1003 1513 1071 (64)
1544 1000 1632 1055 καὶ
1692 1001 1791 1069 τήν
1826 997 2067 1069 αἴσθησιν

410 1087 816 1162 ἰλυσπώμενος,
871 1091 958 1143 καὶ
1018 1088 1185 1162 μηδὲν
1247 1090 1379 1164 ὑπὲρ
1435 1087 1561 1150 τοὺς
1620 1086 1873 1160 δαίμονας
1941 1109 2066 1165 φαν-

406 1179 668 1247 τασθῆναι
699 1175 970 1248 δυνηθεὶς,
1012 1180 1101 1233 καὶ
1142 1176 1418 1253 διαρθῆναι
1470 1179 1580 1250 (65)
1626 1181 1723 1232 τοῦ
1771 1176 2067 1247 πεποιηκό-

409 1287 503 1329 τος
532 1266 695 1337 ἀξίως
724 1286 735 1300 ’
786 1269 820 1337 ἢ
873 1265 927 1322 εἷ’
966 1289 1048 1329 τις
1099 1262 1352 1341 διέϐλεψε
1397 1265 1485 1321 καὶ
1522 1268 1735 1341 μικρὸν,
1768 1266 1842 1329 ὡς
1875 1263 2065 1341 ὁδηγῷ

410 1354 590 1431 λόγῳ,
622 1357 710 1411 καὶ
764 1358 838 1430 μὴ
888 1361 1003 1429 Θεῷ
1051 1358 1360 1432 χρώμενος,
1414 1355 1517 1410 ὑπὸ
1562 1360 1659 1410 τοῦ
1697 1356 2064 1431 πιθανωτέρου

407 1444 707 1520 παρεσῦρη,
739 1446 827 1501 καὶ
876 1449 971 1501 τοῦ
1018 1444 1230 1519 μᾶλλον
1265 1444 1391 1508 τοὺς
1425 1443 1672 1507 πολλοὺς
1706 1442 1961 1507 ἕλκοντος
1995 1442 2064 1499 δι’

407 1533 702 1611 ἐγγύτητα.

481 1842 610 1893 ME'.
642 1837 701 1890 Τί
736 1835 825 1891 οὖν
864 1836 1167 1909 θαυμαστὸν
1212 1837 1301 1891 τὸν
1353 1836 1411 1890 ἐκ
1451 1834 1713 1891 τοιούτων
1746 1836 1840 1909 μὲν
1874 1836 2062 1912 ὁρμώ-

2178 645 2335 717 piam
2369 661 2570 700 eorum
2605 645 2705 716 qui
2754 646 2908 717 apud
2940 644 3074 700 illos
3104 645 3162 699 in
3205 642 3537 716 sapientum
3588 662 3831 701 numero

2178 734 2489 800 habentur,
2523 734 2631 789 hoc
2680 750 2793 789 non
2828 733 3129 803 intellexit,
3163 734 3265 790 sed
3314 734 3371 787 in
3405 732 3521 789 alto
3553 750 3733 801 emno,
3770 740 3835 790 ut

2176 822 2288 877 dici
2323 821 2489 887 solet,
2523 828 2697 895 atque
2731 823 2975 877 obscura
3008 822 3223 878 erroris
3254 826 3310 877 et
3339 822 3678 894 ignorantia:
3702 823 3836 879 cali-

2176 910 2310 982 gine
2342 913 2586 966 obrutus
2640 912 2830 977 haesit,
2865 928 2934 966 ne
2965 917 3205 966 eatenus
3255 912 3488 982 quidem
3524 917 3831 983 purgatus,

2178 1004 2242 1054 ut
2274 1000 2532 1055 veritatis
2567 999 2759 1055 radios
2791 999 3004 1054 intueri
3036 1008 3255 1071 posset,
3289 1016 3488 1055 verum
3522 1000 3578 1054 in
3622 1007 3832 1056 terres-

2174 1088 2355 1143 trium
2407 1094 2464 1143 et
2495 1088 2866 1143 sensibilium
2908 1105 3068 1143 coeno
3118 1088 3481 1159 provolutus,
3517 1105 3620 1144 nec
3652 1106 3834 1160 supra

2175 1178 2467 1233 daemones
2498 1178 2821 1249 quidquam
2855 1178 3049 1232 animo
3083 1177 3383 1248 concipere
3415 1176 3830 1247 valens,subli-

2176 1266 2470 1338 miusque,
2524 1271 2588 1321 ut
2634 1268 2899 1322 Creatore
2948 1266 3192 1338 dignum
3231 1270 3341 1334 est,
3391 1266 3527 1321 ferri
3568 1284 3580 1321 :
3633 1272 3734 1323 aut
3781 1267 3831 1323 si

2174 1356 2308 1427 quis
2336 1356 2420 1411 vel
2451 1356 2652 1411 leviter
2681 1355 2998 1427 prospexit,
3030 1355 3170 1427 quia
3202 1372 3314 1410 non
3348 1359 3556 1423 Deum,
3588 1358 3690 1411 sed
3722 1355 3828 1411 hu-

2176 1462 2412 1500 manam
2444 1446 2729 1501 rationem
2780 1446 2989 1500 ducem
3036 1449 3399 1517 sequeretur,
3434 1444 3507 1499 ab
3560 1461 3626 1500 eo
3670 1446 3830 1515 quod

2172 1534 2536 1606 probabilius
2586 1538 2731 1600 erat,
2766 1537 3063 1606 petractus
3111 1538 3218 1604 est,
3252 1534 3527 1605 quodque
3577 1534 3832 1605 promis-

2174 1640 2343 1680 cuam
2378 1623 2811 1680 multitudinem
2843 1624 2915 1680 ob
2948 1622 3444 1696 propinquitatem
3486 1623 3675 1695 magis
3702 1622 3831 1679 alli-

2176 1713 2382 1768 ciebat.

2246 1838 2404 1893 XLV.
2439 1837 2586 1901 Quid
2620 1838 2835 1893 mirum
2867 1838 3065 1910 igitur,
3097 1836 3146 1894 si
3181 1837 3249 1903 is,
3285 1836 3383 1907 qui
3415 1836 3486 1892 ab
3520 1836 3827 1907 hujusmo-

414 1946 574 1998 μενον
624 1924 937 1999 δογμάτων,
990 1926 1092 1980 ὑπὸ
1155 1925 1420 1980 τοιούτων
1480 1922 1536 1980 δὲ
1588 1920 1932 2000 κυϐερνητῶν
1986 1925 2056 1979 εὐ-

2174 1928 2233 1983 di
2265 1928 2494 1998 placitis
2527 1928 2815 1995 prodibat,
2851 1934 3022 2000 atque
3054 1928 3123 1982 ab
3167 1927 3506 1997 hujusmodi
3536 1928 3827 1999 guberna-

410 2014 731 2088 θυνόμενον,
795 2015 937 2069 οὕτω
983 2015 1079 2086 καί
1124 2019 1202 2086 τῷ
1232 2014 1605 2069 πεπιστευκότι
1638 2015 1869 2090 φανῆναι
1898 2016 2060 2069 κακὸν

408 2105 503 2158 τὸν
563 2105 911 2159 πιστευθέντα
968 2107 1101 2178 (66),
1159 2104 1248 2158 καὶ
1299 2102 1378 2176 τῷ
1425 2107 1715 2176 τιμήσαντι
1745 2104 1836 2158 τὸν
1895 2125 2063 2177 τιμη-

407 2193 599 2260 θέντα;
634 2192 696 2249 Εἰ
746 2194 849 2268 γὰρ
901 2190 983 2247 δεῖ
1026 2214 1079 2248 τι
1109 2193 1198 2247 καὶ
1244 2189 1332 2247 διὰ
1359 2200 1459 2262 τῆς
1490 2190 1821 2268 κατηγορίας
1849 2190 2061 2247 ἀπολο-

404 2283 695 2356 γησασθαι,
754 2279 815 2335 οὕ
895 2302 989 2354 μοι
1053 2279 1201 2336 δοκεῖ
1260 2286 1518 2336 τοσοῦτον
1586 2282 1906 2355 ὑπεραλγῶν
1963 2286 2060 2336 τοῦ

404 2368 669 2444 ἀδελφοῦ,
731 2370 788 2424 ὅν
833 2390 893 2445 γε
941 2369 1026 2424 καὶ
1076 2369 1343 2443 πολέμιον
1394 2369 1454 2425 ἐκ
1500 2377 1595 2439 τῆς
1627 2370 1913 2445 θρησκείας
1943 2369 2061 2444 ἐγί-

404 2479 631 2525 νωσκεν,
692 2457 815 2513 ὅσον
865 2459 934 2512 τὰ
988 2460 1321 2533 Χριστιανῶν
1372 2458 1433 2513 οὐ
1482 2460 1657 2536 φέρων
1707 2457 2058 2530 αὐξανόμενα,

402 2548 494 2601 καὶ
557 2545 770 2601 λυσσῶν
831 2549 968 2601 κατά
1020 2554 1120 2615 τῆς
1169 2542 1465 2617 εὐσεϐείας,
1511 2554 1627 2608 τοῖς
1675 2547 2060 2617 καθεστηκόσιν

405 2635 730 2709 ἐπιτολμᾷν,
780 2635 869 2690 καὶ
926 2642 1103 2706 ζητεῖν
1140 2635 1440 2708 ἐλευθερίαν
1471 2640 1539 2709 τῇ
1571 2635 1819 2706 ἀπονοίᾳ·
1854 2643 2057 2711 χρῆναι

399 2726 506 2799 γὰρ
559 2723 881 2802 φιλοσοφίαν
936 2725 1023 2779 καὶ
1078 2723 1377 2799 βασιλείαν,
1429 2724 1503 2787 ὡς
1552 2726 1579 2778 ὁ
1624 2711 1837 2779 ἐκείνων
1870 2723 2053 2799 λόγος,

401 2813 479 2874 εἰς
512 2814 673 2867 ταυτὸ
723 2816 840 2883 (67)
889 2812 1198 2876 συνελθεῖνο
1252 2812 1352 2867 οὐκ
1391 2811 1481 2867 ’ίνα
1528 2813 1834 2868 παύσωνται
1879 2818 2057 2868 κακῶν

400 2902 457 2957 αἱ
488 2898 705 2971 πόλεις,
737 2900 865 2956 ἀλλ’
892 2900 983 2956 τίνα
1011 2900 1316 2972 πλησθῶσι.

473 3206 571 3274 Μζ’
604 3204 701 3261 Καὶ
748 3206 809 3259 τὸ
863 3205 957 3278 μὲν
1005 3209 1217 3279 πρῶτον
1278 3202 1423 3277 αὐτῷ
1477 3211 1576 3274 τῆς
1634 3201 1915 3268 αὐθαδείας
1962 3206 2052 3260 καὶ

2175 2017 2400 2073 toribus
2432 2017 2761 2087 regebatur,
2790 2033 2926 2087 erga
2957 2033 3087 2071 eum
3121 2016 3219 2087 qui
3256 2016 3429 2070 ﬁdem
3462 2015 3572 2087 ipsi
3605 2015 3830 2071 habue—

2172 2110 2280 2173 rat,
2313 2105 2648 2176 honoreque
2678 2106 2873 2176 ipsum
2907 2106 3195 2172 affecerat,
3230 2105 3448 2159 malum
3482 2121 3547 2160 ac
3588 2104 3829 2160 scelera—

2169 2198 2296 2250 tum
2331 2211 2391 2249 se
2420 2194 2715 2265 przbuit?
2738 2195 2881 2249 Nam
2916 2194 2965 2248 si
2999 2211 3101 2265 per
3131 2194 3564 2249 accusationem
3595 2210 3829 2264 quoque

2168 2282 2356 2354 ipsius
2379 2300 2558 2338 causa
2580 2282 2845 2337 nonnihil
2873 2283 3238 2337 defendenda
3262 2287 3368 2348 est,
3386 2299 3499 2337 non
3525 2287 3644 2337 tam
3668 2282 3824 2353 quod

2169 2371 2368 2427 fratris
2399 2372 2704 2427 interitum
2729 2370 3203 2442 doleret,quippe
3226 2387 3402 2442 quem
3426 2370 3651 2425 hostem
3686 2387 3828 2441 quo-

2170 2476 2282 2532 que
2313 2468 2546 2532 propter
2577 2460 2917 2533 religionem
2951 2461 3205 2528 duceret,
3231 2476 3410 2531 quam
3440 2460 3590 2529 quod
3623 2458 3826 2515 Chris-

2167 2550 2463 2605 tianorum
2515 2566 2607 2605 res
2639 2550 2835 2621 augeri
2888 2548 3237 2619 permoleste
3290 2550 3489 2613 ferret,
3519 2553 3693 2619 atque
3724 2550 3826 2603 ad-

2166 2652 2369 2693 versus
2412 2638 2685 2709 pietatem
2734 2638 2973 2702 fureret,
3008 2654 3203 2692 rerum
3238 2642 3457 2692 statum
3505 2635 3828 2693 convellere

2167 2742 2482 2799 aggressus
2505 2742 2652 2789 esse.
2673 2742 2737 2781 ac
2764 2725 3145 2781 contumacia:
3166 2742 3285 2780 suas
3309 2724 3636 2781 libertatem
3660 2742 3824 2797 quaa-

2166 2816 2373 2871 sivisse
2430 2815 2675 2869 videtur.
2726 2815 3001 2886 Oportere
3055 2814 3208 2869 enim
3272 2814 3707 2886 philosophiam
3765 2817 3822 2869 et

2163 2904 2665 2975 imperiumJuxta
2685 2902 2920 2958 illorum
2948 2903 3318 2970 sententiam,
3336 2903 3394 2957 in
3417 2920 3600 2958 unum
3624 2903 3777 2958 coire
3806 2920 3819 2971 ;

2165 3010 2279 3048 non
2315 2998 2380 3048 ut
2409 2993 2669 3048 civitates
2702 2993 2924 3048 miseras
2956 3008 3085 3047 esse
3114 2992 3409 3061 desinant,
3427 2993 3527 3048 sed
3559 2997 3624 3046 ut
3654 2991 3825 3047 malis

2164 3082 2361 3153 potius
2393 3082 2768 3153 impleantur.

2235 3206 2335 3263 98
2367 3204 2547 3261 XLVI.
2580 3208 2657 3261 Ac
2708 3206 2962 3276 primum
2996 3204 3233 3278 quidem
3288 3204 3448 3261 illius
3474 3203 3816 3273 arrogantiae

399 3292 659 3357 ἀπονοίας
693 3294 879 3349 ἑαυτὸν
926 3291 1182 3364 ἀναδῆσαι
1228 3296 1361 3367 (68),
1410 3294 1499 3348 καὶ
1541 3297 1608 3367 τῇ
1645 3292 1856 3369 μεγάλῃ
1885 3314 2052 3368 προσ-

2169 3300 2341 3368 atque
2373 3294 2628 3351 audacias
2658 3295 2883 3351 facinus
2914 3295 3043 3362 fuit,
3062 3296 3215 3367 quod
3248 3295 3361 3351 sibi
3393 3295 3518 3367 ipse
3549 3294 3818 3351 diadema

397 3382 603 3459 ηγορίᾳ
630 3390 857 3456 τιμῆσαι
918 3380 1005 3456 (ἤν
1053 3382 1161 3459 οὐχ
1207 3384 1467 3458 ἅρπαγμα
1509 3382 1707 3459 τύχης,
1754 3381 1881 3439 ἀλλ’
1926 3384 2052 3457 ἀρε-

396 3479 499 3541 τῆς
535 3470 698 3536 ἆθλον
737 3473 770 3541 ἦ
801 3470 1004 3548 χρόνος
1052 3473 1085 3540 ἢ
1133 3474 1312 3549 ψῆφος
1367 3471 1637 3546 βασιλέως
1684 3472 1986 3548 χαρίζεται,
2015 3466 2055 3541 ιτ

396 3570 496 3631 τῆς
548 3560 859 3636 συγκλήτου
921 3558 1151 3635 βουλῆς,
1207 3561 1280 3623 ὡς
1312 3562 1373 3616 τὸ
1401 3561 1651 3632 παλαιὸν,
1683 3561 1902 3637 κρίσις),
1960 3561 2049 3616 καὶ

398 3650 461 3705 οὐ
490 3655 725 3705 ποιεῖται
755 3654 852 3704 τοῦ
905 3650 1101 3726 μέτρου
1147 3656 1246 3719 τῆς
1284 3656 1452 3723 τιμῆς
1483 3649 1667 3726 κύριον
1700 3651 1791 3705 τὸν
1817 3657 1916 3719 τῆς
1949 3653 2047 3721 βα·-

401 3739 645 3801 σιλείαςο
719 3736 966 3813 δεύτερον
1039 3736 1095 3793 δὶ
1155 3739 1267 3813 (καὶ
1350 3741 1452 3815 γὰρ
1528 3738 1816 3815 ἀναγκαίαν
1876 3740 2048 3811 ἑαυτῷ

396 3830 498 3897 τὴν
529 3831 641 3901 (69)
675 3823 929 3882 ἀπόνοιαν
964 3827 1022 3882 ἐκ
1056 3832 1162 3881 τῶν
1210 3825 1318 3897 ἤδη
1345 3825 1774 3901 τετολμημένων
1804 3824 1923 3902 ᾔδει
1953 3848 2048 3881 πε-

397 3918 694 3990 ποιηκὼς),
747 3916 799 3971 τί
850 3914 1182 3986 διανοεῖται;
1224 3917 1313 3971 καὶ
1362 3922 1459 3971 ποῖ
1503 3916 1744 3991 πρόεισιν
1809 3912 2049 3979 ἀσεϐειας

394 4027 453 4062 τε
508 4006 597 4061 καὶ
655 4004 1029 4081 (lpus-617,104;
1088 4006 1151 4058 Ὠ
1195 4007 1293 4074 τῆς
1349 4002 1653 4079 μανιώδους
1705 4004 1910 4076 ἐκείνης
1943 4010 2048 4080 ψυ-

394 4096 541 4171 χῆςί
572 4096 686 4150 Ἐπ’
735 4094 894 4150 αὐτὸν
951 4092 1308 4167 ἐκστρατεύει,
1360 4093 1447 4148 καὶ
1490 4096 1587 4162 τῆς
1637 4091 1837 4156 δύσεως
1886 4096 2050 4149 ἀπαν-

466 4257 574 4328 (63)
644 4252 740 4308 Καὶ
806 4252 1056 4328 ἀγνοίας.
1118 4255 1293 4311 Deest
1356 4255 1417 4309 in
1478 4255 1667 4311 tribus
1739 4256 1931 4329 Regg.
2000 4261 2058 4312 et

395 4328 580 4467 Οΐξὸἀ)
610 4394 741 4470 Περὶ
772 4396 839 4449 τὰ
867 4396 1035 4464 κάτω,
1070 4403 1177 4470 etc.
1213 4397 1437 4465 Billius,
1471 4420 1498 4447 «
1533 4397 1687 4454 circa
1714 4402 1945 4454 terrena
1974 4402 2056 4455 at-

395 4487 510 4542 que
547 4487 603 4523 in
637 4469 876 4524 sensum
909 4469 1570 4542 cadentiaprovolutus.
1609 4491 1637 4518 »

466 4541 581 4612 (65)
614 4545 928 4612 Διαρθῆναι.
962 4540 1158 4612 Heins.
1194 4537 1502 4612 διαθρῆσαι.

608 4607 1101 4707 Ξδημπισ-ξευὶθένξα.
1125 4616 1253 4668 Haec
1283 4607 1498 4669 desunt
1519 4611 1576 4667 in
1600 4615 1823 4684 septem
1847 4611 2052 4686 Regg.,
2082 4644 2129 4707 Β

388 4686 585 4740 tribus
616 4683 775 4739 Colb.
807 4688 861 4739 et
894 4683 988 4739 Or.
1025 4685 1075 4739 1.

465 4757 581 4842 (67)
610 4754 921 4842 Ιξίςτταυτότ
956 4760 1065 4842 etc.
1116 4753 1393 4842 Nonnulli
1425 4754 1658 4837 codices
1701 4751 1917 4842 taur‘dv:
1951 4754 2047 4842 φτ.

392 4825 666 4893 4,⁷ταύτό,
703 4827 805 4882 Hic
850 4828 1270 4883 advertendum
1326 4827 1664 4893 discrimen,
1698 4827 1849 4896 quod
1900 4826 2054 4881 inter

388 4899 691 4954 Socratem
725 4903 779 4953 et
808 4898 1110 4954 Julianum
1163 4898 1469 4954 reperitur.
1502 4897 1741 4953 Volebat
1787 4898 2052 4953 Socrates

390 4987 560 5042 reges
612 4969 1032 5042 philosophari,
1064 4969 1149 5026 vel
1199 4969 1580 5041 phi1030phos
1631 4986 1891 5041 regnare,
1926 4974 2052 5025 «ut

386 5041 540 5097 bene
585 5046 741 5097 esset
788 5041 1161 5109 civitatibus;
1200 5064 1225 5090 ››
1282 5058 1310 5095 e
1359 5047 1559 5097 contra
1601 5042 1897 5108 Julianus,
1932 5061 1958 5092 α
1988 5045 2053 5097 ut

386 5114 564 5169 malis
597 5112 979 5182 replerentur.
1013 5134 1040 5162 »

463 5186 573 5256 (68‘;-
604 5180 822 5256 Ἑαυτὸν
843 5180 1125 5252 ἀναδῆσαι.
1164 5182 1367 5239 Acrius
1398 5183 1589 5239 verbis
1621 5182 1717 5239 hic
1748 5183 1807 5238 in
1838 5187 2051 5256 Monta-

382 5255 618 5313 cutium
652 5255 1010 5311 invehuntur
1040 5256 1418 5325 Parisienses,
1453 5270 1519 5310 eo
1551 5256 1701 5326 quod
1731 5255 2052 5326 scripserit

383 5329 463 5383 ab
494 5328 823 5400 Ammiano,
854 5327 1051 5400 negari
1104 5327 1159 5382 id
1209 5327 1362 5398 quod
1404 5324 2048 5400 afﬁrmat__Gregorius,

386 5425 415 5450 ιι
453 5401 728 5455 diadema
757 5398 868 5454 sibi
906 5397 1567 5468 Julianumarrogasse.
1604 5420 1633 5446 »
1664 5397 1848 5467 Maior
1894 5404 2048 5453 certe

384 5473 534 5527 ﬁdes
567 5471 840 5527 habenda
868 5471 1137 5542 scriptori
1188 5472 1282 5541 pio
1317 5470 1533 5541 pariter
1561 5473 1619 5542 et
1646 5469 2047 5542 docto,__quam

382 5542 662 5610 ethnico,
733 5542 833 5614 qui
889 5540 1207 5614 ,Apostatze;
1253 5540 1514 5614 impense
1581 5541 1763 5614 favet.
1830 5540 2046 5614 Verum

386 5612 1048 5697 utrumqueconciliare
1080 5612 1247 5696 facile
1295 5612 1421 5697 est}.
1454 5612 2045 5697 ne‘eenim‘multum

381 5684 1126 5743 dissentiunt.Ammianus
1145 5686 1267 5757 ipse
1289 5685 1497 5743 scribit
1520 5684 2044 5757 lib.7xx,Ju1ianum

382 5763 659 5817 coactum
693 5757 894 5829 fuisse,
914 5763 978 5815 ut
1004 5756 1252 5831 Augusti
1284 5774 1496 5816 nomen
1527 5762 1583 5815 et
1610 5756 1881 5814 diadema
1901 5756 2047 5814 acci-

2162 3384 2482 3457 imposuit,
2544 3400 2868 3456 magnoque
2944 3384 3182 3440 nomine
3256 3384 3514 3455 seipsum
3593 3383 3820 3439 ornavit

2160 3473 2337 3546 (quod
2374 3490 2487 3528 non
2521 3473 2764 3527 fortuna:
2794 3473 3190 3545 praedam,sed
3220 3474 3451 3528 virtutis
3484 3472 3814 3545 praemium,

2158 3562 2247 3618 vel
2279 3567 2531 3633 tempus,
2566 3560 2652 3617 vel
2694 3561 3064 3633 imperatoris
3092 3561 3354 3618 calculus
3402 3562 3669 3634 largitur,
3702 3560 3815 3631 vel,

2160 3656 2225 3707 ut
2255 3652 2434 3707 moris
2466 3650 2641 3723 prisci
2674 3651 2800 3716 fuit,
2824 3656 3062 3706 senatus
3089 3651 3427 3721 judicium),
3448 3668 3551 3706 nec
3578 3650 3818 3705 honoris

2160 3741 2401 3796 modum
2434 3741 2504 3795 ad
2537 3739 2908 3812 imperatoris
2940 3741 3247 3796 arbitrium
3283 3738 3819 3795 revocavit.Deinde

2159 3830 2474 3902 (siquidem
2508 3831 2579 3883 ob
2611 3845 2842 3900 ea,qua3
2868 3829 2993 3899 jam
3027 3846 3208 3883 ausus
3242 3829 3452 3896 fuerat,
3486 3828 3545 3882 in
3579 3843 3814 3883 omnem

2159 3919 2463 3974 audaciam
2510 3917 2848 3989 providendi
2894 3918 3301 3972 necessitatem
3353 3933 3412 3971 se
3461 3915 3573 3971 sibi
3626 3915 3816 3987 impo-

2160 4007 2347 4063 suisse
2378 4012 2589 4074 norat),
2616 4006 2712 4076 qui
2764 4006 3031 4077 cogitat?
3062 4012 3117 4060 et
3148 4022 3284 4077 quo,
3311 4010 3435 4060 tum
3469 4005 3812 4077 impietatis,

2159 4101 2287 4152 tum
2319 4096 2666 4151 temeritatis
2698 4095 3111 4168 progreditur?
3140 4095 3183 4150 Ο
3217 4095 3496 4151 furiosam
3526 4098 3773 4150 mentem
3799 4093 3811 4148 Ι

2166 4259 2344 4328 peret.
2380 4254 2563 4327 Igitur
2589 4254 2699 4328 sibi
2731 4253 3023 4328 arrogavit
3052 4253 3187 4310 licet
3216 4258 3451 4310 coactus
3475 4272 3489 4321 ;
3524 4254 3741 4328 deinde
3764 4253 3814 4309 si

2165 4326 2399 4382 coactus
2424 4326 2811 4397 accepit,cogi
2846 4343 2903 4381 se
2936 4328 3213 4395 curavit,«
3239 4328 3526 4398 corruptis
3554 4327 3814 4397 largitio-

2164 4416 2260 4465 ne,
2294 4421 2322 4448 »
2353 4403 2418 4453 ut
2448 4398 2529 4452 ait
2572 4398 2844 4464 Zonaras,
2883 4422 2902 4447 υ
2940 4402 2998 4452 et
3045 4397 3425 4453 humanitate,
3460 4397 3711 4453 tribunis
3758 4402 3816 4454 et

2165 4470 2606 4525 centurionibus
2630 4487 2680 4536 ;»
2705 4470 2907 4541 qui,ut
2935 4474 3139 4541 auctor
3159 4475 3249 4525 est
3272 4469 3557 4535 Zosimus,
3580 4468 3814 4541 gentilis

2163 4542 2428 4612 scriptor,
2446 4541 2637 4610 lib.m,
2654 4540 2877 4612 sparsis
2901 4540 3111 4596 libellis
3134 4541 3362 4596 animos
3384 4540 3633 4596 militum
3655 4557 3814 4596 com-

2164 4611 2698 4682 moverantltaque
2715 4611 2988 4668 Julianus
3011 4616 3199 4685 specie
3223 4619 3393 4669 tenus
3426 4618 3659 4668 coactus
3683 4613 3810 4683 fuit,

2161 4690 2371 4765 etcum
2395 4684 2818 4765 dia-demasibi
2838 4684 3141 4765 arrogasse
3172 4688 3322 4765 recte
3351 4701 3600 4765 vereque
3630 4685 3811 4765 scrip-

2162 4757 2238 4812 sit
2268 4755 2605 4827 Gregorius.
2635 4756 2694 4810 Id
2747 4757 2920 4812 etiam
2963 4755 3313 4812 conﬁrmant
3344 4780 3369 4806 «
3405 4755 3814 4827 objurgatoriae

2161 4833 2216 4885 et
2246 4826 2547 4883 mordaces
2576 4826 2776 4882 litterae
2797 4850 2822 4878 ››
2857 4827 3076 4882 Juliani
3111 4829 3179 4883 ad
3200 4826 3607 4883 Constantium
3632 4844 3817 4883 secre-

2161 4904 2219 4956 to
2250 4901 2548 4966 datae,non
2582 4899 2955 4971 apologatica:
2976 4900 3199 4963 facti,et
3230 4916 3512 4970 responsa
3531 4904 3813 4955 Constan-

2157 4972 2222 5026 tii
2240 4988 2366 5043 qua:
2382 4988 2573 5043 coram
2601 4970 2824 5026 armata
2843 4970 3423 5043 multitudine,quam
3440 4973 3509 5026 de
3523 4970 3815 5027 industria

2159 5042 2525 5108 convocarat,
2553 5042 2663 5114 legi
2681 5042 3209 5098 curavitJulianus.
3230 5044 3507 5114 Denique,
3527 5043 3575 5098 si
3597 5043 3814 5099 invitus

2160 5116 2429 5171 diadema
2460 5115 2698 5185 accepit,
2722 5130 2901 5186 quare
2924 5114 3156 5183 jubenti
3189 5113 3635 5181 Constantio,ut
3668 5114 3811 5170 illud

2159 5188 2491 5257 deponeret,
2512 5202 2712 5257 parere
2735 5186 3073 5241 detrectavit
3098 5187 3124 5238 γ
3148 5186 3276 5241 Haec
3300 5188 3497 5241 omnia
3518 5187 3643 5257 ipse
3676 5192 3814 5241 Am-

2160 5259 2394 5313 mianus
2429 5258 2718 5312 memoriae
2744 5258 3043 5313 mandavit
3069 5257 3167 5313 lib.
3191 5275 3263 5312 xx
3294 5263 3350 5313 et
3370 5263 3557 5325 xx1,et
3579 5259 3814 5314 disertis

2158 5329 2348 5385 verbis
2379 5329 2668 5399 scripsit,«
2705 5329 2815 5383 sibi
2848 5329 2955 5399 ipsi
2980 5328 3279 5384 Julianum
3313 5330 3668 5400 imposuisse
3694 5329 3811 5385 dia-

2158 5402 2348 5456 dema.
2386 5424 2411 5448 ››
2446 5401 2664 5469 Ergone
2695 5400 2969 5471 Gregorio
3001 5401 3254 5456 scribere
3280 5418 3393 5456 non
3429 5401 3613 5467 licuit,
3650 5401 3812 5457 nulla

2158 5473 2359 5527 habita
2392 5473 2613 5526 ratione
2645 5489 2745 5527 seu
2781 5489 2945 5532 vera,
2979 5490 3079 5527 seu
3116 5473 3260 5527 ﬁctis
3292 5474 3671 5539 coaetionis,«
3707 5477 3811 5527 Ju-

2157 5543 2379 5598 lianum
2413 5543 2685 5598 diadema
2715 5543 2827 5599 sibi
2862 5560 3163 5616 arrogasse
3186 5544 3213 5598 ?
3246 5567 3273 5595 ››

2227 5616 2339 5682 (69)
2372 5615 2502 5682 Τήν,
2536 5620 2643 5669 etc.
2681 5616 2741 5669 In
2791 5632 2891 5669 ora
2936 5610 3073 5670 edit.
3126 5614 3460 5670 Montacutii
3513 5610 3808 5682 scribitur,

2199 5686 2211 5701 ς
2236 5678 2243 5682 “
2435 5678 2449 5706 )
2492 5678 2499 5682 ⁷
2597 5687 2609 5706 ε
2885 5683 2947 5702 ""
3314 5689 3324 5705 '
3653 5678 3696 5699 n

2153 5706 2252 5759 την
2300 5685 2998 5759 τοιαυτηννυπόνοιανῗῃοει
3046 5706 3387 5757 πεποιηκως.
3420 5682 3696 5759 Αὺθειῄρ
3784 5700 3814 5728 ἰ

2157 5758 2298 5831 Reg.
2330 5758 2433 5830 hu,
2466 5776 2533 5816 ac
2564 5758 2646 5816 ita
2670 5758 2811 5832 legit
2837 5758 3039 5816 COmb.
