4202 6212
412 339 525 403 571

1663 352 1727 414 S.
1775 353 2080 416 GREGOR
2095 354 2141 415 Il
2188 357 2288 417 ΤΗ
2303 356 2583 420 EOLOGI

3706 356 3826 420 573

414 478 712 536 Adversus
743 496 873 536 eum
909 481 1333 554 expeditionem
1366 486 1632 559 suscipit,
1649 491 1819 561 atque
1850 490 1920 546 ab
1953 489 2058 546 Oc-

2196 508 2429 544 σταται·
2483 488 2746 569 προφάσει
2797 492 2909 565 (70)
2959 487 3073 564 μὶν,
3125 487 3201 553 ὡς
3251 491 3361 565 (71)
3401 473 3829 566 ἆπολογησόμί

417 569 646 625 cidente
679 571 884 642 pedem
937 579 1128 628 movet
1164 593 1176 631 :
1213 576 1269 630 in
1302 578 1554 649 speciem
1606 578 1864 650 quidem,
1900 579 2067 652 quasi

418 675 481 713 se
537 659 608 713 de
664 664 890 731 arrepto
949 663 1278 720 diademate
1336 684 1586 739 purgare
1642 668 1832 737 vellet,
1879 670 2069 724 adhuc

417 747 572 804 enim
605 750 908 804 audaciam
959 769 1125 808 suam
1177 756 1466 811 occultare
1514 758 1835 825 videbatur,
1871 776 2067 814 revera

418 842 633 906 autem,
668 841 730 891 ut
759 841 947 893 totum
976 840 1284 912 imperium
1320 846 1389 899 ad
1425 863 1485 901 se
1505 846 1853 913 traduceret,
1870 864 1935 901 ac
1967 865 2069 919 per

415 925 851 996 improbitatem
885 931 938 982 et
969 927 1451 1001 ingratitudinem
1475 951 1641 989 suam
1667 935 1726 989 in
1758 935 2063 990 hominum

418 1015 866 1072 admirationem
918 1019 1155 1074 veniret.
1190 1023 1251 1076 In
1285 1038 1467 1094 eoque
1515 1040 1618 1095 spe
1664 1041 1773 1080 sua
1821 1025 2066 1080 minime

415 1102 601 1159 falsus
633 1108 738 1159 est.

490 1210 706 1266 XLVII.
743 1212 857 1267 Nec
887 1216 1083 1269 tamen
1115 1215 1224 1271 hoc
1256 1216 1560 1288 mirentur,
1594 1220 1694 1290 qui
1741 1220 1842 1276 Dei
1887 1220 2063 1275 ratio-

420 1317 584 1365 num,
633 1300 849 1370 quibus
896 1304 1090 1357 omnia
1136 1311 1439 1378 reguntur,
1491 1308 1862 1365 altitudinem
1906 1309 2065 1365 omni

422 1390 755 1459 conjectura
787 1391 1186 1449 sublimiorem
1221 1412 1334 1450 non
1367 1404 1784 1469 assequuntur,
1818 1416 1921 1454 nec
1943 1399 2065 1470 opi-

421 1478 513 1533 ﬁci
547 1479 969 1548 gubernatione
1019 1483 1219 1539 cedere
1266 1485 1577 1559 sustinent,
1610 1488 1779 1543 nobis
1829 1489 2063 1559 quidem

417 1572 571 1622 certe
601 1568 957 1639 sapientiori,
992 1588 1237 1643 suaque,
1289 1579 1511 1645 etquo,
1544 1580 1601 1630 et
1638 1593 1757 1647 qua
1803 1577 1942 1647 vult,
1977 1595 2067 1632 ra-

415 1656 575 1710 tione
604 1657 859 1725 ducenti,
892 1676 1008 1714 non
1040 1662 1284 1717 dubium
1316 1669 1511 1719 autem
1543 1666 1682 1735 quin
1717 1666 1785 1719 ad
1822 1666 1878 1720 id
1911 1667 2066 1736 quod

420 1745 630 1800 melius
661 1752 955 1818 est,atque
985 1751 1055 1805 ad
1089 1754 1427 1807 morborum
1459 1755 1847 1821 sanationem,
1880 1772 2065 1826 quan-

2179 599 2268 641 νος
2315 580 2446 655 ὑπὲρ
2498 585 2595 634 τοῦ
2646 578 3017 654 διαδήματος·
3072 575 3149 636 ἔτι
3199 580 3302 655 γὰρ
3348 578 3523 636 ἐδόκει
3568 581 3825 657 κρύπτειν

2179 668 2371 723 ἑαυτοῦ
2418 670 2516 738 τὴν
2570 670 2867 725 ἀπόνοιαν·
2912 671 2973 724 τὸ
3027 667 3083 724 δὲ
3139 668 3365 740 ἀληθὲς,
3432 671 3506 731 ὡς
3556 672 3823 742 μεταστή-

2178 778 2284 811 σων
2318 758 2392 819 εἰς
2439 759 2624 814 ἑαυτὸν
2676 758 2813 814 διπαν
2863 760 2925 813 τὸ
2954 759 3171 835 κράτος,
3204 758 3293 813 καὶ
3327 756 3414 813 διὰ
3442 761 3542 827 τῆς
3572 759 3823 835 ἀγνωμοο

2178 846 2343 916 σόνης
2398 848 2949 921 θαυμασθησόμενος·
3012 848 3101 903 καὶ
3161 846 3260 902 οὐκ
3319 846 3546 921 ἐψεύσθη
3606 868 3667 923 γε
3721 854 3825 916 τῆς

2175 933 2417 999 ἐλπίδος.

2245 1223 2366 1279 MZ'.
2394 1222 2480 1290 Μὴ
2512 1224 2926 1295 θαυμαζὲτωσαν
2958 1224 3007 1277 οἱ
3038 1227 3145 1277 τῶν
3188 1226 3284 1277 τοῦ
3332 1226 3465 1278 Θεοῦ
3511 1218 3694 1296 λόγων
3741 1200 3827 1298 ὑφ⁹

2176 1308 2247 1364 ὧν
2305 1312 2366 1365 τὸ
2414 1316 2516 1365 πᾶν
2578 1312 2812 1389 φέρεται,
2875 1311 2932 1365 τὸ
2981 1311 3314 1387 ἀτέκμαρτον
3367 1312 3440 1383 μή
3476 1310 3819 1382 ἐπιστάμενοι

2180 1399 2363 1475 βάθος,
2413 1401 2501 1454 καὶ
2562 1402 2637 1472 μὴ
2696 1403 2808 1473 (72)
2855 1405 3307 1476 παραχωροῦντες
3354 1404 3431 1470 τῷ
3476 1398 3691 1474 τεχνίτῃ
3718 1405 3819 1465 τῆς

2175 1484 2569 1564 κυϐερνήσεως,
2644 1492 2804 1561 ἡμῶν
2882 1511 2941 1564 γε
3017 1492 3231 1550 πάντως
3310 1487 3675 1562 συνετωτέρῳ.
3731 1487 3824 1540 καὶ

2177 1579 2362 1651 ἄγοντι
2392 1578 2453 1632 τὸ
2486 1578 2682 1633 οἰκεῖον
2716 1577 2824 1647 ὅπη
2853 1579 2941 1633 καὶ
2974 1579 3123 1640 ’ὁπως
3166 1576 3454 1653 βούλεται·
3506 1578 3719 1636 πάντως
3767 1572 3828 1629 δὲ

2176 1668 2310 1742 πρὸς
2332 1669 2393 1721 τὸ
2439 1672 2684 1742 κρεῖττον
2728 1668 2819 1721 καὶ
2866 1668 2965 1736 τὴν
3014 1667 3271 1742 ἰατρείαν,
3319 1665 3412 1721 κᾶν
3457 1666 3507 1720 οἱ
3540 1664 3831 1739 θεραπευό-

2182 1776 2338 1827 μενοι
2395 1753 2856 1831 ὃυσχεραίνωσιν·
2920 1756 3006 1833 ὑφ’
3064 1758 3137 1809 ὧν
3198 1754 3379 1828 λόγων
3436 1754 3680 1813 κάκεῖνος
3729 1752 3831 1807 οὐκ

418 1836 637 1889 tumvis
659 1835 694 1889 ii
719 1836 932 1907 quibus
956 1839 1244 1896 medicina
1266 1841 1763 1913 ﬁt,indignentur.
1787 1848 1822 1898 A
1852 1845 2067 1914 quibus

2193 1847 2389 1916 ίπήρθη
2447 1845 2539 1916 μὲν
2602 1844 2678 1906 εἷς
2751 1846 2851 1913 τήν
2906 1844 3130 1899 κακίαν·
3183 1843 3419 1898 ἀναίτιον
3471 1844 3574 1917 γὰρ
3633 1840 3830 1895 παντά-

420 1924 748 1981 rationibus
794 1943 906 1981 non
960 1927 1056 1984 ille
1105 1929 1342 2000 quidem
1394 1932 1464 1986 ad
1516 1931 1735 1987 malum
1786 1933 2070 1988 excitatus

419 2017 509 2068 est
537 2029 548 2066 :
577 2013 728 2069 Deus
750 2015 903 2071 enim
936 2016 1097 2073 nullo
1129 2021 1301 2075 modo
1335 2020 1472 2075 mali
1505 2038 1684 2076 causa
1712 2026 1821 2089 est,
1855 2022 2072 2093 quippe

420 2106 632 2155 natura
660 2103 869 2170 bonus,
902 2105 1229 2179 vitiumque
1258 2110 1388 2179 ejus
1417 2113 1505 2165 est
1537 2110 1637 2181 qui
1669 2109 1875 2182 elegit;
1915 2111 2070 2164 haud

419 2194 620 2246 tamen
652 2194 723 2247 ab
755 2193 974 2266 impetu
1010 2213 1117 2251 suo
1148 2214 1451 2269 repressus
1481 2200 1812 2256 est.Verum
1834 2217 1967 2255 cum
1988 2201 2074 2255 in-

425 2280 584 2351 genti
639 2279 954 2348 celeritate,
1007 2288 1133 2339 tum
1182 2287 1478 2356 regionem
1527 2304 1717 2359 suam,
1750 2294 1876 2343 tum
1926 2306 2073 2345 non-

425 2367 651 2425 nullam
682 2370 998 2428 barbarica:
1030 2391 1141 2429 orae
1173 2380 1400 2447 partem
1440 2381 1825 2450 peragrasset,
1859 2379 2071 2433 transi-

421 2461 688 2530 tumque,
722 2458 973 2516 i’allendo
1006 2463 1201 2534 potius
1229 2482 1400 2535 quam
1434 2467 1734 2538 vincendo,
1760 2468 2074 2537 rapuisset,

426 2545 571 2601 aulae
622 2546 931 2604 imminere
979 2550 1227 2623 incipit:
1285 2558 1347 2608 ut
1396 2556 1631 2626 quidem
1682 2561 1927 2611 narrant
1974 2555 2074 2627 qui

425 2639 623 2707 partes
656 2638 783 2707 ejus
811 2642 1069 2706 tuentur,
1095 2641 1275 2696 futuri
1310 2644 1663 2715 prmnotione
1694 2646 1762 2700 ad
1795 2645 1945 2700 hanc
1973 2662 2074 2700 ex-

426 2725 782 2796 peditionem
802 2728 1117 2784 ineundam
1137 2731 2074 2806 elatus,daamonumqueimpulsu

430 2818 606 2886 atque
654 2814 912 2884 hortatu,
946 2835 1288 2890 prosperum
1332 2827 1600 2877 eventum
1649 2824 2075 2895 pollicentium,

430 2904 725 2975 rebusque
785 2908 1169 2963 mutationem
1227 2911 1712 2967 decernentium:
1764 2918 1829 2967 ut
1882 2917 2076 2968 autem

436 2993 619 3063 aiunt,
654 2994 753 3064 qui
787 3011 922 3051 vera
965 2996 1304 3067 loquuntur,
1337 3002 1437 3054 99
1471 3002 1542 3055 ad
1588 3006 1820 3072 tempus
1869 3018 2079 3057 arcano

434 3087 609 3153 atque
639 3084 863 3139 occulto
914 3086 1154 3143 facinori
1184 3090 1575 3160 praestitutum
1623 3091 1957 3156 adveniens,
1991 3094 2077 3144 at-

435 3186 547 3243 que
572 3173 643 3227 ad
668 3178 936 3245 mortem,
970 3177 1139 3247 cujus
1171 3177 1296 3249 ipse
1315 3178 1668 3234 architectus
1698 3183 1842 3245 erat,
1873 3194 2079 3251 prope-

433 3275 593 3328 rans,
644 3267 915 3318 conatum
967 3265 1200 3321 interim
1249 3284 1423 3322 suum
1474 3285 1577 3339 per
1623 3254 2077 3324 domesticorum

434 3351 745 3420 quemdam
779 3352 995 3408 celans.
1033 3356 1115 3409 Ita
1144 3356 1370 3412 facinus
1400 3356 1566 3425 illud,
1602 3375 1717 3413 non
1767 3357 2078 3430 praescien-

433 3437 537 3505 tia,
570 3440 670 3494 sed
705 3440 946 3497 scientia
973 3450 1115 3513 erat,
1150 3446 1502 3517 scelerisque
1533 3464 1699 3519 opus,
1727 3464 1840 3502 non
1875 3447 2083 3501 daemo-

436 3543 577 3583 num
608 3528 957 3585 beneﬁcium
995 3549 1007 3587 :
1041 3532 1142 3603 qui
1192 3534 1450 3604 quidem,
1484 3554 1657 3605 quam
1690 3536 1748 3590 in
1782 3536 1873 3591 his
1907 3537 2083 3591 rebus

434 3618 566 3674 sciti
598 3634 664 3673 ac
712 3619 952 3676 solertes
1002 3621 1144 3688 sint,
1191 3622 1389 3678 Persia
1434 3624 1762 3680 luculenter
1807 3624 2079 3681 ostendit.

2178 1954 2307 1989 πασι
2366 1937 2544 1987 κακῶν
2602 1932 2665 1987 τὸ
2722 1938 2900 2001 Θεῖον,
2952 1932 3166 2008 ἀγαθὸν,
3212 1936 3280 2006 τῇ
3331 1932 3481 2005 φύσει
3532 1929 3830 2005 τυγχάνον,

2180 2022 2267 2077 καὶ
2321 2025 2418 2076 τοῦ
2474 2019 2849 2096 προελομένου
2901 2022 2967 2076 τὰ
3018 2028 3119 2090 τῆς
3172 2024 3285 2095 (73)
3323 2020 3548 2082 κακίας’
3601 2018 3664 2073 οὐ
3719 2020 3829 2090 μὴν

2182 2110 2445 2185 ἐπεσχέθη
2498 2131 2558 2186 γε
2602 2117 2703 2178 τῆς
2752 2112 2967 2187 ὁρμῆς·
3024 2109 3168 2166 ἀλλὰ
3215 2109 3372 2185 τάχει
3416 2107 3614 2179 πολλῷ
3640 2110 3739 2177 τήν
3772 2128 3832 2160 τε

2182 2200 2404 2271 οἰκείαν,
2457 2200 2546 2253 καὶ
2602 2202 2700 2268 τῆς
2758 2195 3095 2276 βαρϐαρικῆς
3146 2194 3321 2274 ὄχθης
3374 2196 3513 2252 ἔστιν
3588 2199 3704 2270 (74)
3758 2194 3828 2264 ἦν

2184 2287 2520 2365 διαδραμὼν,
2571 2289 2658 2344 καὶ
2698 2294 2776 2361 τῷ
2827 2289 3009 2345 λαθεῖν
3056 2292 3167 2360 (75)
3220 2287 3430 2362 μᾶλλον
3461 2287 3602 2359 ἣτῴ
3632 2292 3833 2361 κρατῆ-

2184 2400 2267 2433 σαι
2322 2380 2414 2448 τὴν
2463 2376 2697 2453 πάροδον
2748 2380 3012 2452 ἀρπάσας,
3069 2377 3301 2449 πλησίον
3360 2382 3466 2431 τῶν
3539 2374 3829 2449 βασιλείων

2181 2466 2427 2543 γίνεται·
2487 2468 2561 2529 ὡς
2620 2469 2712 2540 μὲν
2764 2468 2816 2522 οἱ
2873 2468 2940 2521 τὰ
3009 2466 3215 2521 ἐκείνου
3287 2470 3625 2543 φρονοῦντες,
3695 2464 3835 2518 κατᾶ

2183 2555 2485 2631 πρόγνωσιν
2534 2554 2619 2631 ἐπὶ
2684 2558 2781 2625 τὴν
2863 2555 3199 2629 ἐκστρατείαν
3271 2558 3383 2629 (76)
3457 2554 3661 2629 ἀρθεὶς,
3738 2553 3833 2607 καὶ

2185 2643 2457 2718 δαιμόνων
2507 2616 2715 2716 κίνησιν
2762 2646 2823 2700 τὸ
2875 2644 3078 2719 μέλλον
3110 2642 3581 2721 ὑπισχνουμένων,
3612 2642 3701 2696 καὶ
3736 2663 3831 2715 μευ

2181 2730 2423 2803 ταϐολὴν
2474 2734 2908 2807 πρυτανευόντων
2970 2740 3087 2797 τοῖς
3153 2736 3504 2808 πράγμασιν·
3555 2732 3629 2793 ὡς
3690 2728 3746 2784 δὲ
3804 2735 3835 2782 ὅ

2183 2827 2291 2877 τῶν
2353 2822 2730 2893 ἀληθευόντων
2806 2821 2992 2899 λόγος,
3043 2824 3180 2879 κατὰ
3233 2821 3563 2897 προθεσμίαν
3623 2820 3833 2896 παρὼν,

2188 2911 2313 2966 ἀλλ’
2367 2916 2477 2985 (77)
2551 2909 2989 2988 ἁπορῥητοτέραν
3066 2933 3125 2967 τε
3206 2911 3293 2966 καὶ
3376 2908 3687 2985 βαθυτέραν,
3742 2906 3834 2961 καὶ

2190 2997 2430 3054 σπεύδων
2476 2998 2560 3053 ἐπὶ
2613 3002 2851 3067 θάνατον,
2904 2997 2965 3053 οὗ
3011 2998 3349 3073 δημιουργὸς
3400 2997 3557 3058 αὐτὸς
3590 2995 3681 3065 ἦν,
3713 2992 3837 3048 κλὲ-

2189 3092 2290 3162 ψας
2342 3088 2447 3142 τινὶ
2488 3094 2592 3142 τῶν
2643 3085 2792 3142 ἔνδον
2843 3090 2940 3157 τὴν
2995 3086 3336 3164 ἐπιχείρησιν
3385 3089 3535 3160 (78)·
3586 3084 3725 3138 ὣστε
3753 3082 3836 3136 εῖ-

2190 3198 2274 3232 ναι
2316 3179 2389 3250 μή
2431 3180 2541 3251 (79)
2590 3177 2917 3253 πρόγνωσιν,
2968 3175 3114 3233 ἀλλᾶ
3160 3180 3380 3251 γνῶσιν,
3427 3196 3516 3229 και
3563 3170 3834 3247 πονηρίας

2191 3265 2372 3343 ἔργον,
2432 3264 2577 3321 ἀλλά
2636 3268 2710 3339 μὴ
2772 3264 3043 3338 δαιμόνων
3101 3264 3441 3341 εὖεργάτημα
3494 3263 3555 3317 τὸ
3616 3260 3834 3337 γινόμε-

2186 3375 2309 3431 ιφν·
2362 3352 2413 3409 ο⁹ί
2460 3376 2523 3429 γε
2568 3359 2683 3416 πῶς
2731 3352 2983 3431 εὔστοχοι
3029 3355 3095 3409 τὰ
3140 3351 3382 3419 τοιαῦτα,
3430 3351 3623 3427 Περσὶς
3654 3353 3834 3426 σαφῶς

2190 3439 2319 3514 ἒῖιξε
2394 3446 2524 3517 (80).
2596 3443 2692 3497 Καὶ
2751 3445 3140 3507 παυσάσθωσαν
3197 3442 3250 3496 οἱ
3300 3442 3362 3496 τὸ
3417 3439 3621 3495 ἐκείνου
3665 3439 3835 3511 τάχος

2189 3539 2307 3595 τοῖς
2342 3530 2588 3605 δαίμοσιν
2624 3530 3042 3610 ἐπιφημίζοντες
3069 3552 3080 3563 ·
3116 3531 3161 3585 εἷ
3196 3533 3269 3604 μή
3304 3551 3365 3607 γε
3411 3531 3522 3604 (8i)
3570 3529 3661 3582 καὶ
3705 3524 3835 3581 αὐτὸ

2192 3623 2254 3677 τὸ
2283 3621 2445 3677 κακόν
2479 3622 2611 3677 εἶναι
2642 3622 2853 3684 τούτοις
2883 3622 3283 3695 προσθήσομεν.

434 3713 516 3762 Ac
548 3708 723 3763 finem
755 3710 992 3765 tandem
1026 3711 1264 3783 faciant,
1298 3713 1399 3784 qui
1430 3713 1590 3769 illius
1624 3713 1980 3769 celeritatem
2013 3714 2378 3770 daemonibus
2410 3715 2711 3769 ascribunt
2746 3730 2757 3767 :
2792 3714 2905 3769 nisi
2939 3714 3046 3769 hoc
3074 3727 3308 3785 quoque
3340 3710 3560 3783 ipsum,
3594 3708 3842 3764 scelera-

435 3796 561 3852 tum
591 3814 740 3867 esse,
773 3798 865 3854 bis
896 3800 1311 3872 adjungamus.

507 3906 746 3963 XLVIII.
782 3908 941 3973 Quod
976 3908 1089 3964 nisi
1119 3909 1349 3980 tyranni
1388 3910 1701 3965 adventum
1732 3914 1789 3964 et
1836 3909 2083 3981 impres-

438 3996 662 4050 sionem
716 4013 872 4052 mors
928 3998 1298 4071 imperatoris
1350 3999 1775 4070 antevertisset,
1837 3997 2088 4071 plusque

440 4085 757 4139 obscurum
807 4086 1044 4153 bellum,
1077 4104 1253 4157 quam
1287 4093 1488 4160 aperta
1535 4105 1745 4144 manus
1777 4088 2085 4159 potuisset,

436 4169 820 4229 intellexisset
866 4176 1111 4233 fortasse
1139 4176 1569 4234 consceleratus
1601 4178 1697 4233 ille
1726 4194 1793 4233 ac
1831 4178 2090 4233 nefarius

656 4402 948 4482 Dpopécy.
982 4404 1382 4482 Eluresncodd.
1414 4404 1704 4482 πρόφασιν.

510 4473 955 4543 (71)”Ως.ὈοΙΙ).
989 4476 1041 4539 3,
1073 4475 1146 4535 ὡς
1177 4474 1257 4529 ἅν.

512 4545 622 4618 (72)
654 4546 765 4620 Καὶ,
798 4546 895 4617 μή.
932 4548 1016 4602 Ita
1058 4547 1198 4619 Reg.
1245 4548 1346 4615 hu,
1393 4548 1552 4605 Colb.
1606 4551 1659 4619 3,
1693 4550 1788 4605 0r.
1840 4549 1893 4620 4,
1926 4549 2089 4605 Pass.

444 4618 611 4673 Deest
644 4618 717 4687 μή
753 4618 811 4672 in
844 4619 934 4674 ed.

512 4689 622 4761 (73)
650 4688 722 4742 Τὰ
750 4695 868 4758 τῆς.
902 4688 1102 4745 Plures
1133 4690 1299 4745 codd.
1320 4688 1381 4744 τὸ
1409 4697 1527 4760 τῆς.
1560 4691 1864 4749 Calvinum
1893 4692 1988 4748 his
2010 4692 2090 4747 fe-

438 4760 537 4833 riri
574 4761 660 4816 vel
693 4763 817 4833 ipse
850 4762 1242 4833 Montacutius
1275 4768 1457 4818 notat.

434 4899 459 4955 ἐ
509 4828 864 4954 (VWB-1073c
924 4829 1086 4889 ἔστιν.
1146 4834 1287 4906 Reg.
1330 4851 1388 4905 u,
1435 4842 1488 4889 et
1536 4835 1697 4890 Pass.
1758 4828 1933 4909 ὄχθης
1987 4831 2087 4903 ὅση

462 4922 595 4955 στν.

462 4922 595 4956 στιν.

506 4976 621 5049 (75)
661 4974 748 5049 Τῷ
797 4972 1001 5049 λαϐεῖν.
1054 4977 1193 5049 Reg.
1230 4975 1493 5033 nonnulli
1526 4981 1593 5049 (et
1619 4976 1779 5033 Colb.
1813 4977 1909 5033 Or.
1944 4978 1994 5045 1,
2028 4974 2090 5029 τὸ

438 5042 621 5122 λαθεῖν
642 5042 751 5122 *μεν
784 5047 817 5115 ἦ
860 5048 924 5122 τὸ
954 5042 1239 5122 κρατῆσαι.
1293 5049 1454 5104 Pass.
1486 5046 1548 5101 τὸ
1596 5053 1829 5122 κρατεῖν.
1864 5049 1951 5104 Sic
1981 5042 2092 5105 iter

435 5117 653 5191 ,ξυΙὶαοὶ
686 5117 1025 5175 describunt
1052 5124 1517 5191 Mammertinus,
1555 5117 1832 5178 Libanius
1863 5125 2008 5177 orat.
2031 5122 2086 5191 2,

434 5188 700 5245 Zosimus
730 5195 788 5244 et
817 5193 1157 5263 Ammianus
1182 5192 1283 5247 lib.
1316 5210 1431 5263 xxx,
1465 5188 1521 5263 ρ’.
1555 5194 1676 5263 188.

647 5261 1035 5337 Ἐκστρτςτείαν.
1070 5264 1247 5337 Begg.
1284 5282 1334 5333 a,
1373 5261 1428 5327 b,
1464 5261 1583 5327 bm,
1613 5262 1944 5337 ,ἐκστρατίαψ

509 5334 621 5423 (77:)
645 5333 859 5423 Πλαιρςρν,
896 5330 1041 5423 ἀλλ’.
1077 5330 1330 5423 μειζῇρμζ
1354 5337 1495 5423 'bm;
1530 5336 1690 5423 Go‘lb.
1729 5330 1999 5423 quatuor.
2034 5340 2091 5423 et

439 5402 536 5479 ΟΡ.
582 5406 633 5479 i.
666 5402 775 5458 Alii
810 5410 925 5459 tres
958 5406 1114 5475 Regii
1148 5402 1311 5462 ἀλλάζ
1352 5413 1409 5461 ln
1446 5408 1711 5479 pluribus
1744 5402 1905 5464 deest
1936 5408 2090 5463 sicut

437 5476 494 5529 in
529 5478 618 5530 ed.

508 5552 620 5619 (78)
678 5545 887 5622 ΚΛὲψας
959 5549 1061 5603 τινὶ
1148 5552 1252 5601 τῶν
1331 5544 1479 5602 ἔνδον
1548 5551 1646 5627 τὴν
1724 5548 2085 5627 ᾇπιχείρησιν.

438 5640 467 5667 α
504 5620 964 5681 υοῖμοεΐὶιτοτυῐη
1014 5622 1191 5679 unius
1223 5637 1395 5695 opera
1442 5640 1563 5679 rem
1604 5620 2089 5695 furtim'ag'gres-

441 5707 565 5771 sus,
603 5720 629 5749 r
663 5714 871 5771 nempe
902 5714 1004 5770 per
1050 5695 1219 5754 illum
1249 5694 1404 5753 lento
1435 5696 1840 5757 Constantium
1870 5694 2089 5752 veneno

2268 3914 2399 3965 MH'.
2432 3908 2495 3963 Εἷ
2530 3908 2621 3981 μὲν
2654 3905 2743 3962 οὗν
2780 3908 2855 3980 μὴ
2887 3901 3167 3982 προῦλαϐε
3204 3907 3319 3979 (82)
3358 3905 3458 3972 τὴν
3510 3898 3699 3980 ἔφοδον
3748 3904 3845 3953 τοῖ’)

2194 3998 2449 4073 τυράννου
2478 3998 2539 4051 τὸ
2571 3995 2728 4058 τέλος
2757 4000 2852 4050 τοῦ
2890 3992 3177 4070 βασιλέως,
3217 3991 3356 4066 μηδὲ
3388 3994 3416 4047 ὁ
3448 3992 3655 4070 ἀφανής
3684 3988 3847 4043 πόλε-

2202 4107 2300 4158 μος
2324 4093 2424 4155 τῆς
2456 4091 2685 4162 φανερᾶς
2723 4086 2910 4161 χειρὸς
2942 4083 3131 4139 πλεῖον
3168 4081 3375 4157 ἴσχυσε,
3406 4082 3551 4156 τάχα
3600 4080 3658 4133 ἂν
3704 4074 3843 4151 ἔγνω

2198 4177 2312 4230 κατ’
2370 4176 2559 4230 ἑαυτοῦ
2614 4173 2850 4251 ταχύ-δας
2908 4175 2935 4228 ὁ
3003 4172 3308 4247 ἀλιτήριος·
3386 4168 3475 4225 καὶ
3543 4169 3667 4242 πρὶν
3741 4166 3847 4221 ὑπό

2201 4405 2615 4482 exstincturus,
2647 4411 2712 4459 ut
2758 4405 2832 4482 ad
2864 4405 3256 4482 praestitutum
3308 4402 3459 4482 diem
3509 4399 3635 4482 ipse
3675 4398 3848 4482 adve-

2203 4479 2389 4545 niens,
2428 4478 2495 4551 in
2544 4470 3097 4551 demortui_'locum,
3146 4475 3457 4548 imperium
3492 4470 3714 4551 adiret.

2203 4540 2395 4633 locum
2424 4549 2584 4631 hunc
2614 4548 2897 4633 intelligit
2920 4540 3119 4633 Camb.
3142 4540 3466 4633 DesvenenO
3486 4548 3681 4633 tamen
3697 4540 3851 4633 nihil

2203 4622 2533 4699 Gregorius,
2569 4621 2716 4675 nihil
2748 4612 3103 4699 Elias,_ni_hil
3146 4618 3478 4699 Scholiasta.
3510 4616 3623 4670 Iste
3655 4612 3853 4699 prodi-

2198 4690 2345 4749 toris
2374 4698 2598 4747 tantum
2634 4692 2901 4770 meminit
2926 4692 3159 4770 Juliano
3191 4690 3526 4770 indicantis,
3549 4702 3664 4757 quo
3696 4690 3845 4770 tem-

2200 4783 2338 4839 pore
2359 4782 2479 4819 rem
2504 4764 2737 4839 aggredi
2762 4768 3117 4839 opportuum
3140 4767 3314 4818 esset.
3350 4760 3504 4839 Elias
3524 4774 3658 4812 vero
3691 4762 3845 4810 stru-

2200 4834 2324 4894 ctas
2342 4834 2661 4893 Constantii
2680 4834 2809 4891 vitae
2826 4835 3074 4890 insidias
3095 4834 3514 4889 commemorat
3536 4848 3549 4898 ;
3578 4842 3847 4900 quanam

2200 4915 2394 4965 autem
2452 4907 2563 4962 illa:
2617 4907 2852 4973 fuerint,
2895 4907 3045 4962 silet.
3078 4906 3202 4961 Non
3261 4904 3415 4979 aliud
3474 4898 3673 4979 forsan
3726 4898 3854 4979 vult

2200 4979 2528 5052 Gregorius,
2552 4995 2726 5053 quam
2758 4979 2993 5053 Juliano
3024 4983 3249 5053 certum
3282 4976 3484 5044 fuisse,
3507 4976 3850 5053 Constantio

2200 5042 2398 5109 necEm
2432 5042 2811 5128 consciscere,
2837 5049 3356 5128 dolo,_prodit_io_ne,
3378 5042 3625 5128 veneno,
3650 5042 3851 5097 aliisve

2200 5125 2391 5180 modis
2422 5116 2857 5193 occultioribus,
2891 5128 2947 5179 et
2976 5116 3111 5192 jam
3147 5121 3218 5176 ad
3251 5119 3477 5176 facinus
3526 5116 3679 5172 diem
3712 5130 3849 5169 con-

2296 5202 2443 5250 tum.
2498 5216 2501 5217 ν

2199 5199 2572 5340 digitium
2602 5266 2733 5319 εἶναι
2769 5264 2866 5340 μή.
2888 5263 3189 5340 Sic_Regg.
3216 5260 3475 5320 melioris
3504 5261 3653 5315 nota
3679 5256 3848 5313 codd.

2270 5284 2382 5340 (γυ)
2416 5284 2572 5319 uate
2602 5284 2866 5393 ειναιὲιη.
2888 5284 2982 5320 διο
3015 5284 3113 5335 ηοξ

2199 5358 2250 5405 a,
2284 5340 2342 5409 h,
2376 5357 2436 5403 u,
2468 5339 2588 5409 bmr.
2620 5343 2685 5394 In
2717 5353 2749 5393 ο
2791 5375 2805 5392 .
2848 5336 2922 5407 μὴ
2955 5333 3113 5409 εἶναιἸ

2410 5402 2635 5485 Ἔδειξε.
2668 5402 2919 5485 Οοὶὺξὶς,
2952 5402 3175 5485 ἐδίδαξε.
3265 5476 3275 5485 _
3328 5476 3341 5485 .
3500 5476 3515 5485 .
3720 5473 3731 5485 .

2272 5474 2475 5557 (81)_Et
2530 5474 2603 5553 μῆ
2658 5500 2740 5557 γε,
2792 5484 2899 5557 etc.
2954 5474 3179 5557 «_Nam
3229 5476 3278 5532 si
3328 5474 3851 5557 hoc‘daemonibus

2200 5546 2613 5619 concedamus,
2645 5546 2819 5609 etiam
2869 5551 2979 5606 hoc
3007 5549 3203 5622 ipsum
3253 5549 3405 5620 quod
3446 5546 3720 5604 Julianus
3749 5560 3847 5601 ne-

2202 5641 2380 5697 quam
2412 5630 2469 5679 et
2497 5625 2809 5697 imprpbus
2833 5622 2928 5693 sit,
2962 5621 3347 5697 asCribemus.
3371 5642 3404 5697 ῃ

2273 5695 2386 5769 (82)
2417 5683 2723 5770 Προῦλαϐε.
2757 5683 3225 5762 Μεείηοιιηυηί,
3252 5683 3547 5768 προέλαϐε.
