4202 6212
399 365 519 429 573

1387 371 1678 434 ORATlO
1720 369 1829 434 IV.
1863 398 1937 416 ·-
1969 367 2278 432 CONTRA
2321 368 2721 436 JULIANUM
2766 368 2815 430 Ῑ.

3690 362 3808 424 574

401 503 617 573 Περσῶν
649 499 746 568 τῆν
776 497 1080 574 ἐμπληξίαν
1131 503 1242 574 (83)
1290 504 1721 580 σωφρονισθῆναι
1769 508 1871 573 τῆς
1910 500 2042 558 ἀπο-

2163 521 2225 562 se
2250 503 2308 560 in
2353 503 2561 578 capitis
2608 503 2699 561 sui
2749 498 3063 577 perniciem
3111 499 3222 555 hac
3279 495 3571 555 celeritate
3628 512 3805 554 usum

399 593 574 658 νοίας,
626 585 821 644 ἔδωκεν
870 590 927 644 ἅν
979 587 1132 659 δίκην
1183 589 1234 646 ἐν
1281 590 1430 666 ὅροις
1477 592 1785 666 Ῥωμαίων,
1845 594 1918 647 ὧν
1953 613 2050 646 κα-

398 682 511 739 κῶς
594 678 1007 752 κατετόλμησε·
1084 682 1380 757 τεκμήριον
1461 679 1558 736 δὲ·
1625 681 1712 736 καὶ
1793 683 1897 758 γὰρ
1968 680 2049 736 ἓτι

395 767 607 842 προϊὼν
655 767 744 822 καὶ
792 767 1180 843 ἀγνοούμενος,
1230 769 1305 833 ὡς
1357 768 1621 843 ἐνόμιζεν,
1680 770 1782 826 ὑπὸ
1813 776 1908 826 τοῦ
1937 791 2054 845 γεν-

395 857 684 910 ναιοτάτου
767 855 1038 930 βασιΛέως
1113 861 1224 932 (84)
1299 859 1519 935 στρατίᾳ
1594 854 2054 933 περιλαμϐάνεται

395 945 887 1021 προϋποτεμνούσῃ
933 945 1021 1001 καὶ
1065 949 1164 1017 τήν
1219 949 1414 1026 φυγὴν,
1481 948 1556 1010 ὡς
1612 945 1782 1017 δῆλον
1840 947 2051 1024 γέγονεν

396 1031 458 1088 ἐκ
501 1037 609 1088 τῶν
656 1035 913 1112 ὓστερονο
960 1037 1048 1090 καὶ
1096 1038 1196 1112 γὰρ
1235 1033 1344 1106 ἤδη
1394 1037 1456 1091 τὸ
1509 1035 1706 1110 κράτος
1755 1033 1961 1113 ἔχοντι,
1993 1038 2054 1091 τὸ

393 1131 658 1196 κρατῆσαι
688 1123 890 1194 ταύτης
931 1123 992 1179 ού
1047 1126 1238 1201 μικρὸν
1293 1123 1449 1201 ἔργὸν
1485 1125 1690 1202 ἐγένετο
1717 1145 1729 1157 ·
1762 1131 1852 1180 νῦν
1911 1123 1969 1180 δὲ
2025 1128 2053 1181 ὁ

396 1213 491 1286 μὲν
551 1214 707 1285 θυμῷ
768 1213 897 1281 ζέων
957 1220 1092 1268 κατὰ
1146 1221 1247 1285 τῆς
1302 1214 1566 1276 ἀπονοίας
1625 1216 1765 1288 ὁμοῦ
1811 1217 1901 1270 καὶ
1949 1221 2052 1284 τῆς

396 1295 664 1374 ἀσεϐείας,
723 1302 811 1356 καὶ
866 1303 958 1357 τὸν
1018 1305 1330 1381 σοφώτατον
1391 1301 1534 1380 ἔχων
1594 1304 1645 1358 ἐν
1706 1303 1949 1380 ἄρκυσιν,
2008 1302 2053 1358 ὢ

391 1397 494 1458 τῆς
552 1389 821 1466 ἡμετέρας
878 1390 1068 1454 καγίας
1125 1395 1278 1466 (85)Ῑ
1334 1391 1385 1447 ἐν
1448 1393 1598 1467 ἀκμῇ
1654 1399 1755 1462 τῆς
1789 1390 1917 1448 ὁδοῦ
1948 1415 2045 1448 κα-

390 1479 584 1535 ταλύει
615 1482 703 1534 τὸν
750 1479 888 1556 βίον,
922 1479 1109 1536 πολλὰ
1138 1484 1252 1555 (86)
1283 1482 1372 1536 καὶ
1421 1487 1536 1554 Θεῷ
1590 1483 1679 1536 καὶ
1739 1481 2048 1558 ἀνθρώποις

397 1568 532 1644 ὑπὲρ
588 1576 689 1638 τῆς
746 1569 937 1624 ἑαυτοῦ
986 1569 1391 1648 φιλανθρωπίας
1424 1570 1927 1647 ἀπολογησάμενος,
1958 1573 2046 1626 καὶ

394 1654 484 1712 διὰ
513 1665 614 1727 τῆς
647 1659 826 1735 ὁρμῆς
875 1661 985 1732 (87)
1036 1658 1206 1731 δείξας
1255 1666 1590 1735 Χριστιανοῖς
1634 1661 1732 1729 τὴν
1775 1661 1906 1736 ὑπὲρ
1935 1668 2036 1731 τῆς

396 1742 666 1808 εὐσεϐείας
697 1747 928 1818 κίνησιν.

2161 595 2374 662 fuisse;
2407 612 2474 650 ac
2501 594 2842 666 priusquam
2878 592 3061 646 Persae
3085 590 3154 645 de
3176 588 3364 660 ipsius
3412 587 3648 642 vesania
3671 604 3806 660 sup-

2163 683 2401 754 plicium
2432 683 2844 752 sumpsissent,
2874 678 3139 736 amentiae
3175 693 3372 748 poenas
3422 675 3482 730 in
3513 676 3802 733 Romano-

2167 789 2297 828 rum
2337 771 2574 840 ﬁnibus,
2609 771 2667 825 in
2701 769 3143 842 quosimpetum
3168 767 3354 821 facere
3378 780 3491 820 non
3509 763 3806 821 dubitarat

2166 860 2576 933 persolvisset;
2625 860 2777 931 quod
2855 857 2941 912 vel
3005 857 3142 911 hinc
3205 855 3538 925 conjectura
3610 853 3804 926 colligi

2164 954 2374 1023 potest.
2407 950 2553 1004 Nam
2585 964 2718 1003 cum
2753 946 2948 1001 adhuc
2983 945 3444 1017 progrederetur,
3495 944 3672 1013 atque
3701 942 3804 998 ob-

2164 1056 2402 1096 scurum
2425 1043 2480 1094 et
2509 1037 2866 1109 incognitam
2892 1034 3321 1107 expeditionem
3340 1049 3509 1088 suam
3539 1048 3667 1087 esse
3688 1031 3804 1087 exi-

2162 1129 2447 1194 stimaret,
2483 1124 3005 1198 praestantissimus
3044 1123 3360 1194 imperator
3405 1121 3486 1176 ita
3516 1136 3650 1175 eum
3681 1123 3798 1177 toto

2162 1217 2414 1274 exercitu
2441 1214 2841 1282 circumfudit,
2875 1217 3049 1284 atque
3081 1212 3472 1282 undequaque
3502 1209 3701 1278 cinxit,
3737 1213 3802 1266 ut

2164 1308 2361 1379 fugam
2395 1321 2627 1377 quoque
2659 1319 2892 1360 omnem
2927 1301 3039 1374 ipsi
3063 1298 3804 1373 praecideret,quemadmo-

2162 1397 2302 1451 dum
2333 1412 2400 1449 ex
2430 1394 2522 1450 his
2554 1410 2681 1465 quae
2715 1395 2916 1464 postea
2934 1393 3135 1448 secuta
3152 1386 3539 1459 sunt,liquido
3561 1387 3801 1442 demon-

2160 1489 2409 1540 stratum
2442 1483 2704 1539 est.Nam
2737 1481 3004 1551 cumjam
3029 1480 3207 1535 etiam
3228 1476 3472 1548 imperio
3497 1475 3801 1548 potiretur,

2161 1574 2230 1630 ad
2262 1573 2418 1628 hunc
2439 1577 2634 1628 tamen
2666 1571 2980 1626 exercitum
3017 1567 3415 1640 superandum
3447 1581 3560 1620 non
3595 1581 3799 1636 parum

2159 1661 2373 1733 negotii
2422 1659 2644 1715 habuit.
2703 1661 2777 1714 At
2820 1673 2977 1712 nunc
3023 1655 3120 1711 ille
3167 1655 3445 1710 adversus
3494 1652 3799 1708 audaciam

2159 1749 2335 1810 simul
2367 1753 2423 1804 et
2451 1747 2816 1820 impietatem
2849 1747 3042 1801 furore
3070 1744 3303 1812 ardens,
3336 1759 3402 1798 ac
3432 1739 3798 1814 sapientissi-

396 1854 562 1892 mum
633 1838 928 1894 hominem
987 1838 1214 1908 laqueis
1277 1840 1567 1896 irretitum
1634 1845 1859 1907 tenens,
1929 1840 2072 1912 prob
2115 1838 2338 1894 malum
2396 1842 2451 1893 et
2508 1841 2808 1909 peccatum
2867 1833 3174 1891 nostrum!
3219 1832 3276 1887 in
3337 1831 3528 1887 medio
3587 1829 3798 1885 itinere

390 1926 546 1982 diem
574 1926 703 1981 vita:
742 1932 1066 1983 extremum
1097 1929 1339 1999 claudit,
1374 1946 1504 1985 cum
1583 1930 1653 1986 de
1713 1928 2071 2002 benignitate
2129 1945 2256 1996 sua,
2317 1932 2438 1982 tum
2505 1931 2614 1982 Deo
2660 1930 2786 1981 tum
2843 1923 3202 1994 horninibus,
3244 1920 3446 1977 multis
3496 1919 3686 1975 verbis
3735 1934 3799 1974 se

389 2021 749 2082 excusasset,
783 2032 848 2072 ac
879 2033 982 2089 per
1003 2022 1184 2090 caepta
1213 2034 1321 2073 sua
1350 2022 1407 2074 et
1437 2023 1681 2075 conatus
1713 2023 1989 2075 testatum
2025 2016 2370 2073 Christianis
2411 2015 2762 2088 reliquisset,
2806 2017 3024 2087 quanto
3075 2012 3306 2086 pietatis
3346 2010 3572 2067 tuendae
3604 2008 3795 2066 studio

385 2104 751 2160 incitaretur.

459 2197 588 2246 MO’.
617 2189 746 2246 Ὧδε
791 2189 848 2247 δὲ
893 2212 946 2246 τι
993 2195 1104 2266 (88)
1156 2191 1383 2269 δάκρυον
1443 2192 1730 2270 ἐπέρχεταί
1773 2214 1866 2266 μοι
1897 2198 2042 2270 χαρᾷ

2220 2195 2610 2265 XLIX.Atque
2632 2192 2728 2248 hic
2751 2191 2895 2247 mihi
2923 2191 2994 2248 ob
3007 2209 3074 2247 ea
3096 2207 3221 2260 quae
3243 2189 3517 2260 deinceps
3540 2203 3796 2259 sequun-

389 2282 661 2355 συμμιγὲς
705 2278 794 2335 διὰ
837 2282 903 2336 τὰ
952 2280 1070 2352 ἑξῆς
1121 2287 1215 2337 νοῦ
1264 2282 1433 2358 λόγου
1463 2303 1476 2316 ο
1528 2283 1617 2338 καὶ
1649 2283 1761 2337 οἷον
1794 2287 2043 2356 ποταμοῦ

391 2369 483 2422 καὶ
514 2367 788 2443 πελάγους
822 2369 997 2446 μάχη,
1030 2370 1118 2425 καὶ
1167 2368 1331 2444 μίξις,
1382 2371 1472 2426 καὶ
1518 2372 1725 2440 στάσις,
1772 2369 2046 2440 ἀλλήλοις

395 2458 876 2529 ἀντιστατούντων,
928 2459 1015 2514 καὶ
1071 2459 1391 2515 συνιόντων·
1438 2459 1498 2516 ἐκ
1548 2461 1641 2533 μὲν
1683 2461 1786 2535 γὰρ
1817 2465 1926 2515 τῶν
1957 2481 2044 2514 τε·

396 2544 665 2601 λευταίων
698 2546 895 2622 πάσχω
931 2548 999 2603 τὰ
1040 2550 1150 2623 (89)
1199 2556 1298 2619 τῆς
1344 2547 1571 2619 ἡδονῆς,
1609 2549 1667 2604 ἐκ
1697 2547 1754 2604 δὲ
1785 2554 1890 2604 τῶν
1917 2570 2045 2624 προ-

391 2630 673 2690 λαϐόντων
729 2637 790 2690 τὸ
851 2634 1122 2712 δάκρυονο
1169 2637 1276 2714 οὐχ
1325 2639 1456 2714 ὑπὲρ
1504 2640 1834 2714 Χριστιανῶν
1880 2638 2041 2712 μόνον

389 2725 481 2778 καὶ
533 2731 636 2794 τῆς
693 2726 1072 2798 συμπεσούσης
1124 2727 1308 2790 αὐτοῖς
1357 2726 1634 2799 ἐπηρείας,
1680 2725 1716 2796 ἤ
1750 2729 1895 2804 παρᾶ
1949 2733 2045 2783 τοῦ

391 2817 641 2888 πονηροῦ
688 2814 1123 2889 προσπεσούσης,
1171 2816 1260 2870 καὶ
1311 2820 1423 2890 (90)
1467 2817 1612 2891 παρὰ
1657 2821 1791 2872 Θεοῦ
1824 2837 2043 2893 συγχω-

391 2902 652 2972 ρηθείσης
685 2900 753 2957 δι’
784 2902 845 2964 ἃς
877 2901 1019 2959 οἶδεν
1050 2904 1241 2976 αἰτίας,
1273 2905 1362 2960 καὶ
1393 2905 1560 2980 τυχὸν
1596 2902 1684 2959 διὰ
1729 2906 1826 2974 τήν
1876 2903 2044 2981 ἓπαρ-

386 3012 469 3044 σιν
506 2994 664 3065 ἡμῶν
728 2990 990 3065 δεομένην
1049 2992 1356 3069 καθάρσεως
1413 2997 1562 3064 (91)·
1616 2992 1762 3049 ἀλλὰ
1789 2995 1878 3049 καὶ
1912 2995 2042 3069 ὑπὲρ

387 3079 559 3149 αὐτῆς
589 3087 688 3150 τῆς
739 3079 946 3136 ἐκείνου
995 3084 1203 3157 ψυχῆς,
1254 3082 1342 3137 κάὶ
1390 3088 1496 3138 τῶν
1543 3083 1629 3138 ὑπ’
1660 3082 1824 3138 αὐτοῦ
1853 3105 2044 3160 συναρ-

385 3169 696 3234 πασθέντων
733 3172 866 3246 πρὸς
890 3172 988 3240 τὴν
1022 3170 1187 3240 αὐτὴν
1219 3170 1517 3230 ἀπώλειαν.

455 3348 543 3402 Ν’-
577 3348 639 3400 Οἱ
678 3347 772 3420 μὲν
813 3334 912 3422 γαρ
943 3349 1039 3410 τὰς
1096 3347 1410 3411 τελευταίας
1465 3348 1640 3404 αύτῶν
1689 3348 1905 3426 πληγὰς
1952 3350 2041 3404 καὶ

383 3435 477 3497 τὰς
531 3435 768 3490 ἐντεῦθεν
827 3437 1084 3510 βασάνους
1145 3435 1466 3513 ὀδύρονταιο
1518 3441 1601 3501 οἷς
1650 3439 1710 3493 τὸ
1756 3443 1848 3512 ζῇν
1880 3443 2041 3494 τοῦτο

2151 2287 2266 2350 tur,
2303 2283 2568 2356 lacrymze
2617 2281 2832 2354 gaudio
2881 2280 3169 2353 permistae
3219 2279 3510 2345 subeunt;
3544 2293 3608 2332 ac
3638 2274 3796 2332 velut

2153 2373 2418 2429 ﬂuminis
2447 2377 2506 2428 et
2535 2372 2716 2427 maris
2747 2387 2964 2443 pugna,
3031 2367 3480 2439 commistioque
3533 2369 3590 2422 et
3617 2363 3794 2422 dissi-

2153 2462 2338 2530 dium,
2399 2462 2551 2516 inter
2605 2477 2666 2516 se
2723 2458 3222 2528 contendentium,
3298 2474 3365 2512 ac
3438 2454 3794 2512 coeuntium.

2153 2551 2656 2617 Quemadmodum
2687 2550 2841 2605 100
2871 2549 3026 2604 enim
3057 2563 3126 2604 ex
3166 2547 3477 2619 postremis
3504 2545 3793 2617 voluptas,

2152 2641 2234 2696 ita
2263 2657 2332 2697 ex
2356 2639 2429 2695 iis
2461 2656 2588 2712 quae
2619 2641 3062 2711 praecesserunt,
3096 2636 3240 2692 mihi
3289 2635 3555 2708 lacrymaa
3595 2633 3795 2690 oriun-

2155 2734 2289 2796 tur;
2323 2747 2438 2785 non
2469 2729 2542 2784 ob
2571 2728 2931 2784 Christianos
2962 2731 3620 2797 tantum,eamque,quaa
3647 2722 3794 2795 ipsis

2154 2818 2384 2888 accidit,
2416 2817 2798 2888 vexationem,
2821 2821 2924 2872 aut
2953 2833 2987 2871 a
3017 2813 3246 2870 diabolo
3278 2815 3503 2869 invecta
3531 2816 3640 2882 est,
3673 2813 3732 2866 et
3762 2827 3796 2866 a

2154 2907 2269 2964 Deo
2303 2905 2806 2979 propterjudicia,
2838 2921 2968 2977 quae
2996 2905 3122 2976 ipse
3172 2903 3352 2970 novit,
3385 2902 3694 2974 permissa,
3726 2916 3792 2956 ac

2153 2997 2398 3053 fortasse
2451 2999 2685 3069 propter
2743 2994 3056 3051 elationem
3104 2997 3386 3060 nostram,
3449 2989 3796 3062 purgatione

2152 3085 2549 3157 indigentem;
2583 3101 2782 3140 verum
2815 3083 2991 3139 etiam
3023 3083 3094 3139 ob
3127 3082 3316 3154 ipsam
3347 3079 3509 3136 illius
3536 3079 3797 3134 animam

2152 3191 2470 3244 eorumque
2499 3172 2600 3245 qui
2630 3175 2700 3229 ad
2735 3173 3000 3228 eamdem
3034 3171 3352 3244 perniciem
3403 3169 3474 3224 ab
3519 3185 3584 3225 eo
3617 3165 3796 3224 simul

2152 3262 2378 3335 abrepti
2411 3267 2569 3319 sunt.

2224 3351 2543 3420 L.Quidam
2565 3351 2719 3406 enim
2743 3354 3032 3407 extremas
3051 3350 3333 3405 duntaxat
3347 3363 3547 3404 eorum
3573 3346 3796 3419 plagas,

2153 3457 2465 3514 pcenasque
2523 3441 2577 3495 in
2639 3442 2745 3496 hoc
2803 3439 3012 3495 saeculo
3063 3438 3392 3511 persolutas
3451 3435 3797 3509 deplorant;

385 3524 662 3596 νομίζεται
714 3526 826 3598 (92)
875 3525 1058 3597 μόνον,
1103 3527 1192 3581 καὶ
1244 3526 1343 3581 οὐκ
1371 3525 1700 3597 ἐξικνοῦνται
1723 3531 1792 3601 τῇ
1826 3525 2042 3600 διανοίᾳ

467 3614 480 3632 ς
615 3613 629 3632 κ
686 3612 699 3632 7
770 3615 820 3632 -n
997 3612 1068 3632 ,με
1153 3617 1176 3632 ν
1251 3615 1262 3632 ι
1554 3616 1600 3632 ι..
1814 3621 1839 3631 -
1948 3615 2012 3632 -.ι

2156 3530 2437 3586 nimirum
2463 3530 2500 3584 ii
2525 3530 2624 3601 qui
2652 3530 2828 3600 hujus
2849 3533 3078 3584 tantum
3103 3529 3232 3584 vitae
3258 3527 3540 3583 rationem
3560 3526 3796 3594 habent,

384 3614 520 3687 πρὸς
571 3613 638 3667 τὰ
683 3612 904 3682 ἐκεῖθεν,
956 3612 1079 3669 οὐδὲ
1127 3615 1262 3670 εἷναί
1290 3636 1407 3670 τινα
1436 3616 1743 3688 νομίζουσι,
1774 3621 1881 3670 τῶν
1912 3615 2042 3690 τῇδε

389 3697 742 3778 βεϐιωμένων
795 3701 1062 3778 λογισμὸν
1107 3706 1222 3776 (73)
1261 3703 1350 3759 καὶ
1382 3702 1646 3760 ἀντίδοσιν
1682 3724 1695 3738 ’
1731 3704 1876 3761 ἀλλὰ
1908 3711 2037 3774 ζῶσι

389 3791 507 3865 βίον
573 3789 810 3866 ἀλόγων,
875 3791 939 3846 τὸ
997 3791 1134 3868 πρὸς
1191 3791 1398 3868 ἡμέραν
1463 3792 1551 3847 καί
1607 3792 1672 3848 τὸ
1729 3794 1898 3869 παρὸν
1957 3794 2038 3849 ἀεὶ

390 3876 752 3953 βιοτεύοντες,
822 3879 898 3933 ἐνὶ
966 3881 1164 3954 τούτῳ,
1228 3880 1295 3955 τῇ
1352 3881 1588 3945 ἐντεῦθεν
1651 3881 1894 3956 ῥᾳστώνῃ
1949 3903 2040 3955 με·

383 3972 636 4043 τροῦντες
686 3968 747 4022 τὸ
797 3966 1158 4041 εὐδαιμονεῖν,
1209 3969 1298 4023 καὶ
1345 3973 1424 4040 τῷ
1482 3967 1702 4041 ἐναντίῳ
1757 3969 1820 4024 τὸ
1876 3990 2038 4024 κακο-

385 4054 664 4128 δαιμονεῖν
696 4062 814 4119 τοῖς
846 4057 1250 4112 ἀντιπίπτουσιν
1280 4076 1292 4090 ·
1342 4056 1464 4130 ἐμοὶ
1511 4054 1568 4112 δὲ
1615 4057 1784 4113 πλέον
1819 4060 2035 4134 θρηνεῖν

383 4145 583 4206 αὐτοὺς
637 4144 808 4200 ἔπεισι
861 4151 968 4201 τῶν
1029 4145 1224 4210 ἐκεῖθεν
1290 4145 1559 4222 βασάνων,
1605 4145 1694 4201 καὶ
1750 4154 1852 4216 τῆς
1907 4147 2039 4201 ἀπο-

380 4235 642 4308 κειμένης
698 4241 815 4306 ⁴τοῖς
870 4241 1140 4312 πονηροῖς
1193 4233 1492 4297 κολάσεως.
1545 4235 1644 4290 Καὶ
1702 4234 1854 4290 οὕπω
1895 4235 2038 4312 λέγω

381 4325 446 4378 τὸ
479 4325 753 4400 μέγιστον,
785 4325 914 4380 αὐτὸ
945 4326 1006 4380 τὸ
1054 4325 1348 4398 ἐξωσθῆναι
1392 4329 1550 4395 Θεοῦ,
1588 4322 1824 4396 πηλίκον
1853 4325 2039 4388 αὐτοῖς

383 4412 462 4476 εἷς
492 4412 741 4470 κόλασιν.

456 4709 568 4798 (Βὶξ)
598 4708 703 4798 Τῂν
733 4705 1064 4798 impingier.
1107 4708 1360 4798 §icrocto
1395 4709 1811 4782 Reg.,quatuor
1841 4711 2024 4778 Colb.,
2057 4733 2102 4798 D

377 4777 567 4853 01".],
601 4785 709 4836 etc.
736 4777 844 4853 Ed.
876 4777 972 4848 τῆς
1004 4777 1328 4853 ἐμπληξίας,

458 4852 570 4924 (84)
603 4849 897 4927 Βασιλέως.
930 4849 1043 4909 δεδι
1069 4849 1248 4927 Regg.
1281 4852 1521 4927 aliique
1547 4853 1838 4922 nonnulli,
1875 4854 2025 4927 βασι-

376 4921 725 4996 λέων,’ᾳιιοᾶ
754 4927 1034 4996 majorem
1069 4921 1624 4996 emphasim'habet.

454 4993 658 5068 (85)"9.
687 5001 786 5063 τῆς
817 4993 1083 5068 η’μετὲρας
1113 4993 1302 5068 κακίας
1330 4995 1341 5049 l
1377 4995 1586 5068 «(Proh
1637 4995 1857 5056 malum
1890 5013 2027 5052 nos-

372 5073 540 5123 trum
567 5066 580 5121 l
616 5089 644 5116 »
671 5068 726 5121 id
759 5074 847 5124 est
863 5066 882 5122 ”;
911 5091 937 5117 «
969 5066 1176 5123 Nostro
1197 5067 1335 5122 vitio
1357 5067 1623 5122 etfectum
1649 5072 1828 5135 est,ul
1848 5069 2031 5124 Cons-

374 5139 610 5265 tantiﬁis
641 5144 772 5264 atnte
803 5147 1146 5209 moreretur,
1180 5155 1357 5210 quam
1377 5137 1684 5194 Julianum
1717 5139 1941 5196 vincert
1963 5157 2032 5196 ac

374 5227 516 5265 rene
565 5227 662 5265 ere
693 5253 706 5265 .
743 5233 771 5259 »

373 5214 706 5266 repelleret.
743 5233 771 5259 »

447 5227 807 5348 ῗὲύῗῖιῗλλῖὶ,
844 5287 952 5337 etc.
983 5281 1124 5338 Vult
1155 5281 1248 5336 hic
1281 5279 1596 5353 Gregorius
1618 5280 2028 5353 Constantium

379 5354 735 5410 morientem
767 5370 885 5409 suae
907 5353 1211 5409 Julianum
1245 5351 1622 5422 benignitatis
1666 5351 2026 5423 pcenituisse.

374 5426 730 5480 Ammianus
758 5442 892 5480 vero
924 5425 1126 5480 scribit
1146 5441 1280 5481 eum
1299 5424 1578 5480 statuisse
1613 5445 1640 5473 κ
1655 5439 1794 5479 voce
1814 5439 2021 5494 supre-

377 5513 480 5551 ma
509 5504 569 5552 et
596 5496 822 5569 integro
846 5501 1118 5565 sensu,ut
1148 5514 1292 5552 suus
1322 5500 1477 5552 esset
1505 5509 1814 5569 successor
1843 5493 2028 5569 Juliaf

379 5584 582 5641 nus,»
615 5566 868 5641 Uterque
900 5569 1096 5624 forsan
1129 5573 1219 5625 est
1265 5584 1456 5624 verax.
1512 5566 1766 5641 Promoti
1811 5567 2027 5641 Juliani

378 5638 665 5712 paenitere
696 5638 888 5712 potuit
917 5641 1600 5710 Constantium,eumque
1630 5640 1822 5712 reipsa
1853 5639 2031 5712 paeni-

380 5711 572 5770 tuisse
601 5711 944 5785 argumento
974 5717 1063 5772 est
1092 5720 1366 5785 suscepta
1402 5715 1604 5771 contra
1631 5711 1768 5769 eum
1795 5711 2028 5784 expedi-

2157 3636 2259 3674 nec
2310 3620 2381 3674 ad
2442 3620 2640 3675 futura
2697 3617 2992 3691 supplicia
3042 3623 3236 3674 mente
3313 3619 3639 3689 penetrant,
3693 3629 3797 3670 nec

2150 3708 2328 3763 ullam
2357 3724 2552 3764 rerum
2576 3708 2636 3763 in
2660 3708 2766 3763 hac
2784 3708 2899 3763 vita
2925 3711 3224 3780 gestarum
3250 3705 3607 3761 reddendam
3621 3702 3795 3758 ratio-

2148 3813 2283 3852 nem
2315 3800 2488 3868 atque
2521 3797 2846 3852 mercedem
2881 3797 3000 3852 fore
3029 3795 3390 3851 arbitrantur
3423 3819 3436 3861 ;
3470 3793 3570 3849 sed
3599 3792 3798 3846 bruto-

2150 3901 2279 3939 rum
2309 3883 2701 3939 animantium
2752 3885 2866 3939 ritu
2902 3885 2958 3938 in
3013 3884 3168 3939 diem
3219 3887 3394 3954 atque
3447 3881 3506 3936 in
3539 3895 3795 3952 presens

2149 3989 2381 4043 semper
2411 3974 2630 4040 vivunt,
2665 3989 2730 4029 ac
2779 3974 2904 4028 sola
2953 3973 3134 4043 hujus
3188 3971 3319 4027 vitae
3368 3967 3796 4041 tranquillitate

2149 4062 2568 4117 beatitudinem
2602 4062 2944 4128 metiuntur,
2962 4066 3276 4132 contraque
3307 4058 3566 4114 adversis
3599 4073 3793 4113 rerum

2149 4149 2384 4207 casibus
2414 4150 2816 4206 infelicitatem
2857 4149 3162 4205 deﬁniunt.
3211 4148 3350 4204 Mihi
3395 4163 3526 4203 vero
3557 4146 3793 4220 gravius

2149 4256 2247 4297 eos
2276 4238 2474 4312 lugere
2503 4239 2664 4296 subit
2693 4240 2767 4294 ob
2798 4239 3096 4311 sequentis
3119 4238 3243 4294 vita:
3275 4236 3792 4307 cruciatus,eaque

2149 4346 2276 4400 quae
2332 4328 2630 4400 improbos
2679 4333 2735 4383 et
2792 4327 3100 4383 sceleratos
3159 4331 3419 4396 manent,
3479 4322 3789 4397 supplicia.

2147 4417 2419 4473 Nondum
2452 4416 2608 4472 enim
2642 4417 2797 4488 quod
2830 4416 3151 4472 maximum
3183 4420 3272 4472 est
3292 4415 3659 4485 dieo,nempe
3680 4412 3790 4468 hoc

2148 4507 2408 4579 ipsum,a
2423 4505 2538 4562 Deo
2561 4505 2899 4579 ejici,quam
2922 4506 3068 4561 dura
3088 4508 3146 4561 et
3167 4505 3373 4561 acerba
3392 4502 3509 4560 illis
3528 4519 3695 4575 poena
3715 4501 3793 4558 sit

2135 4712 2235 4767 tio.
2271 4712 2427 4767 Idem
2462 4712 2649 4782 potuit
2681 4712 3066 4768 nihilominus
3096 4710 3416 4784 imperium,
3439 4707 3671 4764 Iuliano
3703 4724 3791 4763 as-

2137 4784 2512 4854 serere,quod
2536 4784 2654 4852 jam
2689 4785 2916 4839 auferre
2947 4801 3061 4840 non
3093 4782 3340 4852 valebat,
3361 4782 3541 4852 idque
3564 4785 3630 4836 ut
3662 4784 3788 4835 tum

2136 4853 2387 4926 publicae
2415 4854 2980 4926 tranquillitati,tum
3013 4853 3368 4927 imperatrici
3403 4853 3698 4909 Faustine
3722 4856 3781 4906 et

2143 4925 2380 4993 fructui,
2414 4942 2530 4998 quo
2561 4925 2800 4998 gravida
2829 4933 2972 4993 erat,
3007 4925 3351 4982 consuleret.

2212 4999 2324 5070 (87)
2357 4995 2453 5050 Διᾶ
2500 4995 2601 5070 τῆς
2649 4997 2849 5069 ὁρμῆς,
2882 5021 2908 5047 ››
2943 5004 3018 5053 Ex
3069 5000 3193 5068 ipsa
3242 4995 3604 5069 egressione,
3655 5011 3786 5051 sus-

2140 5076 2307 5141 cepta
2340 5069 2576 5141 pietatis
2608 5086 2787 5124 causa
2817 5071 3204 5141 expeditione,
3241 5092 3266 5118 ››
3299 5074 3408 5141 etc.

2232 5137 2498 5210 88)"tz8s
2528 5137 2603 5194 δέ.
2639 5141 2807 5196 Deest
2840 5137 2984 5196 85in
3019 5140 3221 5195 multis
3253 5140 3422 5194 codd.

2232 5209 2683 5286 89)_T_e).suw£wv
2719 5212 2917 5286 πάσχω
2947 5211 3031 5286 τά.
3067 5213 3162 5286 Sic
3193 5210 3385 5286 plures
3423 5209 3785 5282 mss.Regg.;

2138 5283 2219 5339 sic
2250 5283 2422 5339 Cois].
2455 5289 2511 5338 et
2546 5285 2700 5340 Pass.
2728 5303 2740 5351 ;
2775 5283 2869 5340 sic
2890 5285 3063 5339 etiam
3095 5284 3298 5354 legunt
3349 5283 3479 5338 Sav.
3527 5286 3585 5337 et
3626 5286 3790 5337 Com-

2140 5355 2250 5410 bef.
2287 5357 2460 5427 Deest
2492 5355 2688 5427 πάσχω
2724 5357 2779 5410 in
2811 5357 2901 5411 ed.

2209 5429 2320 5501 (90)
2352 5424 2804 5501 K1§._Sic'ltegg.
2858 5430 3084 5497 septem
3140 5442 3240 5497 pro
3298 5424 3357 5492 ἢ,
3410 5425 3566 5496 quod
3614 5438 3786 5496 prave

2137 5496 2355 5553 habent
2383 5498 2545 5553 editi.

2211 5571 2322 5639 (91)
2349 5570 2683 5638 Καθάρσεως.
2717 5569 2986 5640 Plerique
3016 5567 3185 5640 codd,
3217 5564 3594 5640 καθαιρέσεως.

2212 5635 2325 5712 (92.)
2359 5635 2672 5713 Νομίζεται.
2707 5635 3139 5708 Montfscribit,
3172 5635 3462 5712 λογίζεται.

2209 5711 2321 5786 (93)
2350 5711 2650 5788 Λογισμόν.
2681 5713 2912 5782 Billiua,
2949 5736 2970 5765 α
3007 5711 3337 5769 censuram.
3363 5731 3392 5759 »
