4202 6212
367 359 487 426 377

1355 355 1646 424 ORATIO
1695 353 1796 424 ιν.
1832 395 1908 406 -
1939 357 2249 423 CONTRA
2292 353 2690 423 JULIANUM
2735 357 2782 421 Ι.

3667 371 3785 431 578

373 495 560 564 στήσω
587 497 702 554 τοῖς
735 488 972 568 λέγουσι.
1007 491 1101 546 Καὶ
1133 492 1235 567 γὰρ
1283 491 1443 554 αὐτος
1493 494 1570 566 (5)
1618 490 2016 564 ταλαντεύομαι
2049 525 2064 560 λ

2174 491 2399 548 mnium
2430 509 2696 549 sermone
2727 493 3073 562 celebratur,
3099 495 3398 566 mandare,
3432 515 3504 553 an
3537 515 3782 556 narran-

373 584 475 650 τὴν
526 583 777 657 γνώμην,
830 580 917 636 καὶ
969 581 1068 636 οὐκ
1106 580 1222 658 ἔχω
1253 580 1561 657 ὁποτέρωσε
1597 583 1672 654 (6)
1703 580 1894 652 νεύσω,
1932 601 2030 652 με-

383 671 665 746 μιγμένων
723 675 828 724 τῶν
893 668 1113 732 δικαίως
1169 671 1227 724 ἃν
1303 671 1690 726 πιστευθὲντων
1760 674 1876 731 τοῖς
1935 669 2034 723 οὐκ

380 760 554 830 ἀξίοις
587 759 838 821 πίστεως·
870 761 932 814 τὸ
967 760 1060 833 μὲν
1094 760 1196 834 γὰρ
1229 759 1562 832 ἐπισημῆναί
1603 781 1654 812 τι
1688 763 1753 832 τῇ
1801 757 2034 830 τοσαύτῃ

377 853 479 904 τοῦ
537 853 705 903 κακοῦ
762 847 1085 921 καινοτομίᾳ
1131 848 1220 903 καὶ
1276 843 1556 919 δυσσεϐείᾳ
1608 852 1716 902 τῶν
1773 847 1871 902 οὐκ
1908 847 2033 900 ἆπί-

383 959 524 992 στων
556 939 658 1012 (7),
691 935 836 992 ἀλλᾶ
864 937 953 992 καὶ
985 935 1254 1000 πολλάκις
1283 935 1390 1008 ἤδη
1434 932 1858 1010 συμϐεϐηκότων
1913 935 2035 1010 περὶ

376 1029 477 1090 τὰς
531 1025 779 1104 μεγίστας
831 1021 1176 1101 μεταϐολάςο
1222 1027 1284 1081 τὸ
1337 1025 1394 1081 δὲ
1439 1027 1528 1081 καὶ
1561 1029 1636 1100 (8)
1686 1026 1775 1080 τὸν
1834 1024 2033 1100 τρόπον

381 1122 577 1171 τοῦτον
629 1113 835 1194 σφόδρα
875 1115 1000 1190 ἐμοὶ
1045 1121 1174 1193 γοῦν
1221 1115 1498 1188 θαύματος
1553 1112 1719 1185 ἄξιον,
1769 1115 1858 1169 καὶ
1908 1119 2039 1168 πᾶσι

383 1211 504 1267 τοῖς
554 1209 801 1278 καθαρῶς
846 1201 1146 1276 δηλοῦσθαι
1193 1206 1262 1260 τὰ
1311 1204 1520 1279 καθαρὰ
1573 1201 1934 1280 βουλομένοις
1982 1223 2042 1257 τε

387 1293 480 1348 καὶ
511 1293 815 1366 νομίζουσι.

2143 581 2297 637 tibus
2340 582 2511 637 tidem
2565 583 2844 654 abrogare
2888 584 3152 639 debeam.
3187 585 3416 640 Etenim
3466 587 3588 659 ipse
3620 589 3784 645 dubii

2141 675 2318 742 atque
2361 670 2629 742 ancipitis
2675 688 2807 727 sum
2841 673 3042 740 animi,
3077 689 3183 729 nec
3236 679 3424 729 utram
3460 675 3513 730 in
3556 683 3785 748 partem
3853 737 3856 740 .

2143 759 2560 830 propendeam,
2609 759 2814 830 habeo,
2851 765 3048 832 utpote
3099 762 3292 818 mistis
3324 762 3395 818 iis
3444 781 3570 834 qua:
3611 767 3786 822 ﬁdem

2144 846 2352 903 mereri
2403 852 2638 918 queant,
2674 865 2807 903 cum
2855 849 2926 904 iis
2958 867 3085 920 quae
3117 852 3230 906 fide
3273 869 3467 908 carere
3497 853 3786 912 videnlur.

2144 937 2288 992 Nam
2319 935 2472 1008 quod
2505 941 2621 992 tam
2656 953 2800 991 novo
2827 943 3004 1009 atque
3047 939 3326 996 inusitato
3358 942 3558 998 sceleri
3591 949 3646 1000 et
3677 945 3788 1001 im-

2146 1024 2346 1098 pietati
2395 1025 2631 1096 signum
2689 1025 2920 1097 aliquod
2976 1031 3030 1082 et
3075 1033 3409 1100 portentum
3461 1035 3791 1103 accesserit,

2147 1114 2257 1170 hoc
2289 1131 2402 1169 non
2452 1115 2622 1169 modo
2671 1132 2704 1170 a
2733 1131 2864 1170 vero
2896 1132 3011 1171 non
3061 1117 3355 1188 abhorret,
3385 1122 3486 1176 sed
3536 1139 3791 1196 persaepe

2142 1205 2269 1275 jam
2300 1203 2359 1259 in
2393 1203 2665 1260 maximis
2687 1203 3115 1261 mutationibus
3145 1207 3374 1263 accidit.
3400 1209 3561 1272 Quod
3595 1218 3790 1269 autem

2153 1293 2224 1349 ad
2256 1292 2412 1348 hunc
2435 1294 2670 1349 modum
2698 1293 2754 1348 id
2775 1294 3106 1366 contigerit,
3128 1295 3179 1350 id
3209 1313 3338 1352 vero
3364 1302 3453 1353 est
3480 1301 3635 1370 quod
3660 1301 3806 1358 mihi

387 1385 628 1457 quidem
662 1384 1050 1440 admiratione
1081 1402 1215 1441 cum
1247 1384 1455 1457 primis
1501 1385 1746 1456 dignum
1777 1383 2026 1450 videtur,
2058 1386 2234 1454 atque
2283 1381 2578 1452 omnibus,
2613 1383 2712 1454 qui
2747 1398 2837 1437 res
2869 1400 3046 1453 puras
3093 1401 3236 1455 pure
3269 1385 3550 1442 declarari
3579 1389 3806 1457 volunt,

395 1491 465 1529 ac
496 1472 881 1529 declarandas
910 1474 1269 1532 existimant.

471 1561 588 1616 NA'.
612 1561 682 1614 Τὸ
715 1558 761 1614 δ’
817 1558 908 1614 οὖν
940 1559 1260 1636 λεγόμενον,
1294 1559 1376 1615 ὅτί
1405 1560 1650 1632 θυομὲνῳ
1679 1559 1745 1614 τὰ
1766 1557 2055 1634 σπλάγχνα

397 1649 489 1702 τὸν
546 1649 769 1723 σταυρὸν
815 1646 1149 1704 ἀναδείκνυσι
1193 1648 1648 1727 στεφανούμενον,
1709 1647 1738 1702 ὅ
1785 1652 1900 1709 τοῖς
1958 1646 2052 1718 μὲν

402 1735 603 1800 ἄλλοις
637 1737 832 1815 φρίκην
864 1738 1125 1814 παρέσχε,
1174 1738 1262 1793 καὶ
1312 1738 1565 1813 ἀγωνίαν,
1607 1735 1696 1792 καί
1722 1742 1821 1792 τοῦ
1852 1737 2050 1810 ἡμετε-

402 1846 502 1902 ρου
556 1828 784 1902 κράτους
843 1826 1186 1897 συναίσθησιν
1238 1828 1315 1900 (9)
1350 1845 1362 1857 °
1418 1831 1496 1898 τῷ
1523 1824 1579 1881 δὶ
1610 1823 1924 1897 διδασκάλῳ
1954 1827 2053 1893 τῆς

403 1910 648 1977 ἀσεϐείας
716 1916 806 1970 καὶ
885 1917 1078 1992 θάρσος
1155 1913 1330 1989 δῆθεν,
1398 1915 1473 1977 ὡς
1540 1915 2056 1991 περιγεγραμμὲνων

401 2008 566 2078 ἡμῶν
615 2005 705 2060 καὶ
751 2003 1146 2081 συνειργμὲνων
1201 2008 1336 2077 (10)’
1397 2003 1540 2058 οὕτω
1571 2003 1674 2079 γὰρ
1702 2005 1793 2058 τὸν
1829 2003 2055 2076 σταυρὸν

403 2095 495 2149 καὶ
539 2094 630 2149 τὸν
678 2093 878 2150 κύκλον
927 2091 1338 2170 παρεσχεδιάσε.
1380 2098 1549 2148 Τοῦτο
1612 2093 1705 2166 μὶν
1740 2089 1805 2161 δὴ
1835 2092 1897 2146 τὸ
1929 2091 2057 2164 ἐμὸν

404 2185 622 2255 θαῦμαο
681 2183 772 2237 καὶ
831 2182 876 2238 εἷ
936 2185 1030 2256 μὲν
1076 2180 1289 2256 ψευδὲς,
1338 2179 1496 2258 αὖραι
1553 2181 1797 2259 φέροιεν·
1882 2180 1927 2234 εἶ
2005 2177 2062 2234 δὲ

408 2269 635 2341 ἀληθὲς,
691 2269 856 2326 πάλιν
911 2270 1138 2344 Βαλαάμ
1210 2270 1564 2347 προφηυεύει,
1639 2271 1729 2323 καὶ
1795 2267 2061 2341 Σαμουὴλ

411 2356 648 2431 ἕλκεται,
697 2360 731 2429 ἣ
779 2357 928 2414 δοκεῖ
975 2363 1110 2433 (Η),
1161 2357 1229 2414 δι’
1258 2357 1709 2435 ἐγγαστριμύθου,
1743 2357 1829 2412 καὶ
1864 2355 2064 2430 δαίμο-

409 2471 492 2511 νες
549 2447 884 2524 ὁμολογοῦσι
938 2450 1028 2505 τὸν
1106 2451 1314 2519 Ἰησοῦν
1373 2448 1610 2515 ἄκοντες,
1669 2447 1757 2503 καὶ
1817 2445 1904 2501 διὰ
1959 2451 2065 2501 τῶν

413 2537 692 2609 ἐναντίων,
728 2535 821 2592 ’ίνα
879 2537 967 2592 καὶ
1012 2538 1122 2612 (12)
1169 2539 1428 2611 πιστευθῇ
1482 2535 1715 2610 μᾶλλον,
1769 2538 1804 2605 ἡ
1837 2535 2067 2605 ἀλήθεια

417 2625 684 2682 δείκνυται
711 2645 723 2658 ’
781 2627 950 2702 τυχὸν
998 2629 1109 2701 (13)
1140 2627 1386 2682 κάκεῖνον
1433 2625 1783 2701 ἐπισχεθῆναι
1815 2631 1914 2693 τῆς
1944 2624 2063 2678 ἀσε-

416 2710 568 2778 ϐείας
616 2714 705 2770 διά
747 2715 954 2771 τούτων
1005 2715 1388 2792 ἐπρυτανεύετο
1413 2733 1426 2746 '
1470 2712 1683 2776 πολλὰς
1711 2713 1810 2790 γὰρ
1842 2712 1930 2767 καὶ
1962 2733 2064 2767 πα-

415 2802 674 2881 ραδόξους
726 2803 885 2868 ὁδοὺς
929 2804 1201 2880 σωτηρίας
1254 2803 1367 2860 οἶδε
1415 2805 1474 2859 τὸ
1516 2810 1668 2860 Θεῖον
1700 2808 2064 2874 καινοτομεῖν,

410 2898 564 2948 νεῦον
591 2895 728 2968 πρὸς
774 2891 836 2949 τὸ
885 2893 1264 2971 φιλάνθρωπον
1294 2914 1305 2926 ο
1339 2892 1369 2948 ὅ
1400 2891 1458 2948 δὲ
1499 2891 1711 2968 λέγεται
1744 2892 1846 2947 ὑπὸ
1876 2889 2066 2946 πλειό-

409 3005 541 3050 νων,
574 2983 666 3038 καὶ
697 2980 963 3039 πίστεύειν
999 2982 1098 3038 οὐκ
1126 2983 1233 3038 ἀπὸ
1264 2982 1474 3057 τρόπου
1506 2984 1640 3053 (14).

2237 1558 2373 1615 LIV.
2407 1559 2622 1614 Ferunt
2655 1558 2850 1631 igitur,
2883 1576 3015 1615 cum
3069 1562 3192 1633 ipse
3233 1567 3510 1632 sacraret,
3549 1565 3810 1624 victima—

2082 1669 2130 1734 B
2165 1664 2295 1702 rum
2328 1652 2456 1702 exta
2505 1653 2838 1703 coronatam
2871 1666 3099 1705 crucem
3151 1651 3498 1708 ostendisse.
3536 1656 3670 1720 Qua:
3720 1673 3813 1712 res

2165 1735 2310 1792 alios
2344 1735 2580 1808 quidem
2605 1737 2841 1792 horrore
2872 1744 3045 1809 atque
3076 1739 3362 1795 anxietate
3383 1742 3659 1812 perfudit,
3677 1744 3812 1799 effe-

2164 1826 2356 1897 citque
2389 1831 2453 1881 ut
2481 1825 2800 1897 potentiam
2846 1831 3106 1882 nostram
3152 1836 3535 1898 agnoscerent
3564 1847 3577 1887 :
3612 1837 3670 1887 at
3700 1833 3815 1888 im-

2166 1914 2399 1985 pietatis
2415 1914 2694 1986 magistro
2710 1915 2973 1969 animum
2998 1915 3259 1972 videlicet
3275 1919 3518 1986 addidit,
3535 1925 3816 1993 tanquam

2167 2002 2590 2075 circumscripti
2651 2007 2829 2075 atque
2888 2004 3143 2076 undique
3208 2007 3470 2064 conclusi
3527 2025 3816 2067 essemus.

2176 2092 2322 2148 l02
2369 2091 2462 2148 Sic
2511 2091 2664 2148 enim
2719 2108 2951 2147 erucem
3002 2098 3059 2148 et
3105 2095 3391 2152 circulum
3437 2114 3506 2153 ex
3556 2104 3819 2172 tempore

2172 2179 2586 2252 interpretatus
2617 2185 2723 2236 est.
2756 2185 2945 2252 Atque
2994 2181 3103 2237 hoc
3135 2201 3274 2238 sane
3305 2190 3412 2252 est,
3451 2189 3606 2258 quod
3641 2189 3819 2244 mira-

2173 2269 2287 2325 culi
2326 2270 2515 2325 instar
2565 2269 2770 2326 habeo.
2825 2271 2986 2336 Quod
3028 2271 3077 2326 si
3129 2272 3341 2328 falsum
3392 2281 3499 2345 est,
3533 2276 3590 2330 in
3644 2294 3819 2334 auras

2175 2358 2345 2414 abeat
2376 2375 2390 2413 :
2426 2357 2476 2415 si
2518 2364 2713 2414 autem
2762 2376 2984 2427 verum,
3015 2378 3221 2416 rursus
3273 2362 3503 2418 Balaam
3539 2366 3821 2423 vaticina-

2173 2451 2271 2502 tur
2300 2448 2364 2515 3°,
2396 2452 2453 2503 et
2504 2447 2738 2503 Samuel
2780 2465 2883 2518 per
2927 2449 3354 2522 ventriloquam
3405 2451 3681 2521 trahitur,
3717 2460 3820 2512 aut

2174 2535 2327 2591 trahi
2358 2535 2588 2591 videtur
2608 2537 2677 2604 Ἤ,
2712 2542 2768 2593 et
2789 2539 3080 2593 daemones
3110 2541 3309 2594 Jesum
3343 2541 3505 2596 inviti
3537 2544 3821 2600 confiten-

2176 2630 2272 2680 tur
2289 2626 2354 2695 ”,
2387 2643 2452 2680 ac
2482 2643 2585 2697 per
2614 2629 2922 2695 contraria,
2947 2645 3062 2700 quo
3095 2628 3226 2700 plus
3262 2630 3390 2685 tidei
3418 2637 3592 2703 atque
3622 2637 3822 2688 aucto-

2177 2714 2367 2770 ritatis
2417 2714 2645 2784 habeat,
2691 2717 2900 2772 veritas
2952 2718 3404 2774 demonstratur.
3454 2721 3530 2775 Ae
3578 2721 3824 2778 fortasse

2178 2802 2270 2858 his
2301 2803 2474 2858 rebus
2505 2804 2564 2858 id
2595 2805 2806 2877 agebat
2838 2807 3220 2876 providentia,
3255 2813 3320 2862 ut
3359 2807 3520 2864 illius
3552 2809 3822 2881 impieta-

2178 2897 2295 2948 tem
2327 2899 2740 2964 compesceret.
2777 2894 2990 2951 Multas
3015 2896 3169 2951 enim
3194 2903 3251 2952 et
3282 2898 3580 2955 mirabiles
3609 2900 3824 2957 salutis

2179 2982 2274 3036 via
2308 2987 2458 3037 Deus
2487 2981 2777 3039 inusitato
2812 2985 2983 3040 modo
3014 2986 3238 3056 aperire
3275 2987 3448 3055 novit,
3485 2989 3556 3043 ad
3608 2988 3824 3046 huma-

412 3074 658 3130 nitatem
690 3080 746 3130 et
777 3074 1237 3130 misericordiam
1270 3073 1657 3146 propendens.
1690 3073 1850 3138 Quod
1883 3077 2077 3127 autem
2109 3087 2143 3126 a
2189 3069 2460 3142 pluribus
2490 3078 3004 3140 commemoratur,
3039 3091 3142 3130 nec
3173 3092 3206 3130 a
3258 3075 3369 3132 fide
3399 3075 3658 3134 alienum
3703 3084 3815 3148 est,

416 3163 680 3220 oratione
705 3180 1044 3235 persequar.

490 3256 610 3306 NE'.
646 3250 842 3324 Κατῄει
879 3252 974 3323 μὲν
1024 3247 1101 3313 εἷ¹ς
1148 3272 1201 3306 τι
1229 3253 1339 3305 τῶν
1381 3247 1588 3305 ἀδύτων
1621 3253 1728 3304 τῶν
1756 3253 1870 3311 τοῖς
1929 3246 2064 3303 πολ-

2253 3249 2363 3305 ΙΝ.
2429 3250 2823 3306 Descendebat
2875 3251 2933 3306 in
2992 3255 3286 3325 quoddam
3345 3256 3583 3329 adytum
3647 3258 3826 3333 vulgo

425 3339 548 3402 λοίς
601 3335 814 3394 ἀϐάτων
869 3340 959 3395 καὶ
1018 3335 1264 3418 φοϐερῶν
1310 3340 1408 3414 (ὡς
1458 3338 1668 3417 ὤφελόν
1717 3359 1779 3413 γε
1829 3340 1938 3412 (15)
1984 3335 2074 3391 καὶ

421 3430 524 3498 τήν
599 3429 677 3490 εἷς
746 3425 876 3498 ᾅδου
952 3428 1236 3506 φέρουσαν,
1313 3427 1437 3504 πρὶν
1517 3428 1591 3490 εἰς
1665 3431 1887 3482 τοιαῦτα
1937 3427 2076 3481 κακὰ

425 3516 757 3592 προελθεῖν),
811 3518 1190 3594 συμπαρόντος
1237 3516 1383 3590 αύτῷ
1437 3518 1527 3572 καὶ
1573 3521 1670 3572 τοῦ
1698 3513 1922 3571 πολλῶν
1953 3512 2077 3570 ἀδύ-

426 3629 536 3663 των
587 3607 756 3680 ἆξίου,
811 3611 908 3662 τοῦ
957 3611 1125 3682 σοφοῦ
1178 3607 1245 3661 τὰ
1289 3610 1530 3678 τοιαῦτα,
1580 3604 1752 3660 εἰτουν
1803 3607 1913 3678 (16)
1981 3624 2077 3658 σο-

429 3699 652 3771 φιστοῦ·
688 3692 797 3748 ἔστι
846 3695 946 3770 γὰρ
981 3691 1045 3763 δὴ
1079 3694 1168 3748 καὶ
1192 3691 1352 3748 τουτο
1406 3691 1546 3755 εἶδος
1579 3693 1827 3766 μαντείας
1867 3692 2073 3764 αὐτοῖς,

436 3784 545 3856 ζόῳ
600 3783 704 3838 τινὶ
735 3783 823 3838 καὶ
858 3782 1211 3858 ὑποχθονίοις
1239 3779 1464 3855 δαίμοσι
1501 3781 1626 3856 περὶ
1671 3787 1779 3837 τῶν
1842 3779 2075 3855 μελλόν-

429 3893 538 3929 των
589 3872 960 3949 συγγίνεσθαι’
1020 3869 1127 3927 εἱίτε
1179 3871 1255 3934 ὡς
1299 3871 1476 3944 σκότῳ
1522 3869 1778 3947 χαίρουσι
1838 3868 2074 3945 μᾶλλον,

430 3962 546 4018 ἐπεὶ
602 3961 690 4016 καὶ
749 3960 851 4016 εἶσὶ
900 3955 1113 4028 σκότος,
1161 3961 1250 4016 καὶ
1299 3960 1523 4022 σκότους
1593 3957 1930 4036 δημιουργοὶ
1973 3965 2075 4028 τῆς

428 4050 617 4112 κακίας
642 4069 655 4081 °
690 4045 796 4105 εἴτε
825 4049 897 4112 ὡς
931 4049 1187 4128 φεύγουσι
1223 4050 1318 4111 τὰς
1365 4047 1638 4122 ἐπιμιξίας
1685 4053 1792 4103 τῶν
1845 4043 2077 4103 εὐσεϐῶν

432 4140 567 4211 ὑπὲρ
610 4146 714 4214 γῆς
761 4140 895 4212 (17),
941 4138 1031 4193 καὶ
1081 4135 1171 4192 διὰ
1214 4137 1410 4200 ταύτας
1449 4135 1877 4214 ἀσθενεστέροιςο
1911 4138 1984 4200 ὡς
2021 4134 2078 4192 δὲ

431 4228 692 4306 προϊόντα
749 4230 863 4301 (18)
918 4228 1008 4282 τὸν
1066 4225 1318 4302 γεννάδαν
1377 4221 1714 4301 προσϐάλλει
1764 4227 1832 4281 τά
1887 4223 2077 4299 δείμα-

429 4339 497 4372 τα
529 4321 665 4390 (19),
697 4317 784 4371 καὶ
834 4316 914 4371 ἀεὶ
963 4315 1137 4371 πλείω
1183 4317 1272 4371 καὶ
1316 4311 1681 4394 φοϐερώτερα,
1723 4314 1901 4392 ἤχους
1928 4314 2077 4378 τινάς

430 4427 589 4483 φασιν
643 4407 826 4477 ἀήθεις
881 4407 1022 4479 (20),
1069 4406 1157 4459 καὶ
1207 4405 1378 4478 ὀδμὰς
1425 4409 1532 4459 τῶν
1583 4402 1785 4476 ἀηδῶν,
1833 4405 1920 4459 καὶ
1950 4425 2082 4476 πυρ-

432 4497 578 4569 αυγῆ
634 4493 905 4572 φάσματα,
962 4494 1052 4548 καὶ
1097 4493 1196 4548 οὐκ
1252 4491 1353 4548 οἶδ’
1401 4493 1644 4554 οὕστινας
1718 4492 1914 4556 ὕθλους
1988 4494 2079 4549 καὶ

506 4595 552 4629 ³ο
575 4595 746 4650 Num.
779 4611 917 4660 XXII,
947 4596 1001 4648 7.
1077 4593 1118 4628 ³¹
1152 4598 1175 4646 Ι
1206 4593 1344 4665 Reg.
1377 4609 1573 4663 xxvm,
1609 4594 1696 4648 12.

433 4764 642 4820 fuisse.
677 4765 779 4819 Hic
809 4764 987 4819 etiam
1039 4779 1273 4818 cernere
1303 4767 1414 4836 est,
1442 4778 1616 4836 quam
1649 4769 1819 4836 caute
1863 4769 2080 4836 Grego-

435 4837 654 4922 rius‘s'e
686 4837 1258 4922 gereretarebursque
1288 4833 1656 4922 m‘irisfidem
1688 4833 2008 4922 adhiberet;

510 4910 589 4979 (5)
619 4904 717 4980 Ka‘;
749 4907 851 4980 γὰρ
891 4904 1069 4980 αὐτός.
1102 4904 1195 4961 Sic
1224 4904 1504 4980 melioris
1537 4907 1943 4980 not_ae_codices
1977 4907 2081 4961 Re—

435 4974 669 5054 giilbmj
705 4974 836 5054 1,11",
870 4984 977 5033 etc.
1010 4978 1139 5054 Par.
1173 4977 1285 5054 ed.,
1323 4974 1416 5054 Καὶ
1448 4976 1550 5051 γάρ
1582 4975 1740 5054 αὐτὸς
1773 4977 1880 5032 καί.

513 5051 583 5122 (6)
615 5047 974 5123 Ὀποτέρωσε.
1010 5049 1185 5123 Regg.
1219 5045 1338 5123 bri),
1369 5047 1410 5116 1,
1446 5045 1830 5123 mnta-reptans.

507 5117 584 5193 (7)
616 5117 911 5193 Ἀπίστων.
940 5117 1159 5193 Regi,—
1187 5125 1253 5193 et
1273 5121 1434 5193 Pass.
1470 5117 1708 5193 addunt,
1741 5117 1900 5173 ἐστίν.

530 5189 587 5266 8)
615 5192 685 5246 Τὸ
725 5189 782 5247 δὲ
824 5190 940 5266 καί.⁵
973 5189 1140 5248 υᾶεεῐ
1167 5190 1253 5266 καί
1285 5191 1341 5246 in
1372 5189 1660 5266 pluribus.

530 5198 587 5266 8)
615 5198 685 5246 Τὸ
725 5198 782 5247 δὲ
824 5198 931 5246 καί.
973 5198 1140 5248 Deest
1167 5198 1253 5244 καί
1285 5198 1341 5246 in
1372 5198 1660 5264 pluribus.

507 5198 719 5338 (9)1‘03
777 5262 1048 5336 ἡμετέρου
1103 5262 1331 5338 κράτους
1397 5261 1763 5338 συναίσθησιν.
1802 5261 2081 5338 ⁸(Ἰερῐῑι-ὺθΐ.

435 5361 465 5389 α
499 5333 714 5394 nostris
769 5333 1009 5393 sensum
1061 5333 1331 5407 potentiae
1380 5351 1444 5389 ac
1493 5333 1744 5407 victoria
1798 5333 2082 5407 injecit.»

435 5410 558 5467 Hoc
588 5414 699 5476 est,
729 5407 980 5464 ominari
1028 5404 1181 5476 iecit,
1216 5407 1333 5462 fore
1383 5411 1446 5460 ut
1478 5422 1583 5476 res
1617 5404 2086 5460 Christianorum

435 5475 767 5539 crescerent
797 5479 1129 5549 Graecisque
1158 5475 1368 5533 ritibus
1395 5475 1725 5549 superiores
1755 5477 2082 5531 evaderent.

436 5554 602 5621 Quod
635 5552 872 5625 quidem
906 5547 1103 5625 narrat
1130 5550 1381 5625 Sonam"
1412 5547 1515 5603 lib.
1546 5565 1600 5616 v,
1634 5564 1682 5625 ο.
1716 5549 1770 5602 2.

512 5625 631 5698 (10)
650 5616 1085 5698 ’Συνειργμένωνε
1122 5621 1278 5677 Colb.
1297 5621 1368 5698 73,
1394 5616 1798 5698 συνῃρημένων.

512 5691 626 5772 (11)
657 5698 727 5751 ’Ἡ
759 5691 930 5751 δοκεῖ.
978 5717 1006 5746 ‹‹
1037 5692 1180 5750 Vere
1210 5697 1312 5750 aut
1342 5697 1690 5766 apparenter
1729 5693 2019 5749 evocatur.
2055 5710 2084 5741 »

2184 3337 2550 3396 inaccessum
2582 3344 2638 3394 et
2659 3339 3015 3396 horrendum
3047 3344 3567 3414 (quemadmodum
3601 3348 3827 3406 utinam

2185 3427 2244 3481 in
2258 3426 2551 3482 internum
2568 3444 2719 3500 quoq
2732 3429 3172 3502 ue,priusquam
3187 3432 3244 3486 in
3259 3432 3597 3505 hujusmodi
3611 3437 3831 3494 scelera

2185 3521 2592 3588 prorumperet
2615 3516 2653 3588 Ι)
2698 3518 2973 3574 comitem
3020 3535 3155 3574 eum
3205 3520 3448 3590 habens,
3480 3525 3576 3594 qui
3629 3525 3832 3582 multis

2186 3604 2376 3673 adytis
2399 3605 2614 3677 dignus
2632 3611 2774 3674 erat,
2798 3605 2906 3663 hoc
2937 3613 3046 3678 est,
3075 3602 3369 3666 hominem
3397 3611 3455 3666 in
3489 3612 3830 3685 hujusmodi

2184 3691 2360 3748 rebus
2392 3695 2714 3765 sapientem
2738 3701 2839 3750 aut
2867 3696 3141 3767 sophum.
3167 3698 3249 3753 vel
3275 3700 3469 3770 potius
3501 3702 3828 3774 saphistam

2185 3785 2242 3836 et
2261 3781 2660 3854 impostorem.
2686 3788 2832 3840 Nam
2862 3785 2970 3840 hoc
2991 3802 3220 3857 quoque
3238 3790 3388 3859 apud
3418 3789 3576 3861 ipsos
3601 3791 3825 3847 divina-

2185 3871 2362 3926 tionis
2411 3887 2596 3942 genus
2644 3877 2754 3942 est,
2789 3873 2940 3928 utin
2987 3874 3305 3946 caliginoso
3355 3878 3607 3948 quodam
3649 3896 3826 3952 specu

2186 3975 2321 4014 cum
2343 3961 2738 4016 subterraneis
2757 3961 3121 4017 daemonibus
3138 3963 3209 4018 ob
3227 3979 3319 4019 res
3341 3965 3567 4021 futuras
3584 3982 3829 4039 congre-

2187 4047 2425 4103 diantur
2457 4065 2469 4102 :
2506 4049 2628 4105 sive
2659 4049 2796 4120 quia
2824 4050 3082 4106 tenebris
3115 4051 3300 4124 magis
3340 4051 3730 4126 obiectantur,
3763 4061 3830 4114 ut

2188 4137 2287 4209 qui
2321 4137 2432 4208 ipsi
2462 4137 2712 4193 tenebrae
2753 4154 2986 4209 quoque
3017 4139 3155 4205 sint,
3187 4157 3254 4195 ac
3301 4143 3673 4199 tenebrarum
3706 4146 3831 4203 vitii

2189 4226 2480 4294 artiﬁces;
2515 4226 2632 4282 sive
2664 4228 2802 4298 quia
2830 4227 3060 4298 piorum
3094 4227 3423 4298 hominum,
3458 4231 3556 4302 qui
3586 4231 3645 4287 in
3678 4238 3833 4291 terra

2189 4322 2346 4382 sunt,
2383 4316 2718 4371 societatem
2751 4321 2805 4369 et
2835 4331 3215 4388 congressum
3247 4317 3500 4390 fugiunt,
3533 4338 3602 4376 ex
3629 4323 3833 4395 eisque

2188 4403 2538 4459 inﬁrmiores
2589 4405 2934 4460 redduntur.
2971 4405 3038 4461 Ut
3068 4411 3262 4461 autem
3312 4409 3608 4480 egregium
3644 4413 3831 4468 virum

2189 4494 2654 4567 progredientem
2679 4500 2924 4549 teri-ores
2947 4495 3160 4550 adoriri
3175 4504 3566 4568 cmperunt,ac
3584 4500 3837 4556 subinde

1771 4593 1816 4627 ³²
1846 4594 2019 4648 Marc.
2052 4610 2093 4658 ι,
2127 4594 2235 4661 34;
2273 4594 2408 4646 Luc.
2443 4607 2518 4658 iv,
2552 4592 2639 4645 41.

431 4696 648 4765 potest,
671 4693 822 4748 hanc
854 4691 1176 4765 orationem
1201 4707 1396 4746 coram
1425 4689 1640 4762 populo
1671 4691 1934 4747 habitam
1967 4708 2081 4747 non
2113 4695 2158 4758 D

2265 4686 2653 4761 (12)”Ἰνα-καῖ.
2689 4689 2859 4746 Deest
2891 4689 2977 4743 καί
3012 4693 3064 4742 ἱί
3103 4693 3420 4749 nonnullis.

2265 4759 2373 4848 (1'3)
2404 4759 2600 4834 Τυχόν.
2651 4762 2784 4833 Reg.
2839 4765 2876 4816 t'.
2927 4766 3086 4819 Colb.
3141 4783 3188 4829 r,
3220 4765 3415 4833 Pass.,
3470 4766 3694 4837 Comb.,
3746 4765 3836 4821 καὶ

2191 4852 2381 4885 τυγον.

2259 4851 2638 4978 ((Ιεῖίίί).Τρόπου.
2674 4903 2832 4978 Pass.
2886 4908 2941 4958 et
2990 4905 3120 4972 Reg.
3160 4905 3196 4969 l,
3232 4909 3456 4964 addunt
3506 4905 3721 4978 δέξασθε
3753 4905 3837 4964 δι-

2193 4971 2582 5047 ηγὸύμείνὸνηικ(
2620 4977 2876 5047 ᾼροὶριῐθ
2909 4993 3026 5029 rem
3064 4986 3123 5029 ut
3154 4981 3366 5034 audivi.
3402 5003 3430 5030 »

2263 5042 2378 5118 (15)
2394 5046 2486 5126 ’Ὡς
2519 5042 2727 5120 ὤφελόν
2868 5069 2893 5095 ‹‹
2927 5049 3112 5128 Atque
3143 5052 3366 5105 utinam
3398 5053 3711 5107 ducentem
3736 5068 3835 5107 or-

2194 5134 2325 5173 cum
2355 5120 2503 5188 viam
2539 5120 2946 5188 capessivisset
2981 5120 3162 5188 prius,
3204 5147 3222 5171 ι
3260 5128 3370 5177 etc.

2264 5191 2373 5260 (16)
2408 5183 2625 5260 Ιηᾷῗτουνί
2655 5191 2856 5243 Plures
2888 5183 3052 5260 codd.
3087 5186 3182 5242 εἶτ’
3213 5192 3325 5247 οὖν.

2409 5259 2570 5335 Ὑπὲρ.
2597 5261 2717 5332 γῆς.
2747 5260 2879 5335 §av.
2913 5258 2998 5335 ἔξπί
3028 5263 3149 5335 γῆς.

2264 5330 2374 5402 (18)
2407 5330 2690 5404 Ιιροϊόντα.
2747 5331 2882 5408 Reg.
2919 5330 3382 5408 ᾕυ,’προσιόντα,
3425 5335 3669 5408 «virum
3723 5337 3839 5391 for-

2193 5407 2307 5484 tem
2341 5420 2404 5458 ac
2447 5409 2752 5458 strenuum
2798 5406 2856 5458 in
2890 5403 3065 5474 malo,
3103 5403 3123 5453 ui
3174 5412 3238 5461 ut
3283 5403 3371 5463 ait
3397 5406 3569 5477 Elias,
3603 5408 3687 5464 vel
3721 5409 3835 5464 iro-

2195 5492 2345 5529 nice.

2265 5544 2376 5618 (1.9)
2407 5542 2660 5618 ᾼείματα.
2684 5543 2831 5618 Bcg.
2864 5562 2916 5618 a,
2953 5541 3240 5618 δείγματι..

2265 5614 2377 5690 (20)
2413 5616 2647 5686 Ἀήθεις.
2683 5614 2853 5672 Deest
2883 5616 2939 5672 in
2972 5614 3131 5676 Coll).
3165 5637 3210 5677 ι’.
