4202 6212
309 320 422 388 581

1302 319 1590 380 ORATIO
1633 303 1740 377 tv.
1772 349 1850 360 -
1879 314 2193 377 CONTRA
2237 315 2634 379 JULIANUM
2686 311 2734 376 1.

3607 322 3729 383 582

309 456 558 524 πνέηται.
590 453 688 508 Καὶ
717 455 880 506 τοῦτο
911 449 1012 504 οὐκ
1039 448 1098 503 ἐκ
1122 452 1230 502 τῶν
1257 446 1545 522 λογισμῶν
1589 444 1803 519 εὕρισκε
1853 447 1964 518 (30)
1995 462 2011 513 λ

2128 465 2134 501 ;
2163 447 2429 519 generosi
2461 447 2664 515 animi,
2696 447 2767 519 ei,
2802 448 2901 520 qui
2933 447 3052 504 vim
3073 450 3274 506 afferre
3304 455 3491 523 parat,
3523 460 3727 512 contu-

314 547 498 620 μόνον,
547 542 693 598 ἀλλὰ
738 541 828 596 καὶ
876 544 992 601 τοῖς
1042 531 1384 613 προλαϐοῦσι
1421 534 1704 610 διωγμοῖς
1738 535 1856 610 εἶχε
1886 555 1969 608 γι-

314 637 556 690 νώσκειν.
596 631 648 687 ο’ί
675 629 1003 703 τιμιώτεόον
1035 629 1126 681 τὸν
1177 625 1596 702 Χριστιανισμὸν
1642 625 1971 693 πεποιήκασι

316 727 506 779 θᾶττον
653 719 1049 794 ἀσθενέστερον,
1130 715 1400 790 βώσαντες
1473 715 1568 774 τὰς
1642 713 1820 787 ψυχὰς
1897 711 1973 773 εἷς

319 808 617 881 εὐσέϐειαν,
673 809 760 864 καὶ
822 807 1002 882 ὣσπερ
1063 801 1283 878 σίδηρον
1363 802 1560 877 θερμὸν
1623 799 1798 869 ὕδατι,
1857 805 1976 862 τοῖς

318 900 590 962 κινδύνοις
624 898 1022 972 στομώσαντες.
1054 894 1114 949 Εἰ
1166 892 1222 948 δὲ
1276 892 1409 966 μετὰ
1454 894 1552 960 τῆς
1584 890 1783 966 τέχνης
1819 910 1977 964 στρα-

317 991 546 1059 τεύσειε,
595 988 684 1043 xui
737 990 817 1058 τῷ
864 985 1062 1041 πείθειν
1111 984 1174 1038 τὸ
1222 986 1336 1055 (31)
1390 982 1662 1057 βιάζεσθαι
1713 980 1976 1055 χρώσειιν

315 1082 352 1151 ἢ
387 1080 626 1152 καθάπερ
669 1073 867 1150 χαλκῴ
914 1070 1246 1149 περιϐάλλοι
1459 1067 1650 1144 δὲλεαρ
1691 1072 1759 1141 τῇ
1787 1088 1980 1143 τυραν-

316 1167 424 1224 νίδι
472 1169 535 1223 τὸ
583 1164 876 1238 προσηνὲς,
922 1163 1087 1240 σοφόν
1137 1182 1198 1217 τε
1245 1160 1419 1221 οὕτως
1459 1157 1519 1212 ἂν
1567 1159 1680 1232 (33)
1730 1156 1845 1230 ἃμα
1892 1155 1982 1211 καὶ

320 1257 545 1314 δυνατὸν
578 1255 823 1331 γενέσθαι
855 1252 1002 1324 αὖτῷ
1030 1253 1094 1307 τὸ
1126 1251 1432 1328 ἀγώνισμα.

2082 537 2322 591 maciter
2379 537 2695 605 obsistere;
2731 556 2844 594 non
2897 555 3066 594 secus
3117 556 3182 594 ac
3234 541 3492 610 ﬂamma,
3526 562 3655 616 quae
3703 567 3737 605 a

2081 629 2251 681 vento
2301 625 2601 694 excitatur,
2651 643 2764 697 quo
2814 628 3070 699 amplius
3119 629 3418 706 perflatur,
3450 649 3516 688 eo
3565 636 3737 693 vehe-

2085 714 2338 768 mentius
2371 715 2726 769 accenditur.
2763 716 2943 786 quue
2997 733 3110 772 non
3163 719 3513 789 cogitatione
3544 723 3737 782 solum

2087 802 2433 874 reperiebat,
2461 804 2559 857 sed
2587 820 2655 858 ex
2684 804 2950 874 pristinis
2976 823 3207 877 quoque
3235 811 3740 879 persecutionibus

2089 908 2436 963 cognoscere
2484 898 2730 963 poterat,
2773 910 2900 964 quae
2953 894 3344 953 Christianam
3393 899 3738 972 religionem

2090 980 2285 1053 potius
2335 979 2718 1050 illustrarant,
2753 997 2929 1053 quam
2962 983 3354 1054 debilitarent,
3388 989 3616 1046 animas
3648 992 3738 1046 ni-

2091 1070 2306 1125 mirum
2330 1070 2400 1124 ad
2425 1069 2699 1141 pietatem
2725 1070 3083 1143 roborantes,
3100 1090 3165 1128 ac
3189 1076 3483 1146 periculis,
3503 1084 3569 1133 ut
3589 1097 3741 1150 aqua

2093 1160 2352 1214 candens
2392 1158 2631 1226 ferrum,
2656 1159 3032 1217 obdurantes.
3060 1164 3132 1216 At
3181 1163 3230 1218 si
3279 1164 3484 1221 callide
3515 1173 3572 1223 et
3602 1169 3740 1224 arti.

2095 1248 2294 1304 ﬁciose
2337 1246 2558 1302 bellum
2591 1253 2835 1319 gereret,
2870 1265 2936 1304 ac
2967 1249 3082 1304 vim
3133 1253 3509 1322 persuasione
3536 1258 3740 1313 verbo-

321 1363 581 1420 rumque
607 1343 910 1401 blanditiis
939 1342 1210 1408 illineret,
1243 1344 1347 1395 aut
1379 1336 1674 1410 tyrannidi
1705 1336 2076 1393 clementiam
2107 1343 2391 1408 tanquam
2435 1336 2610 1393 hamo
2656 1353 2849 1392 escam
2882 1340 3098 1393 circum
3109 1346 3367 1410 poneret,
3401 1343 3481 1400 ita
3507 1344 3744 1402 demum

325 1455 445 1496 non
481 1435 672 1492 solum
707 1433 1084 1506 prudentem,
1117 1430 1219 1486 sed
1249 1428 1498 1484 validam
1530 1443 1757 1498 quoque
1787 1425 1896 1481 sibi
1929 1426 2418 1482 concertationem
2452 1425 2593 1480 fore.
2919 1422 2927 1426 ”

403 1525 537 1582 ΝΗ’.
577 1521 675 1577 Καὶ
723 1521 828 1596 γὰρ
876 1521 1012 1596 πρὸς
1061 1521 1180 1579 τοῖς
1232 1514 1424 1577 ἄλλοις
1462 1514 1680 1584 καὶτῆς
1710 1517 1817 1568 τῶν
1850 1532 1988 1586 μαρ-

326 1613 510 1690 τύρων
557 1617 725 1684 τιμῆς
775 1608 986 1686 ἐφθόνει
1031 1613 1146 1668 τοῖς
1205 1603 1508 1674 ἀθληταῖς·
1559 1603 1648 1657 καὶ
1694 1600 1782 1657 διὰ
1825 1599 1988 1657 τοῦτο

339 1688 654 1779 μήχανᾶται
705 1698 864 1760 αὐτὸς
921 1698 1013 1771 μὲν
1065 1695 1154 1750 καὶ
1207 1693 1502 1770 βιάζεσθαι,
1551 1690 1638 1746 xui
1675 1693 1750 1765 μή
1786 1688 1989 1759 δοκεῖν,

2171 1514 2361 1571 LVIII.
2395 1515 2624 1570 Etenim
2649 1519 2711 1569 ut
2741 1514 2876 1586 alia,
2900 1516 2982 1571 ita
3011 1534 3144 1572 eum
3171 1536 3419 1591 quoque,
3449 1538 3560 1590 quo
3591 1540 3746 1579 mar-

2097 1608 2256 1676 tyres
2287 1603 2440 1659 afﬁci
2490 1603 2694 1669 solent,
2731 1604 3008 1661 honorem
3063 1607 3298 1665 athletis
3330 1612 3486 1667 104
3523 1611 3747 1669 invide-

2101 1694 2222 1749 bat.
2255 1695 2335 1748 Ac
2366 1693 2609 1764 proinde
2639 1694 2696 1748 id
2730 1694 2990 1762 molitur,
3028 1701 3092 1750 ut
3124 1696 3246 1768 ipse
3279 1700 3516 1769 quidem
3549 1706 3605 1756 et
3632 1703 3749 1759 vim

335 1775 488 1862 ἧμας
545 1788 602 1844 δὲ
647 1788 738 1843 καὶ
793 1787 1045 1861 πάσχειν,
1105 1783 1194 1838 καὶ
1249 1783 1324 1854 μὴ
1362 1782 1531 1854 τιμὴν
1575 1777 1718 1856 ἔχειν
1754 1783 1864 1854 (34)
1923 1780 1996 1841 ὡς

2128 1783 2326 1849 iﬂ’erat,
2371 1787 2428 1837 et
2473 1782 2704 1838 interim
2737 1784 2940 1840 afferre
2972 1801 3087 1839 non
3121 1787 3411 1856 videatur;
3466 1808 3570 1846 nos
3619 1809 3753 1849 con-

339 1881 477 1956 ὗπὲρ
515 1881 750 1954 Χριστοῦ
780 1875 1114 1950 πάσχοντας.
1156 1876 1223 1926 ’Ὠ
1268 1873 1368 1940 τῆς
1428 1869 1706 1940 εὐηθείαςί
1767 1873 1987 1943 Πρῶτον

343 1971 464 2044 μὶν
503 1968 550 2024 si
609 1965 884 2031 λανθάνειν
945 1962 1190 2036 ἐνόμισεν
1253 1959 1385 2034 ὑπὲρ
1431 1960 1577 2021 τίνος
1623 1960 1674 2013 οἱ
1731 1956 1992 2027 κίνδυνοι,

339 2061 434 2115 καὶ
465 2055 823 2133 συγκαλύψειν
854 2054 953 2122 τὴν
994 2051 1251 2123 ἀλήθειαν
1300 2054 1418 2112 τοῖς
1467 2048 1816 2127 σοφίσμασιν,
1868 2047 1996 2102 ἀλλ’

339 2147 455 2222 οὐχ
498 2145 609 2219 ὅσῳ
650 2145 786 2199 κατὰ
829 2147 936 2198 τῶν
980 2145 1155 2214 τιμῶν
1206 2138 1434 2200 ἐπενόει,
1483 2157 1727 2209 τοσουτῳ
1780 2135 1992 2209 μείζους

339 2237 506 2298 αὐτας
535 2236 781 2305 ποιήσειν
812 2232 903 2287 καὶ
936 2229 1341 2304 λαμπροτέρας.

2101 1877 2192 1926 tra
2220 1877 2278 1926 et
2307 1871 2595 1942 supplicia
2625 1873 3010 1943 perferamus,
3043 1881 3099 1929 et
3137 1892 3201 1930 eo
3241 1876 3475 1934 interim
3509 1880 3750 1953 honore,

2103 1959 2204 2032 qui
2254 1975 2356 2030 pro
2388 1959 2601 2014 Christi
2658 1961 2892 2015 nomine
2924 1961 3279 2033 patientibus
3328 1965 3527 2022 haberi
3581 1970 3756 2043 solet,

2104 2064 2429 2104 careamus.
2463 2047 2506 2103 Ο
2537 2048 2897 2120 singularem
2949 2051 3206 2108 hominis
3238 2053 3550 2112 stultitiam
3577 2058 3588 2112 ί
3633 2060 3754 2115 Pri-

2106 2153 2269 2192 mum
2302 2139 2352 2192 si
2383 2138 2551 2205 cujus
2581 2154 2760 2192 causa
2790 2139 3046 2209 pericula
3079 2157 3112 2194 a
3143 2141 3311 2196 nobis
3342 2146 3643 2201 adirentur
3672 2147 3755 2202 la-

2106 2230 2225 2280 tere
2254 2224 2646 2296 existimabat,
2681 2227 3089 2299 facturumque
3117 2246 3181 2285 se
3222 2233 3487 2302 putabat,
3520 2240 3584 2289 ut
3613 2237 3756 2291 arti-

346 2330 464 2384 bus
495 2327 620 2383 suis
651 2322 1168 2393 callidissimisque
1199 2318 1458 2393 consiliis
1488 2317 1790 2374 veritatem
1819 2316 2133 2386 obtegeret,
2167 2331 2233 2370 ac
2264 2331 2377 2370 non
2426 2316 2642 2386 potius,
2675 2333 2789 2387 quo
2823 2315 2993 2388 plura
3021 2319 3302 2376 adversus
3354 2323 3599 2380 honores
3629 2325 3762 2384 i110.

352 2413 922 2478 comminisceretur,
954 2409 1064 2465 hoc
1093 2425 1192 2464 eos
1223 2407 1474 2477 majores
1502 2405 1893 2484 clarioresque
1920 2403 2206 2459 redderet.

436 2503 556 2559 NO'.
618 2498 872 2572 Δεύτερον
932 2496 1007 2566 δὲ,
1071 2496 1117 2550 εί
1167 2493 1325 2567 δόξης
1372 2492 1632 2565 ἐπιθυμίᾳ
1691 2489 2009 2546 κινδυνεῦειν

363 2582 535 2663 ἡμᾶς,
593 2587 740 2644 ἀλλᾶ
801 2587 874 2660 μή
922 2592 1025 2655 τῆς
1071 2582 1348 2654 ἀληθείας,
1398 2576 1668 2637 ὑπὲλα6ε’
1715 2585 1883 2635 ταῦτα
1918 2581 2010 2651 μὶν

371 2680 709 2748 παιζέτωσαν
766 2677 879 2750 (35)
935 2675 1061 2749 παρ’
1119 2671 1339 2734 ἐκείνοις
1411 2667 1802 2743 Ἐμπεδοκλεῖς
1879 2671 2015 2741 (36),

371 2769 467 2823 xui
497 2769 812 2842 Ἀρισταῖοι,
869 2763 959 2818 καὶ
1010 2758 1404 2834 Ἐμπεὸότιμοί
1451 2780 1613 2828 τινες,
1669 2758 1758 2812 καὶ
1790 2757 2018 2832 Τροφώ-

365 2876 503 2928 νιοι,
533 2854 620 2908 καὶ
651 2852 911 2908 τοιούτων
966 2849 1244 2924 δυστυχῶν
1298 2847 1524 2924 ἀριθμός
1550 2867 1563 2881 ’
1599 2848 1670 2901 ὧν
1706 2849 1734 2902 ὁ
1773 2848 1865 2920 μὲν
1904 2851 2020 2906 τοῖς

2193 2491 2334 2547 LIX.
2361 2491 2596 2562 Deinde,
2621 2493 2670 2548 si
2697 2493 2889 2566 gloria
2911 2496 3250 2568 cupiditate,
3276 2517 3341 2554 ac
3365 2518 3478 2557 non
3501 2503 3766 2563 veritatis

2123 2581 2318 2636 studio
2349 2591 2401 2636 et
2430 2599 2628 2638 amore
2676 2601 2781 2639 nos
2830 2585 3088 2655 pericula
3135 2589 3296 2644 adire
3342 2591 3760 2653 existimabat:

2124 2670 2244 2725 hinc
2276 2687 2416 2725 sane
2438 2671 2592 2742 apud
2621 2671 2753 2727 illos
2785 2673 2992 2729 ludant
3021 2675 3420 2747 Empedocles,
3445 2685 3501 2735 et
3519 2682 3766 2755 Aristai,

2127 2763 2184 2813 et
2228 2759 2616 2830 Empedotimi
2661 2761 2921 2830 quidam,
2956 2779 3020 2816 ac
3067 2764 3402 2836 Trephonii,
3437 2774 3610 2841 atque
3660 2771 3768 2826 hu-

2119 2847 2383 2917 jusmodi
2433 2848 2781 2902 miserorum
2833 2849 3137 2907 hominum
3187 2853 3420 2911 chorus.
3449 2858 3526 2912 Ex
3556 2859 3772 2930 quibus

364 2943 684 3004 Σικελικοῖς
712 2947 1004 3016 κρατῆρσιν
1061 2939 1246 2993 ἑαυτὸν
1307 2938 1529 3004 θεώσας,
1589 2937 1663 2998 ὡς
1722 2933 1883 3008 ᾤετο,
1928 2934 2011 2988 xui

2132 2934 2250 3000 ille,
2278 2952 2411 2990 cum
2444 2953 2546 3006 per
2583 2936 2778 2992 Sicula
2826 2939 3113 2995 foramina
3144 2943 3531 3016 divinitatem,
3569 2927 3630 3003 ut
3659 2948 3772 3005 sibi

362 3031 446 3094 εἷς
487 3033 586 3101 τήν
637 3030 912 3107 κρείττονα
966 3027 1120 3098 λῆξιν
1171 3027 1260 3104 ἀφ’
1307 3029 1467 3098 ἡμῶν
1517 3028 1629 3099 (37)
1679 3025 2022 3097 ἀναπέμψας,

357 3126 448 3194 τῷ
479 3119 728 3198 φιλτάτῳ
778 3115 1031 3188 σανδάλῳ
1085 3114 1430 3188 κατεμηνύθη
1491 3116 1636 3190 παρᾶ
1683 3117 1779 3167 τοῦ
1849 3112 2017 3188 πυρὸς

361 3208 712 3286 ἐκορασθέντι
747 3227 760 3239 ο
813 3204 902 3261 xui
947 3204 1009 3259 οὐ
1062 3205 1180 3266 θεὸς
1229 3200 1446 3279 ἐδείχθη
1503 3206 1613 3276 (38)
1667 3203 1782 3275 μετ’
1812 3200 2020 3276 ἄνθρω-

363 3320 471 3354 πον
505 3300 638 3372 (39),
689 3293 814 3352 ἀλλ’
862 3296 1145 3370 ἄνθρωπος
1199 3290 1500 3362 κενόδοξος,
1545 3291 1632 3347 καὶ
1685 3289 2020 3368 ἁφιλόσοερος

373 3386 515 3462 μιτὰ
549 3383 797 3457 θάνατον,
845 3383 935 3438 xui
985 3379 1109 3437 οὐδὲ
1155 3381 1221 3436 τὰ
1256 3381 1410 3436 κοινᾶ
1438 3380 1653 3442 συνετός
1675 3399 1688 3413 ο
1722 3380 1774 3434 oi
1806 3377 1863 3433 δὲ
1895 3377 2021 3433 ἀδύ-

366 3499 490 3540 τοις
521 3477 658 3531 τισὶν
716 3473 936 3536 ἑαυτοὺς
993 3472 1349 3548 ἐγκρύψαντες
1402 3472 1501 3527 ὑπὸ
1542 3479 1643 3542 τῆς
1672 3471 1838 3540 αὐτῆς
1867 3470 2027 3524 νόσου

369 3567 466 3623 xui
528 3563 810 3643 φιλαυτίας
872 3565 1004 3635 (40),
1055 3561 1149 3616 εἶτ’
1197 3560 1557 3638 ἐκεγχθέντες,
1605 3560 1666 3615 οὐ
1701 3557 1915 3634 μᾶλλον
1970 3558 2031 3614 ὲκ

371 3663 478 3725 τῆς
507 3657 718 3723 κλοπῆς
747 3652 1078 3725 ἐτιμήθησαν
1172 3649 1231 3705 ἐκ
1255 3655 1353 3705 τοῦ
1409 3651 1483 3724 μὴ
1539 3648 1718 3705 λαθεῖν
1776 3643 2032 3725 καθυϐρί-

377 3756 603 3815 σθησαν.

455 4015 907 4086 Ξ’.Χριστιανοῖς
970 4009 1027 4066 δὲ
1082 4008 1236 4080 ἣδιον
1287 4011 1397 4084 (41)
1457 4006 1588 4080 ὑπὲρ
1648 4000 1918 4068 εὐσεϐείας
1972 4005 2035 4060 τὸ

377 4104 640 4177 πάσχειν,
671 4101 766 4155 κᾶν
815 4100 1015 4162 πάντας
1061 4099 1416 4170 λανθάνωσιν,
1465 4097 1499 4166 ἢ
1552 4093 1744 4158 ἄλλοις
1784 4096 1848 4150 τὸ
1879 4091 2036 4149 εὐδο-

378 4195 490 4264 ξεῖν
528 4190 658 4265 μετά
685 4197 784 4260 τῆς
813 4185 1052 4251 ἀσεϐείας
1077 4209 1088 4222 ·
1115 4193 1212 4244 τοῦ
1247 4187 1342 4260 μὲν
1383 4187 1486 4261 γὰρ
1536 4185 1864 4261 ἀνθρώποις,
1913 4183 2036 4260 ἀρε-

2126 3023 2400 3095 Opinione
2425 3025 2700 3096 tingebat,
2725 3035 3138 3096 comparasset,
3164 3046 3344 3102 seque
3374 3034 3445 3089 ad
3475 3035 3771 3095 meliorem

2128 3114 2326 3169 sedem
2357 3115 2802 3182 transmisisset,
2835 3117 3180 3174 charissimo
3213 3121 3405 3178 calceo
3445 3121 3599 3196 ignis
3630 3132 3777 3182 testu

2129 3203 2332 3273 ejecto,
2366 3203 2628 3273 proditus
2681 3207 2768 3259 est
2799 3221 2812 3259 :
2847 3209 3021 3275 atque
3061 3207 3142 3262 ita
3172 3226 3284 3263 non
3316 3211 3460 3266 deus
3509 3217 3641 3285 post
3670 3215 3774 3271 ho-

2133 3290 2351 3345 minem
2382 3296 2653 3346 ostensus
2705 3297 2814 3360 est,
2849 3309 3048 3349 verum
3106 3295 3278 3353 homo
3329 3300 3522 3357 inanis
3579 3304 3776 3376 glorias

2135 3379 2437 3434 studiosus
2470 3379 2971 3453 philosophiaque
3001 3391 3132 3455 post
3177 3393 3422 3444 mortem
3455 3407 3681 3463 expers,
3715 3410 3781 3450 ac

2137 3484 2208 3523 ne
2229 3470 2528 3524 communi
2547 3469 2782 3540 quidem
2807 3488 2982 3526 sensu
3006 3475 3302 3543 praeditus.
3324 3477 3392 3534 Hi
3415 3485 3629 3549 autem,
3646 3499 3780 3538 cum

2137 3557 2340 3613 eodem
2373 3560 2575 3614 morbo
2605 3559 2920 3631 gloriaeque
2950 3578 3145 3618 amore
3166 3565 3375 3632 affecti,
3403 3568 3461 3623 in
3494 3571 3786 3641 penitissi-

2141 3663 2269 3701 mos
2300 3648 2585 3717 quosdam
2615 3652 2784 3704 terra
2816 3666 3080 3706 recessus
3110 3670 3238 3708 sese
3269 3657 3651 3727 abdidissent,
3684 3660 3783 3714 de-

2141 3734 2430 3806 prehensa
2460 3741 2661 3806 postea
2709 3738 2930 3807 fraude,
2966 3756 3081 3794 non
3127 3741 3260 3812 plus
3309 3742 3546 3800 honoris
3576 3761 3646 3801 ex
3675 3747 3786 3803 hu-

2135 3823 2399 3896 jusmodi
2433 3824 2646 3880 furtivo
2676 3842 2909 3882 secessu
2954 3829 3146 3898 adepti
3195 3836 3351 3901 sunt,
3378 3849 3554 3903 quam
3587 3840 3789 3891 contu-

2145 3912 2326 3968 melius
2356 3913 2428 3968 ob
2460 3919 2818 3984 compertam
2851 3915 3136 3971 fraudem.

2218 4000 2330 4056 LX.
2361 4003 2432 4056 At
2461 4001 2807 4057 Christianis
2838 4005 3165 4073 jucundius
3195 4012 3286 4062 est
3332 4009 3564 4080 pietatis
3612 4028 3791 4068 causa

2147 4090 2288 4162 pati,
2321 4091 2550 4145 etiamsi
2584 4108 2755 4146 nemo
2803 4091 2860 4145 id
2912 4093 3232 4150 resciturus
3281 4097 3377 4167 sit,
3410 4115 3586 4169 quam
3637 4100 3789 4169 aliis,

2148 4196 2282 4234 cum
2315 4180 2611 4250 impietate
2640 4179 2861 4248 ﬂorere,
2894 4187 3071 4253 atque
3101 4184 3161 4238 in
3192 4182 3378 4256 gloria
3405 4189 3644 4244 versari.
3682 4189 3793 4245 Ho-

381 4302 530 4338 σκειν
569 4278 774 4355 βραχὺς
805 4281 939 4351 ἡμῖν
978 4279 1004 4333 ὂ
1036 4277 1200 4353 λόγος
1229 4297 1241 4308 ·
1273 4283 1373 4346 τῆς
1407 4272 1464 4328 δὲ
1501 4274 1646 4349 παρὰ
1698 4277 1832 4328 Θιοῦ
1869 4278 2004 4346 τιμῆ

2150 4267 2408 4324 minibus
2434 4269 2648 4340 quippe
2669 4269 2885 4340 pluere,
2906 4287 3112 4342 parum
3138 4273 3455 4330 admodum
3479 4295 3790 4334 curamus:

379 4374 422 4440 ἠ
451 4375 596 4424 πᾶσα
635 4365 847 4445 ἔφεσις·
908 4365 1118 4440 μᾶλλον
1167 4363 1225 4420 δὲ
1272 4364 1360 4420 xui
1413 4363 1546 4439 ὑπὲρ
1595 4362 1794 4431 ταύτην
1846 4361 2036 4434 (42),ὁ

381 4479 452 4535 γε
483 4455 705 4527 ἀληθῶς
753 4455 1046 4534 φιλόσοφοι
1093 4455 1183 4510 καὶ
1227 4451 1493 4531 φιλόθεοι,
1542 4452 1642 4521 τήν
1682 4451 1820 4525 πρὸς
1846 4451 1909 4505 τὸ
1939 4470 2036 4504 xu-

487 4675 576 4745 30)
608 4671 857 4748 Είξρισκε.
884 4671 1097 4748 Plures
1121 4670 1286 4726 codd.
1320 4665 1566 4738 ηὕρισκε.

489 4740 579 4832 ἐξ)
606 4740 1131 4832 {ansa-amusi-

489 4803 582 4884 32)
614 4803 975 4890 Περιϐἆλλοι.
1004 4803 1182 4890 Rggg.
1214 4813 1314 4890 bm
1344 4817 1401 4868 et
1428 4810 1469 4877 l,
1502 4803 1813 4883 περιϐάλοι.

489 4890 581 4959 33)
613 4884 729 4943 “Av.
768 4893 934 4943 Deest
964 4888 1024 4959 in
1044 4884 1192 4959 pag.
1227 4884 1347 4937 bm.

467 4951 578 5032 (34)
613 4959 709 5012 Καὶ
744 4960 818 5031 μὴ
849 4957 1017 5032 τιμὴν
1042 4951 1207 5030 ἔχεῖν.
1232 4953 1488 5032 Comhef.
1513 4951 1597 5032 sic
1619 4951 1804 5006 reddit
1831 4968 1843 5005 :
1867 4972 1892 5032 ιι
1918 4967 2043 5032 nec,

387 5023 572 5089 velut'
599 5033 700 5102 qui
745 5023 851 5104 pro
882 5023 1109 5084 Christo
1157 5031 1508 5099 pateremur,
1542 5024 1822 5079 honorem
1870 5023 2044 5079 habe-

392 5120 624 5160 remus.
648 5127 670 5154 ι

434 5175 583 5256 ,(35)
615 5169 976 5240 Παιζέτωσαν.
1031 5170 1160 5226 Bill.
1199 5191 1228 5220 «
1276 5170 1436 5224 velut
1491 5165 1672 5220 animi
1729 5181 1906 5220 causa
1964 5165 2046 5220 fa-

392 5251 580 5303 ciant.
608 5267 637 5294 »

465 5319 584 5388 (36)
613 5309 1030 5388 Ἐμπεδοκλεῖς,
1059 5316 1182 5388 etc._
1201 5306 1578 5388 Empedocles
1626 5306 1821 5385 inanis
1851 5304 2047 5387 g.oriae

390 5376 620 5454 studio.
646 5376 711 5442 ut
741 5386 852 5442 sibi
895 5376 1219 5440 divinitatis
1267 5376 1620 5454 opinionem,
1651 5376 1816 5454 quasi
1848 5376 1907 5430 in
1938 5393 2049 5432 cm-

390 5465 523 5516 lum
583 5448 821 5530 raptus,
865 5454 1182 5530 colligeret,
1213 5448 1648 5530 _in'_arde_ntem
1706 5448 1933 5530 Aitnam
1990 5464 2053 5502 se

398 5520 764 5608 praecipitem
795 5520 974 5585 dedit.
1005 5520 1102 5584 Sic
1134 5520 1290 5582 enim
1323 5523 1520 5578 Horat.
1551 5520 1678 5574 Arte
1705 5527 1847 5592 poet.
1874 5536 1894 5575 :

970 5676 1110 5729 Deus
1140 5665 1469 5727 immortalis
1498 5661 1701 5722 haberi

2149 4359 2205 4413 id
2239 4375 2422 4412 unum
2454 4364 2806 4429 expetentes,
2842 4366 2905 4414 ut
2943 4360 3222 4418 honorem
3256 4381 3289 4419 a
3319 4364 3433 4420 Deo
3465 4383 3799 4439 consequa-

2149 4465 2338 4504 mur:
2387 4449 2504 4503 imo
2561 4447 2876 4504 sublimius
2935 4451 3112 4506 etiam
3173 4454 3541 4526 assurgimus
3571 4458 3665 4528 (de
3721 4457 3795 4514 iis

2224 4665 2544 4789 flagitii)?
2581 4663 2942 4734 Empedocles,
2977 4665 3266 4724 «rientem
3308 4668 3550 4740 [rigidus
3578 4671 3799 4728 [Etnam

2249 4751 2334 4788 ηδτ
2370 4751 2383 4787 ε
2419 4779 2433 4789 .
2465 4754 2494 4787 e
2529 4751 2575 4788 c.

2249 4751 2433 4804 usuu,
2465 4751 2575 4788 etc.

2153 4874 2548 4943 TrOphonius,
2574 4874 3011 4944 Einpedotimus
3041 4885 3098 4930 et
3127 4879 3403 4934 Aristreus
3427 4882 3687 4937 Thebani
3712 4901 3804 4938 va-

2154 4956 2262 5012 tes,
2296 4947 2352 4999 in
2405 4951 2816 5020 subterraneos
2858 4951 3140 5016 quosdam
3193 4968 3402 5020 specus
3451 4970 3513 5007 se
3564 4954 3804 5009 abdide-

2155 5023 2310 5078 runt,
2344 5023 2406 5071 ut
2441 5018 2495 5070 in
2527 5020 2735 5071 caelum
2786 5020 2930 5088 rapti
2964 5018 3458 5085 existimarentur,
3491 5042 3555 5080 ac
3587 5027 3666 5081 dii
3699 5027 3805 5082 ha-

2158 5091 2466 5153 berentur;
2499 5105 2697 5141 verum
2733 5088 2850 5142 illic
2882 5092 3030 5144 t'ame
3061 5095 3326 5148 exstincli
3359 5103 3516 5149 sunt.

2159 5233 2193 5287 b
2231 5160 2342 5230 (37)
2375 5159 2492 5234 ’A'o'
2543 5160 2724 5230 ἡμῶν.
2758 5181 2784 5211 α
2813 5165 2858 5214 A
2909 5163 3096 5232 nobis,
3137 5186 3162 5212 ‹‹
3215 5165 3354 5231 sive,
3384 5188 3410 5215 ι(
3457 5184 3489 5221 a
3540 5168 3803 5223 mortali-

2202 5249 2288 5286 Lls.
2321 5257 2346 5280 η

2202 5249 2288 5286 Us.
2321 5257 2346 5280 η

2230 5303 2344 5372 (38)
2373 5297 2646 5387 Έᾷείχοη.
2680 5305 2816 5373 Reg.
2860 5301 2899 5370 l,
2932 5309 2988 5358 et
3037 5304 3212 5361 Mont.
3249 5307 3306 5361 in
3337 5324 3438 5363 ora
3484 5327 3573 5383 γρ.
3626 5308 3807 5387 ὤφθη,

2163 5398 2189 5425 ‹‹
2223 5381 2513 5450 apparuit.
2538 5395 2570 5450 λ)

2233 5442 2345 5516 (39)
2375 5443 2500 5516 Μετ’
2533 5442 2838 5516 ἄνθρωπον.
2871 5465 2893 5493 α
2927 5447 3069 5501 Cum
3114 5447 3410 5506 hominem
3441 5455 3717 5509 exuisset.
3744 5474 3774 5503 »

2233 5512 2342 5588 (40)
2377 5512 2691 5588 (ιξιλαυτίας.
2725 5537 2745 5563 ι
2781 5519 2939 5571 υεεοο
2972 5519 3061 5572 sui
3097 5537 3314 5576 amore.
3339 5545 3366 5572 »

2376 5581 2595 5665 ςᾘᾷιον.
2649 5588 2928 5665 Nonnulli
2978 5593 3144 5665 codd.
3180 5588 3338 5665 i’8tov,
3375 5616 3402 5642 «
3437 5595 3755 5665 proprium.
3782 5613 3811 5644 η

2235 5659 2347 5734 (42)
2378 5656 2534 5732 Ὑπὲρ
2565 5657 2784 5730 ταύτην.
2820 5660 2948 5717 Ald.
2983 5669 3040 5718 et
3069 5662 3262 5733 Hem,
3295 5656 3678 5739 ὑπερ’ταῦτης.
