4202 6212
529 349 646 409 587

1769 345 1834 404 S.
1883 339 2255 405 GREGORII
2304 343 2699 406 THEOLOGI

3814 351 3960 413 588

527 482 786 547 fuerunt,
820 478 920 549 qui
954 493 1067 532 non
1097 477 1382 533 ﬂexerunt
1405 492 1556 548 genu
1581 492 1773 532 coram
1801 475 1937 531 Baal
1969 477 2032 542 ³⁵,
2068 493 2156 531 ηε(

2281 496 2392 543 τες,
2425 473 2484 529 ἐκ
2510 478 2605 530 τοῦ
2641 473 2858 551 βλέπειν
2911 477 2986 538 είς
3029 477 3120 532 τὸν
3168 472 3290 557 ὅφιν
3343 479 3457 553 (71)
3482 477 3575 534 τὸν
3607 481 3961 556 κρεμασθένο

527 584 720 626 aream
753 566 1067 638 imaginem
1100 566 1419 620 adorarunt
1446 566 1510 636 ³⁸,
1544 581 1649 620 nec
1707 581 1742 620 a
1797 565 2169 635 serpentibus

525 655 810 712 vulnerati
834 660 973 710 sunt
988 655 1052 721 ³⁷;
1079 654 1232 725 quod
1268 658 1600 724 serpentem
1623 652 1788 707 illum
1814 669 2169 724 suspensum

523 744 852 815 Christique
879 743 1252 815 passionibus
1276 759 1622 814 oppressum
1644 746 1818 812 atque
1839 743 2168 797 confectum

524 835 929 900 intuerentur;
963 832 1131 887 multi
1165 831 1386 887 scilicet
1427 848 1714 903 proceres,
1747 830 2171 902 altissimisque

524 922 912 996 dignitatibus
941 921 1346 992 przediti,quos
1373 920 1570 975 minus
1594 920 1768 975 etiam
1793 920 2007 975 mirum
2034 919 2175 976 fuis-

526 1016 633 1083 set,
669 1019 794 1066 tum
828 1011 973 1065 107
1027 1009 1428 1081 periculorum
1489 1012 1673 1077 metu,
1702 1013 1828 1064 tum
1886 1007 2172 1065 bonorum

527 1117 652 1173 spe,
691 1100 895 1155 cedere
943 1115 1009 1154 ac
1041 1114 1254 1154 manus
1302 1099 1481 1165 dare;
1517 1097 1686 1153 multi
1736 1097 1911 1154 etiam
1964 1097 2175 1169 piebeii

529 1188 773 1258 ordinis,
807 1204 873 1244 ac
905 1204 1146 1243 numero
1178 1186 1302 1242 solo
1337 1187 1736 1260 cogniti,quos
1767 1203 1900 1242 cum
1935 1187 2178 1243 adortus

530 1282 704 1346 erset,
737 1293 852 1332 non
885 1275 1052 1331 aliter
1083 1277 1352 1347 repulsus
1385 1281 1497 1346 est,
1518 1292 1698 1346 quam
1733 1275 1874 1331 levis
1906 1276 2176 1347 quaedam

2277 585 2361 635 τα,
2396 565 2485 618 καὶ
2517 563 2878 620 καταλυθέντα
2904 571 3023 628 τοῖς
3070 569 3306 643 Χριστοῦ
3341 569 3552 632 πάθεσι·
3603 567 3800 624 πολλοὲ
3834 571 3960 644 μὶν

2278 657 2385 706 τῶν
2415 651 2464 706 ἐν
2515 646 2846 715 δυνῖστείαις
2888 657 3003 728 (72)
3051 656 3140 710 καὶ
3193 654 3400 730 ὕψεσιν,
3435 656 3525 719 οὓς
3575 657 3661 712 καὶ
3713 656 3957 731 μᾶλλον

2281 741 2420 803 εἰκὸς
2451 743 2517 811 ἦν
2569 744 2873 814 ἡττηθῆναι
2917 743 3009 798 καὶ
3061 741 3148 798 διὰ
3192 740 3384 823 φόϐον,
3430 745 3520 800 καὶ
3571 744 3639 800 δι’
3681 745 3953 811 ἐλπίδας·

2281 829 2482 886 πολλοὶ
2517 828 2572 885 δὲ
2603 836 2706 886 τῶν
2740 831 2885 886 κάτω
2919 832 3007 887 καὶ
3041 834 3257 909 ἀριθμῷ
3290 833 3441 907 μόνῳ
3484 836 3955 911 γνωριζομένων,

2282 920 2364 981 οἷς
2421 915 2748 996 προσϐαλὼν
2809 920 3174 998 ἀπεκρούσθη,
3227 923 3464 999 καθάπερ
3523 924 3624 978 ὑπὸ
3679 925 3958 998 γενναίου

2279 1007 2496 1083 τείχους
2535 1009 2846 1084 μηχάνημά
2871 1031 2924 1064 τι
2959 1014 3067 1066 τῶν
3097 1009 3158 1065 ού
3207 1011 3452 1088 καιρίων.
3487 1011 3645 1082 Ιιλὴν
3677 1012 3778 1067 οὐκ
3807 1014 3963 1083 ἠνία

2288 1095 2500 1172 μᾶλλον
2537 1099 2649 1172 (73)
2693 1099 2756 1153 τὸ
2803 1096 3088 1176 διαφεῦγον
3133 1101 3167 1169 ἦ
3213 1099 3514 1176 ὲθάρσυνεν,
3565 1101 3641 1164 ὡς
3686 1101 3746 1156 ἂν
3802 1102 3962 1158 λυσ-

2285 1191 2482 1258 σῶντα,
2514 1186 2575 1240 τὸ
2625 1185 3002 1261 ἁλισκόμενον·
3054 1188 3143 1244 καὶ
3171 1189 3236 1244 τὸ
3270 1188 3559 1264 βούλεσθαι
3601 1190 3842 1266 παρίστη
3881 1191 3962 1248 τὸ

2289 1274 2540 1330 ἐλπισθὲν
2569 1276 2644 1338 ὡς
2676 1276 3063 1350 κρατούμενον.

528 1367 804 1424 machina
831 1384 864 1422 a
893 1366 1234 1421 ﬁrmissimo
1255 1382 1441 1421 muro.
1477 1365 1759 1420 Caeterum
1791 1381 1858 1420 eo
1888 1364 2083 1420 animo
2107 1371 2250 1437 erat,
2286 1372 2349 1423 ut
2380 1384 2492 1423 non
2527 1367 2714 1438 magis
2744 1369 2816 1425 ob
2845 1385 2942 1424 eos
2973 1367 3072 1440 qui
3105 1368 3216 1440 ipsi
3265 1369 3638 1442 effugiebant,
3682 1386 3967 1444 angere-

526 1463 643 1526 tur,
667 1472 868 1528 quam,
902 1459 1102 1526 utpote
1135 1455 1329 1510 furore
1358 1454 1637 1526 percitus,
1666 1455 1737 1509 ob
1769 1471 1867 1509 eos
1895 1453 1994 1524 qui
2026 1453 2428 1526 capiebantur,
2465 1457 2790 1526 praefideret
2820 1474 2833 1513 :
2870 1456 3286 1530 volunstasque
3328 1459 3476 1532 ipsa,
3511 1459 3569 1515 id
3617 1461 3776 1532 quod
3831 1477 3965 1533 spe

526 1551 873 1618 conceptum
906 1549 1049 1610 erat,
1082 1545 1251 1616 quasi
1272 1545 1395 1615 jam
1425 1544 1698 1599 manibus
1727 1547 2045 1609 teneretur,
2080 1546 2549 1616 repraesentabat.

595 1635 785 1691 L‘(Vl.
817 1635 967 1700 Quin
992 1635 1115 1705 jam
1159 1633 1334 1689 etiam
1385 1634 1666 1689 adversus
1716 1649 1996 1705 magnum
2030 1632 2172 1688 illud

2354 1635 2470 1702 Ξζ’.
2501 1631 2693 1706 Τολμᾷ
2724 1631 2781 1688 δὲ
2810 1630 2917 1704 ἤδη
2948 1635 3038 1689 καὶ
3069 1636 3204 1690 κατὰ
3230 1639 3328 1690 τοῦ
3376 1635 3616 1712 μεγάλου
3648 1639 3819 1708 συνθτς
3832 1659 3962 1710 μα-

522 1723 797 1780 vexillum
848 1723 1092 1778 audacia
1141 1722 1400 1790 effertur,
1453 1723 1608 1793 quod
1662 1739 1796 1777 cum
1828 1737 1998 1777 cruce
2049 1739 2156 1777 ma-

2279 1742 2394 1794 τος,
2452 1723 2481 1777 ὃ
2544 1723 2678 1796 μετὰ
2732 1728 2828 1778 τοῦ
2888 1728 3118 1798 σταυροῦ
3176 1724 3470 1798 πομπεύει,
3523 1724 3610 1780 καὶ
3669 1724 3788 1802 ἄγει
3848 1729 3966 1783 τὸν

522 1814 732 1887 gniﬁce
770 1811 1065 1885 praecedit,
1119 1812 1177 1866 in
1230 1811 1531 1883 altumque
1579 1810 1820 1881 elatum,
1855 1811 2156 1866 exercitum

2281 1811 2502 1886 στρατὸν
2533 1809 2610 1873 εἷς
2642 1809 2776 1884 ὕψος
2803 1811 3112 1887 αἱρόμενον,
3142 1811 3398 1886 καμάτων
3432 1816 3544 1887 (74)
3575 1811 3842 1889 λυτήριον
3886 1811 3960 1869 ὅν

525 1904 707 1970 ducit,
734 1901 998 1958 laborum
1031 1900 1440 1956 solvendorum
1484 1900 1599 1955 vim
1643 1901 1886 1964 habens,
1919 1899 2172 1971 hincque

525 1992 681 2063 apud
715 1991 950 2046 Latinos
982 2005 1193 2044 nomen
1223 1993 1489 2054 trahens,
1539 1988 2071 2061 principatumque,
2107 1992 2170 2044 ut

525 2081 606 2136 ita
637 2081 848 2148 dicam,
881 2080 941 2133 in
993 2077 1220 2148 reliqua
1266 2076 1464 2132 omnia
1510 2075 1720 2132 vexilla
1767 2081 2011 2144 tenens;
2046 2082 2166 2132 tam

527 2186 649 2239 qua:
678 2169 1097 2239 imperatorum
1132 2165 1510 2237 imaginibus,
1544 2170 1712 2235 atque
1751 2165 2012 2237 expassis
2041 2171 2168 2221 tex-

527 2259 697 2328 turis,
726 2257 787 2312 in
819 2255 992 2310 variis
1025 2255 1294 2310 tincturis
1316 2271 1382 2309 ac
1412 2253 1740 2310 litterarum
1774 2254 2038 2326 picturis,
2073 2255 2170 2310 de-

526 2350 824 2413 corentur,
855 2343 1127 2414 velutque
1159 2341 1472 2412 exsultant,
1497 2359 1675 2413 quam
1709 2359 1834 2415 quae
1863 2342 2168 2399 horrendis

525 2437 845 2492 draconum
888 2432 1148 2488 hiatibus
1198 2447 1373 2504 super
1423 2447 1688 2486 summas
1721 2431 1950 2486 lanceas
2000 2431 2168 2487 elatis

524 2524 747 2591 inﬂata,
777 2527 834 2578 et
862 2538 966 2594 per
995 2525 1220 2576 tractus
1251 2519 1531 2575 contextis
1563 2519 1826 2590 squamis
1858 2519 2168 2575 distinctos

522 2611 1266 2686 agitata,jueundi881mum
1285 2607 1461 2664 simul
1492 2612 1547 2662 et
1565 2607 1920 2662 horrendum
1939 2613 2166 2679 specta-

520 2701 716 2757 culum
754 2700 942 2756 oculis
973 2699 1248 2769 praebent.
1285 2701 1668 2766 Posteaquam
1715 2702 1908 2750 antem
1941 2713 2033 2751 res
2063 2697 2164 2752 do-

519 2789 794 2846 mesticas
826 2804 894 2844 ex
925 2787 1108 2843 animi
1139 2786 1432 2843 sententia
1461 2784 1728 2853 confecit,
1745 2801 1810 2839 ac
1840 2784 2166 2855 periculum

2278 1920 2335 1954 τε
2365 1899 2451 1954 καὶ
2497 1901 2632 1954 κατᾶ
2673 1899 2981 1973 Ῥωμαίους
3031 1899 3433 1975 ὀνομαζόμενον
3484 1903 3572 1957 καὶ
3618 1902 3960 1979 βασιλεῦον,

2279 1988 2355 2050 ὡς
2401 1988 2458 2042 ἂν
2509 1985 2650 2043 εἷ’ποι
2699 2010 2806 2058 τις,
2853 1993 2962 2044 τῶν
3019 1987 3230 2045 λοιπῶν
3293 1990 3664 2064 συνθημάτων·
3717 1991 3821 2047 ὅσα
3889 2014 3964 2050 τε

2283 2075 2549 2152 βασιλέων
2625 2078 2939 2153 προσώποις
3015 2077 3362 2154 ἀγάλλεται,
3419 2080 3509 2134 καὶ
3565 2084 3894 2154 πεπετασμέ
3926 2116 3964 2127 -

2277 2187 2393 2227 νοις
2437 2168 2548 2240 (75)
2599 2167 2899 2242 ὑφάσμασιν
2946 2165 2996 2221 ἐν
3048 2165 3327 2245 διαφόροις
3377 2169 3571 2246 βαφαῖς
3616 2170 3703 2223 καὶ
3745 2173 3962 2245 γράμ-

2282 2275 2464 2327 μασιν,
2497 2253 2594 2308 ὅσα
2634 2275 2692 2309 τε
2743 2252 3044 2330 δρακόντων
3099 2250 3353 2333 φοϐεροῖς
3383 2258 3654 2333 χάσμασιν
3692 2257 3962 2330 ἐμπνεό-

2283 2363 2416 2416 μενα
2445 2346 2558 2417 (76)
2601 2343 2692 2400 ἐπ’
2739 2345 2916 2417 ἄκρων
2967 2342 3207 2421 δοράτων
3259 2345 3679 2422 αἱωρουμὲνοις,
3712 2345 3806 2402 καί
3843 2346 3961 2405 διὰ

2275 2436 2381 2486 τῶν
2415 2431 2594 2486 ὁλκῶν
2633 2431 2952 2509 ῥιπιζόμενα
2982 2431 3196 2511 φολίσιν
3228 2434 3485 2512 ὑφανταῖς
3533 2435 3955 2511 καταστίκτων,

2276 2517 2496 2589 ἥδιστόν
2527 2541 2586 2574 τε
2617 2521 2757 2594 ὁμοῦ
2804 2521 2893 2576 καὶ
2945 2523 3165 2600 φρικτὸν
3211 2523 3384 2596 Θὲαμα
3428 2525 3752 2600 προσπίπτει
3803 2533 3956 2590 ταῖς

2276 2604 2479 2682 ὄψεσιν.
2513 2610 2599 2671 Ὠς
2653 2607 2710 2664 δὲ
2754 2611 2898 2685 εἶχεν
2949 2611 3096 2683 αὐτῷ
3125 2611 3259 2666 κατὰ
3285 2617 3408 2666 νοῦν
3449 2613 3517 2668 τὰ
3543 2611 3801 2683 πλησίον,
3838 2616 3956 2671 καί

2273 2701 2370 2751 τοῦ
2401 2696 2454 2751 ὲν
2491 2697 2704 2772 χερσὶν,
2752 2698 2829 2760 ὡς
2867 2697 3026 2771 ᾤετο,
3084 2697 3335 2755 κινδύνου
3379 2700 3635 2776 κρείττων
3682 2700 3954 2777 ἐγένετο,

2277 2784 2448 2846 οὕτως
2476 2783 2585 2856 ἤδη
2617 2791 2865 2862 πειρᾶται
2897 2788 3011 2861 (77)
3039 2789 3130 2841 καὶ
3158 2792 3265 2843 τῶν
3300 2789 3446 2860 ἑξῆς.

515 2880 685 2948 illud,
716 2878 964 2951 quodin
996 2876 1266 2934 manibus
1291 2880 1434 2946 erat,
1471 2879 1532 2930 ut
1557 2873 1949 2945 existimabat,
2001 2873 2245 2947 depulit,
2301 2875 2384 2931 ita
2430 2877 2669 2933 demum
2720 2894 2788 2933 ea
2832 2895 2959 2950 quae
3007 2879 3283 2951 deinceps
3332 2884 3675 2952 sequentur,
3707 2897 3953 2955 aggre-

516 2971 698 3026 ditur.

589 3059 804 3115 LXVll.
840 3058 1024 3114 Homo
1056 3054 1430 3122 stultissime,
1463 3057 1520 3110 et
1578 3052 1950 3125 impiissime,
2010 3058 2066 3108 et
2096 3052 2155 3108 in
2187 3056 2229 3123 α

519 3149 751 3220 magnis
783 3147 957 3202 rebus
989 3144 1432 3216 imperitissime
1462 3143 1472 3196 Ξ
1507 3143 1667 3197 Tunc
1699 3143 1977 3197 adversus
2031 3147 2160 3196 tan-

518 3241 641 3291 tam
670 3239 980 3300 sortem,ac
1011 3250 1112 3304 per
1142 3237 1330 3287 totum
1363 3232 1562 3287 orbem
1597 3231 1786 3284 fusam
1821 3229 2158 3298 Ecciesiam,

521 3340 650 3395 quas
681 3338 781 3392 per
810 3321 1098 3377 sermonis
1130 3320 1436 3384 vilitatem,
1485 3318 2053 3389 przedicationisque,
2099 3323 2161 3375 ut

517 3411 630 3482 ipsi
665 3412 909 3464 fortasse
941 3408 1226 3476 dixeritis,
1279 3406 1587 3463 stultitiam
1642 3407 1708 3473 ³⁸,
1760 3422 1963 3462 omnes
1995 3412 2156 3462 terra;

521 3499 664 3553 lines
696 3496 995 3568 complexa
1016 3501 1125 3565 est,
1160 3513 1286 3566 quas
1326 3496 1620 3567 sapientes
1652 3494 1806 3559 vicit,
1838 3502 1892 3550 et
1939 3496 2154 3552 daemo-

513 3602 618 3642 nes
644 3585 955 3658 oppressit,
988 3589 1046 3640 et
1091 3589 1324 3655 tempus
1374 3583 1702 3653 superavit;
1737 3582 1938 3637 eadem
1985 3588 2153 3640 vetus

511 3675 709 3744 simul,
742 3681 799 3730 et
829 3691 995 3743 nova,
1031 3679 1095 3730 ut
1133 3690 1230 3729 vos
1273 3675 1514 3727 deorum
1553 3672 1868 3743 quemdam
1906 3689 1973 3742 po
2016 3677 2145 3726 ten-

505 3772 631 3822 tose
659 3764 1031 3836 conﬁngitis;
1067 3763 1166 3817 illa
1198 3761 1548 3834 paucis,haec
1582 3760 1924 3831 promiscuae
1950 3761 2146 3815 multi-

501 3855 690 3912 tudini
725 3872 738 3922 ;
769 3853 870 3908 illa
901 3852 1364 3923 adumbratione,
1399 3851 1517 3905 haec
1549 3849 1897 3922 perfectione
1929 3856 2145 3922 myste-

499 3945 570 4001 rii
601 3946 671 4001 ad
698 3961 808 4000 sua
829 3949 1095 4015 tempora
1125 3940 1450 3997 reservati?
1479 3940 1642 3994 Tune
1671 3939 1828 4009 (quis
1861 3943 2146 4007 autem,et

499 4042 778 4105 quantus,
810 4040 866 4088 et
898 4035 1114 4100 unde?)
1147 4032 1427 4086 adversus
1466 4045 1738 4100 magnam
1773 4028 1984 4083 Christi
2020 4028 2138 4082 has-

496 4121 800 4177 reditatem
828 4120 856 4174 ?
889 4136 1183 4192 magnam,
1218 4120 1482 4191 inquam,
1518 4117 1704 4182 illam,
1738 4133 1861 4180 nec,
1895 4115 2068 4171 etiam
2088 4117 2137 4172 si

497 4209 736 4281 quidam
769 4209 978 4279 majori
1010 4224 1184 4279 quam
1220 4213 1279 4262 tu
1313 4210 1502 4261 l'uroro
1533 4211 1708 4276 atque
1739 4204 1969 4260 insania
1999 4222 2138 4276 prae-

566 4345 614 4380 ⁸³
647 4343 722 4399 III
756 4343 894 4414 Reg.
925 4360 1039 4409 xxx,
1075 4343 1175 4398 18:
1211 4342 1402 4407 Rom.,
1435 4358 1512 4410 τι,
1546 4342 1596 4395 4.
1672 4341 1714 4380 ³⁸
1751 4342 1889 4395 Dan.
1924 4355 2006 4408 ιιι,
2041 4339 2128 4394 18.

2337 3053 2457 3108 ΞΖ’.
2506 3051 2842 3121 Εύηθὲστατε
2873 3100 2889 3125 ,
2939 3055 3028 3108 καὶ
3078 3051 3411 3126 ἀσεϐέστατε,
3461 3055 3554 3110 καὶ
3597 3055 3958 3115 ἀπαιδευτό-

2270 3160 2394 3195 τατε
2443 3141 2510 3195 τα
2569 3141 2777 3218 μεγάλα
2803 3144 2814 3197 !
2845 3141 2907 3195 σὺ
2957 3144 3092 3196 κατὰ
3135 3143 3397 3198 τοσούτου
3443 3143 3655 3219 κλήρου
3688 3146 3783 3199 καὶ
3827 3156 3955 3218 τῆς

2273 3229 2654 3302 οἱκουμενικῆς
2699 3229 3070 3308 καρποφορίας
3125 3234 3284 3304 (78),
3328 3239 3430 3302 τῆς
3491 3233 3661 3288 πάντα
3719 3231 3945 3290 διαλα-

2270 3312 2472 3387 ϐούσνης
2511 3317 2592 3373 τά
2624 3319 2849 3394 πέρατα,
2894 3317 2982 3374 διὰ
3027 3327 3127 3390 τῆς
3177 3319 3445 3383 εὐτελείας
3475 3326 3569 3376 τοῦ
3619 3321 3791 3396 λόγου
3823 3327 3938 3380 καὶ

2266 3414 2367 3476 τῆς
2403 3407 2633 3482 μωρίας,
2683 3408 2758 3470 ὡς
2807 3407 2866 3462 ἂν
2913 3406 3066 3462 αύτοί
3099 3409 3313 3486 φαίητε,
3342 3414 3438 3464 τοῦ
3467 3410 3850 3485 κηρύγματος,
3892 3416 3928 3470 ὃ

2266 3494 2462 3574 σοφοὺς
2497 3495 2726 3569 ἐνίκησε,
2756 3497 2846 3551 καὶ
2877 3495 3138 3570 δαίμονας
3167 3496 3362 3553 ἔπαυσε
3403 3502 3538 3573 (79),
3570 3500 3658 3553 καὶ
3701 3501 3933 3575 χρόνον

2267 3584 2671 3661 ὑπερηκόντισε,
2727 3585 2791 3640 τὸ
2848 3585 2976 3640 αὐτὸ
3036 3585 3268 3641 παλαιόν
3319 3607 3377 3641 τε
3435 3587 3578 3659 ὁμοῦ
3631 3591 3930 3664 τυγχάνον

2261 3674 2350 3728 καὶ
2381 3673 2520 3745 νέον,
2563 3675 2636 3736 ὡς
2679 3673 2834 3747 ὑμεῖς
2880 3679 2989 3729 τῶν
3041 3679 3174 3739 θεῶν
3218 3697 3334 3730 τινα
3381 3677 3493 3747 (80)
3540 3679 3926 3752 τερατεύεσθε·

2257 3763 2320 3816 τὸ
2352 3763 2444 3834 μὲν
2478 3767 2592 3824 τοῖς
2637 3762 2872 3838 ὀλίγοις,
2919 3762 2982 3818 τὸ
3032 3761 3089 3818 δὲ
3121 3770 3238 3826 τοῖς
3289 3761 3543 3826 πολλοῖς·
3577 3765 3664 3820 καὶ
3707 3766 3773 3820 τὸ
3808 3769 3926 3839 μὲν

2256 3854 2322 3924 τῇ
2374 3851 2733 3927 σκιαγραφίᾳ,
2783 3851 2845 3906 τὸ
2903 3849 2960 3906 δὲ
3004 3856 3073 3926 τῇ
3124 3851 3401 3907 τελειώσει
3449 3858 3550 3907 τοῦ
3602 3857 3924 3930 μυστηρίου

2253 3945 2461 4015 καιροῖς
2511 3937 2672 4002 ἰδίοις
2711 3939 3088 4013 ταμιευθὲντος
3123 3961 3136 4010 ;
3172 3941 3246 3995 Σὺ
3303 3941 3438 3996 κατᾶ
3491 3944 3592 4010 τῆς
3653 3944 3921 4018 μεγάλης

2251 4033 2346 4082 τοῦ
2375 4030 2611 4104 Χριστοῦ
2640 4031 2752 4100 (81)
2784 4029 3158 4105 κληρονομίας
3192 4048 3206 4100 ;
3239 4031 3289 4103 (ὁ
3317 4029 3422 4097 τίς,
3455 4031 3543 4085 καὶ
3591 4031 3781 4102 πόσος,
3811 4036 3922 4090 καὶ

2250 4117 2408 4171 πόθεν
2444 4119 2483 4187 ;)
2540 4125 2640 4187 τῆς
2699 4118 2947 4193 μεγάλης
2999 4118 3088 4173 καὶ
3142 4118 3204 4173 ού
3263 4121 3633 4191 παυσομένης,
3683 4119 3800 4175 οὐδ’
3850 4123 3924 4178 ἂν

2248 4203 2414 4260 πλέον
2453 4207 2488 4274 ἢ
2543 4207 2604 4260 σὺ
2654 4207 2858 4280 μανῶσί
2901 4228 3064 4278 τινες,
3117 4207 3243 4262 ἀλλ’
3295 4207 3382 4261 ἐπὶ
3431 4205 3623 4263 πλεῖον
3671 4210 3786 4282 (82)
3819 4212 3918 4268 ἀεὶ

2206 4338 2247 4375 ³⁷
2280 4345 2452 4396 Num.
2486 4358 2600 4412 xxx,
2631 4341 2685 4396 9.
2715 4341 2758 4377 ³⁸
2793 4346 2814 4395 Ι
2845 4345 2970 4398 Cor.
3008 4359 3046 4408 ι,
3079 4343 3168 4396 24.

567 4476 891 4552 (71)⁶Ῐοφιν.
927 4498 954 4526 (ι
989 4475 1327 4552 Serpentem
1376 4490 1751 4544 suspensum.
1790 4497 1818 4523 ››
1850 4475 1928 4529 De
1957 4496 1984 4523 ‹‹
2021 4472 2140 4527 dia-

2272 4493 2405 4552 m},
2419 4496 2463 4552 Δ‹‹
2500 4473 2726 4529 Volitan
2737 4474 2832 4529 tia.
2872 4495 2899 4523 »

497 4547 628 4607 bolo
662 4547 685 4601 ὸ
719 4547 1132 4619 interpretatur
1163 4547 1337 4619 Elias.

565 4621 675 4692 (72)
733 4612 943 4674 Πολλοὶ
997 4617 1091 4689 μὲν
1153 4621 1258 4670 τῶν
1297 4615 1366 4692 ⁸ἐν
1399 4612 1783 4692 ,δυναστεία-ις..
1821 4616 1936 4692 Ηοβ
1964 4618 2134 4692 inter

494 4687 811 4767 generosos
852 4687 1236 4760 conlessores,
1283 4689 1562 4743 Jovianus
1609 4695 1665 4741 et
1685 4687 2130 4746 Valentinianus

489 4768 895 4820 numerantur.

557 4837 670 4906 (73)
703 4833 816 4890 Οὐκ
849 4833 970 4901 ἡνία
1005 4829 1247 4906 μᾶλλον,
1273 4836 1382 4886 etc.
1417 4853 1443 4879 «
1502 4835 1622 4884 Non
1679 4829 1813 4906 plps
1864 4833 2127 4888 maeroris

487 4901 864 4962 ac'molestiae
897 4907 968 4960 ob
999 4901 1118 4971 eos,
1153 4905 1250 4975 qui
1286 4905 1412 4972 ejus
1445 4919 1655 4956 manus
1685 4901 2129 4972 eifugerant,ea-

487 4979 703 5049 piebat,
738 4994 911 5049 quam
962 4980 1175 5030 liducia
1233 4975 1692 5049 pertundebatur
1735 4975 1806 5049 ob
1839 4991 1938 5027 eos
1981 4993 2128 5044 quos

476 5045 604 5120 jam
639 5045 926 5119 cmp'erat;
961 5065 1027 5102 ex
1067 5049 1279 5117 quibus
1327 5048 1435 5099 hoc
1485 5045 1930 5120 assequebatur,
1966 5052 2029 5120 ut
2058 5063 2128 5120 ne

487 5123 558 5174 de
608 5117 741 5174 illis'
772 5121 1006 5190 quidem
1056 5121 1390 5188 desperaret
1421 5140 1434 5180 ς
1466 5133 1662 5170 verum
1716 5117 1983 5170 voluntas
2015 5117 2126 5186 ipsi

488 5193 640 5262 quod
695 5207 796 5260 spe
843 5191 1345 5260 conceperat,jam
1401 5195 1702 5258 acceptum
1746 5195 2123 5258 repraesenta-

483 5267 668 5400 Υθξζῖίί)
703 5330 987 5402 Καμάτων.
1041 5352 1067 5379 ‹‹
1113 5331 1420 5385 Laborum.
1474 5350 1502 5378 »
1550 5328 1644 5383 Sic
1674 5327 1802 5382 Bill.
1844 5329 1903 5382 in
1937 5327 2125 5399 prima

484 5405 622 5460 edit.
656 5405 865 5459 melius
891 5419 1084 5474 quam,
1119 5425 1146 5451 «
1179 5417 1597 5474 aerumnarum.
1630 5421 1657 5449 »

556 5478 668 5547 (75)
701 5469 1148 5547 Πεπετασμὲνοις.
1198 5473 1403 5528 Plures
1447 5472 1589 5542 regii
1635 5469 1880 5539 codices,
1933 5470 2030 5524 Or.
2069 5472 2118 5542 1,

481 5545 644 5604 Pass.
677 5545 1061 5618 πεπταμένοις.

555 5612 1104 5703 ί-76)ΑἸξμπνεόῌμενα.
1169 5616 1263 5670 Sic
1336 5615 1540 5687 legunt
1608 5612 2116 5703 ls‘ilias,ll\iont._et

477 5689 620 5758 ϐαι).
650 5681 896 5749 Ὀοόίοεε
941 5681 1135 5748 tamen
1191 5703 1335 5762 pene
1383 5681 1586 5742 omnes
1635 5684 1850 5740 habent
1879 5681 2115 5758 ἐμπετό-

2321 4546 2742 4619 (77)ῌΠειρᾰται.
2775 4569 2800 4596 α
2836 4545 3210 4616 Aggreditur.
3245 4567 3274 4596 »
3307 4561 3516 4617 nempe
3544 4544 3908 4618 religionem

2248 4616 2640 4671 Christianam
2672 4622 2946 4672 evertere.

2311 4689 2436 4768 (78).
2475 4685 2880 4768 Καρποφορίας.
2918 4686 3139 4768 Biliius.
3172 4691 3303 4768 post
3333 4687 3542 4755 Eliam,
3581 4710 3601 4736 ι
3637 4688 3909 4768 de

2241 4761 2312 4812 sti
2348 4760 2641 4814 oblatione
2672 4783 2698 4808 ‹‹
2737 4760 3152 4829 interpretatur
3175 4760 3326 4812 hanc
3359 4775 3715 4830 vocemque:
3740 4761 3900 4818 nihil

2240 4829 2396 4883 aliud
2431 4837 2602 4884 sonat
2635 4848 2810 4901 quam
2843 4855 2868 4880 ‹‹
2904 4829 3060 4902 orbis
3089 4831 3548 4902 totiusmessem
3585 4829 3613 4878 ιί
3649 4836 3894 4902 frugum

2243 4903 2587 4964 ubertatem,
2623 4900 2686 4956 ut
2712 4903 2856 4956 bene
2886 4901 3083 4955 Comb.
3119 4917 3131 4955 :
3174 4922 3199 4951 ιι
3231 4900 3498 4956 Vitisilla
3517 4900 3896 4971 estquae—or-

2241 4973 2368 5026 bem
2403 4973 2856 5043 implevit,cujus
2882 4973 3089 5027 umbra
3102 4973 3335 5043 roperuit
3356 4981 3645 5026 montes.»
3664 4973 3890 5032 Christi

2244 5042 2500 5113 profecto
2529 5044 2836 5098 baereditas
2868 5049 2956 5098 est
2985 5042 3260 5110 Ecclesia,
3292 5059 3418 5113 quas
3467 5060 3570 5114 per
3599 5046 3888 5113 praedica-

2238 5115 2414 5188 tionis
2447 5115 2751 5188 stultitiam
2785 5116 2981 5188 omnia
3012 5114 3281 5185 pervasit,
3306 5131 3432 5184 quae
3456 5115 3689 5186 quidem
3728 5134 3884 5188 pra-

2237 5185 2450 5239 dicatio
2477 5209 2504 5234 ‹‹
2539 5187 2834 5257 sapientes
2867 5185 3018 5250 vicit,
3050 5205 3080 5238 υ
3112 5190 3222 5240 etc.

2308 5259 2417 5324 (79')
2482 5253 2750 5327 Δαίμονας
2803 5253 3014 5310 ἔπαυσε.
3062 5278 3092 5305 ‹‹
3148 5255 3522 5312 Βωωοοίδυε
3570 5255 3881 5316 silentium

2233 5327 2460 5382 indixit.
2498 5349 2524 5375 ››

2306 5401 2417 5472 (80)
2461 5402 2575 5451 Τῶν
2606 5398 2757 5472 ,Θεῶν
2801 5417 2940 5453 τινα.
2995 5399 3134 5454 Mss.
3205 5414 3317 5453 non
3369 5398 3543 5469 pauci
3587 5397 3651 5453 in
3683 5415 3872 5472 marg.

2233 5469 2503 5535 Διόνυσον,
2543 5493 2562 5518 α
2602 5469 2908 5525 Bacchum.
2942 5491 2972 5519 ››

2300 5542 2413 5614 (81)
2439 5541 2550 5614 Τοῦ
2578 5541 2832 5614 Χριεῑτοῦ-
2869 5541 3005 5614 Res:
3039 5541 3185 5614 bmn
3215 5541 3311 5592 τοῦ
3343 5541 3498 5614 εέερζιρ

2298 5609 2415 5684 (82)
2475 5611 2592 5664 Ἐπὶ
2630 5609 2907 5667 ’πλεῖονω
2955 5609 3302 5686 *ὁρωμένοις
3363 5610 3514 5668 Billi.
3549 5633 3579 5664 ι(
3630 5611 3868 5687 longius
