4202 6212
445 365 560 425 591

1688 364 1754 421 S.
1805 360 2173 422 GREGORII
2219 360 2613 423 THEOLOGI

3740 367 3856 429 592

443 496 582 552 latis
611 496 926 552 excitatum
959 490 1307 559 admiraris;
1341 495 1396 548 et
1425 492 1652 565 PeIOpis
1692 492 2083 561 laniationem,

2204 493 2309 545 τῶν
2343 511 2466 567 περι
2495 495 2748 567 γυναῖκας
2780 492 3149 567 ἀδικημάτων·
3182 494 3275 550 καί
3302 496 3400 565 τὴν
3441 493 3690 559 Πέλοπος

444 586 629 650 illam,
661 585 925 655 inquam,
954 582 1041 637 vel
1088 581 1455 653 hospitalem,
1490 582 1575 637 vel
1609 599 1642 638 a
1670 583 1909 637 deorum
1938 583 2090 637 109

446 691 642 730 amore
673 673 1007 745 profectam,
1041 688 1110 725 ex
1157 688 1267 741 qua
1300 670 1583 743 Pelopida:
1632 673 1703 726 ab
1743 671 2007 725 humeris
2035 676 2093 725 et

446 763 619 819 ebore
648 760 940 817 nobilitati
972 765 1150 817 sunt:
1187 761 1285 832 qui
1334 760 1508 815 etiam
1540 761 1856 833 Phrygum,
1892 759 1991 830 qui
2020 759 2090 814 ti-

443 854 551 910 biae
581 850 867 908 suavitate
899 849 1315 915 mulcentur,et
1344 852 1477 920 post
1507 848 1658 903 tibiae
1692 852 1927 904 cantum
1959 864 2091 904 con-

443 941 691 999 tumelia
720 940 1079 1006 afﬁciuntur,
1132 938 1492 994 exsectiones
1518 962 1532 1006 ;
1563 942 1620 993 et
1652 939 1712 993 in
1742 937 1964 992 Mithrae
1996 952 2089 992 sa-

442 1033 559 1089 cris
590 1030 883 1088 adhibitos
930 1026 1241 1095 cruciatus,
1267 1028 1581 1098 justasque
1625 1030 1725 1082 aut
1753 1027 1929 1082 etiam
1961 1042 2089 1096 my-

440 1122 623 1178 sticas
652 1120 916 1175 ustiones
942 1141 956 1185 ;
988 1120 1044 1172 et
1072 1115 1367 1188 hospitum
1401 1118 1556 1187 apud
1598 1117 1820 1171 Tauros
1850 1115 2088 1183 caedem,

440 1210 702 1281 illudque
731 1207 884 1279 apud
917 1205 1153 1275 Trojam
1186 1204 1389 1276 puellae
1422 1204 1590 1276 regiae
1622 1204 1998 1270 sacriﬁcium,
2031 1208 2090 1260 et

439 1297 711 1355 Mencecei
746 1313 849 1368 pro
880 1294 1175 1350 Thebanis
1207 1294 1403 1349 fusum
1454 1293 1822 1366 sanguinem,
1852 1298 2087 1365 postea-

439 1404 552 1459 que
582 1386 836 1441 ﬁliarum
887 1383 1120 1439 Scedasi
1171 1383 1229 1436 in
1281 1383 1586 1438 Leuctris:
1632 1383 1731 1454 qui
1770 1387 2086 1454 Spartanos

436 1476 833 1533 adolescentes
863 1474 1039 1545 virgis
1070 1488 1198 1527 sese
1228 1471 1552 1527 lacerantes
1582 1473 1810 1541 laudas,
1843 1481 1896 1527 et
1926 1488 2085 1527 aram

437 1582 641 1621 cruore
671 1578 1023 1635 respersam,
1054 1562 1221 1616 deam
1252 1565 1471 1616 castam
1503 1565 1559 1616 et
1586 1561 1871 1633 virginem
1903 1561 2097 1619 oblec.

437 1658 659 1710 tantem
694 1671 707 1709 :
740 1654 841 1724 qui
873 1651 1126 1706 Socratis
1175 1650 1426 1707 cicutam
1480 1650 1731 1717 extollis,
1762 1655 1818 1705 et
1847 1651 2088 1722 Epicteti

436 1760 591 1812 crus,
612 1746 666 1797 et
695 1739 1019 1796 Anaxarchi
1050 1742 1238 1794 utrem
1266 1754 1546 1810 ;quorum
1580 1738 1861 1810 patientia
1890 1744 2089 1795 coacta

435 1832 631 1903 potius
679 1846 746 1886 ac
797 1828 1147 1896 necessaria,
1181 1844 1355 1899 quam
1414 1826 1595 1882 libera
1651 1832 1709 1883 et
1759 1827 2085 1883 voluntaria

437 1924 597 1976 erat:
629 1919 728 1991 qui
758 1918 1106 1974 Cleombroti
1138 1915 1522 1971 Ambraciota:
1555 1914 1876 1983 saltum,ad
1911 1933 2085 1988 quem

436 2027 504 2065 ex
535 2007 717 2064 libelli
748 2010 820 2063 De
849 2007 1040 2061 anima
1086 2005 1330 2061 lectione
1362 2004 1654 2076 impulsus
1685 2010 1775 2060 est
1807 2022 1819 2059 ε
1855 2006 1952 2076 qui
1987 2006 2089 2079 Py-

434 2097 794 2169 thagoricam
827 2095 987 2150 illam
1022 2111 1123 2166 pro
1156 2094 1304 2148 fabis
1338 2093 1790 2161 contentionem,
1826 2099 1883 2149 et
1907 2095 2089 2150 Thea-

434 2190 679 2254 nus,aut
709 2184 902 2240 nescio
951 2185 1121 2254 cujus
1148 2182 1301 2237 alius
1334 2198 1401 2237 ex
1430 2182 1503 2238 iis
1552 2183 1650 2253 qui
1693 2183 2091 2255 Pythagoricis

436 2273 729 2348 mysteriis
749 2273 962 2328 initiati
994 2277 1159 2328 erant
1190 2272 1431 2342 ejusque
1462 2272 1740 2343 dogmata
1769 2274 2095 2344 sequeban-

433 2369 549 2433 tur,
586 2362 795 2419 mortis
825 2360 1339 2433 contemptionem.

433 2472 530 2528 sit.
563 2471 729 2526 Hunc
755 2468 1030 2525 Julianus
1062 2484 1293 2540 rogum,
1337 2472 1617 2541 tanquam
1652 2469 1827 2523 animi
1862 2470 2086 2541 magni-

432 2543 639 2598 tudine
669 2543 887 2597 factum
911 2539 1650 2598 admirabatur.Gregorius
1669 2557 1801 2596 vero
1820 2539 2087 2596 demons-

433 2620 550 2670 trat
578 2615 635 2669 id
660 2612 884 2669 Herculi
911 2611 1313 2667 exinfortunio
1331 2611 1728 2684 etcalamitate
1749 2614 2082 2684 contigisse.

507 2687 620 2757 (95)
646 2683 927 2757 Πέλοπος.
964 2684 1257 2757 Regsbm,
1304 2679 1593 2757 Πέλωποςε
1615 2679 2084 2739 Tantalus'Pelo-

436 2754 569 2829 pem
602 2754 788 2829 lilium
820 2760 1043 2829 coctum
1074 2754 1186 2808 diis
1219 2754 1548 2829 hospitibus
1579 2754 1637 2807 in
1671 2771 1875 2829 mensa
1895 2773 2084 2829 appo-

439 2825 576 2885 suit.
629 2828 715 2881 Illi
766 2844 899 2882 vero
948 2827 1021 2880 ab
1074 2843 1177 2881 esu
1226 2825 1656 2898 abstinuerunt,
1712 2832 1769 2881 et
1817 2825 2084 2898 Pelopem

439 2900 511 2955 ad
540 2900 719 2955 vitam
751 2901 1095 2954 revocarunt
1136 2897 1360 2968 junctis
1408 2898 1693 2968 partibus,
1730 2897 2083 2968 praeterha-

439 2988 667 3026 merum
699 2988 733 3025 a
780 2970 981 3026 Cerere
1024 2975 1312 3035 voratum,
1344 2969 1514 3039 cujus
1560 2968 1685 3024 loco
1734 2971 1967 3025 additus
1999 2976 2087 3027 est

436 3043 751 3099 eburneus.

508 3115 615 3184 (96)
645 3113 746 3173 Τὰς
798 3115 1056 3186 Φρυγῶν-
1076 3108 1330 3186 ἐκτομάς.
1386 3133 1413 3186 ς(
1465 3112 1755 3186 Phrygum
1806 3113 2084 3167 exsectio-

432 3201 556 3241 nes.
593 3183 621 3235 ὴ
654 3186 715 3240 In
749 3183 998 3255 Phrygia
1028 3183 1197 3239 Rheae
1230 3183 1513 3253 templum
1548 3185 1762 3249 erat,in
1798 3201 2081 3255 quo,cum

432 3202 556 3241 nes.
593 3208 621 3235 »
654 3202 715 3240 1n
749 3202 865 3239 νοι-
903 3202 998 3255 gia
1030 3202 1197 3239 noete
1230 3202 1513 3253 templum
1548 3202 1762 3249 erac,in
1798 3202 2081 3255 quo,cum

432 3258 557 3313 dies
589 3258 722 3312 festi
761 3202 1101 3328 agehantur,
1149 3256 1399 3328 nefanda
1430 3255 1487 3309 in
1522 3272 1732 3325 pueros
1770 3256 2084 3311 crudelitas

432 3326 841 3395 adhibebatur,
876 3344 941 3382 ac
971 3326 1130 3382 tibiis
1162 3326 1467 3394 canebant,
1502 3333 1565 3381 ut
1612 3343 1814 3381 eorum
1856 3328 2083 3383 dolores

432 3400 707 3456 lenirent.

500 3471 618 3541 (97)
649 3470 793 3524 Μετὰ
835 3468 926 3522 τὸν
975 3464 1160 3541 αὐλόν.
1214 3466 1489 3523 Permulti
1542 3468 1792 3535 codices,
1847 3467 1974 3523 Ald.
2029 3472 2085 3523 et

433 3536 565 3599 Bas.
597 3536 692 3599 ed.
730 3541 997 3613 μετὰτῶν
1024 3536 1229 3613 αὐλῶν..

500 3605 755 3687 (98)]Εν
814 3610 1021 3683 Μίθρου
1083 3608 1345 3687 βασάνους
1403 3608 1491 3662 καὶ
1551 3607 1765 3687 καύσεις
1822 3605 2080 3687 ἐνδίκους,

432 3678 652 3757 Βιέελι
710 3690 767 3740 et
825 3678 992 3739 Aass.
1062 3678 1154 3742 τὰς
1224 3678 1581 3757 Ezaftqutfrl
1641 3680 1728 3733 καὶ
1803 3682 2079 3757 μζδστικάς.

430 3752 590 3813 Hanc
618 3756 927 3812 lectionem
960 3756 1228 3826 sequitur
1258 3752 1385 3807 Bill.
1424 3752 1625 3809 Melius
1656 3770 1786 3808 vero
1823 3754 2079 3808 Combef.

430 3830 659 3885 videtur
687 3828 928 3883 reddere
976 3827 1172 3881 Greca
1206 3832 1267 3879 ut
1300 3841 1452 3879 nunc
1492 3830 1630 3879 sunt
1665 3842 1679 3884 :
1713 3847 1739 3874 ‹‹
1768 3826 2083 3896 justasque

431 3902 715 3969 ustiones,
749 3900 1028 3971 mysticae
1050 3898 1189 3971 illas
1220 3902 1276 3951 et
1310 3914 1377 3951 ex
1409 3913 1709 3971 sacrorum
1742 3897 1877 3971 ritu,
1912 3919 1941 3971 ν
1972 3903 2079 3951 etc.

433 3973 634 4040 Porro,
658 3968 893 4046 Μίθρου,
924 3970 1186 4046 «solem,
1219 3990 1246 4017 ››
1283 3972 1428 4046 teste
1450 3968 1602 4046 Elia,
1641 3968 1872 4046 plurimi
1909 3968 2082 4023 inter-

435 4039 897 4115 pretantur.'Qui
949 4042 1170 4096 Mithrae
1204 4041 1402 4115 sacris
1447 4039 1714 4115 initiandi
1758 4046 1948 4115 erant,
1984 4056 2085 4110 per

432 4111 741 4170 duodecim
816 4115 1110 4169 cruciatus
1186 4112 1566 4174 ducebantur,
1628 4111 1904 4183 nimirum
1984 4128 2085 4183 per

434 4186 653 4257 ignem,
688 4201 790 4257 per
816 4187 1019 4257 frigus,
1043 4201 1142 4255 per
1174 4184 1405 4257 famem.
1426 4201 1525 4257 per
1556 4183 1852 4253 sitim,per
1883 4182 1916 4236 fl
1938 4199 2079 4255 igra,

436 4254 549 4329 p'ee
566 4254 793 4329 itineris
824 4254 1187 4329 molestiam,
1206 4254 1441 4329 aliaque
1468 4256 1519 4329 id
1556 4272 1759 4323 genus.

505 4328 616 4398 (99)
650 4326 735 4381 ’Ev
767 4324 1014 4390 Ταύροις.
1050 4328 1111 4398 In
1144 4326 1392 4398 Taurica
1421 4325 1797 4398 Chersoneso,
1836 4325 1903 4377 ad
1942 4324 2082 4378 Pon-

431 4395 558 4453 tum
589 4395 901 4460 Euxinum,
924 4402 1049 4453 erat
1076 4397 1308 4467 insigne
1340 4395 1627 4467 templum
1656 4396 1847 4449 Diana:
1880 4411 2079 4449 conse-

434 4473 681 4533 cratum,
714 4468 774 4523 in
807 4485 920 4539 quo
952 4468 1062 4538 ipsi
1099 4465 1366 4539 homines
1416 4465 1900 4539 immolabantur,
1934 4483 2076 4539 pra:-

433 4542 636 4596 sertim
668 4541 717 4596 si
747 4536 849 4612 qui
895 4536 1200 4608 naufragio
1232 4538 1301 4591 ad
1350 4536 1494 4590 istas
1543 4553 1676 4591 oras
1725 4538 1889 4607 ejecti
1938 4536 2080 4592 fuis-

431 4616 581 4668 sent.

501 4684 579 4767 (ι)
611 4680 733 4765 Ἐτξῖ
764 4679 1019 4756 τροίαςυ-
1050 4681 1150 4764 ῖῆς
1194 4673 1481 4767 βασιλικῆς
1511 4675 1883 4767 κάρηεςὲυηι,
1928 4696 2079 4767 επινι-

431 4749 578 4826 nulli
608 4754 728 4826 qui,
767 4749 869 4825 per
900 4775 926 4802 ‹‹
962 4749 1484 4826 τρεῖίιιηίρυοιιιιῐϊι,
1507 4771 1533 4798 ››
1567 4749 1892 4822 intelligant
1928 4750 2080 4826 Iphi-

430 4822 662 4898 geniam
700 4822 1150 4898 Agamemnonis
1185 4822 1613 4898 tiliam,_quam_
1639 4828 1820 4898 pater,
1856 4822 2079 4898 ut_Dia-

432 4892 567 4952 nam
601 4892 814 4953 Graecis
844 4897 1051 4950 iratam
1088 4895 1359 4965 placaret,
1396 4892 1453 4965 in
1490 4892 1691 4948 Aulide
1737 4893 2077 4947 immolavit.

430 4970 647 5024 Verum
698 4969 1016 5023 notandum
1071 4964 1177 5036 est,
1208 4967 1357 5035 quod
1412 4964 1458 5017 si
1508 4983 1574 5019 ea
1621 4972 1773 5018 esset
1822 4965 2079 5036 Gregorii

431 5057 619 5112 mens,
671 5058 784 5096 non
837 5038 921 5092 ἐπὶ
970 5033 1184 5112 Τροίας,
1220 5033 1246 5085 ‹’‹
1282 5036 1433 5107 apud
1478 5037 1734 5112 Trojam,
1779 5033 1947 5112 :{sed
1992 5033 2077 5112 ξπὶ

430 5109 644 5186 Τροίαν,
686 5133 712 5162 α
743 5106 1020 5166 adversus
1053 5106 1371 5186 Trojamﬁ
1406 5106 2077 5186 scripsi_sset._Und_eplef

431 5178 600 5253 rique
632 5183 1001 5253 reperiuntur
1053 5178 1417 5253 interpretes,
1461 5179 1559 5248 qui
1611 5179 1703 5253 hic
1753 5178 2081 5253 intelligant

434 5200 477 5237 r1
529 5200 600 5237 uo
632 5200 1001 5253 reperiuntur
1053 5200 1417 5250 Interprews,
1461 5200 1559 5248 qm
1611 5200 1703 5233 mc
1754 5200 2078 5247 Intelllgant

434 5200 776 5327 Pcflyxenam
831 5252 1276 5327 Priami‘iliam,
1310 5267 1482 5327 quam
1532 5250 1787 5327 Pyrrhus
1840 5248 2078 5327 Achillis

432 5319 706 5381 mahibus
738 5326 1094 5380 immolando
1125 5319 1500 5378 consecravit.
1541 5319 1622 5374 ita
1670 5327 1866 5375 censet
1900 5319 2076 5383 Elius,

472 5397 531 5451 ui
568 5396 713 5452 hanc
746 5397 1049 5451 historiam
1080 5395 1360 5449 veriorem
1382 5408 1509 5447 esse
1534 5391 1777 5461 judicat,
1803 5397 1859 5446 et
1889 5392 2075 5463 magis

472 5414 531 5451 υι
569 5413 713 5452 nanc
748 5413 1049 5451 lllStOI‘lam
1080 5413 1360 5449 veriorem
1382 5413 1552 5461 esse]

428 5413 685 5537 gregarii
718 5470 1087 5523 sermonibus
1118 5469 1552 5537 congruentem.

608 5542 932 5615 Μενοικέως.
970 5533 1296 5615 Menoeceus
1346 5535 1627 5615 Creontis
1660 5533 2073 5615 Thebanorum

427 5607 583 5681 regis
616 5612 770 5667 ﬁlius
801 5617 977 5668 erat.«
999 5612 1139 5666 Cum
1166 5614 1426 5675 autem,»
1448 5607 1636 5681 inquit
1660 5607 2074 5681 Elias,uipsius

424 5678 615 5756 patria
645 5683 794 5740 bello
826 5688 1207 5756 premeretur,
1233 5686 1406 5751 atque
1441 5678 1739 5756 oraculum
1761 5680 1959 5756 datum
1982 5694 2072 5756 es-

425 5750 533 5837 iet,
568 5756 687 5817 fore
720 5761 784 5816 ut
816 5750 1035 5814 Bellum
1063 5750 1550 5833 exstingueretur,
1578 5755 1635 5807 et
1667 5750 1860 5809 hostes
1891 5750 1949 5807 in
1984 5750 2069 5807 fu-

2200 580 2539 655 κρεουργίαν,
2590 582 2687 650 τὴν
2737 580 3038 659 φιλόξενον,
3077 584 3111 653 ἢ
3159 584 3436 659 φιλόθεον,
3487 585 3538 655 ἐξ
3566 589 3632 654 ἧς
3664 585 3852 657 ἐπίση-

2205 689 2297 741 μοι
2351 667 2647 724 Πελοπίδαι
2698 669 2843 745 παρᾶ
2886 676 2993 725 τῶν
3043 670 3210 740 ὥμων
3262 673 3351 728 καὶ
3381 672 3477 728 τοῦ
3518 672 3847 752 ἐλέφαντος*

2200 758 2289 811 καὶ
2335 760 2429 820 τὰς
2479 762 2709 834 Φρυγῶν
2761 758 2993 832 ἐκτομὰς
3026 763 3158 833 (96),
3179 767 3286 816 τῶν
3320 760 3409 817 ὑπ’
3437 762 3608 817 αὐλοῦ
3637 762 3854 836 κηλου-

2205 844 2398 918 μένων,
2453 849 2541 901 καὶ
2602 848 2737 919 μετὰ
2786 848 2874 902 τὸν
2927 847 3091 904 αὐλὸν
3134 854 3245 923 (97)
3297 846 3707 927 ὑϐριζομένων
3758 853 3850 910 καὶ

2196 936 2290 997 τὰς
2342 935 2393 990 ἐν
2444 936 2654 1012 Μίθρου
2708 936 2970 1013 βασάνους
3018 940 3107 993 καὶ
3155 940 3369 1003 καύσεις
3435 939 3674 1004 ἐνδίκους
3735 946 3851 1017 (98)

2196 1024 2289 1085 τὰς
2345 1026 2604 1097 μυστικάς
2632 1045 2643 1057 ·
2689 1026 2780 1079 καὶ
2825 1027 2924 1095 τὴν
2969 1026 3018 1081 ἒν
3075 1028 3301 1105 Ταύροις
3338 1032 3451 1103 (99)
3481 1030 3837 1105 ξενοκτονίαν,

2193 1112 2283 1167 καὶ
2313 1114 2409 1182 τὴν
2442 1113 2527 1168 ἐπὶ
2576 1114 2768 1189 Τροίας
2820 1115 3002 1178 θυσίαν
3052 1123 3151 1187 τῆς
3200 1117 3489 1193 βασιλικῆς
3517 1119 3688 1196 κόρης
3720 1122 3797 1194 (1)
3833 1140 3846 1156 ’

2196 1202 2286 1256 καὶ
2334 1204 2394 1256 τὸ
2442 1202 2746 1266 Μενοικέως
2804 1206 2879 1279 (2)
2932 1205 3062 1280 ὑπὲρ
3120 1202 3315 1275 Θηϐῶν
3372 1208 3528 1281 αἷμα,
3586 1208 3677 1263 καὶ
3733 1213 3842 1264 τῶν

2199 1288 2469 1346 Σκεδάσου
2529 1290 2833 1369 θυγατέρων
2896 1295 2971 1366 (3)
3026 1294 3076 1349 ἐν
3136 1294 3429 1369 Λεύκτροις
3490 1296 3749 1371 ὕστερον²
3812 1299 3841 1353 ὁ

2195 1378 2321 1442 τοὺς
2380 1380 2727 1443 Λακωνικοὺς
2787 1380 3017 1437 ἐπαινῶν
3087 1379 3322 1460 ἐφήϐους
3373 1384 3721 1458 ξαινομένους
3769 1388 3853 1459 (4)

2194 1474 2312 1530 ταῖς
2371 1468 2602 1541 μάστιξι,
2660 1470 2749 1523 καὶ
2805 1468 2868 1525 τὰ
2928 1466 3232 1545 ἐπιϐώμιον
3296 1475 3431 1546 αἷμα
3481 1475 3679 1549 τέρπον
3728 1477 3851 1530 Θιᾶν

2196 1558 2361 1633 ἀγνήν
2413 1564 2501 1612 καί
2552 1557 2847 1632 παρθένον·
2910 1560 2937 1613 ὁ
2988 1561 3050 1615 τὸ
3102 1563 3422 1637 Σωκράτους
3468 1562 3703 1639 ἐπαίρων
3764 1568 3849 1638 (5)

2196 1648 2444 1716 κώνειον,
2520 1647 2608 1701 καὶ
2683 1648 2746 1701 τὸ
2819 1652 3143 1719 Ἐπικτήτου
3204 1649 3394 1713 σκέλος
3451 1655 3551 1725 (6),
3608 1653 3699 1707 καὶ
3750 1654 3844 1708 τὸν

2197 1736 2531 1812 Ἀναξάρχου
2557 1736 2786 1801 θύλακον
2809 1740 2907 1811 (7),
2933 1739 3004 1792 ὧν
3031 1739 3288 1815 ἀναγκαία
3311 1738 3521 1814 μᾶλλον
3546 1742 3580 1810 ἢ
3601 1740 3847 1805 ἑκούσιος

2198 1825 2231 1880 ἁ
2261 1824 2589 1903 φιλοσοφίαο
2642 1826 2731 1881 καὶ
2777 1825 2837 1881 τὸ
2886 1823 3281 1902 Κλεομϐρότου
3328 1826 3681 1903 κήδημακτοῦ
3714 1833 3852 1905 Ἀμ-

2195 1910 2501 1990 ϐρακιώτου
2550 1916 2647 1989 (8),
2696 1919 2775 1987 τῷ
2818 1916 2947 1991 Περὶ
2995 1920 3181 1992 ψυχῆς
3230 1917 3381 1994 λόγῳ
3424 1916 3838 1997 φιλοσοφηθέν-

2200 2003 2287 2057 καὶ
2318 2004 2415 2071 τὴν
2451 2003 2583 2078 ὑπὲρ
2631 2008 2737 2058 τῶν
2789 2003 3011 2076 κυάμων
3045 2007 3425 2082 Πυθαγορικὴν
3478 2010 3552 2080 (9)
3582 2005 3847 2080 ⁵ίένστειιετιν,

2200 2093 2289 2147 καὶ
2365 2091 2590 2156 θανάτου
2660 2093 3046 2171 περιφρόνησιν
3122 2100 3351 2159 Θεανοῦς
3434 2099 3567 2171 (10),
3645 2100 3679 2167 ἦ
3752 2098 3854 2155 οὐκ

2234 2179 2302 2235 ἴεν
2382 2179 2409 2198 ’γ
2540 2204 2559 2216 ρ
2640 2186 2665 2196 ~
3170 2204 3173 2205 ,

2203 2203 2230 2236 ο
2258 2190 2284 2236 ὸ
2351 2203 2557 2244 ουτινο..
2601 2204 2704 2237 των
2752 2184 2820 2237 τὰ
2863 2182 3064 2238 ἐκείνου
3112 2184 3507 2259 τετελεσμένων
3539 2187 3573 2255 ἢ
3620 2184 3853 2265 φιλοσο-

2203 2270 2506 2348 φησάντων.

2197 2485 2330 2540 gam
2361 2471 2745 2541 verterentur,
2779 2468 2825 2523 si
2860 2469 2992 2540 quis
3023 2485 3053 2523 e
3082 2469 3239 2541 regia
3268 2469 3492 2526 familia
3521 2475 3850 2539 necaretur,

2196 2538 2257 2596 re
2288 2538 2519 2609 cognita
2551 2538 2893 2612 ille,_inscio
2918 2545 3101 2612 patre,
3134 2538 3197 2597 se
3228 2545 3285 2597 in
3321 2548 3564 2598 mortem
3599 2544 3779 2599 dedit.
3812 2538 3843 2595 ,δ

2268 2611 2343 2682 (3)
2362 2606 3151 2685 Tamfﬁzeaetsouiﬁuyinéptov.
3188 2634 3218 2685 ις
3246 2614 3480 2670 Scedasi
3513 2614 3791 2683 filiarum,
3813 2637 3841 2668 ι

2196 2699 2321 2753 quis
2353 2698 2385 2735 a
2416 2682 2771 2752 quibusdam
2805 2682 3257 2739 Lacedaemoniis
3286 2686 3338 2738 vi
3381 2688 3617 2742 fuerunt
3646 2682 3845 2742 corru-

2197 2758 2324 2824 ptae,
2358 2758 2532 2823 atque
2563 2754 2737 2809 etiam
2770 2755 2919 2811 ferro
2951 2756 3342 2812 occisaﬂanc
3373 2757 3677 2813 historiam
3710 2775 3846 2813 nar-

2196 2831 2285 2880 rat
2314 2825 2677 2880 Plutarchus.

2266 2896 2342 2967 (4)
2372 2894 2503 2955 Τοὺς
2536 2894 2949 2956 Λακωνικοὺς...
2984 2896 3349 2972 ξαινομένους,
3398 2903 3509 2972 etc.
3547 2922 3574 2950 ‹‹
3606 2899 3845 2972 Sparta-

2196 2984 2401 3041 neos...
2436 2985 2683 3041 quorum
2718 2985 2960 3040 corpora
3011 2969 3209 3041 flagris
3241 2970 3598 3025 dilaniantur
3622 2969 3691 3037 ;”ι
3729 2989 3845 3027 non

2195 3039 2430 3108 quidem
2466 3039 2575 3109 ipsi
2598 3039 2842 3110 seipsos,
2863 3044 2963 3095 aut
2986 3039 3281 3106 aliilalios,
3304 3048 3366 3096 ut
3395 3044 3584 3097 reddit
3614 3043 3844 3110 Billius,

2195 3111 2499 3183 caederent,
2533 3111 2632 3165 sed
2665 3112 2736 3165 ab
2760 3112 2867 3183 eis
2898 3112 2995 3182 qui
3028 3112 3165 3167 huic
3194 3113 3558 3183 Epheborum
3605 3116 3845 3169 carnifi-

2198 3181 2341 3236 cinae
2402 3188 2685 3252 prazerant
2740 3181 3181 3239 dilaniarentur.
3241 3181 3326 3239 lta
3409 3186 3524 3240 fere
3584 3185 3843 3241 Combef.

2196 3253 2363 3328 Apud
2399 3254 2859 3328 hacedaemonios
2908 3256 2965 3328 in
2998 3255 3285 3328 honorem,
3328 3255 3515 3311 Diana
3547 3258 3845 3328 quoddam

2194 3325 2594 3398 celebrabatur
2626 3326 2862 3398 festum,
2906 3327 2961 3380 in
2996 3344 3108 3398 quo
3162 3325 3581 3394 adolescentes,
3615 3330 3845 3384 fortitu-

2193 3396 2347 3473 diuis
2368 3396 2659 3473 _nimirum
2686 3397 2980 3468 specimen
3014 3396 3418 3473 ‘praaferentes,
3448 3400 3647 3473 flagris
3676 3418 3840 3473 pros-

2193 3467 2604 3542 cindebantur,
2633 3474 2688 3522 et
2713 3485 2883 3542 aram
2908 3467 3194 3541 sanguine
3229 3467 3662 3542 respergeb'ant.

2264 3540 2335 3610 (5)
2369 3538 2713 3614 ⁸Σωκράτους
2759 3535 3134 3614 έπαξρωνῘΙζιι
3184 3535 3361 3614 Βθεέ.
3396 3535 3458 3609 uv,
3502 3558 3558 3612 Χ,
3590 3559 3647 3614 y,
3678 3540 3840 3597 Colb.

2189 3611 2244 3685 3_,
2276 3616 2331 3665 et
2360 3610 2454 3665 Or.
2488 3610 2711 3685 l’._Ouas
2759 3610 2927 3667 lectio
2958 3612 3240 3685 orationis
3272 3610 3464 3685 scopo
3494 3610 3845 3685 convenien-

2192 3681 2304 3736 tior
2333 3698 2509 3754 quam
2545 3678 2799 3754 ἐπαινῶν,
2820 3683 2975 3754 quod
3007 3689 3201 3738 tamen
3233 3700 3364 3739 cum
3394 3678 3589 3749 editis,
3613 3684 3845 3740 codices

2194 3770 2306 3807 non
2341 3753 3107 3825 paucirexhibentSocrates
3132 3760 3315 3810 morte
3336 3756 3841 3825 damnatus,quod

2194 3842 2339 3879 nova
2366 3824 2630 3899 quaedam
2683 3826 2967 3899 daemonia
3016 3827 3318 3883 induceret
3361 3843 3426 3882 ac
3476 3824 3841 3899 praedicaret.

2191 3900 2361 3966 epota
2390 3896 2579 3950 cicuta
2609 3896 2844 3951 interiit.

2264 3968 2341 4035 (ὃ)
2391 3966 2717 4034 Ἐπικτήτου
2766 3963 2977 4026 σκέλος.
3013 3991 3039 4017 ‹‹
3072 3968 3315 4039 Epicteti
3367 3984 3520 4024 crus.
3568 3991 3598 4019 »δ
3630 3968 3776 4025 Cum
3808 3986 3846 4026 Β.

2192 4042 2437 4110 tyranno
2469 4040 2720 4109 quodam
2754 4040 2983 4094 vinctus
3012 4040 3219 4095 fuisset
3266 4041 3579 4110 Epictetus,
3613 4042 3843 4096 diutur-

2193 4126 2265 4163 no
2300 4115 2433 4182 post
2455 4114 2711 4181 tempore
2760 4112 3169 4182 interrogatus,
3205 4116 3401 4165 utrum
3450 4112 3594 4168 solvi
3624 4111 3845 4168 vellet?

2200 4203 2219 4229 ι
2255 4180 2442 4250 quid?
2476 4204 2502 4229 ››
2537 4180 2745 4252 inquit,
2778 4205 2806 4231 «
2840 4200 2911 4252 an
2944 4180 3171 4237 vinctus
3207 4200 3338 4237 sum
3361 4182 3388 4236 ?
3418 4204 3446 4233 ››

2262 4253 2336 4323 (7)
2388 4251 2721 4325 Ἀναξάρχου
2774 4251 3027 4306 Θύλακον.
3088 4276 3115 4303 ‹‹
3169 4254 3494 4309 Anaxarchi
3549 4257 3759 4310 utrem.
3808 4277 3843 4305 ιι

2262 4271 2336 4323 (ι)
2404 4271 2627 4325 Avagap‘
2657 4272 2721 4305 ου
2774 4271 3027 4306 υυΛακον.
3088 4276 3115 4303 ‹‹
3169 4271 3494 4309 anaxarcm
3549 4271 3759 4310 mrem.
3808 4277 3843 4305 ιθ

2193 4324 2571 4398 Anaxarchus
2608 4271 2989 4398 [ﬁxilosophus
3012 4326 3083 4398 ab
3116 4325 3391 4398 Archelao
3410 4331 3656 4398 tyranno
3688 4342 3843 4380 com-

2233 4395 2537 4460 rehensus,
2569 4412 2702 4450 cum
2732 4396 2788 4449 in
2827 4397 3101 4451 mortario
3124 4397 3371 4465 injectus
3402 4395 3743 4452 tunderetur
3772 4402 3841 4453 ut.

2233 4413 2537 4460 renensns,
2569 4413 2702 4450 cum
2732 4413 2788 4449 in
2827 4413 3101 4451 mortario
3124 4413 3371 4465 injectus
3402 4413 3743 4452 tunderetur
3772 4413 3838 4453 ut

2191 4413 2522 4539 Eordeum:
2562 4487 2587 4517 «
2616 4468 2931 4533 Tundite,»
2964 4468 3172 4539 inquit,
3190 4492 3216 4516 ‹‹
3249 4468 3571 4524 Anaxarchi
3606 4474 3838 4537 utrem;

2191 4554 2377 4608 neque
2407 4537 3001 4608 enim_Anaxarchum
3036 4537 3304 4594 tunditis.
3339 4562 3367 4608 )3

2115 4593 2158 4656 D
2381 4602 2763 4695 Ιςλεομόρότου
2812 4606 3053 4695 attenuat.
3089 4613 3205 4695 τοὶ
3233 4603 3669 4695 Ἀμᾷρακιώτου.
3717 4608 3844 4666 Cle-

2190 4680 2674 4749 0mbrotus,lcct0
2711 4680 3144 4737 Platonislibro
3168 4683 3240 4737 De
3271 4680 3581 4737 a'nimorum
3614 4685 3842 4737 immor-

2190 4750 2429 4825 talitate,
2465 4757 2624 4825 tanto
2674 4754 2799 4825 eius
2835 4770 3029 4807 amore
3082 4755 3315 4819 exarsit,
3350 4759 3413 4808 ut
3462 4756 3656 4808 statim
3693 4770 3842 4825 pra-

2192 4822 2388 4893 cipitio
2440 4824 2611 4878 vitam
2666 4824 2896 4880 ﬁnierit.
2946 4834 3120 4895 Aug,
3170 4826 3244 4879 De
3292 4827 3393 4881 civ.
3444 4827 3558 4891 Dei,
3612 4825 3649 4879 l.
3693 4822 3732 4892 ἰ,
3784 4842 3839 4881 c.

2189 4896 2278 4947 2‘3.

2259 4964 2335 5036 (9)
2361 4964 2533 5039 Τὴν...
2572 4965 2966 5039 Πυθαγορικήν,
3001 4970 3105 5039 etc.
3144 4964 3644 5039 «Pythagoricam
3679 4964 3841 5021 illam

2190 5052 2292 5105 pro
2326 5037 2470 5090 fabis
2519 5036 2970 5091 contentionem.
3007 5062 3028 5088 ι
3066 5036 3421 5107 Pythagoras
3451 5055 3479 5092 ε
3530 5037 3678 5091 fabis
3703 5039 3843 5092 abs-

2190 5107 2371 5161 tinere
2404 5112 2715 5162 sectatores
2764 5125 2903 5163 suos
2943 5109 3207 5177 jubebat,
3242 5110 3409 5177 cujus
3443 5109 3520 5163 rei
3566 5108 3661 5163 alii
3693 5109 3845 5164 alias

2190 5179 2437 5251 afferunt
2472 5180 2745 5235 rationes.
2779 5182 2924 5234 Sunt
2954 5180 3053 5251 qui
3085 5178 3416 5235 existiment
3448 5182 3843 5251 Pythagoram

2191 5250 2333 5302 nihil
2367 5250 2522 5304 aliud
2556 5251 2826 5317 voluisse,
2848 5250 3023 5320 quam
3059 5256 3120 5304 ut
3153 5267 3291 5305 suos
3320 5250 3748 5320 dehor’taret’ur,
3770 5267 3847 5306 ne

2180 5322 2474 5395 judicunr
2502 5339 2741 5377 munere
2781 5324 3179 5395 fungerentur.
3228 5322 3457 5379 Veteres
3486 5339 3744 5395 namque
3776 5323 3841 5378 in

2178 5392 2418 5462 judiciis
2453 5393 2704 5448 ferendis
2736 5392 3248 5448 fabis'utebantur.
3444 5418 3447 5421 λ

2254 5463 2365 5537 (lQ)
2399 5468 2649 5537 Θεανοῦς.
2681 5466 2914 5519 Theano
2945 5483 2977 5519 a
3009 5470 3253 5536 tyranno
3291 5462 3737 5537 comprehensa,
3766 5478 3849 5521 ne

2185 5535 2541 5590 cruciatibus
2562 5537 2759 5608 patriae
2792 5554 3004 5591 arcana
3020 5535 3325 5591 enuntiare
3356 5535 3680 5607 cogeretur,
3701 5552 3843 5591 con-

2183 5610 2408 5683 temptu
2460 5609 2664 5683 mortis
2695 5624 3084 5683 commorsam
3136 5608 3421 5683 linguam,
3454 5625 3521 5665 ac
3560 5608 3841 5665 dentibus

2183 5678 2433 5732 excisam
2468 5678 2526 5735 in
2558 5684 2871 5754 tyrannum
2905 5679 3126 5755 expuit.
