4202 6212
373 400 493 460 593

1366 396 1656 458 ORATIO
1700 395 1805 456 IV.
1840 426 1917 439 —
1951 392 2263 454 CONTRA
2308 393 2706 456 JULIANUM
2751 395 2799 455 Ι.

3675 395 3794 458 594

443 530 562 588 ΘΝ.
597 530 673 583 Σὺ
706 525 782 601 δὲ,
807 528 852 583 εί
887 529 961 602 μὴ
996 527 1188 600 ὶκεῖνα,
1218 528 1285 583 τά
1322 548 1385 604 γε
1414 527 1655 605 παρόντα
1683 521 2029 600 θαύμασον,ὧ

2220 526 2403 582 LXXI.
2440 527 2601 591 Quod
2633 527 2683 584 si
2725 531 2786 582 tu
2820 527 3123 600 superiora
3149 526 3251 583 illa
3290 530 3491 583 nostra
3532 544 3650 585 non
3679 528 3792 586 mi-

374 618 787 696 ριλοσοφώτατε
815 617 905 673 καὶ
938 617 1297 693 γενναιότατε,
1329 618 1420 673 καὶ
1449 618 1576 679 τυὺς
1623 612 2033 691 Ἐπαμινώνδας

372 707 613 768 ἐκείνους
641 708 732 761 καί
765 707 1070 769 Σκιπίωνας
1102 712 1170 781 τῇ
1201 706 1456 783 καρτερίᾳ
1490 707 1729 783 βλέπων·
1764 706 1791 760 ὁ
1825 700 2032 777 συμϐα-

376 794 543 866 δίζων
572 800 651 867 τῷ
682 800 913 872 στρατῷ,
946 795 1033 850 καὶ
1074 801 1195 850 σῖτα
1226 796 1545 869 αἱρούμενος
1570 793 1783 871 σχὲὸια,
1815 794 1904 848 καὶ
1932 794 2030 861 τὴν

376 884 676 960 αὐτουργὸν
708 884 939 939 ἐπαινῶν
974 883 1329 960 στρατηγίαν.
1371 884 1521 938 Ἔστι
1553 904 1637 937 τοι
1670 882 1914 957 γενναίου
1943 881 2033 934 καὶ

380 974 684 1054 φιλοσόφου
713 977 899 1050 ψυχῆς
934 971 1073 1047 μηδέ
1093 973 1373 1046 πολεμίων
1403 973 1596 1045 ἀρετὴν
1629 968 2032 1043 ἀτιμάζειν,καὶ

376 1063 571 1120 πλεῖον
598 1062 779 1136 νέμειν
810 1063 1021 1139 ἐχθρῶν
1053 1062 1386 1139 γενναιότητι
1418 1064 1451 1132 ἣ
1488 1062 1648 1132 κακίᾳ
1678 1064 1782 1115 τῶν
1834 1059 2031 1114 οίκειο-

375 1155 550 1208 τάτιον
583 1158 672 1207 καὶ
706 1152 968 1224 μαλακίᾳ.
992 1153 1149 1224 Ὁρᾷς
1182 1152 1308 1213 τοὺς
1339 1147 1524 1212 ἀϐίοος
1565 1149 1790 1211 τοότους
1821 1149 1909 1203 καὶ
1941 1148 2031 1202 ἀν-

374 1241 608 1309 εστίους,
648 1241 737 1296 καὶ
770 1239 1036 1315 ἀσάρκους
1076 1244 1272 1315 μικροῦ
1299 1240 1388 1294 καὶ
1420 1239 1735 1311 ἀναίμονας,
1786 1239 1874 1291 καὶ
1922 1241 2034 1308 Θεῷ

373 1330 511 1386 κατά
540 1328 701 1385 τοῦτο
750 1328 1193 1399 πλησιάζοντας;
1241 1329 1366 1390 τοὺς
1415 1325 1780 1389 ἀνιπτόποδας
1811 1326 1899 1381 καὶ
1932 1347 2033 1402 χα-

380 1418 659 1493 μαιεύνας,
694 1420 724 1474 ὃ
753 1440 914 1496 φησιν
946 1422 1056 1492 (11)
1087 1420 1115 1472 ὁ
1147 1418 1239 1480 σὸς
1268 1420 1543 1493 Ὅμηρος,
1569 1415 1660 1471 ’ίνα
1689 1417 1808 1472 τινὰ
1839 1414 2032 1488 δαιμό-

377 1531 483 1564 νων
542 1510 752 1581 τιμήσῃ
808 1512 886 1579 τῷ
943 1509 1223 1581 πλάσματι
1297 1510 1433 1581 (12),
1500 1506 1626 1567 τοὺς
1700 1507 1846 1560 κάτω
1919 1507 2033 1578 (13)

378 1598 469 1653 καὶ
526 1598 656 1672 ὑπὲρ
706 1598 775 1652 τὰ
821 1597 1011 1665 itaita);
1062 1598 1192 1659 τοὺς
1240 1597 1293 1651 ἐν
1328 1596 1651 1671 ἀνθρώποις,
1685 1596 1773 1649 καὶ
1808 1595 1937 1669 ὑπὲρ
1967 1596 2034 1649 τὰ

378 1686 727 1763 ἀνθρώπινα;
776 1686 906 1749 τοὺς
956 1683 1292 1759 δεδεμένους,
1338 1684 1426 1739 καὶ
1488 1684 1839 1760 ἐλευθέρους
1904 1684 2033 1746 τοὺς

377 1776 839 1852 κεκρατημένους,
863 1776 953 1829 καὶ
986 1776 1361 1850 ἀκρατήτους;
1396 1775 1469 1827 ὧν
1504 1771 1655 1828 οὐδὲν
1708 1773 1759 1827 ἐν
1817 1771 2031 1846 κόσμῳ.

376 1863 467 1920 καί
513 1865 684 1919 πάντα
721 1865 790 1920 τὰ
840 1864 972 1939 ὑπὲρ
1020 1863 1266 1936 κόσμον;
1317 1864 1390 1916 ὠν
1442 1860 1669 1918 διπλοῦν
1710 1862 1773 1916 τὸ
1806 1861 1918 1936 ζῇν,
1969 1862 2033 1916 τὸ
2066 1905 2113 1967 Β

426 1954 441 1967 .
540 1953 554 1967 .
761 1954 772 1967 ,
1065 1953 1078 1967 .
1147 1949 1190 1967 «ε.
1394 1948 1418 1967 ρ.
1462 1951 1516 1967 ..,
1842 1950 1853 1967 ς
1954 1948 1977 1967 δ
2016 1950 2029 1967 κ

386 1954 481 2027 μὶν
534 1953 977 2029 ὑπερορώμενυν,
1025 1953 1089 2007 τὸ
1144 1949 1201 2007 δὲ
1247 1948 1679 2024 σπουδαζόμενον
1716 1969 1729 2019 ;
1773 1950 1900 2012 τοὺς
1951 1948 2039 2004 διὰ

380 2044 481 2111 τὴν
537 2043 798 2119 νέκρωσιν
854 2041 1167 2105 ἀθανάτους,
1217 2040 1344 2102 τοὺς
1400 2038 1489 2094 διὰ
1539 2039 1691 2095 λύσιν
1744 2043 1857 2113 (14)
1925 2044 2039 2111 Θεῷ

386 2130 803 2205 συνημμένους;
853 2130 984 2191 τοὺς
1030 2127 1132 2200 ἕξω
1180 2128 1352 2193 πόθου
1407 2132 1539 2203 (15),
1599 2130 1688 2183 καὶ
1757 2129 1889 2201 μετὰ
1943 2132 2038 2182 τοῦ

387 2221 533 2275 θείου
589 2219 677 2275 καὶ
729 2219 967 2281 ἀπαθοῦς
1013 2218 1254 2295 ἔρωτος;
1307 2220 1379 2272 ὦν
1430 2220 1464 2287 ἡ
1508 2219 1662 2292 πηγή
1708 2221 1805 2273 τοῦ
1837 2218 2037 2295 φωτὸς,

381 2310 470 2364 καὶ
523 2307 595 2363 ὧν
644 2306 752 2379 δη
801 2309 870 2362 τὰ
921 2307 1353 2382 ἀπαυγάσματα;
1397 2307 1469 2361 ὧν
1504 2308 1558 2360 αἱ
1589 2304 1869 2382 ἀγγελικαὶ
1899 2305 2038 2379 ψαλ-

386 2396 608 2472 μῳδίαι,
640 2396 733 2452 καὶ
764 2400 798 2467 ἡ
849 2398 1124 2472 πάννυχος
1174 2398 1378 2465 στάσις,
1429 2396 1517 2451 καὶ
1568 2398 1602 2465 ἡ
1650 2400 1747 2451 τοῦ
1777 2400 1871 2450 νοῦ
1903 2396 2039 2471 πρὸς

379 2488 510 2544 Θεὸν
561 2484 798 2558 ἐκδημία
841 2487 1371 2562 προαρπαζομὲνου;
1417 2486 1488 2539 ὧν
1546 2488 1580 2555 ἡ
1642 2487 1919 2560 κάθαρσις,
1952 2485 2041 2539 καὶ

383 2577 457 2631 ὧν
490 2577 553 2631 τὸ
602 2574 949 2651 καθαίρεσθαι
998 2578 1133 2649 (16),
1188 2572 1357 2647 μηδὲν
1412 2573 1604 2651 μὲτρον
1660 2572 1881 2629 εἰδότων
1914 2573 2039 2628 ἀνα-

382 2660 582 2726 ϐἑσεως
630 2666 719 2720 καὶ
761 2666 1017 2727 θεώσεως
1053 2684 1066 2722 :
1112 2666 1186 2718 ὦν
1237 2665 1290 2718 αἱ
1329 2664 1542 2740 πέτραι,
1574 2664 1663 2718 καὶ
1695 2669 1768 2717 ὡν
1802 2665 1853 2717 οἱ
1881 2662 2041 2738 οὐρα-

380 2753 504 2823 νοί;
536 2754 608 2808 ὧν
635 2754 699 2809 τὸ
730 2752 998 2832 ὶρῥίφθαι,
1048 2752 1137 2807 καὶ
1185 2755 1259 2806 ὠν
1308 2754 1359 2807 οἱ
1408 2752 1629 2828 θρόνοι;
1664 2751 1735 2807 ὦν
1774 2755 1809 2822 ἡ
1840 2751 2043 2828 γυμνό-

380 2864 505 2912 της,
538 2843 627 2897 καὶ
660 2843 733 2897 ὧν
768 2842 1064 2921 ἀφθαρσίας
1099 2840 1340 2915 ἕνδυμα;
1376 2844 1449 2897 ὧν
1482 2844 1516 2911 ἡ
1560 2842 1779 2918 ἐρημία,
1830 2841 1919 2896 καὶ
1970 2839 2042 2896 ὧν

382 2935 420 3002 ἠ
462 2930 660 2996 ἐκεῖθεν
695 2934 1034 3008 πανήγυριςς
1068 2932 1142 2986 ὧν
1181 2932 1244 2986 τὸ
1275 2933 1637 3006 τυραννεῖσθαι
1685 2932 1778 2994 τὰς
1822 2927 2042 3001 ἡδονὰς,

388 3021 478 3075 καὶ
510 3024 584 3075 ὠν
618 3022 654 3091 ἡ
706 3018 1005 3083 ἀπόλαυσις
1052 3023 1162 3095 (17)
1215 3021 1249 3091 ἡ
1292 3018 1490 3081 ἄλυτος
1518 3023 1632 3091 (18)
1661 3020 1751 3075 καὶ
1782 3019 2043 3098 ἀνέκφρα-

389 3130 550 3178 στοςς
580 3111 653 3164 ὧν
684 3109 748 3164 τὸ
797 3107 1027 3185 δάκρυον
1082 3108 1345 3186 ἁμαρτίας
1395 3107 1795 3181 κατακλυσμὸς,
1837 3108 2044 3180 κόσμου

386 3200 716 3272 κασάρσιον;
799 3200 873 3253 ὧν
947 3197 1157 3261 ἔκτασις
1236 3202 1437 3273 χειρῶν
1513 3196 1693 3273 φλόγα
1777 3192 2044 3265 σϐέννυσι,

2146 618 2317 683 raris,
2350 620 2409 671 at
2441 620 2595 672 certe
2625 617 2934 689 praesentia
2956 617 3188 686 mirare,
3213 633 3244 672 o
3275 616 3538 672 omnium
3566 619 3795 692 sapien-

2144 706 2374 761 tissime
2406 711 2461 759 et
2483 705 2817 774 fortissime,
2838 706 2933 777 qui
2966 706 3401 778 Epaminondas
3430 706 3561 763 illos
3582 712 3640 763 et
3668 709 3794 765 Sci-

2145 795 2347 866 piones
2370 793 2688 849 tolerantiae
2712 796 2933 851 ratione
2958 796 3241 851 intuearis
3276 811 3288 849 :
3324 796 3422 867 qui
3454 796 3631 852 simul
3654 815 3790 855 cum

2145 884 2397 939 exercitu
2432 884 2540 938 iter
2572 885 2785 956 carpis,
2819 889 2876 939 et
2922 885 3138 941 victum
3188 889 3423 940 tenuem
3458 902 3524 941 ac
3554 886 3788 944 obvium

2145 972 2534 1044 amplecteris,
2565 976 2620 1027 et
2640 989 2765 1027 eam
2792 973 3027 1044 gerendi
3052 972 3189 1029 belli
3208 973 3493 1030 rationem
3515 974 3789 1033 laudibus

2145 1061 2336 1127 effers,
2370 1062 2429 1115 in
2480 1077 2596 1132 qua
2626 1062 2743 1116 dux
2780 1054 2987 1116 omnia
3017 1079 3120 1133 per
3151 1077 3212 1117 se
3262 1063 3657 1119 administrat.
3688 1065 3790 1121 Est

2145 1152 2361 1221 quippe
2413 1151 2679 1221 generosi
2710 1155 2765 1205 et
2814 1150 3095 1223 sapientis
3139 1152 3294 1205 110
3335 1152 3535 1219 animi,
3570 1171 3642 1208 ne
3688 1154 3789 1209 ho-

2144 1240 2323 1295 stium
2346 1239 2581 1311 quidem
2605 1241 2878 1294 virtutem
2900 1243 3293 1306 contemnere,
3310 1257 3508 1296 verum
3530 1241 3790 1298 hostium

2145 1328 2473 1384 fortitudini
2509 1328 2641 1399 plus
2686 1330 2943 1384 tribuere
2974 1345 3151 1400 quam
3200 1346 3464 1398 suorum,
3493 1331 3669 1385 etiam
3703 1332 3791 1387 fa-

2144 1417 2705 1487 miliarissimorum,
2742 1418 2980 1490 ignaviae
3013 1423 3187 1490 atque
3218 1416 3508 1490 languori.
3542 1419 3792 1475 Videsne

2143 1506 2250 1561 hos
2278 1507 2406 1561 vitae
2439 1507 2817 1561 facultatibus
2847 1512 3134 1572 carentes,
3157 1512 3215 1561 et
3244 1506 3387 1562 laris
3406 1510 3691 1579 expertes,
3725 1524 3792 1564 ac

2143 1612 2315 1650 carne
2348 1595 2525 1651 ferme
2556 1600 2613 1649 et
2643 1596 2927 1667 sanguine
2959 1596 3291 1662 destitutos,
3339 1612 3524 1667 eoque
3557 1596 3683 1668 ipso
3716 1598 3788 1652 ad

2143 1685 2325 1740 Deum
2359 1685 2599 1756 propius
2648 1685 3036 1740 accedentes?
3079 1685 3207 1750 hos,
3239 1685 3501 1755 inquam,
3542 1685 3791 1756 pedibus

2143 1773 2358 1842 illotos,
2392 1778 2448 1828 et
2480 1773 2641 1828 humi
2674 1774 2978 1839 cubantes,
3006 1774 3160 1845 quod
3196 1772 3277 1828 ait
3306 1778 3444 1828 tuus
3474 1778 3786 1845 Homerus,

2144 1868 2209 1918 ut
2237 1863 2345 1918 hoc
2376 1862 2656 1935 ﬁgmento
2702 1863 3034 1918 daemonum
3085 1863 3396 1934 quemdam
3431 1868 3632 1931 ornet;
3683 1863 3790 1919 hos

2147 1952 2204 2007 in
2238 1958 2390 2007 terra
2417 1953 2637 2023 positos
2665 1956 2721 2007 et
2740 1952 2987 2008 terrenis
3018 1951 3287 2008 celsiores
3310 1952 3336 2007 ?
3368 1951 3475 2008 hos
3504 1951 3657 2007 inter
3683 1952 3792 2008 ho-

2149 2043 2336 2098 mines
2354 2046 2412 2095 et
2428 2058 2609 2111 supra
2627 2041 2887 2095 humana
2913 2040 2933 2095 ?
2965 2040 3235 2096 astrictos
3252 2041 3428 2096 simul
3454 2058 3519 2097 ac
3542 2041 3796 2097 liberos?

2149 2131 2249 2202 qui
2282 2134 2609 2198 teneantur,
2643 2134 2699 2184 et
2743 2128 2977 2184 retineri
3028 2129 3304 2185 nescios?
3350 2147 3599 2201 quorum
3650 2128 3795 2184 nihil

2149 2220 2209 2275 in
2229 2219 2469 2283 mundo,
2490 2222 2545 2273 et
2563 2218 2760 2272 omnia
2778 2222 2933 2289 sunt,
2959 2235 3085 2289 quae
3104 2235 3282 2288 supra
3306 2219 3592 2273 mundum
3615 2218 3799 2273 sunt?

2152 2325 2399 2381 quorum
2451 2307 2665 2377 duplex
2696 2308 2810 2361 vita
2854 2312 2962 2372 est,
3003 2306 3185 2361 altera
3227 2310 3583 2378 contempta,
3618 2306 3801 2362 altera

2152 2396 2411 2452 studiose
2443 2395 2599 2450 culta
2619 2401 2675 2450 et
2704 2395 2953 2466 expetita
2977 2400 2999 2451 P
3030 2395 3156 2464 hos,
3190 2396 3575 2469 inquam,per
3596 2395 3797 2452 morti-

2152 2486 2481 2541 ficationem
2502 2484 2888 2549 immortales,
2914 2501 3016 2556 per
3038 2483 3485 2539 dissolutionem
3517 2484 3632 2540 Deo
3659 2501 3796 2541 con-

2146 2576 2385 2645 junctos
2406 2574 2433 2628 ?
2464 2574 2570 2628 hos
2602 2591 2636 2628 a
2668 2574 2986 2644 cupiditate
3030 2572 3271 2641 alienos,
3306 2590 3503 2629 amore
3529 2590 3663 2629 vero
3695 2573 3797 2646 qui

2153 2664 2386 2719 divinus
2412 2668 2519 2732 est,
2554 2667 2609 2718 et
2640 2663 2820 2717 animi
2853 2662 3290 2733 perturbatione
3318 2679 3558 2733 vacuus,
3592 2679 3796 2718 accen-

2153 2770 2248 2810 sos
2271 2753 2298 2807 ?
2330 2769 2577 2823 quorum
2599 2753 2727 2807 fons
2750 2751 2917 2818 lucis,
2940 2756 2996 2807 et
3014 2753 3400 2823 quorumjam
3424 2751 3582 2808 illius
3606 2752 3798 2807 radii?

2154 2859 2404 2915 quorum
2438 2841 2684 2912 angelici
2708 2840 2919 2913 psalmi
2953 2844 3183 2906 cantus,
3200 2845 3256 2896 et
3286 2857 3506 2913 pernox
3526 2841 3721 2908 statio,
3745 2844 3803 2896 et

2157 2931 2368 2989 mentis
2393 2932 2515 3002 jam
2565 2936 2742 3002 raptae
2776 2931 2832 2984 in
2885 2929 3120 2999 coelum,
3153 2932 3224 2986 ad
3274 2930 3457 2985 Deum
3497 2930 3803 2987 excessio?

2156 3037 2406 3091 quorum
2450 3020 2738 3091 purgatio,
2771 3022 2826 3074 et
2869 3036 3120 3091 quorum
3154 3019 3418 3075 studium
3452 3023 3516 3075 ut
3547 3036 3803 3092 purgen-

2156 3113 2272 3175 tur,
2307 3109 2521 3180 quippe
2573 3108 2672 3179 qui
2724 3107 2953 3163 nullum
3007 3125 3288 3166 ascensus
3318 3113 3375 3165 et
3420 3106 3803 3165 deiﬁcationis

2158 3202 2482 3267 agnoscunt
2504 3198 2741 3252 modum
2763 3197 2790 3252 ⁸1
2821 3214 3069 3269 quorum
3104 3215 3298 3269 rupes,
3324 3202 3381 3253 et
3411 3215 3661 3269 quorum
3685 3215 3802 3254 coe-

388 3270 559 3363 θῆρας
608 3288 867 3361 κοιμίζει,
928 3283 1194 3360 ἀμϐλύνει
1243 3270 1406 3365 ⁷ξίφη,
1482 3270 1656 3341 κλίνε1
1734 3286 2038 3364 φάλαγγας,

2156 3286 2194 3341 11
2220 3287 2247 3341 ?
2279 3286 2721 3359 quorumiabjici
2753 3292 2808 3341 et
2829 3287 3207 3352 consternari,
3229 3291 3283 3342 et
3300 3304 3551 3359 quorum
3570 3287 3805 3344 throni?

390 3374 725 3449 ἰπιστομίσει
776 3378 887 3449 (19)
935 3376 1024 3432 καὶ
1077 3377 1176 3445 τὴν
1234 3377 1330 3444 σὴν
1373 3371 1637 3445 ἀσέϐειαν,
1690 3373 1744 3430 εὖ
1784 3374 1916 3443 ’ίσθι,
1946 3376 2042 3430 κᾶν

388 3465 526 3541 πρὸς
562 3463 752 3539 ὀλίγον
785 3464 976 3538 ἀρθῇς,
1024 3466 1114 3519 καὶ
1145 3465 1335 3539 παίξῃς
1362 3465 1424 3520 τὸ
1452 3472 1552 3535 τῆς
1590 3460 1831 3527 ἀσεϐείας
1864 3462 2045 3541 δρᾶμα

394 3554 531 3625 μετὰ
559 3556 666 3607 τῶν
696 3557 803 3607 σῶν
839 3550 1110 3625 δαιμόνων
1134 3572 1147 3623 ;

2156 3392 2406 3449 quorum
2426 3375 2686 3443 auditas,
2702 3380 2757 3429 et
2778 3391 3029 3446 quorum
3044 3376 3619 3447 incorruptibilitatis
3634 3376 3804 3433 indu-

2155 3472 2420 3521 mentum
2440 3466 2468 3519 ?
2501 3481 2750 3535 quorum
2776 3464 3048 3531 solitudo,
3069 3470 3126 3520 et
3156 3481 3405 3537 quorum
3426 3465 3623 3521 saeculi
3654 3465 3796 3521 alte-

2154 3555 2277 3609 rius
2326 3552 2678 3608 celebritas?
2728 3568 2976 3624 quorum
3027 3569 3377 3624 compressae
3431 3558 3607 3626 atque
3659 3571 3799 3610 con-

390 3644 608 3701 strictis
639 3643 986 3716 voluptates,
1018 3649 1075 3700 et
1105 3660 1355 3716 quorum
1388 3648 1664 3717 perpetua
1696 3660 2041 3716 omnemque
2071 3643 2359 3700 sermonis
2392 3640 2727 3697 facultatem
2769 3642 3050 3697 excedens
3079 3642 3408 3697 animorum
3442 3642 3749 3699 oblectatio
3771 3644 3799 3699 ?

392 3750 644 3806 quorum
701 3732 971 3805 lacrymts
1022 3733 1239 3805 peccati
1289 3733 1597 3801 diluvium,
1630 3738 1686 3788 et
1732 3734 1938 3789 mundi
1968 3732 2382 3806 piamentum?
2431 3748 2683 3803 quorum
2728 3734 2969 3786 extentas
3019 3747 3230 3786 manus
3260 3731 3529 3787 ﬂammas
3579 3730 3796 3786 exstin-

393 3826 606 3895 guunt,
639 3821 791 3878 feras
841 3821 1209 3894 consopiunt,
1244 3821 1574 3895 gladiorum
1627 3822 1811 3878 aciem
1855 3824 2196 3890 retundunt,
2233 3823 2548 3876 instructas
2591 3819 2744 3875 acies
2775 3820 2835 3873 in
2889 3819 3086 3892 fugam
3137 3825 3371 3875 vertunt
3398 3821 3460 3889 3°,
3518 3824 3800 3892 tuamque

396 3912 575 3968 etiam
608 3911 995 3983 impietatem,
1027 3911 1172 3967 mihi
1204 3913 1393 3982 crede,
1426 3928 1847 3983 compressum
1894 3919 2051 3979 sunt,
2082 3911 2310 3968 etiamsi
2344 3910 2415 3965 ad
2464 3909 2698 3981 aliquod
2732 3914 2965 3981 tempus
3014 3908 3330 3979 extollaris,
3362 3909 3799 3982 impietatisque

390 4003 651 4058 fabulam
685 4018 819 4057 cum
847 4000 967 4056 tuis
1000 4001 1365 4057 daemonibus
1394 4000 1563 4056 ludas
1583 4002 1611 4055 ‘I

462 4091 582 4147 ΟΒ’.
615 4093 739 4151 Πῶς
773 4086 897 4145 οὐδὲ
928 4089 1094 4142 ταῦτα
1125 4109 1206 4142 σοι
1250 4083 1474 4166 φοϐερὰ,
1530 4088 1574 4141 ὧ
1623 4086 1742 4142 λίαν
1789 4086 2039 4163 τολμηρὲ

391 4177 456 4234 σὺ
488 4179 577 4233 καὶ
610 4182 844 4243 θανατῶν
877 4179 1007 4251 (10),
1043 4174 1188 4252 ε’ίπερ
1222 4174 1396 4240 ἄλλος
1428 4198 1508 4239 τις
1535 4197 1548 4247 ;
1584 4181 1706 4239 Πῶς
1756 4176 1854 4232 οὐκ
1903 4174 2041 4231 αἰδέ-

388 4288 555 4341 σιμα;
615 4271 793 4323 Ταῦτα
853 4268 946 4339 μὲν
977 4262 1084 4335 ἤδη
1112 4265 1201 4321 καὶ
1232 4263 1430 4338 πολλῷ
1457 4267 1758 4340 τιμιώτερα
1802 4273 1903 4335 τῆς
1935 4264 2038 4320 Σό-

389 4356 566 4419 λωνος
598 4358 712 4430 (21)
756 4354 1062 4427 ἀπληστίας
1105 4359 1201 4411 τοῦ
1256 4360 1427 4432 σοφοῦ
1472 4376 1531 4411 τε
1577 4356 1667 4410 καὶ
1716 4355 2036 4429 νομοθέτου,

459 4483 507 4519 ³ο
538 4482 705 4539 Hebr.
738 4498 819 4550 x1,
849 4482 920 4537 33
952 4498 1115 4553 seqq.

2225 4087 2441 4143 LXXII.
2477 4089 2739 4152 Quonam
2774 4086 2944 4141 modo
2976 4104 3047 4142 ne
3094 4086 3215 4142 haec
3245 4085 3481 4159 quidem
3524 4087 3796 4159 pertime-

2152 4177 2289 4245 scis,
2322 4177 2496 4231 homo
2525 4174 2938 4241 audacissime,
2963 4179 3156 4246 atque,
3184 4180 3247 4231 ut
3275 4175 3322 4231 si
3357 4176 3489 4248 quis
3521 4175 3691 4242 alius,
3724 4176 3797 4232 ad

2150 4272 2395 4321 mortem
2448 4264 2745 4336 praaceps?
2794 4266 3055 4329 Quonam
3089 4266 3262 4321 modo
3311 4282 3425 4321 non
3455 4264 3794 4321 veneraris?

2148 4359 2280 4410 Haec
2298 4356 2424 4427 jam
2457 4369 2597 4410 sane
2628 4356 2683 4409 et
2714 4353 2996 4426 sapientis
3027 4353 3184 4410 illius
3216 4371 3281 4411 ac
3310 4353 3663 4427 legislatoris
3689 4355 3793 4413 So-

700 4626 886 4683 φησιν,
920 4609 1032 4663 etc.
1066 4607 1249 4683 28:89.,
1274 4602 1349 4667 ὥς
1379 4625 1541 4683 φησιν
1571 4605 1598 4658 ὁ
1639 4606 1729 4668 σὸς
1762 4606 2036 4680 ’⁸ομηρος.

2148 4608 2451 4683 sanast--3)

388 4678 584 4745 Iliad.,
616 4678 722 4733 lib.
754 4695 869 4743 xvx,
901 4695 1050 4735 vers.
1083 4679 1211 4733 236.

467 4744 579 4804 Σοὶί
644 4748 850 4804 ναίουσ’
934 4749 1206 4826 ὑποφῆται
1308 4744 1684 4815 ἀνιπτόποδες,
1769 4752 2037 4826 χαμαιεῦ-

466 4893 564 4948 Tui
592 4892 843 4949 habitant
889 4896 1055 4962 vates,
1088 4892 1255 4947 illatis
1289 4891 1534 4963 pedibus,
1565 4893 1724 4946 humi
1768 4822 2039 4947 dorniigri:

461 5035 573 5107 (12)
611 5038 697 5105 Τῷ
747 5031 1046 5106 πλάσματι.
1099 5032 1377 5090 Nonnulli
1429 5034 1678 5102 codices,
1730 5037 1844 5094 τοῖς

392 5125 735 5248 “ligus:
765 5176 933 5245 κάτω,
967 5180 1074 5233 etc.
1107 5175 1331 5247 Billius,
1373 5197 1400 5229 (ι
1428 5176 1536 5231 hos
1575 5175 1825 5232 humiles
1851 5180 1907 5232 et
1935 5194 2032 5234 su-

390 5265 500 5321 pra
526 5249 732 5321 infera.
772 5272 793 5321 ιε

461 5320 575 5391 (14)
634 5318 731 5373 Διά
781 5316 955 5375 λύσιν.
1007 5343 1034 5371 ‹‹
1086 5324 1195 5376 Per
1236 5317 1704 5382 dissolutionem,
1748 5340 1776 5366 ››

392 5413 421 5443 α
451 5407 732 5447 001⁵001⁵18.
768 5413 795 5441 >)

460 5455 575 5533 (15)
604 5460 739 5523 Τοὺς
771 5459 871 5531 ἔξω
901 5455 1092 5530 πόθου,
1127 5467 1233 5518 etc.
1278 5461 1499 5527 Billius,
1540 5480 1560 5507 ι
1596 5459 1703 5533 bos
1735 5460 1806 5533 ab
1840 5476 2035 5517 amore

391 5530 640 5601 alienos,
673 5538 729 5590 et
758 5530 953 5607 divino
975 5540 1148 5607 atque
1180 5534 1339 5590 omni
1369 5532 1578 5588 vitiosa
1608 5530 1907 5589 affectione
1937 5550 2032 5588 va-

389 5623 500 5679 cuo
532 5622 730 5679 amore
760 5606 1092 5679 ﬂagrantes.
1128 5629 1156 5679 ν

459 5678 573 5751 (16)
617 5678 717 5733 Καὶ
765 5672 869 5753 tva
887 5678 948 5732 τὸ
993 5675 1355 5753 καθαίρεσθαι.
1406 5672 1607 5753 Billius
1649 5691 1664 5730 :
1715 5678 1852 5753 «et
1888 5692 2032 5748 quo-

388 5745 524 5809 rum
551 5745 829 5825 purgari;
858 5772 888 5805 ››
924 5745 1209 5825 1001110,’‹‹
1242 5747 1343 5822 qui
1373 5745 1607 5821 purgati
1636 5751 1777 5805 sunt
1806 5751 1862 5804 et
1891 5745 2030 5821 pur-

1827 5335 2035 5392 nempe

2151 4672 2329 4804 ;(17)
2361 4680 2424 4731 Ἠ
2457 4672 2773 4736 ἀπόλαυσις.
2825 4676 2995 4732 Deest
3044 4676 3078 4744 ἡ
3129 4675 3188 4731 in
3235 4675 3529 4748 plerisque
3579 4675 3793 4733 codici-

2194 4766 2287 4804 us.

2194 4766 2287 4804 US.

2217 4820 2329 4891 (18)
2359 4820 2418 4874 'lI
2452 4815 2670 4879 ἄλυτος.
2692 4819 2785 4874 Sic
2807 4818 3003 4891 plures
3026 4819 3195 4875 codd.
3216 4823 3278 4873 In
3304 4818 3572 4891 pluribus
3592 4822 3787 4891 tamen

2217 4836 2329 4891 (10)
2380 4836 2418 4874 u
2452 4836 2785 4879 a/.uro:.bic
2807 4836 3003 4891 plures
3026 4836 3278 4875 couo.1n
3344 4836 3785 4875 iurmuStamen

2146 4892 2352 4963 Regg.,
2397 4891 2579 4957 Colb.,
2631 4891 2791 4946 Pass.
2845 4896 2955 4946 etc.
3011 4891 3240 4963 legitur,
3298 4836 3338 4958 ξ
3386 4887 3785 4961 ἀναλλοίωτος,

2146 4985 2174 5013 ‹‹
2209 4962 2353 5018 nulli
2385 4962 2634 5018 obnoxia
2663 4962 2991 5017 mutationi.
3028 4984 3056 5011 ››

2215 5034 2327 5106 (19)
2361 5032 2755 5105 Ἑπιστομίσει,
2788 5038 2896 5088 etc.
2946 5057 2973 5082 α
2996 5034 3252 5106 (Tumque
3298 5032 3485 5106 ipsius
3516 5032 3787 5105 impieta-

2143 5106 2220 5161 tis
2250 5124 2314 5162 os
2348 5107 2725 5161 obturabunt.
2762 5128 2789 5155 n
2821 5107 2901 5161 Ex
2950 5105 3040 5161 his
3074 5106 3256 5177 liquet
3286 5105 3567 5177 nondum
3600 5111 3787 5162 morte

2146 5178 2443 5233 sublatum
2476 5182 2838 5249 Apostatam,
2871 5194 3005 5232 cum
3035 5176 3157 5233 haac
3185 5176 3420 5249 scripsit
3449 5177 3784 5249 Gregorius.

2216 5249 2327 5321 (20)
2385 5247 2655 5323 Θανατῶν.
2718 5248 3013 5317 Heinsius,
3085 5272 3114 5299 «
3176 5247 3340 5316 forte,
3394 5247 3784 5323 ἀναισχυντῶν,

2145 5342 2174 5371 ‹‹
2205 5321 2737 5391 impudentissime.
2772 5342 2799 5370 ››

2215 5388 2327 5459 (21)
2356 5398 2461 5460 Τῆς
2500 5388 2775 5457 Σόλωνος,
2809 5395 2914 5447 etc.
2969 5413 2997 5441 ‹‹
3026 5390 3257 5447 Solonis
3307 5390 3642 5463 inexplebili
3685 5409 3785 5449 cu-

2143 5464 2404 5534 piditate.
2439 5485 2463 5514 n
2503 5465 2625 5519 Non
2670 5464 2920 5535 legimus
2967 5464 3230 5519 Solonem
3263 5481 3296 5518 a
3322 5480 3618 5535 quoquam
3652 5481 3784 5519 ava-

2143 5536 2286 5590 ritiae
2317 5536 2725 5591 insimulatum
2776 5535 2975 5601 fuisse,
3006 5536 3123 5591 imo
3157 5537 3349 5606 potius
3396 5539 3668 5591 narratur
3696 5536 3785 5605 ip-

2141 5623 2273 5662 sum
2305 5609 2484 5665 Croesi
2533 5623 2672 5679 opes
2717 5607 3027 5680 sprevisse,
3058 5607 3327 5680 hancque
3365 5608 3436 5663 ob
3478 5622 3713 5663 causam
3748 5621 3781 5658 a

2141 5682 2334 5737 Crasso
2365 5678 2614 5753 turpiter
2644 5678 2955 5753 expulsum
2984 5680 3184 5737 fuisse.
