4202 6212
411 380 528 448 595

1662 378 1727 440 S.
1773 379 2140 442 GREGORH
2188 382 2585 444 THEOLOGI

3711 385 3829 446 596

414 515 572 576 lonis
602 512 922 588 inexplihili
955 511 1296 585 cupiditate,
1320 527 1496 584 quam
1521 514 1744 568 Crassus
1775 530 1917 568 auro
1949 515 2058 587 Ly-

2196 512 2238 583 Sv
2268 519 2494 587 Κροῖσος
2527 511 2725 590 ἤλεγξε
2745 512 2824 588 τῷ
2857 511 3040 588 Λυδίῳ
3071 518 3262 592 χρυσῷ
3283 535 3295 547 ·
3328 515 3418 570 καὶ
3453 521 3553 585 τῆς
3607 521 3832 594 Σωκρα-

418 609 515 664 dio
548 605 830 678 coarguit,
855 602 1038 659 multo
1072 602 1481 674 praestantiora
1499 607 1656 670 sunt,
1683 607 1740 657 et
1771 603 2062 659 Socratico

418 695 650 770 pulchri
684 709 919 761 amore;
954 709 1152 748 vereor
1181 691 1335 746 enim
1369 709 1683 764 puerorum
1717 695 1860 746 III
1904 710 2062 747 amo-

422 802 542 843 rem
568 783 779 854 dicere,
807 781 1035 837 etiamsi
1068 781 1400 836 honestiore
1428 780 1708 836 vocabulo
1730 780 1938 837 callide
1961 783 2061 836 ob-

419 877 688 946 tegatur;
724 877 781 928 et
827 869 1024 927 Sicula
1074 870 1326 926 Platonis
1375 869 1732 942 liguritione,
1762 871 1834 926 ob
1884 887 2062 941 quam

421 963 598 1020 etiam
631 962 755 1035 ipse
787 961 1078 1028 venditur,
1107 976 1172 1015 ac
1204 975 1275 1014 ne
1308 959 1379 1014 ab
1407 959 1524 1014 ullo
1546 959 1782 1030 quidem
1817 959 2068 1030 discipu-

419 1053 633 1122 lorum,
667 1051 785 1106 imo
819 1067 921 1106 nec
953 1050 1026 1104 ab
1056 1048 1254 1120 aliquo
1273 1049 1601 1104 Graecorum
1635 1048 1977 1113 redimitur;
2011 1052 2066 1102 et

418 1140 760 1198 Xenocratis
811 1138 1161 1203 voracitate;
1219 1141 1274 1192 et
1313 1137 1585 1209 Diogenis
1633 1136 1793 1192 illius
1844 1137 2062 1192 dolium

419 1229 728 1287 ineolentis
783 1229 1108 1295 dicacitate,
1140 1243 1242 1299 per
1289 1243 1464 1298 quam
1515 1226 1752 1299 tragicis
1799 1227 2062 1298 tyrannis

421 1319 704 1392 hospites,
735 1317 845 1373 hoc
876 1321 963 1372 est
995 1316 1276 1388 placentis
1302 1315 1442 1370 viles
1474 1332 1672 1387 panes,
1708 1315 1832 1370 loco
1865 1316 2063 1370 cedere

409 1409 610 1480 jubet;
633 1412 689 1463 et
706 1405 935 1478 Epicuri
959 1405 1344 1478 philosophia,
1371 1422 1496 1476 quae
1515 1404 1745 1459 nullum
1769 1404 2064 1475 voluptate

419 1496 693 1570 superius
723 1497 942 1552 bonum
992 1495 1316 1550 constituit.
1352 1498 1596 1566 Magnus
1639 1494 1790 1566 apud
1825 1510 1925 1548 vos
1975 1497 2065 1548 est

416 1589 612 1641 Crates
647 1603 660 1641 ε
693 1601 823 1640 vere
876 1584 1032 1638 enim
1081 1581 1551 1654 philosophicum
1604 1589 1711 1648 est,
1744 1582 2065 1654 pecudibus

417 1673 782 1744 depascenda
813 1669 1030 1742 praedia
1063 1687 1169 1724 sua
1202 1669 1530 1741 reliquisse,
1578 1671 1912 1742 nostrisque
1943 1671 2064 1741 phi-

417 1760 682 1833 1080pbis
713 1758 1039 1816 consimile.
1064 1763 1136 1813 At
1167 1758 1397 1831 publico
1421 1758 1707 1830 praeconio
1739 1759 2060 1814 libertatem

421 1855 698 1919 ostentat,
732 1851 970 1922 perinde
992 1866 1058 1906 ac
1083 1850 1400 1922 quispiam,
1422 1866 1533 1904 non
1561 1850 1860 1922 sapientiae
1883 1849 2066 1920 magis

420 1957 597 2013 quam
630 1939 827 2014 gloriae
858 1939 1184 1995 studiosus.
1220 1943 1463 2011 Magnus
1494 1938 1610 2005 ille,
1647 1939 1769 2010 qui,
1805 1956 1934 1993 cum
1971 1955 2062 1992 na-

419 2029 508 2086 vis
555 2033 904 2102 tempestate
942 2029 1284 2099 jactaretur,
1335 2033 1510 2098 atque
1558 2027 1754 2082 omnia
1797 2026 1856 2081 in
1911 2043 2067 2081 mare

425 2118 868 2191 projicerentur,
894 2117 1112 2189 gratias
1139 2118 1401 2172 Fortunae
1429 2117 1658 2188 agebat,
1683 2121 1962 2188 tanquam
1995 2115 2066 2169 ad

419 2205 808 2279 philosophici
832 2204 990 2277 pallii
1015 2205 1320 2276 angustias
1342 2221 1472 2259 eum
1497 2205 1802 2277 redigenti.
1824 2205 2068 2278 Magnus

417 2294 819 2360 Antisthenes,
853 2294 1009 2365 quod
1042 2310 1075 2348 a
1122 2291 1409 2365 petulanti
1459 2293 1712 2365 quodam
1762 2299 1936 2364 atque
1966 2311 2066 2348 au-

419 2382 547 2440 daci
580 2382 818 2439 homine
851 2386 971 2438 toto
1004 2399 1100 2438 ore
1131 2388 1432 2449 contusus,
1464 2383 1521 2436 in
1555 2383 1742 2438 fronte
1765 2383 2066 2449 duntaxat,

423 2471 591 2546 quasi
625 2472 684 2528 in
718 2475 916 2526 statua
959 2471 1189 2538 artifex,
1224 2472 1586 2543 percussoris
1617 2488 1827 2527 nomen
1863 2471 2068 2526 inscri-

428 2561 578 2636 psit;
613 2561 860 2616 fortasse
893 2565 956 2614 ut
987 2561 1253 2615 acerbius
1285 2564 1600 2615 accusaret.
1641 2561 1866 2616 Laudas
1897 2561 2067 2615 etiam

424 2650 737 2724 quemdam
772 2665 971 2705 eorum
1014 2649 1113 2720 qui
1149 2665 1263 2704 non
1297 2647 1466 2720 longe
1497 2654 1630 2704 ante
1663 2666 1768 2704 nos
1815 2650 2071 2716 fuerunt,

429 2739 584 2812 quod
634 2742 755 2794 toto
787 2737 880 2792 die
927 2743 1094 2792 stans
1139 2737 1248 2793 soli
1299 2752 1499 2809 preces
1547 2737 1924 2793 adhibuerit:
1960 2739 2074 2793 for-

427 2833 590 2885 tasse
629 2827 686 2882 id
734 2831 968 2898 tempus
1010 2831 1289 2898 captaret,
1323 2843 1437 2897 quo
1481 2826 1863 2898 propinquior
1903 2826 2076 2881 terris

435 2933 565 2975 esse
596 2915 762 2983 solet,
785 2921 848 2970 ut
876 2915 1197 2971 orationem
1223 2915 1610 2982 contraheret,
1631 2931 1876 2986 eamque
1899 2915 2074 2969 simul

505 3024 618 3097 (22)
647 3026 754 3090 Τῆς
789 3021 1258 3097 Σωκράτους,οῑο.
1296 3044 1330 3097 (ι
1346 3022 1636 3078 Socratico
1659 3021 1885 3097 pulchri
1921 3039 2080 3077 amo-

435 3094 520 3153 re.
572 3094 605 3144 a
655 3094 945 3150 Socratem
1006 3095 1114 3149 hoc
1175 3094 1412 3149 nomine
1460 3111 1718 3166 persaepe
1763 3094 2084 3148 insectatur

438 3166 752 3223 Lucianus.

508 3239 620 3319 (23)
648 3233 1100 3324 Τῆςουλάτφνοις,
1147 3240 1252 3290 etc.
1306 3258 1344 3324 (ξ.
1368 3235 1626 3324 Platonis
1657 3235 2010 3324 liguritione.
2050 3258 2076 3284 ››
2110 3259 2151 3324 C

437 3309 730 3366 Lucianus
759 3308 818 3362 in
848 3307 995 3364 Dial.
1030 3309 1105 3362 De
1130 3309 1387 3378 parasito,
1409 3308 1612 3362 scribit
1646 3307 1868 3362 nullam
1901 3307 2074 3361 aliam

435 3381 661 3438 Platoni
687 3397 926 3435 causam
959 3377 1139 3434 fuisse
1167 3379 1224 3432 in
1257 3377 1514 3433 Siciliam
1551 3379 2075 3450 navigandi,quam

435 3458 500 3509 ut
551 3450 1592 3524 Dionysioparasitaretur,_eumque
1624 3451 1696 3524 ob
1727 3450 1906 3524 hujus
1939 3450 2078 3504 artis

437 3520 793 3594 imperitiam
827 3520 884 3577 in
917 3522 1204 3594 maximas
1235 3520 1594 3594 calamitates
1627 3521 1920 3575 incidisse.

510 3592 622 3666 (24)
659 3599 767 3666 Τῆς
823 3592 1221 3665 Ξενοκράτους,
1281 3599 1392 3646 etc.
1454 3593 1866 3666 «Xenocratis
1915 3609 2082 3666 vora-

442 3663 634 3722 citate.
667 3687 694 3716 »
726 3663 1031 3720 Xenocrati
1074 3669 1299 3733 objecta
1346 3681 1458 3717 non
1509 3663 1723 3734 legitur
1765 3665 2080 3731 voracitas;

442 3739 561 3792 imo
593 3735 950 3808 frugalitatis
976 3736 1146 3808 laude
1177 3737 1430 3808 donatur
1459 3752 1492 3789 a
1522 3735 1926 3808 scriptoribus.
1959 3739 1970 3808 ξ

514 3811 622 3881 (‘25)
690 3803 800 3876 Τῆς
859 3807 1214 3880 Διογένους...
1278 3803 1335 3858 ἐκ
1391 3803 1880 3881 τῆςᾼτραγιρδίας.
1929 3806 2085 3881 ΔΗειῑο

443 3878 652 3936 ultima
671 3881 841 3935 verba
863 3878 1076 3934 desunt
1095 3879 1150 3931 in
1181 3879 1314 3948 Reg.
1342 3895 1399 3942 u,
1425 3883 1482 3933 et
1505 3878 1601 3932 Or.
1627 3880 1675 3932 1,
1701 3878 2086 3932 Combefisius

442 3955 527 4008 sic
560 3954 732 4007 vertit.
769 3969 781 4006 :
819 3975 845 4001 «
879 3953 1195 4007 Dicacitate
1237 3967 1352 4020 qua
1384 3951 1536 4004 salse
1563 3957 1844 4020 usurpata
1873 3967 1940 4004 ex
1972 3957 2086 4003 tra-

485 4025 636 4078 mdia
681 4040 815 4079 voce
848 4025 1110 4094 tyrannis
1143 4021 1398 4093 hospites
1447 4022 1668 4092 cedere,
1707 4042 1732 4072 ι
1781 4028 1888 4076 etc.
1944 4020 2089 4074 Cum

485 4040 636 4078 maia
681 4040 815 4079 voce
848 4040 1110 4094 tyrannis
1143 4040 1398 4093 nospues
1447 4040 1668 4092 cedere,
1707 4042 1732 4072 ι
1781 4040 1888 4076 διο.
1944 4040 2089 4074 bum

444 4040 730 4166 Eiogenes
753 4095 1068 4166 aliquando
1091 4094 1242 4166 apud
1277 4093 1590 4164 quemdam
1625 4103 1894 4158 cmnaret,
1923 4094 2090 4163 eique

447 4163 625 4237 simul
657 4170 713 4237 et
733 4163 1006 4235 placentis
1037 4171 1087 4218 et
1110 4163 1409 4237 hordeacei
1435 4181 1614 4236 panes
1637 4169 2088 4237 apponerentur,

447 4235 1132 4317 submotispan‘ibusnin
1170 4235 1465 4317 placentas
1491 4235 1951 4306 manus'injecit,
1977 4252 2089 4290 non

448 4306 724 4361 infestive
754 4306 895 4362 illud
931 4306 1212 4379 tragicum
1249 4308 1546 4378 proferens
1579 4325 1592 4362 :

687 4402 753 4454 Ὦ
785 4401 915 4471 ξένε,
945 4405 1225 4478 τυράννοις
1259 4398 1501 4455 ἐκποδὼν
1545 4399 1851 4471 μεθίστασο.

691 4495 742 4548 0
771 4491 985 4560 hospes,
1016 4492 1271 4563 tyrannis
1300 4490 1424 4546 cede
1454 4490 1654 4545 locum.

451 4590 509 4644 id
544 4590 655 4654 est,
687 4611 714 4637 ‹‹
751 4588 1091 4644 melioribus
1121 4593 1178 4642 et
1225 4586 1728 4657 priestantioribus
1752 4588 1908 4643 cede.
1943 4613 1970 4637 n
2003 4590 2097 4645 Sic

452 4660 734 4731 Diogenes
764 4678 866 4732 per
894 4666 1171 4732 tyrannos
1221 4681 1242 4709 α
1279 4659 1595 4730 placentas,
1626 4680 1659 4732 Aa
1705 4675 1806 4732 per
1836 4659 2096 4731 hospites

450 4729 789 4817 signiﬁcans
821 4756 846 4782 ‹‹
883 4729 1023 4788 viles
1058 4747 1260 4802 panes,
1285 4754 1312 4781 ››
1349 4747 1496 4802 quos
1525 4729 1863 4787 melioribus
1895 4729 2095 4788 cedere

445 4804 781 4946 “(33532.2(
814 4876 1140 4945 σησαμοῦσι.
1169 4897 1196 4924 (ι
1220 4872 1506 4929 Placentis
1539 4889 1606 4928 ex
1637 4887 1888 4942 sesamo,
1926 4873 2094 4930 melle

453 4947 775 5088 et(%l7e)o'l‘f:)c
802 5013 1156 5090 (Ἐπικούρου,
1189 5021 1351 5090 θῐοηι(
1388 5015 1616 5090 Epicuri
1642 5015 2095 5090 _philosophia._»

454 5089 637 5144 Deum
690 5096 747 5144 et
796 5087 1221 5144 Providentiam
1271 5087 1509 5158 ejiciens
1553 5087 1860 5158 Epicurus,
1890 5087 2097 5143 omnis

456 5159 592 5215 boni
626 5161 796 5214 finem
833 5159 1188 5230 voluptatem
1221 5160 1536 5230 statuebat.

526 5226 1049 5305 Ὀριζομὲνης.
1102 5232 1240 5303 Reg.
1283 5232 1323 5301 l,
1377 5226 1720 5300 ὁρισαμένου.
1773 5233 1934 5285 Pass.
1983 5227 2094 5302 ὁρί-

456 5320 904 5443 “galliam.
953 5375 1150 5429 Crates
1182 5372 1530 5444 _'l‘hcbanus,
1563 5373 1841 5442 pecunias
1887 5371 2100 5444 populo

501 5438 723 5514 reiecit,
751 5461 819 5499 ac
840 5438 1068 5516 prsidia
1101 5438 1404 5516 μηλόϐοτα,
1434 5438 1605 5499 idest
1642 5465 1662 5492 α
1698 5438 1902 5500 ονὶυηῑ
1928 5438 2104 5514 pabu-

484 5533 536 5580 a,
571 5538 596 5567 ι
636 5515 755 5571 fieri
791 5515 1074 5587 permisit.
1099 5515 1317 5572 Deinde
1348 5533 1664 5570 conscenso
1689 5516 1928 5571 sublimi
1955 5516 2099 5585 loco,

467 5587 696 5658 publico
729 5588 1012 5657 praeconio
1045 5588 1165 5642 haec
1186 5588 1361 5642 verba
1390 5587 1788 5658 pronuntiavit
1815 5605 1827 5643 :
1853 5611 1879 5636 «
1903 5593 2102 5643 Grates

464 5659 810 5716 Thebanum
843 5660 1070 5717 Cratem
1101 5659 1368 5716 libertate
1400 5659 1596 5715 donat.
1634 5682 1660 5706 ››

537 5731 643 5803 (30)
675 5728 996 5802 Φιλόδοξος.
1049 5754 1077 5783 ‹‹
1111 5729 1316 5790 Gloria:
1347 5731 1664 5790 studiosus.
1700 5753 1727 5781 »
1769 5730 1849 5787 Ex
1879 5727 1968 5784 his
2003 5747 2100 5802 pa-

2170 608 2455 676 τους
2517 603 2885 682 φιλοκαλίας·
2949 602 3206 677 αἰδοῦμαι
3279 607 3378 681 γὰρ
3461 605 3628 661 εἷπεῖν
3703 629 3831 662 παι-

2175 689 2476 766 δεραστίας,
2519 694 2614 748 κᾶν
2667 701 3058 766 σεμνοποιῆται
3114 700 3231 756 ταῖς
3278 694 3538 757 ἐπινοίαις
3566 713 3578 726 ·
3611 695 3830 765 καὶτῆς

2177 780 2462 842 Πλάτωνος
2510 785 2620 855 (23)
2689 781 2935 858 λιχνείας
2990 791 3090 853 τῆς
3125 781 3439 856 Σίκελικῆς,
3493 782 3562 838 δι’
3616 786 3677 854 ἣν
3736 785 3828 840 καὶ

2172 870 2549 943 πιπράσκεται,
2582 871 2668 925 καὶ
2703 869 2817 926 οὐδ’
2850 872 2950 926 ὑπό
2988 894 3134 934 τινος
3187 873 3455 942 ἐξωνεῖται
3506 877 3613 928 τῶν
3662 873 3827 928 αὐτοῦ

2178 963 2451 1032 μαθητῶν,
2547 957 2692 1021 ὅλως
2725 959 3003 1031 Ἕλληνος
3024 980 3036 994 ⁸
3068 961 3156 1015 καὶ
3187 968 3286 1030 τῆς
3308 962 3684 1037 Ξενοκράτους
3711 965 3829 1035 (24)

2175 1048 2471 1126 ὀψοφαγίας
2498 1067 2510 1080 ·
2564 1047 2653 1102 καὶ
2705 1055 2803 1117 τῆς
2856 1049 3138 1125 Διογένους
3181 1053 3295 1121 (25)
3327 1048 3664 1123 στωμυλίας,
3698 1056 3823 1106 τοῦ-

2170 1139 2262 1192 τὸν
2310 1137 2464 1192 πίθον
2525 1136 2824 1205 οἷ’κοῦντος,
2877 1139 2961 1216 ὑφ’
3009 1139 3076 1207 ἧς
3119 1138 3246 1200 τοὺς
3302 1138 3480 1212 ξένους
3515 1140 3826 1210 ὑπιξίστησι

2172 1232 2286 1288 τοῖς
2363 1228 2643 1301 τυράννοις
2711 1226 2769 1281 ἐκ
2846 1229 2942 1296 τῆς
3005 1225 3336 1303 τραγῳδίας,
3403 1229 3530 1290 τοὺς
3573 1227 3830 1291 ἐὐτελεῖς

2173 1315 2366 1392 ἄρτους
2412 1322 2528 1378 τοῖς
2575 1319 2879 1388 σησαμοῦσι
2919 1318 3036 1388 ('26)
3059 1336 3071 1348 '
3104 1316 3193 1370 καὶ
3223 1324 3323 1386 τῆς
3357 1316 3682 1393 Ἐπικούρου
3712 1321 3826 1391 (27)

2173 1405 2520 1483 φιλοσοφίας,
2555 1402 2706 1459 οὐδὲν
2753 1405 2882 1480 ὑπὲρ
2912 1407 3011 1474 τὴν
3069 1402 3271 1474 ἡδονὴν
3319 1406 3518 1481 ἀγαθὸν
3569 1406 3833 1480 ὁριζομέ-

2173 1515 2270 1562 νης
2305 1496 2435 1565 (28).
2473 1494 2648 1568 Μέγας
2679 1494 2805 1566 ὑμῖν
2836 1496 2864 1549 ὁ
2905 1495 3118 1569 Κράτης
3167 1496 3278 1568 (29)
3304 1513 3314 1524 ·
3367 1495 3454 1549 καὶ
3504 1497 3610 1572 γάρ
3655 1491 3829 1557 ὅντως

2175 1581 2476 1660 φιλοσοφον
2530 1583 2592 1636 τὸ
2647 1581 2962 1654 μηλὸἤοτον
3023 1582 3284 1661 ἀφεθῆναι
3332 1585 3431 1652 τήν
3483 1585 3687 1656 οὐσίαν,
3738 1585 3832 1640 καὶ

2173 1678 2292 1732 τοῖς
2345 1673 2470 1743 παρ’
2518 1673 2652 1743 ἡμῖν
2709 1669 3033 1749 φιλοσόφοις
3083 1673 3297 1745 ὃμοιον.
3350 1671 3524 1728 Ἀλλὰ
3559 1673 3831 1746 πομπεύει

2175 1761 2272 1828 τὴν
2302 1757 2602 1834 ἐλευθερίαν
2635 1764 2711 1831 τῷ
2739 1759 3071 1836 κηρύγματι,
3116 1760 3190 1823 ὡς
3224 1761 3282 1814 ἂν
3307 1783 3390 1824 τις
3434 1761 3494 1816 οὐ
3527 1759 3831 1840 φιλόσοφος

2179 1846 2391 1922 μᾶλλον
2437 1849 2470 1918 ἢ
2519 1845 2807 1926 φιλόδοξος
2869 1849 3000 1921 (30).
3059 1849 3236 1924 Μέγας
3285 1850 3334 1917 ὁ,
3392 1852 3488 1918 τῆς
3535 1853 3651 1924 (3t)
3699 1851 3830 1921 νηὸς

2175 1937 2608 2012 χειμαζομένης,
2674 1937 2763 1990 καὶ
2844 1938 3058 1992 πάντων
3129 1936 3588 2012 ἐκριπτουμένων,
3665 1939 3828 2016 χάριν

2176 2026 2464 2102 ὁμολογῶν
2509 2028 2576 2099 τῇ
2629 2046 2771 2101 tum
2836 2023 3205 2100 συστελλοῦσῃ
3253 2027 3329 2088 εἱς
3393 2027 3458 2081 τὸ
3517 2023 3828 2104 τριϐώνιον.

2177 2117 2357 2190 Μέγας
2408 2115 2436 2168 ὁ
2480 2114 2820 2185 Ἀντισθένης
2851 2118 2986 2186 (32),
3032 2115 3137 2183 ὃτι,
3170 2116 3231 2169 τὸ
3277 2115 3570 2190 πρόσωπον
3617 2138 3829 2194 συντρι-

2177 2201 2288 2266 ϐεδς
2335 2203 2437 2258 ὑπό
2483 2224 2629 2264 τινος
2677 2207 2784 2257 τῶν
2837 2198 3099 2277 ὑϐριστων
3132 2203 3220 2259 καὶ
3257 2204 3517 2280 θρασέων,
3549 2204 3832 2285 ἐπιγράφει

2174 2299 2254 2366 τῷ
2308 2295 2544 2366 μετώπῳ
2594 2295 2704 2366 (33)
2753 2291 2929 2364 μόνον’
2979 2292 3158 2369 ὥσπερ
3227 2292 3500 2370 ἀνδριάντι
3572 2293 3836 2371 δημιουρ·

2178 2387 2288 2458 γῶν
2337 2385 2470 2455 (34),
2517 2382 2608 2436 τὸν
2660 2380 2938 2448 παίσαντα,
2965 2379 3103 2444 Ἱσως
3129 2382 3219 2436 ἳνα
3245 2386 3598 2459 κατηγορήσῃ
3631 2386 3829 2461 θερμά-

2177 2490 2352 2546 τερον.
2418 2471 2682 2530 Ἐπαινεῖς
2739 2490 2858 2523 τινα
2913 2472 3002 2524 καὶ
3051 2475 3156 2524 τῶν
3219 2470 3280 2526 οὐ
3353 2470 3498 2526 πολὺ
3724 2475 3831 2550 πρὸ

2181 2562 2363 2632 ἡμῶν,
2416 2557 2498 2612 ὅτι
2547 2556 2887 2631 πανημέριος
2939 2557 3105 2620 ἐστὼς
3162 2563 3238 2631 τῷ
3269 2559 3418 2633 ἡλίῳ
3448 2561 3827 2636 προσηύξατο·

2177 2645 2313 2708 ’ίσως
2349 2645 2505 2700 αὐτὸν
2547 2648 2790 2720 τηρήσας
2836 2646 2924 2700 καὶ
2972 2647 3408 2724 προσγειότερον,
3447 2647 3536 2703 ’ἱνα
3565 2651 3653 2704 καὶ
3703 2672 3831 2705 συν-

2183 2735 2280 2810 ἑλῃ
2331 2736 2431 2804 τὴν
2491 2735 2681 2810 εὐχὴν,
2745 2732 2994 2807 δυομένῳ
3041 2739 3156 2809 (36)
3224 2737 3666 2814 συγκαταλύσας·
3737 2741 3829 2794 καὶ

2181 2825 2280 2892 τήν
2306 2823 2356 2878 ἐν
2391 2821 2650 2894 Ποτιδαίᾳ
2823 2823 3026 2894 στάσιν,
3057 2827 3156 2894 τὴν
3191 2824 3242 2880 ἐν
3283 2827 3554 2903 χειμερίῳ
3582 2832 3650 2901 τῇ
3693 2826 3828 2904 ὥρᾳ,

2185 2912 2460 2988 πάννυχον
2515 2915 2583 2986 τῇ
2643 2911 2840 2989 θεωρίᾳ
2895 2911 3508 2991 προσφιλοπονήσαντος
3696 2915 3833 2972 ὥστε

2187 3025 2288 3088 tet,
2322 3037 2499 3095 quam
2532 3035 2663 3074 vere
2707 3019 3101 3095 Tertulliapus
3150 3020 3529 3095 philosophos
3582 3046 3606 3073 (ι
3637 3023 3833 3095 gloria:

2190 3090 2475 3166 animalia
2519 3113 2546 3140 »
2596 3090 2919 3166 appellarit.
2962 3092 3109 3166 ipse
3150 3090 3457 3149 Lucianus
3504 3090 3836 3166 frequenter

2190 3163 2675 3237 phi1080phorum
2708 3162 2848 3218 vitia
2878 3162 3096 3218 irridet.

2262 3248 2654 3321 (31)Μέγαςὸ
2697 3254 2820 3315 τῆς,
2873 3254 2980 3304 etc.
3032 3249 3114 3304 Ad
3147 3251 3430 3306 Zenonem
3484 3251 3577 3307 hic
3625 3252 3837 3308 alludit

2191 3320 2522 3392 GregOrius.
2559 3320 2661 3376 Ille
2690 3321 2846 3375 enim
2889 3321 3290 3393 philosophus,
3324 3339 3456 3377 cum
3491 3325 3654 3378 navis
3685 3330 3834 3379 tem-

2189 3400 2413 3466 pestate
2443 3396 2788 3466 jactaretur,
2819 3398 2994 3463 atque
3039 3409 3258 3466 merces
3294 3393 3350 3448 in
3402 3412 3560 3450 mare
3593 3395 3834 3466 projice-

2189 3464 2411 3538 rentur,
2464 3464 2728 3538 Fortuna}
2780 3465 2996 3535 gratias
3037 3465 3262 3538 agebat,
3301 3471 3364 3520 ut
3411 3482 3538 3538 quis
3582 3464 3716 3522 eum
3760 3469 3832 3522 ad

2190 3535 2868 3610 pallium_compulisset.

2263 3610 2375 3678 (32)
2421 3607 2490 3680 ‘0_
2546 3605 2909 3680 Ἀντισθένης.
2987 3606 3362 3662 Antisthenes
3435 3624 3469 3662 a
3550 3607 3833 3680 petulanti

2194 3677 2445 3751 quedam
2479 3677 2713 3733 homine
2739 3685 2856 3732 toto
2889 3693 2986 3732 ore
3017 3683 3320 3751 contusus,
3347 3683 3410 3734 ut
3439 3677 3713 3750 injuriam
3747 3680 3836 3735 ul-

2195 3750 2527 3818 cisceretur,
2591 3751 2948 3820 percussoris
2999 3765 3210 3804 nomen
3270 3750 3328 3805 in
3387 3752 3576 3807 fronte
3629 3751 3837 3807 inscri-

2238 3824 2331 3878 sit.

2196 3841 2380 3962 psl33)
2414 3890 2689 3962 Μετώπῳ.
2719 3894 2882 3946 Pass.
2916 3909 3214 3962 προσωπῳ.

2413 3983 2792 4056 Ᾱημιουργιῖξν.
2849 3981 3053 4056 Its-sd.
3103 3980 3239 4047 Alii,
3272 3976 3628 4056 δημιουργόν.
3679 3983 3844 4056 Ορῐί-

2199 4052 2296 4108 ma
2327 4053 2514 4116 lectio,
2548 4052 2789 4123 quae'sic
2821 4053 2982 4106 reddi
3017 4057 3229 4123 potest.
3273 4076 3299 4103 ‹‹
3336 4052 3509 4108 fronti
3529 4052 3848 4125 inscripsit

2200 4130 2716 4197 percussorem,_ut
2737 4129 2942 4178 statuae
2967 4125 3246 4197 artiﬁcem
3271 4142 3283 4191 ;
3315 4148 3333 4172 ι
3372 4125 3426 4179 id
3445 4132 3534 4180 est
3563 4149 3591 4175 ‹‹
3617 4142 3848 4196 ροτουεο

2201 4194 2349 4269 seris
2372 4205 2429 4250 et
2450 4194 2674 4269 opificis
2698 4211 2932 4269 nomen.
2953 4218 2980 4243 ››
3005 4195 3158 4250 Elias
3176 4195 3258 4250 sic
3281 4196 3535 4268 exponit,
3561 4194 3851 4269 «accepta

2201 4268 2424 4335 charta,
2459 4265 2517 4320 in
2549 4282 2732 4336 eaque
2750 4265 3038 4338 inscripto
3057 4265 3417 4338 percussoris
3441 4268 3694 4334 nomine,
3715 4265 3844 4323 eam

2203 4340 2378 4412 fronti
2407 4337 2808 4412 agglutinavit,
2831 4338 2937 4392 hac
2962 4337 3225 4394 videlicet
3247 4338 3468 4412 ratione
3497 4340 3692 4412 ipsum
3715 4355 3847 4411 per-

2205 4411 2481 4482 spicuum
2524 4409 2808 4482 reddens,
2828 4425 2942 4463 non
2966 4424 3145 4482 secus
3194 4425 3260 4466 ae
3291 4411 3340 4464 si
3372 4409 3607 4482 quis'in
3653 4409 3851 4467 statua

2205 4481 2518 4553 sculptoris
2551 4497 2760 4535 nomen
2798 4481 3161 4535 inscriberet.
3203 4505 3222 4529 ι

2279 4573 2388 4637 (35)
2424 4565 2593 4622 Πολύ.
2627 4568 2724 4623 Sic
2752 4569 3151 4637 omnescodd.
3187 4571 3316 4625 Par.
3358 4571 3449 4626 ed.
3483 4570 3647 4625 addit
3672 4568 3758 4624 τό.

2277 4636 2389 4712 (36)
2422 4637 2677 4711 λυομένῳ
2727 4636 3149 4713 συγκαταλυσας.
3207 4665 3226 4689 ι
3273 4640 3476 4713 Utpote
3507 4659 3686 4713 quam
3735 4657 3855 4696 una

2207 4730 2338 4768 cum
2373 4713 2494 4766 sole
2525 4712 2905 4765 occumhc’nte
2938 4712 3148 4766 ﬁniret.
3182 4734 3210 4761 »
3246 4713 3300 4766 Is
3328 4712 3416 4768 est
3448 4712 3580 4768 Elia:
3615 4729 3850 4780 sensus,

2209 4784 2305 4855 qui
2341 4784 2425 4837 sic
2456 4783 2524 4836 de
2556 4783 2668 4838 isto
2700 4782 3046 4854 philosopho
3081 4783 3383 4837 historiam
3419 4785 3610 4853 refert,
3649 4808 3670 4832 ι
3707 4787 3854 4839 Cum

2211 4857 2412 4920 Roma,
2449 4856 2656 4926 inquit,
2684 4856 2983 4926 quondam,
3005 4871 3036 4907 a
3065 4856 3330 4910 barbaris
3355 4858 3505 4910 bello
3529 4863 3857 4925 vexaretur,

2210 4925 2806 4996 Romanus’quidam
2869 4925 3256 4996 philosophus
3304 4929 3413 4982 sub
3467 4926 3610 4982 solis
3660 4933 3855 4982 ortum

2211 5004 2394 5064 stans,
2431 5012 2531 5068 per
2553 4996 2922 5068 totumidiem
2958 4997 3016 5050 in
3049 4999 3308 5052 oratione
3329 5003 3593 5053 versatus
3625 5003 3756 5063 est;
3791 5015 3857 5052 ac

2211 5067 2445 5142 delapso
2478 5068 2547 5122 de
2578 5067 2718 5122 ccelo
2748 5067 2882 5140 igne
2931 5084 3046 5122 una
3077 5085 3206 5123 cum
3244 5070 3506 5126 barbaris
3551 5069 3678 5142 ipse
3709 5087 3854 5142 quo-

2211 5159 2322 5213 que
2355 5144 2646 5196 crematus
2678 5145 2788 5195 est.
2827 5164 2845 5192 ι

2284 5229 2396 5300 (37)
2428 5229 2513 5281 Ἐν
2558 5223 2833 5300 Ποτιδαίᾳ.
2886 5251 2912 5276 ‹‹
2942 5227 3227 5300 Potidania.
3265 5251 3290 5277 ››
3326 5229 3384 5283 ld
3432 5228 3723 5285 exciderat
3771 5229 3861 5283 in-

2213 5294 2471 5372 terpreti.
2507 5299 2776 5373 Combef.
2796 5294 3095 5373 Ποσιδαίᾳη
3124 5301 3185 5354 In
3207 5299 3341 5373 ﬁlia
3370 5300 3604 5373 legitur,
3637 5324 3664 5350 α
3703 5301 3862 5373 Poti-

2215 5370 2335 5426 desii
2356 5373 2493 5427 urbs
2514 5376 2602 5426 est
2624 5371 2692 5425 ad
2717 5370 3180 5444 Thraciamsita.
3203 5370 3592 5444 Philosophus
3616 5372 3860 5444 quidam

2215 5444 2576 5511 Potidteatcs,
2605 5459 2738 5497 cum
2776 5442 3047 5513 precandi
3080 5459 3258 5497 causa
3288 5442 3572 5513 stetisset,
3605 5442 3669 5498 ac
3701 5443 3864 5498 dein-

2215 5516 2283 5570 de
2314 5515 2370 5569 in
2405 5513 2891 5586 contemplatione
2934 5517 3113 5586 extra
3137 5531 3198 5569 se
3228 5519 3434 5586 raptus
3483 5516 3708 5581 fuisset,
3739 5518 3865 5586 tota

2220 5592 2382 5660 nocte
2416 5588 2497 5640 ita
2528 5585 2583 5638 in
2609 5583 2867 5660 oratione
2889 5583 3166 5657 perstitit,
3198 5590 3260 5641 ut
3280 5583 3396 5642 vim
3431 5587 3665 5660 frigoris
3700 5585 3862 5642 nullo

2220 5657 2390 5712 modo
2420 5657 2788 5728 persentiret.

2287 5724 2437 5801 (38f
2473 5724 3110 5804 Προσφιλοπονήσπντος.
3185 5750 3214 5779 ‹‹
3284 5728 3496 5792 Addito
3581 5729 3656 5790 ad
3735 5731 3863 5788 stu-
