4202 6212
346 384 452 445 601

1328 391 1618 455 ORATIO
1662 393 1764 454 IV.
1798 427 1877 440 —
1905 396 2219 459 CONTRA
2264 396 2666 460 JULIANUM
2711 397 2759 458 Ι.

3640 397 3758 458 602

346 515 601 593 χαλεπῶς
650 517 898 598 ἀναφέρει
944 524 1011 577 τὰ
1059 522 1246 593 λοιπὰ,
1283 526 1372 579 καὶ
1418 532 1760 603 συντηρεῖται
1788 528 1850 584 τὸ
1884 536 1983 599 τῆς

2098 530 2323 603 reliqua
2338 532 2602 588 membra
2617 532 2773 588 haud
2798 547 3010 604 magno
3034 531 3263 605 negotio
3286 534 3757 605 emergunt,par-

345 606 543 682 ὑγιείας
592 611 701 682 (71)
754 610 945 686 ἀγαθὸν
992 616 1073 684 τῷ
1122 613 1357 685 πλείονι,
1409 613 1454 687 ᾧ
1502 614 1645 691 τάχα
1696 616 1729 672 ἃ
1772 617 1991 673 κάκεῖνα

340 696 473 768 πρὸς
505 697 567 750 τὸ
603 697 815 771 βέλτιον
844 699 1167 757 ἐπανὲλθοι’
1218 707 1315 757 τοῦ
1365 700 1423 757 δὲ
1469 701 1725 767 πλείονος
1774 707 1987 761 στασιά-

343 789 532 853 ζοντος
562 787 650 839 καὶ
683 792 892 864 πικρῶς
937 785 1186 865 ἔχοντος,
1235 788 1359 846 οὐδὲ
1411 792 1506 864 μία
1553 796 1776 869 μηχανὴ
1823 797 1897 868 μὴ
1928 796 1990 850 τὸ

335 879 439 927 πᾶν
494 871 639 950 ἔχειν
689 881 892 945 κακῶς,
945 879 1032 932 καὶ
1080 877 1326 941 κίνδυνος
1384 878 1494 952 ἤδη
1536 882 1596 936 τὸ
1625 888 1841 938 τοιοῦτο
1872 886 1988 957 (72)

337 965 515 1039 σαφής
540 982 552 995 ·
587 964 729 1019 οὕτω
775 967 870 1020 κάν
927 973 1042 1030 τοῖς
1086 968 1421 1044 ἀρχομένοις
1460 972 1554 1032 τὰς
1589 972 1683 1044 μὶν
1715 974 1832 1027 καθ’
1862 969 1986 1027 ἕκα-

335 1072 460 1105 στον
526 1052 826 1129 ἀρῥωστίας
899 1051 1176 1128 συμϐαίνει
1244 1062 1324 1129 τῷ
1408 1064 1573 1131 κοινῷ
1664 1060 1987 1135 κρύπτεσθαι

333 1146 583 1215 κρεῖσσον
617 1139 801 1218 ἔχοντι
831 1162 843 1175 ·
876 1148 984 1199 τῶν
1016 1144 1282 1200 πλειόνων
1317 1143 1375 1201 δὲ
1414 1152 1623 1223 σαθρῶς
1664 1150 1777 1222 (73)
1832 1149 1989 1227 ἦχόν-

329 1250 463 1297 των,
513 1234 591 1301 τῷ
638 1232 796 1285 παντῖ
843 1230 1114 1296 κίνδυνος.
1166 1238 1234 1292 "0
1285 1256 1377 1307 μοι
1423 1235 1573 1292 δοκεῖ
1601 1235 1771 1293 ἄλλον
1807 1240 1899 1312 μὲν
1930 1240 1989 1294 ἃν

335 1314 489 1387 ἰδεῖν,
548 1318 637 1372 καὶ
694 1324 799 1374 τῶν
854 1320 1061 1400 σφῶρα
1122 1324 1422 1396 μισούντων
1473 1328 1621 1398 ἡμᾶς
1683 1327 1733 1381 ἐν
1781 1333 1860 1400 τῷ
1896 1334 1986 1383 νῦν

328 1410 533 1481 καιρῷ,
564 1408 650 1461 καὶ
679 1412 746 1481 τῇ
778 1410 1008 1485 τοσαύτῃ
1036 1415 1141 1467 τῶν
1195 1419 1527 1489 Χριστιανῶν
1577 1413 1835 1473 ἐπιδόσει.
1884 1422 1989 1472 Τοῦ

330 1491 390 1549 δὲ
454 1497 487 1564 ἡ
538 1496 776 1571 πονηρία
821 1505 939 1561 τοῖς
1002 1499 1288 1576 λογισμοῖς
1334 1501 1642 1559 ἐπεσκότισε
1689 1507 1802 1578 (74)
1830 1524 1843 1537 ⁸
1899 1506 1989 1561 καὶ

329 1581 425 1638 διὰ
455 1589 614 1640 τοῦτο
662 1593 880 1661 μικροῖς
928 1610 986 1644 τε
1036 1589 1246 1663 ὁμοίως
1290 1590 1379 1646 καὶ
1437 1593 1647 1665 μείζοσι
1676 1591 1865 1649 πλέκει
1896 1594 1986 1649 τὸν

331 1671 609 1748 διωγμόν.

2100 621 2264 692 tique
2295 622 2499 691 majori
2558 622 2827 677 sanitatis
2879 622 3099 677 bonum
3149 626 3546 689 conservatur,
3586 623 3757 693 cujus

2102 708 2277 764 etiam
2302 709 2717 780 opeinterdum
2742 726 2904 781 aegrae
2928 714 3123 781 partes
3146 709 3204 765 in
3221 709 3521 765 meliorem
3535 712 3755 766 statum

2100 798 2373 853 redeunt:
2406 801 2464 851 at
2485 814 2615 852 cum
2640 798 2915 870 pleraque
2939 800 3201 854 membra
3220 799 3373 855 inter
3391 816 3453 855 se
3468 800 3624 854 ’114
3640 799 3758 854 dis-

2100 887 2313 954 sident,
2347 891 2403 941 et
2424 886 2676 958 graviter
2699 887 3079 955 afﬂictantur,
3110 887 3372 959 fierijam
3404 904 3519 944 non
3543 891 3753 960 potest,

2099 975 2239 1046 quin
2272 979 2461 1030 totum
2485 991 2693 1046 corpus
2712 980 3161 1049 aegrotet,atque
3182 977 3241 1031 in
3272 977 3580 1049 perspicuo
3603 976 3754 1050 peri-

2099 1064 2229 1119 culo
2263 1064 2337 1119 sit
2369 1082 2381 1118 :
2416 1065 2486 1119 ad
2522 1065 2677 1119 hunc
2723 1065 2963 1120 modum
2994 1065 3055 1119 in
3108 1065 3180 1121 iis
3208 1082 3462 1138 quoque,
3494 1066 3591 1136 qui
3642 1067 3753 1121 sub

2098 1154 2342 1224 imperio
2361 1153 2892 1225 sunt,singulorum
2913 1154 3148 1210 morbos
3168 1154 3547 1210 commodiori
3572 1155 3753 1211 totius

2097 1242 2429 1313 reipublicm
2462 1242 2792 1297 valetudine
2823 1241 3104 1297 occultari
3136 1242 3421 1314 contingit
3447 1260 3459 1310 ;
3485 1243 3751 1315 pluribus

2099 1338 2295 1386 autem
2327 1330 2670 1386 exulceratis
2692 1338 2749 1386 et
2780 1331 2981 1386 morbo
3005 1331 3247 1399 affectis,
3270 1336 3391 1387 tota
3407 1334 3531 1402 jam
3555 1348 3753 1404 respu-

2101 1419 2252 1475 blica
2282 1420 2340 1473 in
2370 1419 2625 1491 periculo
2642 1424 2926 1475 versatur.
2948 1420 3108 1485 Quod
3130 1437 3257 1476 meo
3277 1421 3511 1492 quidem
3535 1420 3752 1492 judicio

2100 1508 2273 1575 alius,
2304 1509 2479 1565 etiam
2530 1509 2697 1565 nobis
2736 1509 3175 1566 infensissimus
3204 1513 3261 1565 et
3308 1509 3751 1580 infestissimus,

2100 1598 2630 1665 animadvertisset,
2662 1600 2983 1671 prasertim
3014 1599 3123 1654 hoc
3169 1604 3453 1671 tempore,
3486 1602 3661 1669 atque
3691 1598 3753 1653 in

2100 1691 2265 1742 tanta
2294 1687 2752 1744 Christianorum
2787 1688 3174 1760 amplitudine
3190 1692 3246 1743 et
3261 1687 3758 1744 incremento.Ve-

326 1782 466 1821 rum
498 1765 674 1822 istius
706 1768 1051 1839 improbitas
1083 1770 1294 1826 rationi
1343 1776 1399 1828 et
1427 1771 1672 1829 oonsilio
1723 1774 1997 1831 tenebras
2030 1777 2240 1832 offudit
2274 1794 2285 1833 :
2322 1779 2393 1832 ob
2425 1793 2673 1848 eamque
2703 1794 2944 1833 causam
2994 1777 3185 1849 parvis
3209 1778 3377 1848 juxta
3406 1792 3473 1832 ac
3522 1775 3753 1849 magnis

331 1856 811 1927 persecutionem
842 1859 1101 1915 molitur.

402 1946 517 2013 0C.
574 1945 776 1999 Ἐκεῖνο
832 1947 927 2019 μὲν
978 1968 1068 2002 ουν
1114 1949 1203 2002 καὶ
1250 1946 1455 2026 σφόδρα
1505 1948 1859 2025 μειρακιῶδες
1900 1951 1983 2005 καὶ

2169 1955 2405 2011 LXXVI.
2440 1960 2631 2028 Atque
2685 1955 2829 2011 illud
2881 1972 3021 2013 sane
3073 1973 3354 2029 perquam
3395 1955 3657 2028 juvenile
3687 1971 3753 2012 ao

323 2036 556 2109 κοῦφον,
589 2034 679 2088 καὶ
711 2037 818 2111 οὐχ
846 2032 997 2098 ὅπως
1035 2036 1301 2113 βασιλέως
1332 2036 1541 2114 ἀνδρὸς,
1574 2038 1699 2095 ἀλλ’
1731 2038 1856 2095 οὐδὲ
1900 2039 1991 2097 ἅλ-

328 2120 434 2176 λου
476 2124 618 2184 τινὸς
661 2129 767 2178 τῶν
818 2125 907 2179 καὶ
963 2126 1197 2203 μετρίως
1246 2122 1513 2204 στιϐαρῶν
1560 2130 1658 2198 τὴν
1730 2127 1987 2202 διάνοιαν,

324 2210 440 2281 ὃτι,
487 2210 559 2284 τῇ
608 2212 881 2284 μεταθέσει
929 2221 1029 2283 τῆς
1085 2213 1337 2285 κλήσεως
1383 2214 1598 2290 ἕψεσθαι
1630 2216 1862 2289 νομίσας
1891 2220 1991 2288 τὴν

324 2300 603 2374 ἡμετέραν
664 2300 917 2374 διάθεσιν,
978 2305 1011 2372 ἦ
1066 2303 1341 2380 αἰσχυνεῖν
1392 2326 1453 2379 γε
1516 2308 1664 2379 ἡμᾶς
1713 2305 1893 2383 ὥσπερ
1938 2329 1989 2362 τι

322 2393 439 2443 τῶν
493 2389 790 2464 αἰσχίστων
838 2394 951 2465 (75)
1004 2391 1456 2467 ἐγκαλουμένους,
1492 2394 1645 2457 εὐθὺς
1675 2402 1991 2469 καινοτομεῖ

324 2477 459 2552 περί
515 2479 617 2547 τὴν
673 2479 1067 2556 προσηγορίαν,
1131 2480 1458 2545 Γαλιλαίους
1505 2483 1621 2538 ἀντὶ
1653 2486 1985 2558 Χριστιανῶν

327 2566 613 2639 ὀνομάσας
669 2589 729 2622 τε
785 2569 873 2623 καὶ
930 2570 1212 2625 καλεῖσθαι
1266 2574 1381 2645 (76)
1437 2573 1806 2645 νομοθετήσας
1874 2576 1988 2647 (77)

326 2652 481 2730 ἔργῳ
513 2652 722 2725 δηλῶν,
751 2658 832 2712 ὅτι
865 2661 980 2731 (78)
1013 2659 1267 2733 μέγιστον
1298 2659 1373 2722 εἷς
1421 2657 1576 2730 δόξαν
1608 2659 1697 2715 καί
1719 2663 1987 2734 τιμιώτα-

322 2765 421 2798 τον
487 2747 522 2813 ἠ
583 2750 680 2799 τοῖ’)
738 2751 971 2822 Χριστοῦ
1024 2751 1135 2821 (79)
1177 2747 1396 2817 κλῆσις,
1434 2748 1484 2819 ἐξ
1516 2751 1588 2803 ὧν
1622 2750 1987 2826 ἀποστερῆσαι

320 2832 539 2903 ταύτης
584 2836 729 2907 ἡμᾶς
774 2834 1056 2906 ἐπενόησεν
1085 2855 1097 2869 ·
1148 2838 1183 2904 ἢ
1235 2834 1577 2916 φοϐούμενός
1607 2860 1668 2916 γε
1696 2841 1794 2909 τήν
1829 2838 1989 2896 δύνα-

329 2945 425 2996 μιν
487 2930 586 2993 τῆς
634 2924 1029 3001 προσηγορίας,
1081 2925 1259 3001 ὥσπερ
1322 2928 1373 2981 οἱ
1441 2925 1712 3000 δαίμονες,
1771 2930 1861 2983 καὶ
1900 2928 1989 2985 διὰ

324 3017 498 3067 τοῦτο
562 3008 895 3083 μεταϐαίνων
954 3014 1035 3093 ἐφ’
1081 3011 1263 3091 ἕτερον
1314 3010 1485 3089 ὄνομα
1510 3021 1618 3072 τῶν
1654 3017 1751 3073 οὐκ
1797 3016 1987 3072 εἰωθό-

326 3122 439 3156 των
481 3098 604 3156 ούδὲ
634 3102 949 3177 γνωρίμων.

394 3371 512 3425 ΟΖ’.
547 3370 737 3441 Ἡμεῖς
789 3367 845 3424 δὲ
902 3369 963 3424 ού
1020 3372 1456 3447 παρακινήσομεν
1517 3371 1699 3435 αὐτοῖς
1751 3373 1816 3428 τὰ
1862 3372 1979 3429 ὁνό-
2015 3331 2058 3399 C

320 3480 471 3532 ματα
501 3477 515 3490 ·
579 3456 704 3513 οὐδὲ
769 3457 870 3535 γάρ
920 3458 1059 3514 ἐστιν
1095 3459 1171 3522 εἷς
1214 3460 1244 3515 6'
1271 3482 1322 3515 τι
1360 3461 1715 3535 μεναθείημεν
1747 3462 1804 3517 ἃν
1839 3462 1979 3518 ἄλλο

315 3546 692 3621 γελοιότερον,
725 3546 850 3609 τοὺς
881 3546 1126 3624 φαλλοὺς
1158 3552 1291 3621 (80),
1323 3550 1411 3604 καὶ
1449 3549 1574 3611 τοὺς
1622 3549 1978 3630 ἰθυφάλλους,

314 3638 408 3691 καὶ
472 3636 598 3697 τοὺς
656 3634 1070 3713 μελαμπύγους,
1129 3638 1219 3692 καὶ
1276 3638 1403 3700 τοὺς
1454 3638 1693 3715 ἀπύγους
1728 3643 1858 3713 (81),
1890 3643 1979 3695 καὶ

315 3727 411 3780 τὸν
473 3725 800 3800 τραγόπουν,
860 3725 950 3780 καὶ
1004 3727 1095 3781 τὸν
1156 3726 1343 3781 σειινὸν
1406 3733 1553 3782 Πᾶνα
1612 3731 1744 3803 (82),
1794 3730 1886 3784 τὸν
1922 3730 1981 3785 ἐκ

317 3814 539 3870 πάντων
597 3817 921 3887 μνηστήρων
974 3815 1068 3870 ἓνα
1126 3817 1264 3886 Θεὸν,
1290 3817 1379 3870 καὶ
1411 3812 1584 3889 ὄνομα
1610 3812 1846 3873 λαϐόντα
1874 3820 1976 3888 τὴν

319 3901 506 3979 ὕϐριν,
565 3904 743 3979 ὥσπερ
795 3909 860 3975 ἦν
912 3906 1079 3977 ἄξιον.
1139 3914 1231 3962 Δεῖ
1261 3909 1366 3985 γὰρ
1416 3905 1678 3977 ἣάδικεῖν
1709 3911 1820 3982 (83)
1851 3911 1978 3978 παρ’

320 3994 552 4055 ἐκείνοις
612 3993 688 4055 εἷς
746 3993 959 4055 πολλὰς
1015 3998 1127 4070 (84)
1184 3992 1276 4051 ἕνα
1326 3997 1417 4051 καὶ
1466 3996 1556 4050 τὸν
1608 3998 1913 4072 κράτιστον,
1945 4000 1979 4067 ἢ

318 4084 380 4138 ἐκ
427 4082 655 4138 πολλῶν
705 4083 947 4159 γίνεσθαι
996 4088 1111 4158 (85)
1157 4085 1245 4140 καὶ
1300 4086 1390 4140 τὸν
1426 4083 1702 4161 αἴσχιστον
1734 4106 1745 4119 °
1782 4087 1973 4142 οὐκοῦν

316 4175 668 4250 φθονήσομεν
720 4172 902 4235 αὐτοῖς
952 4174 1075 4229 οὕτε
1118 4179 1225 4230 τῶν
1275 4175 1612 4252 πραγμάτων
1682 4175 1805 4231 οὕτε
1868 4181 1975 4232 τῶν

393 4371 506 4443 (Ἠ)
535 4369 811 4447 Ὑγιείας.Δ
834 4372 995 4431 Pass.
1049 4372 1326 4447 συζυγίας,
1359 4396 1387 4424 ‹‹
1422 4374 1759 4432 concordiae.
1794 4397 1822 4426 »
1853 4375 1978 4432 Non

393 4389 506 4443 (11)
539 4389 784 4497 ἰῐγιειαᾳ
834 4389 995 4431 rasa.
1049 4389 1326 4447 συζυγίας,
1359 4396 1387 4424 ((
1422 4389 1759 4432 concordiae.
1794 4397 1822 4426 ))

318 4460 660 4518 spernens
682 4442 1332 4518 lectio‘quaegoptimum
1366 4460 1602 4502 sensum
1635 4447 1832 4518 efﬁcit.

391 4510 791 4588 Κίνδυνος
821 4510 929 4584 ἤδη
986 4516 1048 4570 τὸ
1085 4510 1338 4588 τοιοῦτο.
1391 4520 1548 4588 8888.
1592 4514 1831 4579 κίνδυνος
1865 4514 1975 4588 ἤδη

317 4582 437 4669 ξέοι
468 4582 1347 4669 ’τὸ-τοιοῦτον.Οοίει.2.κίνδυνος
1377 4585 1486 4657 ἤδη
1511 4587 1626 4663 ἔχει
1648 4590 1709 4644 τὸ
1734 4582 1974 4645 τοιοῦτοί

320 4656 455 4714 Bill.
485 4661 562 4727 τῷ
590 4656 847 4729 τοιούτῳ.

541 4730 781 4813 Ξαθρῶς.
817 4729 1086 4813 Plerique
1119 4731 1368 4813 codices,
1404 4730 1620 4806 σαθρόν.

394 4802 513 4873 (74)
541 4800 902 4856 Ἐπεσκότισε.
954 4800 1045 4857 Sic
1076 4820 1209 4873 pars
1240 4800 1515 4859 codicum‘
1561 4802 1834 4859 maxima.
1869 4805 1972 4860 Ed.

319 4871 585 4939 ἰπεσκότη
594 4892 671 4927 σε.

392 4946 505 5019 (Ὶῷ)
539 4942 862 5019 Αἰσχίστων.
897 4944 1270 5019 Pass.ACoisl,
1299 4947 1353 5014 2,
1391 4945 1607 5019 aliique
1639 4962 1775 5019 non
1810 4946 1975 5018 pauci

317 5013 908 5100 χειρίστων..”(]οιῑιὸ..
938 5016 1108 5100 vertit
1142 5034 1155 5071 :
1208 5040 1235 5067 «
1287 5034 1351 5073 ac
1380 5018 1448 5100 3i
1482 5013 1974 5100 turpissim-orum

315 5088 456 5143 inde
486 5088 799 5143 criminum
832 5088 911 5143 rei
943 5092 1293 5144 teneremur.
1319 5112 1339 5138 ι
1379 5090 1453 5145 De
1482 5088 1576 5145 his
1596 5088 1821 5145 Juliani
1851 5090 1974 5147 ine-

318 5159 762 5243 ptiluanlegepdus
790 5160 1549 5243 Theodoretus,‘ﬂuitant).
1586 5179 1669 5243 iri,
1703 5178 1752 5216 c.
1784 5163 1873 5215 21.

390 5231 502 5299 (76)
534 5229 839 5286 Καλεῖσθαι.
873 5232 1045 5288 Deest
1075 5233 1133 5287 in
1163 5231 1299 5287 edit.
1334 5232 1461 5287 Ald.
1498 5238 1554 5287 et
1586 5231 1753 5286 Herv.

387 5303 496 5374 (77)
529 5304 930 5374 Νομοθετήσας.
964 5304 1218 5374 Addunt
1250 5304 1408 5360 Pass.
1444 5304 1579 5374 Reg.
1614 5304 1657 5373 Ι,
1691 5308 1747 5357 et
1790 5302 1967 5359 Coisl.

314 5372 368 5442 4,
396 5372 469 5433 ὡς
492 5372 719 5450 αἰσχρόν
749 5394 800 5427 τι
833 5374 919 5426 καὶ
951 5372 1402 5450 ἀπρεπὲστερον,‹‹
1432 5372 1713 5446 tamquam
1745 5374 1965 5446 aliquid

318 5437 485 5510 turpe
516 5437 974 5502 ac'i'ndecorum.
1015 5437 1035 5496 ἑ

320 5584 351 5639 ό
387 5519 497 5589 (78)
529 5516 746 5588 Δηλῶν,
793 5516 896 5572 ὅτι.
956 5517 1075 5573 Alit
1133 5514 1411 5587 δηλώσας.
1471 5516 1582 5571 Par
1638 5516 1729 5572 ed.
1774 5511 1971 5585 δηλον-

352 5606 423 5639 τι.

352 5606 423 5640 τι.

388 5659 496 5731 (79)
526 5662 634 5736 Toii
682 5662 935 5736 Χριστοῦ.
989 5660 1178 5732 Reg.l
1228 5664 1286 5717 et
1316 5664 1389 5732 'q,
1439 5659 1638 5718 Comb.
1688 5663 1752 5718 et
1800 5660 1964 5719 Pass.

318 5730 659 5805 Χριστιανοῦ⁹

2008 4737 2056 4801 D

2097 2043 2421 2115 leve,atque
2453 2062 2525 2100 ne
2555 2044 2674 2099 ullo
2707 2045 2942 2117 quidem
2978 2045 3089 2101 alio
3122 2046 3378 2114 homine,
3409 2044 3496 2100 vel
3532 2045 3754 2100 medio-

2100 2132 2181 2188 cri
2213 2134 2395 2188 animi
2423 2134 2703 2205 gravitate
2734 2134 2995 2204 praedito,
3028 2135 3243 2189 nedum
3284 2133 3635 2205 imperatore
3664 2132 3753 2187 di—

2098 2221 2694 2294 gnum,quod,simul
2724 2238 2860 2277 cum
2892 2222 3146 2277 nominis
3170 2221 3755 2290 mutatione,animo-

2098 2328 2227 2365 rum
2250 2327 2480 2383 quoque
2501 2315 2833 2366 nostrorum
2863 2311 3248 2366 mutationem
3273 2314 3604 2367 secuturam
3625 2326 3755 2366 esse

2098 2399 2437 2468 arbitratus,
2465 2404 2567 2455 aut
2597 2403 2749 2455 certe
2781 2400 3022 2455 nobisid
3048 2400 3255 2472 pudori
3279 2400 3606 2472 fore,quasi
3635 2404 3754 2455 tur-

2097 2488 2326 2559 pissimi
2353 2490 2662 2560 cujusdam
2688 2488 2951 2544 criminis
2975 2488 3632 2555 accusatis,novandum
3655 2502 3757 2544 ηο-

2098 2577 2188 2633 bis
2216 2583 2667 2651 cognomentum
2693 2578 2891 2633 statim
2916 2576 3437 2644 censuit,Galilseos
3464 2595 3567 2650 pro
3587 2577 3752 2633 Chri-

2098 2667 2305 2723 stianis
2337 2667 2669 2739 nominans,
2701 2671 2895 2738 atque,
2922 2671 2988 2722 ut
3015 2666 3096 2721 ita
3123 2683 3483 2732 vocaremur,
3516 2666 3753 2739 publica

2095 2754 2221 2827 lege
2254 2756 2590 2811 decernens.
2624 2761 2702 2810 Ex
2754 2772 2870 2827 quo
2902 2755 3204 2828 perspicue
3253 2755 3511 2811 ostendit
3538 2754 3750 2811 Christi

2098 2844 2547 2917 appellationem
2579 2844 3065 2918 perhonoriﬁcam
3105 2859 3256 2911 esse,
3288 2844 3645 2916 maximique
3675 2844 3747 2899 ad

2098 2934 2343 3007 gloriam
2377 2935 2677 3003 momenti,
2711 2934 2991 3006 quoniam
3023 2950 3151 2990 eam
3202 2934 3370 2989 nobis
3401 2933 3623 3006 eripere
3653 2950 3747 2989 co-

2096 3022 2318 3096 gitavit.
2352 3022 2474 3078 Nisi
2509 3023 2753 3079 fortasse
2784 3024 2890 3078 hoc
2920 3039 2987 3079 ea
3018 3023 3242 3078 ratione
3276 3022 3425 3091 fecit,
3451 3023 3606 3094 quod
3639 3022 3747 3078 hu-

2090 3113 2259 3182 jusce
2290 3111 2543 3168 nominis
2564 3112 2672 3166 vim
2710 3116 2765 3167 et
2794 3111 3365 3184 potestatem,instar
3391 3112 3745 3181 daemonum,

2098 3201 2521 3267 reiormidaret,
2556 3218 2619 3255 ac
2650 3201 2895 3272 proinde
2927 3201 2999 3255 ad
3030 3199 3276 3257 alterum
3309 3216 3517 3256 nomen
3551 3200 3749 3257 minus

2097 3294 2302 3346 notum
2334 3295 2392 3345 et
2419 3290 2654 3362 vulgare
2683 3290 2999 3346 transierit.

2168 3379 2556 3435 LXXVII.Nos
2581 3396 2714 3435 vero
2738 3380 2973 3435 nomina
2994 3379 3141 3451 ipsis
3164 3379 3624 3452 haudquaquam
3656 3379 3747 3435 in-

2089 3474 2381 3524 vertemus
2407 3486 2420 3531 ;
2443 3485 2546 3523 nec
2576 3469 2730 3524 enim
2752 3467 3072 3541 quidquam
3109 3469 3295 3541 magis
3318 3468 3632 3525 ridiculum
3655 3485 3749 3525 ex-

2092 3557 2329 3629 cogitari
2360 3562 2574 3630 potest,
2606 3557 2665 3611 in
2716 3559 2868 3629 quod
2904 3575 2971 3613 ea
3019 3564 3381 3614 commutare
3413 3575 3700 3630 queamus
3727 3574 3741 3626 ;

2091 3645 2318 3718 phellos
2350 3652 2407 3701 et
2450 3645 2827 3719 ithyphallos,
2861 3651 2918 3701 et
2950 3645 3369 3719 melampygos,
3401 3652 3458 3702 et
3505 3663 3742 3718 apygos,

2089 3740 2146 3789 et
2178 3734 2570 3807 hircopedem,
2604 3742 2659 3791 et
2688 3736 3083 3791 venerandum
3117 3740 3295 3800 Pana,
3327 3734 3497 3789 illum
3528 3751 3596 3789 ex
3624 3751 3747 3789 om-

2088 3822 2263 3878 nibus
2293 3823 2485 3893 procis
2515 3840 2699 3877 unum
2754 3823 2951 3889 deum,
2988 3826 3163 3894 atque
3194 3839 3227 3877 a
3256 3820 3612 3877 contumelia
3642 3837 3746 3876 no-

2089 3929 2244 3982 men,
2278 3919 2341 3967 ut
2376 3929 2478 3983 par
2505 3915 2649 3977 erat,
2683 3916 3081 3967 consecutum.
3102 3912 3269 3981 Apud
3301 3909 3431 3965 illos
3461 3909 3616 3964 enim
3648 3907 3735 3965 vel

2088 4016 2271 4056 unum
2291 4004 2348 4054 et
2366 3999 2838 4070 potentissimum
2860 3998 3075 4055 multas
3094 3998 3313 4068 injuria
3329 3997 3559 4053 afﬁcere
3581 4013 3747 4068 opor-

2085 4086 2279 4158 tet,vel
2298 4104 2364 4142 ex
2380 4087 2582 4142 multis
2605 4104 2786 4142 unum
2811 4104 3063 4159 eumque
3085 4086 3587 4143 deformissimam
3610 4102 3744 4158 pro-

2087 4176 2291 4235 creari.
2323 4175 2604 4242 Quocirca
2633 4192 2737 4232 nec
2769 4193 2861 4232 res
2892 4176 3057 4249 ipsis,
3091 4193 3195 4233 nec
3248 4175 3489 4232 nomina
3516 4175 3746 4232 invide-

2160 4371 2271 4455 (βο)
2319 4369 2455 4433 Τοὺς
2506 4369 2772 4447 φαλλούς,
2824 4376 3015 4455 et_c.__e
3066 4370 3315 4455 Phallos,
3364 4371 3742 4455 ithyphallos,

2090 4444 2801 4528 melampygosmpygos,»
2834 4444 3314 4528 et_c.Turpia.haec
3345 4444 3742 4528 nominaquid

2090 4517 2748 4601 signiﬁctentnex‘ponere
2779 4517 2971 4599 pudor
2998 4532 3116 4601 non
3147 4517 3287 4601 sinit
3310 4533 3324 4583 ;
3344 4532 3469 4597 quae
3487 4517 3743 4601 quidem

2089 4586 2404 4672 Gregorius
2433 4586 2686 4654 Juliano,
2713 4586 2828 4643 non
2862 4588 2975 4643 nisi
3004 4592 3069 4643 ut
3098 4586 3496 4660 roborem’ipsi
3520 4586 3738 4660 eliciat,

2089 4661 2401 4801 ΟΪῖέῗῗῖἰαὶ
2447 4728 2574 4790 τοὺς
2627 4726 2883 4803 ἀπύγους.
2923 4751 2953 4803 e
2998 4731 3355 4803 Et‘apygos.
3393 4751 3421 4779 »
3474 4730 3569 4785 Sic
3622 4730 3740 4786 duo

2089 4800 2266 4887 Regg.
2295 4807 2460 4857 Pass.
2516 4810 2649 4869 etc.;
2683 4800 2898 4857 desunt
2942 4802 3001 4856 in
3052 4800 3321 4874 pluribus
3370 4802 3538 4857 codd.
3572 4807 3629 4858 et
3679 4803 3740 4859 in

2086 4875 2278 5017 “(16:15).
2301 4948 2467 4998 Πᾶνα.
2526 4945 2666 5017 Pan,
2699 4942 3065 4999 contumelias
3096 4959 3308 5000 nomen
3361 4949 3464 4999 est.
3501 4943 3737 5017 Signiﬂ‘

2084 5016 2177 5072 cat
2206 5039 2233 5066 ‹‹
2268 5034 2337 5072 ex
2386 5016 2661 5088 omnibus
2709 5032 2838 5071 esse
2886 5020 3249 5087 generatum.
3288 5037 3316 5065 »
3350 5017 3529 5086 Unde,
3576 5016 3739 5088 apud

2084 5094 2306 5161 poetas,
2338 5088 2451 5160 ipsi
2480 5086 2699 5159 aliquid
2732 5105 2800 5144 ex
2820 5086 2942 5143 tota
2972 5103 3166 5143 rerum
3200 5092 3413 5143 natura
3441 5086 3739 5145 tribueba-

2297 5224 2803 5319 I’Ar'd‘zxe‘tlvslftegg.
2862 5233 3260 5319 nogvemLtres
3307 5228 3496 5319 Golbz,
3545 5231 3735 5319 Pass,

2081 5301 2255 5358 Coisl.
2291 5303 2342 5367 1,
2374 5301 2466 5375 0r.
2504 5302 2555 5368 l,
2589 5306 2698 5357 etc.
2722 5301 3151 5375 "dtuxs'w,_quaa
3204 5318 3338 5358 vera
3368 5302 3537 5375 lectio
3575 5301 3737 5361 vide-

2079 5378 2201 5457 tur,
2214 5373 2483 5457 quamvis
2516 5388 2629 5427 non
2662 5373 2804 5429 satis
2833 5372 3137 5446 perspicue
3168 5379 3448 5445 appareat
3479 5373 3570 5430 hic
3593 5375 3733 5432 Gre-

2079 5460 2227 5517 goru
2260 5461 2446 5517 mens.

2149 5518 2261 5586 (84)
2296 5511 2536 5587 nonac.
2586 5515 2785 5571 Heins.
2839 5538 2867 5566 «
2898 5516 3043 5571 forte
3090 5512 3358 5587 πολλούς,
3410 5515 3649 5573 multos.
3705 5536 3728 5566 ι

2077 5586 2185 5642 Alii
2218 5584 2423 5642 πολλὰ.

2147 5660 2260 5731 (85)
2294 5657 2557 5731 Γίνεσθαι.
2612 5656 2881 5731 Heinsius
2933 5658 3097 5731 addit
3140 5652 3253 5713 ἕνα.
3304 5652 3390 5716 Ita
3430 5656 3640 5716 Bittius
3667 5656 3725 5713 in

2076 5728 2340 5789 versione
2366 5756 2381 5802 ς
2412 5730 2590 5803 idque
2617 5731 2692 5788 ad
2722 5728 2982 5803 Gregorii
3014 5732 3291 5787 mentem.
