4202 6212
398 374 519 435 603

1638 374 1702 433 S.
1751 374 2127 436 GREGORII
2171 374 2567 436 THEOLOGI

3701 375 3839 437 604

398 506 615 565 bimus.
654 512 753 562 Per
783 524 891 562 nos
914 523 1051 561 sane
1075 523 1181 561 sua
1209 505 1328 561 illis
1354 507 1604 563 stultitia
1624 508 1733 563 frui
1759 508 1952 575 liceat,
1984 513 2041 565 et

2173 507 2435 581 ἱνομάτων
2466 524 2483 543 ⁸
2512 506 2639 564 ἀλλ’
2668 505 3093 565 ἀπολαυέτωσαν
3121 510 3221 577 τῆς
3272 508 3481 564 ἑαυτῶν
3546 507 3841 579 εὐηθείας,

399 596 472 650 ob
496 594 975 665 resturpissimas
995 595 1303 665 magnifice
1325 596 1735 668 gloriari.0uin
1758 598 1934 653 etiam
1959 599 2046 671 ip-

398 684 555 749 sis,si
575 682 1119 745 velint,Buthccnam
1148 686 1745 754 praetermittemus,et
1766 690 1793 741 I
1809 688 1904 744 l5
1929 687 2050 741 Tri-

396 775 805 841 vesperum,ut
834 772 1113 841 majorem
1148 774 1297 843 apud
1332 789 1430 829 eos
1460 774 1706 847 gratiam
1738 776 2048 845 ineamus;

398 874 549 923 eum,
585 858 921 930 inquam,et
952 861 1033 914 ita
1064 862 1455 933 progenitum,
1481 867 1537 917 et
1567 865 1709 919 adeo
1741 865 2050 936 magnifice

398 946 940 1018 progignentem,ac
971 966 1074 1020 pro
1096 950 1319 1005 decimo
1338 951 1509 1007 tertio
1532 952 2050 1019 certamine,unius

398 1036 587 1090 noctis
629 1036 839 1108 spatio,
872 1038 1299 1109 quinquaginta
1328 1039 1549 1094 Thestii
1599 1040 1749 1096 filias
1798 1042 2051 1106 compri-

398 1128 676 1193 mentem,
710 1130 775 1180 ut
821 1142 887 1181 ex
920 1127 992 1181 iis
1041 1128 1217 1182 rebus
1265 1128 1353 1182 dei
1405 1145 1615 1183 nomen
1669 1130 2048 1201 adipiscatur.

395 1213 648 1280 Etenim,
687 1214 733 1269 si
786 1214 1125 1286 hujusmodi
1157 1216 1497 1272 nominibus
1546 1218 1891 1273 innovandis
1922 1220 2054 1274 ani-

399 1317 562 1356 mum
596 1303 847 1373 adjicere
878 1304 1298 1369 liberet,multa
1330 1306 1583 1375 profecto
1608 1306 1847 1361 nomina
1876 1308 2050 1364 etiam

399 1390 679 1447 adversus
711 1408 868 1455 eum,
900 1394 971 1447 ab
1003 1394 1131 1463 ejus
1162 1393 1274 1447 vita
1308 1394 1509 1465 petita,
1529 1394 1879 1451 Christianis
1912 1413 2051 1468 sup-

398 1484 684 1553 peterent,
705 1484 828 1535 tum
862 1482 1143 1553 turpiora,
1164 1488 1286 1536 tum
1322 1482 1509 1555 magis
1538 1484 1807 1556 apposita
1830 1489 1885 1540 et
1914 1501 2053 1540 con-

398 1569 689 1640 gruentia.
716 1570 862 1635 Quid
896 1570 1049 1625 enim
1084 1570 1437 1641 prohiberet,
1459 1572 1773 1642 quominus
1791 1590 1896 1629 nos
1913 1589 2054 1642 quo-

400 1672 549 1727 que,
615 1658 1052 1729 Romanorum,
1111 1665 1283 1729 atque
1343 1662 1484 1716 adeo
1542 1662 1698 1716 orbis
1756 1663 2051 1731 universi,

406 1745 902 1814 quemadmodum
941 1746 1062 1817 ipse
1093 1747 1421 1802 daemonum
1458 1749 1659 1803 fraude
1694 1749 2054 1805 circumven-

399 1836 495 1886 tus
528 1834 1370 1905 existimabat,imperatorem,
1388 1837 1589 1891 eodem
1612 1836 1749 1891 ludo
1772 1837 2054 1893 ulciscen-

400 1921 867 1988 tes,ldolianum,
884 1928 940 1978 et
960 1924 1228 1988 Piszeum,
1244 1929 1299 1979 et
1317 1925 1656 1991 Adonzeum,
1672 1931 1731 1981 et
1750 1927 2056 1983 Tauricre-

400 2026 567 2065 mum
600 2027 958 2078 vocaremus,
981 2017 1043 2066 ut
1066 2014 1191 2083 jam
1217 2013 1481 2067 nonnulli
1504 2030 1735 2087 quoque
1765 2020 2055 2088 nostrum,

401 2097 582 2169 lepidi
615 2104 672 2154 et
704 2100 889 2155 festivi
940 2101 1229 2166 homines,
1264 2102 1652 2173 appellarunt,
1686 2106 2055 2177 quandoqui-

2156 599 2245 651 καὶ
2274 603 2392 660 τοῖς
2417 597 2717 673 αἰσχίστοις
2746 596 3340 673 ἐγκαλλωπιζέσθωσαν
3369 617 3383 629 ο
3419 598 3465 651 εἰ
3520 596 3834 672 βούλοιντο

2159 683 2236 756 δὲ,
2262 685 2350 740 καὶ
2380 686 2469 740 τὸν
2500 686 2787 750 Βουθοίναν
2971 689 3291 762 παρήσομεν
3326 686 3535 753 αὐτοῖς,
3583 687 3671 741 καὶ
3724 688 3837 741 τὸν

2156 777 2475 853 Τριέσπερον
2507 779 2643 849 (87),
2666 775 2759 831 ἳνα
2788 778 2878 832 καὶ
2914 775 3127 850 μᾶλλον
3173 776 3359 839 αὐτοῖς
3402 777 3783 853 χαρισώμεθα
3818 795 3838 808 ⁸

2156 865 2247 920 τὸν
2296 865 2385 919 καὶ
2432 867 2767 941 γεννώμενον
2809 865 2974 933 οὕτω,
3004 866 3095 920 καὶ
3144 868 3418 941 γεννῶντα
3468 864 3843 941 μεγαλοπρε-

2158 958 2297 1024 πῶς,
2340 953 2429 1008 καὶ
2480 952 2642 1009 ἆθλον
2690 955 3059 1026 ποιησάμενον
3103 951 3567 1030 τρισκαιδέκατον,
3607 952 3659 1009 έν
3717 958 3838 1026 μιᾷ

2157 1042 2329 1111 νυκτὶ,
2390 1043 2484 1104 τάς
2554 1042 2772 1097 Θεστίου
2837 1046 3172 1113 πεντήκοντα
3238 1042 3559 1117 θυγατέρας,
3628 1041 3703 1095 ἵν’
3764 1042 3843 1096 ἐκ

2155 1130 2360 1185 τούτων
2436 1130 2711 1205 όνομασθῇ
2786 1131 2940 1193 θεός·
3022 1130 3136 1187 ἐπεὶ
3220 1130 3578 1207 βουλομένοις
3632 1153 3697 1206 γε
3754 1132 3843 1185 ti

2156 1224 2379 1275 τοιαῦτα
2429 1224 2799 1293 καινοτομεῖν,
2856 1220 2947 1273 καὶ
2998 1217 3208 1274 πολλαὶ
3257 1222 3370 1291 (88)
3425 1220 3541 1274 κατ’
3610 1217 3847 1273 ἐκείνου

2159 1308 2384 1379 κλήσεις
2434 1308 2493 1364 έκ
2545 1313 2653 1363 τῶν
2697 1308 2902 1363 ἐκείνου
2950 1310 3295 1385 Χριστιανοῖς
3337 1307 3590 1383 αἰσχίους
3617 1328 3678 1362 τε
3708 1307 3850 1379 ’ἅμα

2158 1398 2248 1451 καὶ
2298 1396 2639 1472 οἰκειοτέραν..
2682 1398 2742 1452 Τί
2786 1398 2883 1473 γὰν
2943 1396 3003 1451 ἂν
3071 1396 3339 1453 κωλύσειε
3390 1397 3482 1452 καὶ
3537 1399 3686 1469 ἡμᾶς
3744 1402 3845 1468 τῷ

2165 1486 2379 1563 βασιλεῖ
2424 1486 2559 1541 κατά
2592 1487 2656 1541 τὸ
2703 1484 2815 1540 ἴσον
2885 1486 3295 1555 ἀντιπαίζοντας
3363 1484 3676 1558 Ῥωμαίων,
3749 1486 3847 1547 ὡς

2163 1574 2221 1631 δὶ
2251 1573 2409 1647 ᾤετο,
2456 1576 2545 1630 καὶ
2584 1582 2684 1645 τῆς
2731 1575 3075 1648 οἰκουμένης,
3127 1576 3481 1648 ήπατημένος
3531 1580 3645 1637 τοῖς
3700 1572 3841 1630 δαί-

2168 1685 2314 1736 μοσι,
2362 1664 2451 1718 τὸν
2501 1661 2833 1719 Εἲδωλιανὸν
2882 1663 3092 1729 καλεῖν,
3143 1663 3233 1718 καὶ
3278 1664 3370 1718 τὸν
3425 1668 3646 1719 Πισαῖον
3680 1666 3840 1734 (89),

2163 1752 2252 1808 καὶ
2298 1754 2387 1808 τὸν
2440 1750 2756 1823 ’Δδωναῖον,
2798 1753 2891 1807 καὶ
2937 1755 3029 1807 τὸν
3085 1752 3449 1829 Καυσίταυρον
3502 1754 3634 1825 (90),
3684 1751 3841 1827 ὅπερ

2165 1842 2253 1897 καὶ
2282 1840 2391 1911 ἤδη
2421 1842 2559 1903 τινὲς
2605 1840 2764 1896 αὐτὸν
2816 1846 2925 1896 τῶν
2976 1843 3102 1913 παρ’
3149 1845 3287 1914 ⁴ἡμῖν
3336 1844 3565 1914 κομψῶν
3600 1840 3846 1913 ὠνομά-

2163 1951 2337 1999 κασιν,
2384 1928 2569 1998 ἐπειδὴ
2623 1929 2867 2004 ῥᾳστώνη
2916 1928 3106 1998 πολλή
3137 1934 3235 1984 τοῦ
3266 1931 3605 2004 πράγματος,
3638 1927 3745 1982 ὅσα
3770 1949 3848 1983 τε

2167 2017 2310 2073 ἄλλα
2340 2024 2660 2091 παραποιεῖν
2705 2020 2739 2087 ἣ
2779 2024 2954 2073 ποιεῖν
3005 2017 3065 2073 ἐκ
3100 2026 3203 2089 τῆς
3231 2017 3512 2090 ἀληθειας,
3545 2020 3579 2087 ἡ
3612 2018 3847 2093 ἱστορία

2170 2104 2359 2161 δίδωσι
2384 2126 2397 2176 ;

400 2188 534 2242 dem
571 2189 719 2244 mira
751 2194 844 2245 est
877 2190 1053 2259 hujus
1085 2192 1165 2245 rei
1199 2192 1469 2260 facilitas,
1503 2197 1560 2248 et
1591 2192 1703 2248 alia
1731 2192 2003 2265 quaslibet
2030 2196 2118 2251 vel
2150 2198 2580 2254 inﬂecteremus
2610 2198 2850 2254 nomina
2877 2197 2966 2254 vel
2998 2198 3516 2271 cudoremus,qua
3546 2211 3676 2253 vere
3710 2196 3818 2270 ips

403 2276 734 2347 objicienda
762 2280 931 2334 nobis
964 2280 1209 2335 historia
1238 2281 1525 2353 porrigit?

473 2366 771 2422 LXXVIII.
849 2369 967 2424 lloc
1023 2386 1155 2424 vero
1213 2370 1476 2425 omnium
1532 2370 2054 2443 absurdissimum,

403 2456 556 2526 quod
590 2473 720 2512 cum
768 2457 1031 2513 Salvator
1079 2458 1224 2530 ipse,
1285 2460 1670 2531 omniumque
1720 2476 1914 2515 rerum
1950 2462 2057 2516 Do-

404 2544 625 2610 minus,
642 2550 699 2600 et
724 2547 928 2601 mundi
953 2546 1134 2617 hujus
1160 2548 1349 2619 cpifex
1371 2553 1545 2619 atque
1566 2548 1941 2621 gubernator,
1960 2549 2057 2605 ille

404 2634 604 2705 magni
637 2635 823 2691 Patris
876 2634 1078 2703 Filius,
1110 2640 1169 2691 et
1216 2636 1493 2705 Verbum,
1528 2642 1585 2692 et
1614 2637 1970 2707 conciliator,
2002 2642 2061 2695 et

404 2724 681 2794 pontifex,
714 2729 771 2778 et
800 2724 993 2779 throni
1040 2742 1316 2793 consors;
1351 2726 1450 2797 qui
1485 2743 1587 2798 pro
1617 2726 1807 2795 nobis,
1841 2728 1938 2798 qui
1970 2728 2059 2800 ip-

402 2811 530 2867 sius
579 2812 895 2886 imaginem
949 2815 1271 2887 ignominia
1321 2816 1723 2884 all'eceramus,
1779 2820 1953 2888 atque
1998 2816 2057 2871 in

402 2905 616 2956 terram
651 2902 891 2973 projecli
922 2920 1177 2970 eramus,
1202 2920 1387 2976 eoque
1416 2904 1655 2972 redacti,
1683 2908 1748 2959 ut
1779 2921 2059 2978 magnum

404 2988 653 3061 hujusce
672 2991 1104 3062 conjunctionis
1124 2993 1469 3065 mysterium
1502 2994 1926 3063 ignoraremus,
1945 3012 2061 3050 non

403 3078 593 3135 solum
630 3080 700 3135 ad
734 3080 1002 3135 servilem
1060 3098 1248 3152 usque
1295 3082 1541 3137 formam
1585 3099 1647 3138 se
1693 3082 1969 3154 dejecerit
1996 3084 2061 3154 ‘0,

2235 2375 2363 2433 OII'.
2421 2376 2641 2429 Πάντων
2693 2370 2750 2429 δὲ
2797 2375 3163 2443 ἀτοπώτατον,
3206 2372 3299 2428 τὸν
3336 2372 3430 2446 μὶν
3465 2379 3699 2449 Σωτῆρα
3728 2376 3846 2430 καὶ

2166 2463 2437 2533 Δεσπότην
2472 2461 2742 2531 ἀπάντων,
2772 2464 2865 2517 τὸν
2899 2460 3057 2517 τοῦδε
3084 2466 3182 2517 τοῦ
3221 2462 3420 2524 παντὸς
3478 2459 3839 2536 δημιουργόν

2164 2572 2224 2606 τε
2268 2552 2356 2606 καὶ
2414 2546 2751 2626 κυϐερνήτην
2812 2551 2905 2606 τὸν
2971 2555 3068 2606 τοῦ
3143 2550 3388 2626 μεγάλου
3467 2550 3673 2626 Πατρὸς
3732 2550 3840 2605 καὶ

2168 2641 2288 2695 Υἰὸν
2348 2642 2481 2714 (91),
2534 2640 2622 2694 καὶ
2676 2639 2867 2716 Λόγον,
2941 2638 3030 2694 καὶ
3105 2639 3463 2721 προσαγωγέα
3540 2642 3673 2712 (92),
3729 2640 3833 2694 καὶ

2170 2727 2447 2805 ἀρχιερέα,
2495 2728 2585 2783 καὶ
2634 2727 2960 2803 σύνθρονον·
3010 2728 3100 2782 τὸν
3157 2728 3289 2803 ὑπὶρ
3338 2729 3499 2799 ἡμῶν
3548 2730 3653 2781 τῶν
3699 2726 3836 2782 ἀτι-

2174 2817 2451 2891 μασάντων
2502 2816 2667 2872 αὐτοῦ
2716 2818 2815 2885 τὴν
2862 2816 3062 2887 εἰκόνα,
3112 2817 3203 2871 καὶ
3250 2817 3389 2892 πρὸς
3430 2816 3523 2871 τὸν
3555 2820 3689 2891 χοῦν
3722 2815 3843 2870 ἀπ-

2170 2904 2563 2981 ενηνεγμένων,
2629 2905 2718 2960 καὶ
2766 2904 3149 2981 ἀγνοησάντων
3197 2906 3261 2960 τὸ
3314 2904 3454 2979 μέγα
3515 2910 3616 2972 τῆς
3666 2909 3843 2972 συζυ-

2167 2994 2287 3071 γίας
2344 2997 2457 3068 (93)
2527 2996 2847 3068 μυστήριον,
2908 2996 2985 3067 μὴ
3041 2994 3201 3067 μόνον
3257 2993 3333 3055 εἰς
3403 2991 3605 3048 δούλου
3654 3014 3838 3048 κατα-

2172 3078 2337 3138 ϐάντα
2393 3085 2631 3159 μορφὴν,
2692 3080 2837 3138 ἀλλά
2882 3084 2973 3138 καὶ
3023 3082 3111 3138 ἐπὶ
3150 3083 3243 3137 τὸν
3274 3084 3502 3158 σταυρὸν
3534 3076 3845 3153 ἀναϐάντα,

404 3170 504 3225 sed
540 3169 712 3225 etiam
734 3186 961 3225 crucem
984 3172 1836 3245 conscenderit,pcccstumque
1866 3189 2060 3228 meum

2173 3174 2262 3227 καὶ
2311 3172 2676 3247 συναγαγόντα
2718 3172 2814 3239 τὴν
2858 3170 2995 3244 ἐμὴν
3050 3171 3311 3245 ἁμαρτίαν
3378 3170 3787 3243 τεθνηξομένην
3822 3192 3840 3206 ·

406 3263 707 3321 secum,ut
739 3258 857 3314 illic
891 3259 1425 3326 interiret,duxerit
1458 3279 1469 3316 :
1503 3277 1635 3315 cum
1667 3261 2060 3333 hic,inquam,

2173 3266 2361 3316 τοῦτον
2406 3233 2499 3333 μέν
2529 3233 2900 3334 ’Σαμαρείτην
2948 3233 3231 3328 ἀκούοντα,
3283 3260 3373 3313 καὶ
3423 3233 3682 3331 8—
3714 3233 3850 3334 is?-

405 3347 622 3402 Judmis
660 3364 794 3402 eum
845 3348 1283 3404 Samaritanum
1331 3350 1675 3404 vocantibus
1705 3350 1773 3418 ‘1,
1804 3356 1856 3405 et
1907 3351 2058 3419 quod

408 3435 593 3491 multo
632 3435 968 3491 sceleratius
1019 3442 1126 3504 est,
1161 3438 1328 3509 quasi
1382 3438 1664 3493 daemonis
1703 3438 2067 3510 intemperiis

411 3523 693 3596 agitatum
749 3527 1161 3581 accusantibus
1194 3527 1260 3594 ⁸³,
1312 3543 1417 3581 nec
1466 3527 1790 3595 erubescat,
1843 3543 1947 3582 nec
1996 3527 2066 3583 de

410 3613 901 3671 conviciatoribus
933 3616 1058 3671 suis
1090 3620 1407 3687 queratur;
1444 3616 1641 3686 idque,
1666 3631 1799 3671 cum
1834 3616 1944 3687 ipsi
1967 3632 2070 3687 per

412 3702 755 3775 angelorum
806 3706 1121 3760 exercitum
1155 3706 1219 3769 ⁸³,
1253 3703 1337 3760 vel
1371 3720 1641 3760 sermone
1685 3704 1827 3772 solo,
1861 3721 2067 3775 pravos

411 3790 679 3848 homines
733 3792 935 3850 ulcisci
989 3798 1327 3867 promptum
1377 3798 1568 3863 esset;
1614 3810 1813 3851 verum
1862 3793 2071 3851 leniter

412 3883 732 3939 admodum
761 3888 817 3940 et
848 3883 1072 3955 placide
1103 3883 1560 3940 contumeliosos
1590 3884 1856 3940 homines
1873 3901 2071 3940 aman-

412 3973 529 4040 det,
563 3990 629 4028 ac
660 3990 764 4045 pro
814 3990 1038 4041 eorum,
1066 3992 1099 4030 a
1130 3975 1344 4043 quibus
1394 3975 1454 4030 in
1488 3990 1720 4030 crucem
1768 3975 2067 4046 agebatur,

2175 3371 2289 3427 pov,
2323 3348 2578 3423 ὃαιμονᾷν
2608 3348 3025 3423 ἐγκαλούμενον,
3079 3351 3218 3421 μήτε
3268 3348 3635 3423 αἰσχύνεσθαι,
3686 3350 3847 3419 μήτε

2174 3438 2421 3513 ἐγκαλεῖν
2452 3444 2569 3499 τοῖς
2598 3433 2904 3513 ὑϐρίζουσιν
2936 3462 2943 3469 ·
2979 3439 3024 3510 ᾧ
3053 3438 3142 3492 καὶ
3188 3442 3309 3498 ταῖς
3358 3437 3671 3512 ἀγγελικαῖς
3723 3457 3840 3491 πα-

2178 3528 2442 3605 ρατάξεσι,
2489 3528 2577 3581 καὶ
2628 3526 2783 3601 λόγῳ
2831 3526 2981 3599 μόνῳ
3030 3530 3142 3598 (94)
3175 3525 3470 3599 ἀμύνεσθαι
3498 3525 3624 3588 τοὺς
3652 3546 3840 3597 πονη-

2178 3618 2305 3692 ροὺς
2340 3613 2521 3691 ῥᾴδιον
2570 3619 2634 3685 ἦν
2660 3635 2675 3649 ·
2728 3613 2854 3669 ἀλλ’
2896 3616 3118 3691 ἡμέρως
3165 3616 3305 3669 πάνυ
3352 3616 3442 3669 καὶ
3485 3635 3671 3690 πραως
3698 3614 3842 3676 τοὺς

2180 3702 2493 3775 ὑϐρίζοντας
2540 3704 2978 3777 ἀποπέμπεσθαι,
3036 3704 3128 3758 καὶ
3196 3704 3328 3779 ὑπὲρ
3377 3708 3485 3758 τῶν
3539 3706 3847 3777 σταυρούν-

2178 3815 2284 3849 των
2334 3793 2490 3849 αὐτὸν
2535 3793 2746 3871 ἀφιέναι
2795 3791 3047 3867 δάκρυον,
3097 3795 3247 3865 ἡμᾶς
3296 3790 3354 3848 δὲ
3401 3790 3606 3856 οἷέσθαι
3651 3790 3850 3865 ἀλγή-

2179 3906 2286 3939 σειν
2340 3883 2484 3938 οὕτω
2523 3881 2915 3956 καλουμένους,
2965 3885 2999 3951 ἣ
3047 3882 3436 3957 αἰσχυνεῖσθαι,
3479 3883 3513 3950 ἢ
3564 3887 3664 3949 τῆς
3696 3881 3850 3957 ὑπὲρ

2178 3975 2275 4027 τοῦ
2318 3969 2491 4026 καλοῦ
2538 3969 2858 4047 φιλοτιμίας
2910 3968 2999 4025 8ιά
3043 3974 3205 4024 τοῦτο
3263 3970 3681 4039 ἀποστήσεσθαι,
3747 3971 3849 4025 καὶ

413 4061 602 4115 salute
633 4063 924 4135 lacrymas
972 4064 1181 4119 fundat
1209 4064 1290 4121 “:
1325 4080 1461 4119 cum
1516 4064 1657 4129 haec,
1691 4063 1957 4135 inquam,
1992 4063 2060 4117 ita

2181 4059 2356 4115 πλείω
2412 4060 2730 4129 ποιήσεσθαι
2791 4060 2902 4132 (95)
2962 4057 3125 4133 λόγον
3184 4062 3292 4113 τῶν
3332 4052 3538 4131 ὕϐρεων
3559 4056 3773 4112 τούτων
3812 4060 3851 4127 ἢ

413 4165 475 4204 se
508 4148 781 4216 habeant,
816 4168 1009 4207 nonne
1047 4153 1544 4209 absurdissimum
1578 4158 1687 4219 est,
1719 4152 2072 4217 existimare,

416 4237 587 4293 nobis
635 4239 1004 4296 Galilaeorum
1056 4258 1287 4312 nomen,
1323 4243 1412 4298 vel
1466 4242 1673 4307 dolori,
1728 4241 1813 4295 vel
1865 4242 2070 4311 pudori

2181 4154 2289 4204 τῶν
2348 4152 2540 4224 ψυχῶν
2598 4148 2689 4202 καί
2746 4147 3035 4221 σωμάτων,
3108 4148 3184 4201 ὧν
3259 4152 3612 4225 καταφρονεῖν
3672 4144 3850 4218 ἴσμεν

2186 4237 2317 4313 ὑπὲρ
2345 4240 2446 4306 τῆς
2478 4235 2735 4307 ἀληθείας
2762 4238 2913 4309 (96);
2947 4226 3129 4293 Ἀλλά
3163 4240 3323 4291 τοῦτο
3380 4235 3493 4308 μὶν,
3536 4234 3667 4309 ὅπερ
3715 4236 3849 4309 (97)

414 4327 556 4396 fore,
591 4344 768 4384 nosve
797 4329 870 4386 ob
902 4346 1031 4385 eam
1062 4347 1303 4386 causam
1336 4332 1409 4386 ab
1440 4331 1652 4386 obnixo
1683 4329 1916 4383 virtutis
1946 4334 2060 4384 stu-

2186 4328 2358 4397 εἷπον,
2412 4325 2632 4402 γελοῖον
2687 4322 2898 4398 μᾶλλον
2942 4326 2977 4394 ἣ
3022 4323 3291 4401 λυπηρὸν,
3338 4323 3428 4379 καὶ
3458 4323 3533 4387 εἰς
3563 4325 3661 4393 τήν
3701 4343 3850 4395 σκη-

486 4478 531 4513 ⁴⁰
560 4477 812 4551 Philipp.
847 4497 907 4550 ιι,
941 4483 1000 4538 7.
1085 4482 1129 4518 ⁴¹
1162 4482 1324 4538 Joan.
1353 4497 1476 4552 vm,
1511 4479 1596 4533 48.
1674 4479 1719 4513 ⁸²
1749 4478 1889 4534 ibid.
1962 4479 2011 4515 ⁸³
2046 4479 2060 4536 l

2173 4478 2254 4536 th.
2288 4495 2440 4546 xxvx,
2468 4478 2560 4535 53.
2637 4478 2683 4512 “
2711 4478 2852 4535 Luc.
2886 4495 3049 4548 χχιιι,
3080 4478 3169 4534 34.

486 4648 598 4717 (86)
630 4646 937 4709 Βουθοίναν.
973 4672 998 4698 ‹‹
1037 4648 1405 4704 Buthocnam.
1441 4670 1467 4698 ››
1512 4647 1829 4719 Buphagus
1877 4648 2060 4705 dictus

2177 4647 2263 4703 ria
2294 4647 2351 4703 in
2383 4646 2686 4705 Julianum
2717 4646 3257 4703 recenset.Basilius
3286 4670 3313 4697 «
3334 4645 3835 4719 Tauricremums

414 4724 505 4791 est
536 4719 833 4783 Hercules,
859 4720 1010 4791 quod
1047 4722 1256 4774 aratori
1295 4719 1497 4791 Lindio
1530 4720 1703 4775 boves
1734 4721 1903 4790 duos,
1936 4720 2067 4791 qui-

416 4790 527 4863 bus
560 4795 680 4845 tota
711 4790 897 4861 ipsius
928 4808 1063 4863 spes
1082 4796 1245 4845 terra:
1262 4790 1515 4845 colendae
1546 4791 1860 4862 nitebatur,
1876 4790 2068 4847 sustu-

415 4861 581 4917 lisset
610 4868 789 4934 atque
820 4864 876 4916 in
912 4861 1028 4917 una
1058 4879 1221 4934 caena
1252 4863 1603 4934 devorasset.

487 4933 601 5004 (87)
629 4932 972 5007 Tp'géampov.
1001 4933 1263 5007 Herculis
1310 4933 1628 5007 epitheton,
1674 4933 2069 5007 quodAtribus

415 5003 678 5078 vesperis
705 5006 761 5060 in
799 5003 973 5061 unam
1022 5006 1323 5077 conjectis,
1346 5003 1577 5078 'Jupiler
1622 5003 1754 5061 cum
1794 5003 2072 5061 Alcmena

416 5077 817 5201 lconcubuerit,
855 5079 1029 5148 unde,
1052 5080 1221 5149 juxta
1271 5077 1492 5150 poetas,
1526 5082 1699 5135 natus
1728 5083 1818 5134 est
1850 5078 2067 5134 Hercu-

441 5163 522 5201 es.

441 5163 522 5202 88.

493 5218 603 5292 (88)
663 5217 763 5274 Καὶ
822 5216 1045 5275 πολλαί.
1104 5220 1457 5277 Addidimus
1508 5218 1598 5274 καί
1655 5236 1723 5277 ex
1798 5219 2069 5292 pluribus

418 5290 606 5483 00:39.)
636 5364 885 5442 Πισαῖον.
934 5362 1112 5435 Regg.
1212 5367 1269 5420 et
1317 5364 1437 5428 bm,
1487 5361 1644 5441 Coll).
1692 5363 1725 5415 3
1756 5366 1812 5415 et
1852 5363 1906 5442 θ,
1946 5365 2067 5414 Πει-

421 5451 487 5483 σα
514 5452 591 5483 ον.
630 5438 849 5483 Pismus
880 5452 912 5483 ιι
939 5434 1079 5483 Jove
1111 5434 1288 5483 Pisam
1333 5436 1525 5483 fnrsan
1558 5435 1749 5483 dictus
1779 5432 2066 5483 Julianus.

421 5432 591 5487 σαίον.
630 5434 849 5488 Pismus
880 5452 912 5488 τι
939 5432 1087 5489 Jove
1111 5434 1288 5490 Pisaeo
1333 5436 1526 5490 forsan
1558 5435 1749 5487 dictus
1779 5432 2066 5488 Julianus.

421 5504 649 5587 Etenim
683 5504 907 5587 celebre
939 5506 1048 5561 fuit
1078 5522 1194 5578 pra:
1238 5506 1459 5562 caeteris
1492 5505 1627 5561 Pisae
1662 5503 1944 5575 templum
1971 5504 2067 5561 Jo-

421 5576 509 5631 vis
539 5576 837 5664 Olympii.‘
1080 5576 1096 5578 “

498 5648 619 5722 (90),
642 5652 738 5702 Καί
764 5668 877 5722 ,τον
930 5646 1317 5722 Καυσίταυρον.
1341 5654 1558 5722 Amm.
1589 5664 1631 5722 ι.
1664 5663 1801 5722 χιιι,
1853 5648 2067 5722 p.__227,

426 5743 455 5773 α
488 5718 880 5780 victimarium
914 5744 943 5773 »
975 5718 1223 5795 reponit,
1255 5720 1355 5779 ubi
1385 5718 1867 5780 Antiochensium
1890 5718 2070 5778 dicte-

2178 4736 2212 4776 a
2242 4719 2516 4791 Gregorio
2566 4719 2695 4774 ideo
2742 4720 2933 4791 vocari
2980 4719 3281 4791 Julianum
3334 4718 3555 4775 scribit.
3580 4741 3619 4791 ft
3672 4722 3836 4791 quod

2178 4786 2413 4847 assidue
2461 4796 2763 4847 taurorum
2811 4790 3154 4846 holocausta
3199 4790 3430 4846 offerret
3462 4805 3476 4845 :
3512 4811 3540 4841 ιθ
3573 4786 3658 4842 ὅτι
3689 4786 3837 4843 πολ-

2178 4860 2333 4923 λάκις
2360 4859 2962 4934 ταύρουςὼλοκαύτου.

2251 4936 2363 5002 (91)
2395 4930 2491 4986 Καὶ
2521 4931 2665 4989 Υἱόν.
2701 4935 2785 4989 Ita
2813 4950 2958 4990 mss.
2992 4932 3167 4989 Deest
3192 4930 3281 4985 καί
3310 4931 3370 4988 in
3397 4931 3592 4988 editis.

2273 5006 2363 5071 92)
2394 5004 2772 5080 Προσαγωγέα.
2809 5029 2845 5080 «Α
2864 5006 2977 5080 Qui
3007 5004 3230 5080 aditum
3260 5004 3496 5077 praebet.
3516 5003 3623 5061 Per
3650 5019 3831 5075 quem

2178 5075 2465 5132 habemus
2495 5075 2797 5148 accessum
2829 5078 3000 5148 (Rom.
3034 5093 3088 5143 v,
3118 5079 3195 5144 2;.

2248 5148 2359 5219 (93)
2391 5145 2679 5221 Συζυγίας.
2721 5171 2749 5199 ‹‹
2783 5145 3232 5221 Gunjunctionis
3262 5145 3676 5220 mysterium,s
3715 5146 3832 5202 sci-

2178 5216 2310 5274 licet
2343 5216 2366 5269 ἀ
2401 5216 2660 5291 corporis
2690 5237 2824 5276 cum
2858 5216 3074 5276 anima.
3111 5240 3139 5269 »

2248 5292 2359 5362 (94)
2391 5287 2568 5362 Μόνίρ.
2622 5291 2887 5364 Plerique
2916 5291 3146 5348 codices
3195 5290 3378 5363 Regg.
3408 5289 3530 5357 bm,
3573 5287 3614 5355 ι,
3643 5291 3740 5345 Οι·.
3781 5291 3833 5357 1,

2177 5362 2339 5417 Pass.
2379 5362 2556 5417 μόνον.

2223 5380 2339 5419 885.
2378 5380 2556 5419 μονον.

2248 5384 2739 5505 ίξέ)Ἢόῗέσεσθαι.
2773 5433 2857 5491 Ita
2903 5434 3038 5504 Reg.
3084 5433 3125 5501 1,
3159 5438 3217 5491 et
3245 5431 3341 5488 0r.
3393 5431 3445 5487 4.
3481 5430 3611 5487 Edit
3660 5432 3831 5501 ποιή-

2180 5507 2387 5562 σασθαι.

2270 5579 2361 5649 96)
2392 5575 2699 5646 Ἀληθείας.
2732 5577 2868 5649 Beg,
2901 5594 2957 5644 a,
2988 5568 3278 5647 εὐσεϐείας,
3311 5598 3339 5626 «ι
3374 5574 3629 5648 pietatis.
3663 5598 3687 5629 ι

2252 5650 2367 5719 (97)
2392 5650 2587 5723 ”Οπερ.
2617 5654 2745 5705 Sav.
2780 5648 2980 5721 ὥσπερ.
