  <div class='ocr_page' id='page_1' title='image "/cluster/home/n/w/nwhite01/storage/ocr_20150623/35/hvd.32044054100326/308.png"; bbox 0 0 4202 6212; ppageno 0'>
   <div class='ocr_carea' id='block_1_1' title="bbox 360 409 2004 474">
    <p class='ocr_par' dir='ltr' id='par_1_1' title="bbox 360 410 2004 474">
     <span class='ocr_line' id='line_1_1' title="bbox 360 410 2004 474; baseline 0 -2"><span class='ocrx_word' id='word_1_1' title='bbox 360 412 481 472; x_wconf 87' lang='grc'><strong>605</strong></span> <span class='ocrx_word' id='word_1_2' title='bbox 1362 415 1653 474; x_wconf 78' lang='lat' dir='ltr'><strong>ORATIO</strong></span> <span class='ocrx_word' id='word_1_3' title='bbox 1700 414 1894 472; x_wconf 85' lang='lat' dir='ltr'><strong>lV.—</strong></span> <span class='ocrx_word' id='word_1_4' title='bbox 1927 410 2004 473; x_wconf 82' lang='lat' dir='ltr'><strong>CC</strong></span> 
     </span>
    </p>
   </div>
   <div class='ocr_carea' id='block_1_2' title="bbox 2116 409 3779 474">
    <p class='ocr_par' dir='ltr' id='par_1_2' title="bbox 2116 409 3779 474">
     <span class='ocr_line' id='line_1_2' title="bbox 2116 409 3779 474; baseline 0 -2"><span class='ocrx_word' id='word_1_5' title='bbox 2116 413 2236 472; x_wconf 82' lang='lat' dir='ltr'><strong>.‘RA</strong></span> <span class='ocrx_word' id='word_1_6' title='bbox 2281 409 2680 473; x_wconf 81' lang='lat' dir='ltr'><strong>JULIANUM</strong></span> <span class='ocrx_word' id='word_1_7' title='bbox 2722 411 2770 471; x_wconf 84' lang='grc' dir='ltr'>Ι.</span> <span class='ocrx_word' id='word_1_8' title='bbox 3657 412 3779 474; x_wconf 85' lang='grc'><strong>606</strong></span> 
     </span>
    </p>
   </div>
   <div class='ocr_carea' id='block_1_3' title="bbox 364 540 2004 621">
    <p class='ocr_par' dir='ltr' id='par_1_3' title="bbox 364 540 2004 621">
     <span class='ocr_line' id='line_1_3' title="bbox 364 540 2004 621; baseline 0 -23"><span class='ocrx_word' id='word_1_9' title='bbox 364 546 462 614; x_wconf 77' lang='grc' dir='ltr'><strong>νὴν</strong></span> <span class='ocrx_word' id='word_1_10' title='bbox 685 542 1121 617; x_wconf 85' lang='grc' dir='ltr'>ἀποπεμπόμεθα</span> <span class='ocrx_word' id='word_1_11' title='bbox 1153 562 1164 576; x_wconf 82' lang='grc'><em>’</em></span> <span class='ocrx_word' id='word_1_12' title='bbox 1223 544 1438 607; x_wconf 86' lang='grc' dir='ltr'>πάντως</span> <span class='ocrx_word' id='word_1_13' title='bbox 1488 540 1550 599; x_wconf 70' lang='grc' dir='ltr'>οὕ</span> <span class='ocrx_word' id='word_1_14' title='bbox 1596 544 1716 599; x_wconf 79' lang='grc' dir='ltr'>ποτ’</span> <span class='ocrx_word' id='word_1_15' title='bbox 1749 541 1808 598; x_wconf 77' lang='grc' dir='ltr'><strong>ἄν</strong></span> <span class='ocrx_word' id='word_1_16' title='bbox 1858 544 2004 621; x_wconf 82' lang='grc' dir='ltr'>ὑπερ-</span> 
     </span>
    </p>
   </div>
   <div class='ocr_carea' id='block_1_4' title="bbox 2116 540 3777 621">
    <p class='ocr_par' dir='ltr' id='par_1_4' title="bbox 2127 544 3777 617">
     <span class='ocr_line' id='line_1_4' title="bbox 2127 544 3777 617; baseline 0.002 -16"><span class='ocrx_word' id='word_1_17' title='bbox 2127 545 2222 601; x_wconf 90' lang='lat' dir='ltr'><strong>dio</strong></span> <span class='ocrx_word' id='word_1_18' title='bbox 2240 545 2512 601; x_wconf 87' lang='lat' dir='ltr'><strong>abscessu</strong></span> <span class='ocrx_word' id='word_1_19' title='bbox 2523 545 2925 616; x_wconf 88' lang='lat' dir='ltr'><strong>ros,majorem</strong></span> <span class='ocrx_word' id='word_1_20' title='bbox 2936 560 3046 617; x_wconf 90' lang='lat' dir='ltr'><strong>que</strong></span> <span class='ocrx_word' id='word_1_21' title='bbox 3059 544 3269 601; x_wconf 90' lang='lat' dir='ltr'><strong>harum</strong></span> <span class='ocrx_word' id='word_1_22' title='bbox 3286 544 3777 604; x_wconf 80' lang='lat' dir='ltr'><strong>contumeliarum</strong></span> 
     </span>
    </p>
   </div>
   <div class='ocr_carea' id='block_1_5' title="bbox 366 629 2004 709">
    <p class='ocr_par' dir='ltr' id='par_1_5' title="bbox 366 629 2004 709">
     <span class='ocr_line' id='line_1_5' title="bbox 366 629 2004 709; baseline -0.002 -20"><span class='ocrx_word' id='word_1_23' title='bbox 366 629 714 707; x_wconf 75' lang='grc' dir='ltr'>ϐαλλοίμεθα</span> <span class='ocrx_word' id='word_1_24' title='bbox 774 636 885 707; x_wconf 81' lang='grc'>(99)</span> <span class='ocrx_word' id='word_1_25' title='bbox 942 633 1068 696; x_wconf 77' lang='grc' dir='ltr'>τοὺς</span> <span class='ocrx_word' id='word_1_26' title='bbox 1131 630 1331 709; x_wconf 80' lang='grc' dir='ltr'>ῥᾳδίως</span> <span class='ocrx_word' id='word_1_27' title='bbox 1390 633 1501 689; x_wconf 79' lang='grc' dir='ltr'>ἐκεῖ</span> <span class='ocrx_word' id='word_1_28' title='bbox 1555 633 1689 688; x_wconf 86' lang='grc' dir='ltr'><strong>κατά</strong></span> <span class='ocrx_word' id='word_1_29' title='bbox 1742 636 1840 703; x_wconf 75' lang='grc' dir='ltr'>τῆς</span> <span class='ocrx_word' id='word_1_30' title='bbox 1891 632 2004 709; x_wconf 82' lang='grc' dir='ltr'><strong>κόρ-</strong></span> 
     </span>
    </p>
   </div>
   <div class='ocr_carea' id='block_1_6' title="bbox 2116 629 3780 709">
    <p class='ocr_par' dir='ltr' id='par_1_6' title="bbox 2129 634 3780 707">
     <span class='ocr_line' id='line_1_6' title="bbox 2129 634 3780 707; baseline 0.001 -19"><span class='ocrx_word' id='word_1_31' title='bbox 2129 651 2306 706; x_wconf 82' lang='lat' dir='ltr'><strong>quam</strong></span> <span class='ocrx_word' id='word_1_32' title='bbox 2341 634 2673 688; x_wconf 89' lang='lat' dir='ltr'><strong>animarum</strong></span> <span class='ocrx_word' id='word_1_33' title='bbox 2706 637 2762 688; x_wconf 90' lang='lat' dir='ltr'><strong>et</strong></span> <span class='ocrx_word' id='word_1_34' title='bbox 2791 651 3103 707; x_wconf 79' lang='lat' dir='ltr'><strong>corporum</strong></span> <span class='ocrx_word' id='word_1_35' title='bbox 3138 635 3311 705; x_wconf 76' lang='lat'><strong>116,</strong></span> <span class='ocrx_word' id='word_1_36' title='bbox 3347 650 3471 705; x_wconf 67' lang='lat' dir='ltr'><strong>quae</strong></span> <span class='ocrx_word' id='word_1_37' title='bbox 3504 651 3606 705; x_wconf 90' lang='lat' dir='ltr'><strong>pro</strong></span> <span class='ocrx_word' id='word_1_38' title='bbox 3636 635 3780 691; x_wconf 91' lang='lat' dir='ltr'><strong>veri-</strong></span> 
     </span>
    </p>
   </div>
   <div class='ocr_carea' id='block_1_7' title="bbox 365 722 2004 799">
    <p class='ocr_par' dir='ltr' id='par_1_7' title="bbox 365 722 2004 799">
     <span class='ocr_line' id='line_1_7' title="bbox 365 722 2004 799; baseline -0.001 -20"><span class='ocrx_word' id='word_1_39' title='bbox 365 722 468 799; x_wconf 73' lang='grc' dir='ltr'>ῥης</span> <span class='ocrx_word' id='word_1_40' title='bbox 526 724 603 796; x_wconf 91' lang='grc'><strong>(1)</strong></span> <span class='ocrx_word' id='word_1_41' title='bbox 660 724 725 778; x_wconf 87' lang='grc' dir='ltr'><strong>τά</strong></span> <span class='ocrx_word' id='word_1_42' title='bbox 782 744 845 797; x_wconf 87' lang='grc' dir='ltr'><strong>γε</strong></span> <span class='ocrx_word' id='word_1_43' title='bbox 900 728 1122 778; x_wconf 87' lang='grc' dir='ltr'>τοιαῦτα</span> <span class='ocrx_word' id='word_1_44' title='bbox 1177 722 1556 795; x_wconf 80' lang='grc' dir='ltr'>παιζομένους,</span> <span class='ocrx_word' id='word_1_45' title='bbox 1631 722 1720 777; x_wconf 84' lang='grc' dir='ltr'>καὶ</span> <span class='ocrx_word' id='word_1_46' title='bbox 1795 722 2004 792; x_wconf 81' lang='grc' dir='ltr'>παίζον-</span> 
     </span>
    </p>
   </div>
   <div class='ocr_carea' id='block_1_8' title="bbox 2116 722 3777 799">
    <p class='ocr_par' dir='ltr' id='par_1_8' title="bbox 2128 722 3777 795">
     <span class='ocr_line' id='line_1_8' title="bbox 2128 722 3777 795; baseline 0.001 -17"><span class='ocrx_word' id='word_1_47' title='bbox 2128 724 2267 778; x_wconf 90' lang='lat' dir='ltr'><strong>tatis</strong></span> <span class='ocrx_word' id='word_1_48' title='bbox 2298 722 2635 777; x_wconf 83' lang='lat' dir='ltr'><strong>defensione</strong></span> <span class='ocrx_word' id='word_1_49' title='bbox 2688 726 3057 779; x_wconf 90' lang='lat' dir='ltr'><strong>contemnere</strong></span> <span class='ocrx_word' id='word_1_50' title='bbox 3090 740 3155 779; x_wconf 92' lang='lat' dir='ltr'><strong>ac</strong></span> <span class='ocrx_word' id='word_1_51' title='bbox 3204 739 3307 795; x_wconf 89' lang='lat' dir='ltr'><strong>pro</strong></span> <span class='ocrx_word' id='word_1_52' title='bbox 3357 722 3538 777; x_wconf 86' lang='lat' dir='ltr'><strong>nihilo</strong></span> <span class='ocrx_word' id='word_1_53' title='bbox 3570 728 3777 795; x_wconf 89' lang='lat' dir='ltr'><strong>putare</strong></span> 
     </span>
    </p>
   </div>
   <div class='ocr_carea' id='block_1_9' title="bbox 359 811 3774 882">
    <p class='ocr_par' dir='ltr' id='par_1_9' title="bbox 359 811 3774 882">
     <span class='ocr_line' id='line_1_9' title="bbox 359 811 3774 882; baseline 0.001 -15"><span class='ocrx_word' id='word_1_54' title='bbox 359 833 481 874; x_wconf 87' lang='grc' dir='ltr'>τας.</span> <span class='ocrx_word' id='word_1_55' title='bbox 2129 812 2559 878; x_wconf 82' lang='lat' dir='ltr'><strong>consuevimus,</strong></span> <span class='ocrx_word' id='word_1_56' title='bbox 2606 811 2887 866; x_wconf 87' lang='lat' dir='ltr'><strong>rationem</strong></span> <span class='ocrx_word' id='word_1_57' title='bbox 2932 812 3281 867; x_wconf 84' lang='lat' dir='ltr'><strong>habituros?</strong></span> <span class='ocrx_word' id='word_1_58' title='bbox 3329 812 3610 867; x_wconf 71' lang='lat' dir='ltr'><strong>Caeterum</strong></span> <span class='ocrx_word' id='word_1_59' title='bbox 3641 813 3774 882; x_wconf 91' lang='lat' dir='ltr'><strong>hoc,</strong></span> 
     </span>
    </p>
   </div>
   <div class='ocr_carea' id='block_1_10' title="bbox 364 900 3777 975">
    <p class='ocr_par' dir='ltr' id='par_1_10' title="bbox 364 900 3777 975">
     <span class='ocr_line' id='line_1_10' title="bbox 364 900 3777 975; baseline 0 -17"><span class='ocrx_word' id='word_1_60' title='bbox 364 908 431 958; x_wconf 85' lang='lat' dir='ltr'><strong>ut</strong></span> <span class='ocrx_word' id='word_1_61' title='bbox 463 903 604 969; x_wconf 83' lang='lat' dir='ltr'><strong>dixi,</strong></span> <span class='ocrx_word' id='word_1_62' title='bbox 634 901 950 958; x_wconf 90' lang='lat' dir='ltr'><strong>ridiculum</strong></span> <span class='ocrx_word' id='word_1_63' title='bbox 984 902 1195 975; x_wconf 87' lang='lat' dir='ltr'><strong>potius,</strong></span> <span class='ocrx_word' id='word_1_64' title='bbox 1230 919 1403 974; x_wconf 90' lang='lat' dir='ltr'><strong>quam</strong></span> <span class='ocrx_word' id='word_1_65' title='bbox 1452 918 1624 973; x_wconf 87' lang='lat' dir='ltr'><strong>grave</strong></span> <span class='ocrx_word' id='word_1_66' title='bbox 1650 906 1707 958; x_wconf 85' lang='lat' dir='ltr'><strong>et</strong></span> <span class='ocrx_word' id='word_1_67' title='bbox 1758 901 2094 969; x_wconf 87' lang='lat' dir='ltr'><strong>molestum,</strong></span> <span class='ocrx_word' id='word_1_68' title='bbox 2130 906 2300 972; x_wconf 90' lang='lat' dir='ltr'><strong>atque</strong></span> <span class='ocrx_word' id='word_1_69' title='bbox 2326 902 2396 956; x_wconf 89' lang='lat' dir='ltr'><strong>ad</strong></span> <span class='ocrx_word' id='word_1_70' title='bbox 2431 917 2664 956; x_wconf 79' lang='lat' dir='ltr'><strong>scenam</strong></span> <span class='ocrx_word' id='word_1_71' title='bbox 2714 904 2771 955; x_wconf 88' lang='lat' dir='ltr'><strong>et</strong></span> <span class='ocrx_word' id='word_1_72' title='bbox 2802 901 3025 957; x_wconf 79' lang='lat' dir='ltr'><strong>theatra</strong></span> <span class='ocrx_word' id='word_1_73' title='bbox 3070 901 3129 957; x_wconf 88' lang='lat' dir='ltr'><strong>id</strong></span> <span class='ocrx_word' id='word_1_74' title='bbox 3163 900 3536 957; x_wconf 79' lang='lat' dir='ltr'><strong>remittimus.</strong></span> <span class='ocrx_word' id='word_1_75' title='bbox 3577 903 3777 975; x_wconf 89' lang='lat' dir='ltr'><strong>Neque</strong></span> 
     </span>
    </p>
   </div>
   <div class='ocr_carea' id='block_1_11' title="bbox 364 989 3767 1065">
    <p class='ocr_par' dir='ltr' id='par_1_11' title="bbox 364 989 3767 1065">
     <span class='ocr_line' id='line_1_11' title="bbox 364 989 3767 1065; baseline 0 -17"><span class='ocrx_word' id='word_1_76' title='bbox 364 992 523 1048; x_wconf 89' lang='lat' dir='ltr'><strong>enim</strong></span> <span class='ocrx_word' id='word_1_77' title='bbox 556 993 812 1065; x_wconf 77' lang='lat' dir='ltr'><strong>profecto</strong></span> <span class='ocrx_word' id='word_1_78' title='bbox 845 992 916 1048; x_wconf 89' lang='lat' dir='ltr'><strong>iis</strong></span> <span class='ocrx_word' id='word_1_79' title='bbox 964 1009 1221 1065; x_wconf 82' lang='lat' dir='ltr'><strong>unquam</strong></span> <span class='ocrx_word' id='word_1_80' title='bbox 1256 991 1587 1063; x_wconf 82' lang='lat' dir='ltr'><strong>superiores</strong></span> <span class='ocrx_word' id='word_1_81' title='bbox 1641 992 1945 1061; x_wconf 86' lang='lat' dir='ltr'><strong>fuerimus,</strong></span> <span class='ocrx_word' id='word_1_82' title='bbox 1980 991 2080 1062; x_wconf 92' lang='lat' dir='ltr'><strong>qui</strong></span> <span class='ocrx_word' id='word_1_83' title='bbox 2115 990 2278 1046; x_wconf 86' lang='lat' dir='ltr'><strong>facile</strong></span> <span class='ocrx_word' id='word_1_84' title='bbox 2328 989 2443 1045; x_wconf 91' lang='lat' dir='ltr'><strong>illic</strong></span> <span class='ocrx_word' id='word_1_85' title='bbox 2474 990 2530 1044; x_wconf 91' lang='lat' dir='ltr'><strong>in</strong></span> <span class='ocrx_word' id='word_1_86' title='bbox 2566 989 2860 1044; x_wconf 82' lang='lat' dir='ltr'><strong>maxillam</strong></span> <span class='ocrx_word' id='word_1_87' title='bbox 2896 1008 2986 1046; x_wconf 86' lang='lat' dir='ltr'><strong>res</strong></span> <span class='ocrx_word' id='word_1_88' title='bbox 3036 990 3375 1062; x_wconf 88' lang='lat' dir='ltr'><strong>hujusmodi</strong></span> <span class='ocrx_word' id='word_1_89' title='bbox 3427 992 3658 1059; x_wconf 88' lang='lat' dir='ltr'><strong>ludunt,</strong></span> <span class='ocrx_word' id='word_1_90' title='bbox 3692 994 3767 1048; x_wconf 88' lang='lat' dir='ltr'><strong>si-</strong></span> 
     </span>
    </p>
   </div>
   <div class='ocr_carea' id='block_1_12' title="bbox 362 1080 943 1153">
    <p class='ocr_par' dir='ltr' id='par_1_12' title="bbox 362 1080 943 1153">
     <span class='ocr_line' id='line_1_12' title="bbox 362 1080 943 1153; baseline 0 -17"><span class='ocrx_word' id='word_1_91' title='bbox 362 1080 609 1153; x_wconf 88' lang='lat' dir='ltr'><strong>mulque</strong></span> <span class='ocrx_word' id='word_1_92' title='bbox 640 1081 943 1137; x_wconf 89' lang='lat' dir='ltr'><strong>luduntur.</strong></span> 
     </span>
    </p>
   </div>
   <div class='ocr_carea' id='block_1_13' title="bbox 432 1183 2004 1261">
    <p class='ocr_par' dir='ltr' id='par_1_13' title="bbox 432 1183 2004 1261">
     <span class='ocr_line' id='line_1_13' title="bbox 432 1183 2004 1261; baseline -0.002 -17"><span class='ocrx_word' id='word_1_93' title='bbox 432 1193 553 1244; x_wconf 80' lang='lat'><strong>06’.</strong></span> <span class='ocrx_word' id='word_1_94' title='bbox 585 1187 792 1241; x_wconf 82' lang='grc' dir='ltr'>Ἐκεῖνο</span> <span class='ocrx_word' id='word_1_95' title='bbox 825 1183 883 1240; x_wconf 75' lang='grc' dir='ltr'>δὲ</span> <span class='ocrx_word' id='word_1_96' title='bbox 911 1184 1020 1256; x_wconf 74' lang='grc' dir='ltr'>ἤδη</span> <span class='ocrx_word' id='word_1_97' title='bbox 1053 1186 1141 1241; x_wconf 84' lang='grc' dir='ltr'><strong>καὶ</strong></span> <span class='ocrx_word' id='word_1_98' title='bbox 1177 1185 1294 1242; x_wconf 85' lang='grc' dir='ltr'>λίαν</span> <span class='ocrx_word' id='word_1_99' title='bbox 1328 1187 1566 1261; x_wconf 88' lang='grc' dir='ltr'>πονηρὸν</span> <span class='ocrx_word' id='word_1_100' title='bbox 1594 1186 1683 1241; x_wconf 85' lang='grc' dir='ltr'><strong>καὶ</strong></span> <span class='ocrx_word' id='word_1_101' title='bbox 1724 1186 2004 1257; x_wconf 72' lang='grc' dir='ltr'>κακόηθες,</span> 
     </span>
    </p>
   </div>
   <div class='ocr_carea' id='block_1_14' title="bbox 2116 1183 3771 1261">
    <p class='ocr_par' dir='ltr' id='par_1_14' title="bbox 2197 1185 3771 1259">
     <span class='ocr_line' id='line_1_14' title="bbox 2197 1185 3771 1259; baseline 0.003 -18"><span class='ocrx_word' id='word_1_102' title='bbox 2197 1186 2424 1241; x_wconf 83' lang='lat' dir='ltr'><strong>LXXIX.</strong></span> <span class='ocrx_word' id='word_1_103' title='bbox 2475 1187 2605 1241; x_wconf 88' lang='lat' dir='ltr'><strong>Jam</strong></span> <span class='ocrx_word' id='word_1_104' title='bbox 2658 1202 2787 1241; x_wconf 90' lang='lat' dir='ltr'><strong>vero</strong></span> <span class='ocrx_word' id='word_1_105' title='bbox 2841 1185 2986 1241; x_wconf 91' lang='lat' dir='ltr'><strong>illud</strong></span> <span class='ocrx_word' id='word_1_106' title='bbox 3035 1187 3355 1242; x_wconf 81' lang='lat' dir='ltr'><strong>admodum</strong></span> <span class='ocrx_word' id='word_1_107' title='bbox 3401 1206 3643 1259; x_wconf 89' lang='lat' dir='ltr'><strong>pravum</strong></span> <span class='ocrx_word' id='word_1_108' title='bbox 3702 1206 3771 1246; x_wconf 90' lang='lat' dir='ltr'><strong>ac</strong></span> 
     </span>
    </p>
   </div>
   <div class='ocr_carea' id='block_1_15' title="bbox 359 1272 2004 1351">
    <p class='ocr_par' dir='ltr' id='par_1_15' title="bbox 359 1272 2004 1351">
     <span class='ocr_line' id='line_1_15' title="bbox 359 1272 2004 1351; baseline -0.001 -22"><span class='ocrx_word' id='word_1_109' title='bbox 359 1275 466 1342; x_wconf 80' lang='grc' dir='ltr'>δτι,</span> <span class='ocrx_word' id='word_1_110' title='bbox 498 1275 560 1329; x_wconf 85' lang='grc' dir='ltr'>τὸ</span> <span class='ocrx_word' id='word_1_111' title='bbox 597 1275 692 1346; x_wconf 77' lang='grc' dir='ltr'>μὲν</span> <span class='ocrx_word' id='word_1_112' title='bbox 724 1279 968 1351; x_wconf 79' lang='grc' dir='ltr'><strong>φανερῶς</strong></span> <span class='ocrx_word' id='word_1_113' title='bbox 1000 1274 1203 1338; x_wconf 77' lang='grc' dir='ltr'><strong>πείθειν</strong></span> <span class='ocrx_word' id='word_1_114' title='bbox 1238 1274 1338 1329; x_wconf 80' lang='grc' dir='ltr'>οὐκ</span> <span class='ocrx_word' id='word_1_115' title='bbox 1368 1274 1535 1349; x_wconf 80' lang='grc' dir='ltr'>ἔχων,</span> <span class='ocrx_word' id='word_1_116' title='bbox 1565 1275 1628 1329; x_wconf 86' lang='grc' dir='ltr'>τὸ</span> <span class='ocrx_word' id='word_1_117' title='bbox 1661 1272 1718 1330; x_wconf 76' lang='grc' dir='ltr'>δὲ</span> <span class='ocrx_word' id='word_1_118' title='bbox 1744 1275 2004 1351; x_wconf 78' lang='grc' dir='ltr'>βιάζεσθαι</span> 
     </span>
    </p>
   </div>
   <div class='ocr_carea' id='block_1_16' title="bbox 2116 1272 3771 1351">
    <p class='ocr_par' dir='ltr' id='par_1_16' title="bbox 2125 1276 3771 1350">
     <span class='ocr_line' id='line_1_16' title="bbox 2125 1276 3771 1350; baseline 0.002 -19"><span class='ocrx_word' id='word_1_119' title='bbox 2125 1276 2473 1346; x_wconf 89' lang='lat' dir='ltr'><strong>malignum,</strong></span> <span class='ocrx_word' id='word_1_120' title='bbox 2508 1276 2662 1346; x_wconf 90' lang='lat' dir='ltr'><strong>quod</strong></span> <span class='ocrx_word' id='word_1_121' title='bbox 2697 1291 2829 1330; x_wconf 90' lang='lat' dir='ltr'><strong>cum</strong></span> <span class='ocrx_word' id='word_1_122' title='bbox 2864 1292 2968 1331; x_wconf 90' lang='lat' dir='ltr'><strong>nec</strong></span> <span class='ocrx_word' id='word_1_123' title='bbox 3012 1280 3209 1346; x_wconf 88' lang='lat' dir='ltr'><strong>aperte</strong></span> <span class='ocrx_word' id='word_1_124' title='bbox 3240 1293 3346 1331; x_wconf 89' lang='lat' dir='ltr'><strong>nos</strong></span> <span class='ocrx_word' id='word_1_125' title='bbox 3376 1277 3607 1333; x_wconf 86' lang='lat' dir='ltr'><strong>allicere</strong></span> <span class='ocrx_word' id='word_1_126' title='bbox 3634 1295 3771 1350; x_wconf 87' lang='lat' dir='ltr'><strong>pos-</strong></span> 
     </span>
    </p>
   </div>
   <div class='ocr_carea' id='block_1_17' title="bbox 356 1360 2004 1439">
    <p class='ocr_par' dir='ltr' id='par_1_17' title="bbox 356 1360 2004 1439">
     <span class='ocr_line' id='line_1_17' title="bbox 356 1360 2004 1439; baseline -0.001 -20"><span class='ocrx_word' id='word_1_127' title='bbox 356 1368 687 1439; x_wconf 84' lang='grc' dir='ltr'>τυραννικῶς</span> <span class='ocrx_word' id='word_1_128' title='bbox 742 1362 1163 1439; x_wconf 84' lang='grc' dir='ltr'>αἰσχυνόμενος,</span> <span class='ocrx_word' id='word_1_129' title='bbox 1231 1363 1300 1438; x_wconf 75' lang='grc' dir='ltr'><strong>τῇ</strong></span> <span class='ocrx_word' id='word_1_130' title='bbox 1378 1362 1572 1437; x_wconf 80' lang='grc' dir='ltr'>λεοντῇ</span> <span class='ocrx_word' id='word_1_131' title='bbox 1656 1364 1754 1432; x_wconf 84' lang='grc' dir='ltr'><strong>τήν</strong></span> <span class='ocrx_word' id='word_1_132' title='bbox 1829 1360 2004 1437; x_wconf 88' lang='grc' dir='ltr'>κερδα-</span> 
     </span>
    </p>
   </div>
   <div class='ocr_carea' id='block_1_18' title="bbox 2116 1360 3772 1439">
    <p class='ocr_par' dir='ltr' id='par_1_18' title="bbox 2124 1364 3772 1437">
     <span class='ocr_line' id='line_1_18' title="bbox 2124 1364 3772 1437; baseline 0.001 -18"><span class='ocrx_word' id='word_1_133' title='bbox 2124 1370 2230 1431; x_wconf 89' lang='lat' dir='ltr'><strong>set,</strong></span> <span class='ocrx_word' id='word_1_134' title='bbox 2268 1381 2372 1419; x_wconf 89' lang='lat' dir='ltr'><strong>nec</strong></span> <span class='ocrx_word' id='word_1_135' title='bbox 2422 1364 2723 1436; x_wconf 84' lang='lat' dir='ltr'><strong>tyrannice</strong></span> <span class='ocrx_word' id='word_1_136' title='bbox 2763 1380 2967 1435; x_wconf 78' lang='lat' dir='ltr'><strong>cogere</strong></span> <span class='ocrx_word' id='word_1_137' title='bbox 3017 1382 3132 1436; x_wconf 64' lang='lat' dir='ltr'><strong>pra:</strong></span> <span class='ocrx_word' id='word_1_138' title='bbox 3166 1366 3389 1437; x_wconf 85' lang='lat' dir='ltr'><strong>pudore</strong></span> <span class='ocrx_word' id='word_1_139' title='bbox 3434 1366 3772 1433; x_wconf 86' lang='lat' dir='ltr'><strong>sustineret,</strong></span> 
     </span>
    </p>
   </div>
   <div class='ocr_carea' id='block_1_19' title="bbox 360 1450 2004 1527">
    <p class='ocr_par' dir='ltr' id='par_1_19' title="bbox 360 1450 2004 1527">
     <span class='ocr_line' id='line_1_19' title="bbox 360 1450 2004 1527; baseline -0.001 -18"><span class='ocrx_word' id='word_1_140' title='bbox 360 1452 466 1523; x_wconf 83' lang='grc' dir='ltr'><strong>λῆν</strong></span> <span class='ocrx_word' id='word_1_141' title='bbox 522 1456 598 1524; x_wconf 83' lang='grc'><strong>(2)</strong></span> <span class='ocrx_word' id='word_1_142' title='bbox 647 1450 984 1526; x_wconf 79' lang='grc' dir='ltr'>έγκρύπτων,</span> <span class='ocrx_word' id='word_1_143' title='bbox 1038 1451 1083 1506; x_wconf 82' lang='grc' dir='ltr'>εἷ</span> <span class='ocrx_word' id='word_1_144' title='bbox 1135 1451 1323 1527; x_wconf 82' lang='grc' dir='ltr'>βούλει</span> <span class='ocrx_word' id='word_1_145' title='bbox 1369 1450 1447 1525; x_wconf 71' lang='grc' dir='ltr'>δὲ,</span> <span class='ocrx_word' id='word_1_146' title='bbox 1487 1457 1565 1524; x_wconf 78' lang='grc' dir='ltr'>τῷ</span> <span class='ocrx_word' id='word_1_147' title='bbox 1596 1452 1816 1514; x_wconf 81' lang='grc' dir='ltr'>Μίνωος</span> <span class='ocrx_word' id='word_1_148' title='bbox 1848 1472 2004 1527; x_wconf 92' lang='grc' dir='ltr'>προσ-</span> 
     </span>
    </p>
   </div>
   <div class='ocr_carea' id='block_1_20' title="bbox 2116 1450 3774 1527">
    <p class='ocr_par' dir='ltr' id='par_1_20' title="bbox 2123 1452 3774 1525">
     <span class='ocr_line' id='line_1_20' title="bbox 2123 1452 3774 1525; baseline 0.001 -18"><span class='ocrx_word' id='word_1_149' title='bbox 2123 1452 2369 1509; x_wconf 68' lang='lat' dir='ltr'><strong>leonina:</strong></span> <span class='ocrx_word' id='word_1_150' title='bbox 2403 1453 2536 1525; x_wconf 88' lang='lat' dir='ltr'><strong>pelli</strong></span> <span class='ocrx_word' id='word_1_151' title='bbox 2570 1452 2895 1525; x_wconf 88' lang='lat' dir='ltr'><strong>vulpinam,</strong></span> <span class='ocrx_word' id='word_1_152' title='bbox 2927 1457 3049 1521; x_wconf 89' lang='lat' dir='ltr'><strong>aut,</strong></span> <span class='ocrx_word' id='word_1_153' title='bbox 3083 1454 3133 1508; x_wconf 89' lang='lat' dir='ltr'><strong>si</strong></span> <span class='ocrx_word' id='word_1_154' title='bbox 3167 1454 3373 1523; x_wconf 87' lang='lat' dir='ltr'><strong>mavis,</strong></span> <span class='ocrx_word' id='word_1_155' title='bbox 3409 1455 3624 1510; x_wconf 88' lang='lat' dir='ltr'><strong>Minois</strong></span> <span class='ocrx_word' id='word_1_156' title='bbox 3656 1455 3774 1510; x_wconf 87' lang='lat' dir='ltr'><strong>lar-</strong></span> 
     </span>
    </p>
   </div>
   <div class='ocr_carea' id='block_1_21' title="bbox 360 1538 2004 1617">
    <p class='ocr_par' dir='ltr' id='par_1_21' title="bbox 360 1538 2004 1617">
     <span class='ocr_line' id='line_1_21' title="bbox 360 1538 2004 1617; baseline 0.001 -21"><span class='ocrx_word' id='word_1_157' title='bbox 360 1542 551 1614; x_wconf 82' lang='grc' dir='ltr'>ωπείῳ</span> <span class='ocrx_word' id='word_1_158' title='bbox 580 1542 671 1596; x_wconf 90' lang='grc' dir='ltr'>τὸν</span> <span class='ocrx_word' id='word_1_159' title='bbox 706 1538 1037 1596; x_wconf 80' lang='grc' dir='ltr'><strong>ἀδικώτατον</strong></span> <span class='ocrx_word' id='word_1_160' title='bbox 1072 1543 1210 1613; x_wconf 82' lang='grc' dir='ltr'>(πῶς</span> <span class='ocrx_word' id='word_1_161' title='bbox 1262 1542 1321 1595; x_wconf 81' lang='grc' dir='ltr'>ἂν</span> <span class='ocrx_word' id='word_1_162' title='bbox 1369 1538 1579 1614; x_wconf 61' lang='grc' dir='ltr'>εἴποιμι</span> <span class='ocrx_word' id='word_1_163' title='bbox 1623 1542 1825 1617; x_wconf 85' lang='grc' dir='ltr'>κυρίως</span> <span class='ocrx_word' id='word_1_164' title='bbox 1874 1544 2004 1615; x_wconf 68' lang='grc'>(3);]</span> 
     </span>
    </p>
   </div>
   <div class='ocr_carea' id='block_1_22' title="bbox 2116 1538 3775 1617">
    <p class='ocr_par' dir='ltr' id='par_1_22' title="bbox 2120 1542 3775 1615">
     <span class='ocr_line' id='line_1_22' title="bbox 2120 1542 3775 1615; baseline 0.002 -18"><span class='ocrx_word' id='word_1_165' title='bbox 2120 1559 2253 1597; x_wconf 89' lang='lat' dir='ltr'><strong>vam</strong></span> <span class='ocrx_word' id='word_1_166' title='bbox 2286 1559 2531 1597; x_wconf 66' lang='lat' dir='ltr'><strong>summae</strong></span> <span class='ocrx_word' id='word_1_167' title='bbox 2582 1542 2880 1613; x_wconf 70' lang='lat' dir='ltr'><strong>injustitiae</strong></span> <span class='ocrx_word' id='word_1_168' title='bbox 2931 1547 3259 1614; x_wconf 65' lang='lat' dir='ltr'><strong>praetexens</strong></span> <span class='ocrx_word' id='word_1_169' title='bbox 3290 1544 3532 1615; x_wconf 88' lang='lat' dir='ltr'><strong>(quibus</strong></span> <span class='ocrx_word' id='word_1_170' title='bbox 3584 1544 3775 1600; x_wconf 88' lang='lat' dir='ltr'><strong>verbis</strong></span> 
     </span>
    </p>
   </div>
   <div class='ocr_carea' id='block_1_23' title="bbox 360 1626 2004 1706">
    <p class='ocr_par' dir='ltr' id='par_1_23' title="bbox 360 1626 2004 1706">
     <span class='ocr_line' id='line_1_23' title="bbox 360 1626 2004 1706; baseline 0 -21"><span class='ocrx_word' id='word_1_171' title='bbox 360 1629 615 1692; x_wconf 78' lang='grc' dir='ltr'>ἐπιεικῶς</span> <span class='ocrx_word' id='word_1_172' title='bbox 666 1634 743 1702; x_wconf 71' lang='grc'>(4)</span> <span class='ocrx_word' id='word_1_173' title='bbox 796 1626 1062 1699; x_wconf 70' lang='grc' dir='ltr'>ἐϐιάζετο.</span> <span class='ocrx_word' id='word_1_174' title='bbox 1112 1630 1187 1684; x_wconf 70' lang='lat' dir='ltr'><strong>ra</strong></span> <span class='ocrx_word' id='word_1_175' title='bbox 1230 1630 1324 1703; x_wconf 76' lang='grc' dir='ltr'>μὶν</span> <span class='ocrx_word' id='word_1_176' title='bbox 1356 1630 1447 1685; x_wconf 82' lang='grc' dir='ltr'><strong>οὗν</strong></span> <span class='ocrx_word' id='word_1_177' title='bbox 1482 1628 1625 1685; x_wconf 77' lang='grc' dir='ltr'>ἄλλα</span> <span class='ocrx_word' id='word_1_178' title='bbox 1652 1636 1769 1692; x_wconf 87' lang='grc' dir='ltr'>τοῖς</span> <span class='ocrx_word' id='word_1_179' title='bbox 1807 1629 2004 1706; x_wconf 88' lang='grc' dir='ltr'>βουλο-</span> 
     </span>
    </p>
   </div>
   <div class='ocr_carea' id='block_1_24' title="bbox 2116 1626 3776 1706">
    <p class='ocr_par' dir='ltr' id='par_1_24' title="bbox 2124 1630 3776 1704">
     <span class='ocr_line' id='line_1_24' title="bbox 2124 1630 3776 1704; baseline 0.002 -19"><span class='ocrx_word' id='word_1_180' title='bbox 2124 1631 2354 1703; x_wconf 89' lang='lat' dir='ltr'><strong>proprie</strong></span> <span class='ocrx_word' id='word_1_181' title='bbox 2384 1631 2439 1685; x_wconf 90' lang='lat' dir='ltr'><strong>id</strong></span> <span class='ocrx_word' id='word_1_182' title='bbox 2474 1630 2871 1703; x_wconf 81' lang='lat' dir='ltr'><strong>exprimam?)</strong></span> <span class='ocrx_word' id='word_1_183' title='bbox 2901 1630 3111 1685; x_wconf 90' lang='lat' dir='ltr'><strong>leniter</strong></span> <span class='ocrx_word' id='word_1_184' title='bbox 3140 1631 3256 1686; x_wconf 88' lang='lat' dir='ltr'><strong>vim</strong></span> <span class='ocrx_word' id='word_1_185' title='bbox 3290 1632 3776 1704; x_wconf 70' lang='lat' dir='ltr'><strong>allercbat.Atque</strong></span> 
     </span>
    </p>
   </div>
   <div class='ocr_carea' id='block_1_25' title="bbox 368 1717 2004 1795">
    <p class='ocr_par' dir='ltr' id='par_1_25' title="bbox 368 1717 2004 1795">
     <span class='ocr_line' id='line_1_25' title="bbox 368 1717 2004 1795; baseline -0.001 -20"><span class='ocrx_word' id='word_1_186' title='bbox 368 1720 547 1795; x_wconf 78' lang='grc' dir='ltr'>μένοις</span> <span class='ocrx_word' id='word_1_187' title='bbox 600 1721 832 1795; x_wconf 73' lang='grc' dir='ltr'><strong>ἱστορεῖν</strong></span> <span class='ocrx_word' id='word_1_188' title='bbox 882 1740 941 1773; x_wconf 93' lang='grc' dir='ltr'><strong>τε</strong></span> <span class='ocrx_word' id='word_1_189' title='bbox 987 1718 1076 1773; x_wconf 80' lang='grc' dir='ltr'>καὶ</span> <span class='ocrx_word' id='word_1_190' title='bbox 1135 1718 1357 1795; x_wconf 81' lang='grc' dir='ltr'>γράφειν</span> <span class='ocrx_word' id='word_1_191' title='bbox 1403 1721 1656 1795; x_wconf 80' lang='grc' dir='ltr'><strong>παρήσω,</strong></span> <span class='ocrx_word' id='word_1_192' title='bbox 1704 1723 1801 1773; x_wconf 86' lang='grc' dir='ltr'><strong>τοῦ</strong></span> <span class='ocrx_word' id='word_1_193' title='bbox 1848 1717 2004 1795; x_wconf 64' lang='grc' dir='ltr'>λόγου</span> 
     </span>
    </p>
   </div>
   <div class='ocr_carea' id='block_1_26' title="bbox 2116 1717 3773 1795">
    <p class='ocr_par' dir='ltr' id='par_1_26' title="bbox 2123 1719 3773 1791">
     <span class='ocr_line' id='line_1_26' title="bbox 2123 1719 3773 1791; baseline 0.001 -17"><span class='ocrx_word' id='word_1_194' title='bbox 2123 1720 2236 1774; x_wconf 89' lang='lat' dir='ltr'><strong>alia</strong></span> <span class='ocrx_word' id='word_1_195' title='bbox 2282 1720 2520 1791; x_wconf 89' lang='lat' dir='ltr'><strong>quidem</strong></span> <span class='ocrx_word' id='word_1_196' title='bbox 2566 1720 2857 1775; x_wconf 74' lang='lat' dir='ltr'><strong>memoriae</strong></span> <span class='ocrx_word' id='word_1_197' title='bbox 2888 1720 3186 1790; x_wconf 89' lang='lat' dir='ltr'><strong>prodenda</strong></span> <span class='ocrx_word' id='word_1_198' title='bbox 3231 1719 3553 1791; x_wconf 85' lang='lat' dir='ltr'><strong>litterisque</strong></span> <span class='ocrx_word' id='word_1_199' title='bbox 3602 1738 3773 1775; x_wconf 87' lang='lat' dir='ltr'><strong>man-</strong></span> 
     </span>
    </p>
   </div>
   <div class='ocr_carea' id='block_1_27' title="bbox 364 1805 2004 1880">
    <p class='ocr_par' dir='ltr' id='par_1_27' title="bbox 364 1805 2004 1879">
     <span class='ocr_line' id='line_1_27' title="bbox 364 1805 2004 1879; baseline -0.001 -15"><span class='ocrx_word' id='word_1_200' title='bbox 364 1807 727 1870; x_wconf 76' lang='grc' dir='ltr'>σπεύδοντος·</span> <span class='ocrx_word' id='word_1_201' title='bbox 770 1807 1007 1868; x_wconf 84' lang='grc' dir='ltr'>πολλοῖς</span> <span class='ocrx_word' id='word_1_202' title='bbox 1057 1805 1114 1862; x_wconf 75' lang='grc' dir='ltr'>δὲ</span> <span class='ocrx_word' id='word_1_203' title='bbox 1162 1809 1317 1879; x_wconf 82' lang='grc' dir='ltr'>οἶμαι</span> <span class='ocrx_word' id='word_1_204' title='bbox 1366 1805 1862 1875; x_wconf 74' lang='grc' dir='ltr'>σπουδασθήσεσθαι</span> <span class='ocrx_word' id='word_1_205' title='bbox 1917 1814 2004 1863; x_wconf 72' lang='grc' dir='ltr'><strong>τοῦ</strong></span> 
     </span>
    </p>
   </div>
   <div class='ocr_carea' id='block_1_28' title="bbox 2116 1805 3771 1880">
    <p class='ocr_par' dir='ltr' id='par_1_28' title="bbox 2122 1808 3771 1880">
     <span class='ocr_line' id='line_1_28' title="bbox 2122 1808 3771 1880; baseline 0.001 -17"><span class='ocrx_word' id='word_1_206' title='bbox 2122 1810 2315 1864; x_wconf 88' lang='lat' dir='ltr'><strong>danda</strong></span> <span class='ocrx_word' id='word_1_207' title='bbox 2344 1809 2673 1865; x_wconf 87' lang='lat' dir='ltr'><strong>volentibus</strong></span> <span class='ocrx_word' id='word_1_208' title='bbox 2696 1808 3118 1880; x_wconf 85' lang='lat' dir='ltr'><strong>relinquemus,</strong></span> <span class='ocrx_word' id='word_1_209' title='bbox 3144 1808 3591 1879; x_wconf 79' lang='lat' dir='ltr'><strong>festinantejam</strong></span> <span class='ocrx_word' id='word_1_210' title='bbox 3616 1809 3771 1865; x_wconf 85' lang='lat' dir='ltr'><strong>vide-</strong></span> 
     </span>
    </p>
   </div>
   <div class='ocr_carea' id='block_1_29' title="bbox 358 1893 2004 1972">
    <p class='ocr_par' dir='ltr' id='par_1_29' title="bbox 358 1893 2004 1972">
     <span class='ocr_line' id='line_1_29' title="bbox 358 1893 2004 1972; baseline 0 -20"><span class='ocrx_word' id='word_1_211' title='bbox 358 1899 485 1953; x_wconf 89' lang='grc' dir='ltr'>τότε</span> <span class='ocrx_word' id='word_1_212' title='bbox 539 1902 731 1972; x_wconf 78' lang='grc' dir='ltr'>καιροῦ</span> <span class='ocrx_word' id='word_1_213' title='bbox 786 1899 886 1966; x_wconf 78' lang='grc' dir='ltr'>τὴν</span> <span class='ocrx_word' id='word_1_214' title='bbox 948 1894 1054 1951; x_wconf 65' lang='grc' dir='ltr'>εἴτε</span> <span class='ocrx_word' id='word_1_215' title='bbox 1118 1893 1420 1971; x_wconf 83' lang='grc' dir='ltr'>τραγῳδίαν</span> <span class='ocrx_word' id='word_1_216' title='bbox 1470 1898 1581 1972; x_wconf 80' lang='grc' dir='ltr'><strong>χρὴ</strong></span> <span class='ocrx_word' id='word_1_217' title='bbox 1650 1894 1851 1972; x_wconf 82' lang='grc' dir='ltr'>λέγειν,</span> <span class='ocrx_word' id='word_1_218' title='bbox 1907 1895 2004 1952; x_wconf 58' lang='grc' dir='ltr'>εἴτε</span> 
     </span>
    </p>
   </div>
   <div class='ocr_carea' id='block_1_30' title="bbox 2116 1893 3766 1972">
    <p class='ocr_par' dir='ltr' id='par_1_30' title="bbox 2122 1895 3766 1954">
     <span class='ocr_line' id='line_1_30' title="bbox 2122 1895 3766 1954; baseline 0.001 -2"><span class='ocrx_word' id='word_1_219' title='bbox 2122 1897 2257 1953; x_wconf 89' lang='lat' dir='ltr'><strong>licet</strong></span> <span class='ocrx_word' id='word_1_220' title='bbox 2288 1902 2487 1953; x_wconf 88' lang='lat' dir='ltr'><strong>nostra</strong></span> <span class='ocrx_word' id='word_1_221' title='bbox 2516 1897 2795 1952; x_wconf 90' lang='lat' dir='ltr'><strong>oratione.</strong></span> <span class='ocrx_word' id='word_1_222' title='bbox 2829 1895 3039 1953; x_wconf 87' lang='lat' dir='ltr'><strong>Multos</strong></span> <span class='ocrx_word' id='word_1_223' title='bbox 3068 1902 3261 1952; x_wconf 90' lang='lat' dir='ltr'><strong>autem</strong></span> <span class='ocrx_word' id='word_1_224' title='bbox 3306 1913 3539 1953; x_wconf 83' lang='lat' dir='ltr'><strong>summo</strong></span> <span class='ocrx_word' id='word_1_225' title='bbox 3571 1898 3766 1954; x_wconf 90' lang='lat' dir='ltr'><strong>studio</strong></span> 
     </span>
    </p>
   </div>
   <div class='ocr_carea' id='block_1_31' title="bbox 356 1976 2004 2062">
    <p class='ocr_par' dir='ltr' id='par_1_31' title="bbox 356 1980 2004 2062">
     <span class='ocr_line' id='line_1_31' title="bbox 356 1980 2004 2062; baseline 0 -21"><span class='ocrx_word' id='word_1_226' title='bbox 356 1984 676 2059; x_wconf 80' lang='grc' dir='ltr'>κωμῳδίάν,</span> <span class='ocrx_word' id='word_1_227' title='bbox 723 1988 804 2047; x_wconf 86' lang='grc' dir='ltr'>οἷς</span> <span class='ocrx_word' id='word_1_228' title='bbox 864 1985 1026 2062; x_wconf 79' lang='grc' dir='ltr'>μέρος</span> <span class='ocrx_word' id='word_1_229' title='bbox 1074 1980 1341 2048; x_wconf 77' lang='grc' dir='ltr'>εὐσεϐείας</span> <span class='ocrx_word' id='word_1_230' title='bbox 1392 1984 1532 2059; x_wconf 80' lang='grc' dir='ltr'>δοξει</span> <span class='ocrx_word' id='word_1_231' title='bbox 1590 1985 1743 2061; x_wconf 87' lang='grc' dir='ltr'>λόγῳ</span> <span class='ocrx_word' id='word_1_232' title='bbox 1786 1985 2004 2061; x_wconf 77' lang='grc' dir='ltr'>βάλλειν</span> 
     </span>
    </p>
   </div>
   <div class='ocr_carea' id='block_1_32' title="bbox 2116 1976 3763 2062">
    <p class='ocr_par' dir='ltr' id='par_1_32' title="bbox 2120 1984 3763 2057">
     <span class='ocr_line' id='line_1_32' title="bbox 2120 1984 3763 2057; baseline -0.001 -15"><span class='ocrx_word' id='word_1_233' title='bbox 2120 1987 2516 2042; x_wconf 82' lang='lat' dir='ltr'><strong>elaboraturos</strong></span> <span class='ocrx_word' id='word_1_234' title='bbox 2547 1985 2816 2041; x_wconf 88' lang='lat' dir='ltr'><strong>existimo</strong></span> <span class='ocrx_word' id='word_1_235' title='bbox 2846 1987 2905 2040; x_wconf 87' lang='lat' dir='ltr'><strong>in</strong></span> <span class='ocrx_word' id='word_1_236' title='bbox 2941 1986 3244 2041; x_wconf 85' lang='lat' dir='ltr'><strong>condenda</strong></span> <span class='ocrx_word' id='word_1_237' title='bbox 3276 1984 3435 2040; x_wconf 90' lang='lat' dir='ltr'><strong>illius</strong></span> <span class='ocrx_word' id='word_1_238' title='bbox 3461 1985 3763 2057; x_wconf 90' lang='lat' dir='ltr'><strong>temporis,</strong></span> 
     </span>
    </p>
   </div>
   <div class='ocr_carea' id='block_1_33' title="bbox 352 2071 2004 2151">
    <p class='ocr_par' dir='ltr' id='par_1_33' title="bbox 352 2071 2004 2151">
     <span class='ocr_line' id='line_1_33' title="bbox 352 2071 2004 2151; baseline 0 -21"><span class='ocrx_word' id='word_1_239' title='bbox 352 2076 448 2131; x_wconf 89' lang='grc' dir='ltr'>τὸν</span> <span class='ocrx_word' id='word_1_240' title='bbox 509 2075 833 2151; x_wconf 78' lang='grc' dir='ltr'>ἀλιτήριον·</span> <span class='ocrx_word' id='word_1_241' title='bbox 897 2075 971 2137; x_wconf 84' lang='grc' dir='ltr'>ὡς</span> <span class='ocrx_word' id='word_1_242' title='bbox 1032 2075 1119 2129; x_wconf 63' lang='grc' dir='ltr'>καὶ</span> <span class='ocrx_word' id='word_1_243' title='bbox 1185 2080 1302 2137; x_wconf 84' lang='grc' dir='ltr'>τοῖς</span> <span class='ocrx_word' id='word_1_244' title='bbox 1376 2071 1561 2130; x_wconf 83' lang='grc' dir='ltr'>ἔπειτα</span> <span class='ocrx_word' id='word_1_245' title='bbox 1634 2073 2004 2151; x_wconf 81' lang='grc' dir='ltr'>παραδοθῆναι</span> 
     </span>
    </p>
   </div>
   <div class='ocr_carea' id='block_1_34' title="bbox 2116 2071 3766 2151">
    <p class='ocr_par' dir='ltr' id='par_1_34' title="bbox 2119 2074 3766 2147">
     <span class='ocr_line' id='line_1_34' title="bbox 2119 2074 3766 2147; baseline -0.002 -15"><span class='ocrx_word' id='word_1_246' title='bbox 2119 2076 2237 2133; x_wconf 88' lang='lat' dir='ltr'><strong>sive</strong></span> <span class='ocrx_word' id='word_1_247' title='bbox 2266 2075 2549 2147; x_wconf 82' lang='lat' dir='ltr'><strong>tragoedia</strong></span> <span class='ocrx_word' id='word_1_248' title='bbox 2579 2074 2681 2130; x_wconf 88' lang='lat' dir='ltr'><strong>illa</strong></span> <span class='ocrx_word' id='word_1_249' title='bbox 2710 2075 2959 2130; x_wconf 85' lang='lat' dir='ltr'><strong>dicenda</strong></span> <span class='ocrx_word' id='word_1_250' title='bbox 3004 2080 3112 2141; x_wconf 89' lang='lat' dir='ltr'><strong>est,</strong></span> <span class='ocrx_word' id='word_1_251' title='bbox 3146 2074 3265 2131; x_wconf 91' lang='lat' dir='ltr'><strong>sive</strong></span> <span class='ocrx_word' id='word_1_252' title='bbox 3297 2074 3602 2140; x_wconf 81' lang='lat' dir='ltr'><strong>comcedia,</strong></span> <span class='ocrx_word' id='word_1_253' title='bbox 3635 2074 3766 2146; x_wconf 90' lang='lat' dir='ltr'><strong>qui-</strong></span> 
     </span>
    </p>
   </div>
   <div class='ocr_carea' id='block_1_35' title="bbox 356 2162 2004 2241">
    <p class='ocr_par' dir='ltr' id='par_1_35' title="bbox 356 2162 2004 2241">
     <span class='ocr_line' id='line_1_35' title="bbox 356 2162 2004 2241; baseline 0 -22"><span class='ocrx_word' id='word_1_254' title='bbox 356 2171 581 2241; x_wconf 78' lang='grc' dir='ltr'>πρᾶγμα</span> <span class='ocrx_word' id='word_1_255' title='bbox 626 2169 907 2235; x_wconf 89' lang='grc' dir='ltr'>τοσοῦτον,</span> <span class='ocrx_word' id='word_1_256' title='bbox 956 2164 1046 2219; x_wconf 87' lang='grc' dir='ltr'>καὶ</span> <span class='ocrx_word' id='word_1_257' title='bbox 1092 2164 1287 2234; x_wconf 76' lang='grc' dir='ltr'>ἥκιστα</span> <span class='ocrx_word' id='word_1_258' title='bbox 1322 2164 1419 2219; x_wconf 80' lang='grc' dir='ltr'>τοὺ</span> <span class='ocrx_word' id='word_1_259' title='bbox 1452 2162 1630 2219; x_wconf 80' lang='grc' dir='ltr'>λαϐεῖν</span> <span class='ocrx_word' id='word_1_260' title='bbox 1672 2165 1820 2235; x_wconf 81' lang='grc' dir='ltr'>ἄξιον</span> <span class='ocrx_word' id='word_1_261' title='bbox 1848 2184 1859 2196; x_wconf 92' lang='grc'><strong>·</strong></span> <span class='ocrx_word' id='word_1_262' title='bbox 1921 2164 2004 2220; x_wconf 71' lang='grc' dir='ltr'><strong>αὖα</strong></span> 
     </span>
    </p>
   </div>
   <div class='ocr_carea' id='block_1_36' title="bbox 2116 2162 3767 2241">
    <p class='ocr_par' dir='ltr' id='par_1_36' title="bbox 2117 2163 3767 2235">
     <span class='ocr_line' id='line_1_36' title="bbox 2117 2163 3767 2235; baseline -0.002 -13"><span class='ocrx_word' id='word_1_263' title='bbox 2117 2168 2230 2222; x_wconf 87' lang='lat' dir='ltr'><strong>bus</strong></span> <span class='ocrx_word' id='word_1_264' title='bbox 2263 2164 2495 2235; x_wconf 89' lang='lat' dir='ltr'><strong>pietatis</strong></span> <span class='ocrx_word' id='word_1_265' title='bbox 2528 2180 2664 2235; x_wconf 81' lang='lat' dir='ltr'><strong>pars</strong></span> <span class='ocrx_word' id='word_1_266' title='bbox 2714 2180 2841 2219; x_wconf 91' lang='lat' dir='ltr'><strong>esse</strong></span> <span class='ocrx_word' id='word_1_267' title='bbox 2872 2163 3181 2230; x_wconf 87' lang='lat' dir='ltr'><strong>videbitur,</strong></span> <span class='ocrx_word' id='word_1_268' title='bbox 3216 2164 3463 2235; x_wconf 89' lang='lat' dir='ltr'><strong>impium</strong></span> <span class='ocrx_word' id='word_1_269' title='bbox 3509 2164 3677 2218; x_wconf 91' lang='lat' dir='ltr'><strong>illum</strong></span> <span class='ocrx_word' id='word_1_270' title='bbox 3708 2168 3767 2218; x_wconf 88' lang='lat' dir='ltr'><strong>et</strong></span> 
     </span>
    </p>
   </div>
   <div class='ocr_carea' id='block_1_37' title="bbox 355 2251 2004 2329">
    <p class='ocr_par' dir='ltr' id='par_1_37' title="bbox 355 2251 2004 2329">
     <span class='ocr_line' id='line_1_37' title="bbox 355 2251 2004 2329; baseline -0.001 -20"><span class='ocrx_word' id='word_1_271' title='bbox 355 2255 450 2317; x_wconf 89' lang='grc' dir='ltr'><strong>τὸς</strong></span> <span class='ocrx_word' id='word_1_272' title='bbox 484 2251 541 2308; x_wconf 73' lang='grc' dir='ltr'>δὲ</span> <span class='ocrx_word' id='word_1_273' title='bbox 597 2253 714 2308; x_wconf 84' lang='grc' dir='ltr'>ἀντὶ</span> <span class='ocrx_word' id='word_1_274' title='bbox 762 2254 970 2309; x_wconf 90' lang='grc' dir='ltr'>πάντων</span> <span class='ocrx_word' id='word_1_275' title='bbox 1021 2253 1074 2308; x_wconf 85' lang='grc' dir='ltr'><strong>’ἐν</strong></span> <span class='ocrx_word' id='word_1_276' title='bbox 1120 2254 1155 2322; x_wconf 73' lang='grc' dir='ltr'><strong>ἢ</strong></span> <span class='ocrx_word' id='word_1_277' title='bbox 1208 2251 1304 2308; x_wconf 87' lang='grc' dir='ltr'><strong>δύο</strong></span> <span class='ocrx_word' id='word_1_278' title='bbox 1349 2251 1633 2329; x_wconf 83' lang='grc' dir='ltr'>δείγματος</span> <span class='ocrx_word' id='word_1_279' title='bbox 1688 2252 1794 2329; x_wconf 78' lang='grc' dir='ltr'><strong>ἐρῶ</strong></span> <span class='ocrx_word' id='word_1_280' title='bbox 1844 2253 2004 2329; x_wconf 85' lang='grc' dir='ltr'>χάριν</span> 
     </span>
    </p>
   </div>
   <div class='ocr_carea' id='block_1_38' title="bbox 2116 2251 3764 2329">
    <p class='ocr_par' dir='ltr' id='par_1_38' title="bbox 2117 2251 3764 2325">
     <span class='ocr_line' id='line_1_38' title="bbox 2117 2251 3764 2325; baseline -0.002 -16"><span class='ocrx_word' id='word_1_281' title='bbox 2117 2253 2468 2325; x_wconf 88' lang='lat' dir='ltr'><strong>sacrilegum</strong></span> <span class='ocrx_word' id='word_1_282' title='bbox 2502 2252 2763 2308; x_wconf 90' lang='lat' dir='ltr'><strong>oratione</strong></span> <span class='ocrx_word' id='word_1_283' title='bbox 2792 2251 3086 2319; x_wconf 89' lang='lat' dir='ltr'><strong>insectari,</strong></span> <span class='ocrx_word' id='word_1_284' title='bbox 3120 2257 3183 2305; x_wconf 93' lang='lat' dir='ltr'><strong>ut</strong></span> <span class='ocrx_word' id='word_1_285' title='bbox 3214 2252 3285 2306; x_wconf 90' lang='lat' dir='ltr'><strong>ad</strong></span> <span class='ocrx_word' id='word_1_286' title='bbox 3319 2255 3579 2323; x_wconf 90' lang='lat' dir='ltr'><strong>posteros</strong></span> <span class='ocrx_word' id='word_1_287' title='bbox 3616 2267 3764 2322; x_wconf 89' lang='lat' dir='ltr'><strong>quo-</strong></span> 
     </span>
    </p>
   </div>
   <div class='ocr_carea' id='block_1_39' title="bbox 349 2340 2004 2420">
    <p class='ocr_par' dir='ltr' id='par_1_39' title="bbox 349 2340 2004 2420">
     <span class='ocr_line' id='line_1_39' title="bbox 349 2340 2004 2420; baseline -0.001 -22"><span class='ocrx_word' id='word_1_288' title='bbox 349 2348 469 2404; x_wconf 89' lang='grc' dir='ltr'>τοῖς</span> <span class='ocrx_word' id='word_1_289' title='bbox 517 2341 723 2420; x_wconf 88' lang='grc' dir='ltr'>σφόδρα</span> <span class='ocrx_word' id='word_1_290' title='bbox 767 2343 835 2397; x_wconf 77' lang='grc' dir='ltr'><strong>τὰ</strong></span> <span class='ocrx_word' id='word_1_291' title='bbox 882 2342 1091 2398; x_wconf 77' lang='grc' dir='ltr'>ἐκείνου</span> <span class='ocrx_word' id='word_1_292' title='bbox 1137 2341 1522 2415; x_wconf 83' lang='grc' dir='ltr'>Θαυμάζουσιν,</span> <span class='ocrx_word' id='word_1_293' title='bbox 1571 2340 1641 2396; x_wconf 69' lang='grc' dir='ltr'><strong>’ἶν’</strong></span> <span class='ocrx_word' id='word_1_294' title='bbox 1671 2340 1853 2397; x_wconf 75' lang='grc' dir='ltr'>εἰδῶσι</span> <span class='ocrx_word' id='word_1_295' title='bbox 1881 2347 2004 2396; x_wconf 89' lang='grc' dir='ltr'>τοῦ-</span> 
     </span>
    </p>
   </div>
   <div class='ocr_carea' id='block_1_40' title="bbox 2116 2340 3763 2420">
    <p class='ocr_par' dir='ltr' id='par_1_40' title="bbox 2118 2340 3763 2415">
     <span class='ocr_line' id='line_1_40' title="bbox 2118 2340 3763 2415; baseline -0.002 -17"><span class='ocrx_word' id='word_1_296' title='bbox 2118 2360 2230 2415; x_wconf 90' lang='lat' dir='ltr'><strong>que</strong></span> <span class='ocrx_word' id='word_1_297' title='bbox 2271 2359 2363 2398; x_wconf 89' lang='lat' dir='ltr'><strong>res</strong></span> <span class='ocrx_word' id='word_1_298' title='bbox 2403 2346 2566 2397; x_wconf 91' lang='lat' dir='ltr'><strong>tanta</strong></span> <span class='ocrx_word' id='word_1_299' title='bbox 2614 2341 2973 2413; x_wconf 87' lang='lat' dir='ltr'><strong>minimeque</strong></span> <span class='ocrx_word' id='word_1_300' title='bbox 3016 2341 3194 2413; x_wconf 88' lang='lat' dir='ltr'><strong>digna</strong></span> <span class='ocrx_word' id='word_1_301' title='bbox 3243 2357 3369 2411; x_wconf 68' lang='lat' dir='ltr'><strong>quas</strong></span> <span class='ocrx_word' id='word_1_302' title='bbox 3411 2340 3469 2394; x_wconf 88' lang='lat' dir='ltr'><strong>in</strong></span> <span class='ocrx_word' id='word_1_303' title='bbox 3512 2340 3763 2395; x_wconf 90' lang='lat' dir='ltr'><strong>obscuro</strong></span> 
     </span>
    </p>
   </div>
   <div class='ocr_carea' id='block_1_41' title="bbox 349 2430 2004 2507">
    <p class='ocr_par' dir='ltr' id='par_1_41' title="bbox 349 2430 2002 2507">
     <span class='ocr_line' id='line_1_41' title="bbox 349 2430 2002 2507; baseline -0.001 -20"><span class='ocrx_word' id='word_1_304' title='bbox 349 2454 447 2487; x_wconf 86' lang='grc' dir='ltr'><strong>τον</strong></span> <span class='ocrx_word' id='word_1_305' title='bbox 483 2436 554 2503; x_wconf 88' lang='grc'><strong>(5)</strong></span> <span class='ocrx_word' id='word_1_306' title='bbox 586 2432 815 2487; x_wconf 80' lang='grc' dir='ltr'>ἐπαινεῖν</span> <span class='ocrx_word' id='word_1_307' title='bbox 845 2432 1137 2502; x_wconf 75' lang='grc' dir='ltr'>ἀξιοῦντες,</span> <span class='ocrx_word' id='word_1_308' title='bbox 1183 2433 1245 2487; x_wconf 83' lang='grc' dir='ltr'><strong>οὗ</strong></span> <span class='ocrx_word' id='word_1_309' title='bbox 1280 2430 1421 2505; x_wconf 75' lang='grc' dir='ltr'>μηδὲ</span> <span class='ocrx_word' id='word_1_310' title='bbox 1451 2432 1623 2507; x_wconf 78' lang='grc' dir='ltr'>ψόγον</span> <span class='ocrx_word' id='word_1_311' title='bbox 1660 2430 1797 2487; x_wconf 82' lang='grc' dir='ltr'>ἔστιν</span> <span class='ocrx_word' id='word_1_312' title='bbox 1832 2433 2002 2507; x_wconf 80' lang='grc' dir='ltr'>εὑρεῖν</span> 
     </span>
    </p>
   </div>
   <div class='ocr_carea' id='block_1_42' title="bbox 2116 2430 3760 2507">
    <p class='ocr_par' dir='ltr' id='par_1_42' title="bbox 2116 2430 3760 2503">
     <span class='ocr_line' id='line_1_42' title="bbox 2116 2430 3760 2503; baseline -0.002 -16"><span class='ocrx_word' id='word_1_313' title='bbox 2116 2433 2322 2503; x_wconf 84' lang='lat' dir='ltr'><strong>jaceat,</strong></span> <span class='ocrx_word' id='word_1_314' title='bbox 2339 2432 2796 2486; x_wconf 84' lang='lat' dir='ltr'><strong>transmittatur.</strong></span> <span class='ocrx_word' id='word_1_315' title='bbox 2815 2431 2929 2502; x_wconf 87' lang='lat' dir='ltr'><strong>Ego</strong></span> <span class='ocrx_word' id='word_1_316' title='bbox 2949 2434 3142 2485; x_wconf 89' lang='lat' dir='ltr'><strong>autem</strong></span> <span class='ocrx_word' id='word_1_317' title='bbox 3167 2446 3269 2502; x_wconf 92' lang='lat' dir='ltr'><strong>pro</strong></span> <span class='ocrx_word' id='word_1_318' title='bbox 3284 2430 3560 2484; x_wconf 90' lang='lat' dir='ltr'><strong>omnibus</strong></span> <span class='ocrx_word' id='word_1_319' title='bbox 3575 2445 3760 2484; x_wconf 90' lang='lat' dir='ltr'><strong>unum</strong></span> 
     </span>
    </p>
   </div>
   <div class='ocr_carea' id='block_1_43' title="bbox 355 2520 528 2591">
    <p class='ocr_par' dir='ltr' id='par_1_43' title="bbox 355 2520 528 2591">
     <span class='ocr_line' id='line_1_43' title="bbox 355 2520 528 2591; baseline 0.017 -17"><span class='ocrx_word' id='word_1_320' title='bbox 355 2520 528 2591; x_wconf 75' lang='grc' dir='ltr'>ἄξιον.</span> 
     </span>
    </p>
   </div>
   <div class='ocr_carea' id='block_1_44' title="bbox 2116 2519 3763 2592">
    <p class='ocr_par' dir='ltr' id='par_1_44' title="bbox 2116 2519 3763 2592">
     <span class='ocr_line' id='line_1_44' title="bbox 2116 2519 3763 2592; baseline -0.002 -14"><span class='ocrx_word' id='word_1_321' title='bbox 2116 2528 2217 2578; x_wconf 90' lang='lat' dir='ltr'><strong>aut</strong></span> <span class='ocrx_word' id='word_1_322' title='bbox 2270 2522 2539 2592; x_wconf 90' lang='lat' dir='ltr'><strong>alterum,</strong></span> <span class='ocrx_word' id='word_1_323' title='bbox 2574 2520 2821 2592; x_wconf 86' lang='lat' dir='ltr'><strong>exempli</strong></span> <span class='ocrx_word' id='word_1_324' title='bbox 2873 2538 3071 2590; x_wconf 89' lang='lat' dir='ltr'><strong>causa,</strong></span> <span class='ocrx_word' id='word_1_325' title='bbox 3104 2520 3178 2575; x_wconf 89' lang='lat' dir='ltr'><strong>iis</strong></span> <span class='ocrx_word' id='word_1_326' title='bbox 3228 2519 3328 2591; x_wconf 89' lang='lat' dir='ltr'><strong>qui</strong></span> <span class='ocrx_word' id='word_1_327' title='bbox 3376 2520 3552 2574; x_wconf 90' lang='lat' dir='ltr'><strong>vitam</strong></span> <span class='ocrx_word' id='word_1_328' title='bbox 3604 2519 3763 2576; x_wconf 89' lang='lat' dir='ltr'><strong>illius</strong></span> 
     </span>
    </p>
   </div>
   <div class='ocr_carea' id='block_1_45' title="bbox 351 2608 3763 2683">
    <p class='ocr_par' dir='ltr' id='par_1_45' title="bbox 351 2608 3763 2683">
     <span class='ocr_line' id='line_1_45' title="bbox 351 2608 3763 2683; baseline -0 -17"><span class='ocrx_word' id='word_1_329' title='bbox 351 2616 655 2680; x_wconf 82' lang='lat' dir='ltr'><strong>tantopere</strong></span> <span class='ocrx_word' id='word_1_330' title='bbox 687 2610 1075 2679; x_wconf 87' lang='lat' dir='ltr'><strong>admirantur,</strong></span> <span class='ocrx_word' id='word_1_331' title='bbox 1108 2627 1417 2683; x_wconf 85' lang='lat' dir='ltr'><strong>exponam,</strong></span> <span class='ocrx_word' id='word_1_332' title='bbox 1451 2616 1516 2667; x_wconf 90' lang='lat' dir='ltr'><strong>ut</strong></span> <span class='ocrx_word' id='word_1_333' title='bbox 1542 2628 1604 2668; x_wconf 89' lang='lat' dir='ltr'><strong>se</strong></span> <span class='ocrx_word' id='word_1_334' title='bbox 1633 2628 1768 2668; x_wconf 90' lang='lat' dir='ltr'><strong>eum</strong></span> <span class='ocrx_word' id='word_1_335' title='bbox 1798 2612 1988 2668; x_wconf 92' lang='lat' dir='ltr'><strong>virum</strong></span> <span class='ocrx_word' id='word_1_336' title='bbox 2020 2610 2259 2667; x_wconf 89' lang='lat' dir='ltr'><strong>laudare</strong></span> <span class='ocrx_word' id='word_1_337' title='bbox 2287 2610 2429 2666; x_wconf 90' lang='lat' dir='ltr'><strong>velle</strong></span> <span class='ocrx_word' id='word_1_338' title='bbox 2461 2608 2809 2683; x_wconf 85' lang='lat' dir='ltr'><strong>intelligant,</strong></span> <span class='ocrx_word' id='word_1_339' title='bbox 2842 2611 3011 2681; x_wconf 82' lang='lat' dir='ltr'><strong>cujus</strong></span> <span class='ocrx_word' id='word_1_340' title='bbox 3043 2608 3203 2665; x_wconf 91' lang='lat' dir='ltr'><strong>nulla</strong></span> <span class='ocrx_word' id='word_1_341' title='bbox 3232 2609 3374 2664; x_wconf 84' lang='lat' dir='ltr'><strong>satis</strong></span> <span class='ocrx_word' id='word_1_342' title='bbox 3405 2609 3583 2680; x_wconf 84' lang='lat' dir='ltr'><strong>digna</strong></span> <span class='ocrx_word' id='word_1_343' title='bbox 3611 2608 3763 2665; x_wconf 86' lang='lat' dir='ltr'><strong>vitu-</strong></span> 
     </span>
    </p>
   </div>
   <div class='ocr_carea' id='block_1_46' title="bbox 352 2700 1159 2772">
    <p class='ocr_par' dir='ltr' id='par_1_46' title="bbox 352 2700 1159 2772">
     <span class='ocr_line' id='line_1_46' title="bbox 352 2700 1159 2772; baseline 0.002 -17"><span class='ocrx_word' id='word_1_344' title='bbox 352 2700 573 2771; x_wconf 85' lang='lat' dir='ltr'><strong>peratio</strong></span> <span class='ocrx_word' id='word_1_345' title='bbox 603 2700 913 2770; x_wconf 86' lang='lat' dir='ltr'><strong>excogitari</strong></span> <span class='ocrx_word' id='word_1_346' title='bbox 949 2705 1159 2772; x_wconf 88' lang='lat' dir='ltr'><strong>potest.</strong></span> 
     </span>
    </p>
   </div>
   <div class='ocr_carea' id='block_1_47' title="bbox 428 2801 2000 2879">
    <p class='ocr_par' dir='ltr' id='par_1_47' title="bbox 428 2801 2000 2879">
     <span class='ocr_line' id='line_1_47' title="bbox 428 2801 2000 2879; baseline 0.001 -20"><span class='ocrx_word' id='word_1_347' title='bbox 428 2805 505 2859; x_wconf 82' lang='lat' dir='ltr'><strong>Il&#39;.</strong></span> <span class='ocrx_word' id='word_1_348' title='bbox 542 2803 721 2875; x_wconf 84' lang='grc' dir='ltr'>Νόμος</span> <span class='ocrx_word' id='word_1_349' title='bbox 755 2801 863 2858; x_wconf 79' lang='grc' dir='ltr'>ἐστὶ</span> <span class='ocrx_word' id='word_1_350' title='bbox 901 2803 1204 2879; x_wconf 87' lang='grc' dir='ltr'>βασιλικὸς,</span> <span class='ocrx_word' id='word_1_351' title='bbox 1238 2804 1336 2860; x_wconf 80' lang='grc' dir='ltr'><strong>οῦκ</strong></span> <span class='ocrx_word' id='word_1_352' title='bbox 1365 2802 1484 2860; x_wconf 82' lang='grc' dir='ltr'>οἴδα</span> <span class='ocrx_word' id='word_1_353' title='bbox 1518 2807 1612 2878; x_wconf 72' lang='grc' dir='ltr'>μὲν</span> <span class='ocrx_word' id='word_1_354' title='bbox 1647 2805 1692 2860; x_wconf 85' lang='grc' dir='ltr'>εἷ</span> <span class='ocrx_word' id='word_1_355' title='bbox 1723 2806 1812 2861; x_wconf 88' lang='grc' dir='ltr'><strong>καὶ</strong></span> <span class='ocrx_word' id='word_1_356' title='bbox 1842 2812 2000 2861; x_wconf 79' lang='grc' dir='ltr'>πᾶσιν</span> 
     </span>
    </p>
   </div>
   <div class='ocr_carea' id='block_1_48' title="bbox 350 2891 2003 2968">
    <p class='ocr_par' dir='ltr' id='par_1_48' title="bbox 350 2891 2003 2968">
     <span class='ocr_line' id='line_1_48' title="bbox 350 2891 2003 2968; baseline 0.002 -23"><span class='ocrx_word' id='word_1_357' title='bbox 350 2892 659 2967; x_wconf 76' lang='grc' dir='ltr'>ἀνθρώποις</span> <span class='ocrx_word' id='word_1_358' title='bbox 690 2897 815 2965; x_wconf 86' lang='grc' dir='ltr'>παρ’</span> <span class='ocrx_word' id='word_1_359' title='bbox 845 2891 992 2954; x_wconf 79' lang='grc' dir='ltr'>ὅσοις</span> <span class='ocrx_word' id='word_1_360' title='bbox 1040 2896 1111 2963; x_wconf 89' lang='grc'><strong>(6)</strong></span> <span class='ocrx_word' id='word_1_361' title='bbox 1156 2894 1217 2947; x_wconf 90' lang='grc' dir='ltr'>τὸ</span> <span class='ocrx_word' id='word_1_362' title='bbox 1270 2891 1665 2968; x_wconf 80' lang='grc' dir='ltr'>βασιλεύεσθαι,</span> <span class='ocrx_word' id='word_1_363' title='bbox 1716 2893 2003 2965; x_wconf 83' lang='grc' dir='ltr'>Ῥωμαίοις</span> 
     </span>
    </p>
   </div>
   <div class='ocr_carea' id='block_1_49' title="bbox 349 2978 2001 3055">
    <p class='ocr_par' dir='ltr' id='par_1_49' title="bbox 349 2978 2001 3055">
     <span class='ocr_line' id='line_1_49' title="bbox 349 2978 2001 3055; baseline 0.001 -20"><span class='ocrx_word' id='word_1_364' title='bbox 349 2978 412 3035; x_wconf 76' lang='grc' dir='ltr'>δὶ</span> <span class='ocrx_word' id='word_1_365' title='bbox 459 2980 547 3034; x_wconf 87' lang='grc' dir='ltr'>καὶ</span> <span class='ocrx_word' id='word_1_366' title='bbox 614 2984 719 3034; x_wconf 81' lang='grc' dir='ltr'><strong>τῶν</strong></span> <span class='ocrx_word' id='word_1_367' title='bbox 789 2980 909 3036; x_wconf 82' lang='grc' dir='ltr'>λίαν</span> <span class='ocrx_word' id='word_1_368' title='bbox 975 2979 1425 3054; x_wconf 78' lang='grc' dir='ltr'>σπουδαζομένων</span> <span class='ocrx_word' id='word_1_369' title='bbox 1482 2982 1649 3037; x_wconf 73' lang='grc' dir='ltr'>εἰκόσι</span> <span class='ocrx_word' id='word_1_370' title='bbox 1708 2980 2001 3055; x_wconf 84' lang='grc' dir='ltr'>δημοσίαις</span> 
     </span>
    </p>
   </div>
   <div class='ocr_carea' id='block_1_50' title="bbox 344 3068 2001 3146">
    <p class='ocr_par' dir='ltr' id='par_1_50' title="bbox 344 3068 2001 3146">
     <span class='ocr_line' id='line_1_50' title="bbox 344 3068 2001 3146; baseline -0.001 -21"><span class='ocrx_word' id='word_1_371' title='bbox 344 3075 608 3141; x_wconf 74' lang='grc' dir='ltr'>τιμᾶσθαι</span> <span class='ocrx_word' id='word_1_372' title='bbox 657 3069 782 3131; x_wconf 80' lang='grc' dir='ltr'>τοὺς</span> <span class='ocrx_word' id='word_1_373' title='bbox 837 3068 1258 3145; x_wconf 84' lang='grc' dir='ltr'>βασιλεύοντας⁶</span> <span class='ocrx_word' id='word_1_374' title='bbox 1328 3070 1389 3125; x_wconf 83' lang='grc' dir='ltr'>οὐ</span> <span class='ocrx_word' id='word_1_375' title='bbox 1438 3070 1541 3145; x_wconf 68' lang='grc' dir='ltr'><strong>γάρ</strong></span> <span class='ocrx_word' id='word_1_376' title='bbox 1592 3070 1898 3146; x_wconf 79' lang='grc' dir='ltr'>έξαρκοῦσιν</span> <span class='ocrx_word' id='word_1_377' title='bbox 1951 3072 2001 3125; x_wconf 73' lang='grc' dir='ltr'>οἱ</span> 
     </span>
    </p>
   </div>
   <div class='ocr_carea' id='block_1_51' title="bbox 346 3155 2003 3235">
    <p class='ocr_par' dir='ltr' id='par_1_51' title="bbox 346 3155 2003 3235">
     <span class='ocr_line' id='line_1_51' title="bbox 346 3155 2003 3235; baseline 0.001 -22"><span class='ocrx_word' id='word_1_378' title='bbox 346 3160 596 3235; x_wconf 62' lang='grc' dir='ltr'>στέφανοι</span> <span class='ocrx_word' id='word_1_379' title='bbox 647 3158 736 3213; x_wconf 86' lang='grc' dir='ltr'>καὶ</span> <span class='ocrx_word' id='word_1_380' title='bbox 792 3158 859 3213; x_wconf 87' lang='grc' dir='ltr'><strong>τά</strong></span> <span class='ocrx_word' id='word_1_381' title='bbox 907 3155 1236 3232; x_wconf 75' lang='grc' dir='ltr'>διαδήματα,</span> <span class='ocrx_word' id='word_1_382' title='bbox 1286 3158 1376 3213; x_wconf 80' lang='grc' dir='ltr'>καὶ</span> <span class='ocrx_word' id='word_1_383' title='bbox 1422 3159 1485 3214; x_wconf 88' lang='grc' dir='ltr'>τὸ</span> <span class='ocrx_word' id='word_1_384' title='bbox 1529 3166 1630 3229; x_wconf 83' lang='grc' dir='ltr'><strong>τῆς</strong></span> <span class='ocrx_word' id='word_1_385' title='bbox 1677 3157 2003 3235; x_wconf 81' lang='grc' dir='ltr'>ἁλουργίδος</span> 
     </span>
    </p>
   </div>
   <div class='ocr_carea' id='block_1_52' title="bbox 2186 2803 3758 2879">
    <p class='ocr_par' dir='ltr' id='par_1_52' title="bbox 2186 2803 3758 2879">
     <span class='ocr_line' id='line_1_52' title="bbox 2186 2803 3758 2879; baseline -0.003 -16"><span class='ocrx_word' id='word_1_386' title='bbox 2186 2807 2396 2863; x_wconf 86' lang='lat' dir='ltr'><strong>LXXX.</strong></span> <span class='ocrx_word' id='word_1_387' title='bbox 2443 2807 2542 2862; x_wconf 85' lang='lat' dir='ltr'><strong>Est</strong></span> <span class='ocrx_word' id='word_1_388' title='bbox 2589 2806 2698 2863; x_wconf 92' lang='lat' dir='ltr'><strong>hoc</strong></span> <span class='ocrx_word' id='word_1_389' title='bbox 2751 2805 2809 2860; x_wconf 94' lang='lat' dir='ltr'><strong>in</strong></span> <span class='ocrx_word' id='word_1_390' title='bbox 2858 2806 3014 2879; x_wconf 89' lang='lat' dir='ltr'><strong>regio</strong></span> <span class='ocrx_word' id='word_1_391' title='bbox 3063 2822 3223 2861; x_wconf 90' lang='lat' dir='ltr'><strong>more</strong></span> <span class='ocrx_word' id='word_1_392' title='bbox 3272 2805 3551 2877; x_wconf 89' lang='lat' dir='ltr'><strong>positum,</strong></span> <span class='ocrx_word' id='word_1_393' title='bbox 3602 2803 3758 2859; x_wconf 85' lang='lat' dir='ltr'><strong>haud</strong></span> 
     </span>
    </p>
   </div>
   <div class='ocr_carea' id='block_1_53' title="bbox 2113 2892 3756 2968">
    <p class='ocr_par' dir='ltr' id='par_1_53' title="bbox 2113 2892 3756 2968">
     <span class='ocr_line' id='line_1_53' title="bbox 2113 2892 3756 2968; baseline -0.002 -17"><span class='ocrx_word' id='word_1_394' title='bbox 2113 2897 2346 2968; x_wconf 89' lang='lat' dir='ltr'><strong>quidem</strong></span> <span class='ocrx_word' id='word_1_395' title='bbox 2371 2897 2489 2951; x_wconf 90' lang='lat' dir='ltr'><strong>scio</strong></span> <span class='ocrx_word' id='word_1_396' title='bbox 2522 2913 2595 2951; x_wconf 92' lang='lat' dir='ltr'><strong>an</strong></span> <span class='ocrx_word' id='word_1_397' title='bbox 2620 2897 2773 2967; x_wconf 89' lang='lat' dir='ltr'><strong>apud</strong></span> <span class='ocrx_word' id='word_1_398' title='bbox 2797 2912 3001 2951; x_wconf 88' lang='lat' dir='ltr'><strong>omnes</strong></span> <span class='ocrx_word' id='word_1_399' title='bbox 3033 2912 3267 2968; x_wconf 89' lang='lat' dir='ltr'><strong>quoque</strong></span> <span class='ocrx_word' id='word_1_400' title='bbox 3297 2894 3442 2949; x_wconf 92' lang='lat' dir='ltr'><strong>alios</strong></span> <span class='ocrx_word' id='word_1_401' title='bbox 3467 2892 3756 2963; x_wconf 88' lang='lat' dir='ltr'><strong>homines,</strong></span> 
     </span>
    </p>
   </div>
   <div class='ocr_carea' id='block_1_54' title="bbox 2115 2984 3762 3057">
    <p class='ocr_par' dir='ltr' id='par_1_54' title="bbox 2115 2984 3762 3057">
     <span class='ocr_line' id='line_1_54' title="bbox 2115 2984 3762 3057; baseline -0.001 -18"><span class='ocrx_word' id='word_1_402' title='bbox 2115 2985 2213 3056; x_wconf 90' lang='lat' dir='ltr'><strong>qui</strong></span> <span class='ocrx_word' id='word_1_403' title='bbox 2243 2985 2487 3057; x_wconf 91' lang='lat' dir='ltr'><strong>imperio</strong></span> <span class='ocrx_word' id='word_1_404' title='bbox 2515 2985 2787 3049; x_wconf 90' lang='lat' dir='ltr'><strong>subsunt,</strong></span> <span class='ocrx_word' id='word_1_405' title='bbox 2820 2990 3092 3040; x_wconf 69' lang='lat' dir='ltr'><strong>caeterum</strong></span> <span class='ocrx_word' id='word_1_406' title='bbox 3123 2984 3277 3056; x_wconf 91' lang='lat' dir='ltr'><strong>apud</strong></span> <span class='ocrx_word' id='word_1_407' title='bbox 3312 2984 3607 3039; x_wconf 83' lang='lat' dir='ltr'><strong>Romanos</strong></span> <span class='ocrx_word' id='word_1_408' title='bbox 3637 2986 3762 3038; x_wconf 89' lang='lat' dir='ltr'><strong>stu-</strong></span> 
     </span>
    </p>
   </div>
   <div class='ocr_carea' id='block_1_55' title="bbox 2112 3072 3764 3145">
    <p class='ocr_par' dir='ltr' id='par_1_55' title="bbox 2112 3072 3764 3145">
     <span class='ocr_line' id='line_1_55' title="bbox 2112 3072 3764 3145; baseline -0.002 -16"><span class='ocrx_word' id='word_1_409' title='bbox 2112 3074 2446 3130; x_wconf 88' lang='lat' dir='ltr'><strong>diosissime</strong></span> <span class='ocrx_word' id='word_1_410' title='bbox 2493 3074 2887 3142; x_wconf 88' lang='lat' dir='ltr'><strong>observatum,</strong></span> <span class='ocrx_word' id='word_1_411' title='bbox 2923 3079 2987 3129; x_wconf 90' lang='lat' dir='ltr'><strong>ut</strong></span> <span class='ocrx_word' id='word_1_412' title='bbox 3039 3074 3287 3145; x_wconf 86' lang='lat' dir='ltr'><strong>publicis</strong></span> <span class='ocrx_word' id='word_1_413' title='bbox 3328 3072 3539 3129; x_wconf 89' lang='lat' dir='ltr'><strong>statuis</strong></span> <span class='ocrx_word' id='word_1_414' title='bbox 3584 3075 3764 3144; x_wconf 85' lang='lat' dir='ltr'><strong>impe-</strong></span> 
     </span>
    </p>
   </div>
   <div class='ocr_carea' id='block_1_56' title="bbox 2112 3162 3759 3226">
    <p class='ocr_par' dir='ltr' id='par_1_56' title="bbox 2112 3162 3759 3226">
     <span class='ocr_line' id='line_1_56' title="bbox 2112 3162 3759 3226; baseline -0.003 -7"><span class='ocrx_word' id='word_1_415' title='bbox 2112 3168 2333 3219; x_wconf 88' lang='lat' dir='ltr'><strong>ratores</strong></span> <span class='ocrx_word' id='word_1_416' title='bbox 2365 3168 2666 3218; x_wconf 85' lang='lat' dir='ltr'><strong>ornentur.</strong></span> <span class='ocrx_word' id='word_1_417' title='bbox 2710 3163 2823 3218; x_wconf 86' lang='lat' dir='ltr'><strong>Nec</strong></span> <span class='ocrx_word' id='word_1_418' title='bbox 2854 3163 3011 3218; x_wconf 88' lang='lat' dir='ltr'><strong>enim</strong></span> <span class='ocrx_word' id='word_1_419' title='bbox 3052 3179 3277 3217; x_wconf 70' lang='lat' dir='ltr'><strong>coronas</strong></span> <span class='ocrx_word' id='word_1_420' title='bbox 3309 3179 3375 3217; x_wconf 89' lang='lat' dir='ltr'><strong>ac</strong></span> <span class='ocrx_word' id='word_1_421' title='bbox 3405 3162 3759 3226; x_wconf 88' lang='lat' dir='ltr'><strong>diademata,</strong></span> 
     </span>
    </p>
   </div>
   <div class='ocr_carea' id='block_1_57' title="bbox 347 3243 2004 3325">
    <p class='ocr_par' dir='ltr' id='par_1_57' title="bbox 347 3245 2001 3325">
     <span class='ocr_line' id='line_1_57' title="bbox 347 3245 2001 3325; baseline 0.001 -24"><span class='ocrx_word' id='word_1_422' title='bbox 347 3246 528 3316; x_wconf 75' lang='grc' dir='ltr'>ἄνθος,</span> <span class='ocrx_word' id='word_1_423' title='bbox 563 3245 614 3302; x_wconf 71' lang='grc' dir='ltr'>οἳ</span> <span class='ocrx_word' id='word_1_424' title='bbox 642 3268 699 3302; x_wconf 89' lang='grc' dir='ltr'><strong>τε</strong></span> <span class='ocrx_word' id='word_1_425' title='bbox 744 3247 1141 3321; x_wconf 70' lang='grc' dir='ltr'>ἀριθμούμενοι</span> <span class='ocrx_word' id='word_1_426' title='bbox 1188 3245 1532 3325; x_wconf 74' lang='grc' dir='ltr'>λογχοφόροι</span> <span class='ocrx_word' id='word_1_427' title='bbox 1564 3251 1639 3321; x_wconf 91' lang='grc'><strong>(7)</strong></span> <span class='ocrx_word' id='word_1_428' title='bbox 1668 3248 1758 3302; x_wconf 85' lang='grc' dir='ltr'><strong>καὶ</strong></span> <span class='ocrx_word' id='word_1_429' title='bbox 1803 3248 1866 3302; x_wconf 85' lang='grc' dir='ltr'>τὸ</span> <span class='ocrx_word' id='word_1_430' title='bbox 1894 3252 2001 3303; x_wconf 82' lang='grc' dir='ltr'><strong>τῶν</strong></span> 
     </span>
    </p>
   </div>
   <div class='ocr_carea' id='block_1_58' title="bbox 2116 3243 3763 3325">
    <p class='ocr_par' dir='ltr' id='par_1_58' title="bbox 2116 3250 3763 3323">
     <span class='ocr_line' id='line_1_58' title="bbox 2116 3250 3763 3323; baseline -0.002 -16"><span class='ocrx_word' id='word_1_431' title='bbox 2116 3256 2172 3307; x_wconf 92' lang='lat' dir='ltr'><strong>et</strong></span> <span class='ocrx_word' id='word_1_432' title='bbox 2202 3269 2474 3323; x_wconf 76' lang='lat' dir='ltr'><strong>purpurae</strong></span> <span class='ocrx_word' id='word_1_433' title='bbox 2507 3251 2679 3318; x_wconf 90' lang='lat' dir='ltr'><strong>nitor,</strong></span> <span class='ocrx_word' id='word_1_434' title='bbox 2715 3256 2773 3306; x_wconf 91' lang='lat' dir='ltr'><strong>et</strong></span> <span class='ocrx_word' id='word_1_435' title='bbox 2805 3252 3101 3307; x_wconf 89' lang='lat' dir='ltr'><strong>numerosi</strong></span> <span class='ocrx_word' id='word_1_436' title='bbox 3134 3250 3434 3320; x_wconf 87' lang='lat' dir='ltr'><strong>satellites,</strong></span> <span class='ocrx_word' id='word_1_437' title='bbox 3465 3256 3523 3305; x_wconf 91' lang='lat' dir='ltr'><strong>et</strong></span> <span class='ocrx_word' id='word_1_438' title='bbox 3560 3250 3763 3304; x_wconf 89' lang='lat' dir='ltr'><strong>subdi-</strong></span> 
     </span>
    </p>
   </div>
   <div class='ocr_carea' id='block_1_59' title="bbox 346 3332 2005 3411">
    <p class='ocr_par' dir='ltr' id='par_1_59' title="bbox 346 3332 2005 3411">
     <span class='ocr_line' id='line_1_59' title="bbox 346 3332 2005 3411; baseline 0.002 -24"><span class='ocrx_word' id='word_1_439' title='bbox 346 3332 675 3409; x_wconf 71' lang='grc' dir='ltr'>ἀρχομένων</span> <span class='ocrx_word' id='word_1_440' title='bbox 727 3332 961 3405; x_wconf 79' lang='grc' dir='ltr'>πλῆθος,</span> <span class='ocrx_word' id='word_1_441' title='bbox 1031 3340 1345 3408; x_wconf 84' lang='grc' dir='ltr'>συγκροτεῖν</span> <span class='ocrx_word' id='word_1_442' title='bbox 1404 3333 1620 3397; x_wconf 88' lang='grc' dir='ltr'>τούτοις</span> <span class='ocrx_word' id='word_1_443' title='bbox 1675 3336 1772 3403; x_wconf 78' lang='grc' dir='ltr'><strong>τήν</strong></span> <span class='ocrx_word' id='word_1_444' title='bbox 1857 3336 2005 3411; x_wconf 90' lang='grc' dir='ltr'>βασι-</span> 
     </span>
    </p>
   </div>
   <div class='ocr_carea' id='block_1_60' title="bbox 352 3420 2004 3503">
    <p class='ocr_par' dir='ltr' id='par_1_60' title="bbox 352 3420 2004 3503">
     <span class='ocr_line' id='line_1_60' title="bbox 352 3420 2004 3503; baseline 0.002 -27"><span class='ocrx_word' id='word_1_445' title='bbox 352 3422 544 3477; x_wconf 82' lang='grc' dir='ltr'>λείαν·</span> <span class='ocrx_word' id='word_1_446' title='bbox 625 3420 771 3477; x_wconf 86' lang='grc' dir='ltr'><strong>ἀλλά</strong></span> <span class='ocrx_word' id='word_1_447' title='bbox 839 3420 921 3476; x_wconf 86' lang='grc' dir='ltr'><strong>δεῖ</strong></span> <span class='ocrx_word' id='word_1_448' title='bbox 982 3422 1072 3476; x_wconf 86' lang='grc' dir='ltr'>καὶ</span> <span class='ocrx_word' id='word_1_449' title='bbox 1151 3425 1569 3497; x_wconf 71' lang='grc' dir='ltr'>προσκυνήσεως</span> <span class='ocrx_word' id='word_1_450' title='bbox 1635 3424 1841 3493; x_wconf 80' lang='grc' dir='ltr'>αὐτοῖς,</span> <span class='ocrx_word' id='word_1_451' title='bbox 1916 3426 2004 3503; x_wconf 84' lang='grc' dir='ltr'>ὑφ’</span> 
     </span>
    </p>
   </div>
   <div class='ocr_carea' id='block_1_61' title="bbox 347 3508 2005 3586">
    <p class='ocr_par' dir='ltr' id='par_1_61' title="bbox 347 3508 2005 3586">
     <span class='ocr_line' id='line_1_61' title="bbox 347 3508 2005 3586; baseline 0.001 -20"><span class='ocrx_word' id='word_1_452' title='bbox 347 3514 416 3579; x_wconf 79' lang='grc' dir='ltr'><strong>ἧς</strong></span> <span class='ocrx_word' id='word_1_453' title='bbox 478 3512 555 3583; x_wconf 89' lang='grc'><strong>(8)</strong></span> <span class='ocrx_word' id='word_1_454' title='bbox 614 3510 927 3586; x_wconf 84' lang='grc' dir='ltr'>σεμνότεροι</span> <span class='ocrx_word' id='word_1_455' title='bbox 980 3508 1208 3580; x_wconf 80' lang='grc' dir='ltr'>δόξωσιν</span> <span class='ocrx_word' id='word_1_456' title='bbox 1254 3513 1331 3583; x_wconf 87' lang='grc'>(9)</span> <span class='ocrx_word' id='word_1_457' title='bbox 1362 3530 1374 3543; x_wconf 72' lang='grc'><em>⁸</em></span> <span class='ocrx_word' id='word_1_458' title='bbox 1427 3510 1539 3586; x_wconf 79' lang='grc' dir='ltr'><strong>οὐχ</strong></span> <span class='ocrx_word' id='word_1_459' title='bbox 1585 3513 1645 3580; x_wconf 81' lang='grc' dir='ltr'>ἣν</span> <span class='ocrx_word' id='word_1_460' title='bbox 1693 3516 1803 3585; x_wconf 87' lang='grc'>(10)</span> <span class='ocrx_word' id='word_1_461' title='bbox 1853 3512 2005 3568; x_wconf 76' lang='grc' dir='ltr'>αὐτοὶ</span> 
     </span>
    </p>
   </div>
   <div class='ocr_carea' id='block_1_62' title="bbox 347 3598 2007 3674">
    <p class='ocr_par' dir='ltr' id='par_1_62' title="bbox 347 3598 2007 3674">
     <span class='ocr_line' id='line_1_62' title="bbox 347 3598 2007 3674; baseline 0.002 -21"><span class='ocrx_word' id='word_1_462' title='bbox 347 3604 775 3674; x_wconf 76' lang='grc' dir='ltr'>προσκυνοῦνται</span> <span class='ocrx_word' id='word_1_463' title='bbox 832 3598 1018 3671; x_wconf 79' lang='grc' dir='ltr'>μόνον,</span> <span class='ocrx_word' id='word_1_464' title='bbox 1069 3598 1215 3654; x_wconf 82' lang='grc' dir='ltr'><strong>ἀλλά</strong></span> <span class='ocrx_word' id='word_1_465' title='bbox 1260 3599 1349 3653; x_wconf 81' lang='grc' dir='ltr'><strong>καὶ</strong></span> <span class='ocrx_word' id='word_1_466' title='bbox 1399 3606 1497 3669; x_wconf 85' lang='grc' dir='ltr'><strong>τῆς</strong></span> <span class='ocrx_word' id='word_1_467' title='bbox 1546 3600 1596 3654; x_wconf 82' lang='grc' dir='ltr'><strong>έν</strong></span> <span class='ocrx_word' id='word_1_468' title='bbox 1637 3600 1919 3673; x_wconf 82' lang='grc' dir='ltr'>πλάσμασί</span> <span class='ocrx_word' id='word_1_469' title='bbox 1950 3623 2007 3657; x_wconf 88' lang='grc' dir='ltr'><strong>τε</strong></span> 
     </span>
    </p>
   </div>
   <div class='ocr_carea' id='block_1_63' title="bbox 347 3683 2007 3763">
    <p class='ocr_par' dir='ltr' id='par_1_63' title="bbox 347 3683 2007 3763">
     <span class='ocr_line' id='line_1_63' title="bbox 347 3683 2007 3763; baseline 0.002 -21"><span class='ocrx_word' id='word_1_470' title='bbox 347 3689 441 3742; x_wconf 85' lang='grc' dir='ltr'><strong>καὶ</strong></span> <span class='ocrx_word' id='word_1_471' title='bbox 474 3688 781 3763; x_wconf 61' lang='grc' dir='ltr'>χρώμασιν,</span> <span class='ocrx_word' id='word_1_472' title='bbox 817 3687 885 3741; x_wconf 64' lang='grc' dir='ltr'><strong>ἶν’</strong></span> <span class='ocrx_word' id='word_1_473' title='bbox 977 3688 1038 3742; x_wconf 87' lang='grc' dir='ltr'>τὸ</span> <span class='ocrx_word' id='word_1_474' title='bbox 1072 3683 1230 3749; x_wconf 76' lang='grc' dir='ltr'>σέϐας</span> <span class='ocrx_word' id='word_1_475' title='bbox 1259 3688 1441 3749; x_wconf 78' lang='grc' dir='ltr'>αὐτοῖς</span> <span class='ocrx_word' id='word_1_476' title='bbox 1490 3688 1896 3761; x_wconf 74' lang='grc' dir='ltr'>ἀπληστότερόν</span> <span class='ocrx_word' id='word_1_477' title='bbox 1949 3712 2007 3745; x_wconf 88' lang='grc' dir='ltr'><strong>τε</strong></span> 
     </span>
    </p>
   </div>
   <div class='ocr_carea' id='block_1_64' title="bbox 348 3775 2005 3850">
    <p class='ocr_par' dir='ltr' id='par_1_64' title="bbox 348 3775 2005 3850">
     <span class='ocr_line' id='line_1_64' title="bbox 348 3775 2005 3850; baseline 0.002 -19"><span class='ocrx_word' id='word_1_478' title='bbox 348 3777 442 3831; x_wconf 84' lang='grc' dir='ltr'><strong>καὶ</strong></span> <span class='ocrx_word' id='word_1_479' title='bbox 472 3776 817 3849; x_wconf 82' lang='grc' dir='ltr'>τελεώτερον.</span> <span class='ocrx_word' id='word_1_480' title='bbox 865 3776 1092 3838; x_wconf 77' lang='grc' dir='ltr'>Ταύταις</span> <span class='ocrx_word' id='word_1_481' title='bbox 1141 3782 1259 3838; x_wconf 90' lang='grc' dir='ltr'>ταῖς</span> <span class='ocrx_word' id='word_1_482' title='bbox 1307 3776 1504 3831; x_wconf 78' lang='grc' dir='ltr'>εἰκόσιν</span> <span class='ocrx_word' id='word_1_483' title='bbox 1538 3775 1702 3832; x_wconf 83' lang='grc' dir='ltr'>ἄλλοι</span> <span class='ocrx_word' id='word_1_484' title='bbox 1739 3780 1831 3850; x_wconf 75' lang='grc' dir='ltr'>μὶν</span> <span class='ocrx_word' id='word_1_485' title='bbox 1865 3778 2005 3834; x_wconf 70' lang='grc' dir='ltr'>ἄλλο</span> 
     </span>
    </p>
   </div>
   <div class='ocr_carea' id='block_1_65' title="bbox 347 3864 2005 3943">
    <p class='ocr_par' dir='ltr' id='par_1_65' title="bbox 347 3864 2005 3943">
     <span class='ocr_line' id='line_1_65' title="bbox 347 3864 2005 3943; baseline 0.001 -22"><span class='ocrx_word' id='word_1_486' title='bbox 347 3887 402 3921; x_wconf 85' lang='grc' dir='ltr'><strong>τι</strong></span> <span class='ocrx_word' id='word_1_487' title='bbox 451 3870 556 3920; x_wconf 76' lang='grc' dir='ltr'>τῶν</span> <span class='ocrx_word' id='word_1_488' title='bbox 612 3864 879 3941; x_wconf 83' lang='grc' dir='ltr'>βασιλέων</span> <span class='ocrx_word' id='word_1_489' title='bbox 936 3866 1520 3943; x_wconf 75' lang='grc' dir='ltr'>προσπαραγράφισθαι</span> <span class='ocrx_word' id='word_1_490' title='bbox 1578 3866 1894 3942; x_wconf 57' lang='grc' dir='ltr'>χαίρουσιν</span> <span class='ocrx_word' id='word_1_491' title='bbox 1954 3869 2005 3922; x_wconf 78' lang='grc' dir='ltr'>οἱ</span> 
     </span>
    </p>
   </div>
   <div class='ocr_carea' id='block_1_66' title="bbox 352 3953 2007 4031">
    <p class='ocr_par' dir='ltr' id='par_1_66' title="bbox 352 3953 2007 4031">
     <span class='ocr_line' id='line_1_66' title="bbox 352 3953 2007 4031; baseline 0.001 -22"><span class='ocrx_word' id='word_1_492' title='bbox 352 3955 451 4027; x_wconf 78' lang='grc' dir='ltr'><strong>μὶν</strong></span> <span class='ocrx_word' id='word_1_493' title='bbox 499 3958 605 4009; x_wconf 80' lang='grc' dir='ltr'>τῶν</span> <span class='ocrx_word' id='word_1_494' title='bbox 656 3953 870 4010; x_wconf 88' lang='grc' dir='ltr'>πόλεων</span> <span class='ocrx_word' id='word_1_495' title='bbox 922 3956 1035 4028; x_wconf 88' lang='grc'>(11)</span> <span class='ocrx_word' id='word_1_496' title='bbox 1084 3956 1180 4016; x_wconf 81' lang='grc' dir='ltr'>τὰς</span> <span class='ocrx_word' id='word_1_497' title='bbox 1232 3953 1616 4031; x_wconf 76' lang='grc' dir='ltr'>λαμπροτέρας</span> <span class='ocrx_word' id='word_1_498' title='bbox 1656 3953 2007 4031; x_wconf 85' lang='grc' dir='ltr'>δωροφορού-</span> 
     </span>
    </p>
   </div>
   <div class='ocr_carea' id='block_1_67' title="bbox 347 4041 2007 4121">
    <p class='ocr_par' dir='ltr' id='par_1_67' title="bbox 347 4041 2007 4121">
     <span class='ocr_line' id='line_1_67' title="bbox 347 4041 2007 4121; baseline 0.002 -24"><span class='ocrx_word' id='word_1_499' title='bbox 347 4064 468 4112; x_wconf 78' lang='grc' dir='ltr'>σας,</span> <span class='ocrx_word' id='word_1_500' title='bbox 521 4044 573 4097; x_wconf 75' lang='grc' dir='ltr'>οἱ</span> <span class='ocrx_word' id='word_1_501' title='bbox 621 4041 679 4098; x_wconf 71' lang='grc' dir='ltr'>δὲ</span> <span class='ocrx_word' id='word_1_502' title='bbox 725 4042 874 4105; x_wconf 78' lang='grc' dir='ltr'>νίκας</span> <span class='ocrx_word' id='word_1_503' title='bbox 924 4044 1055 4119; x_wconf 79' lang='grc' dir='ltr'>ὑπὲρ</span> <span class='ocrx_word' id='word_1_504' title='bbox 1104 4041 1346 4121; x_wconf 80' lang='grc' dir='ltr'>κεφαλῆς</span> <span class='ocrx_word' id='word_1_505' title='bbox 1397 4044 1795 4121; x_wconf 85' lang='grc' dir='ltr'>στεφανούσας·</span> <span class='ocrx_word' id='word_1_506' title='bbox 1848 4046 1899 4099; x_wconf 77' lang='grc' dir='ltr'>οἱ</span> <span class='ocrx_word' id='word_1_507' title='bbox 1949 4043 2007 4101; x_wconf 72' lang='grc' dir='ltr'>δὲ</span> 
     </span>
    </p>
   </div>
   <div class='ocr_carea' id='block_1_68' title="bbox 345 4132 2002 4210">
    <p class='ocr_par' dir='ltr' id='par_1_68' title="bbox 345 4132 2002 4210">
     <span class='ocr_line' id='line_1_68' title="bbox 345 4132 2002 4210; baseline 0.001 -23"><span class='ocrx_word' id='word_1_508' title='bbox 345 4133 476 4195; x_wconf 83' lang='grc' dir='ltr'>τοὺς</span> <span class='ocrx_word' id='word_1_509' title='bbox 523 4132 574 4187; x_wconf 80' lang='grc' dir='ltr'>ἐν</span> <span class='ocrx_word' id='word_1_510' title='bbox 619 4132 767 4187; x_wconf 87' lang='grc' dir='ltr'>τέλει</span> <span class='ocrx_word' id='word_1_511' title='bbox 822 4137 1278 4208; x_wconf 87' lang='grc' dir='ltr'>προσκυνοῦντας,</span> <span class='ocrx_word' id='word_1_512' title='bbox 1328 4132 1416 4187; x_wconf 87' lang='grc' dir='ltr'>καὶ</span> <span class='ocrx_word' id='word_1_513' title='bbox 1465 4139 1578 4196; x_wconf 87' lang='grc' dir='ltr'>τοῖς</span> <span class='ocrx_word' id='word_1_514' title='bbox 1642 4138 1747 4190; x_wconf 80' lang='grc' dir='ltr'><strong>τῶν</strong></span> <span class='ocrx_word' id='word_1_515' title='bbox 1816 4135 2002 4210; x_wconf 81' lang='grc' dir='ltr'>ἀρχῶν</span> 
     </span>
    </p>
   </div>
   <div class='ocr_carea' id='block_1_69' title="bbox 343 4220 2004 4299">
    <p class='ocr_par' dir='ltr' id='par_1_69' title="bbox 343 4220 2004 4299">
     <span class='ocr_line' id='line_1_69' title="bbox 343 4220 2004 4299; baseline 0.001 -22"><span class='ocrx_word' id='word_1_516' title='bbox 343 4221 697 4295; x_wconf 73' lang='grc' dir='ltr'>τιμωμένους</span> <span class='ocrx_word' id='word_1_517' title='bbox 731 4223 1063 4295; x_wconf 80' lang='grc' dir='ltr'>συνθήμασιν</span> <span class='ocrx_word' id='word_1_518' title='bbox 1090 4242 1102 4255; x_wconf 75' lang='grc' dir='ltr'><strong><em>ο</em></strong></span> <span class='ocrx_word' id='word_1_519' title='bbox 1138 4223 1189 4276; x_wconf 74' lang='grc' dir='ltr'>οἱ</span> <span class='ocrx_word' id='word_1_520' title='bbox 1221 4220 1279 4277; x_wconf 82' lang='grc' dir='ltr'>δὶ</span> <span class='ocrx_word' id='word_1_521' title='bbox 1311 4222 1634 4299; x_wconf 79' lang='grc' dir='ltr'>θηροφονίας</span> <span class='ocrx_word' id='word_1_522' title='bbox 1682 4222 1771 4278; x_wconf 90' lang='grc' dir='ltr'>καὶ</span> <span class='ocrx_word' id='word_1_523' title='bbox 1821 4222 2004 4279; x_wconf 80' lang='grc' dir='ltr'>εὐστο-</span> 
     </span>
    </p>
   </div>
   <div class='ocr_carea' id='block_1_70' title="bbox 348 4306 2003 4388">
    <p class='ocr_par' dir='ltr' id='par_1_70' title="bbox 348 4306 2003 4388">
     <span class='ocr_line' id='line_1_70' title="bbox 348 4306 2003 4388; baseline 0.002 -23"><span class='ocrx_word' id='word_1_524' title='bbox 348 4311 479 4388; x_wconf 77' lang='grc' dir='ltr'>χίας</span> <span class='ocrx_word' id='word_1_525' title='bbox 504 4331 517 4344; x_wconf 85' lang='grc'><strong>·</strong></span> <span class='ocrx_word' id='word_1_526' title='bbox 553 4312 604 4365; x_wconf 76' lang='grc' dir='ltr'>οἱ</span> <span class='ocrx_word' id='word_1_527' title='bbox 636 4308 693 4365; x_wconf 73' lang='grc' dir='ltr'>δὲ</span> <span class='ocrx_word' id='word_1_528' title='bbox 747 4306 1032 4388; x_wconf 78' lang='grc' dir='ltr'>βαρϐάρων</span> <span class='ocrx_word' id='word_1_529' title='bbox 1080 4310 1423 4385; x_wconf 77' lang='grc' dir='ltr'>ἡττημένων,</span> <span class='ocrx_word' id='word_1_530' title='bbox 1476 4311 1564 4366; x_wconf 84' lang='grc' dir='ltr'><strong>καὶ</strong></span> <span class='ocrx_word' id='word_1_531' title='bbox 1615 4312 1718 4368; x_wconf 82' lang='grc' dir='ltr'>ὑπὸ</span> <span class='ocrx_word' id='word_1_532' title='bbox 1754 4318 1873 4376; x_wconf 89' lang='grc' dir='ltr'>τοῖς</span> <span class='ocrx_word' id='word_1_533' title='bbox 1902 4334 2003 4368; x_wconf 85' lang='grc' dir='ltr'>πο-</span> 
     </span>
    </p>
   </div>
   <div class='ocr_carea' id='block_1_71' title="bbox 425 4524 2005 4601">
    <p class='ocr_par' dir='ltr' id='par_1_71' title="bbox 425 4524 2005 4601">
     <span class='ocr_line' id='line_1_71' title="bbox 425 4524 2005 4601; baseline 0.003 -22"><span class='ocrx_word' id='word_1_534' title='bbox 425 4525 557 4601; x_wconf 68' lang='grc'><strong>(98)⁸</strong></span> <span class='ocrx_word' id='word_1_535' title='bbox 573 4525 808 4601; x_wconf 67' lang='grc' dir='ltr'>Σκηνήν.</span> <span class='ocrx_word' id='word_1_536' title='bbox 858 4524 1129 4601; x_wconf 70' lang='lat' dir='ltr'><strong>Heinsius</strong></span> <span class='ocrx_word' id='word_1_537' title='bbox 1160 4527 1302 4601; x_wconf 86' lang='lat' dir='ltr'><strong>legit</strong></span> <span class='ocrx_word' id='word_1_538' title='bbox 1336 4545 1348 4585; x_wconf 87' lang='lat'><strong>:</strong></span> <span class='ocrx_word' id='word_1_539' title='bbox 1395 4525 1833 4601; x_wconf 82' lang='grc' dir='ltr'>ἀποπεμπόμεθα</span> <span class='ocrx_word' id='word_1_540' title='bbox 1875 4529 2005 4583; x_wconf 80' lang='grc' dir='ltr'>πάν-</span> 
     </span>
    </p>
   </div>
   <div class='ocr_carea' id='block_1_72' title="bbox 349 4592 1143 4669">
    <p class='ocr_par' dir='ltr' id='par_1_72' title="bbox 349 4592 1143 4669">
     <span class='ocr_line' id='line_1_72' title="bbox 349 4592 1143 4669; baseline 0.004 -18"><span class='ocrx_word' id='word_1_541' title='bbox 349 4592 499 4669; x_wconf 0' lang='grc' dir='ltr'>τως.)</span> <span class='ocrx_word' id='word_1_542' title='bbox 522 4592 598 4669; x_wconf 69' lang='grc' dir='ltr'><strong>Οὐ</strong></span> <span class='ocrx_word' id='word_1_543' title='bbox 633 4592 888 4669; x_wconf 27' lang='grc' dir='ltr'>γάρζπρςιέ</span> <span class='ocrx_word' id='word_1_544' title='bbox 920 4592 1003 4669; x_wconf 68' lang='grc' dir='ltr'><strong>ἄν,</strong></span> <span class='ocrx_word' id='word_1_545' title='bbox 1036 4604 1143 4654; x_wconf 89' lang='lat' dir='ltr'><strong>etc.</strong></span> 
     </span>
    </p>
   </div>
   <div class='ocr_carea' id='block_1_73' title="bbox 2112 3338 3762 3411">
    <p class='ocr_par' dir='ltr' id='par_1_73' title="bbox 2112 3338 3762 3411">
     <span class='ocr_line' id='line_1_73' title="bbox 2112 3338 3762 3411; baseline -0.001 -16"><span class='ocrx_word' id='word_1_546' title='bbox 2112 3344 2304 3395; x_wconf 92' lang='lat' dir='ltr'><strong>torum</strong></span> <span class='ocrx_word' id='word_1_547' title='bbox 2327 3339 2664 3407; x_wconf 85' lang='lat' dir='ltr'><strong>multitudo,</strong></span> <span class='ocrx_word' id='word_1_548' title='bbox 2690 3340 2759 3395; x_wconf 90' lang='lat' dir='ltr'><strong>ad</strong></span> <span class='ocrx_word' id='word_1_549' title='bbox 2778 3340 3257 3395; x_wconf 88' lang='lat' dir='ltr'><strong>constituendum</strong></span> <span class='ocrx_word' id='word_1_550' title='bbox 3284 3339 3427 3411; x_wconf 89' lang='lat' dir='ltr'><strong>ipsis</strong></span> <span class='ocrx_word' id='word_1_551' title='bbox 3449 3338 3762 3410; x_wconf 89' lang='lat' dir='ltr'><strong>imperium</strong></span> 
     </span>
    </p>
   </div>
   <div class='ocr_carea' id='block_1_74' title="bbox 2113 3429 3765 3500">
    <p class='ocr_par' dir='ltr' id='par_1_74' title="bbox 2113 3429 3765 3500">
     <span class='ocr_line' id='line_1_74' title="bbox 2113 3429 3765 3500; baseline -0.001 -15"><span class='ocrx_word' id='word_1_552' title='bbox 2113 3430 2416 3485; x_wconf 81' lang='lat' dir='ltr'><strong>sufficiunt</strong></span> <span class='ocrx_word' id='word_1_553' title='bbox 2458 3448 2469 3485; x_wconf 96' lang='lat'>:</span> <span class='ocrx_word' id='word_1_554' title='bbox 2513 3446 2713 3485; x_wconf 90' lang='lat' dir='ltr'><strong>verum</strong></span> <span class='ocrx_word' id='word_1_555' title='bbox 2762 3429 3158 3484; x_wconf 90' lang='lat' dir='ltr'><strong>adorationem</strong></span> <span class='ocrx_word' id='word_1_556' title='bbox 3209 3446 3442 3500; x_wconf 87' lang='lat' dir='ltr'><strong>quoque</strong></span> <span class='ocrx_word' id='word_1_557' title='bbox 3490 3429 3765 3483; x_wconf 82' lang='lat' dir='ltr'><strong>accedere</strong></span> 
     </span>
    </p>
   </div>
   <div class='ocr_carea' id='block_1_75' title="bbox 2116 3518 3761 3590">
    <p class='ocr_par' dir='ltr' id='par_1_75' title="bbox 2116 3518 3761 3590">
     <span class='ocr_line' id='line_1_75' title="bbox 2116 3518 3761 3590; baseline -0.002 -17"><span class='ocrx_word' id='word_1_558' title='bbox 2116 3523 2360 3589; x_wconf 86' lang='lat' dir='ltr'><strong>oportet,</strong></span> <span class='ocrx_word' id='word_1_559' title='bbox 2392 3534 2491 3587; x_wconf 90' lang='lat' dir='ltr'><strong>per</strong></span> <span class='ocrx_word' id='word_1_560' title='bbox 2519 3535 2693 3589; x_wconf 88' lang='lat' dir='ltr'><strong>quam</strong></span> <span class='ocrx_word' id='word_1_561' title='bbox 2720 3518 3089 3590; x_wconf 84' lang='lat' dir='ltr'><strong>angustiores</strong></span> <span class='ocrx_word' id='word_1_562' title='bbox 3112 3521 3430 3589; x_wconf 87' lang='lat' dir='ltr'><strong>appareant</strong></span> <span class='ocrx_word' id='word_1_563' title='bbox 3456 3533 3468 3571; x_wconf 85' lang='lat'><strong>:</strong></span> <span class='ocrx_word' id='word_1_564' title='bbox 3496 3534 3609 3572; x_wconf 90' lang='lat' dir='ltr'><strong>non</strong></span> <span class='ocrx_word' id='word_1_565' title='bbox 3633 3533 3761 3572; x_wconf 89' lang='lat' dir='ltr'><strong>eam</strong></span> 
     </span>
    </p>
   </div>
   <div class='ocr_carea' id='block_1_76' title="bbox 2115 3605 3761 3679">
    <p class='ocr_par' dir='ltr' id='par_1_76' title="bbox 2115 3605 3761 3679">
     <span class='ocr_line' id='line_1_76' title="bbox 2115 3605 3761 3679; baseline -0.002 -17"><span class='ocrx_word' id='word_1_566' title='bbox 2115 3607 2305 3662; x_wconf 89' lang='lat' dir='ltr'><strong>solum</strong></span> <span class='ocrx_word' id='word_1_567' title='bbox 2339 3624 2457 3679; x_wconf 91' lang='lat' dir='ltr'><strong>qua</strong></span> <span class='ocrx_word' id='word_1_568' title='bbox 2503 3608 2823 3662; x_wconf 90' lang='lat' dir='ltr'><strong>adorantur</strong></span> <span class='ocrx_word' id='word_1_569' title='bbox 2854 3608 2987 3679; x_wconf 90' lang='lat' dir='ltr'><strong>ipsi,</strong></span> <span class='ocrx_word' id='word_1_570' title='bbox 3021 3608 3122 3661; x_wconf 89' lang='lat' dir='ltr'><strong>sed</strong></span> <span class='ocrx_word' id='word_1_571' title='bbox 3173 3623 3301 3662; x_wconf 89' lang='lat' dir='ltr'><strong>eam</strong></span> <span class='ocrx_word' id='word_1_572' title='bbox 3334 3606 3508 3661; x_wconf 85' lang='lat' dir='ltr'><strong>etiam</strong></span> <span class='ocrx_word' id='word_1_573' title='bbox 3542 3623 3669 3676; x_wconf 67' lang='lat' dir='ltr'><strong>quae</strong></span> <span class='ocrx_word' id='word_1_574' title='bbox 3703 3605 3761 3659; x_wconf 93' lang='lat' dir='ltr'><strong>in</strong></span> 
     </span>
    </p>
   </div>
   <div class='ocr_carea' id='block_1_77' title="bbox 2114 3692 3765 3767">
    <p class='ocr_par' dir='ltr' id='par_1_77' title="bbox 2114 3692 3765 3767">
     <span class='ocr_line' id='line_1_77' title="bbox 2114 3692 3765 3767; baseline -0.002 -18"><span class='ocrx_word' id='word_1_575' title='bbox 2114 3695 2475 3766; x_wconf 89' lang='lat' dir='ltr'><strong>imaginibus</strong></span> <span class='ocrx_word' id='word_1_576' title='bbox 2508 3696 2869 3767; x_wconf 90' lang='lat' dir='ltr'><strong>picturisque</strong></span> <span class='ocrx_word' id='word_1_577' title='bbox 2902 3700 3231 3766; x_wconf 68' lang='lat' dir='ltr'><strong>praestetur,</strong></span> <span class='ocrx_word' id='word_1_578' title='bbox 3266 3711 3378 3765; x_wconf 93' lang='lat' dir='ltr'><strong>quo</strong></span> <span class='ocrx_word' id='word_1_579' title='bbox 3410 3692 3765 3749; x_wconf 87' lang='lat' dir='ltr'><strong>cumulatior</strong></span> 
     </span>
    </p>
   </div>
   <div class='ocr_carea' id='block_1_78' title="bbox 2115 3783 3764 3855">
    <p class='ocr_par' dir='ltr' id='par_1_78' title="bbox 2115 3783 3764 3855">
     <span class='ocr_line' id='line_1_78' title="bbox 2115 3783 3764 3855; baseline -0.002 -18"><span class='ocrx_word' id='word_1_580' title='bbox 2115 3783 2262 3854; x_wconf 88' lang='lat' dir='ltr'><strong>ipsis</strong></span> <span class='ocrx_word' id='word_1_581' title='bbox 2304 3784 2725 3855; x_wconf 84' lang='lat' dir='ltr'><strong>perfectiorque</strong></span> <span class='ocrx_word' id='word_1_582' title='bbox 2775 3784 3068 3839; x_wconf 87' lang='lat' dir='ltr'><strong>veneratio</strong></span> <span class='ocrx_word' id='word_1_583' title='bbox 3118 3785 3411 3838; x_wconf 89' lang='lat' dir='ltr'><strong>reddatur.</strong></span> <span class='ocrx_word' id='word_1_584' title='bbox 3446 3784 3549 3836; x_wconf 86' lang='lat' dir='ltr'><strong>His</strong></span> <span class='ocrx_word' id='word_1_585' title='bbox 3596 3796 3764 3851; x_wconf 91' lang='lat' dir='ltr'><strong>porro</strong></span> 
     </span>
    </p>
   </div>
   <div class='ocr_carea' id='block_1_79' title="bbox 2114 3870 3766 3943">
    <p class='ocr_par' dir='ltr' id='par_1_79' title="bbox 2114 3870 3766 3943">
     <span class='ocr_line' id='line_1_79' title="bbox 2114 3870 3766 3943; baseline -0.001 -18"><span class='ocrx_word' id='word_1_586' title='bbox 2114 3870 2471 3943; x_wconf 86' lang='lat' dir='ltr'><strong>imaginibus</strong></span> <span class='ocrx_word' id='word_1_587' title='bbox 2484 3872 2582 3926; x_wconf 91' lang='lat' dir='ltr'><strong>alii</strong></span> <span class='ocrx_word' id='word_1_588' title='bbox 2602 3873 2984 3943; x_wconf 88' lang='lat' dir='ltr'><strong>imperatores</strong></span> <span class='ocrx_word' id='word_1_589' title='bbox 3002 3871 3158 3925; x_wconf 91' lang='lat' dir='ltr'><strong>aliud</strong></span> <span class='ocrx_word' id='word_1_590' title='bbox 3180 3870 3459 3942; x_wconf 89' lang='lat' dir='ltr'><strong>quiddam</strong></span> <span class='ocrx_word' id='word_1_591' title='bbox 3486 3872 3766 3940; x_wconf 69' lang='lat' dir='ltr'><strong>praeterea</strong></span> 
     </span>
    </p>
   </div>
   <div class='ocr_carea' id='block_1_80' title="bbox 2115 3956 3765 4031">
    <p class='ocr_par' dir='ltr' id='par_1_80' title="bbox 2115 3956 3765 4031">
     <span class='ocr_line' id='line_1_80' title="bbox 2115 3956 3765 4031; baseline -0.001 -17"><span class='ocrx_word' id='word_1_592' title='bbox 2115 3960 2351 4031; x_wconf 88' lang='lat' dir='ltr'><strong>appingi</strong></span> <span class='ocrx_word' id='word_1_593' title='bbox 2368 3962 2654 4031; x_wconf 85' lang='lat' dir='ltr'><strong>gaudent;</strong></span> <span class='ocrx_word' id='word_1_594' title='bbox 2679 3961 2919 4031; x_wconf 90' lang='lat' dir='ltr'><strong>quidam</strong></span> <span class='ocrx_word' id='word_1_595' title='bbox 2935 3959 3295 4014; x_wconf 86' lang='lat' dir='ltr'><strong>clarissimas</strong></span> <span class='ocrx_word' id='word_1_596' title='bbox 3308 3974 3569 4029; x_wconf 89' lang='lat' dir='ltr'><strong>quasque</strong></span> <span class='ocrx_word' id='word_1_597' title='bbox 3591 3956 3765 4012; x_wconf 89' lang='lat' dir='ltr'><strong>urbes</strong></span> 
     </span>
    </p>
   </div>
   <div class='ocr_carea' id='block_1_81' title="bbox 2115 4048 3767 4117">
    <p class='ocr_par' dir='ltr' id='par_1_81' title="bbox 2115 4048 3767 4117">
     <span class='ocr_line' id='line_1_81' title="bbox 2115 4048 3767 4117; baseline -0.002 -14"><span class='ocrx_word' id='word_1_598' title='bbox 2115 4049 2266 4104; x_wconf 88' lang='lat' dir='ltr'><strong>dona</strong></span> <span class='ocrx_word' id='word_1_599' title='bbox 2284 4048 2589 4103; x_wconf 82' lang='lat' dir='ltr'><strong>ollerentes</strong></span> <span class='ocrx_word' id='word_1_600' title='bbox 2617 4074 2630 4114; x_wconf 83' lang='lat'><strong>;</strong></span> <span class='ocrx_word' id='word_1_601' title='bbox 2663 4048 2759 4102; x_wconf 80' lang='lat' dir='ltr'><strong>alii</strong></span> <span class='ocrx_word' id='word_1_602' title='bbox 2792 4048 3085 4115; x_wconf 85' lang='lat' dir='ltr'><strong>victorias,</strong></span> <span class='ocrx_word' id='word_1_603' title='bbox 3114 4054 3288 4117; x_wconf 83' lang='lat' dir='ltr'><strong>caput</strong></span> <span class='ocrx_word' id='word_1_604' title='bbox 3317 4064 3518 4102; x_wconf 89' lang='lat' dir='ltr'><strong>eorum</strong></span> <span class='ocrx_word' id='word_1_605' title='bbox 3551 4063 3767 4102; x_wconf 92' lang='lat' dir='ltr'><strong>corona</strong></span> 
     </span>
    </p>
   </div>
   <div class='ocr_carea' id='block_1_82' title="bbox 2114 4135 3766 4207">
    <p class='ocr_par' dir='ltr' id='par_1_82' title="bbox 2114 4135 3766 4207">
     <span class='ocr_line' id='line_1_82' title="bbox 2114 4135 3766 4207; baseline -0.001 -17"><span class='ocrx_word' id='word_1_606' title='bbox 2114 4137 2445 4207; x_wconf 87' lang='lat' dir='ltr'><strong>cingentes;</strong></span> <span class='ocrx_word' id='word_1_607' title='bbox 2482 4136 2746 4191; x_wconf 90' lang='lat' dir='ltr'><strong>nonnulli</strong></span> <span class='ocrx_word' id='word_1_608' title='bbox 2796 4137 3177 4207; x_wconf 88' lang='lat' dir='ltr'><strong>magistratus</strong></span> <span class='ocrx_word' id='word_1_609' title='bbox 3211 4136 3540 4201; x_wconf 87' lang='lat' dir='ltr'><strong>adorantes,</strong></span> <span class='ocrx_word' id='word_1_610' title='bbox 3573 4140 3631 4190; x_wconf 87' lang='lat' dir='ltr'><strong>et</strong></span> <span class='ocrx_word' id='word_1_611' title='bbox 3677 4135 3766 4189; x_wconf 86' lang='lat' dir='ltr'><strong>di-</strong></span> 
     </span>
    </p>
   </div>
   <div class='ocr_carea' id='block_1_83' title="bbox 2112 4224 3767 4296">
    <p class='ocr_par' dir='ltr' id='par_1_83' title="bbox 2112 4224 3767 4296">
     <span class='ocr_line' id='line_1_83' title="bbox 2112 4224 3767 4296; baseline -0.001 -17"><span class='ocrx_word' id='word_1_612' title='bbox 2112 4226 2402 4296; x_wconf 87' lang='lat' dir='ltr'><strong>gnitatum</strong></span> <span class='ocrx_word' id='word_1_613' title='bbox 2452 4225 2604 4280; x_wconf 89' lang='lat' dir='ltr'><strong>notis</strong></span> <span class='ocrx_word' id='word_1_614' title='bbox 2652 4232 2996 4290; x_wconf 78' lang='lat' dir='ltr'><strong>exornatus;</strong></span> <span class='ocrx_word' id='word_1_615' title='bbox 3044 4224 3143 4280; x_wconf 90' lang='lat' dir='ltr'><strong>alii</strong></span> <span class='ocrx_word' id='word_1_616' title='bbox 3175 4225 3428 4280; x_wconf 82' lang='lat' dir='ltr'><strong>ferarum</strong></span> <span class='ocrx_word' id='word_1_617' title='bbox 3483 4225 3669 4280; x_wconf 64' lang='lat' dir='ltr'><strong>cedes</strong></span> <span class='ocrx_word' id='word_1_618' title='bbox 3709 4228 3767 4279; x_wconf 93' lang='lat' dir='ltr'><strong>et</strong></span> 
     </span>
    </p>
   </div>
   <div class='ocr_carea' id='block_1_84' title="bbox 2114 4311 3763 4385">
    <p class='ocr_par' dir='ltr' id='par_1_84' title="bbox 2114 4311 3763 4385">
     <span class='ocr_line' id='line_1_84' title="bbox 2114 4311 3763 4385; baseline -0.001 -15"><span class='ocrx_word' id='word_1_619' title='bbox 2114 4314 2291 4370; x_wconf 89' lang='lat' dir='ltr'><strong>scitas</strong></span> <span class='ocrx_word' id='word_1_620' title='bbox 2315 4313 2705 4385; x_wconf 87' lang='lat' dir='ltr'><strong>jaculationes</strong></span> <span class='ocrx_word' id='word_1_621' title='bbox 2732 4338 2746 4383; x_wconf 85' lang='lat'><strong>;</strong></span> <span class='ocrx_word' id='word_1_622' title='bbox 2780 4312 2880 4369; x_wconf 92' lang='lat' dir='ltr'><strong>alii</strong></span> <span class='ocrx_word' id='word_1_623' title='bbox 2912 4314 3295 4370; x_wconf 87' lang='lat' dir='ltr'><strong>barbarorum</strong></span> <span class='ocrx_word' id='word_1_624' title='bbox 3324 4315 3470 4369; x_wconf 77' lang='grc'><strong>117</strong></span> <span class='ocrx_word' id='word_1_625' title='bbox 3511 4311 3763 4369; x_wconf 84' lang='lat' dir='ltr'><strong>domito-</strong></span> 
     </span>
    </p>
   </div>
   <div class='ocr_carea' id='block_1_85' title="bbox 2115 4522 3762 4602">
    <p class='ocr_par' dir='ltr' id='par_1_85' title="bbox 2115 4522 3762 4602">
     <span class='ocr_line' id='line_1_85' title="bbox 2115 4522 3762 4602; baseline -0.001 -20"><span class='ocrx_word' id='word_1_626' title='bbox 2115 4546 2171 4602; x_wconf 77' lang='lat' dir='ltr'><strong>y,</strong></span> <span class='ocrx_word' id='word_1_627' title='bbox 2206 4526 2624 4602; x_wconf 83' lang='lat' dir='ltr'><strong>ascript_um_in_</strong></span> <span class='ocrx_word' id='word_1_628' title='bbox 2648 4544 2767 4598; x_wconf 91' lang='lat' dir='ltr'><strong>ora,</strong></span> <span class='ocrx_word' id='word_1_629' title='bbox 2799 4528 2928 4600; x_wconf 80' lang='grc' dir='ltr'>παρ’</span> <span class='ocrx_word' id='word_1_630' title='bbox 2956 4525 3104 4599; x_wconf 77' lang='grc' dir='ltr'>ὅσον,</span> <span class='ocrx_word' id='word_1_631' title='bbox 3137 4531 3193 4585; x_wconf 89' lang='lat' dir='ltr'><strong>et</strong></span> <span class='ocrx_word' id='word_1_632' title='bbox 3225 4528 3282 4583; x_wconf 91' lang='lat' dir='ltr'><strong>in</strong></span> <span class='ocrx_word' id='word_1_633' title='bbox 3316 4532 3472 4584; x_wconf 88' lang='lat' dir='ltr'><strong>textu</strong></span> <span class='ocrx_word' id='word_1_634' title='bbox 3507 4522 3762 4601; x_wconf 81' lang='grc' dir='ltr'>βουλεύε-</span> 
     </span>
    </p>
   </div>
   <div class='ocr_carea' id='block_1_86' title="bbox 2117 4594 2803 4673">
    <p class='ocr_par' dir='ltr' id='par_1_86' title="bbox 2117 4594 2803 4673">
     <span class='ocr_line' id='line_1_86' title="bbox 2117 4594 2803 4673; baseline -0.001 -20"><span class='ocrx_word' id='word_1_635' title='bbox 2117 4594 2234 4673; x_wconf 72' lang='grc' dir='ltr'>σθαι</span> <span class='ocrx_word' id='word_1_636' title='bbox 2270 4594 2377 4671; x_wconf 69' lang='lat' dir='ltr'><strong>prd</strong></span> <span class='ocrx_word' id='word_1_637' title='bbox 2407 4594 2778 4673; x_wconf 58' lang='grc' dir='ltr'>βασιλεύεσθαι</span> <span class='ocrx_word' id='word_1_638' title='bbox 2791 4642 2803 4653; x_wconf 90' lang='grc'>,</span> 
     </span>
    </p>
   </div>
   <div class='ocr_carea' id='block_1_87' title="bbox 423 4648 2004 4758">
    <p class='ocr_par' dir='ltr' id='par_1_87' title="bbox 423 4648 2004 4758">
     <span class='ocr_line' id='line_1_87' title="bbox 423 4648 2004 4758; baseline 0.003 -37"><span class='ocrx_word' id='word_1_639' title='bbox 423 4648 555 4758; x_wconf 48' lang='lat' dir='ltr'><strong>(iis);</strong></span> <span class='ocrx_word' id='word_1_640' title='bbox 569 4648 1303 4744; x_wconf 63' lang='grc' dir='ltr'><strong>γτὲερϐαλλοιμὲθᾶῗὶιθεε.</strong></span> <span class='ocrx_word' id='word_1_641' title='bbox 1336 4671 1457 4742; x_wconf 91' lang='lat' dir='ltr'><strong>bm,</strong></span> <span class='ocrx_word' id='word_1_642' title='bbox 1485 4670 1525 4739; x_wconf 86' lang='lat'><strong>1,</strong></span> <span class='ocrx_word' id='word_1_643' title='bbox 1558 4671 1737 4739; x_wconf 78' lang='lat' dir='ltr'><strong>0r.1,</strong></span> <span class='ocrx_word' id='word_1_644' title='bbox 1772 4664 2004 4746; x_wconf 77' lang='grc' dir='ltr'>ὑπερϐα-</span> 
     </span>
    </p>
   </div>
   <div class='ocr_carea' id='block_1_88' title="bbox 2116 4648 3758 4758">
    <p class='ocr_par' dir='ltr' id='par_1_88' title="bbox 2122 4648 3758 4758">
     <span class='ocr_line' id='line_1_88' title="bbox 2122 4648 3758 4758; baseline 0.001 -34"><span class='ocrx_word' id='word_1_645' title='bbox 2122 4648 2139 4653; x_wconf 35' lang='lat' dir='ltr'><strong>v</strong></span> <span class='ocrx_word' id='word_1_646' title='bbox 2159 4648 2682 4758; x_wconf 35' lang='grc' dir='ltr'>(ἠπιξογῖο-φόροιέ</span> <span class='ocrx_word' id='word_1_647' title='bbox 2699 4648 2979 4758; x_wconf 62' lang='grc' dir='ltr'><strong>⁷Βεεεε.</strong></span> <span class='ocrx_word' id='word_1_648' title='bbox 3000 4689 3034 4758; x_wconf 68' lang='lat' dir='ltr'><strong>a</strong></span> <span class='ocrx_word' id='word_1_649' title='bbox 3063 4676 3120 4758; x_wconf 74' lang='lat' dir='ltr'><strong>et</strong></span> <span class='ocrx_word' id='word_1_650' title='bbox 3147 4671 3288 4758; x_wconf 36' lang='lat' dir='ltr'><strong>h,.in</strong></span> <span class='ocrx_word' id='word_1_651' title='bbox 3320 4670 3758 4758; x_wconf 52' lang='lat' dir='ltr'><strong>textunponi‘tur,</strong></span> 
     </span>
    </p>
   </div>
   <div class='ocr_carea' id='block_1_89' title="bbox 352 4738 610 4795">
    <p class='ocr_par' dir='ltr' id='par_1_89' title="bbox 352 4738 610 4795">
     <span class='ocr_line' id='line_1_89' title="bbox 352 4738 610 4795; baseline -0.016 -1"><span class='ocrx_word' id='word_1_652' title='bbox 352 4738 610 4795; x_wconf 77' lang='grc' dir='ltr'>λοίμεθα,</span> 
     </span>
    </p>
   </div>
   <div class='ocr_carea' id='block_1_90' title="bbox 428 4760 2003 4887">
    <p class='ocr_par' dir='ltr' id='par_1_90' title="bbox 428 4760 2003 4887">
     <span class='ocr_line' id='line_1_90' title="bbox 428 4760 2003 4887; baseline -0.002 0"><span class='ocrx_word' id='word_1_653' title='bbox 428 4760 678 4887; x_wconf 44' lang='lat' dir='ltr'><strong>iisiiss</strong></span> <span class='ocrx_word' id='word_1_654' title='bbox 722 4816 823 4887; x_wconf 61' lang='grc' dir='ltr'><strong>ἓῇς</strong></span> <span class='ocrx_word' id='word_1_655' title='bbox 877 4808 1101 4887; x_wconf 70' lang='grc' dir='ltr'>κόῤῥηςυ</span> <span class='ocrx_word' id='word_1_656' title='bbox 1152 4812 1263 4887; x_wconf 70' lang='lat' dir='ltr'><strong>Alii</strong></span> <span class='ocrx_word' id='word_1_657' title='bbox 1316 4811 1449 4884; x_wconf 77' lang='grc' dir='ltr'><strong>μετά</strong></span> <span class='ocrx_word' id='word_1_658' title='bbox 1489 4814 1587 4887; x_wconf 60' lang='grc' dir='ltr'>τῆς</span> <span class='ocrx_word' id='word_1_659' title='bbox 1637 4812 2003 4887; x_wconf 66' lang='grc' dir='ltr'>κόρης-δοὺ-</span> 
     </span>
    </p>
   </div>
   <div class='ocr_carea' id='block_1_91' title="bbox 354 4878 2004 4959">
    <p class='ocr_par' dir='ltr' id='par_1_91' title="bbox 354 4878 2004 4959">
     <span class='ocr_line' id='line_1_91' title="bbox 354 4878 2004 4959; baseline -0.008 -7"><span class='ocrx_word' id='word_1_660' title='bbox 354 4878 573 4959; x_wconf 68' lang='grc' dir='ltr'><strong>Κόρἒην</strong></span> <span class='ocrx_word' id='word_1_661' title='bbox 609 4878 673 4935; x_wconf 55' lang='grc' dir='ltr'>δὲ</span> <span class='ocrx_word' id='word_1_662' title='bbox 722 4879 869 4959; x_wconf 60' lang='grc' dir='ltr'>λέγει</span> <span class='ocrx_word' id='word_1_663' title='bbox 901 4878 1001 4950; x_wconf 70' lang='grc' dir='ltr'><strong>τὴν</strong></span> <span class='ocrx_word' id='word_1_664' title='bbox 1038 4878 1326 4959; x_wconf 57' lang='grc' dir='ltr'>κεφαλήν,</span> <span class='ocrx_word' id='word_1_665' title='bbox 1348 4890 1439 4959; x_wconf 56' lang='grc' dir='ltr'><strong>ἦνΔ</strong></span> <span class='ocrx_word' id='word_1_666' title='bbox 1469 4878 2004 4959; x_wconf 28' lang='grc' dir='ltr'>εἷώθασιῖπατάσσειν</span> 
     </span>
    </p>
   </div>
   <div class='ocr_carea' id='block_1_92' title="bbox 354 4953 2006 5029">
    <p class='ocr_par' dir='ltr' id='par_1_92' title="bbox 354 4953 2006 5029">
     <span class='ocr_line' id='line_1_92' title="bbox 354 4953 2006 5029; baseline 0.005 -24"><span class='ocrx_word' id='word_1_667' title='bbox 354 4955 408 5007; x_wconf 76' lang='lat' dir='ltr'><strong>ot</strong></span> <span class='ocrx_word' id='word_1_668' title='bbox 441 4953 612 5029; x_wconf 6' lang='lat' dir='ltr'><strong>(ﬁgite:</strong></span> <span class='ocrx_word' id='word_1_669' title='bbox 642 4953 944 5029; x_wconf 66' lang='grc' dir='ltr'>παίζοντες.</span> <span class='ocrx_word' id='word_1_670' title='bbox 983 4977 1010 5005; x_wconf 89' lang='grc'><strong>‹‹</strong></span> <span class='ocrx_word' id='word_1_671' title='bbox 1041 4953 1225 5027; x_wconf 80' lang='lat' dir='ltr'><strong>Caput</strong></span> <span class='ocrx_word' id='word_1_672' title='bbox 1253 4956 1527 5028; x_wconf 89' lang='lat' dir='ltr'><strong>appellat,</strong></span> <span class='ocrx_word' id='word_1_673' title='bbox 1562 4958 1713 5029; x_wconf 91' lang='lat' dir='ltr'><strong>quod</strong></span> <span class='ocrx_word' id='word_1_674' title='bbox 1751 4958 1914 5013; x_wconf 90' lang='lat' dir='ltr'><strong>mimi</strong></span> <span class='ocrx_word' id='word_1_675' title='bbox 1947 4958 2006 5013; x_wconf 90' lang='lat' dir='ltr'><strong>in</strong></span> 
     </span>
    </p>
   </div>
   <div class='ocr_carea' id='block_1_93' title="bbox 359 5024 1426 5099">
    <p class='ocr_par' dir='ltr' id='par_1_93' title="bbox 359 5024 1426 5099">
     <span class='ocr_line' id='line_1_93' title="bbox 359 5024 1426 5099; baseline -0.005 -16"><span class='ocrx_word' id='word_1_676' title='bbox 359 5024 611 5083; x_wconf 87' lang='lat' dir='ltr'><strong>scenicis</strong></span> <span class='ocrx_word' id='word_1_677' title='bbox 641 5024 796 5099; x_wconf 78' lang='lat' dir='ltr'><strong>ludis</strong></span> <span class='ocrx_word' id='word_1_678' title='bbox 827 5026 1012 5099; x_wconf 88' lang='lat' dir='ltr'><strong>solent</strong></span> <span class='ocrx_word' id='word_1_679' title='bbox 1041 5024 1361 5099; x_wconf 73' lang='lat' dir='ltr'><strong>percutere.</strong></span> <span class='ocrx_word' id='word_1_680' title='bbox 1398 5051 1426 5079; x_wconf 90' lang='grc'><strong>››</strong></span> 
     </span>
    </p>
   </div>
   <div class='ocr_carea' id='block_1_94' title="bbox 435 5094 1805 5225">
    <p class='ocr_par' dir='ltr' id='par_1_94' title="bbox 435 5094 1805 5225">
     <span class='ocr_line' id='line_1_94' title="bbox 435 5094 1805 5225; baseline 0.004 -75"><span class='ocrx_word' id='word_1_681' title='bbox 435 5099 512 5168; x_wconf 83' lang='grc'><strong>(2)</strong></span> <span class='ocrx_word' id='word_1_682' title='bbox 547 5094 815 5184; x_wconf 71' lang='grc' dir='ltr'>Κεραλῆν.</span> <span class='ocrx_word' id='word_1_683' title='bbox 847 5094 1059 5154; x_wconf 57' lang='grc' dir='ltr'><strong>Ηθὶηϐί</strong></span> <span class='ocrx_word' id='word_1_684' title='bbox 1080 5097 1393 5171; x_wconf 79' lang='grc' dir='ltr'>ἀλωπεκῆν,</span> <span class='ocrx_word' id='word_1_685' title='bbox 1430 5122 1457 5149; x_wconf 88' lang='grc'><strong>‹‹</strong></span> <span class='ocrx_word' id='word_1_686' title='bbox 1492 5099 1746 5225; x_wconf 53' lang='lat' dir='ltr'><strong>vulpem.</strong></span> <span class='ocrx_word' id='word_1_687' title='bbox 1779 5122 1805 5147; x_wconf 86' lang='grc'><strong>››</strong></span> 
     </span>
     <span class='ocr_line' id='line_1_95' title="bbox 435 5170 1805 5225; baseline 0.001 -2"><span class='ocrx_word' id='word_1_688' title='bbox 435 5170 505 5225; x_wconf 83' lang='lat'><strong>&#39;3)</strong></span> <span class='ocrx_word' id='word_1_689' title='bbox 539 5174 769 5225; x_wconf 76' lang='grc' dir='ltr'>Κυριως.</span> <span class='ocrx_word' id='word_1_690' title='bbox 798 5172 957 5225; x_wconf 88' lang='lat' dir='ltr'><strong>Pass.</strong></span> <span class='ocrx_word' id='word_1_691' title='bbox 981 5175 1233 5225; x_wconf 86' lang='lat' dir='ltr'><strong>auatuor</strong></span> <span class='ocrx_word' id='word_1_692' title='bbox 1255 5172 1430 5225; x_wconf 67' lang='lat' dir='ltr'><strong>Rege.</strong></span> <span class='ocrx_word' id='word_1_693' title='bbox 1461 5172 1563 5225; x_wconf 92' lang='lat' dir='ltr'><strong>toti</strong></span> <span class='ocrx_word' id='word_1_694' title='bbox 1612 5188 1805 5225; x_wconf 79' lang='lat' dir='ltr'><strong>emam</strong></span> 
     </span>
    </p>
   </div>
   <div class='ocr_carea' id='block_1_95' title="bbox 428 5166 2003 5243">
    <p class='ocr_par' dir='ltr' id='par_1_95' title="bbox 428 5166 2003 5243">
     <span class='ocr_line' id='line_1_96' title="bbox 428 5166 2003 5243; baseline 0.002 -20"><span class='ocrx_word' id='word_1_695' title='bbox 428 5166 505 5239; x_wconf 83' lang='lat'><strong>(3)</strong></span> <span class='ocrx_word' id='word_1_696' title='bbox 539 5166 769 5238; x_wconf 75' lang='grc' dir='ltr'>Κυρίως.</span> <span class='ocrx_word' id='word_1_697' title='bbox 798 5172 957 5243; x_wconf 81' lang='lat' dir='ltr'><strong>Pass.</strong></span> <span class='ocrx_word' id='word_1_698' title='bbox 981 5175 1233 5240; x_wconf 90' lang='lat' dir='ltr'><strong>quatuor</strong></span> <span class='ocrx_word' id='word_1_699' title='bbox 1255 5166 1430 5243; x_wconf 25' lang='lat' dir='ltr'><strong>Re&#39;gg.</strong></span> <span class='ocrx_word' id='word_1_700' title='bbox 1461 5166 1821 5242; x_wconf 77' lang='lat' dir='ltr'><strong>totidemque</strong></span> <span class='ocrx_word' id='word_1_701' title='bbox 1842 5170 2003 5227; x_wconf 88' lang='lat' dir='ltr'><strong>Colb.</strong></span> 
     </span>
    </p>
   </div>
   <div class='ocr_carea' id='block_1_96' title="bbox 360 5238 1481 5315">
    <p class='ocr_par' dir='ltr' id='par_1_96' title="bbox 360 5238 1481 5315">
     <span class='ocr_line' id='line_1_97' title="bbox 360 5238 1481 5315; baseline -0.004 -18"><span class='ocrx_word' id='word_1_702' title='bbox 360 5242 693 5315; x_wconf 15' lang='lat' dir='ltr'><strong>0r.71,_etc.</strong></span> <span class='ocrx_word' id='word_1_703' title='bbox 729 5238 978 5315; x_wconf 69' lang='grc' dir='ltr'>καιρίως,</span> <span class='ocrx_word' id='word_1_704' title='bbox 1000 5238 1042 5295; x_wconf 54' lang='grc' dir='ltr'><strong>ἰι</strong></span> <span class='ocrx_word' id='word_1_705' title='bbox 1074 5238 1418 5315; x_wconf 67' lang='lat' dir='ltr'><strong>Opportune.</strong></span> <span class='ocrx_word' id='word_1_706' title='bbox 1438 5266 1481 5315; x_wconf 15' lang='grc' dir='ltr'><strong>ί»</strong></span> 
     </span>
    </p>
   </div>
   <div class='ocr_carea' id='block_1_97' title="bbox 428 5306 2006 5385">
    <p class='ocr_par' dir='ltr' id='par_1_97' title="bbox 428 5306 2006 5385">
     <span class='ocr_line' id='line_1_98' title="bbox 428 5306 2006 5385; baseline 0.001 -19"><span class='ocrx_word' id='word_1_707' title='bbox 428 5314 508 5380; x_wconf 79' lang='grc'>(4)</span> <span class='ocrx_word' id='word_1_708' title='bbox 536 5306 831 5385; x_wconf 70' lang='grc' dir='ltr'>Ἐπιεικῷς</span> <span class='ocrx_word' id='word_1_709' title='bbox 860 5306 1128 5380; x_wconf 78' lang='grc' dir='ltr'>ἐϐιάζετοῖ</span> <span class='ocrx_word' id='word_1_710' title='bbox 1153 5306 1192 5364; x_wconf 64' lang='grc' dir='ltr'><strong>ἲ(</strong></span> <span class='ocrx_word' id='word_1_711' title='bbox 1225 5315 1305 5370; x_wconf 87' lang='lat' dir='ltr'><strong>Ea</strong></span> <span class='ocrx_word' id='word_1_712' title='bbox 1335 5314 1453 5371; x_wconf 91' lang='lat' dir='ltr'><strong>leni</strong></span> <span class='ocrx_word' id='word_1_713' title='bbox 1502 5314 1692 5385; x_wconf 89' lang='lat' dir='ltr'><strong>specie</strong></span> <span class='ocrx_word' id='word_1_714' title='bbox 1721 5313 1837 5368; x_wconf 92' lang='lat' dir='ltr'><strong>vim</strong></span> <span class='ocrx_word' id='word_1_715' title='bbox 1870 5329 2006 5368; x_wconf 89' lang='lat' dir='ltr'><strong>cru—</strong></span> 
     </span>
    </p>
   </div>
   <div class='ocr_carea' id='block_1_98' title="bbox 359 5383 960 5439">
    <p class='ocr_par' dir='ltr' id='par_1_98' title="bbox 359 5383 960 5439">
     <span class='ocr_line' id='line_1_99' title="bbox 359 5383 960 5439; baseline 0.002 -2"><span class='ocrx_word' id='word_1_716' title='bbox 359 5383 568 5437; x_wconf 77' lang='lat' dir='ltr'><strong>deliter</strong></span> <span class='ocrx_word' id='word_1_717' title='bbox 598 5383 892 5439; x_wconf 78' lang='lat' dir='ltr'><strong>all‘erebat.</strong></span> <span class='ocrx_word' id='word_1_718' title='bbox 934 5408 960 5431; x_wconf 88' lang='grc'><strong>››</strong></span> 
     </span>
    </p>
   </div>
   <div class='ocr_carea' id='block_1_99' title="bbox 431 5450 2007 5527">
    <p class='ocr_par' dir='ltr' id='par_1_99' title="bbox 431 5450 2007 5527">
     <span class='ocr_line' id='line_1_100' title="bbox 431 5450 2007 5527; baseline 0.001 -20"><span class='ocrx_word' id='word_1_719' title='bbox 431 5458 507 5525; x_wconf 82' lang='grc'>(5)</span> <span class='ocrx_word' id='word_1_720' title='bbox 543 5450 746 5510; x_wconf 54' lang='lat' dir='ltr'><strong>meum</strong></span> <span class='ocrx_word' id='word_1_721' title='bbox 792 5457 1001 5508; x_wconf 83' lang='grc' dir='ltr'>τοῦτον.</span> <span class='ocrx_word' id='word_1_722' title='bbox 1058 5478 1087 5506; x_wconf 90' lang='grc'><strong>‹‹</strong></span> <span class='ocrx_word' id='word_1_723' title='bbox 1122 5457 1187 5513; x_wconf 91' lang='lat' dir='ltr'><strong>Ut</strong></span> <span class='ocrx_word' id='word_1_724' title='bbox 1217 5455 1547 5527; x_wconf 79' lang='lat' dir='ltr'><strong>intelligant</strong></span> <span class='ocrx_word' id='word_1_725' title='bbox 1579 5471 1641 5511; x_wconf 86' lang='lat' dir='ltr'><strong>se</strong></span> <span class='ocrx_word' id='word_1_726' title='bbox 1691 5453 1837 5527; x_wconf 85' lang='lat' dir='ltr'><strong>velle</strong></span> <span class='ocrx_word' id='word_1_727' title='bbox 1875 5453 2007 5510; x_wconf 90' lang='lat' dir='ltr'><strong>lau-</strong></span> 
     </span>
    </p>
   </div>
   <div class='ocr_carea' id='block_1_100' title="bbox 360 5526 2006 5600">
    <p class='ocr_par' dir='ltr' id='par_1_100' title="bbox 360 5526 2006 5600">
     <span class='ocr_line' id='line_1_101' title="bbox 360 5526 2006 5600; baseline 0.001 -19"><span class='ocrx_word' id='word_1_728' title='bbox 360 5527 521 5600; x_wconf 81' lang='lat' dir='ltr'><strong>dare,</strong></span> <span class='ocrx_word' id='word_1_729' title='bbox 545 5542 717 5597; x_wconf 89' lang='lat' dir='ltr'><strong>quem</strong></span> <span class='ocrx_word' id='word_1_730' title='bbox 751 5543 822 5581; x_wconf 88' lang='lat' dir='ltr'><strong>ne</strong></span> <span class='ocrx_word' id='word_1_731' title='bbox 852 5527 1179 5600; x_wconf 62' lang='lat' dir='ltr'><strong>vituperare</strong></span> <span class='ocrx_word' id='word_1_732' title='bbox 1214 5528 1451 5600; x_wconf 88' lang='lat' dir='ltr'><strong>quidem</strong></span> <span class='ocrx_word' id='word_1_733' title='bbox 1475 5526 1838 5600; x_wconf 33' lang='lat' dir='ltr'><strong>proAmeritis</strong></span> <span class='ocrx_word' id='word_1_734' title='bbox 1864 5527 2006 5583; x_wconf 81' lang='lat' dir='ltr'><strong>satis</strong></span> 
     </span>
    </p>
   </div>
   <div class='ocr_carea' id='block_1_101' title="bbox 362 5594 2007 5673">
    <p class='ocr_par' dir='ltr' id='par_1_101' title="bbox 362 5594 2007 5673">
     <span class='ocr_line' id='line_1_102' title="bbox 362 5594 2007 5673; baseline -0.002 -19"><span class='ocrx_word' id='word_1_735' title='bbox 362 5598 497 5670; x_wconf 89' lang='lat' dir='ltr'><strong>quis</strong></span> <span class='ocrx_word' id='word_1_736' title='bbox 545 5594 750 5670; x_wconf 79' lang='lat' dir='ltr'><strong>potest.</strong></span> <span class='ocrx_word' id='word_1_737' title='bbox 789 5620 817 5648; x_wconf 86' lang='grc'><strong>››</strong></span> <span class='ocrx_word' id='word_1_738' title='bbox 869 5594 1008 5673; x_wconf 75' lang='lat' dir='ltr'><strong>Reg.</strong></span> <span class='ocrx_word' id='word_1_739' title='bbox 1059 5600 1177 5669; x_wconf 89' lang='lat' dir='ltr'><strong>bm,</strong></span> <span class='ocrx_word' id='word_1_740' title='bbox 1221 5594 1279 5655; x_wconf 82' lang='lat' dir='ltr'><strong>et</strong></span> <span class='ocrx_word' id='word_1_741' title='bbox 1323 5594 1493 5656; x_wconf 60' lang='lat' dir='ltr'><strong>Pass:</strong></span> <span class='ocrx_word' id='word_1_742' title='bbox 1532 5594 1844 5653; x_wconf 70' lang='grc' dir='ltr'>εἰδῶσιν.οἱ</span> <span class='ocrx_word' id='word_1_743' title='bbox 1886 5601 2007 5652; x_wconf 83' lang='grc' dir='ltr'><strong>τοῦ-</strong></span> 
     </span>
    </p>
   </div>
   <div class='ocr_carea' id='block_1_102' title="bbox 358 5690 474 5726">
    <p class='ocr_par' dir='ltr' id='par_1_102' title="bbox 358 5690 474 5726">
     <span class='ocr_line' id='line_1_103' title="bbox 358 5690 474 5726; baseline 0.009 -1"><span class='ocrx_word' id='word_1_744' title='bbox 358 5690 474 5726; x_wconf 80' lang='grc' dir='ltr'>τον.</span> 
     </span>
    </p>
   </div>
   <div class='ocr_carea' id='block_1_103' title="bbox 433 5737 2003 5818">
    <p class='ocr_par' dir='ltr' id='par_1_103' title="bbox 433 5737 2003 5818">
     <span class='ocr_line' id='line_1_104' title="bbox 433 5737 2003 5818; baseline -0.001 -21"><span class='ocrx_word' id='word_1_745' title='bbox 433 5742 512 5813; x_wconf 90' lang='lat'><strong>(6)</strong></span> <span class='ocrx_word' id='word_1_746' title='bbox 583 5740 717 5814; x_wconf 84' lang='grc' dir='ltr'>Παρ’</span> <span class='ocrx_word' id='word_1_747' title='bbox 764 5737 933 5803; x_wconf 74' lang='grc' dir='ltr'>ὅσοις·</span> <span class='ocrx_word' id='word_1_748' title='bbox 965 5741 1057 5800; x_wconf 85' lang='lat' dir='ltr'><strong>Sic</strong></span> <span class='ocrx_word' id='word_1_749' title='bbox 1096 5741 1275 5818; x_wconf 80' lang='lat' dir='ltr'><strong>Regg.</strong></span> <span class='ocrx_word' id='word_1_750' title='bbox 1308 5741 1351 5811; x_wconf 91' lang='lat' dir='ltr'><strong>l,</strong></span> <span class='ocrx_word' id='word_1_751' title='bbox 1381 5758 1437 5816; x_wconf 86' lang='lat' dir='ltr'><strong>y,</strong></span> <span class='ocrx_word' id='word_1_752' title='bbox 1470 5745 1527 5799; x_wconf 90' lang='lat' dir='ltr'><strong>et</strong></span> <span class='ocrx_word' id='word_1_753' title='bbox 1556 5741 1650 5799; x_wconf 94' lang='lat' dir='ltr'><strong>Or.</strong></span> <span class='ocrx_word' id='word_1_754' title='bbox 1682 5742 1732 5799; x_wconf 89' lang='grc'>1.</span> <span class='ocrx_word' id='word_1_755' title='bbox 1768 5740 1832 5800; x_wconf 91' lang='lat' dir='ltr'><strong>In</strong></span> <span class='ocrx_word' id='word_1_756' title='bbox 1864 5741 2003 5815; x_wconf 83' lang='lat' dir='ltr'><strong>Reg.</strong></span> 
     </span>
    </p>
   </div>
   <div class='ocr_carea' id='block_1_104' title="bbox 2158 4740 3765 4830">
    <p class='ocr_par' dir='ltr' id='par_1_104' title="bbox 2158 4740 3765 4830">
     <span class='ocr_line' id='line_1_105' title="bbox 2158 4740 3765 4830; baseline -0.001 -33"><span class='ocrx_word' id='word_1_757' title='bbox 2158 4740 2220 4797; x_wconf 73' lang='lat' dir='ltr'><strong>rt)</strong></span> <span class='ocrx_word' id='word_1_758' title='bbox 2250 4740 2779 4830; x_wconf 50' lang='grc' dir='ltr'>’νόμοι’κάὶ’φόρ¹οι,</span> <span class='ocrx_word' id='word_1_759' title='bbox 2814 4740 2967 4814; x_wconf 62' lang='grc' dir='ltr'><strong>(1υὸἷί</strong></span> <span class='ocrx_word' id='word_1_760' title='bbox 3017 4744 3235 4830; x_wconf 63' lang='lat' dir='ltr'><strong>hpbent</strong></span> <span class='ocrx_word' id='word_1_761' title='bbox 3283 4744 3418 4830; x_wconf 74' lang='lat' dir='ltr'><strong>editi</strong></span> <span class='ocrx_word' id='word_1_762' title='bbox 3460 4740 3572 4830; x_wconf 61' lang='lat' dir='ltr'><strong>pr.</strong></span> <span class='ocrx_word' id='word_1_763' title='bbox 3623 4743 3673 4809; x_wconf 88' lang='grc'>1,</span> <span class='ocrx_word' id='word_1_764' title='bbox 3708 4747 3765 4796; x_wconf 85' lang='lat' dir='ltr'><strong>et</strong></span> 
     </span>
    </p>
   </div>
   <div class='ocr_carea' id='block_1_105' title="bbox 2118 4810 3763 4966">
    <p class='ocr_par' dir='ltr' id='par_1_105' title="bbox 2118 4810 3763 4966">
     <span class='ocr_line' id='line_1_106' title="bbox 2118 4810 3758 4949; baseline -0.001 -80"><span class='ocrx_word' id='word_1_765' title='bbox 2118 4810 2257 4885; x_wconf 83' lang='lat' dir='ltr'><strong>Reg.</strong></span> <span class='ocrx_word' id='word_1_766' title='bbox 2292 4810 2345 4885; x_wconf 81' lang='lat' dir='ltr'><strong>y,</strong></span> <span class='ocrx_word' id='word_1_767' title='bbox 2376 4810 2619 4896; x_wconf 67' lang='lat' dir='ltr'><strong>uterque</strong></span> <span class='ocrx_word' id='word_1_768' title='bbox 2643 4810 2711 4897; x_wconf 79' lang='lat' dir='ltr'><strong>ad</strong></span> <span class='ocrx_word' id='word_1_769' title='bbox 2745 4810 2905 4869; x_wconf 75' lang='lat' dir='ltr'><strong>oram</strong></span> <span class='ocrx_word' id='word_1_770' title='bbox 2929 4834 3019 4888; x_wconf 87' lang='grc' dir='ltr'><strong>γρ.</strong></span> <span class='ocrx_word' id='word_1_771' title='bbox 3054 4810 3422 4949; x_wconf 60' lang='grc' dir='ltr'>λογόοφόροι.</span> <span class='ocrx_word' id='word_1_772' title='bbox 3456 4818 3589 4896; x_wconf 66' lang='lat' dir='ltr'><strong>Quae</strong></span> <span class='ocrx_word' id='word_1_773' title='bbox 3620 4831 3758 4896; x_wconf 85' lang='lat' dir='ltr'><strong>pro-</strong></span> 
     </span>
     <span class='ocr_line' id='line_1_107' title="bbox 2118 4886 3763 4966; baseline -0.001 -26"><span class='ocrx_word' id='word_1_774' title='bbox 2118 4886 2429 4966; x_wconf 27' lang='lat' dir='ltr'><strong>_fect‘o_vera</strong></span> <span class='ocrx_word' id='word_1_775' title='bbox 2460 4887 2628 4942; x_wconf 79' lang='lat' dir='ltr'><strong>nobis</strong></span> <span class='ocrx_word' id='word_1_776' title='bbox 2656 4887 2885 4966; x_wconf 76' lang='lat' dir='ltr'><strong>Videtur</strong></span> <span class='ocrx_word' id='word_1_777' title='bbox 2918 4886 3108 4966; x_wconf 68' lang='lat' dir='ltr'><strong>lectio.</strong></span> <span class='ocrx_word' id='word_1_778' title='bbox 3146 4962 3153 4966; x_wconf 24' lang='grc' dir='ltr'><strong><em>Δ</em></strong></span> <span class='ocrx_word' id='word_1_779' title='bbox 3207 4886 3763 4966; x_wconf 42' lang='lat' dir='ltr'><strong>uidenimnsibl-vo-</strong></span> 
     </span>
    </p>
   </div>
   <div class='ocr_carea' id='block_1_106' title="bbox 2116 4956 3759 5031">
    <p class='ocr_par' dir='ltr' id='par_1_106' title="bbox 2116 4956 3759 5031">
     <span class='ocr_line' id='line_1_108' title="bbox 2116 4956 3759 5031; baseline -0.001 -20"><span class='ocrx_word' id='word_1_780' title='bbox 2116 4956 2243 5011; x_wconf 92' lang='lat' dir='ltr'><strong>lunt</strong></span> <span class='ocrx_word' id='word_1_781' title='bbox 2275 4956 2363 5031; x_wconf 81' lang='lat' dir='ltr'><strong>hic</strong></span> <span class='ocrx_word' id='word_1_782' title='bbox 2397 4981 2423 5007; x_wconf 86' lang='grc'><strong>‹‹</strong></span> <span class='ocrx_word' id='word_1_783' title='bbox 2457 4974 2778 5031; x_wconf 80' lang='lat' dir='ltr'><strong>numerosae</strong></span> <span class='ocrx_word' id='word_1_784' title='bbox 2805 4957 3010 5031; x_wconf 67' lang='lat' dir='ltr'><strong>leges?</strong></span> <span class='ocrx_word' id='word_1_785' title='bbox 3040 4980 3066 5006; x_wconf 83' lang='lat'><strong>»</strong></span> <span class='ocrx_word' id='word_1_786' title='bbox 3088 4962 3163 5031; x_wconf 22' lang='lat' dir='ltr'><strong>Aut</strong></span> <span class='ocrx_word' id='word_1_787' title='bbox 3193 4958 3361 5031; x_wconf 78' lang='lat' dir='ltr'><strong>vertit</strong></span> <span class='ocrx_word' id='word_1_788' title='bbox 3388 4957 3612 5031; x_wconf 81' lang='lat' dir='ltr'><strong>Billius.</strong></span> <span class='ocrx_word' id='word_1_789' title='bbox 3645 4960 3759 5031; x_wconf 82' lang='lat' dir='ltr'><strong>Nc_-_</strong></span> 
     </span>
    </p>
   </div>
   <div class='ocr_carea' id='block_1_107' title="bbox 2118 5027 3760 5102">
    <p class='ocr_par' dir='ltr' id='par_1_107' title="bbox 2118 5027 3760 5102">
     <span class='ocr_line' id='line_1_109' title="bbox 2118 5027 3760 5102; baseline 0.001 -21"><span class='ocrx_word' id='word_1_790' title='bbox 2118 5044 2229 5102; x_wconf 87' lang='lat' dir='ltr'><strong>que</strong></span> <span class='ocrx_word' id='word_1_791' title='bbox 2261 5028 2415 5102; x_wconf 85' lang='lat' dir='ltr'><strong>enim</strong></span> <span class='ocrx_word' id='word_1_792' title='bbox 2450 5034 2613 5085; x_wconf 87' lang='lat' dir='ltr'><strong>tanta</strong></span> <span class='ocrx_word' id='word_1_793' title='bbox 2640 5028 2837 5101; x_wconf 91' lang='lat' dir='ltr'><strong>legum</strong></span> <span class='ocrx_word' id='word_1_794' title='bbox 2864 5027 3053 5102; x_wconf 57' lang='lat' dir='ltr'><strong>&#39;copia</strong></span> <span class='ocrx_word' id='word_1_795' title='bbox 3085 5029 3249 5085; x_wconf 90' lang='lat' dir='ltr'><strong>initio</strong></span> <span class='ocrx_word' id='word_1_796' title='bbox 3280 5030 3481 5085; x_wconf 88' lang='lat' dir='ltr'><strong>statim</strong></span> <span class='ocrx_word' id='word_1_797' title='bbox 3530 5027 3760 5101; x_wconf 90' lang='lat' dir='ltr'><strong>imperii</strong></span> 
     </span>
    </p>
   </div>
   <div class='ocr_carea' id='block_1_108' title="bbox 2120 5099 2661 5172">
    <p class='ocr_par' dir='ltr' id='par_1_108' title="bbox 2120 5099 2661 5172">
     <span class='ocr_line' id='line_1_110' title="bbox 2120 5099 2661 5172; baseline 0.002 -18"><span class='ocrx_word' id='word_1_798' title='bbox 2120 5099 2443 5172; x_wconf 87' lang='lat' dir='ltr'><strong>principem</strong></span> <span class='ocrx_word' id='word_1_799' title='bbox 2472 5102 2661 5156; x_wconf 91' lang='lat' dir='ltr'><strong>decet.</strong></span> 
     </span>
    </p>
   </div>
   <div class='ocr_carea' id='block_1_109' title="bbox 2189 5168 3285 5246">
    <p class='ocr_par' dir='ltr' id='par_1_109' title="bbox 2189 5168 3285 5246">
     <span class='ocr_line' id='line_1_111' title="bbox 2189 5168 3285 5246; baseline 0.003 -23"><span class='ocrx_word' id='word_1_800' title='bbox 2189 5173 2261 5246; x_wconf 78' lang='grc'>(8)</span> <span class='ocrx_word' id='word_1_801' title='bbox 2293 5168 2402 5246; x_wconf 61' lang='grc' dir='ltr'><strong>’Ῠφξ</strong></span> <span class='ocrx_word' id='word_1_802' title='bbox 2426 5172 2511 5237; x_wconf 70' lang='grc' dir='ltr'><strong>ἧς.</strong></span> <span class='ocrx_word' id='word_1_803' title='bbox 2545 5172 2726 5246; x_wconf 85' lang='lat' dir='ltr'><strong>Codd.</strong></span> <span class='ocrx_word' id='word_1_804' title='bbox 2755 5170 3033 5246; x_wconf 83' lang='lat' dir='ltr'><strong>_nonnulli</strong></span> <span class='ocrx_word' id='word_1_805' title='bbox 3064 5168 3160 5246; x_wconf 34' lang='grc' dir='ltr'>ὑφ’.</span> <span class='ocrx_word' id='word_1_806' title='bbox 3182 5171 3285 5231; x_wconf 81' lang='grc' dir='ltr'>οἷς.</span> 
     </span>
    </p>
   </div>
   <div class='ocr_carea' id='block_1_110' title="bbox 2187 5240 3759 5315">
    <p class='ocr_par' dir='ltr' id='par_1_110' title="bbox 2187 5240 3759 5315">
     <span class='ocr_line' id='line_1_112' title="bbox 2187 5240 3759 5315; baseline -0.001 -18"><span class='ocrx_word' id='word_1_807' title='bbox 2187 5244 2264 5314; x_wconf 85' lang='grc'>(9)</span> <span class='ocrx_word' id='word_1_808' title='bbox 2315 5240 2565 5311; x_wconf 80' lang='grc' dir='ltr'>Δόξωσιν.</span> <span class='ocrx_word' id='word_1_809' title='bbox 2624 5245 2706 5299; x_wconf 91' lang='lat' dir='ltr'><strong>Ita</strong></span> <span class='ocrx_word' id='word_1_810' title='bbox 2754 5244 2925 5315; x_wconf 81' lang='lat' dir='ltr'><strong>Regg.</strong></span> <span class='ocrx_word' id='word_1_811' title='bbox 2984 5240 3187 5309; x_wconf 37' lang='lat' dir='ltr'><strong>b111,],</strong></span> <span class='ocrx_word' id='word_1_812' title='bbox 3239 5260 3297 5314; x_wconf 90' lang='lat' dir='ltr'><strong>u,</strong></span> <span class='ocrx_word' id='word_1_813' title='bbox 3348 5246 3455 5298; x_wconf 90' lang='lat' dir='ltr'><strong>etc.</strong></span> <span class='ocrx_word' id='word_1_814' title='bbox 3510 5241 3618 5298; x_wconf 78' lang='lat' dir='ltr'><strong>Alii</strong></span> <span class='ocrx_word' id='word_1_815' title='bbox 3670 5240 3759 5295; x_wconf 86' lang='grc' dir='ltr'>δό-</span> 
     </span>
    </p>
   </div>
   <div class='ocr_carea' id='block_1_111' title="bbox 2117 5312 3759 5509">
    <p class='ocr_par' dir='ltr' id='par_1_111' title="bbox 2117 5312 3759 5509">
     <span class='ocr_line' id='line_1_113' title="bbox 2117 5312 3759 5509; baseline 0.001 -70"><span class='ocrx_word' id='word_1_816' title='bbox 2117 5312 2300 5457; x_wconf 42' lang='lat'><strong>50(3).)</strong></span> <span class='ocrx_word' id='word_1_817' title='bbox 2331 5382 2452 5509; x_wconf 54' lang='grc' dir='ltr'>Οὖγ,</span> <span class='ocrx_word' id='word_1_818' title='bbox 2480 5385 2561 5452; x_wconf 79' lang='grc' dir='ltr'><strong>ἣν.</strong></span> <span class='ocrx_word' id='word_1_819' title='bbox 2603 5390 2685 5440; x_wconf 85' lang='lat' dir='ltr'><strong>Ita</strong></span> <span class='ocrx_word' id='word_1_820' title='bbox 2716 5401 2815 5439; x_wconf 86' lang='lat' dir='ltr'><strong>sex</strong></span> <span class='ocrx_word' id='word_1_821' title='bbox 2845 5386 3020 5457; x_wconf 85' lang='lat' dir='ltr'><strong>Tegg.</strong></span> <span class='ocrx_word' id='word_1_822' title='bbox 3054 5385 3147 5440; x_wconf 88' lang='lat' dir='ltr'><strong>Or.</strong></span> <span class='ocrx_word' id='word_1_823' title='bbox 3187 5386 3236 5451; x_wconf 90' lang='grc'>1,</span> <span class='ocrx_word' id='word_1_824' title='bbox 3261 5388 3317 5441; x_wconf 90' lang='lat' dir='ltr'><strong>et</strong></span> <span class='ocrx_word' id='word_1_825' title='bbox 3348 5385 3528 5440; x_wconf 89' lang='lat' dir='ltr'><strong>Mont.</strong></span> <span class='ocrx_word' id='word_1_826' title='bbox 3554 5385 3759 5441; x_wconf 90' lang='lat' dir='ltr'><strong>Billius</strong></span> 
     </span>
     <span class='ocr_line' id='line_1_114' title="bbox 2117 5454 3759 5509; baseline 0 0"><span class='ocrx_word' id='word_1_827' title='bbox 2117 5454 2255 5509; x_wconf 72' lang='lat' dir='ltr'><strong>leait</strong></span> <span class='ocrx_word' id='word_1_828' title='bbox 2284 5455 2386 5509; x_wconf 67' lang='grc' dir='ltr'><strong>οὖν]</strong></span> <span class='ocrx_word' id='word_1_829' title='bbox 2443 5456 2507 5509; x_wconf 86' lang='grc' dir='ltr'><strong>ν’-</strong></span> <span class='ocrx_word' id='word_1_830' title='bbox 2541 5462 2598 5509; x_wconf 92' lang='lat' dir='ltr'><strong>et</strong></span> <span class='ocrx_word' id='word_1_831' title='bbox 2628 5458 2711 5509; x_wconf 88' lang='lat' dir='ltr'><strong>sic</strong></span> <span class='ocrx_word' id='word_1_832' title='bbox 2735 5457 2960 5509; x_wconf 87' lang='lat' dir='ltr'><strong>reddit:</strong></span> <span class='ocrx_word' id='word_1_833' title='bbox 2992 5479 3012 5507; x_wconf 78' lang='grc' dir='ltr'><strong>ι</strong></span> <span class='ocrx_word' id='word_1_834' title='bbox 3051 5474 3377 5509; x_wconf 84' lang='lat' dir='ltr'><strong>narumaue</strong></span> <span class='ocrx_word' id='word_1_835' title='bbox 3409 5457 3625 5509; x_wconf 90' lang='lat' dir='ltr'><strong>habent</strong></span> <span class='ocrx_word' id='word_1_836' title='bbox 3648 5457 3759 5509; x_wconf 87' lang='lat' dir='ltr'><strong>insi</strong></span> 
     </span>
    </p>
   </div>
   <div class='ocr_carea' id='block_1_112' title="bbox 2117 5454 3760 5537">
    <p class='ocr_par' dir='ltr' id='par_1_112' title="bbox 2117 5454 3760 5537">
     <span class='ocr_line' id='line_1_115' title="bbox 2117 5454 3760 5537; baseline 0.002 -29"><span class='ocrx_word' id='word_1_837' title='bbox 2117 5454 2255 5537; x_wconf 80' lang='lat' dir='ltr'><strong>legit</strong></span> <span class='ocrx_word' id='word_1_838' title='bbox 2284 5454 2389 5537; x_wconf 57' lang='grc' dir='ltr'><strong>ξ)ρχ</strong></span> <span class='ocrx_word' id='word_1_839' title='bbox 2414 5454 2507 5537; x_wconf 57' lang='grc' dir='ltr'><strong>’ξω2</strong></span> <span class='ocrx_word' id='word_1_840' title='bbox 2541 5462 2598 5537; x_wconf 79' lang='lat' dir='ltr'><strong>et</strong></span> <span class='ocrx_word' id='word_1_841' title='bbox 2628 5458 2711 5512; x_wconf 90' lang='lat' dir='ltr'><strong>sic</strong></span> <span class='ocrx_word' id='word_1_842' title='bbox 2735 5454 3625 5537; x_wconf 45' lang='lat' dir='ltr'><strong>redditi}parumquehabent</strong></span> <span class='ocrx_word' id='word_1_843' title='bbox 3648 5457 3760 5528; x_wconf 89' lang='lat' dir='ltr'><strong>ipsi</strong></span> 
     </span>
    </p>
   </div>
   <div class='ocr_carea' id='block_1_113' title="bbox 2116 5528 3758 5602">
    <p class='ocr_par' dir='ltr' id='par_1_113' title="bbox 2116 5528 3758 5602">
     <span class='ocr_line' id='line_1_116' title="bbox 2116 5528 3758 5602; baseline 0.001 -20"><span class='ocrx_word' id='word_1_844' title='bbox 2116 5528 2511 5594; x_wconf 48' lang='lat' dir='ltr'><strong>adorarifnisi</strong></span> <span class='ocrx_word' id='word_1_845' title='bbox 2546 5530 2697 5584; x_wconf 90' lang='lat' dir='ltr'><strong>idem</strong></span> <span class='ocrx_word' id='word_1_846' title='bbox 2729 5545 2961 5602; x_wconf 88' lang='lat' dir='ltr'><strong>quoque</strong></span> <span class='ocrx_word' id='word_1_847' title='bbox 2993 5528 3105 5584; x_wconf 83' lang='lat' dir='ltr'><strong>sibi</strong></span> <span class='ocrx_word' id='word_1_848' title='bbox 3134 5528 3194 5585; x_wconf 91' lang='lat' dir='ltr'><strong>in</strong></span> <span class='ocrx_word' id='word_1_849' title='bbox 3227 5528 3584 5601; x_wconf 78' lang='lat' dir='ltr'><strong>imaginibus</strong></span> <span class='ocrx_word' id='word_1_850' title='bbox 3616 5546 3758 5601; x_wconf 81' lang='lat' dir='ltr'><strong>prae-</strong></span> 
     </span>
    </p>
   </div>
   <div class='ocr_carea' id='block_1_114' title="bbox 2116 5603 3629 5745">
    <p class='ocr_par' dir='ltr' id='par_1_114' title="bbox 2116 5603 3629 5745">
     <span class='ocr_line' id='line_1_117' title="bbox 2116 5603 3629 5745; baseline -0.002 -16"><span class='ocrx_word' id='word_1_851' title='bbox 2116 5603 2450 5745; x_wconf 50' lang='lat' dir='ltr'><strong>Stﬁlil;.&#39;l?¢l&#39;iv</strong></span> <span class='ocrx_word' id='word_1_852' title='bbox 2483 5668 2720 5727; x_wconf 81' lang='grc' dir='ltr'>πόλεων.</span> <span class='ocrx_word' id='word_1_853' title='bbox 2757 5672 2928 5731; x_wconf 87' lang='lat' dir='ltr'><strong>Deest</strong></span> <span class='ocrx_word' id='word_1_854' title='bbox 2954 5675 3060 5726; x_wconf 79' lang='grc' dir='ltr'><strong>τῶν</strong></span> <span class='ocrx_word' id='word_1_855' title='bbox 3088 5672 3149 5728; x_wconf 89' lang='lat' dir='ltr'><strong>in</strong></span> <span class='ocrx_word' id='word_1_856' title='bbox 3181 5671 3454 5745; x_wconf 87' lang='lat' dir='ltr'><strong>pluribus</strong></span> <span class='ocrx_word' id='word_1_857' title='bbox 3487 5687 3629 5728; x_wconf 89' lang='lat' dir='ltr'><strong>mss.</strong></span> 
     </span>
    </p>
   </div>
  </div>
