4202 6212
448 373 564 433 607

1691 381 1755 440 S.
1806 382 2175 447 GREGOHII
2226 391 2622 456 THEOLOGI

3740 393 3862 455 608

442 521 593 575 rum,
635 508 808 575 atque
836 506 908 561 ad
943 506 1118 578 pedes
1145 507 1490 579 iacentium,
1532 514 1633 568 aut
1681 529 1962 571 caesorum
1992 535 2091 574 va-

2217 522 2287 577 τὶν
2337 522 2680 600 ἐρριμμένων
2731 527 2765 596 ἡ
2817 526 3177 599 κτεινομένων
3221 526 3333 600 (12)
3380 522 3648 596 πολυειδῆ
3714 528 3863 602 σχή-

441 595 558 651 rias
614 593 1089 667 multiplicesque
1146 597 1385 670 ﬁguras.
1446 601 1643 673 Neque
1693 604 1849 660 enim
1903 623 2093 665 rerum

439 700 667 751 earum,
702 684 774 739 ob
805 700 953 755 quas
1006 687 1317 757 magnifice
1362 689 1433 744 de
1464 706 1525 745 se
1570 692 1852 760 sentiunt,
1885 697 2094 753 verita—

442 777 561 828 tem
594 772 787 828 solum
818 777 1042 844 amant,
1070 776 1170 830 sed
1199 792 1394 832 earum
1423 794 1654 851 quoque
1685 782 2019 843 simulacra.

515 880 749 936 LXXXI.
775 881 923 948 Quid
948 886 1143 938 autem
1168 882 1280 939 iste
1301 886 1806 946 comminiscitur?
1828 896 1885 947 et
1916 910 2095 965 quam

446 970 804 1026 ﬁrmioribus
835 970 1182 1028 Christianis
1234 972 1498 1030 fraudem
1530 978 1760 1032 nectit?
1806 979 2093 1040 Nimirum

446 1060 946 1133 quemadmodum
980 1061 1081 1132 qui
1114 1061 1260 1117 cibis
1291 1064 1545 1119 toxicum
1593 1066 1856 1136 miscent,
1890 1071 1973 1126 ita
2001 1072 2095 1129 hic

444 1149 676 1205 usitatis
708 1150 1130 1221 imperatorum
1154 1150 1478 1209 honoribus
1510 1153 1875 1226 impietatem
1906 1161 2093 1217 admi-

440 1254 603 1295 scere
647 1238 923 1305 instituit,
968 1238 1232 1311 ritusque
1285 1242 1678 1300 Romanorum
1726 1263 1859 1303 cum
1911 1250 2095 1308 idolo-

446 1345 577 1384 rum
624 1328 961 1383 adoratione
1008 1328 1278 1385 conflare.
1316 1331 1562 1387 Proinde
1594 1350 1728 1389 cum
1777 1337 2093 1408 daemones,

445 1416 602 1472 velut
643 1414 788 1473 alias
820 1418 1108 1488 quaedam
1150 1424 1458 1475 consuetas
1509 1421 1787 1493 picturas,
1823 1425 2093 1500 imagini-

444 1505 555 1560 bus
586 1505 971 1575 adjunxisset,
1000 1510 1126 1561 tum
1151 1507 1388 1562 demum
1412 1509 1643 1581 populis
1665 1516 1720 1567 et
1739 1513 2091 1587 civitatibus,

445 1610 509 1650 ac
570 1594 892 1666 praesertim
954 1595 1384 1667 provinciarum
1444 1600 1749 1670 praefectis,
1807 1603 2095 1679 imagines

443 1681 576 1738 illas
608 1684 988 1755 proponebat,
1022 1689 1088 1739 ut
1138 1684 1304 1742 nulla
1347 1687 1585 1744 omnino
1618 1690 1840 1747 ratione
1871 1695 2093 1753 malum

441 1772 609 1828 vitari
662 1776 905 1844 posset:
939 1788 1141 1828 verum
1190 1779 1291 1831 aut
1330 1792 1465 1831 cum
1514 1777 1941 1850 imperatorum
1990 1784 2092 1841 ho-

2208 632 2348 683 ματα
2372 631 2385 645 ’
2420 612 2641 690 φιλοῦσι
2670 616 2773 691 γὰρ
2804 614 2865 670 οὐ
2904 615 3001 677 τὰς
3055 614 3314 686 ἀληθείας
3363 619 3470 669 τῶν
3521 616 3859 691 πραγμάτων

2208 699 2371 773 μόνον
2404 704 2517 777 (l3)
2547 702 2627 781 ἐφ’
2659 705 2739 765 οἷς
2775 704 2909 780 μέγα
2939 702 3250 783 φρονοῦσιν,
3286 702 3432 759 ἀλλὰ
3452 704 3630 759 καὶτὰ
3650 704 3857 759 τούτων

2209 786 2363 846 ίνδάλ
2373 812 2533 863 ματα.

2276 897 2402 953 ΠΑ’.
2434 902 2486 950 '0
2520 894 2576 952 δὲ
2603 898 2656 952 τί
2692 904 3037 974 μηχανᾶται;
3081 898 3169 954 καὶ
3212 899 3330 953 τίνα
3358 902 3466 953 τῶν
3523 903 3858 975 Χριστιανῶν

2202 988 2319 1046 τοῖς
2351 985 2722 1061 στερροτέροις
2748 986 2933 1058 τίστησι
2965 985 3126 1043 δόλον
3154 1007 3167 1058 ;
3200 990 3402 1064 Ὥσπερ
3454 990 3505 1042 οἱ
3552 993 3669 1050 τοῖς
3720 988 3864 1064 βρώ-

2207 1094 2335 1145 μασι
2378 1076 2800 1152 καταμιγνύντες
2853 1079 2919 1132 τὰ
2978 1075 3312 1152 δηλητήρια,
3393 1078 3538 1150 μίξαι
3613 1082 3733 1137 ταῖς
3808 1077 3860 1151 ἐξ

2204 1158 2355 1225 ἔθους
2402 1168 2509 1218 τῶν
2564 1163 2830 1240 βασιλέων
2881 1172 3066 1238 τιμαῖς
3115 1168 3214 1236 τὴν
3267 1162 3532 1237 ἀσέϐειαν,
3574 1167 3663 1220 καὶ
3697 1166 3773 1228 είς
3805 1164 3858 1222 ἓν

2204 1251 2423 1326 ἀγαγεῖν
2472 1252 2677 1325 νόμους
2724 1254 3007 1326 Ῥωμαίων
3059 1255 3148 1309 καὶ
3183 1252 3426 1312 εἰδώλων
3460 1256 3854 1331 προσκύνησιν·

2202 1340 2292 1394 καὶ
2341 1338 2427 1395 διὰ
2473 1345 2633 1396 τοῦτο
2676 1348 2792 1405 ταῖς
2842 1343 3011 1398 εἰκόσι
3066 1343 3539 1421 συμπαραγράφων
3588 1343 3716 1406 τοὺς
3749 1342 3865 1399 δαί-

2206 1449 2394 1500 μονας,
2419 1429 2493 1492 ὡς
2526 1427 2592 1501 δή
2625 1452 2771 1492 τινας
2804 1429 2974 1495 ἄλλας
3001 1438 3109 1488 τῶν
3232 1428 3386 1497 ἔθους
3436 1433 3646 1511 γραφὰς
3694 1433 3867 1509 τιξροῦ⁹

2200 1517 2335 1581 τίθει
2368 1520 2481 1591 (14)
2513 1516 2715 1593 δήμοις
2765 1521 2854 1575 καὶ
2904 1521 3119 1593 πόλεσι,
3163 1522 3253 1577 καὶ
3308 1520 3543 1593 μάλιστα
3587 1528 3705 1585 τοῖς
3751 1527 3863 1578 τῶν

2203 1603 2365 1669 ἐθνῶν
2416 1604 2653 1683 ἄρχουσι
2699 1609 2795 1671 τὰς
2844 1609 3074 1682 εἷ’κόνας,
3130 1611 3204 1672 ὡς
3251 1608 3419 1666 κακοῦ
3465 1610 3527 1687 γέ
3572 1632 3670 1666 του
3719 1613 3863 1665 πάν⁹

2200 1715 2310 1757 τως
2342 1698 2454 1768 (15)
2486 1697 2561 1769 μὴ
2593 1698 2728 1752 εἴναι
2761 1694 3098 1772 διαμαρτεῖνο
3132 1698 3258 1755 ἀλλ’
3289 1700 3325 1768 ἢ
3355 1703 3424 1770 τῇ
3453 1704 3559 1755 τῶν
3588 1698 3861 1775 βασιλέων

2201 1787 2338 1857 τιμῇ
2385 1785 2485 1853 τὴν
2528 1790 2636 1841 τῶν
2688 1783 2933 1843 εἰδώλων
2996 1790 3379 1865 συμφέρεσθαι,
3428 1788 3463 1858 ἢ
3522 1793 3589 1863 τῇ
3642 1788 3853 1845 τούτων

444 1878 586 1917 nore
617 1862 949 1917 daemonum
994 1860 1181 1918 honor
1226 1865 1701 1939 conjungeretur,
1733 1875 1835 1926 aut
1882 1872 2092 1930 horum

2217 1876 2346 1950 ρυγῇ
2394 1872 2520 1937 τοὺς
2577 1875 2833 1950 βασιλέας
2891 1860 3216 1952 ὑϐρίζεσθαι,
3276 1884 3472 1950 μικτῆς
3528 1860 3697 1949 οῦσης
3752 1885 3858 1948 τῆς

444 1952 585 2024 fuga
614 1950 994 2024 imperatores
1022 1953 1378 2010 contumelia
1425 1956 1743 2025 efﬁcerent,
1778 1960 1952 2017 mista
1982 1962 2094 2019 sci-

445 2039 584 2096 licet
632 2039 988 2096 adoratione.
1038 2041 1193 2096 Hanc
1243 2041 1530 2109 fraudem,
1589 2048 1762 2116 atque
1807 2047 1964 2104 hunc
2018 2050 2098 2106 ita

446 2128 653 2185 callide
683 2129 1073 2201 excogitatum
1105 2130 1426 2201 impietatis
1448 2131 1746 2204 laqueum,
1773 2137 1939 2206 pauci
1972 2137 2097 2210 qui-

444 2217 578 2273 dem
620 2234 688 2273 ex
717 2218 812 2285 iis,
845 2218 944 2289 qui
998 2218 1207 2289 majori
1256 2219 1469 2291 pietate
1498 2226 1555 2276 et
1598 2223 1916 2294 sagacitate
1949 2244 2095 2299 pree-

446 2306 552 2362 diti
582 2310 767 2375 erant,
800 2306 1150 2379 effugerunt,
1186 2308 1287 2380 qui
1321 2309 1497 2365 etiam
1531 2312 1866 2384 sagacitatis
1896 2332 2097 2387 poenas

442 2395 681 2453 fuerunt
734 2413 747 2452 :
799 2395 907 2451 hoc
964 2396 1199 2468 quidem
1250 2402 1552 2471 praetextu,
1594 2402 1763 2473 quasi
1816 2404 2096 2462 adversus

444 2484 816 2559 imperatoris
860 2486 1142 2541 honorem
1193 2486 1623 2560 deliquissent:
1659 2495 1718 2546 at
1766 2508 1964 2549 revera
1993 2511 2097 2566 pro

445 2591 581 2632 vero
602 2574 954 2648 imperatore
986 2592 1051 2630 ac
1082 2592 1188 2648 pro
1219 2576 1433 2649 pietate
1464 2578 1521 2633 in
1553 2579 1880 2650 periculum
1912 2584 2095 2640 addu-

449 2663 545 2720 cti.
578 2662 859 2719 Permulti
891 2668 1087 2720 autem
1110 2682 1178 2720 ex
1207 2665 1669 2738 simplicioribus
1691 2675 1747 2725 et
1774 2670 2096 2743 imperitio-

448 2752 612 2808 ribus
642 2752 795 2825 capti
822 2757 996 2822 sunt;
1031 2754 1247 2821 quibus
1279 2755 1456 2811 etiam
1484 2757 1731 2815 fortasse
1761 2760 1833 2815 ob
1864 2760 2096 2832 ignora-

447 2840 671 2898 tionem
720 2842 889 2898 venia
932 2842 1113 2898 tribui
1167 2849 1363 2915 queat,
1395 2850 1593 2919 utpote
1635 2852 1757 2904 arte
1797 2854 1853 2905 et
1899 2850 2101 2909 fraude

448 2928 522 2985 ad
553 2929 918 3003 impietatem
967 2932 1243 3004 abreptis.
1277 2937 1466 3006 Atque
1497 2934 1606 3011 hoc
1654 2953 1796 2993 sane
1843 2938 1957 2996 tale
1987 2944 2098 3012 est,

452 3023 518 3075 ut
547 3018 636 3075 vel
665 3036 849 3075 unum
882 3036 949 3076 ac
981 3025 1258 3093 perpetua
1289 3023 1534 3080 infamia
1557 3027 1880 3083 notandum
1908 3029 2098 3102 impe-

450 3108 661 3165 ratoris
710 3108 884 3166 istius
935 3108 1293 3168 voluntatem
1353 3114 1651 3187 animique
1696 3115 2098 3177 inductionem

449 3197 683 3256 abunde
712 3198 987 3255 sufﬁciat.
1021 3199 1222 3272 Neque
1250 3200 1405 3257 enim
1443 3220 1534 3259 res
1561 3205 1795 3261 easdem
1828 3208 2101 3281 principi-

442 3288 556 3345 bus
605 3304 671 3344 ao
717 3289 955 3360 privatis
1005 3290 1311 3346 convenire
1359 3292 1628 3350 existimo
1671 3310 1684 3350 :
1728 3275 2099 3370 quandoqui-
2128 3275 2171 3342 C

446 3378 580 3433 dem
612 3394 718 3433 nec
747 3377 1013 3448 ejusdem
1062 3379 1296 3451 utrique
1328 3385 1467 3437 sunt
1514 3382 1838 3456 dignitatis.
1872 3386 2096 3444 Privato

451 3466 608 3522 enim
640 3465 863 3521 homini
895 3470 1087 3523 astute
1120 3485 1352 3541 quoque
1382 3469 1601 3542 aliquid
1637 3473 1823 3529 facere
1856 3474 2099 3533 fortasse

453 3555 838 3611 concedemus
866 3572 880 3624 ;
916 3573 1049 3612 nam
1073 3556 1174 3628 qui
1204 3557 1320 3613 vim
1352 3564 1546 3631 aperte
1569 3560 1844 3618 adbibere
1873 3565 2098 3637 nequit,

2205 1964 2644 2036 προσκυνήσεως.
2694 1970 2892 2020 Τοῦτον
2940 1966 3032 2020 τὸν
3085 1963 3245 2022 δόλον
3283 1966 3373 2022 καὶ
3404 1967 3605 2039 ταύτην
3635 1968 3734 2036 τήν
3770 1967 3865 2023 οὓ-

2203 2072 2281 2107 τω
2341 2058 2664 2130 σοφιστικῶς
2739 2053 3111 2124 ἐπινοηθεῖσαν
3190 2057 3367 2132 πάγην
3446 2063 3545 2126 τῆς
3612 2051 3861 2118 ἀσεϐείας

2207 2139 2391 2216 ὀλίγοι
2448 2141 2541 2215 μὲν
2588 2140 2839 2221 διέφυγον
2891 2149 2995 2199 τῶν
3050 2139 3446 2219 εὐλαϐεστέρων
3494 2145 3583 2200 καὶ
3634 2165 3864 2201 συνετω-

2203 2231 2396 2306 τέρων,
2439 2229 2490 2285 οἵ
2537 2230 2626 2286 καὶ
2676 2229 2833 2303 δίκην
2884 2235 2996 2304 (16)
3043 2230 3231 2288 ἔδοσαν
3254 2240 3354 2303 τῆς
3386 2233 3646 2289 συνέσεως
3675 2253 3688 2267 '
3721 2233 3863 2308 πρό-

2207 2338 2400 2395 σχημα
2461 2320 2553 2393 μὲν
2612 2320 2685 2383 ὡς
2744 2320 2820 2382 είς
2876 2323 3043 2394 τιμὴν
3102 2321 3368 2396 βασιλέως
3436 2324 3865 2398 παρανομήσαν-

2210 2428 2298 2471 τες
2330 2411 2466 2483 (17),
2501 2407 2559 2464 τὰ
2618 2407 2675 2464 8t
2725 2409 2927 2481 ἀληθὲς
2960 2411 3090 2485 ὑπὲρ
3138 2416 3235 2466 τοῦ
3286 2408 3552 2481 ἀληθινοῦ
3595 2410 3868 2488 βασιλέως

2204 2497 2294 2552 καὶ
2326 2502 2420 2552 τοῦ
2452 2494 2703 2561 εὐσεϐοῦς
2734 2501 2847 2573 (18)
2879 2498 3331 2561 κινδυνεύσαντες.
3366 2498 3577 2555 Πολλοὶ
3614 2498 3670 2555 δὲ
3708 2498 3867 2569 ἥλω-

2208 2607 2301 2641 σαν
2328 2591 2434 2641 τῶν
2465 2586 2827 2664 εὐηθεστέρων
2878 2588 2969 2643 καὶ
3020 2588 3399 2662 ἁπλουστέρων
3430 2608 3443 2621 ο
3499 2590 3577 2650 οἷς
3607 2588 3697 2643 καὶ
3731 2610 3867 2664 συγ-

2206 2677 2402 2752 γνώμη
2443 2676 2612 2753 τυχὸν
2661 2683 2762 2745 τῆς
2806 2677 3043 2753 ἀγνοίας,
3093 2679 3258 2753 τέχνῃ
3304 2683 3747 2754 συναρπασθεῖσιν
3785 2676 3868 2740 εἰς

2205 2766 2305 2833 τήν
2358 2761 2628 2824 ἀσέϐειαν.
2684 2768 2858 2822 Τοῦτο
2912 2768 3007 2840 μὲν
3055 2763 3121 2837 δὴ
3173 2771 3443 2836 τοιοῦτον,
3496 2766 3526 2822 ὅ
3571 2767 3661 2821 καὶ
3695 2766 3864 2839 μόνον

2208 2853 2417 2929 ἐξήρκει
2469 2853 2814 2926 στηλιτεῦσαι
2870 2855 3123 2931 βασιλέυς
3180 2855 3515 2934 προαίρεσιν.
3549 2855 3610 2911 οὗ
3641 2858 3745 2931 γὰρ
3794 2856 3869 2911 τὰ

2208 2944 2342 2999 αὐτὰ
2395 2943 2674 3019 βασιλεῦσί
2715 2966 2773 2999 τε
2820 2945 2909 2998 καὶ
2962 2942 3205 3007 ἰδιώταις
3260 2943 3482 3021 πρέπειν
3532 2939 3862 3016 ὑπολαμϐα-

2206 3051 2393 3106 νομεν·
2429 3032 2512 3088 ὅτι
2547 3030 2686 3107 μηδὲ
2713 3040 2815 3103 τῆς
2846 3033 3012 3103 αὐτῆς
3042 3034 3188 3107 ἀξίας
3220 3034 3497 3112 ἀμφότερα
3528 3035 3658 3107 (19).
3694 3031 3870 3090 Ἰδιώ-

2209 3143 2273 3197 τῃ
2328 3122 2420 3191 μὲν
2470 3123 2571 3199 γὰρ
2620 3123 2708 3178 καὶ
2764 3127 3035 3199 τεχνικῶς
3092 3124 3342 3196 πράττειν
3388 3145 3440 3178 τι
3474 3124 3866 3200 συγχωρήσαι-

2214 3232 2307 3284 μεν
2357 3213 2489 3285 (20)
2537 3212 2583 3284 ᾦ
2628 3211 2729 3288 γὰρ
2778 3213 2838 3267 τὸ
2887 3216 3129 3288 φανερῶς
3181 3213 3455 3289 βιάζεσθαι
3503 3212 3578 3284 μὴ
3616 3209 3865 3281 δυνατὸν,

2208 3299 2387 3373 τούτῳ
2433 3302 2772 3378 συγγνωστὸν
2824 3300 2887 3357 τὸ
2934 3308 3036 3372 τῆς
3065 3300 3363 3377 περινοίας
3412 3299 3627 3378 βασιλεῖ
3657 3298 3736 3369 δὲ,
3766 3304 3867 3355 τοῦ

2207 3386 2429 3462 δυνάμει
2460 3391 2763 3466 κρατεῖσθαι
2796 3392 2907 3463 (21)
2948 3387 3068 3444 λίαν
3101 3391 3333 3467 αἰσχροῦ
3360 3391 3759 3466 τυγχάνοντος,
3796 3387 3870 3443 ἔτ’

2208 3476 2444 3553 αἶ’σχιον,
2495 3480 2671 3551 οἶμαι,
2713 3480 2801 3533 καὶ
2852 3479 3245 3555 ἀπρεπέστερον
3293 3479 3357 3535 τὸ
3400 3481 3566 3556 τέχνῃ
3609 3477 3867 3533 κλέπτειν

2208 3568 2303 3629 τὰς
2336 3566 2680 3643 ἐγχειρήσεις
2708 3568 2799 3623 καὶ
2828 3569 2895 3623 τὰ
2923 3569 3274 3645 προκείμενα.

460 3642 556 3700 hic
586 3643 635 3699 si
683 3645 840 3700 vafre
870 3648 926 3701 et
973 3644 1178 3703 callide
1207 3645 1430 3718 aliquid
1480 3647 1673 3718 faciat,
1706 3651 1935 3708 veniam
1986 3653 2243 3727 aliquam
2278 3642 2553 3713 meretur.
2608 3642 3214 3730 Imperatorivautem,
3247 3674 3380 3713 cum
3422 3656 3478 3712 vi
3527 3665 3582 3713 et
3609 3655 3872 3730 putentia

459 3733 726 3807 superari
759 3734 1079 3791 admodum
1110 3739 1278 3809 turpe
1308 3735 1406 3808 sit,
1437 3740 1566 3795 tum
1606 3756 1738 3797 vero
1768 3741 2023 3814 turpius,
2057 3748 2121 3801 ut
2150 3745 2375 3819 opinor,
2408 3751 2467 3804 et
2494 3746 2795 3820 indignius
2826 3750 2936 3819 est,
2964 3751 3212 3804 conatus
3241 3764 3382 3804 suos
3410 3751 3470 3803 et
3499 3746 3866 3821 propositum

461 3827 585 3880 arte
615 3822 929 3880 occultare.

534 3933 797 3991 LXXXII.
858 3933 1115 3992 Alterum
1162 3936 1289 4009 jam
1346 3938 1750 4012 superioribus
1791 3941 2103 4014 adjiciam;

462 4023 617 4095 quod
652 4027 717 4079 ut
746 4024 1012 4095 ejusdem
1033 4025 1212 4082 animi
1236 4043 1301 4083 ac
1330 4029 1614 4102 propositi
1645 4035 1752 4102 est,
1784 4031 1867 4089 ita
1887 4032 2108 4106 magni-

459 4111 664 4168 tudine
692 4112 863 4185 longe
886 4114 1161 4187 atrocius,
1184 4118 1494 4191 magisque
1527 4120 1797 4193 impium,
1826 4121 2105 4179 nimirum

462 4198 619 4255 malo
650 4200 719 4255 ad
755 4200 951 4273 plures
985 4212 1342 4275 permeante.
1368 4209 1757 4280 Imperatoriae
1779 4210 2107 4282 largitionis

464 4287 591 4343 dies
634 4289 856 4361 aderat,
890 4291 1008 4349 sive
1038 4295 1492 4365 anniversarius,
1527 4298 1648 4353 sive
1677 4303 1817 4354 tunc
1848 4300 1919 4355 ab
1951 4302 2105 4357 IIS

462 4376 816 4449 imperatore
871 4396 974 4451 pro
1032 4398 1137 4437 sua
1195 4383 1569 4454 improbitate
1619 4402 1685 4440 ac
1730 4389 1985 4444 versutia
2040 4406 2109 4446 ex

464 4469 729 4537 tempore
759 4466 839 4522 ita
883 4469 1187 4525 institutus
1216 4487 1228 4526 :
1263 4477 1435 4543 atque
1464 4473 1669 4529 adesse
1703 4475 1984 4534 militares
2015 4495 2106 4534 or-

2288 3944 2409 3999 HB'.
2443 3944 2665 4020 Ἕτερον
2699 3939 2757 3999 δὲ
2787 3942 2817 3999 ὅ
2847 3940 3082 4006 διανοίας
3136 3943 3230 4016 μέν
3282 3941 3419 3998 ιστιν
3477 3941 3568 3998 καὶ
3614 3942 3870 4019 προαιρέ-

2215 4053 2351 4094 σεως
2380 4039 2503 4105 τῆς,
2534 4033 2723 4103 αὐτῆς,
2758 4037 2836 4105 τῷ
2870 4031 3049 4107 μέτρῳ
3081 4029 3139 4087 δὲ
3168 4031 3310 4088 πολὺ
3360 4037 3547 4108 χεῖρον
3608 4032 3698 4087 καὶ
3746 4033 3870 4087 ἀσε-

2214 4116 2488 4194 ϐέστερον,
2543 4121 2617 4184 εἷς
2663 4119 2885 4184 πλείους
2937 4123 3046 4195 (22)
3070 4126 3167 4177 τοῦ
3196 4124 3364 4176 κακοῦ
3395 4125 3707 4199 φθάνοντος,
3740 4124 3871 4176 τοῦ-

2212 4231 2274 4265 το
2303 4212 2596 4283 προσθήσω
2655 4215 2775 4274 τοῖς
2824 4209 3156 4285 εἰρημένοις.
3211 4216 3426 4287 Δωρεᾶς
3479 4208 3767 4285 βασιλικῆς
3799 4212 3869 4279 ἦν

2214 4298 2417 4374 ἡμέρα,
2467 4297 2563 4355 εἶτ’
2602 4300 2693 4355 οὖν
2747 4299 2983 4373 ὲτήσιος,
3042 4298 3147 4355 εἴτε
3200 4304 3494 4369 τηνικαῦτα
3538 4303 3617 4371 τῷ
3649 4298 3871 4375 βασιλεῖ

2217 4386 2595 4465 σχεδιασθεῖσα
2650 4386 2739 4445 διὰ
2791 4390 2891 4459 τὴν
2955 4388 3304 4465 κακουργίαν,
3362 4389 3451 4443 καὶ
3507 4393 3749 4461 παρεῖναι
3803 4388 3873 4442 τὸ

2215 4477 2598 4554 στρατιωτικὸν
2632 4475 2738 4534 ἔδει
2785 4479 3287 4553 τιμηθησομένους,
3328 4478 3402 4540 ὡς
3450 4474 3669 4539 ἕκαστος
3716 4475 3870 4549 ἀξίας

465 4552 634 4610 dines
684 4557 1005 4626 oportebat,
1036 4563 1102 4612 ut
1144 4575 1246 4630 pro
1279 4577 1385 4616 suo
1416 4562 1663 4634 quisque
1693 4566 1876 4636 gradu
1926 4572 1982 4622 et
2019 4568 2099 4623 di-

2218 4552 2363 4643 εἶχεν
2421 4568 2457 4636 ἢ
2516 4567 2734 4639 τάξεως.
2798 4567 2967 4623 Πάλιν
2997 4568 3066 4656 ⁸ἡῄ
3110 4574 3210 4638 τῆς
3258 4565 3633 4642 ἀνελευθερίας
3667 4568 3868 4656 σκηνή*

464 4642 686 4715 gnitate
708 4644 1048 4701 donativum
1080 4648 1423 4719 acciperent.
1450 4650 1677 4709 Rursus
1699 4652 2099 4714 illiberalitatis

2219 4642 2383 4711 πάλιν
2413 4656 2474 4710 τὸ
2507 4653 2688 4731 δρᾶμα
2740 4663 2840 4727 τῆς
2889 4651 3170 4719 ἀσεϐείας·
3229 4658 3618 4735 φαρμαχθῆναι
3671 4655 3872 4734 φιλαν-

467 4748 642 4787 scena
676 4750 688 4788 :
722 4750 928 4791 rursus
973 4735 1290 4808 impietatis
1340 4739 1553 4796 fabula.
1586 4741 1813 4797 Etenim
1846 4744 2111 4818 benigni-

468 4824 585 4876 tate
617 4822 869 4894 quadam
894 4824 1296 4882 crudelitatem
1329 4828 1563 4885 condire
1586 4831 1802 4899 studet,
1821 4833 2111 4890 militum-

536 5000 651 5071 (12)
681 4996 1134 5128 Ἐἑριμμένωνῆ
1179 5004 1559 5078 κτεινομένων.
1596 5013 1682 5093 ita
1728 5009 1925 5083 plures
1973 5012 2112 5096 Reg.

536 5088 587 5127 38
638 5072 736 5128 Col
789 5115 799 5126 .
836 5078 998 5128 Pass.
1039 5076 1212 5128 Corsl.
1245 5080 1298 5128 2.
1336 5084 1396 5128 ln
1450 5098 1654 5128 nmmm
1683 5099 1816 5128 vam
1856 5089 1912 5128 et
1942 5086 2112 5128 prim:

465 5072 587 5153 tres
614 5072 799 5153 ‘Cglb.
836 5078 1001 5153 Pass.
1039 5075 1212 5132 Coisl.
1245 5080 1299 5135 2.
1335 5072 1398 5134 In
1450 5082 1654 5153 paucis
1683 5072 1816 5139 vero
1856 5089 1912 5140 et
1942 5072 2116 5143 editis

470 5142 651 5217 deest,
687 5144 721 5210 ἢ
748 5144 1137 5217 κτεινομένων.

538 5214 949 5290 (13)Mdvov.1n
981 5219 1340 5290 quibusdam
1372 5223 1553 5279 deest.

468 5286 652 5409 wgf)
720 5286 1029 5362 Προύτίθεί.
1089 5292 1150 5346 In
1228 5292 1323 5347 Or.
1407 5296 1429 5350 1
1510 5294 1619 5351 fuit
1693 5294 1853 5367 olim,
1930 5294 2112 5371 προτί-

554 5377 628 5413 σι.

554 5377 628 5413 σι.

507 5377 653 5513 η(15)
684 5432 860 5513 Ιςακοῦ
901 5427 963 5513 γέ
1006 5452 1367 5513 τουπαντῳ-ς.
1403 5437 1495 5492 Sic
1541 5453 1692 5513 mss.
1732 5440 1790 5493 In
1841 5455 1942 5494 ora
1972 5439 2109 5513 Reg.

470 5498 531 5569 h,
561 5504 657 5553 τοῦ
687 5499 802 5554 ἀντὶ
833 5498 1001 5563 τιν’ός.
1037 5504 1162 5561 Ald.
1196 5512 1253 5563 et
1282 5506 1448 5563 Herv.
1480 5508 1706 5569 πάντας.

541 5572 655 5649 (19)
686 5572 871 5641 Δίκην.
906 5574 1170 5649 Plerique
1196 5580 1447 5649 codices,
1481 5577 1655 5649 δίκας.

508 5644 1188 5778 ΓᾹᾎΞέῃῐέγιέιὲαγομήσανῖτες.
1224 5651 1366 5725 Reg.
1398 5644 1441 5721 l,
1472 5645 1807 5728 ὑϐρίσαντες,
1839 5677 1866 5705 ‹‹
1899 5653 2117 5725 injuria

470 5731 812 5779 311161811138.
842 5744 864 5775 ι

2221 4745 2435 4820 θρωπίᾳ
2462 4745 2567 4799 τινὶ
2620 4746 2682 4800 τὸ
2732 4746 3116 4821 ἀπάνθρωπον,
3165 4746 3253 4802 καὶ
3286 4748 3535 4822 χρήμασι
3568 4742 3868 4813 δελεασθῆ-

2219 4855 2305 4888 ναι
2336 4835 2728 4911 στρατιωτικὴν
2757 4834 2979 4912 ἀλογίαν
3037 4834 3127 4889 σὺν
3178 4834 3477 4906 ἀπληστία,
3526 4835 3640 4909 μεθ’
3681 4835 3756 4888 ὧν
3803 4832 3874 4888 τᾶ

2296 5014 2408 5088 (18)
2439 5016 2543 5067 Τοῦ
2591 5006 2864 5088 εὐσεβοῦς.
2916 5014 2979 5070 In
3009 5013 3103 5088 Or.
3137 5015 3192 5088 1,_
3222 5014 3295 5070 ad
3336 5029 3524 5088 marg.
3571 5008 3873 5088 δόγματος.

2224 5086 2424 5142 Comb.
2459 5108 2487 5136 ‹‹
2521 5102 2623 5158 pro
2656 5086 2770 5143 ﬁde
2800 5103 2866 5143 ac
2898 5086 3134 5158 pietatis
3164 5086 3448 5143 doctrina.
3482 5086 3514 5139 ι)

2434 5155 2767 5237 ᾊμφότερα.
2801 5155 2928 5214 δωῖ.
2963 5156 3281 5237 ἀμφότεροι.

2297 5226 2407 5298 (20)
2440 5226 2930 5304 Σργἶωρῆσαιμεν.
2986 5226 3125 5303 Reg.
3158 5226 3214 5297 b,
3246 5229 3287 5301 ι,
3320 5228 3536 5302 aliique
3582 5226 3872 5298 nonnulli,

2223 5301 2679 5375 mxwmsoow.

2294 5369 2859 5446 (21)’Κραςιξεξίσθαι.ῌ‹‹
2893 5372 3219 5446 Superare;
3255 5393 3283 5421 »
3315 5371 3498 5427 active
3529 5369 3771 5436 scilicet,
3807 5373 3874 5424 ut

2225 5441 2420 5510 Elias';
2457 5441 2494 5493 «ι’
2515 5444 2629 5516 sibi
2661 5441 3351 5516 subjricere,'opprime_re.
3388 5466 3408 5495 ι

2296 5516 2408 5586 (22)
2466 5512 2717 5586 Πλείους.
2773 5511 2915 5582 Reg.
2975 5511 3100 5581 bii);
3149 5512 3416 5575 πολλοὺς.
3474 5513 3555 5570 De
3602 5511 3867 5586 historia,

2224 5584 2541 5659 quamhhic
2589 5587 2901 5643 adumbrat
2943 5586 3279 5659 Gregorius,
3315 5586 3599 5659 legendus
3643 5584 3862 5640 Theod.

2392 5656 2491 5714 lib.
2526 5674 2609 5731 ιιι,
2661 5676 2787 5729 cap.
2824 5659 2892 5714 15
2915 5663 2975 5714 et
3006 5656 3111 5728 16—;
3149 5664 3205 5715 et
3251 5656 3473 5715 Sozom.
3511 5656 3612 5713 lib.
3644 5673 3701 5723 ν,
3735 5672 3867 5729 cap.
