4202 6212
348 328 471 394 609

1344 324 1636 386 ORATIO
1680 320 1781 382 IV.
1815 352 1892 366 -
1921 314 2236 380 CONTRA
2277 313 2681 378 JULIANUM
2728 315 2777 377 Ι.

3647 325 3769 389 610

350 458 541 517 πολλὰ
575 457 932 535 βιοτεύουσιν.
966 461 1005 511 Ο
1052 458 1145 530 μὲν
1191 476 1283 512 ουν
1313 454 1682 532 προύκάθητο,
1862 448 2004 521 λαμ·

2134 464 2235 521 que
2263 447 2591 503 vecordiam
2625 452 2680 503 et
2710 450 3032 519 avaritiam,
3066 469 3214 524 quas
3246 471 3459 528 magna
3503 476 3571 515 ex
3603 469 3769 532 parte

357 556 512 626 πρῶς
567 547 950 623 πανηγυρίζων
1008 546 1143 602 κατὰ
1213 554 1312 616 τῆς
1370 539 1658 605 εὐσεϐείας,
1716 541 1806 595 καὶ
1870 540 2008 611 μὲγα

357 643 571 720 ιρρονῶν
604 643 720 699 τοῖς
750 638 1108 712 τεχνάσμασι·
1143 634 1477 707 Μελάμπους
1513 635 1645 707 (24),
1679 631 1853 720 οἶμαι,
1882 627 2004 720 τὶς,

354 714 695 803 ἦΠρωτεὺς,
728 724 900 779 πάντα
948 725 1035 778 καὶ
1085 725 1159 778 ὧν
1196 723 1284 778 καὶ
1328 721 1639 798 γινόμενος,
1687 718 1777 773 καὶ
1810 714 2008 792 ῥᾳδίως

359 818 547 872 ἑαυτὸν
584 813 941 869 ὑπαλλάττων
984 819 1098 875 τοῖς
1151 810 1334 867 εἷ’δεσι·
1362 812 1429 867 τὰ
1468 808 1525 865 δὲ
1554 810 1677 882 περὶ
1708 807 1866 861 αὐτὸν
1898 806 2006 875 οἷα,

357 907 448 961 καὶ
500 904 639 959 ὅσων
852 900 1102 978 ὀδυρμῶν
1146 907 1263 964 τοῖς
1312 901 1368 956 εὖ
1420 902 1706 977 φρονοῦσιν
1752 895 1890 965 ἄξια,
1946 891 2008 947 οὗ

354 1000 476 1055 τοῖς
505 994 627 1049 τότε
655 996 888 1065 παροῦσι
943 991 1129 1065 μόνον,
1175 989 1319 1047 ἀλλὰ
1365 990 1455 1045 καὶ
1492 992 1608 1050 τοῖς
1633 991 1723 1041 νῦν
1757 986 1895 1057 ἀκοῇ
1929 980 2011 1037 δε-

357 1081 626 1160 χομένοις
659 1081 831 1137 ἐκεῖνο
860 1081 924 1137 τὸ
953 1079 1126 1153 Θὲαμα
1159 1098 1172 1135 :

2115 536 2243 590 vitae
2275 536 2517 592 comites
2570 538 2805 603 habent,
2860 542 3121 611 pecuniis
3165 542 3396 601 allicere
3445 552 3620 620 atque
3675 552 3764 607 in-

2116 642 2331 681 escare.
2367 625 2468 679 Ille
2500 625 2679 696 igitur
2703 627 3046 698 splendidus
3069 633 3433 703 praesidebat,
3460 638 3766 708 splendide

2118 715 2397 770 adversus
2442 714 2715 785 pietatem
2768 718 2979 774 festum
3030 720 3185 777 diem
3237 740 3436 796 agens,
3490 731 3663 799 atque
3693 731 3765 786 ob

2118 807 2314 859 astuta
2346 821 2454 859 sua
2500 805 2745 860 consilia
2793 823 3143 881 magnopere
3173 813 3368 870 animo
3403 815 3612 872 elatus.
3647 819 3768 875 Me-

2119 892 2381 964 lampum
2414 895 2728 965 quemdam
2763 901 2862 951 aut
2894 901 3162 955 Proteum
3196 904 3482 975 suspicari
3515 923 3715 978 posses
3750 925 3763 965 :

2119 982 2201 1038 ita
2230 981 2289 1037 in
2321 983 2519 1039 omnia
2548 984 2897 1055 vertebatur,
2933 986 3217 1061 facileque
3264 992 3523 1065 seipsum
3569 996 3628 1051 in
3683 997 3770 1052 di-

2119 1087 2319 1127 versas
2351 1072 2570 1128 formas
2601 1072 2974 1130 immutabat.
3000 1076 3134 1139 Quae
3158 1084 3351 1135 autem
3384 1082 3537 1139 circa
3568 1085 3764 1157 ipsum

356 1178 547 1243 erant,
579 1172 776 1245 qualia
804 1173 1042 1228 tandem
1073 1170 1424 1243 quantisque
1462 1167 1719 1223 luctibus
1766 1169 1821 1221 et
1861 1162 2117 1235 querelis
2148 1162 2302 1233 apud
2346 1162 2614 1217 cordatos
2662 1162 2931 1220 homines
2957 1166 3153 1239 digna,
3182 1185 3298 1225 non
3337 1170 3410 1227 iis
3441 1172 3632 1230 solum
3664 1176 3768 1247 qui

357 1268 487 1319 tum
520 1263 758 1328 atl'uere,
790 1261 890 1317 sed
923 1260 995 1316 iis
1024 1261 1200 1315 etiam
1233 1258 1333 1331 qui
1365 1274 1522 1314 nune
1554 1253 1953 1328 spectaculum
1984 1251 2126 1307 illud
2161 1250 2403 1307 auribus
2435 1253 2770 1324 usurpant?

432 1354 552 1407 Ill".
588 1343 883 1423 Ιίροόκειτο
928 1346 1157 1421 χρυσὸς,
1210 1341 1501 1419 προῦκειτο
1550 1336 1796 1408 λίϐανος,
1847 1337 2004 1415 ἐγγύ-

357 1442 445 1493 Θεν
501 1438 563 1492 τὸ
612 1440 740 1511 πῦρ,
791 1436 843 1490 οἱ
895 1434 1178 1491 κελευσταὶ
1242 1432 1498 1503 πλησίοψ
1549 1430 1638 1487 καὶ
1695 1431 1757 1484 τὸ
1814 1436 2007 1504 σχῆμα

359 1527 437 1589 ὡς
467 1526 709 1592 πιθανὸν,
746 1523 1035 1599 βασιλικῆς
1066 1520 1271 1599 δωρεᾶς
1300 1526 1489 1577 τοῦτον
1524 1520 1657 1576 εἶναι
1689 1517 1864 1574 δοκεῖν
1894 1519 2007 1591 (26)

357 1616 451 1671 τὸν
510 1615 700 1688 νόμον,
751 1620 851 1682 τῆς
898 1634 961 1688 γε
1017 1611 1373 1688 ἀρχαιοτέρας
1422 1632 1479 1665 τε
1531 1610 1619 1666 καὶ
1655 1608 2007 1682 τιμιωτέρας.

362 1705 496 1760 Εἶτα
523 1702 576 1758 τί
605 1723 617 1772 ;
651 1708 856 1776 Θυμιᾷν
899 1699 1005 1757 ἔδει
1052 1701 1187 1756 κατὰ
1233 1705 1328 1755 τοῦ
1375 1700 1565 1775 πυρὸς,
1620 1698 1709 1753 καὶ
1760 1695 2007 1771 δέχεσθαι

363 1794 510 1870 παρᾶ
536 1797 632 1848 τοῦ
670 1772 935 1868 βασιλέως
979 1790 1071 1846 τὸν
1116 1797 1215 1859 τῆς
1262 1789 1537 1850 ἀπωλείας
1594 1788 1808 1861 μισθὸν,
1841 1784 2010 1847 οὕτως
2046 1772 2090 1836 Β

365 1883 555 1959 ὀλίγον
586 1881 847 1938 τοσούτου
892 1880 1239 1957 πράγματος,
1267 1882 1458 1954 ψυχῶν
1508 1876 1652 1932 ὅλων
1682 1876 1772 1931 καὶ
1801 1882 1900 1945 τῆς
1935 1874 2012 1937 εἷς

364 1974 494 2029 Θεὸν
528 1966 793 2033 ἀσεϐείας.
847 1974 957 2025 Φεῦ
1004 1977 1104 2039 τῆς
1154 1966 1561 2045 πραγματείαςί
1596 1970 1692 2043 φεῦ
1740 1972 1837 2033 τῆς
1869 1965 2012 2018 ἀντι-

364 2060 598 2123 δόσεωςί
635 2058 874 2136 Στρατὸς
901 2055 1033 2119 ὅλος
1058 2059 1172 2129 (27)
1204 2056 1316 2118 ἐνὸς
1337 2056 1708 2130 τεχνάσματος
1742 2047 1901 2113 ὤνιος
1922 2052 2010 2119 ἦν·

363 2151 455 2206 καὶ
506 2150 556 2205 οἰ
602 2150 701 2219 τήν
754 2146 1076 2220 οἰκουμένην
1127 2145 1602 2221 παραστησάμενοι
1656 2146 1835 2215 μικρῷ
1884 2139 2014 2214 πυρὶ

362 2240 457 2295 καὶ
510 2237 745 2317 χρυσίῳ,
795 2235 885 2292 καὶ
936 2233 1024 2290 διὰ
1064 2235 1286 2304 κνίσσης
1336 2236 1450 2306 (28)
1504 2230 1701 2305 ὀλίγης
1766 2226 2012 2300 ἔπιπτον,

364 2327 494 2384 οὐδὲ
522 2330 619 2398 τὴν
653 2328 856 2382 ἑαυτῶν
884 2325 1100 2403 σφαμήν
1135 2320 1337 2384 εἰδότες
1368 2322 1421 2377 οἱ
1449 2320 1693 2382 πλείους·
1723 2324 1885 2375 τοῦτο
1915 2319 2015 2394 γὰρ

377 2421 447 2487 ἦν
475 2418 539 2472 τὸ
582 2416 899 2493 βκρύτατον.
934 2412 1139 2489 Παρῄει
1187 2432 1271 2474 τις
1329 2410 1403 2472 ὡς
1449 2406 1742 2485 κερδανῶν,
1773 2407 1862 2462 καὶ
1895 2404 2019 2461 οὐδὲ

372 2508 561 2563 ἑαυτὸν
608 2507 725 2581 εἶχε
775 2505 909 2576 μετά
935 2504 997 2557 τὸ
1041 2498 1251 2577 κέρδος·
1284 2498 1599 2574 προσεκύνει
1658 2495 1829 2567 δεξιᾶν
1862 2496 2019 2571 βασι-

371 2596 541 2667 λέως,
598 2594 688 2649 καὶ
742 2594 834 2648 τὸν
882 2591 1175 2667 αὑτόχειρα
1222 2592 1537 2663 προσκυνῶν
1584 2585 1683 2641 οὐκ
1731 2585 2017 2657 ἠπίστατο.

365 2690 495 2747 Τοῖς
544 2681 602 2738 δὲ
638 2681 729 2737 καὶ
786 2682 1143 2756 γινώσκουσιν
1189 2676 1345 2733 οὐδὲν
1396 2680 1460 2746 ἦν
1509 2676 1701 2745 πλέον,
1761 2674 1894 2747 ἅπαξ
1943 2678 2022 2746 τῷ

366 2778 521 2845 κακῷ
566 2770 1164 2847 προκατειλημμένοις,
1212 2767 1301 2822 καὶ
1349 2767 1518 2839 νόμον
1547 2764 1743 2820 ἄλυτον
1772 2766 2019 2839 ἡγουμέ-

364 2884 484 2923 νοις
535 2862 632 2928 τῆν
682 2859 907 2935 πρώτην
960 2856 1164 2913 ἄνοιαν.
1216 2861 1377 2911 Ποῖαι
1423 2860 1589 2910 ταῦτα
1636 2857 1746 2927 ('29)
1809 2858 2023 2929 Περσῶν

372 2948 655 3025 μυριάδες,
714 2948 856 3008 τίνες
904 2945 1139 3016 τοξόται,
1197 2944 1338 3006 τίνες
1370 2942 1722 3022 σφενδονῆται
1755 2946 1867 3013 (30)
1895 2963 2023 2997 κατ-

369 3040 654 3115 ώρθωσαν,
704 3040 863 3098 ποῖος
914 3032 1171 3110 σιδηροῦς
1224 3034 1561 3108 στρατιώτης
1607 3034 1716 3105 (31)
1756 3029 1846 3086 καί
1884 3052 2024 3085 παν-

2189 1338 2477 1395 LXXXIII.
2542 1340 2981 1412 Proponebatur
3039 1361 3269 1413 auium,
3325 1350 3764 1421 proponebatur

2118 1428 2281 1495 thus,
2314 1428 2373 1483 in
2406 1430 2731 1501 propinquo
2761 1436 2887 1487 erat
2918 1431 3048 1504 igis,
3095 1434 3415 1492 hortatores
3459 1439 3531 1493 ad
3589 1439 3770 1497 latus.

2120 1522 2294 1573 Porro
2327 1535 2502 1589 quam
2537 1517 2865 1590 plausibilis
2888 1524 3130 1593 species,
3157 1530 3220 1579 ut
3251 1524 3774 1597 imperatorimlar-

2118 1607 2358 1679 gitionis
2391 1608 2483 1664 hic
2516 1626 2642 1665 mos
2673 1626 2801 1666 esse
2831 1610 3143 1677 videretur,
3178 1616 3524 1687 antiquioris
3567 1618 3770 1691 utique

2120 1701 2178 1753 et
2223 1698 2665 1768 praestantioris.
2726 1700 2873 1763 Quid
2934 1701 3195 1759 deinde?
3252 1704 3414 1762 Thus
3460 1706 3774 1766 incendere

2122 1788 2637 1859 oportebat,atque
2661 1788 2743 1845 ita
2765 1789 2921 1845 exitii
2956 1794 3280 1849 mercedem
3319 1796 3391 1851 ab
3415 1796 3767 1869 imperatore

2123 1876 2405 1947 accipere,
2456 1876 2747 1932 tantillam
2797 1883 2971 1935 tanta:
3020 1880 3123 1946 rei,
3174 1882 3282 1938 hoc
3329 1889 3439 1951 est,
3500 1886 3765 1957 ipsarum

2124 1964 2453 2020 animarum
2497 1965 2932 2039 impietatisque
2963 1970 3242 2027 adversus
3274 1973 3478 2029 Deum.
3514 1974 3558 2031 Ο
3590 1975 3773 2031 mise-

2125 2069 2255 2107 rum
2288 2057 2570 2123 quaestum
2599 2054 2610 2109 l
2659 2072 2691 2109 ο
2726 2056 3000 2112 miseram
3053 2061 3416 2117 mercedem!
3470 2063 3773 2119 Exercitus

2124 2145 2283 2196 totus
2315 2141 2489 2196 unica
2518 2142 2730 2197 techna
2773 2151 2829 2199 et
2862 2146 3062 2201 fraude
3094 2148 3314 2205 venalis
3346 2152 3685 2221 prostabat;
3716 2154 3776 2207 et

2126 2229 2221 2300 qui
2254 2230 2593 2286 universum
2632 2233 2832 2287 orbem
2864 2237 3150 2291 terrarum
3182 2238 3363 2294 armis
3396 2240 3775 2312 subegerant,

2128 2334 2302 2390 parvo
2334 2318 2468 2391 igne
2499 2325 2673 2392 atque
2713 2337 2875 2388 auro,
2925 2338 2990 2376 ac
3035 2338 3137 2395 per
3182 2325 3455 2397 exiguum
3504 2327 3773 2385 sufﬂtum

2128 2408 2496 2477 corruebant,
2530 2425 2743 2481 magna
2771 2427 2839 2465 ex
2869 2416 3032 2483 parte
3078 2429 3151 2469 ne
3179 2431 3347 2471 suam
3399 2417 3637 2488 quidem
3670 2434 3777 2474 ne-

2128 2498 2435 2568 cem,quod
2460 2498 2724 2554 omnium
2754 2500 3168 2571 gravissimum
3199 2508 3342 2570 erat,
3365 2510 3773 2578 agnoscentes.

2128 2586 2333 2642 Aderat
2368 2586 2686 2659 quispiam,
2719 2594 2782 2643 ut
2813 2590 3039 2645 lucrum
3091 2592 3375 2660 facturus,
3425 2612 3490 2650 ac
3517 2600 3651 2668 post
3679 2595 3776 2652 lu-

2130 2690 2295 2730 crum
2328 2691 2399 2730 ne
2430 2676 2691 2748 seipsum
2719 2678 2955 2749 quidem
2991 2679 3276 2737 habebat:
3300 2682 3563 2739 dextram
3591 2684 3775 2757 impe-

2132 2764 2341 2820 ratoris
2373 2765 2676 2831 adorabat,
2707 2782 2810 2822 nec
2842 2784 2903 2822 se
2934 2768 3267 2825 carnificem
3322 2787 3495 2827 suum
3529 2773 3772 2829 adorare

2134 2863 2315 2909 norat.
2368 2854 2529 2919 Quod
2587 2855 2636 2909 si
2690 2856 2789 2925 qui
2849 2858 3023 2911 etiam
3083 2858 3138 2912 id
3187 2866 3590 2932 agnoscerent,
3627 2862 3775 2917 nihil

2130 2947 2326 2997 tamen
2356 2946 2658 3013 propterea
2680 2942 2812 2998 hinc
2838 2944 2981 3015 ipsis
3003 2947 3350 3003 accedebat:
3376 2950 3594 3021 quippe
3620 2949 3775 3007 malo

2133 3029 2312 3086 semel
2342 3031 2660 3102 occupatis,
2697 3048 2761 3087 ac
2792 3032 3040 3104 primam
3075 3035 3457 3093 stoliditatem
3490 3054 3591 3109 pro
3622 3039 3777 3110 ejus.

367 3127 599 3203 ταχόθεν
634 3124 897 3200 ἄτρωτος,
928 3122 1048 3179 τίνα
1076 3123 1211 3177 κατᾶ
1232 3126 1339 3177 τῶν
1370 3126 1570 3197 τειχῶν
1623 3122 1844 3197 μηχανή
1859 3141 2020 3193 ματα,

2135 3120 2284 3175 modi
2320 3119 2465 3191 lege,
2498 3136 2675 3190 quam
2706 3120 2944 3194 infringi
2994 3124 3154 3181 nefas
3195 3131 3370 3191 esset,
3403 3127 3776 3185 ducentibus.

373 3217 463 3271 eia
494 3215 619 3291 χεὶρ
674 3214 788 3286 μία,
838 3212 929 3268 καὶ
971 3211 1161 3288 καιρὸς
1213 3210 1309 3280 εἷς,
1358 3210 1446 3266 καὶ
1483 3207 1657 3286 βουλή
1698 3210 1864 3286 μιαρὰ
1892 3230 2020 3264 κατ-

370 3304 644 3381 απράξατο
669 3322 683 3373 ;

2134 3208 2266 3272 Qum
2300 3212 2609 3264 Persarum
2645 3210 2957 3280 myriades,
2990 3214 3089 3284 qui
3123 3215 3433 3287 sagittarii,
3458 3218 3561 3288 qui
3592 3218 3781 3273 fundi-

2136 3296 2365 3367 bularii,
2395 3297 2527 3369 quis
2557 3297 2966 3369 cataphractus
2994 3301 3161 3358 miles
3182 3308 3357 3375 atque
3388 3306 3780 3379 undequaque

379 3414 415 3452 a
440 3394 789 3451 vulneribus
819 3396 1006 3460 tutus,
1048 3408 1179 3463 quae
1220 3395 1511 3448 tormenta
1550 3390 1853 3447 diruendis
1912 3389 2096 3446 muris
2127 3388 2387 3456 admota,
2419 3402 2489 3443 ea
2515 3387 2741 3444 efﬁcere
2770 3389 3118 3461 potuissent,
3152 3408 3277 3464 quas
3312 3410 3521 3451 manus
3554 3412 3692 3464 una,
3723 3402 3783 3453 et

379 3492 615 3556 tempus
646 3498 854 3548 unum,
886 3486 942 3537 et
971 3480 1257 3536 nefarium
1289 3479 1600 3536 consilium
1632 3479 1920 3552 perfecit?

450 3577 570 3628 UA'.
608 3569 762 3640 Μίξω
792 3567 1005 3630 τούτοις
1043 3589 1096 3623 τι
1124 3570 1239 3641 (32)
1279 3564 1527 3644 διήγημα
1571 3570 1678 3622 τῶν
1730 3565 2028 3643 εἰρημένων

378 3659 765 3735 ἐλεεινότερον.
835 3656 1096 3733 Λὲγονταί
1159 3678 1246 3711 τοι
1299 3661 1407 3712 τῶν
1464 3655 1708 3713 ἁλόντων
1762 3656 1906 3718 τινες
1976 3655 2027 3727 ἐξ

377 3745 812 3825 ἀγνοίας,ἒπειδὴ
844 3752 1003 3801 τοῦτο
1035 3745 1227 3801 ἔπαθον
1252 3748 1340 3801 καὶ
1362 3746 1701 3822 ἀνεχώρησεν
1735 3748 1848 3819 (33)
1878 3742 2027 3799 οἷ’κα-

379 3836 458 3908 δι,
490 3843 607 3899 τοῖς
637 3836 905 3897 συσσίτοις
934 3839 1209 3890 κοινωνεῖν
1236 3835 1531 3911 τραπέζης·
1584 3836 1700 3888 εἶτα
1728 3838 1826 3888 τοῦ
1858 3833 2028 3888 πότου

374 3925 746 4005 προελθόντος
778 3927 891 3998 (34)
923 3923 997 3986 εἰς
1024 3925 1124 3993 τήν
1157 3926 1359 3995 συνήθη
1393 3922 1769 3999 ψυχροποσίαν
1795 3925 1927 3996 (35),
1951 3922 2027 3984 ὡς

455 4054 567 4123 (23)
622 4049 1001 4126 Προῦκάθητο.
1065 4055 1183 4106 Duo
1240 4052 1374 4122 Reg.
1434 4049 1545 4106 Or.
1607 4050 1669 4121 1,
1726 4046 2024 4124 προύκαοέ-

386 4132 566 4268 tegit)
602 4191 957 4265 Μελάμπους,
990 4198 1100 4268 etc.
1136 4216 1163 4244 ‹‹
1201 4192 1577 4268 Melampum.
1629 4213 1656 4241 ››
1700 4191 2026 4268 Melampus

382 4275 441 4326 et
464 4264 708 4324 Proteus
734 4264 901 4335 juxta
945 4264 1148 4335 Etiam,
1197 4265 1649 4337 praestigiatores
1696 4269 1856 4318 vates
1908 4266 2027 4318 l'ue-

385 4345 544 4407 runt,
572 4341 627 4393 in
661 4338 928 4409 quamvis
960 4337 1203 4409 formam
1238 4335 1494 4391 l'acile'se
1524 4335 1926 4390 immutantes.

598 4405 799 4465 ”Οσων.
835 4410 967 4479 Reg.
1003 4409 1123 4471 bm,
1157 4405 1304 4461 ὅσον.

456 4414 569 4553 (26)
604 4484 815 4553 Δοκεῖν,
861 4480 1032 4553 Deest
1076 4479 1133 4533 in
1166 4478 1304 4534 duol

480 4420 568 4480 25)
598 4420 799 4465 "anv.
835 4420 967 4479 Heg.
1005 4420 1123 4471 Dm,
1157 4420 1304 4461 οσον.
2062 4440 2105 4504 D
2141 4420 2474 4483 poeulunig)
2499 4420 2663 4457 uerte
2682 4420 2933 4457 DttSIllUS

480 4484 569 4551 26)
604 4484 811 4534 Δοκεῖν.
861 4480 1032 4535 Deest
1076 4479 1133 4533 in
1166 4478 1395 4534 duobus
1425 4477 1565 4549 Reg.
1602 4477 1832 4532 duobus
1861 4475 2024 4533 Colb.
2140 4472 2529 4551 quod__Billius
2563 4473 2689 4551 de}:
2722 4491 2887 4551 aqua,
2926 4498 2952 4523 ››

385 4551 529 4611 etin
562 4552 657 4607 0r.
694 4555 742 4606 1.
777 4551 1049 4606 Heinsius
1080 4551 1529 4620 expungendum
1562 4553 1777 4605 censet.

480 4626 568 4702 27)
601 4620 791 4702 Ϊῼλος.
817 4623 967 4702 Male
999 4622 1057 4702 ip
1088 4619 1504 4702 editis
1741 4689 1773 4702 η
1852 4690 1862 4702 ι

480 4627 568 4691 27)
601 4627 791 4682 Ὃλος.
817 4627 967 4678 Male
999 4627 1057 4676 in
1088 4627 1259 4677 editis
1292 4627 1459 4680 ὅλως.

458 4627 859 4768 (28).Κνίσσης.
896 4692 1161 4765 Plerique
1200 4694 1367 4749 codd.
1402 4691 1607 4748 saltem
1643 4689 1900 4746 melioris
1931 4706 2032 4746 no-

388 4765 483 4833 tae,
513 4765 725 4833 κνίσης.

471 4814 483 4833 ,
513 4787 725 4834 κνισης.

461 4840 576 4910 (29)
604 4840 799 4910 Ταῦτα.
836 4834 1031 4890 lleins.
1052 4836 1305 4910 τοιαῦτα.

603 4903 993 4984 Σφενδονῆτοιι.
1044 4906 1133 4984 Sic
1185 4911 1403 4962 acuunt
1439 4905 1699 4978 quidam.
1734 4902 1847 4958 Alii
1878 4921 2037 4978 σφεν-

390 4973 631 5050 δονηταί.
665 4973 771 5057 Alii
805 4973 1181 5057 σφενδονῆται.
1363 5049 1396 5057 ἢ
1441 4973 1473 5057 ⁸-
1542 5046 1552 5057 _
1687 5051 1695 5057 _
1873 5047 1883 5057 .

466 5046 583 5124 (81)
617 5046 888 5125 Σιδηροδς
918 5047 1275 5125 στρατιῶτης.
1299 5070 1327 5100 ‹‹
1358 5046 1778 5119 Cataphractus
1808 5046 2027 5103 miles.»

394 5121 601 5181 Billiu’s
633 5140 646 5178 :
683 5121 903 5178 ferreus
934 5121 1242 5177 exercitus.
1280 5144 1308 5169 ››

462 5196 575 5268 (32)
607 5192 754 5268 Μίξω
784 5190 1422 5268 τούτοις-τιηΑΙὶἰμίξω
1451 5210 1502 5244 τι
1532 5187 1766 5268 τούτοις.

463 5260 577 5339 (33)
616 5260 876 5339 ’ῘΈπαοον
934 5260 1022 5316 καί
1099 5260 1477 5339 ἀνεχώρησανί
1511 5336 1532 5339 _
1562 5262 1823 5339 Quatupt‘
1896 5260 2031 5339 Reg.

392 5329 487 5395 Or‘.
524 5329 571 5393 1ί
606 5338 710 5393 Ed.
744 5337 873 5392 Ald.
907 5342 962 5391 et
995 5341 1159 5391 Herv.
1192 5329 1349 5401 é'tc'.,‘
1372 5333 1559 5387 παθεῖν
1609 5329 1698 5385 καὶ
1748 5330 2037 5403 ἀναχωρή-

393 5429 573 5471 σαντες
584 5452 596 5464 .

464 5483 578 5553 (34)
614 5475 1004 5553 Προελοόν-τφς.
1037 5481 1196 5553 Reg._
1221 5477 1321 5553 hu,
1371 5475 1409 5541 l,
1460 5475 1553 5553 _Or.
1611 5475 1659 5527 1.
1704 5472 1832 5553 Ald.
1867 5472 2032 5553 Ilerv.

393 5544 779 5628 παρελθόντος,
830 5550 938 5605 Alii
987 5544 1325 5611 vero'Regii
1373 5547 1651 5617 quiniue,
1701 5546 1815 5599 duo
1848 5544 2031 5626 .Colb.

396 5626 576 5678 Mont.
613 5629 774 5678 Pass.
806 5621 1003 5677 Comb.
1037 5616 1435 5678 περιελθόντος.
1486 5635 1615 5678 quae
1654 5633 1762 5672 vox
1808 5618 2038 5672 Videtur

396 5626 576 5682 Merit.
613 5629 774 5679 Pass.
806 5626 1003 5677 Comb.
1037 5626 1435 5694 περιελθόντος,
1486 5635 1615 5689 quae
1654 5633 1762 5672 vox
1808 5626 2034 5672 Videtur

396 5696 604 5774 aptior,
628 5712 694 5753 ac
725 5694 809 5754 sic
836 5693 1079 5752 vertitur
1108 5710 1140 5750 a
1165 5691 1362 5749 Comb.
1400 5707 1412 5747 :
1448 5712 1475 5739 ‹‹
1512 5689 1573 5746 lu
1607 5689 1807 5751 orbem
1841 5704 2034 5747 recuro

2210 3564 2492 3622 LXXXIV.
2515 3564 2619 3620 Hic
2648 3566 3041 3623 narrationem
3073 3571 3390 3641 quamdam
3421 3573 3781 3645 admiscebo,

2139 3654 2538 3727 superioribus
2569 3654 2888 3711 tristiorem
2919 3660 2976 3712 et
3008 3657 3516 3716 miserabiliorem.
3544 3662 3780 3733 Ferunt,

2140 3760 2428 3817 quosnam
2486 3760 2685 3799 eorum
2736 3746 2834 3815 qui
2886 3762 2987 3817 per
3034 3748 3457 3819 ignorationem
3516 3751 3668 3822 capti
3716 3766 3785 3806 ac

2144 3832 2527 3890 circumventi
2584 3832 2829 3901 fuerant,
2890 3836 3037 3889 117
3106 3842 3420 3907 postquam
3485 3844 3787 3895 contracta

2139 3922 2247 3977 hac
2303 3920 2634 3976 calamitate
2683 3921 2923 3976 domum
2975 3939 3036 3979 se
3066 3925 3441 3996 recepissent,
3475 3943 3593 3982 una
3647 3943 3781 3984 cum

2136 4049 2297 4125 rente
2330 4044 2540 4125 frigida
2571 4043 2679 4100 hac
2711 4047 3163 4121 compotatione,
3207 4069 3233 4101 ι
3292 4050 3528 4107 militari
3578 4052 3783 4125 utique

2136 4117 2463 4174 sobrietate.

2278 4188 2386 4267 (3-5.)
2420 4184 2879 4267 Wex-porrosiav...
2932 4188 3271 4267 ψυχροιρόρῳ
3304 4188 3525 4267 κύλικι.
3581 4193 3783 4267 Billius

2140 4276 2250 4313 non
2284 4258 2512 4313 videtur
2540 4258 2913 4322 intellexisse,
2947 4258 3061 4317 mea
3105 4258 3256 4318 recte
3304 4264 3410 4320 bas
3461 4266 3787 4323 reddidisse

2138 4347 2325 4410 voces,
2358 4330 2718 4410 dumhvertit,
2787 4333 3081 4410 q__frigiulaa
3125 4336 3505 4405 potationem,
3539 4343 3595 4393 et
3622 4355 3786 4410 aqum

2180 4402 2474 4477 οουιυῐῃλ»
2499 4401 2663 4477 Certe
2682 4401 3024 4458 Basiliusth
3049 4428 3074 4453 ‹‹
3102 4401 3389 4473 meraco,»
3413 4401 3513 4464 seu
3540 4431 3567 4459 «
3595 4401 3787 4477 vino,»

3000 4478 3432 4548 interpretatur.
3483 4480 3614 4536 Haec
3645 4487 3785 4536 sunt

2140 4544 2333 4624 Basilii
2384 4546 2593 4624 verba:
2632 4544 2803 4624 .Msta‘z‘
2830 4545 2927 4624 τὴν
2989 4544 3206 4624 πυλλῇν
3272 4550 3603 4624 κεκραμένην
3645 4550 3788 4605 οἶνο-

2137 4613 2329 4699 πρσίαν
2390 4618 2459 4699 τῇ
2513 4616 2731 4699 συνῄρει
2787 4613 3081 4699 ἐκέχρηντο
3128 4613 3516 4699 exist-coriosa;
3567 4613 3785 4699 ψυχροῦ

2143 4685 2312 4739 οἷ’τογ
2367 4684 2481 4775 εἶτα
2522 4684 2595 4746 εἷς
2643 4684 3061 4774 ὀνόματαωτινες
3117 4684 3515 4766 ἀναϐλέψαντες
3559 4684 3792 4785 Χρίὲτὸν

2144 4757 2406 4785 -.’--.Ῑ....-
2461 4761 2694 4785 μ..-τ........
2748 4759 2927 4785 __.-._.'.
2995 4781 3070 4785 __-
3148 4767 3208 4785 _"
3324 4784 3333 4785 η
3565 4770 3590 4785 ν
3774 4783 3782 4785 Α

2143 4757 2406 4834 εὐφήμως
2459 4757 2694 4836 όινεῖπον·
2746 4756 2929 4836 ἔπειτά
2994 4781 3072 4821 τις
3134 4767 3263 4836 ,τῶνΔ
3308 4756 3784 4836 συμποταζόντων·

2145 4818 2297 4883 Μέτᾶ
2334 4830 2433 4906 τῄν
2478 4829 2722 4906 ἄρνησιν,
2775 4827 2898 4906 ἔφη,
2945 4833 3186 4906 ’Χρισνὸν
3248 4818 3625 4906 ἐπικαλεῖσθξ;
3676 4844 3787 4893 etc.

2146 4926 2173 4951 ‹‹
2209 4907 2347 4957 Post
2377 4902 2611 4973 longam
2648 4902 2962 4980 misti'vini
2987 4902 3377 4980 etgtemperati
3408 4902 3790 4980 compotatio-

2142 4990 2619 5050 nem,_mer_aeum
2654 4975 2735 5050 de
2757 4990 2915 5029 more
2939 4975 3337 5050 frigidumque
3368 4975 3790 5037 adhibuerunt.

2145 5046 2359 5120 Deinde
2385 5046 2454 5099 ad
2491 5044 2884 5120 invocationes
2911 5044 3192 5120 epnversi,
3217 5044 3457 5120 quidam
3490 5053 3792 5108 Christum

2146 5117 2553 5196 pieeoeperunt
2576 5116 2888 5196 appellare.
2913 5118 3059 5173 Tum
3085 5116 3497 5196 combibonum
3531 5124 3745 5196 aliquis
3778 5140 3791 5179 :

2145 5188 2311 5261 Quid,
2334 5188 2543 5257 inquit,
2577 5192 2879 5259 postquam
2915 5191 3171 5259 negastis
3195 5188 3794 5261 Christum,eumdem

2146 5260 2471 5333 invocatis?
2494 5281 2522 5333 _n
2550 5262 2969 5333 etsiguantum
2994 5263 3171 5317 distet
3193 5281 3223 5317 a
3247 5260 3537 5321 sententia
3568 5266 3793 5333 Basilii,

2144 5330 2543 5408 interpretatio
2569 5330 2917 5408 Bill_ii,nemo
2952 5350 3063 5388 non
3097 5335 3387 5408 intelligit.
3416 5338 3632 5393 Revera
3658 5330 3795 5393 voce

2146 5402 2374 5474 ἄκρατον
2390 5403 2540 5472 apud
2564 5401 2683 5456 anti
2735 5419 2838 5458 uos
2856 5420 3068 5474 aquam
3088 5401 3404 5477 significari
3428 5409 3718 5477 novimus;
3735 5412 3796 5462 at

2146 5490 2446 5527 nunquam
2481 5473 2590 5527 nisi
2624 5419 2821 5527 δά(όίὶο
2852 5469 3020 5527 ὕδωρ.
3054 5484 3116 5527 ut
3140 5495 3354 5527 ancens
3388 5480 3625 5527 tollatur
3658 5494 3790 5527 sen-

2146 5469 2446 5551 nunquam
2481 5473 2590 5527 nisi
2624 5469 2821 5551 addito
2852 5469 3020 5547 ὕδωρ,
3054 5484 3116 5532 ut
3140 5469 3354 5551 anceps
3388 5469 3790 5551 tollatursen-

2149 5562 2271 5599 sus.
2307 5545 2412 5608 Qui
2448 5561 2618 5600 nosse
2649 5545 2809 5616 cupit
2838 5545 2975 5616 quae"
2996 5554 3255 5605 veterum
3288 5545 3374 5606 'sit
3408 5550 3694 5606 sententia
3723 5548 3795 5602 de

2146 5616 2359 5691 calidis
2376 5616 2720 5691 frigidisque
2770 5618 3124 5691 potionibus,
3157 5621 3311 5691 legat
3349 5622 3465 5677 Jul.
3490 5620 3656 5691 Poll.,
3690 5618 3792 5672 lib.

2147 5662 2209 5743 {Si
2217 5662 2248 5759 ’ξ
2260 5662 2755 5763 Ἐῑίὶιῖῖιίῑέῖέἱὶι,
2770 5662 2836 5745 ⁸ὲῖ
2849 5662 3566 5770 ἓῖᾌῖἑὲἐιῖ,”ῗ)ἓρη’ὃῖὁριῖξξ
3575 5662 3585 5675 ’
3596 5662 3746 5759 iit;
