4202 6212
385 363 507 423 613

1387 352 1680 421 ORATIO
1725 352 1829 420 IV.
1872 390 1947 401 —
1990 354 2303 417 CONTRA
2346 354 2743 418 JULIANUM
2788 352 2834 419 Ι.

3678 360 3799 423 6M

387 494 523 551 illos
551 493 877 550 interﬁcere
908 492 1187 561 noluisse,
1215 508 1287 548 ne
1316 496 1600 564 martyres
1650 490 2039 555 efﬁcerentur,
2073 489 2193 560 qui,
2224 492 2513 559 quantum
2564 490 2621 543 in
2661 488 2808 561 ipsis
2851 492 2997 557 erat,
3049 496 3333 564 martyres
3376 498 3560 561 erant,
3594 493 3801 550 exsilio

389 588 586 639 tamen
620 581 936 638 mulctasse
967 599 1032 638 ac
1063 598 1234 654 pcena
1262 597 1330 636 ea
1379 580 1696 635 vindictam
1728 577 2075 651 sumpsisse,
2111 578 2475 647 maximoque
2524 594 2621 633 eos
2653 578 2934 634 beneﬁcio
2986 578 3270 649 affecisse,
3303 598 3450 652 quos
3482 600 3515 637 a
3558 582 3808 655 piaculis

388 673 514 729 suis
542 672 911 743 versutisque
939 670 1204 727 consiliis
1242 669 1442 743 procul
1474 668 1835 725 removisset.

462 760 585 815 UE'.
620 757 824 834 Καίπερ
858 756 924 827 δὴ
970 761 1083 831 (45)
1133 756 1304 819 οὕτως
1350 754 1497 832 ’έχων
1532 757 1733 830 ὁρμῆς,
1781 754 1869 809 καὶ
1901 753 2033 826 πρὸς
2064 757 2119 822 Α

388 845 671 921 πολλάτῇ
710 847 971 919 κακονοίᾳ
1018 849 1383 923 χρησάμενος·
1430 844 1603 917 ὅμως,
1654 843 1715 898 ού
1774 844 1877 919 γὰρ
1928 844 2043 918 εἶχε

389 937 549 1007 πῆξιν
598 940 697 991 τοῦ
752 933 944 1012 ἀνδρὸς
992 938 1027 1006 ἡ
1061 934 1292 1004 διάνοια,
1344 931 1468 989 οὐδὲ
1504 938 1611 988 τῶν
1646 932 1859 987 οἰκείων
1891 930 2045 1006 λογι-

389 1028 543 1099 σμῶν
580 1023 791 1099 μᾶλλον
842 1027 907 1094 ἦν
950 1026 985 1094 ἦ
1037 1026 1135 1093 τῆς
1186 1029 1357 1101 φορᾶς
1400 1026 1495 1077 τοῦ
1552 1018 1836 1094 δαίμονος,
1868 1018 1930 1074 ού
1962 1017 2042 1074 δι-

396 1114 651 1193 εφύλαξεν
686 1114 760 1175 εἷς
786 1111 948 1176 τέλος
976 1114 1076 1182 τὴν
1109 1113 1358 1187 γνώμην,
1392 1108 1517 1166 ούδὶ
1542 1110 1605 1166 τὸ
1647 1116 1747 1179 τῆς
1778 1108 2044 1183 πονηρίας

398 1202 706 1280 ἀπόρῥητον
758 1200 1071 1257 διεσώσατοο
1130 1199 1255 1257 ἀλλ’
1314 1198 1493 1274 ὥσπερ
1531 1200 1592 1253 τὸ
1647 1197 1899 1255 Αἰτναῖον
1940 1202 2045 1271 πῦρ

400 1291 561 1369 λόγος
609 1296 724 1353 τοῖς
768 1290 1001 1365 πυθμέσι
1061 1297 1159 1359 τῆς
1222 1286 1419 1358 Δῗτνης
1468 1290 1579 1362 (49)
1638 1286 2045 1364 ἐγκρύπτεσθαι,

394 1383 629 1436 κάτωθεν
679 1379 1053 1457 πλημμυροῦν
1105 1380 1195 1433 καὶ
1254 1377 1344 1453 βίᾳ
1395 1376 1786 1453 κρατούμενον,
1845 1374 1950 1430 εἶ’τε
1995 1397 2047 1430 τι

397 1468 540 1525 ἄλλο
578 1469 737 1525 τοῦτό
770 1468 933 1539 ἔστιν,
987 1467 1094 1523 εἷ’τε
1144 1469 1323 1541 ἆσθμα
1368 1464 1746 1538 κολαζομένου
1772 1464 2044 1540 γίγαντος,

396 1558 532 1620 τέως
594 1559 686 1631 μὲν
738 1552 969 1636 φοϐερὰν
1017 1556 1274 1632 ὑπηχεῖν,
1324 1554 1413 1610 καὶ
1466 1555 1667 1609 καπνὸν
1715 1558 1813 1608 τοῦ
1880 1556 2049 1608 κακοῦ

404 1650 629 1721 μήνυμα
657 1654 759 1716 τῆς
789 1649 1030 1725 κορυφῆς
1060 1644 1444 1721 ἀπερεύγεσθαῖ
1468 1661 1479 1673 ·
1529 1642 1573 1698 εἷ
1624 1641 1678 1697 δέ
1726 1664 1832 1697 που
1881 1641 2048 1696 πλεο-

403 1738 564 1791 νάσαν
611 1736 778 1812 τύχοι
828 1735 918 1790 καὶ
990 1732 1340 1798 δυσκάθεκτον
1384 1733 1615 1808 γένοιτο,
1670 1736 1778 1785 τῶν
1834 1730 2047 1785 οἰκείων

405 1824 627 1881 κόλπων
668 1819 1027 1901 ἀποϐρασθὲν,
1097 1820 1204 1877 ἄνω
1252 1821 1549 1900 φερόμενον
1594 1821 1683 1875 καὶ
1736 1820 1866 1896 ὑπὲρ
1922 1818 2050 1881 τοὺς

406 1920 677 1990 κρατῆρας
707 1912 996 1989 χεόμενον,
1028 1909 1167 1967 ἔστιν
1208 1912 1241 1965 ἄ
1290 1908 1377 1965 καί
1424 1916 1523 1979 τῆς
1562 1908 1921 1981 ὑποκειμένης
1948 1915 2052 1983 γῆς

406 2002 636 2081 φθείρειν
684 2000 895 2073 ἀπίστῳ
1098 2000 1187 2054 καὶ
1226 1993 1446 2076 φοϐερῷ
1498 1997 1745 2073 ῥεύματι⁶
1780 1996 1923 2051 οὕτω
1952 1996 2053 2049 κά-

405 2097 578 2146 κεῖνον
610 2088 751 2145 ἔστιν
802 2089 997 2163 εύρεῖν,
1048 2087 1177 2163 ἄχρι
1232 2088 1326 2160 μέν
1368 2107 1513 2147 τινος
1560 2086 1750 2141 ἑαυτοῦ
1780 2087 1893 2159 (51)
1921 2105 2051 2160 κρα-

404 2182 599 2233 τοῦντα
628 2177 717 2233 καὶ
748 2181 843 2231 τοῦ
874 2180 1187 2254 σοφιστικοῦ
1218 2172 1512 2251 δόγματος,
1542 2174 1718 2248 ἀπάτῃ
1772 2194 1830 2227 τε
1878 2170 2050 2227 διατι-

407 2268 561 2322 θέντα
588 2268 701 2340 (52)
746 2270 927 2327 κακῶς
974 2265 1040 2319 τά
1085 2263 1343 2339 ἡμέτερα·
1399 2263 1446 2317 εἲ
1493 2259 1550 2316 δέ
1603 2283 1705 2316 που
1734 2262 1797 2316 τὸ
1826 2261 2051 2335 ἀκρατὲς

402 2362 501 2425 τῆς
547 2355 717 2430 ὀργῆς
769 2348 1143 2429 ὑπερϐλύσειε,
1194 2349 1329 2425 μηδὲ
1373 2350 1627 2426 κρύπτειν
1687 2347 1940 2404 δύνασται
1987 2350 2048 2403 τὸ

404 2444 690 2514 κακόηθες,
723 2441 869 2499 ἀλλά
896 2446 1087 2518 γυμνῷ
1135 2442 1371 2516 χρῆσθαι
1400 2444 1480 2512 τῷ
1521 2437 1747 2514 διωγμῷ
1776 2439 1911 2494 κατὰ
1956 2443 2053 2493 τοῦ

402 2533 545 2589 θείου
574 2532 663 2588 καὶ
694 2526 943 2593 εὐσεϐοῦς
975 2533 1134 2603 ἡμῶν
1170 2528 1561 2605 συντάγματος.

2220 754 2469 810 LXXXV.
2505 754 2615 810 Sed
2667 770 3003 827 quanquam
3039 774 3106 813 ea
3138 763 3329 814 mente
3372 763 3544 827 esset,
3578 760 3809 833 hacque

2152 844 2332 898 animi
2367 842 2730 914 malignitate
2776 861 2842 899 ac
2892 846 3121 902 vafritie
3170 848 3239 902 ad
3293 848 3478 904 multa
3530 854 3806 919 uteretur,

2153 937 2450 1001 tamen,ut
2481 932 2583 1004 qui
2616 932 2839 988 nullam
2874 935 3055 989 animi
3091 936 3428 993 firmitatem
3452 944 3508 994 et
3540 946 3810 996 constan-

2154 1021 2298 1077 tiam
2322 1021 2668 1088 habere,nec
2700 1027 2819 1077 tam
2854 1023 3235 1094 cogitationes
3267 1042 3332 1081 ac
3364 1027 3617 1083 rationes
3647 1046 3809 1098 suas,

2156 1126 2335 1181 quam
2358 1109 2639 1165 damonis
2664 1111 2948 1182 impetum
2978 1121 3716 1188 sequeretur,nequaquam
3737 1119 3810 1174 ad

2155 1204 2480 1255 extremum
2515 1216 2702 1271 usque
2731 1199 2790 1255 in
2823 1202 3168 1257 sententiam
3213 1206 3447 1275 mansit,
3483 1223 3583 1261 nec
3616 1208 3812 1279 pravi-

2155 1288 2293 1343 tatis
2324 1304 2603 1343 arcanum
2637 1289 3659 1363 retinuit,Verum,quemadmodum
3687 1297 3811 1352 Et-

2158 1393 2349 1433 nzeum
2383 1376 2576 1447 ignem
2610 1386 2851 1432 narrant
2879 1379 3063 1434 zEtnas
3096 1380 3391 1437 radicibus
3415 1382 3718 1452 abscondi,
3740 1386 3812 1440 ab

2160 1466 2277 1520 ima
2307 1470 2468 1537 parte
2499 1467 2913 1534 exundantem,
2946 1484 3012 1522 ac
3045 1467 3095 1521 vi
3128 1475 3420 1525 retentum
3452 1477 3626 1543 atque
3657 1489 3811 1529 com-

2160 1570 2450 1626 pressum,
2470 1553 2590 1609 sive
2619 1554 2726 1609 hoc
2758 1555 2916 1610 aliud
2949 1558 3250 1629 quidpiam
3283 1560 3529 1624 est,sive
3558 1562 3816 1633 gigantis

2161 1660 2358 1715 pinnas
2389 1642 2584 1698 dantis
2639 1643 2957 1710 anhelitus,
2992 1646 3153 1716 prius
3186 1648 3423 1718 quidem
3456 1648 3815 1706 horrendum

2161 1732 2474 1802 quemdam
2508 1748 2722 1787 sonum
2751 1733 3814 1810 edcre,fumumque,propinquimali

2163 1819 2663 1886 indicem,vertice
2686 1837 2793 1876 suo
2824 1838 3085 1878 evomere
3109 1840 3121 1878 :
3149 1825 3303 1895 quod
3327 1826 3375 1879 si
3400 1826 3545 1881 forte
3568 1827 3817 1900 amplior

2161 1914 2218 1963 et
2246 1908 2655 1964 exuberantior
2697 1910 2891 1979 fuerit,
2928 1911 3319 1983 rapidiorque,
3349 1931 3525 1984 quam
3564 1922 3625 1970 ut
3655 1934 3815 1972 coer-

2164 1997 2279 2052 ceri
2309 2002 2503 2067 queat,
2538 2003 2664 2053 tum
2716 2016 2847 2055 vero
2878 2000 3107 2056 sinibus
3156 2001 3280 2058 suis
3310 2009 3450 2058 testu
3484 2004 3815 2062 vehementi

2163 2092 2847 2159 extrusum,sursumque
2881 2090 3309 2159 tendentem,ac
3332 2109 3511 2164 supra
3528 2095 3817 2149 foramina

2164 2192 2271 2230 sua
2293 2192 2418 2230 sese
2438 2176 3207 2248 effundentem,adjacentes
3241 2197 3474 2251 quoque
3502 2182 3816 2238 nonnullas

2164 2268 2327 2318 terra:
2364 2270 2556 2334 partes
2608 2265 2933 2321 incredibili
2965 2265 3062 2322 illo
3096 2273 3151 2321 et
3181 2266 3444 2324 horribili
3491 2270 3648 2325 ﬂuxu
3679 2288 3817 2342 per-

2166 2358 2389 2408 vastare
2418 2370 2431 2409 :
2465 2354 2669 2409 eodem
2702 2371 2935 2426 quoque
2960 2356 3133 2410 modo
3182 2355 3348 2411 illum
3382 2360 3632 2430 reperire
3661 2360 3816 2428 licet,

2164 2441 2591 2514 aliquantisper
2612 2444 2848 2513 quidem
2866 2450 2923 2499 et
2941 2444 3615 2516 seipsum,sophisticum
3638 2464 3815 2504 suum

2163 2529 2462 2585 decretum
2502 2530 2561 2585 in
2612 2537 2897 2602 potestate
2945 2538 3260 2601 tenentem,
3293 2550 3357 2589 ac
3409 2552 3510 2607 per
3548 2536 3814 2593 fraudem

402 2642 496 2681 res
531 2628 762 2680 nostras
794 2621 1183 2678 incommodis
1215 2620 1563 2676 efﬁcientem
1598 2635 1611 2675 ε
1645 2623 1938 2687 caeterum,
1971 2617 2021 2673 si
2053 2618 2287 2688 quando
2334 2618 2435 2674 ira:
2465 2620 2808 2690 impotentia
2838 2622 3258 2677 rcdundantior
3303 2629 3476 2691 esset,
3511 2628 3637 2681 tum
3682 2642 3816 2681 vero

406 2731 478 2770 ne
508 2713 689 2769 animi
720 2712 957 2785 quidem
991 2709 1427 2783 perversitatem
1462 2724 1724 2781 premere
1755 2724 1820 2763 ac
1850 2706 2225 2763 dissimulare
2271 2723 2465 2778 posse,
2501 2724 2701 2763 verum
2732 2710 3013 2765 adversus
3064 2709 3226 2782 pium
3259 2711 3640 2783 divinumque
3679 2732 3821 2771 nos-

410 2810 565 2860 trum
596 2818 805 2874 agmen
837 2802 997 2856 nuda
1026 2804 1084 2857 et
1112 2805 1312 2871 aperta
1344 2798 1744 2871 persecutione
1774 2796 2052 2869 grassari.

480 2892 593 2959 Πζ’.
654 2892 769 2946 Ἵνα
822 2889 923 2965 γάρ
978 2888 1117 2943 ἐάσω
1171 2887 1237 2941 τὰ
1285 2886 1422 2941 κατὰ
1492 2889 1597 2940 τῶν
1658 2884 1819 2960 ἁγίων
1892 2882 2056 2937 οἷ’κων

407 2979 817 3054 προστάγματα,
894 2973 1136 3049 δημοσίᾳ
1210 2995 1271 3030 τε
1348 2975 1710 3050 προτιθέμενα
1786 2971 1874 3027 καὶ
1946 2969 2058 3043 ἰδίᾳ

406 3066 791 3143 πληρούμενα,
822 3064 910 3120 καὶ
943 3062 1173 3134 σύλησιν
1206 3063 1570 3136 ἀναθημάτων
1596 3082 1654 3116 τε
1700 3060 1789 3115 καὶ
1837 3059 2056 3137 χρημά-

403 3178 538 3225 των,
597 3155 659 3210 ού
724 3152 937 3227 μᾶλλον
988 3152 1038 3224 ἆξ
1088 3147 1329 3213 ἀσεϐείας
1374 3154 1488 3222 (53)
1528 3152 1561 3220 ἢ
1607 3147 1931 3221 ἀπληστίας,
1963 3147 2052 3203 καὶ

405 3249 608 3300 σκευῶν
638 3244 797 3318 ἱερῶν
831 3241 1101 3318 άρπαγήν,
1143 3238 1298 3315 χερσῖ
1344 3234 1606 3314 βεϐήλοις
1658 3233 2051 3313 ὑϐριζομένων,

400 3333 526 3395 τούς
581 3353 641 3387 τε
689 3331 819 3406 ὑπὲρ
867 3329 1071 3385 τούτων
1118 3328 1414 3405 ἀγομένους
1471 3330 1579 3401 (54)
1627 3327 1717 3381 καὶ
1756 3321 2050 3402 στρεϐλου-

2241 2882 2523 2940 LXXXVI.
2559 2882 2631 2938 Ut
2659 2884 2816 2939 enim
2848 2884 3039 2940 edicta
3069 2902 3137 2942 ea
3171 2893 3531 2958 praeteream,
3562 2906 3689 2962 qua:
3722 2892 3827 2947 ad-

2165 2988 2368 3027 versus
2420 2972 2571 3027 aedes
2618 2988 2835 3043 sacras,
2869 2978 2992 3029 tum
3050 2976 3277 3046 publice
3318 2979 3816 3049 proponebantur,

2165 3064 2291 3115 tum
2324 3059 2591 3131 privatim
2635 3060 3036 3131 explebantur,
3068 3070 3125 3118 et
3178 3064 3497 3121 votivorum
3530 3067 3819 3122 donorum

2163 3164 2229 3203 ac
2256 3148 2639 3219 pecuniarum
2673 3149 3107 3221 expilationem,
3142 3169 3253 3207 non
3289 3155 3476 3226 magis
3507 3156 3580 3211 ab
3614 3156 3819 3227 impie-

2163 3241 2276 3291 tate
2323 3255 2498 3308 quam
2547 3240 2619 3293 ab
2679 3239 2925 3295 avaritia
2982 3248 3338 3307 manantem,
3398 3248 3455 3298 et
3511 3261 3814 3301 sacrorum

2163 3326 2308 3381 I2]
2364 3343 2655 3394 vasorum,
2687 3343 2813 3398 quae
2864 3330 3120 3399 profanis
3171 3330 3445 3387 manibus
3487 3333 3816 3404 petulanter

405 3422 619 3495 μένους,
678 3420 840 3495 ἱερεῖς
886 3440 944 3474 τε
990 3418 1077 3473 καὶ
1124 3418 1487 3492 ἀρχομένους,
1533 3414 1780 3477 καὶτοὺς
1810 3414 2045 3491 πλήρεις

2171 3420 2213 3469 at
2240 3414 2661 3471 contumeliose
2712 3418 3130 3489 tractabantur,
3175 3420 3586 3491 direptionem,
3618 3438 3811 3477 sacer-

402 3511 646 3583 αἱμάτων
679 3509 856 3570 κίονας
884 3513 1003 3569 ταῖς
1032 3505 1239 3562 τούτων
1286 3506 1442 3582 χερσὶ
1490 3502 1916 3578 κυκλουμένους,
1960 3505 2050 3559 καὶ

405 3599 797 3671 ζωννυμένους,
847 3597 1169 3669 ξαινομὲνων
1217 3600 1335 3656 ταῖς
1388 3593 1620 3667 μάστιξι,
1666 3594 1795 3656 τούς
1842 3614 1900 3648 τε
1931 3592 2053 3648 δια-

404 3690 621 3749 θέοντας
679 3685 903 3757 τοξότας
958 3684 1093 3739 κατά
1148 3681 1339 3745 πόλεις
1414 3684 1504 3737 καὶ
1570 3683 1758 3759 χώρας
1842 3682 2052 3755 ὠμοτέ-

410 3796 533 3852 ρους
564 3777 696 3849 (55),
720 3774 808 3829 καὶ
848 3774 1207 3850 θερμοτέρους
1238 3776 1332 3827 τοῦ
1361 3776 1527 3826 ταῦτα
1557 3770 1953 3843 έπιτάττοντος,
1978 3771 2053 3834 ὡς

409 3864 470 3919 ἃν
497 3864 613 3920 ἀντὶ
645 3867 862 3939 Περσῶν
889 3862 978 3917 καὶ
1013 3863 1233 3916 Σκυθῶν
1260 3860 1348 3916 καὶ
1377 3864 1484 3915 τῶν
1526 3857 1711 3915 ἄλλων
1767 3854 2051 3935 βαρϐάρων

408 3954 854 4029 παραστήσωνται
883 3970 896 3982 ·
948 3948 1039 4004 ’ίνα
1099 3950 1174 4023 μή
1222 3953 1389 4004 ταῦτα
1430 3946 1595 4023 λέγω,
1645 3946 1729 4010 τίς
1779 3947 1877 4002 οὐκ
1943 3947 2055 4003 οἶδε

407 4042 508 4110 τὴν
563 4036 953 4113 ’Δλεξανδρέων
1012 4037 1425 4113 ἀπανθρωπίαν;
1504 4034 1556 4091 ο’ί
1619 4036 1758 4111 πρὸς
1816 4035 2054 4098 πολλοῖς

408 4128 623 4200 ἄλλοις,
674 4130 755 4191 οἷς
800 4127 1221 4198 ένεανιεύσαντοι
1434 4126 1551 4180 καθ’
1598 4127 1761 4197 ἡμῶν
1803 4124 2055 4201 ἀμέτρως

405 4218 487 4293 τῷ
508 4223 682 4293 καιρῷ
729 4218 1093 4293 χρησάμενοι,
1140 4213 1319 4288 δῆμος
1368 4214 1519 4276 ὅντες
1567 4212 1871 4281 στασιώδης
1902 4214 2056 4293 φύσει

406 4308 497 4363 καὶ
550 4307 795 4381 μανικὸς,
838 4300 917 4360 ἔτι
962 4304 1053 4359 καὶ
1101 4308 1260 4359 τοῦτο
1304 4301 1551 4379 λέγονται
1598 4305 1909 4378 προσθεῖναι
1942 4306 2057 4377 (57)

406 4401 523 4458 τοῖς
592 4391 950 4467 ἀσεϐήμασιν,
1010 4390 1241 4466 αἵματος
1305 4389 1503 4447 διπλοῦ
1558 4393 1647 4446 τὸν
1710 4392 1854 4467 ἱερὸν
1909 4392 2057 4446 οἷκον

405 4487 567 4559 ἡμῶν
602 4484 900 4557 ἐμπλῆσαι,
948 4482 1070 4544 ὅσος
1111 4501 1169 4537 τε
1222 4482 1419 4535 θυσιῶν
1450 4479 1538 4535 καὶ
1574 4478 1699 4543 ὅσος
1732 4480 2053 4555 ἀνθρώπων·

478 4667 594 4735 (48)
624 4662 823 4739 Καίπερ
856 4659 944 4739 δήἶ
982 4664 1139 4739 Pass.
1175 4659 1372 4739 light-ep
1405 4657 1473 4717 δ’.

479 4730 591 4807 (49)
618 4740 742 4797 Τοῖς
772 4730 1005 4805 sinopici
1035 4735 1133 4803 τῆς
1160 4730 1383 4802 Αἴτνης.
1419 4756 1447 4784 ‹‹
1480 4732 1655 4789 ίΕιοω
1685 4732 2058 4789 radicibus.»

406 4812 567 4880 Virg.
601 4807 813 4863 AEneid.
845 4823 909 4863 ιιι
941 4822 957 4862 :

479 4875 645 4935 Fama
678 4891 771 4943 est,
805 4878 1068 4932 Enceladi
1092 4878 1413 4931 semiustum
1442 4875 1681 4947 fulmine
1707 4891 1901 4947 corpus

481 4953 674 5021 Urgeri
702 4952 843 5005 male
872 4951 991 5013 hac,
1020 4951 1399 5021 ingentemque
1428 4949 1656 5021 insuper
1685 4947 1904 5021 [Emam

479 5019 812 5093 Impositum,
844 5022 1023 5093 rupti:
1052 5019 1337 5093 ﬂammam
1364 5020 1650 5093 exspirare
1680 5020 1933 5093 camisia.

404 5088 646 5149 Ovidius
692 5109 848 5155 vero,
898 5091 999 5145 lib.
1035 5088 1063 5143 ἡ
1112 5088 1469 5160 ΜειιιιηονρΙι.
1515 5106 1625 5144 non
1682 5088 2058 5155 Enceladum,

404 5167 506 5223 sed
540 5164 863 5237 Typbceum
898 5162 1053 5216 hunc
1084 5169 1262 5237 vocat
1274 5162 1593 5232 gigantem.

477 5234 745 5306 Degravat
774 5237 935 5289 Αἰιηιι
960 5236 1143 5302 caput,
1173 5235 1274 5306 sub
1304 5249 1409 5303 qua
1440 5234 1955 5306 resupirlusprenas

476 5302 705 5379 Ejéctat,
737 5307 1125 5379 ﬂammamque
1154 5305 1276 5379 [ero
1307 5302 1473 5379 comit
1502 5302 1903 5379 aiejl‘yphzeug.

410 5371 540 5434 Hec
569 5371 921 5448 interposuit
947 5371 1281 5448 Gregorius,
1314 5373 1506 5445 inquit
1535 5371 1713 5438 Elias,
1744 5376 1810 5425 ut
1835 5372 2062 5427 Greco-

410 5468 537 5506 rum
570 5445 765 5519 futiles
797 5462 979 5519 nuges
1010 5445 1267 5519 sugillet.

480 5522 593 5591 (50)
629 5509 954 5589 ’Δπίστῳῗα
986 5509 1189 5591 lnﬁdo.
1225 5538 1252 5565 »
1426 5513 1477 5579 Ι,
1513 5514 1571 5569 in
1622 5530 1724 5568 ora
1753 5530 1841 5587 γρ.
1892 5509 2058 5566 ἀπλέ-

406 5586 510 5664 τῴ⁹
543 5586 701 5665 quod
733 5586 969 5665 secutus
997 5588 1227 5665 videtur
1257 5586 1483 5665 Bi‘llius,

480 5655 597 5739 (51)
634 5664 882 5737 Ἑαυτοῦ,
912 5665 1020 5717 sto.
1046 5659 1247 5716 Comb.
1281 5658 1366 5715 sic
1397 5655 1588 5716 reddit
1618 5673 1677 5713 ιιι
1709 5655 1800 5711 sui
1833 5671 2064 5727 compo-

2161 3503 2321 3559 dotes
2342 3503 2516 3559 etiam
2543 3504 2988 3577 subjectamque
3006 3506 3256 3578 plebem,
3272 3509 3371 3580 qui
3400 3527 3503 3582 pro
3527 3510 3618 3566 bis
3637 3511 3813 3567 rebus

2161 3592 2669 3660 abstrahebantur,
2702 3595 3192 3667 acerbissimeque
3237 3600 3680 3670 torquebantur,
3710 3616 3813 3654 co-

2162 3680 2395 3737 lumnas
2426 3699 2659 3754 quoque
2690 3685 2914 3740 cruoris
2946 3684 3391 3756 plenas,borum
3427 3690 3700 3743 manibus
3735 3692 3817 3743 at-

2164 3787 2276 3841 que
2312 3770 2641 3842 complexu,
2672 3772 2814 3827 dum
2864 3773 3042 3845 virgis
3090 3776 3556 3841 conciderentur,
3591 3792 3692 3847 per
3722 3793 3814 3831 or-

2163 3859 2297 3914 bem
2349 3860 2590 3928 cinctae,
2624 3860 2875 3931 denique
2918 3862 3250 3934 sagittarios
3278 3880 3380 3934 per
3430 3864 3604 3918 urbes
3631 3868 3688 3919 et
3726 3880 3815 3919 re-

2164 3946 2365 4018 giones
2394 3947 2807 4016 discurrentes,
2829 3954 3003 4020 atque
3033 3952 3157 4022 ipse
3191 3951 3314 4022 ipso
3344 3950 3544 4018 etiam,
3563 3951 3665 4023 qui
3698 3952 3816 4007 haec

2165 4035 2510 4106 imperabat,
2543 4037 2794 4092 acriores
2823 4042 2881 4092 et
2910 4038 3286 4107 crudeliores,
3318 4050 3433 4111 quo
3478 4057 3584 4097 nos
3614 4040 3815 4096 videli-

2166 4129 2257 4180 cet
2284 4142 2386 4197 pro
2419 4125 2609 4180 Persis
2661 4130 2717 4181 et
2744 4126 2971 4198 Scythis
3002 4126 3252 4200 aliisque
3292 4129 3557 4185 barbaris
3601 4130 3660 4185 in
3694 4130 3819 4185 dic-

2169 4215 2384 4268 tionem
2418 4230 2587 4269 suam
2619 4219 2791 4286 atque
2824 4216 3133 4287 imperium
3183 4218 3546 4290 redigerent;
3580 4225 3643 4273 ut
3671 4217 3816 4287 haec,

2167 4303 2637 4374 inquam,omnia
2662 4304 3283 4375 prwtei-mittain,eccui
3310 4308 3547 4361 tandem
3574 4308 3820 4362 Alexan-

2166 4392 2468 4446 drinorum
2503 4392 2816 4446 credulitas
2848 4393 3044 4463 ignota
3075 4402 3161 4447 est
3186 4395 3211 4447 ‘I
3244 4395 3342 4466 qui
3396 4400 3604 4467 praeter
3632 4398 3819 4451 multa

2168 4480 2302 4549 alia,
2322 4497 2449 4551 qum
2476 4480 2755 4536 adversus
2781 4498 2884 4537 nos
2908 4482 3312 4553 designarunt,
3338 4484 3615 4557 temporis
3640 4483 3816 4540 licen-

2166 4666 2281 4715 tem
2315 4676 2381 4715 ac
2412 4660 2624 4732 decreti
2656 4660 2960 4732 sophistici
2997 4668 3278 4728 tenacem,
3313 4686 3339 4713 ››

2238 4734 2350 4803 (ῷὶ)
2382 4729 2706 4803 Διατιθέντα.
2729 4729 3122 4803 ‘Sichuiuque
3160 4736 3338 4803 ltegii,
3368 4736 3462 4790 Or.
3497 4736 3624 4801 t,et
3653 4736 3814 4792 Colb.

2166 4800 2585 4881 ᾷ,’,δ;ατεθέντα.
2649 4804 2796 4881 Εςὶίῐ.
2838 4800 3155 4881 διατιθέναι.
3211 4800 3480 4861 Heinsius
3530 4800 3613 4863 Sic
3656 4808 3817 4881 legit,

2165 4873 2339 4944 ἀπάτῃ
2369 4873 2656 4946 χρώμενον
2690 4874 2998 4931 διατιθέναι.

2372 4940 2676 5019 λᾎσεϐείας.
2715 4948 2835 5001 Duo
2870 4948 3005 5019 Reg.
3038 4946 3304 5006 ἀπιστίας.

2238 5018 2348 5085 (54)
2383 5015 2733 5088 Ἀγομένους.
2786 5015 2985 5072 (3οη)ὴῖ
3020 5042 3045 5067 ‹‹
3083 5020 3179 5089 qui
3214 5020 3578 5074 ducebantur
3614 5024 3670 5075 et
3699 5024 3820 5076 tor-

2168 5090 2536 5159 quebantur;
2570 5089 2713 5143 diris
2765 5090 2951 5144 modis
3002 5090 3219 5144 habitis
3266 5091 3479 5145 idcirco
3529 5092 3681 5161 quod
3728 5091 3818 5147 his

2169 5161 2342 5214 rebus
2372 5163 2687 5213 obstarent.
2724 5182 2748 5205 n

2240 5231 2351 5299 (55)
2388 5230 2526 5305 Κνατά
2552 5228 2741 5305 πόλεις
2773 5229 2859 5282 καὶ
2893 5233 3100 5305 χώρας.
3138 5256 3165 5283 ι(
3200 5232 3305 5287 Per
3335 5232 3507 5286 urbes
3539 5239 3595 5305 et
3625 5233 3819 5305 regio-

2169 5318 2289 5379 nes.
2327 5304 2470 5379 {Sic
2503 5303 2759 5357 melioris
2811 5301 2954 5357 notae
2988 5301 3249 5359 'codices.
3296 5306 3397 5358 Ed.
3448 5302 3581 5355 κατὰ
3629 5301 3818 5379 χώρας

2167 5370 2254 5424 καὶ
2281 5368 2492 5433 πόλεις.

2241 5444 2352 5514 (56)
2401 5440 2847 5500 Ένεανιεύσαντο.
2903 5468 2929 5494 (‹
2985 5447 3117 5511 Quae
3166 5447 3473 5502 adversum
3536 5464 3641 5502 n08
3688 5445 3817 5502 ausi

2169 5521 2354 5570 sunt:
2396 5538 2414 5562 ι
2472 5516 2577 5581 vel,
2613 5538 2639 5564 «
2684 5516 2962 5587 petulanti
3014 5517 3283 5584 licentia;
3320 5542 3346 5567 ››
3398 5519 3503 5585 vel,
3538 5542 3565 5568 ‹‹
3618 5533 3813 5573 rerum

2170 5602 2448 5661 novarum
2484 5587 2677 5641 studio
2708 5589 3015 5661 adversum
3050 5606 3156 5644 nos
3187 5591 3587 5661 designarunt.
3626 5611 3647 5640 ι

2242 5660 2355 5731 (57)
2391 5662 2724 5734 [Ιροσθεῖναι.
2762 5659 2898 5733 Reg.
2937 5661 3055 5732 bm,
3089 5659 3411 5736 προσϐῆναι,
