4202 6212
324 359 443 420 61⁵7

1315 350 1602 415 ORATIO
1646 348 1745 415 ιν.
1780 387 1855 397 -
1885 350 2197 413 CONTRA
2241 350 2636 413 JULIANUM
2683 348 2733 411 Ι.

3613 354 3733 418 618

324 488 718 565 Ἀριθουσίων,
746 487 828 549 τίς
861 486 1033 549 οὕτως
1070 483 1173 557 ἕξω
1216 492 1317 556 τῆς
1360 487 1474 541 καθ’
1521 487 1670 559 ἡμᾶς
1720 482 1975 558 οἰκουμέ-

2105 484 2557 541 Arethusiorum.
2595 483 2727 557 quis
2757 486 2878 541 tam
2928 484 3001 541 ab
3045 486 3184 542 orbe
3232 490 3430 545 nostro
3475 494 3733 546 remotus

323 601 449 651 νης,
490 578 629 634 ὣστε
661 578 896 654 ἀγνοεῖν,
947 573 1036 631 καῖ
1084 577 1159 650 μὴ
1222 576 1437 652 φθάνειν
1496 580 1565 650 τῇ
1607 573 1852 652 διηγήσει
1884 574 1974 629 τὸν

329 667 779 743 μνημονεύοντα;
841 664 1013 727 Οὗτος
1071 664 1157 720 ἐπὶ
1219 664 1598 721 Κωνσταντίοιν
1660 669 1756 720 τοῦ
1819 664 1976 738 πάνυ,

323 757 462 814 κατᾶ
489 758 589 826 τήν
619 756 745 812 τότε
777 753 1074 829 δεδομένην
1107 754 1346 825 ἐξουσίαν
1378 760 1747 828 Χριστιανοῖς,
1783 752 1976 826 δαιμό-

325 867 429 902 νων
450 868 504 901 τι
525 843 769 910 καθελὼν
791 844 1110 920 οἰκητήριον
1124 842 1230 913 ,καὶ
1246 842 1498 920 πολλοὺς
1521 847 1849 919 Χριστιανῶν
1875 842 1979 896 ἀπὸ

323 943 427 1006 τῆς
452 934 786 1005 Ἑλληνικῆς
818 908 1033 1004 πλάνηις
1070 908 1408 1007 μεταστήσας
1441 932 1516 994 εἰς
1560 908 1829 1007 σωτηρίαν
1870 929 1982 1006 οὐχ

326 1028 492 1095 ἧττον
522 1022 611 1079 διὰ
637 1025 736 1093 τήν
768 1023 1020 1099 τοῦβίου
1053 1021 1415 1099 λαμπρότητα
1446 1021 1481 1091 ἢ
1520 1023 1620 1091 τὴν
1666 1025 1763 1076 τοῦ
1812 1019 1980 1097 λόγου

330 1112 585 1189 δύναμιν,
616 1114 682 1184 ἧν
719 1113 813 1187 μὶν
845 1112 905 1168 ἐκ
931 1110 1187 1175 πλείονος
1219 1110 1268 1166 ἐν
1308 1112 1447 1187 ὀργῇ
1479 1116 1594 1174 τοῖς
1616 1109 1979 1188 ’Δρεθουσίοις

332 1202 547 1277 μᾶλλον
582 1200 639 1257 δὲ
668 1200 1023 1278 ’Δρεθουσίων
1061 1204 1175 1275 (72)
1203 1206 1319 1263 τοῖς
1374 1198 1781 1279 φιλοδαίμοσιν.
1832 1198 1982 1256 Ἐπεὶ

329 1291 391 1349 δὲ
435 1294 503 1349 τὰ
551 1294 842 1369 πράγματα
889 1290 1112 1362 ἐκινήθη
1165 1293 1535 1367 Χριπιανοῖς,
1603 1289 1691 1345 καὶ
1756 1290 1822 1345 τὰ
1874 1292 1981 1344 τῶν

326 1381 610 1453 Ἑλλήνων
643 1379 997 1459 φλεγμαίνειν
1027 1377 1251 1457 ἤρξατο,
1292 1381 1390 1449 τὴν
1440 1384 1537 1434 τοῦ
1584 1382 1776 1455 καιροῦ
1827 1375 1984 1433 δυνα-

326 1472 505 1527 στείαν
563 1469 661 1526 ούκ
712 1467 890 1548 ἔφυγε.
937 1469 1169 1524 Φιλοῦσι
1220 1470 1322 1546 γὰρ
1370 1469 1421 1523 οἱ
1479 1466 1671 1542 δῆμοι,
1721 1467 1815 1522 κᾶν
1848 1468 1984 1545 πρὸς

326 1563 393 1616 τὸ
426 1561 594 1637 παρὸν
639 1561 954 1634 κατάσχωσι
997 1560 1092 1620 τὰς
1144 1558 1309 1634 ὀργὰς
1354 1560 1486 1633 (73),
1538 1557 1717 1632 ὣσπερ
1747 1561 1853 1633 πῦρ
1886 1556 1984 1629 ἒμ-

330 1650 581 1729 ςρωλεῦον
612 1646 793 1723 ῦλαις,
824 1650 859 1717 ἢ
895 1648 1067 1724 ῥεῦμα
1120 1648 1208 1721 βίᾳ
1254 1645 1643 1722 κρατούμενον,
1704 1645 1748 1699 εί
1795 1648 1986 1721 καιροῦ

330 1735 611 1807 λάϐοιντο,
660 1736 983 1801 ἀνάπτεσθαί
1037 1758 1095 1792 τε
1149 1736 1237 1791 καὶ
1305 1734 1753 1811 ἀναῤῥήγνυσθαι.
1815 1735 1984 1809 Ὁρῶν

333 1826 427 1883 οὖν
478 1830 576 1897 τὴν
633 1831 730 1882 τοῦ
789 1824 969 1900 δήμου
1026 1824 1236 1897 κίνησιν
1300 1823 1381 1879 ἐπ’
1430 1823 1588 1879 αὐτὸν
1649 1825 1781 1897 (74),
1834 1819 1984 1878 οὐδὲν

336 1919 556 1994 μέτριον
588 1918 622 1986 ἦ
651 1914 998 1987 ἰννοούντων,
1049 1917 1083 1985 ἢ
1112 1913 1499 1981 ἀπειλούντων,
1538 1915 1605 1968 τὰ
1655 1914 1748 1985 μὶν
1797 1918 1989 1988 πρῶτα

334 2004 576 2081 δρασμὸν
620 2004 961 2081 βουλεύεται,
1012 2004 1072 2058 ού
1120 2003 1189 2059 δι’
1241 2002 1519 2079 ἀνανδρίαν
1557 2001 1768 2077 μᾶλλον
1800 2004 1834 2071 ἣ
1884 2003 1984 2071 τὴν

333 2094 551 2173 φεύγειν
584 2094 643 2149 ἐκ
670 2093 886 2157 πόλεως
919 2093 993 2156 εἷς
1024 2093 1185 2149 πόλιν
1243 2091 1564 2148 κελεύουσαν
1595 2090 1839 2162 ἐντολὴν,
1897 2091 1986 2145 καὶ

334 2184 649 2259 ὑποχωρεῖν
678 2188 796 2246 τοῖς
838 2181 1114 2245 διώκταις·
1150 2190 1350 2258 χρῆναι
1396 2182 1500 2258 γὰρ
1548 2183 1624 2255 μή
1672 2182 1739 2236 τὰ
1785 2182 1983 2235 ἑαυτῶν

334 2278 554 2329 σκοπεῖν
587 2272 751 2347 μόνον
785 2275 899 2346 (75)
924 2271 1276 2347 Χριστιανοὺς
1301 2271 1481 2344 ὄντας,
1516 2269 1656 2344 μηδὶ
1674 2270 1719 2325 εἰ
1742 2270 1862 2327 λίαν
1886 2272 1987 2325 εἷεν

335 2361 708 2440 ἀνδρειότατοί
767 2364 879 2435 (76)
934 2382 993 2416 τε
1049 2362 1138 2416 καὶ
1186 2362 1663 2437 καρτερικώτατοι,
1695 2358 1841 2415 ἀλλά
1896 2361 1985 2415 καὶ

331 2457 444 2508 τῶν
477 2450 781 2507 διωκόντων
832 2448 1123 2528 φείδεσθαι,
1174 2451 1272 2522 ὡς,
1314 2449 1376 2505 τό
1429 2471 1492 2525 γε
1521 2450 1598 2512 εἷς
1628 2449 1822 2512 αὐτοὺς
1850 2452 1983 2519 ἧκον

338 2542 531 2618 μέρος,
568 2542 643 2615 μὴ
674 2545 753 2613 τῷ
789 2537 1026 2613 κινδύνῳ
1055 2560 1108 2594 τι
1142 2538 1478 2618 ωνεσφὲρειν
1512 2541 1621 2613 (77)
1669 2544 1775 2594 τῶν
1826 2536 1989 2594 πολι-

338 2632 502 2705 μίων.
552 2629 700 2685 Ἐπεὶ
750 2627 807 2684 δὲ
846 2628 1040 2703 ᾔσθετο
1090 2626 1315 2684 πολλῶν
1369 2628 1463 2702 μὲν
1518 2625 1587 2683 δι’
1638 2627 1794 2683 αὐτὸν
1828 2627 1987 2683 ἑλκο-

339 2722 519 2795 μὲνων
573 2719 663 2774 καὶ
732 2719 1043 2793 ἀγομένων,
1094 2716 1321 2774 πολλῶν
1375 2716 1433 2772 δὲ
1477 2722 1583 2773 τῶν
1622 2716 1745 2794 περί
1806 2721 1989 2793 ψυχῆς

332 2808 646 2886 τρεχόντων
679 2805 770 2863 διὰ
796 2809 896 2877 τὴν
925 2811 1033 2864 τῶν
1067 2805 1375 2863 διωκόντων
1408 2806 1692 2881 ὡμότητα,
1744 2807 1844 2862 οὐκ
1891 2808 1987 2877 ἠν-

336 2901 533 2975 έσχετο
562 2902 640 2969 τῷ
668 2898 783 2952 καθ’
814 2896 997 2952 ἑαυτὸν
1030 2895 1260 2975 ἀσφαλεῖ
1290 2898 1401 2969 (78)
1442 2895 1571 2958 τοὺς
1603 2894 1808 2958 ἄλλους
1837 2917 1988 2972 περι-

337 2992 469 3063 ορᾷν
496 2982 917 3046 κινδυνεύοντας·
951 2985 1038 3040 καὶ
1069 2982 1158 3039 διὰ
1198 2988 1359 3039 τοῦτο
1415 2980 1730 3058 βουλεύεται
1783 2981 1988 3060 βουλὴν

335 3074 567 3152 ἀρίστην
593 3095 651 3130 τε
678 3074 767 3130 καὶ
800 3072 1274 3153 φιλοσοφωτάτηνο
1324 3072 1383 3128 ἐκ
1423 3079 1524 3143 τῆς
1556 3080 1734 3150 φυγῆς
1782 3071 1991 3127 ἐπάνει-

342 3187 421 3237 σι,
442 3164 531 3220 καὶ
561 3169 641 3237 τῷ
672 3160 838 3238 δήμῳ
869 3162 1043 3241 φέρων
1087 3164 1272 3218 ἑαυτὸν
1321 3159 1570 3217 ἐκδίδωσι
1621 3168 1858 3237 χρῆσθαι
1908 3161 1989 3216 ὅτι

2087 579 2195 643 est,
2219 578 2286 630 ut
2314 574 2562 646 ignoret,
2584 590 2651 630 ac
2672 580 3232 633 commemorantem
3264 578 3598 635 narratione
3619 596 3736 636 non

2088 662 2452 719 antevertat?
2480 662 2583 717 Hic
2613 679 2770 732 cum,
2804 664 3021 737 insigni
3054 664 3151 722 illo
3182 665 3520 723 Constantio
3551 667 3738 739 impe-

2088 758 2274 819 rante,
2306 768 2411 824 pro
2444 768 2510 808 ea
2539 756 2845 824 potestate,
2881 771 3005 826 quas
3036 758 3163 810 tum
3214 755 3562 813 Christianis
3593 773 3737 813 con-

2089 859 2254 899 cessa
2285 843 2495 910 fuerat,
2518 841 2869 899 dimicilium
2888 844 3184 915 quoddam
3216 846 3546 901 dtemonum
3579 862 3738 903 ever-

2087 933 2277 1003 tisset,
2307 948 2373 987 ac
2404 930 2622 988 multos
2653 948 2809 987 nunc
2839 932 3205 991 Christianos
3237 952 3271 991 a
3310 935 3515 1007 gentili
3544 952 3739 993 errore

2091 1023 2161 1079 ad
2196 1020 2468 1090 salutem,
2506 1037 2623 1077 non
2655 1021 2854 1077 minus
2883 1021 2957 1079 ob
2978 1022 3113 1078 vitae
3142 1022 3534 1097 splendorem,
3559 1042 3739 1098 quam

2092 1112 2165 1168 ob
2196 1110 2426 1167 dicendi
2449 1110 2784 1167 facultatem
2808 1115 2983 1184 atque
3006 1111 3329 1168 doctrinam
3359 1114 3739 1185 traduxisset,

2083 1198 2440 1271 jampridem
2472 1198 2604 1254 odio
2645 1198 2975 1256 Arethusiis
3018 1204 3163 1271 erat,
3192 1200 3279 1256 vel
3311 1201 3386 1256 iis
3417 1203 3612 1273 potius
3641 1204 3741 1276 qui

2094 1290 2246 1345 inter
2274 1288 2619 1345 Arethusics
2667 1292 2834 1345 erant
2871 1290 3202 1345 daamonum
3236 1295 3499 1348 amantes
3529 1296 3587 1349 et
3615 1293 3742 1348 cul-

2091 1381 2267 1434 tores.
2303 1382 2690 1451 Posteaquam
2738 1382 2934 1434 autem
2983 1379 3226 1436 mutatis
3273 1380 3742 1437 Christianorum

2097 1468 2294 1535 rebus,
2314 1467 2623 1541 gentilium
2648 1484 2739 1524 res
2756 1471 2983 1525 tumere
3008 1473 3064 1525 et
3092 1484 3401 1542 assurgere
3430 1474 3747 1543 coeperunt,

2094 1557 2374 1629 temporis
2389 1557 2709 1629 potentiam
2728 1556 3185 1630 haudquaquam
3204 1558 3747 1632 ett‘ugit.Mu1titudo

2096 1647 2335 1719 quippe,
2359 1646 2590 1703 etiamsi
2616 1646 2675 1702 in
2706 1664 2962 1720 praesens
2990 1648 3248 1721 impetus
3278 1649 3749 1722 cupiditatesque

2095 1752 2235 1792 suas
2294 1741 2575 1805 coerceat,
2636 1738 3138 1808 quemadmodum
3185 1738 3339 1811 ignis
3389 1738 3449 1794 in
3503 1738 3751 1796 materia

2097 1823 2308 1897 latens,
2324 1829 2426 1882 aut
2453 1826 2646 1883 amnis
2670 1844 2991 1899 repressus,
3016 1826 3210 1883 oblata
3226 1832 3424 1884 tamen
3448 1827 3749 1885 occasione

2097 1915 2335 1971 accendi
2384 1920 2554 1987 atque
2583 1932 2890 1989 erumpere
2926 1917 3248 1973 consuevit.
3279 1917 3576 1987 Quocirca,
3613 1934 3748 1974 cum

2096 2004 2380 2077 populum
2432 2005 2745 2061 adversum
2814 2022 2876 2062 se
2921 2006 3252 2079 incitatum,
3306 2023 3409 2063 nec
3464 2006 3749 2064 moderati

2097 2093 2421 2165 quidquam
2452 2093 2542 2151 vel
2571 2095 3040 2167 cogitantem,vel
3072 2095 3529 2153 comminantem
3556 2111 3751 2153 cerne-

2098 2188 2203 2253 ret,
2229 2182 2485 2255 primum
2518 2183 2947 2240 consciscendae
2976 2185 3129 2257 fuge
3159 2184 3470 2242 consilium
3494 2184 3747 2255 init,non

2096 2277 2214 2328 tam
2243 2272 2474 2344 ignavia
2504 2274 2744 2344 fractus,
2766 2288 2942 2345 quam
2973 2277 3258 2347 praecepto
3288 2273 3388 2331 illo
3421 2277 3745 2347 permotus,

2095 2377 2212 2432 quo
2233 2377 2263 2416 e
2290 2360 2522 2417 civitate
2550 2360 2610 2417 in
2635 2361 2927 2418 civitatem
2958 2362 3177 2435 fugere,
3202 2367 3258 2419 et
3277 2363 3750 2435 persecutoribus

2096 2451 2299 2506 cedere
2322 2450 2605 2522 jubemur
2632 2452 2697 2505 ιδ.
2730 2451 2925 2523 Neque
2958 2452 3115 2509 enim
3145 2452 3528 2524 Christianos,
3562 2470 3749 2526 quan-

2095 2539 2313 2595 tumvis
2347 2540 2543 2611 fortes,
2576 2557 2642 2598 ac
2674 2538 2961 2613 singulari
2992 2541 3300 2599 tolerantia
3333 2542 3628 2615 praeditos,
3660 2540 3752 2598 sui

2096 2634 2325 2685 tantum
2344 2630 2631 2685 rationem
2654 2628 2869 2686 habere
2891 2632 3254 2703 oportet,sed
3276 2631 3751 2704 persecutoribus

2099 2735 2327 2792 quoque
2367 2735 2625 2791 parcere,
2660 2723 2725 2775 ut
2762 2735 2854 2789 ne,
2898 2722 3188 2791 quantum
3236 2721 3295 2776 in
3344 2720 3487 2794 ipsis
3536 2723 3645 2791 est,
3678 2721 3750 2776 ad

2100 2807 2359 2864 hostium
2422 2807 2750 2880 periculum
2808 2812 2865 2865 et
2921 2809 3360 2866 damnationem
3416 2826 3486 2866 ex
3540 2809 3752 2882 seipsis

2101 2897 2323 2970 aliquid
2375 2899 2528 2954 I23
2582 2898 2901 2955 conferant.
2936 2902 3008 2954 At
3053 2902 3365 2971 postquam
3398 2898 3615 2957 multos
3645 2916 3754 2957 sua

2102 3004 2279 3043 causa
2319 2987 2453 3043 duci
2503 3004 2569 3043 ac
2618 2986 2795 3059 trahi,
2827 2988 3048 3045 multos
3085 2988 3262 3045 etiam
3294 2990 3366 3046 ob
3397 3004 3753 3062 persequen-

2102 3078 2248 3133 tium
2281 3076 2686 3136 credulitatem
2718 3077 2778 3133 in
2811 3078 3018 3135 animae
3046 3078 3305 3152 periculo
3336 3082 3551 3138 versari
3583 3079 3759 3137 intel-

2100 3167 2260 3233 lexit,
2290 3172 2420 3223 tum
2452 3184 2582 3223 vero
2614 3167 2778 3239 alios,
2813 3185 2878 3224 eo
2912 3170 3067 3241 quod
3098 3169 3223 3241 ipse
3256 3170 3312 3226 in
3347 3174 3495 3240 tuto,
3526 3170 3756 3244 pericli-

343 3252 635 3331 βούλοιντο
677 3256 815 3327 (79),
836 3253 925 3308 καὶ
957 3253 1092 3329 πρὸς
1119 3254 1217 3322 τήν
1250 3251 1345 3307 τοῦ
1374 3250 1565 3327 καιροῦ
1603 3250 1987 3328 παρατάσσεται

2105 3260 2294 3313 tantes
2316 3256 2609 3329 negligere
2634 3256 2878 3314 minime
2909 3259 3285 3331 sustinuit,ac
3317 3241 3561 3332 proinde
3579 3277 3759 3335 prais-

341 3342 655 3402 δυσκολίαν.
709 3344 968 3398 Ἐνταῦθα
1013 3341 1065 3396 τί
1119 3343 1212 3414 μὶν
1261 3341 1403 3411 ἀπῆν
1448 3345 1557 3396 τῶν
1604 3338 1824 3409 δεινῶν;
1855 3340 1907 3395 τί
1938 3337 1995 3395 δὲ

339 3435 441 3490 οὐκ
469 3434 741 3489 ἰπενοεῖτο
772 3431 1062 3509 βαρύτερον
1091 3451 1104 3500 ;
1137 3428 1321 3486 ἄλλῶν
1352 3429 1493 3485 ἄλλο
1513 3432 1693 3504 τι
1721 3450 1993 3505 συνεισφε-

343 3524 547 3600 ρόντων
581 3524 719 3600 πρὸς
751 3522 868 3585 ἑνὸς
900 3524 1070 3576 κακοῦ
1102 3519 1429 3595 συλφωνίαν,
1475 3517 1598 3574 οὐδὲ
1654 3520 1716 3574 τὸ
1764 3518 1996 3597 φιλόσο-

343 3635 442 3691 φον
499 3617 596 3669 τοῦ
651 3609 843 3688 ἀνδρὸς
901 3608 1258 3683 αἰδουμένων,
1320 3609 1364 3665 εί
1428 3612 1501 3683 μή
1558 3631 1608 3664 τι
1667 3605 1829 3680 ἄλλο,
1886 3612 1992 3663 τῶν

342 3703 671 3777 ἐγκειμένων
694 3698 939 3775 (81)’διὰ
965 3704 1126 3755 τοῦτο
1162 3699 1255 3773 μὶν
1298 3696 1389 3754 οὖν
1438 3698 1527 3753 καὶ
1578 3696 1743 3752 πλέον
1794 3697 1993 3772 ἀγανα-

342 3792 638 3864 κτούντων,
677 3789 761 3847 ὅτι
808 3788 1196 3867 περιφρόνησιν
1238 3787 1411 3843 αὐτῶν
1447 3786 1657 3862 μᾶλλον
1685 3788 1719 3855 ἣ
1747 3784 1991 3862 ἀνδρείαν

343 3880 487 3957 πρὸς
539 3880 666 3942 τοὺς
718 3876 1001 3941 κινδύνους
1046 3878 1145 3947 τήν
1186 3882 1282 3933 τοῦ
1329 3874 1522 3954 ἀνδρὸς
1551 3876 1849 3953 παρουσίαν
1883 3880 1993 3951 (82)

337 3968 608 4043 ἰνόμιζον.

2104 3346 2510 3403 tantissimum
2582 3348 2955 3419 maximeque
3022 3348 3493 3422 pbilosophicum
3566 3351 3758 3407 consi-

2104 3436 2251 3491 lium
2283 3435 2457 3507 capit.
2492 3436 2573 3491 Ex
2603 3436 2742 3508 fuga
2771 3436 2929 3492 enim
2960 3438 3132 3506 redit,
3170 3454 3413 3511 seseque
3454 3439 3605 3497 ultro
3638 3441 3762 3513 ple-

2104 3525 2195 3581 bis
2227 3524 2464 3581 arbitrio
2495 3524 2873 3597 tradit,atque
2895 3527 3172 3585 adversus
3192 3529 3475 3602 temporis
3505 3528 3757 3586 difﬁcul-

2106 3616 2284 3669 tatem
2316 3612 2474 3668 velut
2504 3613 2689 3670 aciem
2712 3614 3084 3672 instruit.Hic
3101 3633 3234 3675 vero
3258 3617 3398 3689 quid
3421 3617 3756 3675 acerbitatis

2103 3701 2356 3757 aberat?
2386 3701 2524 3774 quid
2581 3719 2697 3759 non
2739 3703 2917 3760 etiam
2965 3704 3223 3762 atrocius
3263 3706 3699 3777 excogitabatur
3728 3706 3758 3762 ?

2103 3806 2237 3845 cum
2270 3789 2490 3846 scilicet
2518 3788 2618 3846 alii
2648 3789 2810 3847 aliud
2840 3793 2964 3864 pari
3001 3794 3245 3851 consilio
3286 3795 3357 3849 ad
3404 3794 3581 3850 unius
3612 3793 3753 3850 mali

2100 3878 2594 3951 conspirationem
2638 3881 2990 3949 conferrent,
3040 3900 3167 3951 nec,
3208 3883 3258 3940 si
3302 3881 3469 3939 nulla
3503 3882 3617 3940 alia
3665 3900 3747 3956 re,

2101 3967 2308 4024 saltem
2358 3967 2535 4039 hujus
2582 3968 2691 4024 viri
2732 3970 3063 4028 constantia
3108 3976 3500 4043 moverentur,
3533 3971 3635 4045 qui
3666 3971 3751 4029 illi

337 4058 730 4117 imminebant
776 4074 789 4113 :
842 4057 984 4129 quin
1034 4057 1228 4131 potius
1276 4056 1386 4113 hoc
1435 4072 1668 4128 quoque
1716 4055 1951 4111 nomine
1991 4055 2399 4112 vehementius
2441 4055 2947 4128 incandescerent,
2977 4060 3132 4131 quod
3180 4059 3337 4117 illius
3385 4061 3641 4118 reditum
3685 4077 3751 4119 ac

338 4148 735 4224 pmsentiam,
793 4164 909 4204 non
970 4155 1086 4205 tam
1145 4145 1552 4205 fortitudinem
1600 4145 1881 4203 adversus
1932 4144 2209 4217 pericula,
2269 4161 2446 4218 quam
2477 4146 2742 4218 ipsorum
2773 4152 3177 4221 contemptum
3209 4149 3749 4223 interpretarentur.

412 4276 457 4311 ⁴⁵
484 4274 686 4331 Matth.
710 4291 767 4341 ι,
798 4274 886 4329 23.

340 4406 587 4464 modum
637 4421 705 4460 ac
752 4404 1039 4460 famosam
1086 4401 1535 4471 Ariminensem,
1588 4400 1713 4471 ipse
1762 4400 1995 4461 Marcus

340 4476 688 4534 Arethusius
718 4476 956 4531 dictavit
984 4491 1137 4530 anno
1174 4474 1297 4528 358.
1320 4473 1463 4547 (Haec
1491 4473 1747 4547 profecto
1777 4475 1992 4547 Grego-

341 4550 469 4605 rius
542 4550 593 4604 si
636 4547 904 4619 novisset
960 4547 1033 4619 de
1086 4549 1276 4600 Marco
1299 4544 1629 4619 Arethusia,
1685 4544 1991 4619 nunquam

340 4636 502 4688 eum,
537 4641 567 4670 ι(
595 4618 783 4675 virum
815 4618 1093 4675 eximium
1116 4640 1145 4667 »
1168 4616 1542 4689 appellasset,
1564 4632 1669 4672 nec
1691 4622 1811 4672 tam
1828 4616 1991 4674 'mul-

340 4699 405 4749 ta
433 4686 507 4747 de
535 4708 601 4747 so
631 4691 947 4747 honoriﬁce
977 4686 1369 4762 praedicasset.
1392 4686 1455 4762 In
1472 4689 1664 4744 Marco
1685 4689 1993 4762 Arethusia

339 4765 528 4837 igitur
555 4762 887 4837 Gregorius,
920 4760 1161 4837 perinde
1206 4760 1467 4837 atquein
1482 4760 1993 4837 _§Jonstantio_Au-

339 4831 541 4916 g'usto,
592 4831 963 4916 ignoratione
1019 4833 1155 4916 facti
1204 4831 1433 4916 erravit.
1482 4831 1585 4914 γει
1617 4833 1993 4916 postmodum

341 4903 925 4974 audieram-Marcum
957 4910 1088 4961 ante
1118 4905 1293 4959 ﬁnem
1323 4904 1449 4959 vita
1494 4903 1857 4975 impietatem
1889 4905 1993 4961 ab-

337 4982 598 5055 jurasse,
628 4982 687 5033 et
716 4976 1080 5055 ad_Eccl_esia_a
1110 4975 1487 5055 ﬁdeliumque
1517 4977 1992 5033 communionem

344 5047 612 5117 rediisse,
646 5049 801 5120 quod
828 5049 1154 5120 arbitratur
1181 5047 1485 5120 Baronius.

418 5122 533 5195 ('72)
564 5116 788 5195 Μᾶλλον
823 5116 882 5195 δὲ
940 5118 1341 5195 ’ᾼρεθουσίωνη
1374 5117 1500 5173 Bill.
1559 5140 1590 5195 ξ(
1646 5116 1738 5175 vel
1792 5116 1993 5189 potius

341 5190 793 5249 Arethusiorum
846 5190 1196 5263 impiissimo
1252 5190 1481 5261 cuique,
1543 5191 1995 5261 daemonumque

345 5264 784 5321 amantissimo.
817 5284 846 5314 »

420 5335 536 5407 (73)
572 5333 676 5396 Τὰς
735 5332 919 5409 ὀργάς.
983 5354 1012 5384 κ
1064 5337 1206 5391 Iras.
1245 5352 1297 5409 _«
1353 5330 1601 5409 Montes.
1670 5329 1766 5409 τὰς
1793 5326 1972 5409 ῥρμέᾴς

344 5429 373 5457 ι(
406 5400 931 5490 impetus,_»'e't‘in
987 5422 1087 5490 ora
1113 5424 1201 5481 γρ.
1238 5400 1421 5479 ὀργάς.
1446 5403 1590 5459 Mss.
1622 5400 1807 5458 nostri
1833 5400 1973 5457 nihi

348 5477 578 5551 praeter
594 5477 1073 5551 edita_e;bib_ent.

418 5548 534 5623 (74)
566 5546 685 5623 Ἐπ’
714 5546 910 5623 αὐτόν,
940 5545 1068 5623 Duo
1125 5545 1288 5623 Bsg.,
1346 5543 1507 5603 Colb.
1540 5541 1597 5616 3,
1645 5541 1761 5599 duo
1793 5538 1992 5616 Coisl.,

344 5619 525 5692 Pass.»
548 5622 811 5680 Combef.
846 5620 1091 5692 addunt,
1125 5619 1328 5692 ἰοῦσαν.

418 5691 789 5769 (75)Σκοπεῖα
825 5689 1013 5766 μόνον.
1049 5685 1132 5749 Ita
1171 5691 1311 5766 Reg.
1373 5688 1413 5761 l,
1473 5692 1590 5746 tres
1640 5685 1821 5757 Colb.,
1881 5688 1991 5745 etc.

672 5822 932 5885 Pauca.
981 5820 1092 5885 Gs.
1139 5817 1385 5885 XXXV.

2105 4404 2165 4459 In
2196 4399 2288 4458 ed.
2317 4397 2490 4474 *μόνον
2524 4404 2656 4474 post
2676 4397 2856 4463 ὄντας.

2174 4474 2286 4549 (76)
2316 4469 2737 4548 ’Ἀνδρεῶτατομ
2770 4475 2908 4547 Reg.
2943 4474 3065 4543 bm,
3099 4474 3138 4547 l,
3170 4475 3329 4533 Colb.
3364 4474 3421 4549 ις,
3464 4473 3625 4536 Pass.
3656 4472 3749 4534 ἀν·-

2102 4542 2130 4598 δ
2136 4565 2164 4619 ρ
2175 4542 2424 4619 ικῴτατοι
2435 4587 2448 4600 .

2168 4617 2282 4696 (77)
2340 4612 2735 4696 Συνεισιεέρεεν.
2795 4617 3076 4674 Eamdem
3144 4619 3217 4675 ob
3282 4636 3522 4696 causam
3571 4621 3751 4696 Chry-

2104 4693 2399 4762 sostomus
2437 4689 2795 4762 (fugiendam
2822 4704 2996 4762 esse
3038 4691 3501 4762 persecutionem
3584 4689 3755 4750 doc'et

2104 4760 2372 4833 exemplo
2432 4760 2686 4833 Davidis,
2730 4760 2839 4833 qui
2879 4760 3057 4833 fugit;
3081 4778 3174 4832 ne,
3221 4762 3524 4821 innoxium
3558 4765 3751 4823 Saulis

2104 4831 2451 4904 sanguinem
2480 4831 2808 4904 fundendo,
2840 4831 2975 4904 reus
3000 4833 3180 4904 ﬁeret.

2176 4898 2285 4975 (78)
2314 4903 2441 4967 Καθ’
2478 4898 2663 4956 ἑαυτὸν
2696 4899 2946 4978 ἀσφαλεῖ.
2979 4902 3219 4975 Billlus;
3254 4929 3283 4956 ‹‹
3315 4907 3387 4962 ob
3419 4906 3751 4964 cautionem

2105 4992 2292 5032 suam.
2328 4996 2355 5024 ))

2175 5048 2295 5123 (79).
2344 5041 2663 5123 Βούλοιντο.
2713 5046 2856 5102 Tres
2910 5045 3088 5119 Regg.
3130 5046 3289 5103 Colb.
3328 5047 3383 5121 8,
3419 5046 3750 5123 βούλωνται.

2108 5115 2246 5174 Res.
2271 5115 2401 5174 'bm.
2439 5115 2749 5174 Βούλονται.

2108 5116 2190 5174 ΗΕ
2234 5116 2376 5173 .bm
2475 5116 2749 5171 ούλονται.
3000 5116 3059 5119 ἡ
3364 5116 3376 5121 ’
3419 5116 3429 5123 ’

2108 5260 2119 5272 θ
2175 5134 2287 5270 (g0)
2317 5116 2541 5273 “algas;
2570 5184 2711 5273 ἄλλο
2742 5203 2816 5273 τε,
2848 5191 2955 5273 etc.
2992 5187 3219 5273 Billius,
3256 5209 3275 5239 ι
3309 5204 3380 5273 οξ
3409 5190 3503 5262 iis,
3535 5208 3639 5266 qui
3668 5190 3752 5273 illi

2104 5259 2515 5329 imminebant,
2533 5259 2673 5334 ﬁalii
2721 5259 2883 5334 aliud
2941 5259 3242 5334 quidpiam
3300 5262 3373 5318 ad
3406 5259 3580 5321 unius
3614 5262 3755 5320 mali

2106 5337 2454 5389 concentum
2487 5330 2760 5388 aﬂ'erren‘t
2815 5352 2844 5379 ››

2176 5405 2289 5476 (81)
2336 5406 2451 5478 Τῶν
2510 5399 2860 5478 ἐγκειμένων.
2907 5401 3332 5478 Sicplerique
3399 5406 3569 5478 codd.
3628 5406 3753 5478 l_)uo

2106 5472 2301 5531 autem
2334 5472 2755 5545 Regg.,'Pass.,
2788 5475 2903 5530 duo
2952 5472 3122 5545 cois].
3161 5472 3267 5530 τῶν
3299 5472 3574 5538 ἰκείνου...
3627 5476 3753 5536 Duo

2106 5490 2301 5531 autem
2334 5490 2509 5601 11Θὲ3.
2568 5490 2755 5541 Βᾶθι,
2788 5490 2937 5558 (11.1οὰ
2952 5490 3122 5530 [30181.
3161 5494 3267 5530 των
3299 5490 3353 5531 ικ

2296 5550 2402 5600 τῶν
2461 5566 2486 5598 ν
2520 5518 2843 5620 ἀκείνφ-ρνο
2871 5564 2979 5598 των
3011 5542 3353 5620 ἐγκειμένων.

2184 5567 2263 5602 ω.
2296 5567 2402 5600 των
2437 5567 2486 5601 εν
2522 5567 2658 5600 ικειν
2740 5567 2843 5618 pro
2871 5567 2979 5598 των
3011 5567 3353 5620 εγκειμενων.

2178 5618 2289 5691 (82)
2319 5617 2640 5692 Παρθυαίαν.
2664 5567 2857 5677 riunt.
2890 5635 2981 5694 γρ.
3014 5616 3342 5695 παρῥησίαν.
3602 5668 3715 5831 f

3359 5812 3442 5911 89
