2101 3106
208 162 264 194 621
709 160 857 194 ORATIO
880 159 1147 192 lV.—CONTRA
1168 159 1368 192 JULIANUM
1390 161 1415 191 Ι.
1857 161 1918 191 622

210 230 323 259 loribus
336 232 365 258 et
380 229 523 259 molestiis
539 231 680 265 remotus,
696 238 755 258 non
770 229 856 258 aliter
870 237 904 257 ac
919 228 945 257 si
959 227 1063 256 alienis
1078 227 1216 264 periculis
1230 227 1395 262 interesset,
1411 226 1649 264 suppliciumque
1664 234 1752 256 suum
1767 234 1917 265 pompam,

210 284 269 304 non
285 275 493 310 calamitatem,
514 282 579 303 esse
596 275 725 303 duceret.

247 320 282 358 ιί.
299 319 396 348 Καίτοι
419 321 503 347 ταῦτα
524 318 564 350 τίς
581 318 631 346 οὐκ
654 317 684 345 ἂν
709 317 811 355 ᾐδέσθη
836 320 890 345 τῶν
914 317 960 345 καὶ
988 327 1038 354 με-

1130 317 1185 346 XC.
1202 318 1237 345 Et
1262 317 1382 354 quidem
1407 325 1495 354 quem
1523 318 1643 346 tandem
1668 317 1729 346 haec
1757 318 1919 347 reverentia

209 364 293 402 τρίως
321 363 447 391 ἰπιεικῶν
477 374 506 391 τε
535 363 579 391 καὶ
617 362 816 402 φιλανθρώπων
845 372 851 397 ;
881 360 960 390 Ἀλλ’
986 361 1038 388 οὒκ

212 408 331 440 ὶκείνους
360 419 391 447 γε
419 408 505 436 εἴασεν
533 409 547 435 ὁ
570 408 673 446 καιρὸς,
701 406 764 435 οὐδὲ
787 408 804 443 ἡ
828 409 877 434 τοῦ
904 405 1038 445 βασιλέως

213 454 301 492 ὁρμὴ,
328 453 360 481 τὸ
385 453 564 491 ἀπάνθρωπον
594 450 743 480 ἀπαιτοῦσα
772 451 816 479 καὶ
846 450 964 488 δήμους,
992 450 1038 478 καὶ

211 498 319 533 πόλεις,
335 497 380 525 καὶ
395 498 542 536 ἄρχοντας,
568 497 590 524 εἰ
605 497 650 524 καὶ
675 499 712 533 μὴ
738 498 795 527 τοῖς
815 495 933 527 πολλοῖς
951 493 1038 523 ἐδόκει

211 546 265 571 τῶν
294 542 465 581 ἀγνοούντων
489 542 521 570 τὸ
550 541 632 580 βάθος
660 545 710 576 τῆς
740 541 841 569 ἐκείνου
866 539 1038 576 κακοηθείας.

211 590 330 616 Τοιαῦτα
357 588 426 624 ἡμῖν
450 586 484 614 τὰ
508 588 557 614 τοῦ
586 585 699 624 περῤοὖ
722 586 862 624 γεροντος.
882 585 934 614 Καὶ
957 586 1040 612 ταῦτα

215 632 282 669 ὑπὲρ
296 632 369 663 τίνος
388 630 455 667 ς’ίνα
480 633 598 669 χρυσοῦν
622 631 679 668 (98)
702 629 748 658 ἕνα
779 631 816 667 μή
841 628 960 668 πρόηται
981 632 1039 660 τοῖς

215 677 399 715 βασανισταῖςθ
416 676 439 712 ᾧ
454 676 499 704 καὶ
516 674 612 712 δῆλον,
638 675 675 706 ὡς
702 675 768 713 ὑπὲρ
785 672 918 706 εὐσεϐείας
935 673 1040 712 διεκαρ-

212 721 283 759 τέρει
408 722 480 751 Ἕως
511 721 557 757 μὶν
587 720 650 758 γὰρ,
681 720 833 758 βαρυτάτην
859 718 1040 756 ποιησάμενοι

213 768 262 794 τοῦ
283 768 349 794 vani}
371 766 420 801 τὴν
443 765 622 802 ἀποτίμησιν,
644 765 675 792 τὸ
700 768 751 793 πᾶν
777 762 859 802 ᾔτουν
882 764 1007 803 χρυσίον,
1022 763 1040 798 ἢ

215 811 294 838 αὐτόν
309 821 341 848 γε
356 808 549 847 ἀναδείμασθαι
569 810 615 837 τὸν
639 810 706 837 νεὼν
732 811 770 847 (1)
795 808 928 846 ἐκέλευον,
954 808 1040 836 ἐδόκει

214 856 245 883 τὸ
260 854 389 883 ἀδύνατον
400 856 450 882 τοῦ
466 854 650 891 ἐπιτάγματος
668 853 774 891 μᾶλλον
788 855 805 889 ἢ
819 854 849 882 τὸ
869 851 974 885 εὐσεϐὲς
992 855 1041 888 τῆς

214 902 309 938 ψυχῆς
337 902 426 927 ποιεῖν
454 898 549 936 ἐκείνῳ
575 899 625 933 τὴν
656 896 776 926 ἔνστασιν
792 909 798 915 ·
825 898 883 926 ἐπεὶ
907 897 936 926 δὲ
961 901 1040 926 νικῶν

215 944 314 975 αὐτοὺς
342 943 410 972 κατὰ
438 943 534 982 μικρόν
563 944 602 980 (2)
629 945 663 980 τῇ
689 943 828 981 καρτερίᾳ,
851 943 896 970 καὶ
922 943 1040 982 ὑφαιρῶν

214 989 256 1016 ἀεί
279 999 305 1016 τι
329 991 380 1024 τῆς
404 988 610 1024 ἀπο-τιμήσεως,
633 987 788 1015 τελευταῖον
814 987 852 1015 είς
876 990 957 1015 τοῦτο
981 998 1043 1015 κατ-

215 1033 338 1069 έστησεν,
364 1033 402 1064 ὡς
424 1031 529 1070 κομιδῆ
558 1033 653 1071 μικρὸν
677 1033 790 1060 εἶναιτὸ
812 1032 982 1070 αἰτούμενον,
999 1032 1043 1060 καὶ

215 1077 279 1104 ὅσον
296 1076 393 1115 ῥᾷστον
418 1073 593 1104 καταϐαλεῖν·
619 1076 664 1103 καὶ
688 1075 747 1108 ἷίσος
771 1075 844 1114 ἀγὼν
869 1077 902 1111 ἦν
922 1080 980 1108 τοῖς
997 1077 1043 1114 μὲν

215 1125 324 1157 νικῆσαι
346 1123 386 1158 τῷ
400 1121 444 1149 κα)
470 1122 559 1149 ὁτιοῦν
576 1122 616 1158 (3)
632 1118 739 1157 λαϐεῖν,
759 1123 798 1157 τῷ
822 1120 851 1149 δὲ
878 1122 915 1158 μὴ
940 1131 1045 1160 κρατη-

217 1170 298 1202 θῆναι
311 1168 352 1203 τῷ
373 1164 444 1203 μηδὲ
466 1165 538 1197 ὅλως
564 1163 738 1200 καταϐαλεῖν,
753 1165 842 1193 καίτοι
868 1165 982 1193 πολλῶν
999 1165 1043 1193 ὅν-

214 1223 271 1239 των
300 1214 354 1239 τῶν
381 1212 426 1239 καὶ
453 1210 548 1238 πλεῖον
564 1211 743 1250 συνεισφέρειν
765 1210 996 1248 προθυμουμένων
1014 1210 1044 1238 οὐ

220 1256 303 1293 μόνον
320 1254 365 1283 διὰ
377 1256 427 1291 τήν
444 1253 589 1291 εὐσέϐειαν,
613 1253 687 1283 ἀλλὰ
708 1254 752 1282 καὶ
768 1254 813 1282 διὰ
835 1256 866 1283 τὸ
885 1257 934 1283 τοῦ
950 1254 1045 1294 ἀνδρὸς

218 1300 361 1328 ἀνάλωτον
376 1301 420 1328 καὶ
437 1301 583 1336 ἆήττητοψ
603 1302 751 1335 τηνικαῦτα
774 1299 883 1338 ἐδείχθη
901 1303 990 1340 σαφῶς
1007 1301 1045 1337 (4)

219 1346 251 1374 οὐ
267 1346 330 1382 περὶ
344 1345 508 1384 χρημάτων,
525 1344 598 1373 ἀλλά
612 1345 674 1383 περὶ
689 1347 737 1373 τοῦ
753 1342 879 1377 εὐσεϐοῦς
894 1345 939 1373 τὸν
956 1345 1046 1384 ἀγῶνα

218 1390 372 1427 τιθέμενος.

1093 371 1150 390 non
1169 362 1338 397 movissent,
1354 362 1444 391 etiam
1459 362 1564 400 exigua
1578 362 1699 391 lenitate
1712 365 1801 399 atque
1816 363 1919 392 huma-

1093 407 1186 435 nitate
1210 407 1421 442 praeditorum?
1435 408 1490 436 Sed
1513 407 1568 436 hoc
1585 407 1645 436 illis
1669 415 1721 444 per
1736 409 1864 445 tempus,
1889 410 1919 437 et

1093 451 1277 488 imperatoris
1304 451 1505 488 cupiditatem,
1531 454 1594 480 tum
1610 461 1628 481 a
1651 452 1778 490 populis,
1792 454 1856 481 tum
1881 453 1917 482 ab

1096 496 1216 524 urbibus
1249 498 1277 524 et
1310 497 1453 533 praefectis
1486 497 1688 526 crudelitatem
1722 498 1917 535 exposeentie,

1094 541 1209 569 etiamsi
1244 541 1393 578 plerisque
1420 541 1620 578 improbitatis
1652 542 1745 579 ipsius
1778 551 1918 572 arcanum

1095 586 1299 622 ignorantibus
1325 594 1410 615 secus
1427 586 1587 620 videretur,
1602 586 1725 615 minime
1748 587 1839 617 licuit.
1856 588 1921 615 Haec

1095 631 1199 659 ﬁrmus
1215 639 1302 659 senex
1317 633 1345 659 et
1366 633 1504 659 constans
1520 631 1650 667 pertulit.
1665 631 1694 659 Si
1708 639 1829 660 causam
1842 640 1920 668 quaa-

1095 676 1147 710 ris,
1164 678 1198 704 ut
1213 684 1248 704 ne
1264 684 1421 704 nummum
1438 684 1531 704 unum
1546 684 1669 704 aureum
1684 676 1843 705 tortoribus
1858 684 1923 712 pro-

1092 720 1205 756 jiceret.
1222 721 1262 748 Ex
1278 729 1336 757 quo
1352 720 1506 757 perspicue
1521 721 1646 758 intelligi
1660 722 1766 757 potest,
1782 729 1850 749 eum
1866 721 1924 757 pie-

1096 765 1166 793 tatis
1181 773 1270 793 causa
1285 765 1433 793 cruciatus
1450 765 1599 793 tolerasse.
1618 766 1689 793 Nam
1706 766 1837 801 quandiu
1852 769 1921 794 Are-

1097 810 1188 838 thusii
1204 810 1377 846 gravissima
1402 810 1501 846 templi
1518 811 1710 838 aestimatione
1731 811 1814 844 facta,
1832 813 1922 838 totam

1097 854 1160 883 auri
1172 863 1318 883 summam
1334 856 1501 891 poscebant,
1513 858 1563 882 aut
1579 855 1675 890 ipsum
1693 858 1767 882 certe
1780 855 1922 891 templum

1097 900 1215 928 reﬁcere
1226 900 1380 936 jubebant,
1397 900 1485 927 videri
1504 903 1615 935 poterat
1640 900 1687 927 ille
1704 900 1810 927 idcirco
1826 901 1923 936 potius

1097 944 1251 979 obsistere,
1275 945 1353 980 quod
1374 945 1460 981 jussu
1482 945 1600 980 exsequi
1626 954 1682 972 non
1707 947 1817 981 posset,
1834 953 1923 981 quam

1058 1008 1082 1041 Β
1096 989 1173 1024 quod
1189 989 1306 1025 pietatis
1321 989 1417 1018 studio
1435 990 1599 1017 duceretur.
1617 990 1808 1025 Posteaquam
1826 993 1924 1017 autem

1098 1033 1254 1062 tolerantia
1282 1042 1336 1061 sua
1363 1042 1412 1062 eos
1440 1034 1582 1069 paulatim
1612 1034 1744 1067 vincens,
1775 1037 1864 1070 atque
1891 1043 1925 1062 ex

1099 1078 1294 1106 aestimatione
1309 1078 1419 1114 aliquid
1437 1087 1552 1114 semper
1576 1079 1741 1114 detrahens,
1759 1088 1792 1107 eo
1808 1080 1925 1107 tandem

1099 1130 1161 1150 rem
1176 1123 1308 1156 adduxit,
1324 1125 1357 1151 ut
1380 1131 1523 1159 perquam
1540 1124 1676 1159 exiguum
1694 1124 1722 1150 id
1745 1126 1831 1156 esset,
1848 1124 1925 1159 quod

1100 1167 1135 1195 ab
1150 1175 1183 1195 eo
1198 1167 1413 1203 postulabatur,
1431 1176 1462 1195 ac
1478 1168 1640 1203 persolvere
1656 1168 1793 1196 facillime
1809 1170 1925 1204 posset;

1099 1212 1221 1248 parique
1245 1212 1404 1240 certamine
1429 1212 1505 1240 inter
1529 1221 1560 1241 se
1584 1213 1801 1246 contenderent,
1826 1213 1879 1246 illi,
1895 1215 1928 1241 ut

1099 1257 1257 1292 vincerent,
1272 1257 1331 1292 hic,
1348 1265 1384 1285 ne
1408 1257 1591 1291 vinceretur;
1610 1258 1663 1285 hoc
1679 1260 1733 1292 est,
1750 1257 1802 1293 illi,
1827 1260 1858 1285 ut
1881 1257 1925 1285 vel

1100 1301 1249 1329 tantillum
1266 1302 1395 1337 pecuniae
1413 1303 1586 1338 acciperent,
1603 1302 1650 1329 hic
1666 1311 1701 1330 ne
1722 1302 1789 1338 quid
1807 1302 1927 1331 omnino

1101 1348 1277 1381 numeraret,
1295 1346 1428 1382 quamvis
1445 1347 1555 1382 alioqui
1571 1347 1655 1374 multi
1671 1350 1779 1381 essent,
1790 1348 1850 1383 qui,
1864 1356 1928 1383 par-

1101 1391 1154 1419 tim
1177 1391 1283 1427 pietate
1307 1391 1436 1426 adducti,
1462 1393 1536 1420 125
1565 1392 1671 1427 partim
1700 1392 1806 1420 invicta
1830 1394 1858 1420 et
1881 1393 1926 1420 in—

220 1435 411 1472 expugnabili
425 1436 489 1471 ejus
504 1434 676 1463 fortitudine
691 1434 840 1470 commoti,
858 1435 1029 1471 ampliorem
1045 1435 1134 1464 etiam
1159 1444 1308 1464 summam
1324 1444 1444 1472 erogare
1468 1439 1623 1472 pararent;
1641 1439 1703 1465 tum
1727 1445 1793 1465 vero
1818 1436 1928 1473 liquide

224 1479 405 1509 declaratum
421 1482 475 1514 est,
492 1487 560 1507 eum
576 1488 633 1507 non
646 1487 697 1515 pro
713 1479 855 1515 pecuniis,
873 1480 923 1507 sed
938 1488 990 1516 pro
1004 1479 1111 1516 pietate
1126 1481 1272 1508 certamen
1288 1480 1399 1509 iniisse.

261 1524 316 1562 ιιΑκ
332 1524 393 1561 ⁷Δρ¹
419 1522 465 1551 οὖν
496 1522 640 1553 ἐπιεικείας
666 1525 749 1550 ταῦτα
777 1523 822 1550 καὶ
851 1523 1023 1562 ἡμερότητος
1041 1546 1048 1558 ,

225 1569 243 1604 ἢ
269 1567 424 1596 τούναντίον
447 1568 560 1606 θράσους
584 1567 629 1595 καὶ
650 1567 844 1606 ἀπανθρωπίας
869 1567 924 1595 ἐστὶ
949 1567 1050 1606 γνωρί-

224 1624 324 1651 σματα,
356 1612 508 1651 λεγέτωσαν
540 1613 604 1649 ἡμῖν
634 1613 660 1640 οἱ
680 1612 726 1640 τὸν
757 1611 905 1652 φιλόσοφον
937 1611 1050 1650 βασιλέα

1138 1524 1205 1552 XCI.
1230 1526 1274 1552 An
1300 1533 1368 1553 vero
1395 1525 1455 1553 hosc
1481 1525 1608 1553 lenitatis
1634 1528 1662 1553 et
1683 1525 1929 1561 mansuetudinis,

1103 1571 1154 1597 aut
1168 1570 1270 1597 contra
1294 1569 1400 1597 furoris
1417 1572 1444 1597 et
1468 1570 1648 1598 crudelitatis
1672 1573 1846 1606 argumenta
1861 1570 1930 1604 sint,

1104 1614 1189 1642 nobis
1203 1613 1289 1642 velim
1305 1617 1461 1650 exponant,
1480 1615 1529 1650 qui
1547 1615 1753 1651 philosophum
1772 1616 1931 1651 imperato-

225 1660 419 1696 θαυμάζοντες.
445 1658 515 1696 Ἐγὼ
544 1657 592 1694 μὶν
618 1656 712 1685 οὗδὲνα
726 1659 780 1685 τῶν
804 1656 909 1685 πάντων
937 1657 1047 1695 ἀπορεῖν

1103 1667 1165 1687 rem
1181 1659 1376 1687 admirantur.
1394 1660 1451 1694 Ego
1469 1660 1586 1694 quidem
1612 1663 1687 1688 certe
1704 1660 1851 1688 neminem
1872 1660 1932 1688 fore

225 1705 305 1740 οἶμαι
328 1705 378 1738 τῆς
404 1704 443 1740 (5)
467 1701 573 1733 δικαίας
599 1701 644 1729 καὶ
669 1701 789 1737 ἀληθοῦς
816 1702 1049 1740 ἀποκρίσεως

223 1748 276 1776 Καὶ
304 1747 380 1775 οὔπω
409 1747 597 1785 προστέθεικα,
627 1746 668 1774 ὅτι
687 1749 740 1774 τῶν
766 1747 925 1774 σεσωκότων
1006 1746 1051 1774 τὸν

222 1792 372 1831 ἐξάγιστον,
387 1791 468 1827 ἡνίκα
491 1791 522 1819 τὸ
546 1791 623 1829 γένος
647 1791 720 1827 αὐτῷ
746 1794 797 1819 πᾶν
823 1790 979 1826 ἐκινδύνευε,
1004 1791 1048 1818 καὶ

224 1836 271 1865 διὰ
293 1837 402 1872 κλοπῆς
428 1835 661 1874 ὑπεξαγαγόντων,
687 1836 724 1867 εἷς
750 1836 829 1867 οὗτος
854 1837 897 1870 ἦν·
927 1836 992 1873 ὑπὲρ
1018 1836 1049 1863 οὗ

223 1883 298 1920 τάχα
314 1879 399 1919 μόνου
415 1880 528 1912 δικαίως
550 1883 634 1908 ταῦτα
659 1880 771 1919 ἔπασχε,
786 1880 831 1908 καὶ
856 1880 943 1908 πλείω
965 1891 1051 1918 προσ-

226 1928 322 1959 παθεῖν
338 1926 411 1962 ἄξιος
427 1927 470 1961 ἦν,
487 1925 529 1953 ὅτι
545 1926 626 1953 κακὸν
641 1928 755 1954 τοσοῦτο
770 1927 804 1963 τῇ
821 1925 967 1962 οἰκουμένῃ
980 1926 1052 1963 πάσῃ

227 1971 321 2005 σώζων
348 1969 486 2003 ἰλάνθανε.
513 1970 583 1998 Φασί
604 1980 648 1998 τοι
674 1969 719 1998 διὰ
740 1972 824 1998 ταῦτα
847 1970 892 1998 καὶ
910 1970 956 1998 τὸν
976 1980 1053 2005 τηνι-

225 2018 312 2044 καῦτα
341 2015 464 2053 ὕπαρχον
496 2016 536 2053 (8)
561 2014 695 2053 (γενέσθαι
723 2015 776 2053 γὰρ
814 2013 896 2053 ἄνδρα
928 2014 1053 2050 Ἕλληνα

229 2061 277 2099 μὶν
293 2061 341 2096 τήν
359 2059 516 2098 Θρησκείαν,
531 2060 577 2088 τὸν
598 2060 700 2098 τρόπον
726 2058 755 2087 δὲ
776 2059 842 2098 ὑπὲρ
857 2059 992 2095 Ἕλληνα,
1009 2058 1053 2086 καὶ

227 2107 296 2134 κατὰ
309 2105 373 2136 τοὺς
386 2104 513 2142 ἀρίστους
528 2107 581 2132 τῶν
595 2104 681 2133 πάλαι
696 2104 741 2133 καὶ
760 2106 805 2132 νῦν
831 2104 1055 2141 ἐπαινουμένων),

227 2150 318 2179 helvo
343 2150 411 2188 πρὸς
434 2150 480 2177 τὸν
509 2148 621 2187 βασιλέα
643 2150 711 2187 μετὰ
733 2148 888 2188 παρῥησίας
913 2148 1006 2184 εἰπεῖν,
1024 2148 1055 2176 οὐ

229 2195 346 2236 φέροντα
358 2195 390 2222 τὸ
405 2193 549 2225 πολυειδὲς
572 2198 622 2229 τῆς
643 2196 692 2222 τοῦ
706 2193 804 2233 ἀνδρὸς
829 2194 918 2225 αἰκίας
933 2193 978 2221 καὶ
993 2204 1056 2232 καρ-

228 2239 330 2278 τερίας.
361 2239 416 2267 οὐκ
445 2238 639 2277 αἰσχυνόμεθα,
672 2238 798 2277 βασιλεῦ,
828 2238 901 2277 παρᾶ
927 2240 1055 2266 τοσοῦτον

229 2284 386 2322 ἡττώμενοι
415 2285 454 2321 (9)
483 2283 590 2312 πάντων
621 2283 808 2320 Χριστῖανῶν,
839 2283 876 2315 ὡς
903 2282 973 2320 μηδὲ
1001 2284 1057 2320 (10)

1105 1703 1250 1737 existimo,
1267 1704 1314 1731 cui
1333 1704 1415 1740 justa
1430 1707 1458 1731 et
1471 1713 1538 1731 vera
1565 1706 1715 1741 responsio
1731 1706 1865 1732 defutura
1881 1706 1929 1733 sit.

1106 1748 1236 1776 Necdum
1253 1747 1326 1776 illud
1342 1748 1447 1784 adjeci,
1464 1748 1542 1776 hunc
1557 1758 1590 1777 ex
1607 1750 1642 1777 iis
1659 1758 1750 1777 unum
1767 1750 1868 1783 fuisse,
1880 1750 1929 1785 qui

1103 1792 1278 1820 sceleratum
1294 1792 1378 1820 illum
1394 1795 1421 1820 et
1436 1794 1657 1829 exsecrandum,
1670 1797 1743 1830 tum,
1754 1803 1821 1823 cum
1837 1803 1929 1831 genus

1106 1837 1200 1873 ipsius
1225 1839 1320 1865 totum
1344 1838 1566 1873 periclitaretur,
1591 1842 1751 1874 servarunt,
1770 1839 1930 1875 furtimque

1105 1882 1305 1915 subduxerunt
1321 1891 1328 1910 :
1345 1891 1402 1918 quo
1426 1883 1513 1910 etiam
1530 1884 1590 1911 solo
1608 1884 1724 1911 nomine
1750 1884 1854 1911 merito
1870 1884 1930 1911 for-

1107 1928 1184 1954 tasse
1200 1926 1259 1954 hac
1274 1926 1502 1962 perpetiebatur,
1519 1936 1553 1956 ac
1567 1928 1652 1964 plura
1672 1928 1783 1964 perpeti
1799 1928 1930 1956 mereba-

1107 1973 1164 2005 tur,
1182 1971 1259 2006 quod
1275 1972 1390 1998 tantum
1413 1971 1525 2000 malum
1548 1971 1683 2000 universo
1698 1974 1844 2001 terrarum
1868 1972 1932 2000 orbi

1108 2015 1281 2051 imprudens
1297 2017 1436 2043 servarat.
1447 2016 1489 2044 0b
1505 2016 1535 2044 id
1551 2016 1768 2053 enimvero.qui
1779 2019 1844 2045 tum
1859 2025 1933 2054 prm-

1108 2060 1175 2088 feoti
1205 2067 1325 2088 munere
1354 2060 1738 2098 fungebattg-Juanqnam
1763 2062 1842 2090 enim
1867 2061 1934 2090 reli-

1109 2105 1195 2141 gione
1219 2104 1348 2140 gentilis,
1372 2101 1627 2134 moribiﬂi’ﬁ’men
1654 2107 1756 2144 gentili
1780 2106 1935 2136 sublimior

1109 2151 1182 2182 erat,
1209 2157 1242 2177 ac
1266 2149 1499 2185 praeclarissimis
1525 2150 1690 2188 quibusque
1714 2153 1743 2180 et
1765 2151 1934 2181 laudatissi-

1111 2194 1178 2229 mis,
1194 2196 1255 2222 tam
1270 2194 1375 2222 veteris
1389 2202 1480 2231 quam
1492 2197 1598 2223 nostris
1614 2196 1759 2224 memoriae
1768 2196 1839 2225 viris
1853 2204 1935 2225 com-

1111 2238 1478 2276 parandus),multiplicem
1493 2239 1622 2269 hominis
1637 2240 1760 2276 hujusce
1773 2240 1935 2270 cruciatum

1113 2292 1145 2312 ac
1160 2283 1345 2312 tolerantiam
1370 2292 1427 2313 non
1443 2283 1550 2320 ferens,
1566 2284 1639 2313 illud
1665 2286 1701 2314 ad
1727 2286 1936 2322 imperatorem

268 2338 396 2380 (9⁸)-Ἵνα
407 2340 538 2375 χρυσοῦν.
554 2338 656 2366 Plures
673 2338 798 2373 codices,
814 2339 843 2366 et
856 2338 940 2366 Herv.
954 2335 1000 2364 '(va
1016 2347 1048 2373 μτ

1112 2337 1361 2380 version‘um‘quae
1373 2337 1408 2365 ad
1420 2338 1665 2380 oram‘Heipsiani
1673 2338 1936 2380 codicisleguntur.

232 2383 519 2481 “ﬁnitimum?”
536 2409 602 2445 Alii,
619 2408 766 2451 ἐκαρτέρει.

283 2447 310 2481 1)
324 2446 410 2474 Νεών.
427 2446 517 2481 Regg.
533 2446 593 2481 bm,
609 2444 629 2480 1,
646 2448 674 2473 et
688 2445 754 2473 Bill.

283 2443 410 2481 1)’Νεών.
422 2443 517 2509 Vae-gf.
533 2443 629 2481 bm,'1,
646 2443 674 2473 et
688 2443 754 2473 Bill.
770 2443 845 2473 ναόν.

283 2483 307 2510 Zl
323 2480 397 2510 Κατὰ
414 2491 478 2510 unco
497 2491 521 2510 ν.
548 2482 616 2510 Reiz.
647 2481 697 2510 hu.
727 2481 808 2509 Colb.
838 2489 845 2509 ι

271 2480 307 2519 (2)
323 2480 397 2519 Κατὰ
414 2480 521 2519 μικρόν.
548 2480 616 2518 Reg.
647 2481 697 2517 hu,
727 2481 808 2509 Colb.
838 2489 865 2517 a,
880 2481 907 2516 2,
925 2483 953 2509 et
977 2481 1058 2509 Pass.

234 2518 303 2545 κατὰ
320 2518 412 2554 μέρος.

271 2554 311 2590 (3)
322 2552 370 2590 ’Τῷ
382 2552 429 2590 καί
443 2552 543 2579 ὁτιοῦν.
561 2552 626 2590 Sa}.
641 2554 680 2588 τῷ
695 2552 796 2590 ὁτιοῦν.

284 2586 313 2626 4)
328 2586 453 2626 Ἐξδείχθη
470 2590 571 2626 σαφῶς.
590 2588 654 2626 δείν’
667 2586 715 2626 ’γρ.
736 2586 887 2626 διεδείχθη.

284 2591 300 2617 4
328 2591 453 2626 Ἐδείχθη
470 2591 571 2626 σαφῶς.
590 2591 654 2616 SRV'
670 2598 715 2626 γρ.
736 2591 887 2625 διεδείχθη.

272 2591 313 2662 (5)
332 2624 415 2661 Οῐμαι
429 2627 491 2659 τῆς.
517 2624 698 2662 subauditur
716 2623 870 2662 mpi,_vel,
899 2621 975 2651 ἕνεκα
1000 2623 1062 2659 τῆς,

238 2660 317 2698 quod
331 2660 505 2698 observatur
520 2660 558 2698 ad
572 2667 659 2698 oram;
670 2660 738 2698 Reg.
752 2660 820 2688 'eod.
836 2668 866 2687 u.

275 2696 315 2733 (6)
330 2696 434 2733 ’Δποπρ
448 2704 526 2733 est-ie.
542 2697 607 2725 Sav.
625 2692 751 2733 addit'in
780 2703 879 2733 marg:
898 2692 1063 2733 μηδὲν-μετ-

240 2730 310 2760 εῖναί
328 2730 543 2772 φιλανθρωπίας,
560 2743 575 2758 ι(
596 2732 693 2772 omnis
708 2730 859 2772 expertem
871 2730 1065 2772 humanitatis

240 2776 319 2834 (ἐεσοὶ
332 2766 363 2833 $2
376 2766 458 2834 Οιέὁᾱ
479 2766 645 2806 agnoscunt
666 2766 801 2798 nonnulli
829 2766 953 2801 codices,
970 2766 1064 2802 Pass.,

264 2812 308 2833 οιε
324 2826 330 2833 .
366 2826 373 2834 .
389 2814 404 2834 e
419 2814 444 2834 c.

264 2812 330 2833 οισι.
345 2812 373 2834 Ζ.
389 2812 444 2834 etc.

344 2826 484 2869 ῖότῖνντῶν
512 2838 682 2879 σεσωκότων,
705 2841 760 2869 etc.
790 2840 899 2869 Auctor
917 2838 1065 2869 variarum

1113 2373 1162 2412 hic
1175 2373 1348 2412 seIAnglum
1362 2373 1471 2412 prodit,
1488 2375 1517 2402 et
1532 2375 1704 2412 reformatae,
1729 2378 1761 2412 ut
1776 2373 1870 2411 aiu'nt,
1897 2383 1939 2403 re-

1113 2408 1214 2446 ligioni
1231 2408 1338 2437 nomen
1353 2408 1487 2444 dedisse;
1505 2410 1556 2446 qui
1581 2409 1676 2440 Marco
1694 2408 1938 2440 'Julianum'ser-

1113 2444 1209 2484 vanti,‘
1221 2446 1409 2484 Qramnerum
1425 2444 1799 2484 suum‘Mariemiregiuam
1819 2455 1938 2476 servan-

1114 2483 1185 2512 tem.
1202 2480 1249 2508 bis
1263 2481 1359 2509 verbis
1373 2484 1540 2517 comparat:
1559 2493 1574 2507 «
1590 2483 1636 2510 Sic
1652 2480 1826 2512 Grimnerus
1840 2485 1941 2511 noster

1115 2516 1248 2558 Mariam,
1265 2517 1396 2558 reginam
1411 2516 1511 2558 postea
1526 2518 1646 2558 Anglia,
1660 2528 1767 2558 magno
1785 2522 1816 2558 _et
1832 2527 1897 2558 _suo
1912 2521 1941 2546 et

1116 2552 1241 2615 alioaum
1257 2552 1344 2588 malo,
1361 2553 1396 2581 ab
1411 2552 1588 2582 imminente
1603 2555 1705 2591 capitis
1713 2552 1860 2591 'periculo
1882 2562 1941 2582 ser-

1116 2596 1179 2615 vavt
1196 2609 1202 2615 .
1222 2599 1232 2613 ι

1115 2596 1202 2617 νανη.
1222 2599 1232 2613 1

1152 2624 1191 2665 (8)
1206 2622 1356 2665 Ὕταρχον.
1372 2623 1437 2665 _Bill.
1455 2634 1469 2665 ε
1484 2625 1670 2665 Hyparchum
1684 2637 1699 2651 »
1713 2626 1809 2665 vertit,
1825 2626 1943 2665 Gombe-

1116 2660 1190 2724 fisiot
1205 2668 1263 2701 non
1285 2660 1390 2696 placet.
1407 2661 1438 2689 In
1452 2660 1565 2690 Sozofn.
1581 2662 1724 2699 redditur,
1756 2673 1770 2689 ‹‹
1787 2660 1943 2692 Praefectus

1117 2704 1175 2732 prae
1191 2704 1255 2724 orn.
1273 2707 1288 2732 η

1153 2705 1255 2724 sator“.
1273 2707 1288 2721 ››

1203 2731 1381 2770 ᾙττώμενοι.
1394 2732 1464 2770 Pass
1471 2753 1477 2763 .
1497 2732 1660 2770 ἡττημένοι.

1167 2766 1211 2804 10)
1226 2766 1365 2808 manu.
1395 2768 1442 2798 Sic
1470 2766 1596 2806 quatuor
1620 2771 1710 2808 Regg.
1735 2772 1764 2800 et
1776 2768 1943 2808 Sav.;Par.

1120 2801 1188 2832 ὥστε
1202 2801 1286 2841 μηδέ.
