4202 6212
414 429 532 489 625
1400 427 1696 490 ORATIO
1743 427 1842 488 IV.
1875 427 2292 487 —CONTRA
2339 424 2736 486 JULIANUM
2784 423 2833 484 I.
3719 426 3836 484 626

414 561 574 616 τοῦτό
613 581 675 636 γε
722 562 893 614 ποιῶν
948 558 1186 635 μέτριον·
1243 556 1411 628 δῆλον
1460 562 1576 632 (23)
1619 558 1677 614 δὶ
1706 564 1784 631 τῷ
1811 559 2061 635 κρύπτειν

2181 559 2379 614 culum
2437 559 2814 613 vocabantur.
2863 556 3272 612 Condonemus
3330 556 3464 626 ista,
3522 558 3566 611 si
3626 558 3831 629 placet.

419 648 742 726 ἐπιχειρεῖν,
792 649 867 711 ὡς
919 647 1017 703 οὐκ
1067 647 1328 724 εὐπρεπὲς
1379 650 1436 705 ’ὸν
1469 650 1530 704 τὸ
1580 650 1706 724 ἄγος
1749 645 2067 721 δημοσιεύε-

420 741 557 794 σθαιο
618 740 683 794 τὰ
743 739 837 812 μὲν
893 738 995 815 γὰρ
1053 737 1359 814 Καισαρέων
1433 738 1544 812 (24)
1600 742 1708 792 τῶν
1766 737 2068 813 ἡμετέρων,

415 827 625 883 τούτων
683 825 742 882 δὲ
796 832 903 882 τῶν
955 828 1314 906 μεγαλοῳυῶν
1370 827 1458 882 καὶ
1515 829 1728 900 θερμῶν
1788 826 1867 888 εἷς
1922 825 2068 880 εὐσέ-

419 912 589 989 ϐειαν,
622 915 797 979 οὕτως
850 917 938 972 ὑπ’
969 917 1132 972 αὐτοῦ
1172 915 1654 993 περιεληλαμένων
1685 914 1773 970 καὶ
1809 911 2065 990 ὑϐρισμέ-

414 1027 542 1078 νων,
599 1004 730 1068 ἴσως
790 1003 945 1061 οὐδὲν
1004 1008 1116 1080 (25)
1180 1004 1455 1075 ὀνειδίζειν
1516 1006 1680 1076 ἄξιον·
1741 1002 1916 1060 ἐδόκει
1965 1005 2065 1080 γὰρ

418 1096 549 1171 ὑπὲρ
605 1099 702 1164 τῆς
759 1094 938 1170 τύχης
995 1094 1220 1158 ἐνδίκως
1278 1097 1592 1170 ἀγανακτῶν
1655 1095 1705 1150 έν
1751 1099 1926 1172 καιρῷ
1965 1101 2066 1163 τῆς

414 1183 671 1259 εὐτυχίας
720 1187 834 1258 (26)
884 1183 1265 1260 ἀτυχησάσης,
1316 1184 1401 1239 ἐπὶ
1451 1185 1651 1256 ταύτην
1697 1181 2066 1261 προεληλυθέ-

411 1295 497 1329 ναι
527 1275 626 1342 τήν
678 1270 966 1328 ἀντίδοσιν·
1024 1270 1210 1344 ἐπειδή
1264 1271 1345 1329 δεῖ
1394 1295 1447 1329 τι
1494 1273 1584 1328 καὶ
1637 1277 1941 1349 συγχωρεῖν
1973 1271 2063 1328 καὶ

411 1361 597 1434 ἀδικίᾳ
624 1361 1049 1438 κατακρατούσῃ.

2181 651 2380 718 utpote
2414 663 2663 718 quorum
2697 645 2890 717 ipsum
2923 646 3097 702 etiam
3146 645 3489 718 pudebat,in
3525 646 3630 701 hoc
3683 652 3836 704 certe

2182 737 2570 792 moderatum.
2590 735 2650 789 Id
2683 735 2838 790 enim
2861 736 2998 790 hinc
3031 735 3252 806 liquido
3275 741 3524 805 constat,
3548 739 3698 807 quod
3725 738 3834 794 hoc

2179 825 2390 893 scelus,
2427 830 2486 879 ut
2535 823 2912 880 inhonestum
2945 841 3010 881 ac
3059 829 3252 897 turpe,
3285 826 3641 895 omninoque
3680 826 3833 881 indi-

2175 931 2361 988 gnum
2397 915 2550 986 quod
2603 913 2994 986 evulgaretur,
3027 930 3292 986 premere
3322 919 3493 984 atque
3542 915 3832 973 occultare

2177 1005 2497 1077 satagebat.
2533 1004 2677 1060 Nam
2715 1020 2840 1076 quae
2872 1004 2931 1059 in
2961 1003 3348 1060 Caesarienses
3381 1010 3612 1059 nostros
3646 1007 3831 1060 admi-

2177 1095 2272 1164 sit,
2306 1095 2434 1161 hos,
2466 1093 2735 1166 inquam,
2767 1092 2949 1147 animi
3001 1093 3402 1164 magnitudine
3437 1095 3730 1163 praeditos,
3767 1113 3830 1150 ac

2174 1183 2408 1256 pietatis
2441 1183 2637 1238 studio
2688 1182 2994 1249 ferventes,
3030 1181 3110 1236 ita
3156 1182 3227 1237 ab
3270 1197 3335 1236 eo
3391 1182 3729 1251 exagitatos,
3766 1201 3830 1240 ac

2173 1289 2278 1346 per
2307 1272 2722 1329 contumeliam
2755 1275 3012 1342 vexatos,
3047 1271 3297 1327 fortasse
3324 1288 3393 1325 ne
3425 1271 3673 1340 objicere
3705 1273 3830 1342 qui-

2175 1364 2307 1419 dem
2340 1379 2574 1434 aequum
2607 1362 2801 1418 fuerit.
2835 1361 3063 1418 Etenim
3093 1361 3166 1416 ob
3198 1360 3539 1426 Fortunam,
3573 1362 3830 1415 fortuna-

411 1452 545 1509 tiori
577 1457 838 1524 tempore
867 1451 1188 1508 infortunio
1218 1453 1507 1521 aﬂ'ectam,
1528 1453 1690 1524 justa
1721 1452 2121 1525 indignatione
2153 1456 2507 1517 commotus,
2539 1452 2612 1507 ad
2646 1451 2796 1507 hanc
2829 1450 3113 1506 ultionem
3143 1463 3490 1522 progressus
3523 1465 3650 1503 esse
3680 1448 3833 1504 vide-

413 1544 588 1599 batur
623 1561 635 1598 :
672 1541 1148 1614 quandoquidem
1181 1541 1486 1613 injustitiaa
1518 1541 1842 1598 dominanti
1874 1541 2141 1598 nonnihil
2176 1541 2618 1597 concedendum
2649 1545 2756 1596 est.

485 1631 593 1707 LJ".
628 1629 808 1686 Ἀλλὰ
837 1630 920 1692 τίς
969 1629 1068 1684 οὐκ
1116 1627 1282 1697 οἶδεν,
1331 1629 1429 1702 ὡς,
1463 1627 1646 1704 δήμου
1676 1629 1819 1692 τινὸς
1867 1629 2061 1702 ἐπιμα-

2250 1631 2439 1685 XCIlI.
2474 1633 2548 1684 At
2576 1645 2709 1686 vero
2743 1629 2876 1702 quis
2904 1631 2993 1685 est
3026 1626 3282 1694 nescius,
3315 1643 3446 1681 cum
3500 1626 3831 1699 promiscua

413 1719 594 1782 νέντος
652 1723 996 1795 Χριστιανοῖς
1033 1764 1047 1788 ,
1103 1719 1194 1773 καὶ
1269 1717 1441 1774 πολὺν
1521 1720 1616 1793 μὲν
1685 1719 2061 1796 ἐργασαμένων

2181 1720 2342 1794 plebs
2374 1720 2634 1776 furenter
2661 1719 2720 1774 in
2749 1717 3116 1774 Christianos
3144 1715 3429 1790 impetum
3465 1716 3719 1781 fecisset,
3753 1718 3833 1770 at-

414 1808 599 1886 φόνον,
633 1805 813 1863 πλείω
861 1805 920 1863 δὲ
967 1805 1362 1879 ἀπειλούντων,
1395 1805 1582 1878 ἐπειδὴ
1620 1809 1788 1883 μέσην
1831 1805 2061 1884 βαδίζων

2181 1826 2290 1882 quo
2320 1809 2540 1882 ingenti
2572 1809 2728 1865 caede
2756 1811 3106 1881 perpetrata,
3124 1806 3293 1878 plura
3313 1807 3489 1861 etiam
3514 1804 3830 1860 commina-

414 1899 443 1954 ὁ
472 1895 570 1953 τοῦ
602 1895 788 1962 ἔθνους
839 1894 1027 1973 ἄρχων
1076 1902 1174 1952 τοῦ
1224 1902 1414 1974 καιροῦ
1461 1899 1549 1953 καὶ
1596 1903 1703 1953 τῶν
1752 1897 1935 1972 νόμων
1969 1900 2061 1970 (τῷ

2181 1905 2353 1971 retur,
2386 1899 2576 1972 gentis
2608 1899 2966 1970 prefectum,
3000 1895 3281 1968 quoniam
3313 1896 3504 1950 media
3535 1895 3628 1947 via
3676 1895 3830 1948 inter

417 1989 510 2061 μὲν
551 1987 651 2064 γὰρ
685 1984 961 2042 δουλεύειν
1007 1984 1146 2059 ᾤετο
1197 1983 1332 2057 δεῖν,
1375 1986 1503 2051 τοὺς
1535 1985 1592 2043 δὲ
1625 1988 1857 2063 μετρίως
1886 1987 2061 2064 ᾐσχύ-

2181 1991 2409 2061 tempus
2438 1996 2488 2044 et
2543 1989 2698 2060 leges
2747 1987 3022 2043 incedens
3055 1986 3145 2058 (ut
3193 1984 3349 2040 enim
3402 1983 3649 2055 tempori
3705 1999 3822 2038 ser-

411 2079 571 2150 νετο),
605 2075 694 2130 καὶ
726 2075 814 2131 διὰ
837 2080 998 2131 τοῦτο
1034 2073 1281 2139 πολλοὺς
1315 2076 1410 2150 μὲν
1439 2077 1729 2153 ἀπαγαγὼν
1777 2079 1888 2151 (27)
1930 2083 2056 2153 Χρι-

411 2170 662 2234 στιανῶν,
708 2163 925 2240 ἀλίγοις
973 2162 1033 2220 δὲ
1073 2169 1181 2220 τῶν
1235 2165 1515 2236 Ἑλλήνων
1567 2166 1916 2240 ἐπιτιμήσας,
1963 2167 2058 2220 εἴτ’

414 2253 670 2329 ἀναχθεὶς
894 2256 972 2326 τῷ
1033 2251 1288 2329 βασιλεῖ,
1348 2256 1680 2332 κατηγορίας
1737 2255 2058 2330 γενομένης,

414 2346 610 2417 ἄτιμος
655 2344 744 2398 καὶ
797 2343 1137 2420 ἀνάρπαστος
1353 2344 1476 2421 περί
1523 2345 1729 2401 τούτων
1782 2343 2056 2421 ἐκρίνετο·

412 2433 502 2488 καὶ
559 2430 688 2494 τοὺς
745 2431 947 2507 νόμους
992 2429 1398 2510 προύϐάλλετο,
1458 2435 1575 2489 καθ’
1625 2434 1717 2496 οῦς
1772 2431 2057 2504 ἐπιστεύθη

416 2521 676 2594 δικάζειν,
713 2527 910 2598 μικροῦ
959 2525 1054 2596 μὲν
1100 2523 1325 2599 ἀπήχθη
1371 2525 1469 2594 τήν
1520 2523 1606 2578 ἐπὶ
1637 2525 1867 2596 Θανάτῳ·
1901 2521 2059 2586 τέλος

416 2609 494 2684 δὲ,
547 2609 954 2688 φιλανθρωπίας
1003 2613 1205 2688 τυχὼν,
1258 2611 1463 2688 ἐξορίαν
1508 2613 1879 2688 κατακρίνεται
1910 2631 1924 2681 ;
1958 2611 2060 2668 Καὶ

413 2704 448 2770 ἡ
497 2699 761 2778 ἀπόφασις
819 2700 892 2762 ὡς
950 2701 1220 2774 θαυμασία
1271 2721 1332 2756 τε
1385 2701 1472 2757 καὶ
1526 2701 1958 2780 φιλάνθρωποςί
2003 2700 2063 2756 Τί

411 2791 514 2866 γὰρ
550 2791 712 2863 μέγα,
742 2790 904 2868 φησὶν
933 2791 961 2844 ὁ
1011 2788 1219 2853 δίκαιος
1274 2788 1549 2862 δικαστὴς,
1598 2792 1687 2846 καὶ
1737 2793 1812 2865 μή
1847 2789 2060 2846 διώκων

412 2879 795 2953 Χριστιανοὺς,
856 2879 901 2935 εἷ’
956 2879 1284 2942 Γαλιλαίους
1345 2879 1472 2937 δέκα
1529 2881 1624 2956 μία
1681 2884 1804 2958 χεὶρ
1863 2881 2063 2954 Ἑλλη-

411 2970 538 3036 νική
591 2968 1024 3045 κατειργάσατο;
1074 2974 1247 3024 Ταῦτα
1297 2969 1397 3025 ούκ
1438 2971 1664 3044 ὠμότης
1719 2973 2060 3050 περιφανής;

406 3062 574 3112 ταῦτα
632 3057 693 3113 ού
753 3058 1090 3134 πρόγραμμα
1147 3057 1393 3136 διωγμοῦ
1428 3108 1443 3133 ,
1491 3061 1580 3115 καὶ
1638 3061 1782 3116 πολύ
1839 3083 1898 3138 γε
1955 3067 2059 3117 τῶν

412 3145 655 3220 δημοσίᾳ
702 3147 1110 3224 προτιθεμένων
1176 3149 1550 3227 ἐναργέστερον
1600 3151 1689 3206 καὶ
1740 3154 1850 3226 (30)
1901 3147 2061 3230 φοϐε-

409 3239 648 3312 ρώτερον
702 3256 715 3306 ;
757 3235 818 3292 Τί
863 3238 968 3314 γὰρ
1025 3235 1263 3315 διαφέρει
1317 3243 1414 3294 τοῦ
1461 3237 1702 3294 κίνδυνον
1750 3238 2060 3316 προγράψαι

412 3331 750 3399 Χριπιανοῖς
809 3327 872 3382 τὸ
931 3331 1048 3388 τοῖς
1092 3324 1348 3390 διώκταις
1403 3329 1736 3404 Χριστιανῶν
1792 3327 2062 3402 ἡδόμενον

411 3416 712 3492 φαίνεσθαι,
757 3417 844 3471 καὶ
898 3415 1038 3492 μέγα
1086 3415 1337 3493 ἔγκλημα
1393 3423 1660 3482 ποιεῖσθαι
1719 3420 1780 3474 τὸ
1842 3421 2059 3495 μετριά-

414 3511 522 3575 ζειν
558 3524 572 3575 ;
603 3506 666 3560 τὸ
710 3507 810 3582 γὰρ
865 3505 1155 3582 βούλεσθαι
1211 3505 1477 3582 βασιλέως
1521 3505 1761 3586 ἄγραφός
1809 3508 1917 3564 ἐστι
1968 3509 2058 3563 νό-

416 3615 539 3668 μος,
595 3599 672 3668 τῷ
716 3594 897 3670 κράτει
951 3595 1445 3672 συνηγορούμενος,
1507 3597 1596 3652 καὶ
1645 3597 1792 3653 πολὺ
1841 3619 1903 3673 γε
1953 3602 2058 3653 τῶν

410 3688 664 3760 γραπτῶν
715 3683 1110 3762 ἰσχυρότερος,
1157 3689 1264 3741 τῶν
1311 3686 1372 3740 ού
1423 3683 1703 3759 δυναστείᾳ
1754 3689 2060 3764 βοηθουμέ-

411 3795 514 3829 νων
521 3817 534 3830 ο

2170 2078 2444 2134 viendum
2476 2077 2738 2149 putabat,
2763 2077 2846 2132 ita
2874 2076 3049 2132 etiam
3081 2074 3240 2149 leges
3265 2091 3495 2148 quoque
3531 2075 3677 2129 I27
3705 2089 3825 2127 me-

2168 2167 2442 2223 diocriter
2484 2167 2832 2234 verebatur),
2865 2164 3073 2220 multis
3119 2164 3584 2221 Christianorum
3637 2164 3693 2216 in
3720 2163 3824 2230 ju-

2168 2256 2385 2312 dicium
2420 2255 2623 2328 raptis,
2654 2254 2715 2310 in
2766 2253 3085 2310 nonnullos
3116 2254 3291 2310 etiam
3337 2254 3644 2324 gentilium
3696 2249 3823 2305 ani—

2169 2346 2597 2413 madvertisset,
2650 2348 2778 2400 orta
2820 2347 3016 2416 postea
3069 2343 3459 2408 accusatione,
3513 2345 3581 2397 ad
3634 2344 3821 2413 impe-

2169 2440 2421 2492 ratorem
2451 2435 2693 2490 ductum
2744 2448 2893 2501 esse,
2926 2449 2992 2489 ac
3045 2449 3281 2488 summa
3310 2450 3442 2488 cum
3493 2433 3818 2504 ignominia

2162 2524 2454 2598 judicium
2485 2523 2740 2580 subiisse
2773 2539 2786 2577 :
2821 2538 3069 2594 cumque
3100 2538 3161 2578 se
3191 2521 3438 2595 legibus,
3466 2540 3531 2577 ex
3565 2540 3816 2594 quarum

2170 2614 2506 2688 praescripto
2537 2613 2648 2670 sibi
2669 2611 2977 2684 judicandi
3007 2611 3305 2685 provincia
3348 2613 3662 2668 commissa
3692 2612 3819 2668 fue-

2172 2709 2279 2772 rat,
2313 2706 2594 2770 tueretur,
2631 2701 2772 2757 nihil
2804 2701 3045 2774 propius
3088 2701 3307 2756 factum
3361 2719 3487 2756 esse
3530 2719 3706 2773 quam
3757 2706 3822 2757 ut

2173 2795 2241 2850 ad
2277 2796 2523 2849 mortem
2556 2795 2857 2864 raperetur
2890 2807 2904 2848 :
2936 2791 3007 2846 ad
3040 2793 3364 2846 extremum
3407 2796 3601 2846 autem
3636 2792 3821 2863 impe-

2172 2882 2382 2940 ratoris
2412 2880 2722 2937 clementia
2753 2879 2954 2937 exsilio
2971 2880 3258 2936 duntaxat
3274 2880 3620 2936 mulctatum
3655 2881 3825 2936 esse?

2174 2979 2349 3029 Porro
2381 2989 2559 3046 quam
2609 2970 2884 3044 praeclara
2913 2974 2968 3025 et
3017 2969 3280 3025 humana
3319 2970 3646 3025 sententia!
3681 2972 3826 3040 Quid

2171 3064 2321 3120 enim
2348 3079 2536 3132 grave,
2569 3058 2762 3132 inquit
2781 3059 2986 3131 justus
3006 3058 3211 3130 judex,
3243 3059 3600 3131 minimeque
3630 3061 3824 3117 Chris-

2174 3153 2365 3208 tianos
2422 3166 2799 3223 persequens,
2840 3149 2890 3204 si
2943 3165 3143 3204 manus
3199 3165 3312 3204 una
3367 3151 3588 3219 gentilis
3645 3151 3821 3206 decem

2173 3242 2436 3299 Galilzos
2493 3240 2832 3310 interfecit?
2888 3238 3014 3293 Haec
3073 3253 3205 3294 vero
3261 3255 3452 3293 annon
3515 3240 3825 3311 perspicua

2173 3329 2489 3386 crudelitas
2514 3333 2739 3385 i’annon
2767 3326 3190 3400 persecutionis
3210 3327 3492 3398 edictum,
3512 3333 3566 3384 et
3588 3329 3824 3402 quidem

2171 3420 2244 3476 iis
2275 3436 2401 3492 quas
2434 3417 2664 3492 publice
2710 3420 3139 3490 praponuntur,
3172 3417 3357 3474 multo
3409 3419 3738 3490 expressius
3769 3423 3826 3475 et

2175 3507 2600 3565 formidabilius
2623 3506 2650 3562 ?
2669 3506 2818 3573 Quid
2837 3505 2994 3562 enim
3022 3507 3285 3577 interest,
3318 3509 3643 3580 periculum
3669 3510 3825 3564 Chri-

2172 3599 2380 3656 stianis
2409 3597 2603 3655 edicas
2624 3601 2802 3670 atque
2820 3596 3259 3671 promulges,an
3280 3601 3337 3653 te
3358 3598 3822 3655 Christianorum

2171 3688 2640 3762 persecutoribus
2691 3687 2964 3744 delectari
3015 3704 3133 3761 prae
3179 3691 3236 3744 te
3281 3687 3453 3755 feras,
3511 3689 3825 3759 magnique

2173 3779 2438 3835 criminis
2469 3778 2594 3834 loco
2624 3777 3242 3846 ducas,moderatione
3271 3779 3523 3850 quadam
3558 3793 3694 3848 erga
3726 3793 3824 3832 eos

411 3863 732 3954 uti?Velle
761 3864 979 3922 etenim
1035 3865 1426 3938 imperatoris,
1461 3867 1552 3923 lex
1594 3870 1855 3923 est.non
1905 3867 2143 3942 scripta,
2175 3868 2406 3941 imperii
2455 3872 2511 3923 et
2559 3865 2830 3939 potentiae
2876 3865 3199 3938 patrocinio
3247 3870 3430 3937 septa,
3482 3870 3538 3919 et
3587 3865 3824 3936 quidem

411 3953 647 4026 scriptis
676 3953 928 4027 legibus,
961 3971 1090 4026 quas
1121 3956 1382 4028 potentia
1411 3974 1526 4013 non
1557 3957 1900 4030 fulciuntur,
1933 3958 2104 4032 longe
2134 3958 2357 4014 firmior
2387 3961 2562 4028 atque
2591 3955 2895 4012 valentior.

564 4043 576 4060 Ι
677 4038 705 4060 ν
872 4041 885 4058 ἱ
1074 4043 1087 4058 \
1233 4042 1244 4062 Ι
1752 4044 1766 4062 \
1856 4047 1868 4061 κ
1984 4045 1994 4064 Ι

485 4043 562 4119 LA
583 4085 596 4099 .
629 4043 727 4112 Ου,
761 4062 916 4119 φασιν
951 4043 1004 4097 οἱ
1031 4063 1098 4097 τα
1137 4041 1341 4098 ἐκεινου
1387 4040 1648 4114 σέϐοντες,
1679 4065 1768 4098 και
1817 4066 1907 4100 τον
1945 4065 2060 4100 νεον

414 4134 552 4204 ἡμῖν
588 4132 704 4195 θεὸν
733 4130 1183 4201 ἀναπλάττοντες,
1235 4133 1327 4186 τὸν
1357 4130 1488 4202 ἡδὺν
1532 4133 1621 4187 καὶ
1654 4131 2058 4211 φιλάνθρωπον*

412 4219 542 4276 ἀλλ’
573 4219 654 4275 δτι
687 4222 762 4294 μὴ
799 4218 1059 4294 δημοσίᾳ,
1109 4219 1482 4277 διωκέσθωσαν
1533 4223 1868 4298 Χριστιανοὶ,
1901 4222 2063 4300 πρού-

413 4311 566 4381 θηκε,
615 4308 705 4364 καὶ
755 4310 928 4364 πάντα
958 4310 1336 4386 πασχέτωσαν,
1370 4310 1468 4365 ὅσα
1498 4308 1648 4366 δοκεῖ
1681 4317 1798 4373 τοῖς
1831 4309 2062 4367 διώκου-

410 4421 516 4469 σιν,
575 4397 818 4476 ἀφιέντες
878 4399 1035 4454 αύτὸν
1090 4406 1189 4469 τῆς
1242 4405 1339 4454 τοῦ
1397 4398 1613 4456 διώκειν
1682 4401 1855 4464 αἰτίας
1891 4445 1903 4459 .
1959 4403 2064 4471 Τὴν

411 4485 577 4564 ὕδραν
605 4490 721 4563 (31)
753 4485 809 4543 δὲ
849 4485 1024 4552 οὐδεὶς
1071 4489 1295 4544 πώποτε
1343 4489 1488 4544 εἶπεν
1521 4489 1754 4567 ἥμερον,
1803 4490 1886 4546 ὅτι
1919 4490 2065 4547 ἐννέα

409 4575 650 4655 κεφαλὰς
711 4577 828 4633 ἀντὶ
889 4584 1017 4651 μιᾶς
1075 4573 1498 4654 προύϐάλλετο,
1559 4575 1614 4635 εἷ’
1662 4601 1715 4633 τι
1771 4585 1850 4652 τῷ
1911 4580 2065 4654 μύθῳ

485 4704 590 4776 (23)
625 4700 826 4772 Δῆλον.
845 4705 1018 4776 _Pass.
1052 4699 1256 4774 δηλῶν.

483 4773 959 4849 (24)]ζαισαρέων,
991 4780 1100 4833 etc.
1136 4801 1164 4849 «ς
1194 4779 1256 4833 In
1289 4778 1432 4834 urbe
1464 4777 1828 4847 Caesariensi,
1887 4801 1915 4830 »
1968 4779 2059 4834 in-

410 4847 542 4920 quit
570 4847 742 4920 Elias,
775 4847 810 4898 ‹‹”
837 4854 962 4904 erat
992 4848 1277 4922 templum
1310 4850 1693 4922 quoddam,et
1709 4855 1904 4908 statua
1925 4852 2057 4908 For-

410 4926 799 4996 tunas,_quam
831 4921 1196 4996 majorem’in
1230 4921 1468 4996 modum
1503 4923 2058 4996 colebantgentiles,

409 4997 586 5074 atque
607 4991 1482 5074 imprimisdlulianusmmnium
1503 4991 1839 5074 mortalium
1859 4991 2062 5068 super;

407 5062 866 5148 stitiogissimus.
891 5063 1009 5148 ῌοο
1040 5062 1235 5148 autem
1270 5066 1762 5148 templumsimul
1786 5062 2061 5148 cum—sta-

407 5141 535 5212 tua,
567 5136 939 5212 Cgisariensis
969 5136 1494 5212 quispiam,acriori
1522 5139 1734 5212 pietate
1761 5141 2062 5212 praditus,

410 5208 877 5284 ingcend‘it‘atque
909 5209 966 5264 in
1000 5208 1255 5266 cinerem
1287 5208 1724 5284 redegitflratus
1751 5208 2062 5269 Caesarien-

408 5281 578 5352 sibus
607 5279 908 5352 Julianus,
934 5297 1032 5338 eos
1061 5279 1454 5338 contumeliis'
1491 5283 1725 5339 aliectos
1765 5283 2064 5340 diuturnis

409 5350 720 5427 mulctavit
747 5350 1001 5427 exsiliis,
1041 5353 1376 5427 ipsamque_
1405 5353 1630 5421 urbem,
1691 5356 2063 5426 Cappadocia:

409 5423 805 5498 metropolim,
838 5423 1198 5498 eicivita'tum
1231 5423 1493 5498 catalogo
1524 5423 1826 5497 expunxit.‘
1861 5449 1886 5474 ››

483 5490 826 5570 ς25)’οὐδὲν.
879 5497 1022 5570 Tres
1073 5499 1289 5570 Regg.,
1340 5490 1494 5553 unus
1541 5490 1702 5553 Colb.
1761 5502 1817 5553 et
1868 5498 1960 5552 0r.
2013 5501 2061 5566 1,

408 5564 554 5621 οὐδέ.
600 5571 764 5624 Pass.
796 5567 1030 5624 omittit.

487 5640 596 5708 (26)
628 5643 713 5692 ’Ev
742 5643 916 5712 καιρῷ
946 5646 1045 5708 τῆς
1092 5638 1368 5714 εὐτυχίας.
1430 5639 1659 5711 Billius,
1719 5662 1745 5690 «

411 5714 666 5785 fortuna
689 5716 986 5785 tempore.
1020 5736 1047 5764 ››

488 5783 604 5856 (27)
655 5782 998 5862 Ἀπαγᾶγών.
1073 5783 1300 5856 Billius,
1359 5807 1387 5837 ιι
1447 5782 1752 5857 abductis;
1806 5807 1834 5835 ››
1887 5782 2062 5856 Elius,

1804 5639 2064 5698 melioris

2243 4047 2428 4102 XCIV.
2464 4046 2587 4102 Non
2620 4045 2702 4101 ita
2731 4048 2839 4113 est,
2872 4043 3168 4117 inquiunt,
3201 4043 3301 4115 qui
3334 4059 3424 4098 res
3468 4043 3625 4097 illius
3654 4060 3822 4099 vene-

2174 4141 2396 4203 rantur,
2415 4151 2745 4206 novumque
2773 4135 2949 4189 deum
2972 4132 3139 4189 illum
3164 4132 3332 4188 nobis
3355 4133 3662 4204 efﬁngunt,
3689 4150 3823 4188 sua-

2171 4241 2325 4294 vem,
2360 4225 2622 4296 inquam,
2653 4222 2823 4280 illum
2854 4226 2910 4279 et
2938 4222 3294 4295 benignum:
3327 4237 3526 4275 verum
3561 4222 3700 4292 quia
3732 4239 3826 4276 ne-

2173 4331 2465 4387 quaquam
2498 4318 2694 4385 aperte
2743 4313 3154 4387 promulgavit,
3185 4317 3254 4368 ut
3298 4312 3615 4369 Christiani
3655 4328 3822 4367 vexa-

2172 4409 2392 4475 rentur,
2426 4409 2600 4476 atque
2629 4419 2698 4460 ea
2727 4403 2924 4459 omnia
2955 4407 3454 4476 paterentur,qum
3489 4407 3823 4473 persecuto-

2174 4493 2337 4549 ribus
2368 4492 2690 4549 collibitum
2721 4496 2896 4561 esset,
2929 4491 3146 4550 idcirco
3177 4508 3311 4547 eum
3345 4509 3375 4546 a
3407 4491 3825 4563 persecutionis

2172 4583 2418 4639 crimine
2466 4582 2785 4640 vindicant.
2818 4586 3011 4654 Atque
3061 4581 3310 4655 hydram
3343 4597 3513 4637 nemo
3563 4597 3824 4652 unquam

2093 4710 2141 4775 D
2176 4730 2204 4758 ‹‹
2237 4707 2436 4780 procul
2471 4723 2502 4762 a
2531 4707 2655 4780 solo
2688 4707 2885 4780 patrio
2907 4706 3119 4779 pulsis.
3156 4729 3185 4780 »ξ

2243 4778 2358 4853 (28)
2387 4778 2705 4853 ’Δναχθείςῖ
2734 4802 2755 4828 ε
2792 4778 3026 4853 Delatus
3060 4781 3133 4836 ad
3162 4778 3596 4852 imperatorem,
3632 4802 3658 4827 ››
3683 4778 3822 4848 sive,

2170 4875 2199 4902 ς(
2233 4849 2304 4907 ad
2336 4849 2709 4924 imperatoris
2737 4849 2996 4924 tribunal
3026 4849 3269 4924 tractus:

2246 4925 2353 4994 (29)
2396 4922 2786 4996 ’Ᾰνάρπαστος.
2819 4923 3280 4996 Pratermissum
3330 4940 3363 4977 a
3397 4923 3560 4978 Billio
3592 4941 3606 4996 7;
3643 4939 3821 4995 agno-

2173 5002 2346 5051 scunt
2376 4994 2570 5051 tamen
2599 5013 2742 5051 mss.
2777 4999 2834 5049 et
2862 4994 3059 5052 excusi
3080 5011 3304 5051 omnes.
3335 4998 3461 5050 Non
3489 4995 3639 5050 male
3669 4994 3825 5051 hunc

2179 5067 2372 5124 locum
2425 5067 2526 5139 sic,
2559 5066 2914 5122 reddideris:
2952 5091 2978 5118 «
3015 5068 3184 5139 cujus
3224 5065 3304 5122 rei
3347 5085 3546 5135 causa,
3601 5067 3822 5139 judicio

2175 5141 2452 5211 abrogata
2481 5138 2531 5194 ei
2565 5139 2866 5211 dignitate,
2899 5138 3316 5211 ofﬁcioqmotus
3347 5146 3454 5193 est.
3489 5163 3515 5188 ››

2246 5208 2354 5285 (39—)
2404 5208 2807 5285 Έναρχέᾶτερον
2871 5208 2982 5265 καί.
3057 5209 3328 5283 Plerique
3381 5213 3545 5267 codd.
3608 5209 3821 5284 ἐναργέ-

2174 5280 2358 5354 mea.
2390 5302 2447 5354 τε
2475 5280 2586 5337 καίζ

2245 5350 2356 5425 (31)
2384 5353 2491 5428 Τὴν
2523 5350 2767 5428 Ὕδραν.Δ
2801 5376 2828 5404 ‹‹
2875 5353 3087 5428 Hydra,
3141 5355 3365 5428 »_juxta
3425 5358 3641 5428 poetas,
3703 5357 3826 5408 erat

2175 5424 2415 5498 serpens
2447 5424 2727 5498 immanis
2755 5425 2812 5481 in
2858 5424 3042 5482 Lerna
3098 5424 3331 5498 palude,
3389 5424 3564 5497 prope
3619 5427 3822 5497 Argos.

2175 5497 2320 5555 Huic
2352 5503 2575 5570 septem
2607 5497 2798 5570 capita
2851 5498 2933 5554 sic
2990 5497 3272 5555 uni’collo
3303 5499 3729 5560 inserebantur,
3761 5499 3825 5548 ut

2173 5587 2306 5642 cum
2341 5569 2524 5626 unum
2557 5569 3132 5637 exsc’indereturmlia
3156 5570 3345 5627 multa
3376 5570 3817 5642 repulluiarent.

2173 5641 2384 5698 Omnia
2414 5642 2594 5700 simul
2650 5643 2851 5699 eodem
2911 5643 3026 5700 ictu
3060 5643 3337 5700 Hercules
3394 5641 3662 5702 abscidit,

2175 5713 2330 5786 igne,
2364 5720 2429 5772 ut
2457 5714 2556 5774 alii
2586 5715 2847 5785 tradunt,
2883 5715 3126 5774 exussit.

4183 1115 4189 1186 ξ

4181 1215 4189 1330 Ξ

4183 1337 4189 1402 1

4185 2261 4195 2288 I

4181 2291 4194 2416 ξ

4183 2429 4194 2490 i

4187 2499 4197 2560 ί

4183 2567 4196 2632 ἒ

4185 2681 4196 2724 ξ
