4202 6212
368 436 483 501 627

1606 433 1669 495 S.
1718 431 2093 495 GREGORII
2136 431 2532 493 THEOLOGI

3659 437 3785 500 628

370 572 561 631 lenem
594 573 651 629 et
680 570 1052 627 mansuetam
1084 566 1248 637 dixit,
1280 569 1436 642 quod
1466 585 1673 627 novem
1705 568 1897 641 capita
1916 584 2019 640 pro

2141 564 2376 621 πειστέον
2402 566 2538 638 (32)⁹
2570 562 2694 623 οὐδὲ
2722 566 2821 637 τὴν
2856 568 3163 646 Παταρικῆν
3216 568 3485 648 Χίμαιραν
3534 573 3669 646 (33),
3699 571 3785 629 (iri

372 679 490 719 uno
520 661 823 735 proferret,
855 660 904 715 si
937 660 1077 731 quid
1109 659 1246 716 fidei
1276 659 1488 716 fabulae
1528 660 1866 716 habendum
1897 662 2017 715 est:

371 768 478 810 nec
507 750 833 807 Pataricam
859 748 1216 819 chimmram,
1250 751 1406 821 quod
1436 749 1551 805 tria
1581 766 1647 806 ac
1676 750 1925 815 diversa,
1958 750 2023 803 ut

370 846 651 898 terrorem
683 840 965 911 majorem
995 839 1227 896 afferret
1262 857 1276 897 :
1309 842 1375 895 ut
1420 839 1589 895 illum
1622 840 1775 911 apud
1802 838 2021 895 inferos

372 927 706 997 Cerberum,
739 929 895 999 quod
945 928 1189 983 totidem
1220 931 1279 985 et
1306 926 1520 984 similia
1552 945 1565 983 :
1599 932 1702 984 aut
1746 926 2021 1000 Scyllam.

373 1032 700 1090 aequoream
731 1020 978 1090 pestem,
1011 1018 1169 1089 quod
1201 1034 1301 1074 sex
1330 1017 1390 1072 in
1421 1018 1619 1074 orbem
1653 1016 2022 1088 maximeque

369 1107 660 1163 horrenda
685 1123 697 1161 :
723 1110 780 1163 et
809 1110 1005 1163 tamen
1037 1106 1367 1179 superiores
1389 1106 1576 1179 ipsius
1599 1111 1795 1179 partes
1815 1121 2023 1161 suaves

372 1201 429 1253 et
457 1196 753 1253 humanas
776 1195 959 1252 fuisse
978 1200 1352 1264 narrant,nec
1369 1201 1609 1268 aspectu
1635 1194 2020 1267 injucundas;

368 1287 533 1360 virgo
563 1285 719 1343 enim
752 1289 897 1353 erat,
950 1285 1314 1358 cognationis
1349 1286 1660 1357 cujusdam
1704 1285 2024 1341 necessitu-

371 1376 507 1433 dine
537 1376 845 1434 nobiscum
878 1375 1148 1433 devincta
1180 1391 1193 1433 :
1228 1379 1288 1432 at
1316 1374 1544 1447 reliqua
1584 1374 1780 1446 capita
1813 1373 2025 1430 canina

371 1470 557 1539 erant,
590 1468 648 1523 et
688 1464 968 1535 belluina,
998 1467 1174 1538 atque
1224 1463 1464 1520 omnino
1495 1462 1842 1536 perniciosa,
1875 1462 2023 1519 clas-

372 1570 467 1612 ses
497 1556 651 1612 128
682 1558 838 1611 totas
869 1553 1261 1627 corripientia,
1297 1569 1423 1625 nec,
1459 1556 1749 1626 quantum
1770 1553 1840 1608 ad
1872 1552 2023 1625 peri-

373 1643 595 1714 culurn,
613 1644 685 1699 ab
714 1643 980 1717 opposita
1009 1642 1299 1715 Charybdi
1321 1642 1643 1715 quidquam
1677 1641 2022 1698 differentia.

374 1736 465 1789 An
495 1736 559 1789 tu
589 1732 767 1789 etiam
808 1732 1249 1805 sagittariorum
1281 1735 1339 1788 et
1365 1732 1732 1787 funditorum
1780 1732 2026 1804 sagittas

376 1838 443 1878 ac
473 1821 842 1895 lapides,non
864 1826 1059 1879 autem
1085 1822 1410 1879 funditores
1425 1821 1586 1894 ipsos
1615 1826 1674 1877 et
1692 1820 2026 1894 sagittarios

376 1911 727 1969 accusabis?
767 1913 855 1968 An
903 1915 1248 1969 venatorum
1298 1928 1493 1977 canes,
1536 1914 1594 1966 et
1638 1910 2026 1966 veneﬁcarum

374 2000 585 2069 toxica,
618 2004 674 2057 et
705 2006 1157 2075 cornupetarum
1188 2001 1388 2072 boum,
1422 2004 1478 2056 et
1505 1999 1916 2056 dilaniantium
1950 2000 2027 2055 fe-

374 2106 576 2147 rarum
607 2107 828 2148 cornua
872 2094 931 2148 et
958 2106 1188 2164 ungues
1221 2109 1235 2148 :
1269 2090 1371 2163 qui
1419 2092 1614 2145 autem
1648 2089 1722 2144 iis
1755 2092 2023 2159 utuntur,

372 2184 538 2239 extra
565 2179 799 2253 culpam
830 2183 1262 2253 ponentur,nec
1287 2178 1552 2235 criminis
1573 2194 1778 2233 earum
1804 2193 2024 2247 rerum,

373 2287 523 2344 quas
544 2269 1274 2343 perpetrarint,participes
1297 2271 1470 2325 erunt
1488 2268 1744 2340 ?Magnae
1772 2268 2027 2341 profecto

370 2359 493 2417 haec
524 2358 787 2416 stultitia
820 2359 1129 2432 fuerint,ac
1152 2357 1419 2431 sophista
1439 2357 1643 2430 procul
1670 2357 1848 2413 dubio
1880 2374 2028 2429 opus

371 2447 815 2521 habuerint,qui
841 2448 1118 2506 vitiorum
1149 2464 1393 2504 suorum
1424 2446 1816 2519 patrocinium
1849 2446 2030 2503 susci-

372 2538 516 2612 piat,
546 2537 893 2611 viribusque
924 2537 1267 2609 eloquentim
1296 2536 1599 2593 veritatem
1634 2536 1887 2609 obtegat.
1918 2537 2027 2592 Sed

373 2625 538 2684 nulla
568 2643 831 2700 unquam
861 2626 1087 2683 ratione
1117 2625 1381 2698 seipsum
1413 2624 1752 2695 occultabit,
1784 2643 1856 2681 ne
1886 2626 1936 2682 si
1967 2625 2028 2681 in

375 2732 612 2773 omnem
643 2715 881 2789 quidem
914 2720 1141 2789 partem
1172 2731 1233 2772 se
1269 2718 1479 2785 verset,
1513 2732 1579 2771 ac
1608 2729 1711 2787 per
1739 2714 2029 2771 vafritiam

379 2821 549 2862 suam
572 2804 633 2861 in
655 2821 860 2861 omnes
881 2805 1102 2861 formas
1124 2804 1399 2860 immutat
1417 2821 1430 2873 ;
1447 2807 1622 2876 atque
1635 2803 1763 2860 Orci
1778 2804 2027 2877 galeam,

382 2897 449 2950 ut
475 2892 587 2950 dici
618 2893 786 2963 solet,
819 2893 1043 2961 induat,
1059 2896 1159 2949 aut
1189 2893 1365 2966 Gygis
1396 2891 1611 2948 annulo
1640 2895 1696 2948 et
1725 2892 1867 2965 pales
1900 2910 2031 2950 con-

380 2983 644 3041 versione
691 2999 821 3040 sese
867 2982 1207 3039 suffuretur.
1241 2984 1363 3038 Imo
1410 2986 1633 3049 contra,
1674 2999 1791 3054 quo
1840 2983 2030 3056 magis

377 3071 530 3129 elabi
561 3076 737 3145 atque
764 3073 1016 3146 effugere
1048 3075 1255 3145 tentat,
1287 3071 1397 3128 hoc
1429 3072 1618 3145 magis
1648 3072 2030 3145 comprehen-

376 3162 537 3218 ditur
564 3165 620 3219 et
648 3161 1012 3219 convincitur
1029 3161 1184 3235 apud
1205 3162 1469 3219 veritatis
1498 3160 1782 3231 tribunal,
1802 3179 1867 3218 ac
1893 3179 2030 3235 pru-

374 3250 755 3309 dentissimos
786 3267 1054 3324 quosque
1083 3268 1285 3308 earum
1316 3266 1512 3308 rerum
1543 3251 1797 3322 judices,
1832 3256 2030 3324 utpote

371 3341 494 3399 haec
518 3341 736 3399 faciens
767 3344 945 3414 atque
966 3341 1496 3414 committens,quaa
1521 3357 1593 3396 ne
1620 3341 1744 3413 ipse
1766 3341 2025 3412 quidem,
2062 3325 2104 3391 C

2128 660 2272 731 τρεῖς
2301 656 2391 710 καὶ
2419 654 2713 731 ἀνομοίους
2759 660 2894 732 (34),
2945 657 3083 715 ὥστε
3134 660 3263 717 εἶναι
3313 656 3710 739 φοϐερωτέραν·
3740 664 3779 733 ἦ

2127 744 2218 800 τὸν
2279 743 2330 799 ἐν
2392 739 2523 815 ᾅδου
2581 742 2849 822 Κέρϐερον
2909 750 3059 822 (35),
3114 747 3199 804 ὅτι
3256 749 3521 813 τοσαύτας
3578 771 3637 806 τε
3693 753 3783 808 καὶ

2130 830 2344 907 ὁμοίαςο
2372 834 2407 902 ἢ
2440 834 2504 889 τὸ
2536 834 2823 898 θαλάττιον
2870 838 3032 891 κακὸν
3075 838 3173 908 τήν
3227 836 3481 895 Σκύλλαν
3534 843 3666 915 (36),
3698 840 3782 896 ὅτι

2127 923 2183 994 ἓξ
2236 922 2287 978 έν
2348 922 2537 997 κύκλῳ
2593 926 2684 979 καὶ
2743 925 3125 1004 φευκτοτάτας·
3183 926 3358 983 καίτοι
3416 950 3479 1004 γε
3535 929 3602 985 τὰ
3649 932 3785 985 ἂνω-

2130 1014 2309 1091 φασὶν,
2350 1012 2517 1083 αὐτῆς
2563 1015 2782 1089 χρηστὰ
2827 1015 2916 1070 καὶ
2965 1015 3344 1094 φιλάνθρωπα,
3393 1020 3484 1073 καί
3532 1019 3608 1082 εἰς
3658 1016 3782 1093 ὄψιν

2132 1101 2229 1157 οὐκ
2261 1099 2425 1172 ἀηδῆσ
2457 1098 2595 1175 κόρη
2651 1105 2755 1181 γὰρ
2787 1104 2854 1174 ἦν
2896 1105 3035 1168 πρὸς
3073 1108 3223 1180 ἡμᾶς
3251 1129 3306 1162 τι
3337 1109 3589 1184 συγγενὲς
3621 1106 3782 1185 ἔχου-

2132 1213 2216 1246 σα’
2248 1192 2302 1246 αἱ
2335 1190 2392 1247 δὶ
2421 1191 2526 1247 ἀπὸ
2556 1192 2751 1249 τούτου
2793 1192 3052 1258 κυνώδεις
3081 1195 3313 1275 κεφαλαὶ
3360 1197 3449 1252 καὶ
3493 1196 3786 1273 θηριώδεις

2132 1279 2350 1343 οὐδενὸς
2380 1283 2493 1354 (37)
2518 1284 2653 1351 ἦσαν
2686 1284 2911 1358 ἀγαθοῦ,
2944 1282 3175 1348 στόλους
3222 1283 3387 1348 ὅλους
3420 1286 3776 1362 ἀρπάζουσαι,

2130 1370 2221 1425 καὶ
2280 1368 2447 1443 μηδὲν
2507 1370 2585 1433 εἷς
2643 1370 2892 1428 κίνδυνον
2956 1371 3302 1453 διαφέρουσαι
3357 1382 3457 1439 τῖς
3506 1376 3785 1441 ὢτιθέτου

2132 1454 2461 1535 Χαρύϐδεως
2519 1462 2656 1534 (38).
2720 1463 2789 1518 Ἢ
2851 1461 2940 1517 καὶ
2997 1467 3105 1518 τῶν
3164 1464 3395 1535 τοξοτῶν
3446 1465 3511 1521 σὺ
3559 1467 3647 1523 καὶ
3675 1472 3783 1521 τῶν

2134 1546 2489 1627 σφενδονιτῶν
2664 1550 2732 1605 τὰ
2772 1551 2908 1627 βέλη
2939 1554 3028 1607 καὶ
3065 1552 3195 1616 τοὺς
3227 1551 3413 1619 λίθους
3443 1558 3782 1630 καταιτιάσῃ,

2134 1636 2261 1693 ἀλλ’
2291 1637 2353 1692 οὐ
2383 1638 2509 1701 τοὺς
2558 1637 2955 1717 σφενδονῶντας
3006 1640 3097 1697 καὶ
3144 1641 3273 1706 τοὺς
3310 1643 3623 1716 τοξεύοντας
3659 1664 3673 1715 ;
3705 1641 3783 1700 ἔτι

2136 1724 2193 1782 δὲ
2221 1732 2329 1782 τῶν
2357 1732 2666 1803 κυνηγετῶν
2701 1731 2815 1803 (40)
2863 1730 2990 1793 τοὺς
3033 1730 3218 1802 κύνας,
3266 1733 3360 1787 καὶ
3406 1737 3515 1788 τῶν
3566 1754 3782 1810 φαρμα-

2133 1820 2271 1872 κέων
2302 1818 2369 1871 τὰ
2400 1815 2739 1893 δηλητήρια,
2786 1818 2876 1874 καὶ
2924 1824 3031 1876 τῶν
3080 1821 3443 1897 κεραττόντων
3494 1825 3610 1896 (41)
3641 1826 3781 1899 βοῶν

2134 1907 2225 1961 καὶ
2301 1906 2717 1984 σπαραττόντων
2795 1909 3001 1986 θηρίων
3079 1912 3146 1965 τὰ
3217 1912 3417 1985 κέρατα
3492 1912 3584 1967 καὶ
3657 1913 3785 1977 τοὺς

2134 1991 2358 2073 ὄνυχαςο
2393 1998 2445 2051 οἱ
2472 1995 2531 2052 δὶ
2560 1999 2843 2073 χρώμενοι
2888 1997 3103 2061 τούτοις
3150 1999 3302 2063 ἐκτὸς
3334 2003 3618 2072 στήσονται
3650 2005 3783 2077 (42),

2132 2087 2222 2140 καὶ
2254 2084 2316 2139 ού
2351 2086 2628 2159 μεθέξουσί
2650 2093 2750 2156 τῆς
2777 2088 2850 2141 ὧν
2872 2089 3156 2161 τολμῶσιν
3180 2089 3354 2152 αἰτίας
3377 2108 3391 2158 ;
3419 2090 3645 2161 Ιιολλῆς
3663 2096 3787 2147 ταῦ-

2133 2196 2200 2230 τα
2229 2182 2327 2245 τῆς
2356 2174 2607 2251 ἀλογίας,
2632 2175 2722 2231 καὶ
2752 2171 2923 2239 ὄντως
2953 2182 3212 2256 σοφιστοῦ
3243 2180 3359 2253 (43)
3392 2176 3641 2252 δεόμενα,
3668 2186 3785 2242 τοῖς

2134 2264 2326 2320 ἑαυτοῦ
2357 2264 2791 2341 συνηγοροῦντος
2821 2271 3030 2339 κακοῖς,
3073 2267 3165 2322 καὶ
3211 2272 3280 2342 τῇ
3329 2272 3425 2323 τοῦ
3480 2269 3645 2345 λόγου
3696 2268 3786 2324 δυο

2132 2353 2288 2427 νάμει
2340 2354 2405 2409 τὸ
2461 2353 2660 2425 ἀληθὲς
2720 2353 3211 2429 συγκαλύπτοντος.
3272 2354 3429 2413 Ἀλλ’
3487 2357 3587 2413 οὐκ
3646 2357 3785 2414 ἔστιν

2135 2441 2284 2505 ὅπως
2314 2442 2500 2499 ἑαυτὸν
2548 2444 2848 2520 ἀποκρύψει
2900 2447 3036 2518 (44),
3081 2443 3200 2500 οὐδ’
3248 2444 3308 2500 ἂν
3359 2445 3545 2502 πολλὰ
3575 2452 3787 2526 στραφῇ

2134 2532 2224 2588 καὶ
2280 2537 2535 2595 παντοῖος
2591 2535 2813 2609 γένηται
2867 2539 2987 2597 ταῖς
3047 2532 3351 2605 ἐπινοίαις,
3409 2532 3523 2590 οὐδ’
3580 2535 3631 2591 εί
3684 2538 3786 2605 τὴν

2135 2619 2322 2685 Ἄϊδος
2354 2619 2548 2693 κυνέην
2594 2624 2730 2697 (45),
2762 2623 2791 2677 ὃ
2837 2619 2904 2691 δὴ
2957 2622 3189 2700 λέγεται,
3234 2624 3609 2699 περιθέμενος,
3644 2626 3680 2695 ἢ
3710 2630 3791 2698 τῷ

2138 2709 2413 2784 δακτυλίῳ
2458 2711 2633 2786 Γύγου
2683 2713 2818 2786 (46),
2867 2711 2956 2767 καὶ
3000 2717 3069 2787 τῇ
3119 2718 3325 2792 στροφῇ
3354 2720 3455 2783 τῆς
3487 2713 3785 2792 σφενδόνης

2137 2802 2498 2878 γρησάμενος,
2549 2802 2735 2857 ἑαυτὸν
2784 2800 3113 2878 ἀποκλέψειε
3162 2805 3295 2877 (47)·
3325 2803 3638 2859 τούναντίον
3690 2805 3785 2877 μὲν

2139 2891 2249 2963 οὗν,
2305 2889 2417 2965 ὅσῳ
2447 2891 2657 2969 φεύγειν
2709 2890 2978 2968 ἐπιχειρεῖ
3021 2892 3111 2947 καὶ
3143 2890 3561 2969 διαδιδράσκειν,
3592 2893 3785 2949 τοσού-

2136 3003 2216 3054 τῳ
2247 2979 2414 3036 πλέον
2448 2980 2725 3036 ἁλίσκεται
2753 2980 2900 3056 παρὰ
2928 2979 3159 3053 ἀληθείᾳ
3203 2979 3515 3058 δικαζούσῃ,
3547 2983 3636 3037 καὶ
3666 2987 3786 3045 τοῖς

2140 3071 2523 3145 συνετωτέροις
2575 3069 2783 3125 τούτων
2822 3075 3055 3146 κριταῖς,
3104 3070 3180 3134 ὡς
3227 3076 3395 3127 ταῦτα
3442 3071 3692 3149 πράττων
3730 3094 3792 3127 τε
3877 3146 3885 3151 ⁸

2140 3160 2230 3215 καὶ
2259 3157 2509 3232 τολμῶν,
2560 3160 2641 3222 οἷς
2691 3157 2804 3215 οὐδ’
2851 3159 2910 3215 ἂν
2965 3160 3124 3222 αὐτὸς
3174 3160 3249 3223 ὡς
3300 3159 3523 3225 δικαίως
3556 3183 3790 3238 πραττο-

2143 3250 2325 3322 μένοις
2349 3243 2451 3324 ἔχη
2478 3253 2816 3325 συνηγορεῖν’
2851 3246 3025 3311 οὕτως
3055 3247 3328 3305 εὐάλωτόν
3376 3249 3515 3307 ἐστιν
3543 3254 3577 3321 ἡ
3609 3272 3789 3321 πονη-

2145 3338 2255 3415 ρία,
2288 3337 2377 3393 καὶ
2408 3338 2746 3414 πανταχόθεν
2779 3339 2941 3412 ἑαυτῇ
2977 3338 3395 3415 περιπίπτουσα.

371 3434 436 3489 ut
459 3432 623 3502 justa
652 3432 959 3487 defendere
1004 3436 1198 3503 queat.
1232 3432 1386 3487 Adeo
1435 3435 1768 3503 expugnata
1821 3431 2006 3487 facilis
2039 3446 2133 3488 res
2178 3434 2267 3486 est
2314 3430 2681 3502 improbitas,
2727 3433 2902 3502 atque
2950 3430 3362 3503 undecumque
3409 3448 3607 3488 secum
3660 3433 3792 3505 ipsa

370 3524 619 3593 pugnat.

439 3608 599 3666 XCV.
631 3608 745 3666 Nec
776 3611 1105 3683 putandum
1154 3614 1262 3683 est,
1293 3627 1361 3667 ea
1390 3610 1650 3683 quidem,
1684 3627 1810 3682 quae
1854 3610 2027 3666 facie-

365 3699 489 3767 bat,
520 3699 665 3756 talia
697 3700 899 3767 fuisse,
930 3704 1171 3773 tamque
1199 3701 1270 3757 ab
1302 3700 1679 3773 imperatoria
1724 3700 2029 3756 nobilitate

368 3792 425 3844 et
454 3789 890 3863 magnificentia
924 3793 1184 3859 remota;
1218 3807 1286 3846 ea
1315 3805 1447 3847 vero
1478 3808 1602 3862 quas
1634 3789 1823 3846 facere
1852 3790 2026 3845 insti-

368 3878 589 3947 tuebat,
622 3877 991 3950 humaniora,
1024 3881 1081 3936 et
1108 3879 1462 3951 imperatore
1492 3878 1782 3951 digniora.
1817 3878 2027 3951 Magno

370 3968 627 4040 profecto
658 3968 1071 4025 aastimandum
1092 3972 1265 4041 esset,
1291 3968 1340 4025 si
1376 3984 1491 4025 non
1516 3968 1590 4024 iis
1622 3985 1748 4040 quae
1773 3984 2024 4025 comme-

443 4075 862 4201 (ilgzogleic'ttov.
907 4076 1050 4133 Tres
1101 4074 1281 4150 Regg.
1330 4075 1571 4133 πιστὲον.
1620 4076 1758 4150 Reg.
1814 4093 1873 4149 υ,
1934 4096 2025 4130 πι-

372 4164 615 4201 στευτεον
626 4189 638 4201 .

463 4219 554 4291 33)
585 4217 693 4293 Τὴν
726 4218 1053 4293 Παταρικήνῄ
1080 4216 1378 4293 Χίμαιραν..
1426 4240 1455 4271 ‹‹
1503 4221 1714 4276 Patara
1762 4241 1790 4293 ii
1841 4220 2023 4293 Lyciis

372 4289 541 4363 urbs,
595 4289 691 4345 cui
740 4305 920 4363 mons
958 4289 1200 4362 quidam
1244 4289 1578 4363 ignivomus
1622 4289 1929 4358 imminet;
1961 4293 2022 4349 in

371 4362 542 4432 cujus
573 4361 878 4417 cacumine
908 4361 1123 4431 lacnes,
1155 4363 1217 4419 in
1249 4361 1440 4418 medio
1475 4380 1541 4419 ca
1589 4380 1685 4429 rae,
1718 4363 1775 4418 in
1811 4365 2021 4419 radici-

371 4434 480 4488 bus
510 4436 705 4489 autem
739 4438 1038 4489 serpentes
1060 4434 1521 4489 habitant.Unde
1541 4381 1729 4489 iactus
1746 4440 1837 4489 est
1856 4435 2018 4489 locus

370 4434 480 4488 bus
510 4436 718 4504 autem,
739 4438 1038 4504 serpentes
1060 4434 1521 4491 habitant.Unde
1541 4434 1729 4491 factus
1746 4440 1837 4490 est
1856 4435 2018 4491 locus

367 4504 599 4573 fabulae,
634 4524 662 4555 ‹‹
693 4503 1038 4563 Chimaeram
1070 4529 1099 4557 »
1131 4510 1463 4563 monstrum
1493 4523 1622 4563 esse
1661 4508 1815 4578 quod
1851 4507 2019 4563 ﬂam-

367 4593 496 4633 mas
526 4580 776 4652 evomat,
808 4582 984 4652 caput
1009 4578 1195 4634 leonis
1224 4578 1469 4652 habens,
1508 4582 1779 4652 ventrem
1831 4597 2015 4652 caprae

366 4653 424 4723 et
451 4649 697 4723 caudam
729 4649 1018 4722 draconis,
1049 4654 1174 4719 aut,
1197 4654 1263 4706 ut
1294 4649 1414 4723 alii,
1445 4650 1559 4706 tria
1588 4651 1802 4723 capita,
1830 4649 2016 4708 unum

364 4718 857 4795 leonistalterum
887 4718 1097 4795 capras,
1125 4718 1449 4795 etitertium
1489 4718 1800 4795 serpentis.

439 4791 550 4863 (34)
586 4791 931 4871 ’ᾼνρμιξίουφ
959 4791 1148 4851 Ἀᾶάὶι
1181 4794 1340 4850 Pass.
1373 4791 1635 4871 κεφαλάς,
1670 4798 1725 4851 et
1751 4811 1854 4867 pro
1885 4792 2021 4848 ὣστε

368 4867 650 4938 sequente
680 4864 840 4938 legit,
873 4865 967 4926 ὡς.

439 4932 867 5012 (Β5)ΑΚέροέρον.
901 4936 1421 5012 Inf_eror_um_canis
1451 4940 1541 4993 est
1582 4959 1611 4989 ‹‹
1651 4937 1955 5007 Cerberus,
1990 4962 2011 4992 ι

369 5008 615 5081 quitria
639 5008 1077 5081 habereucapita
1106 5008 1368 5081 fingitur.

440 5079 707 5161 (3(5)'__Ti,v
761 5078 1361 5161 2x61_lav.__«_Scylla
1410 5100 1438 5128 υ
1479 5084 1581 5161 _est
1629 5079 1936 5161 scopulum
1959 5079 2019 5135 in

372 5151 748 5226 mari_Siculo
776 5153 1099 5226 naufragiis
1130 5151 1393 5226 famosus
1425 5152 1703 5226 ad_quem
1737 5151 1871 5206 illisi
1905 5152 2019 5207 flu-

368 5226 499 5278 ctus
528 5222 776 5280 latratus
803 5222 1015 5281 canum
1048 5224 1379 5280 imitantur.
1412 5226 1477 5278 In
1509 5222 1663 5278 hunc
1685 5228 1911 5280 mutata
1930 5228 2021 5280 est

372 5293 563 5369 §cylla
593 5296 800 5352 Phorci
825 5296 966 5363 filia,
1000 5313 1147 5369 quis,
1182 5301 1259 5369 ut
1276 5293 1615 5369 fabulantur
1644 5299 1844 5369 poetae,
1894 5312 2020 5369 ωυ-

367 5364 475 5421 lier
500 5366 756 5425 formosa
801 5364 1069 5441 superne,
1115 5364 1174 5423 in
1204 5367 1425 5441 piscem
1450 5365 1537 5422 vel
1568 5364 2014 5424 in'horrendum

367 5443 699 5497 serpentem
730 5441 1049 5497 desinebat.

439 5505 556 5583 (37)
587 5508 836 5582 Οὐδενός,
870 5513 1243 5583 οἱονεορῒοω
1276 5510 1474 5583 Begg.,
1509 5510 1621 5567 duo
1652 5510 1811 5567 Colb.
1863 5505 2014 5563 οὐδὲν

366 5582 500 5668 ἦσαν
533 5582 759 5668 ᾀγαθοῦ.
792 5608 821 5634 ‹‹
884 5582 1029 5638 nihil
1077 5582 1370 5638 habebant
1404 5582 1584 5638 boni:
1635 5584 1831 5639 omnis
1883 5584 2018 5639 boni

366 5667 643 5708 OXDOPtla'
678 5677 706 5704 ›)

404 5660 1002 5809 ἀντιθέτου
1034 5718 1379 5809 Χαρύϐδεως.
1430 5726 1564 5808 ΡΜζ
1602 5725 1693 5809 ed.
1725 5729 1864 5809 τοῖς,
1905 5728 2014 5809 sic.

372 5794 745 5869 (Charybdis
771 5817 798 5847 »
826 5803 949 5854 erat
970 5794 1183 5872 gurges
1205 5800 1528 5857 verticosus
1551 5798 1611 5855 in
1634 5798 1779 5856 freto
1804 5794 2015 5867 Siculo,

2290 3614 2301 3629 Ι
2375 3612 2391 3628 γ
2435 3607 2450 3625 \
2525 3605 2538 3625 ν
2620 3604 2641 3624 η
2811 3603 2835 3625 ν
3396 3611 3424 3623 ,ρ
3678 3607 3705 3627 ,ρ

2209 3607 2285 3685 [LE
2308 3652 2319 3664 .
2354 3613 2451 3661 hau
2483 3626 2592 3683 ουχ
2619 3627 2653 3660 α
2685 3606 2781 3679 μὲν
2810 3626 3065 3683 επραττεν
3092 3604 3226 3680 ἤδη,
3270 3628 3495 3663 τοιαυτα
3524 3609 3613 3663 καὶ
3644 3630 3788 3665 ουτω

2139 3695 2329 3773 πόρῥω
2398 3694 2691 3771 βασιλικῆς
2736 3695 3002 3771 εὐγενείας
3050 3698 3139 3752 καὶ
3202 3696 3705 3773 μεγαλοπρεπείας·
3756 3697 3791 3753 ’ἁ

2140 3784 2196 3842 δὲ
2229 3784 2488 3842 διενοεῖτο
2518 3786 2759 3861 πράξειν,
2791 3787 3117 3863 ἡμερώτερά
3145 3808 3202 3841 τε
3230 3787 3319 3842 καὶ
3365 3786 3791 3865 βασιλικώτερα,

2140 3874 2365 3932 Ιιολλοῦ
2396 3875 2541 3947 μέντ’
2574 3874 2632 3929 ἃν
2666 3872 2810 3945 ἄξιον
2841 3878 2925 3944 ἦν,
2960 3875 3005 3930 εί
3040 3876 3115 3949 μὴ
3164 3874 3309 3931 πολὺ
3336 3880 3443 3931 τῶν
3486 3876 3791 3953 εἰρημένων

2140 3963 2633 4042 ἀπανθρωπότερα.
2688 3967 2891 4040 Ὥσπερ
2963 3966 3066 4042 γὰρ
3124 3962 3415 4043 δράκοντος
3469 3966 3792 4041 κινουμένου

2136 4074 2337 4144 Scyllae
2368 4074 2693 4147 oppositus.

2135 4215 2163 4274 δ
2206 4142 2335 4231 39L
2351 4142 2741 4223 Σῲἑνδονιτῶν.
2774 4149 3035 4215 Quatuor
3064 4147 3267 4222 11633.,
3298 4148 3415 4204 duo
3444 4148 3606 4207 Colb.
3632 4168 3791 4227 σφεν-

2168 4238 2396 4274 ονητων.

2470 4291 2577 4376 rei)?
2636 4290 3260 4376 xcvqyir'div.‘9qatuor
3302 4291 3523 4376 Regg,
3540 4292 3697 4349 Colb.
3727 4294 3785 4362 8,

2343 4377 2412 4417 ex
2440 4362 2657 4438 quibus
2689 4358 2896 4438 alii;8:',
2916 4362 3030 4438 _alii
3063 4359 3150 4416 δαὶ
3180 4358 3586 4438 τῶν-κυνηγῶν.

2203 4430 2741 4510 (41)-Κεραττόντων.
2775 4430 2891 4510 Sex
2916 4435 3129 4510 Regg.,_
3151 4451 3235 4491 or.
3292 4436 3343 4505 1,
3400 4430 3782 4510 κυριττόντων.

2132 4506 2225 4562 Sic
2258 4505 2432 4582 eiiam
2466 4508 2632 4577 putat
2660 4505 3306 4582 legendum‘BudmusL
3329 4508 3417 4563 vel
3472 4505 3787 4582 κερατιζᾴν-

2123 4593 2253 4633 των.
2284 4579 2423 4657 ξἰθε.
2455 4576 2510 4650 γ,
2540 4576 2902 4657 κηρυττόντων
2934 4578 3066 4635 Bill.
3099 4583 3154 4635 et
3190 4578 3351 4636 Colb.
3402 4583 3463 4649 d,
3511 4576 3785 4657 κεριττόν-

2122 4670 2254 4719 των,
2286 4648 2473 4705 Pass;
2491 4648 2861 4719 σκηπτὸντων.

2198 4717 2309 4791 (42)
2343 4721 2467 4777 Ἐκτ
2481 4717 2539 4781 ὃς
2570 4722 2878 4792 στήσονται,
2909 4721 3067 4794 Colb.
3099 4723 3153 4794 3,
3187 4718 3560 4792 ἐκστήσονται.

2225 4794 2312 4869 43)
2340 4796 2627 4869 Σοφιστοῦ.
2662 4794 2969 4869 Libanium
3001 4793 3096 4849 hic
3126 4794 3313 4869 carpit
3334 4793 3667 4869 Gregorius.

2345 4862 2695 4940 ᾋποκρύψει.
2759 4866 2899 4940 Reg.
2955 4866 3076 4936 bm,
3134 4871 3191 4921 et
3227 4862 3423 4922 -Savil.
3449 4862 3781 4940 ἳποκρύψῃ.

2129 4934 2747 5011 οοφὺθεᾷποιὶριέψειει

2201 5010 2314 5080 (45)
2338 5008 2460 5081 ,Τήν
2492 5004 2680 5070 ’Ἄϊδος
2710 5006 2925 5076 κυνέην.
2965 5028 2992 5060 α
3019 5006 3153 5081 Orci
3178 5007 3421 5081 galeam.
3462 5028 3492 5058 υ
3540 5011 3662 5081 Hoc
3710 5008 3783 5065 de

2130 5079 2347 5153 iis'dici
2380 5080 2549 5146 solet,
2580 5081 2774 5153 inquit
2806 5085 3103 5153 Erasmus,
3135 5079 3300 5136 Prov.
3333 5081 3424 5153 94,
3451 5079 3551 5153 qui
3575 5097 3636 5138 se
3657 5085 3782 5138 arte

2130 5152 2426 5234 quapiam:
2458 5153 2627 5234 quasi
2648 5151 2976 5234 caliginosa
3004 5151 3193 5234 galea,
3224 5151 3537 5234 occultant:

2202 5169 2426 5223 aplam,
2458 5169 2627 5277 (£1881
2655 5169 2976 5226 caliginosa
3004 5169 3193 5225 galea,
3224 5169 3537 5208 οοοιιιιαῐη.

2202 5225 2429 5297 Τῷ
2513 5222 2752 5295 ακτυλίῳ
2805 5222 3011 5297 Γύγου.-
3048 5245 3069 5273 ιι
3128 5224 3305 5297 Gygis
3364 5223 3599 5297 annulo.
3665 5244 3695 5273 »
3736 5225 3782 5279 Α

2174 5293 2318 5351 oetis
2348 5293 2622 5352 narratur
2646 5293 3064 5369 GygenuLydiaa
3088 5293 3547 5367 pastorem,cum
3570 5296 3627 5369 in
3649 5311 3783 5367 spe-

2133 5366 2365 5424 luncam
2396 5366 3055 5437 descendisset,illicque
3084 5366 3309 5423 aeneum
3339 5367 3642 5440 equum,in
3666 5366 3783 5449 quo

2133 5437 2392 5495 hominis
2424 5441 2686 5495 cadaver.
2719 5447 2776 5495 et
2812 5438 3120 5495 annulum.
3170 5441 3339 5495 cuius
3390 5439 3525 5495 nala
3572 5438 3783 5495 ﬂexrlis

2134 5454 2392 5495 nominis
2424 5454 2686 5505 cadaver,
2719 5454 2776 5495 et
2812 5454 3120 5506 annulum,
3170 5454 3339 5511 οιῃιιε
3390 5454 3525 5512 para
3572 5454 3783 5496 nexius

2130 5516 2275 5594 erat,
2293 5511 2641 5594 invenisset,
2693 5509 3211 5594 sec‘umannulum
3241 5510 3576 5594 abstulisse,
3608 5511 3783 5594 cujus

2128 5584 2365 5649 virtute,
2398 5583 2686 5639 occultata
2714 5583 2865 5657 pala,
2901 5582 2915 5638 i
2964 5599 3026 5639 se
3056 5598 3170 5654 quo
3218 5600 3288 5640 ue
3319 5582 3740 5640 occultabatur.

2131 5728 2141 5739 ‘
2200 5656 2312 5739 (47.)
2344 5652 2722 5739 Ἀποκλέψειξ.
2767 5599 2958 5739 ξανίιῐῗ
3005 5599 3306 5739 ὑποκλῐίψῃ.
3349 5655 3463 5739 .Bil.
3498 5660 3558 5739 et
3610 5656 3779 5712 Mon-

2126 5724 2239 5784 tac.
2272 5724 2578 5802 ἀποκρύψῃ,
2600 5724 2634 5779 ’‹‹
2666 5728 2871 5786 furtim
2902 5743 3031 5785 sese
3060 5724 3244 5786 oculis
3263 5724 3588 5785 subducat.
3621 5749 3651 5777 »
