4202 6212
462 397 572 460 631

1710 391 1777 452 S.
1826 392 2199 453 GREGORII
2245 390 2643 453 THEOLOGI

3768 390 3892 451 632

465 532 625 606 piam
646 526 800 585 malo
820 525 939 583 sive
969 540 1145 598 parvo
1167 523 1286 581 sive
1308 538 1521 599 magno
1541 522 1773 600 legibus
1803 524 2117 598 prohibito,

2247 524 2411 577 πενθῶν
2445 518 2738 599 εἴργεσθαι·
2772 519 2805 575 ἃ
2834 524 2951 584 τοῖς
2985 519 3081 593 μὶν
3122 515 3393 596 πάσχουσι
3440 514 3615 575 πλείω
3668 517 3893 597 φιλοτι-

467 618 656 678 aﬂ‘ecti
689 617 957 685 fuissent,
982 614 1179 688 legum
1224 614 1489 671 subsidio
1513 615 1711 687 juvari
1742 619 2002 688 possent,
2024 632 2119 671 ve-

467 726 600 766 rum
632 705 837 779 patriis
867 704 977 777 ipsi
1012 704 1231 762 finibus
1261 704 1613 778 pellerentur
1640 709 1697 761 et
1724 704 2123 761 interﬁceren-

2237 611 2359 686 μίαν
2389 613 2508 688 εἶχε
2537 611 2625 667 καὶ
2667 613 2767 682 τὴν
2815 612 2950 687 πρὸς
2999 610 3126 665 Θεὸν
3177 606 3502 685 παῤῥησίαν,
3550 614 3667 671 τοῖς
3714 607 3889 686 δρῶσι

2234 700 2291 757 δὲ
2325 701 2495 776 μείζω
2523 703 2621 771 τήν
2650 700 2990 778 παρανομίαν
3021 698 3112 755 καὶ
3145 695 3377 770 ἀδοξίαν.

467 801 585 865 tur,
619 793 1185 867 respirationemque
1218 794 1393 850 etiam
1441 793 1572 867 ipsa
1620 810 1769 867 pene
1810 793 2277 867 prohiberentur.
2311 796 2467 865 Quae,
2501 798 2567 850 ut
2609 793 2681 851 iis
2724 793 2825 866 qui
2875 792 3271 866 patiebantur,
3305 791 3588 861 majorem
3638 790 3891 864 gloriam

468 885 859 956 ﬁduciamque
914 884 1070 957 apud
1104 885 1281 940 Deum
1337 884 1673 955 aii‘erebant,
1706 883 1789 940 ita
1818 883 1889 941 iis
1919 883 2019 956 qui
2076 882 2383 954 faciebant,
2419 884 2701 955 majorem
2754 882 3127 956 iniquitatem
3185 882 3242 937 et
3297 878 3603 937 infamiam
3662 879 3895 954 impor-

469 975 699 1034 tabant.

542 1064 755 1122 XCVII.
783 1064 953 1121 Porro
975 1079 1152 1135 quam
1183 1062 1333 1119 scita
1360 1066 1417 1119 et
1446 1066 1617 1120 aucta
1656 1063 1800 1119 ratio
1834 1062 2127 1119 carnificis

471 1155 632 1213 illius
663 1158 721 1213 et
748 1153 1001 1227 patroni,
1022 1153 1219 1226 legum
1251 1153 1704 1226 transgressoris
1743 1157 1799 1209 et
1828 1152 2123 1226 legislato-

475 1245 574 1318 ris,
592 1248 713 1313 aut,
735 1247 799 1299 ut
817 1242 1014 1316 aptius
1034 1242 1262 1315 loquar,
1282 1242 1506 1298 inimici
1530 1246 1587 1297 et
1609 1242 1817 1298 ultoris
1832 1243 1898 1310 ‘5,
1916 1258 2123 1314 quem—

475 1333 793 1391 admodum
830 1335 1028 1388 noster
1078 1347 1270 1388 sermo
1301 1330 1595 1403 loquiturl
1630 1331 1748 1388 Hoc
1794 1332 1951 1387 enim
1999 1331 2125 1403 lege

475 1428 676 1480 nostra
704 1422 938 1491 sanciri,
973 1438 1043 1477 ne
1090 1420 1371 1494 injuriam
1420 1424 1718 1494 acceptam
1751 1420 2124 1489 ulciscamur,

477 1514 634 1570 180
655 1529 759 1569 nec
789 1511 953 1569 litem
985 1511 1384 1583 intendamus,
1408 1527 1514 1567 nec
1535 1511 1858 1583 quidquam
1890 1510 2131 1567 omnino

2309 1061 2415 1138 LLZ'.
2451 1060 2551 1116 Καὶ
2599 1060 2627 1114 ὁ
2678 1057 2847 1135 λόγος
2902 1060 2977 1121 ὡς
3026 1077 3299 1135 πανσοφος
3345 1060 3441 1112 τοῖ’)
3491 1061 3753 1134 φονευτοῦ
3800 1056 3893 1113 καὶ

2238 1151 2543 1223 προστάτου
2576 1151 2711 1223 (60),
2759 1148 2849 1204 καὶ
2894 1147 3216 1225 παρανόμου
3264 1145 3356 1201 καὶ
3396 1144 3713 1220 νομοθέτου,
3744 1147 3804 1219 ἢ,
3840 1146 3897 1202 “Iv

2242 1235 2566 1316 οἰκειότερον
2600 1236 2766 1312 εἷίπω,
2798 1241 2895 1293 τοῦ
2925 1239 3125 1315 ἐχθροῦ
3165 1237 3255 1293 καὶ
3287 1233 3574 1307 ἔκδικητοῦ
3605 1239 3740 1312 (61),
3761 1240 3899 1294 κατὰ

2241 1331 2331 1383 τὸν
2368 1330 2635 1404 ἡμετέρον
2685 1327 2874 1404 λόγον’
2927 1329 3061 1381 εἶναι
3106 1326 3208 1403 γὰρ
3258 1330 3355 1381 τοῦ
3405 1326 3675 1404 ἡμετέρου
3723 1328 3897 1401 νόμου

2246 1421 2385 1492 μήτε
2438 1416 2755 1491 ἀμύνεσθαι,
2809 1420 2949 1491 μήτε
3006 1414 3356 1485 δικάζεσθαι,
3412 1417 3549 1489 μήτε
3604 1417 3899 1488 κεκτῆσθαί

2238 1530 2291 1563 τι
2320 1508 2420 1577 τὴν
2452 1506 2632 1583 ἀρχὴν
2660 1509 2796 1580 (62),
2834 1508 2971 1579 μήτε
3018 1504 3263 1579 νομίζειν
3312 1501 3449 1559 ἴδιόν
3494 1526 3547 1559 τι
3747 1504 3896 1561 ἀλλὰ

479 1602 911 1676 possideamus,
930 1600 1351 1673 propriumque
1372 1601 1660 1657 ducamus
1672 1601 1715 1636 ‘7
1736 1619 1748 1657 :
1768 1616 1970 1657 verum
1991 1599 2130 1656 alibi

2247 1601 2339 1671 ζῇν
2365 1595 2609 1672 ἑτέρωθι,
2650 1600 2743 1650 καῖ
2785 1599 2891 1649 τῶν
2933 1592 3217 1671 παρόντων
3267 1599 3622 1672 καταφρονεῖν
3670 1594 3746 1657 ὡς
3794 1594 3895 1650 οὐκ

478 1692 743 1749 vivamus
763 1692 829 1759 ‘3,
853 1708 918 1746 ac
944 1690 1276 1764 praesentia,
1298 1694 1362 1747 ut
1384 1706 1534 1748 vana
1556 1694 1613 1747 et
1631 1690 1849 1760 inania,
1878 1693 2133 1746 contem-

477 1797 691 1838 namus
721 1784 778 1837 et
807 1796 912 1853 pro
942 1779 1123 1835 nihilo
1172 1782 1472 1853 putemus.
1511 1778 1625 1835 Nec
1672 1796 1804 1837 vero
1854 1779 2130 1851 cuiquam

477 1871 651 1928 licere
682 1869 908 1927 malum
948 1887 1052 1943 pro
1102 1868 1256 1927 malo
1285 1871 1521 1938 referre,
1553 1887 1680 1941 nec,
1713 1870 1763 1926 si
1811 1869 1943 1942 quis
1974 1868 2132 1926 cola—

2240 1682 2428 1741 ὅντων·
2473 1688 2640 1739 κακοῦ
2689 1681 2746 1738 δὲ
2797 1684 2873 1757 μή
2926 1679 3278 1751 ἀντιδιδόναι,
3333 1680 3473 1757 μηδὲ
3522 1683 3711 1754 ἐξεῖναι
3756 1686 3892 1758 (64),

2240 1775 2425 1831 κακόν·
2485 1772 2625 1848 μηδὲ
2666 1776 2781 1844 (65)
2827 1772 2923 1841 τὴν
2974 1771 3196 1849 παρειὰν
3246 1772 3574 1846 παιομένους
3618 1770 3890 1851 φείδεσθαι

2240 1872 2342 1935 τῆς
2391 1864 2616 1941 ἑτέρας,
2669 1861 2815 1918 ἀλλὰ
2861 1861 2953 1917 καὶ
3006 1861 3208 1931 ταύτην
3267 1864 3382 1936 (66)
3425 1860 3757 1938 ἐμπαρέχειν
3814 1869 3891 1936 τῷ

476 1960 665 2034 phum
713 1959 775 2016 in
822 1976 1033 2033 genam
1077 1976 1257 2015 unam
1307 1959 1642 2033 impegerit,
1673 1959 1836 2015 alteri
1877 1974 2130 2031 parcere,

2247 1935 2607 2023 naiovn,vxai
2642 1951 2733 2007 τὸν
2785 1955 2996 2028 χιτῶνα
3039 1954 3118 2023 τῷ
3165 1951 3373 2024 ἱματίῳ
3402 1935 3891 2027 προσαποθῦεσθαι.

476 2066 683 2107 verum
712 2064 843 2106 eam
873 2064 1107 2121 quoque
1149 2048 1499 2122 percutienti
1528 2049 1859 2122 porrigere;
1891 2064 1957 2104 ac
1991 2065 2135 2120 pras-

476 2142 567 2196 ter
596 2138 840 2212 pallium
870 2139 1132 2195 tunicam
1163 2138 1341 2195 etiam
1384 2153 1591 2194 exuere
1639 2140 1902 2209 oportere
1922 2137 1984 2191 ".
2016 2137 2134 2192 Ad-

470 2228 639 2301 jiciet
684 2231 881 2285 autem
933 2228 1200 2297 fortasse,
1229 2243 1356 2283 eam
1396 2243 1628 2300 quoque
1674 2226 1819 2283 illud
1868 2226 2132 2299 praescri-

470 2320 630 2391 bere,
664 2320 731 2374 ut
762 2333 868 2390 pro
901 2317 974 2372 iis
1007 2334 1041 2373 a
1070 2316 1282 2390 quibus
1312 2316 1590 2388 injuriam
1621 2316 1966 2388 accipimus,
2001 2332 2130 2388 pre-

470 2425 566 2465 ces
610 2407 685 2465 ad
729 2406 915 2464 Deum
949 2405 1358 2476 adhibeamus,
1389 2405 1602 2478 iisque,
1636 2405 1735 2479 qui
1780 2422 1888 2462 nos
1937 2422 2129 2477 perse-

469 2495 986 2572 quuntur,optima
1003 2511 1249 2568 quaeque
1265 2498 1608 2567 exoptemus
1620 2495 1684 2551 δυ.
1701 2494 1914 2563 Quidni
1936 2498 2130 2551 autem

2244 2044 2548 2119 Προσθήσει
2600 2038 2658 2096 δὲ
2707 2037 2857 2111 ἴσως,
2908 2038 2991 2094 ὅτι
3038 2039 3127 2095 καὶ
3180 2039 3573 2117 ὑπερεύχεσθαι
3617 2044 3727 2095 τῶν
3777 2039 3894 2095 ἀδι-

2242 2132 2502 2205 κούντων,
2536 2129 2625 2186 καὶ
2654 2131 2722 2185 τὰ
2749 2126 3017 2185 κάλλιστα
3050 2127 3339 2205 βούλεσθαι
3370 2135 3488 2191 τοῖς
3519 2126 3804 2185 διώκουσι.
3833 2129 3892 2184 ΤΞ

2244 2220 2301 2277 δὲ
2327 2224 2439 2296 (67)
2488 2221 2587 2276 οὐκ
2633 2217 2836 2294 ἔμελλε
2876 2223 3043 2274 ταῦτα
3086 2219 3368 2294 γινώσκειν
3411 2213 3651 2294 ἀκριϐῶς
3701 2219 3731 2273 ὁ
3778 2224 3886 2273 τῶν

2242 2310 2399 2366 θείων
2443 2309 2863 2386 ὑπαναγνώστης
2910 2307 3042 2362 ποτὶ
3088 2305 3318 2383 λογίων,
3366 2306 3455 2363 καί
3500 2314 3600 2377 τῆς
3646 2312 3745 2363 τοῦ
3790 2329 3888 2381 με.

2240 2399 2416 2477 γάλου
2451 2402 2697 2474 βήματος
2729 2398 3032 2471 ἠξιωμένος
3059 2404 3249 2471 τιμῆς,
3298 2396 3387 2452 καὶ
3434 2396 3561 2459 τοὺς
3611 2398 3886 2474 μάρτυρας

2235 2496 2412 2565 τιμῶν
2446 2495 2637 2560 σηκοῖς
2667 2509 2727 2544 τε
2751 2488 2840 2543 καὶ
2868 2486 3141 2562 τεμένεσιν
3177 2505 3190 2556 ;

465 2588 588 2644 haac
618 2585 882 2659 apprime
911 2588 1131 2652 nosset,
1155 2584 1255 2656 qui
1275 2584 1609 2641 divinorum
1640 2584 2010 2641 oraculorum
2040 2584 2225 2641 lector
2253 2582 2551 2653 quondam
2582 2582 2791 2650 fuerat,
2815 2578 3130 2652 magnique
3153 2576 3391 2635 sacrarii
3418 2577 3639 2635 honore
3668 2582 3881 2636 auctus

463 2679 521 2733 et
548 2679 812 2743 ornatus,
846 2673 1065 2746 quique
1094 2677 1378 2746 martyres
1405 2672 1643 2745 templis
1674 2676 1730 2730 et
1758 2673 1911 2729 lanis
1941 2671 2269 2729 honorabat
2288 2671 2315 2725 ‘I

534 2762 769 2820 XCVIII.
816 2762 999 2834 Cujus
1054 2762 1160 2819 hoc
1218 2763 1477 2834 primum
1536 2762 1811 2830 demiror,
1862 2778 2122 2834 quonam

466 2856 659 2925 pacto,
683 2868 819 2907 cum
850 2851 908 2907 in
941 2850 1034 2908 his
1064 2850 1231 2908 libris
1281 2851 1591 2923 diligenter
1616 2856 1673 2908 et
1703 2855 1971 2908 accurate
1997 2867 2122 2908 ver-

467 2946 634 2999 satus
679 2944 853 3013 esset,
886 2940 1033 2997 illud
1084 2944 1280 2997 tamen
1310 2957 1425 2997 non
1456 2940 1682 3014 legerit,
1707 2946 1808 2997 aut
1854 2940 2124 2997 consulto

468 3029 811 3103 praeterierit
847 3047 861 3086 :
903 3030 1078 3085 Malus
1107 3030 1252 3085 male
1275 3029 1535 3102 perdetur
1554 3029 1629 3085 ιιι
1663 3029 1775 3086 hoc
1824 3034 1933 3100 est,
1965 3030 2125 3102 quis-

473 3119 606 3193 quis
637 3119 900 3175 divinum
931 3119 1156 3175 Numen
1177 3119 1445 3192 ejurarit,
1469 3121 1731 3191 quodque
1761 3119 1996 3191 gravius
2018 3124 2127 3189 est,

473 3227 592 3279 eos,
624 3208 724 3281 qui
770 3209 832 3265 in
881 3208 1070 3282 ipsius
1119 3209 1486 3265 confessione
1535 3213 1816 3282 perstant,
1857 3208 2126 3282 exagitet,

2302 2758 2417 2835 ιιῐΓ.
2452 2757 2527 2815 Οὗ
2558 2759 2719 2812 τοῦτο
2763 2759 2980 2831 πρῶτον
3021 2756 3302 2830 θαυμάζω,
3356 2757 3473 2817 πῶς
3517 2755 3735 2817 τούτοις
3781 2756 3879 2829 μὶν

2233 2841 2472 2923 ἀκριϐῶς
2504 2843 2913 2918 καθωμίλησεν,
2963 2843 3135 2900 έκεῖνο
3187 2842 3244 2900 δὲ
3273 2844 3370 2899 οὐκ
3418 2845 3645 2920 ἀνέγνω,
3675 2846 3711 2914 ἢ
3744 2845 3881 2899 ἑκὼν

2234 2934 2597 3013 παρέδραμεν·
2651 2935 2733 2990 ὅτι
2784 2935 2955 2997 Κακὸς
3009 2938 3187 2997 κακῶς
3235 2931 3518 2989 ἀπολεῖται
3554 2953 3567 3003 ;
3601 2938 3704 2996 πᾶς
3752 2935 3779 2989 ὁ
3824 2936 3887 2990 τὸ

2236 3030 2390 3081 Θεῖον
2424 3024 2869 3101 έξαρνησάμενος,
2916 3024 3007 3078 καὶ
3038 3025 3067 3078 ὃ
3113 3022 3307 3078 τούτου
3360 3022 3543 3096 μεῖζόν
3594 3022 3729 3095 ἐστι,
3758 3022 3887 3085 τοὺς

2240 3114 2575 3189 ἐμμένοντας
2621 3117 2689 3188 τῇ
2750 3109 3026 3188 ὁμολογίᾳ
3083 3113 3411 3187 περιωθῶν,
3468 3110 3556 3166 καί
3613 3112 3888 3176 τοιούτοις

2238 3210 2426 3266 κακοῖς
2474 3198 2825 3279 περιϐάλλων
2854 3247 2868 3273 ,
2919 3202 3000 3264 οἷς
3052 3200 3209 3264 αὐτὸς
3254 3205 3558 3277 περιπεσεῖν
3596 3202 3662 3271 ἦν
3716 3200 3885 3273 ἄξιος.

474 3304 651 3370 atque
678 3298 738 3354 in
769 3298 1113 3371 hujusmodi
1158 3298 1523 3355 calamitates
1562 3298 1858 3370 conjiciat,
1892 3298 1949 3353 in
1982 3315 2129 3369 quas

2247 3294 2305 3350 Εἰ
2357 3294 2449 3366 μὲν
2502 3292 2592 3348 οὗν
2643 3289 2824 3369 ὥσπερ
2871 3294 3020 3365 ἡμᾶς
3072 3289 3353 3353 τοιούτους
3403 3289 3537 3345 εἶναι
3579 3296 3888 3364 νομοθετεῖ,

474 3388 602 3460 ipse
631 3387 887 3443 incidere
919 3388 1271 3443 merebatur.
1301 3387 1630 3460 Enimvero,
1655 3387 1701 3441 si
1746 3388 2127 3459 quemadmo-

477 3476 621 3533 dum
656 3476 825 3533 nobis
846 3475 955 3533 hoc
985 3476 1333 3549 praescribit,
1358 3482 1425 3533 ut
1452 3475 1601 3533 tales
1631 3475 1841 3548 simus,
1864 3480 2038 3548 atque
2065 3476 2127 3532 in

475 3564 809 3622 constitutis
850 3566 1077 3640 legibus
1108 3582 1473 3633 maneamus,
1506 3565 1591 3622 sic
1638 3565 1785 3621 illud
1817 3567 1995 3622 etiam
2027 3567 2125 3622 de-

473 3658 802 3711 monstrare
830 3658 1043 3727 potest,
1075 3654 1209 3722 sibi,
1236 3658 1297 3711 ut
1327 3653 1817 3711 sceleratissimus
1848 3655 1945 3724 sit,
1976 3653 2127 3711 indi-

474 3747 635 3801 ctum
666 3747 723 3801 et
752 3744 1108 3816 imperatum
1131 3760 1280 3813 esse,
1305 3746 1408 3800 aut
1435 3742 1549 3799 diis
1581 3744 1705 3800 suis
1738 3744 1794 3800 id
1819 3744 2127 3800 honestum

472 3839 529 3890 et
558 3832 905 3906 praeclarum
932 3832 1116 3889 videri
1142 3849 1155 3888 :
1183 3836 1240 3889 et
1261 3849 1397 3889 cum
1427 3832 1666 3890 habitus
1694 3833 1753 3889 in
1779 3835 2053 3890 virtutem
2075 3837 2131 3890 et

472 3922 681 3979 vitium
713 3922 884 3979 divisi
914 3922 1055 3990 sint,
1079 3922 1249 3979 nobis
1280 3922 1517 3995 quidem
1560 3922 1859 3980 meliorem
1904 3927 2128 3996 partem

476 4010 837 4084 assignatam
868 4014 924 4067 et
955 4011 1323 4081 attributam,
1345 4012 1692 4069 deteriorem
1741 4016 1938 4068 autem
1985 4011 2131 4085 ipsis

478 4100 800 4171 projectam
832 4100 1015 4158 fuisse
1050 4117 1063 4156 :
1098 4100 1207 4158 hoc
1239 4100 1413 4174 dicat,
1445 4105 1503 4158 et
1538 4103 1641 4175 ita,
1671 4101 1921 4160 testibus
1952 4102 2130 4157 etiam

479 4189 701 4245 nostris
728 4189 1023 4257 hostibus,
1044 4191 1231 4262 iisque
1253 4191 1354 4263 qui
1378 4209 1470 4247 res
1490 4196 1724 4249 nostras
1744 4191 2130 4259 insectantur,

476 4292 717 4332 causam
748 4277 1165 4335 obtinebimus.
1195 4279 1299 4335 Sin
1323 4284 1521 4335 autem
1551 4279 1664 4351 ipsi
1689 4295 1923 4351 quoque
1944 4279 2136 4350 probi-

476 4364 616 4421 tatis
649 4364 869 4437 aliquid
915 4370 972 4423 et
998 4365 1277 4437 lenitatis,
1306 4368 1356 4423 si
1387 4384 1503 4424 non
1532 4369 1710 4424 rebus
1758 4368 1925 4439 ipsis,
1958 4368 2132 4424 verbo

474 4454 705 4524 saltem,
735 4453 850 4513 sibi
878 4455 1216 4525 vindicant;
1267 4472 1393 4527 nec,
1444 4455 1683 4513 tametsi
1731 4454 1947 4528 alioqui
1999 4472 2134 4521 per-

2240 3381 2329 3438 καὶ
2373 3386 2490 3443 τοῖς
2538 3380 2866 3458 ὡρισμένοις
2916 3378 3191 3454 ἐμμένειν,
3242 3377 3383 3434 οὕτω
3434 3376 3649 3434 δύναται
3696 3377 3887 3453 δεῖξαι,

2236 3472 2326 3527 καὶ
2374 3470 2520 3544 αὐτῷ
2565 3473 2681 3545 (68)
2727 3471 2791 3526 τὸ
2840 3469 3091 3525 κάκιστον
3143 3468 3276 3524 εἶναι
3324 3468 3808 3546 προστεταγμένον,
3849 3470 3885 3538 ἢ

2235 3566 2352 3624 τοῖς
2403 3560 2567 3615 αὐτοῦ
2613 3566 2755 3625 θεοῖς
2812 3558 2861 3614 ἐν
2905 3560 3060 3631 καλῷ
3105 3562 3265 3614 τοῦτο
3310 3559 3615 3635 τυγχάνον⁹
3668 3558 3759 3613 καὶ
3809 3558 3889 3621 εἰς

2240 3649 2335 3706 δύο
2364 3654 2533 3705 ταῦτα
2578 3648 2920 3724 διῃρημένων
2966 3652 3074 3704 τῶν
3114 3645 3296 3722 ἕξεων,
3347 3648 3543 3726 ἀρετήν
3585 3668 3664 3721 τε,
3717 3648 3887 3726 φημὶ,

2238 3737 2327 3795 καί
2382 3738 2565 3794 κακίαν
2602 3784 2616 3810 ,
2676 3740 2809 3812 ἡμῖν
2869 3738 2962 3811 μὲν
3031 3735 3413 3813 ἀποκεκρίσθαι
3486 3738 3585 3807 τήν
3652 3738 3885 3815 κρείσσω

2244 3834 2459 3904 μοῖραν,
2515 3826 2697 3891 αὺτοῖς
2755 3825 2812 3883 δὲ
2864 3826 3183 3904 ἀπεῤῥίιρθαι
3240 3828 3339 3896 τὴν
3388 3824 3633 3904 χείρονα’
3684 3826 3889 3905 λεγέτω

2238 3923 2399 3974 τοῦτο
2451 3964 2464 3990 ,
2523 3918 2613 3972 καὶ
2691 3916 2833 3972 οὕτω
2906 3918 3195 3989 νικήσομεν
3273 3916 3376 3971 ὑπὸ
3460 3918 3689 3991 μάρτυσι
3768 3922 3889 3980 τοῖς

2242 4007 2465 4084 ἐχθροῖς
2513 4008 2647 4081 (69),
2701 4006 2791 4061 καὶ
2837 4011 2959 4069 τοῖς
3008 4003 3266 4062 διώκουσι
3311 4007 3379 4061 τὰ
3423 4007 3686 4082 ἡμέτεραυ
3741 4006 3788 4062 εἰ
3834 4005 3893 4063 δὶ

2241 4098 2331 4153 καὶ
2371 4094 2523 4152 αὐτοί
2571 4117 2621 4151 τι
2674 4098 3091 4169 μεταποιοῦνται
3122 4093 3518 4171 καλοκάγαθίας
3560 4096 3649 4150 καὶ
3679 4096 3888 4173 ἡμερό-

2240 4207 2427 4257 τητος,
2462 4185 2615 4260 λόγῳ
2641 4189 2794 4260 γοῦν,
2828 4184 2873 4240 εἷ
2924 4184 3014 4240 καὶ
3066 4186 3142 4258 μὴ
3188 4190 3307 4247 τοῖς
3338 4181 3517 4261 ἔργοις
3546 4184 3755 4255 αὐτοῖς,
3798 4186 3890 4241 καὶ

2244 4275 2352 4351 οὐχ
2372 4274 2546 4337 οὕτως
2571 4273 2699 4329 είσίν
2725 4274 3092 4350 ἀναίσχυντοι,
3115 4274 3209 4329 κᾶν
3232 4271 3439 4352 σφόδρα
3458 4276 3559 4329 ὦσι
3575 4277 3734 4330 κακοί
3751 4278 3892 4349 (70),

2242 4365 2332 4420 καὶ
2381 4369 2644 4440 πονηροῖς
2693 4368 2838 4427 θεοῖς
2887 4362 3200 4439 χαίροντες,
3250 4362 3389 4418 ὥστε
3437 4365 3653 4441 φάσκειν
3706 4363 3889 4440 ὥσπερ

2246 4452 2415 4511 ἄλλον
2446 4453 2565 4509 τινὰ
2592 4451 2799 4529 κλῆρον
2832 4454 3126 4527 προσήκειν
3160 4451 3342 4515 αὐτοῖς
3384 4452 3482 4523 τὴν
3528 4450 3738 4508 κακίαν·
3783 4449 3893 4508 δει-

542 4596 769 4655 ισΡεειι.
800 4613 922 4669 v111,
951 4597 1005 4654 3.
1082 4597 1127 4632 ιτ
1158 4599 1285 4653 Act.
1318 4612 1396 4664 1v,
1421 4596 1511 4653 32.
1587 4595 1913 4670 “Philipp.
1948 4598 2148 4667 111,20.
2227 4598 2272 4633 ιθ
2301 4595 2586 4666 Mattb.v,
2612 4595 2682 4652 39
2713 4612 2842 4668 sqq.
2918 4596 2962 4632 εο
2992 4595 3135 4653 ibid.
3168 4596 3257 4652 44.
3333 4597 3375 4632 δι
3410 4595 3618 4655 Matth.
3641 4613 3760 4667 xxx,
3793 4597 3890 4655 I11.

476 4741 578 4816 qui
610 4740 1024 4816 maloglegibus
1054 4738 1364 4816 interdicto
1404 4737 1593 4816 allecti
1647 4738 1917 4807 fuissent,
1975 4741 2131 4813 inju-
2160 4745 2208 4810 D

478 4808 597 4872 fias
632 4831 739 4870 suo
761 4808 989 4884 judicio
1013 4809 1282 4884 persequi
1313 4808 1532 4884 liceret.
1568 4831 1597 4861 ››

553 4886 673 4959 (60)
700 4882 1032 4959 Προστάτουζ
1066 4884 1153 4959 Ita
1182 4884 1403 4959 septem
1438 4882 1641 4954 Regg.,
1671 4882 1764 4959 Or_.
1791 4883 1851 4959 _l,
1885 4887 2131 4940 etc.Haec

484 4952 777 5028 siquidem
809 4955 977 5011 lectio
1009 4953 1214 5010 melior
1242 4952 1472 5008 videtur
1502 4952 1678 5025 quam
1711 4955 1758 5011 si
1791 4952 2039 5028 legatur,
2071 4960 2135 5011 ut

484 5029 542 5081 in
576 5028 677 5102 ed._
701 5026 1023 5102 ἀποστᾴτρυ.
1050 5096 1061 5102 _
1085 5024 1235 5089 Quin
1277 5024 1454 5081 etiam
1486 5024 1639 5083 hanc
1667 5026 1973 5084 lectionem
2007 5029 2135 5102 ipsa

486 5097 747 5169 postulat
783 5096 1118 5169 antithesis.

557 5168 671 5246 (61)
700 5163 1041 5246 Ἐῌκδικςητοῖλ
1074 5166 1251 5239 Regg.
1283 5184 1338 5239 a,
1371 5167 1491 5241 bm,
1524 5172 1582 5225 et
1626 5170 1720 5228 0r.
1756 5172 1807 5238 1,
1841 5171 1911 5227 ad
1946 5188 2130 5246 marg.

484 5234 774 5307 ἐκδικήτοῦ
804 5237 913 5306 καί,
947 5243 1056 5294 etc.

556 5310 667 5382 (62)
716 5306 1185 5396 Mrﬁte‘nxtﬁaeai
1211 5328 1262 5363 τι
1438 5310 1756 5396 ,ἀρχήνηὶα
1811 5314 1926 5371 Nec
1970 5313 2135 5396 quid:

482 5397 663 5509 quam
690 5382 1105 5467 possideamus
1127 5381 1263 5465 jure
1295 5381 1625 5440 dominii?»
1670 5386 1854 5442 Omne
1913 5381 2135 5442 scilicet

523 5454 727 5509 ominii
754 5454 939 5509 ius.et
966 5454 1256 5509 iudiciarii
1290 5456 1550 5509 muneris
1581 5473 1766 5509 genus
1789 5457 2134 5509 Christianis

523 5454 939 5538 ominii‘jusst
957 5454 1256 5538 judiciarii
1290 5456 1550 5538 muneris
1580 5473 1766 5529 genus
1789 5457 2134 5538 Christianis

478 5524 855 5601 interdictum
891 5524 1071 5585 fuisse
1103 5524 1329 5583 volebat
1357 5524 1630 5601 Julianus
1653 5546 1671 5583 :
1706 5530 1860 5601 cured
1894 5530 2130 5601 quidem

480 5598 732 5723 probant
759 5598 882 5657 haec
912 5617 1077 5657 num.
1110 5598 1411 5671 sequentis
1461 5600 1674 5657 verba:
1723 5598 1884 5660 Τίνας
1912 5598 2127 5676 ’ἀρχῶν

519 5668 860 5723 πτιλάσαιεεν-
893 5671 982 5723 καὶ
1012 5675 1118 5723 τῶν
1150 5673 1347 5723 τιμῶν.
1370 5674 1480 5723 etc.

519 5668 862 5743 πηλάσαμεν,
893 5671 982 5726 καὶ
1012 5675 1118 5727 τῶν
1150 5668 1347 5743 τιμῶν,
1370 5674 1480 5726 etc.

560 5745 671 5817 (63)
703 5743 865 5800 Ἵδιόν
906 5764 978 5802 τι.
1020 5747 1193 5804 Deest
1221 5762 1271 5797 τι
1300 5743 1359 5800 in
1390 5747 1638 5817 quatuor
1668 5743 1871 5817 Regg.,
1903 5744 2131 5801 duobus

2237 4739 2398 4796 Colb.
2431 4743 2489 4794 et
2519 4738 2615 4796 0r.
2652 4740 2701 4794 1.

2313 4806 2609 4885 (64))1ηδὶ
2640 4808 2852 4885 ἐξεῖναι.
2884 4811 3025 4867 Tres
3057 4811 3236 4885 Regg.
3270 4811 3503 4885 optimm
3533 4815 3706 4880 note,
3725 4813 3889 4871 Pass.

2247 4878 2462 4970 py'jo‘ev'i‘,
2496 4878 2623 4970 quas
2656 4878 2825 4970 lectio
2845 4887 2947 4970 est
2971 4878 3211 4970 optim—av.
3433 4883 3585 4970 inter
3635 4878 3893 4970 virgulas

2241 4950 2368 5011 Ald.
2402 4950 2639 5027 claudit,
2676 4950 2817 5026 μηδὲ
2841 4950 3052 5025 ἐξεῖναι,
3079 4950 3141 5011 et
3170 4956 3408 5027 quidem
3457 4960 3631 5012 recte.
3685 4950 3759 5015 εἴ
3794 4976 3894 5015 au-

2241 5031 2362 5104 tem
2420 5026 2797 5104 reddideris}-
2829 5049 2857 5076 «
2920 5043 3024 5083 nec
3054 5026 3274 5083 malum
3321 5043 3424 5099 pro
3473 5027 3651 5099 malo,
3708 5046 3895 5104 neque

2242 5097 2397 5154 enim
2432 5098 2628 5163 licere,
2661 5097 2921 5154 reddere.
2959 5121 2986 5149 ››

2315 5171 2428 5241 (65)
2462 5164 2631 5241 Μηᾷέ.
2666 5173 2752 5241 Ita
2781 5186 2924 5226 mss.
2960 5185 3075 5241 non
3104 5168 3296 5241 pauci,
3331 5169 3483 5241 Editi
3519 5170 3679 5241 μήτε.

2315 5211 2428 5312 (ἐξ)
2456 5211 2752 5294 ἇέέὲἓὶἓςὸἆῖ
2778 5211 3372 5312 ;‘;12“'1:z,‘;:;“‘31“1;
3377 5211 3490 5294 Ἳλᾶὶ
3519 5211 3751 5312 ’ἓξὲξ-ἰὴν.
3817 5244 3898 5300 ιιι

2243 5320 2465 5404 septem
2497 5314 2699 5404 Regg.,
2726 5313 2973 5404 qu‘h.\8,
3003 5313 3273 5404 Qr.‘i,(etl
3296 5313 3546 5404 Montac.
3584 5314 3734 5371 Edit.
3765 5331 3897 5372 vero

2244 5381 2515 5461 φείδεσθαι
2542 5381 2743 5461 Era—turgt;
2774 5381 2919 5439 ἀλλά
2948 5383 3173 5461 καί-τήν
3197 5383 3403 5461 ἒ-τέραν.

2334 5458 2426 5513 67l
2454 5454 2515 5509 Τί
2547 5451 2623 5510 δέ.
2658 5451 2795 5513 Mss.
2829 5455 3098 5513 nonnulli
3125 5451 3184 5513 et
3213 5451 3392 5513 Mont.
3426 5452 3496 5512 Τί
3521 5453 3628 5512 δαί.

2243 5599 2271 5651 Θ
2312 5526 2424 5613 (68)
2452 5526 2631 5600 Αὐτῷ.
2666 5528 2760 5585 0r.
2798 5530 2848 5599 1,
2902 5526 3047 5599 αὐτῷ
3089 5532 3146 5584 et
3192 5528 3369 5601 paulo
3400 5532 3550 5600 post.
3583 5532 3699 5591 τοῖς
3728 5526 3892 5584 αὑτοῦ

2277 5618 2408 5651 εοις.

2277 5618 2408 5660 εοις.

2313 5672 2425 5815 (69)
2457 5669 2731 5745 Ἐχθροῖς.
2774 5671 2935 5728 Pass-
2971 5672 3135 5729 addit
3162 5671 3471 5748 χρώμενοι.

2333 5744 2403 5798 70
2453 5742 2640 5802 Κακοί.
2676 5743 2839 5804 Pass.
2871 5746 3081 5808 κακοῖς.

2333 5742 2424 5808 70)
2453 5742 2640 5802 Κακοί.
2676 5743 2839 5804 Pass.
2871 5746 3081 5808 κακοῖς.
