4202 6212
430 414 553 475 633

1419 417 1710 480 ORATIO
1756 418 1856 481 IV.
1890 450 1968 465 -—-
1998 417 2309 482 CONTRA
2356 414 2757 480 JULIANUM
2803 415 2851 475 Ῑ.

3732 416 3852 477 634

434 547 673 620 ξάτωσαν
707 552 826 611 πῶς
856 548 891 617 ἧ
923 552 1028 604 ποῦ
1059 547 1266 605 δίκαιον
1314 551 1461 625 ἡμᾶς
1514 551 1609 625 μὶν
1654 551 1743 607 καὶ
1773 551 2081 629 πάσχοντας

2200 569 2377 626 quam
2411 550 2549 607 mali
2580 552 2714 620 sint,
2738 551 3050 624 pravisque
3071 550 3185 607 diis
3207 553 3519 624 gaudeant,
3544 551 3625 607 ita
3652 553 3850 609 tamen

429 642 737 713 καρτερεῖν,
799 636 989 700 αὐτοὺς
1048 636 1105 693 δὲ
1165 639 1303 712 μηδὲ
1369 638 1703 718 φειδομένων
1765 639 2082 719 φείδεσθαι·

438 725 625 782 σκόπει
658 728 767 801 (71)
798 728 903 805 γὰρ
953 724 1117 786 οὕτω.
1164 733 1278 784 Τῶν
1312 731 1405 804 μὲν
1458 731 1593 803 ἡμῖν
1626 730 1930 808 γεγονότων
1965 752 2088 786 και-

438 821 546 892 ρῶν
573 821 672 872 τοῦ
702 814 979 890 δύνασθαι,
1007 823 1114 873 τῶν
1150 818 1206 874 δὲ
1258 819 1383 892 ὑμῖν
1421 817 1621 875 ἄλλοτε
1660 820 1848 883 ἄλλως
1875 820 2085 876 τούτων

437 906 874 982 περιτρεχόντων
926 927 985 962 τε
1033 910 1145 982 (72)
1191 908 1279 963 καὶ
1330 909 1757 983 μεθισταμένων,
1791 909 1842 964 τί
1871 914 2088 964 τοιοῦτο

438 994 581 1070 παρᾶ
631 998 969 1071 Χριστιανῶν
1014 1017 1146 1052 ποτε
1190 999 1303 1070 (73)
1352 992 1544 1067 συνέϐη
1603 1003 1721 1059 τοῖς
1782 998 2086 1073 ὑμετέροις,

437 1083 526 1138 οἶα
556 1086 681 1159 παρ’
735 1084 885 1158 ὑμῶν
932 1083 1204 1149 πολλάκις
1249 1091 1596 1162 Χριστιανοῖς
1632 1105 1645 1156 ;
1678 1086 1842 1149 Ποίας
1870 1086 2087 1164 παῤῥη-

440 1172 558 1235 σίας
590 1172 732 1246 ὖμᾶς
764 1175 1205 1250 ἀπεστερήσαμεν
1232 1195 1245 1245 ;
1274 1175 1388 1229 Τίσι
1410 1173 1622 1249 δήμους
1649 1175 2083 1251 ἐπανεστήσαμεν

444 1262 714 1333 ζέοντας;
763 1262 870 1318 τίσι
926 1260 1218 1341 ἄρχοντας,
1267 1262 1444 1320 πλείω
1493 1269 1599 1320 τῶν
1654 1264 2085 1339 ἐπιταττομένων

433 1354 835 1425 ὑπηρετοῦντας
897 1371 911 1421 ;
963 1353 1080 1407 Τίσι
1132 1354 1224 1408 τὸν
1283 1353 1407 1427 περὶ
1483 1357 1665 1430 ψυχῆς
1738 1353 2084 1431 ἐπηγάγομεν

429 1439 679 1496 κίνδυνον
715 1461 728 1511 ;
763 1439 995 1501 Μᾶλλον
1049 1439 1106 1497 δὲ
1152 1443 1297 1505 τίνας
1345 1442 1530 1519 ἀρχῶν
1583 1441 1966 1517 ἀπηλάσαμεν,
1998 1443 2087 1498 καὶ

429 1535 539 1586 τῶν
585 1528 771 1587 ἄλλων
820 1535 999 1605 τιμῶν
1047 1532 1103 1586 αἳ
1151 1538 1268 1594 τοῖς
1318 1532 1555 1608 ἀρίστοις
1595 1530 1904 1609 ὀφείλονται
1939 1551 1953 1601 ;
1989 1534 2087 1588 Καὶ

431 1618 721 1675 συνελόντα
750 1623 864 1695 (74)
910 1622 1091 1699 φάναι,
1120 1620 1224 1675 τίνι
1271 1643 1323 1676 τι
1371 1625 1617 1677 τοιοῦτον
1652 1620 2085 1697 ἐπενηνύχαμεν,

429 1711 519 1764 οἶα
573 1707 761 1765 πολλά
812 1711 939 1786 παρ’
996 1710 1147 1785 ὑμῶν
1224 1712 1289 1765 τὰ
1350 1711 1444 1785 μὲν
1511 1710 1793 1785 ἐτολμήθη
1828 1754 1845 1779 ,
1903 1711 1971 1767 τὰ
2029 1709 2085 1767 δὲ

427 1798 710 1870 ἠπειλήθη
764 1819 777 1868 ;
829 1797 984 1856 Ἀλλ’
1044 1798 1158 1855 οὐδ’
1218 1800 1275 1855 ἃν
1336 1799 1489 1856 αὐτοὶ
1729 1800 1969 1878 φαίητε,
2034 1802 2085 1857 οἱ

2194 642 2569 714 impudentes
2614 644 2773 709 sunt,
2806 645 2870 695 ut
2907 640 3115 696 vitium
3166 641 3407 712 perinde
3453 645 3629 713 atque
3679 640 3851 700 aliam

2196 733 2510 805 quamdam
2543 730 2963 799 haereditatem,
2990 731 3061 786 ad
3095 748 3155 787 se
3185 731 3429 787 attinere
3456 733 3814 790 contendant
3839 751 3851 791 :

2198 822 2510 879 ostendant
2531 819 2726 888 velim,
2750 820 3026 891 quoniam
3060 824 3227 891 pacto
3254 837 3487 892 aequum
3509 822 3605 889 sit,
3630 826 3732 877 aut
3753 822 3852 877 ubi

2197 912 2307 968 hoc
2362 914 2565 981 exstet,
2608 926 2715 965 nos
2771 909 3034 982 quidem,
3069 910 3243 965 etiam
3295 909 3531 982 injuriis
3592 911 3847 982 affectos,

2198 1004 2534 1058 constanter
2551 999 2697 1055 ferre
2719 998 2950 1067 debere,
2975 999 3133 1071 ipsos
3160 1004 3355 1055 autem
3379 1017 3450 1055 ne
3470 1000 3851 1071 parcentibus

2198 1090 2434 1162 quidem
2471 1104 2724 1160 parcere.
2758 1088 2851 1144 Sic
2882 1089 3036 1143 enim
3079 1105 3200 1144 rem
3252 1090 3531 1161 expende.
3556 1088 3698 1144 Cum
3733 1106 3849 1145 non

2199 1179 2489 1236 defuerint
2509 1182 2774 1250 tempora
2796 1178 3012 1251 quibus
3035 1195 3148 1233 non
3172 1179 3433 1251 potentia
3451 1178 3846 1249 ﬂoruerimus,

2196 1269 2409 1341 quibus
2438 1285 2540 1323 vos
2570 1272 2791 1335 autem,
2826 1267 2917 1322 his
2948 1266 3226 1322 nimirum
3252 1267 3395 1323 alias
3418 1268 3587 1323 aliter
3606 1269 3846 1324 rotanti-

2194 1359 2329 1427 bus,
2354 1361 2528 1429 atque
2556 1356 2617 1411 in
2649 1356 2946 1412 diversum
2977 1355 3331 1425 labentibus,
3354 1358 3497 1413 131
3547 1357 3687 1428 quid
3719 1361 3848 1412 tan-

2196 1448 2329 1503 dem
2352 1445 2545 1502 simile
2565 1446 2741 1501 vestri
2764 1463 2797 1500 a
2818 1444 3165 1501 Christianis
3186 1447 3447 1518 perpessi
3473 1451 3631 1512 sunt,
3652 1445 3851 1519 qualia

2196 1551 2598 1608 smpenumero
2628 1533 2945 1589 Christiani
2977 1551 3010 1589 a
3036 1534 3200 1589 vobis
3230 1534 3630 1606 pertulerunt?
3661 1536 3847 1600 Quam

2195 1625 2523 1682 libertatem
2544 1624 2709 1680 vobis
2730 1623 3056 1695 eripuimus
3074 1622 3101 1676 ?
3125 1628 3188 1678 In
3221 1641 3366 1695 quos
3395 1624 3621 1697 plebem
3656 1626 3845 1682 furen-

2195 1718 2312 1770 tem
2346 1712 2815 1770 concitavimus?
2845 1713 2907 1767 In
2941 1729 3088 1784 quos
3128 1712 3316 1768 nostri
3347 1713 3643 1786 praesides,
3674 1715 3846 1788 plura

2193 1803 2368 1861 etiam
2401 1818 2579 1875 quam
2628 1802 2776 1875 ipsis
2822 1802 3174 1875 imperatum
3207 1807 3382 1870 esset,
3413 1809 3798 1875 exsequentes
3821 1807 3849 1861 ‘?

428 1889 490 1944 τὸ
547 1888 757 1961 ἥμερον
811 1890 948 1962 ἡμῖν
1010 1892 1121 1964 (76)
1188 1889 1542 1964 ἐγκαλοῦντες
1598 1890 1687 1945 καὶ
1742 1890 1806 1945 τὸ
1866 1888 2027 1969 φιλάν
2059 1925 2081 1935 -

2197 1893 2418 1958 Quibus
2447 1893 2575 1949 vitae
2607 1892 2931 1965 periculum
2982 1892 3353 1948 creavimus?
3405 1892 3527 1948 Imo
3558 1910 3843 1967 quosnam

428 1980 645 2054 θρωπον
657 2024 669 2036 .

2189 1982 2463 2055 ρτωιυιιὶε
2510 1982 2757 2053 aliisque
2804 1981 3150 2053 honoribus,
3184 1981 3283 2054 qui
3336 1982 3842 2055 praestantissimis

430 2069 765 2141 quibusque
810 2069 951 2127 viris
998 2070 1302 2143 debentur,
1334 2071 1783 2129 submovimus?
1810 2074 2017 2145 Atque,
2053 2076 2118 2128 ut
2146 2071 2490 2129 summatim
2540 2071 2753 2139 dicam,
2786 2071 2944 2127 eccui
2995 2071 3217 2143 aliquid
3270 2071 3461 2128 simile
3510 2072 3841 2144 intulimus,

432 2158 626 2231 qualia
658 2159 843 2215 multa
874 2176 907 2215 a
937 2160 1099 2216 vobis
1132 2160 1342 2231 partim
1374 2165 1625 2233 patrata,
1656 2161 1870 2234 partim
1903 2161 2246 2218 denuntiata
2274 2161 2459 2217 sunt?
2488 2161 2598 2217 Sed
2632 2175 2703 2215 ne
2732 2160 2847 2233 ipsi
2878 2160 3115 2231 quidem
3149 2160 3258 2217 hoc
3289 2162 3571 2233 dixeritis,
3605 2163 3707 2234 qui
3738 2180 3843 2219 no-

432 2249 525 2306 bis
556 2248 1073 2306 mansuetudinem
1104 2255 1159 2306 et
1188 2249 1617 2307 humanitatem
1651 2250 1882 2307 crimini
1911 2255 2133 2308 vertere
2163 2250 2381 2309 soletis.

509 2339 605 2417 ιβ.
655 2341 879 2397 Ἔπειτα
924 2344 1042 2402 πῶς
1094 2338 1267 2395 έκεῖνο
1460 2338 1523 2395 οὐ
1572 2338 1787 2417 λογίζῃ,
1821 2342 1865 2395 ὧ
1896 2344 2081 2421 σοφώ-

435 2449 562 2483 τατε
590 2430 805 2483 πάντων
855 2429 944 2483 καὶ
997 2430 1346 2501 συνετώτατε,
1381 2430 1408 2484 ὁ
1438 2429 1577 2504 πρὸς
1626 2429 1689 2484 τὸ
1734 2436 1836 2499 τῆς
1887 2431 2081 2506 ἀρετῆς

438 2518 599 2592 ἄκρον
631 2515 928 2593 συγχλείων
971 2517 1345 2595 Χριστιανοὺς,
1397 2517 1479 2573 ὅτι
1526 2525 1628 2588 τῆς
1678 2518 1950 2595 ἡμετέρας
1994 2541 2081 2575 νο-

441 2604 694 2679 μοθεσίας
739 2608 807 2661 τά
864 2608 959 2681 μὲν
1009 2606 1248 2684 ἀνάγκην
1294 2608 1410 2684 ἔχει
1457 2613 1573 2672 τοῖς
1623 2608 2083 2682 ἐπιταττομένοις,

437 2696 472 2751 ἆ
502 2696 591 2750 καὶ
643 2697 718 2769 μὴ
772 2695 1102 2774 φυλάττουσι
1149 2695 1392 2761 κίνδυνος
1421 2702 1554 2769 (78)·
1588 2697 1654 2753 τὰ
1696 2695 1753 2753 δὲ
1783 2698 1883 2753 οὑκ
1918 2698 2081 2775 ἀνάγ-

435 2803 558 2856 κην,
594 2782 796 2858 α’ίρεσιν
830 2782 905 2842 δέ’
956 2786 989 2841 ἃ
1039 2784 1367 2865 φυλάττουσι
1419 2790 1537 2861 μὲν,
1584 2789 1753 2861 τιμὴν
1794 2788 1883 2844 καὶ
1935 2788 2079 2844 ἀντί-

434 2871 585 2928 δοσιν
618 2877 754 2947 (79,,
791 2876 866 2948 μή
900 2874 1227 2953 φυλάττουσι
1260 2873 1337 2949 δὲ,
1368 2874 1482 2931 οὐδ’
1513 2874 1675 2932 ὅντιν’
1705 2878 1795 2932 οὗν
1968 2878 2079 2933 κίν-

431 2962 585 3019 δυνον
622 2983 636 3034 ;
672 2964 736 3022 Εἰ
771 2965 865 3037 μὲν
899 2966 1002 3041 γὰρ
1048 2965 1160 3019 οἷόν
1207 2986 1265 3021 τε
1310 2966 1378 3035 ἧν
1409 2968 1522 3040 (81)
1555 2964 1788 3029 ἅπαντας
1829 2967 2078 3043 ἀρίστους

431 3052 590 3124 εἶναι,
648 3054 737 3108 καὶ
786 3058 883 3109 τοῦ
930 3051 1095 3131 ἄκρου
1141 3062 1241 3125 τῆς
1295 3054 1490 3129 ἀρετῆς
1552 3051 1842 3112 ἐπιϐαίνειν
1870 3101 1884 3127 ,
1935 3053 2079 3111 τοῦτ’

428 3142 489 3197 ἂν
521 3144 589 3212 ἦν
647 3142 931 3219 κράτιστόν
990 3165 1049 3199 τε
1100 3145 1188 3199 καὶ
1243 3145 1601 3201 τελεώτατον·
1636 3145 1752 3201 ἐπεὶ
1804 3144 1860 3201 δὲ
1903 3147 2078 3223 χωρὶς

424 3231 493 3286 τὰ
545 3234 661 3287 θεῖοι
713 3237 819 3287 τῶν
880 3233 1254 3308 ἀνθρωπίνων,
1317 3233 1406 3289 καὶ
1456 3238 1572 3296 τοῖς
1634 3236 1727 3308 μὶν
1782 3234 1881 3290 οὐκ
1938 3232 2075 3290 ἔστιν

428 3320 557 3377 ὅτου
752 3324 828 3395 μὴ
883 3327 992 3377 τῶν
1041 3320 1224 3379 καλῶν
1279 3322 1514 3396 μέτεστι,
1545 3330 1658 3386 τοῖς
1690 3321 1747 3379 δὲ
1788 3325 1949 3400 μέγα,
1981 3324 2075 3379 κᾶν

2264 2342 2442 2399 XCIX.
2473 2341 2555 2397 Ad
2588 2341 2708 2397 hac
2752 2342 3044 2413 quomodo
3075 2340 3219 2397 illud
3253 2359 3368 2397 non
3400 2342 3840 2413 animadvertis,

2192 2430 2460 2488 omnium
2508 2429 2941 2503 sapientissime
2988 2436 3047 2486 et
3093 2430 3588 2504 ingeniosissime,
3621 2432 3718 2503 qui
3769 2433 3841 2488 ad

2190 2520 2426 2577 virtutis
2458 2536 2648 2576 arcem
2680 2523 2737 2575 et
2766 2520 3041 2577 verticem
3072 2520 3434 2577 Christianos
3476 2520 3656 2592 cogis,
3684 2523 3841 2593 quod

2198 2610 2258 2666 in
2289 2609 2515 2682 legibus
2550 2609 2787 2675 nostris,
2813 2609 2927 2664 alia
2957 2609 3194 2681 parendi
3228 2609 3846 2683 necessitatemimpo-

2193 2704 2361 2770 nunt,
2393 2715 2497 2755 nec
2528 2698 2656 2754 sine
2705 2698 2962 2770 periculo
3011 2699 3373 2771 praetermitti
3417 2704 3689 2771 possunt;
3725 2699 3842 2757 alia

2190 2805 2309 2845 non
2342 2788 2693 2845 necessitate
2718 2789 3153 2861 constringunt,
3182 2789 3278 2845 sed
3304 2788 3364 2843 in
3395 2789 3635 2845 arbitrio
3666 2793 3723 2845 et
3749 2808 3843 2847 vo-

2189 2877 2412 2933 luntate
2444 2877 2635 2950 posita
2667 2881 2841 2933 sunt:
2872 2894 2937 2932 ac
2967 2878 3212 2950 proinde
3241 2877 3393 2934 hanc
3424 2878 3707 2935 rationem
3739 2878 3841 2935 ha-

2188 2967 2348 3036 bent,
2384 2971 2446 3023 ut
2495 2968 2595 3039 qui
2640 2983 2707 3023 ea
2756 2967 3161 3034 custodierint,
3197 2967 3416 3024 honore
3472 2972 3527 3023 et
3583 2968 3841 3041 praemiis

2190 3056 2551 3126 afficiantur;
2586 3056 2683 3130 qui
2719 3059 2914 3112 autem
2946 3055 3144 3112 minus
3185 3073 3253 3112 ea
3282 3058 3660 3129 expleverint,
3690 3058 3838 3115 nihil

2189 3146 2429 3218 periculi
2494 3146 2950 3219 pertimescant?
2989 3146 3237 3218 Etenim,
3270 3147 3318 3203 si
3349 3147 3474 3203 fieri
3533 3152 3729 3221 posset
3776 3152 3841 3205 ut

2189 3252 2367 3307 quam
2398 3236 2605 3308 optimi
2627 3252 2831 3292 omnes
2853 3240 3071 3306 essent,
3096 3241 3271 3309 atque
3302 3237 3373 3292 ad
3407 3253 3709 3294 summum
3734 3238 3840 3293 vir-

2186 3324 2332 3381 tutis
2362 3325 2658 3398 fastigium
2701 3325 3089 3397 pervenirent,
3112 3326 3220 3382 hoc
3250 3326 3483 3398 quidem
3518 3326 3837 3399 praclaris-

428 3411 601 3468 εἰτοῦ
645 3411 811 3485 μέσου
860 3413 1203 3488 τυγχάνοιεν,
1253 3412 1306 3467 τί
1358 3434 1440 3468 σοι
1495 3412 1750 3489 βούλεται
1796 3412 1859 3469 τὸ
1908 3418 2075 3470 ταῦτα

2197 3415 2404 3472 simum
2456 3418 2512 3470 et
2559 3415 3050 3487 perfectissimum
3105 3419 3279 3471 esset.
3313 3416 3597 3482 Quoniam
3645 3421 3838 3472 autem

426 3503 762 3575 νομοθετεῖν,
816 3500 852 3555 ἃ
903 3502 979 3575 μή
1024 3505 1128 3558 τῶν
1181 3502 1396 3558 πάντων
1447 3501 1610 3576 ἐστὶν,
1644 3506 1678 3574 ἢ
1723 3503 2078 3579 κατακρίτους

431 3591 565 3647 εἶναι
609 3590 738 3653 τοὺς
788 3590 849 3647 οὗ
897 3588 1317 3669 φυλάσσοντας;
1362 3595 1565 3669 Ὥσπερ
1614 3594 1718 3669 γὰρ
1771 3592 1916 3656 ὅστις
1966 3596 2079 3669 (83)

430 3681 493 3735 οὗ
550 3678 827 3743 κολάσεως
885 3681 1060 3753 ἄξιος,
1117 3679 1226 3753 ἤδη
1300 3682 1392 3737 καὶ
1448 3682 1840 3760 ἀναρῥήσεωςο
1905 3682 2077 3746 οὕτως

429 3769 579 3832 ὅστις
609 3772 721 3845 (84)
754 3769 853 3826 οὐκ
902 3769 1269 3847 ἀναρρήσεως,
1318 3770 1427 3844 ἤδη
1477 3772 1566 3828 καὶ
1615 3771 1903 3847 τιμωρίας·
1952 3770 2079 3827 ἀλλ’

429 3859 482 3915 ἐν
514 3858 663 3933 ὅροις
696 3856 778 3914 δεῖ
828 3860 1084 3932 μένοντας
1130 3867 1232 3931 τῆς
1280 3863 1550 3938 ἡμετέρας
1602 3860 1946 3939 φιλοσοφίας,
1988 3861 2078 3916 καὶ

424 3954 525 4016 τῆς
560 3944 897 4023 ἀνθρωπίνης
932 3945 1210 4022 δυνάμεως
1237 3952 1374 4025 (85),
1409 3949 1583 4012 οὕτως
1627 3950 1868 4005 ἀπαιτεῖν
1898 3950 1989 4005 καὶ
2017 3951 2078 4005 τὸ

423 4036 881 4113 κατορθούμενον.

2190 3504 2386 3561 divina
2416 3503 2488 3560 ab
2518 3504 2797 3561 humanis
2827 3504 3119 3578 dirempta
3150 3509 3307 3575 sunt,
3339 3510 3513 3578 atque
3559 3506 3657 3563 alii
3708 3506 3842 3579 qui-

2190 3596 2321 3651 dem
2356 3594 2515 3651 nullo
2567 3611 2681 3651 non
2728 3595 2963 3651 virtutis
3011 3612 3220 3667 genere
3268 3595 3577 3666 excellunt,
3610 3596 3706 3653 alii
3738 3613 3841 3653 au-

2188 3686 2306 3740 tem
2338 3684 2485 3739 bene
2517 3700 2717 3741 secum
2754 3684 2846 3757 agi
2896 3688 3124 3757 putant,
3158 3685 3208 3742 si
3238 3684 3325 3741 vel
3374 3686 3838 3742 mediocritatem

2190 3777 2602 3845 assequantur,
2627 3791 2754 3845 quae
2786 3773 2908 3830 haec
2938 3778 3041 3830 tua
3069 3774 3218 3831 ratio
3246 3778 3353 3845 est,
3379 3775 3521 3829 dum
3572 3790 3639 3829 ea
3686 3772 3840 3829 indi-

2189 3864 2273 3920 cis
2302 3867 2358 3919 et
2386 3863 2738 3935 praescribis,
2774 3881 2902 3936 quae
2953 3881 3069 3920 non
3117 3863 3380 3919 omnium
3414 3867 3578 3930 sunt;
3615 3869 3713 3918 aut
3740 3878 3839 3919 eos

2188 3969 2292 4025 pro
2323 3953 2617 4009 damnatis
2656 3953 2858 4020 habes,
2892 3953 2991 4025 qui
3038 3970 3153 4008 non
3202 3951 3582 4007 custodiunt?
3625 3951 3838 4015 Quem-

2188 4042 2507 4098 admodum
2555 4042 2712 4096 enim
2764 4041 3033 4120 quisquis
3088 4040 3378 4113 supplicio
3436 4041 3592 4097 haud
3624 4040 3841 4114 dignus

423 4134 533 4195 est,
567 4146 683 4185 non
713 4129 870 4185 idem
927 4129 1129 4186 statim
1177 4129 1413 4187 laudem
1444 4134 1502 4187 et
1530 4129 2004 4203 praedicationem
2036 4134 2321 4199 meretur;
2370 4132 2571 4187 eodem
2606 4131 2778 4186 modo
2809 4148 2914 4186 nec
2944 4130 3213 4201 quisquis
3244 4130 3414 4186 laude
3462 4139 3517 4186 et
3562 4132 3840 4202 praedica-

423 4218 583 4273 tione
612 4216 827 4290 dignus
861 4235 977 4274 non
1008 4222 1121 4285 est,
1152 4219 1309 4275 idem
1341 4220 1646 4275 confestim
1697 4235 1927 4291 poenam
1960 4235 2195 4291 quoque
2225 4224 2620 4275 commoretur
2647 4235 2660 4273 :
2696 4220 2798 4274 sed
2845 4218 3229 4291 philosophiae
3279 4224 3493 4275 nostra:
3520 4219 3843 4275 virtutum-

425 4323 541 4379 que
589 4306 985 4365 humanarum
1046 4307 1267 4365 finibus
1324 4325 1430 4366 nos
1485 4308 1643 4381 ipsos
1676 4308 1973 4364 continere
2003 4310 2308 4382 debemus,
2342 4309 2544 4383 sicque
2589 4309 2666 4377 id,
2702 4310 2855 4380 quod
2910 4312 3062 4365 recte
3106 4312 3164 4365 et
3210 4326 3278 4364 ex
3322 4309 3537 4365 virtute
3594 4309 3838 4381 geritur,

425 4411 674 4453 exigere.

499 4414 513 4451 1
596 4413 674 4453 ΡΘ.

498 4412 750 4540 ΙὲθἌλΥ
795 4481 1049 4540 ἀνακτέον
1093 4506 1193 4557 μοι
1238 4483 1403 4541 πάλιν
1447 4484 1540 4541 τδν
1592 4485 1760 4562 λόγον
1808 4486 1895 4542 ἐπὶ
1942 4486 2070 4550 τοὺς

499 4620 612 4766 (71)
644 4616 864 4677 Σκόπει.
898 4620 1037 4694 Reg.
1072 4620 1193 4691 bm,
1224 4621 1441 4693 Comh.,
1472 4624 1602 4680 Sav.
1628 4628 1897 4680 σκοπεῖτε.

502 4695 591 4764 (72
669 4691 1105 4766 Περιορεχόντων
1162 4712 1240 4750 τε.
1301 4694 1392 4751 Sic
1451 4695 1568 4752 duo
1610 4695 1789 4766 Regg.
1822 4700 1881 4753 et

502 4691 612 4766 (72)
669 4691 1105 4769 Περιορεχόντων
1162 4712 1240 4750 τε.
1301 4694 1392 4751 Sic
1428 4691 1568 4752 'duo
1610 4695 1789 4769 Regg.
1822 4700 1881 4753 et
1907 4701 2073 4753 Pass.

427 4769 601 4821 Deest
627 4785 686 4819 τε
716 4766 775 4821 in
806 4766 898 4821 ed.

502 4836 616 4962 (73)
672 4836 1007 4912 Χριστιανῶν
1066 4855 1220 4922 ποτε.
1282 4838 1370 4893 Ita
1426 4837 1603 4923 Regii.
1634 4842 1905 4912 quatuor,
1965 4841 2081 4895 duo

425 4908 504 4964 Co
532 4909 613 4969 b..
646 4908 740 4964 0r.
774 4913 819 4969 1.
856 4908 1023 4969 Gab..
1072 4909 1171 4965 alii
1219 4912 1466 4969 servato.
1509 4914 1607 4967 alii
1640 4912 1853 4969 reiecto
1883 4928 2083 4969 accen-

425 4929 613 4973 uom.,
646 4929 740 4964 ur.
775 4929 819 4977 1,
856 4929 1023 4976 uan.,
1072 4929 1171 4965 aui
1219 4929 1466 4978 servato,
1509 4929 1607 4967 aui
1640 4929 1853 4983 rejecto
1883 4929 2080 4969 accen-

425 4980 702 5064 tu“;HReg.
731 4979 773 5052 1,
804 4980 968 5037 Pass.
1001 4983 1060 5037 et
1112 4980 1283 5037 Savil.
1343 4981 1585 5041 πώποτε.
1638 4988 1805 5041 Deest
1846 5003 1977 5038 ποτε
2020 4984 2080 5039 in

424 5053 622 5110 editis.
657 5053 673 5054 ί
1124 5068 1129 5071 ‘

498 5124 611 5181 (74)
645 5119 967 5179 Συνελόντα.
1000 5120 1116 5179 Alii
1146 5119 1446 5181 συνελόντι.

520 5193 615 5253 75)
645 5193 833 5253 Αὐτοί.
860 5196 1018 5252 Pass.
1052 5195 1215 5252 addit
1242 5199 1429 5251 ταῦτα.

520 5266 613 5337 76)
636 5271 833 5341 Ἡμῖν.Δ
850 5266 1023 5324 Deest
1048 5267 1108 5341 in
1140 5268 1377 5341 duobus
1391 5268 1579 5341 ,Regg.
1614 5272 1672 5324 et
1690 5268 1793 5341 _0r.
1810 5340 1815 5341 ί
1832 5271 1881 5324 1.

520 5271 613 5337 76)
636 5271 815 5338 Ἡμῖν.
850 5271 1023 5324 Deest
1048 5271 1108 5323 in
1140 5271 1370 5325 duobus
1401 5271 1579 5341 Regg.
1614 5272 1672 5324 et
1700 5271 1793 5323 0r.
1832 5271 1881 5324 1.

494 5271 605 5438 (77)
639 5343 765 5431 ρῶς
817 5336 1010 5394 ἐκεῖνο.
1044 5340 1204 5396 Pass.
1236 5344 1294 5396 et
1330 5338 1449 5409 alii,
1500 5342 1616 5399 πῶς
1648 5338 1765 5395 οὐκ.
1802 5340 1929 5395 Par.
1962 5343 2077 5401 πῶς

425 5410 925 5556 ἇκῖῗθῦῗῗίίνδυνος.
961 5481 1219 5556 Montac.
1251 5480 1566 5556 legendum
1593 5485 1787 5556 putat,
1810 5477 2077 5553 κίνδυνον,

425 5554 811 5613 αιἰ-οίθιιειιιιι·
835 5556 906 5612 ad
938 5554 1109 5626 φέρει,
1170 5554 1324 5626 quod
1357 5554 1829 5626 subaudiendum
1861 5559 2078 5610 censet.

426 5628 646 5695 Quidni
675 5645 807 5686 vero
838 5628 912 5685 ad
943 5624 1080 5694 ἐστι,
1112 5624 1267 5699 quod
1295 5626 1603 5683 subaudiri
1635 5625 1782 5683 solet
1810 5627 1837 5682 ‘I
1867 5627 2081 5683 Favent

426 5716 637 5758 omnes
668 5700 897 5759 codices

502 5772 617 5843 (79)
646 5773 819 5847 Τιμὴν
874 5771 964 5828 καὶ
1012 5766 1295 5828 ἀντίδοσιν.
1350 5770 1856 5844 Subaudiendum,
1910 5768 2078 5848 φέρει,

594 5126 615 5337 ἒ

2252 4490 2315 4546 C.
2345 4489 2419 4544 At
2447 4488 2591 4544 mihi
2632 4504 2870 4545 rursum
2911 4487 3247 4545 faciendum
3277 4492 3386 4556 est,
3422 4492 3486 4544 ut
3516 4487 3836 4545 orationem

2107 4628 2155 4694 D
2183 4622 2273 4697 vel
2286 4624 2683 4697 repeteedum
2718 4617 2853 4697 ἔχειε

2257 4691 2382 4767 (80)
2416 4692 2549 4767 ρῦδ’
2602 4691 2782 4748 ὄντων
2815 4691 2928 4767 οὖν.
3000 4696 3152 4767 R_eg._
3188 4695 3288 4762 hu,
3347 4694 3500 4762 Ald.,
3541 4696 3673 4753 Her.
3707 4691 3837 4767 μηδ’

2190 4762 2352 4851 ὅντιν’
2384 4763 2496 4822 οὖν.
2532 4767 2709 4840 Regg.
2744 4767 2863 4837 bm,
2896 4766 2938 4835 l,
2969 4762 3300 4821 οὐδ”ὅντινα
3348 4767 3461 4824 οὗν.
3504 4762 3718 4827 Βαεί1.,’
3746 4762 3835 4821 ὁν-

2186 4858 2524 5000 τῒῖἓζιί)οἶόν
2556 4929 2614 4963 τε
2641 4910 2728 4977 ἦν.
2764 4912 2849 4965 Ita
2908 4910 3171 4982 plerique
3200 4910 3448 4968 codices.
3485 4914 3549 4967 In
3594 4910 3685 4967 ed.
3722 4910 3837 4963 οἷον

2186 5000 2217 5035 τ
2394 5053 2582 5141 ""9100.
2616 5053 2757 5141 ΗΕΒ.
2781 5053 2845 5136 .b,
2888 5050 3017 5141 ὅτιρ.

2281 5122 2371 5199 83)
2410 5125 2635 5199 ’Όστιςτ-
2667 5122 2873 5199 Paris},
2931 5122 3062 5199 oux
3095 5122 3262 5186 ὅστις.
3326 5124 3654 5182 Delevimus
3706 5124 3834 5199 οὐχ,

2189 5198 2342 5269 quod
2372 5215 2406 5253 a
2435 5197 2735 5269 codicibus
2763 5198 2880 5253 fere
2908 5197 3183 5254 omnibus
3213 5198 3397 5254 abest.

2188 5267 2370 5392 6;(84)
2406 5270 2605 5329 Ὅστις.
2677 5268 2780 5324 Hic
2839 5269 3053 5326 iterum
3113 5270 3504 5342 expuuximus
3564 5267 3671 5345 οὐχ
3700 5274 3836 5325 ante

2223 5359 2358 5392 στις.

2404 5408 2780 5485 Ἀνβρωπίνης
2810 5407 3110 5485 δυνάμεως.
3146 5415 3279 5485 Reg.
3310 5411 3411 5482 hu,
3467 5411 3617 5470 Ald..
3671 5412 3835 5469 Herv.

2188 5482 2479 5557 ἡμετέρας.
2514 5482 2746 5557 Mallem
2770 5483 2927 5540 hunc
2947 5483 3137 5540 locum
3168 5482 3255 5540 sic
3282 5485 3561 5557 reddere;
3598 5506 3625 5537 ‹‹
3657 5485 3836 5556 Opor-

2188 5558 2271 5610 tet
2318 5556 2493 5629 igitur
2538 5556 2916 5629 philosophiae
2944 5561 3155 5612 nostris
3189 5556 3520 5629 viriumque
3550 5556 3833 5629 humana—

2187 5643 2319 5682 rum
2354 5627 2570 5683 ﬁnibus
2602 5627 2899 5684 continere
2930 5645 3011 5691 se,
3055 5645 3119 5684 ac
3151 5629 3233 5684 ita
3264 5627 3501 5685 demum
3534 5628 3688 5699 quod
3712 5641 3831 5682 rsc-

2188 5702 2246 5756 te
2275 5704 2333 5756 et
2362 5715 2434 5755 ex
2470 5699 2682 5757 virtute
2702 5701 2945 5772 geritur,
2978 5699 3225 5773 exigere.
3260 5721 3289 5750 »
