  <div class='ocr_page' id='page_1' title='image "/cluster/home/n/w/nwhite01/storage/ocr_20150623/35/hvd.32044054100326/323.png"; bbox 0 0 4202 6212; ppageno 0'>
   <div class='ocr_carea' id='block_1_1' title="bbox 405 381 525 440">
    <p class='ocr_par' dir='ltr' id='par_1_1' title="bbox 405 381 525 440">
     <span class='ocr_line' id='line_1_1' title="bbox 405 381 525 440; baseline 0 -1"><span class='ocrx_word' id='word_1_1' title='bbox 405 381 525 440; x_wconf 81' lang='grc'>635</span> 
     </span>
    </p>
   </div>
   <div class='ocr_carea' id='block_1_2' title="bbox 1647 380 2580 444">
    <p class='ocr_par' dir='ltr' id='par_1_2' title="bbox 1647 380 2580 444">
     <span class='ocr_line' id='line_1_2' title="bbox 1647 380 2580 444; baseline 0 -3"><span class='ocrx_word' id='word_1_2' title='bbox 1647 380 1715 441; x_wconf 89' lang='lat' dir='ltr'>S.</span> <span class='ocrx_word' id='word_1_3' title='bbox 1764 380 2135 441; x_wconf 76' lang='lat' dir='ltr'>GREGORII</span> <span class='ocrx_word' id='word_1_4' title='bbox 2186 381 2580 444; x_wconf 82' lang='lat' dir='ltr'>THEOLOGI</span> 
     </span>
    </p>
   </div>
   <div class='ocr_carea' id='block_1_3' title="bbox 3699 380 3819 440">
    <p class='ocr_par' dir='ltr' id='par_1_3' title="bbox 3699 380 3819 440">
     <span class='ocr_line' id='line_1_3' title="bbox 3699 380 3819 440; baseline -0.008 0"><span class='ocrx_word' id='word_1_5' title='bbox 3699 380 3819 440; x_wconf 85' lang='lat'><strong>636</strong></span> 
     </span>
    </p>
   </div>
   <div class='ocr_carea' id='block_1_4' title="bbox 409 508 2071 592">
    <p class='ocr_par' dir='ltr' id='par_1_4' title="bbox 409 512 2067 586">
     <span class='ocr_line' id='line_1_4' title="bbox 409 512 2067 586; baseline 0.001 -18"><span class='ocrx_word' id='word_1_6' title='bbox 409 512 481 568; x_wconf 86' lang='lat' dir='ltr'>ad</span> <span class='ocrx_word' id='word_1_7' title='bbox 511 526 814 569; x_wconf 80' lang='lat' dir='ltr'>sermones</span> <span class='ocrx_word' id='word_1_8' title='bbox 832 528 1126 581; x_wconf 87' lang='lat' dir='ltr'>revocem;</span> <span class='ocrx_word' id='word_1_9' title='bbox 1163 527 1353 585; x_wconf 89' lang='lat' dir='ltr'>neque</span> <span class='ocrx_word' id='word_1_10' title='bbox 1382 513 1539 569; x_wconf 88' lang='lat' dir='ltr'>enim</span> <span class='ocrx_word' id='word_1_11' title='bbox 1575 512 1719 569; x_wconf 91' lang='lat' dir='ltr'>mihi</span> <span class='ocrx_word' id='word_1_12' title='bbox 1743 516 2067 586; x_wconf 86' lang='lat' dir='ltr'>temperare</span> 
     </span>
    </p>
   </div>
   <div class='ocr_carea' id='block_1_5' title="bbox 2189 508 3819 592">
    <p class='ocr_par' dir='ltr' id='par_1_5' title="bbox 2189 508 3819 592">
     <span class='ocr_line' id='line_1_5' title="bbox 2189 508 3819 592; baseline -0.001 -23"><span class='ocrx_word' id='word_1_13' title='bbox 2189 513 2400 591; x_wconf 54' lang='grc' dir='ltr'>λόγους</span> <span class='ocrx_word' id='word_1_14' title='bbox 2434 515 2497 570; x_wconf 88' lang='grc' dir='ltr'>ού</span> <span class='ocrx_word' id='word_1_15' title='bbox 2527 516 2630 592; x_wconf 81' lang='grc' dir='ltr'>γὰρ</span> <span class='ocrx_word' id='word_1_16' title='bbox 2664 513 2810 592; x_wconf 77' lang='grc' dir='ltr'>φέρω</span> <span class='ocrx_word' id='word_1_17' title='bbox 2857 514 2933 587; x_wconf 79' lang='grc' dir='ltr'>μὴ</span> <span class='ocrx_word' id='word_1_18' title='bbox 2964 533 3124 569; x_wconf 87' lang='grc' dir='ltr'>τουτο</span> <span class='ocrx_word' id='word_1_19' title='bbox 3174 509 3446 574; x_wconf 76' lang='grc' dir='ltr'>πολλάκις</span> <span class='ocrx_word' id='word_1_20' title='bbox 3477 508 3819 586; x_wconf 76' lang='grc' dir='ltr'>ἀνακυκλεῖν,</span> 
     </span>
    </p>
   </div>
   <div class='ocr_carea' id='block_1_6' title="bbox 411 602 2066 675">
    <p class='ocr_par' dir='ltr' id='par_1_6' title="bbox 411 602 2066 675">
     <span class='ocr_line' id='line_1_6' title="bbox 411 602 2066 675; baseline 0.001 -17"><span class='ocrx_word' id='word_1_21' title='bbox 411 619 679 675; x_wconf 87' lang='lat' dir='ltr'>possum,</span> <span class='ocrx_word' id='word_1_22' title='bbox 702 602 841 671; x_wconf 88' lang='lat' dir='ltr'>quin</span> <span class='ocrx_word' id='word_1_23' title='bbox 875 602 983 657; x_wconf 89' lang='lat' dir='ltr'>hoc</span> <span class='ocrx_word' id='word_1_24' title='bbox 1014 602 1336 657; x_wconf 82' lang='lat' dir='ltr'>identidem</span> <span class='ocrx_word' id='word_1_25' title='bbox 1368 602 1664 674; x_wconf 90' lang='lat' dir='ltr'>replicem,</span> <span class='ocrx_word' id='word_1_26' title='bbox 1696 604 2066 659; x_wconf 88' lang='lat' dir='ltr'>enitendum-</span> 
     </span>
    </p>
   </div>
   <div class='ocr_carea' id='block_1_7' title="bbox 412 691 2068 764">
    <p class='ocr_par' dir='ltr' id='par_1_7' title="bbox 412 691 2068 764">
     <span class='ocr_line' id='line_1_7' title="bbox 412 691 2068 764; baseline 0.001 -16"><span class='ocrx_word' id='word_1_27' title='bbox 412 709 548 764; x_wconf 89' lang='lat' dir='ltr'>que,</span> <span class='ocrx_word' id='word_1_28' title='bbox 570 696 634 747; x_wconf 90' lang='lat' dir='ltr'>ut</span> <span class='ocrx_word' id='word_1_29' title='bbox 663 692 809 763; x_wconf 87' lang='lat' dir='ltr'>ipsis</span> <span class='ocrx_word' id='word_1_30' title='bbox 833 708 935 763; x_wconf 91' lang='lat' dir='ltr'>pro</span> <span class='ocrx_word' id='word_1_31' title='bbox 956 691 1108 747; x_wconf 85' lang='lat' dir='ltr'>virili</span> <span class='ocrx_word' id='word_1_32' title='bbox 1131 708 1302 763; x_wconf 91' lang='lat' dir='ltr'>opem</span> <span class='ocrx_word' id='word_1_33' title='bbox 1324 693 1525 749; x_wconf 83' lang='lat' dir='ltr'>feram.</span> <span class='ocrx_word' id='word_1_34' title='bbox 1549 694 1697 749; x_wconf 88' lang='lat' dir='ltr'>Nam</span> <span class='ocrx_word' id='word_1_35' title='bbox 1719 710 1853 749; x_wconf 90' lang='lat' dir='ltr'>cum</span> <span class='ocrx_word' id='word_1_36' title='bbox 1880 693 2068 749; x_wconf 90' lang='lat' dir='ltr'>multa</span> 
     </span>
    </p>
   </div>
   <div class='ocr_carea' id='block_1_8' title="bbox 414 780 2057 854">
    <p class='ocr_par' dir='ltr' id='par_1_8' title="bbox 414 780 2057 854">
     <span class='ocr_line' id='line_1_8' title="bbox 414 780 2057 854; baseline 0.001 -18"><span class='ocrx_word' id='word_1_37' title='bbox 414 786 471 837; x_wconf 92' lang='lat' dir='ltr'>et</span> <span class='ocrx_word' id='word_1_38' title='bbox 500 780 699 854; x_wconf 83' lang='lat' dir='ltr'>gravia</span> <span class='ocrx_word' id='word_1_39' title='bbox 730 780 849 836; x_wconf 91' lang='lat' dir='ltr'>sint</span> <span class='ocrx_word' id='word_1_40' title='bbox 880 797 1008 853; x_wconf 67' lang='lat' dir='ltr'>qua:</span> <span class='ocrx_word' id='word_1_41' title='bbox 1039 781 1240 837; x_wconf 89' lang='lat' dir='ltr'>odium</span> <span class='ocrx_word' id='word_1_42' title='bbox 1289 780 1373 837; x_wconf 85' lang='lat' dir='ltr'>illi</span> <span class='ocrx_word' id='word_1_43' title='bbox 1422 782 1631 838; x_wconf 89' lang='lat' dir='ltr'>merito</span> <span class='ocrx_word' id='word_1_44' title='bbox 1676 783 1928 838; x_wconf 87' lang='lat' dir='ltr'>conﬂare</span> <span class='ocrx_word' id='word_1_45' title='bbox 1958 784 2057 838; x_wconf 92' lang='lat' dir='ltr'>de-</span> 
     </span>
    </p>
   </div>
   <div class='ocr_carea' id='block_1_9' title="bbox 410 869 2067 943">
    <p class='ocr_par' dir='ltr' id='par_1_9' title="bbox 410 869 2067 943">
     <span class='ocr_line' id='line_1_9' title="bbox 410 869 2067 943; baseline 0.001 -18"><span class='ocrx_word' id='word_1_46' title='bbox 410 871 607 939; x_wconf 83' lang='lat' dir='ltr'>beant,</span> <span class='ocrx_word' id='word_1_47' title='bbox 642 869 787 925; x_wconf 86' lang='lat' dir='ltr'>nihil</span> <span class='ocrx_word' id='word_1_48' title='bbox 821 874 1015 925; x_wconf 84' lang='lat' dir='ltr'>tamen</span> <span class='ocrx_word' id='word_1_49' title='bbox 1048 875 1138 927; x_wconf 85' lang='lat' dir='ltr'>est</span> <span class='ocrx_word' id='word_1_50' title='bbox 1164 871 1224 925; x_wconf 88' lang='lat' dir='ltr'>in</span> <span class='ocrx_word' id='word_1_51' title='bbox 1268 887 1383 942; x_wconf 93' lang='lat' dir='ltr'>quo</span> <span class='ocrx_word' id='word_1_52' title='bbox 1436 873 1625 943; x_wconf 88' lang='lat' dir='ltr'>magis</span> <span class='ocrx_word' id='word_1_53' title='bbox 1657 888 1830 943; x_wconf 88' lang='lat' dir='ltr'>quam</span> <span class='ocrx_word' id='word_1_54' title='bbox 1866 872 1924 926; x_wconf 91' lang='lat' dir='ltr'>in</span> <span class='ocrx_word' id='word_1_55' title='bbox 1957 872 2067 927; x_wconf 89' lang='lat' dir='ltr'>hac</span> 
     </span>
    </p>
   </div>
   <div class='ocr_carea' id='block_1_10' title="bbox 403 960 2065 1033">
    <p class='ocr_par' dir='ltr' id='par_1_10' title="bbox 403 960 2065 1033">
     <span class='ocr_line' id='line_1_10' title="bbox 403 960 2065 1033; baseline 0 -17"><span class='ocrx_word' id='word_1_56' title='bbox 403 977 484 1027; x_wconf 86' lang='lat' dir='ltr'>re,</span> <span class='ocrx_word' id='word_1_57' title='bbox 510 960 781 1032; x_wconf 89' lang='lat' dir='ltr'>iniquum</span> <span class='ocrx_word' id='word_1_58' title='bbox 827 978 892 1015; x_wconf 90' lang='lat' dir='ltr'>ac</span> <span class='ocrx_word' id='word_1_59' title='bbox 925 960 1273 1016; x_wconf 88' lang='lat' dir='ltr'>sceleratum</span> <span class='ocrx_word' id='word_1_60' title='bbox 1327 977 1389 1017; x_wconf 88' lang='lat' dir='ltr'>se</span> <span class='ocrx_word' id='word_1_61' title='bbox 1438 961 1762 1033; x_wconf 69' lang='lat' dir='ltr'>praebuisse</span> <span class='ocrx_word' id='word_1_62' title='bbox 1791 963 1945 1018; x_wconf 73' lang='lat'>132</span> <span class='ocrx_word' id='word_1_63' title='bbox 1978 961 2065 1016; x_wconf 81' lang='lat' dir='ltr'>vi-</span> 
     </span>
    </p>
   </div>
   <div class='ocr_carea' id='block_1_11' title="bbox 403 1049 2064 1123">
    <p class='ocr_par' dir='ltr' id='par_1_11' title="bbox 403 1049 2064 1123">
     <span class='ocr_line' id='line_1_11' title="bbox 403 1049 2064 1123; baseline 0.002 -19"><span class='ocrx_word' id='word_1_64' title='bbox 403 1051 631 1105; x_wconf 86' lang='lat' dir='ltr'>deatur.</span> <span class='ocrx_word' id='word_1_65' title='bbox 653 1055 735 1104; x_wconf 89' lang='lat' dir='ltr'>Ac</span> <span class='ocrx_word' id='word_1_66' title='bbox 759 1066 1010 1117; x_wconf 92' lang='lat' dir='ltr'>mecum,</span> <span class='ocrx_word' id='word_1_67' title='bbox 1036 1049 1230 1121; x_wconf 86' lang='lat' dir='ltr'>velim,</span> <span class='ocrx_word' id='word_1_68' title='bbox 1256 1051 1616 1123; x_wconf 84' lang='lat' dir='ltr'>indignetur,</span> <span class='ocrx_word' id='word_1_69' title='bbox 1641 1051 1913 1123; x_wconf 71' lang='lat' dir='ltr'>quisquis</span> <span class='ocrx_word' id='word_1_70' title='bbox 1945 1067 2064 1107; x_wconf 89' lang='lat' dir='ltr'>ser-</span> 
     </span>
    </p>
   </div>
   <div class='ocr_carea' id='block_1_12' title="bbox 404 1139 2067 1213">
    <p class='ocr_par' dir='ltr' id='par_1_12' title="bbox 404 1139 2067 1213">
     <span class='ocr_line' id='line_1_12' title="bbox 404 1139 2067 1213; baseline 0 -18"><span class='ocrx_word' id='word_1_71' title='bbox 404 1139 680 1195; x_wconf 85' lang='lat' dir='ltr'>monibus</span> <span class='ocrx_word' id='word_1_72' title='bbox 723 1140 1120 1212; x_wconf 65' lang='lat' dir='ltr'>doctrinaeque</span> <span class='ocrx_word' id='word_1_73' title='bbox 1170 1139 1384 1195; x_wconf 85' lang='lat' dir='ltr'>studiis</span> <span class='ocrx_word' id='word_1_74' title='bbox 1435 1139 1777 1211; x_wconf 78' lang='lat' dir='ltr'>delectatur,</span> <span class='ocrx_word' id='word_1_75' title='bbox 1811 1140 2067 1213; x_wconf 90' lang='lat' dir='ltr'>huicque</span> 
     </span>
    </p>
   </div>
   <div class='ocr_carea' id='block_1_13' title="bbox 407 1229 2065 1303">
    <p class='ocr_par' dir='ltr' id='par_1_13' title="bbox 407 1229 2065 1303">
     <span class='ocr_line' id='line_1_13' title="bbox 407 1229 2065 1303; baseline 0.001 -19"><span class='ocrx_word' id='word_1_76' title='bbox 407 1229 558 1301; x_wconf 84' lang='lat' dir='ltr'>parti</span> <span class='ocrx_word' id='word_1_77' title='bbox 592 1229 865 1285; x_wconf 86' lang='lat' dir='ltr'>addictus</span> <span class='ocrx_word' id='word_1_78' title='bbox 895 1235 1002 1299; x_wconf 90' lang='lat' dir='ltr'>est,</span> <span class='ocrx_word' id='word_1_79' title='bbox 1037 1247 1152 1301; x_wconf 89' lang='lat' dir='ltr'>quo</span> <span class='ocrx_word' id='word_1_80' title='bbox 1185 1229 1242 1285; x_wconf 90' lang='lat' dir='ltr'>in</span> <span class='ocrx_word' id='word_1_81' title='bbox 1277 1246 1522 1285; x_wconf 90' lang='lat' dir='ltr'>numero</span> <span class='ocrx_word' id='word_1_82' title='bbox 1546 1246 1639 1286; x_wconf 89' lang='lat' dir='ltr'>me</span> <span class='ocrx_word' id='word_1_83' title='bbox 1671 1246 1904 1303; x_wconf 92' lang='lat' dir='ltr'>quoque</span> <span class='ocrx_word' id='word_1_84' title='bbox 1936 1246 2065 1285; x_wconf 90' lang='lat' dir='ltr'>esse</span> 
     </span>
    </p>
   </div>
   <div class='ocr_carea' id='block_1_14' title="bbox 405 1318 2065 1390">
    <p class='ocr_par' dir='ltr' id='par_1_14' title="bbox 405 1318 2065 1390">
     <span class='ocr_line' id='line_1_14' title="bbox 405 1318 2065 1390; baseline 0 -16"><span class='ocrx_word' id='word_1_85' title='bbox 405 1336 519 1374; x_wconf 89' lang='lat' dir='ltr'>non</span> <span class='ocrx_word' id='word_1_86' title='bbox 551 1318 801 1373; x_wconf 83' lang='lat' dir='ltr'>inﬁcior.</span> <span class='ocrx_word' id='word_1_87' title='bbox 827 1320 972 1373; x_wconf 88' lang='lat' dir='ltr'>Nam</span> <span class='ocrx_word' id='word_1_88' title='bbox 1005 1323 1211 1375; x_wconf 80' lang='lat' dir='ltr'>caetera</span> <span class='ocrx_word' id='word_1_89' title='bbox 1241 1320 1480 1390; x_wconf 89' lang='lat' dir='ltr'>quidem</span> <span class='ocrx_word' id='word_1_90' title='bbox 1514 1320 1714 1374; x_wconf 84' lang='lat' dir='ltr'>omnia</span> <span class='ocrx_word' id='word_1_91' title='bbox 1734 1319 2065 1374; x_wconf 85' lang='lat' dir='ltr'>volentibus</span> 
     </span>
    </p>
   </div>
   <div class='ocr_carea' id='block_1_15' title="bbox 400 1407 2062 1481">
    <p class='ocr_par' dir='ltr' id='par_1_15' title="bbox 400 1407 2062 1481">
     <span class='ocr_line' id='line_1_15' title="bbox 400 1407 2062 1481; baseline -0.001 -17"><span class='ocrx_word' id='word_1_92' title='bbox 400 1408 633 1480; x_wconf 88' lang='lat' dir='ltr'>reliqui,</span> <span class='ocrx_word' id='word_1_93' title='bbox 666 1424 826 1479; x_wconf 90' lang='lat' dir='ltr'>opes,</span> <span class='ocrx_word' id='word_1_94' title='bbox 862 1409 1091 1480; x_wconf 77' lang='lat' dir='ltr'>generis</span> <span class='ocrx_word' id='word_1_95' title='bbox 1132 1407 1519 1478; x_wconf 88' lang='lat' dir='ltr'>nobilitatem,</span> <span class='ocrx_word' id='word_1_96' title='bbox 1554 1408 1825 1481; x_wconf 80' lang='lat' dir='ltr'>gloriam,</span> <span class='ocrx_word' id='word_1_97' title='bbox 1859 1412 2062 1480; x_wconf 89' lang='lat' dir='ltr'>poten-</span> 
     </span>
    </p>
   </div>
   <div class='ocr_carea' id='block_1_16' title="bbox 401 1496 2062 1569">
    <p class='ocr_par' dir='ltr' id='par_1_16' title="bbox 401 1496 2062 1569">
     <span class='ocr_line' id='line_1_16' title="bbox 401 1496 2062 1569; baseline 0 -16"><span class='ocrx_word' id='word_1_98' title='bbox 401 1498 547 1554; x_wconf 90' lang='lat' dir='ltr'>tiam</span> <span class='ocrx_word' id='word_1_99' title='bbox 570 1500 914 1568; x_wconf 70' lang='lat' dir='ltr'>caeteraque,</span> <span class='ocrx_word' id='word_1_100' title='bbox 937 1513 1064 1567; x_wconf 82' lang='lat' dir='ltr'>quae</span> <span class='ocrx_word' id='word_1_101' title='bbox 1086 1500 1326 1551; x_wconf 84' lang='lat' dir='ltr'>terrenae</span> <span class='ocrx_word' id='word_1_102' title='bbox 1350 1496 1528 1567; x_wconf 89' lang='lat' dir='ltr'>hujus</span> <span class='ocrx_word' id='word_1_103' title='bbox 1544 1497 1883 1567; x_wconf 79' lang='lat' dir='ltr'>jactationis</span> <span class='ocrx_word' id='word_1_104' title='bbox 1902 1502 2062 1569; x_wconf 89' lang='lat' dir='ltr'>sunt,</span> 
     </span>
    </p>
   </div>
   <div class='ocr_carea' id='block_1_17' title="bbox 403 1585 2065 1658">
    <p class='ocr_par' dir='ltr' id='par_1_17' title="bbox 403 1585 2065 1658">
     <span class='ocr_line' id='line_1_17' title="bbox 403 1585 2065 1658; baseline 0 -15"><span class='ocrx_word' id='word_1_105' title='bbox 403 1592 462 1644; x_wconf 90' lang='lat' dir='ltr'>et</span> <span class='ocrx_word' id='word_1_106' title='bbox 489 1603 649 1642; x_wconf 74' lang='lat' dir='ltr'>vanae</span> <span class='ocrx_word' id='word_1_107' title='bbox 683 1586 1048 1658; x_wconf 89' lang='lat' dir='ltr'>somniisque</span> <span class='ocrx_word' id='word_1_108' title='bbox 1074 1585 1286 1641; x_wconf 89' lang='lat' dir='ltr'>similis</span> <span class='ocrx_word' id='word_1_109' title='bbox 1311 1585 1737 1642; x_wconf 85' lang='lat' dir='ltr'>oblectationis.</span> <span class='ocrx_word' id='word_1_110' title='bbox 1757 1589 1829 1642; x_wconf 86' lang='lat' dir='ltr'>At</span> <span class='ocrx_word' id='word_1_111' title='bbox 1850 1604 2065 1643; x_wconf 81' lang='lat' dir='ltr'>sermo-</span> 
     </span>
    </p>
   </div>
   <div class='ocr_carea' id='block_1_18' title="bbox 403 1674 2062 1748">
    <p class='ocr_par' dir='ltr' id='par_1_18' title="bbox 403 1674 2062 1748">
     <span class='ocr_line' id='line_1_18' title="bbox 403 1674 2062 1748; baseline 0 -15"><span class='ocrx_word' id='word_1_112' title='bbox 403 1691 508 1733; x_wconf 87' lang='lat' dir='ltr'>nes</span> <span class='ocrx_word' id='word_1_113' title='bbox 556 1675 713 1732; x_wconf 89' lang='lat' dir='ltr'>solos</span> <span class='ocrx_word' id='word_1_114' title='bbox 766 1674 1167 1748; x_wconf 70' lang='lat' dir='ltr'>complector:</span> <span class='ocrx_word' id='word_1_115' title='bbox 1212 1691 1317 1731; x_wconf 90' lang='lat' dir='ltr'>nec</span> <span class='ocrx_word' id='word_1_116' title='bbox 1377 1675 1583 1743; x_wconf 87' lang='lat' dir='ltr'>habeo,</span> <span class='ocrx_word' id='word_1_117' title='bbox 1618 1677 1771 1747; x_wconf 92' lang='lat' dir='ltr'>quod</span> <span class='ocrx_word' id='word_1_118' title='bbox 1834 1676 2062 1733; x_wconf 86' lang='lat' dir='ltr'>labores</span> 
     </span>
    </p>
   </div>
   <div class='ocr_carea' id='block_1_19' title="bbox 401 1765 2062 1838">
    <p class='ocr_par' dir='ltr' id='par_1_19' title="bbox 401 1765 2062 1838">
     <span class='ocr_line' id='line_1_19' title="bbox 401 1765 2062 1838; baseline 0.001 -17"><span class='ocrx_word' id='word_1_119' title='bbox 401 1770 530 1821; x_wconf 86' lang='lat' dir='ltr'>tum</span> <span class='ocrx_word' id='word_1_120' title='bbox 562 1770 716 1821; x_wconf 88' lang='lat' dir='ltr'>terra</span> <span class='ocrx_word' id='word_1_121' title='bbox 773 1768 899 1820; x_wconf 89' lang='lat' dir='ltr'>tum</span> <span class='ocrx_word' id='word_1_122' title='bbox 954 1765 1102 1821; x_wconf 90' lang='lat' dir='ltr'>mari</span> <span class='ocrx_word' id='word_1_123' title='bbox 1158 1767 1463 1837; x_wconf 87' lang='lat' dir='ltr'>susceptos</span> <span class='ocrx_word' id='word_1_124' title='bbox 1494 1765 1781 1833; x_wconf 79' lang='lat' dir='ltr'>incusem,</span> <span class='ocrx_word' id='word_1_125' title='bbox 1814 1766 1912 1838; x_wconf 88' lang='lat' dir='ltr'>qui</span> <span class='ocrx_word' id='word_1_126' title='bbox 1962 1782 2062 1823; x_wconf 86' lang='lat' dir='ltr'>eos</span> 
     </span>
    </p>
   </div>
   <div class='ocr_carea' id='block_1_20' title="bbox 403 1854 2061 1928">
    <p class='ocr_par' dir='ltr' id='par_1_20' title="bbox 403 1854 2061 1928">
     <span class='ocr_line' id='line_1_20' title="bbox 403 1854 2061 1928; baseline 0 -17"><span class='ocrx_word' id='word_1_127' title='bbox 403 1855 552 1912; x_wconf 90' lang='lat' dir='ltr'>mihi</span> <span class='ocrx_word' id='word_1_128' title='bbox 582 1858 1021 1927; x_wconf 81' lang='lat' dir='ltr'>compararunt.</span> <span class='ocrx_word' id='word_1_129' title='bbox 1054 1858 1247 1926; x_wconf 85' lang='lat' dir='ltr'>Atque</span> <span class='ocrx_word' id='word_1_130' title='bbox 1281 1854 1507 1909; x_wconf 86' lang='lat' dir='ltr'>utinam</span> <span class='ocrx_word' id='word_1_131' title='bbox 1541 1854 1708 1925; x_wconf 91' lang='lat' dir='ltr'>mihi,</span> <span class='ocrx_word' id='word_1_132' title='bbox 1740 1854 2061 1928; x_wconf 86' lang='lat' dir='ltr'>amicisque</span> 
     </span>
    </p>
   </div>
   <div class='ocr_carea' id='block_1_21' title="bbox 2175 598 3818 680">
    <p class='ocr_par' dir='ltr' id='par_1_21' title="bbox 2175 598 3818 680">
     <span class='ocr_line' id='line_1_21' title="bbox 2175 598 3818 680; baseline -0.002 -22"><span class='ocrx_word' id='word_1_133' title='bbox 2175 603 2266 658; x_wconf 81' lang='grc' dir='ltr'>καὶ</span> <span class='ocrx_word' id='word_1_134' title='bbox 2295 604 2574 680; x_wconf 75' lang='grc' dir='ltr'>πειρατέον</span> <span class='ocrx_word' id='word_1_135' title='bbox 2605 610 2970 680; x_wconf 80' lang='grc' dir='ltr'>συνηγορῆσαι</span> <span class='ocrx_word' id='word_1_136' title='bbox 3015 601 3234 663; x_wconf 78' lang='grc' dir='ltr'>τούτοις</span> <span class='ocrx_word' id='word_1_137' title='bbox 3281 601 3357 664; x_wconf 74' lang='grc' dir='ltr'>εἷς</span> <span class='ocrx_word' id='word_1_138' title='bbox 3403 598 3651 674; x_wconf 72' lang='grc' dir='ltr'>δύναμιν*</span> <span class='ocrx_word' id='word_1_139' title='bbox 3678 600 3818 655; x_wconf 90' lang='grc' dir='ltr'>πολ-</span> 
     </span>
    </p>
   </div>
   <div class='ocr_carea' id='block_1_22' title="bbox 2178 687 3819 769">
    <p class='ocr_par' dir='ltr' id='par_1_22' title="bbox 2178 687 3819 769">
     <span class='ocr_line' id='line_1_22' title="bbox 2178 687 3819 769; baseline -0.002 -21"><span class='ocrx_word' id='word_1_140' title='bbox 2178 691 2290 748; x_wconf 83' lang='grc' dir='ltr'>λῶν</span> <span class='ocrx_word' id='word_1_141' title='bbox 2317 694 2419 769; x_wconf 80' lang='grc' dir='ltr'>γὰρ</span> <span class='ocrx_word' id='word_1_142' title='bbox 2466 694 2555 748; x_wconf 84' lang='grc' dir='ltr'>καὶ</span> <span class='ocrx_word' id='word_1_143' title='bbox 2605 690 2788 747; x_wconf 79' lang='grc' dir='ltr'>δεινῶν</span> <span class='ocrx_word' id='word_1_144' title='bbox 2842 687 3036 764; x_wconf 69' lang='grc' dir='ltr'>ὅντων,</span> <span class='ocrx_word' id='word_1_145' title='bbox 3069 691 3151 769; x_wconf 82' lang='grc' dir='ltr'>ἐφ’</span> <span class='ocrx_word' id='word_1_146' title='bbox 3180 691 3263 753; x_wconf 75' lang='grc' dir='ltr'>οἷς</span> <span class='ocrx_word' id='word_1_147' title='bbox 3316 689 3520 752; x_wconf 69' lang='grc' dir='ltr'>ἐκεῖνος</span> <span class='ocrx_word' id='word_1_148' title='bbox 3552 691 3819 763; x_wconf 76' lang='grc' dir='ltr'>μισεῖσθαι</span> 
     </span>
    </p>
   </div>
   <div class='ocr_carea' id='block_1_23' title="bbox 2177 779 3820 856">
    <p class='ocr_par' dir='ltr' id='par_1_23' title="bbox 2177 779 3820 856">
     <span class='ocr_line' id='line_1_23' title="bbox 2177 779 3820 856; baseline -0.002 -19"><span class='ocrx_word' id='word_1_149' title='bbox 2177 779 2406 853; x_wconf 85' lang='grc' dir='ltr'>δίκαιος,</span> <span class='ocrx_word' id='word_1_150' title='bbox 2438 781 2537 838; x_wconf 79' lang='grc' dir='ltr'>οὐκ</span> <span class='ocrx_word' id='word_1_151' title='bbox 2566 779 2705 838; x_wconf 79' lang='grc' dir='ltr'>ἔστιν</span> <span class='ocrx_word' id='word_1_152' title='bbox 2739 781 2769 837; x_wconf 73' lang='grc' dir='ltr'>ὅ</span> <span class='ocrx_word' id='word_1_153' title='bbox 2797 804 2850 836; x_wconf 89' lang='grc' dir='ltr'>τι</span> <span class='ocrx_word' id='word_1_154' title='bbox 2899 779 3110 855; x_wconf 79' lang='grc' dir='ltr'>μᾶλλον</span> <span class='ocrx_word' id='word_1_155' title='bbox 3142 782 3177 849; x_wconf 71' lang='grc' dir='ltr'><strong>ἢ</strong></span> <span class='ocrx_word' id='word_1_156' title='bbox 3225 784 3387 836; x_wconf 82' lang='grc' dir='ltr'>τοῦτο</span> <span class='ocrx_word' id='word_1_157' title='bbox 3432 782 3820 856; x_wconf 72' lang='grc' dir='ltr'>παρανομήσας</span> 
     </span>
    </p>
   </div>
   <div class='ocr_carea' id='block_1_24' title="bbox 2175 867 3823 949">
    <p class='ocr_par' dir='ltr' id='par_1_24' title="bbox 2175 867 3823 949">
     <span class='ocr_line' id='line_1_24' title="bbox 2175 867 3823 949; baseline -0.002 -23"><span class='ocrx_word' id='word_1_158' title='bbox 2175 871 2436 949; x_wconf 79' lang='grc' dir='ltr'>φαίνεται.</span> <span class='ocrx_word' id='word_1_159' title='bbox 2493 872 2587 927; x_wconf 86' lang='grc' dir='ltr'>Καί</span> <span class='ocrx_word' id='word_1_160' title='bbox 2639 893 2733 945; x_wconf 85' lang='grc' dir='ltr'>μοι</span> <span class='ocrx_word' id='word_1_161' title='bbox 2781 868 3235 947; x_wconf 83' lang='grc' dir='ltr'>συναγανακτείτω</span> <span class='ocrx_word' id='word_1_162' title='bbox 3284 875 3387 931; x_wconf 80' lang='grc' dir='ltr'>πᾶς</span> <span class='ocrx_word' id='word_1_163' title='bbox 3436 867 3581 931; x_wconf 82' lang='grc' dir='ltr'>ὅστις</span> <span class='ocrx_word' id='word_1_164' title='bbox 3634 867 3823 945; x_wconf 77' lang='grc' dir='ltr'>λύγοις</span> 
     </span>
    </p>
   </div>
   <div class='ocr_carea' id='block_1_25' title="bbox 2174 956 3821 1037">
    <p class='ocr_par' dir='ltr' id='par_1_25' title="bbox 2174 956 3821 1037">
     <span class='ocr_line' id='line_1_25' title="bbox 2174 956 3821 1037; baseline -0.003 -21"><span class='ocrx_word' id='word_1_165' title='bbox 2174 961 2406 1037; x_wconf 83' lang='grc' dir='ltr'>χαίρων,</span> <span class='ocrx_word' id='word_1_166' title='bbox 2456 961 2546 1016; x_wconf 85' lang='grc' dir='ltr'>καὶ</span> <span class='ocrx_word' id='word_1_167' title='bbox 2591 965 2660 1035; x_wconf 81' lang='grc' dir='ltr'>τῇ</span> <span class='ocrx_word' id='word_1_168' title='bbox 2716 961 2881 1036; x_wconf 82' lang='grc' dir='ltr'>μοίρᾳ</span> <span class='ocrx_word' id='word_1_169' title='bbox 2927 960 3093 1034; x_wconf 79' lang='grc' dir='ltr'>ταύτῃ</span> <span class='ocrx_word' id='word_1_170' title='bbox 3140 956 3536 1036; x_wconf 73' lang='grc' dir='ltr'>προσκείμενος</span> <span class='ocrx_word' id='word_1_171' title='bbox 3578 960 3713 1032; x_wconf 87' lang='grc'>(86),</span> <span class='ocrx_word' id='word_1_172' title='bbox 3746 959 3821 1012; x_wconf 86' lang='grc' dir='ltr'>ὧν</span> 
     </span>
    </p>
   </div>
   <div class='ocr_carea' id='block_1_26' title="bbox 2175 1044 3823 1124">
    <p class='ocr_par' dir='ltr' id='par_1_26' title="bbox 2175 1044 3823 1124">
     <span class='ocr_line' id='line_1_26' title="bbox 2175 1044 3823 1124; baseline -0.001 -20"><span class='ocrx_word' id='word_1_173' title='bbox 2175 1052 2309 1105; x_wconf 84' lang='grc' dir='ltr'>εῖναι</span> <span class='ocrx_word' id='word_1_174' title='bbox 2365 1050 2455 1106; x_wconf 80' lang='grc' dir='ltr'>καὶ</span> <span class='ocrx_word' id='word_1_175' title='bbox 2512 1051 2672 1112; x_wconf 79' lang='grc' dir='ltr'>αὐτὸς</span> <span class='ocrx_word' id='word_1_176' title='bbox 2722 1050 2822 1105; x_wconf 79' lang='grc' dir='ltr'>οὐκ</span> <span class='ocrx_word' id='word_1_177' title='bbox 2869 1051 3198 1123; x_wconf 81' lang='grc' dir='ltr'>ἀρνήσομαι.</span> <span class='ocrx_word' id='word_1_178' title='bbox 3249 1047 3325 1102; x_wconf 79' lang='grc' dir='ltr'>Τὰ</span> <span class='ocrx_word' id='word_1_179' title='bbox 3376 1048 3469 1121; x_wconf 72' lang='grc' dir='ltr'>μὲν</span> <span class='ocrx_word' id='word_1_180' title='bbox 3524 1046 3628 1124; x_wconf 81' lang='grc' dir='ltr'>γὰρ</span> <span class='ocrx_word' id='word_1_181' title='bbox 3675 1044 3823 1102; x_wconf 76' lang='grc' dir='ltr'>ἄλλα</span> 
     </span>
    </p>
   </div>
   <div class='ocr_carea' id='block_1_27' title="bbox 2173 1132 3821 1215">
    <p class='ocr_par' dir='ltr' id='par_1_27' title="bbox 2173 1132 3821 1215">
     <span class='ocr_line' id='line_1_27' title="bbox 2173 1132 3821 1215; baseline -0.002 -21"><span class='ocrx_word' id='word_1_182' title='bbox 2173 1147 2394 1215; x_wconf 79' lang='grc' dir='ltr'>παρῆκα</span> <span class='ocrx_word' id='word_1_183' title='bbox 2437 1144 2555 1202; x_wconf 87' lang='grc' dir='ltr'>τοῖς</span> <span class='ocrx_word' id='word_1_184' title='bbox 2610 1137 2994 1213; x_wconf 74' lang='grc' dir='ltr'>βουλομένοις,</span> <span class='ocrx_word' id='word_1_185' title='bbox 3052 1135 3319 1209; x_wconf 80' lang='grc' dir='ltr'>πλοῦτον,</span> <span class='ocrx_word' id='word_1_186' title='bbox 3371 1134 3671 1212; x_wconf 81' lang='grc' dir='ltr'>εὐγένειαν,</span> <span class='ocrx_word' id='word_1_187' title='bbox 3732 1132 3821 1191; x_wconf 76' lang='grc' dir='ltr'>εὕ-</span> 
     </span>
    </p>
   </div>
   <div class='ocr_carea' id='block_1_28' title="bbox 2172 1224 3826 1302">
    <p class='ocr_par' dir='ltr' id='par_1_28' title="bbox 2172 1224 3826 1302">
     <span class='ocr_line' id='line_1_28' title="bbox 2172 1224 3826 1302; baseline -0.003 -18"><span class='ocrx_word' id='word_1_188' title='bbox 2172 1227 2376 1299; x_wconf 57' lang='grc' dir='ltr'>κλεεαν,</span> <span class='ocrx_word' id='word_1_189' title='bbox 2424 1227 2753 1298; x_wconf 84' lang='grc' dir='ltr'>δυναστείαν,</span> <span class='ocrx_word' id='word_1_190' title='bbox 2800 1229 2833 1283; x_wconf 73' lang='grc' dir='ltr'>ἃ</span> <span class='ocrx_word' id='word_1_191' title='bbox 2878 1231 2978 1297; x_wconf 77' lang='grc' dir='ltr'>τῆς</span> <span class='ocrx_word' id='word_1_192' title='bbox 3025 1226 3172 1282; x_wconf 84' lang='grc' dir='ltr'>κάτω</span> <span class='ocrx_word' id='word_1_193' title='bbox 3221 1231 3518 1302; x_wconf 79' lang='grc' dir='ltr'>περιφορᾶς</span> <span class='ocrx_word' id='word_1_194' title='bbox 3568 1224 3681 1281; x_wconf 76' lang='grc' dir='ltr'>ἐστι</span> <span class='ocrx_word' id='word_1_195' title='bbox 3731 1224 3826 1280; x_wconf 82' lang='grc' dir='ltr'>καὶ</span> 
     </span>
    </p>
   </div>
   <div class='ocr_carea' id='block_1_29' title="bbox 2172 1314 3821 1393">
    <p class='ocr_par' dir='ltr' id='par_1_29' title="bbox 2172 1314 3821 1393">
     <span class='ocr_line' id='line_1_29' title="bbox 2172 1314 3821 1393; baseline -0.003 -19"><span class='ocrx_word' id='word_1_196' title='bbox 2172 1316 2498 1391; x_wconf 83' lang='grc' dir='ltr'>ὀνειρώδους</span> <span class='ocrx_word' id='word_1_197' title='bbox 2524 1318 2787 1393; x_wconf 78' lang='grc' dir='ltr'>τέρψεως·</span> <span class='ocrx_word' id='word_1_198' title='bbox 2820 1322 2917 1372; x_wconf 77' lang='grc' dir='ltr'>τοῦ</span> <span class='ocrx_word' id='word_1_199' title='bbox 2948 1314 3117 1393; x_wconf 83' lang='grc' dir='ltr'>λόγου</span> <span class='ocrx_word' id='word_1_200' title='bbox 3149 1314 3208 1371; x_wconf 71' lang='grc' dir='ltr'>δὲ</span> <span class='ocrx_word' id='word_1_201' title='bbox 3254 1314 3583 1391; x_wconf 77' lang='grc' dir='ltr'>περιέχομαι</span> <span class='ocrx_word' id='word_1_202' title='bbox 3629 1314 3821 1387; x_wconf 86' lang='grc' dir='ltr'>μόνου·</span> 
     </span>
    </p>
   </div>
   <div class='ocr_carea' id='block_1_30' title="bbox 2170 1401 3822 1483">
    <p class='ocr_par' dir='ltr' id='par_1_30' title="bbox 2170 1401 3822 1483">
     <span class='ocr_line' id='line_1_30' title="bbox 2170 1401 3822 1483; baseline -0.002 -23"><span class='ocrx_word' id='word_1_203' title='bbox 2170 1404 2260 1460; x_wconf 81' lang='grc' dir='ltr'>καί</span> <span class='ocrx_word' id='word_1_204' title='bbox 2291 1406 2352 1459; x_wconf 84' lang='grc' dir='ltr'>οὐ</span> <span class='ocrx_word' id='word_1_205' title='bbox 2382 1404 2668 1483; x_wconf 76' lang='grc' dir='ltr'>μέμφομαι</span> <span class='ocrx_word' id='word_1_206' title='bbox 2717 1402 2994 1481; x_wconf 85' lang='grc' dir='ltr'>χερσαίοις</span> <span class='ocrx_word' id='word_1_207' title='bbox 3044 1424 3103 1458; x_wconf 80' lang='grc' dir='ltr'>τε</span> <span class='ocrx_word' id='word_1_208' title='bbox 3132 1402 3321 1464; x_wconf 86' lang='grc' dir='ltr'>πόνοις</span> <span class='ocrx_word' id='word_1_209' title='bbox 3365 1402 3454 1457; x_wconf 84' lang='grc' dir='ltr'>καὶ</span> <span class='ocrx_word' id='word_1_210' title='bbox 3486 1401 3822 1471; x_wconf 79' lang='grc' dir='ltr'>θαλασσίοις,</span> 
     </span>
    </p>
   </div>
   <div class='ocr_carea' id='block_1_31' title="bbox 2172 1490 3823 1570">
    <p class='ocr_par' dir='ltr' id='par_1_31' title="bbox 2172 1490 3823 1570">
     <span class='ocr_line' id='line_1_31' title="bbox 2172 1490 3823 1570; baseline -0.003 -20"><span class='ocrx_word' id='word_1_211' title='bbox 2172 1495 2225 1550; x_wconf 77' lang='grc' dir='ltr'>οἳ</span> <span class='ocrx_word' id='word_1_212' title='bbox 2277 1495 2505 1557; x_wconf 78' lang='grc' dir='ltr'>τούτους</span> <span class='ocrx_word' id='word_1_213' title='bbox 2562 1515 2654 1569; x_wconf 92' lang='grc' dir='ltr'>μοι</span> <span class='ocrx_word' id='word_1_214' title='bbox 2708 1493 3059 1570; x_wconf 87' lang='grc' dir='ltr'>συνεπόρισαν</span> <span class='ocrx_word' id='word_1_215' title='bbox 3111 1496 3247 1567; x_wconf 74' lang='lat'>(87).</span> <span class='ocrx_word' id='word_1_216' title='bbox 3308 1491 3467 1565; x_wconf 85' lang='grc' dir='ltr'>Ἐμοὶ</span> <span class='ocrx_word' id='word_1_217' title='bbox 3524 1495 3657 1566; x_wconf 75' lang='grc' dir='ltr'>γοῦν</span> <span class='ocrx_word' id='word_1_218' title='bbox 3712 1490 3823 1562; x_wconf 67' lang='grc' dir='ltr'>εἴη,</span> 
     </span>
    </p>
   </div>
   <div class='ocr_carea' id='block_1_32' title="bbox 2170 1581 3823 1663">
    <p class='ocr_par' dir='ltr' id='par_1_32' title="bbox 2170 1581 3823 1663">
     <span class='ocr_line' id='line_1_32' title="bbox 2170 1581 3823 1663; baseline -0.002 -23"><span class='ocrx_word' id='word_1_219' title='bbox 2170 1585 2261 1641; x_wconf 85' lang='grc' dir='ltr'>καὶ</span> <span class='ocrx_word' id='word_1_220' title='bbox 2290 1583 2436 1647; x_wconf 72' lang='grc' dir='ltr'>ὅστις</span> <span class='ocrx_word' id='word_1_221' title='bbox 2467 1584 2593 1658; x_wconf 84' lang='grc' dir='ltr'>ἐμοὶ</span> <span class='ocrx_word' id='word_1_222' title='bbox 2641 1581 2824 1663; x_wconf 79' lang='grc' dir='ltr'>φίλος,</span> <span class='ocrx_word' id='word_1_223' title='bbox 2875 1584 2936 1638; x_wconf 83' lang='grc' dir='ltr'>τὸ</span> <span class='ocrx_word' id='word_1_224' title='bbox 2986 1587 3092 1638; x_wconf 78' lang='grc' dir='ltr'>τῶν</span> <span class='ocrx_word' id='word_1_225' title='bbox 3148 1581 3333 1658; x_wconf 90' lang='grc' dir='ltr'>λόγων</span> <span class='ocrx_word' id='word_1_226' title='bbox 3382 1582 3580 1659; x_wconf 83' lang='grc' dir='ltr'>κράτος</span> <span class='ocrx_word' id='word_1_227' title='bbox 3792 1583 3823 1637; x_wconf 83' lang='grc' dir='ltr'>’ὁ</span> 
     </span>
    </p>
   </div>
   <div class='ocr_carea' id='block_1_33' title="bbox 2170 1670 3826 1752">
    <p class='ocr_par' dir='ltr' id='par_1_33' title="bbox 2170 1670 3826 1752">
     <span class='ocr_line' id='line_1_33' title="bbox 2170 1670 3826 1752; baseline -0.003 -22"><span class='ocrx_word' id='word_1_228' title='bbox 2170 1680 2386 1752; x_wconf 81' lang='grc' dir='ltr'>πρῶτον</span> <span class='ocrx_word' id='word_1_229' title='bbox 2419 1676 2553 1748; x_wconf 74' lang='grc' dir='ltr'>μετὰ</span> <span class='ocrx_word' id='word_1_230' title='bbox 2596 1674 2661 1728; x_wconf 88' lang='grc' dir='ltr'>τὸ</span> <span class='ocrx_word' id='word_1_231' title='bbox 2716 1678 2933 1748; x_wconf 80' lang='grc' dir='ltr'>πρῶτον</span> <span class='ocrx_word' id='word_1_232' title='bbox 2982 1672 3312 1747; x_wconf 81' lang='grc' dir='ltr'>ἠσπασάμην</span> <span class='ocrx_word' id='word_1_233' title='bbox 3361 1692 3421 1727; x_wconf 88' lang='grc' dir='ltr'>τε</span> <span class='ocrx_word' id='word_1_234' title='bbox 3446 1671 3537 1726; x_wconf 81' lang='grc' dir='ltr'>καὶ</span> <span class='ocrx_word' id='word_1_235' title='bbox 3579 1670 3826 1740; x_wconf 79' lang='grc' dir='ltr'>ἀσπάζο-</span> 
     </span>
    </p>
   </div>
   <div class='ocr_carea' id='block_1_34' title="bbox 2175 1759 3823 1839">
    <p class='ocr_par' dir='ltr' id='par_1_34' title="bbox 2175 1759 3823 1839">
     <span class='ocr_line' id='line_1_34' title="bbox 2175 1759 3823 1839; baseline -0.004 -19"><span class='ocrx_word' id='word_1_236' title='bbox 2175 1786 2291 1839; x_wconf 90' lang='grc' dir='ltr'>μαι,</span> <span class='ocrx_word' id='word_1_237' title='bbox 2319 1764 2388 1820; x_wconf 80' lang='grc' dir='ltr'>τὰ</span> <span class='ocrx_word' id='word_1_238' title='bbox 2416 1765 2530 1819; x_wconf 87' lang='grc' dir='ltr'>θεῖα</span> <span class='ocrx_word' id='word_1_239' title='bbox 2579 1761 2750 1838; x_wconf 83' lang='grc' dir='ltr'>λέγω,</span> <span class='ocrx_word' id='word_1_240' title='bbox 2796 1762 2888 1818; x_wconf 85' lang='grc' dir='ltr'>καὶ</span> <span class='ocrx_word' id='word_1_241' title='bbox 2936 1762 3033 1825; x_wconf 77' lang='grc' dir='ltr'>τὰς</span> <span class='ocrx_word' id='word_1_242' title='bbox 3077 1759 3178 1833; x_wconf 76' lang='grc' dir='ltr'>ἔξω</span> <span class='ocrx_word' id='word_1_243' title='bbox 3224 1764 3341 1833; x_wconf 92' lang='grc'>(89)</span> <span class='ocrx_word' id='word_1_244' title='bbox 3368 1764 3476 1816; x_wconf 82' lang='grc' dir='ltr'>τῶν</span> <span class='ocrx_word' id='word_1_245' title='bbox 3526 1760 3823 1835; x_wconf 74' lang='grc' dir='ltr'>ὁρωμένων</span> 
     </span>
    </p>
   </div>
   <div class='ocr_carea' id='block_1_35' title="bbox 2172 1850 3830 1925">
    <p class='ocr_par' dir='ltr' id='par_1_35' title="bbox 2172 1850 3830 1925">
     <span class='ocr_line' id='line_1_35' title="bbox 2172 1850 3830 1925; baseline -0.003 -15"><span class='ocrx_word' id='word_1_246' title='bbox 2172 1851 2419 1916; x_wconf 76' lang='grc' dir='ltr'>ἐλπίδας.</span> <span class='ocrx_word' id='word_1_247' title='bbox 2468 1857 2629 1908; x_wconf 80' lang='grc' dir='ltr'>’Ὠστε</span> <span class='ocrx_word' id='word_1_248' title='bbox 2678 1854 2725 1907; x_wconf 82' lang='grc' dir='ltr'>εἰ</span> <span class='ocrx_word' id='word_1_249' title='bbox 2770 1854 2831 1907; x_wconf 84' lang='grc' dir='ltr'>τὸ</span> <span class='ocrx_word' id='word_1_250' title='bbox 2877 1850 3079 1907; x_wconf 78' lang='grc' dir='ltr'>οἲκεῖον</span> <span class='ocrx_word' id='word_1_251' title='bbox 3129 1853 3242 1925; x_wconf 93' lang='grc'>(90)</span> <span class='ocrx_word' id='word_1_252' title='bbox 3292 1850 3465 1919; x_wconf 79' lang='grc' dir='ltr'>πιέζει</span> <span class='ocrx_word' id='word_1_253' title='bbox 3513 1856 3641 1920; x_wconf 78' lang='grc' dir='ltr'>πᾶν,</span> <span class='ocrx_word' id='word_1_254' title='bbox 3690 1850 3830 1905; x_wconf 77' lang='grc' dir='ltr'>κατὰ</span> 
     </span>
    </p>
   </div>
   <div class='ocr_carea' id='block_1_36' title="bbox 408 1938 2071 2018">
    <p class='ocr_par' dir='ltr' id='par_1_36' title="bbox 408 1944 2064 2017">
     <span class='ocr_line' id='line_1_36' title="bbox 408 1944 2064 2017; baseline 0.001 -17"><span class='ocrx_word' id='word_1_255' title='bbox 408 1945 577 2015; x_wconf 90' lang='lat' dir='ltr'>meis,</span> <span class='ocrx_word' id='word_1_256' title='bbox 614 1961 955 2000; x_wconf 89' lang='lat' dir='ltr'>sermonum</span> <span class='ocrx_word' id='word_1_257' title='bbox 988 1945 1167 1999; x_wconf 83' lang='lat' dir='ltr'>robur</span> <span class='ocrx_word' id='word_1_258' title='bbox 1197 1944 1350 2000; x_wconf 87' lang='lat' dir='ltr'>adsit</span> <span class='ocrx_word' id='word_1_259' title='bbox 1382 1961 1395 1999; x_wconf 89' lang='lat'><strong>:</strong></span> <span class='ocrx_word' id='word_1_260' title='bbox 1431 1944 1586 2015; x_wconf 92' lang='lat' dir='ltr'>quod</span> <span class='ocrx_word' id='word_1_261' title='bbox 1619 1944 1898 2016; x_wconf 91' lang='lat' dir='ltr'>primum,</span> <span class='ocrx_word' id='word_1_262' title='bbox 1931 1949 2064 2017; x_wconf 89' lang='lat' dir='ltr'>post</span> 
     </span>
    </p>
   </div>
   <div class='ocr_carea' id='block_1_37' title="bbox 2189 1938 3822 2018">
    <p class='ocr_par' dir='ltr' id='par_1_37' title="bbox 2189 1938 3822 2018">
     <span class='ocr_line' id='line_1_37' title="bbox 2189 1938 3822 2018; baseline -0.002 -21"><span class='ocrx_word' id='word_1_263' title='bbox 2189 1942 2474 2015; x_wconf 66' lang='grc' dir='ltr'>Πίνδαρον,</span> <span class='ocrx_word' id='word_1_264' title='bbox 2523 1942 2815 2018; x_wconf 85' lang='grc' dir='ltr'>ἀναγκαῖος</span> <span class='ocrx_word' id='word_1_265' title='bbox 2865 1942 2893 1995; x_wconf 89' lang='grc' dir='ltr'><strong>ὁ</strong></span> <span class='ocrx_word' id='word_1_266' title='bbox 2940 1942 3064 2015; x_wconf 87' lang='grc' dir='ltr'>περὶ</span> <span class='ocrx_word' id='word_1_267' title='bbox 3116 1939 3325 1995; x_wconf 79' lang='grc' dir='ltr'>τούτων</span> <span class='ocrx_word' id='word_1_268' title='bbox 3386 1938 3582 2015; x_wconf 81' lang='grc' dir='ltr'>ἔμοιγε</span> <span class='ocrx_word' id='word_1_269' title='bbox 3630 1938 3822 2015; x_wconf 83' lang='grc' dir='ltr'>λόγος·</span> 
     </span>
    </p>
   </div>
   <div class='ocr_carea' id='block_1_38' title="bbox 409 2026 2071 2106">
    <p class='ocr_par' dir='ltr' id='par_1_38' title="bbox 409 2033 2071 2106">
     <span class='ocr_line' id='line_1_38' title="bbox 409 2033 2071 2106; baseline 0.001 -18"><span class='ocrx_word' id='word_1_270' title='bbox 409 2034 468 2089; x_wconf 93' lang='lat' dir='ltr'>id</span> <span class='ocrx_word' id='word_1_271' title='bbox 499 2035 656 2105; x_wconf 89' lang='lat' dir='ltr'>quod</span> <span class='ocrx_word' id='word_1_272' title='bbox 681 2034 941 2105; x_wconf 91' lang='lat' dir='ltr'>primum</span> <span class='ocrx_word' id='word_1_273' title='bbox 967 2038 1075 2101; x_wconf 91' lang='lat' dir='ltr'>est,</span> <span class='ocrx_word' id='word_1_274' title='bbox 1100 2033 1465 2106; x_wconf 84' lang='lat' dir='ltr'>amplexatus</span> <span class='ocrx_word' id='word_1_275' title='bbox 1498 2050 1652 2102; x_wconf 89' lang='lat' dir='ltr'>sum,</span> <span class='ocrx_word' id='word_1_276' title='bbox 1677 2039 1850 2106; x_wconf 89' lang='lat' dir='ltr'>atque</span> <span class='ocrx_word' id='word_1_277' title='bbox 1871 2034 2071 2090; x_wconf 87' lang='lat' dir='ltr'>etiam-</span> 
     </span>
    </p>
   </div>
   <div class='ocr_carea' id='block_1_39' title="bbox 2189 2026 3828 2106">
    <p class='ocr_par' dir='ltr' id='par_1_39' title="bbox 2189 2026 3828 2104">
     <span class='ocr_line' id='line_1_39' title="bbox 2189 2026 3828 2104; baseline -0.002 -17"><span class='ocrx_word' id='word_1_278' title='bbox 2189 2033 2267 2087; x_wconf 77' lang='grc' dir='ltr'>ιιαὶ</span> <span class='ocrx_word' id='word_1_279' title='bbox 2303 2031 2540 2104; x_wconf 84' lang='grc' dir='ltr'>μάλιστα</span> <span class='ocrx_word' id='word_1_280' title='bbox 2587 2028 2817 2100; x_wconf 79' lang='grc' dir='ltr'>δίκαιον,</span> <span class='ocrx_word' id='word_1_281' title='bbox 2866 2030 2941 2092; x_wconf 89' lang='grc' dir='ltr'>ὡς</span> <span class='ocrx_word' id='word_1_282' title='bbox 2982 2029 3083 2084; x_wconf 80' lang='grc' dir='ltr'>οὐκ</span> <span class='ocrx_word' id='word_1_283' title='bbox 3128 2026 3233 2083; x_wconf 74' lang='grc' dir='ltr'>οἶδ’</span> <span class='ocrx_word' id='word_1_284' title='bbox 3264 2026 3318 2083; x_wconf 82' lang='grc' dir='ltr'>εἷ’</span> <span class='ocrx_word' id='word_1_285' title='bbox 3355 2049 3407 2083; x_wconf 91' lang='grc' dir='ltr'>τι</span> <span class='ocrx_word' id='word_1_286' title='bbox 3438 2032 3547 2084; x_wconf 77' lang='grc' dir='ltr'>τῶν</span> <span class='ocrx_word' id='word_1_287' title='bbox 3580 2030 3696 2103; x_wconf 71' lang='grc'>(91)</span> <span class='ocrx_word' id='word_1_288' title='bbox 3732 2028 3828 2084; x_wconf 78' lang='grc' dir='ltr'>ἂλ-</span> 
     </span>
    </p>
   </div>
   <div class='ocr_carea' id='block_1_40' title="bbox 412 2115 2071 2196">
    <p class='ocr_par' dir='ltr' id='par_1_40' title="bbox 412 2122 2071 2196">
     <span class='ocr_line' id='line_1_40' title="bbox 412 2122 2071 2196; baseline 0.001 -17"><span class='ocrx_word' id='word_1_289' title='bbox 412 2139 557 2179; x_wconf 89' lang='lat' dir='ltr'>num</span> <span class='ocrx_word' id='word_1_290' title='bbox 613 2122 932 2194; x_wconf 84' lang='lat' dir='ltr'>amplexor,</span> <span class='ocrx_word' id='word_1_291' title='bbox 967 2123 1076 2179; x_wconf 90' lang='lat' dir='ltr'>hoc</span> <span class='ocrx_word' id='word_1_292' title='bbox 1132 2128 1241 2191; x_wconf 90' lang='lat' dir='ltr'>est,</span> <span class='ocrx_word' id='word_1_293' title='bbox 1293 2126 1425 2196; x_wconf 84' lang='lat' dir='ltr'>post</span> <span class='ocrx_word' id='word_1_294' title='bbox 1475 2124 1693 2195; x_wconf 88' lang='lat' dir='ltr'>divina,</span> <span class='ocrx_word' id='word_1_295' title='bbox 1725 2129 1781 2178; x_wconf 91' lang='lat' dir='ltr'>et</span> <span class='ocrx_word' id='word_1_296' title='bbox 1833 2139 1968 2195; x_wconf 89' lang='lat' dir='ltr'>spes</span> <span class='ocrx_word' id='word_1_297' title='bbox 1999 2126 2071 2180; x_wconf 87' lang='lat' dir='ltr'>ab</span> 
     </span>
    </p>
   </div>
   <div class='ocr_carea' id='block_1_41' title="bbox 2189 2115 3825 2196">
    <p class='ocr_par' dir='ltr' id='par_1_41' title="bbox 2189 2115 3825 2196">
     <span class='ocr_line' id='line_1_41' title="bbox 2189 2115 3825 2196; baseline -0.003 -20"><span class='ocrx_word' id='word_1_298' title='bbox 2189 2122 2318 2189; x_wconf 88' lang='grc' dir='ltr'>λων,</span> <span class='ocrx_word' id='word_1_299' title='bbox 2367 2116 2523 2195; x_wconf 85' lang='grc' dir='ltr'>λόγῳ</span> <span class='ocrx_word' id='word_1_300' title='bbox 2569 2122 2671 2191; x_wconf 78' lang='grc' dir='ltr'>τὴν</span> <span class='ocrx_word' id='word_1_301' title='bbox 2725 2120 2856 2196; x_wconf 70' lang='grc' dir='ltr'>ὑπὲρ</span> <span class='ocrx_word' id='word_1_302' title='bbox 2908 2118 3086 2195; x_wconf 88' lang='grc' dir='ltr'>λόγων</span> <span class='ocrx_word' id='word_1_303' title='bbox 3131 2120 3292 2195; x_wconf 83' lang='grc' dir='ltr'>χάριν</span> <span class='ocrx_word' id='word_1_304' title='bbox 3342 2115 3658 2174; x_wconf 76' lang='grc' dir='ltr'>ἀποδιδόναι</span> <span class='ocrx_word' id='word_1_305' title='bbox 3707 2121 3825 2179; x_wconf 85' lang='grc' dir='ltr'>τοῖς</span> 
     </span>
    </p>
   </div>
   <div class='ocr_carea' id='block_1_42' title="bbox 412 2210 2392 2287">
    <p class='ocr_par' dir='ltr' id='par_1_42' title="bbox 412 2210 2392 2287">
     <span class='ocr_line' id='line_1_42' title="bbox 412 2210 2392 2287; baseline -0.002 -19"><span class='ocrx_word' id='word_1_306' title='bbox 412 2211 718 2268; x_wconf 87' lang='lat' dir='ltr'>oculorum</span> <span class='ocrx_word' id='word_1_307' title='bbox 745 2212 1019 2268; x_wconf 82' lang='lat' dir='ltr'>sensibus</span> <span class='ocrx_word' id='word_1_308' title='bbox 1041 2216 1315 2268; x_wconf 84' lang='lat' dir='ltr'>remotas.</span> <span class='ocrx_word' id='word_1_309' title='bbox 1342 2213 1550 2284; x_wconf 88' lang='lat' dir='ltr'>Quare,</span> <span class='ocrx_word' id='word_1_310' title='bbox 1574 2212 1622 2268; x_wconf 89' lang='lat' dir='ltr'>si</span> <span class='ocrx_word' id='word_1_311' title='bbox 1646 2229 1753 2269; x_wconf 86' lang='lat' dir='ltr'>sua</span> <span class='ocrx_word' id='word_1_312' title='bbox 1779 2229 2073 2285; x_wconf 92' lang='lat' dir='ltr'>quemque</span> <span class='ocrx_word' id='word_1_313' title='bbox 2180 2210 2392 2287; x_wconf 81' lang='grc' dir='ltr'>λόγοις.</span> 
     </span>
    </p>
   </div>
   <div class='ocr_carea' id='block_1_43' title="bbox 412 2297 3826 2374">
    <p class='ocr_par' dir='ltr' id='par_1_43' title="bbox 412 2297 3826 2374">
     <span class='ocr_line' id='line_1_43' title="bbox 412 2297 3826 2374; baseline -0.001 -19"><span class='ocrx_word' id='word_1_314' title='bbox 412 2304 710 2374; x_wconf 89' lang='lat' dir='ltr'>premunt,</span> <span class='ocrx_word' id='word_1_315' title='bbox 745 2304 811 2355; x_wconf 90' lang='lat' dir='ltr'>ut</span> <span class='ocrx_word' id='word_1_316' title='bbox 841 2304 929 2356; x_wconf 87' lang='lat' dir='ltr'>est</span> <span class='ocrx_word' id='word_1_317' title='bbox 959 2302 1111 2372; x_wconf 87' lang='lat' dir='ltr'>apud</span> <span class='ocrx_word' id='word_1_318' title='bbox 1147 2302 1481 2373; x_wconf 86' lang='lat' dir='ltr'>Pindarum,</span> <span class='ocrx_word' id='word_1_319' title='bbox 1518 2302 1661 2357; x_wconf 80' lang='lat' dir='ltr'>mihi</span> <span class='ocrx_word' id='word_1_320' title='bbox 1694 2304 1931 2373; x_wconf 90' lang='lat' dir='ltr'>quidem</span> <span class='ocrx_word' id='word_1_321' title='bbox 1961 2305 2115 2359; x_wconf 87' lang='lat' dir='ltr'>certe</span> <span class='ocrx_word' id='word_1_322' title='bbox 2145 2303 2217 2358; x_wconf 90' lang='lat' dir='ltr'>de</span> <span class='ocrx_word' id='word_1_323' title='bbox 2257 2302 2351 2359; x_wconf 91' lang='lat' dir='ltr'>his</span> <span class='ocrx_word' id='word_1_324' title='bbox 2396 2316 2726 2358; x_wconf 87' lang='lat' dir='ltr'>sermonem</span> <span class='ocrx_word' id='word_1_325' title='bbox 2757 2299 2971 2356; x_wconf 73' lang='lat' dir='ltr'>habere</span> <span class='ocrx_word' id='word_1_326' title='bbox 3001 2312 3240 2355; x_wconf 85' lang='lat' dir='ltr'>necesse</span> <span class='ocrx_word' id='word_1_327' title='bbox 3269 2301 3358 2354; x_wconf 83' lang='lat' dir='ltr'>est</span> <span class='ocrx_word' id='word_1_328' title='bbox 3388 2315 3403 2355; x_wconf 89' lang='lat'><strong>:</strong></span> <span class='ocrx_word' id='word_1_329' title='bbox 3434 2297 3826 2371; x_wconf 83' lang='lat' dir='ltr'>maximeque,</span> 
     </span>
    </p>
   </div>
   <div class='ocr_carea' id='block_1_44' title="bbox 412 2387 3831 2465">
    <p class='ocr_par' dir='ltr' id='par_1_44' title="bbox 412 2387 3831 2465">
     <span class='ocr_line' id='line_1_44' title="bbox 412 2387 3831 2465; baseline -0.001 -20"><span class='ocrx_word' id='word_1_330' title='bbox 412 2394 479 2446; x_wconf 90' lang='lat' dir='ltr'>ut</span> <span class='ocrx_word' id='word_1_331' title='bbox 509 2390 666 2446; x_wconf 89' lang='lat' dir='ltr'>haud</span> <span class='ocrx_word' id='word_1_332' title='bbox 698 2390 883 2446; x_wconf 89' lang='lat' dir='ltr'>sciam</span> <span class='ocrx_word' id='word_1_333' title='bbox 914 2408 987 2447; x_wconf 91' lang='lat' dir='ltr'>an</span> <span class='ocrx_word' id='word_1_334' title='bbox 1020 2391 1341 2463; x_wconf 89' lang='lat' dir='ltr'>quidquam</span> <span class='ocrx_word' id='word_1_335' title='bbox 1390 2392 1571 2458; x_wconf 89' lang='lat' dir='ltr'>aliud,</span> <span class='ocrx_word' id='word_1_336' title='bbox 1607 2408 1841 2463; x_wconf 74' lang='lat' dir='ltr'>aequum</span> <span class='ocrx_word' id='word_1_337' title='bbox 1872 2396 1979 2464; x_wconf 90' lang='lat' dir='ltr'>est,</span> <span class='ocrx_word' id='word_1_338' title='bbox 2011 2392 2284 2450; x_wconf 78' lang='lat' dir='ltr'>instituta</span> <span class='ocrx_word' id='word_1_339' title='bbox 2326 2409 2431 2465; x_wconf 92' lang='lat' dir='ltr'>pro</span> <span class='ocrx_word' id='word_1_340' title='bbox 2462 2391 2831 2448; x_wconf 87' lang='lat' dir='ltr'>sermonibus</span> <span class='ocrx_word' id='word_1_341' title='bbox 2862 2388 3122 2446; x_wconf 86' lang='lat' dir='ltr'>oratione</span> <span class='ocrx_word' id='word_1_342' title='bbox 3152 2388 3403 2462; x_wconf 77' lang='lat' dir='ltr'>gratiam</span> <span class='ocrx_word' id='word_1_343' title='bbox 3455 2387 3831 2445; x_wconf 83' lang='lat' dir='ltr'>sermonibus</span> 
     </span>
    </p>
   </div>
   <div class='ocr_carea' id='block_1_45' title="bbox 405 2480 641 2537">
    <p class='ocr_par' dir='ltr' id='par_1_45' title="bbox 405 2480 641 2537">
     <span class='ocr_line' id='line_1_45' title="bbox 405 2480 641 2537; baseline -0.004 -1"><span class='ocrx_word' id='word_1_344' title='bbox 405 2480 641 2537; x_wconf 80' lang='lat' dir='ltr'>referre.</span> 
     </span>
    </p>
   </div>
   <div class='ocr_carea' id='block_1_46' title="bbox 474 2588 2067 2662">
    <p class='ocr_par' dir='ltr' id='par_1_46' title="bbox 474 2588 2067 2662">
     <span class='ocr_line' id='line_1_46' title="bbox 474 2588 2067 2662; baseline 0.001 -15"><span class='ocrx_word' id='word_1_345' title='bbox 474 2589 563 2647; x_wconf 89' lang='lat' dir='ltr'>CI.</span> <span class='ocrx_word' id='word_1_346' title='bbox 598 2590 763 2646; x_wconf 91' lang='lat' dir='ltr'>Unde</span> <span class='ocrx_word' id='word_1_347' title='bbox 796 2588 977 2662; x_wconf 81' lang='lat' dir='ltr'>igitur</span> <span class='ocrx_word' id='word_1_348' title='bbox 1007 2589 1117 2647; x_wconf 91' lang='lat' dir='ltr'>hoc</span> <span class='ocrx_word' id='word_1_349' title='bbox 1155 2590 1261 2646; x_wconf 88' lang='lat' dir='ltr'>tibi</span> <span class='ocrx_word' id='word_1_350' title='bbox 1302 2590 1361 2645; x_wconf 91' lang='lat' dir='ltr'>in</span> <span class='ocrx_word' id='word_1_351' title='bbox 1393 2594 1652 2647; x_wconf 89' lang='lat' dir='ltr'>mentem</span> <span class='ocrx_word' id='word_1_352' title='bbox 1682 2591 1860 2657; x_wconf 89' lang='lat' dir='ltr'>venit,</span> <span class='ocrx_word' id='word_1_353' title='bbox 1892 2590 2067 2648; x_wconf 91' lang='lat' dir='ltr'>homo</span> 
     </span>
    </p>
   </div>
   <div class='ocr_carea' id='block_1_47' title="bbox 412 2678 2069 2751">
    <p class='ocr_par' dir='ltr' id='par_1_47' title="bbox 412 2678 2069 2751">
     <span class='ocr_line' id='line_1_47' title="bbox 412 2678 2069 2751; baseline 0 -16"><span class='ocrx_word' id='word_1_354' title='bbox 412 2679 679 2735; x_wconf 92' lang='lat' dir='ltr'>omnium</span> <span class='ocrx_word' id='word_1_355' title='bbox 712 2678 1007 2735; x_wconf 91' lang='lat' dir='ltr'>levissime</span> <span class='ocrx_word' id='word_1_356' title='bbox 1030 2684 1086 2734; x_wconf 90' lang='lat' dir='ltr'>et</span> <span class='ocrx_word' id='word_1_357' title='bbox 1117 2678 1663 2751; x_wconf 80' lang='lat' dir='ltr'>inexplebilissime,</span> <span class='ocrx_word' id='word_1_358' title='bbox 1685 2685 1749 2736; x_wconf 90' lang='lat' dir='ltr'>ut</span> <span class='ocrx_word' id='word_1_359' title='bbox 1770 2696 2069 2737; x_wconf 88' lang='lat' dir='ltr'>sermones</span> 
     </span>
    </p>
   </div>
   <div class='ocr_carea' id='block_1_48' title="bbox 408 2768 2069 2841">
    <p class='ocr_par' dir='ltr' id='par_1_48' title="bbox 408 2768 2069 2841">
     <span class='ocr_line' id='line_1_48' title="bbox 408 2768 2069 2841; baseline -0.001 -16"><span class='ocrx_word' id='word_1_360' title='bbox 408 2768 760 2826; x_wconf 88' lang='lat' dir='ltr'>Christianis</span> <span class='ocrx_word' id='word_1_361' title='bbox 809 2768 1064 2841; x_wconf 89' lang='lat' dir='ltr'>eriperes</span> <span class='ocrx_word' id='word_1_362' title='bbox 1092 2773 1114 2823; x_wconf 74' lang='grc' dir='ltr'><strong><em>Ρ</em></strong></span> <span class='ocrx_word' id='word_1_363' title='bbox 1142 2768 1252 2825; x_wconf 89' lang='lat' dir='ltr'>hoc</span> <span class='ocrx_word' id='word_1_364' title='bbox 1294 2768 1449 2824; x_wconf 89' lang='lat' dir='ltr'>enim</span> <span class='ocrx_word' id='word_1_365' title='bbox 1481 2785 1549 2825; x_wconf 88' lang='lat' dir='ltr'>ex</span> <span class='ocrx_word' id='word_1_366' title='bbox 1578 2786 1778 2826; x_wconf 90' lang='lat' dir='ltr'>eorum</span> <span class='ocrx_word' id='word_1_367' title='bbox 1825 2785 2069 2825; x_wconf 91' lang='lat' dir='ltr'>numero</span> 
     </span>
    </p>
   </div>
   <div class='ocr_carea' id='block_1_49' title="bbox 411 2858 2071 2931">
    <p class='ocr_par' dir='ltr' id='par_1_49' title="bbox 411 2858 2071 2931">
     <span class='ocr_line' id='line_1_49' title="bbox 411 2858 2071 2931; baseline -0.001 -16"><span class='ocrx_word' id='word_1_368' title='bbox 411 2863 558 2928; x_wconf 89' lang='lat' dir='ltr'>erat,</span> <span class='ocrx_word' id='word_1_369' title='bbox 578 2875 705 2930; x_wconf 72' lang='lat' dir='ltr'>quae</span> <span class='ocrx_word' id='word_1_370' title='bbox 745 2875 860 2914; x_wconf 92' lang='lat' dir='ltr'>non</span> <span class='ocrx_word' id='word_1_371' title='bbox 893 2859 951 2913; x_wconf 92' lang='lat' dir='ltr'>in</span> <span class='ocrx_word' id='word_1_372' title='bbox 983 2858 1162 2915; x_wconf 88' lang='lat' dir='ltr'>minis</span> <span class='ocrx_word' id='word_1_373' title='bbox 1192 2860 1399 2929; x_wconf 89' lang='lat' dir='ltr'>posita,</span> <span class='ocrx_word' id='word_1_374' title='bbox 1436 2860 1535 2914; x_wconf 89' lang='lat' dir='ltr'>sed</span> <span class='ocrx_word' id='word_1_375' title='bbox 1577 2861 1704 2931; x_wconf 83' lang='lat' dir='ltr'>jam</span> <span class='ocrx_word' id='word_1_376' title='bbox 1754 2860 1985 2915; x_wconf 88' lang='lat' dir='ltr'>decreta</span> <span class='ocrx_word' id='word_1_377' title='bbox 2014 2860 2071 2913; x_wconf 90' lang='lat' dir='ltr'>et</span> 
     </span>
    </p>
   </div>
   <div class='ocr_carea' id='block_1_50' title="bbox 410 2947 2071 3020">
    <p class='ocr_par' dir='ltr' id='par_1_50' title="bbox 410 2947 2071 3020">
     <span class='ocr_line' id='line_1_50' title="bbox 410 2947 2071 3020; baseline -0.001 -17"><span class='ocrx_word' id='word_1_378' title='bbox 410 2947 539 3020; x_wconf 88' lang='lat' dir='ltr'>lege</span> <span class='ocrx_word' id='word_1_379' title='bbox 588 2948 814 3005; x_wconf 89' lang='lat' dir='ltr'>sancita</span> <span class='ocrx_word' id='word_1_380' title='bbox 872 2951 1057 3003; x_wconf 88' lang='lat' dir='ltr'>erant.</span> <span class='ocrx_word' id='word_1_381' title='bbox 1084 2948 1271 3018; x_wconf 89' lang='lat' dir='ltr'>Unde,</span> <span class='ocrx_word' id='word_1_382' title='bbox 1296 2952 1355 3003; x_wconf 91' lang='lat' dir='ltr'>et</span> <span class='ocrx_word' id='word_1_383' title='bbox 1395 2964 1512 3019; x_wconf 89' lang='lat' dir='ltr'>qua</span> <span class='ocrx_word' id='word_1_384' title='bbox 1562 2965 1629 3004; x_wconf 84' lang='lat' dir='ltr'>ex</span> <span class='ocrx_word' id='word_1_385' title='bbox 1678 2949 1899 3005; x_wconf 85' lang='lat' dir='ltr'>causa?</span> <span class='ocrx_word' id='word_1_386' title='bbox 1930 2947 2071 3012; x_wconf 86' lang='lat' dir='ltr'>Quis</span> 
     </span>
    </p>
   </div>
   <div class='ocr_carea' id='block_1_51' title="bbox 412 3037 2075 3109">
    <p class='ocr_par' dir='ltr' id='par_1_51' title="bbox 412 3037 2075 3109">
     <span class='ocr_line' id='line_1_51' title="bbox 412 3037 2075 3109; baseline 0 -17"><span class='ocrx_word' id='word_1_387' title='bbox 412 3037 641 3109; x_wconf 88' lang='lat' dir='ltr'>logicus</span> <span class='ocrx_word' id='word_1_388' title='bbox 669 3038 1016 3104; x_wconf 89' lang='lat' dir='ltr'>Mercurius,</span> <span class='ocrx_word' id='word_1_389' title='bbox 1044 3042 1110 3092; x_wconf 92' lang='lat' dir='ltr'>ut</span> <span class='ocrx_word' id='word_1_390' title='bbox 1140 3038 1265 3109; x_wconf 90' lang='lat' dir='ltr'>ipse</span> <span class='ocrx_word' id='word_1_391' title='bbox 1296 3038 1532 3108; x_wconf 88' lang='lat' dir='ltr'>dixeris,</span> <span class='ocrx_word' id='word_1_392' title='bbox 1554 3038 1662 3093; x_wconf 91' lang='lat' dir='ltr'>hoc</span> <span class='ocrx_word' id='word_1_393' title='bbox 1692 3038 1798 3094; x_wconf 90' lang='lat' dir='ltr'>tibi</span> <span class='ocrx_word' id='word_1_394' title='bbox 1830 3038 1889 3093; x_wconf 90' lang='lat' dir='ltr'>in</span> <span class='ocrx_word' id='word_1_395' title='bbox 1914 3054 2075 3094; x_wconf 87' lang='lat' dir='ltr'>men-</span> 
     </span>
    </p>
   </div>
   <div class='ocr_carea' id='block_1_52' title="bbox 410 3126 2075 3199">
    <p class='ocr_par' dir='ltr' id='par_1_52' title="bbox 410 3126 2075 3199">
     <span class='ocr_line' id='line_1_52' title="bbox 410 3126 2075 3199; baseline -0.001 -16"><span class='ocrx_word' id='word_1_396' title='bbox 410 3131 528 3183; x_wconf 86' lang='lat' dir='ltr'>tem</span> <span class='ocrx_word' id='word_1_397' title='bbox 554 3126 848 3183; x_wconf 84' lang='lat' dir='ltr'>immisit?</span> <span class='ocrx_word' id='word_1_398' title='bbox 876 3126 985 3190; x_wconf 87' lang='lat' dir='ltr'>Qui</span> <span class='ocrx_word' id='word_1_399' title='bbox 1014 3131 1172 3199; x_wconf 89' lang='lat' dir='ltr'>pravi</span> <span class='ocrx_word' id='word_1_400' title='bbox 1207 3126 1536 3194; x_wconf 81' lang='lat' dir='ltr'>Telchines,</span> <span class='ocrx_word' id='word_1_401' title='bbox 1557 3131 1613 3183; x_wconf 91' lang='lat' dir='ltr'>et</span> <span class='ocrx_word' id='word_1_402' title='bbox 1642 3127 1845 3182; x_wconf 91' lang='lat' dir='ltr'>invidii</span> <span class='ocrx_word' id='word_1_403' title='bbox 1868 3128 2075 3183; x_wconf 70' lang='lat' dir='ltr'>deamo-</span> 
     </span>
    </p>
   </div>
   <div class='ocr_carea' id='block_1_53' title="bbox 411 3213 2072 3287">
    <p class='ocr_par' dir='ltr' id='par_1_53' title="bbox 411 3213 2072 3287">
     <span class='ocr_line' id='line_1_53' title="bbox 411 3213 2072 3287; baseline 0.001 -16"><span class='ocrx_word' id='word_1_404' title='bbox 411 3215 561 3271; x_wconf 85' lang='lat' dir='ltr'>nes?</span> <span class='ocrx_word' id='word_1_405' title='bbox 612 3216 671 3269; x_wconf 92' lang='lat' dir='ltr'>Si</span> <span class='ocrx_word' id='word_1_406' title='bbox 714 3213 928 3286; x_wconf 86' lang='lat' dir='ltr'>placet,</span> <span class='ocrx_word' id='word_1_407' title='bbox 961 3215 1141 3285; x_wconf 85' lang='lat' dir='ltr'>hujus</span> <span class='ocrx_word' id='word_1_408' title='bbox 1173 3232 1405 3287; x_wconf 92' lang='lat' dir='ltr'>quoque</span> <span class='ocrx_word' id='word_1_409' title='bbox 1453 3216 1533 3271; x_wconf 87' lang='lat' dir='ltr'>rei</span> <span class='ocrx_word' id='word_1_410' title='bbox 1584 3233 1822 3272; x_wconf 89' lang='lat' dir='ltr'>causam</span> <span class='ocrx_word' id='word_1_411' title='bbox 1873 3215 2072 3272; x_wconf 73' lang='lat' dir='ltr'>affere-</span> 
     </span>
    </p>
   </div>
   <div class='ocr_carea' id='block_1_54' title="bbox 418 3305 2074 3378">
    <p class='ocr_par' dir='ltr' id='par_1_54' title="bbox 418 3305 2074 3378">
     <span class='ocr_line' id='line_1_54' title="bbox 418 3305 2074 3378; baseline -0.001 -16"><span class='ocrx_word' id='word_1_412' title='bbox 418 3322 573 3362; x_wconf 92' lang='lat' dir='ltr'>mus.</span> <span class='ocrx_word' id='word_1_413' title='bbox 606 3305 901 3360; x_wconf 88' lang='lat' dir='ltr'>Nimirum</span> <span class='ocrx_word' id='word_1_414' title='bbox 933 3308 1259 3378; x_wconf 87' lang='lat' dir='ltr'>oportebat,</span> <span class='ocrx_word' id='word_1_415' title='bbox 1290 3311 1356 3362; x_wconf 87' lang='lat' dir='ltr'>ut</span> <span class='ocrx_word' id='word_1_416' title='bbox 1386 3324 1518 3363; x_wconf 89' lang='lat' dir='ltr'>cum</span> <span class='ocrx_word' id='word_1_417' title='bbox 1551 3308 1737 3363; x_wconf 87' lang='lat' dir='ltr'>multa</span> <span class='ocrx_word' id='word_1_418' title='bbox 1766 3312 1824 3363; x_wconf 89' lang='lat' dir='ltr'>et</span> <span class='ocrx_word' id='word_1_419' title='bbox 1854 3305 2074 3363; x_wconf 86' lang='lat' dir='ltr'>nefaria</span> 
     </span>
    </p>
   </div>
   <div class='ocr_carea' id='block_1_55' title="bbox 418 3394 2072 3468">
    <p class='ocr_par' dir='ltr' id='par_1_55' title="bbox 418 3394 2072 3468">
     <span class='ocr_line' id='line_1_55' title="bbox 418 3394 2072 3468; baseline -0.001 -16"><span class='ocrx_word' id='word_1_420' title='bbox 418 3394 641 3452; x_wconf 86' lang='lat' dir='ltr'>scelera</span> <span class='ocrx_word' id='word_1_421' title='bbox 669 3398 947 3466; x_wconf 87' lang='lat' dir='ltr'>tentares,</span> <span class='ocrx_word' id='word_1_422' title='bbox 972 3396 1085 3451; x_wconf 89' lang='lat' dir='ltr'>huc</span> <span class='ocrx_word' id='word_1_423' title='bbox 1110 3397 1346 3452; x_wconf 87' lang='lat' dir='ltr'>tandem</span> <span class='ocrx_word' id='word_1_424' title='bbox 1377 3396 1782 3468; x_wconf 89' lang='lat' dir='ltr'>impellereris,</span> <span class='ocrx_word' id='word_1_425' title='bbox 1806 3400 1981 3468; x_wconf 90' lang='lat' dir='ltr'>atque</span> <span class='ocrx_word' id='word_1_426' title='bbox 2013 3396 2072 3450; x_wconf 90' lang='lat' dir='ltr'>in</span> 
     </span>
    </p>
   </div>
   <div class='ocr_carea' id='block_1_56' title="bbox 416 3484 2074 3557">
    <p class='ocr_par' dir='ltr' id='par_1_56' title="bbox 416 3484 2074 3557">
     <span class='ocr_line' id='line_1_56' title="bbox 416 3484 2074 3557; baseline -0.001 -16"><span class='ocrx_word' id='word_1_427' title='bbox 416 3485 673 3557; x_wconf 89' lang='lat' dir='ltr'>teipsum</span> <span class='ocrx_word' id='word_1_428' title='bbox 707 3484 1011 3557; x_wconf 90' lang='lat' dir='ltr'>perspicue</span> <span class='ocrx_word' id='word_1_429' title='bbox 1034 3485 1361 3542; x_wconf 89' lang='lat' dir='ltr'>incurreres</span> <span class='ocrx_word' id='word_1_430' title='bbox 1387 3505 1399 3542; x_wconf 90' lang='lat'><strong>:</strong></span> <span class='ocrx_word' id='word_1_431' title='bbox 1424 3490 1489 3540; x_wconf 92' lang='lat' dir='ltr'>ut</span> <span class='ocrx_word' id='word_1_432' title='bbox 1517 3503 1632 3556; x_wconf 87' lang='lat' dir='ltr'>qua</span> <span class='ocrx_word' id='word_1_433' title='bbox 1661 3502 1721 3541; x_wconf 89' lang='lat' dir='ltr'>re</span> <span class='ocrx_word' id='word_1_434' title='bbox 1752 3485 1857 3540; x_wconf 91' lang='lat' dir='ltr'>tibi</span> <span class='ocrx_word' id='word_1_435' title='bbox 1889 3486 2074 3540; x_wconf 88' lang='lat' dir='ltr'>maxi-</span> 
     </span>
    </p>
   </div>
   <div class='ocr_carea' id='block_1_57' title="bbox 420 3574 2076 3647">
    <p class='ocr_par' dir='ltr' id='par_1_57' title="bbox 420 3574 2076 3647">
     <span class='ocr_line' id='line_1_57' title="bbox 420 3574 2076 3647; baseline 0 -17"><span class='ocrx_word' id='word_1_436' title='bbox 420 3590 513 3630; x_wconf 92' lang='lat' dir='ltr'>me</span> <span class='ocrx_word' id='word_1_437' title='bbox 544 3574 915 3647; x_wconf 83' lang='lat' dir='ltr'>gloriandum</span> <span class='ocrx_word' id='word_1_438' title='bbox 961 3574 1359 3644; x_wconf 87' lang='lat' dir='ltr'>existimabas,</span> <span class='ocrx_word' id='word_1_439' title='bbox 1392 3575 1451 3629; x_wconf 87' lang='lat' dir='ltr'>in</span> <span class='ocrx_word' id='word_1_440' title='bbox 1497 3575 1699 3630; x_wconf 89' lang='lat' dir='ltr'>eadem</span> <span class='ocrx_word' id='word_1_441' title='bbox 1732 3575 2076 3646; x_wconf 87' lang='lat' dir='ltr'>imprudens</span> 
     </span>
    </p>
   </div>
   <div class='ocr_carea' id='block_1_58' title="bbox 420 3663 2075 3735">
    <p class='ocr_par' dir='ltr' id='par_1_58' title="bbox 420 3663 2075 3735">
     <span class='ocr_line' id='line_1_58' title="bbox 420 3663 2075 3735; baseline -0.001 -15"><span class='ocrx_word' id='word_1_442' title='bbox 420 3663 675 3720; x_wconf 84' lang='lat' dir='ltr'>maxime</span> <span class='ocrx_word' id='word_1_443' title='bbox 706 3663 1003 3735; x_wconf 87' lang='lat' dir='ltr'>ineptires,</span> <span class='ocrx_word' id='word_1_444' title='bbox 1033 3680 1097 3719; x_wconf 88' lang='lat' dir='ltr'>ac</span> <span class='ocrx_word' id='word_1_445' title='bbox 1127 3666 1310 3720; x_wconf 69' lang='lat' dir='ltr'>bruta:</span> <span class='ocrx_word' id='word_1_446' title='bbox 1342 3663 1680 3719; x_wconf 87' lang='lat' dir='ltr'>stoliditatis</span> <span class='ocrx_word' id='word_1_447' title='bbox 1710 3668 1908 3719; x_wconf 90' lang='lat' dir='ltr'>notam</span> <span class='ocrx_word' id='word_1_448' title='bbox 1940 3664 2075 3720; x_wconf 87' lang='lat' dir='ltr'>sub-</span> 
     </span>
    </p>
   </div>
   <div class='ocr_carea' id='block_1_59' title="bbox 417 3752 2078 3826">
    <p class='ocr_par' dir='ltr' id='par_1_59' title="bbox 417 3752 2078 3826">
     <span class='ocr_line' id='line_1_59' title="bbox 417 3752 2078 3826; baseline -0.001 -17"><span class='ocrx_word' id='word_1_449' title='bbox 417 3753 555 3810; x_wconf 88' lang='lat' dir='ltr'>ires.</span> <span class='ocrx_word' id='word_1_450' title='bbox 579 3754 887 3826; x_wconf 83' lang='lat' dir='ltr'>Responde</span> <span class='ocrx_word' id='word_1_451' title='bbox 919 3753 1074 3809; x_wconf 90' lang='lat' dir='ltr'>enim</span> <span class='ocrx_word' id='word_1_452' title='bbox 1099 3771 1111 3809; x_wconf 88' lang='lat'><strong>:</strong></span> <span class='ocrx_word' id='word_1_453' title='bbox 1133 3754 1275 3817; x_wconf 93' lang='lat' dir='ltr'>Quid</span> <span class='ocrx_word' id='word_1_454' title='bbox 1315 3752 1421 3809; x_wconf 86' lang='lat' dir='ltr'>tibi</span> <span class='ocrx_word' id='word_1_455' title='bbox 1451 3753 1561 3809; x_wconf 93' lang='lat' dir='ltr'>hoc</span> <span class='ocrx_word' id='word_1_456' title='bbox 1591 3754 1888 3809; x_wconf 88' lang='lat' dir='ltr'>decretum</span> <span class='ocrx_word' id='word_1_457' title='bbox 1917 3753 2078 3809; x_wconf 84' lang='lat' dir='ltr'>vult?</span> 
     </span>
    </p>
   </div>
   <div class='ocr_carea' id='block_1_60' title="bbox 415 3840 2076 3917">
    <p class='ocr_par' dir='ltr' id='par_1_60' title="bbox 415 3840 2076 3917">
     <span class='ocr_line' id='line_1_60' title="bbox 415 3840 2076 3917; baseline -0.002 -17"><span class='ocrx_word' id='word_1_458' title='bbox 415 3860 663 3917; x_wconf 82' lang='lat' dir='ltr'>quaeque</span> <span class='ocrx_word' id='word_1_459' title='bbox 694 3847 751 3898; x_wconf 92' lang='lat' dir='ltr'>te</span> <span class='ocrx_word' id='word_1_460' title='bbox 784 3842 933 3899; x_wconf 88' lang='lat' dir='ltr'>ratio</span> <span class='ocrx_word' id='word_1_461' title='bbox 982 3844 1182 3909; x_wconf 88' lang='lat' dir='ltr'>movit,</span> <span class='ocrx_word' id='word_1_462' title='bbox 1209 3847 1274 3898; x_wconf 89' lang='lat' dir='ltr'>ut</span> <span class='ocrx_word' id='word_1_463' title='bbox 1321 3842 1475 3898; x_wconf 90' lang='lat' dir='ltr'>circa</span> <span class='ocrx_word' id='word_1_464' title='bbox 1521 3858 1823 3898; x_wconf 90' lang='lat' dir='ltr'>sermones</span> <span class='ocrx_word' id='word_1_465' title='bbox 1854 3840 2076 3913; x_wconf 89' lang='lat' dir='ltr'>aliquid</span> 
     </span>
    </p>
   </div>
   <div class='ocr_carea' id='block_1_61' title="bbox 416 3932 2079 4005">
    <p class='ocr_par' dir='ltr' id='par_1_61' title="bbox 416 3932 2079 4005">
     <span class='ocr_line' id='line_1_61' title="bbox 416 3932 2079 4005; baseline -0.002 -15"><span class='ocrx_word' id='word_1_466' title='bbox 416 3934 752 3990; x_wconf 90' lang='lat' dir='ltr'>novandum</span> <span class='ocrx_word' id='word_1_467' title='bbox 785 3933 1075 3989; x_wconf 85' lang='lat' dir='ltr'>duceres?</span> <span class='ocrx_word' id='word_1_468' title='bbox 1104 3933 1265 3999; x_wconf 89' lang='lat' dir='ltr'>Quod</span> <span class='ocrx_word' id='word_1_469' title='bbox 1313 3932 1362 3989; x_wconf 88' lang='lat' dir='ltr'>si</span> <span class='ocrx_word' id='word_1_470' title='bbox 1413 3932 1554 4005; x_wconf 86' lang='lat' dir='ltr'>justi</span> <span class='ocrx_word' id='word_1_471' title='bbox 1603 3932 1826 4005; x_wconf 90' lang='lat' dir='ltr'>aliquid</span> <span class='ocrx_word' id='word_1_472' title='bbox 1876 3932 2079 3988; x_wconf 74' lang='lat' dir='ltr'>afferre</span> 
     </span>
    </p>
   </div>
   <div class='ocr_carea' id='block_1_62' title="bbox 414 4021 2078 4094">
    <p class='ocr_par' dir='ltr' id='par_1_62' title="bbox 414 4021 2078 4094">
     <span class='ocr_line' id='line_1_62' title="bbox 414 4021 2078 4094; baseline -0.001 -16"><span class='ocrx_word' id='word_1_473' title='bbox 414 4024 581 4079; x_wconf 89' lang='lat' dir='ltr'>visus</span> <span class='ocrx_word' id='word_1_474' title='bbox 631 4022 831 4091; x_wconf 89' lang='lat' dir='ltr'>fueris,</span> <span class='ocrx_word' id='word_1_475' title='bbox 865 4021 1196 4079; x_wconf 88' lang='lat' dir='ltr'>delebimus</span> <span class='ocrx_word' id='word_1_476' title='bbox 1241 4023 1501 4094; x_wconf 88' lang='lat' dir='ltr'>quidem,</span> <span class='ocrx_word' id='word_1_477' title='bbox 1535 4027 1594 4080; x_wconf 87' lang='lat' dir='ltr'>at</span> <span class='ocrx_word' id='word_1_478' title='bbox 1622 4022 1867 4079; x_wconf 90' lang='lat' dir='ltr'>minime</span> <span class='ocrx_word' id='word_1_479' title='bbox 1896 4025 1951 4078; x_wconf 89' lang='lat' dir='ltr'>te</span> <span class='ocrx_word' id='word_1_480' title='bbox 1991 4038 2078 4077; x_wconf 88' lang='lat' dir='ltr'>re-</span> 
     </span>
    </p>
   </div>
   <div class='ocr_carea' id='block_1_63' title="bbox 2248 2582 3833 2663">
    <p class='ocr_par' dir='ltr' id='par_1_63' title="bbox 2248 2582 3833 2663">
     <span class='ocr_line' id='line_1_63' title="bbox 2248 2582 3833 2663; baseline -0.004 -19"><span class='ocrx_word' id='word_1_481' title='bbox 2248 2594 2367 2647; x_wconf 83' lang='lat' dir='ltr'>PA&#39;.</span> <span class='ocrx_word' id='word_1_482' title='bbox 2399 2587 2566 2645; x_wconf 82' lang='grc' dir='ltr'>Πόθεν</span> <span class='ocrx_word' id='word_1_483' title='bbox 2597 2585 2688 2643; x_wconf 77' lang='grc' dir='ltr'>οὖν</span> <span class='ocrx_word' id='word_1_484' title='bbox 2718 2584 2926 2657; x_wconf 78' lang='grc' dir='ltr'>ἐπῆλθὲ</span> <span class='ocrx_word' id='word_1_485' title='bbox 2952 2607 3041 2642; x_wconf 91' lang='grc' dir='ltr'>σοι</span> <span class='ocrx_word' id='word_1_486' title='bbox 3076 2590 3259 2655; x_wconf 77' lang='grc' dir='ltr'>τοῦτο,</span> <span class='ocrx_word' id='word_1_487' title='bbox 3292 2606 3337 2640; x_wconf 87' lang='grc' dir='ltr'>ω</span> <span class='ocrx_word' id='word_1_488' title='bbox 3365 2582 3670 2663; x_wconf 78' lang='grc' dir='ltr'>κουφότατε</span> <span class='ocrx_word' id='word_1_489' title='bbox 3699 2582 3833 2638; x_wconf 79' lang='grc' dir='ltr'>πάν-</span> 
     </span>
    </p>
   </div>
   <div class='ocr_carea' id='block_1_64' title="bbox 2176 2674 3830 2751">
    <p class='ocr_par' dir='ltr' id='par_1_64' title="bbox 2176 2674 3830 2751">
     <span class='ocr_line' id='line_1_64' title="bbox 2176 2674 3830 2751; baseline -0.005 -17"><span class='ocrx_word' id='word_1_490' title='bbox 2176 2700 2282 2734; x_wconf 90' lang='grc' dir='ltr'>των</span> <span class='ocrx_word' id='word_1_491' title='bbox 2320 2679 2409 2733; x_wconf 84' lang='grc' dir='ltr'>καὶ</span> <span class='ocrx_word' id='word_1_492' title='bbox 2458 2676 2876 2748; x_wconf 84' lang='grc' dir='ltr'>ἀπληστότατε,</span> <span class='ocrx_word' id='word_1_493' title='bbox 2924 2676 2988 2731; x_wconf 86' lang='grc' dir='ltr'>τὸ</span> <span class='ocrx_word' id='word_1_494' title='bbox 3040 2674 3219 2751; x_wconf 90' lang='grc' dir='ltr'>λόγων</span> <span class='ocrx_word' id='word_1_495' title='bbox 3275 2674 3637 2749; x_wconf 83' lang='grc' dir='ltr'>ἀποστερῆσαι</span> <span class='ocrx_word' id='word_1_496' title='bbox 3691 2674 3830 2748; x_wconf 88' lang='grc' dir='ltr'>Χρι-</span> 
     </span>
    </p>
   </div>
   <div class='ocr_carea' id='block_1_65' title="bbox 2178 2761 3829 2841">
    <p class='ocr_par' dir='ltr' id='par_1_65' title="bbox 2178 2761 3829 2841">
     <span class='ocr_line' id='line_1_65' title="bbox 2178 2761 3829 2841; baseline -0.004 -18"><span class='ocrx_word' id='word_1_497' title='bbox 2178 2767 2425 2829; x_wconf 79' lang='grc' dir='ltr'>στιανούς</span> <span class='ocrx_word' id='word_1_498' title='bbox 2464 2771 2671 2839; x_wconf 81' lang='grc' dir='ltr'>;τοῢτο</span> <span class='ocrx_word' id='word_1_499' title='bbox 2702 2767 2804 2841; x_wconf 75' lang='grc' dir='ltr'>γὰρ</span> <span class='ocrx_word' id='word_1_500' title='bbox 2859 2765 2922 2819; x_wconf 79' lang='grc' dir='ltr'>οὐ</span> <span class='ocrx_word' id='word_1_501' title='bbox 2967 2768 3077 2819; x_wconf 80' lang='grc' dir='ltr'>τῶν</span> <span class='ocrx_word' id='word_1_502' title='bbox 3122 2761 3529 2835; x_wconf 77' lang='grc' dir='ltr'>ἀπειλουμένων</span> <span class='ocrx_word' id='word_1_503' title='bbox 3576 2764 3692 2835; x_wconf 85' lang='grc'>(92)</span> <span class='ocrx_word' id='word_1_504' title='bbox 3738 2764 3829 2831; x_wconf 73' lang='grc' dir='ltr'>ἦν,</span> 
     </span>
    </p>
   </div>
   <div class='ocr_carea' id='block_1_66' title="bbox 2177 2849 3832 2928">
    <p class='ocr_par' dir='ltr' id='par_1_66' title="bbox 2177 2849 3832 2928">
     <span class='ocr_line' id='line_1_66' title="bbox 2177 2849 3832 2928; baseline -0.003 -17"><span class='ocrx_word' id='word_1_505' title='bbox 2177 2856 2325 2913; x_wconf 82' lang='grc' dir='ltr'>ἀλλὰ</span> <span class='ocrx_word' id='word_1_506' title='bbox 2369 2861 2475 2912; x_wconf 81' lang='grc' dir='ltr'>τῶν</span> <span class='ocrx_word' id='word_1_507' title='bbox 2524 2854 2635 2926; x_wconf 75' lang='grc' dir='ltr'>ἤδη</span> <span class='ocrx_word' id='word_1_508' title='bbox 2686 2853 3235 2928; x_wconf 75' lang='grc' dir='ltr'>νενομοθετημένων.</span> <span class='ocrx_word' id='word_1_509' title='bbox 3294 2851 3485 2925; x_wconf 81' lang='grc' dir='ltr'>Πόθεν,</span> <span class='ocrx_word' id='word_1_510' title='bbox 3534 2850 3637 2906; x_wconf 79' lang='grc' dir='ltr'>κάκ</span> <span class='ocrx_word' id='word_1_511' title='bbox 3683 2849 3832 2914; x_wconf 78' lang='grc' dir='ltr'>τίνος</span> 
     </span>
    </p>
   </div>
   <div class='ocr_carea' id='block_1_67' title="bbox 2178 2939 3833 3022">
    <p class='ocr_par' dir='ltr' id='par_1_67' title="bbox 2178 2939 3833 3022">
     <span class='ocr_line' id='line_1_67' title="bbox 2178 2939 3833 3022; baseline -0.003 -21"><span class='ocrx_word' id='word_1_512' title='bbox 2178 2946 2528 3015; x_wconf 83' lang='grc' dir='ltr'>αἷτίας;Τίς</span> <span class='ocrx_word' id='word_1_513' title='bbox 2584 2951 2790 3022; x_wconf 81' lang='grc' dir='ltr'>Ἑρμῆς</span> <span class='ocrx_word' id='word_1_514' title='bbox 2845 2964 2931 2998; x_wconf 92' lang='grc' dir='ltr'>σοι</span> <span class='ocrx_word' id='word_1_515' title='bbox 2989 2942 3176 3020; x_wconf 75' lang='grc' dir='ltr'>λόγιος</span> <span class='ocrx_word' id='word_1_516' title='bbox 3234 2943 3368 3014; x_wconf 86' lang='grc'>(93),</span> <span class='ocrx_word' id='word_1_517' title='bbox 3419 2941 3492 3002; x_wconf 86' lang='grc' dir='ltr'>ὡς</span> <span class='ocrx_word' id='word_1_518' title='bbox 3549 2939 3609 2995; x_wconf 77' lang='grc' dir='ltr'>ἂν</span> <span class='ocrx_word' id='word_1_519' title='bbox 3669 2939 3833 3001; x_wconf 79' lang='grc' dir='ltr'>αὐτὸς</span> 
     </span>
    </p>
   </div>
   <div class='ocr_carea' id='block_1_68' title="bbox 2181 3027 3832 3109">
    <p class='ocr_par' dir='ltr' id='par_1_68' title="bbox 2181 3027 3832 3109">
     <span class='ocr_line' id='line_1_68' title="bbox 2181 3027 3832 3109; baseline -0.004 -18"><span class='ocrx_word' id='word_1_520' title='bbox 2181 3034 2385 3109; x_wconf 67' lang='grc' dir='ltr'>ε’ίποις,</span> <span class='ocrx_word' id='word_1_521' title='bbox 2433 3036 2580 3089; x_wconf 75' lang='grc' dir='ltr'>τοῦτ’</span> <span class='ocrx_word' id='word_1_522' title='bbox 2629 3034 2716 3089; x_wconf 79' lang='grc' dir='ltr'>ἐπὶ</span> <span class='ocrx_word' id='word_1_523' title='bbox 2764 3037 2885 3087; x_wconf 77' lang='grc' dir='ltr'>νοῦν</span> <span class='ocrx_word' id='word_1_524' title='bbox 2935 3030 3109 3108; x_wconf 70' lang='grc' dir='ltr'>ἤγαγε</span> <span class='ocrx_word' id='word_1_525' title='bbox 3159 3048 3173 3101; x_wconf 87' lang='grc'><strong>;</strong></span> <span class='ocrx_word' id='word_1_526' title='bbox 3217 3029 3367 3092; x_wconf 84' lang='grc' dir='ltr'>Τίνες</span> <span class='ocrx_word' id='word_1_527' title='bbox 3416 3027 3670 3105; x_wconf 80' lang='grc' dir='ltr'>Τελχῖνες</span> <span class='ocrx_word' id='word_1_528' title='bbox 3715 3031 3832 3103; x_wconf 68' lang='grc'>(94)</span> 
     </span>
    </p>
   </div>
   <div class='ocr_carea' id='block_1_69' title="bbox 2179 3117 3831 3199">
    <p class='ocr_par' dir='ltr' id='par_1_69' title="bbox 2179 3117 3831 3199">
     <span class='ocr_line' id='line_1_69' title="bbox 2179 3117 3831 3199; baseline -0.006 -19"><span class='ocrx_word' id='word_1_529' title='bbox 2179 3124 2432 3199; x_wconf 82' lang='grc' dir='ltr'>πονηροὶ,</span> <span class='ocrx_word' id='word_1_530' title='bbox 2464 3125 2553 3179; x_wconf 81' lang='grc' dir='ltr'>καὶ</span> <span class='ocrx_word' id='word_1_531' title='bbox 2602 3125 2858 3199; x_wconf 79' lang='grc' dir='ltr'>βάσκανοι</span> <span class='ocrx_word' id='word_1_532' title='bbox 2915 3118 3167 3194; x_wconf 82' lang='grc' dir='ltr'>δαίμονες</span> <span class='ocrx_word' id='word_1_533' title='bbox 3200 3138 3213 3191; x_wconf 86' lang='grc'>;</span> <span class='ocrx_word' id='word_1_534' title='bbox 3248 3118 3308 3175; x_wconf 66' lang='lat' dir='ltr'>Ei</span> <span class='ocrx_word' id='word_1_535' title='bbox 3342 3118 3531 3195; x_wconf 79' lang='grc' dir='ltr'>βούλει</span> <span class='ocrx_word' id='word_1_536' title='bbox 3576 3120 3709 3193; x_wconf 85' lang='grc'>(95),</span> <span class='ocrx_word' id='word_1_537' title='bbox 3738 3117 3831 3172; x_wconf 81' lang='grc' dir='ltr'>καὶ</span> 
     </span>
    </p>
   </div>
   <div class='ocr_carea' id='block_1_70' title="bbox 2180 3205 3834 3287">
    <p class='ocr_par' dir='ltr' id='par_1_70' title="bbox 2180 3205 3834 3287">
     <span class='ocr_line' id='line_1_70' title="bbox 2180 3205 3834 3287; baseline -0.005 -18"><span class='ocrx_word' id='word_1_538' title='bbox 2180 3213 2375 3269; x_wconf 79' lang='grc' dir='ltr'>τούτου</span> <span class='ocrx_word' id='word_1_539' title='bbox 2403 3215 2502 3283; x_wconf 73' lang='grc' dir='ltr'>τὴν</span> <span class='ocrx_word' id='word_1_540' title='bbox 2553 3212 2727 3267; x_wconf 83' lang='grc' dir='ltr'>αἰτίαν</span> <span class='ocrx_word' id='word_1_541' title='bbox 2771 3215 2937 3285; x_wconf 75' lang='grc' dir='ltr'>ἡμεῖς</span> <span class='ocrx_word' id='word_1_542' title='bbox 2986 3211 3423 3287; x_wconf 81' lang='grc' dir='ltr'>παραστήσομεν.</span> <span class='ocrx_word' id='word_1_543' title='bbox 3460 3205 3609 3265; x_wconf 82' lang='grc' dir='ltr'>Ἔδει</span> <span class='ocrx_word' id='word_1_544' title='bbox 3639 3207 3740 3284; x_wconf 88' lang='grc' dir='ltr'>γάρ</span> <span class='ocrx_word' id='word_1_545' title='bbox 3772 3228 3834 3261; x_wconf 85' lang='grc' dir='ltr'>σε</span> 
     </span>
    </p>
   </div>
   <div class='ocr_carea' id='block_1_71' title="bbox 2183 3296 3834 3379">
    <p class='ocr_par' dir='ltr' id='par_1_71' title="bbox 2183 3296 3834 3379">
     <span class='ocr_line' id='line_1_71' title="bbox 2183 3296 3834 3379; baseline -0.006 -20"><span class='ocrx_word' id='word_1_546' title='bbox 2183 3301 2419 3365; x_wconf 81' lang='grc' dir='ltr'>πολλοῖς</span> <span class='ocrx_word' id='word_1_547' title='bbox 2452 3303 2803 3379; x_wconf 74' lang='grc' dir='ltr'>ἐγχειροῦντα</span> <span class='ocrx_word' id='word_1_548' title='bbox 2827 3301 2916 3356; x_wconf 84' lang='grc' dir='ltr'>καὶ</span> <span class='ocrx_word' id='word_1_549' title='bbox 2957 3298 3298 3373; x_wconf 89' lang='grc' dir='ltr'>παρανόμοις</span> <span class='ocrx_word' id='word_1_550' title='bbox 3316 3303 3531 3369; x_wconf 80' lang='grc' dir='ltr'>κακοῖς,</span> <span class='ocrx_word' id='word_1_551' title='bbox 3563 3296 3639 3359; x_wconf 74' lang='grc' dir='ltr'>εἷς</span> <span class='ocrx_word' id='word_1_552' title='bbox 3668 3300 3834 3351; x_wconf 74' lang='grc' dir='ltr'>τοῦτο</span> 
     </span>
    </p>
   </div>
   <div class='ocr_carea' id='block_1_72' title="bbox 2186 3384 3833 3469">
    <p class='ocr_par' dir='ltr' id='par_1_72' title="bbox 2186 3384 3833 3469">
     <span class='ocr_line' id='line_1_72' title="bbox 2186 3384 3833 3469; baseline -0.006 -21"><span class='ocrx_word' id='word_1_553' title='bbox 2186 3394 2491 3469; x_wconf 81' lang='grc' dir='ltr'>ὑπαχθῆναι</span> <span class='ocrx_word' id='word_1_554' title='bbox 2547 3391 2905 3458; x_wconf 76' lang='grc' dir='ltr'>τελευτῶντα,</span> <span class='ocrx_word' id='word_1_555' title='bbox 2957 3389 3047 3443; x_wconf 89' lang='grc' dir='ltr'>καὶ</span> <span class='ocrx_word' id='word_1_556' title='bbox 3097 3392 3276 3459; x_wconf 82' lang='grc' dir='ltr'>σαυτῷ</span> <span class='ocrx_word' id='word_1_557' title='bbox 3323 3384 3625 3461; x_wconf 62' lang='grc' dir='ltr'>προδήλως</span> <span class='ocrx_word' id='word_1_558' title='bbox 3676 3406 3833 3459; x_wconf 63' lang='grc' dir='ltr'>περι.</span> 
     </span>
    </p>
   </div>
   <div class='ocr_carea' id='block_1_73' title="bbox 2183 3474 3832 3557">
    <p class='ocr_par' dir='ltr' id='par_1_73' title="bbox 2183 3474 3832 3557">
     <span class='ocr_line' id='line_1_73' title="bbox 2183 3474 3832 3557; baseline -0.005 -20"><span class='ocrx_word' id='word_1_559' title='bbox 2183 3488 2386 3537; x_wconf 80' lang='grc' dir='ltr'>πεσεῖν’</span> <span class='ocrx_word' id='word_1_560' title='bbox 2406 3479 2477 3535; x_wconf 75' lang='grc' dir='ltr'>’ἶν’</span> <span class='ocrx_word' id='word_1_561' title='bbox 2506 3481 2552 3552; x_wconf 79' lang='grc' dir='ltr'>ᾧ</span> <span class='ocrx_word' id='word_1_562' title='bbox 2576 3482 2687 3554; x_wconf 87' lang='grc'>(96)</span> <span class='ocrx_word' id='word_1_563' title='bbox 2716 3479 2952 3554; x_wconf 75' lang='grc' dir='ltr'>μάλιστα</span> <span class='ocrx_word' id='word_1_564' title='bbox 2977 3483 3193 3557; x_wconf 68' lang='grc' dir='ltr'>φρονεῖν</span> <span class='ocrx_word' id='word_1_565' title='bbox 3217 3475 3330 3549; x_wconf 78' lang='grc' dir='ltr'>ᾤου</span> <span class='ocrx_word' id='word_1_566' title='bbox 3362 3474 3495 3545; x_wconf 75' lang='grc' dir='ltr'>δεῖν,</span> <span class='ocrx_word' id='word_1_567' title='bbox 3520 3474 3832 3549; x_wconf 76' lang='grc' dir='ltr'>τούτῳ</span> 
     </span>
    </p>
   </div>
   <div class='ocr_carea' id='block_1_74' title="bbox 2189 3564 3836 3646">
    <p class='ocr_par' dir='ltr' id='par_1_74' title="bbox 2189 3564 3836 3646">
     <span class='ocr_line' id='line_1_74' title="bbox 2189 3564 3836 3646; baseline -0.005 -20"><span class='ocrx_word' id='word_1_568' title='bbox 2189 3571 2423 3646; x_wconf 86' lang='grc' dir='ltr'>μάλιστα</span> <span class='ocrx_word' id='word_1_569' title='bbox 2479 3568 2647 3644; x_wconf 77' lang='grc' dir='ltr'>λάθῃς</span> <span class='ocrx_word' id='word_1_570' title='bbox 2698 3568 3113 3645; x_wconf 75' lang='grc' dir='ltr'>ἐνασχημονῶν,</span> <span class='ocrx_word' id='word_1_571' title='bbox 3172 3567 3260 3622; x_wconf 81' lang='grc' dir='ltr'>καὶ</span> <span class='ocrx_word' id='word_1_572' title='bbox 3309 3564 3539 3641; x_wconf 77' lang='grc' dir='ltr'>ἀλογίαν</span> <span class='ocrx_word' id='word_1_573' title='bbox 3583 3584 3836 3640; x_wconf 82' lang='grc' dir='ltr'>κατακρι-</span> 
     </span>
    </p>
   </div>
   <div class='ocr_carea' id='block_1_75' title="bbox 2185 3652 3838 3736">
    <p class='ocr_par' dir='ltr' id='par_1_75' title="bbox 2185 3652 3838 3736">
     <span class='ocr_line' id='line_1_75' title="bbox 2185 3652 3838 3736; baseline -0.004 -22"><span class='ocrx_word' id='word_1_574' title='bbox 2185 3660 2433 3734; x_wconf 89' lang='grc' dir='ltr'>νόμενος.</span> <span class='ocrx_word' id='word_1_575' title='bbox 2470 3659 2787 3736; x_wconf 82' lang='grc' dir='ltr'>’Δπόκριναι</span> <span class='ocrx_word' id='word_1_576' title='bbox 2842 3661 2952 3733; x_wconf 87' lang='grc'>(98)</span> <span class='ocrx_word' id='word_1_577' title='bbox 3000 3658 3121 3733; x_wconf 82' lang='grc' dir='ltr'>γάρ·</span> <span class='ocrx_word' id='word_1_578' title='bbox 3162 3657 3216 3712; x_wconf 87' lang='grc' dir='ltr'>τί</span> <span class='ocrx_word' id='word_1_579' title='bbox 3263 3677 3347 3711; x_wconf 94' lang='grc' dir='ltr'>σοι</span> <span class='ocrx_word' id='word_1_580' title='bbox 3393 3654 3456 3710; x_wconf 81' lang='grc' dir='ltr'>τὸ</span> <span class='ocrx_word' id='word_1_581' title='bbox 3498 3652 3681 3730; x_wconf 84' lang='grc' dir='ltr'>δόγμα</span> <span class='ocrx_word' id='word_1_582' title='bbox 3708 3653 3838 3730; x_wconf 73' lang='grc' dir='ltr'>βού-</span> 
     </span>
    </p>
   </div>
   <div class='ocr_carea' id='block_1_76' title="bbox 2188 3743 3836 3822">
    <p class='ocr_par' dir='ltr' id='par_1_76' title="bbox 2188 3743 3836 3822">
     <span class='ocr_line' id='line_1_76' title="bbox 2188 3743 3836 3822; baseline -0.005 -17"><span class='ocrx_word' id='word_1_583' title='bbox 2188 3747 2340 3806; x_wconf 76' lang='grc' dir='ltr'>λεται</span> <span class='ocrx_word' id='word_1_584' title='bbox 2372 3768 2385 3819; x_wconf 88' lang='grc'><strong>;</strong></span> <span class='ocrx_word' id='word_1_585' title='bbox 2418 3748 2506 3803; x_wconf 84' lang='grc' dir='ltr'>καὶ</span> <span class='ocrx_word' id='word_1_586' title='bbox 2537 3748 2617 3810; x_wconf 86' lang='grc' dir='ltr'>τίς</span> <span class='ocrx_word' id='word_1_587' title='bbox 2651 3749 2678 3802; x_wconf 90' lang='grc' dir='ltr'><strong>ὁ</strong></span> <span class='ocrx_word' id='word_1_588' title='bbox 2707 3746 2875 3822; x_wconf 88' lang='grc' dir='ltr'>λόγος</span> <span class='ocrx_word' id='word_1_589' title='bbox 2907 3754 3007 3816; x_wconf 83' lang='grc' dir='ltr'>τῆς</span> <span class='ocrx_word' id='word_1_590' title='bbox 3038 3744 3163 3822; x_wconf 83' lang='grc' dir='ltr'>περὶ</span> <span class='ocrx_word' id='word_1_591' title='bbox 3194 3745 3391 3821; x_wconf 84' lang='grc' dir='ltr'>λόγους</span> <span class='ocrx_word' id='word_1_592' title='bbox 3430 3743 3787 3815; x_wconf 72' lang='grc' dir='ltr'>καινοτομίας</span> <span class='ocrx_word' id='word_1_593' title='bbox 3823 3762 3836 3811; x_wconf 87' lang='grc'><strong>;</strong></span> 
     </span>
    </p>
   </div>
   <div class='ocr_carea' id='block_1_77' title="bbox 2187 3831 3840 3911">
    <p class='ocr_par' dir='ltr' id='par_1_77' title="bbox 2187 3831 3840 3911">
     <span class='ocr_line' id='line_1_77' title="bbox 2187 3831 3840 3911; baseline -0.005 -18"><span class='ocrx_word' id='word_1_594' title='bbox 2187 3836 2292 3893; x_wconf 77' lang='grc' dir='ltr'>Κᾶν</span> <span class='ocrx_word' id='word_1_595' title='bbox 2345 3859 2397 3893; x_wconf 88' lang='grc' dir='ltr'>τι</span> <span class='ocrx_word' id='word_1_596' title='bbox 2455 3836 2658 3893; x_wconf 88' lang='grc' dir='ltr'>δίκαιον</span> <span class='ocrx_word' id='word_1_597' title='bbox 2719 3834 2874 3911; x_wconf 76' lang='grc' dir='ltr'>δόξῃς</span> <span class='ocrx_word' id='word_1_598' title='bbox 2937 3833 3139 3910; x_wconf 88' lang='grc' dir='ltr'>λέγειν,</span> <span class='ocrx_word' id='word_1_599' title='bbox 3198 3833 3530 3907; x_wconf 84' lang='grc' dir='ltr'>ἀνιασόμεθα</span> <span class='ocrx_word' id='word_1_600' title='bbox 3563 3833 3716 3905; x_wconf 50' lang='grc' dir='ltr'>μὲν,</span> <span class='ocrx_word' id='word_1_601' title='bbox 3776 3831 3840 3885; x_wconf 71' lang='grc' dir='ltr'>οὗ</span> 
     </span>
    </p>
   </div>
   <div class='ocr_carea' id='block_1_78' title="bbox 2192 3920 3841 4002">
    <p class='ocr_par' dir='ltr' id='par_1_78' title="bbox 2192 3920 3841 4002">
     <span class='ocr_line' id='line_1_78' title="bbox 2192 3920 3841 4002; baseline -0.004 -19"><span class='ocrx_word' id='word_1_602' title='bbox 2192 3928 2518 4002; x_wconf 85' lang='grc' dir='ltr'>μεμψόμεθα</span> <span class='ocrx_word' id='word_1_603' title='bbox 2544 3925 2619 3982; x_wconf 80' lang='grc' dir='ltr'>δέ’</span> <span class='ocrx_word' id='word_1_604' title='bbox 2671 3926 2761 3981; x_wconf 87' lang='grc' dir='ltr'>καὶ</span> <span class='ocrx_word' id='word_1_605' title='bbox 2791 3927 2892 4001; x_wconf 81' lang='grc' dir='ltr'>γὰρ</span> <span class='ocrx_word' id='word_1_606' title='bbox 2943 3924 3124 4001; x_wconf 81' lang='grc' dir='ltr'>ὥσπερ</span> <span class='ocrx_word' id='word_1_607' title='bbox 3174 3922 3266 3980; x_wconf 75' lang='grc' dir='ltr'>σὺν</span> <span class='ocrx_word' id='word_1_608' title='bbox 3297 3922 3452 4000; x_wconf 87' lang='grc' dir='ltr'>λόγῳ</span> <span class='ocrx_word' id='word_1_609' title='bbox 3489 3927 3660 3993; x_wconf 78' lang='grc' dir='ltr'>νικᾷν,</span> <span class='ocrx_word' id='word_1_610' title='bbox 3694 3920 3841 3977; x_wconf 75' lang='grc' dir='ltr'>οὕτω</span> 
     </span>
    </p>
   </div>
   <div class='ocr_carea' id='block_1_79' title="bbox 2187 4014 3213 4089">
    <p class='ocr_par' dir='ltr' id='par_1_79' title="bbox 2187 4014 3213 4089">
     <span class='ocr_line' id='line_1_79' title="bbox 2187 4014 3213 4089; baseline -0.002 -17"><span class='ocrx_word' id='word_1_611' title='bbox 2187 4018 2276 4072; x_wconf 76' lang='grc' dir='ltr'>καὶ</span> <span class='ocrx_word' id='word_1_612' title='bbox 2305 4018 2550 4072; x_wconf 78' lang='grc' dir='ltr'>νικᾶσθαι</span> <span class='ocrx_word' id='word_1_613' title='bbox 2581 4014 2763 4077; x_wconf 80' lang='grc' dir='ltr'>καλῶς</span> <span class='ocrx_word' id='word_1_614' title='bbox 2801 4016 3213 4089; x_wconf 78' lang='grc' dir='ltr'>μεμαθήκαμεν.</span> 
     </span>
    </p>
   </div>
   <div class='ocr_carea' id='block_1_80' title="bbox 421 4101 3842 4183">
    <p class='ocr_par' dir='ltr' id='par_1_80' title="bbox 421 4101 3842 4183">
     <span class='ocr_line' id='line_1_80' title="bbox 421 4101 3842 4183; baseline -0.002 -18"><span class='ocrx_word' id='word_1_615' title='bbox 421 4111 874 4183; x_wconf 88' lang='lat' dir='ltr'>prebendemus.</span> <span class='ocrx_word' id='word_1_616' title='bbox 907 4113 1414 4179; x_wconf 90' lang='lat' dir='ltr'>Quemadmodum</span> <span class='ocrx_word' id='word_1_617' title='bbox 1446 4114 1603 4169; x_wconf 90' lang='lat' dir='ltr'>enim</span> <span class='ocrx_word' id='word_1_618' title='bbox 1652 4130 1787 4169; x_wconf 90' lang='lat' dir='ltr'>cum</span> <span class='ocrx_word' id='word_1_619' title='bbox 1832 4112 2057 4169; x_wconf 87' lang='lat' dir='ltr'>ratione</span> <span class='ocrx_word' id='word_1_620' title='bbox 2086 4109 2334 4181; x_wconf 85' lang='lat' dir='ltr'>vincere,</span> <span class='ocrx_word' id='word_1_621' title='bbox 2368 4109 2452 4165; x_wconf 90' lang='lat' dir='ltr'>sic</span> <span class='ocrx_word' id='word_1_622' title='bbox 2481 4108 2658 4165; x_wconf 88' lang='lat' dir='ltr'>etiam</span> <span class='ocrx_word' id='word_1_623' title='bbox 2688 4106 2935 4163; x_wconf 88' lang='lat' dir='ltr'>honeste</span> <span class='ocrx_word' id='word_1_624' title='bbox 2982 4122 3047 4162; x_wconf 90' lang='lat' dir='ltr'>ao</span> <span class='ocrx_word' id='word_1_625' title='bbox 3099 4103 3469 4161; x_wconf 87' lang='lat' dir='ltr'>laudabiliter</span> <span class='ocrx_word' id='word_1_626' title='bbox 3494 4102 3650 4159; x_wconf 85' lang='lat' dir='ltr'>vinci</span> <span class='ocrx_word' id='word_1_627' title='bbox 3681 4101 3842 4158; x_wconf 89' lang='lat' dir='ltr'>didi-</span> 
     </span>
    </p>
   </div>
   <div class='ocr_carea' id='block_1_81' title="bbox 420 4216 632 4255">
    <p class='ocr_par' dir='ltr' id='par_1_81' title="bbox 420 4216 632 4255">
     <span class='ocr_line' id='line_1_81' title="bbox 420 4216 632 4255; baseline -0.009 0"><span class='ocrx_word' id='word_1_628' title='bbox 420 4216 632 4255; x_wconf 75' lang='lat'>01111115.</span> 
     </span>
    </p>
   </div>
   <div class='ocr_carea' id='block_1_82' title="bbox 497 4305 2077 4382">
    <p class='ocr_par' dir='ltr' id='par_1_82' title="bbox 497 4305 2077 4382">
     <span class='ocr_line' id='line_1_82' title="bbox 497 4305 2077 4382; baseline 0 -19"><span class='ocrx_word' id='word_1_629' title='bbox 497 4305 607 4363; x_wconf 89' lang='lat' dir='ltr'>CII.</span> <span class='ocrx_word' id='word_1_630' title='bbox 641 4307 821 4363; x_wconf 78' lang='lat' dir='ltr'>Nostri</span> <span class='ocrx_word' id='word_1_631' title='bbox 864 4316 992 4365; x_wconf 83' lang='lat' dir='ltr'>sunt</span> <span class='ocrx_word' id='word_1_632' title='bbox 1037 4325 1336 4381; x_wconf 78' lang='lat' dir='ltr'>sermones,</span> <span class='ocrx_word' id='word_1_633' title='bbox 1369 4310 1581 4382; x_wconf 88' lang='lat' dir='ltr'>inquit,</span> <span class='ocrx_word' id='word_1_634' title='bbox 1611 4319 1665 4367; x_wconf 81' lang='lat' dir='ltr'>et</span> <span class='ocrx_word' id='word_1_635' title='bbox 1706 4315 1953 4365; x_wconf 79' lang='lat' dir='ltr'>nostrum</span> <span class='ocrx_word' id='word_1_636' title='bbox 1997 4316 2077 4365; x_wconf 79' lang='lat' dir='ltr'>est</span> 
     </span>
    </p>
   </div>
   <div class='ocr_carea' id='block_1_83' title="bbox 496 4553 1605 4633">
    <p class='ocr_par' dir='ltr' id='par_1_83' title="bbox 496 4553 1605 4633">
     <span class='ocr_line' id='line_1_83' title="bbox 496 4553 1605 4633; baseline 0.003 -22"><span class='ocrx_word' id='word_1_637' title='bbox 639 4553 1288 4633; x_wconf 31' lang='lat' dir='ltr'>UponeipevMLSchol.</span> <span class='ocrx_word' id='word_1_638' title='bbox 1328 4559 1605 4633; x_wconf 77' lang='grc' dir='ltr'>τυγχάνει.</span> 
     </span>
    </p>
   </div>
   <div class='ocr_carea' id='block_1_84' title="bbox 523 4628 1783 4705">
    <p class='ocr_par' dir='ltr' id='par_1_84' title="bbox 523 4628 1783 4705">
     <span class='ocr_line' id='line_1_84' title="bbox 523 4628 1783 4705; baseline 0.001 -22"><span class='ocrx_word' id='word_1_639' title='bbox 643 4628 1027 4705; x_wconf 71' lang='grc' dir='ltr'>Συνεπόρισαν.</span> <span class='ocrx_word' id='word_1_640' title='bbox 1064 4630 1203 4705; x_wconf 66' lang='lat' dir='ltr'>Reg.</span> <span class='ocrx_word' id='word_1_641' title='bbox 1236 4632 1359 4696; x_wconf 88' lang='lat' dir='ltr'>bm,</span> <span class='ocrx_word' id='word_1_642' title='bbox 1392 4628 1783 4705; x_wconf 75' lang='grc' dir='ltr'>συνεπόρησαν.</span> 
     </span>
    </p>
   </div>
   <div class='ocr_carea' id='block_1_85' title="bbox 499 4633 2079 4777">
    <p class='ocr_par' dir='ltr' id='par_1_85' title="bbox 499 4633 2079 4777">
     <span class='ocr_line' id='line_1_85' title="bbox 523 4633 1783 4705; baseline 0 -21"><span class='ocrx_word' id='word_1_643' title='bbox 523 4633 612 4696; x_wconf 88' lang='grc'>87)</span> <span class='ocrx_word' id='word_1_644' title='bbox 643 4633 1027 4704; x_wconf 88' lang='grc' dir='ltr'>Συνεπόρισαν.</span> <span class='ocrx_word' id='word_1_645' title='bbox 1064 4633 1203 4704; x_wconf 82' lang='lat' dir='ltr'>Reg.</span> <span class='ocrx_word' id='word_1_646' title='bbox 1236 4633 1359 4696; x_wconf 88' lang='lat' dir='ltr'>bm,</span> <span class='ocrx_word' id='word_1_647' title='bbox 1392 4633 1783 4705; x_wconf 80' lang='grc' dir='ltr'>συνεπόρησαν.</span> 
     </span>
     <span class='ocr_line' id='line_1_86' title="bbox 499 4633 2079 4777; baseline 0.001 -21"><span class='ocrx_word' id='word_1_648' title='bbox 499 4633 615 4774; x_wconf 68' lang='grc'>(88)</span> <span class='ocrx_word' id='word_1_649' title='bbox 639 4700 826 4777; x_wconf 79' lang='grc' dir='ltr'>Λόγων</span> <span class='ocrx_word' id='word_1_650' title='bbox 854 4701 1071 4777; x_wconf 60' lang='grc' dir='ltr'>κράτος,</span> <span class='ocrx_word' id='word_1_651' title='bbox 1110 4726 1131 4753; x_wconf 76' lang='grc' dir='ltr'>ι</span> <span class='ocrx_word' id='word_1_652' title='bbox 1168 4703 1515 4758; x_wconf 89' lang='lat' dir='ltr'>Sermonum</span> <span class='ocrx_word' id='word_1_653' title='bbox 1563 4702 1825 4771; x_wconf 86' lang='lat' dir='ltr'>victoria,</span> <span class='ocrx_word' id='word_1_654' title='bbox 1872 4700 2079 4774; x_wconf 88' lang='lat' dir='ltr'>princi-</span> 
     </span>
    </p>
   </div>
   <div class='ocr_carea' id='block_1_86' title="bbox 427 4774 1296 4848">
    <p class='ocr_par' dir='ltr' id='par_1_86' title="bbox 427 4774 1296 4848">
     <span class='ocr_line' id='line_1_87' title="bbox 427 4774 1296 4848; baseline -0.003 -17"><span class='ocrx_word' id='word_1_655' title='bbox 427 4778 621 4848; x_wconf 82' lang='lat' dir='ltr'>patus,</span> <span class='ocrx_word' id='word_1_656' title='bbox 656 4774 1015 4848; x_wconf 73' lang='lat' dir='ltr'>praecipuum</span> <span class='ocrx_word' id='word_1_657' title='bbox 1036 4775 1236 4830; x_wconf 86' lang='lat' dir='ltr'>decus.</span> <span class='ocrx_word' id='word_1_658' title='bbox 1266 4795 1296 4822; x_wconf 87' lang='lat'>»</span> 
     </span>
    </p>
   </div>
   <div class='ocr_carea' id='block_1_87' title="bbox 502 4840 2078 4919">
    <p class='ocr_par' dir='ltr' id='par_1_87' title="bbox 502 4840 2078 4919">
     <span class='ocr_line' id='line_1_88' title="bbox 502 4840 2078 4919; baseline -0.002 -18"><span class='ocrx_word' id='word_1_659' title='bbox 502 4846 616 4919; x_wconf 88' lang='lat'>(89)</span> <span class='ocrx_word' id='word_1_660' title='bbox 646 4840 747 4906; x_wconf 73' lang='grc' dir='ltr'>Τὰς</span> <span class='ocrx_word' id='word_1_661' title='bbox 947 4850 1122 4919; x_wconf 77' lang='lat' dir='ltr'>Mont.</span> <span class='ocrx_word' id='word_1_662' title='bbox 1169 4844 1426 4919; x_wconf 63' lang='lat' dir='ltr'>mavult.</span> <span class='ocrx_word' id='word_1_663' title='bbox 1454 4844 1546 4905; x_wconf 79' lang='grc' dir='ltr'>τὰς</span> <span class='ocrx_word' id='word_1_664' title='bbox 1579 4844 1852 4919; x_wconf 62' lang='lat' dir='ltr'>amem!</span> <span class='ocrx_word' id='word_1_665' title='bbox 1885 4860 2078 4919; x_wconf 89' lang='lat' dir='ltr'>_repu-</span> 
     </span>
    </p>
   </div>
   <div class='ocr_carea' id='block_1_88' title="bbox 472 4915 2078 4990">
    <p class='ocr_par' dir='ltr' id='par_1_88' title="bbox 472 4915 2078 4990">
     <span class='ocr_line' id='line_1_89' title="bbox 472 4915 2078 4990; baseline -0.001 -17"><span class='ocrx_word' id='word_1_666' title='bbox 472 4915 613 4973; x_wconf 84' lang='lat' dir='ltr'>nant</span> <span class='ocrx_word' id='word_1_667' title='bbox 644 4915 845 4990; x_wconf 81' lang='lat' dir='ltr'>scripti</span> <span class='ocrx_word' id='word_1_668' title='bbox 877 4918 1125 4974; x_wconf 90' lang='lat' dir='ltr'>codices.</span> <span class='ocrx_word' id='word_1_669' title='bbox 1154 4916 1463 4990; x_wconf 12' lang='lat' dir='ltr'>,Utrumvis</span> <span class='ocrx_word' id='word_1_670' title='bbox 1494 4921 1689 4973; x_wconf 88' lang='lat' dir='ltr'>autem</span> <span class='ocrx_word' id='word_1_671' title='bbox 1724 4915 1952 4990; x_wconf 74' lang='lat' dir='ltr'>legeris,</span> <span class='ocrx_word' id='word_1_672' title='bbox 1976 4915 2078 4990; x_wconf 58' lang='lat' dir='ltr'>ea;</span> 
     </span>
    </p>
   </div>
   <div class='ocr_carea' id='block_1_89' title="bbox 430 4933 2077 5059">
    <p class='ocr_par' dir='ltr' id='par_1_89' title="bbox 430 4933 2077 5059">
     <span class='ocr_line' id='line_1_90' title="bbox 430 4933 2077 5045; baseline -0.001 -72"><span class='ocrx_word' id='word_1_673' title='bbox 430 4933 613 5045; x_wconf 58' lang='lat' dir='ltr'>gnam</span> <span class='ocrx_word' id='word_1_674' title='bbox 644 4933 845 4990; x_wconf 78' lang='lat' dir='ltr'>scripti</span> <span class='ocrx_word' id='word_1_675' title='bbox 877 4933 1125 4974; x_wconf 70' lang='lat' dir='ltr'>cooxces.</span> <span class='ocrx_word' id='word_1_676' title='bbox 1172 4933 1463 4973; x_wconf 74' lang='lat' dir='ltr'>Utrumvm</span> <span class='ocrx_word' id='word_1_677' title='bbox 1494 4933 1689 4973; x_wconf 79' lang='lat' dir='ltr'>autem</span> <span class='ocrx_word' id='word_1_678' title='bbox 1724 4933 1952 4989; x_wconf 74' lang='lat' dir='ltr'>legeris,</span> <span class='ocrx_word' id='word_1_679' title='bbox 1985 4933 2077 4972; x_wconf 89' lang='lat' dir='ltr'>ea-</span> 
     </span>
     <span class='ocr_line' id='line_1_91' title="bbox 472 4984 2077 5059; baseline -0.003 -14"><span class='ocrx_word' id='word_1_680' title='bbox 472 5007 563 5045; x_wconf 85' lang='lat' dir='ltr'>em</span> <span class='ocrx_word' id='word_1_681' title='bbox 597 4995 688 5046; x_wconf 91' lang='lat' dir='ltr'>est</span> <span class='ocrx_word' id='word_1_682' title='bbox 741 4991 1051 5046; x_wconf 88' lang='lat' dir='ltr'>sententia.</span> <span class='ocrx_word' id='word_1_683' title='bbox 1104 4989 1241 5046; x_wconf 87' lang='lat' dir='ltr'>Vide</span> <span class='ocrx_word' id='word_1_684' title='bbox 1286 4990 1335 5043; x_wconf 87' lang='lat' dir='ltr'>Il</span> <span class='ocrx_word' id='word_1_685' title='bbox 1381 4992 1506 5045; x_wconf 88' lang='lat' dir='ltr'>Cor.</span> <span class='ocrx_word' id='word_1_686' title='bbox 1563 5006 1638 5057; x_wconf 86' lang='lat' dir='ltr'>IV,</span> <span class='ocrx_word' id='word_1_687' title='bbox 1688 4990 1774 5057; x_wconf 85' lang='grc'>18,</span> <span class='ocrx_word' id='word_1_688' title='bbox 1808 4988 1880 5042; x_wconf 77' lang='grc' dir='ltr'>Τὸ</span> <span class='ocrx_word' id='word_1_689' title='bbox 1912 4984 1969 5041; x_wconf 72' lang='grc' dir='ltr'>δὲ</span> <span class='ocrx_word' id='word_1_690' title='bbox 2002 4987 2077 5059; x_wconf 79' lang='grc' dir='ltr'>μή</span> 
     </span>
    </p>
   </div>
   <div class='ocr_carea' id='block_1_90' title="bbox 435 5059 2083 5135">
    <p class='ocr_par' dir='ltr' id='par_1_90' title="bbox 435 5059 2083 5135">
     <span class='ocr_line' id='line_1_92' title="bbox 435 5059 2083 5135; baseline 0.001 -20"><span class='ocrx_word' id='word_1_691' title='bbox 435 5059 753 5135; x_wconf 84' lang='grc' dir='ltr'>βλὺπόμενα</span> <span class='ocrx_word' id='word_1_692' title='bbox 794 5060 1004 5125; x_wconf 82' lang='grc' dir='ltr'>αἰώνια,</span> <span class='ocrx_word' id='word_1_693' title='bbox 1038 5085 1065 5112; x_wconf 92' lang='grc'><em>‹‹</em></span> <span class='ocrx_word' id='word_1_694' title='bbox 1100 5078 1230 5133; x_wconf 69' lang='lat' dir='ltr'>quae</span> <span class='ocrx_word' id='word_1_695' title='bbox 1261 5067 1453 5117; x_wconf 79' lang='lat' dir='ltr'>autem</span> <span class='ocrx_word' id='word_1_696' title='bbox 1485 5078 1601 5118; x_wconf 90' lang='lat' dir='ltr'>non</span> <span class='ocrx_word' id='word_1_697' title='bbox 1630 5061 2083 5131; x_wconf 70' lang='lat' dir='ltr'>videntur,a3ter-</span> 
     </span>
    </p>
   </div>
   <div class='ocr_carea' id='block_1_91' title="bbox 430 5139 765 5191">
    <p class='ocr_par' dir='ltr' id='par_1_91' title="bbox 430 5139 765 5191">
     <span class='ocr_line' id='line_1_93' title="bbox 430 5139 765 5191; baseline 0.003 -3"><span class='ocrx_word' id='word_1_698' title='bbox 430 5150 507 5189; x_wconf 88' lang='lat' dir='ltr'>na</span> <span class='ocrx_word' id='word_1_699' title='bbox 537 5139 697 5191; x_wconf 89' lang='lat' dir='ltr'>sunt.</span> <span class='ocrx_word' id='word_1_700' title='bbox 739 5155 765 5182; x_wconf 86' lang='lat'><strong>»</strong></span> 
     </span>
    </p>
   </div>
   <div class='ocr_carea' id='block_1_92' title="bbox 500 5203 2083 5278">
    <p class='ocr_par' dir='ltr' id='par_1_92' title="bbox 500 5203 2083 5278">
     <span class='ocr_line' id='line_1_94' title="bbox 500 5203 2083 5278; baseline -0.002 -17"><span class='ocrx_word' id='word_1_701' title='bbox 500 5206 610 5278; x_wconf 84' lang='lat'>(90)</span> <span class='ocrx_word' id='word_1_702' title='bbox 641 5205 704 5258; x_wconf 83' lang='grc' dir='ltr'>Εἰ</span> <span class='ocrx_word' id='word_1_703' title='bbox 732 5204 795 5258; x_wconf 84' lang='grc' dir='ltr'>τὸ</span> <span class='ocrx_word' id='word_1_704' title='bbox 841 5203 1061 5278; x_wconf 81' lang='grc' dir='ltr'>οἰκεῖον.</span> <span class='ocrx_word' id='word_1_705' title='bbox 1102 5204 1437 5278; x_wconf 37' lang='lat' dir='ltr'>-Haec_apud</span> <span class='ocrx_word' id='word_1_706' title='bbox 1482 5203 1717 5261; x_wconf 88' lang='lat' dir='ltr'>Pindar.</span> <span class='ocrx_word' id='word_1_707' title='bbox 1763 5206 2083 5263; x_wconf 83' lang='lat' dir='ltr'>Nemeorum</span> 
     </span>
    </p>
   </div>
   <div class='ocr_carea' id='block_1_93' title="bbox 430 5272 1442 5352">
    <p class='ocr_par' dir='ltr' id='par_1_93' title="bbox 430 5272 1442 5352">
     <span class='ocr_line' id='line_1_95' title="bbox 430 5272 1442 5352; baseline -0.003 -19"><span class='ocrx_word' id='word_1_708' title='bbox 430 5272 548 5333; x_wconf 77' lang='grc' dir='ltr'>Οίῖθ</span> <span class='ocrx_word' id='word_1_709' title='bbox 580 5272 629 5348; x_wconf 73' lang='grc'>1,</span> <span class='ocrx_word' id='word_1_710' title='bbox 662 5297 851 5352; x_wconf 78' lang='grc' dir='ltr'>στροφ.</span> <span class='ocrx_word' id='word_1_711' title='bbox 879 5278 946 5351; x_wconf 84' lang='grc' dir='ltr'>γ’,</span> <span class='ocrx_word' id='word_1_712' title='bbox 980 5272 1172 5349; x_wconf 80' lang='grc' dir='ltr'>έπῳδ..</span> <span class='ocrx_word' id='word_1_713' title='bbox 1196 5272 1337 5332; x_wconf 72' lang='grc' dir='ltr'>κώλ.</span> <span class='ocrx_word' id='word_1_714' title='bbox 1369 5275 1442 5344; x_wconf 86' lang='grc' dir='ltr'>η’.</span> 
     </span>
    </p>
   </div>
   <div class='ocr_carea' id='block_1_94' title="bbox 572 5364 1220 5441">
    <p class='ocr_par' dir='ltr' id='par_1_94' title="bbox 572 5364 1220 5441">
     <span class='ocr_line' id='line_1_96' title="bbox 572 5364 1220 5441; baseline 0 -22"><span class='ocrx_word' id='word_1_715' title='bbox 572 5366 648 5441; x_wconf 31' lang='grc' dir='ltr'>Τὸ.</span> <span class='ocrx_word' id='word_1_716' title='bbox 672 5364 786 5441; x_wconf 22' lang='grc' dir='ltr'>γαρ,</span> <span class='ocrx_word' id='word_1_717' title='bbox 805 5364 1005 5419; x_wconf 80' lang='grc' dir='ltr'>οἰκεῖον</span> <span class='ocrx_word' id='word_1_718' title='bbox 1031 5364 1220 5441; x_wconf 63' lang='grc' dir='ltr'>Δπιέζει</span> 
     </span>
    </p>
   </div>
   <div class='ocr_carea' id='block_1_95' title="bbox 573 5433 1725 5510">
    <p class='ocr_par' dir='ltr' id='par_1_95' title="bbox 573 5433 1725 5510">
     <span class='ocr_line' id='line_1_97' title="bbox 573 5433 1725 5510; baseline -0.001 -20"><span class='ocrx_word' id='word_1_719' title='bbox 573 5433 917 5510; x_wconf 71' lang='grc' dir='ltr'>ΙΙάνθ”ὁμῶς</span> <span class='ocrx_word' id='word_1_720' title='bbox 948 5456 960 5470; x_wconf 82' lang='grc'><em>’</em></span> <span class='ocrx_word' id='word_1_721' title='bbox 982 5433 1165 5510; x_wconf 24' lang='grc' dir='ltr'>λερθὺς</span> <span class='ocrx_word' id='word_1_722' title='bbox 1185 5433 1230 5490; x_wconf 86' lang='grc' dir='ltr'>δ’</span> <span class='ocrx_word' id='word_1_723' title='bbox 1263 5437 1498 5510; x_wconf 69' lang='grc' dir='ltr'>ἀπήμων</span> <span class='ocrx_word' id='word_1_724' title='bbox 1528 5433 1725 5510; x_wconf 80' lang='grc' dir='ltr'>καρδία</span> 
     </span>
    </p>
   </div>
   <div class='ocr_carea' id='block_1_96' title="bbox 573 5505 1258 5586">
    <p class='ocr_par' dir='ltr' id='par_1_96' title="bbox 573 5505 1258 5586">
     <span class='ocr_line' id='line_1_98' title="bbox 573 5505 1258 5586; baseline 0.006 -25"><span class='ocrx_word' id='word_1_725' title='bbox 573 5505 746 5570; x_wconf 78' lang='grc' dir='ltr'>Κᾶδος</span> <span class='ocrx_word' id='word_1_726' title='bbox 780 5505 912 5586; x_wconf 79' lang='grc' dir='ltr'>ἄμφ’</span> <span class='ocrx_word' id='word_1_727' title='bbox 946 5506 1258 5585; x_wconf 84' lang='grc' dir='ltr'>ἀλλότριον.</span> 
     </span>
    </p>
   </div>
   <div class='ocr_carea' id='block_1_97' title="bbox 431 5597 1307 5674">
    <p class='ocr_par' dir='ltr' id='par_1_97' title="bbox 431 5597 1307 5674">
     <span class='ocr_line' id='line_1_99' title="bbox 431 5597 1307 5674; baseline 0.001 -21"><span class='ocrx_word' id='word_1_728' title='bbox 431 5597 582 5654; x_wconf 80' lang='lat' dir='ltr'>Mala</span> <span class='ocrx_word' id='word_1_729' title='bbox 609 5602 761 5656; x_wconf 79' lang='lat' dir='ltr'>enim</span> <span class='ocrx_word' id='word_1_730' title='bbox 788 5604 1018 5674; x_wconf 77' lang='lat' dir='ltr'>propria</span> <span class='ocrx_word' id='word_1_731' title='bbox 1041 5608 1307 5670; x_wconf 79' lang='lat' dir='ltr'>premunt</span> 
     </span>
    </p>
   </div>
   <div class='ocr_carea' id='block_1_98' title="bbox 436 5670 2085 5747">
    <p class='ocr_par' dir='ltr' id='par_1_98' title="bbox 436 5670 2085 5747">
     <span class='ocr_line' id='line_1_100' title="bbox 436 5670 2085 5747; baseline -0.001 -21"><span class='ocrx_word' id='word_1_732' title='bbox 436 5670 913 5747; x_wconf 27' lang='lat' dir='ltr'>(Alnumguemquei</span> <span class='ocrx_word' id='word_1_733' title='bbox 940 5674 1153 5747; x_wconf 72' lang='lat' dir='ltr'>pariter</span> <span class='ocrx_word' id='word_1_734' title='bbox 1164 5689 1184 5735; x_wconf 87' lang='grc'><em>;</em></span> <span class='ocrx_word' id='word_1_735' title='bbox 1238 5688 1429 5729; x_wconf 82' lang='lat' dir='ltr'>verum</span> <span class='ocrx_word' id='word_1_736' title='bbox 1475 5687 1567 5728; x_wconf 83' lang='lat' dir='ltr'>cor</span> <span class='ocrx_word' id='word_1_737' title='bbox 1596 5673 1787 5730; x_wconf 72' lang='lat' dir='ltr'>statim</span> <span class='ocrx_word' id='word_1_738' title='bbox 1838 5670 2085 5747; x_wconf 66' lang='lat' dir='ltr'>mroris</span> 
     </span>
    </p>
   </div>
   <div class='ocr_carea' id='block_1_99' title="bbox 436 5743 2083 5818">
    <p class='ocr_par' dir='ltr' id='par_1_99' title="bbox 436 5743 2083 5818">
     <span class='ocr_line' id='line_1_101' title="bbox 436 5743 2083 5818; baseline 0 -19"><span class='ocrx_word' id='word_1_739' title='bbox 436 5743 565 5801; x_wconf 78' lang='lat' dir='ltr'>Cum</span> <span class='ocrx_word' id='word_1_740' title='bbox 594 5743 659 5804; x_wconf 68' lang='lat' dir='ltr'>de</span> <span class='ocrx_word' id='word_1_741' title='bbox 681 5743 862 5804; x_wconf 73' lang='lat' dir='ltr'>alieiw</span> <span class='ocrx_word' id='word_1_742' title='bbox 897 5743 1051 5804; x_wconf 65' lang='lat' dir='ltr'>luctu</span> <span class='ocrx_word' id='word_1_743' title='bbox 1079 5747 1292 5818; x_wconf 80' lang='lat' dir='ltr'>agitur.</span> <span class='ocrx_word' id='word_1_744' title='bbox 1850 5744 2083 5816; x_wconf 53' lang='lat' dir='ltr'>[expers</span> 
     </span>
    </p>
   </div>
   <div class='ocr_carea' id='block_1_100' title="bbox 2259 4294 3841 4380">
    <p class='ocr_par' dir='ltr' id='par_1_100' title="bbox 2259 4294 3841 4380">
     <span class='ocr_line' id='line_1_102' title="bbox 2259 4294 3841 4380; baseline -0.004 -20"><span class='ocrx_word' id='word_1_745' title='bbox 2259 4307 2371 4362; x_wconf 89' lang='lat' dir='ltr'>PB&#39;.</span> <span class='ocrx_word' id='word_1_746' title='bbox 2423 4303 2729 4379; x_wconf 83' lang='grc' dir='ltr'>ἸΙμέτεροι,</span> <span class='ocrx_word' id='word_1_747' title='bbox 2790 4300 2976 4380; x_wconf 83' lang='grc' dir='ltr'>φησὶν,</span> <span class='ocrx_word' id='word_1_748' title='bbox 3026 4301 3078 4356; x_wconf 76' lang='grc' dir='ltr'>οἱ</span> <span class='ocrx_word' id='word_1_749' title='bbox 3137 4297 3321 4377; x_wconf 88' lang='grc' dir='ltr'>λόγοι,</span> <span class='ocrx_word' id='word_1_750' title='bbox 3384 4298 3473 4355; x_wconf 83' lang='grc' dir='ltr'>καὶ</span> <span class='ocrx_word' id='word_1_751' title='bbox 3528 4298 3590 4354; x_wconf 85' lang='grc' dir='ltr'>τὸ</span> <span class='ocrx_word' id='word_1_752' title='bbox 3634 4294 3841 4368; x_wconf 82' lang='grc' dir='ltr'>Ἑλλη-</span> 
     </span>
    </p>
   </div>
   <div class='ocr_carea' id='block_1_101' title="bbox 2279 4545 3838 4627">
    <p class='ocr_par' dir='ltr' id='par_1_101' title="bbox 2279 4545 3838 4627">
     <span class='ocr_line' id='line_1_103' title="bbox 2279 4545 3838 4627; baseline -0.008 -16"><span class='ocrx_word' id='word_1_753' title='bbox 2279 4556 2371 4627; x_wconf 93' lang='grc'>91)</span> <span class='ocrx_word' id='word_1_754' title='bbox 2400 4550 2544 4627; x_wconf 42' lang='grc' dir='ltr'>Εἷέτι</span> <span class='ocrx_word' id='word_1_755' title='bbox 2571 4556 2704 4627; x_wconf 80' lang='grc' dir='ltr'>τῶν,</span> <span class='ocrx_word' id='word_1_756' title='bbox 2762 4556 2871 4627; x_wconf 62' lang='lat' dir='ltr'>etc.</span> <span class='ocrx_word' id='word_1_757' title='bbox 2931 4554 3063 4627; x_wconf 59' lang='lat' dir='ltr'>Reg.</span> <span class='ocrx_word' id='word_1_758' title='bbox 3114 4551 3236 4627; x_wconf 81' lang='lat' dir='ltr'>bm_,</span> <span class='ocrx_word' id='word_1_759' title='bbox 3295 4553 3353 4607; x_wconf 87' lang='lat' dir='ltr'>et</span> <span class='ocrx_word' id='word_1_760' title='bbox 3394 4548 3523 4606; x_wconf 86' lang='lat' dir='ltr'>Bill.</span> <span class='ocrx_word' id='word_1_761' title='bbox 3575 4545 3838 4627; x_wconf 47' lang='lat'>£3511».</span> 
     </span>
    </p>
   </div>
   <div class='ocr_carea' id='block_1_102' title="bbox 2109 4558 3841 4701">
    <p class='ocr_par' dir='ltr' id='par_1_102' title="bbox 2109 4558 3841 4701">
     <span class='ocr_line' id='line_1_104' title="bbox 2261 4558 3838 4683; baseline -0.008 -72"><span class='ocrx_word' id='word_1_762' title='bbox 2261 4558 2371 4683; x_wconf 68' lang='grc'>(91)</span> <span class='ocrx_word' id='word_1_763' title='bbox 2400 4558 2704 4620; x_wconf 78' lang='grc' dir='ltr'>Εἴτιτῶν,</span> <span class='ocrx_word' id='word_1_764' title='bbox 2762 4558 2871 4610; x_wconf 83' lang='lat' dir='ltr'>etc.</span> <span class='ocrx_word' id='word_1_765' title='bbox 2931 4558 3063 4621; x_wconf 78' lang='lat' dir='ltr'>Reg.</span> <span class='ocrx_word' id='word_1_766' title='bbox 3115 4558 3236 4618; x_wconf 88' lang='lat' dir='ltr'>bm,</span> <span class='ocrx_word' id='word_1_767' title='bbox 3295 4558 3353 4607; x_wconf 87' lang='lat' dir='ltr'>et</span> <span class='ocrx_word' id='word_1_768' title='bbox 3396 4558 3523 4606; x_wconf 76' lang='lat' dir='ltr'>Blll.</span> <span class='ocrx_word' id='word_1_769' title='bbox 3575 4558 3623 4601; x_wconf 73' lang='grc' dir='ltr'>εἰ</span> <span class='ocrx_word' id='word_1_770' title='bbox 3651 4568 3701 4631; x_wconf 73' lang='grc' dir='ltr'>τι</span> <span class='ocrx_word' id='word_1_771' title='bbox 3731 4558 3838 4630; x_wconf 70' lang='grc' dir='ltr'>τῶν</span> 
     </span>
     <span class='ocr_line' id='line_1_105' title="bbox 2109 4620 3841 4701; baseline -0.005 -19"><span class='ocrx_word' id='word_1_772' title='bbox 2109 4637 2155 4701; x_wconf 82' lang='grc' dir='ltr'>Ι)</span> <span class='ocrx_word' id='word_1_773' title='bbox 2186 4625 2256 4701; x_wconf 78' lang='grc' dir='ltr'>ἄλ</span> <span class='ocrx_word' id='word_1_774' title='bbox 2301 4648 2373 4681; x_wconf 87' lang='grc' dir='ltr'>ων</span> <span class='ocrx_word' id='word_1_775' title='bbox 2406 4626 2584 4701; x_wconf 77' lang='grc' dir='ltr'>λόγων</span> <span class='ocrx_word' id='word_1_776' title='bbox 2634 4626 2733 4694; x_wconf 77' lang='grc' dir='ltr'>τὴν</span> <span class='ocrx_word' id='word_1_777' title='bbox 2769 4623 2899 4700; x_wconf 72' lang='grc' dir='ltr'>ὑπὲρ</span> <span class='ocrx_word' id='word_1_778' title='bbox 2924 4621 3146 4701; x_wconf 29' lang='grc' dir='ltr'>μλόγον.</span> <span class='ocrx_word' id='word_1_779' title='bbox 3203 4623 3412 4701; x_wconf 73' lang='lat' dir='ltr'>Postea</span> <span class='ocrx_word' id='word_1_780' title='bbox 3456 4636 3591 4701; x_wconf 70' lang='lat' dir='ltr'>vero</span> <span class='ocrx_word' id='word_1_781' title='bbox 3630 4620 3841 4701; x_wconf 44' lang='lat' dir='ltr'>_B‘il&#39;hus</span> 
     </span>
    </p>
   </div>
   <div class='ocr_carea' id='block_1_103' title="bbox 2191 4686 3839 4773">
    <p class='ocr_par' dir='ltr' id='par_1_103' title="bbox 2191 4686 3839 4773">
     <span class='ocr_line' id='line_1_106' title="bbox 2191 4686 3839 4773; baseline -0.006 -20"><span class='ocrx_word' id='word_1_782' title='bbox 2191 4698 2369 4773; x_wconf 62' lang='grc' dir='ltr'>λόγων</span> <span class='ocrx_word' id='word_1_783' title='bbox 2404 4686 2657 4773; x_wconf 10' lang='grc' dir='ltr'>θιῄλόγον</span> <span class='ocrx_word' id='word_1_784' title='bbox 2688 4686 2987 4770; x_wconf 65' lang='lat' dir='ltr'>expunxit.</span> <span class='ocrx_word' id='word_1_785' title='bbox 3040 4686 3207 4751; x_wconf 73' lang='lat' dir='ltr'>Pass.</span> <span class='ocrx_word' id='word_1_786' title='bbox 3269 4690 3323 4747; x_wconf 80' lang='grc' dir='ltr'>εἷ’</span> <span class='ocrx_word' id='word_1_787' title='bbox 3343 4712 3429 4755; x_wconf 91' lang='grc' dir='ltr'>τις</span> <span class='ocrx_word' id='word_1_788' title='bbox 3455 4695 3560 4746; x_wconf 82' lang='grc' dir='ltr'>τῶν</span> <span class='ocrx_word' id='word_1_789' title='bbox 3622 4686 3839 4766; x_wconf 81' lang='grc' dir='ltr'>ἀλόγων</span> 
     </span>
    </p>
   </div>
   <div class='ocr_carea' id='block_1_104' title="bbox 2190 4769 2648 4845">
    <p class='ocr_par' dir='ltr' id='par_1_104' title="bbox 2190 4769 2648 4845">
     <span class='ocr_line' id='line_1_107' title="bbox 2190 4769 2648 4845; baseline 0 -20"><span class='ocrx_word' id='word_1_790' title='bbox 2190 4769 2366 4845; x_wconf 82' lang='grc' dir='ltr'>λόγῳ,</span> <span class='ocrx_word' id='word_1_791' title='bbox 2408 4771 2511 4845; x_wconf 79' lang='grc' dir='ltr'>τήν</span> <span class='ocrx_word' id='word_1_792' title='bbox 2542 4769 2648 4845; x_wconf 78' lang='lat' dir='ltr'>etc.</span> 
     </span>
    </p>
   </div>
   <div class='ocr_carea' id='block_1_105' title="bbox 2258 4832 3617 4917">
    <p class='ocr_par' dir='ltr' id='par_1_105' title="bbox 2258 4832 3617 4917">
     <span class='ocr_line' id='line_1_108' title="bbox 2258 4832 3617 4917; baseline -0.006 -18"><span class='ocrx_word' id='word_1_793' title='bbox 2404 4832 2864 4914; x_wconf 77' lang='grc' dir='ltr'>Ἀπειλουμὲνων.</span> <span class='ocrx_word' id='word_1_794' title='bbox 2897 4838 3172 4917; x_wconf 76' lang='lat' dir='ltr'>Montac.,</span> <span class='ocrx_word' id='word_1_795' title='bbox 3202 4832 3617 4917; x_wconf 74' lang='grc' dir='ltr'>ἡπειλημένων.</span> 
     </span>
    </p>
   </div>
   <div class='ocr_carea' id='block_1_106' title="bbox 2260 4914 3841 4998">
    <p class='ocr_par' dir='ltr' id='par_1_106' title="bbox 2260 4914 3841 4998">
     <span class='ocr_line' id='line_1_109' title="bbox 2260 4914 3841 4998; baseline -0.006 -19"><span class='ocrx_word' id='word_1_796' title='bbox 2260 4914 2371 4998; x_wconf 73' lang='grc'>(98)</span> <span class='ocrx_word' id='word_1_797' title='bbox 2404 4921 2619 4998; x_wconf 68' lang='grc' dir='ltr'>Δόγιος.</span> <span class='ocrx_word' id='word_1_798' title='bbox 2654 4922 2785 4998; x_wconf 86' lang='lat' dir='ltr'>A_1_d.</span> <span class='ocrx_word' id='word_1_799' title='bbox 2821 4925 2879 4978; x_wconf 90' lang='lat' dir='ltr'>et</span> <span class='ocrx_word' id='word_1_800' title='bbox 2904 4924 3073 4998; x_wconf 57' lang='lat' dir='ltr'>fierv.</span> <span class='ocrx_word' id='word_1_801' title='bbox 3105 4914 3302 4998; x_wconf 48' lang='grc' dir='ltr'>λόγοςἒ</span> <span class='ocrx_word' id='word_1_802' title='bbox 3325 4914 3584 4998; x_wconf 75' lang='lat' dir='ltr'>Combef.</span> <span class='ocrx_word' id='word_1_803' title='bbox 3609 4915 3841 4973; x_wconf 87' lang='lat' dir='ltr'>reddit:</span> 
     </span>
    </p>
   </div>
   <div class='ocr_carea' id='block_1_107' title="bbox 2192 4987 3844 5067">
    <p class='ocr_par' dir='ltr' id='par_1_107' title="bbox 2192 4987 3844 5067">
     <span class='ocr_line' id='line_1_110' title="bbox 2192 4987 3844 5067; baseline -0.003 -19"><span class='ocrx_word' id='word_1_804' title='bbox 2192 5018 2221 5048; x_wconf 86' lang='grc'><strong>‹‹</strong></span> <span class='ocrx_word' id='word_1_805' title='bbox 2253 4987 2386 5067; x_wconf 79' lang='lat' dir='ltr'>quis</span> <span class='ocrx_word' id='word_1_806' title='bbox 2414 4987 2655 5051; x_wconf 69' lang='lat' dir='ltr'>eruditas</span> <span class='ocrx_word' id='word_1_807' title='bbox 2685 4994 2898 5067; x_wconf 80' lang='lat' dir='ltr'>linguae</span> <span class='ocrx_word' id='word_1_808' title='bbox 2933 4987 3303 5048; x_wconf 83' lang='lat' dir='ltr'>Mercurius?</span> <span class='ocrx_word' id='word_1_809' title='bbox 3329 5010 3358 5038; x_wconf 85' lang='lat'><strong>»</strong></span> <span class='ocrx_word' id='word_1_810' title='bbox 3390 4987 3501 5059; x_wconf 88' lang='lat' dir='ltr'>vel,</span> <span class='ocrx_word' id='word_1_811' title='bbox 3533 5010 3563 5039; x_wconf 90' lang='grc'>‹‹</span> <span class='ocrx_word' id='word_1_812' title='bbox 3621 5004 3844 5044; x_wconf 84' lang='lat' dir='ltr'>sermo-</span> 
     </span>
    </p>
   </div>
   <div class='ocr_carea' id='block_1_108' title="bbox 2191 5068 2625 5139">
    <p class='ocr_par' dir='ltr' id='par_1_108' title="bbox 2191 5068 2625 5139">
     <span class='ocr_line' id='line_1_111' title="bbox 2191 5068 2625 5139; baseline -0.002 -16"><span class='ocrx_word' id='word_1_813' title='bbox 2191 5084 2334 5124; x_wconf 91' lang='lat' dir='ltr'>num</span> <span class='ocrx_word' id='word_1_814' title='bbox 2365 5083 2580 5139; x_wconf 69' lang='lat' dir='ltr'>praeses</span> <span class='ocrx_word' id='word_1_815' title='bbox 2597 5068 2625 5121; x_wconf 78' lang='lat' dir='ltr'>‘I</span> 
     </span>
    </p>
   </div>
   <div class='ocr_carea' id='block_1_109' title="bbox 2262 5138 3846 5220">
    <p class='ocr_par' dir='ltr' id='par_1_109' title="bbox 2262 5138 3846 5220">
     <span class='ocr_line' id='line_1_112' title="bbox 2262 5138 3846 5220; baseline -0.003 -21"><span class='ocrx_word' id='word_1_816' title='bbox 2262 5138 2383 5220; x_wconf 84' lang='grc'>(94)</span> <span class='ocrx_word' id='word_1_817' title='bbox 2404 5144 2682 5220; x_wconf 80' lang='grc' dir='ltr'>Τελχῖνες.</span> <span class='ocrx_word' id='word_1_818' title='bbox 2719 5168 2740 5195; x_wconf 80' lang='grc' dir='ltr'>ι</span> <span class='ocrx_word' id='word_1_819' title='bbox 2778 5142 3253 5215; x_wconf 77' lang='lat' dir='ltr'>Praestigiatores.</span> <span class='ocrx_word' id='word_1_820' title='bbox 3299 5161 3329 5191; x_wconf 92' lang='lat'><strong>»</strong></span> <span class='ocrx_word' id='word_1_821' title='bbox 3360 5143 3487 5197; x_wconf 82' lang='lat' dir='ltr'>Vox</span> <span class='ocrx_word' id='word_1_822' title='bbox 3520 5138 3785 5196; x_wconf 85' lang='lat' dir='ltr'>derivata</span> <span class='ocrx_word' id='word_1_823' title='bbox 3812 5155 3846 5194; x_wconf 77' lang='grc' dir='ltr'>ιι</span> 
     </span>
    </p>
   </div>
   <div class='ocr_carea' id='block_1_110' title="bbox 2191 5215 2803 5292">
    <p class='ocr_par' dir='ltr' id='par_1_110' title="bbox 2191 5215 2803 5292">
     <span class='ocr_line' id='line_1_113' title="bbox 2191 5215 2803 5292; baseline 0.002 -21"><span class='ocrx_word' id='word_1_824' title='bbox 2191 5215 2394 5292; x_wconf 77' lang='grc' dir='ltr'>Θέλγω,</span> <span class='ocrx_word' id='word_1_825' title='bbox 2433 5240 2461 5268; x_wconf 90' lang='grc'><em>‹‹</em></span> <span class='ocrx_word' id='word_1_826' title='bbox 2493 5215 2739 5274; x_wconf 73' lang='lat' dir='ltr'>mulceo.</span> <span class='ocrx_word' id='word_1_827' title='bbox 2776 5237 2803 5267; x_wconf 83' lang='grc'><strong>››</strong></span> 
     </span>
    </p>
   </div>
   <div class='ocr_carea' id='block_1_111' title="bbox 2265 5285 3842 5371">
    <p class='ocr_par' dir='ltr' id='par_1_111' title="bbox 2265 5285 3842 5371">
     <span class='ocr_line' id='line_1_114' title="bbox 2265 5285 3842 5371; baseline -0.006 -18"><span class='ocrx_word' id='word_1_828' title='bbox 2265 5285 2461 5371; x_wconf 75' lang='grc' dir='ltr'>(95)Εἱ</span> <span class='ocrx_word' id='word_1_829' title='bbox 2489 5294 2699 5371; x_wconf 74' lang='grc' dir='ltr'>βούλει.</span> <span class='ocrx_word' id='word_1_830' title='bbox 2738 5296 2892 5371; x_wconf 77' lang='lat' dir='ltr'>Ald.,</span> <span class='ocrx_word' id='word_1_831' title='bbox 2951 5294 3142 5371; x_wconf 61' lang='lat' dir='ltr'>gem,</span> <span class='ocrx_word' id='word_1_832' title='bbox 3192 5296 3453 5371; x_wconf 46' lang='lat' dir='ltr'>Montes,</span> <span class='ocrx_word' id='word_1_833' title='bbox 3500 5285 3842 5371; x_wconf 61' lang='lat' dir='ltr'>addunt_8t.</span> 
     </span>
    </p>
   </div>
   <div class='ocr_carea' id='block_1_112' title="bbox 2193 5360 3844 5497">
    <p class='ocr_par' dir='ltr' id='par_1_112' title="bbox 2193 5360 3844 5497">
     <span class='ocr_line' id='line_1_115' title="bbox 2193 5360 3844 5497; baseline -0.007 -70"><span class='ocrx_word' id='word_1_834' title='bbox 2193 5360 2373 5497; x_wconf 45' lang='lat' dir='ltr'>lge‘est&#39;</span> <span class='ocrx_word' id='word_1_835' title='bbox 2395 5369 2461 5442; x_wconf 82' lang='grc' dir='ltr'>εἰ,</span> <span class='ocrx_word' id='word_1_836' title='bbox 2490 5360 2554 5426; x_wconf 81' lang='lat' dir='ltr'>in</span> <span class='ocrx_word' id='word_1_837' title='bbox 2584 5368 2832 5426; x_wconf 89' lang='lat' dir='ltr'>Colbert.</span> <span class='ocrx_word' id='word_1_838' title='bbox 2865 5360 2919 5437; x_wconf 87' lang='lat'>3,</span> <span class='ocrx_word' id='word_1_839' title='bbox 2951 5367 3047 5423; x_wconf 89' lang='lat' dir='ltr'>Or.</span> <span class='ocrx_word' id='word_1_840' title='bbox 3082 5360 3135 5436; x_wconf 76' lang='grc'>1,</span> <span class='ocrx_word' id='word_1_841' title='bbox 3160 5369 3274 5424; x_wconf 85' lang='lat' dir='ltr'>etc.</span> <span class='ocrx_word' id='word_1_842' title='bbox 3315 5363 3531 5438; x_wconf 83' lang='lat' dir='ltr'>Regius</span> <span class='ocrx_word' id='word_1_843' title='bbox 3571 5363 3613 5434; x_wconf 89' lang='lat'>1,</span> <span class='ocrx_word' id='word_1_844' title='bbox 3642 5362 3681 5431; x_wconf 73' lang='grc' dir='ltr'><strong>ἢ</strong></span> <span class='ocrx_word' id='word_1_845' title='bbox 3716 5360 3844 5438; x_wconf 76' lang='grc' dir='ltr'>βού-</span> 
     </span>
     <span class='ocr_line' id='line_1_116' title="bbox 2236 5462 2303 5497; baseline 0 -1"><span class='ocrx_word' id='word_1_846' title='bbox 2236 5462 2303 5497; x_wconf 83' lang='grc' dir='ltr'>ει.</span> 
     </span>
    </p>
   </div>
   <div class='ocr_carea' id='block_1_113' title="bbox 2236 5462 2303 5498">
    <p class='ocr_par' dir='ltr' id='par_1_113' title="bbox 2236 5462 2303 5498">
     <span class='ocr_line' id='line_1_117' title="bbox 2236 5462 2303 5498; baseline 0.015 -2"><span class='ocrx_word' id='word_1_847' title='bbox 2236 5462 2303 5498; x_wconf 90' lang='grc' dir='ltr'>ει.</span> 
     </span>
    </p>
   </div>
   <div class='ocr_carea' id='block_1_114' title="bbox 2267 5505 3058 5583">
    <p class='ocr_par' dir='ltr' id='par_1_114' title="bbox 2267 5505 3058 5583">
     <span class='ocr_line' id='line_1_118' title="bbox 2267 5505 3058 5583; baseline -0.008 -13"><span class='ocrx_word' id='word_1_848' title='bbox 2267 5515 2377 5583; x_wconf 89' lang='grc'>(96)</span> <span class='ocrx_word' id='word_1_849' title='bbox 2402 5512 2591 5583; x_wconf 56' lang='lat' dir='ltr'>&quot;his.</span> <span class='ocrx_word' id='word_1_850' title='bbox 2625 5510 2785 5569; x_wconf 88' lang='lat' dir='ltr'>Colb.</span> <span class='ocrx_word' id='word_1_851' title='bbox 2815 5512 2870 5566; x_wconf 92' lang='lat'>8.</span> <span class='ocrx_word' id='word_1_852' title='bbox 2904 5507 2977 5563; x_wconf 73' lang='grc' dir='ltr'>’ίν’</span> <span class='ocrx_word' id='word_1_853' title='bbox 3007 5505 3058 5564; x_wconf 77' lang='grc' dir='ltr'>ὅ.</span> 
     </span>
    </p>
   </div>
   <div class='ocr_carea' id='block_1_115' title="bbox 2266 5581 3164 5657">
    <p class='ocr_par' dir='ltr' id='par_1_115' title="bbox 2266 5581 3164 5657">
     <span class='ocr_line' id='line_1_119' title="bbox 2266 5581 3164 5657; baseline -0.003 -18"><span class='ocrx_word' id='word_1_854' title='bbox 2266 5581 2377 5657; x_wconf 86' lang='grc'>(97)</span> <span class='ocrx_word' id='word_1_855' title='bbox 2406 5581 2618 5655; x_wconf 79' lang='grc' dir='ltr'>Τούτῳ.</span> <span class='ocrx_word' id='word_1_856' title='bbox 2652 5584 2792 5656; x_wconf 86' lang='lat' dir='ltr'>Reg.</span> <span class='ocrx_word' id='word_1_857' title='bbox 2825 5583 2945 5650; x_wconf 89' lang='lat' dir='ltr'>bm,</span> <span class='ocrx_word' id='word_1_858' title='bbox 2975 5583 3164 5636; x_wconf 79' lang='grc' dir='ltr'>τοῦτο.</span> 
     </span>
    </p>
   </div>
   <div class='ocr_carea' id='block_1_116' title="bbox 2265 5658 3843 5737">
    <p class='ocr_par' dir='ltr' id='par_1_116' title="bbox 2265 5658 3843 5737">
     <span class='ocr_line' id='line_1_120' title="bbox 2265 5658 3843 5737; baseline -0.003 -16"><span class='ocrx_word' id='word_1_859' title='bbox 2265 5667 2378 5737; x_wconf 89' lang='grc'>(98)</span> <span class='ocrx_word' id='word_1_860' title='bbox 2408 5662 2742 5737; x_wconf 85' lang='grc' dir='ltr'>’Δπόκριναι.</span> <span class='ocrx_word' id='word_1_861' title='bbox 2777 5666 3039 5732; x_wconf 84' lang='lat' dir='ltr'>Quatuor</span> <span class='ocrx_word' id='word_1_862' title='bbox 3065 5660 3225 5721; x_wconf 89' lang='lat' dir='ltr'>Colb.</span> <span class='ocrx_word' id='word_1_863' title='bbox 3256 5658 3537 5737; x_wconf 77' lang='grc' dir='ltr'>ἀπόκρινι.</span> <span class='ocrx_word' id='word_1_864' title='bbox 3558 5660 3649 5718; x_wconf 60' lang='lat' dir='ltr'>It.</span> <span class='ocrx_word' id='word_1_865' title='bbox 3666 5658 3843 5718; x_wconf 81' lang='lat' dir='ltr'>etiam</span> 
     </span>
    </p>
   </div>
   <div class='ocr_carea' id='block_1_117' title="bbox 2190 5737 2824 5811">
    <p class='ocr_par' dir='ltr' id='par_1_117' title="bbox 2190 5737 2824 5811">
     <span class='ocr_line' id='line_1_121' title="bbox 2190 5737 2824 5811; baseline -0.003 -16"><span class='ocrx_word' id='word_1_866' title='bbox 2190 5743 2359 5797; x_wconf 84' lang='lat' dir='ltr'>Pass.</span> <span class='ocrx_word' id='word_1_867' title='bbox 2391 5737 2491 5811; x_wconf 86' lang='lat' dir='ltr'>qui</span> <span class='ocrx_word' id='word_1_868' title='bbox 2515 5737 2677 5797; x_wconf 84' lang='lat' dir='ltr'>addit</span> <span class='ocrx_word' id='word_1_869' title='bbox 2708 5754 2824 5810; x_wconf 76' lang='grc' dir='ltr'>μοι.</span> 
     </span>
    </p>
   </div>
  </div>
