4202 6212
316 426 437 488 637

1312 429 1603 492 ORATIO
1646 429 1752 493 IV.
1787 460 1865 476 —
1897 428 2213 491 CONTRA
2254 429 2655 492 JULIANUM
2699 429 2747 491 I.

3616 430 3737 493 638

317 556 508 630 νίζειν,
568 557 641 612 ὤν
700 556 789 613 καὶ
849 559 910 613 τὸ
962 554 1134 615 σέϐειν
1364 560 1548 623 θεούςο
1608 561 1759 633 ὑμῶν
1820 558 1880 615 δὲ
1933 561 1962 630 ἢ

2089 561 2358 630 Graecari,
2391 566 2573 635 utpote
2601 580 2834 635 quorum
2863 564 3035 618 etiam
3062 564 3133 619 sit
3163 563 3291 619 deos
3321 564 3614 619 venerari:
3638 581 3731 621 ve-

319 646 523 722 ἀλογία
578 647 667 702 καὶ
727 650 763 717 ἡ
823 647 1095 725 ἀγροικία*
1155 650 1244 704 καὶ
1305 648 1456 705 οὐδὶν
1518 652 1650 728 ὑπὲρ
1700 650 1763 705 τὸ
1797 695 1810 721 ,
1872 650 1973 705 Πί-

322 757 561 808 στευσον,
620 744 721 807 τῆς
778 738 1039 814 ὑμετέρας
1096 739 1205 794 ἐστὶ
1265 740 1475 817 σοφίας.
1536 740 1648 797 Οὐκ
1705 740 1762 794 ἃν
1827 741 1919 813 μὲν
1957 782 1974 809 ,

323 828 503 899 οἶμαι,
538 826 734 881 τούτου
783 827 1203 903 καταγελάσαιεν
1256 830 1306 884 οἱ
1355 830 1481 905 παρ’
1530 830 1656 902 ὑμῖν
1706 830 1773 884 τὰ
1802 832 1973 883 Πυθα-

320 916 492 992 γόρου
523 916 966 995 φιλοσοφοῦντες,
1012 919 1095 980 οἷς
1123 920 1206 989 τὸ,
1261 918 1430 979 Αὐτὸς
1468 916 1567 994 ἔφα
1597 921 1695 992 (1),
1727 919 1789 973 τὸ
1819 922 1970 994 πρῶ-

320 1028 417 1062 τον
444 1005 535 1061 καί
567 1006 820 1081 μέγιστόδ
875 1006 982 1061 ἐστι
1033 1012 1142 1062 τῶν
1185 1005 1493 1084 δογμάτων,
1542 1010 1631 1062 καὶ
1676 1012 1783 1062 τῶν
1830 1014 1970 1081 Χρυ-

322 1100 432 1151 σῶν
464 1096 630 1163 έπῶν,
676 1095 772 1150 εἴτ’
818 1093 908 1149 οὖν
965 1091 1216 1168 μολιὸὧν
1265 1100 1343 1170 (2)
1391 1097 1776 1174 αἱρετώτερον.
1824 1098 1973 1154 Μετὰ

318 1187 423 1262 γὰρ
469 1186 569 1254 τήν
619 1187 844 1261 πρώτην
901 1185 991 1239 καὶ
1048 1184 1437 1259 πολυύμνητον
1494 1191 1609 1249 τοῖς
1653 1186 1721 1240 τὰ
1765 1184 1971 1240 ἐκείνου

318 1275 677 1348 τελουμένοις
728 1272 1051 1353 φιλοσοφίαν
1097 1278 1199 1344 τῆς
1240 1282 1452 1345 σιωπῆς
1496 1279 1616 1349 (8),
1661 1274 1755 1330 ’ίνα
1802 1274 1972 1351 λόγου

328 1360 499 1441 μέτρα
553 1369 634 1435 τῷ
692 1370 899 1435 σιωπᾷν
956 1366 1287 1435 ἀσκηθῶσιν,
1346 1364 1605 1439 ἔννομον,
1666 1364 1850 1443 φησίν,
1904 1368 1970 1433 ἦν

323 1454 505 1509 ὁτιοῦν
538 1458 645 1508 τῶν
693 1451 979 1529 δογμάτων
1022 1453 1423 1530 ἐρωτωμένοις,
1473 1451 1637 1510 ἔπειτ’
1684 1456 1975 1533 ἀποφαινο-

324 1544 512 1618 μένοις
542 1545 643 1615 (4),
664 1542 1065 1615 ἀπαιτουμένου
1086 1544 1176 1598 καὶ
1198 1542 1392 1620 λόγου,
1412 1542 1551 1601 ἄλλο
1588 1546 1681 1619 μὲν
1706 1542 1873 1619 μηδὲν
1900 1546 1975 1619 (5)

319 1631 754 1709 ἀποκρίνεσθαι,
805 1632 886 1688 ὅτι
936 1630 991 1688 δὲ
1036 1633 1325 1712 Πυθαγόρᾳ
1379 1636 1524 1689 τοῦτ’
1580 1632 1662 1705 alii;
1718 1632 1976 1710 δεδογμέ-

315 1742 434 1778 νον·
492 1722 583 1777 καὶ
643 1721 805 1799 λόγον
874 1724 1006 1777 εἷναι
1054 1727 1151 1778 τοῦ
1209 1721 1526 1799 δόγματος,
1579 1726 1641 1779 τὸ
1699 1723 1972 1797 παρασττὶν

320 1810 513 1884 Ξκείνῳ
569 1813 668 1885 (6),
730 1810 1013 1868 ἀνεύθυνόν
1072 1834 1130 1867 τε
1320 1813 1409 1868 καὶ
1467 1808 1838 1869 ἀϐασάνιστοψ
1900 1813 1974 1875 είς

2081 656 2195 708 atra
2224 656 2405 706 autem
2434 657 2509 707 est
2543 654 2815 709 :tolidz'tas
2846 659 2899 707 et
2932 654 3231 714 rusticitas.
3283 669 3383 708 nec
3428 654 3725 726 quidquam

2082 741 2258 807 aliud,
2292 758 2477 811 quam,
2509 742 2701 813 Crede,
2733 743 2887 798 133
2916 743 3208 814 sapientia
3240 747 3434 800 vestra
3480 750 3578 798 est.
3621 748 3726 800 At-

2082 831 2183 902 qui
2216 831 2343 897 hoc,
2378 834 2442 885 ut
2496 831 2723 904 opinor,
2776 848 2891 887 non
2940 832 3251 901 irriserint,
3288 832 3386 903 qui
3439 834 3594 904 apud
3625 851 3726 891 vos

2081 920 2420 993 Pythagorae
2453 920 2885 994 philosophiam
2917 920 3139 988 colunt,
3173 922 3389 993 quibus
3419 921 3585 991 illud,
3610 926 3727 997 Ipse

2081 1008 2245 1076 dixit,
2261 1010 2603 1081 dogmatum
2627 1011 2892 1066 omnium
2913 1011 3170 1083 primum
3193 1017 3282 1066 est
3302 1018 3357 1066 et
3380 1013 3722 1083 maximum,

2082 1100 2411 1171 aureisque,
2450 1101 2567 1156 imo
2598 1098 2894 1172 plumbeis
2934 1100 3297 1156 carminibus
3329 1105 3726 1173 praestantius.

2081 1188 2310 1244 Etenim
2344 1194 2475 1260 post
2531 1190 2781 1261 primam
2842 1189 3026 1257 illam,
3089 1194 3263 1261 atque
3292 1191 3445 1262 apud
3477 1208 3597 1260 eos,
3630 1194 3729 1265 qui

2083 1277 2242 1332 illius
2266 1278 2498 1350 placitis
2529 1278 2936 1346 initiabantur,
2969 1279 3491 1336 celebratissimam
3518 1280 3733 1339 silentii

2082 1365 2540 1439 philosophiam,
2574 1372 2638 1422 ut
2666 1369 2956 1424 sermonis
2996 1369 3455 1425 moderationem
3486 1372 3731 1427 tacendo

2082 1455 2504 1527 condiscerent,
2529 1456 2808 1513 solemme
2827 1461 2884 1513 et
2904 1457 3187 1513 usitatum
3210 1462 3355 1529 erat,
3379 1459 3449 1513 de
3473 1475 3732 1531 quocun-

2084 1561 2198 1617 que
2230 1546 2501 1617 dogmate
2533 1547 3048 1619 interrogarentur,
3088 1547 3493 1619 rationemque
3523 1565 3729 1621 posce-

2083 1638 2307 1703 rentur,
2341 1634 2486 1690 nihil
2519 1634 2679 1691 aliud
2710 1638 3081 1708 respondere,
3118 1651 3295 1708 quam
3322 1638 3477 1707 quod
3511 1638 3730 1710 Pytha-

2082 1739 2235 1796 gorae
2258 1725 2339 1780 ita
2362 1724 2713 1797 placuisset:
2748 1726 3152 1796 rationemque
3173 1726 3467 1798 dogmatis
3496 1743 3644 1800 esse,
3668 1729 3727 1785 id

2084 1814 2240 1885 quod
2272 1812 2356 1868 illi
2388 1813 2447 1869 in
2481 1818 2738 1870 mentem
2768 1814 3043 1883 venisset,
3076 1814 3148 1870 ab
3180 1814 3341 1871 omni
3370 1816 3634 1872 examine
3666 1833 3733 1872 ac

317 1900 513 1955 ταυτὸν
566 1900 798 1969 ἥκοντος
851 1906 973 1970 τοῦ,
1044 1902 1218 1963 Αὐτὸς
1272 1899 1409 1979 ἔφα,
1466 1907 1545 1975 τῷ
1600 1904 1728 1979 παρ’
1783 1906 1962 1977 ἡμῖν,

317 1989 389 2010 nl
697 1988 711 2010 ἳ
813 1987 902 2010 "\\
1152 1988 1213 2010 \\
1268 1987 1298 2010 ρ
1338 1996 1360 2008 υ
1636 1992 1651 2010 \
1722 1992 1735 2010 ε
1763 1994 1776 2010 ι

2082 1918 2329 1958 censura
2371 1902 2621 1958 liberum
2665 1906 2842 1975 atque
2888 1903 3170 1959 immune.
3206 1904 3311 1973 Ita,
3341 1904 3475 1960 licet
3502 1905 3564 1960 in
3595 1905 3729 1962 aliis

317 1989 635 2057 Πίστευσον,
695 1988 746 2043 ὲν
808 1987 1003 2052 ἄλλαις
1088 1987 1387 2054 συλλαϐαῖς
1442 2012 1501 2047 τε
1562 1992 1653 2047 καὶ
1710 1992 1965 2068 ῥήμασι,

355 2077 399 2133 a‘
474 2079 488 2097 9
724 2078 737 2098 Ι
1109 2077 1133 2096 ἢ
1170 2084 1198 2115 :8
1525 2085 1552 2096 αι
1787 2079 1811 2099 λ
1918 2081 1931 2101 Ι

316 2100 355 2134 κ
397 2099 415 2133 δ
446 2100 491 2133 ει
527 2080 601 2151 μὴ
634 2091 893 2142 παυοισθε
923 2098 1323 2153 κωμῳοοδντες
1353 2083 1431 2154 (8)
1460 2102 1619 2136 τουτο
1648 2081 1737 2136 καὶ
1784 2098 1966 2136 οιασυ-

318 2188 520 2243 ροντες.
580 2166 842 2223 Βούλεται
900 2169 1003 2245 γὰρ
1055 2172 1191 2242 ἡμῖν
1224 2170 1252 2223 ὁ
1289 2168 1456 2245 λόγος
1518 2172 1593 2244 μή
1629 2170 1817 2242 ἐξεῖναι
1851 2169 1967 2225 δια-

315 2263 522 2312 πιστεῖν
569 2262 687 2319 τοῖς
740 2257 842 2311 ὑπὸ
896 2262 1002 2312 τῶν
1048 2258 1320 2337 θεοφόρων
1372 2257 1580 2336 ἀνδρῶν
1632 2260 1966 2335 εἰρημένοις,

312 2344 445 2401 ἀλλ’
473 2343 744 2417 ἀπόδειξιν
779 2346 914 2401 εἶναι
943 2350 1041 2402 τοῦ
1071 2346 1242 2415 λόγου
1270 2347 1333 2402 τό
1365 2346 1577 2403 ἰκείνων
1636 2349 1967 2421 ἀξιόπιστον,

312 2436 487 2504 πάσης
623 2434 901 2511 δυνάμεως
934 2434 1163 2513 λογικῆς
1192 2436 1281 2493 καὶ
1311 2436 1658 2515 ἀντιλογικῆς
1686 2438 1969 2515 ἰσχυρότε-

314 2546 433 2601 ρον.

392 2704 503 2759 ΡΓ’.
564 2705 745 2761 Ἔστω
802 2702 860 2759 δὲ
912 2704 1003 2758 καὶ
1059 2702 1222 2759 τοῦτο
1274 2708 1381 2759 τῶν
1435 2704 1715 2782 ἡμετέρων
1773 2704 1966 2777 εὖεπη-

316 2791 534 2867 ρέαστον
567 2810 579 2822 ⁸
640 2796 759 2855 πῶς
819 2789 877 2848 δὲ
932 2794 1046 2866 (10)
1093 2792 1155 2847 σὺ
1215 2790 1402 2864 δείξεις
1457 2794 1585 2857 τοὺς
1629 2793 1825 2871 λόγους
1884 2818 1968 2851 σοι

313 2879 702 2959 διαφέροντας;
762 2880 824 2938 Εἴ
883 2878 940 2935 δὲ
994 2880 1085 2936 καὶ
1145 2881 1295 2950 σοὺς,
1336 2887 1454 2946 πῶς
1500 2883 1706 2939 τούτων
1738 2887 1872 2958 ἡμῖν
1906 2886 1968 2941 οὐ

315 2971 476 3043 μετὸν
536 2973 649 3043 (11)
707 2971 843 3025 κατὰ
896 2971 997 3038 τήν
1056 2972 1153 3039 σὴν
1212 2971 1529 3044 νομοθεσίαν
1568 2973 1659 3028 καὶ
1690 2973 1966 3049 ἀλογίαν;

307 3058 461 3123 τίνος
514 3062 628 3134 (12)
684 3061 788 3136 γὰρ
843 3063 942 3114 τοῦ
996 3059 1337 3131 Ἐλληνίζειν
1367 3061 1497 3116 εἰσὶν
1530 3063 1581 3117 οἱ
1642 3062 1819 3140 λόγοι,
1878 3070 1969 3125 καὶ

310 3154 410 3205 τοῦ
439 3154 559 3212 πῶς
591 3147 895 3224 λεγομένου
946 3150 1036 3205 καὶ
1075 3151 1375 3224 νοουμένου
1406 3154 1513 3225 (13)
1548 3170 1562 3222 ;
1595 3154 1690 3208 "Iv’
1747 3153 1852 3230 ἐγώ
1884 3166 1967 3209 σοι

314 3236 485 3295 διέλω
512 3240 608 3307 τὴν
640 3243 739 3293 τοῦ
772 3237 1039 3311 ὀνόματος
1070 3237 1318 3313 δύναμιν,
1352 3242 1396 3295 ὧ
1425 3242 1548 3317 περὶ
1598 3244 1693 3305 τὰς
1752 3244 1970 3316 ὁμωνυ-

2079 1990 2319 2063 syllabis
2350 1996 2405 2047 et
2436 1993 2653 2061 verbis,
2695 1994 2896 2048 eodem
2928 1997 3123 2048 tamen
3167 1994 3373 2050 recidit
3419 1993 3584 2050 illud.
3613 1997 3730 2067 Ipse

2076 2080 2240 2149 dixit,
2275 2097 2390 2153 quo
2421 2086 2689 2138 nostrum
2737 2082 2922 2151 Crede,
2958 2082 3229 2154 quamvis
3260 2083 3317 2138 id
3348 2083 3628 2157 sugillare
3658 2101 3724 2141 ac

2078 2171 2374 2226 morsibus
2392 2176 2658 2242 appetere
2680 2189 2795 2227 non
2820 2172 3122 2228 desinatis.
3142 2176 3261 2229 Hoc
3278 2173 3433 2229 enim
3455 2190 3725 2230 sermone

2077 2258 2135 2313 id
2168 2259 2570 2331 intelligimus,
2604 2278 2719 2316 non
2750 2260 2923 2316 licere
2968 2262 3040 2316 iis
3094 2278 3219 2333 quae
3258 2262 3330 2317 ab
3381 2262 3720 2320 hominibus

2078 2347 2275 2403 divino
2305 2347 2557 2404 Numine
2586 2348 2801 2405 afflatis
2831 2350 2986 2406 dicta
3015 2354 3173 2417 sunt,
3209 2351 3383 2406 fidem
3418 2351 3721 2423 abrogare,

2076 2453 2280 2493 verum
2311 2454 2414 2509 pro
2444 2438 2734 2494 sermonis
2763 2442 2817 2494 et
2847 2438 3122 2495 doctrinae
3155 2439 3617 2509 confirmatione,
3650 2440 3729 2496 il-

2076 2526 2267 2582 lorum
2299 2527 2704 2583 auctoritatem
2735 2542 2885 2597 esse,
2913 2527 3074 2584 omni
3113 2526 3303 2601 logica
3332 2527 3608 2586 facultate
3638 2533 3728 2586 at-

2079 2633 2193 2689 que
2222 2617 2677 2674 contradictione
2703 2617 3066 2673 validiorem.

2150 2707 2291 2763 CIII.
2325 2708 2436 2764 Sed
2468 2712 2735 2763 nostrum
2766 2707 2876 2763 hoc
2896 2708 2973 2763 sit
3002 2724 3142 2763 sane
3164 2706 3298 2775 tale,
3324 2710 3390 2763 ut
3411 2706 3721 2766 calumniae

2077 2815 2145 2855 ac
2174 2796 2613 2870 reprehensioni
2653 2801 2866 2869 pateat.
2908 2796 3054 2852 Illud
3105 2800 3302 2853 autem
3335 2814 3449 2870 quo
3482 2800 3720 2855 tandem

2078 2888 2252 2943 modo
2284 2886 2581 2960 probabis,
2615 2903 2916 2943 sermones
2975 2887 3046 2942 ad
3102 2890 3157 2942 te
3188 2886 3524 2958 pertinere?
3552 2887 3715 2952 Quod

2078 2978 2129 3033 si
2159 2982 2293 3033 tuos
2324 2992 2557 3049 quoque
2588 2993 2716 3033 esse
2749 2976 3041 3043 ostendes,
3075 2976 3366 3048 quomodo
3402 2975 3571 3033 nobis
3602 2994 3719 3033 non

2076 3066 2250 3123 licere
2281 3083 2482 3122 eorum
2514 3083 2641 3123 esse
2670 3065 3006 3139 participes,
3032 3067 3202 3136 juxta
3241 3069 3404 3122 tuam
3436 3065 3623 3139 legem
3656 3084 3723 3123 ac

2077 3155 2458 3212 stoliditatem
2490 3154 2761 3211 conficies
2789 3158 2811 3211 Ρ
2842 3155 3012 3226 cujus
3044 3156 3201 3211 enim
3234 3159 3373 3211 sunt
3402 3172 3722 3227 sermones,

2078 3244 2295 3317 quibus
2326 3245 2662 3301 Graecantur
2689 3245 2957 3301 homines
2979 3245 3006 3299 ‘2
3036 3248 3093 3300 et
3140 3262 3255 3317 quo
3296 3261 3473 3301 sensu
3507 3246 3723 3302 Graci-

317 3330 445 3404 μίας
504 3327 647 3405 ἔχων
707 3328 791 3398 σὺ,
852 3329 940 3384 καὶ
969 3331 1037 3384 τὰ
1063 3327 1397 3404 δηλούμενα,
1427 3333 1463 3401 ἢ
1500 3336 1597 3405 μιᾷ
1626 3333 1962 3410 προσηγορίᾳ

2075 3352 2240 3392 smus
2272 3334 2623 3407 intelligitur
2651 3334 2743 3389 hic
2775 3339 2831 3390 et
2878 3336 3246 3407 usurpatur?
3278 3334 3443 3390 Libet
3473 3335 3651 3407 enim,
3685 3354 3717 3393 o

314 3416 565 3497 διάφορα,
596 3420 631 3489 ἢ
664 3417 947 3497 διαφόροις
975 3417 1143 3475 ταυτά
1170 3423 1301 3493 (14),
1333 3422 1367 3490 ἢ
1396 3420 1597 3498 ἑτέραις
1628 3426 1741 3496 (15)
1768 3420 1948 3500 ἕτερα·

307 3509 476 3584 ἦγᾶρ
530 3510 629 3577 τῆς
684 3501 972 3583 θρησκείας
1022 3508 1153 3563 εἶναι
1210 3513 1371 3565 τοῦτο
1428 3512 1639 3588 φήσεις,
1684 3514 1842 3582 ἢτοῦ
1873 3511 1958 3578 ἔθ-

308 3619 435 3659 νους
491 3594 729 3667 δηλαδὴ,
778 3598 867 3651 καὶ
898 3600 1004 3651 τῶν
1037 3602 1252 3670 πρῶτον
1290 3601 1401 3673 (16)
1434 3599 1829 3675 εὑρισκομένων
1862 3610 1959 3673 τῆς

310 3685 599 3742 διαλέκτου
628 3687 727 3755 τὴν
756 3684 999 3759 δύναμιν.
1037 3685 1098 3742 Εἰ
1136 3688 1230 3759 μὶν
1262 3685 1353 3742 οὖν
1380 3692 1477 3757 τῆς
1511 3690 1793 3765 θρησκείας
1823 3694 1959 3765 (17),

302 3773 476 3846 δεῖξον
510 3779 616 3830 ποῦ
645 3774 734 3830 καὶ
792 3776 940 3850 παρὰ
993 3774 1100 3829 τίσι
1149 3778 1257 3831 τῶν
1310 3776 1496 3852 ἱερέων
1529 3779 1641 3851 (18)
1670 3780 1732 3833 τὸ
1761 3778 1962 3849 Ἑλλη-

299 3864 464 3934 νίζειν
519 3863 769 3938 ἔννομον,
829 3862 1009 3939 ὥσπερ
1056 3864 1239 3920 καὶτὸ
1294 3867 1407 3941 (19)
1460 3865 1601 3921 θύειν
1635 3864 1775 3922 ἔστιν
1806 3871 1837 3922 ἂ
1870 3871 1959 3923 καὶ

391 3976 484 4047 99)
516 3966 724 4047 ξέεεινι.
757 3974 985 4041 Heins.,
1018 3968 1285 4047 σέϐεσθαι.

397 4041 656 4119 nam;
688 4041 807 4174 ἔφα.
841 4068 871 4096 ‹‹
922 4047 1053 4118 Ipse
1101 4046 1264 4102 dixit.
1314 4069 1334 4097 ι
1370 4045 1640 4103 Solemne
1669 4063 1736 4104 ac
1768 4049 1950 4106 usita-

397 4135 427 4173 n
454 4118 608 4174 anud
640 4121 720 4174 Pv
752 4118 980 4174 hauoraa
1009 4118 1333 4174 discinulos
1386 4135 1757 4174 resnonsum.
1804 4122 1949 4174 Cum

298 4118 610 4206 tumapud
640 4118 980 4206 Pythagora:
1009 4118 1333 4206 discipulos
1386 4135 1757 4206 responsum.
1804 4122 1949 4206 Cum

292 4192 457 4248 enim
486 4190 558 4247 de
578 4190 852 4263 dogmate
875 4190 1314 4263 quodam,quod
1338 4208 1372 4248 a
1393 4190 1675 4264 magistro
1696 4195 1951 4265 accepis-

294 4268 452 4347 sent,
481 4262 1005 4347 interrogarentur,
1055 4263 1481 4347 cumqueHej‘us
1514 4280 1691 4347 causa
1722 4282 1786 4320 ac
1816 4284 1949 4339 pro-

294 4334 458 4391 batio
488 4351 557 4390 ex
575 4333 660 4390 eis
682 4333 1246 4407 requirereturmihil
1266 4333 1423 4391 aliud
1445 4336 1684 4392 omnino
1703 4333 1948 4410 respon-

294 4408 433 4463 dere
464 4404 727 4468 solitum.
769 4421 967 4468 quam.
1018 4404 1189 4467 Αὐτὸς
1238 4401 1358 4468 ἔφα,
1413 4428 1441 4458 ‹‹
1493 4408 1625 4468 Ipse
1675 4408 1836 4468 dixit.
1869 4410 1950 4468 ita

289 4408 433 4463 dere
464 4408 727 4477 solitum,
769 4421 967 4478 quam,
1018 4408 1189 4467 Αὐτὸς
1238 4408 1358 4483 ἔφα,
1413 4428 1441 4458 ‹‹
1493 4408 1625 4479 Ipse
1675 4408 1836 4479 dixit,
1869 4410 1949 4468 ita

290 4478 407 4563 ipsi
434 4478 772 4563 visumes‘t.
805 4500 858 4563 Α»
902 4477 1065 4559 Quod
1096 4478 1335 4563 quidem
1365 4482 1499 4561 apte
1528 4483 1586 4536 et
1622 4485 1949 4563 opportune

289 4548 531 4633 Iuliano
562 4548 763 4633 objicit
800 4548 1137 4633 gregarius,
1186 4555 1249 4605 ut
1304 4548 1492 4633 ipsius
1548 4548 1948 4633 cavillationes

290 4624 575 4696 adversus
605 4621 772 4696 istud.
795 4620 1279 4696 Christianorum,
1313 4620 1662 4696 Πίστευσον,‹‹
1694 4624 1892 4696 Crede,
1918 4649 1947 4676 »

292 4694 589 4751 retundat.
641 4691 1053 4767 Christianam
1082 4694 1241 4767 enim
1282 4695 1458 4767 ﬁdem
1486 4694 1667 4767 impie
1696 4691 1948 4755 irridens
1984 4742 2025 4767 η
2058 4691 2271 4767 inquit,

288 4742 609 4839 ASSQEEEQ
643 4742 1948 4839 missamgalatea“).sanitas“;
1980 4742 2026 4807 Ι)

292 4836 645 4894 rusticitatis
676 4858 705 4885 »
737 4836 937 4893 notam
970 4837 1201 4894 inurere
1231 4840 1571 4896 conabatur.

478 4900 759 4983 thEibv,
802 4908 1002 4983 Heins.
1036 4931 1065 4959 «
1098 4908 1160 4965 Id
1190 4915 1299 4982 est,
1333 4934 1362 4962 »
1396 4905 1750 4983 μολιϐδίνων.

383 4911 446 4979 2)
478 4911 759 4963 Μολιὸὦν.
802 4911 1002 4966 Heins.
1036 4931 1065 4959 «
1098 4911 1160 4965 Id
1190 4915 1299 4982 est,
1333 4934 1362 4962 »
1396 4911 1750 4983 μολιϐδίνων.

359 4911 443 5065 (3)
474 4976 823 5065 Φιλοσοφίαν.
860 4980 969 5065 ’τῇς
991 4986 1253 5065 Ασιωπῆς.
1318 5005 1339 5033 ι
1383 4983 1625 5065 Silentii
1684 4982 1944 5065 philoso:

284 5051 516 5182 spiam.
552 5074 581 5102 »
611 5051 834 5108 All'udit
860 5052 956 5109 hic
987 5052 1303 5138 Gregorius
1330 5056 1400 5110 ad
1424 5051 1942 5140 Pythagoram,qui

329 5122 612 5182 iscinulos
642 5141 783 5182 suos
813 5142 918 5182 ner
944 5141 1413 5182 quinquennium
1461 5132 1653 5182 tacere
1676 5128 1940 5182 iubebat.

286 5122 612 5208 discipulos
642 5141 783 5183 suos
813 5142 918 5198 per
944 5122 1424 5212 quinquennium.
1461 5122 1940 5253 facereljubebat.

286 5197 609 5272 Hic_enim
665 5200 792 5254 erat
848 5196 1027 5255 veluti
1057 5214 1286 5271 primus
1314 5214 1503 5272 IPSIUS
1559 5199 1661 5271 phl
1689 5200 1943 5271 osophla

285 5270 673 5414 ngu‘ﬁnm’
704 5336 1191 5414 ἀποφαινομένοις,
1211 5344 1330 5414 etc.
1358 5340 1483 5397 Duo
1515 5340 1675 5414 Colb.
1699 5344 1755 5397 et
1776 5345 1939 5398 Pass.

286 5412 383 5467 εἶτ’
411 5411 895 5487 ἀποφιιινομένοὶς,
929 5433 958 5463 α
1008 5429 1074 5469 ac
1123 5412 1224 5469 ubi
1277 5413 1741 5486 respondissent,
1773 5414 1944 5470 ratio-

287 5502 422 5542 nem
457 5502 592 5542 cum
620 5488 985 5542 rogarentur.

359 5558 441 5629 (5)
470 5549 841 5629 Μηδέν.”1)ιισ
866 5556 1071 5629 Regg.,
1104 5559 1219 5629 tres
1251 5555 1438 5629 Colb.,
1473 5549 1653 5629 οὐδέν,

355 5623 433 5716 (εὖ)
492 5623 769 5704 napus-:6»
826 5623 1064 5700 ἐκείν”ιιῖ.’
1095 5627 1251 5685 Colb.
1312 5628 1366 5697 3,
1423 5623 1716 5703 παραστάν.
1768 5631 1934 5686 Pass.

282 5699 780 5845 “(ﬁrmasset
802 5790 880 5829 τε.
913 5795 941 5824 κ
1000 5771 1192 5832 Nullis
1222 5769 1548 5832 rationibus
1597 5771 1933 5841 obnoxium,

277 5843 539 5907 censura
568 5843 839 5905 liberum.
869 5861 899 5899 ι

2067 3425 2479 3497 ambiguarum
2510 3440 2713 3479 vocum
2742 3427 3024 3495 captator,
3050 3424 3306 3480 nominis
3327 3424 3444 3479 vim
3467 3424 3571 3480 tibi
3597 3426 3718 3481 dis-

2066 3515 2353 3587 tinguere,
2391 3517 2562 3585 atque
2594 3530 2681 3582 ea,
2715 3531 2841 3586 quae
2890 3514 2978 3570 vel
3019 3531 3137 3570 uno
3167 3513 3449 3570 vocabulo
3482 3513 3715 3572 diversa

2068 3604 2428 3678 signiﬁcant,
2450 3603 2536 3659 vel
2565 3604 2810 3660 diversis
2831 3605 3057 3674 eadem,
3080 3604 3165 3660 vel
3191 3604 3439 3661 diversis
3459 3605 3708 3661 diversa.

2066 3695 2183 3749 Aut
2210 3694 2369 3750 enim
2400 3692 2643 3749 ethnicae
2676 3693 2974 3765 religionis
2995 3694 3104 3749 hoc
3124 3709 3250 3749 esse
3273 3694 3453 3762 dices,
3481 3701 3578 3749 aut
3604 3694 3715 3749 uti-

2070 3797 2183 3854 que
2214 3782 2431 3854 gentis,
2463 3784 2519 3836 et
2548 3798 2749 3837 eorum
2782 3782 2881 3853 qui
2911 3782 3029 3836 vim
3052 3782 3263 3853 lingua:
3286 3781 3461 3853 primi
3487 3782 3718 3838 invene-

2069 3875 2226 3927 runt.
2261 3871 2321 3927 Si
2352 3871 2639 3942 (ethnicis)
2672 3870 2994 3943 religionis,
3025 3872 3265 3926 ostende
3302 3886 3558 3941 quonam
3590 3869 3715 3927 loco

2131 3980 2206 4051 (8)
2236 3975 2661 4049 Κωμῳδοῦντες.
2684 4001 2711 4029 ‹‹
2744 3978 2974 4033 Comice
3006 3978 3352 4051 sugillantes
3377 3994 3390 4046 ;
3420 3977 3507 4035 vel
3532 3978 3711 4036 etiam

2060 4051 2118 4105 in
2150 4051 2394 4106 theatris
2426 4068 2488 4107 ac
2520 4051 2841 4107 comoediis.
2873 4072 2901 4099 »

2130 4122 2207 4194 (9)
2220 4120 2440 4204 μάτας,
2471 4127 2579 4204 e_t_c.
2610 4122 2869 4204 Comhef.
2901 4144 2941 4204 ί(-
2966 4121 3125 4204 omni
3156 4120 3458 4204 dialectica
3477 4126 3711 4204 arguta-

2059 4192 2541 4267 qu‘e'disputandi
2572 4212 2637 4251 ac
2682 4192 3119 4250 contradicendi
3161 4192 3431 4251 facultate
3458 4192 3710 4250 validio-

2059 4282 2405 4420 :eﬁll)»y€:o¢
2463 4331 2538 4420 δέ.
2600 4338 2685 4393 Ita
2739 4336 2896 4394 Pass.
2958 4335 3174 4409 aliique
3232 4335 3425 4409 plures
3457 4336 3707 4395 codices.

2055 4405 2231 4467 Deest
2260 4405 2316 4464 δέ
2339 4410 2397 4464 in
2432 4410 2524 4465 ed.
3078 4405 3090 4409 ⁷
3233 4405 3248 4409 ’

2128 4483 2240 4566 (1.1)
2298 4478 2491 4566 Madv:
2550 4481 2716 4538 Pass.
2790 4478 3076 4566 ,μεθεκτόψ
3140 4480 3329 4566 ¹ἄραρεν.
3402 4479 3706 4566 Basiliam,

2060 4552 2218 4636 μετόν
2253 4556 2575 4635 usurpatur
2604 4570 2706 4624 pro
2742 4550 2973 4635 μέτεστι,
3007 4554 3159 4608 sicut
3190 4551 3305 4621 ἐξόν
3328 4624 3337 4635 ο
3359 4570 3463 4625 pro
3513 4550 3705 4624 ἔξεστι,

2060 4626 2114 4680 1d
2143 4630 2232 4681 est
2260 4630 2634 4681 narticlnium
2666 4641 2770 4681 nro
2796 4626 3035 4681 Iudicat.
3072 4627 3341 4681 praesenti
3390 4624 3460 4678 Τὸ
3520 4623 3701 4681 μετὸν.

2056 4642 2114 4680 la
2143 4642 2232 4681 681:
2258 4642 2634 4697 participium
2666 4642 2770 4696 pro
2796 4642 3035 4681 ιηαιοᾶῐ.
3067 4642 3341 4715 ’ριἐθεθῐιῐι
3398 4642 3460 4678 1⁷0
3520 4642 3701 4696 μετον,

2058 4695 2831 4780 inq‘llni‘t,_}'l.é150"tt‘6ﬂ&aut1£t,
2864 4696 2937 4757 ὡς
2972 4696 3046 4780 τὲ
3063 4696 3196 4780 εξὸν,
3228 4692 3443 4780 sitan.“
3567 4766 3579 4780 ⁸
3686 4769 3698 4780 ι

2155 4770 2240 4840 12)
2272 4768 2445 4835 Τίνος,
2503 4772 2611 4841 etc.
2649 4768 2886 4824 Billius:
2946 4792 2974 4820 «
3008 4769 3188 4841 Cujus
3216 4771 3371 4824 enim
3404 4768 3702 4824 Graecismi

2055 4840 2354 4923 sermones
2384 4840 2569 4897 sunt?
2596 4844 2654 4896 et
2685 4857 2801 4913 quo
2832 4844 2998 4913 pacto
3019 4840 3299 4897 intellecti
3324 4844 3499 4912 atque
3530 4856 3699 4896 usur-

2054 4913 2602 5058 pag’lg)»Asyopt‘voo
2657 4981 2746 5058 καὶ
2804 4981 3127 5058 νοουμένουἶ
3180 4983 3417 5058 Codices
3475 4982 3700 5058 _vulgo,

2051 5050 2345 5129 νοουμένου
2376 5050 2465 5109 καὶ
2498 5053 2815 5130 λεγομένου.
2851 5060 2915 5111 In
2939 5050 3081 5129 'Reg.
3116 5055 3237 5126 bm,
3264 5056 3428 5111 deest
3475 5050 3705 5127 λεγομέ-

2051 5147 2165 5183 νου.

2121 5201 2233 5268 (14)
2264 5195 2457 5253 Ταυτά.
2491 5198 2653 5255 Pass.
2684 5199 2751 5252 τὰ
2781 5197 2932 5252 αὐτά.

2122 5272 2214 5341 (15
2266 5269 2522 5344 Ἑτέραις.
2557 5270 2716 5327 Pass.
2753 5269 2978 5343 ἑτέροις.

2122 5273 2235 5415 (16)
2260 5344 2637 5415 Τῶίνίπρῶτσν.
2674 5343 2767 5399 Sic
2797 5344 2911 5399 duo
2944 5343 3109 5415 Reg,
3141 5343 3235 5415 Or.
3274 5344 3322 5397 1.
3368 5340 3490 5415 Non
3525 5341 3695 5415 pauci

2119 5340 2232 5415 (16)
2260 5340 2637 5415 Τῶίνξπρῶτσν.
2674 5343 2767 5399 Sic
2797 5340 2911 5399 duo
2944 5343 3109 5415 Reg,
3141 5343 3235 5415 Or.
3274 5344 3322 5397 1.
3368 5340 3490 5415 Non
3525 5341 3697 5415 pauci

2048 5411 2756 5515 gpiffiolllflola‘quinque
2786 5415 2970 5488 Regii,
3003 5411 3120 5471 tres
3146 5414 3303 5470 Colb.
3365 5411 3693 5488 εὑρομένων.

2049 5487 2210 5543 Pass.
2244 5487 2572 5559 εὑραμένων.
2884 5487 2889 5488 ⁷

2108 5556 2579 5640 ,(17)Θρησκείαςε
2628 5562 2790 5614 Pass.
2853 5558 3015 5614 addit
3069 5560 3229 5611 τοῦτο
3287 5557 3419 5610 εἶναι
3478 5559 3691 5633 φήσεις,

2046 5652 2075 5679 ‹‹
2108 5630 2219 5686 hoc
2247 5630 2375 5686 esse
2399 5630 2635 5686 dixeris.
2670 5651 2698 5679 »

2115 5702 2229 5846 (18)
2257 5704 2371 5757 Τῶν
2402 5698 2608 5776 ἱερέων.
2642 5701 2784 5758 Tres
2808 5702 2993 5830 Begg.
3020 5704 3079 5785 et
3107 5703 3198 5757 Or.
3234 5702 3284 5769 1,
3314 5698 3474 5775 ἱερων

2115 5774 2206 5845 (49
2259 5773 2355 5828 Καὶ
2385 5772 2469 5831 τό.
2490 5774 2665 5831 Deest
2685 5771 2772 5828 καί
2805 5791 2864 5831 1n
2897 5791 2933 5846 p
2960 5789 3192 5845 erisque
3223 5788 3365 5829 mss.

2114 5771 2226 5846 (19)
2259 5773 2355 5828 Καὶ
2385 5771 2469 5831 τόζ
2490 5774 2665 5831 Deest
2685 5771 2772 5828 καί
2805 5774 2864 5831 in
2897 5771 3192 5846 plerisque
3223 5788 3365 5829 mss.
