4202 6212
466 374 585 441 639

1715 382 1780 444 S.
1825 383 2193 445 GREGORll
2239 382 2634 444 THEOLOGI

3748 380 3877 440 640

470 518 527 567 et
556 513 711 585 apud
743 528 889 583 quos
914 513 1268 586 sacerdotes,
1297 514 1544 571 Grmcari
1571 514 1697 588 lege
1718 516 2108 587 proscriptum

2256 513 2307 576 ίς
2338 517 2443 567 τῶν
2476 511 2781 586 δαιμόνωνσ
2835 512 2957 567 οὕτε
3014 510 3117 585 γὰρ
3176 515 3304 564 πᾶσι
3362 508 3429 563 τὰ
3456 508 3607 577 αὐτὰ,
3642 505 3769 564 οὔτε
3800 508 3878 565 iv?

471 602 567 665 sit,
600 602 1099 673 quemadmodum
1143 604 1429 675 quaedam
1480 604 1751 661 victimas
1781 609 1839 661 et
1868 607 2111 676 quibus-

468 691 602 745 dam
637 690 1002 745 demonibus
1031 696 1303 748 mactare.
1333 694 1528 764 Neque
1550 693 1707 749 enim
1738 696 1893 750 134
1924 695 2110 750 omni-

466 778 580 833 bus
610 780 846 834 easdem
878 779 1033 843 licet,
1082 797 1268 853 neque
1298 782 1399 837 uni
1431 800 1656 852 omnes,
1689 800 1877 855 neque
1907 786 2110 839 eodem

470 868 667 933 modo,
699 870 1196 940 quemadmodum
1219 872 1429 928 vestris
1452 890 1751 929 sacrorum
1784 873 2112 947 interpreti-

468 956 581 1012 bus
611 957 859 1021 videtur,
884 959 1075 1029 iisque
1107 960 1203 1030 qui
1228 962 1298 1016 de
1329 962 1631 1017 sacrificiis
1666 968 2111 1035 pertractarunt.

470 1045 719 1101 Ubinam
745 1053 1035 1109 autem,ut
1052 1050 1202 1120 apud
1228 1050 1838 1119 Lindios,Buthoanam
1861 1069 2117 1109 exsecra-

471 1135 517 1189 ri
553 1152 620 1189 ac
648 1136 793 1191 diris
824 1138 1098 1193 devovere
1130 1139 1290 1210 pium
1321 1140 1588 1207 habetur,
1614 1141 1815 1211 sicque
1846 1142 1990 1197 deus
2020 1140 2116 1196 ille

471 1224 690 1296 optime
721 1225 953 1295 colitur,
1010 1228 1057 1281 si
1118 1228 1378 1283 convicia
1432 1230 1489 1283 in
1550 1246 1683 1284 eum
1723 1234 1780 1285 et
1810 1230 2119 1285 maledicta

471 1314 861 1384 conjiciantur
881 1315 908 1368 ?
940 1320 1041 1370 aut
1066 1318 1216 1388 apud
1246 1319 1469 1373 Tauros
1496 1318 1756 1391 hospites
1787 1323 2121 1381 necare.aut

473 1403 628 1475 apud
661 1404 1122 1460 Lacedaamonios
1145 1406 1216 1460 ad
1243 1407 1437 1462 Dianae
1470 1424 1629 1463 aram
1652 1394 1831 1481 virgis
1856 1407 2117 1477 lacerari,

475 1497 575 1549 aut
598 1495 749 1566 apud
775 1494 1030 1566 Phryges
1053 1495 1295 1551 castrari
1318 1496 1597 1552 tibiarum
1622 1502 1793 1553 cantu
1821 1497 2118 1565 delinitos,

475 1599 541 1638 ac
571 1582 839 1639 saltando
870 1583 1140 1653 eviratos,
1200 1590 1302 1640 aut
1361 1587 1513 1658 apud
1574 1586 1743 1653 alios,
1773 1603 1986 1658 pueros
2017 1588 2122 1642 ad-

475 1688 693 1740 amare,
732 1676 833 1727 aut
875 1674 1026 1744 apud
1084 1672 1256 1741 alios,
1311 1675 1576 1743 scortari,
1620 1680 1742 1745 aut,
1776 1693 1849 1731 ne
1889 1675 2125 1745 singula

475 1777 875 1834 percenseam,
909 1762 1107 1818 omnia
1137 1780 1264 1834 quae
1314 1764 1373 1819 in
1422 1764 1550 1820 aliis
1602 1765 1895 1837 mysteriis
1927 1764 2123 1837 peragi

476 1849 687 1918 solent,
721 1851 805 1906 sic
836 1851 1010 1907 etiam
1060 1852 1308 1908 Graecari
1364 1854 1605 1909 deorum
1665 1860 1768 1910 aut
1797 1856 2125 1910 daemonum

2220 606 2287 657 τὰ
2316 604 2488 658 πάντα
2517 601 2642 657 οὔτε
2668 604 2759 657 τὸν
2790 602 2947 657 αὐτὸν
2995 600 3221 675 τρόπον,
3264 598 3338 660 ὡς
3391 603 3508 660 τοῖς
3563 605 3688 675 παρ’
3740 600 3873 672 ὑμῖν

2218 691 2559 769 ἱεροφάνταις
2589 694 2701 764 (20)
2734 689 2902 762 δοκεῖ,
2928 689 3016 745 καὶ
3045 694 3161 750 τοῖς
3214 692 3321 743 τῶν
3356 692 3552 752 θυσιῶν
3608 689 3877 763 τεχνολόο

2221 804 2362 857 γοις.
2399 786 2509 836 Ποῦ
2540 782 2618 848 οὲ,
2650 779 2829 855 ὥσπερ
2871 777 3130 847 Λινδίοις,
3180 772 3394 839 εύσεϐὶς
3436 778 3499 832 τὸ
3551 780 3876 853 καταρᾶσθαι

2220 878 2299 944 τῷ
2338 871 2605 942 Βουθοίνᾳ
2661 872 2798 943 (21),
2846 868 2934 923 καὶ
2981 872 3141 922 τοῦτο
3201 867 3333 923 εἶναι
3378 869 3500 922 θεοῦ
3530 868 3721 939 τιμὴν,
3778 867 3876 928 τὰς

2224 962 2300 1023 εἷς
2360 960 2515 1015 αὐτὸν
2578 956 2897 1033 λοιδορίας;
2947 960 2981 1026 ἢ
3031 956 3259 1029 Ταύροις
3317 957 3379 1011 τὸ
3437 959 3783 1028 ξενοκτονεῖν,
3845 957 3880 1024 ἦ

2225 1052 2442 1106 Λάκωσι
2470 1050 2533 1103 τὸ
2565 1043 2844 1121 ἐπιϐώμια
2874 1047 3159 1117 ξαίνεσθαι,
3218 1046 3253 1115 ἦ
3314 1046 3481 1121 Φρυξὶ
3536 1046 3598 1100 τὸ
3654 1047 3879 1100 κατατέ-

2228 1142 2443 1214 μνεσθαι
2470 1142 2582 1208 (22)
2615 1138 2704 1192 ὑπ’
2734 1136 2915 1193 αὐλῶν
2946 1137 3344 1209 κηλουμένους,
3390 1135 3479 1190 καὶ
3508 1133 3879 1210 ἀνανδρουμὲ-

2225 1251 2351 1291 νους
2409 1229 2494 1305 ὑφ’
2552 1227 2820 1299 ἃλματος,
2877 1228 2911 1295 ἣ
2957 1227 3019 1281 τὸ
3077 1223 3449 1301 παιδεραστεῖν
3506 1223 3881 1293 {illam-3,16

2226 1318 2506 1392 πορνεύειν
2537 1316 2757 1393 ἑτέροις,
2790 1317 2824 1384 ἢ
2854 1314 2951 1369 ὅσα
2992 1318 3098 1369 τῶν
3153 1312 3341 1369 ἄλλων
3394 1316 3508 1385 (23)
3570 1314 3885 1387 μυστηρίων

2230 1406 2393 1479 ἐστὶν,
2446 1403 2537 1461 ’ίνα
2598 1406 2672 1479 μή
2734 1404 2878 1480 λέγω
2926 1406 3040 1458 καθ’
3100 1400 3346 1473 ἕκαστον,
3393 1402 3536 1457 οὕτω
3588 1399 3645 1456 δὶ
3674 1402 3763 1456 καὶ
3818 1403 3885 1456 τὸ

2229 1494 2568 1565 Ἑλληνίζειν
2629 1491 2872 1569 ἕκκριτόν
2926 1495 3039 1565 (24)
3087 1513 3233 1553 τινος
3280 1494 3411 1546 θεῶν
3455 1491 3489 1559 ἥ
3552 1488 3825 1563 δαιμόνων
3866 1508 3881 1559 ;

2230 1584 2414 1640 Καίτοι
2446 1582 2540 1637 κᾶν
2576 1582 2621 1637 εἰ
2649 1583 2796 1637 τοῦτ’
2824 1585 2889 1652 ἦν
2922 1584 3056 1654 (25),
3091 1580 3244 1636 οὕπω
3290 1578 3483 1653 δῆλον,
3541 1580 3616 1643 ὡς
3670 1577 3885 1648 Ἑλλη-

2230 1672 2375 1727 νικὸν
2395 1673 2487 1741 ἦν,
2518 1673 2553 1740 ἢ
2587 1692 2693 1725 τινι
2866 1675 2973 1725 τῶν
3005 1672 3131 1746 παρ’
3172 1672 3298 1741 ὑμῖν
3347 1671 3481 1725 θεῶν
3526 1672 3561 1738 ἣ
3610 1668 3882 1740 δαιμόνων

2231 1763 2294 1817 τὸ
2325 1761 2505 1816 κοινὸν
2539 1760 2826 1835 ἀπεκρίθη,
2860 1758 3039 1835 ὥσπερ
3070 1759 3159 1814 καὶ
3191 1756 3337 1814 ἄλλα
3364 1757 3550 1814 πολλὰ
3564 1762 3673 1814 τῶν
3687 1762 3884 1812 κοινῶν

2238 1850 2380 1906 θύειν
2413 1848 2854 1923 νενομοθέτηται.

478 1940 809 2012 cujusptam
839 1942 1140 2013 proprium
1192 1946 1366 2015 atque
1398 1943 1678 1999 selectum
1711 1944 1839 2000 est?
1869 1946 1937 1999 Et
1965 1948 2119 2000 certe
2176 1942 2445 2015 quamvis
2501 1942 2612 1997 hoc
2668 1940 2845 1996 etiam
2904 1939 2984 1995 ita
3013 1956 3078 1996 se
3107 1939 3364 2007 haberet,
3395 1939 3657 1995 nondum
3686 1944 3886 1994 tamen

487 2027 628 2084 hinc
656 2028 961 2101 perspicue
990 2036 1283 2087 constaret
1312 2032 1420 2087 hoc
1451 2033 1520 2087 ad
1554 2032 1798 2104 gentiles
1829 2034 2142 2104 pertinere,
2174 2032 2225 2088 si
2257 2032 2413 2104 quod
2445 2046 2756 2086 commune
2807 2032 2916 2093 est,
2960 2028 3215 2101 cuipiam
3268 2032 3594 2084 vestrorum
3644 2028 3889 2084 deorum

479 2122 583 2174 aut
612 2120 946 2173 damonum
981 2120 1250 2191 privatim
1285 2121 1634 2178 attributum
1666 2127 1844 2190 esset,
1904 2122 2400 2195 quemadmodum
2459 2120 2737 2192 pleraque
2792 2119 2968 2175 etiam
3026 2118 3138 2174 alia
3196 2135 3323 2191 quae
3380 2117 3715 2174 communia
3746 2120 3888 2173 sunt

479 2211 740 2263 mactare
770 2207 998 2280 legibus
1029 2210 1319 2266 sancitum
1352 2216 1456 2266 est.

551 2296 689 2351 CIV.
714 2297 874 2362 Quod
909 2297 956 2353 si
990 2298 1097 2354 hoc
1120 2317 1236 2355 non
1258 2300 1442 2371 dicas,
1460 2316 1664 2357 verum
1690 2302 1949 2374 linguam
1978 2302 2127 2356 hanc

2307 2298 2420 2353 PA'.
2453 2296 2515 2351 Ei
2549 2294 2595 2351 δ’
2625 2295 2754 2371 οὐχὶ
2802 2299 2962 2351 τοῦτο
3011 2297 3224 2373 φήσεις,
3273 2297 3370 2363 τῆς
3418 2292 3679 2369 γλώσσης
3725 2291 3783 2348 δὲ
3811 2294 3888 2354 ὡς

479 2387 761 2458 tanquam
794 2392 1047 2443 vestram
1080 2388 1361 2455 vindices,
1382 2394 1556 2463 atque
1578 2391 1793 2447 idcirco
1816 2408 1922 2446 nos
1940 2391 2012 2447 ab
2033 2407 2121 2458 ea,

482 2474 651 2548 quasi
683 2493 716 2530 a
760 2480 1004 2547 paterna
1047 2477 1406 2541 haereditate.
1456 2479 1719 2552 nihilque
1749 2481 1821 2536 ad
1853 2498 1960 2537 nos
1990 2480 2124 2537 atti-

482 2570 677 2634 nente,
712 2566 909 2637 procul
944 2568 1315 2634 submoveas,
1346 2569 1603 2640 primum
1635 2588 1750 2625 non
1789 2572 1977 2638 video,
2009 2587 2127 2642 qua

483 2654 709 2712 ratione
740 2656 797 2710 id
840 2658 1027 2712 facere
1056 2660 1270 2729 possis,
1303 2662 1403 2713 aut
1444 2661 1737 2730 quomodo
1773 2660 1877 2716 hoc
1907 2662 1977 2716 ad
2012 2661 2126 2714 dte-

485 2760 691 2801 mones
712 2745 924 2802 referre
944 2762 1145 2817 queas.
1170 2747 1294 2803 Non
1317 2747 1493 2813 enim,
1519 2748 1564 2803 si
1586 2748 1820 2804 eosdem
1848 2754 1905 2803 et
1926 2748 2128 2820 lingua

485 2839 545 2891 et
596 2833 875 2906 religione
931 2835 1179 2891 Graecari
1228 2836 1494 2909 contigit,
1528 2838 1799 2909 protinus
1829 2853 2129 2895 sermones

488 2939 716 2995 quoque
737 2924 1029 2994 religionis
1049 2941 1178 2981 esse
1198 2931 1607 2998 consequetur,
1633 2944 1818 2999 eaque
1850 2928 1923 2983 de
1952 2943 2130 2982 causa

487 3015 561 3070 ab
592 3030 659 3069 ea
681 3014 815 3083 jure
844 3014 1224 3085 depellemur.
1254 3016 1398 3073 Nam
1422 3032 1494 3072 ne
1519 3016 1622 3073 hoc
1642 3018 1876 3087 quidem
1909 3016 1990 3073 ita
2018 3015 2129 3073 col-

489 3103 591 3174 ligi
625 3120 797 3175 posse
826 3108 1087 3169 censent,
1121 3106 1222 3176 qui
1249 3106 1401 3176 apud
1425 3123 1526 3162 vos
1557 3107 1628 3162 de
1657 3107 1983 3162 disserendi
2011 3110 2131 3161 arte

489 3193 868 3265 scripserunt.
901 3193 1026 3248 Non
1060 3194 1216 3249 enim
1248 3194 1298 3249 si
1330 3195 1445 3250 duo
1476 3195 1629 3251 circa
1650 3196 1803 3251 idem
1829 3200 2134 3252 versentur

490 3282 663 3338 ambo
695 3281 935 3354 proinde
983 3283 1185 3337 eadem
1244 3282 1397 3338 inter
1455 3300 1517 3339 se
1574 3289 1749 3339 sunt:
1811 3284 1934 3355 pari
1975 3285 2131 3340 enim

490 3368 707 3440 alioqui
739 3369 982 3439 ratione,
1032 3370 1081 3425 si
1132 3370 1431 3426 auriﬁcem
1463 3372 1734 3427 eumdem
1768 3376 1825 3427 et
1853 3372 2133 3443 pictorem

494 3458 874 3529 ﬁngeremus,
905 3459 1031 3514 auri
1064 3459 1217 3514 fusio
1250 3460 1309 3514 in
1342 3460 1652 3531 picturam,
1687 3464 1788 3515 aut
1818 3461 2042 3531 pictura
2074 3461 2133 3515 in

492 3547 619 3602 auri
671 3548 961 3603 fusionem
1006 3548 1305 3616 recideret,
1358 3563 1423 3603 ac
1468 3547 1961 3605 circumsisteret:
2008 3566 2135 3620 quis

490 3637 749 3710 profecto
781 3636 1031 3691 nimium
1065 3636 1267 3691 frivola
1295 3642 1352 3692 et
1380 3637 1577 3707 inepta
1601 3641 1757 3692 sunt.

562 3725 673 3782 CV.
708 3726 793 3780 Ad
826 3725 935 3781 hac
966 3724 1311 3781 sciscitabar
1341 3742 1410 3780 ex
1439 3730 1516 3793 te,
1548 3742 1580 3781 ο
1610 3727 1907 3782 ϐτωοίεωί
1928 3732 1985 3782 et
2014 3744 2135 3783 ser-

492 3832 735 3873 monum
769 3830 995 3883 amans,
1028 3819 1226 3869 utrum
1259 3814 1332 3869 ab
1378 3815 1536 3870 omni
1568 3816 1881 3872 Graecismo
1913 3833 2018 3872 nos
2045 3834 2139 3872 ar-

494 3904 673 3975 cebis,
707 3904 815 3959 boc
844 3908 955 3970 est,
980 3920 1013 3958 a
1034 3902 1390 3975 pervulgatis
1423 3903 1517 3960 his
1547 3908 1603 3959 et
1633 3905 2001 3976 pedestribus
2022 3923 2142 3962 ver-

493 3995 609 4062 bis,
640 3993 892 4065 atquein
916 3992 1312 4048 multitudinis
1334 4010 1444 4049 usu
1474 3994 1701 4064 positis,
1724 4012 1797 4050 an
1821 3995 1893 4049 ab
1914 3995 2141 4069 elegan-

496 4082 747 4139 tioribus
778 4083 1061 4138 duntaxat
1090 4087 1145 4137 et
1177 4082 1645 4148 sublimioribus,
1680 4088 1879 4156 utpote
1908 4086 1980 4140 ad
2012 4102 2142 4157 qua

497 4186 690 4239 nemo,
722 4170 837 4225 nisi
872 4170 1170 4227 excellenti
1218 4171 1484 4227 doctrina
1540 4173 1841 4243 praeditus,
1882 4173 2145 4246 aspirare

498 4260 724 4332 queat?
754 4260 811 4315 Si
845 4278 878 4318 a
906 4261 1212 4333 posteriori
1254 4261 1364 4317 hoc
1396 4260 1698 4318 Graacismi
1730 4261 1880 4318 135
1910 4278 2143 4334 genere,

569 4384 683 4470 (29)
713 4384 1155 4472 ,Ἱεροφάνταιςη
1191 4386 1685 4472 Schol.mMontac
1712 4402 1732 4472 :_
1785 4386 2146 4472 Ἱεροφάγτης,

500 4455 648 4528 παρὰ
669 4453 738 4535 zu}
766 4453 833 4510 τὰ
851 4453 979 4535 ,ιέρά
1000 4455 1282 4535 ἐκφαίνειν.
1320 4457 1827 4535 «_Hierophantes,
1849 4453 2017 4530 Quasi
2047 4453 2149 4533 qui

499 4527 669 4586 saera
697 4527 867 4584 docet
897 4527 1189 4600 patefacit,
1222 4553 1249 4579 ιι
1284 4530 1375 4586 uel
1409 4552 1438 4579 ‹‹
1469 4527 1907 4603 interpretatur.
1943 4553 1971 4581 »

574 4609 685 4681 (21)
714 4612 799 4678 Τῷ
830 4610 1125 4684 Βουθᾷοίνᾳέ
1149 4609 1250 4663 Hic
1300 4632 1320 4657 ι
1360 4608 1653 4684 _Herc_ules
1706 4631 1725 4659 ι
1783 4610 2147 4684 intelligitur.

502 4662 636 4755 Quae
667 4662 985 4755 tet-6,1;qu
1020 4702 1048 4732 ι(
1076 4662 1326 4755 'Tauros,
1359 4662 1648 4755 based");
1681 4662 2149 4755 θιοζζῇἑὲ-ἶόιὲἑζ
2179 4662 2227 4729 D

501 4754 737 4819 bantur,
769 4752 896 4808 vide
924 4753 983 4807 in
1018 4752 1192 4822 notis,
1228 4768 1281 4822 p.
1320 4753 1440 4806 109.

730 4823 800 4897 Τὸ
855 4821 1296 4897 κατατέμνεσθαι.
1358 4825 1461 4897 Ῐιιξ,Δ
1502 4821 1661 4897 Pass.
1722 4829 1779 4879 et
1808 4824 1935 4897 alii
1971 4842 2151 4897 quam

502 4895 672 4969 multi
700 4896 949 4951 codices.
984 4896 1155 4951 Deest
1174 4893 1243 4969 Δτό
1275 4896 1333 4969 in
1362 4894 1568 4969 editis.
1617 4896 1758 4969 Tam
1805 4893 2037 4969 impura
2080 4900 2155 4953 si-

500 4967 697 5039 lentio,
731 4967 1227 5039 praetermittenda
1284 4968 1640 5035 viderentur,
1691 4968 1804 5023 nisi
1860 4967 1929 5025 ad
1992 4987 2153 5026 caeca

502 5038 846 5167 gentilitatis
893 5041 1172 5112 probrum
1215 5056 1284 5095 sa
1331 5040 1541 5095 referre
1572 5039 1913 5113 compulsus
1947 5041 2155 5098 fuisset

558 5127 837 5167 rezorius.

558 5127 837 5167 ΓΘΕΟῙΊΠΒ.

597 5178 688 5249 23)
718 5184 851 5235 Ὅσα
879 5185 985 5235 τῶν
1016 5178 1219 5236 ἂλλῶν.
1252 5181 1408 5237 Colb.
1443 5178 1601 5245 3,801
1632 5178 1795 5237 ἄλλα.

597 5184 688 5249 23)
718 5184 851 5235 Ὅσα
879 5185 985 5235 τῶν
1016 5184 1219 5236 suam.
1252 5184 1408 5237 Colb.
1443 5184 1601 5245 3,601
1632 5184 1752 5236 ἄλλι

719 5258 1025 5336 "Eum:-
1060 5254 1201 5336 Tias
1238 5254 1448 5336 ιέθειξον
1481 5249 1752 5336 ἔγκριτον-

575 5326 689 5396 (25)
722 5325 784 5379 Εἰ
818 5324 965 5378 τοῦτ’
987 5325 1072 5393 ἦν.
1108 5325 1202 5396 Sic
1235 5324 1497 5396 plerique
1522 5324 1774 5382 cndices.
1830 5327 1989 5383 Pass.
2024 5344 2156 5383 vero

506 5395 723 5468 aliique
759 5397 1045 5461 nonnulli,
1081 5394 1155 5455 εἷς
1190 5400 1372 5449 τοῦτο.

574 5470 691 5539 (26)
722 5470 787 5521 "ll
822 5488 945 5524 τινι,
979 5469 1070 5523 sic
1121 5485 1333 5539 magno
1386 5482 1674 5541 consensu
1723 5468 1972 5535 codices,
2006 5486 2155 5541 prae:

506 5544 596 5595 ter
623 5541 781 5597 Colb.
816 5542 869 5610 3,
903 5543 957 5596 ὃ.
1002 5540 1201 5596 Billius
1258 5544 1450 5595 tamen
1494 5543 1553 5594 et
1598 5539 1800 5595 Comb.
1856 5539 2055 5613 legunt
2110 5540 2156 5595 εἶ

504 5631 633 5667 τινι.

580 5686 689 5757 (27)
722 5684 916 5758 Θήσεις
947 5684 1114 5758 ἡμᾶς.
1178 5682 1336 5758 Pass.
1398 5680 1578 5758 θήσεις
1625 5681 1977 5758 Χριστιανοὺς
2007 5686 2154 5758 ἡμᾶς

512 5751 651 5831 Reg.
677 5751 724 5828 Ἰ,
755 5751 936 5830 θήσεις
973 5751 1370 5831 Χριστιανούς,
1403 5754 1621 5813 omisso
1650 5751 1815 5829 ἡμᾶς.

2234 2388 2496 2461 ὑμετέρας
2557 2388 2917 2460 μεταποιήσῃ,
2974 2385 3063 2439 καὶ
3124 2382 3211 2438 διὰ
3256 2387 3420 2439 τοῦτο
3475 2383 3665 2459 πόρῥω
3702 2385 3890 2452 θήσεις

2233 2478 2380 2550 ἡμᾶς
2412 2478 2545 2551 (27),
2594 2474 2775 2551 ὥσπερ
2808 2474 3019 2550 κλήρου
3065 2477 3350 2549 πατρικοῦ,
3399 2473 3489 2528 καὶ
3540 2469 3694 2528 οὐδὲν
3747 2475 3884 2545 ἡμῖν

2235 2564 2605 2644 διαφέροντος,
2664 2569 2880 2639 πρῶτον
2944 2564 3039 2636 μὲν
3098 2561 3205 2638 οὐχ
3262 2564 3374 2636 ὁρῶ
3406 2560 3544 2624 τίςὸ
3604 2560 3795 2636 λόγος,
3846 2561 3883 2629 ἥ

2234 2660 2354 2718 πῶς
2399 2660 2561 2710 τοῦτο
2608 2654 2892 2729 προσάξεις
2938 2658 3056 2715 τοῖς
3100 2650 3375 2727 δαίμοσιν.
3408 2651 3481 2706 Οὐ
3507 2652 3629 2727 γὰρ,
3663 2651 3707 2706 εἷ
3758 2650 3887 2712 τοὺς

2234 2744 2429 2807 αὐτοὺς
2472 2746 2572 2814 τήν
2619 2764 2678 2799 τε
2723 2741 2977 2818 γλῶσσαν
3024 2740 3449 2811 Ἑλληνίζοντας
3478 2741 3568 2795 καὶ
3596 2742 3695 2810 τὴν
3751 2742 3890 2813 θρη-

2238 2835 2415 2890 σκείαν
2446 2835 2575 2889 εἶναι
2793 2826 3132 2904 συμϐέϐηκεν
3181 2828 3289 2900 ἤδη
3344 2830 3433 2885 καὶ
3471 2837 3569 2899 τῆς
3597 2829 3888 2905 θρησκείας

2239 2926 2291 2980 οἱ
2326 2924 2502 3000 λόγοι,
2561 2922 2650 2977 καὶ
2709 2920 2798 2976 διὰ
2837 2922 2986 2976 τοῦτ’
3018 2920 3077 2976 ἂν
3111 2920 3332 2982 εἰκότως
3366 2916 3466 2990 ἔξω
3496 2918 3696 2989 ταύτης
3727 2922 3894 2991 ἡμεῖς

2239 3012 2576 3089 γραφείημεν
2602 3028 2616 3041 ·
2670 3009 2816 3066 ἀλλᾶ
2858 3010 3018 3064 τοῦτό
3065 3030 3127 3084 γε
3172 3008 3263 3063 καὶ
3295 3006 3684 3083 ἀσυλλόγιστον
3744 3005 3896 3063 δοκεῖ

2240 3108 2357 3165 τοῖς
2388 3103 2505 3157 καθ’
2540 3102 2679 3173 ὑμᾶς
2708 3102 2820 3173 (29)
2850 3096 3205 3175 τεχνολόγοις
3231 3118 3244 3129 ’
3292 3097 3355 3153 ού
3384 3099 3508 3173 γὰρ,
3542 3097 3588 3152 εἰ
3610 3098 3735 3171 περῖ
3764 3118 3895 3152 ταυ-

2239 3193 2328 3247 τὸν
2362 3190 2550 3268 ἆμφω,
2600 3188 2689 3244 καὶ
2741 3186 3016 3259 ἀλλήλοις
3071 3187 3237 3264 ἄμφω
3278 3187 3447 3243 ταυτά
3478 3205 3490 3221 '
3523 3188 3558 3256 ἢ
3613 3185 3756 3241 οὕτω
3809 3208 3896 3262 γε,

2242 3280 2287 3335 εἷ
2337 3278 2649 3357 χρυσοχόον
2698 3279 2788 3333 τὸν
2850 3276 3009 3333 αὐτὸν
3052 3276 3141 3331 καὶ
3194 3276 3473 3354 ζωγράφον
3534 3276 3773 3349 θείημεν,
3830 3277 3899 3331 τὸ

2243 3374 2572 3446 χρζσοχοεῖν
2634 3367 2710 3428 εἷς
2765 3368 2828 3421 τὸ
2886 3372 3216 3443 ζωγραφεῖν,
3269 3364 3303 3435 ἥ
3360 3368 3422 3420 τὸ
3486 3371 3787 3442 ζωγραφεῖν
3821 3365 3903 3427 εἷς

2241 3461 2304 3514 τὸ
2333 3461 2667 3533 χρυσοχοεῖν
2719 3458 2831 3528 (30)
2882 3457 3260 3531 περιστήσεται
3287 3473 3299 3487 ·
3334 3453 3560 3511 πολλῶν
3590 3458 3757 3509 ταῦτα
3785 3458 3898 3509 τῶν

2244 3546 2316 3618 λη
2325 3569 2391 3625 ρη
2404 3548 2606 3621 μάτων.

2316 3727 2432 3782 ΡΕ’.
2464 3726 2687 3779 Ἔπειτα
2715 3725 2827 3795 (31)
2857 3722 3125 3797 ἐρήσομαί
3178 3743 3257 3795 σε,
3289 3723 3334 3776 ὦ
3374 3721 3645 3799 φιλέλλην
3696 3722 3760 3776 σὺ
3804 3724 3901 3777 καὶ
3972 3774 3996 3793 ,

2249 3813 2537 3893 φιλόλογε,
2568 3812 2788 3888 πότεριν
2815 3812 3017 3874 παντὸς
3064 3808 3255 3888 εἷ’ρξεις
3304 3814 3450 3883 ἡμᾶς
3496 3816 3592 3867 τοῦ
3640 3810 3905 3881 Ἑλληνί-

2253 3910 2383 3975 ζειν,
2438 3904 2549 3957 οἷον
2597 3899 2663 3969 δὴ
2712 3902 2801 3956 καὶ
2866 3906 2975 3956 τῶν
3027 3899 3080 3955 ἐν
3126 3902 3274 3973 μέσῳ
3320 3900 3409 3956 καὶ
3456 3906 3635 3970 πεζῶν
3690 3900 3903 3956 τούτων

2254 3993 2534 4070 ῥημάτων,
2565 3990 2655 4045 καὶ
2684 3997 2784 4059 τῆς
2812 3994 2919 4045 τῶν
2947 3986 3176 4045 πολλῶν
3224 3993 3500 4066 χρήσεως,
3540 3992 3576 4055 ἣ
3619 3994 3716 4045 τοῦ
3762 4012 3910 4064 κομ-

2252 4086 2358 4157 ψοῦ
2383 4102 2443 4136 τε
2471 4079 2559 4135 καί
2594 4080 2996 4157 ὑπεραίροντος,
3030 4080 3105 4143 ὡς
3136 4080 3236 4135 οὐκ
3273 4078 3468 4141 ἄλλοις
3519 4079 3740 4156 ἰφικτοῦ

2252 4175 2287 4242 ἢ
2314 4173 2429 4234 τοῖς
2458 4172 2593 4225 κατὰ
2621 4167 2897 4224 παίδευσιν
2933 4166 3274 4247 διαφέρουσιν
3334 4171 3445 4241 (33)
3480 4187 3495 4239 ;
3547 4168 3593 4222 εί
3649 4170 3743 4242 μὲν
3797 4172 3908 4247 γὰρ

2254 4260 2475 4331 τούτου,
2504 4258 2589 4322 τίς
2614 4260 2649 4329 ἡ
2687 4256 3096 4335 ἀποκλήρωσις,
3125 4258 3187 4314 τὸ
3222 4259 3316 4332 μὲν
3378 4256 3711 4335 σμερδαλέον
3770 4262 3912 4335 (34).

2328 4389 2439 4461 (28)
2471 4393 2792 4463 Θρησκειαν.
2852 4404 3025 4463 swa_t,_
3058 4389 3169 4463 etc.
3218 4386 3308 4463 Ita.
3346 4386 3507 4463 Pa_s_s.
3552 4385 3916 4463 Que‘_l‘sctio

2255 4450 2648 4517 certe'méli'or
2664 4450 3053 4530 videturrEdj
3075 4453 3371 4530 Δθρησκείαν
3404 4454 3512 4528 ἢδη
3563 4450 3913 4530 συμϐέϐηκεν

2259 4532 2518 4624 civ/qusi?
2550 4529 2987 4624 θρησκείαςητοὺς
3019 4525 3240 4624 λόγξυς.

2331 4605 2443 4675 (29)
2475 4601 2601 4676 Καθ’
2633 4604 2793 4676 ὑμᾶς.
2825 4601 3291 4674 Ουειιιοινιῖθεε.
3323 4601 3441 4676 καθ’
3469 4601 3637 4676 ἡμᾶς.

2331 4673 2441 4745 (30)
2472 4675 2581 4753 Εἰς⁸
2595 4673 3335 4753 τὸχρυσοχοεῖνηουειῐυοι·
3362 4673 3697 4753 βθβεηόυο
3726 4675 3914 4740 Colb..

2331 4695 2441 4745 (ου)
2472 4695 2566 4736 mc
2595 4696 2658 4730 το
2733 4695 3041 4753 ρυσοχοειν.
3076 4695 3335 4739 quatuor
3364 4695 3508 4747 negg

2264 4746 2423 4821 Pass.
2460 4752 2523 4821 et,
2546 4748 2642 4804 Or.
2686 4695 2728 4805 1(
2725 4794 2739 4816 ,
2774 4749 2833 4803 in
2864 4743 3090 4821 ora_,_ctc
3110 4745 3508 4821 χρυσοχοῖκήν.

2332 4820 2446 4887 (31)
2473 4820 2719 4877 "Enn-ta.
2753 4821 2916 4876 Pass.
2948 4815 3101 4873 Εἶτα.

2332 4820 2418 4887 (31
2473 4820 2719 4877 "Enn-ta.
2753 4821 2916 4876 Pass.
2948 4820 3101 4873 Εἶτα.

2332 4820 2447 4961 (32)
2474 4895 2559 4952 Ὠς
2593 4890 2692 4946 οὐκ
2722 4888 2918 4966 ἄλλοις
2967 4887 3350 4966 έφικὶονξ-,Αεὶᾳρ
3398 4888 3696 4966 Pa_.ss.__lta
3743 4891 3921 4966 etiam

2263 4956 2467 5039 legunt
2530 4967 2659 5021 Sav.
2719 4968 2778 5019 et
2834 4956 3035 5020 Comb'.
3097 4959 3245 5017 Editi
3303 4956 3361 5020 ὅς
3421 4957 3521 5013 οὐκ
3573 4957 3769 5023 ἄλλοις
3824 4961 3923 5039 ἐφ-

2268 5032 2431 5093 ικτός.

2338 5107 2445 5177 (33)
2474 5106 2545 5161 ’Ή
2574 5111 2690 5168 τοῖς
2722 5104 2857 5160 κατὰ
2885 5101 3159 5179 παίδευσιν
3194 5098 3560 5179 διαφέρουσιν.
3579 5103 3678 5179 ’118
3702 5104 3921 5162 habent

2265 5174 2491 5252 septem
2519 5179 2723 5252 Regg.,
2758 5180 2875 5252 duo
2904 5177 3086 5252 Colb.,
3122 5174 3320 5252 Pass,
3337 5174 3539 5252 sicque
3560 5175 3925 5252 legendum,

2275 5246 2348 5322 ut
2372 5246 2931 5322 planaetexpedita
2958 5250 3038 5306 sit
3092 5247 3357 5321 syntaxis
3386 5246 3458 5304 ac
3478 5246 3699 5307 littera.
3739 5250 3919 5317 Editi,

2263 5320 2297 5389 ἢ
2329 5318 2490 5377 τοῖν..
2546 5318 2915 5397 διαφέροντος.

2335 5402 2445 5473 (34)
2491 5401 2562 5455 Τὸ
2615 5398 2708 5474 μὶν
2774 5398 3128 5475 σμερδαλέον,
3196 5404 3306 5457 etc.
3365 5400 3494 5475 Haec
3549 5402 3931 5475 sun_t_,verba

2266 5471 2491 5544 poetisa
2520 5490 2588 5529 ex
2616 5471 3158 5546 Homero'collecta,
3214 5489 3341 5546 qua
3382 5471 3619 5545 singula
3647 5471 3805 5546 Elias
3835 5474 3927 5529 sic

2267 5540 2543 5615 Exponit:
2578 5542 2935 5621 σμερδαλέον,
2984 5540 3408 5621 «horrenda!!!
3441 5540 3537 5621 2:3»
3595 5540 3929 5621 κοναϐίζειν,

2265 5638 2297 5666 ‹‹
2328 5610 2865 5688 strepere,tinnire;
2897 5610 2929 5670 ι’
2966 5620 3139 5689 μῶν,‹‹
3176 5616 3366 5689 num?
3395 5637 3422 5667 η
3456 5610 3784 5687 δήπουθεν..
3805 5610 3935 5675 hu;

2267 5704 2401 5815 quo,
2426 5690 2718 5761 profecto;
2754 5713 2783 5742 ››
2815 5688 2968 5759 ἅττα,
3030 5706 3175 5777 cum.
3212 5688 3523 5763 aspiratur,
3555 5712 3585 5741 α
3617 5704 3746 5762 quas
3795 5690 3933 5762 qui-

2310 5774 2401 5815 em
2429 5786 2443 5815 :
2499 5778 2633 5815 cum
2685 5766 2983 5815 tenuatur-
3040 5785 3070 5815 ι(
3104 5762 3217 5815 aha
3246 5760 3553 5815 auadam:
3612 5782 3641 5815 ι)
3674 5759 3933 5815 ἁμωσγέ-

2310 5759 2445 5832 θωξ
2499 5778 2633 5820 eum
2685 5766 2983 5836 tenuatur,
3040 5785 3070 5815 ‹‹
3104 5762 3217 5821 alia
3246 5759 3553 5835 quadam;
3612 5759 3651 5815 n'
3674 5759 3935 5838 ἁμωᾶγά-
