4202 6212
252 362 363 426 641

1256 354 1545 422 ORATIO
1590 358 1696 422 ιν.
1729 392 1807 403 ——
1836 354 2148 420 CONTRA
2195 356 2590 421 JULIANUM
2642 356 2687 419 l.

3552 358 3673 423 642

253 496 341 552 καὶ
408 494 471 549 τὸ
534 486 858 563 κοναϐίξειν,
917 490 1008 545 καὶ
1060 490 1122 544 τὸ
1186 493 1326 562 μῶν,
1385 490 1473 544 καὶ
1520 491 1582 545 τὸ
1635 486 1947 560 δήπουθεν,

2067 507 2145 545 uae
2176 492 2412 547 tandem
2444 491 2565 546 haec
2596 492 2831 565 partitio
2862 496 2973 564 est,
3008 497 3071 549 ut
3104 492 3226 549 haec
3282 496 3475 565 verba,
3508 515 3672 571 σμερ-

257 584 440 642 καὶτὸ
471 583 621 652 ἅττα,
656 582 745 637 καὶ
791 581 854 635 τὸ
895 578 1237 655 ἀμωσγέπως
1286 585 1419 633 εἶναι
1477 587 1576 649 τῆς
1632 577 1917 635 διαλέκτου

267 675 460 749 μόνης,
491 669 670 727 τᾶλλα
702 668 759 725 δὲ
790 672 905 744 (35)
954 669 1278 746 ἀπερῥίφθαι
1323 668 1398 730 εἰς
1444 668 1779 745 Κυνόσαργες

260 761 443 838 ὥσπερ
473 782 536 816 το
566 759 737 816 πάλαι
767 759 897 821 τοὺς
920 759 1111 820 νόθους
1136 777 1150 828 ;
1186 757 1230 813 εἰ
1285 755 1343 813 δὲ
1371 757 1460 812 καὶ
1489 759 1551 813 τὸ
1582 756 1793 819 εὐτελὲς
1823 760 1921 812 τοῦ

261 852 432 927 λόγου
464 852 553 906 καὶ
586 848 1006 905 ἀκαλλώπιστον
1042 849 1250 921 ὁμοίως
1282 852 1378 902 τοῦ
1401 845 1743 917 Ἐλληνίζειν
1786 844 1919 913 ἐστὶ,

262 942 315 997 τί
348 943 425 1014 μὴ
472 941 563 995 καὶ
610 937 817 994 τούτων
872 938 1217 1011 ἀποστερεῖτε
1260 941 1429 1011 ἡμᾶς,
1476 938 1563 991 καὶ
1598 934 1788 997 ἁπλῶς
1810 936 1924 1009 (37)

262 1031 441 1100 πάσης
502 1026 771 1091 Ἑλλάδος
830 1035 1041 1105 φωνῆς,
1102 1027 1265 1082 ὁποία
1322 1026 1441 1081 πότ’
1501 1026 1559 1080 ἂν
1617 1025 1673 1098 ᾖ,
1728 1025 1815 1079 καὶ
1849 1024 1923 1085 ὡς

268 1119 329 1175 ἂν
379 1115 584 1195 ἔχουσα
630 1116 773 1192 τύχῃ
818 1118 967 1190 (38);
1023 1117 1169 1171 τοῦτ’
1200 1118 1258 1171 ἂν
1306 1116 1375 1184 ἦν
1408 1117 1558 1187 ὑμῶν
1616 1113 1926 1192 φιλανθρω-

267 1209 499 1285 πότερον
542 1207 630 1265 καὶ
686 1204 911 1268 τελείως
961 1206 1074 1279 (39)
1124 1211 1224 1275 τῆς
1273 1204 1536 1278 ἀμουσίας
1583 1210 1684 1273 τῆς
1735 1202 1926 1277 ὑμετὲ-

302 1320 387 1361 ας.

268 1320 627 1463 ραὲζῘΕχει
678 1386 782 1462 γὰρ
840 1383 1037 1457 οὕτως,
1090 1382 1185 1438 ἵνα
1245 1404 1328 1438 σοι
1385 1380 1745 1460 φιλοσοφήσω
1806 1378 1929 1456 περὶ

269 1477 500 1545 τούτων,
536 1474 876 1551 ὑψηλότερόν
907 1495 965 1529 τε
1011 1473 1101 1528 καὶ
1152 1470 1481 1547 τελεώτερον
1516 1490 1528 1503 °
1571 1470 1635 1525 Εἰ
1688 1471 1780 1543 μὲν
1841 1467 1931 1524 καὶ

274 1566 416 1621 Θεῖαί
466 1565 618 1627 τινάς
663 1564 765 1618 εἶσι
817 1564 988 1641 φωναὶ
1033 1565 1145 1636 (40)
1197 1565 1528 1639 φωνητικοῖς
1562 1557 1815 1635 ὀργάνοις
1846 1558 1933 1613 ἐκ·

276 1654 642 1732 πορευόμεναι
673 1655 811 1726 (41),
840 1652 931 1707 καὶ
959 1650 1047 1706 διὰ
1074 1656 1171 1706 τοῦ
1202 1650 1359 1724 ἀέρος
1408 1644 1670 1725 χεόμεναί
1714 1669 1773 1703 τε
1819 1651 1934 1721 (42)

277 1744 366 1799 καὶ
421 1745 608 1804 ἀκοαῖς
657 1742 980 1813 εἰσρὲουσαι,
1039 1744 1146 1795 τῶν
1197 1737 1478 1813 ἡμετέρων
1514 1737 1788 1813 κρείττους
1846 1735 1936 1791 καὶ

2029 576 2242 649 δαλέον,
2293 574 2617 650 κοναϐίζειν,
2673 585 2806 653 μῶν,
2860 578 3151 655 δήπουθεν,
3220 582 3371 652 ἆττα,
3422 583 3673 660 ἀμωσγὲ-

2029 690 2167 739 πως,
2202 669 2386 726 solius
2418 670 2633 742 lingua:
2663 672 2801 739 sint,
2828 672 3054 744 reliqua
3074 679 3272 729 autem
3303 674 3361 729 iu
3396 676 3684 745 Cynosar-

2031 776 2153 832 ges,
2206 764 2271 814 ut
2316 759 2455 814 olim
2505 760 2711 830 spurii,
2759 760 3136 832 rclegentur?
3177 763 3235 816 Si
3282 770 3479 818 autem
3535 763 3679 819 viles

2032 848 2208 904 etiam
2235 853 2291 903 et
2312 848 2592 903 inornata}
2618 854 2795 919 atque
2821 848 3177 922 inelegantes
3211 851 3493 907 dictiones
3518 870 3599 924 aeq
3612 868 3681 908 ue

2034 937 2330 992 Graecismi
2355 947 2510 1005 sunt,
2537 938 2680 1008 quin
2702 940 2807 993 has
2831 955 3064 1010 quoque
3087 941 3456 1012 nobis,atque
3476 957 3682 999 omnes

2035 1027 2094 1081 in
2127 1027 2466 1082 universum
2495 1031 2725 1082 Graecas
2748 1043 2936 1099 voces,
2962 1045 3204 1099 quaeque
3223 1029 3458 1085 tandem
3490 1030 3601 1086 illa:
3624 1034 3684 1087 et

2038 1114 2478 1187 qualescunque
2508 1116 2649 1183 sint,
2683 1116 2991 1172 adimitis?
3042 1116 3151 1173 hoc
3200 1118 3354 1173 enim
3402 1122 3591 1189 majus
3623 1120 3683 1176 in

2035 1204 2199 1260 vobis
2217 1205 2602 1261 humanitatis
2620 1220 2685 1260 ac
2700 1223 2992 1277 supremae
3008 1207 3252 1263 inscitia:
3269 1215 3685 1279 argumentum

2038 1299 2213 1351 esset.

2113 1383 2250 1439 CVI.
2283 1383 2534 1452 Etenim,
2564 1388 2627 1439 ut
2658 1386 2729 1440 de
2760 1385 2851 1441 his
2874 1386 3047 1442 rebus
3070 1386 3249 1443 altius
3280 1405 3345 1444 ac
3376 1388 3689 1460 perfectius

2042 1477 2237 1528 tecum
2269 1490 2463 1545 agam,
2495 1475 2579 1529 sic
2610 1490 2673 1530 se
2700 1491 2793 1529 res
2837 1474 3050 1531 habet:
3103 1477 3159 1531 Si
3211 1479 3480 1548 quaedam
3512 1478 3689 1534 etiam

2043 1563 2287 1618 deorum
2317 1580 2487 1618 voces
2519 1569 2677 1631 sunt,
2711 1580 2743 1619 e
2772 1565 3072 1620 vocalibus
3103 1567 3341 1637 organis
3391 1573 3688 1639 exeuntes,

2046 1668 2110 1707 ac
2141 1669 2244 1723 per
2274 1668 2465 1708 aerem
2499 1652 2661 1720 fusas,
2696 1653 3055 1725 auribusque
3085 1654 3419 1725 inﬂuentes,
3449 1657 3692 1714 vocibus

2045 1742 2264 1797 nostris
2288 1742 2727 1813 prestantiores
2751 1749 2807 1797 et
2831 1742 3514 1816 signiticantiores(rideo
3540 1746 3697 1801 enim

282 1832 649 1906 εύσημότεραι
696 1828 868 1906 (γελῶ
911 1832 1011 1907 γὰρ
1060 1830 1211 1903 ὑμῶν
1256 1832 1365 1883 τῶν
1399 1831 1609 1900 σεμνῶν
1639 1828 1702 1881 τὸ
1742 1824 1934 1897 Μῶλυ,

351 1920 601 1931 ..m.
863 1914 1667 1931 ...................
1874 1920 1897 1929 -

2067 1830 2355 1885 10minum
2388 1831 2676 1902 gravium,
2703 1833 2907 1902 quales
2929 1833 3131 1888 haberi
3155 1834 3350 1904 vultis,
3378 1834 3499 1890 haec
3524 1837 3699 1891 verba

276 1923 367 1977 καὶ
396 1922 490 1977 τὸν
524 1920 757 1988 Ξάνθον,
788 1919 879 1975 καὶ
910 1920 1009 1988 τὴν
1040 1915 1326 1989 Χαλκίδα),
1368 1918 1401 1987 ἢ
1437 1914 1526 1971 διὰ
1558 1918 1671 1988 (43)
1720 1920 1938 1991 γυμνῶν

280 2010 563 2082 ἀλλήλοις
596 2010 940 2085 συγγίνονται
969 2009 1077 2063 τῶν
1130 2007 1345 2062 ἐννοιῶν
1395 2006 1486 2060 καὶ
1545 2010 1650 2060 τῶν
1676 2004 1939 2078 τυπωμά-

285 2121 415 2165 των,
450 2098 560 2173 οὐχ
588 2099 856 2173 ἡμέτερον
886 2096 1082 2174 λέγειν’
1144 2096 1206 2149 τὸ
1238 2093 1283 2149 δ’
1342 2094 1438 2148 οὖν
1470 2095 1735 2167 ἡμέτερον
1760 2097 1941 2147 τοιοῦ-

288 2190 378 2244 τόν
434 2188 615 2243 ἐστιν’
677 2183 809 2242 Οὔτε
862 2187 1014 2264 φωνή
1070 2190 1176 2239 τῶν
1237 2182 1543 2261 εύρομένων
1610 2183 1775 2256 μόνον
1835 2184 1947 2255 (44)

289 2278 457 2347 ἐστὶν,
491 2275 637 2332 ἀλλὰ
664 2277 877 2332 πάντων
924 2279 1032 2330 τῶν
1070 2273 1423 2349 μετεχόντων·
1467 2270 1591 2326 οὔτε
1637 2271 1806 2346 τέχνη
1864 2290 1948 2333 τις

288 2370 322 2439 ἦ
384 2365 752 2437 ἐπιτήδευσις,
801 2363 867 2435 ἤν
950 2363 1008 2419 ἂν
1068 2362 1436 2436 ἐνθυμηθῆναι
1495 2358 1766 2435 θελήσῃς·
1817 2358 1946 2415 ἀλλ’

284 2458 471 2533 ὥσπερ
504 2456 557 2511 ἐν
590 2454 825 2532 ἁρμονίᾳ
853 2458 1079 2529 τεχνικῇ
1108 2474 1168 2508 τε
1207 2452 1295 2508 καὶ
1331 2454 1565 2525 μουσικῇ
1617 2448 1787 2512 ἄλλος
1851 2450 1945 2523 μὶν

287 2552 433 2624 ἦχος
460 2543 638 2616 ἄλλης
686 2544 834 2606 τινὸς
882 2548 990 2598 τῶν
1036 2546 1239 2618 νευρῶν
1277 2541 1686 2613 συντεταμένος,
1742 2541 1776 2608 ἢ
1818 2539 1954 2593 ἀνει-

300 2639 459 2710 μὲνος
488 2637 627 2709 (45),
651 2635 825 2688 πάντα
868 2629 925 2687 δί
971 2636 1070 2687 τοῦ
1110 2632 1226 2693 ἑνὸς
1260 2632 1535 2707 ἁρμοστοῦ
1565 2629 1655 2685 καὶ
1676 2628 1952 2703 τεχνίτου,

297 2727 439 2802 πρὸς
470 2720 527 2778 ἓν
572 2745 624 2779 τι
672 2721 881 2785 κάλλος
930 2720 1189 2798 ἁρμονίας
1239 2719 1611 2774 σνντείνοντα·
1664 2716 1809 2773 οὕτω
1857 2716 1950 2772 κάν

296 2814 515 2877 τούτοις
549 2815 578 2868 ὁ
606 2812 864 2889 τεχνίτης
892 2812 980 2866 καὶ
1021 2807 1360 2885 δημιουργὸς
1406 2809 1583 2884 Λόγος
1631 2807 1799 2863 ἄλλον
1857 2808 1951 2879 μὲν

297 2903 480 2973 ἅΛλης
549 2902 697 2964 τινὸς
756 2898 1152 2968 ἐπιτηδεύσεως
1208 2901 1241 2968 ἢ
1296 2898 1499 2974 τέχνης
1559 2898 1779 2972 εὑρετὴν
1840 2897 1951 2970 (46)

293 2994 701 3071 προύστήσατο,
750 2993 926 3046 πάντα
972 2987 1029 3045 δὲ
1107 2988 1181 3051 εἰς
1259 2990 1419 3062 μέσον
1497 2983 1775 3063 προῦθηκε
1821 2993 1951 3040 πᾶσι

295 3090 417 3145 τοῖς
473 3081 857 3159 βουλομὲνοις,
902 3084 982 3153 τῷ
1054 3079 1357 3150 κοινωνικῷ
1433 3076 1519 3132 καὶ
1580 3074 1953 3155 φιλανθρώπῳ

301 3169 535 3228 συνδέων
566 3172 657 3226 τὸν
691 3170 805 3245 βίον
833 3170 994 3242 ἡμῖν,
1024 3168 1111 3223 καὶ
1140 3172 1313 3222 ποιῶν
1345 3166 1719 3242 ἡμερώτερον.

2050 1920 2220 1992 Moly,
2254 1926 2310 1974 et
2340 1920 2661 1985 Xanthum,
2712 1924 2769 1975 et
2811 1922 3192 1993 Chalcidem),
3237 1932 3338 1979 aut
3378 1942 3479 1995 per
3509 1926 3700 1980 nudas

2052 2009 2430 2080 cogitationes
2460 2014 2515 2063 et
2546 2010 2989 2065 inforinationes
3011 2016 3430 2068 commercium
3461 2015 3614 2070 inter
3637 2030 3698 2070 se

2052 2097 2290 2167 habent,
2343 2097 2803 2169 haudquaquam
2853 2106 3120 2155 nostrum
3169 2106 3258 2156 est
3300 2104 3697 2172 pronuntiare.

2055 2188 2215 2251 Quod
2249 2190 2443 2241 autem
2475 2188 2547 2241 ad
2579 2203 2685 2241 nos
2713 2187 2936 2253 attinet,
2956 2189 3035 2243 ita
3056 2204 3137 2257 se,
3166 2198 3229 2245 ut
3258 2191 3521 2245 dicturus
3545 2209 3703 2259 sum,

2058 2292 2149 2331 res
2181 2275 2374 2330 habet.
2396 2275 2542 2330 Nam
2574 2292 2680 2331 nec
2709 2293 2817 2332 vox
2842 2280 3247 2333 tantummodo
3270 2296 3472 2334 eorum
3495 2284 3585 2334 est
3606 2280 3708 2351 qui

2057 2381 2187 2420 eam
2218 2364 2582 2432 invenerunt,
2602 2366 2703 2421 sed
2726 2365 2990 2421 omnium
3018 2367 3117 2438 qui
3149 2370 3278 2438 ejus
3307 2374 3447 2423 sunt
3465 2369 3704 2441 partiei~

2060 2470 2161 2527 pes
2187 2470 2200 2509 :
2236 2471 2341 2509 nec
2370 2470 2467 2510 ars
2497 2454 2619 2509 ulla
2648 2458 2751 2509 aut
2789 2454 2920 2511 vitae
2959 2457 3227 2511 studium
3260 2463 3435 2528 atque
3465 2458 3701 2513 institu-

2064 2548 2211 2612 tum,
2245 2543 2633 2614 quodcunque
2681 2544 2939 2615 cogitare
2990 2545 3244 2601 volueris
3272 2563 3285 2613 ;
3315 2545 3454 2617 quin
3487 2546 3705 2617 potius,

2061 2632 2562 2703 quemadmodum
2593 2632 2653 2687 in
2683 2639 2969 2688 concentu
3000 2634 3313 2690 artificioso
3352 2639 3408 2689 et
3456 2635 3705 2703 musico,

2062 2721 2178 2777 alia
2197 2721 2435 2792 quidem
2463 2720 2683 2777 chorda
2703 2720 2885 2777 alium
2909 2739 3121 2777 sonum
3143 2723 3283 2790 edit,
3309 2728 3483 2795 prout
3503 2724 3707 2779 videli-

2061 2810 2280 2877 cet,vel
2302 2810 2693 2881 contenditur,
2722 2810 2807 2864 vel
2836 2811 3172 2879 remittitur,
3200 2818 3473 2867 caeterum
3505 2813 3706 2868 omnia

2063 2899 2243 2955 unius
2285 2899 2668 2970 ejusdemque
2718 2902 2856 2955 sunt
2894 2900 3325 2957 concinnatoris
3355 2906 3412 2957 et
3441 2902 3705 2971 artiﬁcis,

2062 2991 2236 3059 atque
2262 2987 2333 3042 ad
2358 3003 2537 3043 unam
2560 2988 2878 3059 quamdam
2901 2994 3220 3045 concentus
3249 2990 3598 3062 elegantiam
3622 3006 3711 3046 re-

2061 3077 2366 3132 feruntur:
2401 3077 2471 3132 ad
2504 3077 2776 3133 eumdem
2811 3078 3049 3134 modum
3073 3078 3131 3133 in
3156 3078 3248 3134 his
3272 3096 3503 3151 quoque
3529 3081 3703 3136 rebus

2060 3165 2197 3222 licet
2225 3182 2422 3221 rerum
2452 3166 2659 3221 artifex
2689 3183 2753 3222 ac
2774 3166 3334 3236 conditorVerbum,
3353 3168 3533 3225 alium
3558 3170 3707 3226 alius

306 3261 645 3336 cujuspiam
677 3261 930 3317 instituti
962 3259 1051 3315 vel
1081 3259 1224 3315 artis
1270 3259 1633 3314 inventorem
1672 3256 1931 3328 elegerit,
1977 3255 2175 3311 omnia
2213 3261 2407 3311 tamen
2439 3256 2717 3311 omnibus
2748 3257 2807 3311 in
2852 3257 3111 3312 medium
3145 3260 3467 3331 proposuit,
3503 3269 3567 3315 ut
3596 3262 3709 3316 sci-

300 3352 439 3409 licet
470 3368 573 3424 per
603 3352 942 3406 societatem
982 3354 1039 3403 et
1068 3346 1659 3403 communicationem
1702 3362 1769 3402 ac
1827 3344 2273 3417 benignitatem,
2332 3344 2510 3401 veluti
2570 3345 2923 3416 quibusdam
2953 3347 3206 3403 vinculis
3235 3348 3413 3404 vitam
3452 3357 3714 3406 nostram

300 3441 660 3513 astringeret
688 3455 755 3495 ac
785 3437 1081 3493 mitiorem
1113 3436 1399 3491 redderet.

376 3530 489 3583 PZ“
522 3528 627 3582 Σὸν
654 3528 718 3581 τὸ
745 3523 1116 3596 Ἑλληνίζειν;
1150 3521 1267 3578 εἷ’πέ
1316 3541 1430 3596 μοι’
1462 3520 1514 3577 τί
1564 3518 1660 3591 δὲ;
1706 3521 1768 3577 οὐ
1818 3528 1947 3577 Φοι-

2137 3523 2291 3579 136
2323 3521 2485 3581 CVII.
2518 3523 2621 3580 Dic
2650 3523 2833 3580 mihi:
2896 3528 3066 3581 tuum
3109 3530 3200 3583 est
3242 3526 3537 3585 Grmcari?
3567 3529 3714 3594 Quid

300 3618 467 3672 νίκων
488 3618 558 3671 τὰ
586 3614 922 3691 γράμματα;
956 3613 1032 3675 ὡς
1064 3610 1121 3667 δέ
1164 3633 1325 3678 τινες,
1388 3611 1735 3687 Δίγυπτίων;
1776 3614 1811 3681 ἣ
1851 3616 1956 3666 τῶν

302 3703 381 3761 ἔτι
459 3704 667 3759 τούτων
738 3704 1059 3781 σοφωτέρων
1135 3696 1435 3772 Ἐϐραιων;
1513 3700 1565 3754 οἳ
1648 3701 1736 3755 καὶ
1792 3698 1956 3772 πλαξὶ

304 3795 700 3870 θεοχαράκτοις
783 3791 1110 3869 ἐγγραφῆναι
1189 3793 1300 3865 (47)

301 4022 446 4069 πως,
478 4025 506 4052 α
531 4001 767 4073 partim,
789 4000 1240 4073 quadamtenus.
1271 4020 1299 4046 »
1322 3996 1526 4051 Billius
1558 3996 1759 4073 inham
1779 3996 1957 4053 verba

304 4068 576 4131 observat
622 4068 965 4144 Gregorium
1013 4070 1135 4144 haec
1174 4074 1513 4144 mutuatum
1536 4068 1717 4144 videri
1756 4086 1802 4144 _a
1841 4075 1954 4144 bu-

303 4148 496 4211 ciano,
531 4145 629 4199 ubi
661 4139 767 4199 lib:
798 4145 869 4198 De
894 4143 1161 4199 conscrib.
1196 4143 1323 4196 hist.
1377 4139 1703 4196 salsissime
1753 4141 1958 4197 irridet

302 4216 783 4289 inneptissimum
812 4215 1112 4289 hominem
1144 4211 1665 4289 sesquipedalium,
1688 4212 1959 4289 (exoleto-

299 4283 526 4347 rum'et
570 4287 1151 4343 Demosthenicorum
1193 4283 1502 4340 verborum
1534 4283 1958 4352 aﬁ'eotatorem,

304 4362 409 4434 qui
442 4360 861 4434 sibifacundia
886 4357 1331 4413 Demosthenem
1369 4372 1601 4429 aequare
1629 4356 1957 4427 videbatur,

304 4430 460 4505 quod
492 4430 652 4505 illius
682 4430 874 4505 verbis
905 4433 1183 4505 uteretur.

380 4504 493 4573 (35)
523 4499 709 4555 Τᾶλλα
741 4499 819 4572 δέ,
870 4506 977 4557 etc.
1033 4502 1257 4573 Crateras
1301 4516 1435 4555 vero
1491 4498 1777 4556 dictiones
1826 4500 1966 4571 reji-

306 4572 543 4631 ciantur
567 4583 621 4629 et
649 4590 752 4645 pro
783 4573 999 4645 spuriis
1029 4572 1374 4645 habeantur3

380 4648 492 4718 (36)
526 4641 879 4721 Κυνόσαργες.
908 4645 1250 4721 ξιοουεῄρται
1289 4643 1529 4700 Athenis
1574 4641 1870 4715 ignobilis,
1901 4644 1961 4699 in

304 4716 485 4791 quem
516 4718 703 4791 spurii
731 4716 1212 4791 eonjiciebantur.

377 4790 495 4862 (37)
527 4785 624 4841 Καὶ
682 4785 903 4862 ἅιπλῶς.Δ
945 4791 1078 4852 Quaa
1123 4792 1455 4862 sequuntur
1503 4802 1685 4862 usque
1715 4786 1786 4862 ad
1844 4786 1964 4862 haec

305 4859 507 4927 verba,
531 4864 688 4934 Ἔχει
718 4866 843 4934 γάρ,
876 4860 1088 4915 desunt
1119 4859 1177 4913 in

307 4939 363 4987 et
396 4932 529 4987 Her.

307 4939 363 4988 et
396 4939 529 4988 Her.

379 5005 494 5076 (38)
524 5000 692 5076 Τύχῃ..
727 5001 889 5076 Colb.
921 5002 976 5076 3,
1009 5005 1066 5056 et
1084 5000 1297 5076 _Comb.
1320 4999 1505 5074 τύχοι.

379 5070 494 5146 (39)
524 5070 780 5146 Τελέῑως.
815 5073 988 5146 savii].
1021 5070 1322 5146 τελείωσις.

376 5141 493 5217 (40)
526 5144 588 5198 Εἰ
651 5144 744 5217 μὲν
797 5145 887 5198 καὶ
932 5142 1068 5197 Θεῖαί
1124 5143 1263 5204 τινές
1310 5141 1410 5217 εἰσι
1460 5142 1651 5217 φωναί,
1685 5146 1795 5217 βω,
1858 5141 1962 5198 Hi0

306 5213 507 5289 poetas
536 5235 603 5273 ae
631 5213 921 5289 praecipue
954 5217 1289 5289 Homerum,
1320 5213 1585 5289 aliosque
1629 5213 1961 5289 fabularum

307 5285 749 5363 amatores,'qui
782 5285 896 5363 diis
924 5304 1091 5343 voces
1121 5287 1537 5363 a‘ttribuebant,
1570 5285 1773 5363 irridet
1822 5288 1963 5339 Gre-

302 5363 527 5433 gorius.
565 5362 627 5417 In
662 5356 998 5433 exemplum
1030 5359 1252 5433 profert
1280 5358 1566 5429 quasdam
1597 5356 1965 5433 deorum_vo-

306 5424 425 5499 ὅδε,
458 5450 608 5506 quas
638 5424 1086 5506 ipseHomerus
1119 5424 1315 5495 finxit,
1337 5444 1545 5506 nempe
1575 5449 1603 5506 ε(
1634 5424 1965 5506 MolyLXan-

306 5496 495 5561 thum.
510 5510 568 5561 et
596 5496 954 5571 Chalcidem,
987 5518 1239 5574 quarum
1273 5496 1494 5574 prima,
1520 5520 1562 5574 »_
1574 5498 1766 5574 inquit
1788 5496 1963 5574 Elias,

311 5596 339 5628 ι
368 5576 537 5633 radix
567 5576 769 5649 stirpis
802 5568 1111 5649 cujusdam
1154 5568 1291 5649 est;
1323 5571 1499 5649 altera
1529 5568 1763 5649 ﬂuvius,
1794 5570 1967 5626 tertia

305 5650 450 5713 avis,
485 5649 580 5704 his
608 5643 803 5705 verbis
834 5643 1027 5719 utens:
1055 5646 1210 5719 Moly
1230 5645 1381 5699 hanc
1412 5643 1491 5699 dii
1512 5646 1722 5719 vocant
1750 5656 1964 5719 :quem

305 5719 605 5779 Xanthum
640 5721 723 5777 dii
754 5714 1256 5794 vocant,homines
1289 5720 1487 5773 autem
1512 5714 1961 5772 Scamandrum:

1260 4874 1349 4930 eg.
1386 4860 1548 4925 hu,et
1575 4859 1635 4914 in
1667 4858 1803 4913 edit.
1828 4857 1959 4914 Ald.
1993 4860 2041 4926 D

2065 3616 2259 3668 autem
2282 3612 2308 3666 7
2336 3612 2539 3668 Nonne
2564 3612 2903 3669 Phoenicum
2926 3621 3066 3670 sunt
3093 3614 3318 3681 litteras,
3346 3617 3455 3683 vel,
3484 3622 3545 3672 ut
3568 3635 3713 3673 non-

2067 3701 2245 3756 nullis
2276 3700 2485 3772 placet,
2518 3703 2938 3774 IEgyptiorum,
2971 3712 3070 3761 aut
3115 3704 3205 3759 his
3255 3705 3447 3760 adhuc
3480 3706 3716 3775 sapien-

1387 3790 1480 3845 τὸν
1560 3789 1729 3861 νόμον
1815 3788 1947 3863 παρᾶ

2067 3791 2283 3846 tiorum
2325 3789 2723 3861 Hebraeorum,
2765 3792 2864 3864 qui
2915 3791 3092 3848 etiam
3122 3792 3306 3865 legem
3341 3793 3396 3847 in
3434 3794 3653 3849 tabulis
3685 3809 3719 3849 a

2062 3995 2395 4054 Chalcidem
2427 3996 2505 4050 dii
2537 4002 2765 4063 vocant,
2801 3996 3068 4071 homines
3099 4002 3295 4071 autem
3326 4000 3655 4071 Cymindin.
3688 4023 3718 4053 ιι

2065 4076 2173 4125 etc.
2205 4073 2334 4122 Haec
2366 4073 2451 4122 est
2479 4085 2610 4134 ergo
2641 4069 2897 4139 Gregorii
2932 4070 3259 4125 sententia:
3319 4069 3387 4125 si“
3420 4088 3546 4143 quae
3579 4081 3719 4130 sunt

2067 4143 2306 4197 deorum
2338 4156 2531 4211 voces,
2568 4145 2631 4193 ut
2661 4146 2916 4211 nugatur
2936 4145 3242 4209 Homerus,
3272 4159 3466 4197 meum
3494 4161 3605 4199 non
3631 4151 3719 4201 est

2069 4210 2471 4286 pronuntiare.
2506 4212 2669 4286 Quod
2702 4218 2896 4286 autem
2930 4214 3001 4267 ad
3037 4214 3303 4269 homines
3334 4215 3720 4286 pertinet,nec

2066 4282 2194 4354 vox,
2229 4300 2332 4357 nec
2363 4300 2458 4357 ars
2490 4282 2610 4357 ulla
2638 4285 2989 4355 cujusquam
3021 4286 3256 4357 propria
3283 4282 3393 4354 est,
3419 4289 3515 4344 sed
3552 4282 3721 4344 cuili-

2069 4357 2169 4413 bet
2195 4355 2411 4411 volenti
2444 4355 2514 4409 ad
2542 4372 2713 4427 usum
2749 4372 2913 4426 aeque
2944 4355 3123 4427 patet.

2144 4429 2256 4499 (44)
2286 4426 2763 4499 Ἐκπορευόμεναι.
2785 4432 2877 4499 ita
2908 4426 3045 4499 Reg.
3102 4428 3138 4493 Ι,
3166 4427 3321 4483 Colb.
3382 4430 3436 4499 3,
3468 4430 3630 4488 Pass.
3666 4434 3722 4487 et

2071 4500 2269 4575 Camb.
2290 4498 2455 4575 iEditi
2484 4514 2618 4575 vero
2650 4498 2939 4575 et__pll_1res
2974 4498 3141 4564 mss.,
3174 4498 3539 4575 ἐκπορεύεται.

2143 4572 2255 4643 (42)
2288 4568 2547 4643 δεόμεναί
2578 4589 2655 4626 τε.
2688 4568 2778 4625 Sic
2810 4571 2971 4643 Pass.
2999 4575 3164 4627 Deest
3190 4590 3248 4624 τε
3275 4568 3333 4627 in
3368 4573 3506 4631 edit.

2142 4641 2254 4711 (43)
2285 4641 2353 4695 Ἥ
2387 4641 2491 4694 διά.
2528 4642 2621 4697 Sic
2652 4643 2864 4714 Oxon._
2894 4642 3161 4714 hancque
3210 4644 3516 4700 lectionem
3547 4647 3724 4701 verba

2072 4714 2331 4786 proxime
2353 4714 2656 4784 sequentia
2678 4712 2996 4785 postulant,
3030 4712 3491 4786 quamvisediti,
3523 4722 3581 4772 et
3601 4734 3724 4773 om-

2073 4782 2177 4841 nes
2209 4801 2354 4855 quos
2378 4782 2634 4855 vidimus
2660 4782 2889 4841 codices
2920 4782 3175 4841 habeant
3207 4782 3258 4839 o'i
3302 4783 3411 4843 διά.

2142 4853 2260 4935 (44)
2286 4853 2607 4935 βύρομὲν-ων
2643 4854 2832 4935 μόνον..
2862 4857 3050 4935 Regg._
3073 4858 3195 4923 bm,
3254 4875 3311 4927 q,
3363 4876 3428 4935 Χ,
3474 4858 3722 4935 ,εύραμὲ-

2071 4926 2199 5055 νωέν.
2235 4926 2345 4984 Alii
2365 4926 2493 4984 'duo
2526 4930 2727 5001 Regg.,
2765 4926 3324 5001 primi—Utramque
3357 4926 3570 4987 Savilio
3600 4932 3723 5004 pla-

2074 5018 2137 5055 ce
2173 5043 2185 5055 .

2074 5018 2185 5057 cet.

2144 5072 2257 5143 (45)
2299 5071 2719 5142 Συντεταμένος,
2784 5071 2819 5138 ἢ
2869 5068 3168 5142 ἀνειμένος.
3204 5073 3288 5127 Ita
3365 5090 3569 5130 omnes
3629 5092 3724 5130 uo-

2073 5144 2251 5205 dices,
2288 5144 2700 5217 fatenteiMont.
2763 5144 2861 5217 qui
2893 5148 3090 5217 tamen
3134 5143 3352 5213 mallet,
3400 5147 3727 5217 συντεταμέ-

2072 5235 2188 5285 νης,
2239 5222 2328 5270 etc
2360 5259 2399 5287 ,γ
2427 5216 2523 5269 sed
2577 5216 2817 5287 perinde
2846 5215 3083 5287 dicitur,
3126 5237 3152 5267 α
3183 5232 3364 5272 sonus
3393 5215 3663 5275 intensu‘s
3697 5242 3724 5267 ››

2073 5295 2174 5369 aut
2205 5309 2230 5334 «
2261 5286 2626 5358 remissus,»
2664 5292 2728 5341 ut
2759 5310 2786 5337 «
2822 5286 3039 5343 chorda
3070 5288 3301 5345 intensa
3332 5311 3361 5339 ››
3403 5295 3504 5346 aut
3551 5313 3579 5341 «
3632 5308 3726 5346 re-

2073 5374 2275 5414 missa.
2313 5383 2332 5410 ε

2144 5430 2255 5505 (4.6)
2306 5426 2567 5505 negem.
2629 5430 2922 5505 Mendose
2968 5430 3028 5484 in
3090 5430 3258 5487 Herv.
3319 5431 3532 5505 ἀρετήν.
3592 5434 3730 5499 Quae

2074 5500 2244 5577 lectio
2304 5500 2642 5577 nullatenus
2693 5500 2925 5556 defendi
2979 5505 3191 5574 potest,
3251 5500 3539 5577 quidquid
3573 5504 3729 5561 dicat

2074 5570 2487 5627 Montacutius.

2144 5645 2257 5715 (47)
2296 5640 2696 5721 Θεοχαράκτοις
2743 5642 3101 5721 ἐγγραφῆναι.
3158 5646 3379 5718 Malim,
3434 5668 3462 5697 «
3511 5646 3723 5701 divinis

2075 5714 2514 5773 characteribu‘s
2544 5714 2864 5774 exaratam.
2901 5740 2924 5772 ι
