4202 6212
525 334 646 399 643

1767 330 1832 391 S.
1881 324 2253 390 GREGORII
2299 329 2693 394 THEOLOGI

3809 336 3936 402 644

526 473 643 526 Deo
674 468 1017 541 inscriptam
1047 478 1175 523 sese
1200 481 1548 539 persuasum
1568 462 1830 521 habent?
1851 464 2046 520 Tuum
2071 464 2166 518 At-

2281 465 2414 518 Θεοῦ
2463 465 2573 536 (48)
2626 463 2973 535 πιστιύουσι;
3027 466 3131 521 Σὸν
3173 465 3235 522 τὸ
3280 466 3628 540 ’Δττικίζιιν;
3674 470 3753 529 Τὸ
3800 492 3927 528 πετο

528 560 640 615 tice
671 556 878 630 loqui?
908 557 1054 622 Quid
1077 556 1104 610 ?
1136 554 1387 612 Calculis
1411 555 1516 625 uti,
1550 560 1606 611 et
1636 568 1964 622 numerare,
1998 556 2056 607 et
2082 552 2174 607 di-

527 648 665 720 gitis
694 650 1037 719 supputare,
1072 662 1356 701 mensura:
1402 646 1546 701 item
1591 650 1647 701 et
1690 644 1969 717 pondera,
2002 646 2174 713 atque

529 745 661 792 anle
691 735 812 791 haec
843 736 1020 791 etiam
1053 736 1198 791 aciei
1227 735 1537 791 instructio
1560 738 1617 791 et
1647 751 1738 790 res
1768 732 2173 801 militaris,cu-

520 827 624 898 jus
655 825 841 882 sunt?
872 841 1065 881 nonne
1089 825 1437 880 Euboeorum
1456 825 1483 879 ?
1513 824 1563 880 si
1588 824 1759 880 modo
1781 822 2036 879 Euboeus
2051 823 2176 876 erat

527 914 626 971 ille
657 914 977 971 multarum
1009 931 1205 970 rerum
1237 914 1504 970 inventor
1532 912 1893 983 Palamedes,
1924 909 2172 966 invidia-

528 1021 641 1077 que
673 1005 744 1061 ob
764 1004 824 1060 id
855 1004 1180 1077 impetitus,
1205 1008 1382 1077 atque
1407 1004 1550 1059 adeo
1578 1001 1949 1074 injudicium
1982 999 2053 1055 ob
2086 1014 2174 1054 sa-

524 1094 810 1169 pientiam
841 1098 1104 1163 vocatus,
1123 1094 1194 1150 ab
1217 1093 1409 1166 iisque
1431 1093 1531 1165 qui
1555 1093 1833 1148 adversus
1880 1089 2050 1146 Ilium
2072 1104 2170 1144 ex-

525 1184 879 1257 peditionem
904 1188 1307 1257 susceperant,
1334 1188 1517 1238 morte
1540 1180 1870 1237 multatus?
1890 1179 2038 1246 Quid
2062 1176 2171 1249 igi-

521 1273 668 1330 tur?
697 1274 758 1329 Si
799 1274 1076 1346 Egyptii,
1132 1277 1190 1328 et
1236 1271 1560 1342 Phoenices,
1593 1276 1650 1327 et
1676 1268 1921 1338 Hebrmi,
1957 1266 2171 1339 quibus

523 1364 594 1419 ad
627 1363 1015 1419 eruditionem
1072 1366 1335 1418 nostram
1396 1361 1641 1428 utimur,
1674 1359 1722 1415 si
1763 1359 1862 1431 qui
1893 1357 2170 1413 Euboeam

521 1452 781 1508 insulam
801 1450 1086 1519 incolunt,
1102 1452 1246 1518 haec,
1268 1455 1554 1522 tanquam
1576 1449 1874 1520 sua,juxta
1894 1451 1995 1502 tua
2017 1445 2171 1517 prin-

522 1540 693 1613 cipia,
722 1540 1092 1609 vindicarint,
1126 1539 1263 1611 quid
1298 1539 1581 1595 faciemus
1602 1539 1630 1595 ?
1662 1542 1763 1594 aut
1792 1536 1933 1608 quid
1967 1535 2038 1592 ad
2069 1551 2168 1591 eos

523 1630 853 1686 causiﬁcari
884 1630 1233 1703 poterimus,
1264 1627 1606 1684 nostrismet
1634 1626 1861 1699 legibus
1898 1624 2051 1696 capti
2082 1628 2167 1679 at-

522 1734 636 1791 que
658 1718 997 1775 constricti?
1018 1718 1223 1774 Nonne
1246 1734 1352 1773 nos
1376 1716 1615 1772 omnino
1641 1715 1734 1770 his
1756 1715 1930 1770 rebus
1952 1712 2166 1786 privari

521 1825 760 1865 necesse
791 1807 919 1880 erit,
950 1807 1239 1878 nobisque
1268 1806 1425 1861 idem
1458 1805 1611 1877 quod
1634 1804 1891 1876 graculo,
1915 1802 2166 1873 evenire,

520 1897 632 1954 hoc
662 1902 769 1965 est,
802 1903 868 1954 ut
900 1897 1106 1954 alienis
1136 1896 1355 1970 plumis
1379 1895 1546 1951 nobis
1568 1893 1865 1964 detractis,
1890 1894 2031 1949 nudi
2053 1892 2169 1965 ipsi

521 2004 587 2044 ac
619 1998 818 2060 turpes
850 1986 1085 2043 simus?

592 2077 785 2133 CVIII.
813 2078 938 2133 Tua
967 2080 1109 2132 sunt
1134 2075 1452 2149 poemata?
1480 2074 1628 2139 Quid
1661 2076 1857 2130 autem
1886 2076 1908 2127 Ρ
1934 2074 2021 2128 An
2051 2088 2167 2127 non

518 2167 715 2240 potius
748 2184 898 2224 anus
941 2165 1121 2235 illius,
1178 2182 1308 2237 qua:
1354 2180 1490 2221 cum
1520 2164 1763 2236 quidam
1793 2161 2168 2219 concitatiore

518 2272 725 2329 gressu
757 2273 825 2311 ex
856 2256 1098 2313 adverso
1130 2254 1430 2325 incedens,
1460 2253 1650 2327 ipsius
1681 2252 1997 2308 humerum
2028 2267 2167 2306 con-

517 2344 819 2413 cussisset,
879 2345 964 2401 sic
1005 2345 1163 2403 enim
1212 2349 1474 2416 narrant,
1524 2343 1770 2415 ipsaque
1798 2346 2001 2414 postea
2028 2356 2166 2397 eum

518 2433 799 2491 conviciis
828 2433 1165 2503 incesseret,
1225 2434 1481 2506 impetus
1536 2430 1903 2488 vehementia
1931 2446 2165 2486 carmen

516 2523 722 2579 effudit
748 2542 760 2593 ;
794 2525 949 2597 quod
981 2541 1119 2580 cum
1133 2523 1337 2595 juveni
1356 2521 1522 2578 valde
1544 2520 1858 2591 arrisisset,
1877 2525 2053 2592 atque
2076 2536 2166 2575 ac-

518 2613 777 2670 curatius
806 2614 864 2668 in
897 2630 1174 2669 numeros
1198 2612 1501 2669 astrictum
1524 2608 2165 2679 fuisset,admirabilem

516 2703 625 2758 tibi
654 2702 804 2759 hanc
825 2702 1048 2775 poesim
1071 2701 1331 2759 creavit?
1360 2701 1508 2766 Quid
1529 2701 1601 2757 de
1632 2699 1896 2756 caeteris?
1924 2699 1983 2755 Si
2005 2698 2164 2755 enim

516 2794 591 2849 ob
622 2810 786 2849 arma
817 2792 1109 2865 gloriaris,
1142 2810 1176 2848 a
1207 2791 1423 2863 quibus
1463 2790 1723 2857 tandem,
1755 2807 1788 2847 ο
1820 2788 2163 2857 fortissime,

516 2898 683 2939 arma
706 2882 811 2938 tibi
833 2882 1164 2939 venerunt?
1182 2884 1270 2937 An
1292 2898 1408 2938 non
1438 2896 1473 2936 a
1501 2879 1873 2953 Cyclopibus,
1896 2896 1930 2934 a
1952 2876 2166 2951 quibus

513 2991 609 3030 ars
638 2973 882 3030 ferraria
898 2977 1036 3030 nata
1057 2972 1195 3029 est?
1214 2972 1269 3027 Si
1293 2976 1493 3029 autem
1516 2988 1733 3045 magna
1755 2970 2022 3043 quaedam
2048 2985 2163 3037 res,

514 3062 635 3119 imo
666 3061 931 3119 omnium
965 3061 1244 3134 maxima,
1271 3062 1377 3117 tibi
1400 3078 1662 3134 purpura
1680 3060 1932 3129 videtur,
1957 3077 2025 3115 ex
2051 3074 2166 3129 qua

515 3156 580 3208 tu
602 3152 836 3225 sapiens
858 3151 1298 3223 evasisti,atque
1320 3151 1662 3222 hujusmodi
1684 3150 1881 3223 legum
1903 3147 2166 3221 promul-

2280 551 2451 605 τεύειν
2502 554 2615 625 (49)
2674 550 2730 607 δὲ
2786 553 2875 609 καὶ
2924 554 3202 630 ἀριθμεῖν,
3232 556 3321 611 καὶ
3374 554 3687 632 λογίζεσθαι
3747 555 3933 615 δακτύ-

2284 640 2426 713 λοις,
2471 641 2641 718 μέτρα
2666 664 2727 698 τε
2760 642 2849 698 καὶ
2902 644 3132 718 σταθμὰ,
3182 647 3270 701 καὶ
3319 643 3395 702 ἔτι
3450 648 3558 723 πρὸ
3607 647 3837 723 τούτων,
3867 652 3933 705 τὰ

2280 732 2504 786 τακτικὰ
2534 731 2621 787 καὶ
2652 731 2953 807 πολεμικὰ,
2982 734 3129 797 τίνος
3301 762 3316 805 ;
3359 734 3457 791 ούκ
3520 732 3765 793 Εὐϐοέων
3790 759 3806 809 ;
3865 736 3933 794 εἷ’-

2281 839 2380 894 περ
2427 815 2663 883 Εὐϐοεὺς
2709 823 2736 876 ὁ
2788 820 3153 897 Παλαμήδης,
3215 826 3241 879 ὃ
3289 823 3513 881 πολλῶν
3565 826 3933 901 conﬁgite;

2282 905 2370 963 διὰ
2416 914 2576 965 τοῦτο
2626 910 2935 989 ἐπίφθοτος,
2982 913 3072 968 καὶ
3126 912 3331 987 μέντοι,
3375 914 3464 969 καὶ
3515 912 3667 979 δίκας
3714 924 3812 988 τῆς
3842 939 3929 974 σο-

2281 998 2402 1077 φίας
2462 999 2807 1072 ἀπαιτηθεὶς,
2863 1002 2955 1057 καὶ
3017 1004 3355 1079 κατακριθεὶς
3409 1010 3527 1069 τοῖς
3602 1004 3691 1062 ἐπὶ
3764 1005 3926 1063 Ἰλίου

2280 1087 2665 1162 στρατεύσασις
2725 1091 2785 1144 Τί
2842 1091 2970 1162 οὗν;
3029 1092 3088 1146 ἃν
3145 1092 3456 1170 Αἰγύπτιοι,
3512 1096 3601 1150 καὶ
3658 1096 3924 1168 Φοίνικες,

2279 1172 2523 1253 Ἐϐραῖοί
2569 1199 2648 1248 τε,
2681 1178 2761 1241 οἷς
2793 1182 2957 1253 ἡμεῖς
3009 1183 3381 1258 συγχρώμιθα
3429 1184 3567 1260 πρὸς
3596 1185 3695 1255 τὴν
3727 1188 3926 1259 ἡμετὲ-

2280 1286 2380 1351 ραν
2425 1264 2725 1341 παίδευσιν,
2784 1269 2837 1323 τί
2885 1266 2931 1324 δ’
2988 1270 3047 1324 ἂν
3098 1272 3151 1325 οἱ
3199 1273 3297 1341 τὴν
3346 1275 3506 1342 νῆσον
3551 1270 3771 1349 ἔχοντες
3817 1278 3929 1351 (54)

2276 1350 2509 1411 Εὔϐοιαν
2545 1362 2960 1431 μεταποιοῦνται
2992 1361 3107 1433 (52)
3144 1360 3351 1417 τούτων
3401 1363 3478 1426 ὡς
3521 1361 3704 1427 αὐτοῖς
3749 1350 3930 1443 Stupe-

2279 1445 2505 1522 ρόντων,
2551 1450 2689 1503 κατὰ
2741 1448 2837 1511 τὰς
2879 1450 2972 1512 σὰς
3016 1450 3312 1521 ὑποθέσεις,
3370 1452 3423 1507 τί
3474 1449 3740 1529 δράσομεν
3768 1472 3785 1524 ;
3816 1458 3850 1523 ἣ
3876 1455 3929 1510 τί

2277 1532 2814 1612 δικαιολογησάμεθα
2862 1538 2998 1615 πρὸς
3042 1540 3261 1614 αὐτοὺς,
3307 1546 3427 1604 τοῖς
3486 1542 3712 1606 οἰκείοις
3760 1543 3930 1600 ἑαλωο

2275 1623 2429 1687 κότες
2487 1625 2716 1699 νόμοις;
2776 1627 2844 1681 Ἤ
2891 1633 3034 1683 πᾶσα
3091 1631 3367 1703 στέρεσθαι
3429 1631 3636 1687 τούτων
3699 1632 3928 1709 ἀνάγκη,

2274 1715 2363 1768 καὶ
2413 1715 2475 1769 τὸ
2510 1720 2607 1770 τοῦ
2646 1713 2873 1772 κολοιοῦ
2921 1720 3149 1795 πάσχειν
3201 1721 3336 1794 (53),
3386 1721 3629 1797 γυμνοὺς
3660 1723 3929 1778 εἶναιτῶν

2198 1845 2245 1912 Β
2277 1802 2585 1880 ἀλλοτρίων
2625 1808 3060 1884 περιαιρεθέντας
3108 1814 3320 1887 πτερῶν
3540 1811 3629 1867 καὶ
3679 1813 3931 1889 ἀσχήμο-

2275 1914 2367 1957 νας
2391 1913 2404 1964 ;

2348 2073 2472 2129 ΡΗ’.
2508 2074 2587 2128 Σὰ
2612 2074 2680 2129 τὰ
2725 2077 3043 2149 ποιήματα;
3094 2078 3148 2132 τί
3192 2075 3290 2148 δὲ;
3343 2077 3406 2134 ού
3458 2085 3561 2149 τῆς
3615 2080 3776 2157 γραὸς
3814 2084 3928 2154 (55)

2281 2159 2493 2235 μᾶλλον
2541 2161 2771 2233 ἐκείνης,
2819 2165 2874 2237 ἢ,
2925 2166 3015 2221 τὸν
3069 2167 3221 2240 ὦμον
3270 2169 3537 2224 σεισθεῖσα
3580 2172 3726 2243 παρά
3776 2191 3927 2232 τινος

2278 2251 2545 2313 συντόνως
2596 2252 3025 2329 ἀντιπαριόντος,
3071 2257 3145 2319 ὡς
3194 2254 3383 2332 λόγος,
3434 2257 3529 2312 εἶτ’
3579 2254 3931 2333 ἑνυϐρίζουσα

2273 2339 2354 2412 τῷ
2392 2337 2612 2417 σφοδρῷ
2658 2344 2755 2411 τῆς
2810 2344 3010 2419 ὁρμῆς,
3071 2342 3199 2407 ἔπος
3257 2344 3585 2423 ἐφθέγξατο·
3636 2347 3725 2402 καὶ
3785 2350 3930 2403 τοῦτ’

2276 2428 2468 2505 ἀρέσαν
2513 2434 2591 2502 τῷ
2632 2431 2808 2504 νεανίᾳ
2857 2431 2977 2487 λίαν
3017 2434 3150 2508 (56),
3193 2437 3287 2489 καὶ
3336 2433 3778 2513 φιλοπονώτερον
3833 2458 3931 2509 με·

2288 2520 2481 2595 τρηθὶν
2562 2520 2661 2589 τὴν
2749 2521 3047 2595 θαυμασίαν
3121 2544 3215 2578 σου
3292 2523 3492 2596 ταύτην
3564 2523 3935 2603 ἐδημιύργησε

2272 2606 2493 2677 ποίησιν
2520 2626 2535 2679 ;
2565 2608 2625 2662 Τί
2653 2606 2834 2665 τᾶλλα
2871 2613 3022 2686 (57);
3054 2612 3118 2668 Εἰ
3149 2610 3207 2667 δὲ
3235 2619 3349 2677 τοῖς
3382 2611 3578 2677 ὅπλοις
3610 2616 3744 2689 μέγα
3782 2635 3925 2693 φρο-

2275 2704 2407 2769 νεῖς,
2456 2699 2601 2774 παρὰ
2654 2698 2813 2755 τίνων
2869 2722 2955 2755 σοι
3005 2702 3073 2756 τὰ
3127 2701 3292 2773 ὃπλα,
3344 2704 3794 2781 ὧγενναιότατε;
3846 2706 3927 2761 Οὐ

2271 2791 2377 2843 τῶν
2411 2785 2756 2862 Κυκλώπων,
2785 2788 2835 2860 ἐξ
2868 2791 2939 2845 ὧν
2971 2791 3033 2845 τὸ
3064 2791 3353 2867 χαλκεύειν
3380 2809 3394 2862 ;
3440 2792 3503 2848 Εἰ
3553 2790 3608 2849 δέ
3650 2814 3734 2848 σοι
3788 2796 3932 2871 μέγα

2272 2878 2362 2931 καὶ
2424 2875 2671 2953 μέγιστον
2723 2882 2831 2933 τῶν
2892 2878 3060 2935 ὅντων
3277 2883 3314 2952 ἡ
3347 2880 3625 2959 ἁλουργὶς,
3656 2880 3707 2953 ἐξ
3735 2885 3803 2951 ἧς
3833 2904 3931 2937 σο-

2274 2966 2373 3043 φὸς
2400 2965 2485 3036 σὺ,
2516 2965 2609 3021 καὶ
2636 2971 2744 3022 τῶν
2796 2967 3060 3024 τοιούτων
3116 2969 3415 3043 νομοθέτης
3446 2988 3459 3005 ⁸
3504 2971 3596 3040 τί;
3639 2971 3739 3027 οὐκ
3792 2972 3927 3027 ἀποο

2276 3056 2415 3129 θήσῃ
2491 3055 2691 3126 ταύτην
2750 3056 2985 3131 Τυρίοις,
3044 3060 3171 3133 παρ’
3227 3060 3300 3114 ὧν
3360 3062 3396 3129 ἡ
3454 3062 3751 3135 ποιμενικὴ
3812 3063 3929 3135 (59)

2272 3142 2435 3214 κύων,
2485 3154 2520 3215 η
2568 3148 2638 3218 τῇ
2664 3144 2859 3221 κόχλῳ
2919 3147 3204 3223 βρωθείσῃ,
3231 3150 3322 3204 καὶ
3360 3149 3427 3204 τὰ
3456 3147 3623 3225 χείλη
3653 3151 3931 3223 meatus-

514 3216 704 3314 gator,
739 3241 879 3313 quid
901 3242 928 3296 ?
959 3216 1113 3298 num-
1160 3216 1291 3297 eam
1350 3216 1540 3313 Tvriis
1594 3216 1853 3311 abjicies,
1887 3216 1923 3295 οῖ
1949 3238 2165 3310 quibus

2279 3233 2425 3309 ξάσῃ,
2483 3238 2562 3306 τῷ
2611 3236 2830 3309 ποιμένι
2882 3237 2946 3291 τὸ
2978 3233 3133 3300 ἄνθος
3164 3237 3490 3314 γνωρίσασα,
3521 3239 3609 3295 καὶ
3660 3236 3750 3295 διὰ
3793 3242 3931 3295 τού-

516 3329 828 3403 pastoralis
860 3328 959 3386 ille
988 3329 1153 3387 canis
1182 3328 1420 3403 prodiit,
1453 3330 1553 3401 qui
1594 3344 1762 3385 exeso
1803 3327 2045 3393 murice,
2076 3326 2168 3382 la-

516 3419 747 3493 biisque
778 3436 983 3476 cruore
1017 3419 1289 3492 perfusis,
1320 3417 1540 3489 pastori
1562 3417 1765 3473 ﬂorem
1796 3416 2165 3486 indicavit,ac

516 3525 621 3582 per
636 3525 734 3565 eos
754 3509 921 3567 vobis
938 3508 1391 3583 imperatoribus
1408 3524 1671 3579 pannum
1688 3504 1855 3562 illum
1876 3503 2163 3576 improbis

518 3597 851 3655 luctuosum
894 3603 951 3655 et
990 3598 1315 3671 superbum
1355 3596 1652 3669 porrexit?
1686 3596 1809 3666 jam
1857 3611 1988 3651 vero
2021 3592 2163 3666 quid

514 3689 733 3744 dicturi
754 3705 984 3755 sumus,
1005 3688 1055 3744 si
1076 3687 1149 3744 ab
1171 3685 1532 3759 agricultura
1551 3684 1906 3757 naviumque
1935 3688 2163 3740 exstru-

517 3778 713 3834 ctione
741 3776 1126 3834 Athenienses
1157 3792 1262 3833 nos
1294 3778 1549 3847 arceant,
1573 3775 1828 3842 Cereres,
1847 3778 1904 3829 et
1932 3773 2162 3844 Tripto-

513 3866 721 3935 lemos,
757 3871 815 3923 et
845 3868 1125 3923 dracones
1155 3866 1307 3921 137
1338 3869 1884 3932 commemorantes,
1915 3877 1982 3916 ac
2012 3878 2163 3933 prae-

513 3960 674 4013 terea
707 3955 925 4028 Celeos,
958 3962 1015 4012 et
1045 3956 1280 4025 lcarios,
1314 3970 1663 4026 omnemque
1692 3953 1753 4009 in
1782 3952 1912 4009 istis
1934 3950 2163 4024 mytho-

510 4043 750 4117 logiam,
785 4063 912 4119 quae
944 4047 1120 4103 etiam
1152 4045 1314 4103 vobis
1344 4061 1437 4101 res
1458 4044 1603 4102 istas
1634 4041 1794 4115 turpi
1824 4046 1882 4098 et
1912 4043 2164 4098 obsceno

512 4135 809 4205 mysterio,
847 4152 911 4191 ac
944 4142 1111 4193 nocte
1140 4153 1283 4193 sane
1312 4136 1509 4208 digno,
1554 4133 1935 4190 celebrandas
1965 4128 2166 4186 dedit?

582 4221 721 4277 CIX.
781 4228 991 4296 Atque,
1052 4230 1117 4281 ut
1174 4224 1306 4280 aliis
1364 4222 1794 4297 praatermissis,
1830 4220 1903 4275 ad
1968 4220 2165 4291 ipsum

509 4310 790 4367 vecordiae
806 4316 1051 4386 tuw,seu
1068 4314 1264 4387 potius
1286 4311 1810 4386 impietatis,caput
1827 4308 2165 4377 ascendam,

2272 3344 2381 3379 των
2414 3325 2526 3398 (60)
2558 3321 2872 3401 παραδοῦσα
2895 3330 3012 3388 τοῖς
3050 3324 3354 3401 βασιλεῦσιν
3389 3328 3516 3401 ὑμῖν
3545 3329 3608 3384 τὸ
3663 3330 3927 3403 πένθιμον

2272 3419 2389 3476 τοῖς
2410 3418 2597 3477 κακοῖς
2629 3413 2794 3489 ῥάκος
2823 3413 2911 3469 καὶ
2968 3416 3346 3494 ὑπερήφανονς
3406 3417 3681 3494 Γεωργίας
3740 3416 3796 3473 δὲ
3832 3420 3929 3474 καὶ

2272 3502 2593 3578 ναυπηγίας,
2652 3502 2707 3557 τί
2766 3506 3034 3582 φήσομεν,
3066 3504 3124 3560 ἂν
3158 3504 3528 3563 ἆπελαύνωσιν
3558 3509 3705 3581 ἡμᾶς
3764 3509 3930 3579 Ἀθη-

2270 3598 2437 3662 ναῖοι,
2467 3594 2564 3655 τὰς
2595 3594 2891 3670 Δήμητρας
2921 3595 3012 3649 καὶ
3042 3593 3166 3659 τοὺς
3224 3594 3635 3670 Τριπτολέμους
3695 3594 3931 3671 διηγού-

2276 3701 2451 3755 μενοι,
2506 3679 2596 3735 καὶ
2654 3679 2781 3744 τοὺς
2849 3678 3158 3757 δράκοντας,
3221 3681 3299 3739 ἔτι
3348 3680 3406 3739 δὶ
3448 3681 3684 3747 Κελτούς
3720 3706 3779 3740 τι
3832 3685 3928 3740 καὶ

2272 3768 2559 3845 Ἰκαρίους,
2591 3769 2680 3824 καὶ
2711 3774 2881 3825 πᾶσαν
2912 3773 3009 3841 τὴν
3042 3772 3349 3840 περὶταῦτα
3381 3772 3735 3851 μυθολογίαν,
3764 3775 3798 3843 ἢ
3828 3773 3929 3829 καὶ

2276 3861 2571 3935 μυστήριον
2601 3859 2726 3933 ὑμῖν
2760 3860 2986 3937 αἰσχρὸν
3018 3866 3183 3918 ταῦτα
3214 3861 3459 3934 ἐποίησε,
3490 3862 3579 3919 καὶ
3608 3862 3799 3926 νυκτὸς
3830 3860 3930 3918 ὅν-

2270 3970 2379 4013 τως
2411 3946 2555 4023 Etng
2584 3966 2599 4019 ;

2347 4217 2462 4274 PG'.
2492 4215 2712 4289 Βούλει,
2745 4216 2922 4276 τᾶλλα
2970 4218 3177 4296 παρεὶς⁶
3212 4218 3295 4275 ἔπ’
3352 4218 3483 4276 αυτὸ
3536 4220 3598 4277 τὸ
3627 4219 3935 4301 κεφάλαιον

2276 4303 2568 4386 ἀναδράμω
2637 4312 2740 4378 τῆς
2807 4311 2906 4380 σῆς
2984 4307 3319 4385 ἐμπληξίας,
3388 4307 3484 4366 εὖτ’
3544 4309 3635 4366 οὖν
3692 4307 3935 4369 θεοϐλα-

582 4543 694 4617 (48)
727 4543 880 4619 Παρὰ
909 4542 1063 4602 Θεοῦ.
1121 4548 1291 4603 Deest
1346 4545 1408 4601 in
1459 4546 1600 4617 Reg.
1663 4543 1767 4615 hu,
1823 4544 1883 4601 in
1928 4547 2058 4603 Ald.
2106 4550 2164 4604 et

2279 4564 2300 4619 ι
2333 4544 2407 4600 ab
2437 4544 2805 4602 adolescente
2825 4545 3079 4617 quodam
3102 4549 3481 4619 properanter
3498 4550 3847 4619 transeunte
3871 4550 3937 4608 in

510 4617 683 4670 Herv.

581 4687 693 4759 (49)
750 4686 1053 4746 Πεττεύειν.
1115 4689 1202 4747 Ita
1257 4687 1431 4761 vulgo
1488 4704 1635 4745 mss.
1672 4689 1735 4744 In
1786 4690 1879 4746 ed.
1938 4685 2163 4743 πεπτιύ-

510 4778 608 4813 ειν.

580 4831 694 4901 (50)
721 4828 897 4891 Τίνος.
931 4832 1021 4887 Sic
1054 4831 1317 4902 plerique
1343 4830 1589 4887 codices.
1618 4830 1770 4887 Edit.
1800 4829 1983 4885 τίνων.

580 4850 694 4901 (ου)
731 4850 897 4891 ιινος.
931 4850 1021 4887 mc
1095 4850 1317 4902 ierlque
1343 4850 1589 4887 coulces.
1618 4850 1770 4887 nuit.
1800 4850 1983 4885 τινων.

580 4902 691 4974 (51)
723 4903 1003 4977 Ἔχοντες.
1048 4850 1290 4977 ἓοριοω
1340 4903 1547 4977 Regg.,
1594 4902 1754 4961 Colb.
1812 4905 1867 4977 3,
1911 4903 2085 4961 Coisl.
2128 4904 2165 4959 2

509 4976 672 5028 Pass.
706 4979 763 5028 et
794 4974 890 5030 Or.
925 4978 978 5043 1,
1012 4974 1307 5036 οἰκοῦντες.

580 5046 693 5117 (52)
724 5043 1177 5120 Μεταποιοῦνται.
1212 5048 1480 5120 Quinque
1510 5046 1911 5120 Regg.,Herv.,
1935 5048 2161 5117 Comb.,

510 5115 641 5172 Sav.
656 5115 681 5181 ,⁷
705 5119 1142 5188 μεταπωιῶνται.

724 5189 821 5264 Καὶ
854 5190 915 5242 τὸ
943 5194 1039 5244 τοῦ
1070 5190 1296 5264 κολοιοῦ
1325 5188 1578 5264 πάσχειν.
1614 5194 1692 5245 De
1719 5191 2018 5249 cornicula
2047 5192 2163 5247 H0-

510 5260 717 5336 ratius,
749 5260 869 5336 lib.)
890 5280 928 5329 ι,
961 5265 1130 5336 epist.
1162 5264 1217 5333 3,
1251 5262 1367 5317 ait:

652 5332 748 5405 Ife,
773 5333 818 5388 si
842 5332 1137 5403 forte'sua:
1167 5336 1460 5405 repetitum
1486 5334 1703 5388 venerit
1729 5334 1868 5389 olim

652 5402 793 5459 Grex
821 5402 1005 5461 avium
1034 5402 1278 5472 plumas,
1311 5408 1521 5459 moveat
1548 5406 1841 5461 cornicula
1869 5409 2048 5463 risum

654 5476 896 5532 Furtivis
924 5476 1132 5534 nudata
1158 5477 1452 5535 coloribus.

584 5543 696 5631 (54)
728 5549 1162 5622 Περιαιρεθὲντας
1194 5550 1429 5621 πτερῶν.
1461 5549 1601 5618 Reg.
1636 5564 1690 5611 a,
1721 5545 2161 5622 περιαιρεθέντων

512 5634 749 5674 πτερων.

584 5636 861 5767 (gmw:
917 5692 1104 5770 γραός.
1166 5690 1376 5749 Mulier
1424 5690 1714 5764 quaedam,
1768 5711 1797 5740 »
1848 5689 1929 5746 ait
1984 5689 2160 5765 Elias,

2270 4617 2518 4673 humero
2548 4634 2833 4702 succussa
2861 4621 2979 4701 est:
3012 4617 3368 4702 Bascautem
3398 4618 3937 4702 pertulantiuiadf

2270 4706 2476 4745 versus
2507 4690 2934 4747 adolescentem
2965 4690 3227 4761 incitata,
3259 4690 3537 4747 conviciis
3565 4707 3702 4748 eum
3734 4694 3940 4752 affecit

2272 4762 2654 4843 pronuntiato
2685 4763 2950 4843 quodam
2973 4778 3167 4843 versu,
3198 4779 3313 4843 quo
3333 4761 3936 4843 vehementcmillins

2272 4834 2561 4905 impetum
2610 4834 3057 4907 perstringebat.
3113 4835 3251 4891 Erat
3293 4839 3491 4891 autem
3549 4835 3660 4891 hoc
3701 4837 3934 4894 dictum

2270 4921 2476 4960 versus
2514 4906 2778 4962 numeris
2808 4907 3105 4962 astrictus.
3140 4906 3248 4970 Qui
3280 4913 3599 4963 concentus
3620 4925 3757 4963 cum
3784 4911 3935 4966 ado-

2270 4977 2538 5051 lescenti,
2574 4978 2917 5051 iisque,qqui
2948 4984 3077 5035 tum
3097 4979 3358 5045 aderant,
3383 4978 3705 5050 arrisisset,
3722 4996 3936 5037 versus

2272 5047 2518 5173 hujutsce
2548 5047 2851 5105 modus’in
2880 5054 3066 5107 artem
3097 5051 3368 5107 redactus
3401 5051 3473 5107 ad
3499 5047 3707 5109 omnes
3736 5053 3933 5109 dima-

2272 5136 2401 5173 navn
2438 5162 2449 5173 .

2272 5136 2449 5175 navn.

2306 5189 2641 5317 t(I-512)ré\.idv.
2675 5192 2848 5250 Deest
2874 5193 2935 5248 in
2963 5192 3155 5250 tribus
3194 5191 3401 5265 Regg.,
3447 5193 3608 5250 Colb.
3652 5194 3707 5262 3,
3739 5195 3838 5251 Or.
3906 5199 3935 5252 1

2271 5278 2329 5318 et
2359 5278 2530 5318 ΜΘΝ.

2364 5336 2455 5405 57)
2485 5330 2692 5405 rem.
2724 5335 3004 5393 Nonnulli
3035 5332 3433 5405 ωεικτᾶλλα,
3463 5340 3523 5393 et
3547 5335 3594 5390 τ’
3627 5333 3790 5390 ἄλλα.

2366 5400 2454 5465 58)
2486 5409 2603 5460 Τῶν
2636 5400 2828 5465 ὄντων.
2852 5408 3016 5464 Pass.
3048 5410 3157 5461 τῶν
3181 5400 3390 5463 ἄλλων.

2491 5479 2815 5551 Ποιμενμική.
2840 5481 3002 5537 CoIb.
3037 5479 3095 5545 k,
3126 5478 3472 5551 ποιμαινική.

2368 5545 2844 5622 60).Διὰ’τούτων.
2876 5552 3039 5609 Colb.
3071 5552 3126 5622 3,
3178 5545 3267 5606 διᾶ
3319 5545 3500 5609 τοῦτο.
3562 5552 3724 5609 Colb.
3780 5567 3844 5619 a,
3882 5549 3947 5616 4,

2273 5613 2362 5674 διᾶ
2389 5613 2609 5679 τόύτου.
