4202 6212
429 377 545 438 647

1666 362 1732 423 S.
1782 359 2152 423 GREGORII
2197 355 2591 422 THEOLOGI

3712 359 3831 423 648

428 509 670 567 lenitate
700 508 913 561 tectam
944 516 1169 574 sapere,
1214 500 1386 569 atque
1429 497 1501 553 ab
1534 494 1911 567 imperatoria
1941 510 2064 550 ma-

2187 496 2327 547 λεῖον
2376 492 2775 569 ἠμφιεσμένης,
2807 492 2895 546 καὶ
2943 488 3132 568 πόρῥω
3165 490 3453 567 βασιλικῆς
3488 490 3833 568 μεγαλοπρε-

430 595 768 673 gniﬁcentia
814 588 1013 663 procul
1063 592 1286 643 remota
1331 601 1461 641 esse
1498 582 1786 651 videntur,
1818 596 1943 654 age,
1977 581 2068 637 his

430 671 622 743 adhuc
650 681 936 739 astutiora
985 680 1366 750 proferemus.
1400 675 1545 730 Nam
1578 690 1712 728 cum
1743 671 2069 727 doctrinam

427 779 706 841 nostram,
722 768 1098 842 dogmatibus
1120 766 1357 837 quidem
1379 766 1436 819 et
1454 760 1789 820 coelestibus
1810 762 2072 817 testimo-

429 865 546 921 niis
576 876 853 933 magnam
906 863 963 913 et
1008 855 1296 913 excelsam
1329 869 1456 909 esse
1506 852 1879 925 perspiceret,
1910 866 2069 905 eam-

428 955 683 1023 demque
701 955 955 1005 veterem
976 944 1153 1002 simul
1176 949 1234 999 et
1253 960 1492 1011 novam;
1517 945 1787 1010 veterem,
1803 939 2071 1011 inquam,

429 1045 718 1115 quantum
756 1039 827 1094 ad
877 1035 1305 1110 praedictiones,
1333 1049 1398 1088 ac
1428 1029 1802 1087 sublucentes
1832 1027 2071 1084 deitatis

429 1134 625 1187 motus
651 1148 665 1199 ;
708 1144 917 1184 novam
949 1129 1169 1193 autem,
1204 1123 1427 1180 ratione
1458 1119 1798 1193 posterioris
1829 1117 1931 1174 Dei
1963 1118 2070 1173 ad-

426 1225 657 1291 ventus,
691 1235 757 1274 ac
797 1215 1215 1273 miraculorum
1255 1228 1458 1269 eorum
1513 1227 1642 1281 qum
1689 1213 1814 1266 tum
1867 1224 1935 1263 ex
1981 1222 2068 1274 ea,

428 1315 556 1367 tum
588 1309 743 1365 circa
772 1323 901 1363 eam
932 1304 1237 1376 designata
1274 1304 1451 1367 sunt;
1484 1304 1756 1354 caeterum
1785 1297 2071 1367 majorem

430 1402 488 1455 et
525 1396 908 1469 insigniorem
942 1394 1014 1449 ob
1054 1390 1320 1447 Ecclesiae
1348 1390 1567 1444 formas
1597 1385 1769 1442 nobis
1800 1384 2071 1453 traditas,

434 1493 613 1561 atque
643 1487 703 1542 in
734 1486 889 1541 hunc
920 1498 1106 1554 usque
1136 1481 1290 1536 diem
1323 1482 1693 1534 conservatas
1722 1492 1734 1531 :
1770 1478 1834 1529 ut
1863 1491 1934 1531 ne
1964 1477 2073 1529 hoc

432 1577 670 1651 quidem
699 1574 889 1648 ipsius
919 1570 1236 1643 malignam
1265 1568 1585 1624 versutiam
1614 1566 1908 1636 effugeret,
1932 1562 2071 1635 quid

434 1664 921 1730 comminiscitur,
980 1665 1038 1716 et
1094 1658 1235 1731 quid
1292 1656 1483 1713 facit?
1532 1656 1856 1727 Rapsacem
1904 1651 2071 1707 illum

430 1756 764 1829 Assyrium,
812 1754 912 1825 qui
960 1768 1063 1823 pro
1115 1745 1507 1805 Sennacherib
1538 1743 1906 1816 Assyriorum
1938 1757 2073 1813 rege

2178 580 2352 653 πείας,
2412 580 2561 658 φέρε,
2609 601 2693 635 σοι
2738 583 3068 655 παραστήσω
3111 582 3202 637 καὶ
3245 583 3310 637 τὰ
3338 581 3545 637 τούτων
3576 580 3652 638 ἔτι
3706 604 3831 658 κερ-

2178 667 2506 745 δαλεώτερα.
2565 671 2735 745 Ὁρῶν
2792 671 2897 746 γὰρ
2946 672 3037 725 τὸν
3105 672 3370 747 ἡμέτερον
3438 668 3605 748 λόγον
3662 674 3830 749 μέγαν

2182 760 2277 832 μὲν
2324 754 2447 814 ὄντα
2492 764 2607 822 τοῖς
2654 758 2886 836 δόγμασι
2916 760 3004 815 καὶ
3047 766 3166 823 ταῖς
3227 762 3425 816 ἄνωθεν
3488 762 3829 838 μαρτυρίαις,

2175 850 2266 903 τὸν
2324 848 2481 903 αὐτὸν
2541 848 2774 906 παλαιόν
2835 870 2892 904 τε
2940 852 3049 924 (75)
3098 848 3187 905 καί
3235 852 3353 905 νέον
3390 870 3404 884 ·
3437 848 3670 906 παλαιὸν
3734 854 3830 925 μὲν

2175 943 2294 1000 ταῖς
2370 937 2728 1015 προρρήσεσι,
2806 936 2894 994 καί
2963 943 3078 1002 τοῖς
3174 940 3609 1015 ὑπαστράπτουσι
3679 944 3831 1013 κινή-

2182 1048 2309 1101 μασι
2345 1030 2455 1101 (76)
2484 1034 2584 1097 τῆς
2616 1028 2875 1098 θεότητος
2899 1047 2911 1060 ⁸
2963 1029 3080 1083 νέον
3134 1026 3191 1084 δὲ
3325 1026 3610 1103 τελευταίᾳ
3635 1032 3831 1107 θεοφα-

2177 1114 2314 1187 νσίᾳ,
2362 1116 2452 1169 καὶ
2499 1120 2615 1178 τοῖς
2660 1115 2720 1170 ἐκ
2768 1115 2970 1188 ταύτης
3020 1136 3079 1171 τε
3108 1117 3197 1171 καὶ
3236 1115 3359 1193 περὶ
3387 1116 3588 1189 ταύτην
3622 1116 3830 1192 θαύμα-

2180 1223 2259 1257 σιν
2289 1201 2498 1259 ’ἔτιδὲ
2549 1204 2717 1278 μείζω
2756 1206 2846 1260 καὶ
2893 1207 3315 1283 γνωριμώτερον
3363 1212 3479 1270 τοῖς
3530 1205 3830 1283 παραδεδο-

2184 1291 2389 1365 μένοις,
2438 1292 2527 1349 καὶ
2577 1294 2651 1357 είς
2714 1292 2839 1350 τόδε
2876 1297 3271 1371 τετηρημένοις
3323 1296 3515 1360 τύποις
3559 1304 3662 1368 τῆς
3710 1299 3832 1354 Ἐκ-

2178 1380 2448 1452 κλησίας·
2506 1381 2598 1438 ἳνα
2655 1381 2799 1457 μηδὲ
2860 1390 3019 1440 τοῦτο
3078 1385 3482 1463 ἀκακούργητον
3568 1388 3718 1461 μένῃ,
3776 1387 3830 1442 τί

2184 1477 2518 1546 μηχανᾶται,
2572 1473 2663 1527 καὶ
2718 1472 2772 1528 τί
2829 1478 3012 1545 ποιεῖς
3073 1481 3332 1549 Μιμεῖται
3406 1476 3676 1551 Ῥαψάκην
3735 1477 3827 1531 τὸν

2181 1560 2463 1633 Ἀσσύριον
2494 1579 2506 1594 ⁸
2559 1561 2877 1640 ἐστρατήγει
2925 1561 2983 1619 δὲ
3026 1567 3128 1642 ἄρα
3172 1567 3250 1639 τῷ
3302 1564 3516 1643 βασιλεῖ
3541 1572 3651 1623 τῶν
3709 1569 3831 1623 Ἀσ-

2181 1650 2376 1727 συρίιην
2436 1651 2788 1728 Σεναχηρείμ
2847 1656 2986 1729 (77).
3048 1655 3240 1726 Οὗτος,
3290 1655 3378 1711 ἐπὶ
3405 1659 3505 1727 τὴν
3567 1655 3828 1715 Ἰουδαίαν

2181 1739 2523 1814 στρατεύσας,
2556 1742 2644 1796 καὶ
2692 1740 2917 1816 δυνάμει
2945 1743 3135 1818 πολλῇ
3188 1746 3278 1800 καὶ
3335 1748 3483 1823 χειρὶ
3538 1748 3606 1802 τᾶ
3663 1748 3833 1820 Ἰερο-

428 1828 651 1901 bellum
674 1839 1127 1900 administrabat
1146 1839 1213 1908 δε,
1237 1836 1517 1893 imitatur.
1553 1834 1698 1889 Nam
1725 1848 1859 1887 cum
1884 1830 1980 1887 ille
2013 1830 2069 1885 in

2187 1828 2395 1903 σόλυμα
2438 1828 2775 1908 πολιορκῶν,
2826 1832 2917 1886 καὶ
3085 1833 3246 1889 πόλει
3302 1836 3830 1911 προσκαθεζόμενος,

429 1883 651 1901 “sua...
674 1883 1127 1900 ..μμμμηηηηηη
1200 1883 1213 1908 ,
1238 1883 1517 1893 -.....--_--
1553 1883 1698 1889 -.κη
1730 1883 1859 1887 -_-__

429 1934 691 1990 Judaeum
724 1949 857 1988 cum
880 1928 1135 1986 exercitu
1167 1927 1481 1997 profectus,
1508 1922 1779 1978 maximis
1803 1921 1985 1992 copiis
2016 1925 2069 1976 et

2187 1883 2365 1989 ἐπειδή
2419 1922 2559 1993 μήτε
2610 1883 2725 1996 (78)
2762 1883 3830 1998 ’δυνάμεῗπᾷρξᾷξέήέξσξέῖ

429 2025 651 2080 viribus
674 2020 1131 2092 Hierosolymam
1165 2015 1479 2079 obsideret,
1501 2017 1676 2085 atque
1706 2016 1839 2067 ante
1863 2012 2069 2066 urbem

2187 2007 2289 2070 οἶός
2317 2029 2376 2063 τε
2404 2011 2494 2078 ἦν,
2531 2011 2668 2082 μήτε
2695 2032 2746 2066 τι
2776 2015 2883 2066 τῶν
2918 2007 3069 2067 ἔνδον
3108 2012 3255 2086 αύτῷ
3284 2014 3432 2090 παρὰ
3456 2018 3561 2069 τῶν
3622 2017 3832 2092 προδο-

429 2117 625 2169 castra
655 2111 915 2176 haberet,
940 2125 1045 2165 nec
1075 2108 1127 2163 vi
1160 2112 1335 2178 atque
1367 2103 1547 2160 armis
1577 2118 1706 2158 eam
1737 2116 2069 2173 expugnare

2187 2101 2281 2151 τῶν
2310 2094 2600 2167 ἐνεδίδοτο,
2634 2096 2820 2175 λόγοις
2851 2100 3081 2177 ἡμέροις
3123 2102 3213 2157 καὶ
3263 2102 3649 2179 ὁμογλώσσοις
3698 2107 3832 2159 ὑπο-

428 2205 649 2274 posset,
697 2216 802 2256 nec
853 2198 965 2254 sibi
1015 2197 1341 2269 quidquam
1372 2209 1569 2249 rerum
1601 2190 1939 2247 urbicarum
1970 2205 2073 2261 per

430 2290 756 2363 proditores
788 2292 984 2360 patere
1013 2285 1276 2352 vidisset,
1300 2282 1529 2338 lenibus
1555 2280 1745 2336 verbis
1777 2296 1842 2335 ac
1872 2294 2074 2334 verna-

431 2381 562 2436 cula
591 2378 793 2451 lingua
822 2376 976 2433 cives
998 2374 1228 2430 allicere
1258 2389 1323 2429 ac
1356 2371 1469 2428 sibi
1497 2369 1805 2426 conciliare
1835 2384 2072 2440 aggres-

431 2487 533 2527 sus
567 2474 675 2525 est.
709 2467 871 2534 Quod
904 2481 1039 2522 cum
1070 2463 1295 2521 obsessi
1325 2460 1771 2530 intellexissent,
1815 2458 1924 2513 hoc
1952 2455 2070 2529 pri-

428 2576 595 2615 mum
627 2560 993 2625 recusarunt,
1044 2552 1431 2626 postulantes,
1463 2554 1524 2606 ut
1568 2548 1802 2621 Syriaca
1848 2546 2070 2618 lingua,

2177 2189 2448 2242 ποιεῖσθαι
2501 2190 2599 2257 τὴν
2659 2188 2821 2245 πόλιν
2885 2189 3174 2268 ἐπιχειρεῖ,
3235 2194 3304 2251 "0
3336 2190 3404 2262 δὴ
3436 2195 3687 2256 συνέντας
3717 2198 3831 2268 (79)

2181 2275 2397 2351 λέγεται
2450 2276 2577 2340 τοὺς
2629 2278 3153 2356 πολιορκουμένους,
3182 2285 3344 2338 τοῦτο
3401 2285 3834 2359 παραιτήσασθαι

2179 2370 2420 2440 πρῶτον,
2454 2368 2675 2443 Συριστί
2712 2367 2992 2425 λαλεῖσθαι
3026 2370 3232 2434 αὐτοῖς.
3268 2369 3414 2426 ἀλλὰ
3446 2374 3523 2446 μή
3554 2368 3833 2450 Ἐϐραϊστὶ

2178 2452 2533 2517 κελεύσαντας
2565 2459 2699 2530 (80),
2730 2458 2805 2520 ὡς
2834 2460 2980 2534 τάχα
3009 2459 3068 2515 ἂν
3097 2461 3171 2523 εἷς
3196 2458 3442 2518 δουλείαν
3472 2460 3726 2518 κλαπεῖσι
3753 2460 3835 2536 τῷ

2181 2543 2369 2619 ἣμέρῳ
2398 2552 2497 2615 τῆς
2530 2543 2842 2618 διαλέξεως.

428 2664 545 2703 non
602 2646 903 2713 Hebraica,
962 2642 1138 2700 verba
1194 2643 1266 2699 ad
1314 2639 1474 2712 ipsos
1533 2639 1763 2707 faceret,
1823 2652 1895 2692 ne
1948 2636 2097 2691 forte
2154 2635 2432 2692 orationis
2489 2638 2773 2695 suavitate
2829 2639 2891 2695 in
2941 2640 3286 2698 servitutem
3333 2642 3537 2699 furtim
3596 2642 3832 2699 induci-

425 2741 648 2882 regis}...
672 2826 833 2882 Idem
884 2824 1066 2895 igitur
1110 2822 1205 2877 hic
1253 2835 1481 2892 quoque
1520 2818 1806 2890 cogitans,
1838 2813 2071 2872 scholas

429 2916 667 2989 quidem
693 2914 755 2970 in
786 2913 1061 2969 omnibus
1084 2909 1441 2974 civitatibus,
1465 2914 1522 2964 et
1551 2906 1825 2974 sacraria,
1849 2903 2073 2961 subsel-

428 3004 643 3078 liaque,
678 3004 889 3075 partim
921 3000 1147 3069 altiora,
1181 2999 1397 3071 partim
1428 2996 1745 3054 humiliora
1776 2998 2072 3052 exstruere

428 3093 692 3166 parabat,
718 3091 1096 3164 profanorum
1128 3089 1306 3145 etiam
1329 3089 1673 3160 dogmatum
1705 3085 1986 3142 lectiones
2016 3087 2073 3140 et

429 3182 848 3255 explicationes
879 3180 1210 3244 instituere,
1232 3183 1353 3233 tam
1386 3193 1514 3248 quae
1546 3192 1738 3232 mores
1769 3189 2076 3245 compone-

428 3274 580 3340 rent,
621 3286 797 3341 quam
847 3286 975 3340 quas
1026 3269 1087 3324 in
1135 3266 1566 3323 abstrusiorum
1615 3281 1812 3320 rerum
1862 3267 2074 3319 tracta-

428 3360 587 3416 tione
618 3364 1037 3415 versarentur:
1099 3360 1225 3412 tum
1283 3354 1685 3427 precationum
1739 3350 2073 3409 alternatim

426 3451 827 3507 canendarum
876 3450 1146 3515 formam,
1182 3463 1248 3503 ac
1299 3463 1479 3518 poenae
1531 3446 1592 3501 in
1640 3461 1739 3500 eos
1788 3444 1889 3515 qui
1938 3459 2073 3513 pec-

427 3546 650 3607 carent,
696 3556 799 3612 pro
845 3536 1037 3593 delicti
1068 3536 1240 3591 modo
1268 3534 1693 3591 constituendae
1725 3550 1739 3589 :
1790 3530 2071 3587 initiatio-

427 3646 571 3685 num
598 3628 740 3684 item
762 3632 821 3684 et
841 3624 1235 3700 perfectionis,
1259 3629 1435 3696 atque
1463 3622 1683 3691 omnia,
1711 3637 1841 3692 qua:
1861 3624 2072 3676 nostra

428 3719 583 3775 haud
631 3718 808 3774 dubie
861 3713 1183 3786 disciplinis
1233 3718 1390 3769 sunt.
1424 3712 1750 3769 Diversoria
1791 3710 1966 3766 etiam
2014 3712 2072 3764 et

423 3807 744 3882 hospitales
792 3806 998 3862 domos
1045 3803 1354 3869 aediﬁcare,
1408 3800 1765 3857 monasteria
1819 3800 1958 3855 item
2015 3801 2073 3854 et

422 3898 719 3971 virginum
760 3893 1028 3953 ccenobia
1055 3891 1424 3963 instituebat,
1457 3890 1746 3961 simulque
1776 3889 1928 3945 139
1960 3887 2071 3943 hu-

423 3988 766 4044 manitatem
796 3992 853 4043 et
882 3983 1305 4057 benignitatem
1353 3998 1492 4054 erga
1536 3996 1820 4053 pauperes
1860 3979 2070 4049 adjun-

421 4092 577 4147 gere,
611 4092 746 4131 cum
794 4075 854 4130 in
904 4073 1035 4129 aliis
1084 4072 1283 4140 rebus,
1320 4074 1448 4126 tum
1480 4069 1541 4125 in
1572 4064 2070 4125 commendatitiis

421 4163 684 4235 epistolis
714 4165 912 4229 sitam,
945 4162 1164 4234 quibus
1193 4178 1314 4231 eos,
1347 4160 1449 4231 qui
1482 4158 1680 4231 inopia
1709 4160 2079 4230 premuntur,
2119 4170 2189 4211 ex
2224 4159 2398 4227 gente
2428 4158 2500 4213 ad
2532 4162 2762 4231 gentem
2810 4160 3271 4218 transmittimus
3312 4178 3326 4217 :

420 4251 519 4307 ille
551 4251 608 4306 in
641 4252 856 4307 nostris
889 4254 1064 4308 rebus
1094 4249 1418 4324 praesertim
1449 4249 1777 4304 admiratus
1808 4247 2017 4303 fuerat.

2253 2815 2401 2870 PIA'.
2433 2818 2601 2869 Τοῦτο
2648 2812 2715 2884 δὴ
2765 2816 2854 2871 καὶ
2912 2815 3067 2880 οὗτος
3098 2815 3425 2889 διανοηθεὶς,
3484 2817 3834 2875 διδασκαλεῖα

2184 2902 2279 2975 μὲν
2328 2900 2641 2980 ἱδρύσασθαι
2696 2907 2832 2960 κατά
2888 2912 3057 2962 πᾶσαν
3117 2905 3278 2963 πόλιν
3324 2905 3546 2981 ἕτοιμος
3578 2910 3668 2979 ἦν,
3728 2910 3832 2984 βή-

2187 2994 2328 3065 ματά
2381 3014 2439 3048 τε
2490 2993 2578 3048 καὶ
2633 2992 2946 3072 προεδρίας,
3004 2996 3093 3051 καὶ
3152 2995 3422 3076 ὑφεδρίας,
3485 2998 3831 3065 Ἑλληνικῶν

2180 3102 2240 3135 τε
2314 3079 2603 3158 δογμάτων
2683 3087 3006 3160 ἀναγνώσεις
3060 3087 3150 3141 καὶ
3208 3087 3544 3159 ἀναπτύξεις,
3604 3087 3721 3142 ὅσαι
3775 3109 3835 3143 τε

2184 3171 2319 3240 ἦθος
2369 3171 2707 3248 ῥυθμίζουσι,
2766 3176 2855 3229 καὶ
2905 3174 3024 3230 ὅσαι
3054 3184 3153 3246 τῆς
3183 3175 3524 3253 ἐπικρύψεως
3551 3180 3661 3250 (8|)
3696 3197 3709 3209 '
3745 3176 3834 3232 εύ-

2184 3264 2298 3335 χῶν
2354 3282 2414 3315 τι
2466 3261 2633 3318 τύπον
2689 3262 2740 3318 ἐν
2800 3263 2971 3340 μέρει,
3020 3265 3109 3319 καὶ
3139 3272 3241 3336 τῆς
3267 3269 3375 3320 τῶν
3414 3265 3833 3342 ἁμαρτανόντων

2181 3351 2316 3404 κατὰ
2375 3351 2569 3427 μέτρον
2625 3351 2990 3426 ἐπιτιμήσεως
3047 3357 3206 3428 (82)’
3265 3353 3596 3430 προτελείων
3629 3377 3689 3412 τε
3720 3358 3835 3429 (83)

2180 3438 2271 3492 καὶ
2328 3437 2682 3508 τελειώσεως,
2740 3442 2829 3497 καὶ
2887 3441 2984 3497 ὅσα
3038 3450 3139 3513 τῆς
3182 3444 3454 3521 ἡμετέρας
3483 3449 3665 3523 σαφῶς
3694 3445 3835 3501 ἐστιν

2182 3527 2451 3598 ειῖταξίας·
2512 3527 2589 3586 ἔτι
2649 3527 2706 3585 δὲ
2762 3533 3073 3609 καταγώγια
3125 3534 3390 3605 πήξασθαι
3446 3535 3537 3589 καὶ
3579 3535 3833 3608 ξενῶνας,

2181 3616 2505 3694 ἆγνευτήριά
2558 3639 2615 3675 τε
2672 3621 2786 3694 (84)
2824 3621 2913 3675 καὶ
2942 3627 3311 3697 παρθενῶνας,
3361 3622 3451 3678 καὶ
3507 3627 3835 3703 φροντιστή-

2182 3726 2291 3781 ρια,
2349 3706 2439 3761 καὶ
2496 3709 2594 3778 τήν
2631 3709 2707 3772 εἷς
2756 3710 2882 3773 τοὺς
2916 3707 3206 3785 δεομένους
3237 3709 3672 3792 φιλανθρωπίαν,
3727 3715 3829 3785 τήν

2178 3814 2238 3849 τε
2284 3793 2460 3867 ἄλλην
2514 3798 2711 3872 ὁπόση,
2743 3799 2831 3853 καὶ
2862 3801 2960 3868 τὴν
2994 3798 3046 3854 ἐν
3077 3807 3194 3863 τοῖς
3226 3798 3661 3876 ἐπιστολιμαίοις
3716 3804 3831 3875 (85)

2178 3886 2529 3959 συνθήμασιν,
2563 3889 2645 3951 οἷς
2688 3891 2850 3961 ἡμεῖς
2901 3888 2951 3959 ἐξ
2996 3887 3178 3952 ἔθνους
3237 3890 3312 3953 εἰς
3344 3888 3496 3955 ἔθνος
3526 3891 3654 3953 τοὺς
3682 3891 3829 3968 χρῄ-

2182 3979 2369 4042 ζοντας
2399 3979 2835 4053 παραπέμπομεν
2861 3996 2874 4011 ⁸
2908 3978 2942 4034 ἃ
3000 3976 3066 4050 δὴ
3098 3980 3188 4035 καὶ
3234 3978 3471 4056 μάλιστα
3523 3985 3633 4039 τῶν
3690 3983 3829 4056 ἠμε-

2175 4064 2347 4140 τέρων
2377 4064 2493 4141 εἶχε
2523 4078 2619 4131 θαυ
2628 4067 2821 4140 μάσας.

3385 4178 3514 4234 qua
3562 4162 3834 4222 videlicet

493 4340 654 4397 CXII.
685 4342 874 4411 Atque
902 4340 1026 4396 haec
1057 4340 1295 4411 quidem
1327 4354 1511 4394 novus
1540 4338 1653 4395 iste
1682 4335 2067 4409 dogmatistes

2255 4335 2401 4393 PlB'.
2432 4340 2607 4392 Ταῦτα
2638 4334 2897 4393 διενοεῖτο
2930 4340 3035 4412 (86)
3072 4340 3166 4412 μὲν
3196 4339 3225 4393 ὁ
3255 4339 3439 4401 καινὸς
3462 4336 3835 4415 δογματιστής

421 4433 480 4487 et
526 4428 793 4502 sophista
841 4428 900 4485 in
947 4429 1142 4486 animo
1181 4426 1453 4484 habebat.
1486 4426 1648 4491 Quod
1681 4430 1878 4484 autem
1910 4424 2069 4484 illius

421 4527 665 4577 conatus
688 4518 883 4574 inanis
906 4522 964 4573 et
994 4517 1197 4573 irritus
1218 4517 1415 4586 fuerit,
1438 4516 1800 4589 minimeque
1830 4517 1888 4572 in
1922 4532 2068 4589 opus

492 4646 537 4680 δ’
565 4643 639 4700 IV
670 4643 809 4714 Reg.
841 4657 1002 4711 xvm,
1031 4640 1123 4697 28.

491 4780 601 4851 (75)
632 4773 871 4851 Παλαιόν
893 4775 1147 4851 τεεΒεε.
1183 4774 1223 4841 l,
1256 4774 1441 4851 addlt,
1472 4772 1635 4844 ὁμοῦ,
1668 4795 1696 4823 ι(
1730 4775 1930 4851 simul.
1961 4799 1993 4851 ρ

490 4846 605 4923 (76)
636 4848 765 4923 Ktv-l,
779 4868 927 4919 μασι.
963 4848 1057 4903 Sic
1087 4862 1299 4923 omnes
1321 4846 1393 4900 ad
1428 4846 1900 4923 unum_codi‘ces.
1959 4848 2062 4923 Ed.

423 4914 721 4989 Ροιηὶεζνόη
734 4914 882 4992 μασι.
916 4923 1092 4992 Porro
1128 4922 1382 4992 «motus
1416 4939 1444 4966 n
1478 4914 1731 4992 appellat
1759 4918 2072 4992 Gregorius

422 4987 792 5051 transitorias
846 4991 945 5047 Dei
983 4989 1401 5064 appari‘tiones,
1451 4987 1571 5043 sive
1614 5004 1717 5059 per
1764 4987 2067 5061 miracula,

421 5067 543 5146 sive
588 5065 990 5146 per-speciem
1022 5061 1585 5146 'oculismobjectar‘n,
1633 5077 1781 5146 quas
1830 5064 2072 5133 opponit

418 5131 723 5211 posteriori
764 5131 823 5189 in
854 5152 1047 5211 carne,
1082 5151 1186 5211 seu
1218 5131 1431 5188 Christi
1462 5132 1756 5211 adventui.

490 5211 601 5280 (77)
637 5206 1003 5280 Σεναχηρείμ.
1033 5206 1169 5272 Alii,
1199 5201 1592 5280 Xavvax'qpstv.

488 5270 599 5351 (78)
630 5270 868 5351 Ἐπει”·ἧ’
893 5270 1048 5351 μήτε.
1082 5270 1219 5351 Μειεἶ
1253 5270 1656 5351 οοωῶἱιιιίιιεδ
1681 5270 1801 5351 ,ἐπεὶ
1836 5274 1996 5345 μήτευ

444 5346 601 5477 ἑ(79)
634 5346 917 5411 Συνένταςζ
957 5346 1155 5422 ίΙὶοεε.
1205 5347 1307 5416 bu,
1360 5366 1418 5419 q,
1466 5346 1597 5402 Ald.
1640 5350 1696 5400 et
1745 5346 1912 5403 Herv.
1947 5366 2069 5400 συν.

472 5443 619 5477 ντας.

424 5443 619 5484 ιεντας.

488 5496 599 5566 (80)
675 5490 1099 5566 Κελεύᾲσαντας.Δ
1146 5495 1235 5566 Ita
1314 5488 1449 5545 libri
1532 5502 1736 5566 omnes
1815 5489 1958 5566 editi
2013 5494 2070 5546 et

417 5559 644 5639 scripti.
676 5566 778 5621 Ed.
828 5564 956 5620 Par.
988 5559 1447 5619 κινδυνεύσαντας.
1489 5581 1509 5611 ι
1547 5560 1709 5623 Quod
1742 5560 2065 5631 periculum

415 5645 600 5789 θεῖὲί)
621 5657 1025 5785 τΕπικούψεως.
1059 5730 1087 5760 ‹‹
1146 5708 1283 5778 Quae
1314 5707 1454 5763 sunt
1510 5701 1803 5777 allegorici
1855 5720 2067 5762 sensus

2176 4449 2236 4484 τε
2263 4428 2354 4483 καὶ
2410 4426 2672 4505 σοφιστής
2695 4446 2708 4461 ο
2777 4428 2852 4502 μὴ
2910 4423 3134 4497 ἐπιτελῆ
3165 4423 3223 4482 δὲ
3251 4429 3521 4503 γενέσθαι,
3556 4426 3694 4504 μηδὲ
3750 4429 3833 4492 εἰς

2174 4515 2331 4595 ἔργον
2382 4516 2616 4593 ἀχθῆναι
2660 4518 2760 4571 τοῦ
2804 4513 2997 4590 ἀνδρὸς
3025 4516 3125 4585 τήν
3150 4516 3490 4593 ἐγχείρησιν,
3550 4517 3650 4573 οὐκ
3701 4515 3830 4591 οἷδ’,

2176 4796 2243 4836 ac
2277 4779 2528 4852 mystici.
2564 4800 2594 4828 »

2247 4848 2358 4921 (82)
2389 4849 2809 4925 Ἐπιτιμήσεως.
2842 4848 2969 4908 Non
3000 4850 3147 4907 bene
3177 4849 3404 4925 Billius,
3428 4875 3458 4902 «
3491 4852 3830 4925 supplicii,»

2181 4938 2308 4992 quae
2341 4940 2446 5005 vox
2476 4922 2696 5005 durior,
2728 4937 2833 4978 nec
2864 4938 3124 4994 unquam
3162 4922 3377 4979 usitata
3408 4925 3507 4981 ubi
3538 4922 3835 4996 depaanis

2182 4995 2423 5049 canonis
2455 4995 2665 5065 agitur.

2251 5065 2363 5135 (83)
2390 5063 2861 5146 βροτελείωνῼτετ.
2881 5065 2974 5146 Sic
3006 5080 3208 5146 omnes
3261 5079 3495 5146 mss.,‘«

2181 5152 2323 5190 num
2358 5141 2506 5191 ritus
2534 5142 2593 5192 et

3548 5066 3832 5124 initiatio-

2668 5136 3019 5193 erfeotionis.
3053 5158 3081 5186 »
3116 5137 3223 5193 Bd.
3262 5133 3595 5205 προτελείων
3629 5133 3707 5194 δέ.

2215 5207 2361 5289 “(8(5)
2392 5207 2749 5289 ᾉγνευτῆριά
2778 5227 2857 5278 τε,
2892 5214 3011 5289 etc.
3044 5209 3246 5289 Comb,
3283 5232 3311 5259 ‹‹
3338 5209 3639 5289 Religiosa:
3670 5224 3832 5289 exer-

2179 5278 2480 5359 citationis
2530 5278 2692 5335 extra
2735 5279 3185 5359 saaculi__turbas
3232 5279 3359 5359 loca
3406 5278 3829 5354 et'gymnasis,

2176 5350 2466 5407 castitatis
2498 5366 2774 5422 puraeque
2806 5350 3021 5422 mentis
3050 5350 3338 5422 palaestra.
3372 5374 3402 5401 ››

2249 5423 2359 5547 (ᾗ)
2392 5422 2478 5544 ’ἓν
2499 5419 2626 5484 τοῖς
2669 5419 3131 5495 ἔπιστολιμαίοις.
3164 5422 3370 5496 Vulgo,
3406 5446 3435 5476 ι(
3466 5422 3677 5481 littera
3706 5424 3825 5480 for-

2177 5508 2368 5548 matre.
2400 5516 2429 5544 ›)

2247 5565 2359 5633 (86)
2386 5568 2674 5621 Διενοεῖτο.
2707 5570 2838 5622 Haec
2869 5566 2928 5620 in
2952 5565 3147 5622 animo
3177 5564 3453 5623 habuisse
3482 5570 3825 5633 Apostatam

2183 5635 2397 5717 scribit.
2418 5638 2737 5717 probatque
2766 5635 3290 5717 _Sozorpenus,_li_b._
3310 5653 3365 5705 v,
3395 5654 3445 5694 ο.
3480 5635 3567 5705 43,
3602 5639 3828 5712 prolata

2180 5704 2399 5765 Juliani
2420 5704 2618 5783 ipsius
2641 5704 2718 5767 ad
2748 5709 3057 5769 Arsaeium
3086 5707 3349 5785 epistola.
