4202 6212
365 398 487 464 649

1360 396 1650 463 ORATIO
1694 403 1799 465 IV.
1832 434 1911 448 --
1940 401 2250 463 CONTRA
2299 397 2698 463 JULIANUM
2741 400 2791 461 Ι.

3664 402 3786 463 650

365 531 474 589 εἷ’τε
501 535 637 605 ἡμῖν
671 529 886 607 κὲρδος,
918 537 1034 594 τοῖς
1067 531 1267 587 ἐκείνου
1293 553 1352 587 τε
1391 535 1503 603 (87)
1532 533 1618 586 καὶ
1666 537 1773 588 τῶν
1825 532 2023 588 ἐκείνου

2145 535 2442 604 prodierit,
2476 537 2831 592 constituere
2862 549 3103 605 nequeo,
3146 551 3288 591 num
3329 537 3388 593 id
3419 537 3588 594 nobis
3621 535 3785 592 lucro

365 629 556 687 θᾶττον
586 619 1066 694 ἀπηλλαγμένοις,
1101 621 1207 676 εἶτε
1236 626 1313 693 τῷ
1345 620 1665 697 προελθόντι
1717 621 1879 698 μέχρι
1924 629 2022 691 τῆς

365 711 697 788 ὀνειρώξεως
723 729 735 741 ⁸
772 707 990 785 ἐδείχθη
1030 710 1134 786 γὰρ
1169 711 1229 764 ἂν
1279 709 1400 764 τίνα
1452 713 1544 783 μὲν
1596 709 1893 786 ἀνθρώπων
1943 731 2023 765 κι-

362 803 600 874 νήματα,
632 799 750 853 τίνα
781 796 838 854 δὲ
869 802 1125 869 πιθήκωο
1164 801 1482 873 μιμήματα.
1540 800 1689 856 Ἐπεὶ
1737 800 1825 854 καὶ
1872 801 2020 855 νῦτοι

369 891 646 963 μιμεῖσθαι
703 891 819 961 (88)
879 888 972 961 μὲν
1036 887 1279 963 λέγονται
1341 892 1448 942 τῶν
1510 888 1860 963 ἀνθρωπίνων
1903 887 2023 942 τινὰ

377 976 785 1050 δελεασμάτων,
861 979 1206 1053 κακοτεχνως
1288 975 1734 1053 προτιθεμένων·

370 1069 553 1141 μέντοι
609 1064 698 1121 καί
748 1066 1086 1139 ἁλίσκονται,
1137 1068 1211 1140 μή
1257 1065 1557 1140 δυναμένης
1606 1065 1863 1136 ἐξικέσθαι
1912 1068 2019 1138 (9)

363 1161 461 1211 τοῦ
492 1157 768 1231 ἡμετέρου
815 1160 983 1231 σοφοῦ
1009 1162 1109 1225 τῆς
1145 1157 1451 1228 μιμήσεως.
1512 1155 1589 1211 Οὐ
1644 1155 1747 1230 γὰρ
1807 1153 2018 1228 μᾶλλον

360 1244 530 1307 ’ἱππος
577 1244 879 1314 Θεσσαλική
938 1247 1073 1319 (90),
1130 1245 1219 1298 καὶ
1268 1246 1398 1320 γυνή
1464 1240 1882 1316 Λακεδαιμονία,
1933 1245 2021 1298 καὶ

366 1333 554 1409 ἄνδρες
615 1335 667 1390 οἱ
717 1341 818 1404 τῆς
876 1333 1208 1410 Ἀρεθούσης
1256 1334 1519 1403 πίνοντες,
1585 1333 1695 1388 οἶον
1744 1330 1811 1401 δὴ
1875 1331 2022 1408 λέγω

364 1423 722 1496 Σικελιώτας,
774 1423 850 1484 ὡς
911 1424 938 1476 ὁ
992 1423 1116 1499 περί
1165 1421 1340 1477 αὐτῶν
1396 1422 1674 1499 χρησμὸς,
1732 1423 1793 1476 τὸ
1842 1418 2021 1495 ἔκκρι-

364 1536 452 1569 τον
513 1515 626 1586 (91)
687 1515 793 1567 τῶν
841 1513 1125 1588 ὁμογενῶν
1173 1509 1414 1587 ἔχουσιν,
1469 1513 1502 1581 ἣ
1563 1517 1912 1586 Χριπιανοῖς
1957 1513 2025 1566 τὰ

361 1605 586 1657 τοιαῦτα
615 1598 707 1672 ἔθη
737 1622 796 1656 τε
820 1595 909 1656 καὶ
942 1603 1368 1674 νομοθετήματα
1405 1605 1511 1655 τῶν
1561 1598 2022 1674 πρεπωδεστάτων

367 1694 482 1766 (92)
514 1690 646 1747 ἐστι·
681 1690 770 1745 καὶ
801 1690 892 1746 οἷά
917 1690 1004 1745 ὑπ’
1035 1688 1256 1752 οὐδενὸς
1289 1689 1347 1744 ἂν
1381 1687 1557 1745 ἄλλου
1584 1689 1899 1762 ζηλωθὲντα
1915 1694 2022 1745 τῶν

368 1783 506 1854 ἡμῖν
546 1777 760 1835 ἕπεσθαι
824 1778 1214 1854 βουλομένων
1280 1776 1466 1848 ἐπειδὴ
1532 1780 1606 1852 μή
1663 1779 2022 1855 ἀνθρωπίναις

1805 976 2021 1038 τούτοις

2131 630 2305 696 atque
2339 627 2575 682 utilitati
2606 626 3009 698 deputandum
3041 625 3144 695 sit,
3177 628 3394 701 quippe
3427 628 3550 702 qui,
3591 633 3649 684 et
3677 627 3777 683 illo

2131 718 2187 768 et
2209 713 2369 770 illius
2391 716 2714 771 sceleribus
2736 715 2911 770 citius
2931 715 3191 771 defuncti
3225 717 3410 774 simus
3437 735 3450 786 ;
3485 735 3558 772 an
3581 720 3784 774 contra

2130 802 2238 870 illi,
2267 804 2366 874 qui
2401 822 2517 860 non
2550 804 2707 860 ultra
2738 804 3110 876 cogitationis
3141 809 3444 863 somnium
3485 822 3784 879 processe-

2133 892 2227 948 rit.
2259 893 2502 964 Liquido
2534 893 2690 949 enim
2722 895 3009 966 patuisset
3039 895 3283 967 quinam
3313 896 3623 952 hominum
3659 911 3783 951 mo-

2131 986 2249 1050 tus,
2270 988 2327 1038 et
2349 1000 2617 1055 quasnam
2642 984 2951 1039 simiarum
2980 983 3336 1041 imitationes
3359 985 3495 1042 sint.
3521 986 3668 1043 Nam
3691 983 3781 1039 ha

2131 1087 2365 1144 quoque
2393 1072 2654 1128 humana
2683 1073 2974 1144 quaedam,
3026 1072 3313 1129 illecebris
3363 1075 3518 1130 vafre
3568 1089 3777 1146 propo-

2130 1161 2285 1229 sitis,
2328 1161 2546 1218 imitari
2599 1162 2924 1230 dicuntur;
2973 1178 3178 1218 verum
3230 1180 3334 1235 per
3380 1163 3500 1218 haec
3549 1176 3784 1235 quoque

2129 1249 2259 1321 ipsa
2282 1251 2636 1324 produntur,
2662 1252 2817 1324 quod
2848 1251 3145 1307 solertiam
3173 1255 3435 1307 nostram
3458 1250 3784 1307 imitatione

2132 1339 2368 1411 assequi
2391 1357 2508 1396 non
2531 1345 2798 1413 possunt.
2826 1341 3026 1412 Neque
3048 1339 3205 1397 enim
3231 1339 3420 1412 magis
3441 1356 3592 1412 equa
3609 1339 3788 1395 Thes-

2133 1427 2279 1497 sala,
2329 1432 2386 1484 et
2434 1429 2645 1485 mulier
2695 1431 2954 1497 Lacaena,
3000 1434 3058 1485 et
3095 1429 3204 1485 viri
3236 1428 3537 1486 Arethusae
3569 1444 3785 1500 aquam

2133 1517 2419 1584 bibentes,
2471 1518 2580 1574 hoc
2629 1523 2736 1586 est,
2789 1518 2992 1588 Siculi,
3048 1522 3111 1574 ut
3139 1519 3252 1574 fert
3282 1519 3508 1575 editum
3537 1519 3610 1574 de
3640 1517 3788 1591 ipsis

2134 1607 2461 1675 oraculum,
2487 1607 2812 1680 principem
2836 1608 2990 1664 inter
3010 1625 3132 1681 eos,
3147 1607 3249 1680 qui
3270 1608 3535 1678 ejusdem
3556 1607 3790 1680 generis

2135 1701 2297 1764 sunt,
2350 1695 2586 1753 laudem
2638 1697 2925 1768 obtinent,
2971 1714 3148 1768 quam
3177 1697 3522 1767 hujusmodi
3553 1697 3705 1752 ritus
3734 1700 3791 1752 et

2137 1785 2467 1842 sanctiones
2498 1785 2846 1842 Christianis
2873 1785 3177 1858 aptissime
3207 1789 3576 1858 congruunt:
3609 1784 3786 1841 tales-

367 1869 631 1931 ἐπινοίαις
684 1870 799 1942 (93)
861 1866 1073 1942 μᾶλλον
1110 1870 1144 1938 ἢ
1174 1867 1288 1940 θείᾳ
1318 1867 1540 1941 δυνάμει
1573 1868 1662 1922 καὶ
1696 1868 1899 1944 χρόνου
1934 1870 2023 1944 βε-

2138 1891 2246 1946 que
2277 1880 2440 1943 sunt,
2466 1880 2529 1930 ut
2559 1874 2763 1932 nullus
2795 1892 2999 1931 eorum
3032 1875 3134 1948 qui
3163 1875 3426 1948 vestigiis
3459 1873 3673 1930 nostris
3705 1875 3792 1928 in-

367 1953 617 2030 6αιότητι
649 1959 718 2013 τὰ
744 1962 967 2013 τοιαῦτα
998 1961 1111 2032 (94)
1142 1957 1438 2028 νενίκηκεν.

2131 1964 2338 2020 sistere
2359 1965 2622 2036 cupiunt,
2645 1981 2744 2020 eas
2772 1963 3030 2020 aemulari
3053 1966 3276 2038 possit:
3305 1962 3783 2036 quandoquidem

369 2071 485 2112 non
536 2053 727 2126 magis
783 2052 1060 2109 humanis
1120 2049 1376 2122 ingeniis
1427 2053 1602 2121 atque
1657 2049 2115 2120 inventionibus,
2171 2070 2350 2127 quam
2407 2055 2461 2110 vi
2520 2054 2717 2111 divina
2764 2055 3165 2126 temporisque
3211 2056 3486 2112 ﬁrmitate
3527 2055 3787 2128 vigorem

368 2147 593 2218 adeptae
624 2147 785 2202 sunt.

439 2233 580 2290 PlI".
626 2227 793 2288 Οὐδὲν
839 2227 896 2283 δὲ
940 2229 1050 2282 οἷον
1101 2227 1190 2282 καὶ
1241 2228 1340 2296 τὴν
1373 2225 1666 2300 θαυμασίαν
1697 2230 1802 2301 (95)
1851 2229 2026 2284 αὐτῶν

365 2320 563 2392 ταύτην
614 2318 913 2374 ἀνάπλασιν
958 2319 1073 2391 (96)
1118 2318 1151 2386 ἣ
1184 2314 1515 2390 μετάπλασιν
1569 2316 1644 2378 ὡς
1677 2316 1765 2370 ἐπὶ
1818 2325 2027 2388 σκηνῆς

369 2413 638 2487 θεωρῆσαι
687 2409 776 2463 καὶ
825 2408 1152 2480 καταμαθεῖν
1205 2408 1340 2480 (97),
1377 2405 1460 2467 τίς
1496 2406 1588 2478 μὲν
1620 2405 1678 2460 ἃν
1729 2407 1794 2475 ἦν
1853 2409 1966 2479 (98)
1997 2408 2025 2462 ὁ

362 2507 464 2569 τῆς
494 2497 842 2559 διδασκαλίας
873 2496 1076 2573 τρόπος
1105 2494 1367 2561 αὐτοῖς,τί
1399 2493 1456 2549 δὲ
1486 2497 1547 2548 τὸ
1578 2495 1744 2570 πέρας
1772 2499 1880 2549 τῶν
1911 2517 2026 2550 συν-

369 2589 657 2645 ελεύσεων·
688 2585 782 2660 ἵν’,
817 2587 846 2641 ὅ
878 2607 1010 2665 φησι
1039 2584 1268 2640 Πλάτων
1301 2584 1424 2660 περὶ
1463 2591 1564 2653 τῆς
1617 2583 1667 2638 ἐν
1719 2584 1868 2660 λόγῳ
1926 2586 2025 2640 πό-

371 2677 534 2750 λεως,
598 2675 797 2750 ἴδωμεν
852 2674 1174 2748 κινουμένην
1231 2675 1345 2747 (99)
1394 2672 1570 2728 αὐτῶν
1626 2674 1725 2742 τήν
1762 2674 2023 2734 ἐπίνοιαν.

367 2768 461 2830 Εἰς
527 2765 622 2822 δύο
669 2767 773 2842 γὰρ
820 2769 988 2820 ταῦτα
1044 2762 1384 2840 διῃρημένης
1442 2764 1618 2832 πάσης
1679 2763 2022 2842 φιλοσοφίας,

368 2856 597 2934 θεωρίαν
645 2877 705 2911 τε
751 2853 896 2930 λέγω
945 2854 1034 2908 καὶ
1081 2854 1308 2927 πρᾶξιν·
1339 2851 1559 2922 καῖτῆς
1607 2853 1700 2924 μὲν
1755 2852 2024 2927 ὑψηλοτέ-

365 2967 467 3023 ρας
521 2945 710 3016 οὕσης,
760 2942 1160 3018 δυστεκμάρτου
1237 2939 1294 2996 δὲ
1326 2961 1340 2974 ⁶
1416 2949 1516 3012 τῆς
1591 2939 1648 2996 δὲ
1720 2943 2026 2998 ταπεινοτέ-

365 3056 465 3111 ρας
504 3038 609 3108 (1),
663 3032 1088 3111 χρησιμωτέρας
1147 3029 1240 3086 δὲ·
1300 3034 1436 3104 ἡμῖν
1492 3031 1585 3104 μὲν
1619 3032 1897 3108 ἀμφότερα
1955 3029 2023 3086 δι’

364 3123 636 3197 ἀλλήλων
692 3121 1006 3197 εὐδοκιμεῖ·
1071 3121 1160 3176 καὶ
1224 3122 1324 3196 γὰρ
1396 3120 1622 3197 θεωρίαν
1689 3119 2025 3195 συνέκδημον

362 3215 502 3291 πρὸς
557 3213 625 3269 τὰ
671 3212 871 3268 ἐκεῖθεν
920 3213 996 3286 (2)
1045 3208 1369 3284 ποιούμεθα,
1423 3209 1511 3264 καὶ
1560 3212 1748 3283 πρᾶξιν
1797 3210 2023 3286 θεωρίας

2209 2233 2394 2288 CXIII.
2448 2232 2566 2288 Nec
2617 2249 2750 2289 vero
2801 2233 3127 2304 quidquam
3175 2234 3544 2290 commodius
3593 2232 3789 2303 fuerit,

2136 2340 2311 2393 quam
2345 2322 2756 2379 admirandam
2789 2322 2942 2378 hanc
2973 2339 3175 2378 eorum
3207 2323 3522 2392 ﬁctionem,
3555 2321 3643 2378 vel
3686 2338 3789 2394 po-

2137 2411 2256 2467 tius
2305 2411 2793 2479 transﬁctionem,
2837 2414 3121 2482 tanquam
3166 2411 3226 2466 in
3277 2428 3453 2467 scena
3503 2415 3787 2484 spectare,

2136 2505 2309 2571 atque
2340 2516 2712 2572 cognoscere,
2745 2505 2872 2556 tum
2928 2516 3056 2571 quae
3104 2501 3365 2573 ipsorum
3417 2501 3476 2556 in
3527 2501 3785 2558 docendo

2138 2589 2308 2658 ratio,
2334 2593 2461 2645 tum
2484 2589 2614 2661 quis
2638 2592 3032 2645 conventuum
3055 2589 3190 2645 ﬁnis
3214 2593 3406 2646 esset:
3432 2594 3514 2661 ut,
3541 2590 3695 2661 quod
3718 2589 3789 2645 de

2137 2678 2367 2735 civitate
2399 2677 2500 2734 illa
2535 2679 2590 2732 in
2622 2678 2816 2734 verbis
2845 2677 2962 2734 sita
2998 2678 3162 2735 Plato
3196 2678 3408 2750 inquit,
3448 2688 3602 2736 motu
3633 2679 3786 2734 140

2130 2767 2433 2839 praeditum
2465 2784 2668 2823 eorum
2700 2766 3013 2823 consilium
3056 2766 3434 2839 aspiciamus.
3468 2767 3615 2825 Nam
3647 2783 3784 2823 cum

2134 2860 2258 2912 tota
2281 2856 2652 2928 philosophia
2681 2855 2740 2910 in
2764 2856 2912 2911 duas
2942 2859 3158 2928 partes,
3181 2855 3290 2912 hoc
3310 2861 3420 2926 est,
3438 2855 3499 2911 in
3530 2861 3788 2913 contem-

2134 2944 2450 3017 plationem
2501 2950 2557 3000 et
2605 2945 2917 3013 actionem,
2951 2943 3135 3001 divisa
3163 2946 3282 3014 sit;
3318 2962 3569 3018 quarum
3601 2945 3785 3002 altera

2135 3041 2199 3090 ut
2219 3033 2551 3101 sublimior,
2575 3033 2656 3088 ita
2680 3032 3005 3103 difﬁcilior;
3034 3033 3220 3091 altera
3239 3034 3519 3092 humilior
3539 3034 3779 3108 quidem

2136 3127 2310 3195 atque
2359 3121 2658 3194 abjectior,
2699 3126 2975 3178 caeterum
3026 3123 3420 3193 fructuosior;
3468 3125 3623 3197 apud
3673 3140 3780 3182 nos

2137 3217 2384 3283 utraque
2431 3210 2671 3266 alterius
2723 3227 2830 3283 ope
2880 3216 3054 3283 atque
3105 3211 3445 3284 adjumento
3491 3213 3677 3269 ﬂoret.
3713 3211 3784 3269 Ut

435 3342 550 3422 (87)
581 3338 820 3398 Ἐκείνου
851 3358 928 3394 τε.
958 3338 1051 3394 Sic
1083 3337 1348 3410 plerique
1378 3336 1628 3392 codices.
1671 3338 1842 3393 Deest
1867 3356 1927 3390 τε
1958 3337 2016 3393 in
2049 3340 2091 3407 ρ
2129 3337 2249 3422 haec
2305 3351 2538 3422 quoque
2587 3334 2817 3422 (simias)
2865 3336 3156 3422 humanas
3185 3339 3492 3422 quasdam_
3524 3339 3783 3422 actiones

441 3419 504 3468 it.

362 3414 552 3557 ed(88)
584 3481 1108 3557 Mnasiaeag,_l_’a_s_s.
1141 3478 1370 3557 aliique,
1418 3478 1708 3557 n_o_nnulli,
1731 3497 1848 3557 exn
1863 3477 2023 3557 ματίτ

368 3551 571 3624 ζεάθαξ.
624 3551 809 3611 Lacus
857 3552 1134 3618 difﬁcilis,
1184 3551 1381 3622 inquit
1449 3551 1870 3624 Montacutius,
1923 3551 2021 3623 qui

365 3623 473 3684 nec
503 3627 638 3684 Eliaa
672 3643 776 3682 nec
808 3625 961 3681 Billii
1002 3625 1206 3696 probat
1239 3623 2021 3696 interpretationem.Verum

367 3699 593 3755 fallitur
618 3693 1035 3766 Montacutius,
1058 3697 1198 3751 dum
1217 3694 1732 3765 putatGregorium
1749 3693 2022 3751 allusisse

368 3773 441 3828 ad
475 3771 808 3838 Historiam,
844 3771 913 3824 de
945 3785 1060 3839 qua
1090 3771 1388 3839 Nyssenus
1429 3766 1487 3839 in
1545 3768 1662 3822 Vita
1707 3767 1902 3836 Moysis
1951 3768 2021 3822 de

366 3843 746 3915 simiisregis
773 3838 1196 3915 Egyptiorum.
1235 3838 1488 3915 Historia
1519 3854 1772 3908 namque
1803 3839 1873 3915 de
1904 3855 2021 3915 qua

367 3915 465 3970 hic
495 3910 710 3986 agitur,
768 3910 978 3986 ea'est
1031 3911 1102 3965 de
1158 3927 1272 3986 qua
1309 3910 1640 3986 Nyssenus,
1664 3925 1775 3963 non
1797 3911 1869 3986 _in
1904 3911 2021 3986 Vita

365 3983 604 4059 Moysis,
633 3986 734 4041 sed
773 3985 861 4059 in;
890 3987 1142 4059 tractatu
1198 3983 1276 4036 De
1310 3983 1647 4059 nomine];
1681 3983 2022 4059 professione

367 4052 688 4113 Chﬁstidna
715 4056 787 4111 ad
817 4055 1196 4118 Harmoniam,
1228 4059 1270 4108 t.
1309 4053 1404 4118 III,
1439 4069 1494 4123 p.
1541 4052 1646 4105 268
1677 4057 1733 4123 et
1760 4052 1885 4116 269,
1920 4053 2018 4107 ubi

367 4147 486 4186 non
509 4131 580 4186 de
601 4129 788 4185 simiis
811 4127 966 4199 regis
981 4123 1407 4199 Egyptiorum,
1422 4122 1525 4199 sed
1546 4124 1617 4199 de
1639 4122 1750 4199 sim
1759 4123 1809 4199 is
1841 4123 2022 4199 circu-

365 4201 572 4258 latoris
603 4194 912 4272 cujusdam
945 4201 1002 4253 et
1028 4194 1470 4272 p'r'zsstigialoris
1500 4194 1931 4250 Alexandrini.u
1968 4196 2020 4251 Is

366 4269 704 4341 circulator,
734 4294 763 4324 »
799 4275 864 4326 ut
893 4273 1093 4326 narrat
1122 4269 1470 4341 Nyssenus,_
1495 4289 1522 4316 «
1573 4272 1908 4341 exercuerat
1954 4283 2019 4322 ac

366 4348 650 4402 docuerat
676 4338 1008 4407 simiam,ut
1035 4338 1293 4411 agilitate
1322 4338 1576 4411 quadam
1609 4339 1668 4392 in
1691 4338 1940 4411 formam
1963 4343 2022 4394 et

366 4418 638 4472 habitum
657 4413 972 4471 saltatricis
987 4409 1115 4469 sese
1126 4409 2020 4490 componeret,eiquesaltatricis

365 4493 725 4561 apposuerat
770 4501 1104 4561 personam,
1167 4499 1234 4539 ac
1271 4486 1515 4561 _ve_stem_
1561 4482 2023 4537 circumdederat

366 4552 643 4616 eiércitio
674 4552 1207 4616 convenientem...
1235 4552 1410 4610 simia
1448 4553 1518 4608 ad
1551 4569 1863 4609 numerum
1894 4569 2022 4608 sese

369 4631 710 4688 ﬂectebatet
727 4628 1174 4700 contorquebat,
1204 4641 1269 4680 ac
1292 4642 1395 4697 per
1415 4625 1614 4700 omnia
1630 4641 1756 4700 quea
1776 4624 2022 4681 faciebat

364 4708 424 4761 et
452 4703 645 4786 facere
673 4697 1280 4786 videbatuinaturam
1303 4697 1798 4786 occultabatcum
1823 4702 2019 4753 autem
2051 4722 2096 4786 Ι)

366 4776 523 4848 capti
555 4779 751 4848 essent
778 4773 859 4830 rei
882 4773 1147 4848 novitate
1195 4774 1582 4848 spectatores,
1625 4770 1859 4848 quidam
1905 4786 2022 4848 cae-

363 4840 511 4906 teris
540 4847 811 4914 astutior,
845 4845 1083 4901 simiam
1110 4840 1246 4899 esse
1286 4841 1520 4897 simiam
1570 4840 1708 4914 ludo
1765 4843 2018 4912 quodam

366 4920 648 4976 ostendit.
673 4916 1146 4974 Acclamantibus
1191 4913 1348 4970 enim
1397 4913 1624 4969 cunctis
1673 4917 1731 4968 et
1773 4914 2018 4984 applau-

366 4991 646 5048 dentibus
675 4989 921 5063 agilitati
954 4989 1157 5063 simiae,
1193 4987 1265 5063 ad
1297 4990 1534 5042 cantum
1567 4989 1621 5063 et
1671 4985 2021 5063 modulatio-

366 5079 505 5139 nem
538 5068 668 5135 apte
697 5055 1074 5139 semoventis
1104 5065 1161 5115 et
1189 5055 2020 5139 circumagentisprojecit‘in

364 5129 670 5191 orchestra
699 5150 731 5189 e
761 5132 1022 5188 bellariis
1052 5147 1121 5187 ea
1152 5147 1278 5200 qua:
1305 5129 1535 5200 talium,
1563 5129 1881 5183 bestiarum
1929 5129 2020 5200 in;

364 5206 626 5280 gluviem
663 5204 970 5280 attrahunt
999 5198 1490 5280 atque—invitant;
1524 5199 1624 5254 illa
1679 5215 1811 5254 vero
1873 5198 2018 5280 nihil

363 5270 663 5351 cunctata,
695 5276 932 5351 utvidit
959 5270 1097 5331 ante
1122 5274 1365 5351 chorum
1396 5271 1663 5351 dispersa
1691 5270 2019 5351 amygdala,

364 5348 906 5422 oblitaisaltationis
939 5346 1189 5422 accurrit
1219 5345 1291 5400 ad
1322 5349 1472 5422 e_a,et
1502 5357 1784 5422 manuum
1811 5343 2022 5422 palmis

365 5421 644 5494 collegit;
676 5437 1011 5493 personam,
1041 5435 1118 5494 ne
1146 5416 1567 5494 impedimento
1597 5416 2018 5494 essetnoride-

361 5485 567 5549 traxit.
613 5485 641 5548 .’
672 5485 699 5549 Ῑ
731 5534 744 5549 .
789 5533 802 5547 .
837 5496 1010 5563 atque
1037 5492 1120 5546 ita
1140 5485 1251 5562 pro
1267 5486 1540 5563 laudibus
1558 5485 2022 5563 etadmiratione

365 5567 558 5623 risum
590 5563 822 5622 abunde
853 5556 1034 5637 movit
1059 5556 1512 5637 spectatoribus.
1533 5579 1574 5637 _»
1599 5556 1750 5637 .Heec
1779 5559 1867 5611 est
1885 5572 2024 5637 nar-

367 5643 499 5694 rata
527 5655 564 5694 a
593 5641 856 5710 Nysseno
886 5628 1151 5703 historia,
1184 5629 1551 5710 quamhaud
1583 5628 1757 5710 dubie
1775 5628 2023 5710 oratoris

369 5711 560 5783 nostri
607 5699 782 5783 vcrba
831 5699 1161 5783 spectant;
1189 5699 1316 5776 quas
1366 5701 1582 5783 idcirco
1613 5699 1696 5783 sic
1723 5700 2022 5781 vertenda,

365 5787 479 5856 aut
507 5782 595 5837 sic
624 5781 766 5836 verti
797 5773 971 5856 posse
996 5773 1325 5856 egistimem
1352 5792 1426 5856 :_«
1463 5773 1709 5856 Liquido
1738 5773 2022 5856 enim'pa-

366 5841 929 5925 tuisset,propositis
959 5851 1113 5907 vafre
1142 5847 1494 5921 quibusdam
1513 5841 2022 5904 illecebris...Nam

658 5983 925 6046 Panos.
957 5982 1069 6044 Gn.
1113 5977 1352 6042 XXXV.

2134 3413 2192 3484 et
2221 3406 2419 3484 motus
2445 3406 2714 3462 aemulari
2745 3408 3060 3484 dicuntur;
3092 3406 3296 3466 verum
3327 3427 3431 3484 per
3479 3411 3620 3481 haec,
3666 3409 3786 3467 illis

2135 3479 2415 3536 nimirum
2440 3485 2646 3551 capta,
2674 3480 3022 3551 produntur.
3055 3503 3085 3531 »

2227 3553 2311 3612 89)
2375 3549 2692 3619 Ἐξικέσθαιξ
2727 3551 2888 3623 Colb.
2921 3553 2975 3623 3,
3003 3557 3060 3608 et
3088 3552 3254 3609 Pass.
3286 3550 3623 3622 ἐξικνεῖσθαι.

2222 3623 2538 3698 90)-’Ίππος
2587 3619 2912 3698 Θεσσαλική,
2959 3619 3082 3681 διο.
3145 3619 3374 3698 Sensus,
3411 3632 3533 3682 est:
3571 3641 3783 3698 quem-

2130 3695 2448 3766 admodum
2468 3712 2631 3766 equa
2658 3695 2940 3752 Thessala
2969 3696 3190 3752 caeteris
3223 3697 3496 3753 omnibus
3528 3695 3777 3753 antecel-

2129 3765 2220 3833 lit,
2252 3772 2307 3822 et
2333 3765 2544 3822 mulier
2565 3772 2802 3822 lactens
2832 3768 3107 3823 omnibus
3138 3767 3270 3824 aliis
3319 3768 3686 3837 mulieribus,
3719 3773 3776 3824 et

2129 3838 2235 3892 viri
2285 3838 2466 3894 Siculi
2526 3839 2802 3896 omnibus
2853 3839 3032 3906 viris;
3067 3841 3148 3894 ita
3176 3839 3512 3906 Christiani,
3545 3841 3605 3894 in
3639 3839 3772 3894 reli-

2128 3908 2309 3981 giosis
2341 3910 2554 3964 ritibus
2583 3915 2639 3965 et
2668 3910 3092 3980 sanctionibus,
3135 3910 3410 3966 mortales
3441 3927 3642 3966 omnes
3669 3928 3770 3967 an-

2130 3980 2426 4046 tecellunt,
2461 3996 2566 4036 nec
2595 3998 2694 4037 eos
2725 3981 2942 4052 imitari
2973 3981 3250 4052 possibile
3280 3987 3387 4052 est.

2202 4053 2282 4120 (91
2343 4056 2649 4124 ’Έκκριτον.
2682 4053 2843 4109 Pass.
2875 4049 3139 4126 ἔγκριτον.
3173 4058 3299 4110 Sav.
3334 4049 3622 4126 ἐξαίρετον.

2202 4054 2858 4193 (92))1ρεπωδεστάτων.
2921 4127 2985 4180 In
3041 4126 3180 4193 Reg.
3232 4126 3352 4193 bm,
3386 4131 3443 4182 et
3467 4126 3622 4183 Mont

2202 4119 2858 4209 (92)(,11ρεπωδεστάτωψ
2914 4119 2985 4180 Ἰῐί
3041 4126 3180 4198 Reg.
3232 4119 3648 4193 bmfet'Mont.
3680 4143 3771 4200 γρ.

2128 4207 2606 4268 πρεπωδεστερων.

2201 4266 2312 4337 (93)
2344 4261 2658 4326 Ἐπινοίαις.
2693 4266 2757 4322 In
2791 4267 2916 4322 Bill.
2950 4271 3008 4323 et
3048 4268 3299 4324 Montac.
3331 4287 3416 4337 γρ.
3454 4264 3702 4329 ἐννοίαις.

2201 4287 2312 4337 (VO)
2362 4287 2658 4326 nmvomtc.
2693 4287 2757 4322 111
2791 4287 2916 4322 11111.
2950 4287 3008 4323 et
3048 4287 3299 4324 Μοηιᾶο.
3400 4308 3416 4326 ο
3454 4287 3702 4329 εννοιαις.

2201 4339 2313 4418 (94)
2343 4338 2769 4420 Τοιαῦτα.“Βθε.
2799 4339 2923 4406 bm,
2954 4339 3014 4395 in
3045 4343 3244 4410 textu;
3277 4287 3480 4397 Biiiius
3522 4345 3580 4398 et
3618 4341 3780 4397 Mon-

2130 4414 2248 4465 tac.
2289 4414 2348 4463 in
2381 4427 2502 4475 ora,
2531 4414 2718 4464 ταῦτα.

2197 4480 2309 4552 (95)
2343 4479 2674 4552 Θαυμασίαν.
2709 4480 2865 4552 Colb.
2899 4482 2956 4547 k,
2998 4482 3332 4552 θαυμαστήν.

2200 4548 2310 4623 (96)
2343 4548 2691 4626 Ἀνᾶπλασιν,
2725 4574 2753 4602 ι(
2813 4548 3343 4626 Reformationem:
3392 4573 3418 4606 η
3496 4548 3774 4626 paraui»

2128 4643 2232 4690 σιν,
2269 4645 2296 4672 ‹‹
2326 4623 2891 4692 tranformationem,
2923 4647 2952 4676 ››
2994 4625 3267 4682 aemulam
3317 4623 3506 4683 alieni
3525 4626 3674 4682 ritus
3702 4625 3776 4682 ad

2128 4694 2446 4752 Christiani
2477 4698 2793 4752 fictionem.
2834 4717 2864 4746 »

2197 4767 2310 4838 (97)
2362 4765 2490 4841 ,Ἐπὶ
2543 4773 2770 4837 σκηνῆς,
2818 4771 2924 4841 etc.
2983 4789 3012 4818 ιι
3061 4767 3350 4837 Socrates,
3399 4790 3428 4819 »
3459 4769 3614 4841 apud
3646 4767 3776 4841 Pla-

2129 4843 2325 4923 tonem
2358 4840 2605 4923 infirm.
2642 4862 2669 4890 ι(
2704 4842 2837 4911 post
2864 4839 3168 4923 fundatam
3200 4839 3670 4923 instructamque
3694 4839 3779 4896 le-

2129 4910 2302 4982 gibus
2332 4912 2644 4980 civilatem,
2676 4910 2888 4982 cupere
2916 4927 2977 4966 se
3005 4912 3087 4966 ait
3116 4928 3244 4967 eam
3279 4915 3439 4968 motu
3473 4910 3776 4968 incitatam

2131 4982 2344 5050 videre,
2381 5007 2406 5032 ››
2440 4983 2550 5039 hoc
2579 4989 2691 5046 est,
2730 5007 2750 5032 ι
2777 4984 2950 5053 juxta
2985 4982 3180 5054 legum
3225 5000 3464 5040 suarum
3515 4983 3777 5053 praescri-

2131 5058 2298 5137 ptum
2333 5055 2452 5137 regi
2483 5072 2548 5111 ac
2580 5055 2915 5137 gubernari.
2943 5055 3231 5137 etisdem
3265 5056 3435 5137 modo
3469 5056 3780 5137 Gregorius

2133 5125 2216 5180 ait
2245 5143 2307 5181 se
2338 5125 2557 5197 optare,
2584 5125 2658 5182 ut
2686 5125 2787 5180 illa
2825 5125 3288 5182 Christianorum
3341 5128 3560 5183 rituum
3585 5125 3783 5183 imita-

2135 5197 2212 5252 tio
2246 5215 2278 5252 a
2307 5198 2542 5272 Juliano
2573 5198 2913 5272 excogitata,
2947 5197 3005 5252 in
3037 5216 3182 5269 opus
3230 5200 3466 5255 tandem
3520 5201 3779 5272 prodeat,

2134 5285 2248 5339 quo
2282 5271 2468 5338 magis
2500 5269 2751 5326 ridicula
2781 5275 3078 5340 appareat.

2168 5341 2316 5425 ~(98)
2345 5341 2434 5401 Τίς
2468 5340 2562 5412 μὲν
2597 5341 2656 5394 ἃν
2690 5339 2778 5408 ἦν.
2822 5339 2989 5397 Colb.
3034 5340 3162 5396 Alb.
3214 5342 3381 5399 Herv.
3414 5339 3494 5406 τίς
3531 5340 3624 5416 μὲν
3658 5339 3718 5397 ἂν
3752 5341 3780 5397 ὃ

2129 5431 2248 5466 Ἔτ’.

2187 5443 2316 5594 J(99!)
2351 5482 2705 5554 Κινουμενην.
2737 5485 2912 5538 Mont.
2947 5502 3035 5557 γρ.
3083 5482 3418 5560 ἐκθερροῦσαν.
3465 5487 3582 5547 Alii
3639 5484 3785 5562 ἐνερ-

2132 5571 2272 5594 "In‘l'l
2309 5575 2406 5594 υγιυ

2132 5571 2232 5627 ι(ου
2251 5571 2428 5621 λενην.

2205 5575 2283 5765 (ί)
2310 5621 2717 5710 Ταπεινοτὲρας.
2754 5629 2915 5708 Pass.
2950 5628 3129 5692 addit,
3166 5627 3284 5700 μὲν.

2227 5699 2280 5761 2)
2315 5697 2455 5765 [Ιρὸς
2488 5715 2550 5748 τα
2581 5695 2801 5752 ἐκειθεν.
2849 5697 2975 5754 Blll.
3009 5724 3037 5753 ιι
3089 5700 3158 5756 ad
3211 5719 3284 5758 ϐα

2227 5699 2287 5770 2)
2315 5697 2455 5770 [Ιρὸς
2488 5695 2801 5770 τὰ-ἐκεῖθεν.
2849 5697 2975 5754 Bill.
3009 5724 3037 5753 ιι
3089 5695 3177 5756 ειίῖ
3211 5701 3534 5758 caelestium
3583 5715 3779 5756 rerum

2135 5768 2396 5824 studium
2431 5768 2723 5824 comitem.
2755 5790 2789 5845 »ι

3422 5971 3505 6060 28
