4202 6212
446 404 559 465 651

1692 400 1755 456 S.
1805 392 2176 458 GREGORII
2222 398 2319 458 ἸἮ
2338 396 2614 460 EOLOGI

3730 405 3839 468 653

445 539 601 594 enim
636 529 1187 605 contemplationem
1212 545 1491 587 ascensus
1523 530 1593 584 ad
1627 527 1886 584 coelestia
1907 528 2077 583 comi-

2202 522 2445 582 ἐπίϐασιν
2482 549 2493 560 ⁸
2555 526 2677 583 οὐδὲ
2723 529 2823 606 γὰρ
2856 529 2967 585 οἷόν
2998 552 3055 586 τε
3084 531 3212 586 εἶναι
3240 532 3430 611 σοφίας
3466 535 3713 610 μετέχειν
3769 539 3839 609 μή

446 634 561 683 tem
585 624 953 692 asciscimus,
978 623 1057 678 ita
1084 621 1341 677 vicissim
1369 620 1516 675 actio
1539 618 1708 673 nobis
1735 618 1802 672 ad
1829 620 2087 673 contem-

442 717 759 789 plationem
794 714 1012 787 gradus
1063 730 1127 769 ac
1176 712 1334 767 velut
1376 708 1531 765 scala
1559 712 1665 765 est.
1700 707 1895 778 Neque
1930 706 2087 760 enim

442 806 566 860 fieri
598 808 811 877 potest,
840 808 899 859 ut
920 802 1217 875 sapientim
1250 803 1545 872 r‘ompotes
1576 797 1714 864 sint,
1740 797 1839 869 qui
1864 795 2089 867 sapien-

441 898 531 949 ter
564 910 680 949 non
712 893 982 949 vixerint.
1015 893 1181 964 Apud
1216 891 1343 945 illos
1378 893 1595 958 autem,
1622 886 1778 942 haud
1813 886 1932 941 scio
1954 888 2089 940 utra

443 1000 533 1039 res
568 982 757 1055 magis
788 981 1037 1038 ridicula
1068 985 1241 1052 atque
1270 980 1505 1035 infirma
1532 975 1857 1043 videbitur;
1891 980 1956 1030 ut
1985 974 2087 1045 qui

442 1091 475 1128 a
523 1072 718 1128 divino
749 1072 948 1128 afﬂatu
981 1067 1508 1143 coagmentationis
1553 1070 1610 1121 et
1650 1063 2087 1120 constitutionis

441 1179 560 1218 sum
609 1162 789 1218 robur
833 1162 1295 1232 haudquaquam
1333 1157 1607 1224 habeant,
1641 1154 1938 1209 radicibus
1968 1151 2087 1208 illis

2200 620 2383 693 σοφῶς
2434 614 2859 695 ἀναστραφέντας
2906 622 2984 693 (3)
3010 638 3023 653 '
3073 626 3189 683 τοῖς
3231 619 3289 676 δὶ
3322 621 3421 678 οὐκ
3451 621 3555 678 οἷδ’
3586 624 3839 701 ὁπότερον

2201 702 2341 777 δόξει
2401 705 2745 783 γελοιότερόν
2791 729 2851 763 τε
2908 710 2998 763 καὶ
3053 710 3451 789 ἀσθενέστερον,
3486 714 3586 768 οὐκ
3638 714 3850 790 ἔχουσιν

2195 792 2254 847 ἐκ
2284 792 2425 857 θείας
2458 794 2815 860 ἐπιπνεύσεως
2862 798 2924 854 τὸ
2972 796 3193 855 δυνατὸν
3243 804 3326 875 (4)
3354 806 3450 857 τοῦ
3484 805 3843 877 συστήματος,

2196 881 2375 957 ὣσπερ
2429 890 2535 939 τῶν
2598 886 2783 962 ῥιζῶν,
2852 885 2907 942 α’ί
2953 890 3072 953 καθ’
3114 887 3310 953 ὕδατος
3357 891 3634 968 ὀχοῦνται,
3687 895 3840 965 πῆξιν

2195 971 2292 1025 οὐκ
2321 970 2565 1046 ἔχουσαι.
2618 976 2715 1029 Καὶ
2766 973 2831 1046 δὴ
2883 976 3138 1052 βάλωμεν
3179 979 3257 1041 εἷς
3301 982 3398 1049 τὴν
3444 983 3707 1059 μακαρίαν
3759 983 3843 1037 αύ-

2231 1065 2257 1075 ..
2456 1060 2480 1079 υ
2517 1064 2529 1083 ,
2844 1065 2858 1085 κ
2954 1066 2967 1085 ,

2192 1081 2298 1114 των
2334 1064 2429 1134 (5),
2467 1084 2508 1117 ιν
2564 1061 2723 1140 ὀλίγα
2768 1087 2859 1120 και
2912 1068 3063 1122 αυτοὶ
3095 1068 3373 1138 παίζουσιν
3407 1070 3590 1133 αὐτοῖς
3621 1072 3708 1126 καὶ
3744 1095 3840 1145 μυ-

2194 1147 2538 1225 Θολογοῦσιν,
2593 1152 2774 1229 ὣσπερ
2825 1154 2876 1209 iv
2928 1154 3161 1219 πολλοῖς
3192 1162 3297 1213 τῶν
3332 1156 3646 1235 δραμάτων,
3704 1183 3843 1235 συμ-

440 1268 555 1307 non
590 1250 913 1319 absimiles,
937 1266 1086 1321 quae,
1122 1248 1277 1321 quod
1310 1244 1508 1303 stabili
1538 1244 1663 1300 loco
1696 1241 1939 1298 minime
1962 1241 2077 1295 ﬁxes

2199 1239 2468 1312 παίξωμεν
2504 1242 2579 1314 (6)
2608 1260 2620 1273 ·
2652 1241 2742 1296 καὶ
2773 1245 3090 1319 προστεθείη
3122 1250 3200 1319 τῷ
3229 1248 3443 1325 χαίρειν
3470 1250 3603 1322 μετὰ
3625 1250 3844 1326 χαιρόν-

440 1340 580 1409 sint,
616 1340 787 1397 undis
820 1340 1106 1396 feruntur.
1140 1339 1288 1409 Ergo
1318 1336 1377 1391 in
1407 1336 1642 1391 beatam
1675 1349 1876 1388 eorum
1901 1331 2077 1402 jacia-

2199 1348 2323 1395 των,
2349 1326 2440 1382 καί
2466 1327 2714 1384 κλαίουσι
2747 1330 3114 1407 συνδακρύειν,
3150 1335 3207 1389 τὸ
3238 1336 3329 1390 καὶ
3362 1336 3681 1414 ληραίνουσι
3714 1351 3844 1393 συλ-

438 1448 595 1499 mus,
648 1434 713 1486 ut
759 1446 892 1485 cum
942 1428 1087 1501 ipsis
1136 1426 1495 1495 ludentibus,
1547 1428 1603 1478 et
1659 1420 2077 1489 fabulantibus,

2199 1414 2384 1493 ληρεῖν
2418 1417 2698 1495 ἀνέχεσθαι
2724 1440 2735 1452 ·
2769 1422 2857 1476 καὶ
2886 1421 3100 1499 γέλωτα
3136 1423 3187 1479 ἐν
3218 1422 3474 1501 δακρύοις
3505 1427 3736 1499 ποιηταί

437 1519 937 1592 quemadmodum
962 1517 1022 1572 in
1056 1516 1349 1589 plerisque
1371 1513 1618 1569 scenicis
1649 1512 1805 1567 ludis
1834 1510 1961 1566 tleri
1991 1526 2077 1565 so-

2199 1506 2577 1581 γινώσκουσιν.

433 1608 535 1680 let,
584 1626 690 1665 nos
740 1624 973 1681 quoque
1028 1604 1273 1678 paulum
1318 1604 1641 1659 ludamus:
1695 1604 1870 1673 atque
1923 1599 1995 1654 ad
2042 1596 2189 1653 illud
2238 1597 2574 1670 Scripturae,
2627 1616 2742 1671 quo
2791 1617 2917 1658 cum
2952 1604 3321 1675 gaudentibus
3355 1607 3693 1679 gaudere,et
3727 1626 3844 1665 cum

431 1698 688 1769 ﬂentibus
734 1699 868 1763 ﬂere
900 1697 944 1731 ⁵³
1002 1696 1405 1764 admonemur,
1458 1693 1565 1747 hoc
1621 1707 1853 1763 quoque
1901 1688 2275 1759 adjungatur,
2325 1690 2389 1742 ut
2436 1703 2569 1743 cum
2620 1692 2971 1762 negantibus
3003 1695 3211 1767 nugari
3244 1696 3664 1755 sustineamus.
3701 1699 3841 1758 Nam

437 1792 494 1843 et
533 1793 718 1860 poetae
755 1785 941 1842 risum
991 1784 1049 1838 in
1091 1782 1364 1854 lacrymis
1402 1797 1661 1853 persaepe
1690 1780 2035 1852 agnoscunt.

509 1895 700 1950 CXIV.
715 1894 801 1949 Sit
820 1893 1001 1965 igitur
1022 1895 1152 1963 apte
1174 1894 1443 1962 paratum
1469 1888 1790 1944 theatrum:
1812 1902 1949 1941 nam
1973 1900 2077 1953 quo

2262 1882 2410 1938 PIA'.
2443 1883 2620 1937 Ἔστω
2652 1882 2713 1937 τὸ
2758 1883 2977 1957 θέατρον
3038 1886 3291 1964 εὐτρεπές
3333 1891 3408 1963 (8)
3445 1908 3459 1924 ⁸
3512 1892 3547 1959 ἢ
3598 1890 3696 1946 οὐκ
3742 1889 3842 1947 οἶδ’

439 1980 553 2036 alio
576 1981 812 2037 nomine
828 1978 1115 2050 templum
1137 1994 1309 2032 suum
1328 1975 1521 2034 vocari
1537 1975 1845 2046 jusserint,
1865 1971 2081 2037 nescio;

440 2086 735 2141 praacones
767 2069 1057 2135 clament;
1107 2065 1362 2138 populus
1401 2065 1676 2131 conﬂuat,
1711 2062 2084 2136 praesideant,

438 2158 526 2215 vel
557 2158 657 2230 qui
689 2163 878 2226 aetate,
910 2161 966 2213 et
1003 2155 1236 2223 canitie,
1278 2172 1345 2210 ac
1389 2154 1514 2209 vitae
1557 2153 1890 2225 integritate
1936 2169 2083 2224 prae-

439 2251 616 2313 stant,
640 2246 725 2302 vel
758 2246 854 2318 qui
886 2244 1117 2317 generis
1149 2243 1457 2316 splendore
1482 2260 1546 2297 ac
1578 2241 1760 2314 gloria
1782 2239 2083 2312 conspicui

438 2341 601 2404 sunt,
626 2352 811 2408 eaque
842 2333 1130 2406 sapientia
1153 2351 1278 2405 qua
1298 2333 1548 2389 terrenis
1570 2334 1854 2395 nectatur,
1878 2334 2081 2400 etquae

430 2426 828 2497 jucunditatis
851 2423 984 2496 plus
1004 2423 1215 2479 habeat
1236 2439 1411 2493 quam
1442 2438 1578 2476 vera
1610 2421 1815 2492 pietas.
1841 2419 1901 2473 Id
1925 2419 2080 2473 enim

437 2531 640 2572 eorum
692 2512 930 2571 arbitrio
976 2511 1405 2584 permittemus.
1440 2510 1547 2575 Qui
1599 2508 1807 2563 deinde
1854 2508 2083 2579 agent?

436 2604 554 2676 Ipsi
584 2603 862 2675 praesides
885 2617 1024 2657 suos
1044 2604 1102 2656 et
1124 2599 1415 2656 antistites
1439 2598 1791 2653 describant.
1817 2600 2083 2667 Purpura

435 2708 535 2748 eos
564 2689 816 2758 ornabit,
841 2693 897 2745 et
924 2688 1161 2758 vittae,et
1191 2687 1406 2744 ﬂoridas
1439 2702 1505 2742 ac
1533 2685 1788 2757 pulchrae
1816 2702 2039 2740 coronae
2065 2701 2079 2740 ε

436 2779 915 2853 quandoquidem
966 2777 1263 2850 plerisque
1309 2776 1368 2830 in
1418 2777 1593 2830 rebus
1637 2774 1982 2846 gravitatem
2024 2779 2081 2831 et

436 2870 804 2941 majestatem
839 2869 911 2923 ab
944 2867 1088 2939 ipsis
1128 2866 1384 2922 alI'ectari
1427 2864 1704 2937 comperi,
1756 2865 1934 2935 idque
1981 2881 2079 2919 eos

435 2958 690 3025 studere,
725 2960 790 3011 ut
818 2973 996 3027 supra
1025 2955 1283 3028 privatos
1323 2972 1387 3009 ac
1432 2953 1689 3026 plebeios
1736 2952 2031 3008 emineant
2063 2970 2074 3008 :

433 3052 719 3119 tanquam
750 3044 1019 3101 videlicet
1047 3045 1105 3101 id
1137 3046 1292 3117 quod
1316 3060 1629 3100 commune
1651 3047 1825 3115 atque
1857 3041 2079 3097 humile

433 3141 542 3203 est,
566 3134 733 3191 facile
760 3134 821 3190 in
853 3137 1257 3206 contemptum
1289 3133 1516 3189 veniat:
1552 3134 1703 3204 quol
1738 3135 1934 3187 autem
1968 3131 2079 3187 ela-

432 3229 563 3280 tum
605 3229 663 3279 et
693 3223 989 3291 timidum,
1023 3228 1199 3296 atque
1230 3227 1499 3279 assecutu
1535 3222 1790 3289 difﬁcile,
1826 3220 2077 3277 auctori-

434 3317 614 3369 tatem
647 3314 868 3369 afferat.
902 3316 988 3369 An
1018 3313 1111 3369 hic
1145 3330 1375 3384 quoque
1409 3313 1477 3368 ad
1514 3329 1618 3367 nos
1652 3327 1839 3381 usque
1878 3328 1939 3366 se
1980 3311 2078 3365 de-

437 3402 692 3471 mittent,
725 3419 790 3459 ac
821 3403 1267 3474 sublimitatem,
1301 3418 1414 3457 non
1457 3401 1643 3472 magis
1693 3400 1751 3454 in
1796 3407 1965 3471 gestu
2016 3416 2081 3455 ac

437 3491 650 3564 specie,
707 3508 882 3563 quam
934 3491 993 3546 in
1048 3491 1311 3547 moribus
1360 3489 1473 3546 sibi
1526 3488 1854 3553 convenire,
1898 3486 2084 3543 nostri

439 3581 643 3647 instar,
684 3580 1159 3636 existimabunt?
1208 3580 1353 3633 141
1413 3578 1530 3633 Nos
1582 3577 1738 3633 enim
1785 3580 2082 3633 externam

438 3671 676 3743 quidem
706 3670 983 3743 speciem,
1013 3685 1079 3724 ac
1108 3668 1266 3723 velut
1294 3666 1609 3740 picturam,
1642 3683 1851 3738 parum
1883 3666 2084 3721 admo-

2195 1966 2225 2022 ὅ
2247 1990 2299 2023 τι
2330 1970 2418 2025 καὶ
2448 1970 2633 2026 καλεῖν
2664 1974 2754 2027 τὸν
2807 1975 2955 2030 οἷκον
3002 1974 3176 2032 αὐτῶν
3226 1976 3570 2035 κελεύσουσιν
3614 1982 3689 2054 (9)
3724 2000 3736 2013 ’
3794 1983 3844 2035 οἱ

2194 2061 2423 2135 κήρυκες
2471 2061 2746 2135 βοάτωσαν
2782 2083 2795 2096 ο
2850 2065 2877 2119 ὁ
2923 2062 3055 2129 λαὸς
3106 2067 3302 2122 συνίτω
3336 2088 3348 2100 ⁶
3399 2070 3499 2139 τήν
3556 2067 3840 2146 προεδρίαν

2193 2148 2464 2223 ἐχέτωσαν
2519 2150 2622 2205 εἴτε
2672 2153 2723 2205 οἱ
2768 2152 2955 2227 πολίᾳ,
2997 2156 3087 2209 καὶ
3136 2156 3349 2232 χρόνῳ,
3391 2158 3588 2230 καὶτῷ
3616 2166 3715 2228 τῆς
3746 2181 3842 2213 πο-

2191 2236 2395 2299 λιτείας
2453 2238 2809 2314 ἐξειλεγμὲνῳ
2872 2245 3227 2319 προέχοντες,
3296 2244 3402 2301 είίτε
3447 2248 3501 2301 οἱ
3559 2248 3700 2322 γένει
3759 2250 3846 2303 καὶ

2194 2324 2320 2399 δόξᾳ
2365 2324 2742 2405 περίϐλεπτοι,
2782 2332 2870 2386 καὶ
2903 2333 3062 2411 σοφίᾳ
3089 2339 3157 2409 τῇ
3187 2334 3337 2390 κάτω
3369 2335 3680 2411 πλεκομένῃ
3714 2340 3845 2411 (10),

2198 2417 2287 2501 καὶ
2318 2416 2508 2473 πλεῖον
2543 2417 2743 2494 ἐχούσῃ
2770 2420 2832 2475 τὸ
2861 2424 3086 2498 τερπνὸν
3130 2431 3230 2495 τῆς
3275 2423 3515 2495 ἀληθοῦς
3560 2429 3674 2501 (11)
3705 2426 3847 2482 vicre-

2191 2500 2339 2568 ϐείας
2372 2525 2384 2536 ·
2435 2512 2595 2561 τοῦτο
2643 2510 2746 2585 γὰρ
2796 2507 2879 2565 ἐπ’
2944 2511 3130 2575 αὐτοῖς
3192 2515 3538 2588 ποιησόμεθα
3590 2518 3725 2588 (12)’
3782 2516 3841 2571 Τί

2188 2596 2477 2664 ποιήσουσι
2533 2597 2600 2649 τὰ
2658 2596 2813 2666 ὲξῆςς
2868 2597 3039 2653 Αὐτοὶ
3094 2599 3220 2663 τοὺς
3278 2601 3480 2657 ἑαυτῶν
3541 2599 3839 2677 προέδρους

2187 2683 2560 2759 γραψάτωσαν.
2614 2683 2905 2761 ’Λλουργῖς
2947 2687 3142 2751 αὐτοὺς
3189 2692 3479 2763 κοσμήσει,
3528 2693 3615 2746 καὶ
3644 2693 3839 2762 ταινία,

2187 2772 2275 2826 καὶ
2308 2773 2573 2850 στεφάνων
2606 2774 2762 2836 ἄνθος
2793 2776 2881 2830 καὶ
2911 2775 3120 2840 κάλλος
3155 2796 3167 2809 ·
3200 2776 3385 2849 ἐπειδὴ
3436 2778 3728 2857 πολλαχοῦ
3778 2784 3841 2837 τὸ

2189 2860 2377 2933 σεμνὸν
2429 2860 2597 2937 ἔγνων
2644 2863 2827 2926 αὐτοῖς
2882 2864 3343 2941 σπουδαζόμενον,
3402 2869 3492 2924 καὶ
3551 2868 3612 2925 τι)
3683 2872 3842 2946 ὑπερ-

2188 2950 2298 3004 άνω
2346 2956 2442 3005 τοῖ’)
2492 2949 2713 3007 ἰδιώτου
2747 2972 2759 2984 '
2811 2954 2884 3017 ὡς
2936 2961 3032 3010 τοῦ
3080 2957 3174 3030 μὲν
3225 2963 3408 3013 κοινοῦ
3439 2959 3527 3014 καὶ
3586 2966 3749 3029 πεζοῦ
3780 2962 3842 3015 τὸ

2189 3039 2650 3118 εὐκαταφρόνητον
2701 3040 2946 3118 ἔχοντος,
2994 3049 3089 3099 τοῦ
3135 3042 3191 3100 δὲ
3232 3046 3531 3124 ὑπερόγκου
3564 3048 3651 3102 καὶ
3711 3046 3843 3103 δυσ-

2188 3130 2404 3206 εφίκτου
2434 3131 2496 3185 τὸ
2526 3130 2851 3201 ἀξιόπιστον.
2887 3135 2956 3189 ’Ἡ
2984 3133 3251 3189 κάνταῦθα
3293 3137 3489 3213 μέχρις
3542 3140 3696 3210 ἡμῶν
3745 3160 3843 3193 κα-

2186 3213 2537 3289 ταϐήσονται,
2600 3222 2674 3292 μὴ
2732 3222 2791 3275 τὸ
2858 3221 2909 3275 ἐν
2971 3228 3087 3285 τοῖς
3138 3226 3417 3299 σχήμασιν
3466 3226 3675 3300 ὑψηλὸν
3726 3230 3846 3301 (l3)

2194 3305 2405 3380 μᾶλλον
2546 3306 2607 3361 τὸ
2667 3307 2717 3361 έν
2763 3313 2841 3382 τῷ
2887 3310 3077 3385 τρόπῳ
3126 3310 3349 3388 πρέπειν
3396 3314 3601 3385 αὐτοῖς,
3662 3315 3843 3391 ὥσπερ

2194 3399 2377 3469 ἡμεῖς,
2438 3396 2746 3469 νομίζοντες
2791 3418 2803 3467 ;
2864 3401 3023 3471 Ἡμῖν
3079 3402 3182 3475 γὰρ
3230 3406 3326 3456 τοῦ
3376 3404 3470 3477 μὲν
3520 3404 3846 3481 φαινομένου

2190 3485 2278 3539 καὶ
2336 3486 2677 3562 γραφομένου
2730 3489 2843 3559 (14)
2893 3488 3099 3564 βραχὺς
3149 3491 3177 3545 ὁ
3212 3488 3377 3566 λόγος
3413 3511 3426 3523 ·
3457 3495 3490 3562 ἡ
3550 3490 3755 3547 πλείων
3790 3491 3847 3547 δὲ

2195 3574 2536 3650 πραγματεία
2582 3574 2704 3651 περὶ
2753 3577 2842 3630 τὸν
2895 3576 3043 3639 ἐντὸς
3095 3577 3400 3655 ἄνθρωπον,
3447 3581 3534 3635 καὶ
3571 3581 3852 3655 μεθέλκειν

2194 3662 2285 3718 τὸν
2320 3665 2511 3733 θεατὴν
2559 3668 2670 3745 (15)
2721 3664 2805 3719 ἐπὶ
2845 3666 2906 3721 τὸ
2936 3665 3248 3742 νοούμενον,
3280 3671 3325 3743 ᾦ
3354 3669 3441 3725 καὶ
3477 3669 3688 3745 μᾶλλον
3717 3672 3853 3733 τοὺς

438 3762 581 3816 dum
631 3775 955 3815 curamus:
1008 3758 1066 3812 in
1118 3758 1346 3813 interno
1396 3760 1591 3813 autem
1636 3757 1873 3812 homine
1903 3755 2077 3811 multa

2199 3752 2442 3815 πολλοὺς
2478 3744 2883 3827 ἒκπαιδεύομεν.

438 3851 572 3923 plus
616 3865 801 3922 opera:
847 3848 1145 3919 studiique
1190 3848 1484 3920 ponimus,
1530 3847 1707 3919 idque
1744 3846 2117 3919 potissimum
2150 3845 2479 3912 studemus,
2531 3849 2594 3899 ut
2646 3851 3035 3917 spectatorem
3080 3849 3151 3904 ad
3198 3864 3266 3905 ea
3309 3866 3436 3921 qua
3481 3851 3676 3908 animo
3720 3869 3846 3909 cer-

434 3945 676 4010 nuntur,
708 3939 1100 4006 retrahamus,
1134 3955 1249 4010 qua
1277 3938 1455 3993 etiam
1488 3936 1709 3993 ratione
1738 3934 1947 4008 vulgus
1986 3934 2174 4007 magis
2202 3934 2525 3990 erudimus.

501 4045 659 4103 CXV.
702 4049 890 4119 Atque
940 4046 1060 4102 haec
1106 4045 1180 4101 ad
1234 4044 1391 4101 hunc
1434 4044 1678 4100 modum
1708 4059 1769 4100 se
1799 4042 2073 4099 habeant.

500 4212 545 4249 ³⁸
572 4216 738 4270 Rom.
770 4231 872 4285 xu,
914 4215 1002 4271 15.

497 4401 573 4473 (3)
630 4400 1104 4479 Ἀναστραφέντας.
1166 4402 1303 4473 Reg.
1364 4401 1420 4472 b,
1482 4399 1645 4454 Colb.
1705 4400 1762 4471 k,
1818 4398 2071 4474 ἀναστρέ-

470 4491 644 4533 οντας.

429 4494 948 4614 φοέἱῗῗὸδυνατόν.
974 4544 1239 4614 ,Οοωὺϐᾒ
1284 4565 1311 4591 ‹‹
1346 4541 1434 4614 sui
1466 4545 1650 4614 coetus
1678 4542 1874 4596 robur.
1904 4563 1929 4587 n

496 4610 573 4687 (5)
628 4611 891 4687 Βάλωμεν
943 4613 1017 4675 εἷς
1063 4614 1175 4687 τὴν.
1202 4612 1486 4687 Δμακαρίαν
1540 4610 1733 4687 αὐτῶν,
1772 4616 1897 4687 ’,ιω
1930 4613 2077 4687 ,ρίο-

425 4681 593 4771 rique
622 4681 871 4771 codices.
904 4688 1053 4771 Edit’.
1091 4681 1404 4771 βαλλωμεν.
1424 4685 1599 4771 ,Eass.
1632 4682 1735 4771 K'ai
1768 4681 1941 4771 δὲκαὶ
1961 4681 2077 4737 ἐἰσ-

426 4752 706 4833 οᾴλωμεν,
739 4764 797 4815 et
827 4764 961 4833 post
987 4752 1159 4833 αὐτῶν
1206 4752 1388 4823 addit,
1424 4752 1766 4833 Ἐκκλησίαν.
1800 4758 1939 4833 Qum
1970 4774 2077 4813 vox

423 4828 739 4904 glossema,
766 4828 874 4902 est,
930 4828 1195 4904 quodin
1240 4834 1466 4904 textum
1496 4828 2076 4904 irrepsitapazterum

465 4906 706 4960 arcemia
732 4898 968 4959 hwc’est
997 4917 1065 4957 ex
1092 4900 1484 4973 Aristophane
1507 4901 1566 4955 in
1591 4898 1876 4973 Equitg'bus
1901 4916 1912 4955 :
1949 4898 2078 4973 Βάλ⁹

465 4921 706 4960 arcemia
732 4921 850 4959 naec
880 4921 968 4959 est
997 4921 1065 4957 ex
1092 4921 1484 4973 Al’lswpnaue
1507 4921 1566 4955 III
1591 4921 1876 4971 nquuwus
1901 4921 1912 4955 :
1949 4921 2057 4953 nam

424 4921 477 5035 fc:
532 4973 818 5047 μακαρίαν,
868 4998 895 5025 ‹‹
949 4975 1111 5031 aufer
1157 4978 1211 5028 te
1255 4974 1314 5029 in
1367 4974 1687 5047 beatam,‘»
1720 4971 1981 5047 id_est,«
2016 4972 2074 5027 in

425 5044 871 5105 beatitudinem.
909 5068 934 5095 ››
968 5047 1069 5102 Hic
1101 5063 1293 5102 sermo
1328 5063 1428 5117 per
1471 5044 1879 5117 antiphrasim,
1905 5044 2074 5117 juxta

425 5118 632 5191 Eliam,
662 5124 750 5175 est
780 5137 813 5175 a
842 5119 1116 5191 Gregorio
1150 5115 1484 5191 usurpatus,
1516 5115 1605 5191 ita
1633 5122 1696 5171 ut
1740 5138 1765 5191 <_<
1822 5115 2070 5191 beatitu-

423 5189 577 5245 dinis
622 5187 659 5244 ⁷»
714 5187 985 5258 nomine;
1014 5207 1207 5246 veram
1258 5187 1311 5239 ‹‹“
1344 5187 1640 5244 miseriam
1686 5212 1706 5240 ι
1744 5187 2067 5260 intelligat;

423 5266 658 5333 «fiatque
688 5262 840 5317 idem
874 5266 986 5328 est,
1024 5284 1051 5311 ››
1080 5268 1324 5333 υῐίουω
1371 5261 1532 5316 Billio
1558 5260 1805 5333 loquar,
1865 5283 1891 5312 α
1922 5277 1987 5333 ac
2018 5260 2067 5315 si

419 5332 672 5389 diceret:
706 5333 1090 5389 fcedissimam
1140 5332 1373 5387 illorum
1408 5332 1745 5401 religionem
1778 5332 2067 5386 examine-

417 5419 551 5461 mus
582 5411 639 5462 et
669 5406 1047 5474 insectemur,
1098 5421 1275 5476 quam
1324 5408 1517 5459 tamen
1552 5421 1653 5474 pro
1685 5405 1851 5457 beata
1885 5410 1939 5458 et
1970 5419 2063 5457 vc-

416 5478 677 5532 neranda
710 5476 943 5533 habent.
979 5499 1007 5525 ››

485 5549 561 5619 (6)
594 5547 1013 5621 Συμπαίξωμεν.
1048 5547 1132 5603 Ita
1160 5546 1323 5603 Pass.
1372 5545 1588 5616 aliique
1634 5560 1857 5599 omnes.
1912 5543 2057 5599 Edit.

412 5636 474 5671 συ
483 5619 701 5691 μπαίζω
711 5641 823 5692 μεν.

504 5693 559 5764 7)
590 5685 841 5764 Ποιήταί.
878 5691 1034 5764 Pass.
1062 5688 1249 5764 addit,
1280 5685 1571 5757 πολλάκις,
1608 5711 1635 5737 ‹‹
1670 5703 1839 5764 saepe.
1874 5707 1902 5734 »

504 5694 559 5764 7)
590 5694 841 5761 Ποιηταί.
878 5694 1034 5746 Pass.
1065 5694 1249 5757 addit,
1280 5694 1571 5757 πολλάκις,
1608 5711 1635 5737 ‹‹
1670 5703 1839 5758 saepe.
1874 5707 1902 5734 »

478 5694 555 5837 (8)
581 5761 837 5841 es'afpo‘L
858 5761 1122 5841 εὐτρεπές.
1174 5784 1203 5841 ξ(
1257 5764 1399 5833 Apte
1423 5759 1848 5841 .paratu‘mnsit
1894 5757 2056 5841 thea-

405 5828 582 5893 trum.
614 5856 647 5890 io
679 5828 773 5895 Sic
806 5828 965 5893 Pass.
996 5828 1320 5905 caeterique'
1336 5828 1582 5889 codices.
1631 5830 1803 5900 Editi,
1863 5828 2056 5905 εύπρε-

2260 4040 2400 4099 PlE'.
2432 4043 2603 4094 Ταῦτα
2638 4039 2732 4113 μὲν
2760 4037 2827 4110 δὴ
2869 4040 3039 4115 ταύτῃ
3066 4060 3078 4073 ·
3110 4041 3163 4097 τί
3197 4039 3253 4097 δὲ
3283 4043 3343 4097 τὸ
3380 4040 3613 4107 ἰντεῦθεν
3651 4064 3665 4115 ;
3704 4050 3851 4119 Παρ-

2183 4400 2302 4465 πὲς,
2336 4423 2363 4449 ‹‹
2397 4400 2749 4469 speciosum,
2783 4402 2989 4458 decore
3027 4404 3330 4463 eximium.
3362 4429 3391 4458 »

2255 4472 2329 4543 (9)
2363 4470 2735 4551 [ξελεύσουσιν.
2768 4478 2855 4551 Ita
2885 4479 3137 4551 quatuor
3166 4477 3346 4551 Regg.
3397 4479 3494 4537 Or.
3530 4481 3580 4551 1,
3611 4480 3745 4539 Ald.
3782 4488 3848 4541 et

2186 4543 2353 4597 Herv.
2393 4545 2449 4597 In
2485 4544 2623 4599 edit.
2658 4546 2841 4601 Paris.
2875 4543 3206 4604 κέ..ε·3ουσιν.
3251 4543 3323 4551 ’ν
3566 4543 3579 4551 ’
3644 4590 3647 4591 ν

2261 4616 2372 4686 (10)
2408 4620 2579 4692 Σοφᾳ
2606 4618 2674 4692 τῇ
2707 4616 2852 4692 κάτω
2899 4616 3229 4692 πλεκομένῃ.
3277 4619 3408 4692 Bill.
3446 4645 3467 4671 ι
3502 4623 3667 4679 humi
3701 4643 3846 4681 con-

2188 4691 2342 4741 texta
2371 4688 2678 4769 sapientia.
2715 4690 2914 4773 >»‘Re‘g.
2949 4707 3006 4773 (ι,
3040 4688 3097 4746 et
3128 4688 3290 4773 .Pss‘s.
3344 4690 3845 4769 πλεονεκτουμένῃ,

2191 4780 2219 4807 ι(
2249 4764 2562 4835 superiori,
2575 4764 2983 4835 _pr_¢estan_tior_i
3016 4764 3322 4835 sapientia.
3354 4786 3383 4816 »ι

2259 4828 2368 4911 (11)
2538 4828 2798 4911 ἀληθοῐξς.
2834 4828 3393 4911 Ple_rique_codices,_
3408 4842 3510 4906 τῆς
3540 4832 3842 4909 εὐσεϐείας,

2187 4923 2214 4951 ‹‹
2250 4904 2506 4978 pietatis,
2542 4926 2563 4953 ι
2594 4904 2751 4978 quod
2786 4904 2972 4977 magis
3005 4904 3211 4978 probat
3238 4904 3439 4963 Camb.

2255 4973 2367 5051 (12)
2402 4972 2769 5051 Ποιησόμεθα.
2800 4972 3039 5051 Addunt
3065 4983 3228 5035 Pass.
3270 4979 3484 5051 aliique
3513 4982 3783 5039 nonnulli
3817 5001 3834 5038 :

2182 5040 2503 5121 Τίιιρςήσουσι
2534 5040 2780 5121 τὸξέξῆκ
2816 5072 2843 5099 ‹‹
2876 5049 3012 5120 quid
3048 5056 3249 5121 postea
3278 5040 3473 5121 dicent
3502 5054 3527 5108 ?
3560 5077 3587 5103 υ

2182 5184 2195 5196 ,
2253 5115 2364 5197 (13,)
2397 5115 2661 5197 Mjmév
2692 5123 2819 5197 τοῖς
2860 5115 3137 5197 σχήμασιν
3191 5119 3425 5195 ὑψηλόν,
3479 5128 3590 5197 etc.
3621 5124 3840 5181 Melius

2180 5185 2391 5268 inlElia
2420 5187 2624 5268 Billi_u_s
2654 5206 2666 5243 :
2703 5213 2731 5239 ‹‹
2765 5185 3090 5268 Magis'sibi
3126 5185 3352 5251 morum
3382 5185 3450 5251 ac
3480 5196 3841 5268 vit&,quam

2178 5261 2563 5344 externamet
2592 5260 2651 5344 in
2700 5260 2892 5344 specie
2940 5264 3224 5323 duntaxat
3268 5283 3335 5323 ac
3384 5268 3516 5324 fuco
3574 5260 3839 5340 positam

2176 5330 2601 5403 sublimitatem
2624 5330 2981 5403 judicantes.
3017 5358 3044 5384 ››

2247 5404 2357 5489 (114)
2385 5406 2488 5455 Τοῦ
2523 5402 2641 5473 μενί
2672 5405 3000 5489 φαινομένου
3040 5404 3127 5460 καὶ
3147 5406 3531 5489 ’γραφομένοω
3565 5409 3834 5489 Combef.

2175 5474 2463 5556 ggnParum
2487 5474 2790 5556 ﬁcuramus
2837 5474 2994 5556 quod
3035 5474 3221 5535 oculis
3252 5474 3586 5556 subjectum
3617 5488 3707 5537 est
3759 5498 3837 5556 ac

2172 5544 2379 5625 litteris
2407 5545 2797 5625 deformatum
2825 5544 2902 5603 z'»
2934 5550 2989 5625 id
3020 5555 3130 5619 est,
3166 5553 3321 5625 quod
3364 5544 3616 5625 videtur,
3644 5559 3719 5625 (et
3762 5555 3839 5609 in

2172 5618 2388 5696 cortice
2437 5618 2808 5696 est‘litterze,
2864 5622 2959 5696 cui
3018 5618 3354 5696 opponitur,
3413 5624 3475 5679 τὸ
3526 5618 3835 5696 νοούμενον

2171 5709 2198 5735 ‹‹
2235 5689 2593 5773 quodmente
2624 5689 2998 5773 intelligitur.
3035 5689 3073 5743 ›ἷ
3098 5689 3262 5773 N_ih_il
3297 5689 3393 5773 hic
3421 5697 3494 5773 de
3523 5689 3780 5773 pictura.

2239 5758 2349 5829 (15)
2392 5760 2507 5836 ’Τὸν
2555 5764 2770 5836 θεατήν.
2818 5758 2963 5836 Reg.
3015 5781 3073 5836 q,
3121 5766 3279 5824 Colb.
3338 5767 3393 5836 3,
3435 5772 3494 5825 et
3523 5758 3695 5827 Pass.
3728 5767 3837 5823 τὸν

2167 5829 2459 5907 ἀκροατήν,
2493 5856 2521 5883 ε(
2554 5829 2879 5894 auditorem
2894 5829 2974 5897 ,νη
