4202 6212
420 403 539 462 655

1669 398 1733 454 S.
1783 390 2149 453 GliEG’Hill
2204 389 2597 454 THEOLOGI

3719 394 3829 459 656

412 534 679 590 turbetur
710 548 723 588 :
760 531 880 587 sive
911 528 1070 585 aliud
1103 528 1389 602 quiddam
1420 527 1513 583 bis
1544 528 1865 584 absurdius
1899 543 2061 583 exco-

2182 525 2268 579 κᾶν
2304 526 2353 579 οἱ
2385 525 2610 595 ποιηταὶ
2664 525 2796 599 μετὰ
2841 531 2949 581 τῶν
3001 526 3211 603 μέτρων
3262 525 3419 582 αὐτὸν
3470 525 3829 601 κολακεύωσι,

417 624 585 695 gites.
613 622 765 689 Jam,
800 620 933 692 quis
965 619 1359 675 admirandus
1388 618 1550 675 Jovis
1582 617 1764 685 illius,
1799 635 1863 673 ac
1888 633 2062 672 vene-

417 710 610 766 randa:
629 708 880 765 Junonis
904 725 1277 781 congressus,
1306 725 1440 764 cum
1466 708 1572 765 hoc
1594 708 1722 779 ipsa
1742 706 1793 763 ei
1824 723 2064 778 persua-

417 800 530 864 det,
565 802 630 853 ut
672 798 863 853 medio
907 798 1035 870 ipso
1079 799 1170 852 die
1204 799 1465 853 obscene
1498 797 1579 852 rei
1612 798 1774 852 daret
1805 812 2065 868 operam,

417 892 716 958 utcunque
747 891 927 958 poetae
959 888 1323 943 carminibus
1355 888 1479 943 suis
1522 887 1633 959 ipsi
1665 885 2064 953 blandiantur,

418 976 604 1031 lotum
655 976 953 1032 roscidum
1002 977 1467 1046 substernentes,
1519 980 1577 1032 et
1625 992 1859 1031 crocum
1892 978 2066 1046 atque

419 1065 801 1137 hyacinthum
863 1083 891 1121 e
949 1072 1105 1121 terra
1154 1065 1586 1137 producentes?
1632 1065 1795 1120 Unde
1840 1064 1979 1132 haec,
2013 1068 2070 1119 et

421 1172 547 1227 quae
570 1154 793 1211 haerum
823 1160 912 1211 est
935 1154 1080 1212 ratio
1097 1155 1123 1209 ?
1146 1156 1267 1220 Quo
1292 1156 1467 1211 etiam
1492 1159 1659 1227 pacto
1679 1158 1871 1209 vestra
1890 1154 2065 1221 Juno,

419 1244 522 1300 illa
552 1244 753 1317 magni
772 1244 931 1301 Jovis
963 1262 1128 1301 soror
1158 1250 1214 1300 et
1240 1247 1474 1316 conjux,
1498 1244 1599 1299 illa
1630 1242 1903 1299 ulnarum
1932 1259 2067 1299 can-

419 1335 577 1405 dore,
611 1334 912 1406 roseisque
942 1334 1145 1406 digitis
1176 1333 1447 1406 insignis,
1482 1349 1637 1387 nunc
1676 1333 1735 1387 in
1767 1332 1980 1387 aethere
2012 1336 2069 1387 et

418 1423 676 1478 nubibus
710 1424 943 1495 pendet,
978 1423 1298 1495 ferreisque
1339 1421 1655 1477 incudibus
1687 1420 2064 1493 deprimitur,

416 1512 725 1584 aureisque
755 1512 1005 1568 manicis
1033 1512 1306 1579 vincitur,
1332 1512 1476 1567 adeo
1503 1518 1567 1566 ut
1599 1526 1670 1566 ne
1693 1510 1805 1565 diis
1826 1508 2063 1580 quidem

413 1600 647 1657 veniam
675 1601 725 1655 ei
748 1618 782 1655 θ.
801 1601 939 1658 Jove
960 1601 1277 1673 impetrare
1300 1596 2071 1670 contendentibus,periculi

415 1706 624 1761 expers
672 1689 1017 1761 hujusmodi
1048 1690 1388 1746 humanitas
1429 1693 1584 1745 esset
1617 1706 1629 1743 :
1688 1705 1843 1743 nunc
1873 1691 2069 1743 autem

414 1780 756 1836 universum
808 1796 1074 1835 amorum
1128 1784 1354 1836 cestum
1415 1777 1683 1845 assumit,
1734 1777 2068 1848 lascivoque

415 1875 625 1924 ornatu
646 1870 845 1925 Jovem
866 1869 949 1926 ita
975 1868 1175 1937 allicit,
1204 1874 1268 1924 ut
1298 1869 1424 1940 ipse
1447 1885 1681 1941 quoque
1702 1883 1907 1923 omnes
1930 1883 2067 1922 suos

417 1958 681 2013 omnium
702 1958 1057 2015 feminarum
1078 1975 1308 2015 amores
1326 1958 1435 2014 hoc
1453 1976 1568 2013 uno
1588 1956 1786 2013 multis
1804 1956 2070 2029 partibus

416 2052 721 2108 inferiores
739 2068 867 2109 esse
884 2052 1266 2108 conﬁteatur?
1284 2052 1424 2117 Quis
1443 2055 1721 2123 praeterea
1739 2050 1831 2105 hic
1850 2054 2064 2116 metus,

419 2156 490 2194 ne
521 2140 634 2196 diis
677 2157 781 2212 pro
819 2144 1045 2197 Lacseno
1078 2145 1271 2197 scorto
1302 2141 1583 2207 incitatis,
1619 2138 1881 2211 oculoque
1912 2140 2064 2193 into-

418 2233 613 2298 nante,
646 2233 811 2285 terra:
843 2230 1080 2301 quidem
1114 2231 1281 2286 sedes
1313 2235 1643 2301 rumpatur,
1678 2244 1837 2284 mare
1869 2232 2063 2284 autem

418 2319 760 2390 invertatur,
812 2323 867 2373 et
916 2319 1044 2374 Orci
1100 2320 1260 2391 regia
1312 2320 1569 2391 pateﬁat,
1614 2322 1787 2389 atque
1816 2333 1901 2386 ea,
1938 2334 2064 2388 quas

417 2407 697 2464 diuturno
729 2412 993 2480 tempore
1021 2408 1250 2464 obtecta
1282 2409 1533 2478 fuerant,
1566 2409 1625 2462 in
1672 2410 1936 2477 apertum
1967 2422 2066 2461 ve-

416 2497 621 2552 niant?
648 2496 789 2561 Quis
819 2514 989 2567 porro
1020 2496 1118 2553 ille
1151 2498 1451 2570 nigrorum
1486 2496 1933 2569 superciliorum
1956 2512 2064 2549 nu-

416 2590 534 2651 tus,
586 2590 644 2641 ct
702 2586 1036 2642 divinorum
1096 2586 1346 2643 crinium
1398 2586 1710 2642 commotio
1764 2584 2063 2656 olympum

412 2680 604 2731 totum
627 2675 966 2731 concutiens
985 2675 1012 2729 ?
1044 2675 1184 2741 Quis
1207 2676 1383 2732 etiam
1408 2676 1560 2733 Mars
1584 2675 1681 2731 ille
1702 2674 2060 2742 vulneratus,

417 2768 518 2819 aut
547 2781 704 2821 innec
737 2782 965 2822 carcere
999 2766 1364 2823 conclusus?
1416 2766 1533 2834 ille,
1576 2767 1840 2838 inquam,
1876 2782 2062 2820 aureae

2175 613 2349 669 λωτὸν
2421 616 2882 692 ὑπυστρωννύντες
2959 616 3243 691 ἑρσήεντα,
3312 616 3399 672 xui
3456 616 3651 695 κρόκον
3711 620 3829 674 ἀνα-

2174 704 2396 780 φύοντες
2450 703 2508 759 ἐκ
2559 708 2658 773 τῆς
2708 712 2814 781 γῆς
2852 706 2941 760 καὶ
2975 706 3262 775 ὑάκινθον;
3297 706 3461 764 Πόθεν
3492 712 3683 778 ταῦτα,
3742 710 3829 762 xui

2173 793 2257 855 τίς
2283 793 2488 847 τούτων
2523 794 2549 847 ὁ
2583 792 2785 870 λόγος;
2820 799 2942 857 Πῶς
2974 793 3030 849 δὲ
3076 798 3110 866 ἡ
3164 795 3299 865 αύτὴ
3347 797 3463 851 καθ’
3498 797 3637 870 ὑμᾶς
3666 800 3827 871 “Ηρα,

2174 884 2208 951 ἡ
2254 887 2349 937 τοῦ
2383 885 2490 955 (30)
2541 883 2781 959 μεγάλου
2832 886 2954 947 Διὸς
3006 883 3212 963 ἀδελφή
3257 886 3347 940 καὶ
3394 886 3690 961 ὁμόζυγος,
3742 892 3826 941 νῦν

2180 973 2272 1043 μὲν
2306 971 2356 1025 ἐν
2389 972 2559 1048 αἷθὲρι
2607 973 2695 1027 xui
2744 973 2994 1051 νεφέλαις
3037 976 3375 1049 κρεμαμένη,
3436 976 3524 1031 καὶ
3574 973 3822 1052 σιδηροῖς

2177 1058 2373 1134 ἅκμοσι
2422 1062 2820 1135 καθελκομὲνη,
2870 1064 2959 1119 xui
3002 1070 3231 1141 χρυσαῖς
3292 1064 3580 1137 τιμωμένη
3635 1086 3821 1141 χειρο-

2176 1148 2384 1222 πέδαις,
2418 1154 2452 1221 ἡ
2505 1150 2839 1215 λευκώλενός
2887 1175 2944 1208 τε
2997 1154 3084 1208 καὶ
3119 1151 3544 1230 ῥοδοδάκτυλος,
3578 1155 3654 1217 ὡς
3691 1154 3825 1228 μηδὲ

2173 1246 2292 1304 τοῖς
2339 1232 2711 1317 παραιτεῖσθαι
2768 1242 3125 1319 βουλομένοις
3176 1248 3283 1299 τῶν
3337 1248 3469 1308 θεῶν
3552 1242 3826 1299 ἀκίνδυνον

2177 1330 2308 1385 εἶναι
2336 1332 2433 1399 τήν
2468 1329 2876 1408 φιλανθρωπίαν
2903 1352 2915 1364 ·
2947 1336 3034 1387 νῦν
3069 1330 3126 1387 δὲ
3156 1332 3285 1389 ὅλον
3313 1334 3403 1388 τὸν
3459 1336 3567 1388 τῶν
3616 1332 3828 1407 ἐρώτων

2175 1421 2359 1474 κεστὸν
2393 1418 2472 1498 ἐφ’
2499 1421 2689 1489 ἑαυτὴν
2722 1423 2835 1495 (31)
2860 1419 3092 1476 ἕλκουσα
3122 1419 3209 1476 διὰ
3248 1426 3355 1477 τῶν
3404 1424 3543 1498 πρὸς
3593 1423 3683 1477 τὸν
3740 1423 3832 1477 Δία

2174 1507 2681 1581 καλλωπισμάτων,
2732 1511 2805 1572 ὡς
2851 1510 2940 1566 xui
2985 1510 3183 1573 πάντας
3233 1511 3821 1589 ὁμολογεῖσθαισύτῷ

2175 1598 2301 1660 τοὺς
2333 1597 2418 1653 ἐπὶ
2450 1600 2645 1661 πάσαις
2667 1598 2870 1672 ἔρωτας
2921 1601 3036 1663 ἑνὸς
3054 1600 3250 1656 τούτου
3272 1600 3563 1676 παραπολὺ
3585 1602 3695 1674 (32)
3722 1600 3824 1655 λει-

2175 1687 2447 1761 πομένους
2472 1707 2484 1757 ;
2514 1688 2605 1750 Τίς
2637 1685 2702 1743 δα
2734 1690 2760 1743 6
2792 1684 2981 1766 φόϐος,
3019 1691 3093 1763 μὴ
3132 1694 3239 1745 τῶν
3297 1692 3431 1745 θεῶν
3491 1691 3821 1762 κινουμένων

2179 1778 2310 1853 ὑπὲρ
2386 1785 2485 1846 τῆς
2566 1778 2839 1848 Λακαίνης
2923 1776 3192 1854 μοιχάδος
3265 1782 3402 1853 (33),
3460 1779 3549 1835 xui
3608 1780 3830 1855 ούρανοῦ

2178 1866 2535 1936 σαλπίζοντος
2567 1870 2699 1939 (34),
2732 1866 2983 1943 ἀναῤῥμῇ
3022 1868 3115 1941 μὲν
3151 1875 3253 1943 γῆς
3292 1864 3440 1944 ἕδρα,
3478 1870 3824 1943 μεθαρμοσθῇ

2179 1954 2235 2011 δὲ
2279 1954 2539 2029 θάλασσα,
2594 1953 2927 2031 δηποσιευθῇ
2979 1954 3035 2011 δὲ
3081 1954 3210 2027 ᾃδου
3267 1957 3534 2033 βασίλεια,
3596 1956 3683 2011 xui
3754 1958 3828 2019 εἰς

2176 2045 2482 2122 τούμφανὲς
2540 2043 2669 2118 ἔλθῃ
2722 2045 2789 2100 τὰ
2844 2050 2923 2117 τῷ
2975 2046 3166 2123 μακρῷ
3224 2046 3412 2122 χρόνῳ
3474 2045 3823 2120 κεκαλυμμὲ-

2174 2156 2239 2189 να
2449 2135 2539 2197 Τίς
2571 2132 2627 2188 δὲ
2668 2136 2702 2203 ἡ
2731 2139 2837 2189 τῶν
2876 2134 3108 2189 κυανέων
3143 2135 3357 2212 ὀφρύων
3410 2134 3697 2205 ἐπίνευσις,
3738 2138 3825 2190 xui

2174 2228 2209 2294 ἡ
2240 2230 2343 2279 τῶν
2378 2219 2692 2299 ἀμϐροσίων
2721 2229 2928 2299 τριχῶν
2981 2224 3315 2300 στγκίνησις,
3376 2223 3432 2279 ὅ)
3448 2246 3505 2280 ον
3539 2224 3821 2298 Ὄλυμπον

2174 2313 2526 2369 κατασείουσα
2567 2315 2717 2387 (36);
2766 2312 2857 2375 Τίς
2905 2310 2961 2367 δὲ
3009 2314 3037 2367 6
3082 2313 3516 2389 τιτρωσκόμενος
3566 2316 3764 2390 Ἀρης,
3796 2317 3828 2383 ἣ

2175 2400 2371 2477 χαλκῷ
2417 2408 2640 2477 κεράμῳ
2669 2401 3125 2477 κατακλειόμενος
3154 2424 3166 2474 ;
3200 2404 3227 2457 ὁ
3254 2410 3359 2473 τῆς
3388 2406 3596 2479 χρυσῆς
3626 2405 3828 2481 ’Δφρο-

2176 2490 2326 2561 δίτης
2383 2493 2555 2569 ἀφυὴς
2606 2491 2849 2567 ἐραστὴς,
2902 2492 2991 2547 καὶ
3055 2493 3255 2568 μοιχὸς
3286 2493 3680 2570 ’ἀπερίσκεπτος
3737 2494 3827 2547 καὶ

2172 2581 2250 2654 τῷ
2296 2583 2685 2659 Ἀμφιγυήεντι
2734 2585 2846 2655 (37)
2886 2582 3280 2659 κρατούμενος,
3327 2582 3416 2637 xui
3471 2584 3689 2658 θέατρον
3723 2588 3829 2637 τῶν

2175 2676 2307 2734 θεῶν
2343 2669 2423 2748 ἐφ’
2478 2671 2652 2743 ἑαυτῷ
2696 2670 2973 2748 συλλέγων
3012 2672 3449 2748 ἀσχημονοῦντι,
3480 2674 3570 2728 καὶ
3606 2678 3826 2749 μικροῖς

2173 2762 2452 2837 ’χρήμασιν
2487 2761 2817 2837 ἀφιὲμενοςς
3332 2778 3338 2783 ’

415 2854 658 2911 Veneris
688 2853 964 2927 illepidus
992 2861 1239 2928 amator,
1282 2855 1627 2927 adulterque
1678 2854 1918 2910 minime
1968 2854 2450 2923 circumspectus,
2501 2855 2678 2922 atque
2727 2868 2760 2906 a
2808 2850 3063 2924 loripede
3110 2852 3371 2909 Vulcano
3426 2855 3725 2925 correptus
3774 2857 3831 2907 et

418 2943 793 3010 constrictus,
827 2946 1190 3017 deorumque
1220 2946 1515 3002 theatrum
1566 2945 1636 3001 ob
1689 2943 2115 3018 turpitudinem
2167 2957 2333 2997 suam
2385 2946 2441 2996 et
2488 2941 2906 2998 obscenitatem
2948 2941 3249 3014 colligens,
3284 2942 3610 3016 exiguoque
3644 2942 3830 3015 pretio

422 3030 707 3090 dimissus
735 3034 764 3089 ?

494 3122 706 3179 CXVII.
752 3126 895 3179 Cum
949 3124 1070 3180 haec
1121 3125 1340 3195 omnia,
1391 3129 1565 3197 atque
1613 3124 1707 3181 his
1756 3123 1944 3196 plura,
1993 3124 2075 3179 ita
2105 3139 2147 3207 ρ

425 3211 571 3267 scite
602 3216 660 3269 et
688 3212 847 3269 varie
872 3214 1198 3286 composita
1226 3218 1402 3285 atque
1433 3231 1676 3285 prorsus
1710 3214 1990 3268 inusitata
2011 3228 2073 3267 se

425 3301 702 3369 habeant,
719 3301 853 3372 quis
874 3304 1028 3375 apud
1056 3306 1206 3359 vosl
1222 3305 1322 3359 43
1345 3304 1424 3359 ita
1446 3320 1697 3376 magnus
1720 3306 1777 3357 et
1800 3301 2073 3358 sublimis

425 3393 535 3460 est,
566 3406 631 3444 ac
652 3405 783 3445 vere
803 3390 928 3447 Jovi
960 3390 1203 3447 consilio
1233 3408 1357 3463 par,
1382 3397 1468 3463 ut,
1493 3409 1672 3464 supra
1703 3392 1889 3447 nubes
1911 3390 2071 3446 elatae

422 3478 965 3550 contemplationis,
999 3482 1328 3553 mentisque
1358 3486 1569 3537 nostra:
1600 3484 1837 3551 captum
1869 3486 1925 3535 et
1955 3497 2073 3535 mo-

420 3566 628 3623 dulum
665 3570 998 3640 superantis
1030 3570 1378 3639 rationibus,
1411 3588 1474 3626 ea
1506 3570 1752 3625 honesta
1781 3574 1835 3625 et
1866 3569 2075 3625 decora

420 3656 664 3713 reddere
694 3658 882 3729 possit
908 3658 934 3711 ?
973 3663 1040 3714 Et
1070 3659 1332 3730 quidem,
1368 3660 1417 3715 si
1448 3660 1570 3715 haec
1600 3676 1734 3715 vera
1765 3663 1921 3727 sunt,
1957 3676 2071 3714 non

421 3746 770 3803 erubescant
798 3746 907 3816 illi,
931 3749 1031 3804 sed
1066 3749 1261 3820 potius
1293 3748 1635 3821 glorientur,
1660 3753 1761 3804 aut
1791 3765 1858 3805 ea
1886 3749 2072 3820 turpi-

422 3835 625 3891 tudine
656 3852 850 3893 carere
882 3837 1146 3908 probent.
1183 3837 1333 3902 Quid
1364 3840 1521 3894 enim
1553 3855 1791 3894 necesse
1840 3843 1927 3894 est
1974 3854 2072 3893 eos

422 3926 495 3979 ad
516 3924 1093 3997 fabulam,tanquam
1114 3928 1184 3982 ad
1203 3927 1583 3999 turpitudinis
1602 3928 2070 4000 integumentum

421 4014 724 4086 perfugere
744 4015 771 4068 ‘2
802 4015 1003 4088 Neque
1026 4016 1183 4072 enim
1207 4018 1657 4088 praeﬁdentium,
1686 4018 1787 4073 sed
1812 4021 2073 4072 metuen—

420 4103 570 4157 tium
593 4119 659 4157 ac
680 4107 846 4176 terga
868 4106 1220 4161 vertentium
1245 4112 1336 4162 est
1358 4106 1574 4163 fabula.
1598 4106 1655 4161 Si
1678 4112 1874 4162 autem
1901 4105 2067 4174 falsa,

421 4188 678 4261 primum
694 4193 883 4248 nudos
896 4193 1196 4267 theologos
1212 4195 1381 4251 nobis
1398 4196 1731 4260 ostendant,
1750 4199 1813 4248 ut
1826 4212 1957 4249 cum
1976 4194 2070 4250 his

418 4277 880 4348 disputationem
904 4281 1195 4338 ineamus.
1222 4284 1439 4339 Deinde
1462 4285 1681 4350 dicant,
1704 4299 1896 4337 annon
1927 4282 2070 4338 stul-

418 4371 547 4422 tum
578 4366 676 4438 sit,
708 4368 926 4439 quibus
982 4377 1047 4426 ut
1095 4372 1245 4427 ﬁctis
1286 4378 1342 4427 et
1380 4372 1662 4427 fabulosis
1694 4372 2066 4438 erubescunt,

417 4456 651 4523 iisdem,
676 4460 741 4512 ut
771 4458 981 4529 ﬁrmis,
1007 4477 1135 4517 sese
1158 4462 1383 4532 jactare
1407 4478 1418 4527 ;
1454 4464 1509 4515 ct
1538 4477 1666 4531 quae
1698 4460 2066 4516 multitudini

417 4545 668 4600 obscura
695 4549 871 4618 atque
900 4548 1197 4622 incognita
1227 4566 1354 4605 esse
1385 4548 1737 4620 potuissent,
1763 4565 1877 4604 non
1909 4550 2066 4605 enim

416 4634 682 4691 omnium
711 4640 802 4693 est
830 4638 1102 4706 eruditio,
1139 4638 1282 4704 haec,
1314 4642 1440 4693 tum
1471 4654 1575 4710 per
1604 4638 1902 4710 ﬁgmenta,
1937 4641 2065 4694 tum

485 4895 773 4972 (30)_”Hpu
804 4896 870 4972 ﬂ
898 4898 1014 4972 τος).
1068 4896 1387 4972 Sicuitlont.
1432 4894 1556 4951 Bill.
1590 4895 1751 4952 Pass.
1784 4899 1843 4952 et
1873 4896 2062 4952 caeteri

415 4984 556 5024 mss.
581 4966 762 5026 Deest
790 4968 823 5037 ἡ
857 4969 918 5024 in
948 4969 1074 5024 Par.
1110 4966 1248 5024 edit.

622 5040 737 5116 Ἐφ’
778 5040 1191 5116 ἑαυτῄνζΗοζν.
1227 5038 1307 5115 ἐφ’
1336 5038 1551 5116 εαυτῆς.

482 5106 593 5185 (32)
626 5106 945 5185 ῌάρᾳπολύ.
978 5112 1242 5185 Plerique
1267 5106 1701 5185 'codioeshrrupu
1732 5106 1897 5185 πολύ.

482 5175 596 5253 (33)
654 5175 810 5257 Ὑπὲρ
858 5190 958 5257 τῆς
1009 5175 1309 5257 Λακᾷίνης-
1348 5175 1644 5257 μνιχάϐοςξ
1702 5206 1756 5257 «-
1792 5183 1898 5257 Pro
1956 5181 2061 5236 La-

412 5270 568 5379 caatno
599 5254 812 5311 scorto.
846 5279 868 5307 υ
908 5256 987 5312 De
1018 5255 1236 5328 Argivae
1266 5254 1492 5311 Helena:
1525 5258 1693 5326 raptu
1744 5254 1839 5310 hic
1870 5270 2061 5310 sermo

417 5342 478 5379 es
515 5366 527 5379 .

417 5342 527 5381 εει.

482 5396 595 5465 (34)
628 5392 1021 5465 Σαλπίζοντος.
1075 5421 1102 5447 ι(
1139 5398 1315 5463 Quasi
1358 5398 1502 5452 tuba
1534 5396 1765 5465 signum
1801 5398 1992 5451 dante.
2033 5419 2059 5445 ››

482 5469 594 5607 (36)
626 5465 1039 5540 Κεκαλυμμὲνα.
1075 5470 1213 5542 Reg.
1250 5471 1293 5537 Ι,
1323 5464 1833 5540 συγκεκαλυμμὲνα.

504 5540 591 5605 36)
624 5540 1004 5596 Κατασείουσα,
1037 5541 1200 5597 Pass.
1234 5538 1640 5594 κατασείσουσα.

504 5538 591 5605 36)
624 5538 1004 5596 Κατασείουσα,
1037 5538 1200 5597 Pass.
1234 5538 1640 5594 κατασείσουσα.

479 5611 591 5687 (37)
624 5611 1232 5687 ἈμξιγυῄεντιηΡειξε.
1276 5609 1572 5687 ἀμφιγύτ,ῖ.
1609 5611 1747 5687 Reg.
1783 5611 1903 5680 bm,
1952 5609 2058 5680 ἀμ-

410 5680 816 5761 φιγὲἤίεξᾏῖίίέ
848 5680 1401 5761 ἀμφῖίύεινάμφιγφῗν
1434 5680 1723 5761 seruuli»

484 5756 595 5851 (38)
624 5754 711 5817 Τίς
746 5754 949 5819 οὕτως’
972 5754 1106 5829 Reg.
1139 5754 1259 5830 bin,
1290 5754 1371 5820 τίς
1404 5754 1582 5817 οὗτος.

2260 3121 2395 3176 ΡΙΖ’.
2429 3124 2602 3173 Ταῦτα
2648 3120 2822 3174 πάντα
2867 3117 2956 3174 xui
3001 3119 3183 3175 πλοιω
3218 3118 3426 3175 τούτων
3482 3120 3623 3175 οὒτώ
3654 3123 3833 3196 σοφῶς

2183 3209 2271 3263 καὶ
2304 3207 2667 3285 πολυτρόπως
2699 3208 3043 3285 συγκείμενα,
3099 3209 3187 3264 καὶ
3217 3207 3551 3264 παντάπασιν
3580 3208 3678 3279 ἔξω
3722 3213 3828 3263 τῶν

2182 3297 2604 3372 νενομισμένων,
2652 3298 2733 3360 τίς
2792 3298 2961 3359 οὕτως
3021 3300 3132 3371 (38)
3191 3297 3316 3371 ύμῖν
3362 3295 3575 3372 ὑψηλός
3626 3318 3681 3352 τε
3739 3296 3828 3350 καὶ

2188 3387 2375 3462 μέγας,
2435 3387 2522 3442 καὶ
2578 3383 2746 3449 ὅντως
2790 3388 2873 3441 Διὶ
2909 3390 3068 3460 μῆτιν
3122 3386 3437 3459 ἀτάλαντος,
3499 3388 3573 3449 ὡς
3627 3386 3701 3449 εἷς
3766 3387 3829 3441 τὸ

2183 3477 2441 3553 εὐπρεπὲς
2499 3477 2715 3552 ἀγαγεῖν
2775 3479 2882 3550 (39)
2942 3476 3131 3552 λόγοις
3186 3477 3414 3552 θεωρίας
3476 3476 3823 3553 ὑπεργεφοῦς,

2180 3566 2269 3621 καὶ
2328 3567 2459 3639 ὑπὲρ
2515 3567 2583 3621 τά
2638 3567 2877 3641 ἡμέτερα
2911 3568 3078 3639 μέτρα
3107 3572 3211 3634 τῆς
3257 3562 3615 3638 καταλήψεως
3668 3567 3824 3637 (4Ο);

2182 3656 2365 3710 Καίτοι
2395 3660 2562 3711 ταῦτα
2592 3655 2635 3709 εἰ
2672 3656 2765 3728 μὲν
2813 3655 3015 3724 ἀληθῆ,
3069 3655 3197 3726 μήτ’
3241 3654 3691 3729 αἰσχυνέσθωσαν,
3738 3655 3828 3708 καὶ

2181 3745 2693 3823 φιλοτιμείσθωσαν,
2743 3747 2799 3816 ἢ,
2832 3744 2915 3798 ὅτι
2951 3745 3025 3817 μὴ
3062 3743 3281 3819 αἰσχρὰ,
3315 3742 3640 3798 πειθέτωσαν
3665 3763 3679 3775 ⁸
3734 3744 3828 3801 Xui

2179 3836 2231 3889 τί
2292 3834 2371 3890 δεῖ
2426 3834 2771 3912 καταφεύγειν
2830 3832 3024 3894 αὐτοὺς
3086 3832 3174 3887 ἐπὶ
3233 3834 3324 3887 τὸν
3379 3835 3565 3905 μῦθον,
3601 3834 3675 3894 ὡς
3729 3841 3831 3901 τῆς

2181 3924 2449 4000 αἰσχύνης
2480 3925 2590 3997 (41)
2622 3922 3026 3998 συγκάλυμμα;
3062 3921 3122 3976 ού
3152 3921 3251 3998 γὰρ
3295 3921 3652 3998 θαρρούντων,
3700 3922 3831 3977 ἀλλ’

2183 4013 2618 4090 ὑποχωρούντων
2652 4013 2680 4066 6
2714 4014 2883 4085 μῦθος
2926 4014 3060 4085 (42)⁶
3102 4011 3145 4066 εἰ
3178 4008 3234 4065 δὲ
3265 4008 3454 4085 ψευδῆ,
3484 4015 3702 4087 πρῶτον
3736 4013 3831 4085 μὲν

2182 4099 2629 4157 ἐπιδεικνύτωᾶαν
2680 4103 2813 4173 ἡμῖν
2858 4121 2985 4162 τους
3044 4099 3282 4177 γυμνοὺς
3333 4098 3646 4176 θεολόγους,
3692 4099 3827 4174 ’ἶν’γῖ

2178 4188 2314 4263 πρὸς
2363 4187 2596 4251 ἐκείνους
2655 4191 2790 4262 ἡμῖν
2840 4189 2869 4242 6
2913 4186 3081 4263 λόγος
3109 4207 3122 4219 '
3157 4184 3339 4242 ἔπειτα
3369 4186 3672 4263 λεγέτωσαν
3705 4193 3829 4250 πῶς

2180 4280 2277 4334 οὐκ
2335 4279 2543 4351 εὔηθες,
2602 4279 2683 4340 οἷς
2740 4279 2812 4340 ὡς
2870 4280 3117 4351 μυθικοῖς
3149 4276 3499 4353 αἰσχύνονται
3531 4280 3662 4351 (43),
3696 4277 3833 4332 τού-

2175 4389 2290 4431 τοις
2323 4369 2396 4430 ὡς
2431 4368 2679 4444 ἰσχυροῖς
2711 4366 3146 4436 καλλωπίζεσθαι
3183 4385 3195 4399 ⁸
3228 4364 3319 4421 xui
3360 4367 3392 4421 ἃ
3418 4366 3545 4428 τοὺς
3576 4364 3829 4428 πολλοὺς

2178 4457 2451 4512 λανθάνειν
2515 4455 2729 4512 δυνατὸν
2793 4457 2883 4527 ἧν,
2935 4457 2997 4511 ού
3048 4456 3150 4531 γὰρ
3198 4456 3411 4511 πάντων
3460 4458 3495 4526 ἡ
3528 4453 3830 4522 παίδευσις,

2173 4552 2339 4602 ταῦτα
2396 4544 2739 4620 δημοσιεύειν
2796 4551 2917 4608 ταῖς
2988 4544 3232 4601 ἀπάντων
3307 4540 3489 4618 ὄψεσιν
3566 4544 3618 4599 ὲν
3689 4542 3835 4599 πλά-

2176 4633 2477 4708 σμασί(44)
2508 4655 2566 4689 τε
2613 4635 2702 4689 καὶ
2751 4636 3022 4708 σχήμασι,
3078 4634 3166 4688 xui
3222 4632 3286 4689 τὸ
3337 4630 3662 4706 δεινότατον,
3713 4636 3840 4707 μεθ’

2242 4895 2359 4970 (39)
2388 4892 2482 4970 Εἷς
2528 4891 2591 4946 τὸ
2638 4892 2901 4970 εὐπρεπὲς
2956 4893 3195 4970 ἀγαγεῖνἶ
3222 4916 3251 4944 ‹‹
3286 4892 3359 4950 Ut
3388 4910 3456 4950 ea
3487 4894 3556 4951 ad
3591 4895 3833 4952 honesti

2172 4984 2237 5024 ac
2270 4965 2753 5039 decorispeciem
2778 4965 3013 5039 trahere
3039 4965 3249 5039 possit.
3281 4989 3308 5016 ››

2219 5040 2356 5149 Α,(40)
2407 5034 2585 5112 Μέτρα
2629 5044 2730 5106 τῆς
2782 5034 3163 5111 καταλήψεως.
3232 5040 3397 5095 Pass.
3462 5034 3828 5111 καταλήψεως

2220 5128 2391 5162 ετοον.

2176 5131 2682 5269 ᾎῖσχύνης.
2716 5180 2852 5253 Reg.
2886 5181 2987 5251 hu,
3022 5182 3136 5237 duo
3168 5181 3329 5237 Colb.
3361 5184 3417 5237 et
3441 5186 3606 5239 Pass.
3641 5181 3831 5257 ἀσχη-

2217 5270 2435 5320 οσυνης.

2175 5272 2436 5393 μοῖ4ἒ)η“ἓ
2480 5324 2668 5394 μῦθος.
2714 5324 2873 5379 Pass.
2906 5321 3044 5377 ἔστιν
3141 5327 3328 5394 μῦθος,
3361 5324 3519 5380 Colb.
3553 5324 3618 5391 h,
3664 5324 3694 5376 6
3730 5326 3833 5395 μῦ-

2172 5395 2259 5457 θός
2296 5395 2457 5451 ἐστιν.
2482 5392 2554 5450 1η
2586 5396 2718 5452 aliis
2748 5397 3064 5465 omittitur,
3097 5392 3257 5465 ἐστίν,
3290 5395 3377 5452 vel
3410 5396 3689 5452 scribitur
3717 5392 3830 5452 an-

2171 5473 2250 5533 te,
2276 5474 2376 5522 aut
2408 5474 2557 5538 post,
2594 5468 2621 5519 ὁ
2655 5467 2839 5538 μῦθος.

2241 5540 2348 5612 (43)
2383 5537 2763 5612 Ᾱὶσχύνονται.
2800 5543 2883 5593 Ita
2915 5538 3171 5595 melioris
3203 5544 3353 5596 nota:
3381 5539 3629 5595 codices.
3664 5538 3826 5596 Edit.

2170 5606 2552 5682 αἰσχύνωνται.

2241 5678 2351 5751 (liii)
2384 5678 2693 5753 Πλάσμασι,
2727 5685 2834 5736 etc.
2868 5681 3070 5736 Comb.
3094 5681 3312 5753 vertit:
3349 5710 3374 5729 «ι
3416 5696 3520 5753 per
3569 5680 3833 5739 simula-

2169 5768 2267 5808 cra
2296 5757 2346 5809 et
2383 5752 2731 5812 cerimonias
2763 5758 2818 5811 et
2861 5752 3354 5827 gesticulationes.
3391 5776 3419 5805 ››
