4202 6212
344 393 466 453 65⁵7
1334 395 1624 456 ORATIO
1674 396 1775 456 IV.
1811 428 1887 440 —
1918 397 1977 456 Ct

2093 399 2230 457 [‘RA
2271 399 2672 462 JULIANUM
2719 401 2765 461 Ι.

346 521 482 591 ’ὸσης
508 523 609 590 τῆς
643 519 721 583 εἷς
754 523 1018 598 χρήματα
1042 525 1262 596 ζημίας,
1287 519 1338 578 ἔν
1369 545 1428 579 τε
1455 530 1606 588 ναοῖς
1635 526 1725 580 καὶ
1760 526 1977 602 βωμοῖς

2109 545 2209 600 per
2258 529 2497 600 ﬁguras,
2533 532 2604 587 ob
2658 532 2924 588 omnium
2977 533 3178 589 oculos
3224 550 3461 607 ponere,
3493 537 3768 609 quodque

346 611 436 665 καὶ
493 607 748 686 ξδρύμασι
799 613 944 684 (45),
994 613 1083 667 καὶ
1128 612 1452 686 ἀναθήμασι,
1500 615 1589 670 καὶ
1639 615 1846 678 θυσίαις
1897 637 1997 670 που

347 697 724 772 λυταλάντοις,
774 699 864 755 καὶ
914 701 1167 774 ἀζημίως
1222 706 1334 778 (46)
1385 702 1500 758 ἐνὸν
1553 699 1786 759 εὐσεϐεῖν
1811 750 1830 778 ,
1875 705 1994 760 ἀσε-

346 783 459 844 ϐεῖν
489 789 758 867 αἱρεῖσθαι
792 791 925 863 μετὰ
957 789 1156 865 ζημίας
1187 811 1200 862 ;

416 1058 559 1113 ΡΙΗ’.
617 1058 681 1111 Εἰ
741 1055 798 1112 δὲ
870 1055 1038 1112 ταῦτα
1098 1057 1192 1130 μὲν
1249 1062 1487 1124 ποιητῶν
1566 1059 1698 1113 εἴναι
1757 1061 1989 1136 φήσουσι

337 1146 636 1220 πλάσματα
681 1145 769 1200 καὶ
811 1145 1130 1223 ληρήματα,
1165 1146 1260 1202 δύο
1293 1148 1507 1210 τούτοις
1539 1151 1988 1224 προσχρωμένων

344 1236 418 1298 εἷς
449 1235 511 1289 τὸ
541 1237 769 1310 τερπνὸν
814 1242 917 1305 τῆς
959 1238 1254 1307 ποιήσεως,
1312 1236 1492 1312 μέτρῳ
1538 1238 1628 1291 καὶ
1681 1237 1857 1310 μύθῳ,
1899 1238 1989 1292 καὶ

343 1327 456 1381 οἷον
485 1323 1026 1401 καταγλυκαινόντων
1052 1327 1269 1388 τούτοις
1316 1328 1414 1396 τήν
1461 1328 1650 1396 ἀκοὴν,
1704 1327 1886 1389 αὐτοῖς
1936 1326 1988 1382 δὲ

340 1412 777 1490 ἀπορῥητότερον
828 1413 960 1468 εἶναι
1007 1414 1097 1468 καὶ
1162 1414 1453 1490 βαθύτερον
1503 1416 1593 1469 τὸν
1645 1414 1988 1489 ἐναποκείμε-

335 1524 423 1557 νον
454 1501 667 1564 τούτοις
695 1501 844 1575 νοῦν,
896 1502 984 1558 καὶ
1034 1498 1285 1558 διαϐατὸν
1340 1501 1554 1579 ὀλίγοις
1599 1508 1705 1559 τῶν
1759 1507 1990 1583 σοφωτὲ-

337 1612 466 1669 ρων,
518 1596 793 1663 σκοπεῖτε,
827 1591 902 1655 ὠς
952 1589 1144 1656 ἁπλῶς
1189 1591 1279 1648 καὶ
1334 1590 1557 1654 δικαίως
1607 1594 1730 1666 περὶ
1777 1593 1983 1649 τούτων

335 1679 441 1757 ἐγὼ
473 1678 813 1755 διαλέξομαι.
861 1684 1086 1756 Πρῶτον
1136 1683 1229 1755 μὲν
1280 1686 1399 1744 πῶς
1448 1680 1725 1736 ἐπαινοῦσι
1755 1681 1880 1745 τοὺς
1910 1684 1982 1737 ὧν

334 1765 582 1825 σέϐουσιν
645 1765 898 1847 ὑϐριστὰς
954 1773 1118 1844 (47),
1176 1770 1265 1826 καὶ
1343 1772 1538 1846 μικροῦ
1595 1776 1703 1826 τῶν
1765 1772 1986 1827 ἰσοθέων

336 1859 541 1931 ἀξιοῦσι
581 1863 787 1933 τιμῶν,
834 1860 919 1922 οἷς
965 1861 1027 1914 τὸ
1061 1861 1137 1933 μὴ
1187 1857 1371 1915 δοῦναι
1419 1858 1573 1931 δίκην
1602 1867 1700 1930 τῆς
1739 1857 1982 1925 ἀσεϐείας

334 1945 524 2024 κέρδος
569 1944 826 2024 αὔταρκες
868 1951 933 2019 ἧν
963 1969 976 2020 ;
1009 1948 1074 2004 Εἰ
1122 1949 1223 2026 γὰρ
1269 1955 1387 2012 τοῖς
1437 1949 1513 2012 εἷς
1561 1946 1652 2004 ἕνα
1699 1953 1813 2024 (48)
1863 1953 1978 2015 θεὸν

335 2038 508 2093 αὐτῶν
541 2036 631 2093 καὶ
673 2035 784 2109 ἰδίᾳ
829 2039 919 2094 καὶ
973 2037 1140 2113 μικρὰ
1187 2041 1298 2114 (49)
1351 2038 1776 2117 βλασφημήσασι
1821 2042 1980 2096 θάνα-

331 2149 423 2189 τος
521 2127 694 2200 ζημία
742 2129 855 2201 (50)
903 2129 1049 2204 παρά
1097 2131 1204 2182 τῶν
1254 2127 1458 2202 νόμων,
1504 2127 1558 2183 τί
1599 2129 1828 2206 πάσχειν
1872 2127 1979 2185 ἔδει

331 2216 456 2278 τοὺς
491 2223 648 2272 πᾶσιν
683 2218 825 2290 ὁμοῦ
859 2215 948 2271 καὶ
982 2213 1240 2289 δημοσίᾳ,
1272 2218 1363 2271 καὶ
1392 2216 1478 2272 ἐπὶ
1508 2222 1625 2280 τοῖς
1675 2217 1978 2294 αἷσχίστοις

322 2304 650 2383 ’ἐπαφιέντας
680 2307 780 2376 τήν
813 2305 1058 2377 ποίησιν,
1088 2305 1177 2360 καὶ
1213 2311 1404 2380 μακρῷ
1433 2305 1622 2382 χρόνῳ
1643 2304 1978 2383 παραδόντας

327 2396 426 2463 τήν
459 2392 755 2469 κωμῳδίαν
793 2397 1063 2466 ,Ἔπειτα
1107 2395 1196 2449 καὶ
1242 2400 1404 2450 τοῦτο
1453 2395 1753 2472 λογίζεσθαι
1807 2395 1974 2469 ἄξιονο

329 2483 430 2538 εἰσὶ
472 2483 559 2538 καὶ
607 2485 734 2557 παρ’
781 2486 918 2557 ἡμῖν
966 2485 1082 2539 κατ’
1125 2482 1407 2559 ἐπίκρυψιν
1461 2484 1622 2560 λόγοι
1668 2486 1831 2554 τινες,
1881 2485 1979 2540 οὒκ

325 2573 672 2648 ἀρνήσομαι,
725 2572 872 2628 ἀλλὰ
919 2573 1000 2636 τίς
1041 2573 1069 2628 6
1118 2574 1323 2650 τρόπος
1376 2576 1484 2647 (51)
1531 2573 1706 2629 αὐτῶν
1751 2582 1850 2644 τῆς
1903 2573 1978 2629 δι-

324 2662 528 2733 πλόης,
559 2662 650 2718 καὶ
679 2662 768 2728 τίς
796 2665 831 2733 ἡ
865 2661 1092 2736 δύναμις
1127 2683 1141 2734 ;
1175 2660 1313 2720 Ούτε
1341 2663 1404 2719 τὸ
1454 2664 1777 2742 φαινόμενον
1811 2665 1974 2742 ἀπρε-

324 2753 443 2824 πὲς,
493 2752 582 2806 καὶ
633 2753 697 2808 τὸ
745 2751 1114 2826 κρυπτόμενον
1164 2754 1461 2826 Θαυμάσιον
1512 2755 1620 2827 (52)
1661 2754 1749 2808 καὶ
1801 2755 1975 2831 ὑπὲρ·-

328 2841 581 2918 λαμπρον
611 2846 731 2903 τοῖς
763 2840 839 2904 εἰς
868 2843 930 2897 τὸ
968 2843 1132 2918 βάθος
1169 2841 1559 2918 εἰσαγομένοις,
1591 2844 1680 2897 καὶ
1713 2842 1893 2920 ὥσπερ
1922 2865 1975 2898 τι

325 2935 487 3005 σῶμα
513 2928 679 2987 καλὸν
712 2931 802 2986 καὶ
851 2931 1166 3009 ἀπρόσιτον,
1197 2932 1258 2986 ού
1307 2931 1487 3010 φαύλῃ
1535 2936 1603 3006 τῇ
1652 2931 1832 3003 ἐσθῆτι
1875 2954 1974 2988 πε-

325 3019 731 3095 ρικαλύπτεται*
795 3018 876 3076 δεῖ
929 3022 1052 3096 γὰρ,
1112 3020 1187 3082 ὡς
1245 3025 1373 3096 γοῦν
1425 3017 1613 3097 ἔμοιγε
1657 3019 1824 3092 δοκεῖ,
1869 3027 1970 3077 τῶν

2106 618 2516 689 gravissimum
2549 627 2787 691 est,non
2821 621 2946 676 sine
2979 624 3234 679 maximo
3266 625 3647 695 pecuniarum
3672 629 3767 685 de-

2103 704 2400 772 trimento,
2419 706 2475 759 in
2508 707 2764 778 templis,
2782 709 2924 777 aris,
2948 711 3182 779 statuis,
3205 711 3485 782 donariis,
3508 729 3574 768 ac
3596 731 3757 770 sum-

2102 794 2502 865 ptuosissimis
2529 797 2854 866 sacriﬁciis,
2879 814 3133 870 cumque
3165 799 3309 854 citra
3339 801 3422 855 rei
3453 801 3757 859 familiaris

2102 883 2477 954 dispendium
2523 885 2797 956 pietatem
2849 886 3036 942 colere
3084 886 3275 956 liceat,
3326 889 3576 961 impium
3627 908 3755 948 esse

2102 971 2274 1027 malle
2302 989 2434 1027 cum
2467 973 2816 1029 detrimento
2835 975 2862 1028 ‘?

2170 1062 2408 1118 CXVIII.
2444 1063 2610 1128 Quod
2655 1063 2706 1118 si
2738 1063 2993 1119 dixerint
3041 1064 3163 1119 haec
3197 1065 3437 1136 quidem
3485 1084 3613 1124 esse
3646 1071 3749 1142 ﬁg-

2101 1155 2300 1206 menta
2329 1155 2385 1206 et
2416 1156 2774 1224 nugamenta
2809 1156 3136 1224 poetarum,
3170 1154 3275 1224 qui
3305 1156 3421 1211 duo
3453 1155 3595 1225 hac,
3621 1175 3749 1214 car-

2100 1256 2231 1294 men
2265 1239 2489 1295 scilicet
2519 1245 2576 1295 et
2603 1240 2884 1308 fabulam,
2919 1241 2989 1296 ad
3022 1241 3448 1299 conciliandam
3478 1247 3636 1316 poesi
3651 1248 3751 1318 ju-

2097 1329 2480 1397 cunditatem,
2505 1329 2805 1400 adhibere,
2828 1333 3006 1401 atque
3027 1329 3100 1385 iis
3119 1347 3320 1386 aurem
3342 1333 3502 1388 velut
3522 1335 3750 1390 demul-

2097 1434 2224 1474 cere
2254 1417 2542 1473 volucrint
2571 1435 2584 1485 ;
2619 1423 2897 1473 caeterum
2944 1435 3081 1474 vero
3114 1418 3379 1475 altiorem
3411 1425 3469 1476 et
3516 1423 3752 1479 abstru-

2095 1505 2309 1562 siorem
2341 1504 2401 1560 in
2433 1506 2503 1561 iis
2533 1522 2776 1562 sensum
2807 1507 3172 1562 reconditum
3203 1524 3350 1576 esse,
3383 1512 3560 1580 atque
3590 1511 3750 1581 ejus-

2096 1595 2275 1666 modi,
2329 1599 2392 1650 ut
2440 1595 2866 1667 sapientiorum
2916 1597 3088 1667 pauci
3137 1597 3209 1652 ad
3257 1614 3391 1653 eum
3449 1603 3752 1670 penetrare

2096 1683 2326 1754 possint
2351 1701 2362 1739 :
2385 1685 2572 1740 videte
2598 1701 2779 1756 quam
2805 1685 3152 1756 simpliciter
3183 1689 3240 1742 et
3259 1702 3420 1759 aeque
3442 1687 3513 1744 de
3535 1688 3627 1744 his
3658 1708 3750 1746 re-

2095 1773 2205 1828 bus
2237 1773 2966 1842 disseram.Primum,cur
2993 1791 3092 1830 eos
3124 1775 3223 1847 qui
3247 1776 3371 1832 suis
3401 1777 3748 1834 numinibus

2093 1862 2480 1919 contumelias
2509 1864 2787 1934 inferunt,
2818 1863 3081 1932 laudant,
3105 1865 3435 1938 divinisque
3465 1883 3612 1938 pene
3645 1868 3747 1924 ho-

2093 1952 2334 2007 noribus
2351 1953 2863 2024 afﬁciunt,quibus
2883 1954 3206 2026 impietatis
3226 1972 3460 2026 poenam
3483 1973 3595 2012 non
3622 1975 3746 2030 per-

2090 2040 2313 2096 solvere
2344 2041 2488 2097 satis
2515 2047 2777 2113 amplum
2809 2042 3039 2098 lucrum
3071 2043 3242 2098 erat?
3274 2044 3419 2100 Nam
3451 2047 3501 2100 si
3531 2046 3589 2100 in
3622 2064 3741 2112 eos,

2089 2129 2189 2201 qui
2207 2146 2389 2185 unum
2405 2131 2742 2203 quempiam
2758 2132 3002 2187 deorum
3018 2149 3260 2188 suorum
3280 2134 3550 2205 privatim
3565 2137 3741 2191 etiam

2088 2235 2154 2274 ac
2187 2218 2296 2274 levi
2331 2219 2640 2276 maledicto
2670 2220 2984 2287 affecerint,
3017 2220 3105 2276 vel
3136 2221 3324 2278 multa
3352 2223 3440 2278 vel
3472 2225 3741 2294 capitalis

2088 2325 2256 2380 poena
2287 2307 2514 2381 legibus
2546 2309 2863 2364 constituta
2888 2309 2984 2374 sit,
3022 2326 3169 2380 quas
3199 2312 3436 2366 tandem
3470 2329 3570 2368 eos
3603 2330 3739 2384 pen-

2087 2398 2223 2453 dere
2252 2398 2573 2470 oportebat,
2605 2398 2706 2470 qui
2756 2399 2816 2453 in
2847 2415 3052 2454 omnes
3083 2398 3261 2454 simul
3309 2403 3368 2456 et
3400 2400 3650 2473 publice,
3684 2410 3740 2458 et

2087 2487 2158 2541 ob
2174 2486 2494 2542 fmdissima
2507 2487 2728 2559 ﬂagitia
2751 2487 2942 2558 poesis
2965 2504 3083 2542 suae
3105 2487 3333 2544 aculeos
3357 2488 3737 2556 strinxerunt,

2087 2581 2262 2648 atque
2290 2576 2441 2631 hanc
2471 2576 2815 2632 commdiam
2857 2575 3109 2646 posteris
3139 2577 3198 2630 in
3230 2576 3472 2650 longum
3504 2582 3739 2650 tempus

2084 2665 2496 2720 tradiderunt?
2525 2667 2676 2721 Tum
2724 2665 2833 2720 hoc
2865 2681 3100 2738 quoque
3150 2667 3520 2723 considerare
3551 2685 3737 2740 operas

2086 2755 2338 2827 pretium
2372 2755 2575 2811 fuerit:
2597 2759 2738 2812 sunt
2766 2755 2943 2811 etiam
2975 2756 3128 2826 apud
3163 2772 3270 2812 nos
3290 2756 3474 2812 abditi
3495 2757 3737 2830 quidam

2086 2849 2142 2900 et
2189 2843 2479 2917 allegorici
2531 2860 2851 2913 sermones,
2911 2859 3017 2898 nec
3069 2844 3126 2898 id
3175 2859 3481 2916 negavero,
3531 2862 3735 2902 verum
3825 2897 3833 2908 ,

2086 2950 2353 3006 quamam
2402 2933 2656 3005 duplicis
2703 2949 2906 2988 eorum
2939 2947 3148 2988 sensus
3177 2935 3267 2988 est
3314 2933 3481 3006 ratio,
3504 2938 3561 2989 et
3607 2952 3734 3006 qua:

2082 3024 2170 3078 vis
2201 3039 2265 3077 ac
2297 3026 2555 3094 potestas
2577 3023 2604 3075 ‘?
2628 3021 2742 3076 Nec
2762 3025 3000 3076 externa
3029 3021 3252 3093 species
3272 3021 3547 3078 indecora
3567 3028 3624 3079 et
3645 3023 3733 3078 in-

3651 407 3772 470 658

324 3110 481 3174 θείων
543 3109 685 3184 μηδὲ
737 3108 832 3172 τὰς
888 3106 1136 3180 ἐνδείξεις
1193 3112 1356 3182 (53),
1411 3111 1504 3164 καὶ
1559 3110 1656 3172 τὰς
1714 3112 1971 3190 ἐμφάσεις

2093 3112 2328 3168 honesta
2374 3116 2482 3178 est,
2523 3114 2579 3166 et
2623 3111 2779 3182 quod
2833 3113 2990 3166 144
3039 3110 3384 3180 occultatur,
3435 3112 3732 3169 admiran-

321 3199 580 3274 ἀπρεπεῖς
637 3201 770 3256 εἶναι
813 3201 903 3254 καὶ
951 3199 1170 3270 ἀναξίας
1218 3203 1324 3253 τῶν
1373 3197 1766 3273 δηλουμένων,
1831 3200 1972 3275 μηδὲ

2093 3203 2223 3257 ium
2254 3204 2362 3266 est,
2395 3200 2605 3272 iisque,
2623 3200 2724 3272 qui
2755 3199 2813 3254 in
2844 3199 3165 3271 penetralia
3190 3199 3319 3272 ipsa
3347 3201 3728 3273 inducuntur,

322 3288 460 3352 οἵαις
517 3289 576 3344 ἂν
625 3291 716 3344 καὶ
766 3292 880 3363 (54)
929 3285 1201 3363 ἅνθρωποι
1252 3287 1571 3364 λεγομέναις
1622 3291 1746 3366 περὶ
1794 3291 1968 3346 αὐτῶν

2093 3290 2228 3346 mire
2257 3281 2652 3362 splendidum,
2687 3305 2752 3344 ac
2783 3288 3162 3360 pulcherrimi
3194 3289 3382 3345 instar
3419 3291 3727 3360 cujusdam

320 3376 742 3453 δυσχεραίνοιεν·
794 3378 922 3434 ἀλλ’
964 3381 997 3448 ἣ
1045 3380 1106 3434 τὸ
1148 3377 1442 3434 κάλλιπον
1495 3380 1708 3441 πάντως
1739 3377 1907 3456 ἔχειν,

2093 3379 2340 3452 zorporis
2391 3378 2696 3446 inaccessi,
2730 3378 2889 3433 haud
2938 3378 3308 3449 aspernanda
3337 3383 3497 3434 veste
3532 3383 3737 3436 conte-

323 3469 400 3539 μή
429 3469 493 3522 τὸ
550 3465 973 3544 αἷ’σχιστον,’ίνα
1026 3469 1088 3522 τὸ
1152 3467 1245 3540 μὲν
1303 3467 1430 3530 τοὺς
1490 3469 1832 3547 σοφωτέρους
1883 3470 1970 3525 εὐ·-

2093 3471 2256 3543 ;itur.
2291 3469 2505 3524 Rerum
2557 3468 2714 3523 enim
2758 3467 3112 3536 divinarum,
3147 3484 3278 3523 mea
3332 3468 3572 3540 quidem
3604 3485 3737 3525 sen-

319 3556 538 3634 φραίνῃ,
569 3557 630 3612 τὸ
662 3554 718 3615 δὲ
747 3558 822 3630 μὴ
1007 3555 1224 3631 βλάπτῃ
1250 3555 1378 3619 τοὺς
1405 3554 1682 3619 πλείονας.

2093 3559 2284 3625 tentia,
2319 3575 2391 3613 ne
2439 3557 2823 3612 indicationes
2853 3557 3091 3628 quidem
3143 3558 3302 3629 ipsas
3350 3561 3733 3631 externasque

317 3648 547 3720 species
577 3647 920 3705 inhonestae
953 3664 1082 3704 esse
1110 3647 1401 3713 convenit,
1432 3648 1724 3721 rebusque
1772 3648 2119 3721 signiﬁcatis
2151 3647 2445 3717 indignas,
2478 3663 2545 3701 ac
2589 3646 2839 3716 denique
2869 3645 3036 3714 tales,
3084 3649 3149 3700 ut
3187 3645 3456 3703 homines
3501 3662 3735 3718 quoque

319 3737 433 3808 ipsi
465 3753 564 3793 eas
596 3737 665 3793 de
695 3754 758 3793 se
807 3736 1108 3809 praedicari
1139 3736 1492 3809 permoleste
1538 3737 1713 3792 laturi
1747 3738 1901 3806 sint;
1933 3754 2135 3794 verum
2165 3741 2267 3793 aut
2313 3736 2628 3791 maximam
2679 3735 2918 3791 omnino
2947 3735 3444 3807 pulchritudinem
3496 3735 3734 3806 habere,

320 3830 426 3881 aut
457 3829 610 3882 certe
639 3843 676 3882 a
703 3842 941 3882 summa
988 3824 1357 3898 turpitudine
1387 3826 1612 3897 abesse,
1647 3830 1711 3882 ut
1754 3826 1972 3898 partim
2022 3826 2370 3883 eruditiores
2421 3825 2730 3892 oblectent,
2764 3823 2980 3895 partim
3028 3822 3187 3894 vulgi
3226 3823 3456 3878 animos
3489 3822 3732 3878 minime

316 3913 691 3971 labefactent.

395 4005 532 4058 ΡΙΘ’.
575 4002 726 4076 Ὑμῖν
779 4001 837 4056 δὲ
875 3997 998 4056 οὔτε
1043 4000 1107 4056 τὸ
1156 4001 1449 4074 νοούμενον
1499 4001 1826 4075 ἀξιόπιστον,
1880 4004 1969 4058 καὶ

2151 4004 2334 4059 CXIX.
2366 4004 2535 4076 Apud
2565 4019 2666 4058 vos
2697 4006 2918 4068 contra,
2950 4017 3057 4057 nec
3088 4000 3243 4072 quod
3282 3998 3730 4072 intelligendum

315 4093 380 4146 τὸ
427 4086 885 4167 προϐεϐλημένον
938 4089 1209 4166 ὀλέθριον.
1259 4091 1358 4146 Καὶ
1405 4091 1487 4153 τίς
1537 4093 1571 4161 ἡ
1623 4090 1828 4154 σύνεσις
1881 4091 1970 4146 διὰ

2093 4093 2442 4165 proponitur,
2475 4093 2653 4147 ﬁdem
2685 4094 2961 4158 meretur,
2995 4095 3053 4145 et
3087 4090 3241 4162 quod
3274 4092 3508 4145 externa
3541 4089 3725 4147 oculis

319 4178 596 4256 βορϐόρου
627 4182 738 4255 (56)
779 4182 915 4253 πρὸς
964 4178 1128 4235 πόλιν
1171 4182 1340 4255 ἄγειν,
1385 4181 1421 4249 ἢ
1455 4178 1545 4234 διὰ
1591 4176 1880 4256 προϐόλων
1911 4203 1968 4236 τε

2093 4181 2372 4254 abjicitur,
2415 4182 2716 4237 funestum
2764 4183 2821 4236 et
2872 4178 3182 4235 exitiosum
3230 4181 3338 4235 est.
3372 4177 3505 4241 Qua:
3558 4195 3729 4251 porro

316 4270 407 4325 οιαὶ
460 4269 678 4347 ὑφάλων
733 4268 812 4332 εἷς
863 4267 1034 4345 ὅρμον
1090 4268 1441 4344 ἐπείγεσθαι;
1481 4269 1542 4324 Τί
1589 4269 1692 4346 γὰρ
1745 4270 1803 4325 ἐκ
1844 4270 1968 4326 τού-

313 4381 416 4417 του
463 4361 576 4433 (57)
623 4353 960 4432 συμϐήσεται
994 4382 1007 4429 ;
1039 4359 1130 4414 καὶ
1177 4358 1227 4414 τί
1275 4363 1381 4414 τῶν
1432 4357 1615 4435 λόγων
1654 4361 1718 4414 τὸ
1747 4361 1961 4436 πέρας;

319 4449 398 4506 Σὺ
433 4449 526 4521 μὲν
560 4447 845 4525 ληρήσεις,
874 4448 964 4503 καὶ
1014 4447 1424 4525 ἀλληγορήσεις
1471 4451 1565 4512 τὰς
1616 4448 1708 4511 σὰς
1739 4449 1965 4526 ἀτυχίας

315 4541 353 4608 ἢ
417 4538 728 4616 φαντασίαςο
786 4540 815 4593 6
874 4535 930 4593 δὶ
987 4538 1306 4610 πεισόμενος
1363 4538 1463 4594 οὐκ
1519 4535 1683 4594 ἔσται’
1743 4541 1804 4594 τὸ
1861 4541 1964 4614 γὰρ

319 4629 602 4703 ὁρώμενον
628 4629 1015 4704 πιθανώτερον.
1048 4625 1185 4685 Οὔτε
1232 4625 1323 4682 οὖν
1372 4629 1463 4683 τὸν
1519 4627 1786 4702 ἀκροατὴν
1821 4623 1964 4699 ὤνη-

319 4738 435 4790 σας,
469 4717 557 4771 καὶ
595 4715 688 4772 τὸν
739 4718 932 4786 θεατὴν
984 4715 1271 4778 ἀπώλεσας
1325 4718 1459 4789 μετὰ
1505 4721 1601 4772 τοῦ
1641 4717 1966 4794 φαινομένου

415 4955 506 5026 45)
533 4947 830 5026 ξΙδρύμασι.
863 4951 1026 5026 Pass.
1060 4945 1372 5026 ζδρύσμασι.

415 4956 484 5010 45
533 4956 604 5006 Ἱδ
643 4956 830 5023 ύμασι.
863 4956 1026 5006 Pass.
1060 4956 1372 5024 ὶδρύσμασι.

388 4956 507 5100 (46)
539 4969 844 5100 Ἀᾲέημίωᾳ
876 5021 1034 5100 0915.
1069 5020 1435 5100 1‹ῐ,’ἀζημίοιςἶ

390 5066 506 5171 (47)
534 5066 996 5171 [ltigmi'xciivobqi
1018 5155 1019 5158 η
1043 5066 1309 5171 τοδς-ῗῶῖ
1361 5066 1606 5149 σέϐουσιν
1647 5088 1928 5171 Δὑϐριστάς
1956 5113 1968 5162 ;

317 5165 494 5227 Βθυε’
527 5167 731 5223 Billius
782 5165 840 5222 in
895 5165 1087 5238 prima
1125 5165 1267 5223 edit.
1303 5188 1331 5217 «
1361 5185 1466 5224 cur
1494 5165 1806 5222 numinum
1840 5183 1972 5222 suo-

313 5258 452 5299 rum
485 5237 912 5310 convicjatores’
937 5237 1223 5295 laudant?
1252 5261 1281 5288 »
1313 5239 1375 5294 In
1406 5240 1589 5295 Paris.
1619 5239 1971 5310 praetermis-

316 5331 446 5372 sum
459 5355 472 5378 ,
507 5312 579 5364 ὧν
613 5305 848 5378 σέϐουσι.
1043 5335 1054 5346 ο

387 5377 504 5458 (48)
548 5382 640 5445 Εἰς
687 5377 796 5437 ἵνα.
854 5384 1024 5438 Deest
1077 5377 1150 5439 ἐις
1196 5380 1255 5434 in
1306 5381 1538 5438 duobus
1583 5380 1760 5452 Regg.
1808 5381 1971 5436 Pass.

353 5465 429 5514 tc.

317 5477 511 5602 eu(49)
543 5523 674 5602 ξιδίᾳ
702 5522 794 5602 καί
826 5519 1014 5602 μοιραί.
1040 5522 1153 5602 ilic
1185 5523 1592 5602 adverbialiter
1621 5521 1830 5602 posita.

417 5532 511 5602 49)
543 5532 674 5596 ’ἰδίᾳ
702 5532 791 5579 καὶ
826 5532 1014 5652 pugni.
1049 5532 1153 5578 hic
1185 5532 1592 5580 adverbialiter
1621 5532 1830 5605 posita.

391 5532 512 5672 (50)
542 5599 611 5652 Ἥ
661 5594 850 5672 ζημία.
902 5668 916 5672 _
939 5595 1178 5672 ic__Reg.
1229 5613 1301 5672 y,_
1331 5596 1509 5672 codex
1539 5599 1773 5672 optima:
1805 5598 1972 5663 notae,

323 5664 506 5747 quem
536 5664 855 5747 sequinon
885 5664 1248 5747 dubitamus:
1279 5667 1342 5747 In
1371 5666 1514 5747 edit:
1542 5664 1804 5747 ifgngia‘.

396 5743 518 5820 (51)
543 5737 638 5806 Τίξ
668 5738 942 5816 ὁτρόπος.
1002 5739 1143 5812 Reg.
1187 5755 1242 5814 ν,
1291 5739 1452 5800 Golb.
1499 5739 1557 5813 k,
1607 5737 1739 5801 δαν.
1771 5738 1973 5799 Comb.

2077 4271 2389 4344 prudentia
2419 4273 2507 4325 est
2536 4286 2639 4341 per
2664 4285 2894 4324 caenum
2927 4269 2999 4323 ad
3031 4268 3237 4323 urbem'
3257 4268 3487 4336 ducere,
3507 4271 3608 4324 aut
3630 4284 3732 4339 per

2074 4377 2214 4418 saxa
2242 4365 2300 4415 et
2353 4358 2624 4431 scopulos
2673 4359 2745 4413 ad
2798 4357 3109 4413 stationem
3154 4357 3549 4414 contendere?
3579 4357 3726 4422 Quid

2074 4449 2231 4506 enim
2262 4464 2331 4504 ex
2362 4465 2428 4504 eo
2459 4447 2704 4514 accidet,
2729 4450 2787 4502 et
2816 4446 2950 4518 quis
2981 4445 3292 4502 verborum
3323 4446 3460 4502 ﬁnis
3492 4446 3728 4502 futurus

2075 4543 2219 4595 est?
2265 4539 2350 4593 Tu
2393 4537 2631 4609 quidem
2681 4535 3017 4608 nugaberis,
3050 4539 3302 4606 tuosque
3351 4549 3577 4591 errores
3630 4540 3731 4590 aut

2076 4627 2258 4684 animi
2310 4628 2610 4699 ﬁgmenta,
2647 4642 2823 4681 sensu
2858 4624 3169 4697 allegorice
3223 4623 3545 4696 explicabis
3579 4639 3591 4677 :
3626 4623 3727 4695 qui

2076 4722 2270 4774 autem
2303 4715 2408 4772 tibi
2439 4715 2614 4770 ﬁdem
2646 4714 2877 4785 habeat,
2896 4731 3010 4770 non
3041 4713 3170 4770 erit.
3185 4714 3332 4769 Nam
3365 4714 3524 4785 quod
3542 4712 3730 4770 oculis

2118 4946 2163 5002 ίς
2195 4949 2223 5001 6
2257 4945 2442 5002 λόγος.

2079 4947 2798 5126 τίῖἒξίἒϐῗρἀωυπᾘβος.
2832 5019 2872 5084 f,
2915 5017 3076 5074 Colb.
3110 5018 3168 5090 k,
3200 5021 3257 5074 et
3286 5018 3446 5076 Pass.
3481 5019 3729 5089 addunt,

2081 5092 2169 5146 καὶ
2203 5088 2434 5162 ὑψηλόν,
2457 5094 2524 5162 et
2553 5088 2841 5162 sublim6._
2860 5111 2889 5139 »

2154 5155 2267 5236 (53)
2298 5155 2792 5236 ἱΕνδείξειςᾌΡεθβ.
2825 5155 3123 5236 ἐπιδείξεις.

2154 5231 2266 5306 (54)
2300 5231 2947 5306 ”Αν]ιαί.-Ηᾷο-ᾂ85υῐή
2982 5232 3042 5306 in
3075 5232 3304 5306 duobus
3336 5233 3515 5306 Regg.

2176 5301 2267 5374 55)
2296 5307 2366 5359 Τὸ
2398 5302 2455 5359 δὲ
2489 5302 2781 5375 μηνί-,(0011),
2815 5306 2872 5373 k,
2902 5305 2962 5358 τὸ
2995 5303 3052 5358 δὲ
3075 5301 3166 5358 ’ίνα
3195 5305 3292 5375 μή.

2176 5309 2267 5374 55)
2296 5309 2366 5359 Τὸ
2398 5309 2455 5359 δὲ
2489 5309 2588 5375 μή.
2621 5309 2781 5359 Colb.
2815 5309 2872 5373 k,
2902 5309 2962 5358 τὸ
2995 5309 3052 5358 δὲ
3075 5309 3166 5358 ’ίνα
3195 5309 3292 5375 μή.

2154 5309 2265 5450 (56)
2298 5377 2394 5431 Διὰ
2429 5371 2737 5503 1βορϐόρου,
2767 5380 2898 5457 _etc.
2947 5399 2975 5427 ‹‹
3024 5381 3133 5460 Per
3160 5392 3392 5433 omnum
3424 5377 3496 5432 ad
3529 5377 3730 5433 urbem

2154 5466 2316 5503 icere.
2350 5472 2378 5498 ››
2475 5446 2812 5503 roverbialis
2860 5449 3075 5503 locutio
3115 5448 3418 5503 commode
3450 5453 3730 5503 usurnata

2085 5446 2316 5506 ducere.
2350 5472 2378 5498 ››
2429 5446 2812 5520 Prdverbialis
2860 5449 3075 5504 locutio
3115 5448 3418 5506 commode
3450 5453 3730 5520 usurpata

2084 5523 2364 5578 adversus
2395 5537 2536 5593 eos,
2569 5519 2668 5591 qui
2702 5533 2805 5591 per
2832 5521 3116 5578 obscenas
3144 5521 3371 5577 fabulas
3403 5522 3475 5576 ad
3508 5519 3729 5593 allego-

2085 5595 2236 5649 ricos
2267 5609 2477 5648 sensus
2510 5592 2754 5647 ducunt.

2156 5665 2267 5737 (57)
2296 5663 2520 5718 Τούτου.
2545 5662 2719 5722 Savil.
2749 5659 2975 5716 τούτων.
