4202 6212
355 355 473 414 661
1347 358 1642 423 ORATIO
1685 362 1790 422 IV.
1823 395 1901 404 —-
1932 362 2001 422 Ct

2117 363 2242 422 ΓΒΑ
2288 362 2689 426 JULIANUM
2733 363 2782 424 Ι.
3652 364 3770 426 662

352 487 444 540 καὶ
502 485 692 562 Κρόνῳ
747 485 872 549 Ζεὺς
928 486 1371 562 ἐπανιστάμενος,
1426 490 1561 547 κατᾶ
1620 492 1853 565 μίμησιν
1907 489 2001 547 τοῦ

2120 494 2395 550 ﬂuctibus
2429 496 2543 562 det,
2579 499 2641 550 ut
2671 497 2861 561 deam,
2896 510 3117 566 spumae
3150 495 3355 562 fetum,
3379 494 3636 551 efﬁciant
3671 522 3685 564 ;
3715 506 3770 554 et

354 574 560 651 πατρὸς
617 577 644 630 6
692 574 895 652 γλυκὺς
939 574 1092 640 λίθος
1142 579 1230 632 καὶ
1292 581 1486 647 πικρὸς
1540 580 1957 656 τυραννοκτόνος
1993 601 2005 614 ⁸

353 664 460 720 εἴτε
514 685 565 719 τι
626 663 768 721 ἄλλο
798 670 1046 722 τοιοῦτον
1085 667 1268 730 αὐτοῖς
1301 668 1378 731 είς
1408 671 1576 743 τιμὴν
1608 675 1713 726 τῶν
1750 693 2009 745 γεννησα-

361 755 533 827 μὲνων
588 754 641 809 αἱ
693 750 878 830 βίϐλοι
929 758 1170 834 φέρουσι.
1221 757 1418 834 Τρίτον
1464 760 1646 822 αὐτοῖς
1699 758 1835 815 ἔστω
1867 779 2009 836 χρη-

360 842 542 915 μάτων
595 844 881 918 ὑπεροψίι),
931 845 1020 900 καὶ
1068 847 1130 901 τὸ
1185 848 1259 919 μή
1303 849 1642 925 πανταχόθεν
1693 847 2009 925 κερδαίνειν,

361 929 502 1005 μηδὲ
556 936 654 988 τοῦ
708 929 997 1010 δυστυχεῖν
1068 930 1376 1012 ἀρραϐῶνα,
1435 937 1499 992 τὸ
1559 943 1734 1000 κακῶς
1790 941 2010 993 κτᾶσθαι

361 1016 682 1094 λαμϐάνειν.
743 1027 866 1085 Πῶς
914 1021 1004 1078 οῦν
1056 1024 1084 1078 6
1137 1022 1383 1097 Κερδῷος
1426 1028 1537 1100 (69)
1569 1026 1750 1089 αὐτοῖς
1811 1028 2008 1097 σταθή-

354 1130 528 1181 σεται,
577 1111 666 1165 καὶ
714 1111 778 1166 τὸ
827 1111 1115 1168 σακέλλιον
1164 1115 1276 1188 (70)
1329 1110 1801 1188 προϐληθήσεται,
1854 1117 2008 1185 καὶὴ

354 1197 628 1271 κλεπτικὴ
655 1206 751 1257 τοῦ
781 1203 902 1258 θεοῦ
934 1201 1162 1277 δύναμις
1189 1208 1575 1279 τιμηθήσεται,
1610 1207 1699 1262 καὶ
1717 1207 1778 1262 τό
1807 1227 1817 1238 ’
1850 1209 2012 1264 ’Ἀνευ

355 1291 470 1361 (71)
501 1289 716 1365 χαλκοῦ
747 1287 952 1348 Φοῖϐον
988 1295 1063 1367 μὴ
1101 1293 1471 1367 μαντεύεσθαι,
1509 1293 1648 1369 μηδὲ
1675 1295 1807 1350 εἶναί
1834 1318 1886 1350 τι
1914 1301 2011 1351 τοῦ

356 1373 564 1432 ὀϐολοῦ
611 1381 975 1458 τιμιώτερονς
1023 1387 1198 1439 Ταῦτα
1244 1385 1348 1461 γὰρ
1396 1383 1572 1440 αὐτῶν
1602 1386 1670 1440 τὰ
1699 1385 1868 1458 σεμνὰ
1921 1385 2011 1440 καὶ

360 1463 628 1542 σεϐάσμια
642 1513 653 1529 ,

429 1742 582 1792 PKB'.
614 1736 674 1791 Τί
733 1734 848 1806 ἔτι;
911 1739 1279 1817 Σωφροσύνην
1343 1739 1760 1813 διδασκέτωσαν,
1822 1742 2013 1819 ἐγκρά-

352 1846 496 1880 τειαν
559 1825 1020 1901 εἰσηγείσθωσαν·
1080 1829 1168 1883 καὶ
1232 1830 1260 1883 6
1317 1830 1516 1894 πείθων
1595 1830 1778 1906 ἐγγὺς,
1840 1834 2088 1931 miva

460 1913 472 1931 ι
693 1912 717 1931 ει
755 1914 769 1931 .
865 1916 879 1931 π
1101 1922 1122 1931 -
1293 1920 1306 1931 .
1368 1926 1398 1931 _
1432 1919 1443 1931 .
1645 1921 1656 1931 .
1705 1927 1720 1931 _
1813 1921 1852 1931 μ.

351 1913 644 1989 γινόμενος
689 1912 778 1970 διὰ
824 1916 918 1979 τὰς
967 1922 1239 1992 γυναῖκας,
1285 1920 1314 1974 6
1365 1919 1512 1990 Ζεὺς,
1571 1921 1661 1975 καὶ
1689 1921 1856 1994 Φρυξὶ
1891 1942 2007 1994 μει-

357 2002 633 2078 ρακίσκοις
684 2006 796 2078 (72)
853 2003 1006 2068 ἀετὸς
1064 2004 1292 2080 ἐραστὴς
1366 2009 1394 2061 6
1452 2007 1712 2086 φίλτατος
1782 2007 1873 2084 (ἵν’
1931 2010 2006 2073 ὡς

353 2089 551 2162 ἥδιστα
593 2095 1016 2165 συμποσιάζοιεν
1072 2096 1123 2150 οἱ
1183 2096 1321 2169 θεοὶ,
1377 2103 1494 2160 τοῖς
1552 2099 1675 2161 Διὸς
1723 2098 2006 2176 οἰνοχοού-

362 2203 513 2255 μενοι
563 2179 860 2255 παιδικοῖς)
890 2201 903 2214 ⁹
952 2184 1041 2239 καὶ
1088 2190 1208 2248 ταῖς
1255 2189 1593 2258 πεντήκοντα
1640 2188 1860 2243 Θεστίου
1916 2201 2006 2252 θυ-

357 2269 615 2347 γατράσιν
664 2270 967 2328 ἐναθλεύων
1013 2273 1286 2350 Ἡρακλῆς
1334 2276 1384 2331 ἐν
1441 2281 1537 2350 μιᾷ
1586 2277 1736 2332 νυκτὶ
1797 2279 1824 2333 ὁ
1881 2284 2003 2353 Τρι-

350 2361 600 2437 ἑσπερος,
648 2362 738 2416 καὶ
801 2361 1238 2434 τρισκαιδέκατον
1298 2367 1462 2430 ἆθλον
1511 2367 1703 2421 τοῦτον
1760 2366 2004 2423 ἐπιτελὲ-

351 2470 470 2523 σας,
502 2449 602 2504 οὐκ
631 2447 734 2505 οἷδ’
763 2451 912 2514 ὃπως
939 2457 1055 2514 τοῖς
1106 2452 1299 2516 ἄλλοις
1349 2476 1411 2529 γε
1458 2455 1520 2510 ού
1569 2455 2003 2530 συναριθμούμε-

355 2560 470 2595 νον.
506 2540 874 2595 Ἐπικοπτὲτω
903 2541 994 2597 τὸν
1030 2543 1200 2615 Θυμὸν
1252 2545 1419 2619 Ἀρῃς
1469 2547 1602 2618 (73),
1670 2544 1835 2618 μέθην
1889 2546 2006 2601 Διό-

355 2649 536 2695 νυσος,
599 2629 900 2702 μισοξενίαν
960 2631 1243 2706 Ἀρτεμις,
1303 2631 1511 2704 ἀπάτην
1572 2635 1599 2688 6
1660 2633 1844 2704 λοξίας
1893 2639 2004 2708 (74)

351 2717 529 2772 αὐτῶν
583 2717 1010 2794 χρησμολόγος,
1062 2718 1306 2795 γέλωτος
1353 2721 1612 2796 ἀμετρίαν
1664 2724 1692 2777 6
1751 2745 2006 2800 καταχω-

347 2806 525 2862 λεύων
574 2806 718 2875 Θεὸς,
763 2811 868 2862 τῶν
923 2809 1054 2863 θεῶν
1090 2807 1470 2884 λυπουμένων,
1502 2811 1590 2866 καὶ
1624 2812 1835 2886 ἀραιαῖς
1889 2819 2005 2875 ταῖς

347 2897 588 2968 κνήμαις
666 2895 1174 2973 ἐπιῤῥωννύμενος·
1255 2901 1690 2977 γαστριμαργίαν
1767 2902 1795 2955 6
1882 2907 2005 2963 Ζεὺς

355 2985 443 3040 ἐπὶ
474 2983 630 3040 δαῖτα
660 2982 892 3060 λιπαρὰν
938 2988 1152 3063 τρέχων
1207 2990 1321 3062 μετ’
1370 2988 1651 3064 ἀμύμονας
1699 2990 2003 3061 Αἰθιοπῆας

352 3073 448 3128 σὺν
494 3080 613 3137 τοῖς
663 3074 884 3137 λοιποῖς
935 3073 1228 3149 δαίμοσιν·
1299 3080 1326 3133 6
1379 3078 1666 3142 Βουθοίνας
1722 3082 1857 3154 (75),
1914 3081 2005 3135 τὸν

351 3163 596 3238 γεωργὸν
670 3167 1030 3240 τυραννήσας,
1104 3167 1192 3220 καὶ
1259 3169 1348 3222 τὸν
1424 3167 1622 3244 ἀρότην
1706 3170 1833 3243 βοῦν
1911 3168 2004 3224 λα-

2116 584 2346 654 Jupiter
2375 584 2654 639 adversus
2703 585 3046 650 Saturnum,
3101 583 3285 655 patris
3336 584 3426 639 sui
3484 585 3767 658 exemplo,

2121 672 2450 744 insurgens,
2511 671 2699 728 dulcis
2757 672 3045 744 (inquam)
3097 671 3190 728 ille
3237 671 3408 744 lapis,
3477 678 3535 729 et
3580 691 3770 730 saevus

2122 759 2520 832 tyrannicida:
2545 765 2648 815 aut
2681 760 2729 815 si
2761 761 2894 831 quid
2917 760 3074 815 aliud
3106 760 3448 831 hujusmodi
3466 761 3536 816 ad
3561 779 3768 833 paren-

2119 853 2245 904 tum
2278 849 2558 905 honorem
2591 849 2986 905 voluminibus
3008 866 3209 905 eorum
3243 851 3612 906 continetur?
3629 852 3766 907 Ter-

2123 940 2269 994 tium
2305 939 2445 1009 ipsis
2477 939 2574 1005 sit,
2606 939 2882 1009 pecunias
2914 939 3210 1010 descipere
3239 944 3414 1011 atque
3444 941 3767 1013 aspernari,

2122 1044 2227 1082 nec
2250 1029 2641 1099 undecunque
2667 1027 2896 1083 lucrum
2919 1029 3275 1100 captandum
3297 1045 3559 1096 esse,nec
3588 1030 3769 1086 facul-

2121 1117 2341 1173 tatibus
2370 1117 2452 1188 inj
2464 1120 2594 1172 usta
2610 1116 2834 1172 ratione
2854 1116 3556 1187 quaerendis,calamitatis
3573 1119 3705 1175 arrh
3715 1137 3772 1175 a-

2121 1206 2333 1262 bonem
2383 1207 2665 1278 accipere.
2735 1206 3034 1269 Quomodo
3087 1204 3270 1278 igitur
3318 1207 3564 1262 Lucrius
3622 1206 3768 1280 ipsis

2121 1295 2530 1362 constituetur,
2563 1300 2619 1349 et
2665 1293 2934 1350 sacculus
2974 1294 3318 1365 proferetur,
3352 1298 3409 1350 et
3465 1296 3628 1352 furax
3675 1297 3770 1352 dei

2120 1384 2209 1440 vis
2251 1388 2424 1457 atque
2472 1384 2719 1440 facultas
2760 1383 3147 1439 honorabitur
3197 1401 3210 1439 :
3260 1382 3522 1455 illudque
3567 1386 3765 1457 etiam,

2123 1475 2253 1530 Sine
2280 1489 2395 1531 mre
2421 1473 2684 1529 Phoebum
2711 1475 2948 1530 minime
2971 1474 3290 1544 vaticinari,
3307 1489 3406 1529 nec
3432 1473 3584 1529 obolo
3613 1475 3769 1544 quid-

2123 1581 2286 1636 quam
2319 1579 2431 1620 βεδε
2453 1565 2790 1636 prmonitus
2809 1566 2834 1617 γ
2861 1563 2992 1618 Haec
3021 1562 3177 1619 enim
3207 1579 3412 1635 graves
3455 1578 3658 1619 eorum
3702 1581 3768 1619 ac

2120 1653 2465 1708 veneranda:
2498 1655 2636 1709 sunt
2659 1651 2984 1709 sententias.

2194 1741 2414 1797 CXXII.
2475 1741 2624 1806 Quid
2692 1743 2970 1813 praeterea
3001 1738 3028 1794 ?
3086 1738 3431 1795 Pudicitiam
3501 1738 3768 1810 doceant,

2122 1831 2547 1887 continentiam
2591 1830 2899 1886 suadeant.
2936 1829 2998 1884 In
3031 1829 3361 1901 propinquo
3392 1831 3480 1885 est
3508 1829 3607 1898 qui
3640 1844 3770 1900 per-

2117 1921 2385 1990 suadeat,
2424 1919 2654 1991 Jupiter
2685 1918 2988 1987 nimirum,
3021 1918 3092 1974 ob
3124 1917 3477 1974 feminarum
3509 1933 3768 1972 amorem

2119 2007 2444 2080 quamlibet
2472 2009 2723 2063 formam
2755 2007 3005 2063 subinde
3035 2007 3306 2074 induens,
3339 2010 3396 2063 et
3442 2006 3770 2078 Phrygibus

2117 2097 2572 2154 adolescentulis
2621 2096 2870 2151 amatrix
2916 2095 3116 2168 aquila
3145 2096 3334 2152 factus
3363 2098 3452 2168 (ut
3482 2095 3584 2166 dii,
3614 2095 3769 2151 Jovis

2117 2185 2355 2242 cinaedis
2384 2185 2588 2241 vinum
2623 2185 3007 2241 fundentibus
3031 2185 3183 2240 146
3208 2201 3386 2256 quam
3417 2184 3768 2240 suavissime

2117 2277 2544 2346 compotarent)
2593 2291 2605 2328 :
2655 2290 2721 2329 ac
2776 2273 3158 2344 Trivesperus
3212 2272 3309 2328 ille
3357 2271 3652 2338 Hercules,
3706 2271 3763 2325 in

2116 2363 2541 2437 quinquaginta
2568 2362 2786 2418 Thestii
2817 2361 3049 2418 ﬁliabus
3081 2379 3197 2418 una
3224 2365 3389 2418 nocte
3409 2365 3659 2428 certans,
3693 2377 3759 2416 ac

2116 2454 2408 2510 decimum
2453 2457 2692 2509 terttum
2741 2452 2851 2507 hoc
2890 2455 3185 2508 certamen
3232 2451 3569 2518 conﬁciens,
3601 2452 3754 2522 quod

2114 2543 2271 2598 haud
2322 2543 2442 2599 scio
2509 2559 2689 2615 quare
2733 2541 2794 2596 in
2840 2540 3225 2596 certaminum
3275 2539 3462 2612 ipsius
3515 2557 3759 2595 numero

2117 2632 2290 2688 fuerit
2321 2631 2806 2704 praetermissum.
2841 2631 2994 2686 Iram
3044 2630 3197 2686 Mars
3236 2629 3536 2702 reprimat,
3570 2634 3762 2686 temu-

2113 2721 2354 2777 lentiam
2386 2721 2669 2788 Bacchus,
2703 2720 3004 2792 hospitum
3032 2719 3233 2774 odium
3266 2719 3466 2789 Diana,
3494 2721 3763 2775 fraudem

2115 2810 2391 2882 obliquus
2438 2810 2534 2866 ille
2597 2810 2863 2882 ipsorum
2921 2813 3105 2877 vates,
3168 2809 3325 2865 risus
3378 2809 3764 2881 petulantiam

2115 2901 2261 2956 deus
2293 2899 2409 2970 ille,
2453 2900 2836 2956 maerentibus
2868 2898 2999 2955 aliis
3029 2897 3164 2966 diis,
3196 2897 3553 2966 claudicans,
3587 2898 3762 2955 raris-

2116 3008 2228 3063 que
2259 2995 2316 3046 et
2343 2991 2622 3047 tenuibus
2652 2990 2815 3046 tibiis
2849 2989 3137 3046 innitens:
3162 2988 3479 3062 ingluviem
3508 2989 3760 3062 Jupiter,

2113 3080 2350 3153 pinguis
2382 3079 2628 3136 convivii
2667 3096 2864 3147 causa,
2908 3078 3086 3134 simul
3118 3094 3252 3134 cum
3283 3077 3524 3151 reliquis
3553 3079 3764 3134 daemo-

2117 3169 2289 3226 nibus
2323 3171 2392 3225 ad
2427 3169 2759 3241 inculpatos
2807 3167 3100 3239 Ethiopes
3131 3183 3411 3236 currens;
3443 3167 3760 3224 Buthoenas

347 3235 538 3330 ιρύξας,
570 3251 659 3307 καὶ
688 3235 788 3322 την
833 3235 1030 3324 κλῆσιν
1090 3250 1272 3311 λαϐὼν
1334 3256 1393 3311 ἐκ
1447 3235 1546 3328 τῆς
1582 3235 1866 3334 πράξεως,
1912 3259 2000 3314 καὶ

2117 3260 2312 3328 etiam,
2337 3259 2436 3330 qui
2460 3235 2723 3330 agricolae
2752 3257 2867 3313 vim
2901 3235 3120 3325 attulit,
3150 3261 3208 3313 et
3235 3235 3442 3314 bovem
3474 3262 3761 3314 aratorem

344 3340 540 3404 πάντες
625 3347 744 3406 ταῖς
823 3343 1065 3407 κνίσσαις
1151 3345 1239 3400 καὶ
1324 3351 1442 3410 ταῖς
1519 3342 1732 3410 λοιϐαῖς
1793 3347 2002 3425 ἆπιτρὲ-

349 3450 571 3506 χοντες.

425 3612 569 3666 PKI'.
628 3611 819 3668 Καίτοι
892 3615 1008 3673 πῶς
1077 3616 1244 3668 ταῦτα
1299 3617 1406 3668 τῶν
1465 3616 1748 3691 ἡμετέρων
1822 3616 1999 3693 ἐγγὺς.

346 3700 430 3761 οἷς
498 3699 624 3774 ’ὄρος
691 3701 784 3773 μὲν
858 3699 1045 3778 φιλίας
1122 3704 1236 3776 (76)
1276 3702 1436 3778 αὐτος
1491 3701 1738 3774 ἕκαστος,
1793 3706 1881 3760 καὶ
1938 3707 2001 3762 τὸ

342 3787 415 3843 τὰ
469 3788 605 3843 αὐτὰ
656 3789 949 3864 βούλεσθαι
989 3795 1109 3853 τοῖς
1154 3791 1398 3862 πλησίον
1447 3793 1480 3847 ἃ
1531 3793 1620 3847 καὶ
1669 3793 1846 3868 σφίσιν
1906 3794 1997 3849 αύ-

341 3883 463 3939 τοῖς
491 3897 503 3908 ⁸
539 3875 796 3953 ἔγκλημα
835 3876 881 3934 δ’
912 3879 975 3934 οὐ
1009 3878 1173 3952 μόνον
1202 3881 1264 3935 τὸ
1321 3880 1568 3956 γενέσθαι
1611 3883 1795 3954 κακὸν,
1855 3881 2002 3938 ἀλλὰ

342 3964 436 4021 καὶ
492 3967 554 4021 τὸ
616 3965 890 4040 μελλῆσαι
946 3971 1057 4042 (77)
1119 3973 1334 4045 μικροῦ,
1386 3971 1475 4025 καὶ
1531 3977 1630 4040 τῆς
1666 3970 1839 4046 ὀργῆς
1889 3974 1999 4046 (78)

338 4053 742 4129 κολαζομένης,
819 4058 896 4120 ὡς
969 4056 1210 4130 πράξεως
1253 4077 1265 4090 ·
1344 4060 1425 4121 οἷς
1502 4059 1820 4136 σωφροσύνη
1904 4063 1998 4134 μὲν

341 4143 490 4200 οὕτω
538 4143 915 4217 σπουδάζεται,
969 4145 1106 4202 ὥστε
1176 4148 1266 4202 καὶ
1330 4147 1612 4227 ὀφθαλμὸς
1668 4149 1996 4205 ἀναστέλλε-

337 4250 471 4288 ται’
531 4235 653 4310 χεὶρ
712 4231 769 4289 δὲ
821 4237 1016 4313 φονικὴ
1077 4241 1331 4292 τοσοῦτον
1408 4237 1684 4314 πόρρωθεν
1763 4235 1996 4315 εἷ’ργεται

341 4321 486 4378 ὥστε
541 4323 630 4377 καὶ
689 4323 859 4396 Θυμὸς
931 4327 1337 4401 σωφρονίζεταυ
1416 4325 1666 4404 ἰπίορκον
1727 4325 1785 4382 δὲ
1861 4328 1996 4401 ὀμό-

337 4433 431 4467 σαι
482 4413 595 4487 (79)
644 4410 786 4468 οὕτω
837 4410 1008 4469 δεινὸν
1057 4415 1148 4469 καὶ
1194 4413 1516 4491 ὑπέρογκον,
1566 4414 1703 4471 ὣστε
1757 4418 1846 4472 καὶ
1903 4419 1992 4472 τὸν

2111 3349 2353 3419 voravit,
2389 3353 2563 3420 atque
2608 3365 2677 3403 ex
2715 3363 2780 3403 eo
2813 3347 3066 3403 facinore
3117 3363 3330 3403 nomen
3379 3347 3631 3419 accepit;
3681 3347 3761 3403 dii

2114 3438 2364 3510 denique
2395 3454 2619 3508 omnes,
2654 3437 2724 3492 ad
2777 3435 3043 3492 carnium
3095 3435 3328 3492 nidores
3376 3440 3434 3491 et
3480 3435 3762 3493 libamina

2115 3544 2350 3583 summa
2381 3526 2751 3582 festinatione
2781 3528 3178 3597 properantes.

2186 3615 2468 3671 CXXXIII.
2503 3620 2591 3670 An
2622 3631 2755 3670 vero
2785 3613 2906 3669 haec
2937 3614 3008 3668 ad
3041 3619 3302 3670 nostram
3333 3613 3673 3686 religionem
3703 3619 3762 3671 et

2113 3705 2439 3760 doctrinam
2471 3705 2778 3769 accedunt,
2803 3702 2961 3775 apud
2991 3703 3146 3773 quod
3178 3701 3269 3758 lex
3299 3706 3355 3758 et
3382 3719 3588 3758 norma
3618 3703 3764 3759 ami-

2115 3793 2260 3849 citize
2293 3793 2543 3864 quisque
2573 3791 2699 3865 ipse
2729 3796 2834 3856 est,
2869 3795 3044 3858 atque
3075 3791 3278 3846 eadem
3311 3790 3591 3863 proximis
3619 3790 3761 3847 velle

2111 3899 2237 3954 quae
2271 3887 2327 3938 et
2342 3881 2454 3938 sibi
2487 3881 2630 3953 ipsis
2656 3898 2668 3936 :
2696 3881 2915 3935 crimen
2947 3882 3164 3947 autem,
3187 3895 3303 3934 non
3336 3880 3510 3935 modo
3537 3878 3758 3935 malum

2109 3971 2543 4037 exstitisse,sed
2576 3969 2752 4025 etiam
2785 3987 2818 4023 a
2847 3967 3002 4024 malo
3031 3984 3239 4040 parum
3270 3967 3548 4030 abfuisse,
3583 3967 3756 4024 nimi-

2109 4078 2240 4117 rum
2274 4060 2592 4131 cupiditate
2622 4074 2855 4129 quoque
2884 4057 3013 4128 ipsa
3059 4072 3226 4128 pene,
3258 4059 3322 4111 ut
3357 4055 3602 4124 actione,
3636 4073 3754 4129 pm-

2108 4167 2245 4206 narn
2267 4148 2464 4204 luente
2488 4166 2501 4215 ;
2526 4147 2682 4219 apud
2718 4162 2866 4216 quos
2899 4149 3131 4201 tantum
3156 4144 3449 4217 pudicitia:
3482 4147 3749 4202 studium

2107 4243 2217 4297 est‘
2252 4244 2314 4294 ut
2343 4236 2548 4294 oculus
2578 4252 2810 4307 quoque
2842 4235 3102 4290 frenatur
3132 4251 3198 4291 ac
3229 4234 3583 4306 reprimatur
3625 4261 3640 4302 ;
3697 4242 3754 4291 et

2109 4344 2322 4383 manus
2352 4323 2734 4397 sanguinaria
2761 4326 2819 4378 et
2851 4322 3151 4379 mortifera
3191 4322 3274 4379 ita
3302 4322 3473 4397 longe
3504 4329 3752 4393 arcetur,

2107 4421 2174 4474 ut
2193 4417 2282 4472 ira
2302 4415 2476 4471 etiam
2498 4413 2628 4486 ipsa
2654 4415 2987 4470 coerceatur
3007 4429 3020 4468 :
3046 4412 3375 4484 perjurium
3393 4417 3590 4470 autem
3612 4417 3752 4470 adeo

413 4559 533 4640 (69)
556 4553 830 4640 βερᾷᾧοςε
867 4579 895 4609 ‹‹
938 4558 1214 4640 L_ucrius,_
1237 4582 1266 4609 »
1322 4559 1587 4640 Mercurii
1640 4561 1986 4640 epithetum,
2021 4565 2066 4630 D
2098 4567 2155 4618 et
2185 4559 2464 4640 ambigua
2494 4555 2731 4640 oracula
2780 4556 3064 4640 redderet,
3096 4573 3224 4640 quae
3253 4556 3540 4640 plurimos
3569 4559 3631 4615 in
3662 4577 3752 4616 er-

334 4631 415 4714 ad
440 4630 1153 4714 .s‘uhindioandam-ipsius
1201 4632 1260 4686 in
1301 4637 1527 4714 quaestu
1561 4630 1825 4714 faciendo
1855 4630 1989 4689 dea-

335 4704 672 4769 teritatem;
733 4703 1114 4773 quamobrem
1173 4719 1206 4757 a
1258 4703 1469 4776 priscis
1521 4705 1870 4776 pingebatur
1899 4722 1988 4761 ac-

332 4775 570 4831 cinctus
599 4789 756 4847 pera,
790 4790 968 4847 quam
995 4792 1029 4830 a
1057 4790 1245 4847 sacco,
1270 4775 1573 4831 sacculum
1591 4775 1984 4847 appellabant.

329 4845 805 4920 Habetur‘etiam
818 4845 902 4900 ut
929 4845 1077 4920 lucri
1107 4863 1173 4920 ac
1204 4845 1495 4920 furtorum
1535 4845 1771 4920 praises.

409 4918 524 4989 (70)
609 4912 930 4991 Xaaﬂltov.
1019 4917 1254 4991 Mallet)
1294 4912 1712 4991 Montacutius)
1795 4916 1986 4971 σακύλ-

327 4988 630 5070 _).mv,_s_ed
685 4988 955 5062 displicet
1010 4989 1378 5063 Combeﬁslo,
1419 4991 1556 5063 quia
1584 4988 1985 5066 grammaticis

325 5060 692 5118 inauditum.

407 5131 519 5204 (71)
551 5131 730 5204 Ἀνευ,
782 5134 891 5186 etc.
926 5131 1022 5187 Sie
1071 5134 1240 5204 codd.
1275 5138 1333 5189 et
1361 5133 1524 5190 editi.
1559 5135 1726 5190 Herv.
1759 5149 1892 5188 vero
1923 5131 1983 5188 in

318 5201 604 5276 textu,_et
633 5203 883 5260 Montae.
918 5203 976 5259 in
1007 5221 1127 5274 ora,
1161 5201 1363 5260 ἄνευθε.
1414 5206 1552 5262 Erat
1598 5206 1657 5261 id
1699 5204 1984 5276 Apollinis

319 5273 661 5334 oraculum.

407 5347 521 5421 (72)
579 5344 747 5421 Φρυξὶ
803 5343 1195 5421 μειρακίσκοις.
1265 5347 1351 5421 Ita
1408 5363 1801 5421 peneomnes
1833 5363 1976 5421 mss.

520 5416 644 5500 vso,
679 5416 846 5500 (ἰδρυξὶ
882 5416 1205 5500 μειρακίοις.
1252 5416 1476 5475 Alludit
1522 5419 1616 5475 hi0
1669 5417 1983 5490 Gregorius

318 5492 408 5550 ad
441 5490 793 5562 Ganimedis
812 5490 1066 5562 raptum.

400 5561 518 5690 (73)
547 5559 728 5635 Θυμὸν
775 5559 968 5636 “Apim.
1023 5561 1289 5632 Quinque
1340 5562 1476 5634 Reg.
1515 5560 1608 5616 Or.
1645 5559 1696 5628 Ι,
1729 5563 1785 5614 et
1814 5561 1978 5617 Com-

306 5637 396 5694 be
429 5678 440 5688 .
473 5632 718 5697 legunt:
749 5632 919 5697 Θυμὸν
950 5632 1045 5697 μὲν
1078 5631 1274 5697 Ἀρης.

400 5649 440 5690 ι.
475 5649 718 5707 legunt:
749 5649 811 5697 θυ
863 5649 919 5687 ον
950 5649 1045 5706 μεν
1080 5649 1274 5707 ίΑρης.

398 5705 517 5780 (74)
547 5703 764 5782 Λοξίας.
795 5653 890 5767 gis
916 5703 1121 5780 Apollo
1151 5703 1498 5780 appellatus,
1547 5703 1703 5778 quod
1733 5702 1981 5764 obscura

2101 4650 2289 4691 rorem
2320 4628 2378 4687 et
2410 4630 2694 4684 maximas
2725 4628 3089 4684 calamitates
3119 4628 3495 4686 induxerunt.

2168 4705 2280 4776 (75)
2314 4700 2613 4776 Βουθοίνοις
2636 4703 2721 4757 Ita
2765 4701 3212 4771 cognominatus
3261 4701 3562 4758 Hercules.
3605 4702 3748 4758 Vide

2097 4773 2206 4832 col.
2237 4773 2364 4842 603,
2399 4777 2520 4829 not.
2552 4773 2641 4827 86.

2168 4849 2278 4921 (7_6)
2311 4841 2528 4921 φιλίας.
2561 4841 2953 4921 Montacutius
2984 4843 3222 4921 conjicit
3245 4842 3567 4921 legendum
3589 4841 3745 4921 φιλο-

2097 4918 2310 4996 σοφίας.
2333 4920 2440 4975 Sed
2473 4916 2669 4972 nullos
2700 4915 2887 4971 favere
2919 4915 3146 4971 codices
3194 4915 3406 4971 asserit
3449 4915 3741 4973 variarum

2094 4991 2404 5047 lectionem
2465 4988 2774 5047 collector;
2833 5003 3037 5042 verum
3093 4986 3492 5044 hallucinatur
3519 5014 3534 5047 ι
3566 4989 3738 5046 Coisl.

2095 5079 2350 5133 namque
2379 5030 3017 5134 2_habet,}t):oco<ptac‘.
3519 5033 3534 5058 ’

2185 5125 2274 5202 77)
2309 5125 2794 5202 MsAlﬁaameOg.
2830 5125 2895 5202 γέ
2922 5125 3176 5201 μελῆσαι.

2188 5208 2278 5277 78)
2311 5203 2409 5258 Καὶ
2439 5209 2536 5270 τῆς
2571 5201 2772 5276 ὁρμῆςί,
2828 5201 2938 5257 etc.
2998 5223 3027 5252 «
3087 5202 3220 5274 Ipso
3265 5201 3448 5258 animi
3481 5207 3642 5260 motu
3673 5221 3740 5260 ac

2091 5277 2411 5344 cupiditate
2441 5293 2606 5344 pene,
2641 5279 2802 5344 nete.

2185 5344 2275 5420 79)
2327 5340 2612 5419 Ἑττῖορκοέι
2655 5342 2736 5420 ,δὲ
2805 5340 3028 5420 Mm.
3100 5345 3185 5420 [tu
3243 5345 3383 5418 Rcs-
3466 5350 3738 5420 quatuor,

2090 5413 2530 5504 et‘dulomColl‘).
2596 5417 2743 5504 Edit.
2801 5413 3052 5504 ἐπίορκρν
3111 5413 3500 5504 δὲωχωᾷἤσαί
3606 5413 3742 5504 (ξμςξᾲ

2093 5511 2201 5547 σαι.
2265 5491 2373 5547 Alii
2434 5508 2568 5547 vero
2628 5490 2826 5561 plures
2857 5486 2944 5542 ἐπὶ
2977 5486 3135 5563 ὅρκον
3171 5486 3508 5563 δὲ’ίχωρῆσαι
3541 5490 3574 5557 ἣ
3604 5486 3738 5560 ὁμό-

2093 5583 2200 5634 σαι,
2234 5581 2360 5635 quae
2392 5563 2560 5619 lectio
2593 5579 2707 5619 non
2738 5562 3090 5633 spernenda,
3132 5562 3234 5619 sed
3281 5562 3478 5618 tamen
3528 5567 3737 5617 nostrae

2094 5635 2516 5707 posthabenda.
