4202 6212
412 340 532 401 663

1654 332 1715 393 S.
1769 333 2138 393 GREGORII
2191 331 2581 393 THEOLOGI

3709 330 3827 391 664

417 478 582 528 atrox
603 475 659 527 et
690 467 975 525 nefarium
998 465 1793 536 censetur,utjusjurandum
1829 481 2061 536 quoque

2196 460 2331 536 ἷρκον
2386 460 2573 534 μόνοις
2625 464 2759 533 ἡμῖν
2808 460 3099 536 τυγχάνειν
3151 460 3492 533 ἀπώμοτον;
3560 463 3833 537 Χρήματα

417 562 612 635 ipsum
646 557 817 614 nobis
848 554 988 611 solis
1020 555 1399 611 interdictum
1427 554 1551 610 sit?
1571 555 1701 610 Jam
1731 569 1865 609 vero
1888 570 2062 625 pecu-

422 652 554 715 niae,
573 646 778 703 multis
800 662 871 702 ne
888 661 1153 717 unquam
1175 645 1414 717 quidem
1438 643 1570 700 ullae
1597 645 1869 700 fuerunt:
1896 644 2065 699 multi

421 753 658 796 rursum
690 736 799 791 hoc
823 751 939 792 uno
963 734 1201 791 nomine
1231 733 1420 789 multa
1434 733 1682 789 libenter
1711 733 2064 799 habuerunt,

422 834 487 884 ut
519 826 707 882 multa
737 827 1199 896 contemnerent,
1233 829 1558 880 extremam
1589 822 1849 895 inepiam
1880 823 2070 878 instar

423 914 689 973 omnium
730 931 907 987 opum
959 913 1233 970 colentes.
1284 914 1498 969 Ventre
1547 929 1741 984 porro,
1786 916 2068 982 tanquam

421 1006 627 1063 acerbo
675 1006 932 1077 quodam
983 1008 1039 1059 et
1078 1002 1408 1060 detestabili
1444 1003 1705 1071 domino,
1747 1001 2068 1057 malorum-

420 1111 534 1168 que
556 1093 823 1151 omnium
845 1109 1023 1165 opum
1047 1092 1551 1149 colentes.Ventre
1568 1108 1761 1162 porro,
1784 1096 2070 1163 tanquam

421 1202 537 1242 non
568 1200 707 1241 sane
737 1199 1020 1255 magnum
1051 1182 1226 1238 fuerit
1253 1182 1362 1237 hoc
1390 1182 1461 1237 de
1488 1181 1635 1254 ipsis
1665 1181 1879 1247 dicere,
1913 1181 2070 1251 quod

420 1292 536 1331 eam
569 1272 681 1330 sibi
730 1272 848 1327 vim
900 1271 1238 1337 adhibeant,
1290 1274 1355 1326 ut
1405 1286 1550 1342 pene
1599 1270 1791 1325 carnis
1839 1285 2073 1341 quoque

420 1363 614 1421 omnis
643 1365 905 1434 expertes
936 1377 1065 1417 esse
1107 1360 1438 1426 videantur,
1473 1358 1759 1414 nimirum
1806 1358 1863 1413 id
1917 1358 2072 1429 quod

425 1451 674 1509 mortale
703 1455 812 1521 est,
846 1466 950 1523 per
982 1450 1039 1506 id
1072 1450 1228 1521 quod
1255 1447 1609 1516 immortale,
1642 1448 2022 1503 absumentes
2054 1463 2068 1501 :

424 1560 490 1599 ac
520 1541 752 1598 virtutis
782 1539 930 1613 ipsis
962 1540 1083 1595 haec
1113 1556 1231 1596 una
1259 1538 1349 1593 lex
1378 1542 1486 1609 est,
1504 1553 1575 1593 ne
1605 1536 1921 1593 levissimis
1944 1536 2073 1607 qui-

426 1633 559 1687 dem
591 1630 769 1698 vitiis,
821 1633 997 1700 atque
1039 1628 1112 1683 ab
1161 1628 1437 1684 omnibus
1466 1626 1767 1699 neglectis,
1801 1642 2072 1682 succum-

2177 550 2234 606 δὲ
2276 558 2391 613 τοῖς
2446 552 2539 623 μὲν
2588 550 2822 611 πολλοῖς
2875 549 2988 606 οὐδ’
3036 550 3242 627 ἐγένετο
3294 552 3406 623 (80)
3438 569 3452 582 ·
3505 549 3741 613 πολλοῖς
3773 550 3832 607 δὲ

2178 639 2266 695 διὰ
2292 641 2520 695 τοῦτ’ἃν
2571 644 2635 709 ἦν
2664 638 2839 710 ἡδέως
2890 638 3067 695 πλείω
3115 639 3203 694 καὶ
3256 638 3443 711 μόνον,
3498 635 3588 693 ἵνα
3642 639 3830 695 πλειό-

2176 751 2278 783 νων
2316 727 2631 801 ὑπερίδωσι,
2681 730 2743 783 τὸ
2796 728 2965 801 μηδὲν
3018 724 3163 803 ἔχειν
3213 728 3328 782 ἀντὶ
3358 729 3555 789 παντὸς
3584 728 3830 784 πλούτου

2179 817 2644 897 φιλοσοφοῦντες·
2715 816 2947 893 γαστέρα
3019 815 3075 871 δὲ
3148 822 3264 879 τοῖς
3322 814 3557 877 πολλοῖς
3610 818 3836 894 ἀπορρί-

2178 911 2372 981 ψαντες
2449 908 2522 969 ὡς
2590 906 2787 982 πικράν
2844 904 3123 961 δέσποιναν
3178 907 3269 960 καὶ
3324 906 3685 979 ἀπόπτυστον,
3743 910 3833 962 καὶ

2178 999 2389 1051 πάντων
2439 1000 2615 1051 κακῶν
2667 994 2916 1068 μητέρα·
2990 996 3055 1050 οὐ
3100 996 3240 1069 μέγα
3299 1002 3485 1072 φῆσαι,
3548 993 3632 1049 ὅτι
3695 994 3836 1069 μηδὲ

2180 1083 2367 1158 σάρκες
2421 1085 2553 1137 εἶναι
2609 1083 2908 1157 βιάζονται,
2958 1087 3036 1153 τῷ
3087 1083 3333 1154 ἀθανάτῳ
3384 1084 3497 1156 (81)
3546 1083 3609 1136 τὸ
3643 1084 3835 1153 θνητὸν

2181 1172 2587 1234 ἀναλίσκοντες·
2622 1173 2711 1226 καὶ
2741 1172 2914 1245 νόμος
2964 1173 3038 1233 εἷς
3089 1170 3273 1232 αὐτοῖς
3320 1171 3542 1247 ἀρετῆς,
3582 1173 3645 1226 τὸ
3699 1171 3841 1245 μηδέ

2179 1267 2287 1317 τῶν
2340 1266 2547 1337 μικρῶν
2616 1262 2897 1332 ἡττᾶσθαι,
2955 1262 3045 1315 καὶ
3093 1267 3220 1315 πᾶσι
3280 1259 3709 1337 παρορωμένων.
3770 1264 3840 1317 Τὸ

2179 1354 2278 1429 γάρ
2325 1350 2643 1423 κάλλιστον,
2696 1353 2803 1424 ὃτι,
2853 1357 2960 1406 τῶν
3018 1350 3204 1405 ἄλλων
3262 1353 3330 1406 τὰ
3376 1350 3512 1421 τέλη
3556 1373 3838 1429 τιμωρου-

2187 1444 2359 1515 μένων
2407 1443 2543 1495 γατά
2587 1442 2713 1503 τοὺς
2764 1441 2988 1515 νόμους,
3039 1443 3203 1513 ἡμεῖς
3254 1440 3346 1495 καὶ
3394 1440 3490 1503 τὰς
3538 1440 3713 1517 ἀρχάς
3742 1464 3838 1497 κο-

2184 1530 2444 1604 λάζομεν,
2507 1530 2686 1606 ὥσπερ
2739 1552 2789 1584 τι
2852 1531 3024 1606 ῥεῦμα
3081 1532 3317 1606 πονηρὸν
3356 1530 3447 1585 καὶ
3478 1528 3835 1587 δυσκάθεκτον

2183 1620 2460 1697 πόρρωθεν
2490 1620 2929 1682 ἀναστέλλοντες.

424 1721 582 1777 bere.
616 1718 774 1774 Nihil
800 1718 977 1774 etiam
1009 1717 1344 1789 praeclarius
1375 1733 1439 1772 ao
1470 1716 1867 1788 praestantius,
1909 1730 2087 1785 quam
2127 1712 2305 1784 quod,
2348 1710 2478 1767 aliis
2510 1711 2796 1767 scelerum
2830 1712 2976 1766 ﬁnes
3000 1711 3169 1782 juxta
3195 1710 3351 1783 leges
3382 1710 3843 1779 vindicantibus,

427 1825 536 1864 nos
565 1808 855 1881 principia
883 1821 1113 1879 quoque
1144 1806 1268 1878 ipss
1299 1805 1631 1877 plectimus,
1665 1822 1731 1861 ac
1760 1804 1918 1860 velut
1949 1802 2172 1859 malum
2195 1802 2511 1875 quoddam,
2536 1802 2808 1873 quodque
2836 1801 2929 1855 vix
2958 1800 3089 1856 sisti
3120 1817 3185 1856 ac
3217 1800 3455 1872 reprimi
3487 1806 3681 1873 queat,
3703 1818 3843 1873 pro-

428 1898 674 1955 ﬂuvium
706 1896 891 1953 multo
922 1900 1056 1952 ante
1084 1896 1450 1952 cohibemus.

501 1990 652 2045 147
700 1987 938 2044 CXXIV.
987 1987 1239 2043 Ubinam
1288 1990 1505 2054 autem,
1548 2001 1766 2057 quaeso,
1818 1990 1873 2040 et
1923 1984 2073 2056 apud

2262 1979 2419 2035 PKA'.
2482 1982 2594 2032 Ποῦ
2652 1975 2709 2031 δὲ
2782 1975 2873 2031 καί
2946 1977 3091 2050 παρὰ
3148 1977 3287 2031 τίσιν
3347 1978 3667 2053 ἀνθρώπων,
3726 1977 3846 2034 εἶπέ

428 2094 574 2149 quos
600 2076 890 2143 homines,
924 2076 1215 2132 sancitum
1248 2081 1356 2143 est,
1394 2080 1457 2129 ut
1488 2074 1587 2146 qui
1623 2073 2074 2143 maledicuntur,

426 2166 775 2223 benedicant
827 2166 890 2236 ⁸⁸,
943 2165 1041 2236 qui
1098 2164 1607 2237 hlasphemantur,
1660 2163 1965 2220 obsecrent
2014 2163 2077 2229 ⁵⁵,

428 2256 583 2328 quod
631 2254 857 2311 scilicet
904 2271 1019 2310 non
1068 2257 1189 2309 tam
1254 2254 1551 2325 objectum
1601 2253 1842 2319 crimen,
1902 2268 2077 2322 quam

426 2345 644 2400 veritas
674 2344 803 2417 ipsa
833 2358 940 2399 nos
973 2342 1168 2411 ludat,
1204 2343 1302 2414 qui
1344 2341 1809 2414 persecutionem
1843 2341 2079 2412 patiun-

424 2438 542 2502 tur,
573 2432 919 2503 cedant,qui
946 2431 1207 2487 vestibus
1240 2431 1856 2502 spoliantur,amplius
1888 2430 2080 2485 adhuc

428 2539 490 2580 se
508 2521 852 2593 exuant,qui
879 2520 1206 2575 maledictis
1224 2524 1281 2574 et
1302 2520 1699 2575 exsecratione
1721 2520 2078 2584 afﬁciuntur,

428 2630 534 2686 pro
582 2608 1068 2667 maledicentibus
1110 2612 1277 2663 orent
1317 2624 1330 2663 :
1387 2613 1581 2679 atque,
1632 2612 1697 2663 ut
1744 2625 1860 2663 uno
1908 2608 2080 2663 verbo

432 2701 647 2771 dicam,
695 2698 1003 2754 audaciam
1054 2702 1109 2751 et
1157 2696 1666 2769 importunitatem
1722 2697 2081 2768 benignitate

435 2788 692 2856 vincant,
724 2802 961 2858 eosque,
996 2803 1029 2841 a
1076 2786 1293 2857 quibus
1323 2785 1602 2857 injuriam
1635 2786 1949 2857 accipiunt,
1980 2803 2080 2857 pa-

432 2877 641 2934 tientia
670 2894 780 2934 sua
808 2875 1077 2932 meliores
1099 2875 1400 2931 efﬁciant?
1424 2879 1609 2947 Atque
1638 2879 1704 2930 ut
1734 2876 1842 2931 hoc
1872 2877 2082 2932 demus

429 2983 532 3024 eos
564 2965 772 3023 fucatis
810 2965 935 3022 suis
981 2965 1285 3038 praeceptis
1334 2964 1543 3020 vitium
1596 2965 1931 3037 reprimere,
1965 2982 2080 3037 quo

428 3057 667 3113 tandem
699 3056 872 3111 modo
904 3056 977 3111 ad
1016 3054 1249 3110 virtutis
1298 3057 1355 3109 et
1394 3054 1671 3110 doctrinae
1704 3058 1913 3110 nostris
1944 3071 2080 3127 gra-

429 3147 569 3202 dum
600 3145 990 3218 pervenerint,
1023 3143 1146 3215 qui,
1179 3160 1334 3199 nunc
1355 3143 1414 3197 in
1439 3143 1653 3198 virtute
1672 3143 2081 3216 proﬁcere,nec

426 3251 497 3292 ex
526 3234 818 3291 veteribus
851 3233 1101 3289 subinde
1139 3249 1316 3288 novos
1347 3232 1525 3303 efﬁci,
1555 3232 1657 3288 sed
1691 3233 1893 3287 eodem
1926 3236 2080 3288 statu

2190 2088 2303 2140 μοι,
2349 2067 2411 2121 τὸ
2459 2064 2916 2141 λοιδορουμένους
2967 2066 3251 2143 εὐφημεῖν,
3310 2066 3844 2143 βλασφημουμένους

2187 2154 2537 2233 παρακαλεῖν,
2591 2156 2665 2219 ὡς
2711 2156 2773 2210 οὐ
2820 2158 2919 2224 τῆς
2966 2156 3301 2232 κακηγορίάς
3346 2159 3461 2231 (82)
3496 2155 3845 2233 βλαπτούσης

2192 2244 2403 2318 μᾶλλον
2455 2246 2489 2314 ἢ
2540 2249 2641 2320 τῇς
2690 2244 2972 2314 ἀληθείας,
3051 2243 3420 2319 διωκομένους
3506 2246 3841 2322 ὑποχωρεῖν,

2188 2335 2567 2409 γυμνομένους
2652 2330 3151 2410 προσαπεκδυεσθαι
3231 2337 3364 2408 (83),
3424 2334 3843 2411 καταρωμένους

2190 2423 2576 2499 ὑπερεύχεσθαι
2651 2428 2756 2477 τῶν
2834 2424 3165 2499 ἀρωμένων·
3238 2423 3313 2478 ένὶ
3373 2421 3549 2499 λόγῳ,
3600 2428 3843 2501 χρηστό-

2186 2533 2309 2581 τητι
2388 2518 2537 2583 νικᾷν
2614 2512 2938 2587 θρασύτητα,
3014 2512 3103 2566 καὶ
3172 2510 3421 2587 βελτίους
3481 2520 3654 2569 ποιεῖν
3714 2514 3842 2578 τους

2189 2598 2526 2669 ἀδικοῦντας,
2579 2602 2661 2664 οἶς
2706 2606 3071 2677 καρτεροῦμεν
3115 2600 3450 2678 πάσχοντεςς
3500 2603 3684 2658 Καίτοι
3744 2604 3841 2659 κᾶν

2190 2691 2235 2745 εἰ
2293 2692 2481 2748 κακίαν
2543 2691 2768 2765 δοίημεν
2828 2692 3021 2754 αὐτοὺς
3080 2694 3194 2766 (84)
3252 2692 3502 2762 κολάζειν
3567 2698 3687 2756 ταῖς
3744 2699 3843 2749 τοῦ

2187 2781 2509 2855 πλάσματος
2595 2783 2958 2857 παραινέσεσι,
3032 2786 3138 2836 ποῦ
3206 2783 3268 2836 τὸ
3341 2783 3533 2859 φθάσαι
3584 2784 3719 2859 πρὸς
3778 2786 3845 2839 τὰ

2194 2870 2363 2944 μέτρα
2416 2877 2518 2939 τῆς
2593 2870 2861 2945 ἡμετέρας
2935 2870 3131 2944 ἀρετῆς
3200 2870 3291 2925 καὶ
3348 2870 3697 2945 παιδεύσεως,
3759 2874 3843 2936 οἷς

2188 2961 2278 3015 καὶ
2307 2962 2369 3015 τὸ
2404 2962 2478 3034 μή
2510 2956 2820 3036 προϐαίνειν
2993 2966 3073 3033 τῷ
3127 2961 3303 3033 καλῳ,
3368 2959 3509 3034 μηδέ
3548 2961 3695 3023 νέους
3728 2964 3843 3017 ἀντὶ

2189 3048 2437 3103 παλαιῶν
2485 3048 2565 3103 ἀεὶ
2613 3046 2872 3124 γίνεσθαι,
2923 3048 3049 3104 ἀλλ’
3102 3049 3155 3104 έν
3217 3054 3395 3121 ταυτῷ
3452 3048 3626 3123 μένειν
3682 3052 3846 3105 κακία

2192 3137 2376 3207 δοκεῖ;
2458 3133 2759 3213 Στρόμϐων
2826 3140 2890 3193 τὸ
2966 3137 3135 3202 πάθος
3230 3139 3689 3214 περιτρεχόντων,
3780 3140 3844 3194 οὐ

2190 3227 2519 3305 προϊόντων,
2589 3226 2678 3282 καὶ
2757 3226 3016 3301 στάσιμον
3090 3227 3449 3301 κινουμένων,
3522 3226 3595 3282 ’ίν’
3669 3226 3845 3293 οὕτως

423 3324 663 3391 haerere,
704 3322 764 3376 in
812 3321 949 3378 vitio
996 3321 1314 3393 ponimus?
1364 3322 1450 3376 Ita
1497 3321 1656 3376 enim
1708 3320 1877 3376 nobis
1916 3321 2071 3376 idem

2196 3316 2351 3389 εἷ’πω,
2410 3321 2479 3391 τῇ
2542 3316 2633 3393 βίᾳ
2687 3323 2787 3386 τῆς
2848 3318 3128 3393 μάστιγος.
3186 3316 3286 3374 Καὶ
3348 3314 3431 3372 δεῖ
3486 3317 3547 3372 τὸ
3580 3319 3675 3392 μὶν
3726 3322 3842 3392 (86)

428 3412 583 3483 quod
614 3410 856 3477 trochis,
890 3410 1197 3476 accideret,
1233 3426 1379 3480 quos
1409 3411 1467 3464 in
1500 3410 1702 3464 orbem
1744 3408 1912 3479 volvi,
1957 3428 2072 3465 non

424 3505 622 3556 autem
672 3499 966 3572 progredi,
1006 3497 1295 3566 videmus,
1343 3503 1518 3569 atque
1564 3497 1829 3564 immote,
1882 3501 1946 3553 ut
1993 3500 2075 3554 sic

414 3587 646 3661 loquar,
698 3587 932 3643 scutica;
971 3586 1027 3641 vi
1076 3585 1365 3657 impulsos
1405 3585 1605 3641 rotari.
1659 3585 1940 3649 Quocirca
1969 3604 2075 3643 nos

416 3678 501 3736 ita
531 3678 916 3733 constitutam
947 3676 1164 3732 habere
1200 3674 1333 3731 vitae
1382 3674 1665 3731 rationem
1716 3679 1962 3747 oportet,
2014 3680 2079 3732 ut

418 3767 687 3838 virtutes,
721 3766 936 3839 partim
970 3766 1096 3837 jam
1146 3779 1558 3837 exsequamur,
1607 3764 1823 3835 partim
1868 3763 1928 3819 in
1977 3781 2076 3822 eas

2187 3411 2321 3480 ἡμῖν
2373 3406 2649 3477 ἐξηνύσθαι
2699 3409 2806 3460 τῶν
2851 3405 3059 3473 καλῶν,
3118 3410 3212 3460 τοῦ
3264 3406 3323 3460 δέ
3362 3402 3602 3483 ἔχεσθαι,
3661 3413 3760 3463 τοῦ
3787 3408 3843 3465 δὲ

2186 3496 2426 3574 ἐφίεσθαι
2480 3497 2643 3569 μέχρι
2694 3498 2790 3549 τοῦ
2836 3493 3030 3556 τέλους
3078 3495 3168 3549 καὶ
3206 3501 3306 3563 τῆς
3345 3497 3615 3565 θεώσεως,
3676 3497 3758 3574 ἐφ’

2184 3581 2480 3661 γεγόναμεν
2509 3584 2596 3639 καὶ
2627 3585 2761 3658 πρὸς
2792 3584 2851 3652 ἣν
2885 3582 3294 3658 ἐπειγόμεθαρῖ
3324 3604 3387 3658 γε
3407 3578 3710 3639 διαϐατικοὶ
3741 3588 3840 3655 τὴν

2187 3672 2447 3744 διάνοιαν,
2478 3673 2567 3727 καί
2595 3694 2647 3727 τι
2676 3679 2776 3742 τῆς
2816 3678 2911 3727 τοῦ
2940 3677 3073 3728 Θεοῦ
3125 3672 3487 3749 μεγαλονοίας
3526 3672 3835 3744 ἰλπίζοντες

2187 3763 2357 3833 ἄξιον.

420 3858 860 3925 incumbamus,
893 3856 1107 3929 partim
1141 3856 1351 3929 cupide
1381 3859 1750 3928 appetamus,
1781 3872 2090 3928 quousque
2118 3857 2191 3913 ad
2239 3858 2415 3911 ﬁnem
2464 3871 2529 3910 ac
2577 3853 3007 3910 deiﬁcationem
3055 3852 3218 3909 illam
3270 3854 3730 3926 pervenerimus,
3767 3857 3840 3911 ob

423 3966 601 4021 quam
634 3949 814 4006 creati
845 3965 1076 4017 sumus,
1104 3952 1162 4004 et
1191 3949 1263 4004 ad
1294 3964 1471 4021 quam
1502 3964 1908 4020 properamus,
1942 3949 1990 4004 si
2023 3949 2195 4005 modo
2235 3947 2430 4004 animo
2463 3945 2687 4003 excelso
2718 3950 2776 4003 et
2806 3946 2865 4002 in
2897 3946 3081 4003 altum
3114 3948 3454 4018 penetrante
3484 3964 3715 4018 sumus,
3749 3951 3839 4003 at-

424 4056 538 4112 que
567 4041 792 4114 aliquid
824 4040 927 4097 Dei
956 4039 1394 4113 magniﬁcentia
1422 4039 1668 4112 dignum
1698 4055 2026 4112 speramus.

492 4147 539 4181 5‘
566 4147 769 4202 Matth.
798 4162 853 4214 ν,
889 4148 976 4201 44.
1054 4147 1099 4181 ⁵⁸
1128 4149 1149 4202 Ι
1183 4147 1311 4214 Cor,
1344 4164 1420 4212 1v,
1458 4147 1540 4201 13.

493 4250 606 4332 (80)
639 4247 764 4332 Οςιδ’
794 4248 1024 4332 ἐγένετο.
1048 4253 1212 4332 .Quia
1240 4253 1523 4309 nimirum
1552 4252 1643 4332 vel
1675 4250 1903 4332 oblatas
1933 4268 2073 4332 opes

420 4322 579 4397 adire
611 4322 945 4392 noluerunt,
976 4323 1065 4380 vel
1096 4340 1435 4397 comparare
1480 4322 2072 4397 neglexerunt.rAlio-

420 4393 523 4469 qui
554 4397 755 4449 coacta
784 4411 852 4449 ex
883 4393 1581 4469 necessitatepaupertas
1612 4411 1645 4449 a
1665 4394 1941 4465 Gregorio
1965 4395 2072 4450 mi-

424 4466 581 4520 nime
607 4467 1073 4522 commendatur.

514 4536 604 4606 81)
630 4540 716 4606 Τῷ
736 4534 994 4608 ἀθανάτῳ.
1011 4539 1281 4594 Mendose
1312 4538 1371 4594 in
1394 4538 1522 4592 Par.
1558 4536 1697 4603 edit,
1727 4536 1789 4589 τὸ
1813 4535 2073 4607 ἀθανάτῳ.

517 4610 608 4678 82)
666 4613 1034 4684 Κοικηγορςας.
1086 4609 1171 4665 Ita
1228 4610 1366 4684 Heg.
1426 4608 1687 4681 quinque
1728 4612 1800 4684 _et
1858 4610 1951 4664 0r.
2021 4610 2072 4664 4.

423 4679 752 4754 Nonpauci
802 4678 997 4737 tamen
1048 4697 1181 4736 cum
1227 4678 1823 4754 εάἰῖίε,“κατηγορίᾳς.
1883 4684 2080 4736 Potest

428 4751 630 4825 reddi:
672 4773 699 4805 α
729 4755 927 4825 utpote
956 4752 1288 4825 quosmale
1331 4751 1638 4823 objectum
1684 4751 1903 4807 Crimen
1963 4769 2076 4807 non

428 4822 617 4895 magis
648 4822 826 4896 quam
859 4822 1074 4881 veritas
1105 4823 1295 4880 laedat.
1333 4846 1361 4874 ››

910 5024 1361 5111 ORATIO
1445 5024 1590 5112 νδ.

554 5172 801 5229 Secunda
833 5176 892 5229 in
917 5174 1207 5232 Iulianum
1238 5175 1621 5245 imperatorem
1652 5176 1943 5230 invectiva.

497 5337 537 5388 Ι.
575 5336 655 5389 Ac
687 5335 944 5407 primum
969 5333 1205 5406 quidem
1236 5350 1572 5390 sermonum
1598 5349 1863 5389 meorum
1886 5338 2071 5389 certa-

425 5440 560 5480 men
592 5425 924 5481 confectum
955 5428 1011 5479 et
1041 5422 1380 5480 absolutum
1411 5427 1522 5479 est.
1554 5422 1782 5477 Etenim
1814 5423 2071 5479 hominis

496 5548 576 5621 (α)
609 5547 768 5621 Alias
804 5565 904 5621 71v,
966 5565 1097 5621 quae
1142 5552 1339 5621 autem
1385 5547 1421 5602 5
1466 5551 1611 5613 erat,
1664 5550 1851 5619 nunc;
1882 5548 1967 5601 10.
2002 5578 2069 5588 -

427 5620 657 5690 Scripta
686 5620 851 5690 initio
884 5620 1019 5675 anni
1054 5620 1177 5674 364.

494 5689 607 5766 (87)
659 5689 954 5750 Βασιλέως.
1006 5696 1178 5751 Deest
1225 5690 1285 5748 in
1332 5694 1459 5749 octo
1514 5691 1655 5764 Reg.
1688 5689 1877 5749 tribus
1908 5690 2065 5747 Colb.

2252 4253 2363 4323 (83)
2414 4244 2937 4323 Dpoeumme’aquatt.
2987 4249 3079 4305 Sic
3132 4253 3271 4323 Reg.
3320 4249 3577 4323 et_C01b.
3610 4251 3833 4323 plures.

2185 4317 2355 4379 Pass.
2379 4327 2435 4378 et
2464 4317 2714 4377 Montac.
2749 4317 2901 4389 Editi
2932 4336 3088 4389 vero,
3121 4317 3612 4389 προσαπυδύεσθαι.

2255 4395 2369 4466 (84)
2401 4392 2649 4466 Δοίημεν
2673 4388 3125 4466 αὐτοὺςχΡΙυΐὸε
3156 4388 3295 4466 Reg.
3329 4397 3388 4449 et
3417 4394 3513 4449 Or.
3548 4389 3841 4465 1,δοίημεν

2186 4458 2391 4527 αὐτοῖς.
2423 4458 2687 4534 Αὶίῖδοίη
2701 4482 2793 4534 μεν
2814 4458 3077 4534 κολάζειν
3113 4458 3318 4526 αὐτοῖς.

2257 4540 2368 4607 (85)
2402 4532 2769 4611 Προσϐαίνειν.
2802 4532 2889 4611 με.
2920 4552 3121 4611 omnes
3148 4537 3331 4611 nostri
3359 4535 3603 4611 codices,
3630 4541 3841 4610 praeter

2190 4602 2327 4681 Reg.
2349 4602 2418 4680 'q,
2582 4625 2716 4664 cum
2749 4605 2887 4681 edit.
2921 4607 3116 4678 habet,
3144 4602 3515 4681 προάϐαίνειν.

2259 4628 2327 4679 ις.
2361 4628 2418 4680 q,
2452 4628 2548 4679 qu1
2582 4628 2716 4664 cum
2749 4628 2887 4660 eun.
2921 4628 3116 4678 manet,
3144 4630 3184 4663 π
3223 4628 3515 4661 οαοαινειν.

2259 4678 2371 4752 (86)
2404 4680 2499 4733 Καὶ
2532 4677 2614 4733 δεῖ
2659 4677 2889 4754 τὸῌμὲν,
2939 4685 3048 4740 etc.
3102 4705 3130 4731 «
3181 4628 3420 4754 ὅροι-ἰοὶ
3450 4684 3513 4734 ut
3546 4696 3671 4754 nos,
3702 4697 3840 4754 cum

2189 4768 2314 4826 qua:
2346 4758 2501 4826 recta
2532 4758 2670 4809 sunt
2701 4751 2817 4808 alia
2845 4765 3015 4820 opere
3045 4751 3552 4826 compleverlmus,
3600 4752 3658 4806 in
3707 4752 3824 4808 alia

2186 4823 2620 4881 incumbamus.
2654 4848 2681 4876 υ

2678 5040 3081 5137 ΛΟΓΟΣ
3185 5043 3318 5134 E’.

2325 5172 2471 5231 Κατὰ
2502 5173 2809 5229 Ἰουλιανοῦ
2841 5174 3110 5301 βὲισιλέως
3140 5176 3252 5250 (87)
3285 5175 3690 5247 στηλιτευτικὸς

2906 5267 3141 5301 ευτεοος.

2906 5267 3141 5304 ευτεοος.

2871 5269 3141 5323 οευτερος.

2254 5334 2330 5388 A'.
2384 5330 2549 5395 Οὗτος
2627 5334 2721 5406 μέν
2804 5332 2870 5404 δὴ
2930 5340 3033 5390 τῶν
3098 5336 3243 5409 ἐμῶν
3305 5333 3481 5410 λόγων
3542 5340 3570 5392 ὁ
3621 5342 3840 5410 πρῶτος

2181 5420 2373 5484 ἄεθλος
2430 5424 2544 5493 (88)
2605 5422 2973 5479 ἐκτετέλεσται
3050 5423 3139 5479 καὶ
3201 5422 3529 5496 διήνυσται·
3588 5425 3679 5481 καὶ
3732 5428 3832 5501 γὰρ

2180 5546 2274 5601 Or.
2309 5546 2362 5612 4,
2396 5551 2451 5601 et
2476 5552 2592 5604 Jes.
2629 5551 2679 5605 1.

2249 5617 2733 5703 (βῆχ’ρξξπρῶτος
2783 5619 2998 5684 ἄεθλος.
3058 5624 3147 5680 Ita
3196 5639 3341 5681 mss.
3393 5638 3621 5683 omnes.
3677 5623 3832 5681 Editi

2177 5689 2348 5762 πρῶτ’
2379 5688 2592 5754 ἄεθλος.
