  <div class='ocr_page' id='page_1' title='image "/cluster/home/n/w/nwhite01/storage/ocr_20150623/35/hvd.32044054100326/338.png"; bbox 0 0 4202 6212; ppageno 0'>
   <div class='ocr_carea' id='block_1_1' title="bbox 376 382 497 442">
    <p class='ocr_par' dir='ltr' id='par_1_1' title="bbox 376 382 497 442">
     <span class='ocr_line' id='line_1_1' title="bbox 376 382 497 442; baseline -0.033 1"><span class='ocrx_word' id='word_1_1' title='bbox 376 382 497 442; x_wconf 86' lang='grc'><strong>665</strong></span> 
     </span>
    </p>
   </div>
   <div class='ocr_carea' id='block_1_2' title="bbox 1380 381 2812 445">
    <p class='ocr_par' dir='ltr' id='par_1_2' title="bbox 1380 381 2812 445">
     <span class='ocr_line' id='line_1_2' title="bbox 1380 381 2812 445; baseline -0.003 -2"><span class='ocrx_word' id='word_1_2' title='bbox 1380 382 1673 443; x_wconf 73' lang='lat' dir='ltr'><strong>ORATIO</strong></span> <span class='ocrx_word' id='word_1_3' title='bbox 1720 381 1893 441; x_wconf 83' lang='grc' dir='ltr'><strong>ν.-</strong></span> <span class='ocrx_word' id='word_1_4' title='bbox 1930 382 2243 443; x_wconf 80' lang='lat' dir='ltr'><strong>CONTRA</strong></span> <span class='ocrx_word' id='word_1_5' title='bbox 2287 382 2689 445; x_wconf 77' lang='lat' dir='ltr'><strong>JULIANUM</strong></span> <span class='ocrx_word' id='word_1_6' title='bbox 2734 382 2812 442; x_wconf 91' lang='lat' dir='ltr'><strong>II.</strong></span> 
     </span>
    </p>
   </div>
   <div class='ocr_carea' id='block_1_3' title="bbox 3671 379 3791 442">
    <p class='ocr_par' dir='ltr' id='par_1_3' title="bbox 3671 379 3791 442">
     <span class='ocr_line' id='line_1_3' title="bbox 3671 379 3791 442; baseline 0.017 -2"><span class='ocrx_word' id='word_1_7' title='bbox 3671 379 3791 442; x_wconf 79' lang='grc'><strong>666</strong></span> 
     </span>
    </p>
   </div>
   <div class='ocr_carea' id='block_1_4' title="bbox 382 510 2037 591">
    <p class='ocr_par' dir='ltr' id='par_1_4' title="bbox 382 510 2033 588">
     <span class='ocr_line' id='line_1_4' title="bbox 382 510 2033 588; baseline 0.001 -20"><span class='ocrx_word' id='word_1_8' title='bbox 382 510 740 586; x_wconf 72' lang='grc' dir='ltr'><strong>ἐπεδειξάμην</strong></span> <span class='ocrx_word' id='word_1_9' title='bbox 785 512 987 575; x_wconf 68' lang='grc' dir='ltr'>ἱκανῶς</span> <span class='ocrx_word' id='word_1_10' title='bbox 1024 513 1122 583; x_wconf 76' lang='grc' dir='ltr'><strong>τὴν</strong></span> <span class='ocrx_word' id='word_1_11' title='bbox 1184 517 1281 568; x_wconf 73' lang='grc' dir='ltr'><strong>τοῦ</strong></span> <span class='ocrx_word' id='word_1_12' title='bbox 1351 511 1542 588; x_wconf 83' lang='grc' dir='ltr'>ἀνδρὸς</span> <span class='ocrx_word' id='word_1_13' title='bbox 1597 512 1918 583; x_wconf 78' lang='grc' dir='ltr'>κακοήθειαν</span> <span class='ocrx_word' id='word_1_14' title='bbox 1981 513 2033 569; x_wconf 78' lang='grc' dir='ltr'><strong>ἐν</strong></span> 
     </span>
    </p>
   </div>
   <div class='ocr_carea' id='block_1_5' title="bbox 2152 510 3792 591">
    <p class='ocr_par' dir='ltr' id='par_1_5' title="bbox 2152 512 3792 588">
     <span class='ocr_line' id='line_1_5' title="bbox 2152 512 3792 588; baseline -0.001 -17"><span class='ocrx_word' id='word_1_15' title='bbox 2152 516 2579 588; x_wconf 83' lang='lat' dir='ltr'><strong>improbitatem</strong></span> <span class='ocrx_word' id='word_1_16' title='bbox 2605 532 2670 571; x_wconf 87' lang='lat' dir='ltr'><strong>ac</strong></span> <span class='ocrx_word' id='word_1_17' title='bbox 2691 515 3129 588; x_wconf 80' lang='lat' dir='ltr'><strong>perversitatem</strong></span> <span class='ocrx_word' id='word_1_18' title='bbox 3154 513 3384 571; x_wconf 79' lang='lat' dir='ltr'><strong>abunde</strong></span> <span class='ocrx_word' id='word_1_19' title='bbox 3405 512 3656 584; x_wconf 80' lang='lat' dir='ltr'><strong>ostendi,</strong></span> <span class='ocrx_word' id='word_1_20' title='bbox 3669 515 3792 569; x_wconf 87' lang='lat' dir='ltr'><strong>tam</strong></span> 
     </span>
    </p>
   </div>
   <div class='ocr_carea' id='block_1_6' title="bbox 384 599 2035 678">
    <p class='ocr_par' dir='ltr' id='par_1_6' title="bbox 384 599 2035 678">
     <span class='ocr_line' id='line_1_6' title="bbox 384 599 2035 678; baseline 0 -21"><span class='ocrx_word' id='word_1_21' title='bbox 384 604 464 665; x_wconf 80' lang='grc' dir='ltr'><strong>οἷς</strong></span> <span class='ocrx_word' id='word_1_22' title='bbox 525 599 713 678; x_wconf 79' lang='grc' dir='ltr'>ἔδρασὲ</span> <span class='ocrx_word' id='word_1_23' title='bbox 757 623 813 657; x_wconf 89' lang='grc' dir='ltr'><strong>τε</strong></span> <span class='ocrx_word' id='word_1_24' title='bbox 868 603 982 657; x_wconf 82' lang='grc' dir='ltr'>καθ’</span> <span class='ocrx_word' id='word_1_25' title='bbox 1029 604 1209 676; x_wconf 78' lang='grc' dir='ltr'>ἡμῶν,</span> <span class='ocrx_word' id='word_1_26' title='bbox 1269 602 1356 658; x_wconf 79' lang='lat' dir='ltr'><strong>xui</strong></span> <span class='ocrx_word' id='word_1_27' title='bbox 1407 604 1487 665; x_wconf 87' lang='grc' dir='ltr'><strong>οἷς</strong></span> <span class='ocrx_word' id='word_1_28' title='bbox 1538 601 1791 676; x_wconf 79' lang='grc' dir='ltr'>ἔμελλεν,</span> <span class='ocrx_word' id='word_1_29' title='bbox 1850 602 1932 657; x_wconf 83' lang='grc' dir='ltr'><strong>ἀεί</strong></span> <span class='ocrx_word' id='word_1_30' title='bbox 1983 624 2035 657; x_wconf 93' lang='grc' dir='ltr'><strong>τι</strong></span> 
     </span>
    </p>
   </div>
   <div class='ocr_carea' id='block_1_7' title="bbox 381 689 2037 769">
    <p class='ocr_par' dir='ltr' id='par_1_7' title="bbox 381 689 2037 769">
     <span class='ocr_line' id='line_1_7' title="bbox 381 689 2037 769; baseline 0.001 -24"><span class='ocrx_word' id='word_1_31' title='bbox 381 696 488 746; x_wconf 77' lang='grc' dir='ltr'>τῶν</span> <span class='ocrx_word' id='word_1_32' title='bbox 529 691 810 765; x_wconf 82' lang='grc' dir='ltr'><strong>παρόντων</strong></span> <span class='ocrx_word' id='word_1_33' title='bbox 861 691 1094 747; x_wconf 69' lang='grc' dir='ltr'>ἐπινοῶν</span> <span class='ocrx_word' id='word_1_34' title='bbox 1149 691 1462 769; x_wconf 79' lang='grc' dir='ltr'>βαρύτερον.</span> <span class='ocrx_word' id='word_1_35' title='bbox 1506 696 1611 746; x_wconf 80' lang='grc' dir='ltr'><strong>Νῦν</strong></span> <span class='ocrx_word' id='word_1_36' title='bbox 1656 689 1782 746; x_wconf 77' lang='grc' dir='ltr'>αὖτε</span> <span class='ocrx_word' id='word_1_37' title='bbox 1839 693 2037 747; x_wconf 80' lang='grc' dir='ltr'>σκοπὸν</span> 
     </span>
    </p>
   </div>
   <div class='ocr_carea' id='block_1_8' title="bbox 386 777 2039 857">
    <p class='ocr_par' dir='ltr' id='par_1_8' title="bbox 386 777 2039 857">
     <span class='ocr_line' id='line_1_8' title="bbox 386 777 2039 857; baseline 0.001 -22"><span class='ocrx_word' id='word_1_38' title='bbox 386 778 577 853; x_wconf 75' lang='grc' dir='ltr'>ἄλλον,</span> <span class='ocrx_word' id='word_1_39' title='bbox 625 779 681 835; x_wconf 75' lang='grc' dir='ltr'><strong>δν</strong></span> <span class='ocrx_word' id='word_1_40' title='bbox 731 781 830 836; x_wconf 77' lang='grc' dir='ltr'><strong>οὐκ</strong></span> <span class='ocrx_word' id='word_1_41' title='bbox 861 779 964 836; x_wconf 78' lang='grc' dir='ltr'><strong>οἷδ’</strong></span> <span class='ocrx_word' id='word_1_42' title='bbox 1013 779 1067 837; x_wconf 80' lang='grc' dir='ltr'><strong>εἷ’</strong></span> <span class='ocrx_word' id='word_1_43' title='bbox 1104 804 1189 844; x_wconf 79' lang='grc' dir='ltr'><strong>τις</strong></span> <span class='ocrx_word' id='word_1_44' title='bbox 1240 777 1531 857; x_wconf 74' lang='grc' dir='ltr'>βέϐληκεν,</span> <span class='ocrx_word' id='word_1_45' title='bbox 1573 778 1683 851; x_wconf 68' lang='grc' dir='ltr'>ἤδη</span> <span class='ocrx_word' id='word_1_46' title='bbox 1715 785 1813 836; x_wconf 72' lang='grc' dir='ltr'>τοῦ</span> <span class='ocrx_word' id='word_1_47' title='bbox 1867 780 2039 856; x_wconf 78' lang='grc' dir='ltr'>λόγου</span> 
     </span>
    </p>
   </div>
   <div class='ocr_carea' id='block_1_9' title="bbox 384 868 2036 947">
    <p class='ocr_par' dir='ltr' id='par_1_9' title="bbox 384 868 2036 947">
     <span class='ocr_line' id='line_1_9' title="bbox 384 868 2036 947; baseline 0 -22"><span class='ocrx_word' id='word_1_48' title='bbox 384 869 825 945; x_wconf 83' lang='grc' dir='ltr'>προστησόμεθα,</span> <span class='ocrx_word' id='word_1_49' title='bbox 887 876 1002 943; x_wconf 84' lang='grc' dir='ltr'><strong>Θεῴ</strong></span> <span class='ocrx_word' id='word_1_50' title='bbox 1055 892 1116 927; x_wconf 91' lang='grc' dir='ltr'><strong>τε</strong></span> <span class='ocrx_word' id='word_1_51' title='bbox 1172 871 1483 947; x_wconf 74' lang='grc' dir='ltr'><strong>ἱερώτερον,</strong></span> <span class='ocrx_word' id='word_1_52' title='bbox 1541 871 1630 925; x_wconf 85' lang='grc' dir='ltr'><strong>καὶ</strong></span> <span class='ocrx_word' id='word_1_53' title='bbox 1689 873 1825 943; x_wconf 74' lang='grc' dir='ltr'>ἡμῖν</span> <span class='ocrx_word' id='word_1_54' title='bbox 1871 868 2036 941; x_wconf 78' lang='grc' dir='ltr'>ἡδίω,</span> 
     </span>
    </p>
   </div>
   <div class='ocr_carea' id='block_1_10' title="bbox 383 958 2038 1035">
    <p class='ocr_par' dir='ltr' id='par_1_10' title="bbox 383 958 2038 1035">
     <span class='ocr_line' id='line_1_10' title="bbox 383 958 2038 1035; baseline -0.001 -20"><span class='ocrx_word' id='word_1_55' title='bbox 383 959 471 1015; x_wconf 82' lang='grc' dir='ltr'><strong>καὶ</strong></span> <span class='ocrx_word' id='word_1_56' title='bbox 546 965 664 1021; x_wconf 86' lang='grc' dir='ltr'>τοῖς</span> <span class='ocrx_word' id='word_1_57' title='bbox 735 958 920 1014; x_wconf 79' lang='grc' dir='ltr'>ἔπειτα</span> <span class='ocrx_word' id='word_1_58' title='bbox 994 961 1456 1035; x_wconf 84' lang='grc' dir='ltr'>χρησιμώτερον·</span> <span class='ocrx_word' id='word_1_59' title='bbox 1533 965 1649 1021; x_wconf 84' lang='grc' dir='ltr'>τοῖς</span> <span class='ocrx_word' id='word_1_60' title='bbox 1729 958 2038 1035; x_wconf 75' lang='grc' dir='ltr'><strong>εἰρημένοις</strong></span> 
     </span>
    </p>
   </div>
   <div class='ocr_carea' id='block_1_11' title="bbox 385 1047 2036 1123">
    <p class='ocr_par' dir='ltr' id='par_1_11' title="bbox 385 1047 2036 1123">
     <span class='ocr_line' id='line_1_11' title="bbox 385 1047 2036 1123; baseline 0.001 -20"><span class='ocrx_word' id='word_1_61' title='bbox 385 1050 695 1123; x_wconf 86' lang='grc' dir='ltr'>προσθεῖναι</span> <span class='ocrx_word' id='word_1_62' title='bbox 754 1051 870 1121; x_wconf 89' lang='grc'>(89)</span> <span class='ocrx_word' id='word_1_63' title='bbox 926 1048 993 1103; x_wconf 76' lang='grc' dir='ltr'>τὰ</span> <span class='ocrx_word' id='word_1_64' title='bbox 1037 1047 1215 1103; x_wconf 86' lang='grc' dir='ltr'>δίκαια</span> <span class='ocrx_word' id='word_1_65' title='bbox 1264 1053 1362 1104; x_wconf 79' lang='grc' dir='ltr'>τοῦ</span> <span class='ocrx_word' id='word_1_66' title='bbox 1409 1053 1544 1105; x_wconf 79' lang='grc' dir='ltr'><strong>Θεοῦ</strong></span> <span class='ocrx_word' id='word_1_67' title='bbox 1608 1050 1840 1122; x_wconf 83' lang='grc' dir='ltr'>σταθμία</span> <span class='ocrx_word' id='word_1_68' title='bbox 1899 1052 2036 1122; x_wconf 90' lang='grc'>(90),</span> 
     </span>
    </p>
   </div>
   <div class='ocr_carea' id='block_1_12' title="bbox 2148 603 3789 678">
    <p class='ocr_par' dir='ltr' id='par_1_12' title="bbox 2148 603 3789 678">
     <span class='ocr_line' id='line_1_12' title="bbox 2148 603 3789 678; baseline -0.001 -18"><span class='ocrx_word' id='word_1_69' title='bbox 2148 622 2250 678; x_wconf 91' lang='lat' dir='ltr'><strong>per</strong></span> <span class='ocrx_word' id='word_1_70' title='bbox 2279 621 2346 660; x_wconf 89' lang='lat' dir='ltr'><strong>ea</strong></span> <span class='ocrx_word' id='word_1_71' title='bbox 2378 622 2503 677; x_wconf 68' lang='lat' dir='ltr'><strong>quae</strong></span> <span class='ocrx_word' id='word_1_72' title='bbox 2545 605 2823 661; x_wconf 89' lang='lat' dir='ltr'><strong>adversus</strong></span> <span class='ocrx_word' id='word_1_73' title='bbox 2869 621 2975 661; x_wconf 88' lang='lat' dir='ltr'><strong>nos</strong></span> <span class='ocrx_word' id='word_1_74' title='bbox 3024 603 3397 676; x_wconf 85' lang='lat' dir='ltr'><strong>perpetravit,</strong></span> <span class='ocrx_word' id='word_1_75' title='bbox 3449 619 3630 675; x_wconf 88' lang='lat' dir='ltr'><strong>quam</strong></span> <span class='ocrx_word' id='word_1_76' title='bbox 3661 618 3789 675; x_wconf 62' lang='lat' dir='ltr'><strong>quas</strong></span> 
     </span>
    </p>
   </div>
   <div class='ocr_carea' id='block_1_13' title="bbox 2149 693 3795 766">
    <p class='ocr_par' dir='ltr' id='par_1_13' title="bbox 2149 693 3795 766">
     <span class='ocr_line' id='line_1_13' title="bbox 2149 693 3795 766; baseline -0.001 -17"><span class='ocrx_word' id='word_1_77' title='bbox 2149 695 2337 751; x_wconf 88' lang='lat' dir='ltr'><strong>facere</strong></span> <span class='ocrx_word' id='word_1_78' title='bbox 2368 694 2635 766; x_wconf 86' lang='lat' dir='ltr'><strong>parabat,</strong></span> <span class='ocrx_word' id='word_1_79' title='bbox 2660 695 2742 749; x_wconf 89' lang='lat' dir='ltr'><strong>sic</strong></span> <span class='ocrx_word' id='word_1_80' title='bbox 2775 693 3042 750; x_wconf 84' lang='lat' dir='ltr'><strong>videlicet</strong></span> <span class='ocrx_word' id='word_1_81' title='bbox 3090 693 3285 750; x_wconf 91' lang='lat' dir='ltr'><strong>animo</strong></span> <span class='ocrx_word' id='word_1_82' title='bbox 3308 695 3705 764; x_wconf 85' lang='lat' dir='ltr'><strong>comparatus,</strong></span> <span class='ocrx_word' id='word_1_83' title='bbox 3730 696 3795 749; x_wconf 90' lang='lat' dir='ltr'><strong>ut</strong></span> 
     </span>
    </p>
   </div>
   <div class='ocr_carea' id='block_1_14' title="bbox 2148 781 3788 856">
    <p class='ocr_par' dir='ltr' id='par_1_14' title="bbox 2148 781 3788 856">
     <span class='ocr_line' id='line_1_14' title="bbox 2148 781 3788 856; baseline -0.001 -17"><span class='ocrx_word' id='word_1_84' title='bbox 2148 785 2219 839; x_wconf 92' lang='lat' dir='ltr'><strong>ad</strong></span> <span class='ocrx_word' id='word_1_85' title='bbox 2253 788 2565 856; x_wconf 64' lang='lat' dir='ltr'><strong>praesentes</strong></span> <span class='ocrx_word' id='word_1_86' title='bbox 2610 784 2951 839; x_wconf 81' lang='lat' dir='ltr'><strong>acerbitates</strong></span> <span class='ocrx_word' id='word_1_87' title='bbox 2992 783 3213 854; x_wconf 86' lang='lat' dir='ltr'><strong>aliquid</strong></span> <span class='ocrx_word' id='word_1_88' title='bbox 3265 781 3523 854; x_wconf 85' lang='lat' dir='ltr'><strong>quotidie</strong></span> <span class='ocrx_word' id='word_1_89' title='bbox 3555 781 3788 855; x_wconf 83' lang='lat' dir='ltr'><strong>gravius</strong></span> 
     </span>
    </p>
   </div>
   <div class='ocr_carea' id='block_1_15' title="bbox 2147 871 3786 946">
    <p class='ocr_par' dir='ltr' id='par_1_15' title="bbox 2147 871 3786 946">
     <span class='ocr_line' id='line_1_15' title="bbox 2147 871 3786 946; baseline -0.002 -17"><span class='ocrx_word' id='word_1_90' title='bbox 2147 874 2520 946; x_wconf 80' lang='lat' dir='ltr'><strong>excogitaret.</strong></span> <span class='ocrx_word' id='word_1_91' title='bbox 2541 872 2706 927; x_wconf 88' lang='lat' dir='ltr'><strong>Nunc</strong></span> <span class='ocrx_word' id='word_1_92' title='bbox 2727 890 2861 928; x_wconf 88' lang='lat' dir='ltr'><strong>vero</strong></span> <span class='ocrx_word' id='word_1_93' title='bbox 2884 872 3065 930; x_wconf 90' lang='lat' dir='ltr'><strong>alium</strong></span> <span class='ocrx_word' id='word_1_94' title='bbox 3082 874 3208 943; x_wconf 88' lang='lat' dir='ltr'><strong>jam</strong></span> <span class='ocrx_word' id='word_1_95' title='bbox 3230 871 3511 927; x_wconf 90' lang='lat' dir='ltr'><strong>orationis</strong></span> <span class='ocrx_word' id='word_1_96' title='bbox 3541 887 3786 944; x_wconf 85' lang='lat' dir='ltr'><strong>scopum</strong></span> 
     </span>
    </p>
   </div>
   <div class='ocr_carea' id='block_1_16' title="bbox 2146 961 3787 1035">
    <p class='ocr_par' dir='ltr' id='par_1_16' title="bbox 2146 961 3787 1035">
     <span class='ocr_line' id='line_1_16' title="bbox 2146 961 3787 1035; baseline -0.002 -17"><span class='ocrx_word' id='word_1_97' title='bbox 2146 963 2217 1018; x_wconf 90' lang='lat' dir='ltr'><strong>ad</strong></span> <span class='ocrx_word' id='word_1_98' title='bbox 2251 979 2427 1035; x_wconf 87' lang='lat' dir='ltr'><strong>quem</strong></span> <span class='ocrx_word' id='word_1_99' title='bbox 2458 962 2614 1018; x_wconf 89' lang='lat' dir='ltr'><strong>haud</strong></span> <span class='ocrx_word' id='word_1_100' title='bbox 2646 962 2766 1017; x_wconf 89' lang='lat' dir='ltr'><strong>scio</strong></span> <span class='ocrx_word' id='word_1_101' title='bbox 2804 979 2878 1017; x_wconf 84' lang='lat' dir='ltr'><strong>an</strong></span> <span class='ocrx_word' id='word_1_102' title='bbox 2929 962 3244 1033; x_wconf 85' lang='lat' dir='ltr'><strong>quisquam</strong></span> <span class='ocrx_word' id='word_1_103' title='bbox 3298 961 3627 1028; x_wconf 87' lang='lat' dir='ltr'><strong>collimarit,</strong></span> <span class='ocrx_word' id='word_1_104' title='bbox 3660 964 3787 1016; x_wconf 87' lang='lat' dir='ltr'><strong>tum</strong></span> 
     </span>
    </p>
   </div>
   <div class='ocr_carea' id='block_1_17' title="bbox 2146 1050 3787 1124">
    <p class='ocr_par' dir='ltr' id='par_1_17' title="bbox 2146 1050 3787 1124">
     <span class='ocr_line' id='line_1_17' title="bbox 2146 1050 3787 1124; baseline 0 -17"><span class='ocrx_word' id='word_1_105' title='bbox 2146 1053 2301 1124; x_wconf 82' lang='lat' dir='ltr'><strong>apud</strong></span> <span class='ocrx_word' id='word_1_106' title='bbox 2344 1053 2527 1108; x_wconf 91' lang='lat' dir='ltr'><strong>Deum</strong></span> <span class='ocrx_word' id='word_1_107' title='bbox 2561 1052 2936 1118; x_wconf 81' lang='lat' dir='ltr'><strong>sanctiorem,</strong></span> <span class='ocrx_word' id='word_1_108' title='bbox 2970 1055 3096 1107; x_wconf 88' lang='lat' dir='ltr'><strong>tum</strong></span> <span class='ocrx_word' id='word_1_109' title='bbox 3144 1050 3314 1107; x_wconf 92' lang='lat' dir='ltr'><strong>nobis</strong></span> <span class='ocrx_word' id='word_1_110' title='bbox 3362 1051 3787 1122; x_wconf 71' lang='lat' dir='ltr'><strong>iucundiorem,</strong></span> 
     </span>
    </p>
   </div>
   <div class='ocr_carea' id='block_1_18' title="bbox 385 1136 2037 1214">
    <p class='ocr_par' dir='ltr' id='par_1_18' title="bbox 385 1136 2032 1214">
     <span class='ocr_line' id='line_1_18' title="bbox 385 1136 2032 1214; baseline -0.001 -21"><span class='ocrx_word' id='word_1_111' title='bbox 385 1137 474 1193; x_wconf 81' lang='lat' dir='ltr'><strong>xui</strong></span> <span class='ocrx_word' id='word_1_112' title='bbox 523 1138 603 1199; x_wconf 74' lang='grc' dir='ltr'><strong>οἷς</strong></span> <span class='ocrx_word' id='word_1_113' title='bbox 665 1136 1164 1193; x_wconf 73' lang='grc' dir='ltr'>ἀντιταλαντεόεται</span> <span class='ocrx_word' id='word_1_114' title='bbox 1241 1138 1478 1214; x_wconf 79' lang='grc' dir='ltr'>πονηρία</span> <span class='ocrx_word' id='word_1_115' title='bbox 1558 1139 1691 1211; x_wconf 85' lang='grc'>(91),</span> <span class='ocrx_word' id='word_1_116' title='bbox 1759 1142 1874 1201; x_wconf 85' lang='grc' dir='ltr'>τοῖς</span> <span class='ocrx_word' id='word_1_117' title='bbox 1939 1139 2032 1212; x_wconf 76' lang='grc' dir='ltr'>μὲν</span> 
     </span>
    </p>
   </div>
   <div class='ocr_carea' id='block_1_19' title="bbox 2152 1136 3788 1214">
    <p class='ocr_par' dir='ltr' id='par_1_19' title="bbox 2152 1140 3788 1214">
     <span class='ocr_line' id='line_1_19' title="bbox 2152 1140 3788 1214; baseline -0.001 -16"><span class='ocrx_word' id='word_1_118' title='bbox 2152 1146 2318 1214; x_wconf 84' lang='lat' dir='ltr'><strong>atque</strong></span> <span class='ocrx_word' id='word_1_119' title='bbox 2349 1141 2490 1197; x_wconf 90' lang='lat' dir='ltr'><strong>adeo</strong></span> <span class='ocrx_word' id='word_1_120' title='bbox 2522 1140 2770 1212; x_wconf 89' lang='lat' dir='ltr'><strong>posteris</strong></span> <span class='ocrx_word' id='word_1_121' title='bbox 2802 1140 3115 1208; x_wconf 87' lang='lat' dir='ltr'><strong>utiliorem,</strong></span> <span class='ocrx_word' id='word_1_122' title='bbox 3158 1141 3326 1197; x_wconf 85' lang='lat' dir='ltr'><strong>nobis</strong></span> <span class='ocrx_word' id='word_1_123' title='bbox 3356 1157 3788 1213; x_wconf 86' lang='lat' dir='ltr'><strong>proponemus;</strong></span> 
     </span>
    </p>
   </div>
   <div class='ocr_carea' id='block_1_20' title="bbox 386 1225 2037 1303">
    <p class='ocr_par' dir='ltr' id='par_1_20' title="bbox 386 1225 2037 1303">
     <span class='ocr_line' id='line_1_20' title="bbox 386 1225 2037 1303; baseline 0.001 -22"><span class='ocrx_word' id='word_1_124' title='bbox 386 1225 602 1281; x_wconf 71' lang='grc' dir='ltr'>αὐτόθεν</span> <span class='ocrx_word' id='word_1_125' title='bbox 835 1228 1144 1295; x_wconf 81' lang='grc' dir='ltr'>ἀπαντῶσα,</span> <span class='ocrx_word' id='word_1_126' title='bbox 1200 1232 1318 1289; x_wconf 83' lang='grc' dir='ltr'>τοῖς</span> <span class='ocrx_word' id='word_1_127' title='bbox 1380 1225 1437 1283; x_wconf 73' lang='grc' dir='ltr'><strong>δὲ</strong></span> <span class='ocrx_word' id='word_1_128' title='bbox 1492 1229 1580 1282; x_wconf 85' lang='grc' dir='ltr'><strong>καὶ</strong></span> <span class='ocrx_word' id='word_1_129' title='bbox 1643 1227 1831 1303; x_wconf 77' lang='grc' dir='ltr'>μικρὸν</span> <span class='ocrx_word' id='word_1_130' title='bbox 1892 1226 2037 1283; x_wconf 77' lang='grc' dir='ltr'>ὕστε-</span> 
     </span>
    </p>
   </div>
   <div class='ocr_carea' id='block_1_21' title="bbox 2152 1225 3789 1303">
    <p class='ocr_par' dir='ltr' id='par_1_21' title="bbox 2152 1230 3789 1301">
     <span class='ocr_line' id='line_1_21' title="bbox 2152 1230 3789 1301; baseline 0 -16"><span class='ocrx_word' id='word_1_131' title='bbox 2152 1230 2426 1286; x_wconf 87' lang='lat' dir='ltr'><strong>nimirum</strong></span> <span class='ocrx_word' id='word_1_132' title='bbox 2459 1234 2523 1286; x_wconf 91' lang='lat' dir='ltr'><strong>ut</strong></span> <span class='ocrx_word' id='word_1_133' title='bbox 2554 1230 2624 1285; x_wconf 91' lang='lat' dir='ltr'><strong>ad</strong></span> <span class='ocrx_word' id='word_1_134' title='bbox 2656 1247 2724 1285; x_wconf 92' lang='lat' dir='ltr'><strong>ea</strong></span> <span class='ocrx_word' id='word_1_135' title='bbox 2749 1247 2875 1301; x_wconf 68' lang='lat' dir='ltr'><strong>quae</strong></span> <span class='ocrx_word' id='word_1_136' title='bbox 2907 1230 3177 1301; x_wconf 82' lang='lat' dir='ltr'><strong>superius</strong></span> <span class='ocrx_word' id='word_1_137' title='bbox 3209 1246 3242 1285; x_wconf 88' lang='lat' dir='ltr'><strong>a</strong></span> <span class='ocrx_word' id='word_1_138' title='bbox 3265 1230 3432 1286; x_wconf 88' lang='lat' dir='ltr'><strong>nobis</strong></span> <span class='ocrx_word' id='word_1_139' title='bbox 3462 1230 3617 1286; x_wconf 86' lang='lat' dir='ltr'><strong>dicta</strong></span> <span class='ocrx_word' id='word_1_140' title='bbox 3645 1233 3789 1285; x_wconf 89' lang='lat' dir='ltr'><strong>sunt</strong></span> 
     </span>
    </p>
   </div>
   <div class='ocr_carea' id='block_1_22' title="bbox 389 1314 2037 1392">
    <p class='ocr_par' dir='ltr' id='par_1_22' title="bbox 389 1314 2034 1392">
     <span class='ocr_line' id='line_1_22' title="bbox 389 1314 2034 1392; baseline 0 -22"><span class='ocrx_word' id='word_1_141' title='bbox 389 1334 515 1392; x_wconf 89' lang='grc' dir='ltr'>ρον·</span> <span class='ocrx_word' id='word_1_142' title='bbox 549 1315 832 1389; x_wconf 72' lang='grc' dir='ltr'>ὅπως,ἃν,</span> <span class='ocrx_word' id='word_1_143' title='bbox 894 1319 1071 1390; x_wconf 85' lang='grc' dir='ltr'>οἴμαι,</span> <span class='ocrx_word' id='word_1_144' title='bbox 1128 1318 1207 1388; x_wconf 79' lang='grc' dir='ltr'>τῷ</span> <span class='ocrx_word' id='word_1_145' title='bbox 1265 1317 1487 1392; x_wconf 78' lang='grc' dir='ltr'>τεχνίτῃ</span> <span class='ocrx_word' id='word_1_146' title='bbox 1544 1317 1708 1392; x_wconf 84' lang='grc' dir='ltr'>Λόγῳ</span> <span class='ocrx_word' id='word_1_147' title='bbox 1740 1314 1893 1389; x_wconf 72' lang='grc' dir='ltr'>δοκῇ,</span> <span class='ocrx_word' id='word_1_148' title='bbox 1944 1317 2034 1372; x_wconf 83' lang='grc' dir='ltr'><strong>καὶ</strong></span> 
     </span>
    </p>
   </div>
   <div class='ocr_carea' id='block_1_23' title="bbox 2152 1314 3790 1392">
    <p class='ocr_par' dir='ltr' id='par_1_23' title="bbox 2152 1318 3790 1392">
     <span class='ocr_line' id='line_1_23' title="bbox 2152 1318 3790 1392; baseline -0.002 -16"><span class='ocrx_word' id='word_1_149' title='bbox 2152 1321 2334 1391; x_wconf 89' lang='lat' dir='ltr'><strong>iustas</strong></span> <span class='ocrx_word' id='word_1_150' title='bbox 2350 1320 2448 1376; x_wconf 89' lang='lat' dir='ltr'><strong>Dei</strong></span> <span class='ocrx_word' id='word_1_151' title='bbox 2468 1320 2664 1376; x_wconf 86' lang='lat' dir='ltr'><strong>lances</strong></span> <span class='ocrx_word' id='word_1_152' title='bbox 2686 1320 3101 1392; x_wconf 85' lang='lat' dir='ltr'><strong>adjungamus,</strong></span> <span class='ocrx_word' id='word_1_153' title='bbox 3120 1335 3337 1390; x_wconf 91' lang='lat' dir='ltr'><strong>easque</strong></span> <span class='ocrx_word' id='word_1_154' title='bbox 3351 1335 3549 1391; x_wconf 86' lang='lat' dir='ltr'><strong>poenas</strong></span> <span class='ocrx_word' id='word_1_155' title='bbox 3575 1318 3790 1390; x_wconf 90' lang='lat' dir='ltr'><strong>quibus</strong></span> 
     </span>
    </p>
   </div>
   <div class='ocr_carea' id='block_1_24' title="bbox 389 1403 2037 1485">
    <p class='ocr_par' dir='ltr' id='par_1_24' title="bbox 389 1403 2033 1485">
     <span class='ocr_line' id='line_1_24' title="bbox 389 1403 2033 1485; baseline 0 -24"><span class='ocrx_word' id='word_1_156' title='bbox 389 1404 559 1478; x_wconf 89' lang='grc' dir='ltr'>ταμίᾳ</span> <span class='ocrx_word' id='word_1_157' title='bbox 614 1410 722 1461; x_wconf 77' lang='grc' dir='ltr'>τῶν</span> <span class='ocrx_word' id='word_1_158' title='bbox 780 1406 1063 1481; x_wconf 71' lang='grc' dir='ltr'>ἡμετέρων</span> <span class='ocrx_word' id='word_1_159' title='bbox 1123 1408 1274 1480; x_wconf 86' lang='grc'>(93)·</span> <span class='ocrx_word' id='word_1_160' title='bbox 1326 1407 1384 1468; x_wconf 81' lang='grc' dir='ltr'>ὃς</span> <span class='ocrx_word' id='word_1_161' title='bbox 1434 1403 1553 1461; x_wconf 70' lang='grc' dir='ltr'><strong>οἶδε</strong></span> <span class='ocrx_word' id='word_1_162' title='bbox 1598 1409 1879 1485; x_wconf 78' lang='grc' dir='ltr'>συμφοράν</span> <span class='ocrx_word' id='word_1_163' title='bbox 1940 1407 2033 1479; x_wconf 81' lang='grc' dir='ltr'>μὶν</span> 
     </span>
    </p>
   </div>
   <div class='ocr_carea' id='block_1_25' title="bbox 2152 1403 3791 1485">
    <p class='ocr_par' dir='ltr' id='par_1_25' title="bbox 2152 1407 3791 1482">
     <span class='ocr_line' id='line_1_25' title="bbox 2152 1407 3791 1482; baseline -0.001 -18"><span class='ocrx_word' id='word_1_164' title='bbox 2152 1408 2493 1481; x_wconf 86' lang='lat' dir='ltr'><strong>improbitas</strong></span> <span class='ocrx_word' id='word_1_165' title='bbox 2540 1413 2973 1482; x_wconf 87' lang='lat' dir='ltr'><strong>compensatur,</strong></span> <span class='ocrx_word' id='word_1_166' title='bbox 3042 1408 3173 1463; x_wconf 87' lang='lat' dir='ltr'><strong>aliis</strong></span> <span class='ocrx_word' id='word_1_167' title='bbox 3240 1408 3518 1463; x_wconf 90' lang='lat' dir='ltr'><strong>nimirum</strong></span> <span class='ocrx_word' id='word_1_168' title='bbox 3566 1407 3791 1475; x_wconf 85' lang='lat' dir='ltr'><strong>statim,</strong></span> 
     </span>
    </p>
   </div>
   <div class='ocr_carea' id='block_1_26' title="bbox 389 1493 2037 1573">
    <p class='ocr_par' dir='ltr' id='par_1_26' title="bbox 389 1493 2037 1573">
     <span class='ocr_line' id='line_1_26' title="bbox 389 1493 2037 1573; baseline -0.001 -22"><span class='ocrx_word' id='word_1_169' title='bbox 389 1495 694 1551; x_wconf 72' lang='grc' dir='ltr'>ἐπικόπτειν</span> <span class='ocrx_word' id='word_1_170' title='bbox 755 1494 911 1569; x_wconf 67' lang='grc' dir='ltr'>ἐλέῳ,</span> <span class='ocrx_word' id='word_1_171' title='bbox 947 1496 1142 1572; x_wconf 81' lang='grc' dir='ltr'>θράσος</span> <span class='ocrx_word' id='word_1_172' title='bbox 1200 1493 1257 1550; x_wconf 75' lang='grc' dir='ltr'><strong>δὲ</strong></span> <span class='ocrx_word' id='word_1_173' title='bbox 1314 1495 1503 1569; x_wconf 78' lang='grc' dir='ltr'>ἀτιμίᾳ</span> <span class='ocrx_word' id='word_1_174' title='bbox 1558 1496 1904 1573; x_wconf 82' lang='grc' dir='ltr'><strong>σωφρονίζειν</strong></span> <span class='ocrx_word' id='word_1_175' title='bbox 1946 1497 2037 1551; x_wconf 84' lang='grc' dir='ltr'><strong>καὶ</strong></span> 
     </span>
    </p>
   </div>
   <div class='ocr_carea' id='block_1_27' title="bbox 2152 1493 3799 1573">
    <p class='ocr_par' dir='ltr' id='par_1_27' title="bbox 2152 1498 3799 1571">
     <span class='ocr_line' id='line_1_27' title="bbox 2152 1498 3799 1571; baseline -0.001 -17"><span class='ocrx_word' id='word_1_176' title='bbox 2152 1498 2277 1556; x_wconf 89' lang='lat' dir='ltr'><strong>aliis</strong></span> <span class='ocrx_word' id='word_1_177' title='bbox 2310 1503 2504 1554; x_wconf 88' lang='lat' dir='ltr'><strong>autem</strong></span> <span class='ocrx_word' id='word_1_178' title='bbox 2537 1498 2834 1571; x_wconf 87' lang='lat' dir='ltr'><strong>aliquanto</strong></span> <span class='ocrx_word' id='word_1_179' title='bbox 2868 1498 3021 1555; x_wconf 73' lang='lat'><strong>148</strong></span> <span class='ocrx_word' id='word_1_180' title='bbox 3072 1501 3205 1570; x_wconf 87' lang='lat' dir='ltr'><strong>post</strong></span> <span class='ocrx_word' id='word_1_181' title='bbox 3244 1513 3591 1565; x_wconf 86' lang='lat' dir='ltr'><strong>occurrens;</strong></span> <span class='ocrx_word' id='word_1_182' title='bbox 3624 1500 3799 1569; x_wconf 90' lang='lat' dir='ltr'><strong>prout</strong></span> 
     </span>
    </p>
   </div>
   <div class='ocr_carea' id='block_1_28' title="bbox 393 1585 2037 1663">
    <p class='ocr_par' dir='ltr' id='par_1_28' title="bbox 393 1585 2037 1663">
     <span class='ocr_line' id='line_1_28' title="bbox 393 1585 2037 1663; baseline 0 -22"><span class='ocrx_word' id='word_1_183' title='bbox 393 1586 655 1660; x_wconf 73' lang='grc' dir='ltr'>μάστιξιν,</span> <span class='ocrx_word' id='word_1_184' title='bbox 714 1586 794 1649; x_wconf 76' lang='grc' dir='ltr'>οἷς</span> <span class='ocrx_word' id='word_1_185' title='bbox 845 1587 1004 1649; x_wconf 77' lang='grc' dir='ltr'>αὐτὸς</span> <span class='ocrx_word' id='word_1_186' title='bbox 1050 1586 1325 1643; x_wconf 77' lang='grc' dir='ltr'>ἐπίσταται</span> <span class='ocrx_word' id='word_1_187' title='bbox 1379 1587 1595 1662; x_wconf 73' lang='grc' dir='ltr'>μέτροις</span> <span class='ocrx_word' id='word_1_188' title='bbox 1655 1590 1767 1663; x_wconf 85' lang='grc'>(94)</span> <span class='ocrx_word' id='word_1_189' title='bbox 1816 1585 2037 1643; x_wconf 83' lang='grc' dir='ltr'>παιδεύ-</span> 
     </span>
    </p>
   </div>
   <div class='ocr_carea' id='block_1_29' title="bbox 2152 1585 3796 1663">
    <p class='ocr_par' dir='ltr' id='par_1_29' title="bbox 2152 1586 3796 1662">
     <span class='ocr_line' id='line_1_29' title="bbox 2152 1586 3796 1662; baseline -0.002 -17"><span class='ocrx_word' id='word_1_190' title='bbox 2152 1589 2373 1662; x_wconf 78' lang='lat' dir='ltr'><strong>Opinor,</strong></span> <span class='ocrx_word' id='word_1_191' title='bbox 2408 1588 2616 1644; x_wconf 81' lang='lat' dir='ltr'><strong>artiﬁci</strong></span> <span class='ocrx_word' id='word_1_192' title='bbox 2644 1588 2851 1659; x_wconf 87' lang='lat' dir='ltr'><strong>Verbo,</strong></span> <span class='ocrx_word' id='word_1_193' title='bbox 2876 1604 3187 1659; x_wconf 88' lang='lat' dir='ltr'><strong>rerumque</strong></span> <span class='ocrx_word' id='word_1_194' title='bbox 3213 1591 3547 1644; x_wconf 87' lang='lat' dir='ltr'><strong>nostrarum</strong></span> <span class='ocrx_word' id='word_1_195' title='bbox 3579 1586 3796 1642; x_wconf 87' lang='lat' dir='ltr'><strong>arbitro</strong></span> 
     </span>
    </p>
   </div>
   <div class='ocr_carea' id='block_1_30' title="bbox 388 1675 3797 1749">
    <p class='ocr_par' dir='ltr' id='par_1_30' title="bbox 388 1675 3797 1749">
     <span class='ocr_line' id='line_1_30' title="bbox 388 1675 3797 1749; baseline 0 -19"><span class='ocrx_word' id='word_1_196' title='bbox 388 1696 544 1738; x_wconf 83' lang='grc' dir='ltr'>σεως.</span> <span class='ocrx_word' id='word_1_197' title='bbox 2147 1682 2204 1734; x_wconf 88' lang='lat' dir='ltr'><strong>et</strong></span> <span class='ocrx_word' id='word_1_198' title='bbox 2265 1677 2617 1734; x_wconf 87' lang='lat' dir='ltr'><strong>moderatori</strong></span> <span class='ocrx_word' id='word_1_199' title='bbox 2647 1676 2840 1733; x_wconf 90' lang='lat' dir='ltr'><strong>visum</strong></span> <span class='ocrx_word' id='word_1_200' title='bbox 2890 1677 3068 1733; x_wconf 83' lang='lat' dir='ltr'><strong>fuerit</strong></span> <span class='ocrx_word' id='word_1_201' title='bbox 3099 1696 3112 1745; x_wconf 88' lang='lat'><strong>;</strong></span> <span class='ocrx_word' id='word_1_202' title='bbox 3146 1676 3267 1749; x_wconf 86' lang='lat' dir='ltr'><strong>qui,</strong></span> <span class='ocrx_word' id='word_1_203' title='bbox 3292 1680 3358 1733; x_wconf 89' lang='lat' dir='ltr'><strong>ut</strong></span> <span class='ocrx_word' id='word_1_204' title='bbox 3402 1675 3797 1733; x_wconf 85' lang='lat' dir='ltr'><strong>calamitatem</strong></span> 
     </span>
    </p>
   </div>
   <div class='ocr_carea' id='block_1_31' title="bbox 388 1766 3791 1841">
    <p class='ocr_par' dir='ltr' id='par_1_31' title="bbox 388 1766 3791 1841">
     <span class='ocr_line' id='line_1_31' title="bbox 388 1766 3791 1841; baseline 0 -20"><span class='ocrx_word' id='word_1_205' title='bbox 388 1766 790 1824; x_wconf 87' lang='lat' dir='ltr'><strong>misericordia</strong></span> <span class='ocrx_word' id='word_1_206' title='bbox 819 1767 1102 1841; x_wconf 86' lang='lat' dir='ltr'><strong>reprimit,</strong></span> <span class='ocrx_word' id='word_1_207' title='bbox 1138 1768 1219 1823; x_wconf 87' lang='lat' dir='ltr'><strong>ita</strong></span> <span class='ocrx_word' id='word_1_208' title='bbox 1244 1768 1422 1823; x_wconf 89' lang='lat' dir='ltr'><strong>etiam</strong></span> <span class='ocrx_word' id='word_1_209' title='bbox 1445 1767 1769 1838; x_wconf 80' lang='lat' dir='ltr'><strong>ignominia</strong></span> <span class='ocrx_word' id='word_1_210' title='bbox 1797 1774 1855 1824; x_wconf 89' lang='lat' dir='ltr'><strong>et</strong></span> <span class='ocrx_word' id='word_1_211' title='bbox 1884 1768 2102 1841; x_wconf 86' lang='lat' dir='ltr'><strong>ﬂagris,</strong></span> <span class='ocrx_word' id='word_1_212' title='bbox 2134 1784 2237 1841; x_wconf 91' lang='lat' dir='ltr'><strong>pro</strong></span> <span class='ocrx_word' id='word_1_213' title='bbox 2270 1783 2337 1823; x_wconf 92' lang='lat' dir='ltr'><strong>eo</strong></span> <span class='ocrx_word' id='word_1_214' title='bbox 2368 1766 2892 1823; x_wconf 85' lang='lat' dir='ltr'><strong>animadversionis</strong></span> <span class='ocrx_word' id='word_1_215' title='bbox 2922 1768 3117 1837; x_wconf 89' lang='lat' dir='ltr'><strong>modo,</strong></span> <span class='ocrx_word' id='word_1_216' title='bbox 3170 1781 3345 1839; x_wconf 87' lang='lat' dir='ltr'><strong>quem</strong></span> <span class='ocrx_word' id='word_1_217' title='bbox 3394 1766 3519 1839; x_wconf 89' lang='lat' dir='ltr'><strong>ipse</strong></span> <span class='ocrx_word' id='word_1_218' title='bbox 3548 1780 3791 1839; x_wconf 86' lang='lat' dir='ltr'><strong>perspe—</strong></span> 
     </span>
    </p>
   </div>
   <div class='ocr_carea' id='block_1_32' title="bbox 386 1856 2451 1929">
    <p class='ocr_par' dir='ltr' id='par_1_32' title="bbox 386 1856 2451 1929">
     <span class='ocr_line' id='line_1_32' title="bbox 386 1856 2451 1929; baseline 0 -16"><span class='ocrx_word' id='word_1_219' title='bbox 386 1860 548 1913; x_wconf 91' lang='lat' dir='ltr'><strong>ctum</strong></span> <span class='ocrx_word' id='word_1_220' title='bbox 577 1860 634 1912; x_wconf 88' lang='lat' dir='ltr'><strong>et</strong></span> <span class='ocrx_word' id='word_1_221' title='bbox 663 1856 1029 1929; x_wconf 82' lang='lat' dir='ltr'><strong>exploratum</strong></span> <span class='ocrx_word' id='word_1_222' title='bbox 1059 1857 1256 1923; x_wconf 91' lang='lat' dir='ltr'><strong>habet,</strong></span> <span class='ocrx_word' id='word_1_223' title='bbox 1289 1857 1677 1913; x_wconf 87' lang='lat' dir='ltr'><strong>temeritatem</strong></span> <span class='ocrx_word' id='word_1_224' title='bbox 1704 1875 1769 1914; x_wconf 84' lang='lat' dir='ltr'><strong>ac</strong></span> <span class='ocrx_word' id='word_1_225' title='bbox 1799 1857 2176 1914; x_wconf 86' lang='lat' dir='ltr'><strong>insolentiam</strong></span> <span class='ocrx_word' id='word_1_226' title='bbox 2208 1861 2451 1913; x_wconf 89' lang='lat' dir='ltr'><strong>coercet.</strong></span> 
     </span>
    </p>
   </div>
   <div class='ocr_carea' id='block_1_33' title="bbox 460 1939 2037 2019">
    <p class='ocr_par' dir='ltr' id='par_1_33' title="bbox 460 1939 2037 2019">
     <span class='ocr_line' id='line_1_33' title="bbox 460 1939 2037 2019; baseline 0.001 -21"><span class='ocrx_word' id='word_1_227' title='bbox 460 1951 528 2000; x_wconf 88' lang='lat' dir='ltr'><strong>B&#39;.</strong></span> <span class='ocrx_word' id='word_1_228' title='bbox 590 1944 793 2006; x_wconf 83' lang='grc' dir='ltr'>Νόσους</span> <span class='ocrx_word' id='word_1_229' title='bbox 874 1945 969 2019; x_wconf 69' lang='grc' dir='ltr'>μὲν</span> <span class='ocrx_word' id='word_1_230' title='bbox 1050 1941 1116 2014; x_wconf 82' lang='grc' dir='ltr'><strong>δὴ</strong></span> <span class='ocrx_word' id='word_1_231' title='bbox 1193 1949 1300 1999; x_wconf 78' lang='grc' dir='ltr'><strong>τῶν</strong></span> <span class='ocrx_word' id='word_1_232' title='bbox 1372 1939 1577 1999; x_wconf 74' lang='grc' dir='ltr'>ἀσεϐῶν</span> <span class='ocrx_word' id='word_1_233' title='bbox 1643 1942 1902 2015; x_wconf 79' lang='grc' dir='ltr'>ἐνδίκους,</span> <span class='ocrx_word' id='word_1_234' title='bbox 1953 1946 2037 2001; x_wconf 83' lang='lat' dir='ltr'><strong>xul</strong></span> 
     </span>
    </p>
   </div>
   <div class='ocr_carea' id='block_1_34' title="bbox 2152 1939 3800 2019">
    <p class='ocr_par' dir='ltr' id='par_1_34' title="bbox 2227 1944 3800 2019">
     <span class='ocr_line' id='line_1_34' title="bbox 2227 1944 3800 2019; baseline -0.002 -17"><span class='ocrx_word' id='word_1_235' title='bbox 2227 1948 2270 2002; x_wconf 89' lang='lat' dir='ltr'><strong>II</strong></span> <span class='ocrx_word' id='word_1_236' title='bbox 2302 1947 2605 2002; x_wconf 88' lang='lat' dir='ltr'><strong>Enimvero</strong></span> <span class='ocrx_word' id='word_1_237' title='bbox 2639 1946 2772 2019; x_wconf 92' lang='lat' dir='ltr'><strong>quis</strong></span> <span class='ocrx_word' id='word_1_238' title='bbox 2795 1946 2997 2018; x_wconf 88' lang='lat' dir='ltr'><strong>justos</strong></span> <span class='ocrx_word' id='word_1_239' title='bbox 3049 1945 3367 2018; x_wconf 89' lang='lat' dir='ltr'><strong>impiorum</strong></span> <span class='ocrx_word' id='word_1_240' title='bbox 3398 1944 3656 2015; x_wconf 88' lang='lat' dir='ltr'><strong>morbos,</strong></span> <span class='ocrx_word' id='word_1_241' title='bbox 3689 1944 3800 1999; x_wconf 89' lang='lat' dir='ltr'><strong>mi-</strong></span> 
     </span>
    </p>
   </div>
   <div class='ocr_carea' id='block_1_35' title="bbox 391 2031 2038 2112">
    <p class='ocr_par' dir='ltr' id='par_1_35' title="bbox 391 2031 2038 2112">
     <span class='ocr_line' id='line_1_35' title="bbox 391 2031 2038 2112; baseline -0.001 -22"><span class='ocrx_word' id='word_1_242' title='bbox 391 2033 567 2109; x_wconf 74' lang='grc' dir='ltr'>ῥήξεις</span> <span class='ocrx_word' id='word_1_243' title='bbox 618 2033 717 2087; x_wconf 78' lang='grc' dir='ltr'>οὐκ</span> <span class='ocrx_word' id='word_1_244' title='bbox 766 2035 1005 2112; x_wconf 75' lang='grc' dir='ltr'>ἀφανεῖς,</span> <span class='ocrx_word' id='word_1_245' title='bbox 1050 2034 1141 2088; x_wconf 86' lang='grc' dir='ltr'><strong>καὶ</strong></span> <span class='ocrx_word' id='word_1_246' title='bbox 1191 2031 1572 2110; x_wconf 80' lang='grc' dir='ltr'>πολυτρόπους</span> <span class='ocrx_word' id='word_1_247' title='bbox 1612 2032 1785 2097; x_wconf 77' lang='grc' dir='ltr'>ἄλλας</span> <span class='ocrx_word' id='word_1_248' title='bbox 1818 2033 2038 2110; x_wconf 78' lang='grc' dir='ltr'>πληγὰς</span> 
     </span>
    </p>
   </div>
   <div class='ocr_carea' id='block_1_36' title="bbox 389 2122 2036 2201">
    <p class='ocr_par' dir='ltr' id='par_1_36' title="bbox 389 2122 2036 2201">
     <span class='ocr_line' id='line_1_36' title="bbox 389 2122 2036 2201; baseline 0.001 -24"><span class='ocrx_word' id='word_1_249' title='bbox 389 2122 477 2177; x_wconf 74' lang='lat' dir='ltr'><strong>xui</strong></span> <span class='ocrx_word' id='word_1_250' title='bbox 540 2125 797 2199; x_wconf 83' lang='grc' dir='ltr'>μάστιγας</span> <span class='ocrx_word' id='word_1_251' title='bbox 872 2124 951 2185; x_wconf 75' lang='grc' dir='ltr'>οἷς</span> <span class='ocrx_word' id='word_1_252' title='bbox 1028 2122 1396 2196; x_wconf 78' lang='grc' dir='ltr'>τετολμήκασι</span> <span class='ocrx_word' id='word_1_253' title='bbox 1468 2122 1854 2201; x_wconf 86' lang='grc' dir='ltr'>παραπλησίας</span> <span class='ocrx_word' id='word_1_254' title='bbox 1904 2126 2036 2197; x_wconf 86' lang='grc'>(95),</span> 
     </span>
    </p>
   </div>
   <div class='ocr_carea' id='block_1_37' title="bbox 389 2211 2039 2289">
    <p class='ocr_par' dir='ltr' id='par_1_37' title="bbox 389 2211 2039 2289">
     <span class='ocr_line' id='line_1_37' title="bbox 389 2211 2039 2289; baseline 0.001 -22"><span class='ocrx_word' id='word_1_255' title='bbox 389 2212 476 2267; x_wconf 87' lang='lat' dir='ltr'><strong>xui</strong></span> <span class='ocrx_word' id='word_1_256' title='bbox 524 2211 779 2274; x_wconf 82' lang='grc' dir='ltr'>θανάτους</span> <span class='ocrx_word' id='word_1_257' title='bbox 834 2212 894 2267; x_wconf 84' lang='grc' dir='ltr'>οὐ</span> <span class='ocrx_word' id='word_1_258' title='bbox 951 2214 1086 2268; x_wconf 77' lang='grc' dir='ltr'>κατὰ</span> <span class='ocrx_word' id='word_1_259' title='bbox 1141 2212 1204 2267; x_wconf 85' lang='grc' dir='ltr'>τὸ</span> <span class='ocrx_word' id='word_1_260' title='bbox 1264 2212 1455 2274; x_wconf 81' lang='grc' dir='ltr'>εἰωθὸς</span> <span class='ocrx_word' id='word_1_261' title='bbox 1516 2215 1899 2289; x_wconf 77' lang='grc' dir='ltr'>χωρήσαντας,</span> <span class='ocrx_word' id='word_1_262' title='bbox 1949 2213 2039 2268; x_wconf 89' lang='grc' dir='ltr'><strong>καὶ</strong></span> 
     </span>
    </p>
   </div>
   <div class='ocr_carea' id='block_1_38' title="bbox 388 2299 2039 2377">
    <p class='ocr_par' dir='ltr' id='par_1_38' title="bbox 388 2299 2039 2377">
     <span class='ocr_line' id='line_1_38' title="bbox 388 2299 2039 2377; baseline 0.001 -21"><span class='ocrx_word' id='word_1_263' title='bbox 388 2303 480 2363; x_wconf 73' lang='grc' dir='ltr'>τὰς</span> <span class='ocrx_word' id='word_1_264' title='bbox 531 2301 581 2356; x_wconf 79' lang='grc' dir='ltr'>ἐν</span> <span class='ocrx_word' id='word_1_265' title='bbox 636 2303 819 2364; x_wconf 76' lang='grc' dir='ltr'>αὐτοῖς</span> <span class='ocrx_word' id='word_1_266' title='bbox 866 2306 981 2364; x_wconf 82' lang='grc' dir='ltr'>τοῖς</span> <span class='ocrx_word' id='word_1_267' title='bbox 1041 2299 1240 2365; x_wconf 79' lang='grc' dir='ltr'>δεινοῖς</span> <span class='ocrx_word' id='word_1_268' title='bbox 1288 2301 1655 2377; x_wconf 76' lang='grc' dir='ltr'>ἐξαγορεόσεις</span> <span class='ocrx_word' id='word_1_269' title='bbox 1703 2302 1791 2356; x_wconf 83' lang='grc' dir='ltr'><strong>καὶ</strong></span> <span class='ocrx_word' id='word_1_270' title='bbox 1843 2303 2039 2373; x_wconf 77' lang='grc' dir='ltr'>ἀνονή-</span> 
     </span>
    </p>
   </div>
   <div class='ocr_carea' id='block_1_39' title="bbox 385 2388 2040 2464">
    <p class='ocr_par' dir='ltr' id='par_1_39' title="bbox 385 2388 2040 2464">
     <span class='ocr_line' id='line_1_39' title="bbox 385 2388 2040 2464; baseline 0.001 -20"><span class='ocrx_word' id='word_1_271' title='bbox 385 2412 510 2452; x_wconf 79' lang='grc' dir='ltr'>τους</span> <span class='ocrx_word' id='word_1_272' title='bbox 579 2389 961 2463; x_wconf 82' lang='grc' dir='ltr'>μεταμελείας,</span> <span class='ocrx_word' id='word_1_273' title='bbox 1020 2392 1113 2453; x_wconf 86' lang='grc' dir='ltr'><strong>τάς</strong></span> <span class='ocrx_word' id='word_1_274' title='bbox 1162 2412 1219 2444; x_wconf 88' lang='grc' dir='ltr'><strong>τε</strong></span> <span class='ocrx_word' id='word_1_275' title='bbox 1290 2388 1359 2445; x_wconf 85' lang='grc' dir='ltr'><strong>δι’</strong></span> <span class='ocrx_word' id='word_1_276' title='bbox 1410 2389 1700 2464; x_wconf 82' lang='grc' dir='ltr'>ὀνειράτων</span> <span class='ocrx_word' id='word_1_277' title='bbox 1752 2393 1864 2464; x_wconf 90' lang='grc'>(96)</span> <span class='ocrx_word' id='word_1_278' title='bbox 1914 2412 2040 2446; x_wconf 87' lang='grc' dir='ltr'>παι-</span> 
     </span>
    </p>
   </div>
   <div class='ocr_carea' id='block_1_40' title="bbox 386 2478 2043 2557">
    <p class='ocr_par' dir='ltr' id='par_1_40' title="bbox 386 2478 2043 2557">
     <span class='ocr_line' id='line_1_40' title="bbox 386 2478 2043 2557; baseline 0 -23"><span class='ocrx_word' id='word_1_279' title='bbox 386 2479 610 2546; x_wconf 66' lang='grc' dir='ltr'>δεύσεις,</span> <span class='ocrx_word' id='word_1_280' title='bbox 654 2480 743 2533; x_wconf 81' lang='grc' dir='ltr'><strong>καὶ</strong></span> <span class='ocrx_word' id='word_1_281' title='bbox 792 2481 858 2534; x_wconf 77' lang='grc' dir='ltr'>τὰ</span> <span class='ocrx_word' id='word_1_282' title='bbox 901 2481 1016 2533; x_wconf 88' lang='grc' dir='ltr'>καθ’</span> <span class='ocrx_word' id='word_1_283' title='bbox 1065 2480 1206 2555; x_wconf 69' lang='grc' dir='ltr'><strong>Γὺπαρ</strong></span> <span class='ocrx_word' id='word_1_284' title='bbox 1265 2482 1375 2552; x_wconf 88' lang='grc'><strong>(97)</strong></span> <span class='ocrx_word' id='word_1_285' title='bbox 1424 2478 1793 2557; x_wconf 78' lang='grc' dir='ltr'>φαντάσματα,</span> <span class='ocrx_word' id='word_1_286' title='bbox 1841 2480 1923 2542; x_wconf 86' lang='grc' dir='ltr'><strong>τίς</strong></span> <span class='ocrx_word' id='word_1_287' title='bbox 1984 2480 2043 2534; x_wconf 81' lang='grc' dir='ltr'>ἂν</span> 
     </span>
    </p>
   </div>
   <div class='ocr_carea' id='block_1_41' title="bbox 384 2566 2042 2644">
    <p class='ocr_par' dir='ltr' id='par_1_41' title="bbox 384 2566 2042 2644">
     <span class='ocr_line' id='line_1_41' title="bbox 384 2566 2042 2644; baseline 0.001 -22"><span class='ocrx_word' id='word_1_288' title='bbox 384 2568 546 2639; x_wconf 79' lang='grc' dir='ltr'>ἀξίως</span> <span class='ocrx_word' id='word_1_289' title='bbox 609 2566 1100 2644; x_wconf 71' lang='grc' dir='ltr'>ἐκτραγῳδήσειενς</span> <span class='ocrx_word' id='word_1_290' title='bbox 1150 2569 1249 2623; x_wconf 80' lang='grc' dir='ltr'><strong>ὅσα</strong></span> <span class='ocrx_word' id='word_1_291' title='bbox 1302 2590 1361 2623; x_wconf 85' lang='grc' dir='ltr'><strong>τε</strong></span> <span class='ocrx_word' id='word_1_292' title='bbox 1417 2570 1452 2637; x_wconf 71' lang='grc' dir='ltr'><strong>ἢ</strong></span> <span class='ocrx_word' id='word_1_293' title='bbox 1503 2569 1625 2643; x_wconf 87' lang='grc' dir='ltr'>περὶ</span> <span class='ocrx_word' id='word_1_294' title='bbox 1684 2570 1810 2631; x_wconf 78' lang='grc' dir='ltr'>τοὺς</span> <span class='ocrx_word' id='word_1_295' title='bbox 1870 2567 2042 2631; x_wconf 84' lang='grc' dir='ltr'>θείους</span> 
     </span>
    </p>
   </div>
   <div class='ocr_carea' id='block_1_42' title="bbox 383 2656 2043 2734">
    <p class='ocr_par' dir='ltr' id='par_1_42' title="bbox 383 2656 2043 2734">
     <span class='ocr_line' id='line_1_42' title="bbox 383 2656 2043 2734; baseline 0.001 -22"><span class='ocrx_word' id='word_1_296' title='bbox 383 2657 572 2720; x_wconf 75' lang='grc' dir='ltr'>ο’ίκους</span> <span class='ocrx_word' id='word_1_297' title='bbox 644 2659 1122 2731; x_wconf 76' lang='grc' dir='ltr'>παρανομήσασιν,</span> <span class='ocrx_word' id='word_1_298' title='bbox 1171 2660 1205 2726; x_wconf 82' lang='grc' dir='ltr'>ἣ</span> <span class='ocrx_word' id='word_1_299' title='bbox 1252 2659 1375 2733; x_wconf 78' lang='grc' dir='ltr'>περὶ</span> <span class='ocrx_word' id='word_1_300' title='bbox 1429 2656 1524 2719; x_wconf 81' lang='grc' dir='ltr'>τὰς</span> <span class='ocrx_word' id='word_1_301' title='bbox 1573 2656 1722 2731; x_wconf 70' lang='grc' dir='ltr'>ἱερὰς</span> <span class='ocrx_word' id='word_1_302' title='bbox 1774 2660 2043 2734; x_wconf 71' lang='grc' dir='ltr'>τραπέζας</span> 
     </span>
    </p>
   </div>
   <div class='ocr_carea' id='block_1_43' title="bbox 390 2743 2043 2824">
    <p class='ocr_par' dir='ltr' id='par_1_43' title="bbox 390 2743 2043 2824">
     <span class='ocr_line' id='line_1_43' title="bbox 390 2743 2043 2824; baseline 0.001 -22"><span class='ocrx_word' id='word_1_303' title='bbox 390 2743 734 2823; x_wconf 69' lang='grc' dir='ltr'>ἐξυϐρίσασιν</span> <span class='ocrx_word' id='word_1_304' title='bbox 808 2749 922 2820; x_wconf 87' lang='grc'>(98)</span> <span class='ocrx_word' id='word_1_305' title='bbox 998 2748 1031 2815; x_wconf 82' lang='grc' dir='ltr'>ἢ</span> <span class='ocrx_word' id='word_1_306' title='bbox 1105 2748 1229 2821; x_wconf 87' lang='grc' dir='ltr'>περὶ</span> <span class='ocrx_word' id='word_1_307' title='bbox 1300 2746 1424 2809; x_wconf 76' lang='grc' dir='ltr'>τοὺς</span> <span class='ocrx_word' id='word_1_308' title='bbox 1486 2746 1775 2820; x_wconf 79' lang='grc' dir='ltr'>μυστικοὺς</span> <span class='ocrx_word' id='word_1_309' title='bbox 1839 2756 2043 2824; x_wconf 82' lang='grc' dir='ltr'>κρατῆ-</span> 
     </span>
    </p>
   </div>
   <div class='ocr_carea' id='block_1_44' title="bbox 392 2833 2045 2911">
    <p class='ocr_par' dir='ltr' id='par_1_44' title="bbox 392 2833 2045 2911">
     <span class='ocr_line' id='line_1_44' title="bbox 392 2833 2045 2911; baseline 0.003 -21"><span class='ocrx_word' id='word_1_310' title='bbox 392 2856 494 2911; x_wconf 86' lang='grc' dir='ltr'><strong>ρας</strong></span> <span class='ocrx_word' id='word_1_311' title='bbox 699 2840 961 2908; x_wconf 78' lang='grc' dir='ltr'>μανεῖσιν,</span> <span class='ocrx_word' id='word_1_312' title='bbox 1020 2838 1053 2905; x_wconf 82' lang='grc' dir='ltr'>ἢ</span> <span class='ocrx_word' id='word_1_313' title='bbox 1097 2840 1205 2891; x_wconf 83' lang='grc' dir='ltr'>τῶν</span> <span class='ocrx_word' id='word_1_314' title='bbox 1255 2835 1521 2909; x_wconf 88' lang='grc' dir='ltr'>σωμάτων</span> <span class='ocrx_word' id='word_1_315' title='bbox 1554 2839 1712 2910; x_wconf 79' lang='grc' dir='ltr'>ἡμῶν</span> <span class='ocrx_word' id='word_1_316' title='bbox 1747 2834 1939 2907; x_wconf 72' lang='grc' dir='ltr'>ἀνέδην</span> <span class='ocrx_word' id='word_1_317' title='bbox 1968 2833 2045 2901; x_wconf 80' lang='grc'><strong>(1)</strong></span> 
     </span>
    </p>
   </div>
   <div class='ocr_carea' id='block_1_45' title="bbox 388 2923 2042 3001">
    <p class='ocr_par' dir='ltr' id='par_1_45' title="bbox 388 2923 2042 3001">
     <span class='ocr_line' id='line_1_45' title="bbox 388 2923 2042 3001; baseline 0.001 -21"><span class='ocrx_word' id='word_1_318' title='bbox 388 2925 848 3001; x_wconf 72' lang='grc' dir='ltr'>ἰμωορουμένοις,</span> <span class='ocrx_word' id='word_1_319' title='bbox 902 2926 937 2994; x_wconf 77' lang='grc' dir='ltr'>ἢ</span> <span class='ocrx_word' id='word_1_320' title='bbox 989 2924 1170 2980; x_wconf 81' lang='grc' dir='ltr'>τᾶλλα</span> <span class='ocrx_word' id='word_1_321' title='bbox 1241 2924 1414 2981; x_wconf 88' lang='grc' dir='ltr'>πάντα</span> <span class='ocrx_word' id='word_1_322' title='bbox 1484 2923 1582 2981; x_wconf 75' lang='grc' dir='ltr'>ὅσα</span> <span class='ocrx_word' id='word_1_323' title='bbox 1648 2924 2042 3000; x_wconf 74' lang='grc' dir='ltr'>τετολμήκασι,</span> 
     </span>
    </p>
   </div>
   <div class='ocr_carea' id='block_1_46' title="bbox 388 3014 2044 3087">
    <p class='ocr_par' dir='ltr' id='par_1_46' title="bbox 388 3014 2044 3087">
     <span class='ocr_line' id='line_1_46' title="bbox 388 3014 2044 3087; baseline 0.002 -18"><span class='ocrx_word' id='word_1_324' title='bbox 388 3014 861 3087; x_wconf 70' lang='grc' dir='ltr'>νεανιευσαμένοις</span> <span class='ocrx_word' id='word_1_325' title='bbox 936 3015 1118 3077; x_wconf 80' lang='grc' dir='ltr'>αὐτοῖς</span> <span class='ocrx_word' id='word_1_326' title='bbox 1196 3014 1492 3087; x_wconf 77' lang='grc' dir='ltr'>ἀπήντησε,</span> <span class='ocrx_word' id='word_1_327' title='bbox 1568 3022 1668 3085; x_wconf 82' lang='grc' dir='ltr'>τῆς</span> <span class='ocrx_word' id='word_1_328' title='bbox 1740 3019 1838 3070; x_wconf 77' lang='grc' dir='ltr'><strong>τοῦ</strong></span> <span class='ocrx_word' id='word_1_329' title='bbox 1910 3021 2044 3072; x_wconf 80' lang='grc' dir='ltr'>Θεοῦ</span> 
     </span>
    </p>
   </div>
   <div class='ocr_carea' id='block_1_47' title="bbox 389 3103 2043 3183">
    <p class='ocr_par' dir='ltr' id='par_1_47' title="bbox 389 3103 2043 3183">
     <span class='ocr_line' id='line_1_47' title="bbox 389 3103 2043 3183; baseline 0.001 -23"><span class='ocrx_word' id='word_1_330' title='bbox 389 3106 529 3160; x_wconf 72' lang='grc' dir='ltr'>κατὰ</span> <span class='ocrx_word' id='word_1_331' title='bbox 581 3108 690 3159; x_wconf 79' lang='grc' dir='ltr'><strong>τῶν</strong></span> <span class='ocrx_word' id='word_1_332' title='bbox 743 3103 1006 3160; x_wconf 78' lang='grc' dir='ltr'>τοιούτων</span> <span class='ocrx_word' id='word_1_333' title='bbox 1068 3104 1241 3179; x_wconf 80' lang='grc' dir='ltr'>ὀργῆς</span> <span class='ocrx_word' id='word_1_334' title='bbox 1297 3104 1495 3180; x_wconf 70' lang='grc' dir='ltr'>ἐναργῆ</span> <span class='ocrx_word' id='word_1_335' title='bbox 1557 3104 1646 3160; x_wconf 82' lang='grc' dir='ltr'><strong>καὶ</strong></span> <span class='ocrx_word' id='word_1_336' title='bbox 1699 3104 1899 3183; x_wconf 83' lang='grc' dir='ltr'>φανερᾶ</span> <span class='ocrx_word' id='word_1_337' title='bbox 1966 3108 2043 3181; x_wconf 88' lang='grc'>(2)</span> 
     </span>
    </p>
   </div>
   <div class='ocr_carea' id='block_1_48' title="bbox 390 3188 2042 3270">
    <p class='ocr_par' dir='ltr' id='par_1_48' title="bbox 390 3188 2042 3270">
     <span class='ocr_line' id='line_1_48' title="bbox 390 3188 2042 3270; baseline 0.002 -24"><span class='ocrx_word' id='word_1_338' title='bbox 390 3192 784 3270; x_wconf 82' lang='grc' dir='ltr'>γνωρίσματα;</span> <span class='ocrx_word' id='word_1_339' title='bbox 842 3197 1016 3248; x_wconf 77' lang='grc' dir='ltr'>Ταῦτα</span> <span class='ocrx_word' id='word_1_340' title='bbox 1087 3194 1179 3267; x_wconf 74' lang='grc' dir='ltr'><strong>μὲν</strong></span> <span class='ocrx_word' id='word_1_341' title='bbox 1260 3190 1350 3248; x_wconf 70' lang='grc' dir='ltr'>οὖν</span> <span class='ocrx_word' id='word_1_342' title='bbox 1433 3193 1568 3249; x_wconf 78' lang='grc' dir='ltr'>ἰκὼν</span> <span class='ocrx_word' id='word_1_343' title='bbox 1640 3188 2042 3268; x_wconf 75' lang='grc' dir='ltr'>ὑπερϐήσομαι,</span> 
     </span>
    </p>
   </div>
   <div class='ocr_carea' id='block_1_49' title="bbox 390 3279 2045 3359">
    <p class='ocr_par' dir='ltr' id='par_1_49' title="bbox 390 3279 2045 3359">
     <span class='ocr_line' id='line_1_49' title="bbox 390 3279 2045 3359; baseline 0.001 -21"><span class='ocrx_word' id='word_1_344' title='bbox 390 3284 491 3338; x_wconf 76' lang='grc' dir='ltr'><strong>οὐκ</strong></span> <span class='ocrx_word' id='word_1_345' title='bbox 542 3285 782 3339; x_wconf 79' lang='grc' dir='ltr'>ἀπιστῶν</span> <span class='ocrx_word' id='word_1_346' title='bbox 828 3288 945 3338; x_wconf 83' lang='grc' dir='ltr'>τοῖς</span> <span class='ocrx_word' id='word_1_347' title='bbox 1006 3284 1332 3359; x_wconf 67' lang='grc' dir='ltr'>ὁρωμένοις,</span> <span class='ocrx_word' id='word_1_348' title='bbox 1375 3281 1464 3337; x_wconf 82' lang='grc' dir='ltr'><strong>καὶ</strong></span> <span class='ocrx_word' id='word_1_349' title='bbox 1515 3281 1853 3359; x_wconf 73' lang='grc' dir='ltr'>λεγομένοις,</span> <span class='ocrx_word' id='word_1_350' title='bbox 1919 3279 2045 3339; x_wconf 70' lang='grc' dir='ltr'><strong>οὺδὶ</strong></span> 
     </span>
    </p>
   </div>
   <div class='ocr_carea' id='block_1_50' title="bbox 388 3370 2042 3449">
    <p class='ocr_par' dir='ltr' id='par_1_50' title="bbox 388 3370 2042 3449">
     <span class='ocr_line' id='line_1_50' title="bbox 388 3370 2042 3449; baseline -0.001 -21"><span class='ocrx_word' id='word_1_351' title='bbox 388 3372 683 3447; x_wconf 68' lang='grc' dir='ltr'>αὐτομάτῳ</span> <span class='ocrx_word' id='word_1_352' title='bbox 736 3372 839 3428; x_wconf 78' lang='grc' dir='ltr'>τινὶ</span> <span class='ocrx_word' id='word_1_353' title='bbox 909 3378 1051 3449; x_wconf 76' lang='grc' dir='ltr'>φορᾷ</span> <span class='ocrx_word' id='word_1_354' title='bbox 1110 3372 1198 3427; x_wconf 82' lang='grc' dir='ltr'><strong>καὶ</strong></span> <span class='ocrx_word' id='word_1_355' title='bbox 1247 3370 1506 3448; x_wconf 80' lang='grc' dir='ltr'>συντυχίᾳ</span> <span class='ocrx_word' id='word_1_356' title='bbox 1569 3371 1751 3435; x_wconf 79' lang='grc' dir='ltr'>διδοὺς</span> <span class='ocrx_word' id='word_1_357' title='bbox 1791 3373 1858 3428; x_wconf 75' lang='grc' dir='ltr'>τὰ</span> <span class='ocrx_word' id='word_1_358' title='bbox 1905 3395 2042 3446; x_wconf 91' lang='grc' dir='ltr'>συμ-</span> 
     </span>
    </p>
   </div>
   <div class='ocr_carea' id='block_1_51' title="bbox 383 3457 2039 3536">
    <p class='ocr_par' dir='ltr' id='par_1_51' title="bbox 383 3457 2039 3536">
     <span class='ocr_line' id='line_1_51' title="bbox 383 3457 2039 3536; baseline 0.001 -20"><span class='ocrx_word' id='word_1_359' title='bbox 383 3458 664 3535; x_wconf 76' lang='grc' dir='ltr'>ϐαίνοντα,</span> <span class='ocrx_word' id='word_1_360' title='bbox 720 3463 854 3518; x_wconf 87' lang='grc' dir='ltr'>κατᾶ</span> <span class='ocrx_word' id='word_1_361' title='bbox 899 3460 1024 3523; x_wconf 78' lang='grc' dir='ltr'>τοὺς</span> <span class='ocrx_word' id='word_1_362' title='bbox 1074 3461 1193 3531; x_wconf 80' lang='grc' dir='ltr'>εἰκῆ</span> <span class='ocrx_word' id='word_1_363' title='bbox 1239 3462 1306 3516; x_wconf 80' lang='grc' dir='ltr'><strong>τὰ</strong></span> <span class='ocrx_word' id='word_1_364' title='bbox 1350 3466 1575 3517; x_wconf 77' lang='grc' dir='ltr'>τοιαῦτα</span> <span class='ocrx_word' id='word_1_365' title='bbox 1622 3457 2039 3536; x_wconf 78' lang='grc' dir='ltr'>ὑπολαμϐάνον-</span> 
     </span>
    </p>
   </div>
   <div class='ocr_carea' id='block_1_52' title="bbox 380 3547 2038 3627">
    <p class='ocr_par' dir='ltr' id='par_1_52' title="bbox 380 3547 2038 3627">
     <span class='ocr_line' id='line_1_52' title="bbox 380 3547 2038 3627; baseline 0 -21"><span class='ocrx_word' id='word_1_366' title='bbox 380 3574 501 3623; x_wconf 87' lang='grc' dir='ltr'>τας,</span> <span class='ocrx_word' id='word_1_367' title='bbox 562 3551 687 3607; x_wconf 82' lang='grc' dir='ltr'>ἀλλ⁹</span> <span class='ocrx_word' id='word_1_368' title='bbox 740 3549 832 3606; x_wconf 72' lang='grc' dir='ltr'>’ἕνα</span> <span class='ocrx_word' id='word_1_369' title='bbox 893 3552 967 3624; x_wconf 77' lang='grc' dir='ltr'>μὴ</span> <span class='ocrx_word' id='word_1_370' title='bbox 1020 3552 1144 3627; x_wconf 81' lang='grc' dir='ltr'>περὶ</span> <span class='ocrx_word' id='word_1_371' title='bbox 1196 3550 1262 3606; x_wconf 79' lang='grc' dir='ltr'>τὰ</span> <span class='ocrx_word' id='word_1_372' title='bbox 1315 3552 1482 3627; x_wconf 86' lang='grc' dir='ltr'>μικρά</span> <span class='ocrx_word' id='word_1_373' title='bbox 1538 3547 1828 3627; x_wconf 74' lang='grc' dir='ltr'>διατρίϐειν</span> <span class='ocrx_word' id='word_1_374' title='bbox 1879 3550 2038 3625; x_wconf 79' lang='grc' dir='ltr'>δόξω,</span> 
     </span>
    </p>
   </div>
   <div class='ocr_carea' id='block_1_53' title="bbox 380 3638 2037 3718">
    <p class='ocr_par' dir='ltr' id='par_1_53' title="bbox 380 3638 2037 3718">
     <span class='ocr_line' id='line_1_53' title="bbox 380 3638 2037 3718; baseline -0.001 -23"><span class='ocrx_word' id='word_1_375' title='bbox 380 3640 573 3718; x_wconf 76' lang='grc' dir='ltr'>παρεὶς</span> <span class='ocrx_word' id='word_1_376' title='bbox 638 3642 704 3695; x_wconf 74' lang='grc' dir='ltr'><strong>τά</strong></span> <span class='ocrx_word' id='word_1_377' title='bbox 763 3640 929 3715; x_wconf 77' lang='grc' dir='ltr'>μείζω</span> <span class='ocrx_word' id='word_1_378' title='bbox 986 3640 1075 3695; x_wconf 81' lang='grc' dir='ltr'><strong>καὶ</strong></span> <span class='ocrx_word' id='word_1_379' title='bbox 1126 3639 1530 3716; x_wconf 82' lang='grc' dir='ltr'>ὀνομαστότερα</span> <span class='ocrx_word' id='word_1_380' title='bbox 1580 3642 1657 3714; x_wconf 89' lang='grc'>(3)</span> <span class='ocrx_word' id='word_1_381' title='bbox 1686 3660 1699 3672; x_wconf 81' lang='grc'><em>’</em></span> <span class='ocrx_word' id='word_1_382' title='bbox 1744 3642 1807 3694; x_wconf 89' lang='grc' dir='ltr'>τὸ</span> <span class='ocrx_word' id='word_1_383' title='bbox 1855 3639 1899 3695; x_wconf 80' lang='grc' dir='ltr'><strong>δ’</strong></span> <span class='ocrx_word' id='word_1_384' title='bbox 1946 3638 2037 3695; x_wconf 72' lang='grc' dir='ltr'>οὖν</span> 
     </span>
    </p>
   </div>
   <div class='ocr_carea' id='block_1_54' title="bbox 380 3725 2039 3806">
    <p class='ocr_par' dir='ltr' id='par_1_54' title="bbox 380 3725 2039 3806">
     <span class='ocr_line' id='line_1_54' title="bbox 380 3725 2039 3806; baseline -0.001 -22"><span class='ocrx_word' id='word_1_385' title='bbox 380 3725 710 3806; x_wconf 75' lang='grc' dir='ltr'>περιϐόητον</span> <span class='ocrx_word' id='word_1_386' title='bbox 750 3736 877 3784; x_wconf 80' lang='grc' dir='ltr'>πᾶσι</span> <span class='ocrx_word' id='word_1_387' title='bbox 933 3733 1133 3803; x_wconf 79' lang='grc' dir='ltr'>θαῦμα,</span> <span class='ocrx_word' id='word_1_388' title='bbox 1182 3729 1272 3784; x_wconf 86' lang='grc' dir='ltr'><strong>καὶ</strong></span> <span class='ocrx_word' id='word_1_389' title='bbox 1306 3727 1431 3784; x_wconf 76' lang='grc' dir='ltr'>οὐδὲ</span> <span class='ocrx_word' id='word_1_390' title='bbox 1484 3734 1602 3791; x_wconf 80' lang='grc' dir='ltr'>τοῖς</span> <span class='ocrx_word' id='word_1_391' title='bbox 1641 3729 1816 3791; x_wconf 74' lang='grc' dir='ltr'>ἀθέοις</span> <span class='ocrx_word' id='word_1_392' title='bbox 1855 3730 2039 3791; x_wconf 76' lang='grc' dir='ltr'>αὐτοῖς</span> 
     </span>
    </p>
   </div>
   <div class='ocr_carea' id='block_1_55' title="bbox 384 3814 1268 3895">
    <p class='ocr_par' dir='ltr' id='par_1_55' title="bbox 384 3814 1268 3895">
     <span class='ocr_line' id='line_1_55' title="bbox 384 3814 1268 3895; baseline 0.005 -22"><span class='ocrx_word' id='word_1_393' title='bbox 384 3818 776 3891; x_wconf 78' lang='grc' dir='ltr'>ἀπιστούμενον</span> <span class='ocrx_word' id='word_1_394' title='bbox 809 3817 976 3892; x_wconf 73' lang='grc' dir='ltr'>λέξων</span> <span class='ocrx_word' id='word_1_395' title='bbox 1008 3814 1268 3895; x_wconf 74' lang='grc' dir='ltr'>ἔρχομαι.</span> 
     </span>
    </p>
   </div>
   <div class='ocr_carea' id='block_1_56' title="bbox 2148 2034 3803 2108">
    <p class='ocr_par' dir='ltr' id='par_1_56' title="bbox 2148 2034 3803 2108">
     <span class='ocr_line' id='line_1_56' title="bbox 2148 2034 3803 2108; baseline -0.001 -18"><span class='ocrx_word' id='word_1_396' title='bbox 2148 2035 2423 2108; x_wconf 89' lang='lat' dir='ltr'><strong>nimeque</strong></span> <span class='ocrx_word' id='word_1_397' title='bbox 2454 2036 2734 2091; x_wconf 87' lang='lat' dir='ltr'><strong>obscuras</strong></span> <span class='ocrx_word' id='word_1_398' title='bbox 2780 2052 3088 2107; x_wconf 90' lang='lat' dir='ltr'><strong>corporum</strong></span> <span class='ocrx_word' id='word_1_399' title='bbox 3130 2036 3454 2108; x_wconf 89' lang='lat' dir='ltr'><strong>ruptiones,</strong></span> <span class='ocrx_word' id='word_1_400' title='bbox 3505 2051 3571 2091; x_wconf 90' lang='lat' dir='ltr'><strong>ac</strong></span> <span class='ocrx_word' id='word_1_401' title='bbox 3602 2034 3803 2090; x_wconf 85' lang='lat' dir='ltr'><strong>multi-</strong></span> 
     </span>
    </p>
   </div>
   <div class='ocr_carea' id='block_1_57' title="bbox 2148 2123 3801 2198">
    <p class='ocr_par' dir='ltr' id='par_1_57' title="bbox 2148 2123 3801 2198">
     <span class='ocr_line' id='line_1_57' title="bbox 2148 2123 3801 2198; baseline -0.001 -19"><span class='ocrx_word' id='word_1_402' title='bbox 2148 2124 2327 2197; x_wconf 89' lang='lat' dir='ltr'><strong>plices</strong></span> <span class='ocrx_word' id='word_1_403' title='bbox 2358 2124 2502 2180; x_wconf 88' lang='lat' dir='ltr'><strong>alias</strong></span> <span class='ocrx_word' id='word_1_404' title='bbox 2534 2124 2738 2196; x_wconf 84' lang='lat' dir='ltr'><strong>plagas</strong></span> <span class='ocrx_word' id='word_1_405' title='bbox 2768 2129 2826 2181; x_wconf 89' lang='lat' dir='ltr'><strong>et</strong></span> <span class='ocrx_word' id='word_1_406' title='bbox 2856 2124 3060 2198; x_wconf 85' lang='lat' dir='ltr'><strong>ﬂagra,</strong></span> <span class='ocrx_word' id='word_1_407' title='bbox 3080 2141 3282 2180; x_wconf 89' lang='lat' dir='ltr'><strong>eorum</strong></span> <span class='ocrx_word' id='word_1_408' title='bbox 3316 2123 3637 2181; x_wconf 88' lang='lat' dir='ltr'><strong>sceleribus</strong></span> <span class='ocrx_word' id='word_1_409' title='bbox 3664 2140 3801 2179; x_wconf 85' lang='lat' dir='ltr'><strong>con-</strong></span> 
     </span>
    </p>
   </div>
   <div class='ocr_carea' id='block_1_58' title="bbox 2148 2213 3804 2287">
    <p class='ocr_par' dir='ltr' id='par_1_58' title="bbox 2148 2213 3804 2287">
     <span class='ocr_line' id='line_1_58' title="bbox 2148 2213 3804 2287; baseline -0.002 -18"><span class='ocrx_word' id='word_1_410' title='bbox 2148 2213 2436 2287; x_wconf 87' lang='lat' dir='ltr'><strong>gruentia,</strong></span> <span class='ocrx_word' id='word_1_411' title='bbox 2486 2218 2819 2285; x_wconf 87' lang='lat' dir='ltr'><strong>mortesque</strong></span> <span class='ocrx_word' id='word_1_412' title='bbox 2862 2214 3337 2286; x_wconf 86' lang='lat' dir='ltr'><strong>haudquaquam</strong></span> <span class='ocrx_word' id='word_1_413' title='bbox 3396 2213 3611 2269; x_wconf 83' lang='lat' dir='ltr'><strong>usitato</strong></span> <span class='ocrx_word' id='word_1_414' title='bbox 3641 2228 3804 2267; x_wconf 87' lang='lat' dir='ltr'><strong>more</strong></span> 
     </span>
    </p>
   </div>
   <div class='ocr_carea' id='block_1_59' title="bbox 2149 2300 3801 2376">
    <p class='ocr_par' dir='ltr' id='par_1_59' title="bbox 2149 2300 3801 2376">
     <span class='ocr_line' id='line_1_59' title="bbox 2149 2300 3801 2376; baseline -0.003 -16"><span class='ocrx_word' id='word_1_415' title='bbox 2149 2305 2437 2371; x_wconf 90' lang='lat' dir='ltr'><strong>orbortas,</strong></span> <span class='ocrx_word' id='word_1_416' title='bbox 2456 2318 2775 2374; x_wconf 89' lang='lat' dir='ltr'><strong>eorumque</strong></span> <span class='ocrx_word' id='word_1_417' title='bbox 2798 2303 2950 2359; x_wconf 91' lang='lat' dir='ltr'><strong>inter</strong></span> <span class='ocrx_word' id='word_1_418' title='bbox 2979 2304 3138 2376; x_wconf 88' lang='lat' dir='ltr'><strong>ipsos</strong></span> <span class='ocrx_word' id='word_1_419' title='bbox 3165 2303 3463 2359; x_wconf 88' lang='lat' dir='ltr'><strong>cruciatus</strong></span> <span class='ocrx_word' id='word_1_420' title='bbox 3485 2300 3801 2357; x_wconf 86' lang='lat' dir='ltr'><strong>confessio-</strong></span> 
     </span>
    </p>
   </div>
   <div class='ocr_carea' id='block_1_60' title="bbox 2151 2392 3803 2464">
    <p class='ocr_par' dir='ltr' id='par_1_60' title="bbox 2151 2392 3803 2464">
     <span class='ocr_line' id='line_1_60' title="bbox 2151 2392 3803 2464; baseline -0.002 -14"><span class='ocrx_word' id='word_1_421' title='bbox 2151 2410 2275 2461; x_wconf 86' lang='lat' dir='ltr'><strong>nes,</strong></span> <span class='ocrx_word' id='word_1_422' title='bbox 2308 2397 2364 2449; x_wconf 87' lang='lat' dir='ltr'><strong>et</strong></span> <span class='ocrx_word' id='word_1_423' title='bbox 2394 2392 2631 2448; x_wconf 91' lang='lat' dir='ltr'><strong>inutiles</strong></span> <span class='ocrx_word' id='word_1_424' title='bbox 2673 2393 3064 2464; x_wconf 88' lang='lat' dir='ltr'><strong>poenitentias,</strong></span> <span class='ocrx_word' id='word_1_425' title='bbox 3096 2408 3311 2464; x_wconf 89' lang='lat' dir='ltr'><strong>easque</strong></span> <span class='ocrx_word' id='word_1_426' title='bbox 3372 2408 3500 2463; x_wconf 82' lang='lat' dir='ltr'><strong>quae</strong></span> <span class='ocrx_word' id='word_1_427' title='bbox 3542 2394 3668 2446; x_wconf 89' lang='lat' dir='ltr'><strong>tum</strong></span> <span class='ocrx_word' id='word_1_428' title='bbox 3700 2406 3803 2463; x_wconf 86' lang='lat' dir='ltr'><strong>per</strong></span> 
     </span>
    </p>
   </div>
   <div class='ocr_carea' id='block_1_61' title="bbox 2151 2479 3799 2554">
    <p class='ocr_par' dir='ltr' id='par_1_61' title="bbox 2151 2479 3799 2554">
     <span class='ocr_line' id='line_1_61' title="bbox 2151 2479 3799 2554; baseline -0.002 -16"><span class='ocrx_word' id='word_1_429' title='bbox 2151 2482 2466 2550; x_wconf 81' lang='lat' dir='ltr'><strong>insomnia,</strong></span> <span class='ocrx_word' id='word_1_430' title='bbox 2498 2486 2626 2537; x_wconf 91' lang='lat' dir='ltr'><strong>tum</strong></span> <span class='ocrx_word' id='word_1_431' title='bbox 2659 2498 2763 2554; x_wconf 91' lang='lat' dir='ltr'><strong>per</strong></span> <span class='ocrx_word' id='word_1_432' title='bbox 2790 2498 2925 2537; x_wconf 90' lang='lat' dir='ltr'><strong>vera</strong></span> <span class='ocrx_word' id='word_1_433' title='bbox 2969 2482 3096 2537; x_wconf 88' lang='lat' dir='ltr'><strong>visa</strong></span> <span class='ocrx_word' id='word_1_434' title='bbox 3142 2482 3532 2554; x_wconf 87' lang='lat' dir='ltr'><strong>contigerunt,</strong></span> <span class='ocrx_word' id='word_1_435' title='bbox 3552 2479 3799 2552; x_wconf 78' lang='lat' dir='ltr'><strong>castiga~</strong></span> 
     </span>
    </p>
   </div>
   <div class='ocr_carea' id='block_1_62' title="bbox 2152 2571 3801 2644">
    <p class='ocr_par' dir='ltr' id='par_1_62' title="bbox 2152 2571 3801 2644">
     <span class='ocr_line' id='line_1_62' title="bbox 2152 2571 3801 2644; baseline -0.002 -17"><span class='ocrx_word' id='word_1_436' title='bbox 2152 2572 2358 2640; x_wconf 90' lang='lat' dir='ltr'><strong>tiones,</strong></span> <span class='ocrx_word' id='word_1_437' title='bbox 2423 2588 2528 2643; x_wconf 90' lang='lat' dir='ltr'><strong>pro</strong></span> <span class='ocrx_word' id='word_1_438' title='bbox 2582 2571 2867 2643; x_wconf 84' lang='lat' dir='ltr'><strong>dignitate</strong></span> <span class='ocrx_word' id='word_1_439' title='bbox 2932 2588 3169 2627; x_wconf 88' lang='lat' dir='ltr'><strong>narrare</strong></span> <span class='ocrx_word' id='word_1_440' title='bbox 3235 2575 3404 2643; x_wconf 89' lang='lat' dir='ltr'><strong>atque</strong></span> <span class='ocrx_word' id='word_1_441' title='bbox 3453 2585 3801 2644; x_wconf 84' lang='lat' dir='ltr'><strong>exaggerare</strong></span> 
     </span>
    </p>
   </div>
   <div class='ocr_carea' id='block_1_63' title="bbox 2152 2660 3799 2734">
    <p class='ocr_par' dir='ltr' id='par_1_63' title="bbox 2152 2660 3799 2734">
     <span class='ocr_line' id='line_1_63' title="bbox 2152 2660 3799 2734; baseline -0.001 -17"><span class='ocrx_word' id='word_1_442' title='bbox 2152 2661 2410 2717; x_wconf 81' lang='lat' dir='ltr'><strong>sufﬁciat</strong></span> <span class='ocrx_word' id='word_1_443' title='bbox 2428 2660 2455 2716; x_wconf 86' lang='lat'><strong><em>?</em></strong></span> <span class='ocrx_word' id='word_1_444' title='bbox 2476 2678 2744 2733; x_wconf 62' lang='lat' dir='ltr'><strong>quaeque,</strong></span> <span class='ocrx_word' id='word_1_445' title='bbox 2776 2660 2863 2717; x_wconf 88' lang='lat' dir='ltr'><strong>vel</strong></span> <span class='ocrx_word' id='word_1_446' title='bbox 2889 2661 2959 2716; x_wconf 93' lang='lat' dir='ltr'><strong>ob</strong></span> <span class='ocrx_word' id='word_1_447' title='bbox 2993 2660 3213 2734; x_wconf 81' lang='lat' dir='ltr'><strong>ﬂagitia</strong></span> <span class='ocrx_word' id='word_1_448' title='bbox 3240 2661 3394 2716; x_wconf 88' lang='lat' dir='ltr'><strong>circa</strong></span> <span class='ocrx_word' id='word_1_449' title='bbox 3422 2677 3620 2717; x_wconf 82' lang='lat' dir='ltr'><strong>sacras</strong></span> <span class='ocrx_word' id='word_1_450' title='bbox 3650 2660 3799 2716; x_wconf 65' lang='lat' dir='ltr'><strong>uades</strong></span> 
     </span>
    </p>
   </div>
   <div class='ocr_carea' id='block_1_64' title="bbox 2153 2748 3798 2819">
    <p class='ocr_par' dir='ltr' id='par_1_64' title="bbox 2153 2748 3798 2819">
     <span class='ocr_line' id='line_1_64' title="bbox 2153 2748 3798 2819; baseline -0.001 -13"><span class='ocrx_word' id='word_1_451' title='bbox 2153 2750 2431 2819; x_wconf 86' lang='lat' dir='ltr'><strong>admissa,</strong></span> <span class='ocrx_word' id='word_1_452' title='bbox 2450 2749 2537 2805; x_wconf 93' lang='lat' dir='ltr'><strong>vel</strong></span> <span class='ocrx_word' id='word_1_453' title='bbox 2559 2752 2631 2806; x_wconf 93' lang='lat' dir='ltr'><strong>ob</strong></span> <span class='ocrx_word' id='word_1_454' title='bbox 2655 2767 2851 2806; x_wconf 86' lang='lat' dir='ltr'><strong>sacras</strong></span> <span class='ocrx_word' id='word_1_455' title='bbox 2878 2767 3124 2807; x_wconf 90' lang='lat' dir='ltr'><strong>mensas</strong></span> <span class='ocrx_word' id='word_1_456' title='bbox 3140 2748 3512 2806; x_wconf 86' lang='lat' dir='ltr'><strong>contumeliis</strong></span> <span class='ocrx_word' id='word_1_457' title='bbox 3542 2750 3798 2817; x_wconf 79' lang='lat' dir='ltr'><strong>affectas,</strong></span> 
     </span>
    </p>
   </div>
   <div class='ocr_carea' id='block_1_65' title="bbox 2152 2837 3797 2913">
    <p class='ocr_par' dir='ltr' id='par_1_65' title="bbox 2152 2837 3797 2913">
     <span class='ocr_line' id='line_1_65' title="bbox 2152 2837 3797 2913; baseline -0.001 -19"><span class='ocrx_word' id='word_1_458' title='bbox 2152 2840 2242 2896; x_wconf 90' lang='lat' dir='ltr'><strong>vel</strong></span> <span class='ocrx_word' id='word_1_459' title='bbox 2273 2840 2344 2895; x_wconf 91' lang='lat' dir='ltr'><strong>ob</strong></span> <span class='ocrx_word' id='word_1_460' title='bbox 2374 2839 2621 2912; x_wconf 82' lang='lat' dir='ltr'><strong>mystica</strong></span> <span class='ocrx_word' id='word_1_461' title='bbox 2663 2839 2872 2913; x_wconf 88' lang='lat' dir='ltr'><strong>pocula</strong></span> <span class='ocrx_word' id='word_1_462' title='bbox 2909 2840 3126 2896; x_wconf 89' lang='lat' dir='ltr'><strong>furiose</strong></span> <span class='ocrx_word' id='word_1_463' title='bbox 3157 2838 3575 2906; x_wconf 79' lang='lat' dir='ltr'><strong>contaminata,</strong></span> <span class='ocrx_word' id='word_1_464' title='bbox 3607 2837 3695 2894; x_wconf 89' lang='lat' dir='ltr'><strong>vel</strong></span> <span class='ocrx_word' id='word_1_465' title='bbox 3725 2838 3797 2893; x_wconf 95' lang='lat' dir='ltr'><strong>ob</strong></span> 
     </span>
    </p>
   </div>
   <div class='ocr_carea' id='block_1_66' title="bbox 2152 2928 3801 3002">
    <p class='ocr_par' dir='ltr' id='par_1_66' title="bbox 2152 2928 3801 3002">
     <span class='ocr_line' id='line_1_66' title="bbox 2152 2928 3801 3002; baseline -0.001 -19"><span class='ocrx_word' id='word_1_466' title='bbox 2152 2933 2414 2985; x_wconf 90' lang='lat' dir='ltr'><strong>ventrem</strong></span> <span class='ocrx_word' id='word_1_467' title='bbox 2446 2928 2788 3001; x_wconf 83' lang='lat' dir='ltr'><strong>corporibus</strong></span> <span class='ocrx_word' id='word_1_468' title='bbox 2816 2929 3032 2986; x_wconf 88' lang='lat' dir='ltr'><strong>nostris</strong></span> <span class='ocrx_word' id='word_1_469' title='bbox 3050 2930 3308 3002; x_wconf 86' lang='lat' dir='ltr'><strong>projecta</strong></span> <span class='ocrx_word' id='word_1_470' title='bbox 3328 2928 3584 3001; x_wconf 89' lang='lat' dir='ltr'><strong>quadam</strong></span> <span class='ocrx_word' id='word_1_471' title='bbox 3610 2928 3801 2999; x_wconf 73' lang='lat' dir='ltr'><strong>impu~</strong></span> 
     </span>
    </p>
   </div>
   <div class='ocr_carea' id='block_1_67' title="bbox 2153 3018 3798 3090">
    <p class='ocr_par' dir='ltr' id='par_1_67' title="bbox 2153 3018 3798 3090">
     <span class='ocr_line' id='line_1_67' title="bbox 2153 3018 3798 3090; baseline -0.002 -15"><span class='ocrx_word' id='word_1_472' title='bbox 2153 3018 2355 3075; x_wconf 76' lang='lat' dir='ltr'><strong>dentis</strong></span> <span class='ocrx_word' id='word_1_473' title='bbox 2384 3022 2735 3090; x_wconf 90' lang='lat' dir='ltr'><strong>saturatum,</strong></span> <span class='ocrx_word' id='word_1_474' title='bbox 2757 3018 2844 3075; x_wconf 89' lang='lat' dir='ltr'><strong>vel</strong></span> <span class='ocrx_word' id='word_1_475' title='bbox 2871 3019 2944 3074; x_wconf 93' lang='lat' dir='ltr'><strong>ob</strong></span> <span class='ocrx_word' id='word_1_476' title='bbox 2974 3019 3171 3075; x_wconf 89' lang='lat' dir='ltr'><strong>omnia</strong></span> <span class='ocrx_word' id='word_1_477' title='bbox 3199 3019 3315 3075; x_wconf 87' lang='lat' dir='ltr'><strong>alia</strong></span> <span class='ocrx_word' id='word_1_478' title='bbox 3343 3018 3564 3074; x_wconf 88' lang='lat' dir='ltr'><strong>scelera</strong></span> <span class='ocrx_word' id='word_1_479' title='bbox 3594 3032 3798 3089; x_wconf 89' lang='lat' dir='ltr'><strong>perpe-</strong></span> 
     </span>
    </p>
   </div>
   <div class='ocr_carea' id='block_1_68' title="bbox 2152 3105 3801 3180">
    <p class='ocr_par' dir='ltr' id='par_1_68' title="bbox 2152 3105 3801 3180">
     <span class='ocr_line' id='line_1_68' title="bbox 2152 3105 3801 3180; baseline -0.002 -17"><span class='ocrx_word' id='word_1_480' title='bbox 2152 3111 2308 3164; x_wconf 87' lang='lat' dir='ltr'><strong>trata</strong></span> <span class='ocrx_word' id='word_1_481' title='bbox 2355 3107 2501 3180; x_wconf 91' lang='lat' dir='ltr'><strong>ipsis</strong></span> <span class='ocrx_word' id='word_1_482' title='bbox 2545 3107 2904 3175; x_wconf 88' lang='lat' dir='ltr'><strong>acciderunt,</strong></span> <span class='ocrx_word' id='word_1_483' title='bbox 2951 3107 3109 3163; x_wconf 90' lang='lat' dir='ltr'><strong>clara</strong></span> <span class='ocrx_word' id='word_1_484' title='bbox 3150 3112 3353 3180; x_wconf 79' lang='lat' dir='ltr'><strong>utique</strong></span> <span class='ocrx_word' id='word_1_485' title='bbox 3393 3111 3450 3163; x_wconf 91' lang='lat' dir='ltr'><strong>et</strong></span> <span class='ocrx_word' id='word_1_486' title='bbox 3492 3105 3801 3179; x_wconf 87' lang='lat' dir='ltr'><strong>perspicua</strong></span> 
     </span>
    </p>
   </div>
   <div class='ocr_carea' id='block_1_69' title="bbox 2154 3196 3801 3268">
    <p class='ocr_par' dir='ltr' id='par_1_69' title="bbox 2154 3196 3801 3268">
     <span class='ocr_line' id='line_1_69' title="bbox 2154 3196 3801 3268; baseline -0.002 -15"><span class='ocrx_word' id='word_1_487' title='bbox 2154 3197 2361 3253; x_wconf 86' lang='lat' dir='ltr'><strong>divinae</strong></span> <span class='ocrx_word' id='word_1_488' title='bbox 2392 3196 2673 3255; x_wconf 88' lang='lat' dir='ltr'><strong>adversus</strong></span> <span class='ocrx_word' id='word_1_489' title='bbox 2706 3196 3048 3268; x_wconf 86' lang='lat' dir='ltr'><strong>bujusmodi</strong></span> <span class='ocrx_word' id='word_1_490' title='bbox 3104 3196 3373 3253; x_wconf 88' lang='lat' dir='ltr'><strong>homines</strong></span> <span class='ocrx_word' id='word_1_491' title='bbox 3416 3196 3513 3252; x_wconf 83' lang='lat' dir='ltr'><strong>irae</strong></span> <span class='ocrx_word' id='word_1_492' title='bbox 3543 3196 3713 3268; x_wconf 88' lang='lat' dir='ltr'><strong>signa</strong></span> <span class='ocrx_word' id='word_1_493' title='bbox 3742 3198 3801 3250; x_wconf 88' lang='lat' dir='ltr'><strong>et</strong></span> 
     </span>
    </p>
   </div>
   <div class='ocr_carea' id='block_1_70' title="bbox 2155 3284 3798 3360">
    <p class='ocr_par' dir='ltr' id='par_1_70' title="bbox 2155 3284 3798 3360">
     <span class='ocr_line' id='line_1_70' title="bbox 2155 3284 3798 3360; baseline -0.002 -18"><span class='ocrx_word' id='word_1_494' title='bbox 2155 3286 2544 3360; x_wconf 84' lang='lat' dir='ltr'><strong>argumenta?</strong></span> <span class='ocrx_word' id='word_1_495' title='bbox 2574 3286 2785 3342; x_wconf 87' lang='lat' dir='ltr'><strong>Verum</strong></span> <span class='ocrx_word' id='word_1_496' title='bbox 2832 3286 2954 3342; x_wconf 60' lang='lat' dir='ltr'><strong>haec</strong></span> <span class='ocrx_word' id='word_1_497' title='bbox 3003 3285 3266 3342; x_wconf 90' lang='lat' dir='ltr'><strong>consulto</strong></span> <span class='ocrx_word' id='word_1_498' title='bbox 3317 3284 3647 3358; x_wconf 73' lang='lat' dir='ltr'><strong>praeteribo,</strong></span> <span class='ocrx_word' id='word_1_499' title='bbox 3682 3300 3798 3339; x_wconf 88' lang='lat' dir='ltr'><strong>non</strong></span> 
     </span>
    </p>
   </div>
   <div class='ocr_carea' id='block_1_71' title="bbox 2153 3374 3798 3447">
    <p class='ocr_par' dir='ltr' id='par_1_71' title="bbox 2153 3374 3798 3447">
     <span class='ocr_line' id='line_1_71' title="bbox 2153 3374 3798 3447; baseline -0.001 -16"><span class='ocrx_word' id='word_1_500' title='bbox 2153 3376 2308 3447; x_wconf 88' lang='lat' dir='ltr'><strong>quod</strong></span> <span class='ocrx_word' id='word_1_501' title='bbox 2340 3375 2413 3432; x_wconf 89' lang='lat' dir='ltr'><strong>iis</strong></span> <span class='ocrx_word' id='word_1_502' title='bbox 2444 3392 2571 3447; x_wconf 62' lang='lat' dir='ltr'><strong>qua</strong></span> <span class='ocrx_word' id='word_1_503' title='bbox 2619 3374 2678 3430; x_wconf 91' lang='lat' dir='ltr'><strong>in</strong></span> <span class='ocrx_word' id='word_1_504' title='bbox 2725 3374 3034 3430; x_wconf 87' lang='lat' dir='ltr'><strong>hominum</strong></span> <span class='ocrx_word' id='word_1_505' title='bbox 3080 3374 3264 3431; x_wconf 91' lang='lat' dir='ltr'><strong>oculis</strong></span> <span class='ocrx_word' id='word_1_506' title='bbox 3304 3378 3479 3446; x_wconf 89' lang='lat' dir='ltr'><strong>atque</strong></span> <span class='ocrx_word' id='word_1_507' title='bbox 3527 3388 3798 3429; x_wconf 82' lang='lat' dir='ltr'><strong>sermone</strong></span> 
     </span>
    </p>
   </div>
   <div class='ocr_carea' id='block_1_72' title="bbox 2152 3464 3798 3537">
    <p class='ocr_par' dir='ltr' id='par_1_72' title="bbox 2152 3464 3798 3537">
     <span class='ocr_line' id='line_1_72' title="bbox 2152 3464 3798 3537; baseline -0.002 -16"><span class='ocrx_word' id='word_1_508' title='bbox 2152 3465 2341 3537; x_wconf 86' lang='lat' dir='ltr'><strong>posita</strong></span> <span class='ocrx_word' id='word_1_509' title='bbox 2387 3468 2547 3536; x_wconf 89' lang='lat' dir='ltr'><strong>sunt,</strong></span> <span class='ocrx_word' id='word_1_510' title='bbox 2600 3464 2775 3520; x_wconf 85' lang='lat' dir='ltr'><strong>ﬁdem</strong></span> <span class='ocrx_word' id='word_1_511' title='bbox 2819 3465 3118 3537; x_wconf 87' lang='lat' dir='ltr'><strong>abrogem,</strong></span> <span class='ocrx_word' id='word_1_512' title='bbox 3169 3469 3266 3520; x_wconf 89' lang='lat' dir='ltr'><strong>aut</strong></span> <span class='ocrx_word' id='word_1_513' title='bbox 3318 3480 3513 3519; x_wconf 89' lang='lat' dir='ltr'><strong>rerum</strong></span> <span class='ocrx_word' id='word_1_514' title='bbox 3552 3466 3798 3519; x_wconf 89' lang='lat' dir='ltr'><strong>eventus</strong></span> 
     </span>
    </p>
   </div>
   <div class='ocr_carea' id='block_1_73' title="bbox 2150 3552 3799 3624">
    <p class='ocr_par' dir='ltr' id='par_1_73' title="bbox 2150 3552 3799 3624">
     <span class='ocr_line' id='line_1_73' title="bbox 2150 3552 3799 3624; baseline -0.002 -15"><span class='ocrx_word' id='word_1_515' title='bbox 2150 3553 2462 3609; x_wconf 81' lang='lat' dir='ltr'><strong>temerario</strong></span> <span class='ocrx_word' id='word_1_516' title='bbox 2529 3554 2763 3609; x_wconf 91' lang='lat' dir='ltr'><strong>cuidam</strong></span> <span class='ocrx_word' id='word_1_517' title='bbox 2830 3553 3019 3610; x_wconf 90' lang='lat' dir='ltr'><strong>motui</strong></span> <span class='ocrx_word' id='word_1_518' title='bbox 3093 3553 3454 3624; x_wconf 60' lang='lat' dir='ltr'><strong>fortunisque</strong></span> <span class='ocrx_word' id='word_1_519' title='bbox 3518 3552 3799 3616; x_wconf 89' lang='lat' dir='ltr'><strong>tribuam,</strong></span> 
     </span>
    </p>
   </div>
   <div class='ocr_carea' id='block_1_74' title="bbox 2149 3641 3800 3715">
    <p class='ocr_par' dir='ltr' id='par_1_74' title="bbox 2149 3641 3800 3715">
     <span class='ocr_line' id='line_1_74' title="bbox 2149 3641 3800 3715; baseline -0.002 -18"><span class='ocrx_word' id='word_1_520' title='bbox 2149 3643 2649 3715; x_wconf 89' lang='lat' dir='ltr'><strong>quemadmodum</strong></span> <span class='ocrx_word' id='word_1_521' title='bbox 2673 3642 2780 3710; x_wconf 90' lang='lat' dir='ltr'><strong>illi,</strong></span> <span class='ocrx_word' id='word_1_522' title='bbox 2806 3643 2907 3715; x_wconf 92' lang='lat' dir='ltr'><strong>qui</strong></span> <span class='ocrx_word' id='word_1_523' title='bbox 2939 3658 3032 3699; x_wconf 89' lang='lat' dir='ltr'><strong>res</strong></span> <span class='ocrx_word' id='word_1_524' title='bbox 3056 3641 3400 3714; x_wconf 88' lang='lat' dir='ltr'><strong>hujusmodi</strong></span> <span class='ocrx_word' id='word_1_525' title='bbox 3422 3646 3640 3698; x_wconf 90' lang='lat' dir='ltr'><strong>temere</strong></span> <span class='ocrx_word' id='word_1_526' title='bbox 3671 3657 3800 3696; x_wconf 86' lang='lat' dir='ltr'><strong>sen-</strong></span> 
     </span>
    </p>
   </div>
   <div class='ocr_carea' id='block_1_75' title="bbox 2146 3729 3797 3805">
    <p class='ocr_par' dir='ltr' id='par_1_75' title="bbox 2146 3729 3797 3805">
     <span class='ocr_line' id='line_1_75' title="bbox 2146 3729 3797 3805; baseline -0.002 -19"><span class='ocrx_word' id='word_1_527' title='bbox 2146 3731 2324 3800; x_wconf 89' lang='lat' dir='ltr'><strong>tiunt,</strong></span> <span class='ocrx_word' id='word_1_528' title='bbox 2357 3732 2457 3788; x_wconf 91' lang='lat' dir='ltr'><strong>sed</strong></span> <span class='ocrx_word' id='word_1_529' title='bbox 2489 3748 2583 3800; x_wconf 91' lang='lat' dir='ltr'><strong>ne,</strong></span> <span class='ocrx_word' id='word_1_530' title='bbox 2613 3730 2938 3803; x_wconf 86' lang='lat' dir='ltr'><strong>majoribus</strong></span> <span class='ocrx_word' id='word_1_531' title='bbox 2964 3736 3142 3805; x_wconf 89' lang='lat' dir='ltr'><strong>atque</strong></span> <span class='ocrx_word' id='word_1_532' title='bbox 3163 3730 3591 3803; x_wconf 88' lang='lat' dir='ltr'><strong>insignioribus</strong></span> <span class='ocrx_word' id='word_1_533' title='bbox 3619 3729 3797 3785; x_wconf 90' lang='lat' dir='ltr'><strong>rebus</strong></span> 
     </span>
    </p>
   </div>
   <div class='ocr_carea' id='block_1_76' title="bbox 2148 3817 3793 3893">
    <p class='ocr_par' dir='ltr' id='par_1_76' title="bbox 2148 3817 3793 3893">
     <span class='ocr_line' id='line_1_76' title="bbox 2148 3817 3793 3893; baseline -0.002 -18"><span class='ocrx_word' id='word_1_534' title='bbox 2148 3820 2580 3893; x_wconf 67' lang='lat' dir='ltr'><strong>praetermissis,</strong></span> <span class='ocrx_word' id='word_1_535' title='bbox 2630 3819 2944 3877; x_wconf 90' lang='lat' dir='ltr'><strong>levioribus</strong></span> <span class='ocrx_word' id='word_1_536' title='bbox 3006 3819 3308 3876; x_wconf 90' lang='lat' dir='ltr'><strong>immorari</strong></span> <span class='ocrx_word' id='word_1_537' title='bbox 3353 3819 3571 3875; x_wconf 88' lang='lat' dir='ltr'><strong>videar.</strong></span> <span class='ocrx_word' id='word_1_538' title='bbox 3640 3817 3793 3873; x_wconf 89' lang='lat' dir='ltr'><strong>Illud</strong></span> 
     </span>
    </p>
   </div>
   <div class='ocr_carea' id='block_1_77' title="bbox 380 3906 3797 3982">
    <p class='ocr_par' dir='ltr' id='par_1_77' title="bbox 380 3906 3797 3982">
     <span class='ocr_line' id='line_1_77' title="bbox 380 3906 3797 3982; baseline 0 -18"><span class='ocrx_word' id='word_1_539' title='bbox 380 3926 517 3966; x_wconf 88' lang='lat' dir='ltr'><strong>vero</strong></span> <span class='ocrx_word' id='word_1_540' title='bbox 548 3908 921 3979; x_wconf 85' lang='lat' dir='ltr'><strong>miraculum,</strong></span> <span class='ocrx_word' id='word_1_541' title='bbox 956 3910 1111 3982; x_wconf 92' lang='lat' dir='ltr'><strong>quod</strong></span> <span class='ocrx_word' id='word_1_542' title='bbox 1142 3908 1407 3967; x_wconf 88' lang='lat' dir='ltr'><strong>omnium</strong></span> <span class='ocrx_word' id='word_1_543' title='bbox 1438 3923 1535 3966; x_wconf 89' lang='lat' dir='ltr'><strong>ore</strong></span> <span class='ocrx_word' id='word_1_544' title='bbox 1566 3908 1917 3981; x_wconf 85' lang='lat' dir='ltr'><strong>celebratur,</strong></span> <span class='ocrx_word' id='word_1_545' title='bbox 1949 3926 2016 3966; x_wconf 85' lang='lat' dir='ltr'><strong>ac</strong></span> <span class='ocrx_word' id='word_1_546' title='bbox 2065 3925 2136 3967; x_wconf 89' lang='lat' dir='ltr'><strong>ne</strong></span> <span class='ocrx_word' id='word_1_547' title='bbox 2164 3910 2319 3982; x_wconf 89' lang='lat' dir='ltr'><strong>apud</strong></span> <span class='ocrx_word' id='word_1_548' title='bbox 2350 3925 2449 3965; x_wconf 83' lang='lat' dir='ltr'><strong>eos</strong></span> <span class='ocrx_word' id='word_1_549' title='bbox 2482 3909 2743 3981; x_wconf 87' lang='lat' dir='ltr'><strong>quidem,</strong></span> <span class='ocrx_word' id='word_1_550' title='bbox 2776 3909 2878 3981; x_wconf 91' lang='lat' dir='ltr'><strong>qui</strong></span> <span class='ocrx_word' id='word_1_551' title='bbox 2908 3910 3089 3965; x_wconf 90' lang='lat' dir='ltr'><strong>Deum</strong></span> <span class='ocrx_word' id='word_1_552' title='bbox 3145 3907 3375 3964; x_wconf 90' lang='lat' dir='ltr'><strong>nullum</strong></span> <span class='ocrx_word' id='word_1_553' title='bbox 3416 3909 3648 3979; x_wconf 84' lang='lat' dir='ltr'><strong>putant,</strong></span> <span class='ocrx_word' id='word_1_554' title='bbox 3680 3906 3797 3964; x_wconf 82' lang='lat' dir='ltr'><strong>ﬁde</strong></span> 
     </span>
    </p>
   </div>
   <div class='ocr_carea' id='block_1_78' title="bbox 383 3999 1234 4072">
    <p class='ocr_par' dir='ltr' id='par_1_78' title="bbox 383 3999 1234 4072">
     <span class='ocr_line' id='line_1_78' title="bbox 383 3999 1234 4072; baseline -0.001 -17"><span class='ocrx_word' id='word_1_555' title='bbox 383 4003 567 4069; x_wconf 86' lang='lat' dir='ltr'><strong>caret,</strong></span> <span class='ocrx_word' id='word_1_556' title='bbox 598 3999 861 4056; x_wconf 87' lang='lat' dir='ltr'><strong>oratione</strong></span> <span class='ocrx_word' id='word_1_557' title='bbox 889 4015 1234 4072; x_wconf 78' lang='lat' dir='ltr'><strong>prosequar.</strong></span> 
     </span>
    </p>
   </div>
   <div class='ocr_carea' id='block_1_79' title="bbox 455 4083 2034 4162">
    <p class='ocr_par' dir='ltr' id='par_1_79' title="bbox 455 4083 2034 4162">
     <span class='ocr_line' id='line_1_79' title="bbox 455 4083 2034 4162; baseline -0.001 -20"><span class='ocrx_word' id='word_1_558' title='bbox 455 4090 529 4147; x_wconf 77' lang='lat'><strong>1&quot;.</strong></span> <span class='ocrx_word' id='word_1_559' title='bbox 559 4085 839 4161; x_wconf 81' lang='grc' dir='ltr'>Ἐμαίνετο</span> <span class='ocrx_word' id='word_1_560' title='bbox 913 4088 1032 4141; x_wconf 88' lang='grc' dir='ltr'>καθ’</span> <span class='ocrx_word' id='word_1_561' title='bbox 1105 4089 1267 4160; x_wconf 79' lang='grc' dir='ltr'>ἡμῶν</span> <span class='ocrx_word' id='word_1_562' title='bbox 1344 4085 1427 4141; x_wconf 83' lang='grc' dir='ltr'><strong>ἀεί</strong></span> <span class='ocrx_word' id='word_1_563' title='bbox 1497 4107 1550 4141; x_wconf 87' lang='grc' dir='ltr'><strong>τι</strong></span> <span class='ocrx_word' id='word_1_564' title='bbox 1624 4083 1813 4158; x_wconf 69' lang='grc' dir='ltr'>πλέον,</span> <span class='ocrx_word' id='word_1_565' title='bbox 1855 4083 2034 4162; x_wconf 82' lang='grc' dir='ltr'>ὥσπερ</span> 
     </span>
    </p>
   </div>
   <div class='ocr_carea' id='block_1_80' title="bbox 378 4174 2036 4252">
    <p class='ocr_par' dir='ltr' id='par_1_80' title="bbox 378 4174 2036 4252">
     <span class='ocr_line' id='line_1_80' title="bbox 378 4174 2036 4252; baseline -0.001 -20"><span class='ocrx_word' id='word_1_566' title='bbox 378 4176 612 4252; x_wconf 80' lang='grc' dir='ltr'>κύμασιν</span> <span class='ocrx_word' id='word_1_567' title='bbox 694 4174 986 4252; x_wconf 69' lang='grc' dir='ltr'>ἐπεγείρων</span> <span class='ocrx_word' id='word_1_568' title='bbox 1064 4174 1299 4250; x_wconf 78' lang='grc' dir='ltr'>κύματα,</span> <span class='ocrx_word' id='word_1_569' title='bbox 1360 4176 1389 4230; x_wconf 84' lang='grc' dir='ltr'>ὁ</span> <span class='ocrx_word' id='word_1_570' title='bbox 1439 4176 1556 4231; x_wconf 84' lang='grc' dir='ltr'>καθ’</span> <span class='ocrx_word' id='word_1_571' title='bbox 1625 4174 1818 4230; x_wconf 68' lang='grc' dir='ltr'>ἑαυτοῦ</span> <span class='ocrx_word' id='word_1_572' title='bbox 1884 4180 2036 4252; x_wconf 82' lang='grc' dir='ltr'>πρῶ-</span> 
     </span>
    </p>
   </div>
   <div class='ocr_carea' id='block_1_81' title="bbox 381 4378 2033 4510">
    <p class='ocr_par' dir='ltr' id='par_1_81' title="bbox 381 4378 2033 4510">
     <span class='ocr_line' id='line_1_81' title="bbox 451 4378 2033 4510; baseline 0 -73"><span class='ocrx_word' id='word_1_573' title='bbox 451 4384 563 4455; x_wconf 85' lang='grc'>(89)</span> <span class='ocrx_word' id='word_1_574' title='bbox 598 4382 935 4510; x_wconf 59' lang='grc' dir='ltr'>Προσθεῖναι.</span> <span class='ocrx_word' id='word_1_575' title='bbox 971 4405 1000 4434; x_wconf 90' lang='grc'><strong>‹‹</strong></span> <span class='ocrx_word' id='word_1_576' title='bbox 1034 4384 1209 4455; x_wconf 87' lang='lat' dir='ltr'><strong>Lego,</strong></span> <span class='ocrx_word' id='word_1_577' title='bbox 1242 4404 1271 4435; x_wconf 84' lang='lat'>»</span> <span class='ocrx_word' id='word_1_578' title='bbox 1304 4383 1384 4439; x_wconf 86' lang='lat' dir='ltr'><strong>ait</strong></span> <span class='ocrx_word' id='word_1_579' title='bbox 1412 4383 1707 4452; x_wconf 81' lang='lat' dir='ltr'><strong>Heinsius,</strong></span> <span class='ocrx_word' id='word_1_580' title='bbox 1743 4378 1834 4438; x_wconf 81' lang='grc' dir='ltr'>οὗν</span> <span class='ocrx_word' id='word_1_581' title='bbox 1864 4401 2033 4458; x_wconf 86' lang='grc' dir='ltr'>προσ-</span> 
     </span>
     <span class='ocr_line' id='line_1_82' title="bbox 381 4453 751 4510; baseline -0.005 0"><span class='ocrx_word' id='word_1_582' title='bbox 381 4458 551 4510; x_wconf 77' lang='grc' dir='ltr'>θεῖναι</span> <span class='ocrx_word' id='word_1_583' title='bbox 586 4453 644 4510; x_wconf 75' lang='grc' dir='ltr'>θέ</span> <span class='ocrx_word' id='word_1_584' title='bbox 686 4475 751 4509; x_wconf 90' lang='grc' dir='ltr'>ω.</span> 
     </span>
    </p>
   </div>
   <div class='ocr_carea' id='block_1_82' title="bbox 416 4453 751 4517">
    <p class='ocr_par' dir='ltr' id='par_1_82' title="bbox 416 4453 751 4517">
     <span class='ocr_line' id='line_1_83' title="bbox 416 4453 751 4517; baseline 0 -8"><span class='ocrx_word' id='word_1_585' title='bbox 416 4453 554 4510; x_wconf 78' lang='grc' dir='ltr'>εἶναι</span> <span class='ocrx_word' id='word_1_586' title='bbox 586 4453 751 4517; x_wconf 78' lang='grc' dir='ltr'>θέλω.</span> 
     </span>
    </p>
   </div>
   <div class='ocr_carea' id='block_1_83' title="bbox 452 4523 2033 4600">
    <p class='ocr_par' dir='ltr' id='par_1_83' title="bbox 452 4523 2033 4600">
     <span class='ocr_line' id='line_1_84' title="bbox 452 4523 2033 4600; baseline 0 -20"><span class='ocrx_word' id='word_1_587' title='bbox 452 4530 569 4600; x_wconf 77' lang='lat'>(90)</span> <span class='ocrx_word' id='word_1_588' title='bbox 628 4523 891 4599; x_wconf 84' lang='grc' dir='ltr'>Σταθμία.</span> <span class='ocrx_word' id='word_1_589' title='bbox 940 4526 1085 4581; x_wconf 86' lang='lat' dir='ltr'><strong>Tres</strong></span> <span class='ocrx_word' id='word_1_590' title='bbox 1142 4526 1282 4599; x_wconf 88' lang='lat' dir='ltr'><strong>Reg.</strong></span> <span class='ocrx_word' id='word_1_591' title='bbox 1340 4526 1496 4583; x_wconf 84' lang='lat' dir='ltr'><strong>Golb.</strong></span> <span class='ocrx_word' id='word_1_592' title='bbox 1554 4526 1612 4597; x_wconf 90' lang='lat' dir='ltr'><strong>k,</strong></span> <span class='ocrx_word' id='word_1_593' title='bbox 1673 4526 1769 4582; x_wconf 94' lang='lat' dir='ltr'><strong>0r.</strong></span> <span class='ocrx_word' id='word_1_594' title='bbox 1819 4526 2033 4595; x_wconf 60' lang='lat' dir='ltr'><strong>Latu-</strong></span> 
     </span>
    </p>
   </div>
   <div class='ocr_carea' id='block_1_84' title="bbox 380 4597 514 4671">
    <p class='ocr_par' dir='ltr' id='par_1_84' title="bbox 380 4597 514 4671">
     <span class='ocr_line' id='line_1_85' title="bbox 380 4597 514 4671; baseline -0.007 -18"><span class='ocrx_word' id='word_1_595' title='bbox 380 4602 408 4653; x_wconf 88' lang='grc' dir='ltr'><strong>θ</strong></span> <span class='ocrx_word' id='word_1_596' title='bbox 418 4597 514 4671; x_wconf 79' lang='grc' dir='ltr'>μά.</span> 
     </span>
    </p>
   </div>
   <div class='ocr_carea' id='block_1_85' title="bbox 455 4664 2037 4741">
    <p class='ocr_par' dir='ltr' id='par_1_85' title="bbox 455 4664 2037 4741">
     <span class='ocr_line' id='line_1_86' title="bbox 455 4664 2037 4741; baseline 0.001 -18"><span class='ocrx_word' id='word_1_597' title='bbox 455 4669 568 4741; x_wconf 72' lang='grc'>(94)</span> <span class='ocrx_word' id='word_1_598' title='bbox 600 4664 875 4741; x_wconf 47' lang='grc' dir='ltr'><strong>Πονηρίοι2</strong></span> <span class='ocrx_word' id='word_1_599' title='bbox 896 4668 959 4722; x_wconf 87' lang='lat' dir='ltr'><strong>In</strong></span> <span class='ocrx_word' id='word_1_600' title='bbox 991 4667 1171 4741; x_wconf 78' lang='lat' dir='ltr'><strong>Mpnt.</strong></span> <span class='ocrx_word' id='word_1_601' title='bbox 1206 4685 1295 4741; x_wconf 87' lang='grc' dir='ltr'><strong>γρ.</strong></span> <span class='ocrx_word' id='word_1_602' title='bbox 1327 4665 1583 4741; x_wconf 78' lang='grc' dir='ltr'>πονηρίᾳ,</span> <span class='ocrx_word' id='word_1_603' title='bbox 1629 4670 1784 4741; x_wconf 86' lang='lat' dir='ltr'><strong>quod</strong></span> <span class='ocrx_word' id='word_1_604' title='bbox 1816 4669 2037 4726; x_wconf 79' lang='lat' dir='ltr'><strong>habent</strong></span> 
     </span>
    </p>
   </div>
   <div class='ocr_carea' id='block_1_86' title="bbox 377 4738 2035 4799">
    <p class='ocr_par' dir='ltr' id='par_1_86' title="bbox 377 4738 2035 4799">
     <span class='ocr_line' id='line_1_87' title="bbox 377 4738 2035 4799; baseline -0.001 -1"><span class='ocrx_word' id='word_1_605' title='bbox 377 4742 512 4799; x_wconf 89' lang='lat' dir='ltr'><strong>Ald.</strong></span> <span class='ocrx_word' id='word_1_606' title='bbox 545 4738 601 4797; x_wconf 84' lang='lat' dir='ltr'><strong>et</strong></span> <span class='ocrx_word' id='word_1_607' title='bbox 628 4738 796 4797; x_wconf 82' lang='lat' dir='ltr'><strong>Herv.</strong></span> <span class='ocrx_word' id='word_1_608' title='bbox 832 4740 995 4795; x_wconf 87' lang='lat' dir='ltr'><strong>Hunc</strong></span> <span class='ocrx_word' id='word_1_609' title='bbox 1043 4738 1253 4795; x_wconf 81' lang='lat' dir='ltr'><strong>locum</strong></span> <span class='ocrx_word' id='word_1_610' title='bbox 1291 4740 1376 4795; x_wconf 88' lang='lat' dir='ltr'><strong>sic</strong></span> <span class='ocrx_word' id='word_1_611' title='bbox 1424 4738 1616 4796; x_wconf 81' lang='lat' dir='ltr'><strong>reddit</strong></span> <span class='ocrx_word' id='word_1_612' title='bbox 1645 4738 1857 4796; x_wconf 58' lang='lat' dir='ltr'><strong>&#39;Comb.</strong></span> <span class='ocrx_word' id='word_1_613' title='bbox 1912 4763 1941 4793; x_wconf 84' lang='grc'><em>‹‹</em></span> <span class='ocrx_word' id='word_1_614' title='bbox 1967 4746 2035 4797; x_wconf 84' lang='lat' dir='ltr'><strong>Et</strong></span> 
     </span>
    </p>
   </div>
   <div class='ocr_carea' id='block_1_87' title="bbox 380 4810 2030 4887">
    <p class='ocr_par' dir='ltr' id='par_1_87' title="bbox 380 4810 2030 4887">
     <span class='ocr_line' id='line_1_88' title="bbox 380 4810 2030 4887; baseline 0.002 -20"><span class='ocrx_word' id='word_1_615' title='bbox 380 4814 601 4887; x_wconf 81' lang='lat' dir='ltr'><strong>quibus</strong></span> <span class='ocrx_word' id='word_1_616' title='bbox 633 4810 918 4887; x_wconf 85' lang='lat' dir='ltr'><strong>iniquitas</strong></span> <span class='ocrx_word' id='word_1_617' title='bbox 950 4812 1289 4887; x_wconf 84' lang='lat' dir='ltr'><strong>rependitur</strong></span> <span class='ocrx_word' id='word_1_618' title='bbox 1317 4812 1575 4883; x_wconf 90' lang='lat' dir='ltr'><strong>pondera</strong></span> <span class='ocrx_word' id='word_1_619' title='bbox 1605 4813 2030 4884; x_wconf 87' lang='lat' dir='ltr'><strong>appendamus,</strong></span> 
     </span>
    </p>
   </div>
   <div class='ocr_carea' id='block_1_88' title="bbox 380 4883 1053 4958">
    <p class='ocr_par' dir='ltr' id='par_1_88' title="bbox 380 4883 1053 4958">
     <span class='ocr_line' id='line_1_89' title="bbox 380 4883 1053 4958; baseline -0.006 -17"><span class='ocrx_word' id='word_1_620' title='bbox 380 4883 516 4958; x_wconf 76' lang='lat' dir='ltr'><strong>ipsa</strong></span> <span class='ocrx_word' id='word_1_621' title='bbox 546 4883 849 4958; x_wconf 77' lang='lat' dir='ltr'><strong>nimirum,</strong></span> <span class='ocrx_word' id='word_1_622' title='bbox 885 4904 917 4958; x_wconf 48' lang='grc' dir='ltr'>ξ</span> <span class='ocrx_word' id='word_1_623' title='bbox 943 4886 1053 4938; x_wconf 85' lang='lat' dir='ltr'><strong>etc.</strong></span> 
     </span>
    </p>
   </div>
   <div class='ocr_carea' id='block_1_89' title="bbox 452 4952 2031 5027">
    <p class='ocr_par' dir='ltr' id='par_1_89' title="bbox 452 4952 2031 5027">
     <span class='ocr_line' id='line_1_90' title="bbox 452 4952 2031 5027; baseline 0.001 -17"><span class='ocrx_word' id='word_1_624' title='bbox 452 4956 564 5027; x_wconf 88' lang='grc'>(02)</span> <span class='ocrx_word' id='word_1_625' title='bbox 593 4952 1014 5027; x_wconf 41' lang='grc' dir='ltr'>Αὐτόθενηὸθε·</span> <span class='ocrx_word' id='word_1_626' title='bbox 1053 4970 1110 5025; x_wconf 89' lang='lat' dir='ltr'><strong>q,</strong></span> <span class='ocrx_word' id='word_1_627' title='bbox 1341 4955 1395 5022; x_wconf 87' lang='lat'><strong>3,</strong></span> <span class='ocrx_word' id='word_1_628' title='bbox 1445 4952 1654 5011; x_wconf 80' lang='grc' dir='ltr'>αὐτίκα.</span> <span class='ocrx_word' id='word_1_629' title='bbox 1706 4954 1803 5011; x_wconf 84' lang='lat' dir='ltr'><strong>Or.</strong></span> <span class='ocrx_word' id='word_1_630' title='bbox 1857 4957 1911 5022; x_wconf 92' lang='grc'>1,</span> <span class='ocrx_word' id='word_1_631' title='bbox 1959 4956 2031 5011; x_wconf 87' lang='lat' dir='ltr'><strong>ad</strong></span> 
     </span>
    </p>
   </div>
   <div class='ocr_carea' id='block_1_90' title="bbox 379 5023 2030 5117">
    <p class='ocr_par' dir='ltr' id='par_1_90' title="bbox 379 5023 2030 5117">
     <span class='ocr_line' id='line_1_91' title="bbox 379 5023 2030 5117; baseline 0 -32"><span class='ocrx_word' id='word_1_632' title='bbox 379 5023 589 5117; x_wconf 71' lang='lat' dir='ltr'><strong>marg.~</strong></span> <span class='ocrx_word' id='word_1_633' title='bbox 604 5024 823 5081; x_wconf 79' lang='grc' dir='ltr'>αὐτόθεν</span> <span class='ocrx_word' id='word_1_634' title='bbox 852 5023 1161 5081; x_wconf 63' lang='grc' dir='ltr'>ἀπαντῶσα.</span> <span class='ocrx_word' id='word_1_635' title='bbox 1221 5026 1399 5082; x_wconf 88' lang='lat' dir='ltr'><strong>Mont.</strong></span> <span class='ocrx_word' id='word_1_636' title='bbox 1451 5032 1649 5085; x_wconf 88' lang='lat' dir='ltr'><strong>censet</strong></span> <span class='ocrx_word' id='word_1_637' title='bbox 1697 5027 2030 5100; x_wconf 88' lang='lat' dir='ltr'><strong>legendum,</strong></span> 
     </span>
    </p>
   </div>
   <div class='ocr_carea' id='block_1_91' title="bbox 378 5119 721 5155">
    <p class='ocr_par' dir='ltr' id='par_1_91' title="bbox 378 5119 721 5155">
     <span class='ocr_line' id='line_1_92' title="bbox 378 5119 721 5155; baseline 0 -1"><span class='ocrx_word' id='word_1_638' title='bbox 378 5121 518 5155; x_wconf 88' lang='grc' dir='ltr'>απαν</span> <span class='ocrx_word' id='word_1_639' title='bbox 527 5119 721 5154; x_wconf 88' lang='grc' dir='ltr'>τωντα.</span> 
     </span>
    </p>
   </div>
   <div class='ocr_carea' id='block_1_92' title="bbox 452 5163 1583 5244">
    <p class='ocr_par' dir='ltr' id='par_1_92' title="bbox 452 5163 1583 5244">
     <span class='ocr_line' id='line_1_93' title="bbox 452 5163 1583 5244; baseline -0.007 -17"><span class='ocrx_word' id='word_1_640' title='bbox 452 5174 566 5244; x_wconf 90' lang='grc'>(93)</span> <span class='ocrx_word' id='word_1_641' title='bbox 596 5168 925 5244; x_wconf 73' lang='grc' dir='ltr'>Ἠμετέρων.</span> <span class='ocrx_word' id='word_1_642' title='bbox 960 5189 987 5217; x_wconf 89' lang='grc'><em>‹‹</em></span> <span class='ocrx_word' id='word_1_643' title='bbox 1022 5167 1282 5244; x_wconf 54' lang='lat' dir='ltr'><strong>Sgbgtldi</strong></span> <span class='ocrx_word' id='word_1_644' title='bbox 1314 5163 1517 5243; x_wconf 86' lang='grc' dir='ltr'>λόγων,</span> <span class='ocrx_word' id='word_1_645' title='bbox 1555 5193 1583 5219; x_wconf 86' lang='grc'><strong>››</strong></span> 
     </span>
    </p>
   </div>
   <div class='ocr_carea' id='block_1_93' title="bbox 378 5239 1365 5314">
    <p class='ocr_par' dir='ltr' id='par_1_93' title="bbox 378 5239 1365 5314">
     <span class='ocr_line' id='line_1_94' title="bbox 378 5239 1365 5314; baseline -0.007 -17"><span class='ocrx_word' id='word_1_646' title='bbox 378 5264 407 5297; x_wconf 77' lang='grc' dir='ltr'><strong>α</strong></span> <span class='ocrx_word' id='word_1_647' title='bbox 442 5239 559 5301; x_wconf 73' lang='lat' dir='ltr'><strong>non</strong></span> <span class='ocrx_word' id='word_1_648' title='bbox 591 5239 951 5314; x_wconf 78' lang='grc' dir='ltr'>πραγμάτων,</span> <span class='ocrx_word' id='word_1_649' title='bbox 985 5244 1049 5314; x_wconf 77' lang='lat' dir='ltr'><strong>ut</strong></span> <span class='ocrx_word' id='word_1_650' title='bbox 1078 5239 1365 5314; x_wconf 21' lang='lat' dir='ltr'><strong>Billiusxn</strong></span> 
     </span>
    </p>
   </div>
   <div class='ocr_carea' id='block_1_94' title="bbox 450 5308 2031 5388">
    <p class='ocr_par' dir='ltr' id='par_1_94' title="bbox 450 5308 2031 5388">
     <span class='ocr_line' id='line_1_95' title="bbox 450 5308 2031 5388; baseline -0.006 -16"><span class='ocrx_word' id='word_1_651' title='bbox 450 5316 562 5388; x_wconf 66' lang='grc'>(94)</span> <span class='ocrx_word' id='word_1_652' title='bbox 595 5308 690 5388; x_wconf 57' lang='grc' dir='ltr'><strong>Οἷς</strong></span> <span class='ocrx_word' id='word_1_653' title='bbox 720 5308 1200 5388; x_wconf 32' lang='grc' dir='ltr'>αρτὸςῌίπίσταται</span> <span class='ocrx_word' id='word_1_654' title='bbox 1242 5308 1495 5388; x_wconf 62' lang='grc' dir='ltr'>μέτροις.</span> <span class='ocrx_word' id='word_1_655' title='bbox 1544 5312 1726 5388; x_wconf 68' lang='lat' dir='ltr'><strong>onp.</strong></span> <span class='ocrx_word' id='word_1_656' title='bbox 1785 5310 1872 5363; x_wconf 88' lang='lat' dir='ltr'><strong>xui</strong></span> <span class='ocrx_word' id='word_1_657' title='bbox 1914 5313 2031 5388; x_wconf 74' lang='grc' dir='ltr'>οἷς.</span> 
     </span>
    </p>
   </div>
   <div class='ocr_carea' id='block_1_95' title="bbox 376 5380 2029 5459">
    <p class='ocr_par' dir='ltr' id='par_1_95' title="bbox 376 5380 2029 5459">
     <span class='ocr_line' id='line_1_96' title="bbox 376 5380 2029 5459; baseline -0.004 -15"><span class='ocrx_word' id='word_1_658' title='bbox 376 5380 555 5444; x_wconf 62' lang='lat' dir='ltr'><strong>Pass.</strong></span> <span class='ocrx_word' id='word_1_659' title='bbox 584 5384 826 5459; x_wconf 81' lang='grc' dir='ltr'>μάστιξιν</span> <span class='ocrx_word' id='word_1_660' title='bbox 858 5385 944 5445; x_wconf 82' lang='grc' dir='ltr'>αἷς</span> <span class='ocrx_word' id='word_1_661' title='bbox 976 5381 1135 5459; x_wconf 77' lang='grc' dir='ltr'>αὐτὸς</span> <span class='ocrx_word' id='word_1_662' title='bbox 1168 5380 1585 5459; x_wconf 37' lang='grc' dir='ltr'>ἐπίσταταιζκαξ</span> <span class='ocrx_word' id='word_1_663' title='bbox 1626 5383 1735 5459; x_wconf 39' lang='grc' dir='ltr'>οἷς,</span> <span class='ocrx_word' id='word_1_664' title='bbox 1770 5383 2029 5457; x_wconf 80' lang='grc' dir='ltr'>μετρίοις.</span> 
     </span>
    </p>
   </div>
   <div class='ocr_carea' id='block_1_96' title="bbox 374 5453 2035 5527">
    <p class='ocr_par' dir='ltr' id='par_1_96' title="bbox 374 5453 2035 5527">
     <span class='ocr_line' id='line_1_97' title="bbox 374 5453 2035 5527; baseline -0.004 -11"><span class='ocrx_word' id='word_1_665' title='bbox 374 5460 473 5516; x_wconf 92' lang='lat' dir='ltr'><strong>Sic</strong></span> <span class='ocrx_word' id='word_1_666' title='bbox 507 5453 685 5515; x_wconf 81' lang='lat' dir='ltr'><strong>etiam</strong></span> <span class='ocrx_word' id='word_1_667' title='bbox 715 5458 920 5514; x_wconf 85' lang='lat' dir='ltr'><strong>Comb.</strong></span> <span class='ocrx_word' id='word_1_668' title='bbox 983 5455 1081 5527; x_wconf 89' lang='lat' dir='ltr'><strong>qui</strong></span> <span class='ocrx_word' id='word_1_669' title='bbox 1125 5455 1296 5511; x_wconf 91' lang='lat' dir='ltr'><strong>vertit</strong></span> <span class='ocrx_word' id='word_1_670' title='bbox 1317 5471 1339 5527; x_wconf 14' lang='lat'><strong>:7</strong></span> <span class='ocrx_word' id='word_1_671' title='bbox 1381 5476 1408 5504; x_wconf 86' lang='lat'>«</span> <span class='ocrx_word' id='word_1_672' title='bbox 1434 5454 1682 5527; x_wconf 13' lang='lat' dir='ltr'><strong>,Quibus</strong></span> <span class='ocrx_word' id='word_1_673' title='bbox 1722 5453 1847 5526; x_wconf 88' lang='lat' dir='ltr'><strong>ipse</strong></span> <span class='ocrx_word' id='word_1_674' title='bbox 1874 5453 2035 5510; x_wconf 85' lang='lat' dir='ltr'><strong>novit</strong></span> 
     </span>
    </p>
   </div>
   <div class='ocr_carea' id='block_1_97' title="bbox 378 5526 1783 5601">
    <p class='ocr_par' dir='ltr' id='par_1_97' title="bbox 378 5526 1783 5601">
     <span class='ocr_line' id='line_1_98' title="bbox 378 5526 1783 5601; baseline -0.011 -12"><span class='ocrx_word' id='word_1_675' title='bbox 378 5531 586 5601; x_wconf 82' lang='lat' dir='ltr'><strong>ﬂagris</strong></span> <span class='ocrx_word' id='word_1_676' title='bbox 615 5534 673 5586; x_wconf 89' lang='lat' dir='ltr'><strong>et</strong></span> <span class='ocrx_word' id='word_1_677' title='bbox 704 5529 928 5601; x_wconf 78' lang='lat' dir='ltr'><strong>quibus</strong></span> <span class='ocrx_word' id='word_1_678' title='bbox 952 5526 1480 5601; x_wconf 78' lang='lat' dir='ltr'><strong>animadversionis</strong></span> <span class='ocrx_word' id='word_1_679' title='bbox 1503 5526 1723 5601; x_wconf 85' lang='lat' dir='ltr'><strong>_modis.</strong></span> <span class='ocrx_word' id='word_1_680' title='bbox 1756 5546 1783 5574; x_wconf 86' lang='grc'><strong>››</strong></span> 
     </span>
    </p>
   </div>
   <div class='ocr_carea' id='block_1_98' title="bbox 454 5596 2033 5676">
    <p class='ocr_par' dir='ltr' id='par_1_98' title="bbox 454 5596 2033 5676">
     <span class='ocr_line' id='line_1_99' title="bbox 454 5596 2033 5676; baseline -0.004 -18"><span class='ocrx_word' id='word_1_681' title='bbox 454 5596 569 5676; x_wconf 63' lang='grc'>(95)</span> <span class='ocrx_word' id='word_1_682' title='bbox 602 5596 1016 5676; x_wconf 76' lang='grc' dir='ltr'>Παρᾶπλησίας.</span> <span class='ocrx_word' id='word_1_683' title='bbox 1067 5620 1096 5651; x_wconf 86' lang='grc'><strong>‹‹</strong></span> <span class='ocrx_word' id='word_1_684' title='bbox 1128 5597 1381 5673; x_wconf 82' lang='lat' dir='ltr'><strong>Flagella</strong></span> <span class='ocrx_word' id='word_1_685' title='bbox 1404 5596 1724 5655; x_wconf 85' lang='lat' dir='ltr'><strong>sceleribus</strong></span> <span class='ocrx_word' id='word_1_686' title='bbox 1755 5596 2033 5669; x_wconf 86' lang='lat' dir='ltr'><strong>ausisque</strong></span> 
     </span>
    </p>
   </div>
   <div class='ocr_carea' id='block_1_99' title="bbox 378 5675 672 5732">
    <p class='ocr_par' dir='ltr' id='par_1_99' title="bbox 378 5675 672 5732">
     <span class='ocr_line' id='line_1_100' title="bbox 378 5675 672 5732; baseline -0.01 0"><span class='ocrx_word' id='word_1_687' title='bbox 378 5675 606 5732; x_wconf 70' lang='grc' dir='ltr'>αίῊηὶιι.</span> <span class='ocrx_word' id='word_1_688' title='bbox 644 5697 672 5724; x_wconf 86' lang='lat'><strong>»</strong></span> 
     </span>
    </p>
   </div>
   <div class='ocr_carea' id='block_1_100' title="bbox 453 5739 2031 5821">
    <p class='ocr_par' dir='ltr' id='par_1_100' title="bbox 453 5739 2031 5821">
     <span class='ocr_line' id='line_1_101' title="bbox 453 5739 2031 5821; baseline -0.004 -19"><span class='ocrx_word' id='word_1_689' title='bbox 453 5748 567 5821; x_wconf 83' lang='lat'><strong>(96)</strong></span> <span class='ocrx_word' id='word_1_690' title='bbox 598 5746 677 5800; x_wconf 87' lang='grc' dir='ltr'><strong>Δι’</strong></span> <span class='ocrx_word' id='word_1_691' title='bbox 727 5739 1037 5818; x_wconf 75' lang='grc' dir='ltr'>ὀνειράτων.</span> <span class='ocrx_word' id='word_1_692' title='bbox 1089 5765 1118 5796; x_wconf 77' lang='grc' dir='ltr'><strong>ιι</strong></span> <span class='ocrx_word' id='word_1_693' title='bbox 1167 5746 1277 5800; x_wconf 89' lang='lat' dir='ltr'><strong>Per</strong></span> <span class='ocrx_word' id='word_1_694' title='bbox 1305 5739 1617 5801; x_wconf 84' lang='lat' dir='ltr'><strong>insomnia.</strong></span> <span class='ocrx_word' id='word_1_695' title='bbox 1650 5762 1679 5793; x_wconf 83' lang='lat'><strong><em>»</em></strong></span> <span class='ocrx_word' id='word_1_696' title='bbox 1738 5740 1829 5798; x_wconf 87' lang='lat' dir='ltr'><strong>Sic</strong></span> <span class='ocrx_word' id='word_1_697' title='bbox 1859 5741 2031 5799; x_wconf 79' lang='lat' dir='ltr'><strong>casti-</strong></span> 
     </span>
    </p>
   </div>
   <div class='ocr_carea' id='block_1_101' title="bbox 1626 5171 2030 5241">
    <p class='ocr_par' dir='ltr' id='par_1_101' title="bbox 1626 5171 2030 5241">
     <span class='ocr_line' id='line_1_102' title="bbox 1626 5171 2030 5241; baseline -0.01 -14"><span class='ocrx_word' id='word_1_698' title='bbox 1626 5171 1819 5241; x_wconf 87' lang='lat' dir='ltr'><strong>inquit</strong></span> <span class='ocrx_word' id='word_1_699' title='bbox 1848 5171 2030 5227; x_wconf 88' lang='lat' dir='ltr'><strong>Mont.</strong></span> 
     </span>
    </p>
   </div>
   <div class='ocr_carea' id='block_1_102' title="bbox 2218 4085 3795 4144">
    <p class='ocr_par' dir='ltr' id='par_1_102' title="bbox 2218 4085 3795 4144">
     <span class='ocr_line' id='line_1_103' title="bbox 2218 4085 3795 4144; baseline -0.001 -1"><span class='ocrx_word' id='word_1_700' title='bbox 2218 4088 2311 4143; x_wconf 87' lang='lat' dir='ltr'><strong>III.</strong></span> <span class='ocrx_word' id='word_1_701' title='bbox 2339 4087 2589 4144; x_wconf 88' lang='lat' dir='ltr'><strong>Furebat</strong></span> <span class='ocrx_word' id='word_1_702' title='bbox 2618 4087 2714 4143; x_wconf 93' lang='lat' dir='ltr'><strong>ille</strong></span> <span class='ocrx_word' id='word_1_703' title='bbox 2744 4087 2803 4142; x_wconf 90' lang='lat' dir='ltr'><strong>in</strong></span> <span class='ocrx_word' id='word_1_704' title='bbox 2835 4087 2960 4143; x_wconf 90' lang='lat' dir='ltr'><strong>dies</strong></span> <span class='ocrx_word' id='word_1_705' title='bbox 3004 4088 3283 4144; x_wconf 84' lang='lat' dir='ltr'><strong>adversus</strong></span> <span class='ocrx_word' id='word_1_706' title='bbox 3335 4103 3441 4143; x_wconf 84' lang='lat' dir='ltr'><strong>nos</strong></span> <span class='ocrx_word' id='word_1_707' title='bbox 3485 4085 3795 4143; x_wconf 87' lang='lat' dir='ltr'><strong>vehemen-</strong></span> 
     </span>
    </p>
   </div>
   <div class='ocr_carea' id='block_1_103' title="bbox 2146 4175 3794 4250">
    <p class='ocr_par' dir='ltr' id='par_1_103' title="bbox 2146 4175 3794 4250">
     <span class='ocr_line' id='line_1_104' title="bbox 2146 4175 3794 4250; baseline -0.001 -18"><span class='ocrx_word' id='word_1_708' title='bbox 2146 4175 2285 4249; x_wconf 90' lang='lat' dir='ltr'><strong>tius,</strong></span> <span class='ocrx_word' id='word_1_709' title='bbox 2320 4193 2437 4233; x_wconf 91' lang='lat' dir='ltr'><strong>non</strong></span> <span class='ocrx_word' id='word_1_710' title='bbox 2477 4192 2647 4233; x_wconf 88' lang='lat' dir='ltr'><strong>secus</strong></span> <span class='ocrx_word' id='word_1_711' title='bbox 2681 4192 2746 4233; x_wconf 83' lang='lat' dir='ltr'><strong>ac</strong></span> <span class='ocrx_word' id='word_1_712' title='bbox 2770 4177 2984 4233; x_wconf 88' lang='lat' dir='ltr'><strong>fluctus</strong></span> <span class='ocrx_word' id='word_1_713' title='bbox 3023 4194 3200 4250; x_wconf 88' lang='lat' dir='ltr'><strong>super</strong></span> <span class='ocrx_word' id='word_1_714' title='bbox 3246 4178 3461 4234; x_wconf 85' lang='lat' dir='ltr'><strong>ﬂuctus</strong></span> <span class='ocrx_word' id='word_1_715' title='bbox 3512 4175 3794 4248; x_wconf 81' lang='lat' dir='ltr'><strong>excitans,</strong></span> 
     </span>
    </p>
   </div>
   <div class='ocr_carea' id='block_1_104' title="bbox 2182 4381 3798 4452">
    <p class='ocr_par' dir='ltr' id='par_1_104' title="bbox 2182 4381 3798 4452">
     <span class='ocr_line' id='line_1_105' title="bbox 2182 4381 3798 4452; baseline 0 -13"><span class='ocrx_word' id='word_1_716' title='bbox 2182 4386 2315 4439; x_wconf 88' lang='lat' dir='ltr'><strong>atus</strong></span> <span class='ocrx_word' id='word_1_717' title='bbox 2345 4386 2433 4439; x_wconf 92' lang='lat' dir='ltr'><strong>est</strong></span> <span class='ocrx_word' id='word_1_718' title='bbox 2462 4381 2797 4439; x_wconf 86' lang='lat' dir='ltr'><strong>Abimelech</strong></span> <span class='ocrx_word' id='word_1_719' title='bbox 2830 4397 2931 4439; x_wconf 83' lang='lat' dir='ltr'><strong>rex</strong></span> <span class='ocrx_word' id='word_1_720' title='bbox 2960 4383 3210 4452; x_wconf 74' lang='lat' dir='ltr'><strong>Geram,</strong></span> <span class='ocrx_word' id='word_1_721' title='bbox 3234 4399 3368 4441; x_wconf 89' lang='lat' dir='ltr'><strong>cum</strong></span> <span class='ocrx_word' id='word_1_722' title='bbox 3390 4385 3595 4440; x_wconf 79' lang='lat' dir='ltr'><strong>Seram</strong></span> <span class='ocrx_word' id='word_1_723' title='bbox 3616 4383 3798 4439; x_wconf 83' lang='lat' dir='ltr'><strong>Abra-</strong></span> 
     </span>
    </p>
   </div>
   <div class='ocr_carea' id='block_1_105' title="bbox 2185 4454 3192 4512">
    <p class='ocr_par' dir='ltr' id='par_1_105' title="bbox 2185 4454 3192 4512">
     <span class='ocr_line' id='line_1_106' title="bbox 2185 4454 3192 4512; baseline 0 -1"><span class='ocrx_word' id='word_1_724' title='bbox 2185 4472 2229 4510; x_wconf 80' lang='lat' dir='ltr'><strong>ae</strong></span> <span class='ocrx_word' id='word_1_725' title='bbox 2261 4471 2501 4511; x_wconf 87' lang='lat' dir='ltr'><strong>uxorem</strong></span> <span class='ocrx_word' id='word_1_726' title='bbox 2533 4454 2892 4511; x_wconf 87' lang='lat' dir='ltr'><strong>abstulisset.</strong></span> <span class='ocrx_word' id='word_1_727' title='bbox 2925 4459 3066 4512; x_wconf 88' lang='lat' dir='ltr'><strong>Gen.</strong></span> <span class='ocrx_word' id='word_1_728' title='bbox 3098 4472 3192 4511; x_wconf 87' lang='lat' dir='ltr'><strong>xx.</strong></span> 
     </span>
    </p>
   </div>
   <div class='ocr_carea' id='block_1_106' title="bbox 2212 4523 3795 4599">
    <p class='ocr_par' dir='ltr' id='par_1_106' title="bbox 2212 4523 3795 4599">
     <span class='ocr_line' id='line_1_107' title="bbox 2212 4523 3795 4599; baseline -0.001 -20"><span class='ocrx_word' id='word_1_729' title='bbox 2212 4528 2327 4599; x_wconf 81' lang='grc'>(97)</span> <span class='ocrx_word' id='word_1_730' title='bbox 2362 4526 2488 4599; x_wconf 73' lang='grc' dir='ltr'>Καθ’</span> <span class='ocrx_word' id='word_1_731' title='bbox 2517 4523 2678 4599; x_wconf 80' lang='grc' dir='ltr'>ὕπαρ.</span> <span class='ocrx_word' id='word_1_732' title='bbox 2715 4549 2743 4576; x_wconf 94' lang='grc'><strong>‹‹</strong></span> <span class='ocrx_word' id='word_1_733' title='bbox 2777 4525 3066 4599; x_wconf 72' lang='lat' dir='ltr'><strong>Verisque</strong></span> <span class='ocrx_word' id='word_1_734' title='bbox 3092 4526 3231 4583; x_wconf 89' lang='lat' dir='ltr'><strong>visis</strong></span> <span class='ocrx_word' id='word_1_735' title='bbox 3252 4526 3450 4583; x_wconf 89' lang='lat' dir='ltr'><strong>oblata</strong></span> <span class='ocrx_word' id='word_1_736' title='bbox 3479 4529 3727 4599; x_wconf 86' lang='lat' dir='ltr'><strong>spectra.</strong></span> <span class='ocrx_word' id='word_1_737' title='bbox 3766 4549 3795 4577; x_wconf 83' lang='lat'>»</span> 
     </span>
    </p>
   </div>
   <div class='ocr_carea' id='block_1_107' title="bbox 2064 4596 3797 4672">
    <p class='ocr_par' dir='ltr' id='par_1_107' title="bbox 2064 4596 3797 4672">
     <span class='ocr_line' id='line_1_108' title="bbox 2064 4596 3797 4672; baseline 0.001 -18"><span class='ocrx_word' id='word_1_738' title='bbox 2064 4604 2112 4668; x_wconf 89' lang='lat' dir='ltr'><strong>D</strong></span> <span class='ocrx_word' id='word_1_739' title='bbox 2144 4598 2320 4663; x_wconf 88' lang='lat' dir='ltr'><strong>Editi,</strong></span> <span class='ocrx_word' id='word_1_740' title='bbox 2368 4596 2667 4672; x_wconf 42' lang='grc' dir='ltr'><strong>ὑπέρηὸῐο</strong></span> <span class='ocrx_word' id='word_1_741' title='bbox 2715 4596 3057 4672; x_wconf 79' lang='lat' dir='ltr'><strong>Balthasaro</strong></span> <span class='ocrx_word' id='word_1_742' title='bbox 3104 4599 3450 4672; x_wconf 81' lang='lat' dir='ltr'><strong>impendens</strong></span> <span class='ocrx_word' id='word_1_743' title='bbox 3494 4596 3797 4655; x_wconf 74' lang='lat' dir='ltr'><strong>calamitas</strong></span> 
     </span>
    </p>
   </div>
   <div class='ocr_carea' id='block_1_108' title="bbox 2145 4669 3560 4742">
    <p class='ocr_par' dir='ltr' id='par_1_108' title="bbox 2145 4669 3560 4742">
     <span class='ocr_line' id='line_1_109' title="bbox 2145 4669 3560 4742; baseline -0.001 -17"><span class='ocrx_word' id='word_1_744' title='bbox 2145 4685 2249 4742; x_wconf 91' lang='lat' dir='ltr'><strong>per</strong></span> <span class='ocrx_word' id='word_1_745' title='bbox 2275 4669 2478 4742; x_wconf 81' lang='lat' dir='ltr'><strong>verum</strong></span> <span class='ocrx_word' id='word_1_746' title='bbox 2506 4670 2697 4742; x_wconf 68' lang='lat' dir='ltr'><strong>visum</strong></span> <span class='ocrx_word' id='word_1_747' title='bbox 2731 4669 3083 4742; x_wconf 71' lang='lat' dir='ltr'><strong>praesignata</strong></span> <span class='ocrx_word' id='word_1_748' title='bbox 3111 4669 3218 4727; x_wconf 74' lang='lat' dir='ltr'><strong>est.</strong></span> <span class='ocrx_word' id='word_1_749' title='bbox 3251 4670 3474 4727; x_wconf 89' lang='lat' dir='ltr'><strong>Daniel.</strong></span> <span class='ocrx_word' id='word_1_750' title='bbox 3507 4687 3560 4725; x_wconf 92' lang='lat' dir='ltr'><strong>v.</strong></span> 
     </span>
    </p>
   </div>
   <div class='ocr_carea' id='block_1_109' title="bbox 2213 4734 3797 4816">
    <p class='ocr_par' dir='ltr' id='par_1_109' title="bbox 2213 4734 3797 4816">
     <span class='ocr_line' id='line_1_110' title="bbox 2213 4734 3797 4816; baseline -0.002 -21"><span class='ocrx_word' id='word_1_751' title='bbox 2213 4741 2323 4811; x_wconf 89' lang='grc'>(98)</span> <span class='ocrx_word' id='word_1_752' title='bbox 2382 4734 2773 4813; x_wconf 71' lang='grc' dir='ltr'>Ἐξυϐρίσασιν.</span> <span class='ocrx_word' id='word_1_753' title='bbox 2834 4734 2975 4815; x_wconf 60' lang='grc' dir='ltr'><strong>Ηϐἒ.</strong></span> <span class='ocrx_word' id='word_1_754' title='bbox 3054 4742 3095 4813; x_wconf 89' lang='grc'>1,</span> <span class='ocrx_word' id='word_1_755' title='bbox 3167 4747 3224 4797; x_wconf 93' lang='lat' dir='ltr'><strong>et</strong></span> <span class='ocrx_word' id='word_1_756' title='bbox 3296 4745 3391 4797; x_wconf 85' lang='lat' dir='ltr'><strong>Or.</strong></span> <span class='ocrx_word' id='word_1_757' title='bbox 3470 4743 3523 4810; x_wconf 92' lang='grc'>1,</span> <span class='ocrx_word' id='word_1_758' title='bbox 3593 4735 3797 4816; x_wconf 79' lang='grc' dir='ltr'>ἐνυϐρί-</span> 
     </span>
    </p>
   </div>
   <div class='ocr_carea' id='block_1_110' title="bbox 2142 4832 2314 4867">
    <p class='ocr_par' dir='ltr' id='par_1_110' title="bbox 2142 4832 2314 4867">
     <span class='ocr_line' id='line_1_111' title="bbox 2142 4832 2314 4867; baseline 0.006 -1"><span class='ocrx_word' id='word_1_759' title='bbox 2142 4832 2314 4867; x_wconf 88' lang='grc' dir='ltr'>σασιν.</span> 
     </span>
    </p>
   </div>
   <div class='ocr_carea' id='block_1_111' title="bbox 2143 4882 3797 5039">
    <p class='ocr_par' dir='ltr' id='par_1_111' title="bbox 2143 4882 3797 5039">
     <span class='ocr_line' id='line_1_112' title="bbox 2213 4882 3792 5011; baseline -0.003 -73"><span class='ocrx_word' id='word_1_760' title='bbox 2213 4884 2328 5011; x_wconf 56' lang='grc'>(99)</span> <span class='ocrx_word' id='word_1_761' title='bbox 2374 4882 2678 4944; x_wconf 79' lang='grc' dir='ltr'>Μυστικοὺς</span> <span class='ocrx_word' id='word_1_762' title='bbox 2739 4883 3033 4959; x_wconf 69' lang='grc' dir='ltr'>κρατῆρας.</span> <span class='ocrx_word' id='word_1_763' title='bbox 3108 4908 3129 4935; x_wconf 71' lang='grc' dir='ltr'><strong>α</strong></span> <span class='ocrx_word' id='word_1_764' title='bbox 3191 4883 3436 4957; x_wconf 83' lang='lat' dir='ltr'><strong>Mystica</strong></span> <span class='ocrx_word' id='word_1_765' title='bbox 3484 4882 3710 4957; x_wconf 90' lang='lat' dir='ltr'><strong>pocula.</strong></span> <span class='ocrx_word' id='word_1_766' title='bbox 3742 4905 3792 4967; x_wconf 49' lang='grc' dir='ltr'><strong>,η</strong></span> 
     </span>
     <span class='ocr_line' id='line_1_113' title="bbox 2143 4953 3797 5039; baseline 0 -27"><span class='ocrx_word' id='word_1_767' title='bbox 2143 4957 2219 5012; x_wconf 90' lang='lat' dir='ltr'><strong>Ju</strong></span> <span class='ocrx_word' id='word_1_768' title='bbox 2249 4957 2417 5039; x_wconf 78' lang='lat' dir='ltr'><strong>ianus</strong></span> <span class='ocrx_word' id='word_1_769' title='bbox 2449 4956 2775 5039; x_wconf 64' lang='lat' dir='ltr'><strong>praefectus,</strong></span> <span class='ocrx_word' id='word_1_770' title='bbox 2806 4956 3098 5028; x_wconf 68' lang='lat' dir='ltr'><strong>Apostataa</strong></span> <span class='ocrx_word' id='word_1_771' title='bbox 3147 4955 3492 5039; x_wconf 57' lang='lat' dir='ltr'><strong>avunculus,</strong></span> <span class='ocrx_word' id='word_1_772' title='bbox 3544 4959 3600 5011; x_wconf 86' lang='lat' dir='ltr'><strong>et</strong></span> <span class='ocrx_word' id='word_1_773' title='bbox 3620 4953 3797 5039; x_wconf 79' lang='lat' dir='ltr'><strong>_Felix</strong></span> 
     </span>
    </p>
   </div>
   <div class='ocr_carea' id='block_1_112' title="bbox 2143 5028 3794 5100">
    <p class='ocr_par' dir='ltr' id='par_1_112' title="bbox 2143 5028 3794 5100">
     <span class='ocr_line' id='line_1_114' title="bbox 2143 5028 3794 5100; baseline -0.001 -16"><span class='ocrx_word' id='word_1_774' title='bbox 2143 5028 2357 5100; x_wconf 89' lang='lat' dir='ltr'><strong>regalis</strong></span> <span class='ocrx_word' id='word_1_775' title='bbox 2387 5028 2569 5083; x_wconf 65' lang='lat' dir='ltr'><strong>aerarii</strong></span> <span class='ocrx_word' id='word_1_776' title='bbox 2598 5030 3014 5100; x_wconf 74' lang='lat' dir='ltr'><strong>quaestor,cum</strong></span> <span class='ocrx_word' id='word_1_777' title='bbox 3044 5032 3274 5100; x_wconf 84' lang='lat' dir='ltr'><strong>sacrata</strong></span> <span class='ocrx_word' id='word_1_778' title='bbox 3302 5028 3417 5083; x_wconf 92' lang='lat' dir='ltr'><strong>Deo</strong></span> <span class='ocrx_word' id='word_1_779' title='bbox 3448 5044 3587 5100; x_wconf 83' lang='lat' dir='ltr'><strong>vasa</strong></span> <span class='ocrx_word' id='word_1_780' title='bbox 3614 5029 3794 5100; x_wconf 86' lang='lat' dir='ltr'><strong>teme-</strong></span> 
     </span>
    </p>
   </div>
   <div class='ocr_carea' id='block_1_113' title="bbox 2141 5098 3794 5171">
    <p class='ocr_par' dir='ltr' id='par_1_113' title="bbox 2141 5098 3794 5171">
     <span class='ocr_line' id='line_1_115' title="bbox 2141 5098 3794 5171; baseline -0.001 -16"><span class='ocrx_word' id='word_1_781' title='bbox 2141 5098 2393 5169; x_wconf 77' lang='lat' dir='ltr'><strong>rassent,</strong></span> <span class='ocrx_word' id='word_1_782' title='bbox 2427 5098 2716 5171; x_wconf 81' lang='lat' dir='ltr'><strong>extemplo</strong></span> <span class='ocrx_word' id='word_1_783' title='bbox 2748 5098 3014 5155; x_wconf 89' lang='lat' dir='ltr'><strong>horribili</strong></span> <span class='ocrx_word' id='word_1_784' title='bbox 3049 5099 3250 5155; x_wconf 92' lang='lat' dir='ltr'><strong>morbo</strong></span> <span class='ocrx_word' id='word_1_785' title='bbox 3281 5099 3794 5171; x_wconf 9' lang='lat' dir='ltr'><strong>correpti,rmiser-</strong></span> 
     </span>
    </p>
   </div>
   <div class='ocr_carea' id='block_1_114' title="bbox 2144 5170 3789 5243">
    <p class='ocr_par' dir='ltr' id='par_1_114' title="bbox 2144 5170 3789 5243">
     <span class='ocr_line' id='line_1_116' title="bbox 2144 5170 3789 5243; baseline -0.001 -16"><span class='ocrx_word' id='word_1_786' title='bbox 2144 5172 2294 5243; x_wconf 86' lang='lat' dir='ltr'><strong>rima</strong></span> <span class='ocrx_word' id='word_1_787' title='bbox 2324 5175 2507 5227; x_wconf 90' lang='lat' dir='ltr'><strong>morte</strong></span> <span class='ocrx_word' id='word_1_788' title='bbox 2530 5170 2901 5227; x_wconf 73' lang='lat' dir='ltr'><strong>interierunt.</strong></span> <span class='ocrx_word' id='word_1_789' title='bbox 2938 5172 3079 5227; x_wconf 86' lang='lat' dir='ltr'><strong>Rem</strong></span> <span class='ocrx_word' id='word_1_790' title='bbox 3115 5176 3355 5228; x_wconf 84' lang='lat' dir='ltr'><strong>narrant</strong></span> <span class='ocrx_word' id='word_1_791' title='bbox 3382 5170 3619 5243; x_wconf 77' lang='lat' dir='ltr'><strong>Niceph.</strong></span> <span class='ocrx_word' id='word_1_792' title='bbox 3655 5173 3789 5227; x_wconf 75' lang='lat' dir='ltr'><strong>Hist.</strong></span> 
     </span>
    </p>
   </div>
   <div class='ocr_carea' id='block_1_115' title="bbox 2143 5242 3793 5315">
    <p class='ocr_par' dir='ltr' id='par_1_115' title="bbox 2143 5242 3793 5315">
     <span class='ocr_line' id='line_1_117' title="bbox 2143 5242 3793 5315; baseline 0.002 -19"><span class='ocrx_word' id='word_1_793' title='bbox 2143 5242 2183 5297; x_wconf 93' lang='lat' dir='ltr'><strong>l.</strong></span> <span class='ocrx_word' id='word_1_794' title='bbox 2217 5262 2269 5309; x_wconf 87' lang='lat' dir='ltr'><strong>x,</strong></span> <span class='ocrx_word' id='word_1_795' title='bbox 2305 5260 2353 5298; x_wconf 90' lang='lat' dir='ltr'><strong>c.</strong></span> <span class='ocrx_word' id='word_1_796' title='bbox 2384 5243 2475 5311; x_wconf 83' lang='lat'><strong>29,</strong></span> <span class='ocrx_word' id='word_1_797' title='bbox 2507 5248 2574 5315; x_wconf 93' lang='lat' dir='ltr'><strong>_t.</strong></span> <span class='ocrx_word' id='word_1_798' title='bbox 2624 5244 2694 5315; x_wconf 80' lang='lat' dir='ltr'><strong>ll,</strong></span> <span class='ocrx_word' id='word_1_799' title='bbox 2750 5259 2881 5314; x_wconf 91' lang='lat' dir='ltr'><strong>pag.</strong></span> <span class='ocrx_word' id='word_1_800' title='bbox 2931 5244 3019 5315; x_wconf 79' lang='grc'><strong>67.</strong></span> <span class='ocrx_word' id='word_1_801' title='bbox 3071 5242 3531 5315; x_wconf 87' lang='lat' dir='ltr'><strong>Chrysostomus</strong></span> <span class='ocrx_word' id='word_1_802' title='bbox 3552 5259 3793 5315; x_wconf 86' lang='lat' dir='ltr'><strong>quoque</strong></span> 
     </span>
    </p>
   </div>
   <div class='ocr_carea' id='block_1_116' title="bbox 2144 5313 3787 5407">
    <p class='ocr_par' dir='ltr' id='par_1_116' title="bbox 2144 5313 3787 5407">
     <span class='ocr_line' id='line_1_118' title="bbox 2144 5313 3787 5407; baseline 0.001 -38"><span class='ocrx_word' id='word_1_803' title='bbox 2144 5315 2302 5407; x_wconf 53' lang='lat' dir='ltr'><strong>hnom,</strong></span> <span class='ocrx_word' id='word_1_804' title='bbox 2334 5315 2387 5382; x_wconf 84' lang='grc'>4,</span> <span class='ocrx_word' id='word_1_805' title='bbox 2421 5314 2479 5369; x_wconf 90' lang='lat' dir='ltr'><strong>in</strong></span> <span class='ocrx_word' id='word_1_806' title='bbox 2506 5313 2763 5371; x_wconf 32' lang='lat' dir='ltr'><strong>laudem’</strong></span> <span class='ocrx_word' id='word_1_807' title='bbox 2788 5313 3007 5386; x_wconf 83' lang='lat' dir='ltr'><strong>populi,</strong></span> <span class='ocrx_word' id='word_1_808' title='bbox 3055 5319 3113 5371; x_wconf 90' lang='lat' dir='ltr'><strong>et</strong></span> <span class='ocrx_word' id='word_1_809' title='bbox 3158 5313 3501 5372; x_wconf 86' lang='lat' dir='ltr'><strong>Theodoret.</strong></span> <span class='ocrx_word' id='word_1_810' title='bbox 3548 5313 3591 5370; x_wconf 80' lang='lat' dir='ltr'><strong>l.</strong></span> <span class='ocrx_word' id='word_1_811' title='bbox 3623 5313 3787 5383; x_wconf 69' lang='lat'><strong>111,0.</strong></span> 
     </span>
    </p>
   </div>
   <div class='ocr_carea' id='block_1_117' title="bbox 2143 5386 3466 5529">
    <p class='ocr_par' dir='ltr' id='par_1_117' title="bbox 2143 5386 3466 5529">
     <span class='ocr_line' id='line_1_119' title="bbox 2143 5386 3466 5529; baseline -0.001 -17"><span class='ocrx_word' id='word_1_812' title='bbox 2143 5386 2287 5527; x_wconf 50' lang='grc'><strong>420)</strong></span> <span class='ocrx_word' id='word_1_813' title='bbox 2322 5452 2569 5524; x_wconf 69' lang='grc' dir='ltr'><strong>Ἀνᾶδην.</strong></span> <span class='ocrx_word' id='word_1_814' title='bbox 2621 5456 2762 5513; x_wconf 88' lang='lat' dir='ltr'><strong>Mss.</strong></span> <span class='ocrx_word' id='word_1_815' title='bbox 2814 5473 2928 5513; x_wconf 87' lang='lat' dir='ltr'><strong>non</strong></span> <span class='ocrx_word' id='word_1_816' title='bbox 2978 5456 3168 5529; x_wconf 85' lang='lat' dir='ltr'><strong>pauci,</strong></span> <span class='ocrx_word' id='word_1_817' title='bbox 3221 5454 3466 5527; x_wconf 83' lang='grc' dir='ltr'>ἀναίδην,</span> 
     </span>
    </p>
   </div>
   <div class='ocr_carea' id='block_1_118' title="bbox 2142 5528 3506 5673">
    <p class='ocr_par' dir='ltr' id='par_1_118' title="bbox 2142 5528 3506 5673">
     <span class='ocr_line' id='line_1_120' title="bbox 2142 5528 3506 5673; baseline 0 -19"><span class='ocrx_word' id='word_1_818' title='bbox 2142 5528 2554 5673; x_wconf 50' lang='grc' dir='ltr'><strong>ἀθὲξξέσίνερά.</strong></span> <span class='ocrx_word' id='word_1_819' title='bbox 2597 5601 2761 5673; x_wconf 74' lang='lat' dir='ltr'><strong>Pass.</strong></span> <span class='ocrx_word' id='word_1_820' title='bbox 2794 5591 3016 5673; x_wconf 59' lang='grc' dir='ltr'>ιροϐερά.</span> <span class='ocrx_word' id='word_1_821' title='bbox 3054 5620 3093 5673; x_wconf 84' lang='lat'><strong>«_</strong></span> <span class='ocrx_word' id='word_1_822' title='bbox 3124 5600 3438 5673; x_wconf 85' lang='lat' dir='ltr'><strong>Horrenda.</strong></span> <span class='ocrx_word' id='word_1_823' title='bbox 3475 5620 3506 5649; x_wconf 84' lang='lat'><strong>»</strong></span> 
     </span>
    </p>
   </div>
   <div class='ocr_carea' id='block_1_119' title="bbox 2212 5668 3495 5745">
    <p class='ocr_par' dir='ltr' id='par_1_119' title="bbox 2212 5668 3495 5745">
     <span class='ocr_line' id='line_1_121' title="bbox 2212 5668 3495 5745; baseline 0.001 -20"><span class='ocrx_word' id='word_1_824' title='bbox 2212 5668 2291 5740; x_wconf 83' lang='grc'>(3)</span> <span class='ocrx_word' id='word_1_825' title='bbox 2322 5668 2769 5744; x_wconf 77' lang='grc' dir='ltr'>Ὀνομαστότερα.</span> <span class='ocrx_word' id='word_1_826' title='bbox 2802 5668 2945 5745; x_wconf 53' lang='lat' dir='ltr'><strong>Reg;</strong></span> <span class='ocrx_word' id='word_1_827' title='bbox 2978 5672 3036 5743; x_wconf 88' lang='lat' dir='ltr'><strong>b,</strong></span> <span class='ocrx_word' id='word_1_828' title='bbox 3071 5669 3495 5744; x_wconf 80' lang='grc' dir='ltr'>ὀνομαστότατα.</span> 
     </span>
    </p>
   </div>
   <div class='ocr_carea' id='block_1_120' title="bbox 3520 5456 3789 5527">
    <p class='ocr_par' dir='ltr' id='par_1_120' title="bbox 3520 5456 3789 5527">
     <span class='ocr_line' id='line_1_122' title="bbox 3520 5456 3789 5527; baseline 0.004 -17"><span class='ocrx_word' id='word_1_829' title='bbox 3520 5479 3545 5506; x_wconf 86' lang='grc'><strong>‹‹</strong></span> <span class='ocrx_word' id='word_1_830' title='bbox 3597 5456 3789 5527; x_wconf 88' lang='lat' dir='ltr'><strong>impu-</strong></span> 
     </span>
    </p>
   </div>
  </div>
