4202 6212
424 320 545 381 667

1680 331 1745 389 S.
1791 330 2161 392 GREGORII
2204 332 2598 395 TBEOLOGI

3715 334 3838 397 668

427 455 531 528 qui
562 455 621 511 in
644 455 903 528 seipsum
927 455 1185 527 primum
1206 457 1549 528 insanierat,
1580 462 1849 517 etsancta
1880 462 2085 536 protri-

2203 484 2285 518 τον
2320 466 2398 537 (4)
2432 463 2616 538 μανεὶς
2663 467 2751 519 καὶ
2798 466 3046 535 πατήσας
3095 463 3162 519 τὰ
3209 464 3356 539 ἅγια,
3405 464 3492 519 καὶ
3538 466 3601 519 τὸ
3634 470 3841 538 Πνεῦμ-

425 549 608 614 verat,
643 543 1002 616 Spirituique
1031 545 1229 616 gratiae
1260 549 1675 605 contumeliam
1706 551 1984 608 intulerat
2011 554 2076 610 ⁸⁸.

426 635 737 691 Joroboam
824 635 1087 705 apposite
1167 637 1527 708 dixerimus,
1594 643 1696 696 aut
1752 642 2077 698 Israelitam

428 724 650 790 Achab,
682 723 950 778 homines
974 723 1404 796 iniquissimos,
1428 730 1878 802 aut/Egyptium
1909 731 2075 787 illum

427 813 812 879 Pharaonem,
864 818 965 866 aut
1030 815 1335 886 Assyrium
1387 816 1943 891 Nabuchodonosor,
1992 821 2079 877 vel

427 902 548 958 haec
566 901 1399 973 nmniacontrahentes,unum
1426 910 1600 977 atque
1613 909 1884 965 eumdem
1900 909 2081 965 nomi-

429 991 706 1047 nabimus
729 991 1243 1063 :quandoquidem
1267 1010 1401 1048 eum
1425 996 1689 1053 omnium
1710 997 1851 1054 vitia
1871 998 1928 1053 in
1953 1016 2079 1055 sese

429 1080 735 1152 collegisse
784 1084 1034 1151 constat,
1068 1082 1453 1139 defectionem
1499 1102 1710 1158 nempe
1737 1088 1889 1144 149
1911 1088 2076 1144 Jero-

428 1172 600 1227 boam
620 1168 1093 1238 ",credulitatem
1107 1171 1304 1227 Achab
1318 1172 1664 1241 “,duritiem
1686 1176 2074 1233 Pharaonis”.

427 1259 801 1331 sacrilegium
834 1259 1424 1319 Nabuchodonosoris
1442 1265 1507 1334 ⁸ο,
1540 1265 1805 1321 omnium
1828 1267 2079 1341 denique

434 1350 492 1405 in
521 1365 703 1404 unum
736 1348 1114 1405 collectorum
1155 1350 1539 1424 impietatem.
1574 1354 1717 1410 Cum
1749 1360 1948 1412 autem
1978 1374 2081 1430 per

438 1438 584 1494 alias
614 1438 813 1494 omnia
833 1438 1041 1495 fuisset
1055 1445 1381 1513 grassatus,
1407 1446 1583 1515 atque
1609 1461 1782 1501 omne
1819 1446 2079 1519 tyranni-

434 1527 525 1584 dis
547 1527 606 1583 in
639 1545 746 1584 nos
768 1531 823 1584 et
854 1528 1223 1586 crudelitatis
1245 1546 1451 1604 genus,
1474 1536 1537 1589 ut
1558 1532 1679 1590 leve
1709 1539 1766 1590 et
1783 1536 2076 1607 abjectum

430 1618 880 1691 contempsisset
917 1618 1045 1690 (nec
1074 1620 1230 1676 enim
1274 1620 1394 1677 ulla
1447 1639 1709 1696 unquam
1771 1632 1979 1683 natura
2005 1630 2074 1682 ad

427 1708 717 1764 malorum
756 1707 1152 1765 inventionem
1180 1709 1343 1768 illius
1402 1717 1611 1769 natura
1666 1714 1970 1771 fecundior
2022 1720 2081 1772 et

2185 559 2284 623 τῆς
2333 552 2559 630 χάριτος
2606 550 2900 628 ἐνυϐρίσας.
2946 548 3233 630 Ἱεροϐοὰμ
3280 553 3448 609 εἷπεῖν
3488 553 3837 633 οἰκειότερον,

2187 643 2221 711 ἢ
2257 638 2469 719 Ἀχαᾶϐ
2497 645 2587 699 τὸν
2623 642 2965 720 Ἰσραηλίτην
2998 647 3099 715 (5),
3143 641 3267 705 τοὺς
3319 644 3840 719 παρανομωτάτους,

2188 732 2221 800 ἢ
2253 734 2453 806 Φαραὼ
2482 734 2572 788 τὸν
2603 734 2921 810 Αἰγύπτιον,
2961 736 2994 803 ἢ
3041 729 3527 809 Ναϐουχοδονόσορ
3575 735 3664 788 τὸν
3715 736 3839 791 Ἀσ-

2190 820 2394 897 σόριον,
2445 824 2479 892 ἣ
2522 827 2690 878 ταῦτα
2735 823 2906 878 πάντα
2956 825 3035 898 (6)
3095 822 3425 892 συνελόντες,
3474 820 3564 878 ἵνα
3614 822 3705 878 καὶ
3747 826 3838 879 τὸν

2190 910 2346 965 αὐτὸν
2408 910 2748 985 ὀνομάσομεν
2808 914 2930 986 (7)·
2981 912 3096 967 ἐπεὶ
3146 912 3234 967 καὶ
3282 913 3376 973 τὰς
3412 911 3622 968 πάντων
3653 913 3840 976 κακίας

2190 998 2264 1060 εἷς
2340 1000 2525 1055 ἑαυτὸν
2604 999 3004 1074 συλλεξάμενος
3078 999 3343 1079 φαίνεται.
3418 997 3707 1077 Ἱεροϐοὰμ
3742 1004 3843 1072 τὴν

2190 1089 2539 1161 ἀποστασίαν,
2614 1085 2827 1165 ’Δχαᾶιϐ
2881 1091 2980 1160 τὴν
3054 1089 3388 1166 μιαιφονίαν,
3465 1091 3667 1165 Φαραὼ
3738 1093 3839 1160 τήν

2188 1177 2558 1254 σκληρότητα,
2591 1174 3084 1254 Ναϐουχοδονόσορ
3113 1180 3210 1248 τήν
3259 1179 3585 1255 ἱεροσυλίαν,
3631 1180 3846 1235 πάντων

2190 1268 2331 1339 ὁμοῦ
2421 1269 2520 1337 τήν
2608 1264 2874 1324 ἀσέϐειαν.
2951 1268 3097 1323 Ἐπεῖ
3175 1265 3233 1322 δὲ
3305 1269 3479 1324 πάντα
3554 1266 3845 1340 διεξελθὼν

2186 1354 2365 1412 τᾶλλα
2394 1360 2491 1431 (8),
2523 1356 2615 1413 καῖ
2643 1363 2745 1413 πᾶν
2780 1355 2923 1420 εἶδος
2960 1364 3059 1427 τῆς
3115 1358 3232 1412 καθ’
3289 1359 3448 1431 ἡμῶν
3506 1357 3846 1433 τυραννίδος,

2188 1445 2265 1508 ὡς
2299 1447 2490 1521 μικρόν
2518 1469 2569 1503 τι
2603 1446 2689 1503 καὶ
2732 1447 2946 1523 ἀγεννὲς
3007 1446 3270 1520 ἀτιμάσας
3326 1446 3411 1521 (οὐ
3470 1446 3572 1523 γὰρ
3632 1446 3845 1523 ἐγένετο

2186 1536 2541 1612 ποριμωτέρα
2598 1536 2753 1615 φύσις
2813 1535 3023 1607 ἐκείνης
3092 1538 3170 1610 (9)
3242 1535 3318 1599 sic
3393 1541 3571 1592 κακῶν
3643 1535 3849 1611 εὕρεσιν

2186 1623 2275 1678 xxi
2308 1623 2591 1699 ἐπίνοιαν),
2643 1625 2806 1689 τέλος
2858 1624 3103 1703 ἐπαφῆκε
3145 1627 3237 1681 καὶ
3265 1627 3327 1681 τὸ
3360 1622 3637 1683 Ὶοτϐαίων
3672 1625 3846 1705 φῦλον

2187 1714 2321 1787 ἡμῖν
2351 1715 2450 1783 τὴν
2500 1712 2734 1770 παλαιάν
2784 1736 2844 1770 τε
2900 1714 3075 1769 αὐτῶν
3120 1712 3455 1793 κουφότητα,
3488 1714 3577 1769 καὶ
3608 1703 3694 1770 τὸ-
3722 1703 3857 1780 καθ’

431 1797 671 1855 uberior
727 1796 858 1859 fuit)
916 1799 986 1853 ad
1041 1804 1391 1873 extremum,
1451 1802 1789 1861 Judeecrum
1847 1822 2077 1878 quoque

2203 1805 2343 1877 ᾓμῶν
2378 1802 2575 1859 ἄνωθεν
2610 1802 3067 1880 ὑποσμυχόμενον
3116 1802 3167 1858 έν
3215 1803 3399 1866 αὐτοῖς
3454 1809 3612 1877 μῖσος
3660 1826 3850 1879 συνερα

2233 1894 2246 1908 \
2318 1892 2338 1908 ς
2394 1888 2454 1908 Ως
2614 1897 2640 1908 ~
2842 1896 2853 1908 ι
3154 1893 3169 1908 ι
3243 1896 3266 1908 Λ
3340 1896 3390 1908 ομ
3523 1896 3626 1908 ιιΑι
3754 1893 3814 1908 α..

429 1888 726 1946 nationem
760 1886 818 1942 in
846 1903 951 1944 nos
984 1888 1252 1959 immisit,
1278 1894 1403 1948 tum
1427 1892 1603 1948 veteri
1625 1910 1826 1949 eorum
1850 1894 2080 1951 levitate

2203 1894 2285 1969 (ὸν
2318 1888 2502 1948 λαϐὼν
2547 1897 2645 1948 τοῦ
2691 1896 3089 1970 τεχνάσματος,
3150 1893 3465 1963 έπιθειάζων
3519 1896 3634 1967 (10)
3660 1917 3718 1951 τε
3749 1893 3848 1964 δῆ-

428 1980 555 2033 tum
586 1975 905 2032 inveterato
934 1977 1119 2032 nostri
1151 1978 1283 2034 odio
1314 1979 1371 2034 in
1422 1980 1687 2053 ipsorum
1748 1984 2080 2056 pectoribus

2203 1983 2278 2035 ὗεν
2309 1982 2367 2037 ἐκ
2411 1987 2519 2036 τῶν
2575 1983 2704 2059 παρ’
2751 1982 2934 2045 αὐτοῖς
2985 1977 3192 2059 βίϐλων
3242 1983 3332 2037 καὶ
3371 1982 3719 2059 ἀπορρήτων,
3774 1984 3849 2045 ὡς

430 2066 582 2122 clam
616 2066 918 2138 ﬂagrante,
952 2066 1021 2121 ad
1055 2066 1135 2134 id,
1169 2069 1323 2139 quod
1359 2069 1731 2140 moliebatur,
1777 2073 2081 2144 perﬁcien-

2203 2075 2289 2125 νῦν
2319 2070 2504 2133 αὐτοῖς
2548 2071 2901 2146 ἀποκείμενον
2956 2068 3038 2142 εἰῇ
3086 2070 3467 2136 κατελθεῖνέίς
3526 2073 3626 2142 τὴν
3654 2072 3855 2127 ἑαυτῶν

432 2156 597 2219 dum.
622 2154 993 2227 adjutoribus
1024 2173 1203 2227 usus;
1238 2157 1384 2230 ipsis
1428 2160 1711 2216 nimirum
1744 2161 1802 2217 in
1837 2162 2083 2234 patriam

2203 2160 2282 2214 καὶ
2303 2160 2393 2215 τὸν
2425 2161 2560 2215 νεὼν
2594 2159 3003 2235 ἀναδείμασθαι,
3035 2160 3123 2217 καὶ
3152 2165 3258 2216 τῶν
3288 2159 3530 2237 πατρίων
3562 2163 3623 2219 τὸ
3657 2161 3856 2237 κράτος

432 2244 621 2301 redire
638 2260 703 2302 ac
718 2244 1002 2317 templum
1020 2244 1821 2322 instaurare,patriorumque
1852 2252 2075 2307 rituum

431 2334 691 2407 vigorem
738 2351 1034 2406 renovare,
1083 2351 1152 2391 ex
1209 2336 1472 2409 ipsorum
1522 2339 1746 2395 scilicet
1804 2340 1972 2397 libris
2030 2343 2087 2396 et

2195 2248 2618 2320 ἀνανεώσασθαι,
2671 2250 2760 2306 καὶ
2815 2251 3295 2327 ἀποκρυπτόμενος
3340 2250 3547 2313 εὐνοίας
3576 2250 3859 2325 πλάσματι

2196 2340 2294 2408 τήν
2330 2339 2592 2398 ἐπίνοιαν.

432 2423 663 2480 arcanis
694 2423 867 2479 tatale
893 2440 1020 2480 esse
1051 2425 1377 2495 affirmans,
1402 2445 1468 2484 ac
1498 2429 1911 2486 benevolentiae
1942 2429 2136 2503 specie
2166 2436 2568 2487 commentum
2598 2431 2709 2488 hoc
2740 2431 3061 2489 occultans.

505 2513 597 2568 ιν·
630 2517 946 2585 Postquam
984 2519 1182 2571 autem
1216 2516 1335 2572 haec
1392 2516 1452 2573 in
1509 2518 1773 2574 animum
1830 2520 2080 2584 induxit,

439 2603 702 2677 ipsisque
732 2604 1028 2676 persuasit
1058 2604 1252 2677 (facile
1309 2606 1465 2663 enim
1511 2607 1903 2681 imposturam
1946 2608 2085 2664 facit

437 2692 727 2766 quidquid
759 2693 1050 2766 delectat),
1084 2694 1170 2750 illi
1220 2696 1459 2768 quidem
1493 2698 1563 2752 ad
1624 2698 1827 2770 templi
1856 2702 2081 2754 exstru-

436 2784 690 2840 ctionem
720 2800 782 2840 se
813 2800 1175 2856 comparare,
1209 2786 1386 2858 atpud
1419 2786 1474 2841 in
1507 2787 1564 2842 id
1613 2802 1784 2859 opus,
1819 2792 1876 2844 et
1907 2804 2081 2844 manu

445 2873 652 2941 multa,
676 2876 733 2930 et
777 2873 958 2930 animi
991 2873 1291 2931 alacritate
1335 2893 1401 2932 ac
1456 2876 1654 2932 labore
1702 2877 2085 2935 imcumbere.

445 2963 595 3020 Illud
624 2963 783 3021 enim
828 2967 1089 3031 narrant,
1139 2965 1239 3037 qui
1296 2983 1499 3023 eorum
1558 2983 1649 3023 res
1702 2968 2087 3035 admirantur,

445 3069 654 3109 uxores
697 3070 929 3126 quoque
982 3054 1247 3127 ipsorum
1305 3072 1419 3111 non
1480 3057 1652 3113 modo
1710 3056 2090 3115 matronalem

2266 2525 2335 2576 A'.
2369 2518 2517 2575 Ἐπεὶ
2551 2517 2803 2575 δὲταῦτα
2840 2518 2931 2574 καί
2981 2517 3237 2590 διενοήθη
3288 2518 3377 2575 καὶ
3431 2517 3634 2574 ἔπεισεν
3684 2516 3859 2591 (εῧκο-

2194 2605 2290 2662 λον
2321 2610 2421 2685 γὰρ
2455 2609 2531 2670 εἷς
2564 2608 2770 2680 ἀπάτην
2797 2609 2858 2664 τὸ
2888 2610 3024 2685 πρὸς
3059 2606 3263 2679 ἡδονὴν
3298 2608 3484 2683 ἃπαν),
3542 2609 3591 2663 οἱ
3642 2609 3737 2681 μὲν
3773 2609 3853 2671 ὡς

2196 2697 2585 2768 ἀναστήσοντες
2637 2694 2910 2752 διενοοῦτο
2974 2697 3038 2752 τὸ
3096 2697 3267 2770 ἱερὸν,
3325 2698 3414 2751 καὶ
3470 2696 3617 2771 χειρὶ
3663 2694 3855 2771 πολλῇ

2196 2787 2285 2844 καὶ
2316 2785 2595 2864 προθυμίᾳ
2640 2786 2762 2863 περὶ
2812 2786 2875 2841 τὸ
2916 2782 3074 2861 ἔργον
3125 2785 3569 2861 ἐταλαιπώρουν·
3631 2785 3758 2862 φασί
3790 2786 3857 2859 γέ

2197 2896 2281 2931 τοι
2313 2876 2519 2939 καὶτὰς
2550 2880 2807 2951 γοναῖκας
2837 2874 3012 2930 αὐτῶν
3065 2876 3117 2929 οἱ
3162 2874 3230 2929 τὰ
3276 2874 3489 2931 ἐκείνων
3542 2876 3856 2948 θαυμάζον-

2197 2987 2306 3035 τες,
2358 2964 2418 3020 οὔ
2474 2966 2636 3040 μόνον
2687 2965 2922 3027 ἅπαντας
2969 2962 3096 3027 τοὺς
3144 2962 3267 3039 περὶ
3312 2964 3376 3019 τὸ
3421 2969 3582 3037 σῶμα
3609 2964 3852 3037 κόσμους

2200 3054 2590 3132 περιελομὲνας
2638 3054 2875 3127 ετοίμως
2922 3053 3279 3130 συνεισφέρειν
3320 3056 3399 3125 τῷ
3428 3050 3569 3129 ἔργῳ
3596 3053 3686 3108 καὶ
3737 3058 3856 3114 τοῖς

445 3159 681 3200 omnem
712 3144 999 3200 mundum
1061 3144 1438 3219 corporisque
1494 3150 1766 3202 ornatum
1823 3150 2088 3220 prompto

2203 3144 2584 3219 πονουμένοις,
2643 3142 2787 3199 ἀλλὰ
2816 3140 2907 3198 καὶ
2935 3146 3052 3204 τοῖς
3098 3139 3328 3204 κόλποις
3377 3142 3469 3197 τὸν
3519 3146 3653 3217 χοῦν
3696 3140 3854 3219 ἔκφε-

448 3233 645 3291 animo
675 3233 1019 3302 detraxisse,
1063 3238 1239 3307 atque
1271 3234 1329 3291 in
1388 3236 1580 3307 operis
1629 3240 1984 3293 structuram
2010 3237 2090 3294 la-

446 3323 900 3395 borantiumque
931 3341 1099 3396 opem
1143 3325 1482 3393 contulisse,
1540 3342 1741 3382 verum
1771 3342 1837 3382 eo
1860 3343 2093 3399 quoque

448 3414 647 3471 animo
672 3413 876 3485 fuisse,
918 3418 1002 3483 ut,
1034 3418 1252 3471 terram
1311 3416 1447 3470 sinu
1507 3416 1836 3482 ell'erentes,
1896 3432 1963 3471 ac
1989 3434 2094 3473 nec

448 3504 713 3560 vestibus
739 3503 1034 3576 praeclaris
1061 3508 1118 3559 et
1159 3504 1491 3577 exquisitis,
1526 3521 1631 3561 nec
1662 3505 1877 3562 teneris
1908 3522 2091 3562 mem-

448 3595 573 3651 bris
603 3598 925 3666 parcentes.
959 3593 1197 3665 pietatis
1226 3593 1416 3650 ofﬁcio
1447 3611 1574 3651 sese
1604 3594 1770 3667 fungi
1802 3594 2095 3652 existima-

450 3688 600 3752 rent,
635 3684 952 3756 omniaque
984 3683 1091 3739 hoc
1122 3686 1337 3738 conatu
1367 3683 1642 3739 inferiora
1671 3685 1970 3741 ducerent.
2021 3684 2095 3740 Ut

449 3791 606 3837 vero,
638 3790 788 3831 saevo
818 3772 1052 3829 turbine
1092 3787 1159 3829 ac
1213 3772 1514 3843 repentina
1569 3773 1876 3830 mstuantis
1928 3776 2096 3830 terra

453 3862 769 3935 agitatione
790 3862 966 3918 simul
993 3877 1108 3917 una
1133 3860 1374 3933 repulsi,
1396 3863 1466 3918 ad
1489 3862 1887 3934 propinquum
1910 3864 2095 3935 quod-

454 3954 589 4008 dam
636 3952 923 4025 templum
972 3955 1369 4025 perrexerunt,
1421 3951 1520 4008 alii
1569 3952 1849 4009 orationis
1897 3969 2093 4024 causa,

456 4043 577 4111 alii,
612 4047 674 4099 ut
721 4042 780 4098 in
840 4041 1180 4114 bujusmodi
1235 4042 1411 4098 rebus
1470 4042 1729 4099 accidere
1785 4042 1953 4109 solet,
2006 4060 2094 4110 eo,

454 4133 610 4204 quod
643 4133 1014 4203 offerebatur,
1037 4133 1110 4189 ad
1142 4131 1384 4204 periculi
1404 4132 1905 4205 propulsationem
1937 4135 2101 4188 uten-

452 4225 562 4286 tes,
597 4220 694 4275 alii
725 4238 859 4277 cum
888 4221 1147 4277 tumultu
1179 4239 1295 4278 una
1322 4225 1687 4293 proruentes,
1711 4237 1777 4276 ac
1808 4236 1943 4277 eum
1974 4239 2101 4277 our-

456 4309 722 4365 rentibus
753 4310 929 4367 simul
960 4310 1298 4379 illabentes;
1331 4314 1472 4367 sunt
1504 4310 1605 4381 qui
1653 4325 1753 4366 eos
1785 4325 1858 4367 ne
1887 4327 1923 4367 ο.
1952 4313 2098 4367 tem-

532 4454 576 4491 “
609 4455 777 4511 llebr.
810 4472 867 4521 χ,
898 4456 991 4512 29.
1067 4456 1111 4491 ⁸⁷
1143 4455 1223 4512 III
1254 4454 1393 4527 Reg.
1426 4470 1527 4525 xu,
1558 4455 1653 4510 26.
1737 4455 1780 4489 ⁸⁸
1812 4454 1887 4510 III
1917 4456 2056 4528 Reg.
2089 4469 2224 4525 xm,
2252 4457 2342 4512 26.

529 4618 606 4690 (4)
636 4617 858 4693 Ἑαυτοῦ
903 4619 1141 4693 πρῶτον.
1196 4616 1281 4672 Ita
1320 4618 1447 4693 _tres
1492 4615 1631 4689 Reg.
1676 4615 1789 4673 Alii
1818 4633 1951 4673 vero
1982 4620 2102 4674 tres
2131 4628 2179 4693 D

453 4688 595 4759 Reg.
623 4693 680 4744 et
709 4688 801 4745 0r.
825 4691 877 4763 _1_
899 4688 971 4747 ad
1004 4704 1188 4763 marg.
1218 4688 1461 4763 πρώτου.

527 4763 604 4833 (5)
632 4760 998 4833 Ἰσραηλίτην.
1048 4759 1155 4816 εἰσί
1192 4759 1395 4816 omnes
1440 4759 1689 4833 codices,
1722 4782 1773 4833 ff
1807 4759 1970 4833 quasi
2004 4776 2101 4815 rex

454 4830 870 4905 schismaticus
898 4830 955 4889 et
983 4837 1326 4905 tyrannus.»
1356 4832 1702 4905 Suspicatur
1719 4830 2100 4905 Mo_nt.legen-

457 4906 595 4990 dum
610 4949 634 4990 ,ε
656 4903 1036 4990 ’[σραηλίτων,
1056 4926 1085 4953 ‹‹
1110 4905 1333 4990 Regum
1357 4903 2100 4990 Israel‘sceleratissimos.»

456 4978 589 5042 Qua:
620 4974 789 5034 lectio
820 4974 931 5033 non
981 4974 1271 5049 displicet,
1316 4977 1415 5032 sed
1450 4974 1597 5049 nulli
1630 4976 1823 5049 favent
1851 4975 2096 5032 codices.

550 5050 605 5115 6)
636 5052 706 5102 Ἢ
735 5053 901 5103 ταῦτα
930 5046 1118 5104 πάντα.
1150 5048 1306 5104 Colb.
1342 5050 1394 5117 3,
1427 5048 1460 5117 ἢ
1488 5048 1552 5102 τὰ
1581 5046 1770 5105 πάντα.

550 5050 605 5115 6)
636 5052 706 5102 Ἢ
735 5053 901 5103 ταῦτα
930 5050 1118 5104 πάντα.
1150 5050 1306 5104 Colb.
1342 5050 1394 5117 3,
1427 5050 1460 5117 ἢ
1488 5050 1552 5102 τὰ
1581 5050 1770 5105 πάντα.

529 5050 605 5207 (7)
654 5120 1044 5207 Ὀνομάσομζεν.
1098 5120 1237 5192 Reg.
1290 5121 1410 5207 Ρη),
1463 5118 1851 5207 ὄνοέιεάσιυμενι
1891 5118 2100 5204 l‘lotam

396 5238 399 5243 ,
453 5190 1051 5265 interrogationishic
1083 5190 1412 5265 ponendam
1446 5190 1765 5265 arbitratur
1805 5190 2098 5249 Heinsius.

527 5208 671 5247 [erro
717 5208 927 5250 auoms
960 5208 1051 5248 mc
1083 5208 1412 5265 ponendam
1446 5208 1700 5248 arbitrati

527 5264 601 5334 (8)
628 5208 814 5319 Τέλλα
844 5270 979 5321 Mss.
1014 5264 1407 5320 communius.
1441 5263 1505 5317 τὰ
1535 5260 1700 5318 ἄλλα.

456 5403 481 5459 ἦ
528 5336 602 5423 (φ)
636 5336 805 5399 Φύσις
857 5335 1079 5405 ἐκείνης.
1133 5360 1159 5386 (ι
1196 5336 1523 5409 Ingenium,
1557 5335 1801 5391 indoles.
1834 5357 1861 5384 ››

483 5425 679 5459 κεῖνοι).

483 5425 679 5461 κεῖνοι).

528 5480 639 5551 (10)
672 5480 1044 5547 Ἐπιθειάζων.
1079 5503 1106 5528 ‹‹
1158 5484 1264 5534 Per
1307 5479 1490 5535 Deum
1521 5480 1845 5545 obtestans,
1878 5476 2101 5532 divino-

456 5566 571 5624 que
602 5569 670 5608 ex
700 5553 785 5608 eis
811 5552 1041 5624 afﬂatu,
1076 5567 1246 5624 quem
1282 5552 1558 5624 tingebat,
1594 5565 1858 5624 monens,
1890 5571 1919 5600 »
1953 5551 2063 5605 etc.

555 5625 640 5692 14)
674 5619 1268 5684 ΣυνελαθέντεςῘ6011).
1300 5624 1355 5692 3,
1371 5619 1817 5683 ’συνελασθέντεᾳ

555 5630 609 5679 14
674 5630 1077 5684 Συνελαθὲντες.
1111 5630 1268 5678 Colb.
1300 5630 1355 5692 3,

551 5630 640 5769 42)
671 5696 860 5774 Ὅπερ.
897 5696 1033 5769 Reg.
1068 5713 1120 5767 a,
1154 5692 1355 5771 ὥσπερ.

1924 5333 2098 5390 Savﬂ.

2199 3235 2414 3317 ρούσας,
2462 3234 2551 3290 καὶ
2601 3232 2724 3289 οῧτε
2781 3230 3119 3293 πολυτελοῦς
3196 3230 3440 3305 ἐσθῆτος,
3489 3230 3613 3286 οὔτε
3669 3229 3856 3304 μελῶν

2199 3326 2545 3395 ἀπαλότητος
2596 3319 2937 3402 φειδομένας,
2988 3317 3223 3377 εὐσεϐεῖν
3284 3318 3486 3376 οἴεσθαι
3534 3322 3623 3375 καὶ
3680 3322 3856 3376 πάντα

2199 3418 2408 3475 ἐλάττω
2438 3412 2681 3488 νομίζειν
2709 3416 2805 3465 τοῦ
2837 3411 3060 3488 ἐγχειρή
3075 3430 3261 3484 ματος.
3307 3416 3392 3471 Ὡς
3442 3408 3499 3464 δὲ
3531 3409 3634 3464 ὑπὸ
3664 3410 3858 3485 ἀγρίας

2201 3506 2479 3567 λαίλαπος
2536 3503 2625 3558 καὶ
2675 3504 2923 3578 βρασμοῦ
2967 3503 3065 3576 γῆς
3119 3498 3268 3577 ἄφνω
3318 3496 3690 3560 συνελαθέντες
3740 3503 3858 3572 (11)

2202 3597 2289 3653 έπί
2313 3618 2365 3651 τι
2414 3598 2521 3648 τῶν
2571 3591 2805 3662 πλησίον
2856 3591 3040 3666 ἱερῶν,
3099 3591 3153 3644 οἱ
3205 3590 3298 3664 μὲν
3345 3589 3421 3651 ὡς
3468 3589 3857 3658 ἱκετεύσοντες,

2203 3686 2487 3763 ὥρμησαν,
2520 3683 2572 3736 οἳ
2604 3679 2681 3751 δὲ,
2714 3682 2847 3756 ὅπερ
2878 3681 2991 3754 (12)
3021 3679 3072 3734 έν
3091 3684 3207 3741 τοῖς
3233 3677 3505 3741 τοιούτοις
3536 3676 3687 3756 φιλεῖ
3716 3700 3857 3751 συμ-

2203 3771 2429 3845 ϐαίνειν,
2460 3776 2538 3844 τῷ
2595 3770 2821 3847 παρόντι
2873 3769 3157 3845 χρώμενοι
3200 3770 3336 3844 πρὸς
3386 3769 3665 3844 βοήθειαν,
3712 3769 3767 3821 οἳ
3795 3765 3858 3822 δὲ

2204 3862 2392 3925 ἄλλως
2422 3861 2490 3936 τῇ
2519 3863 2734 3937 ταραχῇ
2758 3857 3184 3937 συμφερόμενοι,
3216 3858 3307 3911 καὶ
3352 3861 3470 3919 τοῖς
3520 3857 3697 3920 θέουσι
3730 3878 3859 3910 συν-

2206 3952 2598 4012 εισπίπτοντες.
2630 3947 2748 4004 Εἰσὶ
2785 3948 2877 4021 μὶν
2911 3945 2963 4002 οτί
2995 3945 3272 4022 λέγουσιν,
3316 3946 3389 4007 ὡς
3432 3942 3559 4000 οὐδὶ
3602 3946 3663 4000 τὸ
3710 3946 3861 4020 ἱερὸν

2205 4042 2399 4103 αὐτοὺς
2454 4036 2839 4115 προσεδέξατο,
2908 4034 3036 4091 ἀλλ’
3093 4036 3557 4109 ἀναπεπταμέναις
3613 4032 3859 4110 προσελ-

2206 4131 2388 4194 θόντες
2415 4134 2535 4192 ταῖς
2569 4126 2790 4198 πύλαις,
2832 4124 3279 4191 ἒπικλεισθείσαις
3328 4127 3439 4197 (13)
3490 4123 3742 4199 ένέτυχον
3796 4121 3864 4177 ἔκ

2205 4242 2352 4283 τινος
2384 4217 2616 4297 ἀοράτου
2644 4218 2733 4271 καὶ
2764 4218 2874 4291 (14)
2914 4215 3148 4293 ἀφανοῦς
3181 4213 3483 4287 δυνάμεως,
3533 4216 3567 4282 ἣ
3620 4213 3687 4268 τὰ
3741 4234 3866 4269 τοι-

2209 4314 2342 4366 αῦτα
2370 4311 2487 4383 (15)
2514 4310 2862 4385 τερατουργεῖ
2888 4302 3027 4381 πρὸς
3056 4305 3155 4373 τὴν
3186 4307 3294 4359 τῶν
3333 4297 3538 4359 ἀσεϐῶν
3592 4305 3707 4377 (16)
3765 4324 3868 4356 κα-

2446 4457 2490 4491 ⁸⁹
2522 4454 2696 4512 Exod.
2728 4470 2806 4522 v1,
2837 4454 2929 4508 22.
3030 4453 3076 4488 ω
3107 4452 3179 4507 IV
3208 4451 3350 4524 Reg.
3380 4467 3515 4519 xxv,
3533 4450 3587 4507 9.

2278 4618 2394 4742 (13)
2425 4612 2927 4675 Ἐπικλεισθείσαις.
2976 4613 3072 4670 Sic
3111 4612 3284 4687 vulgo
3315 4612 3484 4669 codd.
3514 4611 3664 4668 Edit.
3697 4628 3860 4683 vero,

2211 4685 2359 4742 έπιτε
2397 4686 2586 4742 είσαις.

2238 4708 2586 4748 πιτεῠεισαις.

2281 4762 2392 4885 (14)
2422 4759 2684 4835 ’Δοράτου
2713 4755 2829 4814 καί,
2869 4756 2955 4813 Ita
2984 4772 3128 4812 mss.
3160 4758 3215 4812 et
3245 4753 3408 4811 editi.
3442 4754 3507 4809 In
3534 4754 3661 4809 Par.
3697 4754 3865 4809 deest

2207 4850 2318 4886 και.

2303 4903 2390 4972 15)
2420 4904 2495 4957 "H
2523 4902 2588 4955 τὰ
2614 4903 2854 4972 τοιαῦτα.
2888 4900 3028 4972 Reg.
3061 4900 3181 4972 bm,
3211 4898 3249 4965 ἦ
3276 4898 3462 4972 ταῦτα.

2303 4904 2371 4959 15
2420 4904 2495 4957 "H
2523 4903 2588 4955 τὰ
2614 4903 2854 4955 τοιαῦτα.
2888 4903 3028 4972 Reg.
3061 4903 3157 4954 bm
3211 4903 3249 4965 ἦ
3276 4903 3462 4952 ταῦτα.

2432 4976 2547 5026 Τῶν
2601 4965 2827 5051 ἀσεϐῶν.
2856 4972 3014 5051 _Reg:
3065 4988 3118 5039 a,
3160 4943 3226 5051 1),
3277 4970 3399 5051 by},
3448 4972 3508 5025 et
3537 4967 3631 5024 0r.
3651 4969 3715 5051 ‘1',
3747 4972 3859 5051 τῶν

2208 5039 2564 5099 ἀσεϐοὖντων.
2617 5049 2791 5099 Porro
2840 5044 2911 5099 de
2958 5039 3050 5098 his
3094 5039 3398 5097 miraculis
3428 5039 3865 5096 consentientes

2210 5117 2518 5189 habemus,
2550 5133 2666 5189 non
2696 5120 2923 5171 tantum
2956 5114 3410 5189 Theodoretum,
3453 5114 3864 5189 Sozqrnenum,

2209 5184 2511 5255 Ruﬁnum,
2566 5188 3071 5263 Chrysostompm,
3128 5184 3527 5263 Ambrosium,
3575 5184 3864 5263 Hierony-

2212 5277 2397 5329 mum,
2426 5265 2559 5329 etc.,
2592 5257 2702 5316 sed'
2724 5259 2898 5315 etiam
2930 5257 3149 5329 Juliani
3188 5257 3866 5329 adoratoremuAmmia-

2210 5326 2500 5404 num,imo
2516 5326 2749 5404 Judaaos
2770 5328 3121 5404 ipsos.Unde
3141 5330 3523 5404 Asozom‘enus,
3544 5326 3865 5404 lib.v,c.21,

2212 5405 2327 5460 ait:
2361 5399 2388 5455 ὶι
2418 5403 2606 5460 Judaei
2636 5403 2746 5475 ipsi
2780 5399 2846 5458 ac
2869 5401 3113 5475 gentiles
3136 5401 3310 5458 fidem
3334 5399 3679 5475 faciant,qui
3712 5413 3868 5470 opus

2210 5477 2614 5543 imperfectum
2648 5470 3019 5542 dimiserunt,
3071 5477 3190 5543 aut,
3234 5476 3299 5527 ut
3321 5471 3515 5527 verius
3543 5470 3756 5543 dicam,
3788 5486 3867 5524 ne

2211 5541 2487 5605 inchoare
2518 5547 2753 5619 quidem
2781 5541 3117 5619 potuerunt.
3144 5541 3519 5619 »‘Addamus_,
3541 5541 3866 5619 nisiqusn-

2211 5624 2338 5697 tum
2389 5613 2627 5697 neceSse
2679 5613 2807 5682 fuit,
2845 5622 2907 5697 _ut
2937 5640 2964 5667 «
2995 5634 3069 5697 ρο
3098 5613 3739 5697 lapis_super'lapidem
3769 5628 3867 5697 re-

2214 5691 2603 5764 linqueretur,
2639 5712 2668 5743 »
2700 5694 2899 5765 egesta
2925 5685 3371 5748 scilicet—etiarn
3398 5703 3430 5745 e
3459 5685 3871 5745 fundamentis
