4202 6212
366 392 487 454 669

1376 397 1672 460 ORATIO
1716 397 1895 461 V.—
1926 399 2240 460 CONTRA
2284 397 2689 461 JULIANUM
2734 396 2810 458 11.

3672 387 3793 449 6‘10

368 523 660 597 τάπληξιν,
696 524 786 579 καὶ
814 528 919 579 τῶν
961 521 1192 581 εὐσεϐῶν
1233 526 1523 605 ἀσφαλειαν
1552 549 1564 562 ·
1613 528 1643 585 8
1693 528 1750 585 δὶ
1797 532 2016 592 ἅπαντες

2140 530 2235 604 plo
2293 530 2533 603 quidem
2587 531 2882 587 admissos
2934 527 3115 583 fuisse
3163 540 3639 594 commemorem,
3691 523 3791 581 sed

367 611 478 683 ἤδη
521 615 611 668 καὶ
661 612 882 689 λὲγουσι
952 615 1039 669 καὶ
1096 616 1462 687 πιστεύουσιν,
1521 617 1603 674 ὅτι
1667 619 2023 695 βιαζομένους

370 701 566 764 αὐτοὺς
628 702 718 757 καὶ
796 707 1235 780 φιλονεικοῦντας
1300 707 1423 781 περὶ
1470 708 1569 776 τὴν
1631 706 1858 782 εἷ’σοδον,
1917 712 2022 782 πῦρ

370 791 589 863 ἔστησεν
641 792 951 863 ἀπαντῆσαν
1003 793 1061 849 ἐκ
1104 799 1201 849 τοῦ
1244 796 1414 872 ἱεροῦ,
1445 797 1534 851 καὶ
1580 798 1708 859 τοὺς
1745 798 1840 870 μὶν
1897 820 2023 853 κατ-

372 880 559 958 ἰιρλεξε
615 880 705 936 καὶ
768 880 1046 952 ἀνήλωσεν
1124 883 1222 956 (ὡς
1293 882 1485 957 ὅμοιόν
1545 908 1597 940 τι
1652 886 1774 961 περὶ
1832 886 2023 949 αὐτοὺς

370 965 639 1040 συμϐῆναι
670 975 787 1033 τοῖς
839 970 1161 1044 Σοδομιτῶν
1208 970 1450 1041 πάθεσιν,
1510 977 1547 1043 ἦ
1575 977 1653 1047 τῷ
1685 975 1808 1051 περὶ
1840 970 2024 1030 Νάδαὸ

368 1060 459 1113 καὶ
489 1054 713 1116 Ἀϐιοὺδ
763 1060 995 1134 Θαύματι
1046 1062 1208 1131 ξένως
1255 1062 1346 1116 καὶ
1397 1064 1687 1136 θυμιάσασι
1720 1064 1808 1119 καὶ
1839 1061 2021 1118 κινδυ-

366 1147 623 1221 νεύσασι),
679 1147 807 1211 τοὺς
863 1148 922 1205 δὲ
969 1155 1073 1205 τῶν
1141 1151 1364 1227 καιρίων
1415 1152 1825 1231 ἀκρωτηριάσαν
1886 1154 2020 1227 (17),

366 1239 577 1308 στήλην
610 1239 810 1315 ἀφῆκεν
843 1233 1097 1315 ἔμψυχον
1128 1247 1230 1311 τῆς
1259 1246 1355 1295 τοῦ
1387 1246 1520 1297 Θεοῦ
1550 1242 1685 1297 κατά
1715 1247 1819 1296 τῶν
1844 1244 2022 1315 ἀμαρ-

363 1326 559 1381 τωλῶν
593 1326 823 1392 ἀπειλῆς
873 1328 963 1382 καὶ
1014 1331 1300 1400 κινήσεως.
1350 1335 1521 1385 Τοῦτο
1557 1331 1651 1403 μὶν
1686 1329 1751 1399 δὴ
1781 1329 2022 1398 τοιοῦτο,

364 1416 453 1470 καὶ
488 1415 781 1471 ἀπιστείτω
814 1414 1030 1490 μηδεὶς,
1062 1417 1144 1474 ὅτι
1180 1417 1322 1492 μηδὲ
1360 1421 1473 1493 (18)
1528 1426 1648 1483 ταῖς
1682 1418 1877 1483 ἄλλαις
1924 1424 2022 1475 τοῦ

363 1510 497 1559 Θεοῦ
529 1503 839 1579 δυνάμεσινο
889 1505 919 1562 ὅ
968 1503 1025 1561 δὲ
1070 1504 1149 1563 ’έτι
1198 1506 1396 1563 τούτου
1442 1510 1554 1582 (19)
1593 1506 2018 1584 παραδοξότερον

360 1595 451 1649 καὶ
506 1596 978 1673 περιφανέστερον,
1031 1593 1156 1669 ἔστη
1218 1602 1333 1675 φῶς
1394 1598 1446 1653 ἐν
1494 1603 1573 1671 τῷ
1641 1597 1853 1675 οὐρανῷ
1908 1602 2021 1673 (20)

359 1686 452 1739 τὸν
489 1686 714 1760 σταυρὸν
769 1683 1100 1763 περιγράφον
1162 1688 1296 1761 (24),
1353 1686 1442 1742 καί
1497 1688 1559 1743 τὸ
1616 1687 1879 1765 πρότερον
1932 1688 2020 1744 ἐπὶ

360 1780 467 1849 γῆς
515 1773 917 1848 ἀτιμαζόμενον
965 1781 1081 1837 τοῖς
1132 1774 1314 1839 ἀθέοις
1353 1775 1441 1831 καί
1475 1784 1673 1853 σχῆμα
1726 1779 1815 1832 καὶ
1846 1774 2021 1851 ὄνομα

358 1867 451 1917 νῦν
487 1862 537 1917 ἐν
571 1862 789 1940 οὐρανῷ
821 1862 1090 1920 δείκνυται
1121 1871 1279 1919 πᾶσιν
1313 1865 1530 1938 ἐπίσης,
1565 1865 1870 1943 καὶγίνεται
1899 1866 2019 1942 τρό-

358 1973 518 2007 παιον
549 1954 629 2025 τῷ
661 1954 781 2026 Θεῴ
826 1957 927 2023 τῆς
973 1954 1108 2009 κατὰ
1152 1959 1258 2010 τῶν
1315 1950 1520 2010 ἀσεϐῶν
1552 1955 1728 2027 νίκης,
1757 1956 2017 2033 τροπαίου

359 2042 560 2103 παντὸς
586 2041 949 2119 ὑψηλότερον.

2136 638 2269 677 cum
2301 622 2372 676 ad
2406 624 2638 693 apertas
2669 621 2820 677 fores
2852 617 3259 681 accessissent,
3293 620 3527 687 repente
3557 616 3790 672 easdem

2134 710 2366 766 clausas
2419 708 2768 782 pessuloque
2817 708 3101 764 obductas
3154 705 3489 776 offendisse,
3534 704 3792 777 potentia

2134 800 2390 871 quadam
2421 798 2727 868 invisibili,
2760 816 2888 869 quae
2940 798 3010 853 ad
3046 796 3364 869 impiorum
3411 799 3692 851 terrorem
3725 810 3790 851 ac

2134 889 2365 961 piorum
2398 886 2864 943 incolumitatem
2907 886 3251 957 hujusmodi
3279 884 3547 956 prodigia
3589 883 3786 939 efﬁcit.

2132 982 2252 1034 Hoc
2284 982 2477 1033 autem
2529 993 2644 1031 uno
2688 978 2813 1047 jam
2866 992 2964 1031 ore
3015 992 3219 1030 omnes
3268 974 3545 1040 referunt,
3578 989 3643 1028 ac
3686 990 3790 1044 pro

2135 1071 2290 1123 certo
2324 1066 2563 1133 habent,
2598 1066 2751 1121 150
2782 1065 2938 1136 quod
2965 1080 3063 1119 eos
3094 1079 3329 1118 summa
3360 1063 3415 1116 vi
3447 1066 3622 1134 atque
3652 1078 3790 1117 con-

2134 1156 2395 1212 tentione
2443 1154 2775 1227 ingressum
2808 1153 2919 1209 sibi
2971 1152 3194 1225 aperire
3243 1156 3540 1220 conantes,
3576 1151 3727 1223 ignis
3756 1167 3786 1207 e

2131 1246 2352 1317 templo
2384 1260 2695 1300 occurrens
2730 1242 3011 1309 inhibuit,
3033 1246 3089 1298 et
3120 1241 3263 1296 alios
3294 1241 3532 1312 quidem
3564 1240 3786 1297 exussit

2133 1342 2190 1391 et
2217 1334 2550 1404 absumpsit
2580 1333 2668 1403 (ut
2717 1331 2909 1387 simile
2941 1331 3224 1403 quiddam
3274 1330 3441 1401 ipsis,
3493 1330 3649 1401 quod
3680 1330 3783 1385 So-

2132 1422 2393 1491 domitis,
2435 1420 2711 1477 acciderit
2765 1421 2832 1489 ⁶ί,
2875 1425 2977 1476 aut
3031 1419 3209 1475 etiam
3266 1419 3419 1489 quod
3475 1416 3675 1473 Nadab
3732 1421 3789 1473 et

2130 1512 2321 1568 Abiud
2349 1512 2413 1578 δ’,
2447 1511 2547 1582 qui
2581 1509 2862 1566 inusitato
2914 1525 3077 1565 more
3114 1513 3171 1564 et
3200 1507 3338 1563 thus
3387 1506 3785 1577 adoleverunt,

2131 1604 2188 1656 et
2241 1599 2506 1672 oppressi
2554 1600 2735 1671 sunt),
2795 1598 2943 1654 alios
2992 1613 3125 1653 vero
3174 1595 3483 1668 pracipuis
3528 1594 3787 1667 corporis

2130 1689 2397 1762 partibus
2446 1692 2770 1757 truncatos,
2816 1688 3007 1743 vivam
3060 1686 3395 1742 columnam
3444 1684 3650 1740 divina:
3681 1685 3783 1739 ad-

2127 1797 2332 1836 versus
2371 1784 2702 1852 peccatores
2735 1777 3209 1835 comminationis
3242 1781 3299 1832 ct
3345 1775 3618 1832 motionis
3650 1774 3783 1832 reli-

2130 1870 2278 1941 quit.
2312 1871 2493 1941 Atque
2513 1869 2624 1925 hoc
2655 1868 2891 1940 quidem
2916 1868 2988 1923 ad
3010 1866 3167 1922 hunc
3199 1866 3440 1921 modum
3462 1881 3525 1920 se
3558 1863 3784 1936 habuit,

2131 1975 2235 2015 nec
2284 1959 2459 2015 ﬁdem
2491 1958 2804 2030 quisquam
2854 1958 3111 2029 deroget,
3147 1954 3258 2011 nisi
3310 1954 3410 2027 qui
3457 1954 3659 2010 eadem
3691 1970 3783 2009 ra-

2126 2047 2285 2103 tione
2315 2047 2447 2104 aliis
2478 2063 2712 2119 quoque
2747 2047 2843 2103 Dei
2875 2045 3175 2102 miraculis
3219 2043 3441 2100 nullam
3472 2043 3648 2099 ﬁdem
3680 2042 3784 2099 ha—

357 2133 611 2189 bendam
642 2137 829 2206 putet.
860 2134 1024 2198 Quod
1058 2138 1256 2190 autem
1305 2134 1416 2191 hoc
1445 2135 1623 2192 etiam
1674 2135 2004 2193 mirabilius
2033 2135 2363 2209 clariusque
2410 2137 2540 2208 fuit,
2573 2136 2673 2191 lux
2720 2135 2780 2191 in
2812 2135 2953 2191 coelo
2982 2135 3161 2202 stetit,
3194 2150 3425 2191 crucem
3476 2132 3535 2188 in
3582 2132 3782 2189 orbem

356 2222 730 2292 describens,
766 2239 832 2278 ac
865 2239 1078 2279 nomen
1117 2222 1262 2279 illud
1293 2229 1351 2280 et
1382 2225 1590 2298 ﬁgura,
1624 2242 1750 2297 quae
1782 2226 1842 2281 in
1875 2229 2030 2282 terra
2060 2225 2225 2297 prius
2257 2225 2459 2297 impiis
2490 2225 2851 2298 contemptui
2885 2226 3093 2291 fuerat,
3126 2224 3186 2278 in
3218 2223 3361 2279 ccelo
3394 2238 3549 2278 nunc
3593 2220 3781 2277 omni-

359 2312 473 2366 bus
504 2328 569 2368 ex
597 2328 762 2384 aequo
794 2312 1149 2384 ostenditur,
1181 2313 1418 2385 Deoque
1447 2314 1701 2371 victoriis
1734 2315 2013 2371 adversus
2044 2314 2256 2387 impios
2285 2313 2615 2386 trophaeum
2662 2314 2936 2380 efﬁcitur,
2969 2312 3223 2385 trophaeo
3252 2312 3412 2368 omni
3465 2309 3782 2367 sublimius

358 2404 415 2455 et
451 2400 845 2456 orastantius.

449 2417 845 2471 praeterimus.

429 2493 502 2543 E’.
538 2488 677 2563 Πρὸς
725 2492 893 2543 ταῦτα
939 2488 991 2542 τί
1038 2490 1302 2565 φήσουσιν
1357 2486 1413 2542 οἲ
1462 2493 1559 2543 τοῦ
1591 2489 1788 2553 αίῶνος
1818 2490 2013 2546 τούτου

2194 2492 2258 2549 ν.
2291 2493 2372 2548 Ad
2408 2492 2529 2549 haec
2560 2509 2731 2564 porro
2762 2491 2903 2564 quid
2935 2490 3147 2546 dicturi
3179 2494 3318 2546 sunt
3365 2489 3546 2560 huius
3576 2474 3781 2545 saaculi

356 2576 542 2654 σοφοὶ,
590 2576 679 2631 καὶ
729 2578 796 2631 τὰ
842 2578 968 2651 παρ’
1017 2576 1199 2639 αὐτοῖς
1273 2576 1754 2651 ἀποσεμνύνοντες,
1816 2578 1869 2633 οἴ
1921 2579 2014 2640 τάς

2124 2581 2441 2654 sapientes,
2498 2597 2721 2653 suaque
2778 2580 3108 2653 magniﬁcis
3160 2577 3351 2635 verbis
3407 2581 3775 2643 exornantes,

358 2666 575 2742 βαθείας
629 2666 835 2736 ὑπήνας
882 2663 1153 2733 ἕλκοντες,
1202 2666 1290 2721 καὶ
1334 2667 1396 2721 τὸ
1448 2667 1661 2741 κομψὸν
1693 2666 2012 2743 περισύρονο

350 2776 442 2818 τες
620 2758 755 2829 ἡμῖν
787 2751 1075 2831 τριϐώνιον
1103 2773 1117 2825 ;
1168 2753 1544 2833 ἀντιδιήγησαί
1596 2778 1688 2829 μοι
1737 2757 1827 2812 καὶ
1858 2757 1919 2812 σὺ
1952 2757 2017 2813 τα

352 2845 441 2907 σὰ,
476 2845 505 2898 ὁ
536 2843 660 2906 τοὺς
695 2845 937 2921 μακροὺς
974 2844 1176 2920 λόγους
1209 2844 1451 2923 γράφων,
1482 2846 1572 2900 καὶ
1618 2847 1713 2908 τὰς
1755 2846 2012 2910 ἀπίστους

350 2933 617 2995 συντιθεὶς
676 2932 941 3008 ἱστορίας,
1000 2934 1087 2989 καὶ
1138 2935 1390 3010 κεχηνὼς
1435 2936 1570 3011 πρὸς
1614 2936 1681 2990 τά
1727 2934 1838 2991 ἀνω
1878 2938 2013 3012 (23),

347 3022 442 3077 καὶ
474 3026 580 3077 τῶν
614 3023 877 3099 οὐρανίων
911 3022 1399 3097 καταψευδόμενος,
1440 3022 1531 3079 καῖ
1576 3024 1793 3080 πλὶκων
1827 3024 1887 3080 ἐκ
1913 3032 2012 3095 τῆς

346 3116 460 3167 τῶν
484 3111 722 3188 ἀστέρων
758 3114 873 3187 (24)
907 3114 1168 3185 κινήσεως
1217 3114 1312 3177 τὰς
1357 3115 1587 3190 γενέσεις
1616 3115 1707 3169 καὶ
1750 3116 1818 3169 τὰ
1875 3136 2013 3188 συμ-

350 3196 645 3271 6αίνοντα;
700 3201 838 3277 Λέγε
889 3223 981 3275 μοι
1029 3202 1119 3256 καὶ
1171 3201 1233 3256 σὺ
1278 3201 1407 3266 τοὺς
1451 3202 1575 3265 σοὺς
1622 3203 1867 3280 ἀστέρας,
1926 3204 2015 3258 τὸν

350 3288 651 3365 Ἀριάδνης
724 3292 1001 3369 στέφανον,
1058 3289 1147 3345 καὶ
1209 3292 1300 3347 τὸν
1356 3293 1648 3368 Βερυνίκης
1700 3291 2014 3366 πλόκαμον,

2123 2670 2227 2742 qui
2259 2671 2580 2743 profundas
2610 2670 2824 2725 barbas
2854 2672 3104 2741 gestant,
3148 2684 3214 2724 ac
3244 2666 3457 2723 scitum
3490 2670 3547 2721 et
3574 2683 3781 2722 venus-

2122 2764 2251 2815 tum
2302 2759 2547 2832 pallium
2603 2759 2900 2816 trahunt?
2948 2759 3035 2813 Tu
3084 2774 3319 2830 quoque
3373 2760 3474 2812 tua
3518 2755 3661 2811 mihi
3711 2771 3779 2810 ex

2125 2850 2365 2906 adverso
2420 2866 2614 2919 narra,
2648 2850 2748 2921 qui
2793 2847 3048 2921 prolixae
3097 2847 3389 2904 orationes
3436 2844 3777 2914 conscribis,

2124 2938 2519 3011 historiasque
2551 2956 2586 2993 a
2616 2938 2730 2994 ﬁde
2777 2937 3158 2995 abhorrentes
3207 2936 3466 3006 conﬁcis,
3499 2939 3673 3007 atque
3706 2933 3778 2989 ad

2124 3044 2339 3100 supera
2382 3027 2613 3097 inhias,
2664 3027 2925 3099 falsaque
2987 3028 3059 3083 de
3109 3025 3445 3083 coelestibus
3495 3022 3777 3097 loqueris,

2123 3120 2300 3189 atque
2349 3115 2677 3172 nativitates
2725 3123 2779 3171 et
2825 3132 3020 3171 rerum
3078 3119 3319 3171 eventus
3368 3130 3437 3170 ex
3484 3118 3775 3170 astrorum

2124 3211 2287 3263 motu
2318 3204 2623 3262 contexis?
2655 3205 2861 3261 Sidera
2907 3222 3142 3277 quoque
3188 3208 3292 3261 tua
3338 3203 3485 3259 mihi
3531 3218 3774 3276 expone,

2126 3296 2412 3351 Ariadnes
2462 3311 2758 3362 coronam,
2797 3298 2855 3351 et
2881 3294 3184 3351 Berenices
3230 3310 3483 3361 comam,
3516 3298 3573 3349 et
3621 3292 3778 3348 sala-

350 3378 445 3433 καὶ
495 3381 587 3433 τὸν
646 3378 860 3455 ἀσελγῆ
908 3379 1129 3443 Κύκνον,
1185 3383 1274 3435 καὶ
1320 3381 1412 3436 τὸν
1461 3377 1718 3455 ὑϐριστὴν
1766 3387 1969 3459 Ταῦρον
1998 3403 2010 3414 ·

2128 3402 2250 3441 cem
2284 3387 2643 3457 Cygnum,et
2674 3358 3034 3456 petulantem
3055 3388 3310 3440 Taurum
3336 3402 3349 3451 ;
3383 3358 3557 3455 atque
3577 3383 3777 3449 etiam,

354 3466 411 3522 εἴ
438 3466 494 3522 δὲ
528 3467 737 3543 βούλει,
769 3470 863 3524 τὸν
898 3468 1188 3547 Ὀφιοῦχόν
1416 3492 1531 3541 σου,
1582 3471 1670 3525 καὶ
1717 3473 1805 3526 τὸν
1849 3472 2012 3548 Αἰγό-

351 3578 501 3630 κερω
561 3560 695 3632 (26),
751 3559 956 3613 καὶτὸν
993 3560 1225 3630 Λέοντα,
1258 3557 1462 3622 ἄλλους
1509 3581 1568 3614 τε
1593 3558 1750 3621 ὅσους
1800 3560 1887 3615 ἐπὶ
1934 3565 2014 3633 τῷ

354 3651 511 3718 κακῷ
568 3649 681 3721 (27)
740 3648 1029 3724 γνωρίσας,
1076 3649 1110 3717 ἢ
1165 3647 1315 3712 θεοὺς
1362 3648 1397 3717 ἢ
1459 3646 1679 3724 ἀστέρας
1731 3648 2008 3720 ἐποίησας.

358 3741 475 3791 Ποῦ
505 3736 567 3791 σὺ
595 3741 785 3791 τοῦτον
982 3736 1129 3812 ἔχεις
1158 3738 1249 3793 τὸν
1281 3735 1481 3792 κύκλον
1514 3736 1566 3791 ἰν
1593 3742 1710 3799 τοῖς
1746 3743 1859 3800 σοῖς
1908 3760 2011 3812 μα-

360 3828 430 3896 θη
442 3846 569 3897 μασι
597 3844 610 3894 ;
671 3830 784 3881 Ποῦ
834 3823 891 3881 δὲ
927 3828 1018 3882 τὸν
1051 3824 1138 3880 ἐπὶ
1170 3825 1417 3899 Βῆθλεὶμ
1446 3823 1722 3901 δραμόντα
1750 3826 2010 3903 πρότερον

358 3912 422 3967 ἰκ
450 3920 551 3982 τῆς
582 3913 717 3986 ἑῴας
766 3912 981 3990 ἀστέρα,
1029 3914 1119 3969 τὸν
1169 3910 1366 3989 ὁδηγὸν
1417 3917 1521 3968 τῶν
1556 3917 1661 3968 σῶν
1696 3915 1891 3990 Μάγων
1923 3916 2011 3969 καὶ

362 4002 666 4077 πρόξενον;
718 4008 875 4078 ’Ἐχω
929 4024 982 4058 τι
1024 4003 1177 4078 κάγὼ
1235 4001 1411 4079 λεγειν
1459 4001 1519 4057 ἰκ
1563 4007 1668 4058 τῶν
1702 4002 1964 4080 οὐρανίων
1995 4023 2008 4037 ·

356 4090 565 4154 ἐκεῖνος
595 4092 695 4161 τήν
727 4097 959 4166 Χριστοῦ
989 4092 1286 4166 παρουσίαν
1317 4089 1653 4161 ἀνεδηλωσεν
1684 4094 1797 4169 (29)
1835 4094 1863 4147 ὁ
1915 4094 2010 4147 ἀσ-

354 4182 464 4255 τήρ
486 4198 499 4213 ο
536 4177 692 4243 οὗτος
724 4187 823 4251 τῆς
850 4185 1083 4258 Χριστοῦ
1108 4180 1258 4253 νίκης
1293 4182 1321 4235 ὁ
1351 4182 1632 4258 στίφανος.

2124 3474 2174 3531 si
2204 3474 2285 3529 ita
2310 3473 2419 3543 vis,
2471 3472 2843 3545 Ophiuchum
2893 3476 3086 3541 tuum,
3136 3478 3193 3529 et
3241 3473 3682 3545 Capricornum,
3722 3474 3780 3528 et

2125 3564 2399 3631 Leonem,
2431 3561 2694 3635 aliosque
2742 3578 2968 3631 omnes,
3002 3579 3168 3633 quos,
3201 3563 3275 3618 ob
3320 3561 3541 3618 malum
3574 3560 3777 3634 cogni-

2123 3656 2237 3719 tos,
2268 3651 2356 3708 vel
2387 3652 2446 3707 in
2480 3652 2847 3721 deorum,vel
2878 3651 2936 3707 in
2968 3652 3229 3708 siderum
3260 3648 3573 3707 numerum
3604 3648 3780 3706 ascri-

2124 3742 2315 3814 psisli.
2342 3742 2445 3799 Ubi
2475 3746 2539 3797 tu
2571 3742 2729 3797 hunc
2752 3742 3039 3797 circulum
3061 3742 3118 3796 in
3154 3744 3256 3797 tua
3277 3739 3527 3796 mathesi
3559 3736 3779 3793 habes?

2123 3829 2231 3885 Ubi
2258 3830 2433 3885 etiam
2466 3828 2699 3885 stellam
2732 3828 2917 3897 illam,
2952 3830 3257 3901 Magorum
3288 3832 3525 3883 tuorum
3568 3826 3777 3881 ducem

2122 3922 2178 3974 et
2208 3919 2531 3990 auspicem,
2567 3935 2693 3990 quae
2744 3918 2909 3989 prius
2939 3919 3010 3973 ab
3042 3922 3171 3973 ortu
3203 3916 3261 3971 in
3296 3914 3631 3971 Bethlehem
3675 3931 3775 3969 cu-

2122 4008 2307 4063 currit
2336 4008 2435 4062 “?
2486 4008 2616 4079 Ipse
2663 4023 2897 4078 quoque
2947 4005 3212 4062 nonnihil
3266 4005 3449 4061 habeo
3498 4003 3652 4075 quod
3704 4003 3777 4059 de

2121 4095 2455 4153 coelestibus
2478 4095 2765 4151 disseram
2797 4112 2809 4149 :
2840 4095 3013 4153 stella
3037 4094 3135 4150 illa
3160 4094 3372 4149 Christi
3403 4092 3774 4166 praesentiam

2119 4184 2399 4241 indicavit
2436 4203 2449 4241 :
2482 4184 2603 4241 haec
2634 4183 2884 4242 victoriis
2916 4184 3133 4241 Christi
3163 4200 3377 4241 corona
3407 4182 3535 4239 fuit.

428 4355 470 4389 ⁶¹
503 4355 645 4411 Gen.
678 4370 795 4427 nx,
827 4357 918 4412 24.
994 4355 1041 4393 ⁸³
1073 4330 1255 4414 Levit.
1288 4375 1344 4423 κ,
1375 4356 1429 4410 2.
1507 4354 1552 4392 ⁸³
1581 4355 1787 4413 Matth.
1818 4372 1879 4428 ιι,
1910 4356 1937 4411 1
1973 4371 2138 4428 seqq.

353 4526 560 4601 humo.
588 4526 676 4601 ita
702 4526 1188 4601 impiiiiapos‘tatae
1218 4542 1374 4600 spes,
1408 4544 1544 4601 qua,
1566 4530 1632 4584 ut
1662 4542 1797 4601 eum
1821 4526 2005 4601 _Theo-

353 4600 561 4671 doreto
590 4597 819 4671 loquar,
855 4597 1014 4671 Εἰσὶ,
1042 4597 1270 4671 111).ίιιιξ
1296 4616 1346 4654 o.
1382 4597 1467 4655 17.
1488 4623 1509 4651 ε
1531 4597 1672 4657 sese
1702 4598 1834 4655 falsi
1864 4614 2003 4670 prea-

355 4669 684 4726 dictionem‘
725 4670 954 4727 Domini
1004 4670 1408 4726 convicturum
1456 4688 1583 4729 esse
1630 4669 1924 4736 sperabat,
1972 4692 1999 4719 ››

355 4742 604 4824 impleta
632 4746 742 4824 est,
774 4747 839 4798 ut
868 4740 1066 4824 stultis
1111 4743 1237 4815 ipse
1268 4743 1394 4824 suis
1425 4749 1627 4824 contra
1658 4740 1839 4799 Deum
1871 4758 2010 4824 con:

349 4812 533 4900 siliis‘.
571 4814 825 4900 nescius,
898 4812 1232 4900 invitusque
1289 4815 1676 4900 adimplenda
1700 4886 1715 4900 ‘
1745 4812 2012 4870 servierit

350 4885 1119 4959 praedictioni,quss_alioqui
1140 4885 1219 4943 ad
1251 4885 1539 4945 amussim
1573 4886 1826 4943 necdum
1859 4900 2011 4959 com-

350 4956 512 5084 pleta
542 4963 684 5024 erat,
718 4974 850 5013 cum
869 4956 1157 5014 decimam
1190 4959 1458 5030 quintam
1483 4959 1836 5017 catechesim
1869 4956 2009 5014 scri-

395 5032 517 5084 eret
546 5028 793 5084 Cvrillus
823 5028 1404 5084 Hierosolvmitanus.

395 5032 531 5103 ereti
546 5028 793 5103 Cyrillus
823 5028 1404 5103 Hierosolymitanus.

571 5099 1030 5175 ’Ᾱκρωτηριάσαν.
1066 5099 1152 5158 lta
1182 5119 1326 5160 mss.
1358 5119 1581 5160 omnes.
1640 5102 1796 5159 Edit.
1847 5099 2009 5172 ἀκρο-

351 5190 627 5246 τεριασας.

423 5238 537 5314 (18)
582 5243 706 5299 Ὅτι
759 5238 929 5317 μηδὲ..
956 5242 1063 5317 _Sic
1109 5244 1271 5300 Pass.
1328 5245 1567 5317 aliique,
1606 5244 1804 5316 plures
1845 5241 2008 5317 _codi-

345 5331 488 5380 ces;
525 5338 551 5363 ‹‹
585 5314 1095 5386 Quandoquidem,
1130 5339 1154 5363 n
1188 5321 1299 5371 etc.
1332 5314 1490 5384 Vel,«
1524 5316 1572 5372 si
1604 5314 1777 5371 modo
1808 5315 2004 5386 aliis...

345 5388 527 5474 fide
566 5405 681 5445 non
714 5383 974 5459 abrogat.
1011 5410 1037 5436 ››
1069 5383 1221 5443 Edit.
1256 5392 1387 5446 Par.
1421 5383 1554 5443 Ald.
1602 5390 1659 5442 et
1706 5390 1875 5441 Herv.
1931 5383 2005 5438 ἔτι

353 5455 520 5531 μηδὲ.

423 5524 541 5601 (19)
570 5531 639 5582 "N
671 5525 729 5582 δὲ
758 5524 835 5601 ἔτι
863 5528 1080 5585 τούτου.
1115 5530 1209 5587 Sic
1258 5547 1401 5587 mss.
1456 5544 1679 5585 omnes.
1726 5526 1897 5583 Deest
1947 5528 2006 5582 in

354 5598 490 5659 Par.
524 5598 664 5657 edit'
697 5598 912 5655 τούτου.

448 5674 542 5745 28)
572 5676 657 5745 Τῷ
688 5670 921 5747 οὐρανῷ.
957 5674 1126 5731 Deest
1152 5676 1251 5744 τῷ,
1284 5672 1343 5729 in
1376 5671 1668 5747 pluribus.

448 5675 542 5745 28)
572 5676 657 5745 Τῷ
688 5675 921 5747 οὐρανῷ.
957 5675 1126 5731 Deest
1152 5676 1251 5744 τῷ,
1284 5675 1343 5729 in
1376 5675 1668 5743 pluribus.

427 5675 541 5817 (21)
595 5743 955 5823 Περιγράφον.
1007 5766 1036 5801 α
1084 5748 1326 5814 Crucem
1391 5744 1748 5816 describens,

1821 5765 1842 5793 ιο
1906 5745 2008 5801 aut

2115 4546 2145 4577 «
2175 4524 2499 4582 delineans.
2552 4547 2580 4575 »
2622 4524 2769 4589 Quid
2822 4526 2897 4582 sit
2943 4543 3086 4582 crux
3136 4526 3195 4581 in
3245 4525 3444 4581 orbem
3476 4523 3771 4596 descripta

2113 4614 2229 4653 non
2241 4596 2934 4654 video.Miraculumistud
2948 4597 3282 4654 testimonio
3295 4613 3401 4653 suo
3416 4597 3764 4652 conﬁrmant

2030 4652 2076 4717 D
2108 4652 3128 4742 Chrysos‘tomus,Ruﬁnus,Theod.,
3158 4652 3389 4726 Sosom.
3408 4671 3764 4739 Socrat.,etc.

2190 4740 2302 4884 (22)
2334 4740 2739 4814 Περισύροντες.
2776 4763 2805 4792 ‹‹
2834 4741 3284 4798 Circumferunt.
3320 4764 3341 4793 ι

2212 4814 2282 4868 23
2335 4812 2475 4884 Πρὸς
2505 4813 2573 4867 τὰ
2603 4810 2733 4868 ἄνω.
2768 4813 2905 4884 Reg.
2941 4831 2994 4881 8.,
3027 4813 3101 4874 εἰς
3134 4813 3202 4866 τὰ
3230 4809 3341 4866 ἄνω

2335 4809 2475 4887 ῌρὸς
2499 4809 2573 4887 τὰ
2603 4810 2733 4868 ἄνω.
2768 4813 2919 4887 Reg:
2941 4831 2994 4881 a,
3027 4813 3202 4887 sicfuit
3230 4809 3362 4887 ἄνω.

2193 4885 2301 4956 (24)
2361 4884 2648 4961 Ἀστέρων.
2711 4884 3029 4957 Duo'Reg.
3089 4885 3247 4942 Colb.
3310 4885 3367 4954 li,

2334 5024 2774 5113 ’0?t0§‘XQV‘GOD.
2808 5049 2836 5077 «
2867 5028 3321 5113 Serpe‘ntarium.
3367 5048 3394 5076 »
3445 5026 3606 5113 Fass.
3659 5042 3762 5076 σοι.

2119 5100 2269 5156 Sunt
2315 5098 2417 5171 qui
2463 5098 2858 5173 lE's'culapium
2916 5098 3263 5171 intelligant,
3312 5098 3464 5169 quod
3513 5111 3765 5169 anguem

2119 5188 2297 5245 manu
2332 5176 2542 5245 tepens
2574 5173 2931 5245 pingeretur.

2171 5244 2301 5330 .(2’6)
2346 5237 2645 5318 Αἰγόκερῐυ.
2680 5237 2779 5300 Ἰιθ.
2826 5242 3083 5316 plerique
3131 5241 3383 5297 codices.
3437 5239 3565 5295 Par.
3627 5237 3765 5295 edit.

2120 5313 2457 5389 Αἶγόκερωνζ
2546 5313 2555 5318 ⁷
2827 5313 2844 5316 ”
2999 5313 3004 5314 ί

2190 5388 2303 5456 (27)
2337 5386 2455 5441 Ἐπὶ
2486 5383 2566 5457 τῷ
2595 5389 2771 5457 κακῷ.
2810 5408 2831 5436 α
2865 5385 2950 5441 Ab
2975 5385 3193 5458 insigni
3226 5384 3379 5440 malo
3432 5386 3622 5448 notos,
3672 5398 3765 5437 ce-

2118 5457 2327 5514 lebres.
2368 5482 2394 5506 n
3105 5457 3114 5458 ί

2189 5530 2300 5596 (28)
2328 5532 2549 5585 Τοῦτον.
2592 5528 2766 5584 Coisl.
2798 5531 2852 5595 2,
2883 5524 3114 5583 τούτων.

2319 5596 2724 5682 ὶΑνεδῄλωσεν.
2756 5593 2992 5657 Codices
3023 5599 3416 5667 communitis,
3465 5593 3759 5667 ἐδήλωσεν.

2114 5671 2285 5729 Coisl.
2317 5674 2372 5745 2,
2405 5671 2693 5745 ἐμήνυσεν.

3428 4882 3523 4938 0r.
3589 4883 3641 4949 1,
3674 4877 3767 4933 ἄσ-
