4202 6212
433 346 548 410 671

1679 345 1743 404 S.
1794 343 2168 405 GREGORII
2211 345 2609 407 THEOLOGI

3728 348 3849 407 672

504 478 598 536 VI.
633 482 822 551 Atque
851 477 974 533 haec
1003 475 1149 531 mihi
1172 477 1242 531 de
1272 473 1606 532 coelestibus
1636 478 1813 548 atque
1833 475 2082 549 superis,

2270 477 2330 545 ζ’.
2361 479 2537 531 Ταῦτα
2569 477 2662 549 μὲν
2691 476 2750 531 ἐκ
2776 480 2884 531 τῶν
2928 474 3191 551 οὐρανίων
3240 474 3329 529 καὶ
3385 497 3489 530 των
3548 478 3660 530 ἀνω
3711 498 3852 551 συμ-

432 588 557 643 quae
588 586 692 642 pro
731 583 944 639 magna
975 582 1062 630 ea,
1095 582 1221 637 quae
1273 565 1331 620 in
1379 565 1648 621 universo
1698 564 1909 633 elucet,
1940 582 2082 622 con-

432 659 629 715 cordia
660 662 716 712 et
746 655 1175 711 necessitudine
1208 656 1381 710 rebus
1400 654 1616 710 nostris
1646 654 2081 723 condolescunt,

433 748 589 802 dicta
628 746 769 800 sint.
822 745 955 808 Quae
1004 760 1139 799 vero
1191 748 1542 814 sequuntur,
1576 743 1917 799 Psalmistes
1957 746 2081 815 jam

434 836 575 891 mihi
609 834 839 907 expleat
869 851 881 888 :
919 839 981 888 Et
1010 835 1155 889 151
1193 834 1440 888 civitates
1470 833 1798 888 destruxistz‘
1812 835 1857 868 ⁶⁴
1888 838 2087 903 (utve-

431 931 583 981 teres
609 924 739 979 illas
757 924 829 979 ob
851 924 1086 979 easdem
1109 922 1484 994 impietates),
1500 922 1650 978 inter
1670 923 1851 995 ipsas,
1869 923 2085 996 quibus

431 1016 490 1071 in
526 1032 632 1071 nos
664 1014 999 1080 utebantur,
1019 1011 1611 1083 iniquitates,partim
1644 1012 1792 1068 mari
1822 1014 2084 1084 obrutas,

434 1105 648 1178 partim
682 1108 847 1159 terra:
895 1107 1053 1159 motu
1088 1105 1411 1173 prostratas
1454 1106 1510 1157 et
1556 1118 1809 1170 eversas,
1842 1107 1908 1157 ut
1954 1120 2087 1174 pro-

434 1195 747 1268 pemodum
778 1193 837 1247 id
891 1192 1045 1264 quod
1075 1191 1369 1263 reliquum
1414 1194 1521 1261 est,
1573 1192 1765 1249 dicere
1813 1192 2084 1264 possim:

435 1286 615 1342 Periit
665 1284 935 1338 memoria
985 1298 1188 1337 earum
1237 1298 1363 1335 cum
1413 1283 1597 1336 sonitu
1625 1283 1690 1352 ⁸⁵,
1723 1285 1780 1336 et
1826 1281 1985 1337 claro
2021 1299 2088 1337 ac

439 1372 652 1429 celebri
683 1370 876 1427 exitio.
910 1372 1093 1426 Tanta
1122 1371 1278 1426 enim
1312 1371 1482 1425 ruina
1528 1374 1617 1427 est
1644 1373 1923 1443 tantaque
1951 1387 2088 1426 con-

440 1461 642 1519 fractio
669 1476 868 1517 earum
902 1477 968 1516 ac
1000 1460 1236 1516 illarum
1269 1476 1395 1532 quae
1423 1476 1453 1514 e
1483 1460 1673 1515 vicino
1713 1464 1870 1527 sunt,
1906 1461 2088 1516 maxi-

439 1565 645 1623 meque
676 1550 885 1606 harum
909 1566 1036 1622 quae
1066 1549 1367 1621 impietate
1387 1549 1771 1616 delectantur,
1787 1553 1853 1605 ut
1881 1550 1930 1605 si
1956 1549 2089 1623 quis

435 1642 610 1698 etiam
642 1656 844 1696 earum
876 1639 1363 1695 instaurationem
1386 1640 1623 1712 aggredi
1656 1639 2088 1710 audeat,multo

436 1735 697 1802 tempore
728 1730 798 1785 ad
835 1746 963 1785 eam
996 1744 1119 1785 rem
1151 1746 1300 1801 opus
1332 1729 1594 1785 futurum
1625 1729 1721 1784 sit.

2192 564 2515 641 πασχόντων
2564 570 2681 629 τοῖς
2729 565 3043 641 ἡμετέροις,
3093 564 3230 620 κατά
3282 564 3381 632 τὴν
3447 564 3692 639 μεγάλην
3751 571 3850 621 τοῦ

2196 655 2392 717 παντὸς
2452 656 2712 731 ἁρμονίαν
2768 677 2828 710 τε
2881 654 2971 709 καὶ
3042 653 3355 709 οἰκείωσιν·
3410 654 3477 708 τὰ
3527 651 3584 709 δὲ
3638 654 3759 724 ἑξῆς
3822 656 3851 709 ὁ

2193 741 2414 817 ψαλμὸς
2446 746 2556 818 (30)
2590 744 3002 821 συμπληρούτὼ
3034 765 3126 817 μοι
3155 765 3166 777 ·
3215 742 3297 798 δτι
3346 741 3446 797 Καὶ
3500 742 3689 805 πόλεις
3722 745 3850 797 καθ-

2196 832 2339 894 εῖλες
2398 834 2495 907 (ὡς
2542 836 2639 896 τὰς
2681 833 2915 894 παλαιὰς
2964 833 3169 895 ἐκείνας
3201 832 3287 887 ἐπὶ
3317 837 3435 895 τοῖς
3484 832 3667 894 αὐτοῖς
3726 833 3850 888 ἄσε-

2195 917 2478 995 ϐήμασιν),
2512 923 2562 978 ἐν
2590 922 2777 985 αὐταῖς
2808 928 2927 986 ταῖς
2967 923 3085 977 καθ’
3113 925 3273 995 ἡμῶν
3306 920 3692 997 παρανομίαις,
3753 923 3853 983 τὰς

2200 1014 2291 1085 μὲν
2349 1012 2638 1087 πελάγεσιν
2702 1011 3131 1079 ἐπικλυσθείσας,
3197 1011 3293 1073 τὰς
3352 1008 3411 1066 δὲ
3458 1016 3665 1084 σεισμῷ
3722 1032 3855 1065 κατ-

2198 1102 2519 1177 ενεχθείσας,
2551 1103 2625 1165 ὡς
2658 1106 2856 1178 μικροῦ
2885 1101 2975 1155 καὶ
3004 1102 3066 1155 τὸ
3096 1098 3419 1173 λειπόμενον
3456 1098 3600 1177 ἔχειν
3653 1100 3854 1170 εἰπεῖν,

2201 1189 2284 1245 ὅτι
2315 1191 2596 1247 Ἀπώλετο
2625 1191 2689 1246 τὸ
2744 1190 3090 1265 μνημόσυνον
3140 1189 3312 1245 αὐτῶν
3374 1192 3483 1263 (31)
3548 1192 3661 1264 μετ’
3706 1188 3859 1265 ἤχου

2195 1280 2283 1334 καὶ
2323 1275 2655 1357 περιϐοήτου
2684 1288 2785 1351 τῆς
2818 1278 3092 1341 ἀπωλείας
3124 1299 3136 1312 ·
3186 1277 3419 1349 τοσαύτη
3454 1278 3556 1355 γάρ
3588 1278 3764 1333 αὐτῶν
3818 1280 3855 1347 ἡ

2196 1374 2423 1443 πτῶσις,
2455 1368 2545 1424 καὶ
2583 1368 2799 1424 τοιοῦτο
2850 1371 2965 1442 (32)
3020 1370 3083 1423 τὸ
3115 1367 3447 1442 σύντριμμα,
3495 1367 3586 1423 καὶ
3632 1372 3741 1422 τῶν
3797 1367 3857 1422 ἐκ

2203 1458 2462 1533 γειτόνων
2495 1460 2630 1533 (33),
2660 1457 2749 1513 καὶ
2784 1457 3020 1531 μάλιστα
3057 1461 3126 1532 τῇ
3175 1451 3392 1527 ἀσεϐείᾳ
3436 1458 3548 1531 (34)
3595 1476 3852 1531 περιχαι-

2199 1547 2426 1624 ρόντων,
2486 1547 2560 1609 ὡς
2628 1550 2743 1620 (35)
2817 1544 3032 1603 πολλοῦ
3106 1546 3311 1623 ’χρόνου
3366 1543 3474 1600 δεῖν
3535 1544 3745 1617 αὑταῖς,
3808 1544 3862 1599 εἶ’

2194 1658 2275 1698 τις
2334 1635 2438 1711 ἄρα
2489 1636 2580 1691 καὶ
2636 1634 2937 1709 τολμήσειε
3000 1640 3161 1691 τοῦτο
3237 1632 3374 1708 πρὸς
3621 1633 3854 1709 ἐπανόρ-

2197 1728 2385 1782 θωσιν.

508 1820 629 1876 VII.
662 1821 741 1875 Ac
788 1822 954 1875 terrae
984 1818 1221 1891 quidem
1254 1822 1310 1873 et
1360 1818 1490 1875 coeli
1538 1819 1660 1874 haec
1708 1822 1936 1875 ostenta
1964 1819 2086 1875 fue-

2273 1818 2342 1885 z'.
2375 1816 2493 1891 Ἆρ’
2528 1814 2618 1869 οῦν
2648 1821 2717 1891 γῆ
2755 1814 2847 1889 μὲν
2881 1814 3022 1870 οὓτω
3048 1814 3139 1869 καὶ
3187 1813 3407 1890 οὐρανός
3438 1834 3449 1848 ·
3516 1814 3620 1889 ἀὴρ
3800 1810 3860 1866 δὶ

2245 1905 2297 1928 ἠ
2333 1904 2347 1928 ἳ
2387 1927 2391 1928 ,
2436 1927 2449 1928 γ
2548 1903 2593 1928 nl
2636 1925 2669 1928 -r
2708 1910 2819 1928 __~‘-
2854 1904 3123 1928 _A__,’_-i_
3166 1909 3376 1928 .--.---ῗ¹-
3456 1900 3572 1928 -133
3623 1901 3849 1928 .r.-_-.'..n_

438 1913 579 1967 runt
609 1926 628 1966 :
660 1912 931 1965 caeterum
963 1925 1062 1964 aer
1091 1909 1435 1979 hujusmodi
1464 1912 1726 1981 tempore
1757 1907 1979 1964 nihilne
2003 1908 2093 1963 in-

439 1999 608 2071 signe
636 1998 959 2064 edidit,nec
991 1997 1284 2069 passionis
1315 1996 1529 2053 Christi
1557 1996 1743 2069 signis
1776 1997 2097 2053 sanctiﬁca-

439 2093 536 2144 tus
568 2088 708 2143 est?
737 2086 1043 2143 Proferant
1073 2104 1229 2141 nunc
1283 2102 1513 2157 quoque
1559 2090 1753 2142 vestes
1801 2103 1962 2157 suas,
1995 2086 2093 2157 qui

439 2177 621 2248 hujus
653 2175 918 2232 miraculi
972 2179 1331 2248 spectatores
1362 2179 1419 2231 et
1461 2176 1678 2231 conscii
1725 2175 2095 2242 exstiterunt,

438 2266 595 2336 illas,
623 2266 887 2337 inquam,
911 2266 1105 2321 crucis
1126 2265 1280 2321 notis
1299 2268 1441 2321 tunc
1461 2264 1689 2321 inustas
1711 2268 1770 2320 et
1788 2265 2095 2338 consigna-

440 2360 549 2413 tas.
586 2354 773 2412 Simul
805 2355 962 2411 enim
995 2371 1062 2409 ac
1092 2354 1409 2427 quispiam,
1444 2354 1564 2411 sive
1595 2358 1953 2422 nostrorum,
1978 2355 2097 2410 sive

441 2449 772 2502 exterorum
805 2444 925 2499 haec
974 2444 1272 2514 narrabat,
1305 2447 1408 2499 aut
1446 2446 1753 2499 narrantes
1802 2444 2095 2515 audiebat,

444 2534 643 2590 statim
674 2534 784 2590 hoc
805 2532 1270 2605 miraculum,vel
1293 2533 1352 2587 in
1374 2532 1454 2588 sei
1462 2532 1679 2604 pso,vel
1702 2533 1763 2587 in
1783 2533 1975 2591 vicino
1992 2552 2098 2591 suo

444 2622 854 2697 perspiciebat,
887 2621 1155 2679 stellatus
1187 2622 1469 2678 nimirum
1518 2622 1643 2694 ipse
1673 2624 1944 2695 notisque
1973 2625 2099 2680 dis-

444 2713 691 2784 tinctus,
736 2711 823 2767 vel
875 2711 1039 2768 illum
1090 2711 1267 2769 talem
1311 2712 1373 2766 in
1428 2711 1794 2768 vestimentis
1838 2713 2097 2786 intuens,

444 2817 678 2857 omnem
726 2801 955 2857 textorii
1001 2800 1230 2857 artiﬁcii
1280 2800 1656 2873 elegantiam,
1716 2805 1817 2856 aut
1866 2819 2102 2860 summa

444 2907 585 2947 cura
625 2889 977 2947 elaboratam
1029 2890 1319 2962 picturam
1369 2890 1653 2947 varietate
1699 2896 2099 2964 superantem.

446 2984 581 3049 Quae
613 2997 706 3037 res
735 2979 1130 3053 spectantium
1160 2979 1390 3036 animos
1420 2983 1582 3037 tanto
1614 2983 1854 3053 stupore
1887 2981 2097 3050 atl‘ecit,

447 3077 512 3130 ut
533 3088 737 3128 omnes
760 3070 1137 3142 ferme,quasi
1158 3086 1228 3126 ex
1248 3069 1417 3143 signo
1440 3087 1579 3141 uno,
1602 3074 1778 3142 atque
1804 3087 1923 3127 una
1940 3088 2099 3139 voce,

447 3160 914 3218 Christianorum
965 3165 1145 3216 Deum
1196 3160 1552 3231 invocarent,
1594 3176 1848 3232 eumque
1896 3161 2101 3217 multis

2204 1905 2304 1961 οὐκ
2331 1903 2674 1979 ἐπισημαίνει
2704 1910 2820 1967 τοῖς
2850 1904 3125 1966 τοιούτοις
3165 1909 3397 1980 καιροῖς,
3451 1900 3577 1957 οὐδὲ
3622 1901 3857 1977 ἡγιάσθη

2202 1995 2325 2050 τότε
2381 1995 2497 2057 τοῖς
2582 1992 2833 2067 σημείοις
2905 1998 3002 2048 τοῦ
3072 1992 3333 2061 πάθους;
3405 1988 3855 2061 Ἐπιδειξάτωσαν

2206 2080 2281 2139 ἔτι
2314 2085 2422 2157 (38)
2465 2083 2553 2137 καὶ
2603 2087 2694 2137 νῦν
2751 2084 2849 2144 τὰς
2888 2081 3131 2153 ἐσθῆτας,
3181 2082 3231 2136 οἱ
3263 2086 3357 2135 τοῦ
3415 2080 3693 2152 θαύματος
3728 2080 3865 2135 ὲκεί-

2205 2195 2299 2228 νου
2330 2173 2510 2228 θεαταὶ
2542 2171 2631 2227 καὶ
2665 2172 2882 2245 μύσται,
2914 2172 3008 2233 τάς
3036 2171 3159 2227 τότε
3199 2169 3698 2245 κατασημανθείσας
3747 2172 3863 2242 (39)

2204 2268 2321 2325 τοῖς
2376 2266 2472 2316 τοῦ
2534 2266 2763 2336 σταυροῦ
2831 2261 3136 2338 στίγμασιν.
3195 2262 3365 2335 Ὀμοῦ
3421 2280 3480 2314 τε
3536 2260 3639 2335 γὰρ
3694 2263 3865 2313 ταῦτα

2208 2350 2452 2426 διηγεῖτό
2505 2351 2607 2422 τίς,
2640 2351 2734 2405 εἴτ’
2792 2350 2882 2405 οὖν
2940 2354 3047 2404 τῶν
3104 2350 3412 2424 ἡμετέρων,
3471 2345 3571 2403 εἴτ’
3630 2346 3720 2402 οὗν
3754 2352 3865 2401 τῶν

2206 2438 2397 2512 ἔξωθεν
2457 2443 2590 2514 (40),
2649 2441 2684 2509 ἢ
2742 2437 3122 2514 διηγουμένων
3175 2436 3363 2506 ἤκουε,
3423 2437 3513 2492 καὶ
3561 2438 3621 2492 τὸ
3680 2441 3863 2508 θαῦμα

2208 2531 2353 2607 ἑώρα
2380 2532 2505 2607 παρ’
2539 2531 2731 2601 ἑαυτῷ,
2822 2530 2899 2601 τῷ
2946 2527 3183 2599 πλησίον
3239 2527 3553 2603 γινόμενον,
3602 2526 3859 2581 κατάστε-

2209 2640 2300 2697 ρος
2348 2618 2445 2690 ὢν,
2498 2621 2533 2688 ἢ
2586 2617 2786 2673 ἐκεῖνον
2837 2618 2977 2693 ὁρῶν
3026 2621 3273 2671 τοιοῦτον
3324 2615 3375 2670 ἐν
3423 2621 3540 2677 τοῖς
3572 2614 3861 2687 ἐσθήμασι,

2208 2711 2384 2779 πάσης
2446 2709 2798 2783 ἱστουργικῆς
2870 2703 3110 2784 ψηφῖδος
3175 2708 3209 2775 ἢ
3277 2703 3569 2781 περιέργου
3646 2710 3862 2780 ζωγρα-

2209 2798 2331 2877 φίας
2362 2801 2475 2870 (41)
2504 2795 2923 2870 ποικιλώτερον,
2976 2796 3070 2852 Ἐκ
3114 2793 3310 2849 τούτου
3358 2792 3410 2849 τί
3458 2793 3708 2871 γίνεται;
3768 2799 3865 2847 Το-

2210 2887 2378 2959 σαύτη
2445 2890 2554 2943 τῶν
2618 2885 2911 2963 ὁρωμένων
2975 2882 3333 2957 κατάπληξις,
3376 2883 3451 2945 ὡς
3516 2886 3715 2959 μικροῦ
3770 2883 3865 2955 μὲν

2210 2977 2443 3040 ἅπαντας
2494 2974 2674 3051 ὥσπερ
2723 2974 2773 3046 ἐξ
2824 2973 2937 3035 ἐνὸς
3000 2975 3344 3047 συνθήματος
3589 2973 3678 3027 καὶ
3742 2978 3871 3044 μιᾶς

2210 3073 2397 3144 φωνῆς
2446 3067 2534 3121 τὸν
2580 3068 2687 3119 τῶν
2739 3066 3079 3140 Χριστιανῶν
3138 3060 3521 3119 ἀνακαλεῖσθαι
3589 3062 3740 3131 Θεὸν,
3795 3060 3877 3115 εὖ·

2211 3156 2443 3235 φημίαις
2472 3177 2530 3211 τε
2557 3153 2793 3215 πολΑαῖς
2834 3153 2923 3208 καὶ
2970 3150 3196 3215 ἱκεσίαις
3250 3152 3408 3207 αὐτὸν
3461 3149 3871 3222 ἐξιλάσκεσθαι·

449 3251 728 3308 laudibus
738 3249 1128 3321 precibusque
1150 3247 1380 3321 placare
1396 3249 1726 3318 studerent;
1743 3248 1913 3304 multi
1932 3250 2098 3305 etiam

2220 3244 2469 3307 πολλοὺς
2520 3242 2579 3299 δὲ
2626 3243 2725 3298 οὐκ
2772 3242 2847 3304 εἷς
2892 3237 3188 3311 ἀναϐολὰς,
3238 3239 3386 3297 ἀλλὰ
3415 3241 3542 3315 παρ’
3572 3238 3707 3295 αὐτὰ
3760 3243 3870 3293 τῶν

450 3357 567 3395 non
597 3339 658 3394 in
702 3338 931 3409 longius
976 3354 1097 3394 rem
1151 3338 1542 3407 extrahentes,
1572 3339 1673 3394 sed
1722 3339 1927 3394 eodem
1976 3338 2103 3410 ipso

447 3432 732 3499 tempore,
752 3443 867 3499 quo
889 3427 1010 3482 hanc
1040 3426 1399 3495 acciderunt,
1422 3428 1495 3482 ad
1518 3427 1847 3483 sacerdotes
1871 3430 2100 3483 nostros

452 3515 1149 3590 properantes,adhibitis
1168 3516 1382 3572 multis
1403 3516 1675 3588 precibus
1698 3516 1757 3571 in
1781 3516 2099 3573 Ecclesiam

455 3605 723 3675 admissi,
760 3621 826 3661 ac
874 3604 1320 3661 sublimioribus
1370 3606 1664 3679 mysteriis
1710 3606 1923 3661 imbuti
1961 3606 2099 3677 sint,

456 3712 621 3752 sacro
652 3694 1009 3768 baptismate
1038 3694 1353 3768 purificati,
1386 3698 1560 3767 atque
1590 3695 1903 3752 utilitatem
1932 3712 1999 3751 ex
2030 3695 2100 3750 ti-

458 3801 618 3842 more
649 3784 967 3841 consecuti.

527 3874 677 3931 VIII.
710 3875 795 3931 Ita
825 3873 1059 3947 quidem
1092 3891 1155 3931 se
1186 3890 1277 3932 res
1324 3874 1639 3932 habebant.
1670 3873 1942 3932 Julianus
1971 3889 2105 3931 vero

460 3964 673 4021 furoris
702 3965 921 4021 sensim
944 3964 1402 4037 ingravescentis
1419 3968 1595 4021 oestro
1625 3965 1884 4037 percitus
1914 3967 1972 4020 et
1991 3963 2109 4037 agi-

458 4057 639 4123 tatus,
674 4054 745 4109 ad
768 4054 963 4126 ipsum
985 4053 1389 4111 calamitatum
1413 4070 1654 4111 suarum
1677 4057 1853 4126 caput
1871 4055 2107 4110 tandem

462 4142 710 4197 devenit.
744 4142 816 4198 Ut
846 4143 1002 4199 enim
1034 4144 1498 4201 Christianorum
1529 4160 1623 4201 res
1651 4161 1721 4201 ex
1762 4143 1944 4201 animi
1976 4160 2107 4200 sen-

460 4230 644 4286 tentia
671 4245 734 4286 se
763 4230 980 4288 habere
1010 4232 1378 4303 existimavit;
1397 4237 1569 4305 atque
1598 4250 1668 4289 ex
1696 4233 1813 4303 his,
1831 4249 1958 4304 quae
1982 4234 2110 4305 jam

535 4366 580 4399 ⁶⁴
608 4364 763 4420 Psal.
795 4382 874 4434 1x,
903 4367 957 4422 7.
1033 4367 1078 4402 ⁸⁸
1108 4367 1252 4423 ibid.

536 4497 962 4623 Ψαλμός.
1025 4500 1165 4573 Reg.
1230 4501 1334 4571 hu,
1419 4498 1548 4555 Ald.
1610 4502 1668 4556 et
1730 4500 1897 4558 Herv.
1971 4498 2113 4575 ψαλ-

597 4590 675 4630 ος.

471 4592 675 4643 μῳοος.

540 4644 652 4713 (31)
683 4638 889 4698 Αὐτῶν.
922 4647 1045 4699 Duo
1074 4643 1217 4698 Reh.
1250 4639 1436 4698 αὐτοῦ.

537 4714 653 4783 (32)
684 4716 931 4787 Τοιοῦτο.
964 4715 1056 4771 Sic
1085 4731 1231 4787 mss.
1266 4714 1413 4769 Edit.
1445 4731 1601 4787 vero,
1629 4717 1892 4787 τοιοῦτον.

693 4786 832 4861 ΤῶνΔ
867 4785 925 4841 ἐκ
967 4785 1248 4861 γειτόνων.
1299 4790 1461 4843 Pass.
1513 4785 1590 4843 et'
1617 4786 1809 4844 Schol.
1862 4787 2114 4844 Montac.

464 4855 585 4933 τῶν
605 4855 656 4933 ἐν
685 4856 960 4933 γειτιξνων.

540 4930 651 5001 (34)
684 4923 947 5001 ’Ἀσεϐείφ
982 4934 1066 4987 Ita
1095 4930 1257 5001 Pass.
1290 4929 1506 5001 aliique
1537 4930 1787 5000 codices,
1819 4934 1876 4987 et
1906 4945 2117 4987 sensus

467 4995 745 5075 postulat.
776 4995 926 5058 Editi
959 5008 1177 5059 autem.
1212 4995 1543 5075 accessa...
1593 4995 1829 5075 pietate,
1884 5025 1912 5053 »
1961 5003 2116 5075 quod

468 5073 703 5148 tolerari
737 5078 983 5148 poterat,
1015 5076 1065 5132 si
1113 5075 1364 5143 abesset,
1415 5073 1670 5148 μάλιστα,
1715 5076 1852 5148 quia
1892 5075 1953 5131 in
1980 5073 2114 5129 lim-

471 5146 701 5218 piorum
736 5146 924 5218 ruina,
956 5148 1041 5203 vel
1076 5148 1341 5220 piissimo
1372 5146 1583 5221 cuique
1609 5146 1799 5204 vicino
1849 5152 2117 5203 metuen-

472 5217 611 5271 dum
647 5235 794 5277 esse.
830 5219 1099 5277 nrobant.
1130 5220 1563 5277 Sodomitarum
1608 5224 1665 5276 et
1688 5219 1981 5276 "Abironis
2028 5235 2119 5277 ne-

474 5236 611 5271 uum
647 5236 794 5287 esse,
829 5236 1099 5291 pronam,
1130 5236 1563 5277 boaomitarum
1608 5236 1665 5276 et
1688 5236 1981 5276 'Anironis
2025 5236 2116 5344 pe-

474 5290 772 5364 reuntium
805 5292 1088 5364 exempla,
1151 5296 1209 5346 et
1247 5293 1524 5349 adhibitae
1580 5293 1825 5348 tum‘ah
1873 5307 2021 5363 ange
2047 5290 2116 5359 is,

476 5366 598 5417 tum
633 5382 665 5418 a
693 5363 889 5436 Moyse
920 5363 1240 5436 cautiones.

547 5435 658 5505 (35)
687 5434 807 5494 Ὡς.⁷
834 5437 990 5491 Pass.
1022 5434 1179 5490 ὥστε.

557 5503 670 5577 (36)
699 5505 844 5580 Πρός
876 5508 1035 5580 Pass.
1070 5503 1429 5580 aliique,__cl<.

549 5575 664 5654 (3ῖρ
689 5575 1027 5654 :é'wﬁp._l\_dale
1052 5575 1273 5654 Aldzjet
1301 5577 1468 5634 Herv.
1504 5575 1659 5650 ἀνήρ,
1696 5599 1725 5626 ››
1753 5575 1860 5631 vir.
1897 5596 1925 5625 »

689 5644 829 5707 Ἔτι.
865 5650 1040 5707 Mont.
1074 5648 1151 5711 εἷς
1172 5644 1270 5705 ἔτι.

550 5723 643 5796 (39
696 5721 1223 5796 Κατασημανθιίσας.

548 5716 665 5799 (39)
696 5721 1223 5798 Κατασημανθιίσας.
1269 5726 1427 5780 Pass.
1468 5716 1941 5795 ὶπισημανθείσας.

2142 4624 2188 4690 D

2213 3332 2532 3410 συμϐάντων
2590 3331 3037 3411 προσδραμόντας
3084 3337 3201 3396 τοῖς
3258 3334 3486 3409 ἱερεῦσιν
3549 3334 3735 3403 ἡμῶν,
3778 3329 3869 3384 καὶ

2208 3425 2395 3482 πολλὰ
2459 3421 2878 3494 καταδεηθὲντας
2954 3429 3053 3490 τῆς
3126 3444 3186 3478 τε
3243 3420 3565 3487 Ἐκκλησίας
3617 3422 3860 3497 γενεσθαι

2214 3515 2399 3590 μέρος,
2429 3515 2518 3568 καὶ
2554 3514 2829 3586 μυηθῆναι
2861 3514 2927 3567 τὰ
2952 3511 3258 3586 τελεώτερα
3301 3512 3432 3585 (43),
3464 3515 3542 3582 τῷ
3570 3511 3702 3583 ἱερῷ
3746 3512 3864 3583 (Hi)

2209 3601 2649 3679 ana-{vccﬂéwac
2710 3602 3064 3677 βαπτίσματι,
3123 3600 3211 3655 καὶ
3271 3598 3361 3655 διὰ
3412 3601 3501 3654 τὸν
3547 3594 3717 3677 φόϐον
3747 3602 3863 3670 (45)

2213 3689 2616 3771 ὤφεληθέντας.

2286 3874 2371 3933 Η’.
2410 3873 2546 3949 Εἶχε
2589 3872 2683 3947 μὲν
2716 3870 2812 3928 οῦν
2846 3870 2988 3928 οὕτω
3018 3874 3186 3926 ταῦτα
3210 3888 3223 3902 ο
3285 3870 3314 3923 ὁ
3355 3866 3434 3942 δὶ,
3465 3872 3582 3931 ταῖς
3613 3868 3748 3922 κατὰ
3784 3887 3871 3937 μιν

2214 3963 2343 4040 κρὸν
2400 3960 2613 4035 μανίαις
2659 3961 3195 4036 οἶστρηλατούμενος
3242 3959 3331 4013 καὶ
3381 3956 3725 4033 δονούμενος,
3787 3954 3873 4009 ἐπὶ

2216 4052 2344 4108 αὐτὸ
2372 4053 2434 4107 τὸ
2463 4050 2755 4128 κεφάλαιον
2790 4052 2995 4122 ἀπαντᾷ
3023 4054 3129 4106 τῶν
3183 4049 3375 4104 ἑαυτοῦ
3424 4049 3739 4125 συμφορῶν.
3785 4045 3875 4103 Ὧς

2216 4143 2316 4219 γὰρ
2348 4143 2483 4197 κατὰ
2511 4145 2634 4195 νοῦν
2683 4137 2833 4217 ἔχειν
2874 4140 3020 4212 αὖτῷ
3066 4140 3135 4195 τὰ
3176 4140 3511 4214 Χριστιανῶν
3568 4133 3727 4207 ᾤετο,
3787 4133 3878 4188 καὶ

2219 4230 2305 4293 οἷς
2336 4228 2445 4300 ἤδη
2508 4230 2864 4307 κατείργαστο
2916 4231 3050 4303 (46),
3099 4230 3160 4283 τὸ
3207 4228 3295 4282 καὶ
3335 4232 3438 4282 πᾶν
3485 4224 3695 4281 ἁλωτὸν
3746 4222 3876 4277 εἶναι

2223 4573 2265 4629 Ρ
2294 4501 2535 4629 (4οὲῖὧν
2570 4494 2784 4569 ἔξωθεν.
2819 4499 2909 4556 Sic
2943 4515 3157 4572 magno
3207 4511 3501 4555 consensu
3529 4511 3673 4552 mss.
3724 4492 3857 4548 Edit

2270 4591 2352 4629 ar.
2440 4592 2569 4626 νων.

2270 4591 2352 4629 αι’.
2386 4591 2569 4629 εενων.

2292 4574 2828 4716 (ᾖξένέίιλγραφίας.
2885 4642 3037 4716 Reg.
3108 4640 3210 4716 h‘u,
3280 4639 3440 4716 Cglb.
3499 4639 3565 4716 _3,
3609 4634 3766 4716 _A.1d.
3829 4641 3885 4716 et

2227 4704 2397 4772 Herv:
2427 4704 2655 4788 addunt
2674 4704 3086 4788 ἀμπεχόμενον.
3117 4704 3308 4788 Passa
3325 4711 3464 4783 Reg.
3499 4704 3570 4788 1,).
3598 4704 3880 4788 ἀμπισχό-

2230 4806 2408 4860 μενον.
2444 4788 2530 4843 Ita
2574 4780 2751 4843 etiam
2800 4780 3001 4843 camb.
3033 4783 3133 4857 qui
3168 4782 3359 4850 vertit,
3396 4780 3438 4834 ‹ἷ
3455 4780 3666 4852 majori
3695 4780 3882 4834 varie-

2226 4864 2346 4916 tate
2377 4860 2679 4916 amictum.
2715 4880 2743 4907 »

2298 4932 2412 5004 (42)
2444 4929 2530 5000 Ἐξ
2561 4928 2674 5004 tvo};
2712 4928 3079 5004 συνθήματος.
3108 4926 3307 5004 Οοζῐψ.
3365 4947 3387 4976 ι
3423 4923 3593 4997 quasi
3640 4937 3711 4979 ex
3762 4936 3879 4976 una

2226 4998 2471 5069 tessera,
2506 4998 2535 5074 ξ)
2563 5002 2678 5074 vel,
2714 5022 2742 5051 «
2772 4998 2941 5074 quasi
2970 5017 3035 5057 ex
3069 4998 3411 5074 cgndicto._»

2443 5064 2770 5149 Γελεῴτερα,
2790 5064 2891 5129 Ἰὶα
2919 5088 3064 5149 mss.
3096 5070 3270 5141 Editi,
3304 5064 3632 5149 τελειότερα,

2322 5076 2390 5130 43
2443 5075 2770 5147 Γελεώτερα.
2808 5075 2891 5129 Ita
2919 5088 3064 5129 mss.
3096 5075 3270 5141 Editi,
3304 5075 3632 5139 τελειότερα.

2298 5075 2410 5219 (44)
2477 5146 2646 5219 Ἱερῷ.
2714 5146 2806 5200 Sic
2875 5144 3104 5200 codices
3190 5156 3415 5198 omnes.
3505 5136 3655 5194 Edit.
3744 5134 3874 5190 Par.

2229 5216 2379 5288 θείῳ.

2444 5279 2884 5362 Διὰ-τὸνλφόϐἰον,
2939 5286 3097 5342 Pass.
3150 5280 3239 5362 διὰ
3284 5284 3391 5362 τῷν
3437 5274 3684 5362 «pagg-{iw
3745 5276 3880 5352 ὡφε-

2228 5352 2485 5434 ληθέντας
2514 5359 2589 5434 to;
2604 5359 2685 5434 μή
2707 5352 3023 5434 ’φοϐεῖσθαιι
3059 5352 3675 5434 «atqueidﬁtilimtis
3704 5365 3883 5434 exare:

2229 5421 2342 5489 bus
2372 5421 2650 5488 timendis
2675 5421 2999 5503 consecuti
3052 5432 3118 5503 ut
3160 5421 3307 5483 nihil
3346 5425 3651 5503 timerent.
3708 5444 3735 5471 »
3769 5421 3880 5503 sed

2228 5505 2351 5560 haec
2398 5521 2533 5575 non,
2560 5506 2889 5575 agnoscunt
2934 5500 3199 5575 plerique
3259 5497 3510 5565 codices,
3558 5510 3665 5553 nec
3711 5495 3885 5549 vertit

2232 5575 2457 5650 Billius.
2491 5570 2659 5650 Heli].
2694 5570 2781 5627 διὰ
2808 5576 2916 5650 τίὲν
2935 5570 3157 5650 ’φέοωῆη

2302 5647 2416 5718 (46)
2446 5644 2825 5721 Κατειργαστο.
2858 5636 3148 5721 Sic'Pass.
3179 5641 3490 5714 ceterique
3518 5653 3664 5695 mss.
3699 5636 3883 5695 Mont.

2232 5732 2367 5776 vero
2395 5715 2453 5776 et
2482 5715 2623 5776 edit.
2643 5715 2776 5779 Par.
2803 5715 3213 5794 κατειργάσατο.
