4202 6212
278 408 398 473 6⁵13
1281 406 1569 472 ORATIO
1614 410 1691 471 ν.
1725 442 1801 452 -
1832 409 1952 468 COl

2074 410 2145 467 ΚΑ
2190 407 2585 468 JULIANUM
2639 404 2713 465 ll.
3575 407 3697 475 674

279 544 569 613 θελήσαντι
622 540 786 614 μόνον
843 541 956 614 (47)
1013 538 1258 607 ἐλπίσας,
1316 538 1406 593 καί
1460 558 1576 594 τινα
1632 538 1765 593 κατά
1817 542 1924 592 τῶν

2075 539 2389 605 onfecerat,
2420 538 2478 591 in
2511 554 2639 593 eam
2686 555 2850 609 spem
2890 539 3179 595 adductus
3210 544 3317 609 est,
3352 542 3497 599 nihil
3547 561 3698 616 esse,

284 630 547 707 ἑσπερίων
599 625 884 705 βαρϐάρων
938 628 1227 704 εὐημερίαν
1293 629 1554 704 ἀρπάσας,
1621 627 1744 700 μίαν
1809 628 1935 702 βου-

286 720 499 775 Αεύεται
527 719 727 787 ταύτην
768 716 976 793 βουλὴν
1006 716 1376 787 συνετωτάτην
1404 739 1462 773 τε
1491 716 1580 772 καὶ
1628 716 1935 793 φιλανθρω-

284 811 548 876 ποτάτην.
584 810 745 883 Ἀρας
779 809 955 863 διττὸν
990 805 1197 863 ἐνθένδε
1226 805 1473 884 στρατὸν,
1521 807 1612 861 τὸν
1673 807 1765 879 μὲν
1824 808 1937 879 (48)

284 898 546 967 ὁπλιτῶν,
578 898 669 952 τὸν
704 896 761 952 δὲ
788 902 896 952 τῶν
925 896 1167 972 ἀγόντων
1225 896 1382 951 αὐτὸν
1426 894 1719 967 δαιμόνων,
1772 894 1817 966 ᾧ
1848 894 1936 947 καὶ

288 987 497 1062 μᾶλλον
533 986 649 1063 εἶχε
679 986 920 1063 θαρρεῖν,
962 985 1047 1041 ἐπὶ
1100 985 1306 1061 Πέρσας
1366 985 1661 1062 στρατεύει,
1713 985 1938 1058 θράσους

282 1077 478 1154 ἀλογίᾳ
512 1074 725 1149 μᾶλλον
832 1075 1027 1152 ῥώμης
1058 1073 1322 1151 ἀσφαλείᾳ
1352 1074 1638 1135 πιστεύσας
1665 1092 1677 1104 ·
1710 1074 1800 1127 καὶ
1825 1070 1939 1127 οὐδ’

280 1167 452 1222 ἐκεῖνο
486 1164 714 1222 συνιδεῖν
747 1162 994 1235 δυνηθεὶς
1038 1166 1066 1219 ὁ
1117 1166 1452 1241 σοφώτατος,
1491 1164 1573 1219 ὅτι
1624 1165 1818 1239 θάρσος
1848 1162 1937 1217 καὶ

279 1258 474 1331 θράσος
503 1258 638 1329 (49),
669 1254 764 1308 κᾶν
796 1254 841 1309 εἷ
870 1259 987 1316 τοῖς
1038 1253 1263 1326 ὀνόμασι
1314 1252 1630 1324 πλησιάζοι,
1682 1252 1937 1305 πλεῖστον

282 1343 548 1416 ἀλλήλων
580 1348 648 1418 τῇ
680 1341 905 1415 δυνάμει
938 1343 1293 1418 κεχώρισται,
1326 1340 1515 1418 ἀνδρίᾳ
1543 1362 1602 1395 τε
1650 1341 1714 1410 ἦν
1764 1341 1936 1418 φαμὲν

282 1436 369 1490 καὶ
405 1430 680 1508 ἀνανδρίᾳ.
708 1434 778 1487 Τὸ
813 1433 905 1505 μὲν
939 1432 1039 1508 γὰρ
1080 1431 1131 1486 ἐν
1181 1436 1295 1493 τοῖς
1344 1432 1675 1503 τολμητέοις
1724 1429 1938 1506 θαῤῥεῖν

286 1521 505 1599 ἀνδρίας
562 1521 723 1593 ἐστὶν,
781 1520 961 1596 ὣσπερ
1014 1520 1076 1574 τὸ
1141 1519 1381 1597 ὑφίεσθαι
1443 1517 1688 1581 δειλιας·
1760 1516 1824 1571 οὗ
1884 1515 1941 1572 δὲ

281 1612 488 1667 πλείων
519 1613 546 1667 ὁ
576 1608 842 1683 κίνδυνος,
871 1608 1039 1682 ὁμόσε
1071 1615 1275 1685 χωρεῖν
1302 1610 1391 1663 καὶ
1433 1608 1737 1678 ὠθίζεσθαι,
1797 1606 1941 1662 ἀλλά

286 1703 364 1775 μὴ
395 1700 737 1777 κατέχεσθαι,
766 1699 1016 1776 θράσους,
1069 1698 1250 1774 ὥσπερ
1297 1699 1361 1753 τὸ
1410 1698 1719 1774 ὑποχωρεῖν
1772 1698 1941 1774 ἀσφα-

284 1789 457 1852 λείας.
518 1790 617 1844 Καὶ
673 1788 735 1844 οὐ
792 1793 888 1843 τοῦ
942 1787 1107 1843 αὐτοῦ
1152 1786 1317 1863 λόγου
1366 1785 1542 1841 θετέον
1598 1786 1825 1863 φυλάξαι
1876 1785 1942 1839 τὰ

283 1875 436 1953 ὄντα,
487 1881 577 1935 καὶ
623 1883 731 1933 τῶν
764 1876 864 1932 οὐκ
892 1872 1063 1932 ὅντων
1094 1898 1145 1931 τι
1178 1872 1507 1951 προσλαϐεῖν
1536 1918 1548 1930 .
1583 1877 1645 1930 τὸ
1708 1875 1800 1948 μὲν
1837 1874 1940 1949 γὰρ

289 1968 527 2042 μάλιστα
573 1965 663 2023 καί
710 1972 927 2043 πρῶτον
976 1972 1095 2028 τοῖς
1126 1970 1247 2020 νοῦν
1294 1962 1483 2041 ἔχουσι
1532 1963 1792 2038 τιμητέον
1823 1983 1836 1996 ·
1882 1964 1943 2018 τὸ

286 2056 369 2127 δὲ,
420 2057 481 2112 ἂν
536 2058 628 2131 μὶν
680 2056 901 2134 ὑπάρχῃ
952 2055 1085 2129 μετά
1118 2054 1421 2131 ῥᾳστώνης,
1454 2052 1700 2109 δεκτὲον·
1768 2053 1825 2108 ἂν
1887 2051 1944 2107 δὲ

287 2146 597 2220 ἀντιπίπτῃ,
648 2144 991 2222 περιοπτέον.
1041 2145 1101 2201 ‘O
1153 2140 1209 2197 δὲ
1269 2143 1400 2219 ὑπὲρ
1444 2148 1541 2197 τοῦ
1565 2143 1861 2213 κτήσασθαί
1891 2164 1943 2197 τι

287 2242 395 2292 τῶν
449 2233 822 2308 ἐλπιζομένων
882 2240 1011 2288 πᾶσι
1068 2239 1186 2295 τοῖς
1245 2234 1552 2307 ὑπάρχουσι
1619 2230 1942 2287 κινδυνεύων

292 2326 416 2381 λίαν
449 2325 677 2396 ἀνόητος
709 2327 844 2397 (50).
880 2322 977 2378 Καί
1014 2344 1108 2397 μοι
1156 2324 1528 2399 προσεοικέναι
1580 2319 1727 2376 δοκεῖ
1774 2320 1948 2394 πύκτῃ

289 2420 443 2487 κακῷ
478 2416 577 2485 τὴν
608 2414 832 2490 τεχνην,
876 2413 1001 2488 πρὶν
1050 2414 1148 2481 τὴν
1201 2411 1378 2467 στάσιν
1442 2410 1497 2465 εὖ
1552 2412 1753 2484 θέσθαι,
1813 2432 1947 2487 προ-

291 2500 626 2579 ϐαλλομένῳ
651 2523 663 2535 ·
759 2496 1061 2578 κυϐερνήτῃ
1100 2500 1401 2574 λελυμένης
1450 2499 1596 2572 αὐτῴ
1646 2508 1748 2568 τῆς
1793 2502 1946 2572 νηὸς,

289 2592 380 2649 καὶ
414 2592 476 2647 οὐ
514 2592 773 2665 πλοῖμως
823 2592 936 2664 (51)
980 2588 1241 2665 ἐχούσης,
1285 2594 1411 2643 ναῦν
1461 2586 1784 2644 καυαδύοντι
1838 2591 1950 2661 (52)

289 2679 587 2755 πολεμίαν,
646 2681 681 2749 ἢ
726 2676 1006 2733 καταδύειν
1066 2675 1441 2732 ἐσπουδακότι.
1493 2678 1585 2730 Ὧν
1649 2697 1743 2750 μοι
1804 2673 1953 2730 δοκεῖ

295 2768 470 2844 μηδὲν
532 2770 735 2831 ἐκεῖνος
782 2766 1125 2841 ἐνθυμηθεὶς,
1205 2766 1475 2842 ἰγχειρεῖν
1544 2764 1952 2842 ἀπερισκέπτως

294 2866 415 2922 τοῖς
474 2857 850 2934 ἐγνωσμένοις,
928 2853 1004 2912 ἔτι
1079 2860 1187 2911 τῶν
1257 2857 1576 2930 Ῥωμαϊκῶν
1646 2852 1951 2909 ὠδινόντων

298 2949 451 3021 αὐτῷ
507 2950 645 3021 (53),
702 2948 791 3003 καὶ
841 2951 1018 3008 κακῶς
1065 2943 1419 3019 διακειμένων
1451 2949 1531 3017 τῷ
1562 2942 1795 3020 διωγμῷ
1854 2944 1956 3017 μά-

301 3039 486 3109 λιστα,
515 3038 615 3106 τὴν
644 3035 942 3113 ἀλλοτρίαν
988 3039 1283 3110 περινοῶν,
1323 3034 1412 3089 καὶ
1462 3031 1790 3107 Σαλμωνεὺς
1844 3035 1957 3107 (54)

303 3126 442 3183 εἷναί
472 3147 555 3189 τις
581 3125 638 3181 ἐκ
672 3124 876 3201 βύρσης
912 3126 1170 3199 βροντῶν,
1194 3122 1333 3199 πρὸς
1352 3122 1479 3185 τοὺς
1505 3121 1805 3196 Τραῖανοὺς
1832 3120 1959 3197 βλέ-

303 3239 425 3273 πων
459 3215 686 3277 ἒκείνους
735 3213 825 3269 καὶ
877 3214 1003 3275 τοὺς
1044 3210 1358 3289 Ἀδριανοὺς
1388 3214 1522 3286 (55),
1554 3212 1627 3266 ὧν
1660 3211 1766 3287 οὐχ
1797 3214 1957 3280 ἧττον

2047 629 2221 699 quod,
2245 628 2416 681 modo
2439 626 2628 696 vellet,
2656 627 2808 683 152
2844 645 3122 699 superare
3151 634 3207 685 et
3227 648 3560 704 expugnare
3581 655 3698 693 non

2048 720 2264 788 posset,
2299 732 2364 770 ac
2415 721 2691 786 praterea
2748 719 3010 789 prosperi
3060 720 3369 790 cujusdam
3423 724 3701 782 adversus

2047 805 2334 862 Occiduos
2366 806 2645 859 barbaros
2674 805 2861 860 bellici
2888 824 3196 863 successus
3219 812 3584 870 occasionem
3617 833 3704 872 ra-

2048 894 2234 968 piens,
2260 894 2367 949 hoc
2402 910 2585 948 unum
2610 894 2945 966 consilium,
2968 898 3500 967 prudentissimum
3522 903 3703 960 simul

2047 989 2103 1040 et
2134 983 2636 1039 humanissimum
2661 984 2835 1055 capit.
2868 985 3163 1056 Duplicem
3198 989 3353 1044 enim
3385 990 3522 1047 inde
3550 1010 3707 1049 exer-

2048 1074 2228 1129 citum
2246 1090 2506 1140 movens,
2524 1071 2774 1127 alterum
2796 1090 2849 1126 ni
2864 1074 3331 1142 ilitum,alterum
3350 1079 3702 1153 daemonum,

2051 1181 2084 1219 a
2111 1163 2331 1234 quibus
2377 1160 2727 1227 ducebatur,
2754 1166 2809 1216 et
2844 1164 2899 1215 in
2934 1164 3103 1233 cujus
3136 1182 3243 1236 ope
3272 1166 3461 1238 ipsius
3491 1171 3707 1227 fiducia

2048 1252 2239 1324 magis
2262 1251 2574 1319 nitebatur,
2591 1252 2877 1307 adversus
2899 1252 3109 1309 Persas
3130 1255 3554 1325 expeditionem
3583 1277 3712 1315 sus-

2050 1341 2209 1414 cipit,
2243 1339 2526 1413 praacipiti
2557 1341 2886 1397 temeritate
2934 1342 3129 1412 potius
3165 1360 3341 1414 quam
3370 1345 3583 1403 virium
3611 1350 3709 1403 ﬁr-

2051 1430 2255 1486 mitate
2285 1430 2468 1486 fretus
2503 1448 2515 1485 z
2550 1446 2615 1485 ac
2646 1447 2717 1485 ne
2769 1430 2914 1485 illud
2949 1432 3187 1502 quidem
3238 1435 3594 1505 perspiciens
3626 1438 3713 1492 vir

2050 1519 2549 1591 sapientissimus,
2585 1520 2858 1575 ﬁduciam
2904 1526 2958 1575 et
3006 1522 3334 1590 audaciam,
3359 1522 3494 1580 licet
3522 1526 3710 1581 nomi-

2052 1609 2143 1663 nis
2174 1608 2400 1664 ratione
2447 1608 2601 1663 inter
2631 1626 2693 1664 se
2719 1608 2920 1664 vicinas
2953 1610 3091 1677 sint,
3118 1612 3378 1683 potentia
3426 1618 3622 1671 tamen
3655 1621 3712 1672 et

2051 1696 2331 1754 facultate
2360 1697 2686 1770 plurimum
2725 1698 2877 1753 inter
2910 1716 2971 1753 se
3015 1699 3324 1757 distinctas
3354 1718 3505 1774 esse,
3538 1710 3595 1759 et
3625 1704 3710 1760 di-

2052 1792 2209 1843 stare
2239 1787 2371 1859 plus
2394 1805 2572 1860 quam
2597 1787 2876 1843 fortitudo
2907 1788 3088 1843 distat
3120 1789 3190 1844 ab
3226 1790 3711 1862 ignavia.Etenim

2051 1877 2110 1932 in
2142 1877 2316 1932 rebus
2357 1878 2558 1933 arduis
2607 1877 3005 1948 praefidentem
3039 1879 3304 1935 animum
3333 1897 3551 1954 gerere,
3588 1900 3709 1939 ma-

2053 1966 2461 2038 gnanimitatis
2484 1970 2601 2034 est;
2628 1967 3126 2038 quemadmodum
3146 1971 3711 2043 contra,periculum

2054 2056 2395 2121 detrectare,
2423 2054 2758 2109 timiditatis
2787 2060 2843 2110 et
2875 2055 3136 2127 ignaviae.
3162 2060 3233 2113 At
3266 2060 3363 2115 ubi
3399 2060 3533 2131 plus
3558 2063 3713 2134 peri-

2057 2143 2171 2200 culi
2204 2144 2493 2213 imminet,
2519 2148 2645 2199 tum
2679 2144 2907 2199 obviam
2940 2148 3269 2218 procedere,
3301 2166 3480 2221 seque
3508 2151 3569 2205 in
3601 2152 3717 2207 dis-

2057 2235 2278 2288 crimen
2310 2232 2641 2300 obtrudere,
2679 2249 2790 2287 non
2827 2238 3020 2289 autem
3054 2236 3370 2306 reprimere
3406 2256 3472 2293 ac
3503 2239 3712 2295 retine-

2058 2339 2141 2392 re,
2170 2322 2487 2377 temeritati
2515 2321 2825 2377 dicendum
2851 2328 2965 2389 est;
3001 2324 3501 2393 quemadmodum
3528 2344 3558 2382 ο
3581 2345 3715 2384 con-

2056 2411 2258 2478 trario,
2308 2412 2531 2479 cedere,
2564 2410 2821 2466 cautioni
2869 2416 2925 2467 et
2974 2413 3316 2483 prudentia.
3341 2415 3455 2471 Nec
3508 2418 3712 2473 eodem

2060 2499 2186 2555 loco
2218 2500 2556 2571 ponendum
2583 2504 2691 2568 est,
2718 2516 2785 2554 ea
2815 2517 2941 2571 quae
2973 2502 3208 2569 adsunt,
3231 2503 3402 2572 tueri,
3428 2509 3484 2560 et
3512 2522 3715 2562 eorum

2062 2606 2189 2661 qua:
2222 2606 2337 2644 non
2367 2588 2606 2660 habeas,
2638 2588 2861 2660 aliquid
2892 2589 3156 2662 adipisci.
3190 2591 3354 2648 Illius
3384 2595 3539 2651 enim
3572 2614 3720 2668 pras-

2062 2679 2238 2750 cipua
2267 2683 2323 2733 et
2352 2677 2632 2749 primaria
2662 2677 2808 2734 ratio
2839 2679 3096 2735 cordatis
3116 2680 3261 2736 viris
3293 2681 3564 2740 habenda
3592 2690 3718 2742 est:

2063 2768 2173 2823 hoc
2193 2784 2346 2835 vero,
2366 2767 2659 2839 siquidem
2682 2772 2809 2823 tuto
2836 2768 3121 2839 facileque
3144 2769 3338 2838 liceat,
3369 2773 3722 2846 amplecten-

2065 2858 2241 2926 dum;
2277 2856 2369 2913 sin
2401 2861 2597 2913 autem
2636 2856 2696 2912 in
2737 2858 3094 2914 contrarium
3129 2861 3315 2930 cedat,
3340 2866 3721 2922 contemnen-

2067 2946 2229 3001 dum.
2265 2946 2373 3010 Qui
2400 2962 2553 3015 vero,
2578 2951 2641 3000 ut
2680 2945 2901 3017 aliquid
2934 2963 3158 3018 eorum,
3184 2966 3311 3022 qua:
3360 2969 3463 3024 spe
3510 2971 3717 3012 conce-

2068 3035 2173 3107 pit,
2201 3038 2571 3105 assequatur,
2596 3036 2965 3092 fortunarum
2998 3038 3264 3095 omnium
3296 3058 3538 3099 suarum
3572 3048 3720 3117 peri-

2069 3122 2199 3179 culo
2230 3122 2489 3191 dimicat,
2519 3122 2577 3178 in
2609 3140 2823 3196 magna
2864 3125 3115 3182 stultitia
3143 3133 3430 3187 versatur.
3462 3138 3544 3188 Ac
3576 3136 3720 3192 mihi

2071 3211 2222 3268 malo
2244 3212 2427 3285 pugili
2448 3230 2563 3269 non
2588 3213 2896 3270 dissimilis
2912 3231 3041 3271 esse
3056 3216 3306 3286 videtur,
3322 3226 3504 3278 artem
3525 3239 3718 3296 suam,

304 3314 409 3376 τῆς
463 3302 708 3381 ἀνδρείας
764 3305 826 3358 τὸ
880 3301 1115 3382 ἀσφαλὲς
1159 3301 1511 3376 ἐθαυμάζετο.
1543 3302 1641 3356 Τὸν
1675 3301 1845 3376 Κάρον
1903 3299 1952 3355 δὲ

2074 3301 2416 3375 priusquam
2463 3303 2711 3375 gradum
2761 3309 2914 3360 recte
2962 3306 3169 3376 fixerit,
3217 3309 3580 3379 proferenti:
3622 3293 3725 3370 aut

306 3396 407 3449 οὐκ
442 3394 636 3450 ἐνενόει
668 3393 892 3464 ἐκεῖνον,
926 3389 1050 3447 οὐδὲ
1078 3390 1169 3446 τὸν
1195 3390 1557 3467 Οὐαλεριανὸν
1591 3388 1787 3463 (56),ο⁹ί
1811 3388 1962 3453 δίκας

304 3482 498 3539 ἔδοσαν
530 3483 708 3559 ὁρμῆς
740 3480 1057 3557 ἀλογίστου,
1085 3478 1160 3535 ’ἶν’
1192 3480 1221 3535 ὅ
1260 3502 1419 3559 φησιν
1453 3482 1487 3550 ἡ
1535 3477 1831 3556 τραγῳδία,
1882 3480 1958 3552 μή

306 3570 561 3641 ὀνειδίζω
611 3572 705 3634 τὰς
754 3571 944 3647 τύχας,
994 3570 1044 3625 ἐν
1100 3574 1315 3647 Περσῶν
1366 3571 1539 3645 ὃροις,
1595 3570 1644 3623 ἐν
1676 3570 1826 3643 ἀκμῇ
1859 3576 1958 3639 τῆς

304 3662 561 3737 εὐτυχίας
595 3661 997 3725 καταλυθέντες.

2071 3391 2467 3464 gubernatori,
2500 3392 2690 3448 soluta
2720 3409 2862 3449 nave
2892 3410 3019 3463 sua,
3055 3412 3160 3451 nec
3204 3398 3274 3452 ad
3322 3400 3721 3473 navigandum

2070 3480 2299 3549 idonea,
2333 3498 2539 3537 navem
2586 3481 2859 3537 hostilem
2904 3484 3279 3556 deprimenti,
3312 3493 3413 3545 aut
3442 3496 3595 3547 certe
3624 3494 3723 3549 de-

2071 3571 2324 3642 primere
2365 3571 2619 3627 conanti.
2653 3574 2910 3638 Quorum
2961 3572 3059 3631 ille
3112 3574 3292 3645 nihil,
3317 3582 3380 3633 ut
3410 3580 3557 3637 mihi
3589 3585 3724 3653 qui-

2070 3661 2201 3715 dem
2223 3659 2469 3729 videtur,
2494 3664 2796 3732 reputans,
2818 3661 3151 3719 inconsulte
3171 3681 3237 3720 ea
3260 3682 3389 3737 quas
3412 3674 3723 3742 statuerat,

304 3756 671 3828 aggreditur,
703 3756 878 3810 rebus
907 3753 1185 3810 Romanis
1216 3752 1406 3807 adhuc
1432 3751 1799 3820 exulceratis,
1833 3749 2103 3821 maleque
2138 3751 2463 3822 praesertim
2497 3752 2567 3805 ob
2598 3752 2907 3807 excitatam
2959 3754 3446 3829 persecutionem,
3478 3760 3727 3831 affectis,

307 3848 565 3903 alienam
600 3845 895 3919 regionem
930 3844 1228 3916 cogitans;
1262 3858 1328 3897 ac
1375 3840 1753 3897 Salmoneum
1804 3840 2139 3912 quemdam,
2172 3857 2202 3895 e
2244 3840 2399 3896 corio
2452 3845 2754 3896 tonantem
2804 3842 2972 3896 nobis
3015 3843 3290 3913 referens,
3322 3844 3729 3921 Trajanosque

309 3936 447 3992 illos
480 3941 537 3991 et
566 3936 850 3989 Adrianos
882 3934 995 3990 sibi
1027 3933 1098 3988 ob
1130 3931 1330 3989 oculos
1360 3947 1712 4003 proponens,
1746 3947 1994 4003 quorum
2028 3930 2225 3984 minus
2274 3930 2467 3984 cautio
2499 3934 2557 3984 et
2587 3931 2917 4001 prudentia,
2949 3948 3129 4002 quam
3168 3933 3350 3988 animi
3382 3939 3731 4009 magnitudo

311 4023 693 4080 admirationi
725 4038 852 4079 esse
882 4021 1126 4077 solebat.
1158 4024 1237 4076 Ac
1268 4021 1343 4087 ei,
1378 4037 1483 4076 nec
1511 4021 1640 4078 Cari
1680 4019 1836 4075 illius
1869 4019 1927 4075 in
1960 4022 2214 4073 mentem
2244 4018 2509 4073 veniebat
2539 4035 2687 4085 sors,
2716 4034 2821 4073 nec
2866 4018 3178 4088 Valeriani,
3212 4023 3309 4091 qui
3354 4023 3609 4097 impetus
3640 4029 3728 4085 in-

310 4112 569 4171 consulti
600 4129 801 4185 poenas
834 4111 1121 4167 dederunt
1150 4110 1265 4183 (ne,
1294 4111 1791 4181 quemadmodum
1823 4109 1903 4165 ait
1931 4110 2190 4180 tragicus
2219 4108 2352 4179 (57).
2384 4110 2634 4179 fortunas
2664 4108 3033 4180 exprobrem),
3063 4109 3125 4165 in
3164 4108 3475 4169 Persarum
3506 4115 3728 4175 finibus

313 4208 376 4261 in
410 4202 604 4259 medio
638 4200 931 4257 felicitatis
963 4216 1139 4256 cursu
1175 4200 1460 4272 oppressi.

387 4292 463 4347 Θ’.
521 4286 678 4344 Ἀλλ’
738 4287 827 4343 οὗν
870 4285 1018 4359 ἔδοξε
1086 4292 1272 4359 ταῦτα,
1348 4286 1438 4341 καὶ
1510 4294 1610 4357 τῆς
1674 4286 1851 4360 ὁρμῆς
1898 4285 1966 4355 ἦν

310 4386 489 4435 πᾶσαν
529 4377 781 4452 μαντείας
828 4377 918 4432 καὶ
960 4375 1231 4453 γοητείας,
1285 4375 1457 4453 ῥητῆς
1503 4396 1562 4431 τε
1612 4377 1699 4430 καὶ
1728 4375 1970 4452 ἀρρήτου

391 4563 505 4634 (47)
568 4557 765 4634 Μόνον.
836 4558 1044 4634 Plures
1086 4558 1315 4634 codices
1372 4554 1734 4634 habent,_06
1784 4553 1970 4634 μόνον.

317 4627 498 4761 Pass;
559 4632 632 4705 oi,
709 4634 850 4705 Reg.
909 4631 948 4701 1,
1000 4630 1073 4703 oi,
1125 4633 1341 4687 forsam
1408 4648 1533 4703 pro,
1593 4628 1679 4701 οὗ,
1728 4627 1839 4701 vel,
1898 4627 1970 4700 οῖ,

326 4726 349 4756 ε
383 4723 433 4761 81
481 4722 519 4761 Ῑ.
555 4727 583 4754 ))

326 4726 349 4756 α
383 4722 519 4763 SlDl.
555 4727 583 4754 ))

325 4778 509 4902 δέ(48)
538 4776 637 4829 Τὸν
672 4773 784 4848 μὲν,
844 4778 951 4832 etc.
1000 4774 1097 4833 ΟΡ.
1148 4775 1200 4843 1,
1247 4774 1432 4831 Mont.
1481 4775 1588 4826 τῶν
1649 4771 1814 4844 μὲν...
1864 4774 1970 4825 τῶν

396 4917 509 4991 (49)
540 4915 773 4993 Θάρσοςμ
792 4915 880 4971 καὶ
914 4916 1128 4993 θράσοςε
1177 4913 1475 4993 «fiducia
1503 4920 1559 4972 et
1590 4915 1836 4993 audacia
1884 4931 1975 4971 so-

321 4987 413 5047 ῃο
432 4987 641 5063 parum
664 4987 959 5059 differunt,
994 5004 1052 5044 at
1079 4987 1503 5061 signiﬁcatione
1536 4988 1809 5069 multum.
1849 5010 1876 5037 »

397 5062 515 5134 (50)
540 5062 828 5134 Ἀνοῃτοςι
852 5062 992 5133 Reg.
1026 5068 1297 5134 quatuor,
1329 5059 1490 5115 Colb.
1524 5060 1743 5134 k,_Bill.
1807 5056 1901 5134 ἆνύ

604 5081 815 5129 νοητος.
853 5076 992 5129 ueg.
1026 5076 1297 5129 quatuor,
1329 5076 1490 5115 uom.
1525 5076 1584 5129 ις,
1616 5076 1743 5115 um.
1807 5076 1977 5127 ανοη-

397 5062 509 5153 (50)
540 5062 815 5129 Ἀνοτιτος.
852 5062 992 5146 Reg.
1026 5068 1297 5131 quatuor,
1329 5062 1490 5143 quib.
1524 5062 1584 5130 ις,
1616 5062 1743 5115 Bill.
1807 5062 1975 5141 ἀνύη-

318 5152 439 5201 m"
502 5128 613 5194 (σος
662 5152 752 5204 μοι
809 5129 981 5186 δοκων
1026 5130 1201 5205 πύκτῃ
1248 5150 1418 5200 κακῳ,
1452 5132 1975 5205 e_tc.dereus_1t&

322 5208 484 5261 hunc
514 5200 708 5277 locum
737 5205 915 5277 legit:
951 5202 1047 5256 Καί
1083 5200 1186 5277 ,μοι
1213 5202 1585 5277 προσεοικέναι
1620 5200 1974 5277 δοκγεῖλπύκτῃ

322 5298 382 5330 τε
410 5280 564 5347 κακῷ
610 5276 709 5347 τήν
740 5272 961 5347 τεχνην,
1010 5272 1121 5341 καῖ,
1165 5272 1290 5347 πρὶν
1322 5275 1420 5347 τὴν
1456 5272 1633 5347 στάσιν
1667 5274 1724 5327 εὖ
1771 5272 1970 5347 θέσθαι,

322 5298 382 5330 τε
410 5297 564 5347 κακῳ
610 5296 709 5342 την
740 5296 818 5330 τε*
844 5297 961 5346 νην,
1010 5296 1121 5341 και,
1165 5296 1290 5347 πριν
1322 5296 1420 5343 την
1456 5296 1633 5327 στασιν
1667 5296 1724 5327 ἐυ
1771 5296 1970 5343 υεσυαι,

322 5342 789 5427 προϐαλλομένῳ.
808 5296 989 5427 δορᾷ
1022 5347 1115 5427 sic
1135 5347 1363 5427 reddit:
1407 5346 1665 5427 Mihique
1692 5345 1977 5427 assimilis

325 5418 458 5502 esse
506 5418 970 5502 videtu-rnpugili
1010 5419 1152 5502 artis
1207 5419 1437 5502 ignaro,
1485 5418 1585 5488 qui
1635 5418 1980 5502 priusquam

327 5498 553 5550 statum
602 5488 1064 5563 stabilito—pede
1115 5488 1466 5563 composuit,
1512 5504 1741 5560 pugnos
1788 5489 1845 5542 in
1880 5488 1979 5542 ad-

326 5564 659 5620 versarium
691 5563 963 5620 intendit.
996 5585 1023 5613 ››

404 5634 624 5706 (51)ΙΟὐ
655 5632 934 5708 πλᾳοίμως.
969 5635 1203 5708 Beg._a,
1238 5630 1336 5685 οὐκ
1365 5626 1703 5708 εὐπλοίμως.

406 5702 521 5778 (52)
574 5702 924 5778 Καταδύοντι.
976 5702 1082 5763 Ιιεῐ
1110 5704 1270 5763 Pass.
1312 5703 1546 5776 aliique
1572 5702 1819 5777 plures;
1883 5702 1982 5761 alii

335 5793 473 5837 vero
502 5776 852 5835 καταδύνοντι
864 5820 875 5836 .

2150 4286 2302 4343 153
2335 4285 2425 4341 IX.
2458 4284 2677 4341 Verum
2722 4286 2841 4343 haec
2888 4287 3075 4359 ipsius
3125 4289 3321 4347 animo
3368 4290 3732 4365 insederant,

2076 4380 2350 4448 totusque
2381 4376 2440 4430 in
2470 4392 2599 4432 eam
2636 4377 3062 4448 expeditionem
3106 4380 3418 4453 ferebatur,
3452 4385 3613 4441 omni
3644 4385 3733 4439 di-

2154 4556 2268 4637 (ὃᾷ)
2307 4549 2647 4637 Ὠδινᾴντων.
2674 4556 2934 4637 “Bud._«_
2967 4560 3228 4637 nondum
3277 4561 3499 4637 pacatis
3557 4564 3733 4637 rebus

2083 4626 2262 4709 domi,
2294 4649 2327 4708 ξ)
2382 4626 2496 4709 vel,
2541 4649 2570 4677 «
2622 4627 2815 4685 adhuc
2860 4626 3297 4702 laborantibus;
3322 4633 3552 4708 sibique
3579 4635 3737 4692 velut

2082 4699 2567 4771 parturientibus.
2586 4718 2626 4771 _s

2151 4770 2263 4842 (54)
2297 4767 2656 4853 Σταλμῳνεύςε
2687 4770 3056 4853 salmoneus,
3108 4776 3261 4847 apud
3294 4782 3515 4848 poetas,
3548 4774 3732 4834 Elidis

2082 4859 2203 4911 rex,
2237 4844 2337 4919 qui
2370 4849 2436 4899 ut
2467 4844 2612 4919 deus
2643 4842 2975 4919 haberetur,
3010 4842 3187 4918 super
3216 4842 3388 4919 ponte
3417 4842 3563 4906 aereo
3597 4867 3737 4905 cur-

2083 4930 2214 4997 rum
2241 4914 2744 4997 agitansfulfmine
2767 4914 3052 4997 armatus,
3084 4914 3496 4997 fulminantem
3529 4921 3735 4997 Jovem

2092 4986 2312 5060 imitari
2343 4986 2544 5060 voluit.
2580 4987 2689 5060 Sed
2730 5004 2863 5042 eum
2891 4988 3118 5060 Jupiter
3146 4992 3217 5046 ad
3246 4992 3461 5048 inferos
3492 4992 3736 5049 fulmine

2085 5058 2354 5114 detrusit.
2388 5058 2531 5113 Vide
2549 5058 2744 5131 _Virg.,
2776 5058 3004 5131 (Enetd.
3036 5079 3113 5131 v1,
3144 5079 3292 5119 vers.
3323 5065 3448 5120 585.

2295 5126 2794 5211 :rpa'l'avgéGu-viﬁa‘g
2838 5129 2965 5191 τοὺς
3012 5128 3352 5211 ,Ἀδριανού-ς.
3387 5160 3415 5186 ‹‹
3452 5136 3736 5211 Trajanus

2086 5204 2143 5257 et
2170 5201 2461 5279 Adrianus
2493 5201 2739 5279 Romani
2780 5201 3181 5279 imperatores,
3217 5206 3335 5279 qui,
3374 5230 3396 5259 ι
3450 5213 3514 5262 ut
3544 5201 3735 5279 loqui-

2086 5279 2184 5329 tur
2214 5272 2399 5350 Elias,_
2420 5296 2445 5323 ‹‹
2481 5274 2550 5350 ad
2582 5272 3007 5350 fortitudinem,
3051 5272 3349 5349 animique
3372 5272 3729 5350 magnitudi-

2088 5345 2575 5420 nemgprudentize
2609 5346 3104 5420 quoqueglaudem
3149 5345 3562 5420 adiunxerunt.
3600 5375 3627 5400 η

2328 5416 2426 5469 Τὸν
2492 5414 2764 5503 ,Κάρονηιί
2805 5416 2893 5469 τὸν
2921 5414 3359 5503 ῃΟὐαλεριᾶνόν.
3418 5422 3617 5503 .Carus
3683 5428 3740 5480 ct

2090 5487 2430 5559 Valerianus
2488 5488 2871 5559 imperatores
2921 5487 3188 5559 Romani,
3241 5509 3376 5549 cum
3413 5493 3474 5549 in
3506 5511 3741 5550 summa

2092 5558 2366 5637 felicitate
2396 5558 2787 5637 versarentur,
2816 5559 3013 5617 stolidi
3046 5580 3111 5618 ac
3140 5558 3434 5637 temerarii
3486 5565 3740 5637 impetus

2092 5647 2293 5757 ἔαῖορε
2324 5632 2629 5702 dederunt,
2662 5632 2720 5687 in
2754 5631 3063 5690 Persarum
3096 5636 3311 5692 linibus
3360 5631 3621 5708 oppressi
3670 5652 3738 5694 ac

2133 5718 2163 5757 e
2187 5718 2217 5757 e
2248 5719 2285 5757 ι.
3708 5730 3709 5733 η

2133 5718 2261 5757 θιοιι
2272 5744 2285 5757 .
3708 5730 3709 5733 η

2165 5774 2273 5845 (57)
2310 5773 2611 5846 Euripides
2641 5773 2700 5830 in
2730 5776 2947 5831 Oreste.
