4202 6212
490 379 609 442 675

1731 369 1793 429 S.
1842 366 2214 430 GREGORH
2260 362 2654 427 THEOLOGI

3776 370 3890 436 676

488 510 803 570 vinationis
824 510 879 564 et
900 500 1347 579 praestigiarum,
1361 502 1859 574 dicendorumque
1874 504 1930 558 et
1946 506 2127 557 tacen-

2250 497 2432 562 θυσίας
2457 494 2731 573 τερατείαν
2773 496 2851 559 είς
2893 494 2947 552 ἓν
2998 495 3236 574 ἄγαγὼν,
3280 498 3353 553 ‘iv‘
3400 500 3450 555 έν
3507 502 3705 579 βραχεῖ
3755 513 3891 561 πᾶσα

490 603 699 659 dorum
746 596 1165 655 sacrificiorum
1200 596 1538 666 portentosa
1578 593 1830 647 vanitate
1862 591 1918 645 in
1953 607 2138 646 unum

488 692 745 757 collecta,
780 690 844 742 ut
885 689 1009 741 tota
1048 700 1113 739 ea
1145 683 1367 739 scilicet
1413 682 1572 737 brevi
1622 680 1927 737 deleretur.
1962 684 2137 735 Porro

484 780 676 837 votiva
723 776 978 843 victima,
1003 790 1179 846 quam
1232 787 1447 843 magna
1497 786 1790 843 quamque
1840 768 2071 839 eximia,
2105 784 2137 823 ο

485 868 736 935 Christe,
760 868 816 921 et
832 864 1111 928 Verbum,
1135 868 1193 918 et
1220 859 1568 933 impatibilis
1590 859 1903 931 passionis,
1928 858 2136 914 totius-

485 973 598 1029 que
638 955 797 1011 orbis
855 950 1235 1025 mysterium!
1288 950 1619 1005 universam
1665 947 2136 1003 Christianorum

484 1049 718 1119 gentem
774 1042 1140 1098 daemonibus
1197 1038 1507 1110 subjicere,
1541 1037 1589 1092 si
1622 1038 1795 1093 modo
1855 1034 2138 1109 propositi

484 1150 721 1207 compos
753 1131 1042 1189 existeret.
1067 1131 1145 1184 Ac
1167 1132 1413 1184 conatus
1437 1126 1676 1199 quidem
1710 1125 1897 1198 ipsius
1920 1124 2135 1197 princi-

483 1224 580 1296 pia
608 1236 890 1294 perquam
924 1223 1183 1285 strenua,
1206 1221 1264 1272 et
1302 1232 1429 1288 quis
1475 1214 1770 1287 plerisque
1798 1230 2001 1269 eorum
2035 1212 2135 1287 qui

481 1312 669 1385 ipsius
687 1309 951 1382 partibus
972 1304 1469 1377 student,magnis
1482 1304 1723 1359 vocibus
1740 1303 2132 1371 celebrantur,

484 1405 624 1458 sunt
651 1397 1011 1471 hujusmodi.
1031 1396 1176 1452 Nam
1205 1411 1339 1450 cum
1370 1398 1552 1450 totam
1577 1410 1706 1449 eam
1732 1392 1976 1466 Assyriae
2010 1408 2137 1464 par-

482 1494 625 1559 tem,
644 1503 821 1559 quam
854 1484 1128 1558 perluens
1146 1483 1474 1555 Euphrates
1498 1498 1562 1538 ac
1583 1481 1881 1538 Persidem
1909 1485 2137 1554 prseter-

481 1577 706 1647 labens,
724 1574 844 1630 illic
866 1590 1001 1630 cum
1018 1572 1256 1645 Tigride
1279 1571 1581 1640 miscetur,
1598 1571 1849 1643 cepisset
1865 1574 1921 1626 et
1941 1587 2137 1640 perva-

481 1670 720 1735 stasset,
754 1662 1154 1734 nonnullaque
1183 1659 1422 1717 castella
1451 1660 1610 1716 omni
1641 1659 1911 1732 praesidio
1952 1660 2136 1716 desti-

480 1758 609 1813 tuta
633 1752 938 1820 diruisset;
972 1750 1091 1807 sive
1121 1750 1275 1822 quod
1308 1749 1515 1805 Persas
1543 1748 1902 1804 incursionis
1931 1747 2133 1804 celeri-

479 1849 597 1901 tate
627 1842 945 1913 fefellisset,
979 1841 1100 1897 sive
1130 1840 1282 1913 quod
1315 1840 1387 1897 ab
1427 1839 1502 1895 iis
1550 1839 1817 1895 consulto
1847 1840 1931 1895 ita
1959 1839 2130 1895 duce-

480 1937 660 2002 retur,
693 1931 1033 2004 sensimque
1063 1931 1133 1986 ad
1169 1928 1416 1985 ulterius
1460 1928 1889 2000 procedendum
1934 1925 2131 1984 allice-

479 2026 643 2079 retur
689 2021 1031 2094 (utrumque
1078 2019 1233 2075 enim
1282 2017 1540 2091 dicitur),
1573 2019 1652 2073 ita
1702 2018 1943 2072 demum
1992 2034 2132 2090 pro-

477 2128 740 2184 gressus,
763 2114 937 2183 atque
966 2109 1219 2167 exercitu
1252 2125 1285 2163 a
1311 2106 1491 2163 latere
1522 2107 1941 2178 proﬁciscente,
1974 2106 2132 2161 navi-

476 2201 707 2273 busque
737 2201 1096 2255 frumentum
1128 2201 1185 2253 et
1226 2213 1366 2253 vasa
1397 2213 1499 2269 per
1529 2194 1769 2251 ﬂuvium
1802 2194 2129 2250 convehen-

475 2289 658 2360 tibus,
695 2288 900 2362 paucis
948 2286 1271 2358 interjectis
1316 2285 1525 2341 diebus
1573 2285 1646 2340 ad
1693 2284 2127 2355 Ctesiphontem

2247 585 2549 660 καταλυθῇ.
2603 586 2701 640 Καὶ
2744 585 2805 640 τὸ
2852 584 3206 662 καλλιέρημα
3254 590 3329 642 ὡς
3401 589 3534 667 μέγα
3584 590 3675 647 καῖ
3732 594 3889 668 ὑπερ-

2248 677 2397 753 φυὶς,
2431 676 2475 729 ὧ
2522 676 2737 751 Χριστὶ,
2781 674 2871 730 καὶ
2920 674 3081 749 Λόγε,
3122 676 3210 731 καὶ
3268 680 3410 749 πάθη
3608 686 3704 736 τοῦ
3757 684 3889 739 ἀπα-

2247 766 2393 836 θοῦς,
2443 765 2532 819 καὶ
2576 764 2784 838 κόσμου
2833 763 3030 827 παντὸς
3081 769 3376 841 μυστήριον
3430 770 3592 842 (59)!
3646 770 3777 827 ὅλον
3832 776 3890 828 τὸ

2246 858 2578 930 Χριστιανῶν
2628 854 2785 930 γένος
2830 857 3161 929 παραστῆναι
3208 862 3323 917 τοῖς
3374 854 3646 930 δαίμοσιν,
3706 861 3751 914 εἰ
3797 868 3891 918 τοῦ

2248 944 2609 1019 προκειμένου
2654 945 2960 1020 κρατήσειε.
3008 944 3082 997 Τὰ
3134 945 3227 1016 μὲν
3278 943 3373 998 οὖν
3416 952 3609 1023 πρῶτα
3654 956 3754 1019 τῆς
3804 950 3889 1027 ἐγ-

2248 1035 2553 1108 χειρήσεως
2602 1030 2769 1104 αὐτῷ,
2817 1033 2905 1086 καὶ
2956 1032 3074 1087 λίαν
3123 1036 3359 1106 νεανικὰ,
3401 1038 3491 1091 καὶ
3518 1036 3755 1101 πολλοῖς
3784 1045 3888 1094 τῶν

2243 1122 2311 1176 τὰ
2338 1120 2541 1176 ἐκείνου
2590 1121 2931 1200 φρονούντων
2982 1117 3361 1198 περιϐοώμενα
3402 1130 3589 1183 ταῦτα.
3637 1130 3743 1197 Τὴν
3792 1131 3888 1205 γὰρ

2243 1214 2351 1265 τῶν
2399 1210 2695 1286 Ἀσσυρίων
2743 1210 2875 1280 ὅσην
2926 1208 3186 1289 διαρρέων
3237 1214 3265 1267 ὁ
3317 1213 3624 1293 Εὐφράτης,
3654 1218 3743 1271 καὶ
3792 1220 3889 1287 τὴν

2245 1297 2480 1376 Περσίδα
2527 1294 3024 1374 παραμειϐόμενος,
3085 1300 3254 1357 ἐκεῖσε
3299 1308 3378 1375 τῷ
3425 1303 3635 1381 Τίγριδι
3698 1307 3890 1383 μίγνυ-

2241 1410 2351 1457 ται,
2406 1389 2607 1459 ταύτην
2637 1388 2775 1445 ἑλὼν
2803 1390 2891 1444 καὶ
2922 1392 3125 1463 τεμὼν,
3156 1392 3246 1446 καί
3292 1414 3412 1448 τινα
3462 1400 3569 1448 τῶν
3619 1397 3890 1473 φρουρίων

2244 1476 2439 1549 ἐξελὼν
2482 1478 2617 1533 κατὰ
2668 1476 2885 1548 πολλὴν
2933 1483 3030 1534 τοῖ’)
3076 1480 3427 1545 κωλύσοντος
3640 1485 3892 1559 ἐρημίαν,

2245 1566 2339 1622 εἴτ’
2387 1568 2479 1622 οὗν
2530 1566 2709 1623 λαθὼν
2761 1565 2850 1622 διὰ
2896 1567 2959 1623 τὸ
3004 1571 3104 1637 τῆς
3146 1569 3342 1648 ἐφόδου
3388 1574 3582 1649 τάχος,
3632 1572 3739 1629 εἴτε
3793 1576 3893 1630 ὑπὸ

2242 1661 2461 1734 Περσῶν
2491 1656 2635 1711 οὕτω
2666 1656 3138 1733 στρατηγούμενος
3187 1660 3323 1733 (61),
3381 1661 3471 1715 καὶ
3519 1664 3655 1718 κατᾶ
3701 1666 3890 1740 μικρὸν

2245 1746 2588 1824 ὑπαγόμενος
2666 1746 2741 1809 εἷς
2824 1744 3199 1824 τοῦμπροσθεν
3279 1752 3393 1822 (62)
3482 1751 3715 1829 (λέγεται
3790 1755 3889 1829 γὰρ

2241 1834 2565 1915 ἀμφότερα),
2611 1834 2754 1891 οὕτω
2802 1840 2929 1912 γοῦν
2979 1839 3211 1914 προῖὼν,
3253 1839 3342 1893 καὶ
3369 1844 3449 1911 τῷ
3478 1845 3689 1917 στρατῷ
3716 1863 3888 1917 παρα-

2239 1928 2613 2002 πορευομένῳ,
2663 1926 2753 1980 καὶ
2800 1930 2920 1989 ταῖς
2966 1925 3118 1981 ναυσὶ
3178 1924 3267 1982 διὰ
3311 1932 3407 1983 τοῦ
3456 1936 3706 2005 ποταμοῦ
3737 1952 3889 2002 σιτη-

2238 2014 2461 2091 γούσαις
2510 2018 2621 2089 (63)
2668 2036 2727 2069 τε
2765 2015 2853 2070 καὶ
2905 2015 3397 2093 σκευαγωγοόσαις,
3431 2018 3493 2073 οὐ
3530 2021 3719 2097 μικρὸν
3751 2024 3888 2095 (64),

2236 2106 2299 2159 τὸ
2358 2104 2409 2159 ἐν
2474 2104 2640 2178 μέσῳ,
2695 2104 2784 2159 καὶ
2835 2106 3183 2183 Κτησιφῶντι
3245 2103 3625 2182 προσϐάλλει’
3676 2113 3743 2178 ἧς
3800 2111 3889 2164 καὶ

2236 2195 2298 2249 τὸ
2327 2194 2561 2264 πλησίον
2606 2196 2847 2270 γενέσθαι
2888 2193 3043 2265 νίκης
3101 2198 3265 2273 μέρος
3309 2197 3455 2269 αὐτῷ
3487 2196 3575 2253 διὰ
3601 2201 3691 2254 τὸν
3725 2200 3889 2264 πόθον

2238 2284 2538 2356 ἐνομίζετο.

472 2382 667 2435 castra
695 2377 889 2449 ponit;
922 2376 1096 2448 cujus
1139 2373 1303 2431 urbis
1334 2378 1498 2429 tanto
1533 2372 1820 2429 desiderio
1850 2373 2156 2429 tenebatur
2183 2377 2247 2429 ut
2275 2374 2363 2429 vel
2414 2375 2487 2430 ad
2536 2391 2663 2429 eam
2712 2374 2953 2447 propius
3001 2374 3343 2443 accessisse,
3376 2377 3630 2434 victoria:
3660 2384 3889 2452 partem

474 2467 856 2524 existimaret.

545 2558 610 2613 X.
642 2556 789 2613 Hinc
806 2572 940 2611 vero
962 2554 1113 2626 jam,
1139 2553 1297 2609 velut
1326 2568 1501 2609 arena
1532 2551 1781 2624 pedibus
1810 2551 2131 2619 subtracta,

476 2650 577 2702 aut
606 2648 955 2718 tempestate
974 2643 1034 2699 in
1058 2660 1265 2699 navem
1287 2641 1461 2710 illisa,
1493 2657 1583 2697 res
1604 2640 1717 2712 ipsi
1744 2644 1895 2696 retro
1918 2641 2129 2696 ﬂuunt.

475 2735 788 2808 Ctesiphon
819 2734 976 2790 enim
1009 2750 1111 2789 arx
1140 2733 1308 2787 ﬁrma
1338 2735 1447 2800 est,
1474 2734 1767 2802 captuque
1797 2730 1954 2785 haud
1989 2729 2132 2785 faci-

474 2825 570 2895 lis,
597 2824 783 2880 muris
819 2828 981 2880 cocto
1008 2823 1185 2878 latere
1217 2821 1488 2890 conditis,
1512 2826 1569 2875 et
1605 2819 1724 2875 alta
1755 2820 1930 2887 fossa,
1964 2818 2131 2890 palu-

474 2916 701 2987 strique
721 2931 787 2970 ac
808 2913 1020 2969 limoso
1045 2928 1217 2968 amne
1240 2910 1622 2967 communita.
1647 2910 1806 2964 Hanc
1835 2926 2005 2981 porro
2028 2926 2130 2964 arx

476 3019 713 3078 quoque
743 3003 922 3059 altera
961 3000 1279 3057 ﬁrmiorem
1310 2999 1520 3070 reddit,
1552 2998 1779 3055 Cochen
1810 2998 2125 3071 appellant,

475 3093 599 3167 pari
634 3097 750 3148 tam
783 3095 1007 3147 natura
1046 3106 1223 3161 quam
1278 3087 1420 3144 artis
1470 3088 1737 3160 praesidio
1769 3091 2125 3155 constructa,

2313 2552 2369 2606 I'.
2417 2554 2685 2614 Ἐντεῦθεν
2730 2547 2787 2604 δὲ
2834 2547 2967 2623 ἤδη,
3018 2549 3197 2628 ὥσπερ
3246 2553 3474 2626 ψάμμου
3532 2552 3715 2610 ποδῶν
3765 2557 3894 2611 ὑπο-

2242 2640 2591 2712 σπασθείσης,
2650 2641 2684 2709 ἣ
2731 2638 2824 2710 νηί
2879 2638 3048 2711 ζάλης
3095 2640 3505 2713 ἀντιπεσούσης,
3538 2645 3615 2706 εἷς
3642 2645 3888 2701 τούπίσω

2239 2736 2416 2804 χωρεῖ
2469 2729 2535 2784 τὰ
2593 2731 2900 2805 πράγματα.
2972 2731 3038 2786 Ἡ
3108 2731 3210 2807 γὰρ
3278 2736 3563 2811 Κτησιφῶν
3629 2735 3885 2812 φρούριόν

2239 2818 2347 2874 ἐστι
2396 2820 2650 2895 καρτερὸν
2701 2819 2789 2873 καὶ
2841 2816 3178 2889 δυσάλωτον,
3226 2821 3397 2897 τείχει
3446 2844 3505 2878 τε
3552 2826 3663 2897 (65)
3713 2824 3887 2895 ὀπτῆς

2237 2907 2484 2979 πλίνθου,
2533 2908 2622 2963 καὶ
2678 2910 2867 2985 τάφρῳ
2920 2910 3124 2984 βαθείᾳ,
3181 2911 3269 2965 καὶ
3316 2917 3432 2973 τοῖς
3480 2912 3537 2967 ἐκ
3576 2918 3673 2967 τοῦ
3718 2935 3885 2969 ποτα-

2240 3002 2345 3071 μοῦ
2369 2997 2638 3074 τενάγεσιν
2690 2998 3052 3074 ὠχυρωμένη.
3103 3005 3260 3054 Ποιεῖ
3308 2998 3364 3055 δὲ
3411 3000 3576 3071 αὐτὴν
3621 3002 3883 3079 ὀχυροτέ-

2236 3107 2329 3163 ραν
2378 3090 2492 3161 (66)
2540 3087 2629 3142 καὶ
2702 3087 2959 3165 φρούριον
3026 3084 3230 3164 ἕτερον,
3281 3090 3326 3160 ᾦ
3374 3091 3712 3167 προσηγορία
3768 3096 3881 3165 (67)

475 3182 641 3240 alteri
674 3180 791 3237 arci
823 3182 905 3235 ita
933 3180 1265 3251 conjuncta,
1300 3183 1364 3233 ut
1405 3178 1583 3233 unius
1612 3180 1841 3233 tantum
1874 3176 2127 3233 civitatis

2241 3177 2437 3251 Κωχη,
2498 3177 2634 3250 μετὰ
2685 3183 2787 3271 της
2836 3173 2956 3247 ἴσης
3006 3176 3298 3254 ἀσφαλείας
3366 3180 3715 3255 συγκείμενον
3780 3183 3883 3252 ὅση

472 3275 727 3346 speciem
784 3272 968 3329 ambae
1027 3271 1320 3343 prtebeant
1353 3286 1365 3324 :
1401 3268 1617 3340 quippe
1672 3284 1800 3339 quae
1863 3267 2127 3325 ﬂuminis

2241 3286 2294 3321 τε
2342 3268 2538 3343 φυσική
2584 3265 2673 3320 καὶ
2723 3263 2821 3336 ὅση
2882 3265 3294 3341 χειροποίητος,
3349 3273 3602 3325 τοσοῦτον
3655 3270 3887 3343 ἑνούμε-

472 3365 705 3417 tantum
736 3361 981 3416 divortio
1010 3361 1164 3415 inter
1198 3375 1261 3414 se
1290 3358 1646 3414 dividantur.
1672 3357 1827 3420 Quas
1858 3372 1991 3411 cum
2023 3371 2128 3412 nec

472 3449 777 3522 repentino
807 3450 1049 3504 incursu
1073 3453 1247 3519 atque
1266 3448 1487 3519 impetu
1510 3461 1864 3517 expugnare,
1887 3461 1991 3502 nec
2023 3446 2125 3501 ob-

472 3538 700 3596 sidione
721 3553 948 3610 capere,
973 3540 1144 3608 atque
1172 3537 1231 3590 in
1256 3540 1599 3608 potestatem
1624 3533 1884 3606 redigere
1906 3537 2124 3606 posset,

470 3645 576 3683 nec
606 3644 738 3684 vero
772 3627 1017 3683 ulterius
1060 3642 1194 3681 cum
1225 3623 1502 3693 exercitu,
1527 3640 1593 3679 ac
1641 3622 1959 3696 praesertim
1988 3639 2124 3679 cum

469 3717 776 3774 navalibus
818 3715 1025 3788 cOpiis,
1057 3714 1372 3786 procedere
1400 3712 1752 3785 (periculum
1786 3713 1944 3768 enim
1976 3717 2121 3782 erat,

468 3824 541 3863 ne
570 3822 600 3862 e
630 3806 754 3862 loco
786 3804 1072 3877 superiori
1101 3802 1237 3859 telis
1269 3803 1547 3874 utrinque
1582 3808 1894 3874 peteretur,
1925 3806 2122 3857 trans-

468 3897 676 3969 ituque
703 3893 1154 3968 prohiberetur),
1182 3891 1291 3947 hoc
1312 3892 1549 3947 demum
1574 3892 1745 3947 modo
1768 3908 1865 3946 eas
1899 3907 1931 3944 a
1961 3894 2121 3963 tergo

468 3985 766 4057 relinquit.
817 3983 965 4039 Nam
1012 3999 1146 4038 cum
1190 3980 1505 4052 Euphratis
1548 3979 1809 4036 ﬂuminis
1857 3978 2121 4035 omnium

468 4074 730 4143 maximi,
763 4080 989 4145 partem
1020 4072 1178 4127 haud
1221 4070 1525 4126 minimam
1558 4069 1898 4140 dirupissct,
1922 4085 1987 4124 ac
2018 4085 2122 4140 per

466 4163 683 4218 fossam
702 4161 1020 4232 quamdam
1037 4161 1226 4231 (cujus
1238 4165 1435 4215 vetera
1451 4160 1625 4213 etiam
1639 4157 1881 4225 vestigia
1895 4160 2121 4213 exstare

467 4249 677 4319 aiunt),
703 4253 929 4304 tantum
962 4264 1031 4303 ex
1073 4263 1138 4303 eo
1169 4244 1682 4313 circumduxisset,
1705 4246 1769 4297 ut
1817 4245 2120 4314 gestandis

467 4336 716 4393 navibus
747 4353 852 4407 par
880 4352 1009 4391 esse
1036 4339 1250 4406 posset,
1275 4340 1449 4404 atque
1492 4332 1601 4386 hac
1641 4331 1814 4402 paulo
1846 4334 2120 4405 superius

466 4443 601 4483 cum
634 4424 868 4497 Tigride
907 4425 1064 4480 154
1109 4422 1525 4487 commisisset,
1548 4422 1628 4474 ita
1657 4421 1893 4476 demum
1944 4439 2120 4479 naves

464 4517 790 4579 conservat,
823 4530 853 4569 e
892 4511 1065 4568 ﬂuvio
1112 4512 1183 4566 ad
1216 4509 1460 4566 ﬂuvium
1508 4512 1634 4565 tuto
1681 4514 1999 4581 pervectas.
2033 4512 2119 4567 Ita

558 4725 652 4798 58)
683 4722 855 4789 Πάθη.
880 4723 942 4798 _In
978 4723 1346 4798 Montacsz.
1378 4718 1603 4798 πᾴθους.

559 4791 1036 4880 69).Μυστήριον.
1094 4791 1635 4865 Βιν11.⁷’καθάρσιον.
1696 4812 1725 4841 ‹‹
1782 4791 2112 4860 Piaculum,

578 4884 634 4923 18
661 4884 738 4922 10.
775 4889 802 4916 ))

677 4935 1050 4996 κωλύσοντος.
1086 4939 1169 4993 ita
1198 4952 1342 4992 mss.
1378 4951 1599 4992 omnes.
1631 4934 1783 4991 Edit.
1834 4939 1968 4991 Par.
2003 4955 2113 4989 κω-

506 5029 713 5066 υοντος.

506 5029 852 5154 υῗόἷῖςὸῦτω
889 5076 1401 5154 στρατηγούμενος.
1470 5079 1667 5154 Heins.
1737 5097 2113 5154 καταστρατητ

461 5151 750 5226 γούμενος.
798 5174 819 5226 _-
882 5151 980 5207 Sic
1032 5151 1409 5226 imperatoria
1465 5154 1587 5206 arte
1644 5151 2110 5221 (Stratagemate)

462 5223 995 5281 circumveniretur.
1033 5244 1060 5270 ››
1093 5223 1239 5276 Bud.

533 5296 644 5369 (62)
669 5291 1076 5367 Τοῦμπροσθιν.
1112 5294 1248 5366 Reg.
1290 5293 1331 5361 1,
1387 5297 1444 5348 et
1480 5292 1641 5349 Colb.
1673 5292 1728 5358 3,
1777 5290 1843 5343 τὰ
1902 5285 2107 5363 ἔμπρο-

461 5377 641 5509 σθῗέὲ)
674 5433 1058 5509 Σιτηγού-σαις.
1093 5437 1176 5491 Ita
1218 5452 1431 5508 magno
1464 5449 1753 5491 consensu
1787 5449 1931 5487 mss.
1979 5433 2105 5489 Par.

458 5505 591 5565 vero
623 5505 1072 5583 citavwvoucatc.

526 5583 639 5655 (64)
671 5574 997 5655 camps:
1023 5601 1053 5628 «
1087 5578 1212 5655 N_on
1246 5578 1499 5655 minimp.
1520 5574 1843 5631 intervallo.
1882 5598 1902 5622 ιι

533 5644 630 5709 ’65⁷
666 5644 844 5723 Talis:
874 5644 950 5705 τε.
976 5652 1041 5705 In
1072 5649 1210 5705 edit.
1244 5648 1415 5722 τείχει
1450 5644 1525 5703 δέ.

526 5654 1043 5803 (66)Ὀχυρετέραν.
1078 5720 1225 5777 Edit.
1262 5721 1388 5777 Par.
1424 5718 1525 5793 ἷσχπ

548 5718 641 5797 66)
663 5718 1043 5799 Ὀχῦρετᾶραν.
1078 5720 1225 5777 Edit.
1262 5718 1388 5777 Par.
1424 5718 1800 5795 ἷσχυροτέραν.

2146 4722 2194 4788 D

2234 3375 2346 3424 vov,
2397 3355 2469 3418 ὡς
2521 3358 2635 3428 (68)
2689 3354 2813 3427 μίαν
2865 3353 3026 3409 πόλιν
3065 3352 3239 3411 δοκεῖν
3286 3357 3618 3436 ἀμφοτέρας,
3648 3364 3727 3431 τῷ
3780 3380 3887 3414 πο-

2232 3449 2392 3517 ταμῷ
2454 3444 2602 3517 μέσῳ
2661 3441 3037 3519 διειργομένας
3094 3445 3327 3506 ταύτας·
3378 3443 3500 3501 οὕτε
3544 3449 3646 3524 γὰρ
3688 3447 3890 3519 ἐξελεῖν

2235 3531 2348 3587 οἶόν
2401 3553 2459 3587 τε
2513 3537 2579 3601 ην
2629 3531 2679 3603 ἒξ
2724 3530 3029 3609 ἐπιδρομῆς
3082 3533 3298 3606 ἀθρόας,
3357 3533 3716 3613 ἣπολιορκίᾳ
3770 3539 3889 3611 (69)

2233 3623 2694 3699 παραστήσασθαι,
2769 3619 2892 3677 οὔτε
2967 3620 3266 3693 διεξελάσαι
3340 3624 3430 3679 καὶ
3503 3626 3583 3698 τῷ
3654 3632 3887 3700 ναυτικῷ

2236 3710 2471 3783 μάλιστα
2526 3708 2883 3785 (κινδυνεῦσαι
2940 3711 3043 3787 γὰρ
3103 3712 3162 3767 ἂν
3221 3711 3272 3784 ἐξ
3334 3710 3891 3793 ὖπερδεξίων,ἆμφοο

2230 3802 2459 3874 τέρωθεν
2513 3798 2877 3875 βαλλόμενον,
2930 3801 3018 3855 καὶ
3071 3800 3430 3878 εἰργόμενον),
3486 3803 3708 3858 κατόπιν
3760 3806 3885 3859 ἑαυ-

2228 3893 2325 3945 τοῦ
2381 3894 2639 3959 ποιεῖται,
2689 3888 2779 3943 καὶ
2827 3895 3063 3946 ποιεῖται
3115 3894 3228 3966 (70)
3275 3892 3365 3948 τὸν
3406 3892 3609 3967 τρόπον
3661 3898 3878 3951 τοῦτον.

2229 3982 2333 4032 Τοῦ
2391 3977 2676 4057 Εὐφράτου
2729 3984 2993 4054 ποταμῶν
3044 3976 3197 4043 ὄντος
3250 3984 3360 4055 (71)
3395 3982 3650 4056 μεγίστου
3712 3982 3882 4057 μέρος

2230 4066 2329 4122 οὐκ
2398 4066 2688 4143 ἐλάχιστον
2768 4067 3078 4143 ἀπορρήξας
3150 4072 3288 4141 (72),
3362 4070 3451 4123 καὶ
3514 4072 3883 4147 περιαγαγὼν,

2230 4156 2351 4211 ὅσον
2384 4156 2565 4210 ναυσὶν
2600 4158 2733 4210 εἶναι
2765 4154 3007 4227 πλόϊμον
3064 4155 3122 4209 ἐκ
3167 4152 3429 4232 διώρυγος
3476 4160 3591 4230 (73)
3641 4160 3732 4232 (ἧς
3786 4159 3882 4213 καί

2228 4244 2435 4318 ἀρχαῖά
2486 4263 2641 4320 φασιν
2696 4239 2827 4318 ἴχνη
2889 4242 3208 4317 φαίνεσθαι),
3258 4244 3348 4297 καὶ
3400 4246 3567 4320 ταύτῃ
3626 4248 3738 4320 (74)
3792 4252 3877 4318 τῷ

2228 4330 2438 4409 Τίγριδι
2473 4326 2769 4406 συμϐαλὼν
2807 4331 2997 4407 μικρὸν
3051 4328 3374 4410 ἔμπροσθεν,
3428 4334 3570 4390 οὕτω
3622 4333 3881 4405 διασώζει

2226 4422 2322 4483 τὰς
2368 4425 2495 4483 ναῦς
2542 4420 2603 4476 ἐκ
2640 4426 2737 4476 τοῦ
2793 4426 3045 4495 ποταμοῦ
3093 4426 3169 4493 τῷ
3235 4428 3465 4497 ποταμῷ
3523 4421 3761 4486 δοθείσας
3820 4426 3884 4479 ἒν

2228 4509 2510 4588 ἀσφαλείᾳ.
2560 4508 2689 4566 Ὧδε
2738 4510 2832 4583 μὲν
2884 4511 2975 4565 οὖν
3021 4511 3111 4566 τὸν
3159 4511 3218 4567 ἐκ
3259 4517 3364 4566 τῶν
3431 4515 3698 4591 φρουρίων
3744 4514 3881 4569 τού-

2442 4720 2808 4797 Προσηγορία.
2861 4722 3007 4778 Male
3054 4722 3113 4778 in
3163 4724 3330 4781 Herv.
3400 4729 3458 4782 et
3523 4724 3649 4782 Par.
3708 4746 3882 4800 προσ-

2226 4792 2501 4866 ηγορίαν(
2643 4792 2652 4797 ⁷
2699 4792 2708 4796 ’

2296 4866 2409 5004 (68)
2435 4865 2546 4924 Ὦς.
2580 4864 2719 4956 ΗΘΒ,
2753 4866 2875 4935 bm,
2900 4868 3068 4921 Pass.
3103 4863 3262 4920 ibo-rs.

2319 4937 2388 4990 69
2445 4934 2762 5004 Πολιορκιᾳ.
2802 4939 2921 4992 Duo
2952 4937 3127 5004 Regg.
3161 4935 3262 4991 πολ

2319 4934 2409 5010 69)
2445 4934 2762 5010 Ποῇλιορκίᾳ.
2802 4934 2921 5010 Duo
2952 4937 3127 5010 Regg.
3161 4935 3505 5010 πολιορκίας.

2296 5005 2409 5080 (70)
2441 5005 2536 5080 Kal
2568 5005 2825 5061 ποιεῖται.
2858 5009 2953 5063 Sic
2985 5005 3246 5080 plerique
3274 5005 3520 5066 codices.

2296 5026 2387 5078 (1U
2441 5026 2536 5059 nat
2568 5026 2825 5061 ποιειται.
2858 5026 2953 5063 διο
3028 5026 3181 5080 lerqu

2293 5026 2409 5149 (71)
2436 5078 2647 5151 ξΌντοςᾉ.
2673 5079 2811 5151 Reg.
2838 5080 2957 5146 bm,
2985 5026 3181 5140 ἓντως.

2291 5147 2404 5226 (ἶὲ)
2437 5147 2977 5226 Ἀποβρήεαξιμῐῖθε-
3010 5170 3066 5224 Υ,
3098 5170 3188 5223 γρ·
3222 5147 3531 5226 διοῤῥήξας.

2288 5222 2408 5293 (73)
2435 5219 2732 5295 Διώρυγος.
2804 5219 3471 5295 Ηθεῖς.ἐε’ρῐοω,”οι·.
3541 5225 3591 5293 1,
3669 5219 3883 5297 διώρυ-

2219 5310 2344 5366 χος.

2288 5366 2402 5436 (74)
2434 5362 2531 5437 Καὶ
2560 5362 2748 5436 ταύτῃ.
2774 5364 2878 5437 Sic
2901 5380 3046 5421 mss.
3079 5381 3305 5437 omnes,
3348 5369 3407 5420 et
3452 5365 3614 5437 editi,
3666 5369 3884 5437 praeter

2219 5436 2397 5509 faris.
2430 5441 2487 5492 et
2517 5435 2711 5492 Mont.
2731 5435 2832 5507 qui
2866 5435 3092 5509 legunt,
3123 5436 3212 5509 καὶ
3239 5439 3423 5492 τοῦτο.
3456 5441 3572 5509 Hos
3601 5435 3885 5509 sequitur

2216 5506 2417 5562 Comb.
2445 5509 2546 5582 qui
2580 5505 2952 5582 referti'roii'rd
2977 5510 3049 5565 ad
3084 5505 3254 5582 μέρος
3286 5508 3579 5582 superius,
3598 5515 3653 5564 et
3672 5505 3879 5582 vertit;

2217 5600 2258 5653 ε
2266 5584 2453 5653 atque
2484 5578 2636 5653 hanc
2664 5580 2934 5653 (scissam
2966 5578 3216 5653 partem)
3247 5578 3380 5635 cum
3405 5578 3577 5651 paulo
3596 5581 3883 5652 superius

2214 5648 2435 5743 Tigridi
2462 5648 2882 5724 conjunxisset,
2909 5648 3436 5724 cdmmisiésetque,
3471 5675 3499 5702 ››
3530 5658 3637 5709 etc.
