4202 6212
449 376 569 443 679

1694 372 1759 437 S.
1808 374 2179 438 GREGORII
2226 366 2616 439 THEOLOGI

3743 379 3861 440 680

453 516 618 571 bonae
650 512 774 584 spei
806 511 1094 583 reliquum
1130 514 1284 580 erat;
1316 510 1437 567 haec
1469 528 1604 580 una,
1640 514 1703 565 ut
1733 511 1790 565 in
1824 511 2093 582 praesenti
2126 525 2321 566 rerum
2371 514 2526 567 statu
2577 509 2785 567 salutis
2817 512 2964 566 ratio
2997 513 3193 582 patere
3221 509 3549 583 videbatur,
3582 510 3865 568 nimirum

451 603 730 661 scelerato
760 600 1006 674 imperio
1036 604 1092 656 et
1122 598 1363 655 militari
1394 601 1736 672 praefectura
1768 600 2031 672 defungi.

522 692 669 750 XIII.
694 694 828 756 Quae
862 694 1058 746 autem
1088 688 1395 761 hucusque
1443 694 1605 762 gesta
1629 694 1788 758 sunt,
1814 690 1895 745 ita
1925 706 1987 745 se
2006 688 2105 744 ha-

2290 690 2379 743 Il".
2412 687 2487 741 Τὰ
2520 688 2612 761 μὲν
2648 685 2714 755 δὴ
2750 686 2913 763 μέχρι
2945 686 3140 742 τούτου
3171 690 3285 760 (84)
3313 707 3553 744 τοιαυτα·
3595 689 3663 743 τὰ
3693 685 3749 742 δὲ
3780 688 3868 742 ἐν-

450 782 623 849 bent;
666 795 795 850 quae
822 795 954 835 vero
985 782 1332 849 sequuntur,
1359 794 1474 833 non
1527 795 1642 834 uno
1674 779 1848 834 modo
1881 778 1952 833 ab
1987 794 2110 833 om-

452 870 627 926 nibus
650 871 1041 942 exponuntur,
1067 869 1168 923 sed
1193 868 1344 923 alius
1364 867 1463 923 alii
1484 867 1741 924 sermoni
1764 867 2104 937 assentitur,

453 977 520 1017 ac
549 956 889 1027 subscribit,
922 974 1040 1012 non
1092 958 1289 1012 minus
1317 974 1518 1013 eorum
1551 957 1769 1029 quibus
1801 955 2106 1012 certamini

452 1049 760 1119 interesse,
794 1064 972 1120 quam
1023 1047 1239 1119 quibus
1284 1048 1488 1103 abesse
1537 1047 1799 1119 contigit.
1833 1043 2109 1102 Nonnulli

452 1138 611 1195 enim
641 1156 675 1194 a
704 1138 894 1193 Persis
915 1153 1050 1192 eum
1067 1136 1264 1207 jaculo
1288 1136 1578 1192 conﬁxum
1612 1136 1795 1191 fuisse
1817 1135 2002 1203 aiunt,
2029 1140 2111 1191 te-

452 1244 613 1285 mere
642 1228 702 1282 in
732 1226 931 1281 hostes
963 1230 1392 1295 excursantem,
1418 1230 1593 1297 atque
1619 1225 1734 1281 huc
1765 1229 1820 1281 et
1850 1225 1990 1281 illuc
2019 1240 2111 1280 ve-

453 1335 595 1374 sane
624 1313 1096 1388 prmsultantem;
1128 1314 1404 1387 idemque
1435 1315 1550 1388 ipsi
1582 1316 1736 1387 quod
1767 1314 1910 1388 Cyro
1946 1315 2111 1386 Pary.

453 1406 660 1463 satidis
678 1404 797 1460 filio
816 1404 1117 1474 accidisse,
1145 1405 1244 1477 qui
1263 1421 1397 1460 cum
1419 1406 1487 1460 ad
1499 1421 1701 1461 versus
1733 1409 2108 1460 Artaxerxem

453 1495 693 1551 fratrem
726 1510 859 1549 cum
892 1492 1115 1566 ingenti
1144 1494 1399 1549 exercitu
1442 1494 1822 1563 ascendisset,
1851 1509 1916 1548 ac
1945 1491 2109 1547 forti-

455 1588 547 1640 ter
571 1582 1213 1655 pugnaret,temeritate
1232 1584 1472 1639 tandem
1495 1600 1602 1639 sua
1629 1582 1929 1639 victoriam
1961 1580 2107 1637 ami-

454 1673 553 1729 sit.
575 1672 683 1727 Alii
708 1672 1053 1743 hujusmodi
1077 1673 1397 1745 quemdam
1422 1672 1493 1727 de
1514 1687 1579 1727 eo
1605 1688 1935 1728 sermonem
1959 1687 2110 1727 com-

452 1764 782 1817 memorant
809 1776 822 1817 :
854 1761 999 1816 Cum
1030 1760 1090 1816 in
1123 1760 1439 1817 sublimem
1470 1762 1786 1833 quemdam
1812 1759 2109 1816 tumulum

453 1849 833 1921 ascendisset,
858 1854 919 1906 ut
974 1850 1131 1906 velut
1176 1868 1207 1907 e
1257 1849 1498 1923 specula
1550 1851 1867 1907 exercitum
1925 1850 2111 1907 oculis

454 1944 785 2013 usurparet,
804 1943 1181 2012 quantusque
1206 1940 1356 1995 bello
1384 1942 1790 2012 superfuisset,
1805 1955 2112 2011 cognosce-

2212 779 2391 832 τεῦθεν
2425 777 2532 852 οὐχ
2562 778 2635 839 εἷς
2667 776 2879 854 λέγεται
2926 776 3111 853 λόγος,
3146 774 3319 839 ἄλλος
3368 775 3425 832 δὲ
3472 776 3631 849 ἄλλῳ
3660 779 3869 855 συμφέ-

2217 887 2361 940 ρεται
2418 866 2508 922 καὶ
2569 866 2889 937 συντίθεται,
2939 870 3045 920 τῶν
3108 887 3165 921 τε
3210 860 3491 940 παρόντων
3541 866 3754 938 ὁμοίως

2222 956 2391 1031 μάχη·
2428 954 2518 1010 καὶ
2546 960 2652 1010 τῶν
2685 955 2954 1013 ἀπόντων.
2989 956 3057 1011 Οἱ
3112 956 3205 1028 μὲν
3240 956 3343 1030 γὰρ
3377 954 3480 1009 ὑπὸ
3530 959 3746 1029 Περσῶν
3780 954 3869 1009 αὖ·

2215 1046 2307 1101 τὸν
2335 1045 2751 1115 κατηκοντίσθαι
2783 1048 2893 1118 (85)
2942 1044 3096 1122 φασὶν
3144 1045 3396 1106 ἀτάκτοις
3429 1042 3723 1119 ἐκδρομαῖς
3755 1048 3869 1117 (86)

2218 1136 2532 1211 χρώμενον,
2564 1138 2655 1190 καί
2685 1136 2912 1189 ἄττοντα
2930 1131 3063 1208 τῇδε
3082 1132 3296 1188 κάκεῖσε
3315 1134 3406 1188 σὺν
3432 1133 3711 1207 ἐμπληξίᾳ
3732 1137 3865 1205 (87)·

2218 1223 2307 1278 καὶ
2339 1222 2530 1297 ὅμοιόν
2588 1246 2640 1279 τι
2697 1223 2823 1296 περὶ
2879 1223 3035 1278 αὐτὸν
3098 1217 3374 1296 συμϐῆναι
3429 1228 3508 1295 τῷ
3558 1223 3735 1298 Κύρου
3771 1227 3870 1276 τοῦ

2221 1311 2611 1386 Παρυσάτιδος,
2659 1313 2741 1383 ὃς,
2788 1318 2907 1375 τοῖς
2962 1310 3175 1388 μυρίοις
3389 1312 3727 1375 συνανελθὼν
3781 1312 3867 1366 ἐπὶ

2216 1403 2308 1457 τὸν
2356 1400 2587 1481 ἀδελφὸν
2635 1401 3013 1477 Ἀρταξέρξην,
3063 1400 3153 1455 καὶ
3198 1405 3453 1462 νεανικῶς
3509 1401 3868 1476 μαχόμενος,

2220 1493 2403 1568 θράσει
2433 1493 2529 1561 τὴν
2562 1491 2714 1563 νίκην
2767 1489 3083 1569 διέφθειρεν
3137 1491 3190 1545 οἱ
3240 1488 3297 1546 ’ὀὶ
3349 1488 3598 1545 τοιοῦτόν
3639 1512 3761 1546 τινα
3791 1490 3871 1545 ἐπ’

2219 1580 2365 1653 αὐτῷ
2394 1580 2704 1658 διηγοῦνται
2739 1580 2922 1657 λόγον·
2960 1580 3079 1635 Ἐπὶ
3123 1602 3243 1635 τινα
3290 1578 3460 1658 λόφον
3494 1586 3600 1635 τῶν
3644 1580 3872 1655 ὑψηλῶν

2218 1669 2477 1741 ἀνελθὼν,
2527 1671 2602 1733 ὡς
2650 1670 2709 1725 ἐκ
2754 1677 3038 1746 περιωπῆς
3086 1670 3177 1724 τὸν
3229 1669 3454 1745 στρατὸν
3509 1664 3630 1743 ὄψει
3662 1665 3868 1738 λαϐεῖν,

2217 1760 2308 1816 καὶ
2338 1760 2463 1823 ὅσος
2496 1759 2789 1836 ὑπελείφθη
2823 1764 2902 1832 τῷ
2930 1756 3162 1833 πολέμῳ
3196 1760 3406 1833 μαθεῖν,
3440 1755 3628 1829 ἐπειδή
3667 1759 3715 1811 οἱ
3756 1761 3870 1831 (89)

2220 1858 2451 1927 φανῆναι
2480 1847 2625 1904 πολὺ
2670 1850 2735 1905 τὸ
2785 1847 3023 1918 πλῆθος,
3059 1849 3148 1903 καὶ
3192 1854 3293 1917 τῆς
3344 1845 3567 1910 ἐλπίδος
3616 1846 3870 1924 ἀφθονώ-

2217 1959 2393 2014 τερον
2453 1940 2541 2002 Ὣς
2600 1936 2795 2012 δεινὸν,
2855 1938 3046 2011 εἰπεῖν,
3105 1937 3151 1993 εἰ
3207 1939 3413 1999 πάντας
3466 1939 3538 2008 τῇ
3585 1936 3868 2009 Ῥωμαίων

451 2034 559 2098 ret,
580 2045 944 2102 magnasque
976 2028 1194 2101 copias,
1214 2045 1436 2101 speque
1466 2046 1575 2084 sua
1604 2028 1918 2100 ampliores
1938 2028 2105 2084 vidis.

2225 2033 2297 2103 γῇ
2340 2028 2566 2091 τούτους
2625 2028 2977 2100 ἐπανάξομεν·
3038 2026 3114 2089 ὡς
3171 2026 3231 2080 ἄν
3288 2047 3374 2088 τις
3422 2025 3720 2100 βασκαίνων
3773 2024 3868 2081 αὖ·

2288 2123 2311 2131 _
2408 2125 2434 2131 _
2698 2116 2709 2131 .
2848 2116 2902 2131 ..η
2947 2122 2959 2131 .
3019 2115 3047 2131 ν
3264 2118 3293 2128 η
3653 2119 3683 2129 -

450 2123 577 2175 set:
605 2120 779 2188 Quam
805 2135 970 2190 grave
1014 2123 1071 2175 et
1115 2118 1412 2191 indignum
1455 2121 1645 2189 fuerit,
1668 2118 1905 2187 dixisse,
1937 2120 1987 2173 si
2015 2118 2110 2174 ho:

450 2224 634 2265 omnes
679 2208 750 2264 ad
797 2210 1168 2264 Romanorum
1215 2213 1423 2264 terram
1470 2208 1855 2264 reduxerimus
1888 2226 1907 2263 :
1941 2207 2108 2280 quasi

449 2296 722 2353 videlicet
765 2296 911 2369 ipsis
961 2295 1212 2353 salutem
1259 2296 1634 2353 invidentem.
1668 2297 1889 2362 Quibus
1917 2297 2108 2353 verbis

452 2389 816 2442 commotum
862 2384 1108 2442 militem
1138 2387 1479 2458 quemdam,
1510 2388 1711 2458 iraque
1751 2386 2105 2458 praecipitem

456 2480 675 2543 actum,
706 2474 870 2531 nulla
901 2474 1111 2531 salutis
1142 2493 1261 2531 suae
1306 2476 1507 2531 habita
1553 2477 1793 2543 ratione,
1826 2476 1884 2531 in
1918 2475 2106 2547 ipsius

450 2567 673 2623 viscera
701 2565 965 2638 gladium
992 2565 1280 2637 adegisse.
1303 2565 1413 2620 Alii
1438 2582 1642 2621 rursus
1669 2566 1922 2621 facetum
1945 2570 2003 2621 et
2026 2565 2106 2619 ri-

453 2654 713 2713 diculum
739 2654 1054 2726 quemdam
1077 2654 1635 2726 Barbarum(quales
1656 2654 1715 2709 in
1740 2654 1992 2709 militum
2017 2671 2104 2710 co-

452 2745 680 2813 mitatu,
700 2747 828 2798 tum
851 2743 924 2799 ad
948 2741 1252 2799 leniendas
1277 2741 1606 2798 animorum
1632 2743 1949 2811 molestias,
1974 2748 2105 2799 tum

452 2833 524 2889 ad
543 2831 921 2888 exbilaranda
941 2831 1197 2887 convivia
1216 2848 1343 2887 esse
1360 2831 1593 2903 solent),
1607 2831 1717 2887 hoc
1732 2831 1957 2888 facinus
1982 2849 2108 2904 per-

452 2923 714 2993 petrasse
756 2920 969 2976 ferunt.
997 2919 1112 2977 Nec
1160 2920 1373 2977 desunt
1401 2920 1501 2992 qui
1532 2921 1817 2977 Saraceno
1848 2920 2105 2993 cuipiam

452 3009 693 3082 gloriam
720 3009 869 3065 hanc
901 3010 1218 3066 ascribant.
1243 3009 1550 3082 Utcunque
1580 3026 1642 3066 se
1673 3026 1766 3065 res
1796 3010 1990 3080 habet,
2026 3008 2103 3065 le-

524 3117 638 3190 (84)
703 3115 927 3172 Τούτου.
995 3117 1160 3174 Pass.
1223 3122 1282 3174 et
1346 3117 1605 3192 plerique
1672 3119 1921 3188 codices,
1978 3116 2106 3173 τού-

454 3208 585 3243 των.

523 3262 638 3332 (85)
671 3257 1116 3335 Κατηκοντίσθαι.
1150 3259 1559 3335 Hieronymus,
1589 3263 1692 3334 Ep.
1722 3262 2105 3335 adAMagnum

455 3331 744 3390 oratorem
790 3333 870 3388 ait
902 3349 915 3387 :
942 3354 971 3383 ‹‹
1011 3332 1191 3387 Conto
1240 3331 1341 3388 illa
1372 3331 1709 3390 perfossus.
1737 3356 1764 3383 ››
1797 3331 2105 3390 Damasce-

456 3422 569 3461 nus
601 3403 697 3459 Or.
732 3405 783 3470 1,
834 3405 911 3459 De
961 3404 1323 3473 imaginibus,

458 3498 481 3526 ι
516 3476 748 3531 hastam
784 3496 805 3523 ν
840 3481 1051 3547 vocat._
1080 3476 1168 3530 Ita
1221 3477 1442 3531 Sozom.
1498 3476 1538 3541 1,
1569 3492 1648 3546 v1,
1681 3495 1729 3534 ο.
1768 3478 1817 3547 1,
1851 3476 2108 3535 Αωωὶαέ-

454 3563 591 3610 nus,
614 3570 642 3595 ‹‹
676 3552 1007 3616 equestrem
1040 3545 1269 3601 hastam
1304 3569 1323 3596 ιι
1354 3545 1642 3619 appellat.
1800 3545 1808 3547 “

454 3690 468 3694 _
527 3617 640 3689 (86)
668 3615 949 3694 Ἀτάκτοις
988 3614 1311 3694 ἐκδρομαῖς.
1345 3619 1483 3692 Reg.
1519 3638 1577 3689 u,
1618 3615 1931 3694 ἐκδρόμοις.
1966 3621 2105 3693 Reg.

454 3690 514 3761 b,
534 3684 813 3748 τακτικοῖς
843 3684 1151 3761 ἐκδρόμοις.

529 3761 644 3832 (87)
682 3757 1031 3833 ΑἘμπληξίᾳ.
1091 3764 1349 3828 Quatuor
1417 3762 1596 3833 Regg.
1647 3762 1806 3817 Colb.
1854 3764 1910 3833 k,
1972 3764 2104 3819 Sav.

466 3830 632 3889 Pass.
667 3830 965 3905 Αέκπληξίᾳ.
999 3834 1102 3888 Cui
1136 3833 1438 3905 sententia:
1471 3830 1621 3889 favet
1665 3830 1941 3905 Eutropl,
1970 3838 2105 3891 Hist.

454 3905 635 3979 Rom,
665 3903 789 3979 1.51;.
824 3903 946 3979 lmo
976 3906 1246 3979 Augu_st_.,
1271 3904 1309 3958 1.
1334 3921 1391 3958 1v
1423 3910 1499 3962 De
1525 3908 1674 3979 civit.
1708 3923 1757 3962 ο.
1786 3903 1875 3979 29‘,
1900 3913 1957 3961 et
1989 3908 2025 3962 l.
2050 3925 2104 3979 v,

455 3993 504 4030 c.
535 3977 627 4046 21,
660 3976 759 4031 ubi
785 3977 1055 4032 Julianus
1078 3976 1332 4041 dicitur,
1363 3997 1383 4022 α
1419 3977 1625 4033 merito
1672 3978 2020 4035 temeritatis
2052 3976 2107 4035 et

453 4047 655 4103 hostili
702 4048 941 4105 vulnere
998 4048 1342 4123 exstinctus.
1370 4072 1396 4098 υ
1432 4050 1492 4104 Id
1541 4051 1717 4105 etiam
1765 4056 2109 4123 supponunt

456 4124 716 4175 extrema
746 4122 1052 4176 morientis
1082 4121 1153 4177 ad
1185 4120 1633 4177 circumstantes
1661 4120 1855 4177 verba;

526 4190 798 4267 (88)]‘o'i;
850 4192 1082 4267 μυρίοις.
1117 4192 1321 4267 «ΑΟυΠι
1368 4192 1591 4267 ingenti
1639 4193 1971 4267 exercitu,»
2004 4209 2108 4249 nec

455 4260 632 4341 bene
663 4260 889 4341 Billius,
913 4260 948 4341 (ἒ,
976 4280 1122 4341 cum_
1142 4264 1340 4319 decem
1398 4260 1705 4341 hominum
1768 4264 2049 4341 millibus.
2077 4288 2106 4316 »

457 4332 600 4409 Quis
628 4332 786 4386 enim
818 4333 912 4409 hic
936 4334 1201 4391 tantulus
1231 4337 1540 4409 exercitus,
1565 4338 1663 4408 qui
1696 4338 2106 4409 potentissimo

457 4402 768 4481 Persarum
796 4406 918 4477 regi
944 4412 1103 4481 esset
1127 4407 1425 4481 negotium
1458 4402 1755 4464 facturus?
1778 4409 1958 4481 Cyrus
1990 4426 2106 4464 non

455 4473 651 4546 solum
672 4496 702 4546 «ς
729 4473 928 4531 decem
961 4478 1145 4533 millia
1175 4473 1529 4546 Graecorum,
1556 4502 1582 4529 »
1616 4481 1718 4535 sed
1750 4473 1895 4536 alias
1928 4481 2107 4537 etiam

454 4544 656 4625 pluﬁres
684 4544 1060 4625 inauxilium
1091 4549 1289 4625 copias
1336 4544 1560 4607 habuit.
1596 4551 1735 4625 Reg.
1770 4553 1827 4621 b,
1856 4552 2017 4609 Colb.
2050 4554 2106 4622 3,

458 4615 515 4673 et
538 4617 726 4693 Pass;
735 4615 891 4693 ὅστις
909 4624 1027 4693 τοῖς
1064 4615 1299 4693 μορ-ἔοις.

529 4688 650 4815 (89)1
671 4688 893 4775 Ἐπειᾷή
928 4691 1000 4747 οἱ.
1037 4688 1411 4747 lta'melioris
1450 4696 1596 4748 notes
1645 4694 1895 4762 codices,
1927 4696 2104 4768 Regg.

529 4776 579 4815 ο.
658 4778 714 4815 ιι.
748 4763 963 4815 alimus
994 4762 1211 4815 nlures.
1246 4763 1425 4815 Mont.
1468 4759 1654 4815 ἐπειδὴ
1690 4764 1759 4815 οἶ.
1793 4766 1948 4815 Pass.
1989 4765 2104 4815 ἐπεὶ

454 4759 579 4831 bm,
614 4759 714 4831 hu,
748 4759 963 4837 aliique
992 4762 1211 4837 plures.
1246 4763 1425 4818 Mont.
1468 4759 1655 4830 ἐπειδὴ
1690 4764 1759 4818 οἶ.
1792 4759 1955 4824 Paes.
1989 4759 2105 4821 ἐῖτῖὶ

456 4827 568 4885 δὲοι
598 4838 846 4885 φανῆναι.

519 4851 568 4885 οι
598 4852 846 4890 φανηναι.

456 4852 568 4885 οεοι
598 4852 846 4907 φανηναι.

455 4903 824 5029 ὧςέφῃδρσαι
885 4904 1076 4963 Schol.
1136 4904 1387 4961 subaud.
1434 4902 1606 4981 ξίφος,
1661 4928 1681 4956 α
1735 4907 1915 4978 ensis,
1975 4908 2104 4979 81a-

498 4991 610 5029 ius.
636 4998 663 5025 )›

527 5046 639 5117 (91)
692 5048 1097 5123 Στρατιώταις.
1167 5048 1305 5119 Reg.
1375 5063 1441 5118 q,
1509 5048 1764 5104 Combef.
1836 5053 2103 5123 στρατοῖς,

457 5139 487 5168 ‹‹
519 5118 825 5175 exercitus.
853 5144 875 5172 ι

526 5189 639 5259 (92)
671 5187 787 5242 Εἰσὶ
845 5188 902 5244 δὲ
960 5186 1021 5242 οἷ’
1062 5188 1152 5242 καὶ
1204 5193 1533 5261 Σαρακηνῶν
1582 5210 1709 5256 τινι,
1756 5196 1863 5247 etc.
1900 5215 1925 5241 ‹‹
1960 5193 2109 5249 Sunt

454 5265 651 5333 autem
695 5263 797 5333 qui
847 5264 1349 5333 Saracenowietc.
1385 5263 1484 5316 Hic
1532 5264 1953 5319 advertendum
1998 5270 2106 5332 est,

456 5330 604 5386 nihil
628 5330 952 5407 certumde
973 5332 1193 5407 Juliani
1216 5332 1586 5389 interfectore
1609 5337 1761 5407 apud
1786 5330 2107 5406 Scriptores

455 5403 716 5474 reperiri.
749 5406 929 5496 Varii,
958 5404 1367 5496 u‘tpgregorius
1410 5403 2106 5496 nostelr,'v‘arinasnopinlio-

454 5488 559 5551 pes
612 5475 936 5534 recensent.
980 5475 1134 5551 Vide
1170 5475 1491 5551 Chrysost.,
1524 5475 1625 5551 lib.
1657 5480 1732 5533 De
1762 5478 1815 5551 S.
1851 5475 2104 5551 Bdbyla.;

454 5544 886 5621 Qamascenum
929 5554 1075 5604 orat.
1118 5550 1145 5621 1
1196 5544 1689 5621 ὓεῖτηςιρὶηἱὺιιυ
1736 5544 2106 5621 Theodoret.,

454 5616 623 5694 qua,
654 5618 757 5677 lib.
793 5638 877 5687 ιιι,
907 5637 955 5676 c.
987 5620 1367 5694 25;AS_ocrat.,
1398 5618 1501 5675 lib.
1536 5637 1619 5694 In,
1647 5616 1697 5677 ο.
1728 5623 1825 5689 21;
1857 5616 2105 5694 Sozom.,

455 5687 560 5745 lib.
588 5706 663 5760 v1,
698 5708 749 5748 ο.
784 5694 911 5760 1,2,
944 5697 1053 5749 etc.
1090 5690 1370 5747 Libanius
1399 5696 1546 5747 orat.
1581 5687 1819 5749 funebri
1841 5694 1900 5749 in
1927 5687 2107 5750 Julia;

453 5776 591 5839 mon
629 5762 713 5819 sic
742 5763 1008 5839 loquitur
1036 5782 1117 5839 ει
1139 5763 1405 5839 Fortasse
1436 5764 1650 5835 aliquis
1701 5782 1874 5822 nosse
1923 5768 2104 5839 cupit,

456 5832 727 5910 quisnam
759 5832 928 5898 illum
959 5834 1268 5905 occiderit;
1299 5851 1405 5911 ego
1444 5832 1577 5895 vero
1622 5854 1833 5897 nomen
1866 5832 2105 5915 quidem

1420 3404 1595 3507 lladio
1645 3409 1901 3507 auct‘oro,
1953 3400 2103 3489 δορυ,
2138 3440 2181 3507 C

2136 4807 2184 4871 D

2222 2123 2338 2180 τοῖς
2369 2125 2471 2187 τῆς
2502 2116 2797 2193 σωτηρίας.
2847 2116 2959 2193 Ἐφ’
3007 2115 3053 2187 ᾧ
3080 2136 3201 2169 τινα
3228 2118 3335 2169 τῶν
3380 2119 3723 2191 στρατιωτῶν
3766 2135 3870 2190 χα-

2222 2208 2551 2281 Λεπῄναντα,
2590 2204 2679 2261 καί
2710 2205 2773 2260 οὐ
2820 2203 3163 2279 κατασχόντα
3208 2205 3305 2273 τήν
3342 2203 3539 2279 ὀργὴν,
3576 2205 3713 2257 ὦσαι

2219 2296 2353 2351 κατὰ
2380 2300 2489 2352 τῶν
2523 2293 2878 2371 σπλάγχνων,
2912 2292 3257 2369 ἀλογήσαντα
3294 2299 3393 2361 τῆς
3448 2292 3639 2347 ἑαυτοῦ
3690 2313 3869 2361 σωτη-

2220 2386 2357 2460 ρίας.
2390 2387 2476 2447 Ὠς
2508 2383 2563 2440 δὲ
2614 2382 2818 2455 ἄλλοι,
2863 2388 2971 2438 τῶν
3025 2380 3355 2459 γελοιαστῶν
3414 2376 3702 2458 βαρϐάρων
3749 2382 3869 2435 τινα

2217 2479 2377 2529 τοῦτο
2404 2475 2682 2548 τολμῆσαι
2715 2474 2792 2546 (οἳ
2820 2478 2935 2535 τοῖς
2969 2474 3324 2548 στρατιώταις
3354 2473 3467 2545 (91)
3497 2467 3742 2543 ἕπονται,
3769 2470 3873 2525 λύ-

2216 2586 2325 2634 πης
2353 2585 2412 2618 τε
2440 2563 2769 2639 ψυχαγωγία
2798 2560 2887 2616 καὶ
2917 2560 3106 2623 πότοις
3138 2558 3400 2633 ἥδυσμα).
3434 2560 3554 2614 Εἰσὶ
3603 2558 3661 2614 δὲ
3700 2560 3753 2614 οἳ
3782 2560 3871 2615 καὶ

2218 2658 2548 2729 Σαρακηνῶν
2576 2674 2677 2707 τινι
2701 2654 2814 2725 (92)
2843 2650 2906 2705 τὸ
2936 2647 3101 2713 κλέος
3131 2654 3293 2705 τοῦτο
3326 2646 3557 2706 διδόασι.
3592 2649 3751 2717 Πλὴν
3786 2646 3870 2703 δέ-

2216 2762 2372 2818 χεται
2402 2741 2620 2818 πληγὴν
2655 2740 2866 2817 καιρί1ν
2897 2734 3090 2812 ὅντως,
3126 2736 3215 2793 καί
3244 2737 3405 2792 παντὶ
3433 2743 3513 2810 τῷ
3541 2737 3735 2811 κόσμῳ
3762 2758 3871 2793 σω-

2213 2835 2427 2907 τήριον,
2451 2832 2539 2886 καὶ
2567 2836 2663 2903 μιᾷ
2682 2834 2830 2903 τομῇ
2854 2830 3097 2907 σφαγέως
3124 2830 3255 2901 (93),
3281 2826 3507 2882 πολλῶν
3532 2826 3867 2903 σπλάγχνων

2216 2924 2518 2977 ἀπαιτεῖται
2546 2918 2700 2991 δίκην
2720 2923 2899 2982 κακῶς
2935 2920 3343 2974 πιστευθὲντων.
3369 2919 3430 2971 Ὃ
3452 2916 3542 2971 καὶ
3584 2918 3869 2990 θαυμάζω,

2214 3016 2352 3084 πῶς,
2400 3010 2572 3066 πάντα
2620 3010 2903 3085 γινώσκειν
2955 3008 2983 3063 ὁ
3031 3008 3255 3081 μάταιος
3304 3006 3540 3071 ἐντεῦθεν
3591 3004 3867 3079 οἰόμενος,

2217 3120 2433 3176 nescio.
2472 3120 2557 3174 Ab
2613 3119 2782 3174 hoste
2823 3121 3021 3173 tamen
3076 3115 3452 3172 interfectum
3500 3132 3616 3171 non
3664 3115 3870 3180 fuisse,

2217 3192 2611 3249 certissimum
2644 3190 2791 3245 illud
2823 3193 3237 3259 argumentum
3267 3194 3377 3254 est,
3409 3189 3564 3259 quod
3598 3204 3772 3243 nemo
3803 3204 3875 3243 ex

2216 3263 2484 3320 hostibus
2514 3264 2585 3319 ob
2609 3262 2824 3318 vulnus
2851 3258 2999 3317 illud
3024 3261 3242 3316 honore
3270 3258 3511 3316 aﬂ‘ectus
3534 3264 3643 3322 est,
3669 3276 3875 3331 quam-

2214 3336 2302 3392 vis
2335 3353 2435 3391 rex
2464 3336 2771 3391 Persarum
2804 3338 3102 3389 auctorem
3150 3331 3344 3397 caedis,
3396 3348 3499 3403 per
3544 3347 3873 3403 praeconem

2219 3409 2290 3463 ad
2322 3407 2628 3479 praemium
2675 3406 2976 3479 vocaverit.
3014 3427 3042 3454 »
3075 3403 3295 3479 Deinde
3324 3402 3543 3479 innuit_
3566 3402 3873 3479 Julianum

2217 3496 2252 3535 a
2282 3473 2537 3551 quodam
2576 3501 2602 3531 α
2633 3478 2817 3551 milite
2848 3478 3132 3551 Romano,
3156 3497 3185 3526 »
3216 3475 3393 3531 etiam
3422 3473 3818 3551 <c_Qhristiano
3838 3497 3871 3524 ν»

2217 3546 2564 3623 percussum
2596 3549 2893 3606 cecidisse.
2928 3548 2989 3604 Id
3038 3564 3153 3603 non
3182 3552 3415 3623 veretur
3454 3546 3699 3623 Libanio
3719 3564 3873 3623 _con-

2218 3617 2419 3678 cedere
2459 3623 2839 3686 Sozomenus,
2869 3630 3043 3691 atque
3075 3637 3109 3674 a
3137 3619 3308 3691 culpa
3353 3617 3601 3674 liberare
3644 3618 3875 3674 videtur

2218 3695 2683 3773 interfectorem,_
2722 3716 2749 3773 ᾳ
2802 3694 2903 3773 qui
2940 3690 3199 3773 propter
3254 3690 3462 3773 Deum,
3519 3694 3578 3744 et
3633 3696 3873 3773 propter

2216 3783 2346 3822 eam
2376 3783 2553 3838 quam
2601 3762 2833 3838 colebat
2876 3762 3239 3838 religionemq
3276 3767 3581 3817 strenuum
3640 3762 3869 3838 facinus

2216 3834 2469 3894 edidit?»
2500 3839 2669 3894 Absit
2705 3843 2771 3892 ut
2817 3836 2876 3891 in
2926 3836 3034 3890 hac
3092 3850 3153 3889 re
3207 3834 3526 3889 Sozomeno
3578 3835 3867 3889 assentia-

2217 3926 2369 3965 mur.
2403 3916 2452 3963 A
2481 3909 2585 3965 tali
2628 3915 2870 3980 tamque
2917 3906 3183 3980 inaudito
3235 3921 3503 3980 sermone
3551 3905 3869 3980 abhorrent

2216 3999 2386 4037 aures
2416 3998 2546 4037 vere
2589 3976 3219 4049 Christianis.Semper
3260 3981 3317 4032 et
3362 3976 3581 4047 ubique
3628 3977 3870 4049 regibus

2215 4070 2281 4109 ac
2312 4054 2489 4108 etiam
2545 4052 2809 4125 tyrannis
2858 4049 3045 4125 tid_e1e,
3081 4053 3355 4125 constans
3404 4064 3470 4102 ac
3517 4055 3868 4125 perpetuum

2216 4125 2460 4199 debetur
2518 4120 2889 4199 obsequium.
2923 4122 3024 4199 Dei
3082 4120 3527 4199 hominumque
3555 4120 3689 4176 odio
3740 4138 3869 4194 pre-

2215 4198 2463 4252 mendus
2508 4202 2615 4267 est,
2648 4193 2915 4266 quisquis
2945 4193 3006 4249 in
3054 4208 3261 4264 regum
3307 4196 3408 4247 aut
3454 4193 3630 4267 etiam
3681 4193 3872 4264 tyran-

2215 4285 2426 4324 norum
2457 4263 3045 4341 vitaquua'cunque
3073 4263 3142 4341 ei
3165 4280 3349 4341 causa
3396 4263 3715 4341 sacrilegas
3746 4280 3874 4319 ma-

2216 4358 2329 4396 nus
2362 4340 2574 4412 injicit.
2601 4333 2728 4396 Nos
2768 4355 2907 4412 eum
2923 4333 3268 4412 gravissimi
3298 4333 3534 4412 sceleris
3565 4333 3775 4412 rsum,
3803 4351 3872 4390 ac

2216 4406 2613 4469 acerbissimis
2663 4406 2969 4483 suppliciis
3000 4414 3303 4483 morteque
3332 4406 3679 4483 turpissima
3721 4406 3876 4479 plec-

2214 4484 2458 4539 tendum
2488 4478 2845 4555 judicamus.
2876 4481 3043 4555 Absit
3068 4480 3263 4555 etiam
3292 4483 3357 4555 ut
3385 4494 3455 4555 ex
3484 4478 3873 4555 Theodoram,

2216 4555 2341 4627 qui,
2373 4549 2535 4626 Histi,
2569 4555 2671 4610 lib.
2704 4572 2787 4622 ιιι,
2823 4570 2873 4609 c.
2904 4551 3110 4627 25.hait
3132 4567 3144 4605 :
3170 4573 3199 4601 ‹‹
3220 4550 3343 4627 Sed
3374 4549 3492 4605 sive
3522 4549 3719 4627 homo,
3748 4552 3875 4606 sive

2217 4621 2463 4699 angelus
2505 4621 2700 4699 gladio
2725 4621 2860 4699 eum
2890 4622 3239 4699 (Julianum)
3272 4621 3595 4699 percussit,
3640 4628 3873 4699 eertum

2217 4692 2327 4771 est:
2358 4692 2696 4771 quicunque
2722 4692 2961 4771 tandem
2992 4695 3068 4771 ‘id
3117 4692 3338 4771 fecerit,
3367 4709 3519 4771 eum.
3539 4693 3752 4748 divinae
3779 4712 3877 4751 vo.

2216 4763 2462 4827 luntatis
2515 4763 2927 4826 adfninistrum
2985 4765 3196 4831 fuisse;
3230 4787 3259 4814 »
3292 4764 3465 4830 absit,
3506 4763 3774 4836 inquam,
3804 4773 3877 4821 ut

2215 4842 2350 4898 inde
2382 4841 2727 4912 colligamus
2754 4838 2975 4897 Juliani
3004 4837 3435 4912 interfectorem
3470 4836 3739 4912 quisquis
3772 4838 3873 4893 ille

2218 4914 2416 4987 fuerit,
2441 4907 2640 4987 utpote
2681 4937 2709 4964 ‹‹
2748 4912 2953 4987 divinae
3000 4907 3337 4987 voluntatis.
3368 4907 3867 4987 ad_m_i_nistrum,_r

2216 4977 2755 5041 fuisse'intioxium.
2789 4984 3004 5039 Divinas
3053 4979 3209 5035 enim
3253 4977 3571 5034 voluntatis
3614 4980 3870 5035 admini-

2216 5057 2322 5111 stri
2358 5078 2386 5105 «
2417 5056 2579 5112 fuere
2624 5056 2876 5113 Herodes
2924 5059 2980 5109 et
3028 5050 3271 5107 Pontius
3320 5049 3564 5119 Pilatus,
3596 5052 3717 5123 qui,
3746 5075 3769 5101 ι
3805 5060 3873 5106 ut

2216 5126 2277 5183 in
2320 5128 2444 5182 Act.
2477 5146 2553 5195 1v,
2583 5130 2674 5199 27,
2707 5129 2798 5195 28,
2827 5150 2846 5176 α
2880 5126 3307 5199 (convenerunt
3333 5123 3519 5199 facere
3567 5139 3699 5199 quae
3747 5140 3873 5178 ma-

2217 5216 2329 5253 nus
2360 5203 2416 5254 et
2445 5193 2759 5255 consilium
2785 5193 2892 5255 Dei
2938 5197 3321 5250 decreverunt
3345 5193 3499 5259 fieri;
3535 5217 3563 5242 ››
3595 5194 3735 5259 Quis
3782 5200 3874 5250 ta-

2216 5286 2351 5325 men
2380 5288 2481 5327 eos
2513 5271 2724 5327 dixerit
2752 5288 2785 5325 a
2814 5267 3060 5325 crimine
3114 5265 3452 5320 immunes?
3485 5265 3684 5320 nullus
3715 5274 3872 5321 certe

2216 5342 2317 5414 qui
2347 5344 2655 5400 verissima
2683 5348 2739 5398 et
2769 5343 3120 5396 inconcussa
3152 5336 3519 5414 _Christi_anze
3554 5338 3688 5393 fidei
3740 5338 3874 5393 relic

2215 5408 2524 5489 gionisque
2557 5414 2841 5489 principia
2871 5416 2989 5489 toto
3035 5409 3206 5489 corde
3236 5408 3385 5463 fovet
3414 5424 3480 5463 ac
3506 5413 3726 5489 tuetur:

2426 5480 2572 5561 111ιῖ
2589 5506 2651 5540 το
2662 5480 2765 5559 μῆ’
2784 5482 3059 5561 σφαγέως.
3089 5503 3131 5561 ‹‹“
3153 5481 3257 5561 Per
3300 5495 3489 5561 unam
3540 5480 3875 5561 interfecto-

2216 5547 2301 5612 ris
2330 5547 2695 5616 incisionem.
2722 5547 2750 5608 ἓ»
2782 5547 2944 5612 Pass.
2975 5551 3232 5609 Combef.
3264 5550 3504 5623 aliique,
3539 5557 3639 5623 μιᾷ
3667 5547 3877 5622 τόλμῃ,

2215 5628 2769 5706 ευὺιιξῐοησφαγὲως,
2796 5651 2823 5679 ‹‹
2856 5644 2991 5706 uno.
3018 5624 3227 5706 audaci
3264 5622 3553 5706 faqinore.
3580 5647 3607 5674 ››
3642 5623 3873 5706 Utram-

2215 5715 2326 5769 que
2373 5694 2677 5759 lectionem
2736 5694 3001 5774 agnoscit
3058 5696 3230 5753 Elias.
3264 5694 3469 5752 Billius
3529 5696 3759 5767 praefert
3784 5713 3878 5747 το-

2219 5774 2318 5845 μῆ-
