4202 6212
282 440 393 506 681

1272 432 1562 501 ORATIO
1609 442 1683 498 ν.
1718 473 1793 482 -
1823 431 2134 499 coN'I‘uA
2184 436 2581 505 .lULlANUM
2627 439 2701 504 ll.

3565 443 3683 505 682

284 575 331 631 ἐν
386 577 548 629 τοῦτο
604 572 703 641 τήν
756 570 895 625 κατά
942 573 1046 624 τῶν
1099 569 1292 625 ἑαυτοῦ
1341 569 1671 647 σπλάγχνων
1702 568 1924 645 πληγὴν

2069 570 2238 628 halel
2253 572 2351 629 56
2365 578 2520 631 certe
2537 576 2778 647 orbique
2798 576 3069 633 universo
3086 575 3346 633 salutare
3363 576 3579 633 vulnus
3592 596 3684 634 ac-

283 664 567 741 ἠγνόησεν.

2036 659 2272 733 cipit,ac
2295 679 2396 735 per
2417 664 2649 720 unicam
2674 664 3374 735 incisionem,multorum
3397 666 3687 723 viscerum

283 754 497 827 quibus
529 751 681 807 male
711 750 1044 808 crediderat
1082 766 1285 822 paenae
1333 748 1596 805 exsolvit.
1629 748 1791 812 Quod
1822 752 1877 803 et
1906 748 2100 820 ipsum
2152 749 2352 817 miror,
2385 769 2499 823 quo
2549 753 2721 808 modo
2749 753 2924 810 homo
2953 771 3161 821 vanus,
3195 755 3293 827 qui
3326 754 3525 811 omnia
3553 756 3689 812 hinc

282 860 344 899 se
373 842 522 899 scire
554 840 946 901 existimabat,
982 840 1088 895 hoc
1118 855 1303 894 unum
1332 838 1641 911 ignoravit,
1676 837 1958 892 nimirum
1989 836 2203 893 vulnus
2235 839 2556 896 visceribus
2590 842 2713 897 suis
2744 842 3149 915 inﬂigendum.

354 933 446 987 IA'.
498 930 679 1002 Ἀξιον
747 926 805 982 δὲ
857 924 1000 1001 μηδὲ
1046 931 1208 982 τοῦτο
1258 924 1631 1002 παραδραμεῖν
1679 929 1776 980 τοῦ
1840 924 1929 979 ἀν-

286 1018 431 1097 δρὸς,
495 1018 748 1095 μεγίστην
806 1024 906 1086 τῆς
950 1016 1155 1071 ἐκείνου
1200 1012 1622 1088 κακοδαιμονίας
1673 1016 1786 1089 (94)
1845 1013 1933 1068 ἐπὶ

284 1108 519 1170 πολλοῖς
549 1105 676 1183 ἔχον
708 1104 1000 1179 ἀπόδειξιν.
1035 1107 1247 1160 Ἔκειτο
1284 1105 1375 1178 μὲν
1411 1104 1499 1159 ἐπὶ
1528 1108 1595 1179 τῇ
1646 1098 1788 1180 ὄχθῃ
1835 1106 1933 1157 τοῦ

293 1202 565 1271 ποταμοῦ,
595 1197 685 1251 καὶ
729 1200 988 1272 πονηρῶς
1021 1196 1137 1271 εἶχε
1162 1199 1261 1250 τοῦ
1310 1193 1618 1269 τραύματος
1644 1213 1655 1225 ·
1688 1189 1933 1253 πολλοὺς

287 1287 344 1344 δὲ
401 1287 557 1348 εἷῦὼς
612 1290 720 1340 τῶν
778 1284 885 1360 πρὸ
938 1283 1102 1339 αὐτοῦ
1158 1282 1319 1356 δόξης
1372 1284 1716 1357 ἠξιωμένων,
1747 1282 1819 1343 ὡς
1877 1280 1935 1335 ἂν

287 1377 417 1452 ὐπὶρ
468 1377 746 1451 ἄνθρωπον
796 1375 1118 1447 νομισθεῖεν,
1185 1373 1408 1448 τέχναις
1464 1372 1604 1426 τισὶν
1652 1371 1702 1442 ἐξ
1731 1371 1935 1445 ἀνθρώ-

286 1486 399 1521 πων
460 1464 860 1543 ἀφανισθέειτας,
906 1463 996 1517 καὶ
1048 1459 1137 1517 διὰ
1182 1466 1342 1516 τοῦτο
1391 1460 1543 1523 Θεοὺς
1586 1460 1936 1533 νομισθέντας

286 1554 445 1632 ἔρωτι
475 1561 574 1622 τῆς
601 1552 769 1621 αὐτῆς
799 1549 962 1622 δόξης
993 1550 1278 1619 ἑαλωκώς,
1326 1548 1415 1605 καὶ
1463 1550 1577 1622 ἅμα
1624 1553 1702 1621 τῷ
1747 1547 1936 1623 τρόπῳ

284 1651 383 1713 τῆς
438 1641 699 1711 τελευτῆς
744 1638 834 1695 διὰ
887 1639 950 1695 τὸ
995 1646 1095 1709 τῆς
1140 1633 1405 1699 ἀϐουλίας
1456 1634 1643 1708 ἄδοξον
1678 1634 1935 1712 αἶσχυνό-

294 1752 473 1807 μενος,
542 1730 593 1785 τί
653 1734 990 1805 μηχανᾶται,
1042 1728 1132 1784 καὶ
1178 1727 1231 1783 τί
1277 1732 1458 1797 ποιεῖ;
1519 1723 1643 1782 οὐδὲ
1700 1726 1803 1801 γὰρ
1856 1728 1938 1797 τῷ

297 1822 399 1899 βίῳ
458 1819 895 1875 συναναλίσκεται
952 1816 1227 1893 πονηρία·
1292 1815 1442 1893 ῥίψαι
1498 1817 1635 1871 κατὰ
1686 1819 1783 1870 τοῦ
1838 1834 1937 1869 πο-

287 1915 466 1985 ταμοῦ
526 1914 778 1985 πειρᾶται
829 1908 893 1963 τὸ
951 1911 1131 1979 σῶμα,
1187 1909 1277 1961 καὶ
1333 1906 1471 1982 πρὸς
1522 1909 1682 1960 τοῦτο
1733 1901 1938 1980 ἐχρῆτό

2111 928 2252 995 XIV,
2284 930 2391 985 Sed
2425 947 2497 985 ne
2518 930 2627 987 hoc
2651 931 2890 1003 quidem
2912 934 3380 1004 praetereundum
3414 935 3686 1005 est,quod

2044 1021 2254 1088 praeter
2273 1018 2388 1074 alia
2410 1019 2943 1088 multa,maximum
2970 1023 3204 1094 perditae
3225 1022 3387 1077 illius
3417 1024 3686 1078 amentia

2041 1110 2453 1177 argumentum
2485 1106 2759 1162 habet.In
2793 1107 3054 1164 ﬂuminis
3088 1109 3215 1180 ripa
3238 1110 3686 1181 jacebat,gravi-

2043 1197 2133 1248 ter
2184 1209 2252 1248 ex
2302 1195 2540 1251 vulnere
2577 1201 2865 1269 aegrotans
2900 1215 2912 1252 :
2946 1214 3078 1252 cum
3118 1202 3314 1252 autem
3366 1198 3689 1269 permultos

2044 1297 2267 1350 eorum,
2302 1283 2402 1354 qui
2438 1288 2571 1339 ante
2603 1284 2791 1355 ipsius
2832 1288 3062 1340 aetatem
3115 1284 3362 1356 gloriam
3393 1288 3688 1341 consecuti

2046 1371 2298 1437 fuerant,
2331 1377 2397 1427 ut
2425 1372 2687 1428 humana
2717 1374 3054 1429 conditione
3102 1374 3351 1445 majores
3381 1390 3693 1429 censeren-

2044 1461 2393 1527 tur,urtibus
2409 1462 2761 1532 quibusdam
2780 1479 2849 1518 ex
2871 1461 3179 1518 hominum
3205 1463 3391 1519 oculis
3412 1480 3540 1519 sese
3561 1463 3695 1518 sub-

2047 1550 2591 1623 duxissse,eamque
2608 1552 2680 1607 ob
2704 1568 2940 1607 causam
2966 1568 3069 1624 pro
3103 1552 3217 1607 diis
3250 1552 3480 1608 habitos
3514 1552 3698 1609 fuisse

2048 1638 2239 1705 sciret,
2272 1640 2539 1709 ejusdem
2569 1639 2764 1712 gloriae
2797 1639 3117 1712 cupiditate
3147 1640 3698 1713 captus,simulque

2047 1728 2254 1783 mortis
2285 1746 2403 1784 suae
2439 1729 2672 1785 modum
2722 1733 2960 1802 pr0pter
3008 1728 3357 1785 temeritatis
3390 1729 3694 1785 infamiam

2047 1817 2418 1885 erubescens,
2452 1818 2593 1889 quid
2618 1817 2901 1874 molitur?
2927 1817 3070 1890 quid
3108 1818 3293 1873 facit?
3326 1834 3512 1889 neque
3542 1819 3697 1873 enim

2050 1904 2229 1961 simul
2252 1922 2385 1961 cum
2407 1907 2522 1962 vita
2544 1906 2891 1979 improbitas
2906 1906 3385 1980 exstinguitur:in
3406 1906 3697 1979 proﬂuen-

290 2022 396 2055 τισι
457 2001 565 2052 τῶν
622 2001 826 2053 πιστῶν
881 1997 1072 2051 ἑαυτοῦ
1119 2000 1398 2070 συνεργοῖς
1459 1994 1548 2049 καὶ
1583 1994 1806 2066 μύσταις
1833 1997 1942 2047 τῶν

2069 2009 2166 2049 .em
2198 2011 2408 2066 corpus
2430 2012 2605 2050 suum
2632 1994 2914 2067 projicere
2935 1996 3278 2065 conatur,ad
3305 2012 3552 2068 eamque
3576 2011 3695 2051 rem

292 2086 639 2164 ἀπορῥήτων.
690 2086 789 2140 Καὶ
837 2085 883 2139 εἰ
936 2085 1011 2157 μὴ
1044 2088 1151 2139 τῶν
1198 2080 1494 2158 βασιλικῶν
1528 2081 1804 2157 εὐνουχων
1835 2102 1938 2151 τις,

292 2178 353 2231 τὸ
413 2180 636 2251 πρᾶγμα
684 2173 1028 2247 αἰσθόμενος,
1087 2171 1177 2226 καὶ
1233 2176 1352 2233 τοῖς
1411 2169 1605 2231 ἄλλοις
1636 2168 1946 2243 καταμηνύ-

295 2287 414 2334 σας,
472 2264 614 2338 μίσει
670 2266 768 2317 τοῦ
821 2262 1280 2336 κακουργήματος
1334 2260 1434 2328 τήν
1508 2258 1680 2335 ὁρφήν
1759 2256 1948 2312 διεκώ-

296 2355 445 2426 λυσε,
508 2352 604 2406 κᾶν
690 2349 860 2428 ἐφάνη
934 2369 1015 2411 τις
1088 2346 1257 2411 ἄλλος
1333 2353 1450 2410 τοῖς
1522 2347 1775 2418 ἀνοήτοις
1830 2346 1947 2409 θεὸς

294 2442 412 2504 νέος
473 2441 524 2511 ἐξ
572 2441 947 2514 ἀτυχήματος·
1000 2435 1157 2492 Ἀλλ’
1204 2435 1407 2498 ἐκεῖνος
1457 2434 1599 2490 οὕτω
1645 2435 1739 2508 μὶν
1796 2435 1947 2511 βασι-

296 2532 517 2599 λεύσας,
569 2529 712 2585 οὕτω
753 2527 811 2584 δὲ
841 2527 1241 2603 στρατηγήσας,
1274 2525 1417 2581 οὕτω
1449 2524 1539 2581 καὶ
1568 2523 1825 2580 καταλύει
1854 2524 1945 2579 τὸν

301 2621 420 2698 βίον
451 2623 582 2694 (95).

372 2799 478 2855 IE'.
539 2793 927 2869 Διαδεξάμενος
985 2791 1044 2849 δὶ
1098 2793 1196 2863 τὴν

304 2889 423 2963 μετ’
466 2887 691 2955 ἐκεῖνον,
723 2886 751 2939 ὁ
814 2884 929 2958 μετ’
977 2882 1178 2938 ἐκεῖνον
1206 2880 1545 2963 ἀναρρηθεὶς
1584 2880 1637 2935 ἐν
1685 2879 1831 2952 αὐτῷ
1872 2883 1953 2951 τῷ

300 2960 652 3052 στρατοπέδῳ
691 2975 826 3047 (97),
882 2971 972 3027 καὶ
1019 2975 1088 3045 τῇ
1118 2960 1224 3025 τῶν
1274 2966 1536 3024 κινδύνων
1590 2968 1740 3042 ἀκμῇ
1790 2969 1953 3043 ἀναγ-

299 3066 473 3126 καίως
531 3062 859 3135 ὶπιζητούσῃ
914 3061 1006 3116 τὸν
1066 3058 1438 3135 ἡγησόμενον,
1493 3058 1627 3131 ἀνὴρ
1688 3058 1952 3136 ἐπιφανὴς

297 3154 368 3210 τά
398 3175 457 3209 τε
484 3152 628 3208 ἄλλα
670 3151 759 3207 καὶ
813 3152 912 3220 τήν
972 3145 1260 3221 εὐσέϐειαν,
1319 3148 1495 3202 καὶτὸ
1540 3145 1701 3215 εἶδος,
1731 3144 1953 3217 ἀληθῶς

298 3239 618 3318 τυραννίδος
675 3238 819 3310 ἄξιος
882 3241 1016 3313 (98),
1066 3237 1127 3292 τὸ
1180 3237 1275 3310 μὶν
1328 3236 1404 3298 εὶς
1436 3240 1626 3312 χεῖρας
1660 3235 1791 3290 ἴέναι
1825 3234 1957 3309 Πέρ-

1281 2790 1559 2869 βασιλείαν
1629 2790 1783 2853 εὐθὺς

305 3353 447 3397 σαις,
502 3332 536 3399 ἢ
597 3328 845 3405 προϊέναι
911 3325 1166 3400 οὐδαμῶς
1243 3325 1356 3387 οἶός
1412 3346 1469 3380 τε
1520 3327 1610 3398 ῆν,
1669 3324 1843 3379 καίτοι
1894 3344 1955 3399 γε
1987 3366 2030 3435 C

314 3421 329 3435 ιι
377 3418 401 3435 κ
479 3417 490 3435 1
682 3418 696 3435 κ
873 3428 891 3435 -
988 3414 998 3435 Ι
1152 3412 1224 3435 ’6‘
1317 3412 1401 3435 3“
1451 3410 1462 3435 Ι
1721 3418 1747 3429 θ’
1872 3433 1925 3435 αα

303 3417 555 3493 ἀνδρείας
609 3418 699 3473 καὶ
757 3414 1061 3493 προθυμίας
1110 3412 1263 3471 οὐδὲν
1314 3410 1606 3484 ἐλλείπων,
1655 3418 1752 3470 τοῦ
1797 3433 1955 3488 στρα-

302 3515 402 3564 τοῦ
461 3507 783 3584 παρεικότος
841 3508 952 3581 (99)
1002 3506 1096 3568 τὰς
1151 3510 1340 3582 χεῖρας
1396 3504 1483 3559 καὶ
1559 3504 1653 3565 τὰς
1712 3501 1959 3574 ἐλπίδας,

306 3600 486 3670 ἐζήτει
548 3596 605 3652 δὲ
658 3598 759 3666 τὴν
815 3596 1125 3669 ἀνάζευξιν·
1184 3595 1274 3649 καὶ
1343 3594 1493 3656 ὅπως
1566 3593 1626 3648 ἃν
1700 3593 1958 3672 ἀσφαλῶς

303 3687 470 3763 τύχοι
506 3689 580 3761 (1)
611 3685 805 3752 ταύτης
838 3683 1073 3756 ἐσκόπει,
1120 3682 1300 3760 ὥσπερ
1358 3683 1424 3737 οὐ
1478 3680 1775 3759 βασιλείας,
1832 3680 1959 3737 ἀλλ’

306 3778 483 3847 ἥττης
512 3776 748 3852 γεγονὼς
796 3772 1169 3848 κληρονόμος.
1219 3771 1282 3827 Ei
1344 3772 1436 3846 μὶν
1470 3771 1559 3826 οὐν
1617 3772 1692 3845 μή
1751 3770 1957 3848 Πάρσαι

304 3870 379 3939 τῇ
441 3864 561 3939 νίκῃ
620 3862 992 3939 μετριάζοντες
1039 3862 1148 3936 (καὶ
1197 3860 1298 3938 γὰρ
1357 3860 1526 3933 νόμος
1559 3860 1717 3922 οὗτος
1774 3856 1959 3923 αὐτοῖς

304 3951 504 4010 είδέναι
560 3958 771 4029 μετρεῖν
822 3951 1112 4027 εὐπραγίαν
1173 3953 1295 4024 [2]),
1352 3950 1387 4019 ἢ
1435 3970 1487 4003 τι
1521 3947 1787 4011 δείσαντες
1818 3948 1958 4005 ἄλλο

301 4049 416 4100 τῶν
475 4040 808 4117 λεγομὲνων,
871 4040 946 4101 εἷς
995 4034 1290 4113 συμϐάσεις
1342 4037 1654 4114 ἐτράποντο,
1714 4038 1802 4093 καὶ
1831 4036 1959 4092 ταύ-

300 4154 400 4188 τας
453 4128 753 4201 ἀδοκήτους
801 4128 944 4184 οὕτω
999 4128 1088 4183 καὶ
1157 4126 1598 4205 φιλανθρώπους,
1640 4124 1791 4181 οὐδὲν
1822 4125 1957 4181 ἀκώ-

304 4221 407 4277 λυε
469 4217 609 4294 μηδὲ
665 4218 943 4296 πυρφόρον
1004 4218 1105 4290 (3),
1165 4216 1195 4271 ὅ
1244 4214 1311 4286 δή
1362 4236 1539 4293 φασιν,
1572 4215 1960 4294 ὑπολειφθῆναι

300 4309 388 4383 τῷ
436 4310 683 4385 στρατῷ·
742 4310 1002 4362 τοσοῦτον
1050 4306 1199 4382 εἶχον
1259 4304 1455 4366 αὐτοὺς
1513 4305 1565 4359 οἱ
1616 4303 1812 4381 Πέρσαι
1871 4302 1961 4359 διὰ

303 4399 518 4475 χειρὸς,
576 4396 627 4451 ἂν
687 4400 759 4472 γῇ
819 4417 877 4452 τε
935 4393 1047 4467 ίδίᾳ
1106 4389 1449 4471 μαχόμενοι,
1499 4394 1589 4449 καὶ
1644 4414 1960 4470 προσεπηρ-

310 4486 469 4560 μένοι
544 4490 661 4546 τοῖς
719 4484 1036 4561 γεγονόσιν*
1104 4483 1283 4537 ἱκανὸν
1342 4482 1446 4559 γὰρ
1498 4482 1560 4536 τό
1616 4503 1667 4537 τι
1715 4482 1958 4559 προσλα-

302 4572 425 4631 ϐεῖν
485 4577 561 4648 (4)
618 4573 932 4650 εὐημερίας,
987 4571 1077 4628 καὶ
1136 4571 1271 4647 πρὸς
1298 4572 1397 4641 τήν
1431 4568 1628 4626 ἐλπίδα
1679 4576 1778 4627 τοῦ
1830 4571 1962 4644 μίλ-

381 4702 500 4772 (94)
523 4696 985 4773 Κακοδαιμονίας.
1017 4698 1277 4773 Combef.
1311 4721 1332 4773 ε
1364 4698 1602 4773 fanatici
1647 4698 1808 4756 illius
1838 4701 1968 4756 ani-

305 4770 415 4831 mi.
452 4770 485 4823 ii
513 4772 707 4843 Malim
738 4770 821 4843 _:'«
858 4770 1209 4843 malogenio
1238 4770 1467 4843 agitati.
1503 4791 1532 4820 ››

389 4844 502 4916 (95)
534 4840 800 4899 Καταλύει
846 4842 936 4896 τὸν
975 4840 1115 4916 play.
1171 4840 1541 4916 Ammianus,
1601 4840 1725 4916 lib.‘
1751 4859 1880 4914 xxv,
1914 4859 1970 4915 p.

304 4918 443 4983 291,
486 4913 523 4967 ’‹‹
574 4916 697 4987 vita
736 4920 827 4970 est
878 4913 1184 4987 absolutus
1234 4913 1664 4987 mediogncctis
1712 4913 1972 4987 horrere,

308 4995 480 5045 sexto
512 4987 638 5042 Kal.
666 4986 814 5056 (Jul.,
846 5004 999 5042 anno
1033 4985 1220 5041 aetatis
1246 4986 1315 5039 32
1346 4985 1638 5041 inchoato.
1668 5002 1698 5056 ρ

390 5060 501 5131 (96)
533 5055 731 5132 Σύβύε,
761 5054 871 5132 etc.
907 5059 1048 5132 Reg.
1080 5058 1138 5132 b7,
1169 5057 1229 5111 in
1280 5062 1459 5132 textu,
1491 5056 1590 5112 alii
1622 5054 1886 5132 plerique
1914 5056 1975 5132 in

308 5122 580 5203 margine
597 5122 893 5203 ΔἸοόισινός,
933 5152 960 5203 ι(
983 5122 1301 5203 jovianus.
1333 5151 1360 5179 »
1418 5122 1581 5185 Pass.
1623 5122 1692 5183 _et
1720 5122 1881 5184 Co‘lb.
1914 5129 1975 5195 k,

306 5198 809 5277 praeformittunt,
825 5201 949 5277 μετ’
968 5198 1182 5277 έκεῖνο]
1194 5241 1206 5255 .

386 5276 503 5344 (97)
537 5271 920 5346 Στρατοπὲδῳ.
966 5274 1093 5330 Duo
1142 5273 1260 5346 Reg

308 5339 417 5415 vqi.
455 5339 631 5416 Regg'.
669 5362 728 5413 u,
779 5362 835 5416 y,
868 5339 1027 5400 Colb.
1073 5346 1131 5409 ιι,
1192 5339 1412 5416 habent
1466 5346 1695 5416 tantum
1744 5339 1977 5416 fit).ng-

316 5409 496 5488 μὶνῳ,
531 5409 675 5488 etin
712 5409 1070 5488 margalteg.
1107 5433 1165 5481 u,
1199 5432 1289 5488 γρ.
1320 5412 1399 5488 τῷ
1431 5409 1713 5488 nclitum;
1740 5413 1975 5488 In_Reg.

311 5478 545 5561 hu,
578 5484 678 5561 xui
706 5489 806 5561 ﬁt]:
842 5478 1076 5559 υπλιίινῷ.
1130 5478 1293 5543 Pass.
1343 5478 1396 5539 tv
1445 5478 1592 5554 αὐτῷ
1639 5478 1721 5553 τῷ
1766 5478 1978 5557 πλανῷ,

315 5556 532 5630 missu,
554 5558 679 5630 μετ’
702 5556 922 5616 ἐκεῖνον.

1310 5312 1321 5325 .
1380 5270 1623 5325 addunt.
1678 5266 1978 5341 πλανωμέ-

392 5623 745 5714 (9βχξᾼξιος.
768 5631 895 5687 Duo
926 5630 1105 5703 Regg.
1139 5633 1198 5686 et
1225 5628 1388 5685 Pass.
1418 5623 1586 5695 ἄξιον.
1628 5625 1819 5683 Verba
1840 5632 1981 5685 sunt

312 5702 461 5760 Euri
510 5702 645 5759 idis.
1022 5702 1031 5703 7
1066 5702 1072 5703 “

395 5722 515 5851 (99))
543 5769 906 5848 Παρεικότος.
930 5770 1132 5832 Schol.
1161 5766 1512 5846 παρειμᾶνου.

608 5900 876 5962 Parnm.
910 5902 1022 5964 Gs.
1067 5899 1308 5964 XXXV.

2050 2082 2644 2156 nonnullorum,quos
2657 2084 2910 2140 maxime
2924 2084 3071 2141 ﬁdos
3084 2102 3364 2140 arcanoru
3376 2101 3546 2157 mque
3561 2102 3697 2140 con-

2052 2173 2206 2230 scios
2236 2174 2539 2242 habuerat,
2566 2190 2743 2246 opera
2764 2176 3224 2241 utebatur.Quod
3258 2176 3370 2230 nisi
3404 2175 3697 2246 quispiam

2054 2279 2123 2319 ex
2145 2261 2350 2318 aulicis
2372 2263 2795 2335 eunuchis,hac
2823 2279 2883 2318 re
2914 2265 3169 2336 cognita,
3194 2263 3547 2334 scelerisque
3570 2263 3702 2320 odio

2055 2356 2113 2406 et
2143 2351 2525 2408 detestatione
2552 2350 2685 2408 aliis
2711 2352 3161 2424 patefacta,buic
3191 2353 3423 2408 conatui
3448 2352 3707 2407 obstitis-

2058 2445 2165 2506 set,
2201 2457 2387 2498 novus
2420 2441 2624 2512 utique
2654 2441 2806 2497 alius
2836 2458 2905 2497 ex
2934 2440 3267 2496 calamitate
3296 2441 3443 2497 deus
3475 2440 3707 2497 stolidis

2057 2529 2399 2587 hominibus
2421 2529 2955 2601 exstitisset.Atque
2985 2529 3083 2586 ille
3112 2530 3514 2601 quidem,cum
3547 2530 3630 2585 sic
3651 2533 3709 2586 et

2060 2618 2372 2692 imperium
2403 2618 2681 2691 gessisset
2726 2622 2785 2675 et
2826 2616 3045 2675 bellum
3096 2617 3590 2686 administrasset,
3624 2618 3708 2674 sic

2062 2724 2289 2780 quoque
2318 2724 2349 2763 e
2377 2706 2496 2763 vita
2524 2707 2795 2763 discedit.

2132 2797 2249 2852 XV.
2280 2796 2490 2852 Statim
2515 2801 2709 2852 autem
2742 2800 2874 2869 post
2903 2795 3090 2868 ipsius
3113 2800 3359 2852 mortem
3391 2794 3707 2868 imperium

2062 2884 2377 2958 excipiens,
2411 2884 2509 2955 qui
2545 2891 2676 2957 post
2704 2884 2874 2941 illum
2905 2885 2963 2940 in
2996 2885 3141 2958 ipsis
3173 2885 3403 2951 castris,
3438 2890 3615 2957 atque
3648 2886 3707 2941 in

2062 2976 2192 3047 ipsa
2222 2972 2611 3046 periculorum
2647 2974 3120 3045 ﬂamma,ducem
3154 2974 3482 3029 necessario
3510 2973 3709 3045 requi-

2064 3068 2245 3131 rente,
2284 3063 2673 3119 renuntiatus
2724 3063 2932 3131 fuerat,
2983 3064 3088 3131 vir,
3122 3067 3186 3118 ut
3215 3061 3348 3118 aliis
3407 3063 3602 3135 rebus,
3630 3063 3712 3118 ita

2064 3154 2278 3227 pietate
2310 3151 2504 3207 clarus
2533 3156 2590 3207 et
2618 3151 2889 3226 insignis,
2924 3156 3097 3225 atque
3128 3151 3244 3208 oris
3276 3152 3601 3223 majestate,
3622 3168 3711 3207 re-

2064 3258 2178 3315 gno
2212 3240 2470 3313 profecto
2502 3240 2682 3313 digna
2712 3242 3013 3313 praeditus,
3034 3258 3167 3297 cum
3200 3257 3306 3296 nec
3341 3258 3551 3296 manus
3579 3257 3715 3297 cum

2067 3329 2259 3387 Persis
2290 3345 2615 3399 conserere,
2649 3346 2755 3386 nec
2798 3330 3068 3402 progredi
3101 3328 3221 3384 ullo
3272 3330 3445 3384 modo
3478 3332 3713 3401 posset;

2068 3420 2204 3475 licet
2234 3418 2452 3491 alioqui
2486 3418 2668 3473 animi
2700 3418 3123 3491 magnitudinis
3174 3422 3348 3490 atque
3399 3417 3719 3474 alacritatis

2068 3507 2242 3564 nullis
2269 3511 2465 3580 partes
2495 3508 2789 3576 deessent,
2812 3508 3076 3579 quamvis
3110 3507 3325 3563 milites
3359 3507 3631 3562 manibus
3662 3513 3721 3562 et

2067 3614 2171 3670 spe
2202 3595 2371 3652 fracti
2400 3596 2802 3668 debilitatique
2831 3602 3047 3665 essent,
3094 3601 3287 3652 castra
3339 3613 3588 3661 movere,
3623 3612 3717 3651 co-

2068 3687 2315 3759 piasque
2346 3686 2620 3740 reducere
2651 3686 2955 3758 satagebat
2987 3702 2999 3740 :
3034 3686 3233 3756 idque,
3263 3689 3328 3739 ut
3348 3690 3473 3740 tuto
3497 3684 3607 3739 sibi
3632 3684 3715 3739 fa-

2069 3792 2197 3831 cere
2226 3775 2443 3841 liceret,
2476 3774 2798 3842 laborabat,
2832 3775 3072 3846 perinde
3120 3779 3294 3845 atque
3338 3791 3451 3827 non
3484 3772 3717 3844 imperii

2069 3866 2169 3921 sed
2200 3863 2385 3919 cladis
2415 3862 2598 3919 haeres
2631 3863 3058 3929 eil‘ectus.Quod
3093 3862 3205 3918 nisi
3237 3866 3423 3917 Persae
3455 3861 3511 3915 in
3537 3861 3712 3915 victo-

2071 3955 2157 4010 ria
2187 3955 2560 4009 moderatese
2581 3952 2994 4024 gerentes(hoc
3010 3952 3165 4007 enim
3180 3952 3332 4023 apud
3355 3966 3452 4006 eos
3474 3951 3529 4004 in
3556 3968 3715 4005 more

2070 4043 2327 4116 positum
2358 4045 2467 4107 est,
2501 4042 2650 4097 I57
2688 4045 2754 4095 ut
2783 4040 2963 4096 animi
2998 4038 3462 4095 moderationem
3493 4040 3551 4093 in
3584 4055 3715 4110 pro-

2070 4128 2825 4203 speritateadhibeant),aut
2853 4127 3011 4184 aliud
3043 4128 3325 4199 quiddam
3360 4143 3722 4198 eorum,qum

2071 4221 2225 4275 fama
2257 4217 2609 4288 ferebantur,
2653 4220 3004 4287 metuentes,
3036 4218 3108 4274 ad
3170 4217 3432 4273 ineunda
3488 4217 3720 4286 foedera,

2068 4314 2125 4366 et
2154 4308 2391 4380 quidem
2425 4307 2568 4362 adeo
2599 4307 2901 4378 inopinata
2930 4311 2987 4363 et
3018 4307 3300 4375 humana,
3334 4323 3463 4362 sese
3489 4321 3723 4361 conver-

2064 4399 2298 4465 tissent,
2328 4412 2401 4452 ne
2429 4396 2643 4467 ignifer
2688 4395 2947 4467 quidem,
2980 4400 3045 4450 ut
3092 4395 3205 4451 dici
3238 4395 3406 4465 solet,
3440 4393 3726 4451 exercitui

2070 4486 2494 4561 superfuisset:
2531 4500 2721 4556 usque
2745 4484 2889 4540 adeo
2916 4499 3015 4540 eos
3038 4484 3110 4540 ad
3133 4501 3374 4540 manum
3404 4489 3590 4539 Persae
3622 4483 3725 4539 ha-

2072 4576 2310 4643 bebant,
2341 4579 2470 4629 tum
2502 4572 2563 4628 in
2594 4576 2750 4629 terra
2779 4589 2886 4628 sua
2915 4572 3417 4641 dimicantes,tum
3449 4573 3627 4628 etiam
3652 4571 3726 4627 ob

2154 4700 2230 4841 iii

2153 4773 2209 4843 (2

2085 4838 2217 4912 ξίανζ

2157 4914 2234 4989 (3)
2266 4910 2586 4989 Πυρφὸρον,
2607 4916 2718 4969 etc.
2759 4933 2785 4964 α
2826 4912 3189 4989 Igniferum,_
3232 4936 3260 4963 »
3322 4914 3376 4967 id
3408 4917 3515 4989 est,
3562 4912 3735 4989 justo.

2084 4983 2292 5066 Eliam,
2329 4983 2360 5035 ‹‹’
2390 4983 2882 5066 sacerdotem,qui
2904 5002 3145 5066 sacrum
3177 4986 3371 5066 ignem
3403 4985 3475 5066 ad
3509 4983 3730 5066 sacrifi-

2087 5057 2177 5113 cia
2208 5057 2605 5113 consumenda
2641 5056 2779 5110 olim
2800 5053 2869 5111 in
2903 5056 3054 5113 bello
3086 5053 3372 5129 gestabat.
3392 5055 3502 5129 (His
3524 5053 3735 5129 ignife-

2086 5129 2167 5185 ris
2198 5128 2634 5201 neceminferre
2664 5128 3016 5201 nefasgerat,
3068 5127 3245 5201 atque
3290 5128 3436 5200 ipsis
3486 5127 3734 5201 victores

2088 5201 2341 5257 maxime
2373 5198 2866 5270 parcebant,quod
2898 5197 3343 5256 deorum-cultui
3381 5206 3436 5254 et
3453 5197 3732 5269 obsequio

2088 5277 2257 5328 erant
2287 5270 2697 5344 consecrati.ld
2731 5275 2924 5325 autem
2947 5273 3007 5327 in
3030 5273 3317 5344 proverbii
3348 5270 3731 5344 consuetudif

2090 5361 2223 5399 nem
2254 5346 2431 5407 venit,
2465 5348 2521 5397 et
2550 5359 2651 5414 per
2680 5340 3056 5414 hyperbolem
3084 5345 3303 5400 dictum
3337 5348 3425 5398 est
3446 5340 3734 5412 deiis,qui

2090 5417 2149 5471 in
2182 5415 2378 5487 praalio
2410 5415 2588 5487 itaad
2620 5414 3077 5472 internecionem
3109 5417 3241 5472 caesi
3273 5432 3337 5470 ac
3370 5414 3551 5487 deleti
3574 5417 3733 5479 sunt,

2092 5494 2156 5544 ut
2186 5485 2257 5541 ne
2288 5487 2337 5542 is
2368 5486 2629 5559 quidem,
2663 5487 2801 5559 quid
2831 5488 2985 5559 apud
3017 5505 3116 5544 eos
3167 5486 3507 5559 bujusmodi
3541 5485 3734 5557 ignem

2097 5562 2307 5633 gestat,
2341 5558 2901 5633 cladinsuperfuerit.
2938 5581 2965 5608 »
2987 5630 3011 5633 Α,
3096 5629 3129 5633 __
3248 5558 3251 5559 ⁷
3313 5628 3329 5633 Α
3639 5612 3671 5633 ,η

2155 5619 2635 5735 Προσλαϐεῖν.
2678 5629 2809 5686 Bill.
2867 5634 2925 5687 et
2980 5629 3155 5688 Sevil.
3217 5652 3244 5681 ‹‹
3306 5628 3473 5696 forte,
3528 5619 3823 5735 «pair

3381 5894 3461 5961 22

2257 4697 2449 4793 Τέχοι.
2477 4697 2779 4793 Nlonnu'lli,
2808 4694 2996 4793 τύχηι.
3374 4769 3433 4793 Η.
3529 4765 3576 4793 Δ,

2287 4769 2618 4846 Εὗπραγίαν.
2674 4771 2837 4827 Pass.
2881 4769 3116 4843 aliique
3166 4769 3459 4838 nonnulli,
3529 4769 3726 4843 εὐπρα-

2092 5694 2227 5760 ϐεῗνξ
