4202 6212
450 475 566 534 687

1690 469 1751 529 S.
1804 467 2170 530 GllEGORII
2224 466 2611 531 THEOLOGI

3738 465 3861 531 688

454 623 617 677 pens,
658 608 715 658 et
746 605 1135 672 susceperunt
1164 604 1222 654 et
1246 599 2091 673 custodiunt,prosequeretur.

2217 604 2339 674 »ιροῦ
2395 603 2461 655 τά
2518 598 2604 655 ἴσα
2658 601 2790 676 γέρα
2844 596 3242 675 καρπούμενον.
3304 594 3493 661 Οὕτως
3552 600 3579 655 ὁ
3637 599 3858 673 ἡμέτε-

453 694 591 749 Tale
622 692 732 746 fuit
761 689 1134 762 imperatoris
1169 690 1353 745 nostri
1387 691 1580 745 funus.

522 779 875 836 XVIII.Huic
909 784 1131 845 contra,
1156 796 1289 833 cum
1324 779 1509 850 turpis
1541 783 1597 834 et
1627 779 1779 834 fmda
1808 778 2099 852 expeditio

453 870 882 942 (exagitabatur
904 868 1060 923 enim
1091 886 1125 923 a
1155 868 1388 940 populis
1420 873 1477 924 et
1520 869 1782 938 urbibus,
1816 868 2098 940 publicis-

453 974 567 1031 que
594 962 651 1015 et
680 957 1028 1013 scurrilibus
1067 957 1326 1024 vocibus,
1378 975 1626 1029 quarum
1679 975 1834 1014 nunc
1865 974 2099 1029 quoque

454 1046 733 1121 permulti
775 1046 1215 1117 meminerunt),
1274 1052 1400 1101 tum
1450 1063 1583 1102 vero
1648 1048 1877 1118 turpior
1923 1053 2097 1118 atque

454 1136 903 1209 ignominiosior
951 1135 1173 1192 reditus
1232 1135 1497 1207 contigit.
1560 1137 1693 1200 Quae
1752 1153 1922 1207 porro
1973 1136 2097 1191 haec

451 1224 779 1297 ignominia
800 1225 968 1281 erat?
1001 1224 1161 1279 Mimi
1196 1230 1252 1280 et
1290 1224 1605 1280 histriones
1636 1241 1769 1280 eum
1802 1225 2096 1281 ducebant

450 1316 802 1387 probrisque
834 1331 867 1370 a
896 1330 1070 1370 scena
1098 1314 1390 1386 petitis,ac
1411 1313 1682 1370 ludibriis
1706 1314 2094 1386 incessebant,

452 1404 623 1475 eique
654 1404 788 1459 fidei
806 1403 1258 1475 abjurationem,
1291 1408 1348 1459 et
1375 1403 1623 1471 cladem,
1656 1403 1905 1475 vitaeque
1921 1404 2096 1460 ﬁnem

452 1491 888 1562 exprobrantes.
940 1490 1089 1557 Quid
1141 1491 1297 1547 enim
1347 1507 1417 1547 ex
1455 1490 1531 1546 iis
1577 1508 1691 1547 non
1742 1492 2007 1548 fecerunt
2035 1508 2100 1548 ac

450 1580 876 1652 dixeruntque:
909 1580 1246 1651 hujusmodi
1282 1580 1676 1652 homines,qui
1711 1580 2098 1652 petulantiam

452 1686 554 1741 pro
586 1674 710 1725 arte
738 1669 978 1739 habent,
1022 1672 1358 1740 perpetrare
1406 1673 1859 1735 consueverunt,
1905 1669 2099 1739 quoad

451 1774 585 1814 eum
611 1759 851 1814 tandem
884 1759 1192 1814 Tarsensis
1242 1757 1447 1813 civitas
1498 1757 1730 1830 excipit,
1788 1757 1945 1813 haud
1977 1757 2099 1814 scio

452 1847 830 1920 quomodo,et
860 1863 1036 1919 quam
1060 1847 1131 1902 ob
1164 1847 1543 1913 causam,hac
1564 1846 1925 1903 contumelia
1952 1846 2103 1901 mul-

2213 709 2304 763 ρος
2332 691 2465 764 (32).

2282 780 2387 836 ΙΗ’.
2420 784 2509 850 Τῷ
2541 777 2598 834 δὲ
2640 779 2843 854 αἰσχρὰ
2893 779 2984 851 μὲν
3014 778 3079 832 τὰ
3126 783 3228 846 τῆς
3275 776 3614 853 ἐκστρατείας
3662 778 3863 850 (ῆλαῦ-

2208 889 2327 923 νετο
2378 866 2580 941 δήμοις
2628 868 2715 923 καὶ
2766 866 2982 940 πόλεσι,
3034 866 3123 921 καὶ
3169 872 3375 943 φωναῖς
3422 865 3716 939 δημοσίαις
3766 870 3860 923 καὶ

2214 956 2598 1033 βωμολόχοις,
2624 959 2697 1011 ὦν
2733 953 2809 1012 ἔτι
2840 955 2929 1011 καὶ
2975 961 3066 1010 νῦν
3113 956 3165 1010 οἱ
3215 953 3422 1010 πολλοὶ
3475 959 3588 1029 (33)
3638 979 3859 1030 μνημο-

2210 1047 2499 1119 νεύουσιν),
2552 1043 2840 1122 ἀδοξοτέρα
2880 1044 2936 1100 δὲ
2974 1048 3008 1115 ἡ
3042 1042 3322 1107 ἐπάνοδος.
3352 1044 3444 1107 Τίς
3476 1042 3533 1099 δὲ
3562 1048 3596 1114 ἡ
3632 1044 3858 1118 ἀδοξία;

2211 1136 2389 1207 Μῖμοι
2422 1136 2653 1210 γελοίων
2686 1138 2822 1210 ἦγον
2868 1134 3049 1203 αὐτὸν,
3093 1133 3181 1188 καὶ
3212 1139 3327 1195 τοῖς
3376 1133 3481 1187 ἀπὸ
3520 1141 3620 1203 τῆς
3652 1142 3860 1206 σκηνῆς

2210 1218 2453 1298 αἶ’σχεσιν
2501 1223 2840 1297 ἐπομπεύετο
2897 1221 3337 1296 καταυλούμενός
3387 1244 3446 1277 τε
3500 1223 3591 1277 καὶ
3658 1245 3855 1298 κατορ-

2210 1309 2483 1387 χούμενος
2514 1315 2646 1386 (34),
2678 1313 2767 1367 καὶ
2814 1314 2914 1381 τὴν
2966 1309 3211 1387 ἄρνησιν,
3244 1312 3334 1366 καὶ
3380 1312 3479 1380 τὴν
3532 1312 3724 1385 ἧτταν,
3766 1313 3857 1368 καὶ

2207 1400 2270 1455 τὸ
2298 1399 2458 1464 τέλος
2502 1399 2925 1475 ὀνειδιζόμενος.
2972 1402 3069 1455 Καὶ
3118 1399 3172 1454 τί
3223 1401 3327 1476 γὰρ
3377 1399 3441 1456 οὐ
3481 1399 3706 1476 πάσχων
3753 1422 3857 1457 κα-

2207 1494 2317 1545 κῶν
2494 1509 2507 1560 ;
2539 1490 2592 1546 τί
2624 1488 2680 1546 δὲ
2710 1491 2811 1547 οὐκ
2840 1488 3050 1546 ἀκούων
3083 1492 3165 1551 οἷς
3197 1491 3247 1545 οἱ
3277 1493 3519 1545 τοιοῦτοι
3558 1491 3856 1545 νεανιεύον-

2208 1599 2315 1651 ται,
2344 1579 2545 1655 τέχνην
2575 1582 2673 1650 τὴν
2725 1576 2878 1656 ὕϐριν
2933 1578 3170 1656 ἔχοντες,
3201 1576 3304 1642 ἕως
3338 1581 3372 1650 ἡ
3406 1580 3652 1654 Ταρσέων
3701 1580 3861 1634 αὐτὸν

2214 1667 2535 1745 ὑποδέχεται
2567 1672 2676 1744 (36)
2707 1668 2893 1739 πόλις,
2943 1669 3042 1725 οὐκ
3091 1666 3191 1724 οἶδ’
3239 1670 3388 1731 ὅπως
3437 1672 3528 1723 καὶ
3582 1669 3688 1723 ἀνθ’
3734 1670 3860 1724 ὃτου

2210 1760 2309 1829 τήν
2341 1753 2493 1835 ὕϐριν
2526 1758 2724 1829 ταύτην
2752 1760 3131 1836 κατακριθεῖσα
3162 1776 3177 1828 ;
3213 1760 3377 1813 Ἔνθα
3427 1755 3483 1813 δέ
3528 1759 3581 1813 οἳ
3769 1759 3862 1813 τέ-

2215 1868 2374 1919 μενος
2431 1845 2648 1922 ἄτιμον,
2707 1848 2795 1903 καὶ
2851 1850 3019 1925 τάφος
3077 1847 3367 1924 ἐξάγιστος,
3424 1847 3514 1902 καὶ
3574 1848 3699 1910 ναὸς
3748 1849 3860 1921 (38)

454 1941 608 1993 ctata
625 1940 647 1993 Ρ
662 1937 766 1993 Hic
787 1936 872 1991 illi
898 1938 1098 1993 fanum
1116 1936 1783 2010 ignobile,tumulusque
1805 1938 2097 2009 impurus,

2217 1937 2574 2006 ἀπόπτυστος,
2605 1935 2695 1993 καί
2727 1934 2853 1993 οὐδὲ
2881 1937 3067 1999 θεατὸς
3098 1932 3330 1992 εὐσεϐῶν
3364 1932 3540 2011 ὂψεσι.

454 2027 859 2098 templumque
908 2028 1354 2099 exsecrandum,
1383 2043 1448 2083 ac
1478 2042 1550 2082 ne
1594 2027 1827 2099 piorum
1860 2027 2098 2097 quidem

453 2115 639 2172 oculis
670 2114 1005 2187 spectabile.

527 2204 670 2259 XIX.
702 2207 886 2274 Atque
916 2204 1059 2271 haec,
1094 2208 1159 2259 ut
1189 2204 1446 2260 maxima
1476 2208 1534 2261 et
1562 2205 1910 2277 gravissima
1942 2204 2102 2261 illius

449 2293 716 2357 crimina,
749 2310 1018 2349 sermone
1048 2293 1389 2365 complexus
1420 2310 1576 2362 sum,
1611 2311 1724 2350 non
1757 2294 1977 2366 alioqui
2002 2311 2101 2351 ne-

445 2382 866 2451 sciue,duobus
898 2387 1000 2438 aut
1028 2382 1219 2437 tribus
1242 2382 1450 2439 aulicis
1482 2383 2104 2454 adulatoribus,eique

444 2471 745 2544 impietate
780 2472 1026 2544 paribus
1060 2471 1225 2543 (alios
1256 2472 1410 2527 enim
1468 2473 1735 2528 consulto
1776 2474 2098 2545 praetereo).

450 2565 675 2616 tantam
715 2560 1038 2633 impietatis
1087 2561 1416 2615 mercedem
1451 2560 1813 2632 persolutam
1859 2577 2010 2630 esse,
2044 2566 2108 2619 ut

448 2649 613 2705 nulla
643 2666 736 2706 res
769 2650 1065 2705 obstitura
1110 2649 1408 2704 videretur
1445 2650 1766 2720 quominus
1800 2650 1911 2720 ipsi
1944 2650 2103 2707 brevi

450 2744 636 2795 terras
667 2754 873 2795 omnes
898 2742 955 2793 et
984 2737 1169 2793 maria
1192 2737 1591 2794 Romanorum
1611 2738 1884 2810 imperito
1915 2740 2112 2811 subje-

452 2834 545 2885 cta
575 2832 773 2885 essent
819 2826 1150 2900 expilaturi,
1201 2828 1316 2883 nisi
1367 2827 1680 2883 secundior
1710 2828 1885 2883 rebus
1917 2828 2108 2883 exitus

453 2918 746 2974 maturius
800 2916 1165 2990 contigisset.
1212 2918 1368 2973 Adeo
1412 2917 1737 2974 latrociniis
1776 2922 1832 2973 et
1863 2918 2108 2974 avaritia

450 3012 678 3064 veteres
700 3006 833 3063 illos
863 3006 1237 3062 Centimanos
1284 3007 1615 3063 vincebant.
1664 3007 2104 3063 Provinciarum

454 3114 627 3170 porro
658 3096 906 3168 imperia
937 3112 1051 3152 non
1075 3096 1313 3166 Optimis
1361 3101 1419 3152 et
1449 3097 1962 3165 moderatissimis,
1996 3098 2098 3153 sed

450 3185 880 3243 crudelissimis
903 3184 1244 3242 hominibus
1268 3186 1737 3256 mandabantur;
1759 3188 1799 3241 1
1814 3187 1915 3241 60
1931 3191 2109 3258 atque

454 3277 529 3332 ad
576 3276 856 3332 honorem
911 3279 968 3330 et
1010 3274 1358 3347 dignitatem
1418 3275 1676 3346 aliquam
1726 3275 2104 3331 obtinendam

2284 2206 2384 2260 16'.
2445 2203 2543 2258 Καὶ
2615 2202 2782 2259 ταῦτα
2858 2201 3083 2275 διῆλθον
3139 2204 3213 2265 ὡς
3289 2206 3403 2278 (39)
3471 2206 3695 2281 μέγιστα
3750 2211 3860 2263 τῶν

2215 2294 2417 2349 ἐκείνου
2445 2295 2920 2370 κατηγορημάτων
2968 2293 3057 2348 καὶ
3107 2295 3431 2367 κυριώτατα,
3483 2293 3583 2349 οὐκ
3618 2295 3855 2371 ἀγνοῶν,

2214 2383 2298 2438 ὅτι
2329 2379 2445 2437 δυσὶ
2479 2386 2592 2457 (40)
2627 2383 2722 2456 μὲν
2771 2383 2860 2438 καὶ
2888 2383 3032 2458 τρισὶ
3079 2388 3187 2437 τῶν
3214 2382 3337 2457 περὶ
3386 2384 3451 2438 τὰ
3487 2382 3734 2459 βασίλεια
3762 2406 3856 2440 κο-

2218 2472 2420 2542 λάκων,
2479 2473 2567 2526 καὶ
2623 2473 2723 2541 τήν
2782 2467 3025 2527 ἀσέϐειαν
3085 2472 3368 2544 ὁμοτίμων
3430 2473 3575 2546 (τοὺς
3603 2474 3703 2549 γὰρ
3762 2472 3859 2528 ἆλ-

2218 2560 2347 2622 λους
2406 2562 2541 2617 ἑκὼν
2602 2560 2879 2635 παρίημι),
2938 2565 3196 2637 τοσρῦτος
3249 2558 3408 2632 ἐδόθη
3466 2568 3567 2631 τῆς
3620 2557 3862 2625 ἀσεϐείας

2221 2652 2432 2723 μισθὸς,
2466 2649 2601 2706 ὥστε
2631 2648 2782 2705 οὐδὲν
2817 2649 3051 2706 ἒκώλυεν
3080 2650 3228 2713 ἐντὸς
3277 2649 3465 2725 ὀλίγου
3496 2650 3721 2727 χρόνου,
3754 2658 3861 2707 πᾶ-

2218 2760 2309 2794 σαν
2345 2738 2537 2803 αὐτοὺς
2590 2740 2648 2794 ἃν
2690 2737 2979 2810 ληΐσασθαι
3008 2741 3107 2809 τήν
3160 2740 3263 2795 ὑπὸ
3312 2739 3606 2813 Ῥωμαίοις
3655 2743 3753 2816 γῆν
3804 2763 3863 2797 τε

2215 2829 2305 2883 καὶ
2351 2829 2617 2893 θάλασσαν
2674 2832 2808 2904 (41),
2862 2830 2906 2884 εἷ
2955 2829 3031 2902 μὴ
3081 2832 3270 2884 θᾶττον
3319 2829 3485 2903 πέρας
3535 2827 3693 2896 ἐδόθη
3739 2836 3862 2894 τοῖς

2216 2918 2492 2994 πράγμασι
2550 2916 2741 2989 δεξιόν·
2789 2922 3047 2973 τοσοῦτον
3092 2912 3461 2993 ὑπερέϐαλλον
3512 2916 3732 2991 λῃστείᾳ
3766 2919 3858 2974 καὶ

2218 3004 2495 3079 ἀπληστίᾳ
2526 3009 2635 3081 (42)
2654 3008 2781 3069 τυὸς
2802 3007 2927 3083 πρὶν
2956 3006 3407 3082 ἒκατοντάχειρας
3429 3009 3560 3081 (43)·
3596 3008 3650 3061 αἱ
3671 3004 3726 3062 δὲ
3748 3013 3857 3063 τῶν

2218 3094 2380 3149 ἐθνῶν
2407 3095 2574 3172 ἀρχαὶ
2605 3095 2666 3150 οὐ
2696 3101 2812 3158 τοῖς
2845 3095 3285 3163 ἐπιεικεστάτοις,
3336 3093 3481 3150 ἀλλὰ
3532 3101 3647 3157 τοῖς
3696 3098 3860 3152 ἁπαν-

2218 3185 2589 3260 θρωποτάτοις
2640 3184 3053 3262 ἐνεχειρίζοντοο
3111 3184 3201 3239 καὶ
3265 3185 3362 3257 μία
3412 3188 3597 3261 ψῆφος
3652 3186 3720 3254 ἦν
3782 3185 3862 3248 έίς

2218 3272 2419 3348 ἀρχὴν,
2450 3276 2485 3343 ἠ
2509 3269 2830 3351 παράϐασις,
2861 3273 2950 3329 καὶ
2994 3272 3055 3329 τὸ
3082 3279 3269 3349 τυχεῖν
3316 3276 3425 3328 τῶν
3474 3275 3602 3345 παρ’
3649 3272 3857 3330 ἐκείνου

452 3381 639 3421 unum
653 3364 1000 3436 suffragium
1014 3367 1200 3434 erat,a
1213 3364 1326 3419 ﬁde
1339 3364 1606 3432 defectio;
1628 3368 1685 3419 et
1706 3364 1853 3419 utab
1871 3380 1935 3419 eo
1950 3364 2099 3420 dona

2217 3360 2454 3437 δωρεῶν,
2483 3350 2611 3426 τοὺς
2657 3363 2724 3419 τὰ
2764 3364 2991 3419 κάκιστα
3035 3362 3160 3438 περὶ
3208 3363 3412 3418 ἑαυτῶν
3462 3364 3573 3436 (44)
3624 3363 3856 3453 βουλευο

454 3452 1081 3525 consequerentur,qui
1098 3452 1209 3507 sibi
1223 3452 1368 3524 ipsis
1381 3453 1635 3523 pessime
1649 3453 2104 3509 consuluissent.

526 3542 793 3608 XX.Quid
822 3557 1137 3598 causarum
1177 3542 1618 3598 immutationes
1650 3541 2110 3614 inﬂexionesque

460 3647 1072 3704 commemorem,quae
1104 3630 1450 3703 plerumque
1490 3630 1793 3701 interjecta
1821 3621 2110 3687 duntaxat

464 3739 583 3779 una
612 3726 781 3776 nocte
810 3720 1330 3776 commutabantur
1358 3737 1423 3775 ac
1453 3719 1961 3787 convertebantur,
1988 3737 2101 3776 non

463 3828 634 3869 secus
664 3826 729 3865 ac
759 3809 1041 3865 ﬂuctuum
1068 3808 1586 3882 reciprocationes;
1621 3810 2100 3881 quandoquidem

449 3906 505 3957 et
528 3903 631 3972 jus
660 3900 852 3955 dicere
880 3898 1111 3955 volebat
1146 3899 1236 3953 vir
1264 3898 1554 3971 egregius,
1607 3898 1804 3953 omnia
1832 3897 2102 3955 videlicet

447 3992 520 4045 ob
553 3988 748 4061 gloria;
780 3988 1041 4043 studium
1076 3987 1187 4044 sibi
1218 3987 1548 4060 arrogans?
1569 3986 1747 4043 Parva
1779 3988 2027 4043 fortasse
2042 3991 2100 4043 et

442 4094 727 4150 perquam
757 4079 967 4149 exigua
996 4077 1245 4133 crimina
1275 4076 1545 4150 colligere
1565 4076 1783 4145 videar,
1813 4093 1877 4131 ac
1912 4078 2096 4133 maxi-

444 4166 557 4222 mis
590 4182 692 4236 per
721 4167 926 4235 exigua
957 4166 1208 4221 dedecus
1239 4166 1472 4221 inferre.
1519 4166 1801 4221 Caeterum
1833 4165 1977 4221 illud
2007 4169 2095 4223 fa-

441 4255 687 4310 tendum
723 4253 959 4320 est,haec
981 4253 1188 4326 Elysiis
1214 4255 1438 4325 campis
1469 4254 1709 4309 minime
1738 4255 1916 4327 digna
1939 4272 2089 4327 esse,

655 4372 843 4449 Olim;
864 4374 1096 4449 _6._Reg.
1130 4377 1250 4445 bm,
1282 4374 1439 4435 οὗτος
1468 4375 1516 4430 ὁ.

512 4443 623 4518 (33)
653 4445 715 4499 O't
745 4443 971 4518 πολλοί.
1006 4443 1295 4518 Plerique,
1328 4453 1385 4502 et
1428 4446 1682 4518 potiores
1713 4450 1940 4507 codices
1969 4469 2083 4509 non

439 4516 788 4592 agnoscunt,
821 4516 893 4592 ol.

508 4592 619 4662 (34)
670 4584 1133 4662 Καταυλούμενος,
1184 4591 1292 4662 etc.
1345 4589 1796 4662 Greecagsonant
1836 4608 1849 4647 :
1883 4615 1912 4642 «
1945 4610 2078 4649 cum

2220 3451 2505 3525 σαμένους.

2288 3548 2362 3599 Κ’.
2396 3540 2456 3595 Τί
2489 3539 2536 3596 δ’
2567 3540 2626 3596 ἂν
2685 3540 2732 3596 εἴ
2791 3539 3014 3616 λέγοιμι
3074 3542 3182 3614 (45)
3227 3537 3390 3595 δικῶν
3427 3541 3730 3612 μεταθέσεις
3771 3544 3862 3597 καὶ

2220 3631 2558 3704 μετακλίσεις
2613 3633 2727 3703 (46)
2785 3628 2873 3686 διὰ
2934 3631 3102 3705 μέσης
3161 3633 3274 3704 (47)
3338 3630 3531 3693 νυκτὸς
3586 3629 3864 3695 πολλάκις

2218 3714 2713 3793 μεταϐαλλομένων
2744 3720 2834 3774 καὶ
2881 3720 3377 3793 περιτρεπομένων,
3431 3718 3611 3795 ὥσπερ
3661 3721 3855 3793 ἀμπώ-

2209 3806 2362 3870 τιδας
2389 3809 2525 3881 (48)·
2559 3806 2675 3862 ἐπεὶ
2705 3808 2794 3862 καὶ
2834 3804 3066 3875 δικάζειν
3097 3807 3124 3860 ὁ
3152 3803 3409 3883 γεννάδας
3457 3806 3634 3876 ἠξίου,
3684 3808 3858 3862 πάντα

2210 3896 2401 3951 ἑαυτοῦ
2433 3894 2521 3951 διὰ
2559 3895 2875 3974 φιλοτιμίαν
2925 3894 3258 3968 ποιούμενος
3290 3912 3303 3963 ;
3335 3892 3493 3969 Τάχα
3524 3893 3583 3949 ἂν
3613 3898 3730 3969 (49)
3763 3918 3853 3969 μι-

2204 3985 2309 4060 κρὰ
2338 3983 2459 4039 λίαν
2510 3984 2754 4061 ἐγκαλεῖν
2803 3982 3040 4057 δόξαιμι,
3092 3984 3180 4038 καὶ
3226 3984 3293 4038 τὰ
3344 3982 3565 4059 μέγιστα
3607 3990 3723 4046 τοῖς
3763 4008 3854 4057 μι-

2203 4080 2356 4149 κροῖς
2413 4070 2770 4150 καθυϐρίζειν.
2830 4073 2981 4143 Πλήν
3032 4094 3095 4148 γε
3153 4071 3535 4146 ὁμολογείσθω
3577 4074 3714 4145 (50),
3766 4073 3853 4128 δτι

2202 4163 2305 4218 οὐκ
2348 4162 2612 4219 Ἠλυσίων
2666 4160 2864 4217 πεδίων
2923 4160 3043 4233 ἄξια
3105 4166 3291 4233 ταῦτα,
3351 4158 3480 4215 οὐδὲ
3528 4164 3626 4229 τῆς
3658 4160 3850 4217 Ῥαδα-

2203 4254 2435 4326 μάνθυος
2465 4252 2635 4307 ἐκεῖσε
2674 4250 2857 4325 δόξης,
2905 4251 2973 4321 ἧς
3028 4251 3218 4327 μοίρας
3266 4250 3501 4323 ἀξιοῦσιν
3556 4250 3759 4306 ἐκεῖνον
3789 4253 3848 4307 οἱ

2269 4378 2379 4449 (41)
2416 4378 2522 4446 Γῆν
2552 4397 2612 4431 τε
2642 4376 2731 4431 καὶ
2761 4376 3053 4434 θάλασσαν.
3086 4377 3181 4432 Sic
3211 4376 3477 4449 plerique
3519 4377 3687 4432 codd.
3731 4377 3844 4433 De-

2195 4456 2334 4506 sunt
2363 4451 2420 4523 in
2452 4451 2593 4523 Reg.
2626 4451 2747 4523 bm.

2189 4596 2212 4648 ι
2264 4522 2376 4594 (42)
2408 4518 2732 4592 Ἀπλῖηστίᾳ.
2784 4544 2813 4572 ‹‹
2864 4518 3187 4577 Insatiabili
3234 4518 3484 4575 habendi
3545 4519 3841 4591 cupidita-

2214 4609 2264 4648 θ.
2300 4616 2329 4644 ››

2300 4616 2329 4644 ))

433 4658 712 4737 tibiarum
732 4666 910 4737 cantu
935 4676 1001 4737 ac
1027 4658 1406 4737 saltationum
1432 4660 1689 4717 motibus
1711 4664 1839 4731 ejus
1864 4681 2078 4737 pompa
2111 4723 2149 4737 ἢ
2190 4731 2203 4737 _
2261 4664 2370 4737 (43)
2431 4662 2930 4737 Ἐκατοντάχειρας.
2989 4662 3082 4717 Sic
3158 4660 3419 4733 plerique
3489 4661 3661 4717 codd.
3728 4662 3840 4718 Ed.

433 4735 689 4810 turpiter
712 4732 1191 4810 deducebatur,»
1225 4735 1332 4810 etc.
1500 4803 1643 4810 ..-ω
1735 4723 1758 4731 ”
1831 4723 1883 4810 ’⁸
2004 4723 2024 4737 ⁸

2217 4723 2594 4810 κάτόῆίχβιρας·

502 4802 614 4877 (35)
646 4805 857 4860 Κακῶν.
891 4803 981 4858 Sic
1011 4807 1260 4873 quatuor
1288 4804 1464 4874 Regg.
1500 4803 1667 4870 Editi,
1710 4802 1895 4860 κακόν.

504 4878 611 4932 (36)
659 4872 1029 4932 Ὑποδέγεται.
1093 4879 1281 4932 Pass..
1340 4878 1504 4930 Herv.
1566 4880 1622 4929 et
1680 4876 1834 4932 Sav..
1886 4874 2072 4931 ὑπεδέ-

2220 4802 2680 4932 λ(44(Ἒὲιυτῶν.
2740 4804 2919 4861 Savil.
2981 4810 3039 4861 et
3087 4809 3215 4859 Par.
3278 4802 3524 4873 addunt,
3576 4802 3666 4856 καὶ
3726 4806 3840 4857 τῶν

2297 4900 2393 4932 (υν-

504 4872 611 4949 (36)
659 4872 1041 4950 Ὑποδέχεταιζ
1093 4879 1281 4940 Pass.,
1340 4872 1504 4930 Hewt‘v.
1566 4880 1622 4929 et
1680 4876 1834 4941 Sav.,
1886 4874 2072 4931 ὑπεδέ-
2185 4872 2393 4933 ἄλλων.

428 4964 610 5099 ﬁgi)
644 5014 709 5099 f3}:
738 5016 810 5099 ρὶ.
840 5017 931 5099 με.
960 5016 1223 5099 plerique
1255 5016 1501 5099 codices.
1537 5012 1783 5099 Sav.,‘et
1823 5016 1899 5072 οἷ.

522 5087 613 5159 38)
643 5087 803 5150 Ναός.
839 5087 1012 5145 Deest
1059 5087 1141 5142 ini
1173 5088 1353 5143 Oxon.
1408 5089 1466 5141 in
1528 5104 1626 5143 sex
1676 5088 1881 5160 Regg.,
1910 5089 2003 5145 Or.
2038 5092 2062 5146 1

424 5166 534 5217 etc.
566 5165 905 5231 Agnoscunt
934 5166 1132 5215 tamen
1165 5162 1324 5215 bonae
1358 5166 1503 5215 notae
1548 5161 1797 5215 codices.
1835 5162 2068 5218 Redun-

423 5234 559 5289 dare
586 5232 930 5289 Combeﬁsio
965 5248 1080 5286 non
1112 5231 1363 5298 videtur,
1399 5231 1609 5286 Omisit
1641 5232 1868 5289 Billius.

515 5306 604 5376 39)
633 5308 738 5364 Ὡς.
771 5310 904 5376 S_av.
933 5300 1034 5357 ὅτι.
1082 5302 1239 5376 Colb.
1275 5304 1332 5376 lt,
1366 5301 1438 5362 ὡς
1472 5302 1742 5376 μέγιστον.

512 5370 601 5444 40)
630 5376 753 5431 ’Ότι
786 5371 928 5441 δυσί,
980 5379 1089 5429 etc.
1157 5374 1418 5444 Plerique
1473 5370 1729 5444 codices,
1786 5373 1860 5435 ὡς
1921 5370 2061 5431 δυσί.

420 5448 506 5503 Ita
535 5446 945 5503 emendaverat
975 5446 1495 5501 Billius.Caaterum
1528 5448 1625 5516 qui
1658 5447 1776 5501 sint
1807 5446 1889 5500 illi
1924 5448 2060 5514 duo,

416 5518 508 5575 vel
539 5524 659 5575 tres
688 5519 865 5592 aulici
893 5518 1246 5592 adulatores,
1281 5534 1396 5573 non
1421 5512 1794 5592 consentiunt
1817 5512 2061 5588 scripto;
2245 5512 2355 5592 (49)
2374 5512 2539 5592 Ταχα
2568 5540 2651 5587 αν,
2686 5518 2819 5592 etb.
2840 5518 2967 5573 Non
2997 5517 3188 5592 pauci,
3211 5515 3345 5590 Τάχ¹
3366 5512 3457 5592 ῥὶν.
3502 5535 3525 5565 ι
3561 5516 3831 5592 Objicere

414 5607 528 5663 res.
566 5592 743 5649 Nobis
772 5590 869 5646 alii
903 5606 1017 5663 non
1050 5590 1519 5663 videntur,quam
1554 5590 1941 5663 Ecclesiarurn
1964 5608 2059 5646 ex-
2170 5588 2389 5648 videar.
2420 5588 2609 5648 n'Bill.
2646 5590 2941 5663 prioribus
2973 5588 3189 5659 c’uris,«
3224 5588 3600 5660 maximaque
3632 5588 3836 5662 parvis

454 5661 710 5731 ilatores,
745 5663 817 5719 de
846 5661 1062 5734 quibus
1112 5677 1274 5734 num.
1318 5662 1390 5734 Δ11
1444 5661 1736 5734 imprimis
1786 5661 2059 5718 Julianus
2169 5663 2603 5734 dedecorareget
2625 5661 2868 5734 elevare.
2908 5684 2929 5711 ι

462 5735 667 5810 rientis
695 5729 910 5810 eomes,
943 5732 1098 5810 Felix
1124 5737 1181 5789 et
1210 5731 1490 5810 Elpidius.
1524 5729 1669 5790 Vide
1699 5735 1934 5810 Eutrop.
1968 5734 2058 5790 Li-

2239 5736 2355 5807 (50)
2384 5732 2815 5810 Ὀμολογείσοω.
2848 5734 3009 5791 Pass.
3037 5729 3503 5809 ὁμολογείτωσαν.

412 5806 678 5886 banium,
709 5824 768 5885 p.
801 5807 907 5865 307
938 5808 994 5863 et
1023 5822 1172 5880 seq.,
1205 5803 1419 5874 Amm,
1452 5803 1490 5860 l.
1521 5822 1662 5876 xxxi,
1696 5824 1752 5880 p.
1785 5803 1911 5862 220.

2252 4952 2365 5020 (45)
2392 4944 2625 5021 δ’-ἃν
2659 4946 2703 5021 εί
2731 4943 2976 5021 λέγοιμι.
3011 4944 3372 5021 Quida_m_,_'l‘_l
3407 4943 3453 4998 δ’
3486 4943 3544 4997 ἃν
3580 4942 3829 5021 λέγοιμι.

2183 5013 2313 5086 Alii,
2338 5013 2398 5073 Τί
2433 5017 2489 5073 δὲ
2521 5018 2588 5091 εἷ,
2621 5019 2732 5091 vel,
2764 5013 2823 5074 Tl
2854 5013 2929 5089 δέ,
2962 5021 3071 5083 vel,
3092 5017 3151 5070 Τί
3183 5013 3268 5091 δαὶ
3298 5013 3539 5091 λέγοιμι.

2251 5094 2363 5165 (46)
2394 5088 2768 5152 Μετακλίσεις.
2832 5092 2974 5163 Reg.
3032 5092 3154 5159 bm,
3214 5088 3386 5145 Colb.
3436 5088 3491 5159 k,

2180 5181 2306 5217 σεις.

2248 5183 2360 5306 L(E7)
2394 5234 2489 5306 Διᾷ
2522 5231 2712 5305 μέσης.
2746 5238 2883 5306 Reg.
2925 5234 3049 5301 bm,
3103 5228 3192 5286 διὰ
3238 5230 3436 5300 πάσης.
3472 5232 3535 5286 In
3568 5237 3828 5287 montac.

2176 5303 2264 5380 γρέ
2286 5303 2595 5380 μεσούσης.

2189 5370 2223 5380 ”
2247 5370 2359 5449 (48)
2390 5370 2593 5451 Ὥσπερ
2624 5371 2969 5447 ἀμπώτιδας.
3001 5374 3157 5431 Colb.
3189 5370 3603 5448 3,Ρ8,88.ὥσπερ
3635 5372 3823 5450 φησίν.

2174 5447 2312 5504 Rea.
2348 5451 2386 5504 Ι.
2420 5448 2597 5504 φασίν.

2225 5466 2329 5525 (ξιξ.Δ
2342 5466 2386 5525 Δι,
2420 5466 2573 5525 φασιν
2584 5490 2597 5503 .

3557 5086 3797 5161 μετακλή
3808 5120 3834 5131 ο
