4202 6212
372 414 497 476 689

1371 415 1662 475 ORATIO
1710 415 1781 473 V.
1819 446 1894 458 —
1924 413 2235 476 CONTRA
2284 414 2683 475 JULIANUM
2734 413 2811 474 Il.

3680 414 3801 477 690

371 549 475 613 τῆς
504 541 674 612 αὐτῆς
732 540 958 620 φατρίας
1011 563 1070 598 τε
1125 543 1213 597 καὶ
1268 542 1490 613 τάξεως.
1550 546 1643 599 Ἕν
1689 546 1795 597 τῶν
1826 542 2030 598 ἐκείνου

2148 561 2251 602 nec
2282 562 2368 612 ea,
2389 562 2504 616 qua
2532 545 2650 600 illic
2686 545 3175 602 Rhadamanthus
3205 546 3438 615 fruitur,
3454 546 3667 620 gloria]:
3682 563 3801 619 qua

376 634 668 705 θαυμάζειν
705 628 854 707 ἔχω·
906 630 1150 691 πολλοὺς
1180 634 1279 706 γὰρ
1330 638 1437 686 τῶν
1484 632 1630 704 αὗτῷ
1682 635 1926 703 συνήθων
1975 654 2033 687 τε

376 722 467 777 καὶ
499 720 818 797 γνωρίμων,
878 720 937 775 ἐκ
990 725 1097 775 τῶν
1157 722 1291 775 κατὰ
1346 722 1445 788 τήν
1507 722 1686 775 Ἀσίαν
1738 716 2026 796 διατριϐῶν

382 809 639 883 μάλιστα,
695 808 875 864 ἐκάλει
928 810 1019 882 μὲν
1071 811 1205 863 κατὰ
1262 816 1433 863 πᾶσαν
1494 808 1760 879 σπουδὴν,
1808 811 1880 871 ὡς
1912 807 2033 883 δρά-

379 921 486 954 σων
522 898 816 971 θαυμάσια,
851 898 937 952 οἶα
974 898 1064 952 καὶ
1090 904 1207 959 ταῖς
1259 897 1471 953 ἐλπίσιν
1525 897 1771 969 ἐπτὲρου,
1824 918 2031 971 μεμνη-

384 986 577 1061 μένους
635 992 744 1042 τῶν
813 988 1199 1062 ὑποσχέσεων’
1261 987 1375 1043 ἐπεὶ
1433 985 1490 1042 δὲ
1558 992 1798 1062 παρεῖεν,
1871 991 2032 1041 τοῦτο

382 1076 556 1133 ἐκεῖνο
587 1080 700 1150 (51)
731 1077 784 1131 ui
814 1080 922 1130 τῶν
955 1078 1149 1153 ψήφων
1191 1076 1415 1149 κλοπαὶ,
1448 1078 1535 1131 καί
1565 1080 1671 1131 τῶν
1706 1076 1883 1150 ὖψεων
1917 1079 2031 1150 (52)

379 1165 616 1221 ἀπάται·
669 1164 796 1228 τοὺς
843 1165 936 1239 μὶν
988 1164 1116 1226 τοὺς
1168 1162 1225 1219 δὲ
1270 1167 1362 1219 -ιόν
1412 1168 1520 1237 (53)
1566 1165 1787 1242 τρόπον,
1818 1164 1945 1226 τοὺς
1974 1164 2029 1219 δὲ

377 1255 468 1310 τὸν
512 1253 808 1323 διαπαίζων
837 1272 850 1285 °
897 1251 1009 1307 ἔστι
1041 1250 1099 1307 δὲ
1130 1253 1223 1315 οὕς
1256 1254 1345 1308 xui
1384 1256 1621 1329 τραπέζῃ
1668 1254 2031 1332 φιλοφρονού-

381 1363 567 1418 μενος,
627 1342 715 1397 xui
763 1340 908 1397 πολὺ
967 1342 1030 1395 τὸ
1078 1344 1288 1417 Ἑταῖρε
1335 1343 1634 1418 προπίνων,
1692 1343 1781 1397 καὶ
1840 1342 2033 1418 λαρυγ-

375 1432 542 1509 γίζων
576 1433 692 1502 (54)
723 1432 833 1486 ἀντ’
865 1428 1041 1487 ἄλλου
1087 1432 1232 1493 τινὸς
1278 1429 1643 1505 δελεάσματος
1692 1434 1825 1505 (55),
1870 1432 2035 1504 ἀπρά-

375 1542 540 1583 κτους
585 1520 924 1594 ἀπὲπεμπεν,
986 1518 1084 1574 οὐκ
1133 1516 1359 1595 ἔχοντας
1408 1520 1518 1593 ὅτῳ
1572 1522 1875 1598 μέμφονται
1922 1524 2034 1591 (56)

376 1609 568 1679 πλέον,
619 1608 809 1683 ἐκείνῳ
856 1615 959 1679 τῆς
1010 1608 1223 1679 ἀπάτης
1272 1609 1307 1679 ἢ
1359 1608 1535 1687 σφίσιν
1564 1609 1748 1673 αὐτοῖς
1778 1617 1877 1680 τῆς
1906 1631 2031 1664 κου-

381 1691 642 1777 φότητος.

2142 639 2307 706 parte
2337 634 2581 706 dignum
2612 652 2744 689 eum
2780 640 3039 703 censent,
3063 635 3163 707 qui
3186 636 3449 705 ejusdem
3472 640 3613 691 sunt
3634 638 3798 692 soda-

2145 723 2249 777 lilii
2275 727 2449 793 atque
2474 724 2697 777 ordinis
2718 725 2781 777 ⁸⁷.
2800 724 2915 778 Hoc
2939 742 3121 779 unum
3147 741 3215 779 ex
3239 724 3396 780 illius
3418 726 3593 780 rebus
3611 725 3798 781 habeo

2144 811 2298 883 quod
2332 813 2584 866 admirer
2611 829 2622 867 :
2650 829 2784 866 nam
2820 813 3035 867 multos
3063 814 3303 884 quidem
3334 830 3537 869 eorum
3562 813 3662 886 qui
3685 813 3799 885 ipsi

2142 899 2263 955 noti
2296 916 2361 955 ac
2388 900 2705 955 familiares
2750 901 2996 970 fuerant,
3031 919 3097 956 ac
3128 902 3453 973 praesertim
3484 918 3553 958 ex
3582 902 3798 958 Asiati-

2143 989 2225 1044 cis
2255 989 2493 1059 scholis,
2529 1006 2761 1045 summo
2794 991 3009 1058 studio,
3044 992 3213 1062 quasi
3242 991 3505 1047 miriﬁcis
3551 992 3795 1063 quibus-

2149 1079 2284 1133 dam
2342 1078 2638 1133 beneﬁciis
2697 1095 2795 1135 eos
2841 1085 3178 1147 ornaturus,
3211 1081 3564 1149 accersebat,
3598 1097 3663 1137 ac
3694 1097 3797 1153 spe

2151 1167 2378 1223 animos
2409 1184 2609 1221 eorum
2642 1168 2917 1239 erigebat,
2952 1174 3143 1223 vetera
3175 1170 3363 1240 ipsius
3394 1170 3683 1240 promissa
3737 1170 3795 1225 in

2151 1257 2489 1311 memoriam
2526 1261 2881 1311 revocantes.
2914 1260 2984 1311 At
3014 1274 3146 1312 cum
3181 1258 3473 1327 adessent,
3506 1259 3613 1314 hoc
3654 1258 3796 1314 illud

2141 1344 2792 1412 videlicet,calculorum
2826 1346 3155 1418 prmstigiae,
3182 1352 3240 1402 et
3269 1346 3570 1402 oculorum
3609 1347 3799 1403 ludifi-

2143 1434 2439 1502 cationes;
2474 1436 2580 1490 hos
2609 1436 2766 1490 enim
2798 1435 2909 1491 hoc
2937 1437 3129 1505 modo,
3164 1435 3296 1492 illos
3343 1433 3457 1492 alio
3515 1436 3797 1505 eludens;

2144 1524 2431 1595 quosdam
2464 1523 2639 1578 etiam
2675 1541 2880 1580 mensa
2910 1524 3154 1580 comiter
3185 1524 3515 1596 accipiens;
3549 1541 3616 1581 a0
3647 1525 3801 1580 mul-

2144 1617 2274 1667 tum
2330 1612 2499 1682 illud,
2532 1612 2769 1683 Sodalis,
2806 1615 3148 1685 pr0pinans,
3177 1618 3235 1669 et
3265 1630 3368 1685 pro
3400 1613 3516 1670 alia
3546 1615 3805 1686 quadam

2146 1700 2421 1757 illeoebra
2452 1702 2691 1757 diducto
2724 1708 2960 1773 gutture
2983 1702 3549 1771 clamitans,infectis
3572 1704 3805 1759 tandem

380 1791 561 1845 rebus
591 1788 947 1857 dimittebat,
981 1787 1138 1844 haud
1170 1789 1315 1845 satis
1350 1788 1737 1845 constitutum
1767 1788 2068 1859 habentes,
2100 1788 2334 1846 illiusne
2365 1791 2631 1847 fraudem
2666 1791 2876 1863 magis,
2910 1807 2981 1846 an
3014 1807 3183 1847 suam
3214 1791 3478 1864 ipsorum
3509 1791 3804 1849 levitatem

276 1908 281 1913 ’
382 1882 753 1935 accusarent.

452 1967 577 2021 KA'.
612 1966 814 2019 Ἐκεῖνο
874 1962 932 2019 δὲ
988 1968 1106 2025 πῶς
1164 1963 1263 2018 οὐκ
1318 1963 1587 2019 ἐπαινετὸν
1644 1967 1755 2039 (57)
1803 1972 1903 2034 τῆς
1932 1970 2029 2020 τοῦ

2208 1968 2351 2023 ΧΧΙ.
2382 1968 2533 2022 Illud
2567 1983 2701 2024 vero
2733 1985 2811 2023 an
2848 1985 2960 2023 non
2992 1968 3050 2023 in
3083 1968 3415 2041 philosophi
3458 1969 3639 2040 hujus
3697 1971 3797 2025 do-

378 2053 685 2135 φιλοσόφου
744 2051 1100 2125 παιδεύσεως,
1148 2053 1231 2108 ὅτι
1290 2057 1546 2108 τοσοῦτον
1613 2053 1886 2129 ἀόργητος
1944 2056 2034 2126 ἦν,

379 2141 471 2197 καὶ
499 2146 607 2196 τῶν
652 2144 837 2205 παθῶν
892 2139 1254 2215 ὑψηλότερος,
1304 2140 1439 2196 κατά
1485 2142 1614 2203 τοὺς
1660 2143 1883 2196 πώποτε
1929 2147 2035 2196 τῶν

386 2230 652 2306 βασιλέων
684 2229 980 2306 ἀτρέπτους
1007 2230 1095 2285 καὶ
1130 2231 1443 2300 ἀκινήτους,
1476 2230 1565 2284 καὶ
1602 2227 1731 2303 μηδ’
1764 2232 1846 2298 ἂν,
1900 2228 1953 2286 εἷ’
1987 2244 2038 2286 τι

377 2321 609 2398 γένοιτο,
640 2326 738 2376 τοῦ
769 2322 1068 2396 προσώπου
1113 2341 1165 2374 τι
1196 2320 1639 2395 παρατρέψαντας
1690 2322 1827 2393 (58),
1876 2320 1911 2388 ἢ
1944 2321 2040 2375 πά·

381 2423 510 2476 θους
544 2409 698 2487 ἴχνος
734 2408 1186 2481 ἐπισημαίνοντας
1225 2411 1339 2481 (59)
1364 2427 1376 2440 ⁸
1432 2406 1561 2471 ὥσθ’
1610 2407 1691 2463 δτι
1746 2410 1839 2481 μὲν
1895 2410 2034 2483 βοῶν

376 2501 469 2556 καὶ
502 2503 737 2573 σεισμῶν
768 2497 1015 2573 ἐπλήρου
1042 2499 1110 2552 τὰ
1144 2496 1392 2571 βασίλεια
1441 2494 1695 2567 δικάζων,
1731 2496 1911 2572 ὥσπερ
1944 2497 2037 2551 αὐ-

376 2589 473 2651 τὸς
506 2588 579 2643 ὥν
613 2589 641 2643 ὁ
669 2586 1100 2663 τυραννούμενος
1130 2586 1217 2641 καὶ
1254 2585 1647 2659 ζημιούμενος,
1696 2585 1795 2640 οὐκ
1841 2584 2035 2647 ἄλλοις

380 2683 550 2734 ταῦτα
579 2678 901 2752 πάσχουσιν,
947 2675 1277 2749 ἐπαμύνων;
1327 2678 1502 2729 Ταῦτα
1554 2676 1646 2747 μὲν
1694 2672 1820 2730 οὐδὲ
1868 2674 2035 2751 λόγου

380 2768 529 2827 τινὸς
559 2766 858 2839 ἀξιώσομεν
888 2784 901 2797 ’
932 2770 1097 2820 τοῦσο
1138 2762 1195 2819 δὲ
1240 2765 1323 2826 τίς
1374 2764 1560 2839 ἀγνοεῖ
1606 2768 1712 2819 τῶν
1762 2764 2033 2832 ἀπάντων,

382 2854 467 2910 ὅτι
499 2853 744 2916 πολλοὺς
777 2854 1099 2930 προσιόντας
1132 2854 1181 2908 οἱ
1214 2855 1327 2927 (60)
1361 2852 1599 2927 δημοσίᾳ
1647 2854 1737 2907 καὶ
1779 2858 1887 2908 τῶν
1937 2853 2033 2928 ἀγ-

392 2931 739 3019 ροίκοτέρων,
774 2942 911 2998 ὥστε
937 2948 1124 3019 τυχεῖν
1153 2963 1299 3004 τινος
1329 2943 1401 2996 ὧν
1444 2940 1719 3017 ἅνθρωποι
1774 2942 2037 3017 βασιλέων

386 3030 625 3102 δέονται,
654 3032 828 3086 παίων
860 3031 961 3104 πὺξ
996 3029 1234 3104 δημοσίᾳ
1252 3030 1341 3086 καὶ
1375 3030 1470 3101 λὰξ
1501 3030 1865 3105 ἐναλλόμενος
1894 3028 2035 3086 οὕτω

384 3120 601 3177 διετίθει
633 3125 836 3194 κακῶς,
865 3120 992 3176 ὥστ’
1025 3122 1234 3195 ἀγαπᾷν
1266 3120 1505 3183 ἐκείνους
1533 3120 1596 3175 τὸ
1631 3122 1705 3194 μή
1750 3142 1804 3175 τι
1851 3122 2036 3175 παθεῖν

382 3208 774 3287 χαλεπώτερον
800 3227 814 3279 ;

2149 2058 2337 2112 ctrina
2379 2056 2692 2123 laudabile,
2725 2059 2879 2127 quod
2912 2058 3054 2112 adeo
3087 2059 3158 2113 ab
3191 2057 3275 2113 ira
3305 2058 3534 2114 alienus
3564 2063 3708 2125 erat,
3739 2076 3805 2114 ac

2148 2145 2507 2201 turbulentis
2539 2145 2717 2199 animi
2754 2146 3220 2216 permotionibus
3251 2147 3581 2217 sublimior;
3618 2147 3807 2203 instar

2149 2234 2431 2289 nimirum
2444 2251 2643 2290 eorum
2664 2251 2867 2306 regum
2883 2251 2949 2290 ac
2964 2236 3383 2307 imperatorum
3404 2234 3805 2307 quitranquil—

2148 2323 2330 2379 litatis
2351 2330 2408 2379 et
2434 2326 2774 2379 constantiae
2808 2322 2978 2379 laude
3010 2324 3305 2395 quondam
3340 2324 3642 2392 ﬂorebant,
3678 2340 3802 2387 nec,

2146 2413 2321 2469 etiam
2345 2414 2392 2469 si
2417 2413 2556 2484 quid
2580 2413 2859 2469 molestiis
2874 2412 3019 2485 ipsis
3034 2412 3592 2481 accidisset,vultum
3607 2418 3803 2489 tamen

2149 2502 2268 2557 ullo
2291 2503 2463 2558 modo
2497 2503 2914 2571 immutabant,
2963 2505 3064 2557 aut
3120 2502 3579 2573 perturbationis
3630 2501 3803 2557 vesti-

2147 2591 2308 2662 gium
2369 2592 2790 2658 ostendebant;
2841 2596 2905 2646 ut
2934 2591 3113 2663 quod,
3144 2591 3285 2645 dum
3310 2590 3530 2661 judicis
3562 2608 3805 2646 munere

2148 2681 2503 2751 fungeretur,
2537 2679 2732 2735 aulam
2765 2679 3117 2735 clamoribus
3142 2695 3207 2734 ac
3230 2679 3474 2750 strepitu
3508 2678 3801 2750 impleret,

2148 2785 2262 2823 non
2285 2768 2453 2824 aliter
2478 2786 2543 2824 ac
2568 2770 2614 2824 si
2639 2772 2764 2840 ipse
2792 2774 2947 2823 esset
2977 2768 3070 2823 cui
3102 2768 3187 2824 vis
3219 2772 3277 2823 et
3309 2769 3593 2822 damnum
3624 2768 3804 2823 infer-

2145 2861 2322 2924 retur,
2338 2874 2403 2913 ac
2428 2874 2537 2912 non
2567 2857 2698 2911 aliis
2723 2856 2914 2927 potius
2951 2856 3072 2911 haec
3105 2855 3465 2927 patientibus
3497 2871 3799 2911 succurre-

2147 2946 2271 3002 ret?
2293 2947 2422 3002 Haac
2442 2952 2596 3002 certe
2618 2963 2689 3001 ne
2711 2946 2974 3002 oratione
3009 2946 3247 3016 quidem
3296 2944 3601 3015 complecti
3657 2944 3802 3000 veli-

2149 3051 2301 3090 mus.
2334 3036 2451 3091 Hoc
2482 3041 2675 3090 autem
2715 3034 2873 3089 eccui
2910 3050 2977 3088 ex
3032 3033 3306 3089 omnibus
3365 3034 3630 3105 ignotum
3691 3038 3801 3102 est,

2146 3125 2300 3196 quod
2326 3124 2510 3179 multo
2531 3123 2705 3179 etiam
2729 3140 2758 3178 e
2783 3122 3211 3190 rusticioribus,
3248 3122 3345 3194 qui
3372 3124 3440 3177 ad
3477 3139 3609 3177 eum
3645 3124 3795 3178 161

2132 3212 2379 3285 publice
2410 3213 2783 3276 accedebant,
2801 3216 2865 3266 ut
2894 3226 3266 3284 eorum,qua3
3296 3211 3496 3283 populi
3518 3212 3590 3267 ab
3612 3211 3801 3284 impe-

383 3301 678 3357 ratoribus
710 3305 904 3374 petere
935 3299 1151 3370 solent,
1182 3298 1404 3371 aliquid
1435 3306 1954 3371 consequerentur,
1986 3302 2069 3357 ita
2100 3303 2441 3372 mulctabat,
2474 3302 2665 3374 palam
2700 3318 2895 3373 pugno
2928 3301 3161 3366 feriens,
3191 3300 3570 3372 calcibusque
3612 3301 3800 3373 impe-

384 3395 535 3458 tens,
570 3394 635 3445 ut
665 3390 939 3463 praeclare
971 3406 1168 3445 secum
1203 3393 1397 3444 actum
1432 3394 1724 3459 putarent,
1757 3391 1913 3460 quod
1945 3391 2199 3446 atrocius
2232 3392 2450 3463 aliquid
2487 3391 2727 3445 minime
2760 3392 2915 3462 passi
2947 3391 3188 3445 essent?

450 3480 704 3539 mare;
749 3475 806 3532 δὲ
862 3479 1120 3554 φυσήσεις
1176 3499 1234 3532 τε
1290 3476 1379 3531 καὶ
1436 3478 1833 3555 ἀντιφυσήσεις,
1893 3478 1951 3540 ἂς
2002 3481 2025 3535 ὃ

2214 3484 2386 3537 XXII.
2420 3481 2549 3536 Jam
2577 3480 2942 3535 sufflationes
2963 3484 3019 3535 et
3042 3480 3393 3547 reﬂationes,
3414 3497 3561 3551 quas
3603 3480 3797 3535 admi-

374 3567 675 3639 θαυμάσιος
722 3567 943 3638 ἐκεῖνος,
992 3567 1082 3621 xui
1130 3566 1196 3620 τὰ
1259 3565 1501 3642 ἡμέτερα
1564 3564 1854 3642 διασύρων,
1911 3573 2027 3629 τοῖς

370 3653 642 3733 γραϊδίοις
672 3653 1131 3725 ἀντεπεδείκνυτο,
1162 3654 1225 3709 τὸ
1255 3650 1559 3727 ἐπιϐώμιον
1591 3660 1697 3729 πῦρ
1750 3654 2022 3724 ἀνάπτων,

370 3750 477 3801 ποῦ
510 3744 676 3821 λόγου
702 3747 938 3819 θήσομεν
968 3747 1118 3819 (61(;
1154 3745 1225 3801 "H
1271 3742 1439 3800 καλόν
1476 3747 1582 3815 (62)
1629 3765 1690 3821 γε
1738 3748 1835 3798 τοῦ
1892 3746 2023 3799 Ῥω-

377 3834 552 3909 μαίων
617 3835 884 3911 βασιλέως
943 3834 1039 3896 τὰς
1097 3833 1325 3909 γνάθους
1394 3834 1521 3909 ὁρᾷν
1573 3832 2022 3908 ἀσχημονούσας,

372 3924 463 3980 xui
492 3922 709 3999 γέλωτα
738 3922 910 3978 πολὺν
938 3923 1303 3998 παρεχούσας,
1337 3920 1398 3975 οὐ
1428 3926 1546 3983 τοῖς
1594 3918 1781 3991 ἔξωθεν
1834 3922 2023 3993 μόνον,

374 4011 522 4069 ἀλλά
550 4012 637 4067 καὶ
669 4012 873 4083 αὐτοῖς,
907 4011 988 4073 οἷς
1016 4015 1183 4066 ταῦτα
1215 4013 1388 4065 ποιῶν
1422 4010 1662 4084 ἀρέσκειν
1708 4007 1866 4083 ᾤετο.
1915 4012 2018 4079 Τὴν

373 4104 607 4173 Ἀθηνᾶν
658 4099 715 4157 δὲ
763 4100 861 4156 οὐκ
907 4098 1095 4169 ἤκουε,
1145 4101 1243 4170 τὴν
1288 4101 1478 4155 εαυτοῦ
1513 4099 1630 4155 θεὸν
1663 4102 1795 4173 (63),
1827 4098 2022 4154 ὅτικαὶ

369 4196 487 4253 τοῖς
549 4193 658 4264 (64)
735 4189 925 4251 αὐλοῖς
986 4191 1353 4265 κατηράσατο,
1408 4190 1488 4251 οἷς
1544 4188 2019 4264 ἐνασχημονοῦσαν

372 4280 567 4348 δαυτὴν
637 4277 1030 4352 κατεμάνθανεν
1108 4281 1242 4352 (65),
1311 4278 1419 4334 ἀντ’
1487 4273 1751 4354 ἐσόπτρου
1808 4297 2019 4354 χρησα-

374 4362 511 4442 μένη
723 4371 803 4439 τῷ
848 4364 1021 4424 ὕδατι.
1070 4368 1172 4429 Τὰς
1218 4364 1275 4422 δὶ
1321 4366 1620 4443 προπόσεις
1661 4388 1719 4422 τε
1746 4366 1835 4422 xui
1868 4364 2023 4445 φιλο-

441 4468 486 4503 ⁶⁷
517 4465 702 4539 Virg.,
734 4467 976 4535 arma,
1010 4483 1087 4522 v1.

467 4566 558 4633 51)
583 4567 751 4636 Τοῦτο
783 4562 972 4619 ἐκεῖνο.
1004 4563 1164 4636 Colb.
1197 4565 1255 4629 k,
1285 4566 1446 4617 τοῦτο
1478 4562 1684 4636 ἰκτίνῳ.

467 4567 558 4633 51)
583 4567 751 4617 Τοῦτο
783 4567 972 4619 ἐκεῖνο.
1004 4567 1164 4620 Colb.
1197 4567 1255 4629 k,
1285 4567 1446 4617 τοῦτο
1478 4567 1684 4636 ἰκείνῳ.

445 4567 559 4707 (52)
593 4634 1014 4708 Kui_1i'uv_.‘Re_g.
1049 4640 1106 4691 et
1135 4635 1153 4690 l
1186 4636 1390 4707 Mont.,
1421 4634 1511 4689 xui
1538 4636 1594 4689 αἱ
1620 4639 1753 4690 τῶν.

2140 3572 2355 3626 randus
2379 3570 2473 3625 ille
2494 3570 2600 3636 vir,
2624 3570 3017 3640 doctrinaeque
3040 3574 3250 3625 nostrae
3283 3568 3609 3640 sugillator,
3634 3574 3798 3623 vetu-

2139 3662 2208 3715 lis
2243 3659 2607 3715 mulierculis
2638 3660 2697 3713 in
2757 3658 3116 3714 contrarium
3179 3658 3531 3723 ostentabat,
3590 3657 3803 3712 altaris

2138 3752 2327 3819 ignem
2360 3750 2837 3819 accendens,qu0
2868 3748 3106 3802 tandem
3140 3746 3421 3801 orationis
3452 3745 3578 3800 loco
3610 3761 3800 3817 pone-

2137 3838 2311 3894 mus?
2343 3836 2689 3892 Praeclarum
2716 3837 2869 3890 enim
2896 3837 3152 3906 profecto
3174 3840 3319 3899 erat,
3346 3851 3581 3889 cernere
3606 3835 3799 3905 impe-

2136 3927 2342 3981 ratoris
2368 3926 2611 3980 Romani
2640 3926 2853 3980 buccas
2886 3925 3153 3979 indecore
3182 3927 3495 3987 tumentes,
3530 3940 3596 3977 ac
3626 3922 3783 3978 exci-

2133 4020 2324 4070 tantes
2382 4015 2679 4086 ingentem
2727 4012 2935 4078 risum,
2969 4029 3082 4066 non
3116 4012 3367 4067 externis
3397 4016 3647 4080 tantum,
3680 4011 3777 4066 sed

2134 4104 2205 4158 iis
2235 4104 2433 4172 etiam,
2470 4103 2684 4173 quibus
2719 4102 2823 4155 hac
2855 4100 3079 4155 ratione
3112 4102 3343 4172 placere
3400 4115 3461 4154 se
3519 4100 3781 4170 putabat.

2135 4190 2446 4246 Minervam
2502 4194 2696 4244 autem
2754 4189 2919 4243 deam
2984 4204 3151 4243 suam
3186 4204 3300 4242 non
3333 4187 3627 4254 audiebat,
3656 4202 3785 4258 quae

2131 4280 2307 4335 tibias
2338 4282 2635 4334 exsecrata
2666 4277 2899 4343 dicitur,
2936 4281 3343 4348 posteaquam,
3367 4275 3535 4346 aquis
3566 4274 3788 4347 speculi

2129 4368 2255 4423 vice
2288 4383 2414 4437 usa,
2439 4383 2536 4421 eas
2569 4364 2836 4421 dedecori
2869 4365 2980 4421 sibi
3011 4381 3139 4420 esse
3172 4365 3483 4436 perspexit.
3508 4363 3787 4435 Propina-

2204 4565 2317 4635 (61)
2348 4564 2616 4635 Θήσομεν.
2651 4563 2775 4618 1)υο
2808 4563 2986 4635 Regg.
3019 4565 3076 4617 et
3104 4561 3199 4616 Or.
3236 4562 3286 4627 1,
3320 4560 3381 4615 in
3440 4575 3627 4632 marg.
3688 4558 3786 4628 θή-

452 4654 559 4707 (DZ)
594 4654 692 4690 aut
712 4656 843 4690 των.
878 4654 1014 4708 ηδε.
1049 4654 1106 4691 et
1135 4654 1153 4690 1
1187 4654 1390 4707 mena,
1421 4655 1511 4689 και
1538 4654 1594 4689 αι
1620 4654 1753 4690 των.

452 4709 561 4779 (53)
618 4705 753 4768 Τοὺς
815 4704 872 4760 δὲ
899 4706 1014 4762 τόν.
1047 4711 1133 4763 Ita
1164 4724 1309 4764 mss.
1345 4712 1401 4763 et
1423 4708 1512 4763 ed.
1548 4708 1675 4763 Par.
1707 4707 1811 4763 Ed.
1845 4703 1935 4759 τόν
1968 4701 2026 4759 δὲ

2144 4654 2315 4776 ﬁlii)
2346 4706 2413 4759 Ἣ
2433 4702 2633 4779 ιιαλόν.
2660 4705 2908 4779 Montac.
2944 4728 2971 4754 «
2994 4704 3169 4779 forte.
3190 4722 3215 4753 ιι
3254 4701 3325 4779 ’H_
3343 4698 3534 4779 καλόν.
3568 4701 3788 4779 Deinde

372 4777 492 4834 τὸν.

449 4850 566 4921 (54)
597 4846 963 4932 Λαρυγγίζων,
990 4848 1248 4932 Οοωδθς.
1279 4848 1472 4932 vertit,
1505 4871 1534 4899 «
1561 4852 1800 4922 gutture
1845 4848 2033 4905 accla-

378 4938 571 4988 mans,
604 4921 862 4994 suaviter
887 4937 917 4977 e
947 4921 1487 4994 gutturefundens.
1526 4943 1553 4994 η

474 4994 566 5065 55)
598 4988 993 5065 Δελεάσματοξ.
1034 4994 1153 5048 Duo
1182 4992 1365 5065 Begg.
1398 4988 1753 5065 δελεάματος.

598 5063 940 5141 Μὲμφονται.
965 5065 1093 5121 Sav.
1131 5063 1472 5137 μὲμφωνται.

473 5138 563 5208 57)
623 5133 970 5191 Ἐπαινετόν.
1032 5133 1153 5192 Dub
1206 5133 1369 5192 mss.
1429 5140 1487 5191 et
1550 5135 1727 5203 Pass,
1799 5133 2035 5188 ἐπαινεῖ-

376 5226 489 5261 ται.

445 5278 561 5349 (58)
594 5276 1062 5351 Παρατρέψαντας.
1097 5278 1227 5333 Sav.
1260 5274 1722 5351 παρατρῇποντας.

448 5346 557 5419 (59)
592 5346 1101 5421 Ἐπισημαίνοντας.
1162 5351 1286 5405 Duo
1340 5346 1512 5403 'cod'd.
1568 5346 2032 5421 ἐπισημήναντας.

375 5422 482 5479 Hic
533 5419 964 5478 observandum
998 5420 1243 5490 Regium
1275 5421 1531 5476 codicem
1563 5419 1587 5490 ,Ι
1619 5419 1888 5474 omittere
1917 5420 2037 5490 dis-

375 5493 684 5550 tinctionis
715 5496 936 5558 notam,
967 5487 1275 5562 quaeinter
1304 5489 1730 5562 ἐπισημαίνοντα
1788 5494 1846 5545 et
1903 5487 2038 5544 ὥστε

383 5566 759 5637 subsequens
791 5564 1101 5637 reperitur.

592 5630 948 5719 ’Προσιόντας
973 5635 1067 5719 ὀξ.
1102 5635 1242 5719 Par.‘
1267 5634 1413 5719 edit;
1439 5632 1758 5719 προσιόν-τας
1789 5630 1935 5719 αὐτῑρ
1965 5631 2038 5687 οἳ.

386 5704 895 5837 ἓὶῖἱίηόωόππ
928 5705 1095 5778 αὐτῷ,
1144 5708 1246 5763 sed
1275 5704 1421 5781 αὐτῷ
1476 5704 1788 5778 utrobique
1837 5706 2043 5762 redun-

429 5796 464 5837 a
498 5822 511 5837 .

429 5784 511 5837 at.

2138 4772 2406 4834 observat
2434 4777 2591 4832 hunc
2620 4776 2811 4831 locum
2846 4776 2929 4829 sic
2955 4777 3026 4830 ab
3058 4775 3179 4829 Elia
3210 4773 3412 4844 accipi,
3454 4773 3624 4845 quasi
3680 4772 3789 4845 Ju-

2138 4849 2335 4905 lianus
2366 4855 2617 4916 tantum,
2652 4849 2760 4903 hac
2790 4847 3141 4912 imitatione,
3185 4845 3644 4916 Christianorum
3701 4844 3791 4898 in-

2143 4921 2504 4977 sul‘flationes
2524 4923 2579 4974 in
2606 4919 2975 4990 baptismatis
2996 4919 3210 4990 ritibus
3227 4917 3469 4972 irridere
3486 4915 3789 4990 voluisset.

2140 4993 2353 5048 Verum
2388 4998 2584 5047 censet
2615 4987 2700 5045 vir
2730 4992 2958 5057 doctus,
2990 4989 3291 5045 Julianum
3323 4989 3611 5060 praecipue
3637 4987 3730 5042 hic
3759 5003 3794 5042 a

2141 5065 2417 5135 Gregoria
2444 5062 2732 5135 redargui,
2760 5063 2936 5135 quod,
2963 5064 3283 5135 cumgesset
3308 5062 3651 5135 imperator,
3676 5073 3793 5135 non

2144 5130 2445 5192 erubuerit
2467 5152 2527 5190 se
2548 5130 2680 5189 cuin
2705 5130 3068 5189 mulierculis
3090 5133 3159 5188 de
3188 5132 3376 5187 triviis
3394 5130 3452 5187 et
3481 5130 3790 5202 scortis,ad

2142 5208 2280 5262 vilia
2338 5213 2393 5261 et
2433 5207 2764 5271 deridenda,
2803 5206 2955 5261 circa
2984 5221 3150 5261 sacra
3179 5221 3308 5274 sua,
3340 5202 3667 5259 ministeria
3696 5203 3796 5259 de-

2146 5280 2394 5335 mittere.
2430 5282 2552 5333 Non
2588 5279 2737 5333 male
2766 5277 3021 5349 quidem;
3054 5276 3270 5349 etenim
3302 5274 3644 5349 Montacutii
3663 5290 3798 5331 sen-

2144 5352 2340 5407 tentiae
2376 5352 2563 5404 favent
2594 5347 2887 5421 Chrysdst.
2920 5353 2979 5404 in
3004 5357 3172 5421 gent.,
3223 5348 3503 5403 Prudent.
3564 5347 3794 5414 Liban.,

2147 5440 2230 5479 or.
2266 5441 2331 5490 Χ,
2370 5421 2684 5484 Aminiam,
2720 5421 2817 5475 lib.
2852 5438 2994 5487 xxn,
3028 5438 3083 5492 p.
3114 5421 3242 5492 225,
3274 5425 3382 5475 etc.

2225 5496 2331 5565 (63)
2363 5492 2511 5565 Θεόν.
2542 5492 2710 5548 Coisl.
2745 5494 2799 5558 2,
2833 5497 2890 5565 et
2923 5490 3103 5565 Pass,
3137 5490 3279 5565 θεάν,

2364 5563 2461 5617 Καὶ
2491 5568 2626 5624 τοῖς.
2680 5556 3099 5635 Ita'plerique'
3139 5563 3307 5619 codd.
3368 5561 3542 5617 Deest
3593 5556 3684 5614 καί
3739 5557 3799 5615 in

2226 5654 2237 5689 ι
2278 5681 2288 5690 .

2150 5638 2288 5691 edit.

2243 5709 2334 5777 65)
2368 5706 2775 5778 Κατεμάνθανεν.
2812 5706 2950 5777 Reg.
2984 5707 3103 5775 bm,
3136 5703 3473 5778 xu'rtpuﬁsv.’

2243 5712 2334 5777 65)
2368 5712 2775 5778 Κατεμάνθανεν.
2814 5712 2950 5777 lteg.
2984 5712 3103 5775 hm,
3136 5712 3390 5774 κατέμαθε

2222 5712 2331 5851 (66)
2361 5778 2715 5853 Χρησαμὲνη.
2748 5778 2887 5849 Reg.
2920 5778 2978 5844 b,
3010 5775 3390 5850 χρησαμένην.

3624 5958 3627 5959 γ
3650 5850 3767 5935 μί
