4202 6212
426 431 533 494 691

1666 428 1727 491 S.
1780 429 1874 488 Gll
1892 427 2152 488 EGORII
2197 426 2591 488 THEOLOGI

3710 421 3832 482 692

425 566 615 622 tiones
643 582 795 631 vero,
828 568 883 620 et
929 564 1160 635 pocula,
1217 562 1434 634 quibus
1493 560 1825 618 meretrices
1882 558 2075 631 palam

2210 556 2399 626 τησίας,
2432 556 2492 619 ἃς
2519 554 2757 629 δημοσίᾳ
2785 562 2903 619 ταῖς
2933 556 3157 632 πόρναις
3198 553 3460 633 προῦπινό
3485 574 3543 609 τε
3571 551 3661 607 καὶ
3690 552 3836 606 ἀντι-

426 655 771 726 publiceque
820 656 1188 724 provocabat,
1222 651 1602 722 vicissimque
1634 650 2074 722 provocabatur,

427 742 687 814 mysterii
717 743 956 797 obtentu
999 740 1359 811 petulantem
1420 739 1721 795 libidinem
1780 736 2077 801 obvelans,

427 832 559 901 quis
592 847 706 884 non
739 829 911 885 laude
943 834 999 884 et
1030 829 1419 884 admiratione
1450 827 1883 900 prosequatur?

496 919 700 972 XXIII.
738 919 866 973 Haec
897 918 1027 973 aliis
1059 918 1294 988 quidem
1328 918 1683 990 experientia
1712 918 1858 988 ipsa,
1889 920 1947 971 et
1976 916 2077 969 do~

427 1007 671 1062 minutio
703 1006 999 1061 licentiam
1034 1008 1265 1078 adepta,
1300 1007 1648 1073 declaravit;
1684 1024 1717 1061 a
1748 1022 1837 1062 me
1883 1012 2076 1059 autem

426 1095 597 1167 longe
627 1102 762 1151 ante
795 1102 1096 1167 perspecta
1128 1096 1562 1166 quodammodo
1596 1097 1847 1155 fuerunt.
1872 1111 1939 1149 ex
1966 1111 2078 1164 quo

424 1183 667 1239 Athenis
696 1200 831 1237 cum
863 1200 927 1238 eo
961 1188 1226 1237 versatus
1257 1198 1433 1237 eram.
1474 1182 1618 1238 Nam
1651 1182 1791 1236 illuc
1849 1196 2081 1251 quoque

425 1273 627 1327 statim
662 1276 791 1343 post
815 1288 881 1327 ea
903 1288 1029 1343 quae
1063 1272 1341 1325 adversus
1373 1272 1610 1326 fratrem
1634 1271 1939 1341 designata
1959 1270 2081 1325 l'ue-

426 1360 899 1433 runt,profectus
930 1365 1037 1423 est,
1056 1361 1126 1415 ab
1154 1360 1505 1431 imperatore
1537 1359 1644 1414 hoc
1666 1359 1861 1430 ipsum
1884 1359 2084 1430 depre-

430 1457 617 1505 catus.
638 1450 939 1521 Duplicem
966 1453 1159 1504 autem
1184 1466 1249 1503 eo
1274 1449 1678 1520 proﬁciscendi
1707 1465 1948 1503 causam
1980 1447 2083 1501 ha-

428 1540 601 1594 bebat
634 1557 647 1595 :
683 1556 860 1593 unam
907 1538 1323 1607 honestiorem,
1385 1544 1450 1592 ut
1504 1538 1780 1592 Graeciam
1839 1538 2084 1607 ejusque

429 1628 662 1684 scholas
720 1628 960 1693 viseret;
1003 1628 1245 1682 alteram
1276 1626 1596 1693 tectiorem,
1633 1627 1949 1698 paucisque
1981 1643 2082 1680 no-

432 1724 574 1787 tam,
597 1722 663 1771 ut
694 1717 947 1789 regionis
979 1716 1169 1786 ipsius
1200 1716 1500 1787 aruspices
1532 1720 1589 1770 et
1619 1716 1967 1787 impostores
1983 1715 2082 1786 qui

432 1806 547 1860 illic
580 1809 747 1860 erant
778 1806 848 1859 de
880 1806 1054 1860 rebus
1086 1806 1210 1859 suis
1240 1803 1588 1867 consuleret,
1610 1804 1905 1874 impietate
1928 1802 2082 1858 vide-

2188 645 2512 721 προύπίνετο
2560 648 2695 718 (67),
2748 646 3103 701 ὑποκλεπτων
3157 648 3219 701 τὸ
3252 645 3469 721 ἀσελγὲς
3523 642 3828 717 μυστηρίου

2191 738 2570 809 προσχήματι,
2602 739 2717 795 πῶς
2751 735 2811 789 οὐ
2845 736 3132 807 θαυμάζειν
3164 734 3345 806 ἅξιον;

2263 915 2375 968 Kl".
2407 916 2580 966 Ταῦτα
2633 918 2752 974 τοῖς
2805 913 2898 984 μὶν
2950 910 3145 975 ἄλλοις
3201 916 3235 979 ἠ
3286 918 3447 988 πεῖρα
3498 914 3827 988 παρέστησε,

2189 1005 2276 1056 καὶ
2306 1004 2339 1070 ἠ
2384 999 2662 1056 δυναστεία
2690 997 3041 1076 προλαϐοῦσα
3244 1005 3343 1070 τήν
3394 1003 3630 1073 ἐξουσίαν
3655 1024 3669 1037 ·
3707 1004 3833 1077 ἐμοὶ

2191 1087 2246 1144 δὲ
2268 1090 2356 1145 καὶ
2403 1087 2678 1166 πόρῥωθεν
2724 1090 2924 1163 τρόπον
2969 1092 3085 1145 τινὰ
3133 1092 3361 1164 ἑωρᾶτο,
3394 1092 3444 1161 ἐξ
3479 1093 3539 1146 οὗ
3569 1098 3648 1164 τῷ
3678 1092 3836 1168 ἀνδρὶ

2191 1180 2553 1253 συνεγενόμην
2614 1181 2922 1253 Ἀθήνῃσιν.
2992 1178 3164 1236 Ἦλθε
3238 1180 3340 1254 γὰρ
3412 1184 3522 1254 (69)
3598 1183 3837 1253 κάκεῖσε,

2193 1271 2311 1343 ἄρτι
2359 1273 2465 1321 τῶν
2522 1269 2656 1323 κατὰ
2706 1269 2797 1323 τὸν
2844 1266 3074 1346 ἀδελφὸν
3122 1269 3285 1323 αὐτοῦ
3346 1273 3835 1345 νεωτερισθέντων,

2189 1358 2278 1412 τὸν
2326 1356 2549 1431 βασιλέα
2594 1361 2753 1411 τοῦτο
2802 1357 2929 1412 αὐτὸ
2979 1359 3471 1433 παραιτησάμενος.
3543 1362 3728 1422 Διττὸς
3783 1359 3841 1415 δὲ

2191 1445 2355 1500 αὐτοῦ
2383 1453 2480 1513 τῆς
2512 1442 2807 1517 ἐπιδημίας
2840 1448 2866 1500 ὁ
2914 1444 3080 1519 λόγος
3106 1464 3118 1477 ⁸
3164 1448 3192 1501 ὁ
3244 1448 3338 1519 μὶν
3390 1447 3839 1523 εὐπρεπέστερος.

2191 1536 2308 1598 καθ’
2367 1534 2601 1610 ἱστορίαν
2654 1536 2753 1603 τής
2808 1532 3074 1597 Ἑλλάδος
3130 1535 3217 1589 καὶ
3270 1540 3376 1590 τῶν
3414 1536 3585 1591 ἐκεῖσε
3613 1536 3845 1592 παιδευ-

2191 1624 2394 1699 τηρίων
2420 1644 2431 1656 ’
2468 1626 2494 1677 ὁ
2528 1621 2585 1677 δὲ
2616 1619 3077 1699 ἀπορῥητότερος,
3108 1625 3198 1679 καὶ
3248 1625 3309 1679 οὐ
3355 1623 3591 1688 πολλοῖς
3637 1628 3845 1703 γνώρι-

2199 1735 2321 1787 μος,
2372 1712 2509 1767 ὥστε
2555 1718 2670 1774 τοῖς
2724 1712 2835 1767 ἐκεῖ
2878 1716 2989 1786 (70)
3038 1712 3221 1775 θύταις
3263 1713 3349 1768 καὶ
3383 1714 3652 1769 ἀπατεῶσι
3710 1714 3843 1789 περὶ

2194 1807 2299 1857 τῶν
2333 1804 2449 1865 καθ’
2480 1802 2665 1855 ἑαυτὸν
2711 1800 3076 1877 συγγενέσθαι,
3124 1802 3277 1856 οὕπω
3321 1802 3623 1878 παρρησίαν
3673 1803 3845 1878 ἐχού-

431 1895 568 1949 licet
598 1894 855 1949 nondum
889 1893 1215 1949 libertatem
1246 1909 1311 1947 ac
1344 1892 1617 1947 fiduciam
1649 1893 1878 1963 adepta.
1922 1893 2084 1947 Tunc

2210 1913 2295 1961 mc
2350 1898 2449 1960 τῆς
2499 1887 2764 1952 ἀσεϐείας.
2812 1890 2942 1945 Τότε
2992 1890 3169 1944 τοίνυν
3216 1890 3278 1945 οὐ
3328 1889 3534 1968 φαῦλος
3581 1892 3689 1959 ἐγὼ
3740 1897 3844 1946 τοῦ

434 1984 614 2055 igitur
672 1999 763 2037 me
820 1999 935 2037 non
994 1980 1215 2037 malum
1273 1982 1345 2036 de
1403 1981 1636 2036 hocviro
1702 1982 2088 2051 conjectorem

438 2071 621 2127 fuisse
654 2070 916 2136 memini,
950 2086 1288 2142 quanquam
1322 2068 1539 2140 alioqui
1590 2086 1704 2124 non
1763 2086 1831 2125 ex
1886 2085 2088 2124 eorum

439 2176 685 2215 numero
707 2163 845 2224 sim,
870 2159 969 2229 qui
993 2158 1049 2213 id
1074 2158 1415 2229 hujusmodi
1444 2158 1618 2213 rebus
1641 2158 1770 2213 sciti
1793 2163 1966 2229 atque
1997 2162 2089 2212 tu-

439 2248 664 2319 geniosi
698 2251 854 2303 sunt.
891 2247 1001 2302 Sed
1033 2262 1125 2301 me
1148 2263 1377 2301 morum
1409 2263 1475 2302 ac
1504 2252 1705 2317 gestus
1735 2246 1923 2319 ipsius
1953 2247 2090 2301 inae-

436 2336 777 2409 quabilitas,
812 2341 988 2408 atque
1017 2337 1225 2407 ingens
1256 2336 1523 2407 quaedam
1583 2337 1795 2391 mentis
1853 2336 2088 2405 emotio,

433 2432 625 2481 vatem
657 2425 969 2491 efﬁciebat;
994 2426 1147 2480 102
1174 2424 1221 2479 si
1250 2426 1489 2495 quidem
1514 2429 1674 2481 vates
1706 2424 1802 2481 ille
1831 2425 2090 2497 optimus

433 2521 544 2582 est,
573 2514 703 2586 qui
765 2520 920 2569 recte
975 2515 1262 2585 conjicere
1320 2514 1499 2569 novit.
1535 2514 1727 2586 Neque
1758 2515 1913 2569 enim
1947 2515 2092 2570 mihi

431 2604 566 2659 boni
590 2604 918 2674 quidquam
945 2603 1278 2674 significare
1300 2603 1668 2671 videbantur,
1702 2604 1891 2658 cervix
1926 2604 2093 2660 mini-

434 2712 526 2751 me
560 2696 749 2760 lirma,
783 2692 1011 2747 humeri
1044 2708 1196 2762 quos
1228 2692 1478 2747 subinde
1509 2693 1769 2764 agitabat
1792 2698 1847 2747 et
1868 2692 2092 2749 attolle-

430 2784 552 2849 bat,
586 2782 793 2839 oculus
826 2799 1014 2853 nagus
1047 2786 1104 2837 et
1133 2783 1437 2853 oberrans,
1468 2799 1534 2837 ac
1568 2783 1823 2838 furiosus
1850 2784 2088 2854 obutus,

435 2874 613 2944 pedes
645 2870 949 2926 instabiles
980 2876 1037 2926 et
1066 2871 1408 2937 titubantes,
1442 2889 1623 2927 nasus
1674 2874 2089 2929 contumeliam

433 2968 490 3017 et
518 2965 920 3032 contemptum
943 2960 1411 3031 spirans,vultus
1432 2962 1925 3032 contigurationes
1952 2963 2091 3018 ridi-

434 3056 575 3106 culae
609 3050 763 3104 idem
796 3047 1219 3119 signiﬁcantes,
1255 3049 1408 3104 risus
1439 3049 1863 3106 immoderatus
1893 3057 1948 3106 et
1996 3068 2090 3107 ex-

434 3143 721 3214 aastuans,
781 3141 961 3191 nutus
992 3142 1048 3191 et
1080 3143 1324 3192 renutus
1357 3138 1515 3192 omni
1551 3138 1774 3194 ratione
1806 3144 2093 3207 carentes,

437 3243 629 3283 sermo
651 3225 878 3281 haerens
902 3225 1233 3297 spirituque
1254 3225 2091 3299 intercisus,interrogationes

2199 1976 2389 2055 ἀνδρὸς
2419 1978 2667 2047 εἰκαστὴς
2696 1975 2815 2032 οἶδα
2852 1977 3160 2054 γενόμενος,
3192 1978 3365 2033 καίτοι
3409 2000 3470 2054 γε
3519 1979 3581 2033 οὐ
3630 1983 3738 2033 τῶν
3786 1977 3846 2034 εὖ

2198 2067 2512 2143 πεφυκότων
2547 2068 2671 2138 περὶ
2725 2070 2891 2121 ταῦτα
2936 2068 3008 2128 εἷς
3064 2062 3157 2122 ὤν.
3204 2065 3361 2121 Ἀλλ’
3403 2067 3571 2121 ἐποίει
3605 2089 3672 2141 με
3704 2090 3848 2136 μαν-

2196 2158 2344 2211 τικὸν
2397 2159 2431 2225 ἡ
2480 2160 2576 2210 τοῦ
2616 2154 2783 2224 ἤθους
2835 2154 3138 2228 ἀνωμαλία,
3197 2154 3283 2210 καί
3332 2156 3395 2211 τὸ
3437 2158 3681 2232 περιττὸν
3744 2164 3852 2225 τῆς

2200 2246 2496 2306 ἐκστάσεως
2541 2248 2696 2317 (71)·
2758 2242 2906 2320 εἴπερ
2952 2248 3140 2315 μάντις
3202 2246 3439 2318 ἄριστος,
3495 2245 3637 2307 ὅστις
3693 2246 3851 2300 εἰκά-

2203 2340 2307 2404 ζειν
2357 2336 2469 2408 (72)
2523 2330 2634 2388 οἶδε
2691 2332 2895 2394 καλῶς.
2947 2331 3174 2395 Οὐδενὸς
3219 2333 3323 2409 γὰρ
3377 2331 3548 2389 ἐδόκει
3610 2356 3699 2408 μοι
3753 2356 3858 2403 ση-

2205 2430 2353 2497 μεῖον
2384 2425 2515 2477 εἴναι
2549 2427 2796 2497 χρηστοῦ
2824 2422 3000 2497 αὐχὴν
3035 2422 3266 2498 ἀπαγὴς,
3308 2424 3453 2496 ὦμοι
3503 2422 3856 2497 παλλόμενοι

2199 2514 2287 2568 καὶ
2348 2512 2780 2584 ἀνασηκούμενοι
2830 2514 2963 2583 (73),
3022 2509 3305 2588 ὀφθαλμὸς
3364 2506 3692 2583 σοὸούμενος
3754 2514 3855 2567 καὶ

2200 2601 2646 2680 περιφερόμενος,
2713 2600 2801 2654 καὶ
2873 2601 3091 2672 μανικὸν
3164 2599 3403 2676 βλέπων,
3464 2598 3623 2663 πόδες
3687 2601 3863 2655 ἀστά-

2199 2696 2408 2752 τοῦντες
2455 2690 2543 2744 καὶ
2598 2688 3045 2762 μετοκλάζοντες,
3099 2691 3309 2763 μυκτὴρ
3350 2685 3503 2765 ὕϐριν
3533 2688 3702 2744 πνέων
3754 2690 3855 2743 καὶ

2200 2780 2609 2857 περιφρόνησιν,
2679 2779 2975 2853 προσώπου
3017 2779 3396 2853 σχηματισμοὶ
3454 2778 3857 2854 καταγέλαστοι

2198 2870 2260 2924 τὸ
2320 2870 2447 2923 αὐτὸ
2518 2870 2766 2945 φέροντες
2843 2870 2977 2939 (74),
3058 2866 3294 2942 γέλωτες
3350 2867 3597 2942 ἀκρατεῖς
3640 2887 3696 2921 τε
3757 2867 3862 2920 καὶ

2206 2955 2635 3034 βρασματώδεις,
2713 2956 2915 3017 νεύσεις
2992 2958 3080 3009 καὶ
3158 2955 3458 3017 ἀνανεύσεις
3516 2956 3606 3010 σὺν
3664 2953 3862 3010 οὐδενὶ

2202 3046 2374 3123 λόγῳ,
2428 3047 2588 3122 λόγος
2651 3046 2933 3117 ἱστάμενος
2989 3044 3076 3098 καὶ
3132 3045 3467 3117 κοπτόμενος
3518 3048 3629 3117 (75)
3686 3044 3866 3098 πνεύ-

2205 3157 2353 3209 ματι,
2414 3136 2705 3210 ἐρωτήσεις
2758 3135 2978 3188 ἄτακτοι
3050 3133 3139 3187 καὶ
3205 3133 3470 3204 ἀσόνετοι,
3529 3133 3863 3208 ἀποκρίσεις

2204 3222 2355 3279 οὐδὲν
2409 3224 2615 3278 τούτων
2658 3223 2934 3295 ἀμείνους,
2984 3220 3257 3291 ἀλλήλαις
3305 3217 3724 3295 ἐπεμϐαίνουσαι
3758 3222 3866 3276 καὶ

432 3315 780 3371 inordinatus
802 3318 858 3368 et
878 3312 1184 3385 imperitae,
1211 3316 1620 3385 responsiones
1643 3316 1736 3371 his
1767 3316 1947 3371 nihilo
1972 3335 2091 3373 me-

2210 3313 2302 3368 οὐκ
2326 3313 2618 3384 εὐσταθεῖς,
2652 3309 2777 3367 οὐδὲ
2804 3310 2949 3383 τάξει
2979 3315 3263 3387 προϊοῦσαι
3296 3308 3647 3373 παιδεύσεως.

438 3404 638 3470 liores,
661 3402 786 3457 aliae
810 3401 866 3456 in
890 3401 1034 3457 alias
1061 3402 1431 3469 insultantes,
1456 3420 1572 3459 non
1596 3405 1708 3459 sibi
1731 3411 2089 3473 constantes,

440 3510 545 3548 nec
580 3490 927 3547 eruditionis
957 3490 1159 3545 ordine
1191 3492 1647 3563 progredientes.

513 3578 705 3634 XXIV.
742 3579 890 3643 Quid
923 3578 1157 3650 singula
1188 3580 1515 3635 describere
1548 3596 1784 3637 necesse
1821 3583 1952 3638 est?
1980 3585 2097 3639 Ta-

441 3671 552 3724 lem
575 3672 708 3724 ante
733 3683 906 3737 opera
924 3666 1295 3737 conspicatus
1314 3684 1468 3731 sum,
1486 3669 1721 3740 qualem
1741 3670 1798 3724 in
1821 3673 2096 3743 operibus

514 3779 625 3843 (67)
682 3772 1381 3853 ’Av‘rtnpuunlverp.nRe.g.
1432 3776 1679 3853 h,AColb.
1718 3779 1771 3853 lt,
1805 3777 2101 3853 ἀντεπρου-

440 3847 645 3923 πίνετο.
680 3844 976 3923 Quidquid
1014 3847 1085 3923 de
1114 3844 1355 3923 Juliapi:
1396 3849 1665 3904 castitate
1719 3850 1914 3923 dicant
1972 3844 2102 3923 ejus

447 3920 782 3994 adulatores
839 3919 1210 3994 Ammianus,
1276 3919 1509 3994 Li_ban.,_
1553 3924 1688 3982 etc.,
1721 3922 1845 3993 ipse
1876 3940 1937 3977 se
1970 3919 2100 3994 pro-

446 3994 532 4046 dit
563 3993 779 4073 Δζίεορη
815 4008 869 4073 ρ..
1027 3997 1082 4045 et
1117 3991 1409 4073 epistn
1470 3992 1612 4073 Nam
1645 3991 1757 4048 etsi
1811 3991 2103 4067 legitimos

448 4080 563 4118 non
596 4062 864 4139 habuerit
896 4062 1129 4129 liberos,
1157 4062 1491 4134 illegitimos
1522 4068 1718 4120 tamen
1750 4062 2103 4139 non'paucos

492 4135 790 4188 recreavit.

449 4152 790 4206 procreavu.

518 4198 1089 4277 (68))1ρολαϐοῢσα.
1164 4205 1317 4275 Reg.
1386 4205 1442 4274 Ι,
1512 4205 1776 4263 Montac.
1845 4211 2100 4266 Combef.

447 4269 855 4349 nequeam

519 4346 631 4416 (69)
662 4343 831 4419 Ἦλθε
859 4345 982 4419 γάρ,
1012 4352 1122 4419 etc.
1167 4346 1295 4401 Haec
1344 4362 1387 4419 _a
1424 4344 1614 4419 _Billio
1672 4350 1822 4404 male
1881 4352 2105 4407 reddita

447 4415 752 4471 contendit
781 4415 1185 4485 Conibeﬁsius,
1222 4422 1278 4471 et
1309 4416 1391 4470 sic
1422 4415 1547 4487 ipse
1576 4420 1782 4475 vertit:
1808 4422 1997 4477 «Nam
2033 4423 2101 4477 il-

444 4488 543 4569 luo
569 4504 807 4569 quoque
838 4505 899 4542 se
929 4488 1195 4569 contplit,
1226 4487 1839 4569 statimnatquelrater
1894 4495 2097 4569 ipsius,

444 4560 546 4630 qui
580 4564 769 4615 Caesar
798 4567 1024 4636 creatus
1056 4560 1263 4636 fuerat,
1290 4558 1609 4636 rebellavit,
1644 4562 1749 4618 hoc
1781 4558 1975 4636 ipsum
2008 4558 2102 4621 de;

446 4636 740 4709 precatus,
785 4631 941 4709 __v_el,_
968 4632 1155 4702 ipsius
1190 4630 1702 4709 petitafacultate;
1736 4658 1763 4684 »
1798 4630 2007 4709 nempe
2039 4643 2102 4693 ut

448 4701 608 4773 paris
639 4701 1041 4773 rebellionisa
1071 4720 1132 4757 se
1164 4701 1559 4773 suspicionem
1610 4701 1953 4764 amoveret.
1982 4710 2101 4764 Vox

446 4772 603 4853 enim
636 4774 758 4843 illa,
779 4772 1132 4853 νεωτερίζειν,
1152 4772 1522 4853 ῐιορς-νίἀοὶυν
1544 4779 1890 4853 Combeﬁsio
1917 4782 2099 4853 signi-

448 4846 642 4911 licare,
677 4846 1113 4919 «rebellionem
1148 4845 1449 4919 cohibere;
1484 4868 1511 4919 ›,›
1547 4849 1669 4919 sed,
1694 4871 1721 4899 «
1747 4845 2098 4909 rebellisves-

448 4932 546 4991 se;
570 4917 833 4991 _»__sicut
864 4936 967 4973 nec
1001 4918 1130 4982 ista,
1168 4914 1414 4991 βασιλέα,
1440 4918 1509 4972 ad
1535 4914 1964 4987 Constantium,
1996 4926 2097 4980 sed

448 4988 520 5067 ad
548 4986 778 5067 Gallum
816 4992 1123 5067 pertinere.
1148 4986 1364 5067 Verum
1388 4989 1507 5044 hazc
1534 4991 1933 5067 interpretatio
1958 4986 2096 5051 lcum

443 5058 690 5135 historia
719 5058 1043 5117 consentire
1078 5060 1297 5133 nequit.
1321 5060 1444 5115 Non
1476 5063 1631 5119 enim
1662 5058 1954 5135 Julianus,
1980 5075 2097 5123 sta-

445 5130 553 5184 tim
585 5139 759 5202 atque
792 5149 1107 5203 germanus
1140 5130 1316 5187 frater
1346 5148 1436 5187 res
1469 5150 1646 5190 novas
1695 5130 1951 5193 molitus
1989 5145 2097 5203 est,

448 5216 551 5274 seu
613 5203 927 5267 rebellavit,
970 5206 1227 5260 Athenas
1259 5220 1319 5258 se
1350 5205 1631 5274 contulit;
1666 5224 1769 5263 nec
1799 5209 1999 5265 Gallus
2030 5210 2098 5265 il-

452 5271 555 5362 ξμς,
577 5274 753 5362 euudi
789 5275 1120 5362 facultatem
1157 5274 1335 5362 dedit:
1370 5275 1438 5362 Id_
1461 5271 1689 5362 constat
1719 5297 1785 5334 ex
1816 5281 1941 5362 ipso
1989 5282 2096 5362 .‘Iu-

447 5341 623 5399 liano.
658 5346 752 5410 Or,
788 5348 857 5401 ad
881 5348 1113 5416 Athen.,
1147 5365 1200 5418 p.
1234 5347 1359 5411 501,
1391 5351 1500 5401 etc.
1526 5366 1537 5413 ;
1564 5366 1627 5403 ex
1654 5341 1967 5417 Ammian.,
1993 5352 2095 5408 lib.

446 5431 539 5489 xv,
591 5432 647 5487 p.
680 5418 787 5489 734,
838 5435 903 5473 ex
934 5418 1157 5477 Liban..
1184 5435 1267 5472 or.
1293 5434 1370 5471 xu
1393 5444 1406 5481 ;
1431 5435 1498 5471 ex
1519 5420 1842 5489 Sozomen.,
1868 5422 1905 5476 l.
1941 5441 1989 5477 ν.
2046 5441 2091 5479 c.

446 5488 502 5553 2,
534 5490 643 5541 etc.
678 5488 859 5563 Igitur
888 5489 1050 5563 Gallo
1081 5494 1299 5544 Caesare
1330 5497 1719 5563 exfaguctorato,
1763 5488 1914 5549 anno
1969 5495 2094 5563 354,

450 5573 650 5613 mense
690 5559 942 5624 Octobri,
979 5568 1039 5617 ut
1069 5567 1360 5616 testantur
1392 5561 1642 5627 Idacius,
1675 5565 1960 5629 Socrates,
1993 5559 2095 5622 So;

442 5645 745 5701 zomenus.
783 5634 1088 5701 Eusebius,
1125 5633 1477 5701 Scaligerus,
1513 5635 1800 5701 Petavius,
1835 5644 1945 5693 etc.
1990 5640 2093 5693 Ju-

446 5700 663 5778 lianus.
693 5705 976 5778 Eusebia:
1007 5703 1397 5778 imperatricis
1429 5722 1554 5776 ope,
1589 5708 1833 5765 crimine
1862 5709 2095 5766 absolu-

447 5777 566 5844 tus,
602 5790 666 5831 ac
693 5773 858 5849 liber,
891 5773 1142 5835 Athenas
1188 5775 1355 5850 petiit
1410 5773 1601 5834 medio
1658 5780 1886 5838 circiter
1943 5798 2093 5839 anno

2278 3582 2392 3637 KA'.
2426 3580 2491 3637 Τί
2524 3579 2582 3633 ἂν
2614 3580 2681 3633 τὰ
2705 3580 2821 3642 καθ’
2846 3575 3067 3633 ἕκαστον
3121 3577 3426 3655 γράφοιμι;
3484 3581 3677 3632 Τοῦτον
3742 3580 3874 3652 (76)

2206 3672 2311 3743 πρὸ
2354 3674 2461 3723 τῶν
2508 3666 2681 3744 ἔργων
2734 3667 3058 3740 ἐθεασάμην,
3115 3666 3171 3721 δν
3223 3667 3311 3721 καὶ
3372 3666 3459 3721 ἰπὶ
3504 3671 3608 3721 τῶν
3676 3664 3874 3741 ἔργων

2211 3782 2336 3844 355,
2396 3795 2552 3844 cum,
2616 3795 2747 3832 mox
2796 3794 2828 3832 α
2861 3776 3057 3832 lratris
3087 3777 3261 3842 caade,
3294 3792 3491 3832 coram
3520 3776 3883 3833 Constantio

2211 3854 2579 3922 imperatore,
2612 3850 2682 3903 ad
2716 3849 2941 3919 objecta
2971 3849 3084 3903 sibi
3114 3848 3363 3904 crimina
3400 3847 3707 3904 Mediolani
3771 3865 3886 3903 re-

2211 3924 2563 3982 snondisset.

2246 3943 2563 3996 ponulsset.

2283 3996 2395 4067 (70)
2425 3992 2761 4067 ᾝκιῖλὶοε.
2798 3990 2898 4067 hu,
2932 3989 2970 4056 l,
3007 3990 3223 4067 aliique
3253 3989 3542 4067 nonnulli,
3568 3987 3765 4067 ἐκεῖσε.

2281 4059 2393 4137 (71)
2426 4064 2527 4120 Καὶ
2558 4063 2619 4116 τὸ
2648 4059 2895 4137 περιττὸν
2927 4059 3376 4137 τῆς-ἐκστάσεως.
3410 4085 3438 4111 u
3472 4061 3537 4116 Et
3564 4062 3889 4137 incompo-

2213 4132 2649 4217 situs'corporis
2683 4132 2938 4190 habitus.
2974 4156 3000 4183 ››
3034 4134 3268 4217 Rectius
3299 4150 3497 4217 quam,
3529 4156 3585 4215 «ο
3606 4132 3885 4217 incredi-

2214 4209 2349 4264 bilis
2380 4204 2594 4263 mentis
2648 4222 2942 4272 excessus,
3004 4227 3030 4254 ››
3092 4210 3155 4259 ut
3201 4204 3371 4260 vertit
3398 4204 3697 4269 Valesius;
3732 4210 3885 4271 aut,

2220 4281 2510 4346 «emotio,
2548 4301 2576 4327 »
2636 4282 2698 4332 ut
2753 4277 2946 4332 reddit
3004 4276 3227 4332 Billius.
3292 4276 3515 4332 Etenim
3571 4276 3888 4333 exteriora

2212 4358 2377 4407 erant
2423 4368 2491 4406 ea
2520 4367 2587 4405 ex
2617 4349 2831 4421 quibus
2864 4350 2933 4402 de
2962 4348 3195 4403 Juliano
3227 4348 3309 4404 sic
3338 4347 3678 4418 conjiciebat
3709 4346 3882 4403 Gre-

2211 4424 2598 4496 goriusjuxta
2627 4422 2749 4496 hmo
2777 4421 3087 4496 Scriptura:
3119 4421 3336 4496 verba_:
3370 4421 3607 4496 Auzictus
3659 4434 3883 4496 corpo-

2212 4492 2309 4561 ris,
2353 4500 2406 4550 et
2432 4492 2580 4549 risus
2609 4492 2874 4558 dentium,
2906 4497 2957 4547 et
2988 4494 3268 4560 ingressus
3296 4492 3539 4546 hominis
3568 4492 3888 4547 enuntiarit

2210 4567 2274 4621 de
2306 4567 2413 4622 illo
2445 4566 2638 4630 (Eccli.
2671 4581 2787 4626 χιχ,
2819 4565 2932 4629 27).

2279 4640 2389 4709 (72)
2425 4635 2690 4703 Εἰκάζειν.
2727 4637 2844 4690 Duo
2878 4640 3052 4705 Regg.
3086 4632 3179 4687 Or.
3216 4635 3267 4698 1,
3326 4633 3505 4687 Mont.
3559 4650 3644 4706 γρ.
3705 4629 3885 4685 εἰκά-

2244 4728 2310 4763 εμ

2214 4712 2391 4850 ζε(73)
2462 4775 2923 4850 ’Δνασηκούμενοι
2950 4778 3154 4850 .AMont
3186 4815 3198 4829 .
3263 4792 3329 4847 γρ
3366 4816 3378 4828 .
3438 4771 3780 4850 ἀνακοπτόμι
3805 4803 3839 4816 ο

2207 4845 2310 4906 vei.
2347 4852 2441 4907 Sic
2471 4845 2755 4907 Socrates.
2774 4845 3054 4904 'Valesius
3082 4845 3560 4917 interpretatur,«
3581 4845 3888 4902 humeros

2208 4923 2470 4979 libratos.
2505 4945 2533 4973 ››
2567 4922 2881 4987 Budaeus,“
2906 4919 3114 4975 vibrati
3147 4919 3217 4973 ad
3242 4916 3487 4973 modum
3520 4916 3701 4981 librae,
3723 4933 3885 4974 cum

2209 4995 2404 5051 lances
2462 4993 2723 5049 vicissim
2781 4993 3038 5048 subeunt
3066 4996 3122 5046 et
3153 5006 3387 5062 pessum
3420 4994 3580 5045 eunt.
3611 5010 3638 5038 »
3672 4987 3884 5062 Ment.

2212 5073 2379 5138 putat
2402 5068 2507 5121 hoc
2530 5082 2659 5121 esse
2685 5066 2840 5137 quod
2868 5065 2949 5138 ait
2975 5059 3190 5138 Cicero,
3223 5084 3250 5111 «
3285 5067 3515 5138 gestum
3548 5076 3717 5138 agere
3746 5059 3888 5138 hu-

2210 5132 2407 5203 ineris,
2440 5144 2497 5193 et
2527 5132 2960 5209 quodammodo
2992 5136 3060 5209 de
3088 5134 3259 5209 lintre
3290 5132 3446 5209 loqui
3471 5136 3703 5209 exserto
3748 5132 3884 5189 hu-

2209 5226 2388 5277 mero,
2446 5214 2502 5265 et
2544 5204 2789 5264 rursum
2849 5206 3019 5280 quasi
3075 5206 3147 5260 ad
3195 5204 3587 5276 aequilibrium
3620 5205 3885 5274 depres-

2207 5298 2292 5336 80.
2332 5304 2357 5329 υ

2278 5353 2390 5423 (74)
2422 5348 2703 5425 Φέροντες.
2741 5351 2920 5407 Mont.
2952 5368 3038 5424 γρ.
3076 5349 3417 5424 φρονοῦντες,
3449 5362 3514 5400 ac
3546 5345 3628 5400 ita
3655 5344 3880 5402 Socra-

2208 5427 2314 5479 tes.

2206 5566 2243 5621 S
2278 5495 2405 5620 ('75)t
2448 5492 2809 5564 Κοπτόμενος.
2844 5492 3029 5548 Mont.
3054 5508 3140 5565 γρ.
3174 5486 3653 5562 περικοπτόμενος,
3690 5492 3753 5542 et
3782 5488 3883 5545 ita

2248 5583 2380 5621 Ocra
2411 5583 2494 5620 es.

2248 5572 2494 5621 oerates.

2276 5638 2385 5707 (76)
2415 5639 2630 5689 Τοῦτον.
2683 5638 2859 5691 Mont.
2918 5653 3005 5708 γρ.
3061 5634 3333 5700 τοιοῦτον,
3391 5648 3456 5687 ac
3514 5629 3595 5685 ita
3650 5630 3879 5685 Socra-

2202 5712 2309 5765 tes.
