4202 6212
383 413 503 473 693

1379 413 1672 475 ORATIO
1717 414 1792 472 ν.
1826 447 1902 456 -
1934 413 2241 474 CONTRA
2288 414 2684 477 JULIANUM
2725 415 2802 474 ιι.

2993 269 3037 325 ι

3680 416 3802 477 694

383 541 669 618 ἄγνώρισα.
729 541 830 597 Καὶ
885 539 940 596 εἴ
993 563 1084 615 μοι
1132 544 1378 618 παρῆσάν
1427 564 1565 606 τινες
1598 549 1704 598 τῶν
1732 549 2028 614 τηνικαῦτα

2144 550 2346 617 postea
2375 545 2752 618 deprehendi.
2787 545 2950 613 Quod
2981 546 3030 602 si
3059 548 3154 617 qui
3187 564 3256 605 ex
3284 548 3378 617 iis,
3411 547 3512 620 qui
3558 552 3686 605 tum
3717 549 3799 605 si-

381 631 649 686 συνόντων
681 630 770 685 καὶ
803 631 1231 694 ἀκουσάντωνηοῦ
1254 630 1513 707 χαλεπῶς
1548 633 1605 686 ἃν
1632 633 2030 708 ἐμαρτύρησαν

383 720 486 788 οἷς,
521 717 709 788 ἐπειδὴ
738 724 903 774 ταῦτα
935 719 1256 792 ἐθεασάμην.
1293 720 1445 784 εὒθῦς
1493 720 1848 798 ἐφθεγξάμην
1901 722 2030 778 Οἶον

380 810 543 863 κακὸν
577 811 611 878 ἡ
645 809 930 881 Ῥωμαίων
964 812 1079 882 (77)
1109 810 1286 887 τρέφει
1316 811 1326 864 l
1360 810 1449 863 καὶ
1481 809 1889 885 προαγορεύσεις
1921 812 2034 884 (78)

380 899 470 952 καὶ
501 898 738 974 γενέσθαι
771 897 1136 972 ψευδόμαντις
1169 899 1408 970 ἐμαυτοῦ
1455 899 1849 971 κατευξάμενος
1897 901 2030 972 (79).

381 993 637 1062 Κρεῖσσον
670 987 773 1063 γὰρ
805 989 838 1057 ἢ
873 988 1078 1042 τούτων
1109 992 1220 1060 (80)
1251 987 1565 1058 πλησθῆναι
1583 989 1682 1056 τὴν
1705 987 2031 1061 οἰκουμένην

379 1081 582 1146 κακῶν,
640 1076 730 1131 καὶ
790 1081 1035 1131 τοιοῦτον
1096 1077 1428 1152 ἀναφανῆναι
1484 1078 1664 1152 τέρας,
1717 1079 1830 1131 οῖον
1877 1076 2033 1131 οὒπω

379 1165 644 1241 πρότερον
678 1167 828 1238 (8-1)’
883 1163 1108 1220 πολλῶν
1167 1167 1258 1236 μὲν
1307 1164 1655 1239 ἐπικλυσμῶν
1700 1164 2037 1240 Θρυλλουμέ-

376 1276 509 1323 νων,
562 1253 790 1309 πολλῶν
846 1253 901 1309 δὲ
931 1255 1296 1330 ἐμπρησμῶν,
1328 1258 1416 1309 καί
1454 1256 1710 1331 βρασμῶν
1774 1258 1876 1326 (82)
1909 1263 2031 1331 γῆς,

377 1345 467 1398 καὶ
515 1345 838 1418 χασμάτων,
893 1340 969 1398 ἔτι
1025 1342 1080 1398 δὲ
1120 1341 1328 1419 ἀνδρῶν
1389 1344 1894 1420 ἀπανθρωποτάτων
1919 1345 2032 1417 (83)

375 1431 466 1487 καὶ
513 1432 718 1503 Θηρίων
784 1430 1102 1487 ἅλλοκότων
1152 1453 1210 1486 τε
1258 1432 1346 1487 καὶ
1392 1432 1678 1502 συνθέτων,
1714 1434 1785 1486 ὧν
1814 1435 1847 1503 ἡ
1877 1433 2032 1511 φύσις

375 1520 765 1594 ἰκαινοτόμησε
797 1523 928 1595 (84).
987 1521 1162 1594 Ταύτῃ
1201 1542 1284 1575 τοι
1336 1522 1425 1575 καὶ
1468 1519 1629 1583 τέλος
1682 1523 1825 1594 ἄξιον
1870 1520 2030 1596 ἠνέγ-

376 1631 508 1664 κατο
539 1617 637 1680 τῆς
682 1610 976 1672 ἀπονοίας.
1026 1610 1250 1664 ἐνταῦθα
1301 1610 1461 1682 μόνον
1514 1610 1613 1664 οὐκ
1653 1609 2029 1684 ἀνασχομένου

374 1703 473 1753 τοῦ
527 1704 660 1754 Θεοῦ
707 1707 807 1768 τῆς
854 1700 1114 1770 συνήθους
1172 1699 1569 1774 μακροθυμίας,
1626 1696 1743 1754 ἔνθα
1791 1699 2028 1761 πολλοῖς

372 1787 538 1841 κακὸν
597 1788 664 1856 ἦν
711 1789 772 1842 τὸ
818 1786 1222 1865 φιλάνθρωπον,
1272 1789 1361 1842 καὶ
1410 1787 1628 1856 πολλὴν
1685 1789 1776 1859 μὶν
1828 1784 2028 1860 ἔμελλε

2141 633 2262 688 mul
2295 639 2479 702 erant,
2515 639 2687 706 atque
2717 635 3054 705 audiebant,
3089 637 3230 692 mihi
3259 654 3412 692 nunc
3455 643 3664 710 prasto
3695 655 3788 696 es-

2146 728 2294 789 sent,
2321 722 2478 778 haud
2509 741 2659 796 aegre
2691 726 3095 780 testimonium
3119 726 3478 782 exhiberem.
3507 727 3587 781 Ad
3615 742 3790 798 quos,

2147 814 2211 866 ut
2231 811 2352 865 haec
2379 812 2672 882 conspexi,
2695 815 2892 868 statim
2919 813 3009 869 his
3030 815 3224 870 verbis
3247 831 3390 870 usus
3413 831 3545 870 sum
3569 831 3581 870 :
3607 815 3793 883 Qnan-

2147 907 2259 954 tum
2287 901 2499 954 malum
2526 902 2637 955 sibi
2665 901 2770 956 ali!
2801 907 3104 957 Romanum
3148 904 3490 973 imperium!
3519 904 3794 976 ρτωῖαῐιιε

2144 989 2299 1054 licet,
2333 1007 2399 1045 ac
2436 991 2598 1055 mihi,
2634 995 2698 1044 ut
2731 990 2912 1046 falsus
2954 998 3115 1046 vates
3166 1009 3379 1059 essem,
3413 994 3793 1065 imprecatus.

2146 1079 2545 1134 Praestabilius
2577 1080 2732 1133 enim
2765 1079 2823 1134 id
2858 1080 3069 1148 fuerat,
3096 1097 3269 1151 quam
3300 1082 3482 1136 tantis
3512 1081 3687 1139 malis
3708 1099 3794 1138 or-

2144 1167 2274 1221 bem
2307 1172 2593 1223 terrarum
2618 1167 3108 1240 impleri,taleque
3135 1175 3464 1224 monstrum
3487 1172 3788 1237 exsistere,

2144 1255 2314 1328 quale
2338 1273 2640 1326 nunquam
2670 1261 2842 1310 antea
2863 1257 3054 1311 visum
3079 1257 3293 1324 fuerat;
3319 1259 3547 1313 etiamsi
3571 1258 3791 1331 alioqui

2143 1345 2358 1400 diluvia
2413 1344 2612 1413 multa,
2646 1349 2702 1400 et
2751 1346 3024 1400 incendia
3081 1346 3284 1413 multa,
3317 1350 3598 1417 terraeque
3634 1348 3794 1404 velut

2143 1433 2534 1497 ebulliticues,
2572 1439 2626 1488 et
2653 1433 2873 1498 hiatus,
2893 1449 2958 1488 ac
2981 1434 3152 1490 multi
3184 1436 3426 1507 insuper
3453 1435 3789 1491 crudelissi-

2142 1522 2222 1575 mi
2254 1521 2542 1588 homines,
2577 1520 2899 1592 belluzsque
2931 1523 3298 1596 prodigiosa,
3318 1528 3375 1579 et
3403 1539 3472 1579 ex
3497 1524 3674 1580 variis
3699 1540 3792 1597 ge-

2140 1611 2378 1666 neribus
2412 1611 2693 1680 conﬂatos,
2719 1628 2864 1682 quas
2898 1616 3104 1666 natura
3126 1629 3272 1668 novo
3304 1629 3465 1668 more
3496 1613 3786 1685 produxit,

2139 1716 2408 1754 sermone
2431 1701 2750 1771 jactantur.
2769 1703 2848 1755 Ac
2872 1701 3114 1772 proinde
3136 1702 3312 1756 finem
3335 1717 3569 1772 quoque
3595 1719 3790 1758 amen-

2137 1789 2220 1844 tia
2249 1806 2357 1844 sua
2387 1790 2633 1860 dignum
2668 1788 2806 1844 tulit
2837 1806 2850 1843 :
2877 1789 2993 1845 Deo
3025 1790 3118 1845 hic
3148 1789 3339 1846 solum
3372 1795 3651 1846 consueta
3681 1809 3789 1848 sua

372 1872 619 1951 παρέξειν
675 1875 904 1948 ἀθυμίαν
951 1881 1067 1938 τοῖς
1125 1878 1468 1948 κατορθοῦσι,
1526 1876 1743 1945 πολλὴν
1804 1875 1859 1931 δὲ
1909 1883 2025 1939 τοῖς

2141 1894 2205 1933 ac
2236 1878 2411 1949 longa
2444 1877 2724 1948 patientia
2755 1878 2838 1932 uti
2887 1895 3000 1932 non
3052 1878 3401 1946 sustinente,
3437 1879 3535 1935 ubi
3581 1878 3785 1936 multis

373 1965 742 2040 ἁμαρτάνουσι
791 1964 1214 2042 καταφρόνησινο
1271 1966 1342 2027 ὡς
1400 1965 1498 2020 οὐκ
1554 1964 1858 2043 ἐφορῶντος
1906 1969 2021 2039 (85)

372 2051 588 2114 οὐδενὸς
647 2055 714 2108 τὰ
771 2053 1032 2130 ἡμέτερα,
1075 2051 1199 2108 οὐδὲ
1258 2054 1425 2124 οὕσης
1479 2054 1626 2117 τινὸς
1653 2049 2025 2129 κυϐερνήσεως

367 2143 406 2211 ἢ
465 2139 787 2204 ἀντιδόσεως
835 2145 975 2215 (86),
1032 2141 1179 2198 ἀλλὰ
1236 2147 1333 2198 τοῦ
1362 2142 1674 2216 αὐτομάτου
1702 2142 1764 2198 τὸ
1795 2151 1896 2197 πᾶν
1931 2143 2021 2221 φέ-

370 2230 562 2307 ροντός
614 2253 672 2286 τε
718 2231 807 2285 καὶ
859 2231 1274 2308 περιτρέποντος
1302 2251 1313 2264 ·
1350 2233 1379 2287 ’ὁ
1413 2229 1647 2294 διανοίας
1681 2231 1790 2286 ἐστὶ
1845 2253 2020 2302 πονη-

369 2326 466 2394 ρᾶς
521 2321 611 2374 καὶ
670 2317 792 2374 λίαν
855 2318 1168 2398 ἐπισφαλῶς
1229 2319 1489 2394 περὶτῶν
1524 2319 1790 2395 μεγίστων
1821 2317 2020 2374 διακει-

372 2407 558 2480 μένης.

2135 1966 2464 2038 perniciosa
2496 1968 2691 2021 futura
2719 1971 2842 2022 erat
2873 1971 3177 2040 prorogata
3198 1967 3553 2040 benignitas,
3573 1985 3639 2023 ac
3660 1972 3781 2024 tum

2136 2056 2207 2110 iis
2230 2055 2326 2126 qui
2348 2056 2589 2111 honeste
2609 2059 2666 2109 ot
2685 2073 2752 2110 ex
2770 2055 2960 2111 ofﬁcio
2976 2057 3180 2112 vivunt
3197 2057 3377 2112 animi
3399 2057 3780 2128 dejectionem

2136 2143 2400 2208 multam,
2434 2148 2555 2198 tum
2591 2144 2969 2214 peccantibus
2999 2150 3395 2217 contemptum
3428 2151 3486 2201 et
3516 2145 3781 2218 petulan-

2131 2233 2273 2288 tiam
2308 2249 2420 2287 non
2448 2250 2682 2304 parvam
2706 2233 2956 2288 allatura
2979 2250 2992 2288 :
3017 2238 3297 2305 tanquam
3321 2234 3591 2291 videlicet
3607 2251 3778 2290 nemo

2130 2325 2284 2376 esset
2314 2322 2415 2393 qui
2447 2338 2538 2377 res
2573 2325 2805 2376 nostras
2835 2321 3168 2394 inspiceret,
3199 2323 3553 2396 praemiaque
3583 2327 3640 2380 et
3659 2340 3778 2395 pca-

2130 2427 2236 2465 nas
2261 2410 2470 2481 cuique
2492 2427 2596 2482 pro
2620 2411 2825 2466 merito
2847 2411 3313 2482 rependeret,sed
3338 2416 3557 2468 temere
3578 2428 3644 2468 ac
3666 2413 3781 2468 for-

363 2499 516 2554 tuito
549 2497 807 2553 mundus
838 2497 1105 2566 ferretur,
1131 2502 1187 2553 et
1206 2497 1568 2568 volveretur;
1601 2501 1757 2570 quod
1791 2517 1978 2571 prava:
2008 2500 2224 2556 mentis
2253 2503 2361 2567 est,
2385 2499 2669 2572 valdeque
2701 2499 3023 2572 periculose
3043 2501 3114 2557 de
3143 2501 3418 2557 maximis
3445 2501 3615 2558 rebus
3646 2517 3779 2556 sen-

365 2587 592 2643 tientia.

439 2675 560 2731 KE'.
591 2678 764 2728 Ταῦτα
818 2679 924 2728 τῶν
986 2672 1297 2728 Γαλιλαίων
1349 2677 1531 2748 ἡμῶν,
1570 2679 1737 2730 ταῦτα
1765 2680 1870 2729 τῶν
1906 2675 2017 2730 ἀτί-

369 2784 486 2836 μων
515 2765 580 2817 τά
613 2759 950 2837 διηγήματα·
985 2768 1152 2817 ταῦτα
1179 2765 1230 2817 οἱ
1262 2763 1352 2818 τὸν
1396 2763 1801 2840 ἐσταυρωμένον
1848 2784 2014 2838 προσ-

361 2855 650 2913 κυνοῦντες
710 2854 895 2924 ἡμεῖς,
949 2849 1116 2906 ταῦτα
1172 2853 1224 2906 οἱ
1279 2857 1384 2907 τῶν
1426 2852 1623 2908 ἀλιέων
1662 2853 1894 2925 μαθηταὶ
1927 2853 2014 2906 καὶ

359 2945 470 2995 τῶν
530 2937 891 3006 ἀπαιδεύτων,
959 2942 1032 3002 ὡς
1092 2940 1245 2995 αὐτοὶ
1306 2941 1549 3016 λέγουσι’
1600 2947 1766 2996 ταῦτα
1797 2943 1848 2995 οἱ
1901 2947 2016 3003 τοῖς

359 3027 634 3105 γραϊδίοις
695 3030 1164 3106 συγκαθεζόμενοι,
1224 3030 1314 3085 καὶ
1363 3030 1800 3104 συμψάλλοντες·
1851 3035 2016 3085 ταῦτα

2199 2679 2352 2733 168
2385 2677 2545 2733 ΧΧν.
2583 2679 2675 2732 Hae
2709 2681 2943 2744 nostrae,
2979 2677 3083 2733 hoc
3125 2682 3232 2747 est,
3259 2677 3654 2735 Galilaalorum
3687 2679 3774 2734 be

2129 2769 2596 2837 contemptorum
2645 2771 2702 2822 et
2751 2766 3112 2837 abjectorum
3145 2766 3452 2822 hominum
3492 2767 3777 2823 narratio-

2131 2871 2256 2910 nes.
2294 2856 2420 2909 Haec
2455 2872 2580 2918 nos,
2616 2854 2716 2926 qui
2746 2854 3100 2910 Cruciﬁxum
3144 2855 3499 2911 adoramus:
3533 2855 3655 2912 haec
3684 2855 3777 2928 pi-

2128 2947 2445 3009 scatorum,
2479 2949 2556 3008 et,
2583 2947 2647 2997 ut
2678 2943 2787 3014 ipsi
2823 2943 3008 3011 aiunt,
3035 2943 3442 3015 imperitorum
3476 2943 3775 3015 discipuli.

2126 3033 2254 3087 Haec
2285 3049 2410 3098 nos,
2447 3032 2548 3103 qui
2596 3048 2728 3086 cum
2763 3031 2971 3086 vetulis
3015 3033 3290 3089 sedemus
3337 3038 3392 3088 et
3440 3033 3776 3105 psallimus.

357 3120 418 3174 οἱ
449 3125 571 3180 ταῖς
629 3124 860 3191 μακραῖς
916 3118 1186 3189 νηστείαις
1239 3118 1624 3194 ἐκτετηγμένοι
1662 3120 1752 3174 καὶ
1783 3122 2016 3192 ἡμιθνῆ-

2137 3120 2259 3176 Haec
2292 3137 2398 3175 nos
2430 3120 2619 3192 longis
2657 3120 2902 3190 jejuniis
2952 3121 3220 3189 confecti,
3255 3137 3321 3177 ac
3373 3121 3772 3178 semianimes.

355 3229 445 3270 τες
483 3211 612 3282 (87)⁶
645 3212 812 3262 ταῦτα
843 3209 893 3262 οἱ
929 3209 1103 3281 μάτην
1137 3209 1528 3285 ἀγρυπνοῦντες
1559 3211 1744 3283 ἡμεῖς,
1778 3210 1866 3263 καὶ
1898 3214 2015 3270 ταῖς

356 3296 658 3373 παννύχοις
741 3297 951 3351 στάσεσι
1025 3297 1494 3373 παραληροῦντες,
1549 3299 1636 3353 καὶ
1694 3299 1833 3371 ὑμᾶς
1905 3299 2016 3371 (88)

357 3380 814 3446 καταϐάλλοντες.
867 3389 978 3440 Ποῦ
1022 3385 1153 3440 εἰσιν
1185 3387 1236 3440 οἱ
1266 3386 1636 3463 γραμματικοί
1669 3392 1774 3442 ποῦ
1808 3387 1937 3442 εἰσιν
1964 3389 2015 3441 οἱ

361 3469 671 3547 σύμϐουλοι
700 3494 714 3544 ;
749 3475 842 3529 Ἐκ
870 3479 980 3528 τῶν
1013 3475 1138 3550 παρ’
1167 3478 1304 3544 ἡμῖν
1332 3497 1476 3538 τινος
1511 3475 1746 3554 ἀσόφων,
1778 3477 1851 3538 ὡς
1883 3481 2012 3550 γοῦν

361 3564 490 3636 ὑμῖν
524 3561 694 3634 δοκεῖ,
728 3558 995 3635 λαμϐάνω
1051 3565 1142 3618 τὸν
1204 3563 1488 3622 ἐπινίκιον.
1549 3563 1662 3620 Ποῦ
1711 3566 1765 3619 αἱ
1817 3565 2012 3634 θυσίαι,

358 3653 448 3706 καὶ
492 3650 726 3722 τελεταὶ,
787 3651 874 3705 καὶ
930 3655 1238 3728 μυστήρια;
1286 3657 1390 3707 ποῦ
1450 3656 1650 3730 σφάγια
1706 3655 1902 3731 φανερά
1957 3673 2014 3706 τε

358 3741 450 3795 καὶ
509 3739 726 3818 ἀφανῆ;
784 3743 889 3795 ποῦ
945 3739 1113 3816 τέχνη
1175 3742 1310 3797 κατὰ
1352 3745 1458 3797 τῶν
1491 3741 1730 3816 έντόμων
1765 3742 2012 3796 ἐπαινου-

364 3829 498 3901 μένη
556 3831 707 3902 (89);
768 3832 874 3882 ποῦ
928 3830 1173 3904 τερατεία
1239 3831 1599 3907 προγνώσεως
1664 3830 1753 3885 καὶ
1811 3836 2013 3902 σημεῖα

360 3917 811 3994 ἕγγαστριμύθων
838 3935 852 3984 ;
885 3923 990 3972 ποῦ
1022 3913 1282 3975 Βαϐυλὼν
1306 3921 1340 3989 ἡ
1367 3917 1576 3990 ἔνδοξος
1599 3919 2009 3994 θρυλλουμένη,

354 4006 445 4061 καὶ
479 4006 772 4079 οἰκουμένη
805 4011 947 4061 πᾶσα
990 4009 1386 4083 περινοουμένη
1435 4009 1546 4080 (90)
1601 4005 1670 4061 δι’
1705 4005 1893 4082 ὀλίγου
1922 4008 2010 4061 καὶ

353 4095 576 4170 ἐναγοῦς
625 4093 890 4167 αἶ’ματος;
938 4100 1042 4150 ποῦ
1101 4093 1158 4150 δὲ
1208 4097 1259 4151 οἱ
1293 4095 1343 4151 ἐν
1392 4098 1463 4167 τῇ
1493 4095 1617 4172 χερὶ
1647 4095 2009 4170 κρατούμενοι

359 4186 557 4260 Πέρσαι
616 4184 705 4239 καὶ
757 4183 985 4254 Μῆδοι;
1045 4190 1151 4239 ποῦ
1209 4183 1268 4240 δὲ
1307 4187 1359 4241 οἱ
1416 4185 1870 4261 προπεμπόμενοι
1921 4186 2010 4239 καὶ

351 4275 818 4345 παραπείμποντες
873 4275 1009 4345 (91),
1063 4272 1152 4328 καί
1200 4273 1678 4350 προπολεμοῦντες
1730 4274 1818 4329 καὶ
1878 4295 2012 4347 συμ-

425 4363 471 4398 ⁶⁸
502 4363 613 4419 Isa.
643 4379 843 4431 χχχιιι,
879 4364 978 4430 l8;
1008 4365 1028 4418 Ι
1059 4365 1188 4419 Cor.
1222 4381 1264 4434 ι,
1295 4365 1385 4421 20.
1461 4366 1506 4401 ⁶⁰
1537 4370 1559 4419 l
1589 4366 1718 4421 Cor.
1750 4383 1807 4436 x,
1837 4367 1928 4420 20.

446 4449 662 4528 77)-’ξξ⁸
695 4448 1006 4528 Ῥωμαίων.
1075 4451 1317 4524 Nempe,
1360 4452 1636 4528 ποΑιτεία,
1684 4453 1793 4528 vel,
1849 4453 2010 4528 βασι·
2041 4462 2087 4526 D

427 4450 542 4575 (77)
573 4450 662 4532 ᾙ.
695 4450 1006 4520 Ῥωμαίων.
1075 4451 1317 4524 Nempe,
1360 4452 1636 4536 ποΑιτεία,
1684 4453 1793 4521 vel,
1849 4453 2010 4528 βασι-

355 4521 423 4607 λε
448 4541 500 4576 α.
534 4521 763 4607 ΒιΙιιμε,
785 4544 813 4607 «ξ
844 4523 1244 4580 Romanorum
1275 4541 1456 4598 regio,
1484 4547 1506 4577 ι
1543 4527 1698 4597 quod
1731 4526 2011 4583 Combeﬁ-

281 4623 302 4640 α
356 4594 448 4651 sio
483 4611 598 4649 non
630 4593 838 4665 placet.

427 4665 555 4754 (78),
577 4662 1007 4740 Προαγορεύσας.
1043 4665 1128 4721 Ita
1157 4665 1422 4738 plerique
1463 4668 1631 4724 codd.
1657 4667 1808 4723 Edit.
1840 4686 2008 4741 προσο

354 4754 693 4811 αγορευσας,

354 4805 992 4891 -.(79).Κατευέάμενος.
1044 4806 1223 4891 luunt.
1275 4827 1379 4891 ‘19..
1429 4807 1787 4891 κατευξάμην.
1847 4809 2011 4865 Unde

352 4879 630 4936 Valesius
657 4897 670 4934 :
700 4902 727 4929 «
754 4880 1016 4954 gumque
1048 4879 1106 4932 id
1138 4879 1560 4951 przedixissem,
1581 4879 1788 4948 Deum,
1809 4897 2010 4954 preca-

354 4958 457 5008 tus
489 4967 622 5006 sum
656 4955 719 5006 ut
749 4949 934 5005 falsus
965 4955 1124 5005 vates
1140 4949 1369 5008 essem.
1407 4976 1434 5002 »

454 5023 547 5092 80)
579 5020 815 5076 Τούτων.
844 5021 982 5076 Mss.
1019 5024 1396 5080 communius
1424 5021 1706 5078 τοιούτων.

454 5024 547 5076 80)
579 5024 815 5076 Τούτων.
844 5024 982 5076 Mss.
1019 5024 1396 5080 communius
1424 5024 1687 5078 τοιούτων

431 5024 550 5166 (81)
582 5093 873 5168 Πρότερον.
907 5092 1108 5168 Plures
1144 5111 1287 5168 mss.
1321 5097 1568 5160 addunt.
1600 5095 1690 5163 ἦν.

432 5165 543 5238 (82)
577 5165 866 5239 Βρασμῶν,
926 5165 1114 5239 vertit
1165 5165 1358 5224 Vales.
1423 5192 1450 5218 ‹‹
1512 5172 1676 5224 terrae
1734 5171 2010 5222 motus.»

355 5235 636 5319 mosque,
671 5259 716 5319 «_
734 5238 804 5292 ad
839 5235 1297 5319 h_aec.hominum
1330 5239 1666 5296 inhumana:
1697 5239 1918 5312 species
1947 5253 2015 5292 ac

357 5307 656 5377 belluinaa,
691 5309 821 5363 ferae
852 5307 1127 5379 denique,
1165 5335 1185 5360 ι
1224 5313 1333 5366 etc.

431 5380 548 5451 (83)
586 5379 1140 5451 Ἀπανθρωποτάτων.
1198 5379 1283 5436 Ita
1341 5397 1544 5436 omnes
1601 5379 1872 5451 codices._
1907 5380 2014 5434 Lo-

355 5448 469 5576 (ἐμὲ
499 5448 595 5507 hic
627 5448 866 5506 omnino
919 5456 1228 5522 corruptus
1284 5452 1344 5508 in
1400 5453 1633 5508 Socrate
1682 5451 1809 5506 Par.
1850 5448 2016 5504 ἀπαν-

397 5541 627 5576 οωπων.

431 5542 601 5575 ωπων
614 5565 627 5577 .

687 5590 843 5669 φύσις
892 5589 1306 5669 ἐκαινοτόμησε.
1366 5593 1635 5665 Quinque
1686 5593 1862 5666 Regg.
1919 5593 2014 5649 ΟΡ.

359 5665 388 5719 1
403 5706 417 5730 ,
444 5663 641 5734 φύσεις
669 5663 1169 5734 καινοτομηθεῐσαι.

437 5733 554 5809 (85)
583 5737 670 5798 Ὦς
701 5734 800 5810 οὐκ
829 5733 1156 5810 ὶφρρῷντος,
1200 5741 1309 5794 etc.
1364 5736 1720 5796 Claudianus
1749 5737 2017 5794 eamdem

362 5806 490 5866 fere
519 5806 879 5866 sententiam
903 5806 1078 5865 habet
1109 5826 1123 5867 :

2129 3211 2256 3264 Haec
2292 3227 2418 3276 nos,
2454 3209 2554 3280 qui
2591 3208 2807 3263 frustra
2836 3207 3172 3280 vigilamus,
3205 3214 3382 3281 atque
3432 3211 3493 3265 in
3545 3215 3776 3267 noctur-

2130 3299 2219 3352 nis
2251 3298 2607 3353 stationibus
2655 3314 2968 3368 nugamur,
2999 3302 3056 3353 et
3087 3302 3285 3352 tamen
3317 3314 3417 3353 vos
3449 3299 3777 3370 prosterni-

2127 3387 2393 3442 mus.Ubi
2425 3391 2564 3441 sunt
2593 3386 2959 3457 grammatici
2989 3387 3125 3441 Pubi
3159 3385 3476 3442 consiliarii
3497 3387 3586 3442 ⁸θῖ
3617 3388 3774 3444 Libet

2125 3477 2278 3531 enim
2303 3476 2376 3530 ab
2397 3475 2761 3530 indoctorum
2783 3474 3135 3530 nostratium
3159 3476 3510 3547 quodam,ut
3530 3476 3772 3548 quidem

2123 3565 2286 3620 vobis
2315 3565 2562 3630 videtur,
2596 3563 3012 3634 triumphalem
3047 3563 3333 3635 hymnum
3377 3565 3616 3620 mutari.
3665 3565 3767 3620 Ubi

2123 3653 2430 3718 sacriﬁcia,
2455 3659 2512 3707 et
2543 3669 2726 3718 sacra,
2748 3656 2806 3706 et
2831 3653 3106 3724 mysteria
3129 3653 3175 3688 ⁶⁹
3195 3654 3221 3706 ?
3253 3653 3351 3708 ubi
3381 3653 3629 3708 victimae
3653 3659 3772 3709 tam

2123 3748 2335 3814 aperta:
2384 3759 2559 3813 quam
2611 3741 2897 3796 occultas?
2930 3741 3028 3796 ubi
3080 3742 3431 3814 aruspicinae
3477 3759 3594 3812 ars,
3647 3759 3776 3813 qua

2121 3832 2293 3886 laude
2345 3847 2411 3885 ac
2453 3831 2862 3901 praedicatione
2911 3830 3194 3884 offertur?
3243 3831 3339 3885 ubi
3392 3830 3767 3900 prtescientiaa

2123 3919 2367 3986 vanitas,
2401 3925 2458 3974 et
2508 3918 3008 3988 ventriloquorum
3066 3917 3270 3990 signa?
3320 3918 3418 3972 ubi
3465 3918 3624 3972 clara
3672 3917 3775 3974 illa

2123 4007 2376 4080 Babylon
2411 4023 2679 4062 sermone
2703 4008 3014 4070 celebrata,
3049 4012 3106 4061 et
3136 4006 3448 4062 universus
3480 4013 3768 4062 terrarum

2121 4097 2278 4152 orbis
2304 4113 2403 4166 per
2426 4096 2702 4165 exiguum
2723 4101 2780 4149 et
2802 4096 3224 4150 exsecrandum
3243 4093 3592 4166 sanguinem
3617 4095 3772 4168 cogi-

2120 4185 2338 4240 tatione
2369 4188 2676 4254 perceptus
2698 4183 2726 4237 ‘I
2764 4182 2861 4236 ubi
2898 4182 3081 4237 Persa:
3111 4182 3197 4237 illi
3226 4187 3282 4238 et
3311 4182 3480 4247 Medi,
3513 4183 3613 4254 qui
3645 4199 3767 4238 ma-

2122 4274 2300 4329 nibus
2324 4270 2712 4328 tenebantur?
2745 4271 2842 4324 ubi
2876 4270 2956 4324 dii
2990 4270 3095 4338 illi,
3129 4271 3229 4342 qui
3264 4271 3546 4341 prasibant
3575 4276 3635 4327 et
3669 4273 3769 4344 qui

2261 4450 2418 4519 Saepe
2444 4449 2589 4503 mihi
2617 4447 2840 4502 dubiam
2869 4450 3044 4503 traxit
3072 4450 3349 4504 sententia
3375 4453 3612 4504 mentem

2265 4523 2538 4578 Curarent
2569 4521 2770 4590 Superi
2799 4523 2993 4587 terras,
3026 4537 3100 4573 an
3127 4520 3318 4575 nullus
3348 4521 3545 4576 inesset

2263 4595 2472 4658 Hector,
2505 4600 2556 4647 et
2589 4593 2795 4646 incerto
2823 4592 3057 4661 ﬂuerent
3085 4591 3347 4647 mortalia
3373 4607 3541 4647 cursu

2190 4737 2302 4807 (86)
2368 4728 2746 4792 Ἀντιδόσεως.
2826 4732 2966 4805 Reg.
3028 4733 3131 4802 hu,
3218 4733 3382 4788 Pass.
3467 4727 3766 4786 ἀνταποδό-

2119 4827 2275 4866 σεως.

2212 4880 2299 4944 87)
2331 4875 2677 4946 Ἱ-Ιμιθνῆτες.
2712 4872 2869 4929 Colb.
2902 4874 2960 4941 k,
2993 4873 3313 4946 ἡμιθνῆτοι.

2213 4950 2302 5021 88)
2333 4945 2514 5021 Ὺμᾶς.
2553 4947 2715 5021 llerv.
2747 4945 2913 5021 ἡμᾶς.

2195 5014 2306 5093 (89)
2339 5014 2758 5093 Ἐπαινουμένη..
2793 5014 2886 5072 Sic
2909 5015 3090 5093 Regg.
3125 5019 3373 5093 septem,
3421 5014 3581 5093 Colb.
3629 5019 3772 5093 tres,

2123 5086 2299 5148 Pa‘ss;
2321 5098 2431 5147 etc.
2485 5086 2676 5154 Pauci,
2727 5086 3107 5161 ἐπινοουμένῖη.
3146 5086 3318 5145 (Ars
3349 5104 3476 5161 quoe
3505 5088 3578 5144 de
3608 5088 3774 5144 caesis

2124 5165 2270 5221 extis
2302 5181 2366 5216 ac
2399 5161 2728 5232 uisceribus
2757 5159 3084 5232 excogitata
3113 5163 3218 5232 est.
3259 5181 3309 5214 ››.

2193 5237 2308 5308 (90)
2340 5230 2797 5308 ῐῐερινοουμένη.‹‹
2835 5229 3001 5308 Ofbis
3027 5230 3336 5308 universus
3367 5229 3546 5308 animi
3577 5231 3650 5285 de
3669 5229 3773 5308 eli-

2126 5299 2358 5377 natione
2395 5299 2742 5377 praeceptus.
2778 5327 2804 5352 »
2836 5304 2928 5358 Sic
2959 5306 3088 5358 Put.
3123 5303 3181 5357 in
3211 5303 3502 5377 Phocione,
3562 5299 3773 5377 μεγαλα

2123 5381 2240 5439 ταῖς
2273 5373 2450 5432 ἐλπίσι
2483 5373 2770 5449 περινοῶνυ
2811 5397 2836 5425 ‹‹
2875 5379 2985 5446 Spe
3026 5390 3241 5447 magna
3275 5375 3470 5430 animo
3516 5373 3770 5444 comple-

2123 5468 2406 5608 ΗΞ)ιῖοἲ
2453 5515 2940 5608 προπεμπόμενα,
2985 5513 3073 5569 καὶ
3121 5515 3586 5608 καρατξέμποντες.
3616 5509 3770 5608 Εςίιὶ

2126 5587 2351 5648 addunt
2384 5611 2395 5647 :
2429 5587 2518 5644 καὶ
2550 5587 2993 5663 προπέμποντες,
3027 5587 3536 5663 quod'delevimus
3567 5588 3766 5663 aucto-

2130 5666 2297 5720 ritate
2329 5681 2426 5718 sex
2462 5655 2768 5736 [Μῦες-Θή
2800 5661 2876 5736 _i,_
2903 5667 3014 5736 etc.
3043 5655 3325 5736 Agnoscit
3368 5663 3561 5736 tamen
3604 5655 3768 5736 Com-
3821 5679 3843 5703 μ

2126 5738 2242 5793 bet.
2274 5745 2330 5791 ct
2360 5728 2620 5803 vertitfll
2654 5733 2744 5788 Dii
2797 5732 2878 5786 illi
2925 5728 3165 5788 honoris
3215 5748 3393 5788 causa
3431 5728 3684 5790 deducti,
3713 5736 3740 5768 ι’

2130 5809 2485 5865 deducentes
2517 5823 2585 5864 ac
2615 5803 2876 5862 comites.
2914 5825 2941 5852 ››

2826 4732 2966 4805 Reg.
3028 4733 3131 4802 hu,
