4202 6212
355 471 475 536 697
1352 479 1642 540 ORATIO
1687 481 1761 540 V.
1795 510 1875 523 —
1903 478 2219 540 CONTRA
2261 483 2651 547 JULIANUM
2700 485 2778 546 Il.
3650 492 3769 553 698

360 624 468 659 νων
500 608 577 680 (1)
615 604 945 683 θρασύτητος
971 610 982 664 ι
1017 606 1470 683 Ἐπηγγέλθημεν
1512 608 1625 664 ἀντ’
1653 605 1828 664 ἄλλου
1857 607 2004 670 τινὸς

2131 614 2275 669 Iacob
2305 613 2397 669 7’?
2424 613 2468 670 Ο
2500 615 2872 675 incredibiles
2921 618 3321 676 narrationes!
3356 619 3399 676 Ο
3430 637 3626 677 rerum
3667 639 3767 693 spe

363 695 561 770 ἱερείου
589 701 707 758 τοῖς
741 693 979 770 δαίμοσι·
1012 697 1100 752 καὶ
1132 700 1165 767 ἡ
1205 697 1414 774 μεγάλη
1448 703 1544 753 τοῦ
1576 702 1708 753 Θεοῦ
1738 697 2005 774 κληρονο-

369 785 487 858 μία,
572 787 634 840 τὸ
720 784 871 861 ἅγιον
945 785 1116 853 ἔθνος,
1191 789 1253 842 τὸ
1329 787 1603 863 βασίλειον
1692 788 2002 863 ἱεράτευμα,

365 880 493 947 μιᾶς
524 874 687 929 ἆθλον
740 872 979 942 ἐλπίδος,
1028 875 1117 930 καὶ
1150 876 1267 939 ἐνὸς
1297 877 1550 951 πολέμου
1582 880 1657 951 (2)
1687 879 2001 951 νικητήριον

362 961 508 1039 ἰγενό
518 965 671 1035 μεθα.

440 1140 554 1195 KZ'.
586 1144 759 1195 Ταῦτα
806 1143 1147 1213 Χριστιανοῗς
1206 1144 1353 1218 παρὰ
1397 1148 1492 1198 σοῦ
1523 1144 1634 1198 ἀνθ’
1678 1145 1751 1198 ὧν
1802 1143 2010 1213 ἐσώθης

367 1225 440 1283 δι’
479 1228 652 1283 αὐτῶν
684 1234 864 1291 κακῶς
920 1232 986 1285 τὰ
1033 1230 1282 1307 ἐπίχειρα
1331 1236 1443 1305 (3);
1493 1237 1668 1287 Ταῦτα
1726 1233 2010 1305 Κυρίῳτῷ

367 1322 483 1389 Θεῷ
530 1339 626 1372 σου
681 1316 1098 1389 ἀνταπέδωκας;
1166 1321 1433 1397 Πρότερον
1479 1323 1571 1394 μὲν
1607 1320 1696 1376 οὖν
1726 1326 1824 1397 (4),
1858 1322 2013 1392 ἡνίκα

362 1403 441 1461 ἔτι
502 1407 688 1481 ἀνεῖχε
743 1408 831 1461 καὶ
880 1403 1211 1465 ἀνεϐάλλετο
1258 1411 1358 1479 τὴν
1414 1410 1548 1486 ὑπὲρ
1583 1413 1744 1483 ἡμῶν
1780 1410 1949 1486 όργήν
1983 1412 2010 1465 6

367 1495 519 1563 Θεὸς,
583 1497 673 1549 καὶ
732 1494 884 1550 οὕπω
930 1496 1103 1551 πάντα
1148 1499 1240 1553 τὸν
1320 1499 1511 1553 ἑαυτοῦ
1572 1498 1738 1569 ζῆλον
1801 1499 2011 1573 ἐξεκαυ-

365 1604 454 1639 σεν
494 1586 591 1657 (5),
626 1582 753 1639 ἀλλ’
806 1584 1026 1659 ὑψηλὴν
1078 1583 1155 1641 ἔτι
1202 1588 1339 1642 κατὰ
1374 1593 1481 1642 τῶν
1531 1584 1736 1644 ἀσεϐῶν
1768 1589 1884 1664 εἶχε
1910 1591 2010 1658 τήν

364 1686 549 1758 χεῖρα,
581 1681 669 1736 καὶ
726 1682 789 1737 τὸ
834 1684 987 1754 τόξον
1027 1682 1248 1739 ἐνέτεινε
1295 1685 1388 1759 μὶν
1448 1686 1535 1740 καὶ
1595 1687 1862 1760 ἡτοίμασε
1912 1691 2010 1763 (6),

367 1777 591 1846 κατεῖχε
646 1768 703 1826 δὲ
766 1771 874 1845 βίᾳ,
932 1772 1022 1827 καὶ
1078 1773 1257 1848 ὥσπερ
1313 1796 1365 1829 τι
1412 1774 1625 1848 νόσημα
1654 1774 1892 1831 ὓπουλον
1923 1777 2012 1832 καὶ

362 1860 630 1931 κακόηθες
689 1860 976 1936 ἐκραγῆναι
1029 1862 1291 1937 πρότερον
1363 1866 1438 1937 (7)
1497 1863 1634 1933 δλὴν
1694 1865 1856 1920 αὐτοῦ
1912 1868 2011 1937 τὴν

2112 707 2521 774 conceptarum
2558 707 2941 763 temeritatem
2973 708 2984 763 ι
3019 710 3413 776 Οεεωοηὶὺυε,
3446 711 3634 766 instar
3664 729 3763 767 cu-

2109 792 2346 862 jusdam
2405 793 2554 851 alius
2609 796 2878 869 victimae,
2940 799 3215 871 promissi
3276 800 3573 855 fueramus
3625 817 3638 855 :
3702 818 3768 857 ao

2118 882 2458 953 magnailla
2505 885 2600 939 Dei
2634 885 2965 953 haereditas,
3009 904 3139 958 gens
3186 889 3287 944 illa
3332 899 3547 956 sancta,
3578 893 3769 959 regale

2114 968 2482 1024 sacerdotium
2511 972 2577 1038 ⁷³,
2612 971 2787 1028 unius
2836 973 2959 1044 spei
2992 976 3314 1045 praemium,
3368 983 3545 1048 atque
3593 977 3770 1034 unius

2114 1055 2251 1112 belli
2286 1057 2479 1129 palma
2509 1060 2641 1115 facti
2675 1077 2929 1118 eramus.

2188 1146 2402 1204 XXVII.
2438 1149 2565 1204 Haec
2615 1155 2677 1205 tu
2726 1151 2948 1207 scilicet
2989 1151 3334 1208 Christianis
3389 1154 3460 1209 ob
3518 1154 3767 1211 salutem

2119 1253 2222 1309 per
2251 1254 2350 1293 eos
2382 1238 2534 1294 male
2584 1245 2877 1311 acceptam
2934 1241 3173 1313 praemia
3217 1243 3465 1299 retulisti
3488 1245 3515 1299 ?
3550 1245 3674 1300 Haec
3706 1248 3769 1299 tu

2121 1326 2365 1382 Domino
2396 1328 2511 1383 Deo
2542 1333 2641 1385 tuo
2664 1330 2982 1401 rependisti
3004 1331 3030 1385 ?
3054 1339 3134 1385 Ac
3158 1332 3321 1403 prius
3368 1333 3603 1403 quidem
3636 1349 3769 1389 cum

2122 1419 2274 1471 Deus
2305 1432 2472 1471 suam
2512 1435 2613 1489 pro
2647 1420 2814 1474 nobis
2839 1420 2986 1474 iram
3020 1420 3210 1476 adhuc
3233 1420 3568 1488 sustineret,
3598 1426 3773 1493 atque

2121 1504 2397 1573 differret,
2432 1508 2680 1563 necdum
2711 1508 2897 1564 zelum
2930 1525 3163 1565 omnem
3197 1527 3369 1565 suum
3406 1510 3775 1566 inﬂammas-

2121 1599 2230 1659 set,
2263 1611 2465 1650 verum
2497 1596 2808 1652 sublimem
2860 1598 3051 1654 adhuc
3082 1600 3361 1656 adversus
3407 1600 3622 1672 impios
3652 1616 3777 1655 ma-

2123 1699 2266 1738 num
2297 1682 2555 1751 haberet,
2588 1690 2764 1758 atque
2796 1703 3016 1756 arcum,
3042 1688 3275 1744 tametsi
3296 1689 3419 1760 jam
3453 1690 3773 1744 adductum

2122 1776 2181 1827 et
2206 1778 2498 1845 paratum,
2524 1792 2624 1846 per
2653 1775 2767 1830 vim
2801 1777 3093 1840 retineret.
3118 1778 3517 1849 tantisperque
3546 1794 3778 1849 exspec-

2123 1864 2293 1931 taret,
2324 1863 2463 1917 dum
2514 1869 2635 1918 tota
2667 1864 2827 1919 illius
2870 1866 3235 1937 improbitas,
3270 1867 3437 1938 quasi
3470 1865 3779 1938 supputri--

368 1949 634 2026 πονηρίαν
682 1951 951 2023 ἀνέμενεν,
1011 1951 1190 2027 ὣσπερ
1252 1950 1316 2022 δὴ
1372 1957 1447 2026 (8)
1491 1959 1624 2009 Θεοῦ
1671 1956 1897 2030 κρίσεως
1927 1957 2014 2013 νό-

2131 1950 2236 2005 dus
2267 1956 2323 2004 et
2372 1951 2669 2024 malignus
2718 1954 2955 2020 quidam
3007 1956 3267 2020 morbus,
3318 1955 3645 2026 erupisset;
3678 1954 3775 2010 hic

380 2061 503 2113 μος,
560 2038 631 2093 ἵν’
669 2042 704 2110 ἢ
738 2043 883 2116 σώσῃ
937 2040 1007 2115 τῇ
1055 2042 1309 2115 μετανοίᾳ
1354 2046 1388 2113 ἢ
1422 2042 1721 2116 κολάσηται
1756 2043 2018 2103 δικαιότε-

378 2147 469 2203 ρον
494 2146 507 2159 ·
538 2128 664 2183 τότε
697 2129 815 2202 μὶν,
849 2127 1362 2206 δυσανασχετοῦντες
1391 2139 1505 2194 τοῖς
1546 2133 1872 2208 γινομένοις,
1930 2136 2019 2191 καὶ

377 2218 515 2293 πρὸς
568 2219 632 2273 τὸ
693 2217 897 2291 μέλλον
956 2220 1248 2294 κάμνοντες
1308 2222 1392 2295 (οὐ
1442 2223 1543 2297 γὰρ
1602 2222 1861 2300 ἐφέρομεν
1918 2227 2018 2296 τήν

376 2307 867 2382 ἀποκρυπτομένην
937 2309 1101 2364 αὐτοῦ
1174 2316 1290 2371 τοῖς
1346 2310 1573 2373 οἰκείοις
1624 2313 2019 2389 χρηστότητα),

373 2394 578 2458 ἇκείνας
632 2396 863 2472 ήφίεμεν
918 2400 995 2470 (9)
1052 2399 1189 2473 πρὸς
1247 2399 1338 2453 τὸν
1396 2400 1521 2456 Θεὸν
1574 2401 1668 2462 τὰς
1720 2401 1922 2478 φωνὰς,
1955 2405 2021 2457 τὰ

380 2484 475 2558 μὶν
504 2486 616 2558 (10)
648 2485 723 2547 ὡς
755 2483 1020 2555 δεσπότην
1054 2486 1497 2561 ἐπικαλούμενοι,
1551 2489 1618 2543 τὰ
1650 2485 1707 2543 δὲ
1765 2490 1837 2552 ὡς
1884 2492 2019 2566 πρὸς

373 2574 581 2647 πατέρα
610 2575 852 2649 χρηστὸν
876 2576 1264 2649 ποτνιώμενοι,
1295 2576 1362 2631 τὰ
1403 2574 1459 2631 δὲ
1499 2578 1610 2631 οἷον
1669 2576 2016 2648 ὀνειδίζοντες

366 2662 458 2718 καὶ
520 2661 1031 2739 δικαιολογούμενοι
1090 2668 1227 2742 πρὸς
1284 2666 1466 2737 αὐτὸν,
1513 2667 1601 2722 οἶα
1653 2669 1720 2722 τὰ
1766 2674 1873 2723 τῶν
1918 2670 2015 2726 ἀλ-

360 2751 647 2828 γούντων⁸
708 2754 823 2810 Ἵνα
878 2753 930 2810 τί
984 2755 1207 2823 ἀπώσω,
1262 2756 1290 2810 6
1347 2757 1498 2821 Θεὸς.
1558 2756 1635 2818 ιῖς
1676 2755 2013 2835 τέλοςςώρ-

357 2840 519 2918 γίσθη
568 2843 595 2897 6
655 2842 827 2916 Θυμός
876 2866 972 2898 σου
1030 2844 1118 2899 ἐπὶ
1178 2842 1424 2919 πρόϐατα
1480 2854 1660 2921 νομῆς
1717 2867 1850 2918 σου;
1911 2849 2013 2905 Καὶ

376 2932 646 3003 μνήσθητι
721 2939 823 3001 τῆς
892 2941 1202 3010 συναγωγῆς
1277 2956 1393 3005 σου,
1477 2938 1544 3003 ἧς
1630 2935 1841 3007 ἐκτήσω
1926 2939 2015 2992 ἀπ’

367 3021 572 3095 ἀρχῆς,
624 3023 684 3090 ἣν
736 3026 1106 3095 περιεποιήσω
1153 3029 1269 3085 τοῖς
1320 3029 1413 3078 τοῦ
1478 3031 1799 3101 μονογενοῦς
1838 3026 2015 3103 Λόγου

368 3132 468 3166 σου
498 3112 742 3180 πάθεσιν,
799 3114 860 3182 ἣν
907 3120 1008 3183 τῆς
1060 3112 1303 3189 μεγάλης
1337 3136 1432 3169 σου
1465 3112 1731 3186 διαθήκης
1760 3117 2015 3189 ἠξίωσας,

362 3203 426 3271 ἣν
460 3200 547 3255 καὶ
582 3198 831 3265 ε’ίλκυσας
890 3191 999 3263 εἶς’
1025 3202 1284 3278 οὐρανοὺς
1342 3206 1453 3276 (11)
1496 3209 1573 3275 τῷ
1616 3210 1783 3277 καινῷ
1816 3227 2019 3278 μυστη-

372 3289 501 3364 ρίῳ,
552 3290 642 3343 καὶ
688 3295 767 3363 τῷ
825 3287 1100 3367 ἀῤῥαδὶὦνι
1154 3296 1251 3346 τοῦ
1311 3292 1656 3365 Πνεόματοςο
1717 3296 1805 3349 καὶ
1878 3297 2014 3350 Ἔπ-

366 3397 497 3452 αρον
555 3379 650 3441 τὰς
707 3381 898 3454 χεῖράς
957 3402 1052 3436 σου
1109 3380 1195 3436 ἐπὶ
1248 3382 1341 3443 τὰς
1412 3382 1783 3462 ὑπερηφανίας
1841 3384 2014 3440 αὐτῶν

365 3466 443 3528 είς
520 3466 700 3539 τὲλος,
779 3468 1287 3543 ὑπομιμνήσκοντες
1358 3473 1471 3545 (12)
1549 3470 1647 3526 ὅσα
1722 3471 2015 3549 ἐπονηρεύ-

364 3575 528 3611 σαντο
593 3558 729 3611 κατὰ
794 3563 900 3613 τῶν
969 3558 1132 3634 ἁγίων
1212 3580 1305 3614 σου
1374 3561 1425 3615 οἱ
1494 3560 1681 3637 ἐχθροὶ
1738 3562 1826 3617 καὶ
1883 3565 2018 3617 κατᾶ

361 3650 473 3701 τῶν
533 3646 735 3723 ἑορτῶν
796 3668 891 3702 σου
949 3647 1358 3723 ὲκαυχήσαντο’
1443 3651 1541 3719 τὴν
1622 3650 1890 3729 ῥομφαίαν
1958 3672 2017 3707 τε

364 3732 825 3809 προεκαλούμεθα
878 3738 1015 3808 (13),
1048 3737 1260 3799 καὶτὰς
1301 3737 1676 3812 Αἰγυπτιακὰς
1728 3741 2015 3816 μάστιγας,

364 3824 457 3879 καὶ
506 3820 715 3879 δικάσαι
772 3826 873 3894 τὴν
926 3825 1116 3880 εαυτοῦ
1168 3822 1321 3898 δίκην
1372 3827 1649 3900 ἠξιοῦμεν,
1706 3828 1795 3882 καὶ
1842 3825 2019 3883 διανα-

363 3911 555 3982 στῆναί
611 3914 722 3986 (14)
773 3934 907 3968 ποτε
956 3911 1374 3989 διεκελευόμεθα
1420 3916 1555 3971 κατὰ
1600 3919 1707 3970 τῶν
1769 3912 2012 3972 ἀσεϐῶν·

364 4006 515 4064 Ἕως
572 4002 704 4058 πότε
756 4001 1075 4078 ἀμαρτωλοῖ
1137 4004 1317 4079 Κύριε,
1381 4003 1651 4080 λὲγοντος,
1730 4001 1832 4069 ἕως
1886 4006 2016 4063 πότε

366 4089 692 4165 ἁμαρτωλοὶ
766 4093 1158 4167 καυχήσονται,
1237 4093 1329 4148 τόν
1412 4114 1471 4147 τε
1556 4092 1684 4148 λαόν
1760 4115 1855 4149 σου
1928 4116 2017 4149 τα-

365 4181 717 4249 πεινώσουσι,
824 4183 913 4236 καὶ
1018 4183 1115 4251 τὴν
1200 4182 1575 4258 κληρονομίαν
1658 4204 1753 4237 σου
1835 4184 2016 4239 κακώ-

366 4294 543 4342 σουσι,
631 4274 944 4352 φθέγξονταί
1027 4295 1086 4329 τε
1171 4275 1379 4347 ὁμοίως
1443 4274 1667 4347 ἀνομίαν
1746 4275 1834 4329 καὶ
1891 4274 2017 4352 δρά-

369 4382 519 4417 σουσι
550 4381 564 4431 ;
622 4363 711 4417 καὶ
770 4362 876 4435 μήν
909 4361 1153 4423 κάκείνας
1185 4361 1259 4417 ἔτι
1288 4363 1383 4425 τὰς
1442 4364 1637 4437 γοεράς
1692 4364 1779 4418 καὶ
1808 4363 2013 4419 τούτων

366 4450 697 4528 οἰκειοτέρας
756 4454 869 4522 (15)
933 4451 1136 4528 φωνάς’
1192 4454 1358 4507 Ἔθου
1424 4455 1572 4528 ἡμᾶς
1650 4454 1724 4517 είς
1796 4454 2014 4511 ἀντιλο-

2125 2039 2281 2093 enim
2305 2040 2708 2111 divinijudicii
2742 2060 2868 2098 mos
2889 2048 2995 2109 est,
3022 2048 3085 2097 ut
3109 2045 3195 2099 vel
3230 2061 3331 2116 per
3373 2044 3774 2116 paenitentiam

2125 2127 2373 2183 salutem
2400 2129 2623 2195 afferat,
2657 2130 2745 2186 vel
2772 2132 3009 2203 justiori
3038 2130 3209 2187 titulo
3240 2134 3480 2205 puniat:
3510 2137 3635 2188 tum
3668 2149 3775 2187 nos

2125 2232 2210 2286 ea,
2245 2233 2371 2287 quea
2422 2219 2658 2286 ﬁebant,
2690 2236 2838 2292 aagre
2867 2224 2924 2275 et
2953 2221 3155 2276 acerbe
3192 2221 3460 2288 ferentes,
3495 2226 3668 2292 atque
3700 2221 3772 2275 ad

2125 2306 2390 2362 futurum
2421 2308 2635 2364 animis
2666 2308 3001 2366 fatiscentes
3044 2310 3173 2381 (nec
3206 2310 3362 2365 enim
3391 2309 3580 2381 ipsius
3610 2310 3769 2364 beni-

2124 2396 2406 2469 gnitatem
2455 2399 2579 2453 suis
2627 2399 3030 2454 absconditam
3079 2398 3434 2470 ferebamus)
3479 2415 3493 2465 ;
3545 2398 3650 2453 has
3699 2398 3771 2453 ad

2123 2484 2305 2539 Deum
2362 2502 2529 2541 voces
2585 2487 3024 2557 emittebamus,
3076 2486 3287 2559 partim
3344 2491 3409 2541 ut
3465 2486 3770 2542 dominum

2124 2574 2481 2646 invocantes,
2516 2576 2728 2647 partim
2781 2580 2844 2631 ut
2873 2577 3027 2648 apud
3078 2576 3394 2647 benignum
3443 2580 3499 2631 et
3546 2575 3771 2631 facilem

2124 2668 2347 2736 patrem
2397 2669 2841 2737 conquerentes,
2887 2666 3097 2737 partim
3158 2665 3310 2721 165
3369 2664 3527 2720 velut
3573 2682 3773 2736 expro-

2124 2754 2380 2821 brantes,
2415 2760 2471 2809 et
2501 2771 2633 2810 cum
2666 2771 2731 2810 eo
2762 2754 3221 2825 expostulantes,
3253 2758 3319 2809 ut
3364 2754 3553 2810 solent
3583 2753 3683 2824 qui
3716 2754 3775 2808 in

2124 2840 2319 2897 dolore
2350 2846 2656 2898 versantur
2688 2859 2700 2897 :
2737 2844 2803 2901 Ut
2832 2844 3151 2914 quid,Deus,
3184 2842 3451 2914 reputisti
3482 2844 3537 2898 in
3570 2844 3783 2913 ﬁnem?

2125 2931 2300 2986 iratus
2338 2941 2415 2986 est
2458 2935 2617 3002 furor
2646 2941 2773 2987 tuus
2801 2949 2966 3004 super
2993 2948 3115 2989 oves
3138 2948 3361 3004 pascua?
3384 2939 3502 2989 tua?
3520 2936 3545 2985 .9
3581 2932 3781 2987 Memor

2123 3024 2231 3075 esto
2262 3022 2710 3091 congregationis
2742 3025 2873 3089 tua},
2908 3038 3074 3093 quam
3102 3022 3387 3093 possedisti
3414 3021 3485 3076 ab
3517 3022 3773 3090 initio“,

2126 3126 2301 3181 quam
2335 3110 2619 3181 unigeniti
2664 3112 2830 3167 Verbi
2861 3111 2946 3165 tui
2978 3110 3354 3182 passionibus
3401 3110 3509 3165 tibi
3540 3127 3779 3182 compa-

2127 3200 2291 3266 rasti,
2326 3215 2503 3271 quam
2553 3215 2763 3271 magno
2804 3204 2904 3256 tuo
2936 3201 3146 3257 foedere
3176 3199 3451 3273 dignatus
3482 3216 3565 3267 es,
3600 3215 3779 3271 quam

2128 3305 2228 3359 per
2250 3305 2462 3344 novum
2485 3289 2831 3361 mysterium
2855 3294 2911 3345 et
2935 3289 3189 3361 Spiritus
3220 3289 3455 3345 arrham
3479 3289 3539 3343 in
3571 3287 3779 3343 ccelum

2128 3379 2355 3434 traxisti
2381 3396 2395 3446 ;
2418 3384 2474 3434 et
2498 3397 2510 3435 :
2544 3382 2683 3435 Leva
2710 3396 2909 3435 manus
2939 3388 3059 3435 tuas
3099 3380 3159 3435 in
3186 3379 3474 3451 superbius
3502 3394 3692 3433 eorum
3721 3378 3782 3431 in

2126 3469 2313 3538 ﬁnem,
2348 3468 2405 3522 in
2440 3468 2780 3524 memoriam
2809 3473 3166 3539 revocantes,
3200 3472 3408 3541 quanta
3450 3473 3625 3524 essent
3657 3484 3781 3521 ma-

2129 3557 2331 3628 lignati
2384 3559 2654 3615 adversus
2707 3563 2921 3614 sanctos
2976 3561 3097 3614 tuos
3153 3559 3395 3629 inimici,
3427 3565 3477 3613 et
3523 3557 3786 3613 adversus

2128 3648 2498 3705 solemnitates
2556 3657 2676 3704 tuas
2729 3649 2963 3720 gloriati
3017 3648 3098 3716 7‘;
3148 3647 3412 3720 gladium
3472 3646 3668 3711 etiam,
3726 3649 3784 3699 et

2127 3738 2495 3810 Egyptiacas
2523 3739 2728 3811 plagas
2778 3738 3260 3809 provocabamus,
3312 3741 3508 3807 atque,
3542 3738 3606 3789 ut
3646 3749 3782 3787 cau-

2129 3843 2257 3882 sam
2315 3843 2483 3882 suam
2542 3826 2665 3899 ipse
2704 3826 3021 3897 judicaret,
3053 3826 3409 3894 tandemque
3466 3821 3782 3892 aliquando

2129 3916 2407 3971 adversus
2439 3916 2653 3987 impios
2683 3917 3040 3986 exsurgeret,
3073 3914 3447 3986 rogabamus,
3484 3912 3779 3981 Usquequo,

2129 4005 2377 4071 Domine,
2410 4004 2691 4071 dicentes,
2724 4018 2999 4074 usquequo
3025 4006 3345 4074 peccatores
3372 3998 3779 4071 gloriabuntur,

2124 4094 2504 4168 populumque
2533 4099 2689 4149 tuum
2718 4092 3116 4162 humiliabunt,
3148 4094 3197 4146 et
3226 4088 3601 4144 hereditatem
3628 4091 3783 4141 tuam

2127 4185 2428 4250 vexabant,
2476 4184 2930 4253 iniquitatemque
2959 4184 3009 4236 et
3057 4180 3347 4250 loquentur
3393 4181 3448 4231 et
3490 4180 3780 4247 perpetra-

2129 4274 2360 4330 bunt“?
2382 4272 2531 4339 Quin
2561 4272 2668 4326 has
2697 4284 2929 4341 quoque
2959 4268 3260 4323 luctuosas
3291 4270 3348 4320 et
3380 4262 3782 4336 superioribus

2126 4364 2384 4436 aptiores
2430 4377 2598 4417 voces
2636 4359 3140 4431 adjungebamus:
3168 4356 3409 4411 Posuisti
3436 4368 3534 4408 nos
3564 4354 3624 4406 in
3653 4367 3781 4405 con-

2128 4454 2509 4511 tradictionem
2540 4452 2590 4505 et
2616 4448 2885 4521 probrum
2925 4448 3125 4502 vicinis
3167 4445 3392 4512 nostris,
3422 4444 3479 4498 in
3509 4442 3780 4498 similitu-

438 4608 486 4644 ⁷³
516 4608 694 4663 Amos
722 4623 845 4674 vm,
876 4610 931 4663 7.
1008 4608 1052 4643 ⁷³
1082 4608 1105 4664 I
1135 4609 1287 4665 Petr.
1322 4625 1385 4680 ιι,
1416 4611 1472 4664 9.
1548 4612 1594 4646 τ⁴
1622 4610 1774 4668 Psal.
1809 4628 2003 4684 Lxxm,

2131 4611 2177 4668 ζ.
2251 4610 2296 4645 ⁷⁵
2327 4606 2469 4664 Ibid.
2503 4606 2557 4677 3,
2590 4605 2643 4660 4.
2719 4603 2764 4639 ⁷⁸
2792 4600 2943 4658 Psal.
2976 4616 3134 4668 xum,
3165 4599 3282 4655 3-5.

436 4758 516 4831 (1)
544 4756 1099 4849 ’ξλτξιζομένωκνηξη
1168 4760 1544 4849 Mo‘ntac...et
1607 4762 1864 4849 Gombef.
1931 4782 2014 4849 γρ.

2131 4756 2540 4849 “mittil”?

363 4828 805 4904 ἐπηγγελμένων.
828 4854 855 4881 ‹‹
881 4832 925 4886 Ο
954 4836 1221 4888 votorum
1256 4832 1643 4889 temeritatem
1672 4834 1833 4892 lvoto
1864 4828 2021 4891 enim

362 4903 554 4961 devOti
589 4920 847 4969 eramus,
885 4926 913 4952 »
944 4909 1053 4959 etc.

438 4977 513 5102 (2)
533 4972 642 5059 ,Καὶ
676 4974 788 5057 ἑνός
820 4972 1088 5056 πολέμου,
1127 4974 1368 5055 «_Unius
1416 4974 1553 5058 belli
1584 4992 1650 5031 ac
1684 4976 1862 5048 praelii
1898 4978 2019 5049 pia-

463 5063 582 5102 arls
612 5046 805 5102 hostia
835 5051 1008 5102 atque
1037 5049 1277 5101 Victima
1307 5047 1439 5101 facti
1470 5062 1726 5102 eramus.
1763 5068 1789 5097 ››

358 5046 805 5118 ουὶοῑὶεὴοεῐὶθ.
835 5051 1008 5118 atque
1037 5046 1277 5101 victima
1307 5047 1439 5101 facti
1470 5046 1726 5102 eramus.
1763 5068 1789 5097 ››

435 5122 514 5190 (3)
536 5117 611 5169 Τὰ
640 5115 928 5192 ἐπίχειραξ
963 5119 1058 5174 Sic
1088 5118 1149 5173 in
1182 5135 1325 5173 mss.
1360 5119 1640 5174 scribitur
1669 5135 1802 5174 cum
1834 5118 2016 5175 inter-

361 5190 690 5249 roaatiouis
722 5190 878 5244 nota.

707 5262 877 5317 Deest
908 5258 1293 5343 inhplernisque
1323 5260 1644 5343 codicibus.

438 5264 516 5404 (4)
548 5264 671 5317 06v.
707 5264 877 5317 Deest
908 5264 964 5316 in
1000 5264 1293 5343 plerisque
1323 5264 1644 5341 codicibus.

438 5336 495 5405 (5
577 5331 902 5401 ’EEémueev.
958 5332 1051 5387 Sic
1108 5336 1270 5387 Pass.
1326 5331 1542 5402 aliique
1608 5330 1826 5403 plures.
1888 5335 2017 5387 Par.

363 5405 622 5461 ἐξέκαιεν.
806 5412 813 5421 ’

396 5405 977 5549 ξῗθῗιξῖιτοίμασεηηᾳ
1023 5473 1197 5547 Regg.
1255 5478 1526 5544 quatuor,
1577 5472 1737 5529 Colb.
1770 5472 1822 5527 3.
1856 5472 2014 5528 Pass.

356 5544 472 5606 etc.
499 5544 610 5603 ’Ed.
644 5544 773 5601 Par.
810 5544 1118 5614 ηὐτρέπιζεέ

437 5566 472 5605 3.
510 5563 610 5603 ua.
644 5563 773 5601 Par.
810 5563 1118 5672 nu'tspamga.
1670 5615 1679 5625 '
1974 5615 1987 5627 .

437 5622 515 5692 (7)
551 5616 835 5692 Πρότερον.
938 5618 986 5671 ic
1046 5616 1413 5673 restituimus
1463 5620 1805 5671 auctoritate
1862 5616 2017 5671 OOdl-

360 5691 523 5749 cum.
558 5692 687 5744 Par.
721 5691 956 5759 πρῶτον.

439 5764 518 5835 (8)
548 5753 864 5835 Ὥσπερδή.
890 5761 1019 5835 _R_eg
1074 5758 1591 5835 ὺίιΜοηιᾏὋσπερ-
1609 5753 1698 5835 δή.

439 5765 519 5906 (8)
548 5765 753 5834 Ὠσπερ
776 5765 864 5829 δή.
900 5765 1019 5843 ῌθε
1074 5765 1343 5841 b._Mont.
1376 5765 1576 5832 Ὂσπερ
1609 5765 1698 5885 δή.

438 5836 497 5907 (9
548 5831 825 5909 Ἥφίεμεν.
884 5832 979 5889 Sic
1034 5831 1283 5887 codices.
1342 5830 1503 5888 Pass.
1564 5829 1640 5907 ἠφ
1669 5846 1830 5903 ημιν.
1888 5833 2019 5887 Par.

2202 4833 2317 4900 (10)
2341 4821 2563 4900 Τὰ’μέν.
2598 4826 2703 4900 Sic
2737 4822 3199 4893 emendavimus,
3248 4825 3305 4877 et
3350 4821 3645 4893 deinceps,
3680 4821 3782 4877 ubi

2131 4896 2222 4957 ad.
2258 4896 2385 4956 Par.
2418 4896 2612 4965 habet,
2641 4896 2757 4956 τάς.

2199 4973 2439 5045 (11)4⁹Ήν
2496 4961 2653 5045 κοιὶξ.ἒ
2694 4966 2781 5045 εἷς
2841 4964 3124 5041 οὐρανούς.
3173 4965 3335 5021 Pass.
3383 4961 3449 5032 ἥν
3498 4962 3658 5019 καὶ...
3705 4961 3781 5017 είς

2128 5037 2374 5117 οὐρανόν.
2408 5044 2537 5098 Par.
2571 5037 2657 5117 xui
2688 5037 2775 5111 ἦν,
2809 5037 2919 5095 etc.

2197 5105 2307 5189 (12)
2340 5105 2897 5191 ’Υπομιμνήσκοντεᾳ
2951 5111 3039 5165 Ita
3085 5107 3564 5191 Reg_g._septem-,
3616 5105 3777 5191 ροιδ.

2127 5179 2399 5259 quatuor,
2434 5179 2786 5262 Pass._,'etc.,
2824 5199 2951 5262 qua:
2980 5197 3090 5236 vox
3128 5179 3377 5262 refertur
3406 5179 3478 5234 ad
3525 5179 3783 5262 ﬁmi‘epev,

2128 5254 2162 5309 (ἶ
2192 5276 2359 5315 voces
2388 5254 2871 5313 emittebamus...
2904 5254 2963 5307 in
2997 5254 3340 5307 memoriam
3372 5254 3730 5306 revocantes.
3754 5272 3781 5299 »

2130 5331 2308 5387 Mont.
2368 5328 2822 5401 ὑπομιμνήσκων.
2865 5326 2967 5381 Ed.
3018 5328 3149 5379 Par.
3203 5321 3507 5395 ὑπὲμεινες,
3539 5345 3567 5373 ‹‹
3602 5320 3781 5378 susti-

2129 5408 2655 5545 nu(1183t).ll)posxa).06
2665 5479 2818 5541 μεθα.
2852 5470 3019 5545 Pass.
3047 5463 3549 5545 προσεκαλούμεθα.

2201 5534 2314 5617 (14)
2345 5534 2717 5611 Δίαναστῆνοίι,
2750 5546 2859 5598 etc.
2892 5534 3101 5596 Billius'
3131 5554 3145 5595 :
3180 5560 3207 5589 ι(
3241 5534 3609 5602 excitaretur,
3652 5534 3782 5590 bor—
3834 5542 3871 5567 ιτ

2131 5617 2420 5672 tabamur.
2457 5638 2484 5665 ››

2136 5762 2142 5765 Δ
2199 5690 2308 5758 (15)
2342 5684 2718 5765 Οἷκειοτέραςκ
2750 5683 2951 5741 Comb.
2986 5681 3144 5765 legit,
3174 5677 3536 5765 οἰκτροτέρας.

2128 5756 2332 5886 tunsae
2383 5756 3006 5827 voces,’majoremque
3054 5756 3493 5810 miserationem
3541 5761 3696 5804 move

2155 5845 2238 5886 68.
2271 5854 2296 5884 ε
