4202 6212
430 426 549 488 699

1680 434 1744 494 S.
1792 435 2161 496 GREGORIl
2204 438 2597 499 THEOLOGI

3720 433 3841 494 700

338 556 345 565 ’
433 562 625 615 dinem
654 562 928 631 gentibus,
964 564 1021 617 in
1051 566 1225 618 risum
1250 566 1504 621 omnibus
1534 567 1847 622 hominibus
1877 569 1918 602 Π
1944 586 1958 635 ;
1991 568 2073 621 vi-

2192 566 2306 642 γίαν
2365 568 2455 622 καὶ
2528 564 2683 644 ὓϐριν
2753 575 2869 631 τοῖς
2938 569 3173 644 γείτοσιν
3247 572 3432 641 ἡμῶν,
3510 562 3836 643 παραϐολήν

432 666 603 703 neam
666 650 839 704 etiam
907 653 1222 721 quamdam
1293 656 1947 727 commemorabamus,
2015 674 2083 712 ex

429 738 693 810 Egypto,
726 739 833 793 hoc
863 744 970 806 est,
1005 758 1072 796 ex
1116 744 1425 799 tenebrosa
1475 745 1797 817 impietate,
1828 747 2081 802 transla-

429 832 551 882 tam
585 828 647 893 ⁷⁸,
684 833 861 899 atque
915 830 973 884 in
1009 831 1140 886 ﬁdei
1171 833 1668 903 pulchritudinem
1721 837 2080 908 magnitudi-

432 932 687 988 nemque
733 924 989 989 auctam,
1046 937 1111 976 ac
1160 922 1369 978 deinde
1419 925 1691 991 maceria,
1725 926 1781 979 id
1836 930 1944 992 est,
1979 926 2077 980 Dei

428 1006 934 1078 inspectione,qua
955 1010 1117 1080 prius
1139 1012 1861 1085 muniebamur,privatam
1885 1019 1941 1069 et
1970 1032 2077 1068 nu-

429 1094 977 1161 datam,viatoribus
997 1098 1409 1166 omnibus,hoc
1432 1102 1842 1167 est,sceleratis
1869 1103 2080 1174 princi-

422 1184 598 1256 pibus
622 1184 678 1239 in
705 1186 959 1257 praedam
984 1189 1293 1259 objectam,
1330 1195 1504 1261 atque
1526 1191 1883 1247 devastatam
1904 1210 1935 1247 a
1958 1193 2077 1247 fero

422 1278 481 1328 et
512 1274 726 1345 agresti
777 1291 937 1346 apro,
970 1276 1069 1347 qui
1123 1278 1417 1349 propriam
1447 1279 1559 1334 sibi
1594 1280 1726 1335 fecit
1766 1280 2073 1348 malitiam,

421 1361 717 1434 bujusque
748 1380 908 1419 emno
939 1364 1317 1438 singulariter
1346 1371 1435 1422 est
1466 1370 1713 1423 refertus
1744 1371 1806 1424 7°.

493 1449 734 1507 XXVIII.
771 1452 899 1507 Hinc
950 1455 1185 1525 quidem
1221 1456 1345 1527 ipse
1377 1457 1541 1529 prius
1570 1462 1627 1513 et
1655 1459 1983 1531 cogitabam
2015 1466 2074 1516 et

422 1540 494 1594 ad
526 1540 709 1595 Deum
759 1541 1106 1598 clamabam.
1143 1544 1308 1601 Nunc
1357 1551 1549 1601 autem
1582 1564 1760 1618 quam
1815 1548 2075 1605 diversas

422 1645 591 1684 voces
624 1630 898 1686 assumo!
938 1632 1255 1702 impiorum
1287 1635 1530 1691 exitium
1575 1636 1850 1709 deinceps
1883 1639 2073 1711 lugeo,

423 1716 627 1788 iisque,
664 1719 762 1790 qui
795 1736 901 1775 nos
933 1721 1066 1776 odio
1098 1720 1332 1790 habent,
1368 1724 1681 1793 benignum
1712 1742 1805 1780 me
1824 1728 2071 1798 praebeo,

420 1810 596 1877 atque
627 1807 969 1879 hujusmodi
1016 1811 1211 1866 verbis
1243 1816 1377 1867 utor
1409 1832 1421 1868 :
1458 1814 1738 1882 Quomodo
1783 1818 1919 1887 facti
1945 1826 2074 1872 sunt

420 1895 482 1950 in
509 1898 899 1953 desolationem
922 1903 947 1952 .9
976 1900 1149 1957 subito
1198 1902 1527 1972 defecerunt,
1570 1907 1865 1974 perierunt
1902 1922 2071 1978 prap-

419 1995 502 2043 ter
528 1987 873 2058 iniquitatem
920 2005 1082 2045 suam
1111 1990 1174 2057 ⁸ο,
1204 2000 1470 2063 tanquam
1512 1994 1697 2064 pulvis
1726 2010 1885 2065 quem
1912 1998 2073 2051 turbo

416 2077 688 2131 abstraxit
718 2076 782 2143 ἰ,
804 2081 1067 2149 tanquam
1096 2080 1297 2150 lanugo
1318 2097 1437 2153 qua:
1456 2099 1487 2137 a
1508 2085 1667 2137 vento
1696 2083 1977 2153 disjicitur
2003 2085 2071 2153 ⁸³,

418 2174 683 2237 tanquam
710 2182 801 2223 vos
829 2169 1142 2223 matutinus
1168 2170 1234 2236 ⁸³,
1270 2174 1549 2242 tanquam
1579 2172 1806 2228 emissas
1847 2173 2072 2245 sagittis

418 2254 658 2327 stridor,
683 2258 963 2327 tanquam
997 2258 1238 2313 tonitrui
1274 2260 1840 2333 impetus,tanquam
1875 2262 2075 2335 fulgur

416 2344 699 2401 emicans.
730 2344 891 2409 Quod
925 2345 972 2400 si
1004 2363 1161 2402 nunc
1191 2347 1398 2403 saltem
1431 2350 1779 2405 sententiam
1822 2355 2071 2419 mutent,

415 2437 472 2490 et
492 2433 562 2487 ad
589 2432 888 2490 meliorem
911 2439 1167 2491 mentem
1200 2438 1607 2506 traducantur,
1634 2443 1811 2511 atque
1847 2439 2072 2513 ingenti

413 2527 595 2578 errori
628 2538 694 2578 ac
722 2523 1079 2579 temulentiae
1116 2526 1267 2580 166
1302 2527 1477 2582 finem
1508 2527 1898 2600 imponentes,
1932 2529 2075 2585 veri-

410 2614 591 2666 tatem
645 2617 1078 2683 consectentur,
1111 2614 1358 2671 fortasse
1389 2632 1456 2670 ex
1500 2616 1628 2688 ipsa
1658 2634 1887 2689 quoque
1917 2616 2069 2673 cala-

413 2698 619 2756 mitate
670 2700 936 2756 nonnihil
968 2702 1194 2759 fructus
1234 2704 1303 2758 ad
1350 2721 1448 2760 eos
1491 2706 1769 2761 redierit:
1808 2708 2071 2777 quando-

417 2789 652 2861 quidem
689 2791 819 2862 ipsa
846 2792 1251 2864 castigatio,iis
1282 2793 1379 2864 qui
1416 2794 1567 2849 malo
1589 2795 1787 2866 aliquo
1808 2796 2072 2851 afficiun-

414 2883 532 2947 tur,
565 2880 872 2936 commodo
922 2898 1073 2953 sape
1104 2886 1279 2954 atque
1312 2883 1551 2939 utilitati
1596 2889 1705 2953 est,
1739 2885 1828 2940 sin
1875 2890 2071 2941 autem

417 2967 477 3023 in
534 2969 738 3023 eadem
796 2970 1085 3025 sententia
1142 2972 1490 3037 manserint,
1549 2978 1724 3045 atque
1781 2973 2071 3029 idolorum

416 3056 641 3113 cultum
674 3057 866 3114 adhuc
895 3058 1397 3131 amplexentur,ne
1427 3061 1556 3135 ipsa
1578 3063 1813 3134 quidem
1839 3062 2072 3119 calami-

411 3149 550 3211 tate,
585 3163 712 3218 que
745 3147 831 3203 vel
864 3147 1107 3205 stolidos
1138 3151 1370 3205 erudire
1400 3151 1568 3220 solet,
1604 3152 1877 3208 meliores
1907 3154 2067 3208 ﬁent.

411 3234 874 3310 Hierosolymam
907 3239 1143 3309 quidem
1176 3240 1462 3295 Jeremias
1496 3258 1682 3313 usque
1712 3242 1855 3298 adeo
1885 3242 2067 3314 luget,

2189 678 2247 712 τε
2329 663 2445 720 τοῖς
2522 656 2714 731 ἔθνεσι,
2788 659 2876 713 καὶ
2950 657 3165 734 γέλωτα
3237 664 3395 712 πᾶσιν
3482 655 3835 730 ἀνθρώποις⁸

2191 743 2435 818 ἄμπιλόν
2491 746 2549 802 τέ
2602 768 2724 801 τινα
2780 746 3064 823 ἰλὲγομεν,
3132 748 3221 802 καὶ
3282 746 3332 817 ἐξ
3380 746 3651 822 Αἰγύπτου
3716 765 3839 811 μετ-

2190 836 2547 909 ενηνεγμένην
2595 844 2694 904 τῆς
2749 844 3027 905 σκοτεινῆς
3077 834 3280 901 aed“,
3343 836 3431 889 καὶ
3492 834 3568 895 είς
3624 830 3837 893 κάλλος

2186 920 2420 983 πίστεως
2470 923 2779 994 αύξηθεῖσαν
2827 924 2914 978 καὶ
2966 924 3209 1000 μέγεθος,
3276 922 3389 977 εἶτα
3434 922 3524 977 τὸν
3586 920 3839 997 φραγμὸν

2187 1012 2613 1087 περιῃρημένην,
2674 1016 2774 1082 τὴν
2826 1019 3165 1090 φρουροῦσαν
3216 1016 3363 1085 ἡμᾶς
3430 1011 3563 1072 τὲως
3613 1010 3836 1065 ἐπισκο-

2186 1102 2292 1169 πήν
2325 1103 2420 1155 τοῦ
2452 1105 2609 1172 Θεοῦ,
2660 1102 2749 1155 καὶ
2799 1108 2927 1156 πᾶσι
2974 1107 3088 1164 τοῖς
3134 1098 3466 1156 διοδεύουσιν
3514 1097 3835 1169 ἐκκειμένην

2184 1197 2447 1267 πονηροῖς
2497 1189 2800 1259 δυνάσταις,
2858 1192 2947 1245 καὶ
3016 1189 3433 1262 λελυμασμένην
3498 1192 3611 1263 (16)
3658 1186 3840 1261 ἀγρίῳ

2186 1278 2271 1335 συί
2300 1285 2378 1351 τῷ
2406 1281 2504 1348 τὴν
2538 1279 2721 1335 κακίαν
2757 1278 3016 1349 ἰδιάζοντι
3066 1284 3312 1354 πονηρῷ,
3344 1277 3433 1333 καί
3479 1277 3668 1338 κακίας
3699 1277 3838 1351 βορ-

2185 1364 2351 1445 ϐόρου
2374 1368 2618 1446 γάμοντι.

2257 1460 2378 1514 Kll'.
2410 1456 2583 1513 Ταῦτα
2634 1458 2728 1530 μὶν
2777 1455 2867 1511 οὖν
2917 1456 3176 1531 πρότερον
3228 1456 3315 1511 καὶ
3368 1453 3692 1526 διενοούμην
3741 1454 3837 1507 καὶ

2183 1542 2419 1602 ἀνεϐόων
2480 1545 2615 1621 πρδς
2662 1548 2753 1601 τὸν
2803 1546 2946 1601 Θεόν’
2994 1545 3108 1600 νυνὶ
3158 1543 3215 1601 δὲ
3260 1543 3375 1606 θ’ίας
3422 1544 3534 1598 ἀνθ’
3574 1539 3703 1597 οἵων
3742 1563 3838 1614 με·

2180 1630 2513 1703 ταλαμϐάνω
2562 1636 2777 1713 φωνάςί
2831 1639 3016 1710 θρηνῶ
3068 1633 3261 1689 λοιπὸν
3310 1639 3416 1688 τῶν
3476 1625 3684 1686 ἀσεϐῶν
3731 1631 3838 1697 τὴν

2182 1724 2481 1795 ἀπώλειαν,
2534 1723 2623 1778 καὶ
2677 1723 2899 1798 γίνομαι
2948 1722 3334 1800 φιλάνθρωπος
3396 1727 3513 1782 τοῖς
3586 1723 3834 1791 μισοῦσι,

2181 1814 2269 1868 καὶ
2312 1817 2538 1868 τοιαῦτα
2586 1811 2927 1891 φθέγγομαι·
2980 1817 3102 1874 Πῶς
3163 1812 3416 1887 ἐγένοντο
3477 1810 3551 1871 εἷς
3608 1808 3835 1883 ἐρήμω-

2183 1922 2302 1971 σιν;
2381 1902 2594 1973 ἑξάπινο
2667 1900 2934 1972 ἐξέλιπον,
3011 1899 3297 1956 ἀπώλοντο
3375 1898 3463 1954 διὰ
3536 1900 3632 1967 τὴν
3713 1898 3836 1951 ἀνο-

2189 1992 2310 2065 μίαν
2381 1991 2579 2063 αύτῶν,
2639 1990 2711 2053 ὡς
2785 1992 3066 2066 κονιορτὸς
3123 1991 3179 2045 ὄν
3244 1989 3490 2068 ὑφείλετο
3540 1991 3651 2060 (17)
3708 1986 3834 2040 λαίο

2184 2078 2315 2154 λαψ,
2395 2081 2467 2141 ὡς
2543 2083 2710 2155 χνοῦς
2792 2079 2879 2133 ὑπ’
2936 2078 3133 2151 ἀνέμου
3185 2076 3692 2154 διαῤῥιπτούμενος,
3752 2075 3835 2135 ὡς

2184 2168 2380 2237 ἑωθινή
2432 2164 2645 2241 δρόσος,
2704 2167 2780 2228 ὡς
2840 2166 3025 2242 ῥοῖζος
3080 2168 3419 2245 πεμφθέντος
3480 2164 3698 2240 βέλους,
3750 2162 3832 2224 ὡς

2181 2253 2467 2335 προσϐολή
2526 2259 2784 2334 βροντῆς,
2839 2257 2912 2320 ὡς
2964 2258 3209 2334 ἀστραπὴ
3262 2255 3567 2327 διᾴττουσα.
3616 2255 3678 2309 El
3733 2255 3831 2325 μὲν

2182 2346 2273 2403 οὖν
2307 2352 2395 2402 νῦν
2438 2350 2551 2421 (18)
2603 2348 3023 2419 μεταπεισθεῖεν,
3053 2345 3165 2419 καὶ,
3222 2352 3324 2415 τῆς
3371 2342 3590 2413 πολλῆς
3618 2344 3837 2398 παυσά-

2186 2458 2337 2511 μενοι
2372 2439 2482 2508 (19)
2512 2436 2724 2507 πλάνης
2768 2435 2856 2491 καὶ
2892 2436 3060 2510 μέθης
3105 2432 3484 2509 μεταδιώξαιεν
3534 2435 3632 2502 τήν
3681 2430 3834 2501 ἀλή-

2183 2548 2347 2601 θειαν,
2369 2525 2513 2601 τάχα
2544 2525 2602 2579 ἂν
2633 2546 2685 2579 τι
2734 2525 2947 2599 γίνοιτο
2995 2522 3185 2601 κέρδος
3218 2523 3398 2585 αὐτοῖς
3432 2522 3520 2577 καὶ
3548 2525 3645 2577 τοῦ
3674 2521 3830 2575 πτώ-

2185 2638 2351 2690 ματος
2379 2638 2390 2651 ’
2424 2613 2609 2683 ἐπειδή
2641 2614 2730 2669 καὶ
2760 2614 2822 2669 τὸ
2862 2611 3215 2683 παιδευθῆναι
3268 2615 3379 2687 (20)
3434 2610 3706 2673 πολλάκις
3750 2610 3830 2672 εἰς

2180 2707 2346 2763 καλὸν
2402 2710 2519 2768 τοῖς
2564 2706 2866 2780 πάσχουσιν
2892 2724 2905 2737 ’
2971 2704 3015 2758 εἰ
3076 2702 3120 2758 δ’
3151 2704 3238 2759 ἐπὶ
3266 2710 3365 2773 τῆς
3396 2702 3565 2771 αὐτῆς
3615 2702 3827 2774 μένοιεν

2179 2797 2432 2873 γνώμης,
2478 2794 2567 2848 καὶ
2612 2796 2960 2869 περιέχοιντο
3009 2798 3117 2848 τῶν
3173 2790 3416 2848 εἰδώλων
3469 2790 3567 2859 ἔτι,
3604 2788 3763 2862 μηδὲ,
3795 2790 3829 2843 ὃ

2180 2884 2268 2939 καὶ
2324 2883 2451 2945 τοὺς
2504 2882 2753 2953 ἠλιθίους
2810 2879 3050 2936 παιδεύει
3110 2882 3245 2954 (24),
3303 2880 3688 2957 σωφρονισθεῖν
3754 2882 3829 2951 τῇ

2182 2976 2451 3050 συμφορᾷ.
2502 2972 2608 3040 Τήν
2660 2970 2753 3043 μὲν
2803 2969 3165 3043 Ἰερουσαλὴμ
3192 2971 3379 3044 θρηνεῖ
3422 2972 3677 3022 τοσοῦτον
3724 2968 3827 3023 Ἰε-

2184 3062 2397 3139 ρεμίας,
2431 3060 2569 3116 ὥστε
2612 3061 2702 3115 καὶ
2748 3065 2865 3122 τοῖς
2914 3058 3153 3135 ἀψύχοις
3197 3056 3561 3113 διακελεύεται
3603 3063 3830 3130 θρῆνον,

2180 3152 2269 3206 καὶ
2297 3155 2402 3205 τῶν
2435 3153 2635 3226 τειχῶν
2668 3147 3023 3220 προκαλεῖται
3054 3145 3309 3223 δάκρυον.
3365 3145 3589 3205 Τούτοις
3640 3142 3696 3199 δὲ
3742 3144 3832 3206 τίς

2182 3239 2525 3314 εὑρεθήσεται
2578 3244 2776 3314 θρῆνος
2830 3236 3087 3307 ἐπάξιοςς
3130 3238 3195 3293 Ἠ
3244 3235 3329 3297 τίς
3378 3234 3436 3289 ἂν
3479 3232 3732 3310 ὀδύραιτο
3760 3236 3835 3288 τὰ

412 3326 478 3379 ut
500 3324 676 3381 rebus
699 3341 932 3397 quoque
953 3326 1231 3383 inanimis
1254 3328 1475 3383 luctum
1499 3330 1763 3401 imperet,
1780 3347 1845 3385 ac
1869 3347 2068 3386 muros

2192 3326 2419 3403 παρόντα
2448 3328 2581 3400 (22),
2613 3324 2764 3402 ἀφεὶς
2795 3324 2861 3378 τὰ
2887 3331 2987 3393 τῆς
3022 3322 3335 3398 μελλούσης
3368 3320 3613 3399 δακρύειν
3656 3321 3831 3377 κολά-

416 3413 490 3468 ad
517 3412 809 3487 lacrymas
860 3416 1153 3471 invitet“.
1188 3416 1289 3472 His
1318 3434 1451 3472 vero
1499 3418 1633 3489 quis
1663 3419 1808 3473 satis
1858 3420 2072 3491 dignus

418 3501 613 3559 luctus
661 3503 1032 3559 invenietur?
1058 3508 1174 3561 Aut
1200 3506 1330 3577 quis
1375 3512 1690 3578 praesentes
1720 3524 1921 3562 eorum
1952 3525 2071 3579 pce-

421 3608 527 3648 nas
558 3593 789 3659 deﬂeat,
822 3610 887 3649 ac
919 3611 1033 3648 non
1082 3594 1278 3665 potius
1309 3595 1570 3649 futurum
1615 3595 1940 3652 cruciatum
1972 3599 2070 3653 de-

417 3681 627 3756 ploret,
660 3699 763 3754 pro
784 3698 850 3738 eo
882 3684 1031 3753 quod
1066 3682 1241 3740 stulte
1272 3689 1534 3757 egerunt,
1568 3692 1621 3741 et
1648 3685 1849 3758 procul
1882 3703 2070 3743 reces-

416 3776 621 3829 serunt
639 3772 704 3841 ⁸⁸,
740 3788 805 3827 ac
845 3777 1172 3828 creaturam
1198 3791 1312 3845 pres
1345 3773 1613 3830 Creatore
1643 3774 1950 3830 coluerunt
1978 3776 2022 3810 ³⁸
2055 3793 2068 3831 :

2183 3436 2335 3485 σεως,
2370 3416 2477 3479 ἀνθ’
2527 3412 2598 3468 ὦν
2640 3414 3060 3492 ἠφρονεύσαντο,
3109 3412 3197 3467 καὶ
3248 3411 3677 3487 ὲμακρύνθησαν,
3735 3411 3830 3464 καὶ

2181 3504 2499 3579 ἰλάτρευσαν
2547 3502 2615 3579 τῇ
2661 3505 2827 3559 κτίσει
2871 3501 3016 3579 παρὰ
3063 3505 3154 3557 τὸν
3202 3502 3484 3556 κτίσαντα’
3537 3501 3598 3556 ού
3660 3500 3827 3573 μόνον

2183 3592 2259 3666 δὲ,
2292 3594 2438 3649 ἀλλὰ
2492 3593 2581 3648 καὶ
2629 3598 2743 3655 τοῖς
2793 3592 3112 3669 λατρεύουσι
3162 3596 3242 3663 τῷ
3292 3596 3407 3662 Θεῷ
3440 3590 3829 3659 ἐπανέστησαν,

2181 3684 2268 3738 καὶ
2296 3688 2458 3759 χεῖρα
2487 3681 2883 3736 ἐπανετείναντο
2915 3676 3146 3751 δυσσεϐῆ
3192 3681 3283 3734 καὶ
3333 3679 3595 3735 τοιούτων
3643 3684 3827 3734 κακῶν

2181 3771 2326 3842 ἀξίαν
2354 3789 2367 3841 ;

415 3877 521 3917 nec
552 3878 617 3917 eo
644 3861 924 3930 contenti,
957 3863 1239 3919 adversus
1282 3863 1459 3920 etiam
1491 3864 1591 3920 Dei
1624 3863 1879 3920 cultores
1928 3864 2215 3936 impetum
2248 3862 2529 3928 fecerunt,
2562 3878 2922 3933 manumque
2970 3860 3213 3932 impiam
3266 3865 3441 3932 atque
3491 3860 3839 3931 hujusmodi

416 3950 589 4007 malis
623 3951 885 4023 dignam,
918 3951 1285 4008 intentarunt
1306 3954 1334 4009 ?

486 4040 670 4097 XXIX.
706 4043 921 4097 Verum
961 4041 1091 4110 hoc,
1124 4044 1624 4113 quemadmodum
1674 4042 1789 4099 Deo
1840 4047 2074 4115 gratum

421 4128 550 4196 erit,
592 4129 669 4183 ita
718 4146 780 4185 se
822 4130 1052 4186 habeat.
1108 4132 1324 4204 Ecquis
1376 4134 1535 4188 novit
1580 4149 1721 4188 num
1772 4137 1945 4200 Deus,
1979 4131 2078 4203 qui

423 4216 595 4274 solvit
624 4220 984 4289 compeditos
1004 4220 1068 4286 ⁸⁷,
1096 4236 1447 4293 gravemque
1470 4226 1528 4276 et
1549 4221 1715 4276 humi
1744 4226 2077 4295 vergentem

424 4322 457 4362 a
489 4304 673 4377 portis
700 4308 906 4363 mortis
930 4309 986 4363 in
1013 4307 1195 4363 altum
1236 4308 1511 4364 subvehit
1530 4308 1594 4378 ⁸⁸,
1627 4310 1726 4380 qui
1758 4310 2077 4383 peccatoris

424 4397 673 4451 mortem
722 4411 838 4450 non
889 4395 1013 4450 vult
1042 4397 1107 4466 θ’,
1139 4398 1240 4453 sed
1291 4396 1565 4463 reditum,
1599 4398 1697 4468 qui
1749 4416 1855 4455 nos
1899 4400 2076 4455 etiam

420 4483 581 4555 ipsos
607 4483 665 4537 in
690 4482 947 4540 tenebris
970 4489 1025 4539 et
1044 4486 1256 4539 umbra
1278 4485 1484 4540 mortis
1532 4487 1823 4558 sedentes,
1856 4486 2074 4543 illumi-

422 4573 580 4628 navit
610 4573 672 4640 9°,
707 4587 774 4628 ac
803 4573 1091 4644 sapientia
1122 4573 1421 4645 instruxit,
1447 4573 1552 4629 hos
1578 4592 1809 4647 quoque
1838 4577 2075 4631 tandem

2259 4040 2378 4097 KG'.
2410 4042 2580 4093 Τοῦτο
2616 4038 2710 4112 μὶν
2746 4036 2972 4109 οὗν,δπη
2998 4042 3075 4109 τῷ
3096 4042 3211 4109 Θεῷ
3232 4035 3419 4115 φίλον,
3442 4036 3614 4098 οὕτως
3637 4035 3837 4111 ἐχέτω.

2184 4128 2277 4191 Τίς
2309 4127 2448 4183 οἶδεν
2483 4129 2527 4182 εἰ
2550 4129 2577 4181 ὁ
2601 4126 2746 4182 λύων
2772 4128 2897 4189 τοὺς
2919 4125 3327 4201 πεπεδημένους
3353 4127 3596 4195 Θεὸς,καὶ
3620 4126 3833 4201 ἀνάγων

2188 4216 2248 4272 lx
2275 4222 2383 4273 τῶν
2443 4214 2631 4272 πυλῶν
2684 4221 2781 4271 τοῦ
2830 4217 3058 4271 θανάτου
3105 4216 3195 4270 τὸν
3245 4216 3408 4292 βαρύν
3457 4237 3514 4270 τε
3565 4215 3655 4269 καὶ
3684 4216 3836 4269 κάτω

2186 4307 2427 4376 νεύοντα,
2474 4307 2502 4361 ὁ
2556 4308 2630 4379 μὴ
2686 4304 3020 4381 βουλόμενος
3043 4303 3138 4359 τοῦ
3170 4303 3501 4381 ἀμαρτωλοῦ
3530 4306 3620 4359 τὸν
3673 4303 3838 4367 θάνα-

2184 4418 2295 4467 τον,
2339 4396 2484 4453 ἀλλὰ
2529 4399 2627 4465 τὴν
2670 4392 2953 4467 ἐπάνοδον,
2989 4396 3017 4450 ὁ
3046 4395 3136 4449 καὶ
3168 4397 3317 4467 ἡμᾶς
3347 4394 3687 4467 καθημένους

2188 4486 2239 4541 ἐν
2314 4486 2490 4541 σκότει
2566 4485 2656 4538 καὶ
2726 4489 2849 4555 σκιᾷ
2915 4484 3141 4548 θανάτου
3200 4483 3435 4561 φωτίσας
3493 4483 3582 4537 καὶ
3637 4483 3847 4538 συνετί-

2184 4596 2279 4637 σας
2312 4578 2444 4649 (24),
2476 4574 2565 4629 καὶ
2597 4572 2821 4635 τούτους
2853 4575 2983 4628 ποτὶ
3025 4571 3384 4646 ἀναλήψεται,
3441 4574 3530 4627 καὶ
3575 4578 3845 4645 ποιμανεῖ

492 4708 536 4742 ’³⁷
569 4705 719 4762 Psal.
752 4707 1037 4780 Lxm,‘73
1082 4706 1234 4761 Psal.
1267 4724 1424 4780 xuii,
1459 4709 1545 4763 15.
1620 4709 1664 4743 ’⁷⁸
1696 4709 1849 4764 Psal.
1883 4727 2069 4780 LXXIX,
2100 4711 2157 4765 9.
2233 4711 2278 4744 7’
2310 4709 2452 4765 Ibid.
2506 4710 2591 4764 14.
2668 4709 2714 4744 ⁸ο
2744 4708 2891 4765 Psal.
2948 4726 3119 4775 Lxxn,
3175 4709 3260 4780 19.
3336 4708 3381 4745 ⁸¹
3414 4709 3543 4764 Job.
3592 4724 3708 4772 nl,
3746 4708 3839 4763 18.

421 4780 468 4816 ³²
497 4780 633 4851 Sap.
665 4780 845 4851 v,g15.
919 4777 966 4851 ’ἦ
993 4777 1137 4833 Osee
1170 4794 1244 4845 v1,
1279 4780 1327 4834 4.
1405 4779 1451 4814 ⁸⁴
1484 4780 1699 4835 Thren.
1733 4798 1793 4847 11,
1817 4782 1871 4836 8.
1947 4782 1991 4817 ⁸⁵
2018 4777 2073 4838 Jb

2192 4798 2234 4837 ι.
2266 4800 2325 4849 x,
2353 4783 2445 4837 21.
2520 4782 2563 4816 ⁸⁸
2594 4781 2762 4837 Rom.
2798 4798 2839 4850 ι,
2870 4781 2960 4835 25.
3036 4780 3078 4814 ⁸⁷
3112 4779 3267 4836 Psal.
3298 4796 3457 4849 σειν,
3488 4780 3542 4831 7.
3617 4780 3662 4814 ⁸⁸
3694 4780 3837 4851 Sap.

420 4867 535 4918 xw,
571 4849 655 4905 13.
732 4849 777 4885 ⁸ο
807 4849 1012 4905 Ezech.
1045 4866 1245 4916 xxxm,
1280 4852 1365 4906 11.
1443 4852 1487 4886 νο
1516 4851 1653 4907 Luc.
1688 4869 1727 4923 1,
1756 4852 1848 4908 79.

496 4989 600 5061 (16)
632 4983 1087 5081 ᾼελυμασμινην.
1140 4988 1268 5044 Sav.
1314 4989 1374 5045 in
1420 5005 1608 5063 marg.
1664 4993 1721 5046 et
1765 4994 1924 5047 Pass.
1977 4988 2073 5045 λυ-

2192 5058 2213 5081 “
2254 4989 2367 5081 (20)
2399 4984 2779 5059 Ιῐαιδευθῆναι.
2813 4988 2907 5045 Sic
2956 5005 3161 5046 omnes
3192 5005 3333 5045 mss.
3374 4990 3479 5045 Ed.
3530 5006 3683 5054 vero,
3717 5008 3841 5041 mu-

424 5058 779 5132 μαινομένην.

352 5170 365 5177 -
425 5128 434 5132 ’
465 5128 928 5206 (17))’ςρείλετοτ
962 5130 1057 5187 Sic
1089 5135 1250 5188 Pass.
1286 5131 1502 5203 aliique
1533 5133 1760 5190 codices
1809 5150 2074 5191 commu-

419 5201 779 5279 nium-Egi“,
810 5201 1087 5279 ὑφείλατο.

492 5275 599 5348 (18)
622 5273 694 5349 _Et
729 5274 820 5346 μὲν
855 5271 945 5327 οὖν
968 5277 1260 5349 vsv.Pass.
1287 5274 1754 5349 aliique‘plures,
1776 5278 1926 5349 γοῦν.
1954 5280 2078 5331 Mox

418 5339 593 5403 Pass.
619 5339 887 5420 Reg-3.91
916 5346 1075 5403 Colb.
1112 5346 1337 5420 plures,
1365 5339 1755 5416 μὲταϐληθεῖεν
1783 5339 1872 5399 καὶ
1909 5366 2076 5420 μετα-

419 5412 854 5474 πεισθεῖενῗλιὶἰ
886 5436 1000 5473 non
1052 5412 1218 5489 pauci
1250 5412 1467 5473 habent
1496 5412 1766 5490 (tantum,
1803 5412 2077 5490 μεταϐλη-

423 5494 693 5563 θεῖεν,ρι·ο
728 5488 1144 5563 μεταπεισθεῖεν.
1178 5491 1247 5544 Et
1274 5497 1428 5545 certe
1459 5488 1811 5563 alterutrum)
1835 5491 2074 5547 sufﬁcit.

495 5560 984 5633 (19llla0oa'mevm
1060 5563 1233 5633 Regg.
1268 5566 1545 5631 quatuor,
1595 5562 1751 5617 Colb.
1788 5563 1845 5628 k,
1890 5564 1986 5617 Or.
2023 5564 2073 5630 1,

422 5638 557 5705 etc.,
606 5632 989 5705 ἀνανήψαντες,
1022 5656 1049 5683 ‹‹
1083 5632 1167 5687 ad
1204 5649 1327 5688 sese
1377 5632 1706 5705 redeuntes,
1749 5636 1819 5689 ad
1870 5651 2074 5690 sanam

423 5703 699 5763 mentem.
735 5703 1090 5789 Z'Yaque‘rii
1118 5705 1337 5789 .codex,
1385 5703 1771 5777 ἀνακύψαντες,
1804 5729 1832 5758 ‹‹
1882 5724 2075 5765 emer-

460 5784 641 5838 entes.
676 5804 698 5835 ι
736 5777 941 5838 (lateri
971 5782 1038 5837 ut
1066 5777 1227 5835 editi.

2185 5058 2446 5115 δεύεσθαι.

2257 5133 2365 5204 (21)
2397 5127 2551 5199 Μηδὶ
2571 5131 2609 5210 Δ’ὀ
2640 5131 2728 5185 καὶ
2757 5129 2883 5210 τοὺς
2915 5129 3169 5210 ἠλιθίους
3199 5127 3711 5210 παιδιεύει..οῐη“ῐξοξ
3731 5148 3843 5210 .co-

2186 5198 2371 5285 dices;
2401 5198 2607 5285 nostri,
2758 5198 3067 5285 Passf‘aal
3119 5202 3146 5256 ὃ
3191 5198 3350 5285 ¹μηδὶ
3404 5201 3529 5285 τους
3584 5199 3841 5285 ἠλιθίους

2184 5272 2445 5328 παιδεύει.
2505 5276 2679 5331 Deest
2708 5276 2766 5331 in
2817 5276 3092 5331 omnibus
3127 5272 3225 5346 μή,
3272 5278 3427 5347 quod
3482 5276 3753 5347 sequitur
3780 5274 3841 5329 in

2185 5347 2377 5413 editis,
2413 5363 2476 5401 ac
2507 5348 2741 5403 videtur
2770 5347 3118 5402 redundare.
3402 5382 3434 5407 ς

2255 5420 2365 5489 (22)
2396 5418 2469 5491 Ta
2516 5418 2774 5491 παρόντα.
2811 5424 2984 5491 Ρειεξδ.⁸
3008 5422 3065 5491 et
3098 5417 3204 5491 .alii
3239 5416 3517 5489 plerique,
3566 5419 3672 5491 τῷν
3702 5436 3840 5491 περ.

2186 5485 2377 5565 όντων,
2428 5485 2604 5565 ἀφεὶςί
2630 5490 2698 5565 τὰ
2745 5495 2847 5565 τῆς
2902 5485 3461 5560 μελλούσηςξϐῐοηᾞ
3498 5485 3720 5545 Omissa
3750 5485 3842 5545 fil-

2186 5564 2299 5618 turi
2334 5561 2608 5633 supplicii
2641 5561 3059 5633 deploratione.
3097 5584 3124 5609 ››

2259 5634 2373 5705 (23)
2405 5630 2774 5705 Κάθημὲνοιῐς.
2840 5634 2901 5688 In
2964 5637 3103 5705 Reg.
3164 5630 3261 5686 bm
3319 5636 3374 5687 et
3432 5632 3681 5688 Montac.
3740 5650 3848 5705 γρ-

2185 5702 2596 5776 καθεζομένους).

2257 5776 2369 5851 (24)
2388 5774 2705 5840 νΣυνετίσας.
2736 5776 2909 5835 Deest
2937 5777 2996 5832 in
3029 5774 3171 5847 Reg.
3199 5774 3240 5831 l.
