4202 6212
331 424 445 486 701
1323 427 1613 489 ORATIO
1659 426 1733 487 V.
1767 458 1844 468 —
1873 422 2187 483 CONTRA
2230 420 2630 482 JULIANUM
2677 420 2751 482 Il.
3622 418 3743 481 702

328 561 398 631 τῇ
434 563 765 631 ποιμαντικῇ
817 554 1018 634 ῥάϐδῳ,
1066 562 1165 629 τὴν
1221 562 1437 637 βαρεῖαν
1467 560 1557 614 καὶ
1588 556 1847 634 σιδρηρᾶν
1878 577 1972 611 κα-

2089 556 2349 628 recipiet,
2381 556 2762 627 depositaque
2792 555 2952 628 gravi
3003 555 3104 611 illa
3155 558 3212 612 et
3264 557 3450 612 ferrea
3480 555 3641 628 virga
3671 556 3737 622 ",

329 646 626 718 ταθὲμενος
661 667 673 713 ;
706 648 865 721 Ἐμοὶ
915 647 972 703 δὲ
1019 649 1181 704 πάλιν
1233 650 1368 725 πρὸς
1398 651 1486 704 τὸν
1528 648 1685 703 αὐτὸν
1715 646 1975 701 ἐπινίκιον

334 732 720 810 ἀναδραμεῖται
773 738 799 790 6
848 736 1032 812 λόγος·
1095 740 1289 795 "Encas
1348 737 1481 807 Βὴλ,
1541 730 1822 813 συνετρίϐη
1875 745 1980 789 Δα-

333 824 468 898 γὼν,
526 821 628 895 ἕλη
688 824 889 901 ἐγένετο
948 826 976 879 ὁ
1037 827 1264 900 Σαρὼν,
1326 826 1670 901 κατῃσχύνθη
1730 826 1756 879 6
1814 818 1979 879 Λίϐα-

335 931 451 971 νος.
485 910 599 966 Ούκ
630 909 706 965 ἔτι
767 915 874 984 (25)
926 909 1116 968 εἶ’πωσι
1165 912 1243 985 τῷ
1296 918 1465 989 μωρῷ
1513 915 1833 989 ἄρχειν,τῷ
1862 912 1981 966 ἀκι-

334 1000 484 1071 νήτῳ
522 1000 609 1053 καὶ
651 1000 959 1073 ἀναισθήτῳ
1006 1006 1112 1055 τῶν
1164 1000 1407 1056 εἰδώλων
1454 1002 1803 1076 συντάγματν
1854 998 1982 1058 οὐδὲ

338 1091 628 1159 ζητήσουσι
692 1096 849 1161 μυῖαν
908 1091 1024 1145 Θεὸν
1085 1092 1359 1164 Ἀκκαρὼν
1398 1136 1410 1160 ,
1464 1093 1497 1159 ἢ
1562 1089 1616 1145 εἶ’
1672 1113 1721 1145 τι
1780 1090 1979 1160 ταύτης

333 1176 444 1231 ἐστὶ
474 1176 821 1253 γελοιότερον
850 1197 862 1209 ⁸
898 1177 996 1233 οὐκ
1043 1178 1121 1233 ἔτι
1168 1182 1234 1234 τὰ
1288 1180 1427 1251 ἄλση
1475 1182 1861 1255 περινοήσουσι
1890 1179 1979 1233 καὶ

332 1266 401 1320 τὰ
433 1264 639 1339 ὑψηλά,
671 1268 758 1321 καὶ
799 1272 900 1321 πᾶν
952 1264 1080 1341 ὅρος
1128 1266 1361 1341 εὕκομον
1410 1270 1497 1323 καὶ
1542 1269 1847 1324 κατάσκιον·
1883 1268 1982 1323 οὐκ

335 1353 414 1410 ἔτι
447 1357 668 1418 θύσουοί
699 1355 827 1417 τοὺς
860 1355 1007 1417 υἱοὺς
1051 1357 1223 1412 αὐτῶν
1263 1358 1351 1412 καὶ
1398 1360 1491 1419 τὰς
1545 1360 1833 1434 θυγατέρας
1864 1363 1979 1419 τοῖς

334 1441 662 1517 δαιμονίοις,
713 1444 843 1517 ὅπερ
892 1443 1063 1499 πάλαι
1097 1447 1123 1500 6
1157 1446 1374 1521 Ἰσραήλ
1428 1448 1529 1501 ὑπὸ
1550 1452 1655 1501 τῶν
1684 1451 1979 1524 προφητῶν

331 1532 663 1603 ὠνειδίζετο.
700 1533 874 1589 Ἀλλά
918 1536 969 1589 τί
1014 1535 1220 1591 τούτων
1249 1535 1372 1607 ἐμοί
1405 1554 1418 1605 ;
1453 1536 1591 1612 Πρὸς
1638 1539 1705 1591 τὰ
1742 1536 1982 1611 παρόντα

329 1622 420 1676 καὶ
481 1622 724 1697 ἡμέτερα
769 1624 1060 1698 τρέψομαι.
1124 1624 1233 1679 Οὐκ
1290 1622 1364 1679 ἔτι
1422 1631 1540 1687 τοῖς
1587 1626 1757 1698 ἱεροῖς
1808 1623 1981 1688 οἷ’κοις

330 1714 494 1784 ἡμῶν
535 1714 773 1788 πονηρὸν
825 1716 936 1787 (26)
986 1708 1375 1788 ὲμϐλέψουσιν·
1434 1714 1532 1768 οὐκ
1579 1712 1655 1769 ἔτι
1703 1718 1983 1787 μιανοῦσιν

331 1799 521 1872 α’ίματι
584 1806 765 1876 μιαρῷ
822 1805 935 1875 (27)
990 1804 1057 1857 τὰ
1110 1810 1209 1872 τῆς
1260 1805 1649 1879 καθαρωτάτης
1697 1806 1786 1858 καί
1837 1804 1982 1858 ἀναι-

334 1890 544 1961 μάκτου
624 1890 808 1952 θυσίας
886 1890 1143 1963 ἐπώνυμα
1217 1894 1571 1967 θυσιαστήρια
1613 1910 1624 1923 ’
1682 1890 1806 1947 οὐδὲ
1870 1894 1979 1969 βωο

333 1983 460 2050 μοῖς
491 1981 605 2052 (28)
646 1979 823 2041 ἀθέοις
875 1981 940 2034 τά
997 1976 1167 2034 ἄϐατα
1214 1979 1665 2055 καταισχυνοῦων
1694 2001 1706 2013 ·
1757 1981 1855 2036 οὐκ
1904 1979 1981 2037 ἔτι

329 2066 632 2137 συλήσουσι
678 2069 766 2122 καὶ
822 2064 1233 2144 βεϐηλώσουσιν
1286 2072 1628 2141 ἀναθήματα,
1668 2069 1979 2141 πλεονεξίαν

327 2151 547 2228 ἀσεϐείᾳ
626 2156 869 2229 μίξαντες
917 2178 928 2189 °
992 2158 1089 2213 οὐκ
1166 2158 1242 2216 ἔτι
1322 2154 1707 2235 καθυϐρίοουσι
1780 2159 1977 2215 πολιὰν

327 2243 516 2319 ἱερέων
569 2247 729 2319 (29),
773 2245 1078 2319 σεμνότητα
1124 2246 1423 2316 διακόνων,
1476 2246 1613 2302 αἶδὼ
1662 2249 1937 2324 παρθένων
1965 2268 1976 2281 ·

325 2332 429 2388 οὐκ
485 2329 560 2387 ἔτι
620 2332 961 2409 σπλάγχνοις
1021 2338 1133 2409 (30)
1194 2337 1357 2412 ἁγίων
1407 2336 1826 2408 ἀνατμηθέντων
1886 2336 1978 2392 ἑπ-

324 2423 595 2499 αφῆσουσι
646 2427 783 2475 συῶν
838 2423 1079 2500 μιαρίαν,
1123 2423 1195 2478 τίν’
1244 2426 1388 2497 ὁμοῦ
1418 2446 1476 2479 τε
1525 2427 1621 2494 τῆς
1651 2432 1859 2503 τροφῆς
1890 2426 1979 2481 καὶ

321 2515 435 2565 τῶν
487 2512 819 2586 σπΑάγχνων
875 2512 1297 2590 ἐμφορηθῶσιν·
1362 2514 1462 2569 οιῖκ
1520 2514 1598 2569 ἔτι
1654 2514 1980 2589 προσάξουσι

323 2604 436 2674 πῦρ
487 2601 773 2676 μαρτύρων
826 2604 1124 2674 μνήμασιν,
1178 2603 1252 2664 ὡς
1305 2600 1489 2658 ἄλλων
1541 2605 1655 2677 (31)
1705 2604 1977 2680 ἐφέξοντες

326 2689 560 2759 ἄθλησιν
593 2695 709 2751 ταῖς
738 2691 854 2746 κατ’
883 2691 1058 2745 αὐτῶν
1101 2691 1362 2765 ἀτιμίαις’
1399 2692 1498 2746 οὐκ
1550 2691 1627 2747 ἔτι
1678 2693 1806 2769 πυρὶ
1856 2716 1978 2749 κατ-

323 2777 691 2832 αναλώσουσιν
776 2779 941 2853 ἁγίων
1022 2779 1247 2852 λείψανα
1296 2825 1312 2847 ,
1371 2781 1549 2842 ὀστοῖς
1625 2780 1975 2855 ἀτιμοτάτοις

216 2904 221 2909 -
324 2866 805 2939 συνατιμάσαντες,
863 2868 954 2921 καὶ
1002 2874 1118 2930 τοῖς
1169 2870 1389 2941 ἀνέμοις
1437 2867 1721 2940 δώσουσιν,
1749 2868 1841 2924 ’ίνα
1886 2872 1975 2924 καὶ

319 2958 425 3023 τῆς
477 2954 843 3032 ὀφειλομένης
891 2964 1058 3029 τιμῆς
1114 2964 1232 3020 τοῖς
1279 2957 1548 3020 τοιούτοις
1595 2959 1977 3033 ἀποστερήσω-

319 3065 406 3097 σιν
470 3046 584 3117 (32)
617 3062 629 3075 '
692 3044 791 3098 οὐκ
847 3042 928 3100 ἔτι
976 3043 1236 3121 καθέδραν
1295 3045 1506 3119 λοιμῶν
1558 3050 1974 3123 συγκροτήσαν-

320 3154 413 3193 τες
477 3135 610 3205 (33),
668 3140 787 3195 ταῖς
843 3136 960 3188 κατ’
1018 3134 1348 3205 ἐπισκόπων,
1410 3138 1497 3191 καὶ
1551 3132 1970 3213 πρεσϐυτέρων,

321 3218 403 3276 ἔτι
436 3218 609 3275 δὲκαὶ
641 3227 961 3299 προφητῶν,
1005 3224 1093 3278 καὶ
1138 3222 1484 3297 ἀποστόλων,
1535 3225 1622 3279 καὶ
1674 3225 1837 3280 αὐτοῦ
1876 3230 1971 3281 τοῦ

2011 1942 2058 2006 Β

2092 644 2363 718 pastorali
2398 644 2554 716 virga
2586 650 2781 717 pascet
2802 646 2828 700 ‘2
2858 646 2998 701 Mihi
3030 662 3161 701 vero
3194 662 3399 701 rursus
3431 646 3501 700 ad
3534 644 3742 699 trium-

2092 734 2261 806 phale
2309 734 2604 789 canticum
2650 751 2777 790 sese
2825 736 3034 790 referet
3078 735 3260 790 oratio
3306 752 3318 787 :
3373 733 3575 789 Cecidit
3620 732 3740 803 Bel,

2088 826 2357 879 contritus
2386 832 2463 879 est
2494 829 2704 892 Dagon,
2733 824 2893 895 palus
2920 826 3096 895 factus
3144 828 3221 878 est
3253 822 3447 889 Saron,
3476 821 3742 894 pudefac-

2089 918 2175 969 tus
2205 923 2282 969 est
2312 914 2551 967 Lz'banus
2580 914 2647 968 9’.
2681 912 2795 967 Nec
2826 912 2980 968 ultra
3012 912 3205 967 dicent
3250 910 3450 981 stulto,
3484 915 3549 966 ut
3577 911 3739 981 prin-

2089 1020 2225 1074 ceps
2257 1004 2352 1067 sit,
2386 1002 2493 1057 hoc
2543 1006 2650 1071 est,
2685 1002 2973 1057 idolorum
3008 1000 3227 1072 agmini
3277 1006 3473 1055 motus
3506 1004 3563 1055 et
3608 1016 3739 1056 sen-

2088 1110 2190 1149 sus
2239 1092 2502 1162 experti:
2539 1107 2643 1145 nec
2694 1107 2959 1145 muscam
3009 1094 3289 1160 quaerent,
3339 1090 3511 1143 deum
3564 1090 3741 1143 Acca-

2088 1198 2192 1236 ron
2223 1182 2290 1249 ’3,
2324 1185 2424 1235 aut
2476 1178 2525 1235 si
2573 1179 2712 1250 quid
2764 1196 2831 1234 ea
2879 1178 3068 1251 magis
3115 1182 3205 1233 est
3253 1178 3588 1232 ridiculum.
3616 1176 3742 1232 Non

2081 1270 2208 1341 jam
2240 1269 2403 1324 lucos
2433 1273 2490 1324 et
2520 1268 2747 1324 excelsa
2795 1266 2920 1323 loca
2952 1271 3146 1322 mente
3198 1266 3545 1336 concipiant,
3577 1282 3743 1320 mon-

2088 1363 2325 1429 temque
2377 1374 2611 1413 omnem
2665 1357 3004 1412 frondosum
3038 1360 3095 1410 et
3142 1355 3487 1410 umbrosum
3518 1354 3584 1406 9‘.
3617 1353 3744 1407 Non

2080 1448 2206 1518 jam
2240 1447 2391 1503 filios
2424 1463 2563 1501 suos
2612 1452 2667 1501 et
2714 1445 2866 1501 filias
2916 1444 3220 1501 damoniis
3268 1442 3660 1499 immolabant
3678 1441 3742 1509 ⁸⁵,

2091 1537 2245 1609 quod
2292 1535 2430 1591 olim
2487 1534 2681 1591 lsraeli
2733 1553 2766 1590 a
2820 1534 3120 1607 prophetis
3172 1532 3575 1603 objiciebatur.
3633 1530 3743 1587 Sed

2091 1623 2231 1695 quid
2265 1625 2385 1679 haec
2414 1622 2624 1694 colligo
2646 1622 2673 1677 ?
2702 1624 2785 1679 Ad
2820 1621 3131 1695 praesentia
3160 1627 3217 1677 et
3247 1626 3446 1677 nostra
3474 1634 3567 1675 me
3606 1635 3741 1674 oon-

2089 1717 2332 1769 vertam.
2367 1713 2492 1771 Non
2532 1714 2659 1783 jam
2712 1712 2769 1767 in
2820 1728 3016 1768 sacras
3050 1716 3281 1766 nostras
3333 1710 3485 1765 aedes
3536 1724 3743 1780 pravos

2091 1803 2290 1858 oculos
2319 1802 2605 1873 injicient.
2639 1802 2761 1856 Non
2806 1803 2929 1871 jam
2971 1818 3103 1856 aras
3135 1817 3167 1853 a
3198 1799 3516 1871 purissimo
3569 1801 3626 1852 et
3653 1795 3741 1851 in-

2091 1896 2332 1947 cruento
2384 1890 2667 1945 sacrificio
2718 1906 2929 1946 nomen
2976 1888 3257 1945 habentes
3308 1886 3553 1943 scelesto
3606 1902 3741 1942 san-

2091 1980 2263 2051 guine
2314 1980 2802 2035 contaminabunt
2838 1997 2850 2034 :
2886 1995 2991 2033 nec
3023 1978 3148 2034 loca
3190 1994 3376 2043 sacra,
3412 1993 3514 2048 per
3560 1974 3745 2047 impia

2091 2068 2318 2135 altaria,
2353 2070 2575 2139 probro'
2596 2085 2660 2122 ac
2691 2068 2971 2123 dedecore
3012 2067 3284 2123 afﬁciant.
3319 2067 3443 2121 Non
3466 2067 3594 2137 jam
3650 2080 3743 2120 sa-

2090 2158 2307 2228 crilega
2338 2173 2515 2212 manu
2548 2155 2738 2211 votiva
2770 2157 2923 2211 dona
2948 2154 3225 2227 diripiant
3252 2159 3308 2210 et
3325 2154 3741 2226 profanabunt,

2090 2245 2449 2316 impietatem
2484 2244 2728 2300 avaritia
2757 2242 3148 2299 cumulantes.
3166 2243 3287 2298 Non
3314 2243 3438 2315 jam
3470 2240 3740 2296 sacerdo-

2089 2339 2213 2391 tum
2248 2335 2543 2401 canitiem,
2576 2334 2959 2389 diaconorum
3009 2332 3402 2399 sanctitatem,
3444 2330 3739 2402 virginum

2091 2425 2371 2497 pudorem
2403 2422 2761 2479 contumelia
2791 2422 3163 2494 perfundent.
3196 2423 3319 2475 Non
3349 2420 3475 2490 jam
3509 2418 3568 2473 in
3602 2434 3739 2473 san-

2089 2519 2315 2569 ctorum
2349 2512 2666 2567 incisorum
2720 2512 2944 2566 viscera
2974 2510 3155 2566 fmdos
3186 2514 3243 2564 et
3289 2509 3552 2579 impuros
3588 2507 3734 2563 187

2089 2620 2292 2675 porcos
2323 2602 2663 2668 immittent,
2698 2604 2761 2655 ut
2790 2598 2968 2655 simul
3002 2603 3058 2655 et
3086 2597 3301 2671 pabulo
3333 2602 3389 2651 et
3421 2595 3739 2652 visceribus

2088 2697 2446 2749 saturentur.
2491 2690 2615 2745 Non
2656 2691 2783 2761 jam
2831 2694 3156 2761 martyrum
3207 2686 3492 2758 sepulcris
3539 2685 3738 2757 ignem

2087 2782 2501 2849 admovebunt,
2524 2785 2586 2834 ut
2615 2795 2717 2851 per
2746 2794 2945 2834 eorum
2979 2777 3363 2851 ignominiam
3396 2775 3542 2830 alios
3564 2792 3598 2829 a
3622 2791 3740 2831 cer-

2088 2872 2303 2927 tamine
2351 2872 2699 2925 deterreant.
2734 2869 2856 2925 Non
2900 2868 3024 2939 jam
3065 2870 3403 2922 sanctorum
3459 2863 3736 2935 reliquias

2085 2977 2217 3015 cum
2254 2958 2555 3013 vilissimis
2585 2958 2820 3013 ossibus
2837 2974 2938 3028 per
2967 2959 3364 3026 contemptum
3398 2953 3735 3025 permistas,

2084 3047 2339 3105 ﬂammis
2386 3047 2719 3113 absument,
2768 3052 2827 3101 et
2869 3046 2928 3100 in
2960 3050 3162 3101 ventos
3210 3046 3505 3115 spargent,
3558 3045 3619 3098 ut
3668 3057 3736 3097 eo

2080 3136 2427 3208 honore,qui
2457 3136 2748 3206 ejusmodi
2778 3134 3117 3191 hominibus
3147 3133 3408 3199 debetur,
3435 3131 3595 3203 ipsos
3616 3129 3733 3203 pri-

2079 3229 2367 3283 vent.Non
2377 3225 2502 3295 jam
2522 3223 2855 3279 cathedram
2873 3222 3214 3295 pestilentiaa
3236 3222 3279 3258 οι
3303 3224 3729 3287 construentes,

321 3311 558 3384 Χριστυῦ
620 3310 995 3386 βλασφημίαις
1041 3311 1481 3389 ἐντρυφήσουσιν·
1535 3313 1633 3369 οὐκ
1679 3312 1755 3369 ἔτι
1795 3336 1968 3386 πανη-

2086 3313 2397 3371 maledicta
2425 3316 2481 3368 et
2510 3311 2766 3368 convicia
2795 3312 3075 3368 adversus
3125 3310 3450 3383 episcopos,
3485 3312 3541 3363 et
3571 3323 3732 3380 pres-

321 3396 605 3471 γυρίσουσι
637 3400 751 3452 καθ’
779 3401 961 3472 ἡμῶν,
994 3400 1151 3474 νόμῳ
1182 3404 1279 3470 τῆς
1331 3397 1605 3472 κιϐδήλου
1636 3402 1967 3466 παιδεύσεως

320 3484 740 3549 ἀποκλείσαντες
776 3532 789 3557 ,
852 3490 928 3551 ὡς
982 3491 1123 3562 ὁμοῦ
1178 3489 1356 3563 τούτῳ
1422 3492 1511 3546 καὶ
1567 3493 1663 3555 τὰς
1720 3493 1971 3569 γλώσσας

320 3574 482 3647 ἡμῶν
513 3576 893 3653 ὲμφράξοντες.

2080 3406 2331 3477 byteros,
2366 3407 2541 3474 atque
2570 3402 2744 3458 etiam
2778 3400 3111 3473 prophetas,
3142 3405 3198 3456 et
3228 3398 3544 3473 apostolos,
3574 3397 3735 3453 Chri-

2080 3497 2357 3565 stumque
2388 3493 2531 3547 adeo
2578 3490 2799 3563 ipsum,
2830 3491 3114 3561 conjecta,
3147 3506 3252 3562 pro
3297 3488 3522 3544 deliciis
3553 3487 3730 3543 habe-

2080 3582 2248 3638 bunt.
2280 3581 2406 3637 Non
2449 3582 2574 3652 jam
2608 3580 2917 3636 adversum
2963 3596 3070 3634 nos
3101 3579 3277 3634 festos
3308 3594 3373 3633 ac
3414 3577 3572 3630 laetos
3605 3575 3730 3630 dies

320 3671 518 3737 agent,
554 3665 697 3738 legis
726 3666 1032 3724 interdicto
1064 3668 1136 3724 ab
1169 3669 1497 3726 adulterina
1528 3672 1791 3728 doctrina
1839 3690 1944 3729 nos
1975 3670 2368 3739 excludentes,
2401 3670 2639 3742 perinde
2669 3674 2841 3741 atque
2872 3670 3072 3725 eadem
3115 3684 3289 3740 opera
3320 3666 3550 3738 linguas
3584 3680 3728 3737 quo—

320 3771 435 3826 que
468 3762 700 3812 nostras
731 3758 1109 3813 obstructuri.

394 3844 471 3899 A'.
506 3842 605 3905 Δός
641 3865 732 3916 μοι
762 3844 890 3905 τοὺς
924 3843 1123 3919 λόγους
1156 3867 1252 3901 σου
1275 3846 1403 3910 τοὺς
1442 3846 1760 3921 βασιλικούς
1790 3870 1848 3904 τε
1878 3848 1966 3904 καὶ

312 3933 682 4007 σοφιστικοὺς,
714 3932 840 3994 τοὺς
868 3932 1136 4010 ἀφύκτους
1177 3933 1589 4011 συλλογισμούς
1632 3958 1726 3991 σου
1770 3939 1858 3992 καὶ
1900 3938 1969 3992 τὰ

313 4019 689 4093 ἱνθυμήματα·
729 4019 926 4094 ἴδωμεν
962 4025 1049 4077 οἷα
1097 4024 1187 4078 καὶ
1231 4027 1357 4098 παρ’
1389 4028 1524 4097 ἡμῖν
1577 4026 1629 4079 οἱ
1660 4026 1833 4089 ἁλιεῖς
1876 4026 1966 4081 καὶ

309 4109 563 4183 ἄγροικοι
615 4112 936 4187 φθᾶγγονται
988 4114 1103 4186 (34)
1140 4157 1152 4171 .
1211 4114 1551 4184 Μενάστησον
1610 4115 1753 4191 ἦχον
1811 4113 1966 4188 ᾠδῶν

2147 3848 2313 3905 XXX.
2346 3853 2487 3921 Age,
2521 3846 2930 3920 imperatorias
2961 3850 3093 3901 tuas
3122 3850 3179 3901 et
3207 3844 3556 3916 sophisticae
3605 3859 3729 3899 ora-

2077 3939 2287 4006 tiones,
2320 3941 2497 4008 atque
2543 3935 2910 3991 inevitabiles
2952 3940 3087 3989 tuos
3131 3933 3503 4006 syllogismos
3564 3935 3619 3987 et
3647 3948 3717 3986 an

2080 4026 2440 4099 thymemata
2485 4026 2759 4096 deprome
2791 4040 2805 4078 :
2839 4024 3168 4093 videamus,
3200 4021 3399 4094 qualia
3433 4021 3609 4077 etiam
3643 4019 3728 4093 pi-

2077 4119 2333 4172 scatores
2364 4118 2422 4169 et
2470 4111 2671 4167 rustici
2721 4111 2875 4180 apud
2927 4127 3033 4165 nos
3084 4109 3420 4183 loquantur.
3472 4108 3729 4179 Transfer

390 4253 434 4288 ἰ
469 4251 622 4308 Psal.
658 4270 720 4320 11,
750 4253 805 4307 9.
882 4254 926 4289 9³
960 4259 1070 4310 Isa.
1105 4272 1254 4323 XLVI,
1292 4258 1316 4311 1
1344 4274 1358 4324 ;
1392 4274 1591 4327 xxxm,
1623 4258 1677 4311 9.
1755 4258 1798 4292 ⁸³
1825 4257 1892 4313 IV
1926 4257 1971 4312 Β

2096 4273 2137 4321 ι,
2166 4256 2221 4310 2.
2298 4255 2344 4289 ⁹⁴
2375 4254 2492 4309 Jer.
2528 4268 2589 4320 11;
2621 4252 2709 4305 20.
2787 4251 2831 4286 π
2861 4250 3014 4306 Psal.
3048 4265 3135 4315 cv,
3178 4250 3268 4305 37.
3344 4250 3389 4285 ⁹⁶
3413 4246 3566 4305 Psal.
3600 4264 3638 4315 1,
3674 4249 3726 4303 1.

356 4406 502 4494 ν(251)
536 4402 645 4457 Οὐκ
688 4399 785 4461 ἔτι.
819 4406 1096 4462 Nonnulli
1147 4409 1315 4464 codd.
1350 4414 1405 4464 et
1438 4410 1564 4465 Par.
1598 4411 1688 4465 ed.
1722 4410 1965 4480 addunt,

311 4497 377 4529 ου
414 4496 488 4545 μη
501 4516 512 4527 .

384 4550 497 4619 (26)
530 4545 794 4622 Πονηρόν.
831 4549 913 4603 Ita
942 4549 1202 4622 plerique
1234 4552 1402 4606 codd.
1436 4552 1714 4607 Nonnulli
1745 4569 1878 4607 vero
1909 4559 1967 4607 et

307 4621 880 4694 Par._ed.u1rov1;pibc.

386 4692 500 4767 (2_7_)
531 4686 756 4767 Aiaaci'
786 4694 984 4767 impii).
1039 4694 1297 4758 Quatuor
1348 4694 1523 4767 Regg.
1574 4695 1670 4751 Or.
1721 4694 1771 4759 Ι.
1831 4699 1966 4765 etc.,

308 4760 675 4835 ἀκαθάρτιρμι
713 4760 1037 4835 immundo.
1068 4785 1095 4816 ι

383 4828 496 4905 (28)
529 4828 678 4909 Οὖδε
703 4833 940 4909 βωμοῖς,
974 4842 1082 4909 sto.
1117 4836 1433 4903 Combei‘.,«
1474 4854 1664 4909 neque
1695 4838 1964 4909 grwcani-

304 4907 865 5032 cfﬁsiiperstitionis
922 4908 1039 4963 aris
1096 4925 1264 4963 sacra
1314 4907 1635 4981 penetral—ia
1684 4907 1966 4965 dedecore

306 4994 343 5032 a
417 4994 544 5032 cien
581 5020 592 5031 .
629 4999 657 5026 ››

306 4994 592 5032 αιιιοιθηῐ.
629 4999 657 5026 ›)

378 5049 493 5115 (29)
524 5045 755 5122 ’[ερὲων.
790 5048 929 5121 Reg.
964 5050 1085 5115 bm,
1116 5050 1529 5116 Bill.,Montac.
1562 5044 1962 5126 πρεσϐστὲρων,

305 5144 334 5169 ‹‹
374 5126 878 5190 ρποεῠγιοιξοιιυω.
908 5142 933 5169 η

524 5187 637 5247 Οὐκ
666 5187 742 5243 ἔτι
793 5188 1153 5264 σπλάγχνοις,
1186 5198 1295 5247 etc.
1341 5215 1367 5243 ι(
1399 5194 1566 5264 Apud
1620 5192 1960 5248 Ascalonem

302 5267 363 5318 et
395 5263 631 5327 Gazam,
654 5263 844 5334 inquit
873 5263 1045 5330 Eli'as,
1071 5264 1327 5319 virorum
1351 5272 1408 5321 et
1430 5263 1803 5329 feminarum,
1834 5281 1960 5335 quas

344 5340 601 5406 erpetuss
624 5335 975 5406 virginitatis
1003 5342 1131 5391 voto
1161 5354 1222 5391 se
1247 5336 1699 5401 obstrinxerant,
1734 5343 1961 5391 ventres

323 5412 659 5471 acerarunt,
719 5406 1052 5478 hordeoque
1100 5408 1372 5479 impletos
1421 5408 1612 5479 porcis
1672 5407 1960 5462 vorandos

296 5479 681 5547 objecerunt;
708 5494 959 5547 quorum
984 5479 1157 5534 etiam
1210 5480 1431 5535 viscera
1454 5487 1510 5533 et
1539 5495 1805 5533 cruorem
1830 5494 1960 5533 sce-

296 5494 681 5547 oojecerunt;
708 5494 959 5602 quorum
984 5494 1157 5534 etiam
1210 5496 1431 5535 Viscera
1454 5494 1510 5533 et
1539 5495 1805 5533 cruorem
1830 5494 1958 5533 sce-

296 5550 645 5631 leratissimi
676 5549 713 5602 il
744 5550 759 5603 i
786 5551 1420 5631 degustarunt._Eodem
1457 5551 1626 5631 modo
1655 5550 1708 5604 in
1744 5550 1958 5631 Bebas-

293 5622 402 5695 tia“
434 5624 577 5695 urbe
612 5624 1001 5695 praecursoria
1052 5622 1308 5677 loculum
1360 5621 1957 5695 aperientestipsius

294 5692 584 5765 reliquias
607 5692 1690 5766 ignitradiderunt,earumquecineres
1711 5692 1956 5765 dissipa-

293 5764 461 5835 runt,
494 5766 727 5838 aliaque
755 5764 1012 5838 plurima
1038 5764 1528 5824 contumeliarum
1563 5782 1796 5840 genera,
1829 5764 1954 5824 tum

2079 4407 2135 4463 in
2170 4409 2505 4462 sanctorum
2540 4403 2778 4474 templa,
2808 4408 2936 4458 tum
2967 4404 3025 4459 in
3052 4403 3182 4476 ipsa
3206 4402 3406 4476 divina
3422 4402 3597 4474 adyta
3625 4402 3729 4457 de-

2077 4479 2408 4551 signarunt.
2437 4476 2627 4551 [Haec
2653 4473 3448 4551 confirmantur;testimonio
3477 4473 3729 4551 Sozomr,

2076 4544 2235 4616 1.311,
2269 4564 2318 4605 c.
2353 4549 2423 4614 6;
2460 4548 2616 4613 Ruﬁ,
2650 4547 2687 4600 l.
2721 4564 2797 4614 x1,
2831 4563 2880 4601 c.
2930 4548 3038 4615 28;
3071 4547 3340 4613 Philost.,
3371 4545 3411 4601 l.
3460 4562 3555 4612 v11,
3590 4560 3639 4600 c.
3672 4544 3727 4599 4.

2078 4622 2225 4688 Quid
2254 4625 2447 4701 autem
2468 4695 2476 4701 ‘
2499 4623 2655 4674 esset
2701 4619 2966 4701 dicturus
2997 4618 3355 4701 ‘Gregorius,
3387 4618 3433 4673 si
3469 4633 3535 4672 eo
3584 4620 3728 4700 tem-

2002 4677 2046 4741 D
2078 4677 2215 4765 pore
2246 4691 2504 4765 vixisset,
2539 4707 2653 4761 quo
2686 4690 2790 4744 viri
2820 4677 3371 4765 Christianiveadem
3403 4706 3469 4744 ac
3504 4688 3730 4765 majora

2079 4760 2256 4821 etiam
2312 4760 2573 4820 facinora
2600 4778 2773 4835 quam
2832 4761 3079 4835 gentiles
3128 4764 3554 4835 perpetrarunt,
3588 4760 3728 4835 sub-

2076 4838 2259 4893 versis
2290 4836 2515 4890 aedibus
2536 4830 2741 4899 sacris,
2776 4830 3047 4889 reseratis
3072 4830 3146 4889 ac
3162 4830 3483 4905 profanatis
3502 4830 3728 4905 sancti-

2076 4907 2422 4965 monialium
2473 4905 2869 4972 monasteriis,
2911 4903 3233 4978 martyrum
3279 4904 3546 4978 reliquiis
3595 4903 3730 4978 igne

2076 4980 2429 5051 absumptis,
2462 4984 2572 5033 etc.
2594 4978 2819 5051 Etenim
2842 4993 2908 5051 eo
2932 4975 3118 5048 usque
3144 4977 3357 5051 furoris
3379 4975 3729 5051 stagnantia

2074 5045 2628 5139 tum‘pr'oru'perunt
2656 5045 3290 5139 calvin'ista,_max‘ime
3321 5049 3379 5102 in
3412 5045 3618 5139 gallis.

2143 5118 2255 5196 (31)
2285 5118 2630 5196 actinos,
2664 5124 2772 5175 etc.
2826 5118 3026 5196 Heins.
3078 5122 3277 5196 codex,
3316 5143 3336 5169 ι
3372 5124 3440 5196 ut_
3486 5118 3725 5196 illorum

2073 5190 2467 5264 contumeliis,
2515 5192 2763 5266 aliorum
2822 5193 2894 5247 ad
2954 5190 3296 5266 martyrium
3353 5190 3726 5248 subeundum

2072 5270 2355 5323 impetum
2393 5265 2791 5322 retunderent.
2829 5285 2856 5311 ››

2141 5329 2252 5410 (32)
2282 5334 2513 5411 "Ivem?
2543 5340 2643 5403 τῆς
2677 5333 3063 5411 ὄφειλρμρνης,
3098 5336 3392 5411 etc._,_«_ut
3432 5329 3724 5411 eouetiam

2071 5403 2289 5466 honore
2339 5410 2585 5479 privent,
2621 5403 2882 5479 qui'ivel'
2912 5403 3251 5477 huiusmodi
3299 5403 3660 5471 hominibus,
3694 5420 3723 5448 ι»

2070 5500 2278 5545 nempe
2309 5478 2631 5545 vilissimis,
2666 5502 2693 5528 «
2731 5478 2993 5535 debetur.
3028 5501 3056 5528 n

2138 5549 2250 5624 (33)
2286 5550 2779 5625 Συγκροτιςσαντις.
2822 5569 2843 5597 ι
2876 5549 3251 5619 Cathedram,
3288 5570 3315 5598 )›
3372 5562 3475 5603 seu
3536 5566 3557 5593 ι
3587 5554 3675 5613 991

2067 5625 2269 5680 cilium
2301 5625 2642 5680 conﬂantes.
2682 5646 2702 5671 ιι
3554 5644 3563 5661 ι

2138 5697 2248 5767 (34)
2280 5696 2377 5769 Καὶ
2430 5694 2677 5769 ἄγροικοι
2714 5691 3073 5769 φθέγγονται.
3128 5693 3253 5749 Non
3319 5686 3508 5762 pauci,

2065 5764 2269 5835 ξονται.
2300 5764 2589 5827 Deest'iial
2620 5766 2680 5822 in
2710 5764 2849 5823 Par.
2874 5764 3015 5823 edit.

4096 1600 4170 1691 [ξε

4126 1756 4170 1831 :1

4102 2342 4109 2349 ι

4098 2376 4105 2385 ι

4114 2214 4131 2227 ς

4122 2360 4129 2369 δ

4130 2116 4149 2143 ’ἔ

4134 2158 4147 2173 λ

4128 2218 4131 2227 ’
4138 2206 4149 2237 ἓ

4138 2314 4149 2331 1

4136 2386 4149 2417 Δ1

4132 2438 4137 2451 1

4158 2156 4178 2440 ἐ
