4244 6216
496 457 617 520 703

497 698 622 737 rum
651 681 1230 752 97,quemadmodum
1262 690 1316 739 te
1349 687 1631 758 propheta
1662 704 1827 742 meus
1859 686 2149 740 hortatur.

498 770 679 826 David
713 775 908 826 autem
948 789 1152 828 rursus
1184 774 1360 830 libere
1391 782 1604 842 cantet,
1630 776 1746 843 ille,
1771 771 2152 846 inquam,qui

501 858 815 916 sublimem
841 859 1006 915 illum
1031 869 1084 916 et
1123 869 1494 934 arrogantem
1524 865 1752 920 Goliath
1779 864 2041 936 mysticis
2072 863 2152 916 la-

1740 465 1802 524 S.
1855 463 2225 525 GREGORII
2271 461 2666 523 THEOLOGI

497 609 693 648 sonum
720 593 1041 648 cantionum
1057 602 1282 650 tuarum
1312 601 1365 650 et
1377 599 1656 667 psalmum
1686 611 2018 666 organorum
2033 602 2150 649 tuo-

2293 612 2381 665 ὀυ,
2439 594 2527 646 καί
2602 591 2819 666 ψαλμὸν
2899 591 3143 667 ὀργάνων
3194 612 3289 645 σου

3790 464 3916 522 ’704

3325 636 3338 662 ,
3400 588 3766 647 διακελεύεταί
3823 615 3915 647 σοι

2261 683 2550 758 προφήτης
2577 680 2727 754 ἐμός·
2781 677 2952 751 ᾀδέτω
3003 678 3059 734 δὲ
3104 678 3250 742 αὖθις
3281 679 3372 734 σὺν
3415 678 3689 756 ὶλευθερίᾳ
3719 677 3916 750 Δαϐἱδ,

2263 770 2410 824 ὁτὸν
2445 768 2656 843 ὑψηλὸν
2703 770 2900 832 Γολιάθ
2951 768 3120 830 λίθοις
3180 775 3460 841 μυστικοῖς
3673 767 3915 825 καταϐα-

2265 859 2400 927 λὼν,
2433 861 2460 914 ὁ
2493 857 2580 913 διὰ
2609 866 2708 927 τῆς
2740 855 3046 934 πραότητος
3097 861 3207 931 (36)
3255 861 3483 928 νικήσας
3522 858 3787 932 πολλοὺς,
3819 861 3916 915 καὶ

503 948 738 1020 pidibus
771 951 1264 1023 prostravit”,qui
1286 970 1388 1023 per
1404 955 1915 1009 mansuetudinem
1938 952 2155 1006 multos

2303 949 2352 1002 ιὰ
2379 956 2478 1016 τῆς
2511 955 2881 1020 πνευματικῆς
2915 948 3179 1022 ἁρμονίας
3213 947 3539 1022 θεραπεύσας
3588 947 3768 1001 Σαοὺλ
3817 950 3916 1003 τὸν

504 1037 882 1107 superavit,et
915 1054 1016 1109 per
1045 1040 1408 1110 spiritualem
1443 1049 1790 1097 concentum
1823 1041 2154 1107 Sauli,cum

2297 1042 2341 1109 ᾦ
2369 1041 2596 1112 πονηρῷ
2628 1034 2847 1108 δαίμονι
2898 1031 3353 1111 συμπνιγόμενον.
3406 1030 3656 1090 Σϐεσάτω
3703 1035 3767 1091 τὸ
3803 1042 3917 1112 πῦρ

505 1143 538 1182 a
561 1143 735 1198 pravo
760 1127 1021 1182 daemone
1048 1129 1532 1201 strangularetur,
1554 1132 1906 1186 medicinam
1939 1130 2072 1185 fecit
2091 1130 2154 1183 ’9.

2267 1127 2294 1180 ὁ
2329 1124 2614 1200 δᾳδοῦχος·
2670 1125 2978 1180 ἀπτὲτωσαν
3027 1130 3104 1196 τῷ
3143 1124 3362 1202 νυμφίῳ
3414 1125 3466 1177 αἱ
3518 1125 3776 1201 φρόνιμοι
3820 1127 3918 1179 καὶ

507 1215 705 1286 Ignem
740 1216 940 1271 facifer
969 1222 1107 1271 tuus
1140 1219 1507 1290 exstinguat;
1543 1221 1862 1291 prudentes
1893 1225 1951 1274 et
1981 1235 2158 1273 sacra:

2293 1215 2404 1290 εραὶ
2437 1213 2691 1290 παρθένοι
2732 1215 2826 1275 τὰς
2873 1214 3071 1268 ἑαυτῶν
3125 1210 3438 1285 λαμπάδας.
3491 1213 3773 1276 ἀποθέσθω
3812 1217 3918 1283 τὴν

505 1304 759 1374 virgines
785 1306 1085 1376 lampades
1118 1325 1258 1363 suas
1307 1325 1523 1380 sponso
1556 1311 1876 1364 ascendant
1906 1309 1943 1362 ί.
1979 1308 2157 1362 Mere-

507 1394 737 1448 triciam
765 1394 974 1449 stolam
1003 1396 1410 1468 hierophantes
1432 1403 1603 1453 exuat
1631 1416 1643 1465 ;
1671 1398 2022 1463 sacerdotes,
2057 1412 2159 1467 pro

508 1483 717 1538 acediaa
751 1483 982 1554 spiritu,
1007 1485 1300 1555 justitiam
1333 1485 1644 1558 gloriaeque
1668 1485 1877 1541 stolam
1914 1483 2158 1550 induite,

509 1589 576 1627 ac
607 1588 881 1642 magnam
929 1572 1089 1628 illam
1140 1573 1581 1630 immaculatam
1613 1575 1829 1631 Christi
1877 1574 2159 1642 tunicam,

511 1662 688 1717 decus
720 1667 987 1717 nostrum
1022 1668 1080 1718 et
1110 1669 1545 1720 ornamentum.

582 1749 767 1805 XXXI.
801 1751 990 1806 Prisco
1039 1757 1178 1808 tuus
1209 1754 1404 1825 turpia
1433 1757 1490 1808 et
1520 1754 1771 1808 obscena
1816 1756 2041 1818 taceat;
2077 1751 2162 1805 di-

2267 1305 2532 1379 πορνικὴν
2583 1304 2905 1380 ἱεροφάντης
2956 1305 3065 1374 (37)
3125 1301 3347 1370 στολην·
3409 1303 3573 1377 ἱερεῖς
3629 1302 3927 1360 ἐνδύσασθε

2270 1391 2614 1462 δικαιοσύνην
2651 1436 2665 1461 ,
2705 1392 2794 1446 καὶ
2843 1389 3180 1459 καταστολὴν
3233 1387 3394 1460 δόξης
3443 1389 3558 1445 ἀντὶ
3602 1391 3922 1464 πνεύματος

2272 1479 2519 1552 ἀκηδίας,
2549 1481 2638 1536 καὶ
2667 1480 2760 1535 τὸν
2799 1479 2964 1554 μέγαν
3010 1480 3099 1534 καὶ
3154 1477 3382 1534 ἄσπιλον
3438 1484 3646 1554 χιτῶνα
3688 1483 3925 1555 Χριστὸν

2272 1573 2405 1645 (38),
2437 1570 2497 1624 τὸ
2529 1572 2795 1644 ἡμέτερον
2829 1568 3006 1640 κόσμη
3022 1588 3114 1640 μα.

2345 1666 2471 1715 ΛΑ’.
2508 1657 2724 1733 Σιγάτω
2756 1658 2849 1718 σὸς
2880 1658 3048 1730 κῆρυξ
3077 1657 3143 1711 τὰ
3174 1654 3360 1729 ἄτιμα·
3403 1659 3720 1733 φθεγγέσθω
3748 1659 3930 1731 κῆρυξ

2273 1747 2403 1821 ἐμὸς
2435 1749 2501 1802 τὰ
2530 1744 2700 1803 ἔνθεα.
2742 1746 2947 1801 Παῦσόν
3000 1766 3094 1800 σου
3142 1746 3238 1808 τὰς
3283 1746 3541 1822 γοητικᾶς
3592 1745 3682 1800 καὶ
3734 1767 3932 1818 μαντι-

510 1840 644 1894 vina
691 1857 858 1895 mens
905 1858 1090 1912 praeco
1140 1841 1433 1913 loquatur.
1487 1842 1885 1914 Praestigiosos
1929 1847 2062 1896 tuos
2110 1843 2166 1895 et

2293 1839 2367 1899 ιὰς
2403 1831 2645 1914 βίϐλους·
2699 1835 2751 1889 αἱ
2801 1834 3134 1912 προφητικαὶ
3182 1836 3292 1906 (39)
3327 1832 3381 1888 δὲ
3421 1835 3510 1889 καὶ
3561 1831 3931 1888 ἀποστολικαῖ

515 1928 785 1985 fatidicos
833 1929 1012 1985 libros
1063 1947 1297 2002 preme;
1336 1931 1657 2003 prophetici
1709 1935 1902 1986 autem
1954 1929 2063 1984 soli
2110 1933 2166 1984 et

2293 1927 2433 1981 ιόναι
2467 1923 2938 1980 ἀνελιττὲσθωσαν.
2990 1923 3244 1999 Ἐπίσχες
3292 1944 3388 1977 σου
3427 1925 3522 1985 τὰς
3570 1922 3800 1999 αἶ’σχρὰς
3832 1922 3932 1976 καὶ

2358 2015 2370 2028 ,
2556 2016 2660 2028 ,ην
2870 2012 2882 2028 ι
3079 2013 3091 2028 ,
3309 2012 3323 2028 ς
3530 2017 3558 2027 ..
3670 2015 3681 2028 .
3777 2013 3789 2028 .
3879 2014 3893 2028 .

515 2017 815 2089 apostolici
863 2019 1222 2075 evolvantur.
1257 2021 1460 2076 Fosdas
1491 2024 1624 2075 tuas
1655 2023 1712 2075 et
1760 2018 2016 2074 tenebris
2048 2018 2168 2090 ple-

517 2124 623 2163 nas
653 2111 852 2163 noctes
903 2109 1143 2176 cohibe;
1178 2125 1283 2182 ego
1316 2115 1517 2165 contra
1568 2125 1735 2164 sacra
1775 2113 1830 2163 et
1877 2107 2172 2162 luculenta

517 2196 669 2252 168
703 2197 1003 2269 pervigilia
1035 2199 1318 2254 excitabo.
1350 2199 1537 2270 Adyta
1568 2202 1671 2253 tua
1700 2201 1756 2252 et
1783 2197 1908 2252 vias
1939 2196 1998 2250 in
2030 2196 2170 2250 Tar-

515 2289 711 2341 tarum
745 2286 993 2342 ferentes
1042 2287 1276 2342 obstrue
1311 2304 1322 2342 :
1358 2303 1462 2359 ego
1516 2286 1857 2359 perspicuas
1889 2290 1945 2341 et
1975 2285 2032 2339 in
2060 2301 2170 2340 cce-

515 2374 641 2430 lum
674 2376 953 2431 ducentes
1001 2376 1235 2446 praeibo.
1269 2378 1418 2442 Quot
1463 2376 1702 2431 tandem
1748 2391 2047 2430 armorum
2079 2390 2175 2445 ap-

518 2469 780 2538 paratus,
817 2482 882 2520 ac
933 2465 1338 2521 machinarum
1388 2465 1798 2532 inventiones;
1833 2467 1977 2535 quot
2024 2462 2172 2518 viro-

521 2571 652 2609 rum
683 2554 972 2626 myriades
1024 2560 1081 2610 et
1107 2554 1404 2610 instructae
1437 2555 1613 2618 acies,
1651 2571 1717 2608 ea
1766 2553 2038 2624 perﬁcere
2069 2568 2173 2623 po—

521 2642 794 2711 tuissent,
830 2660 956 2714 quas
990 2661 1094 2699 nos
1125 2645 1392 2717 precibus
1425 2644 1584 2711 solis,
1611 2649 1667 2698 et
1695 2643 1848 2698 Deus
1877 2641 2176 2696 voluntate

524 2750 633 2788 sua
664 2731 954 2804 perfecit?
984 2733 1174 2789 Verbo
1207 2735 1476 2790 tenebras
1507 2731 1751 2803 depulit,
1783 2731 1955 2786 verbo
1984 2730 2176 2784 lucem

524 2822 818 2893 produxit,
846 2826 1062 2877 terram
1116 2824 1392 2889 firmavit,
1426 2822 1638 2877 cmlum
1671 2820 1941 2882 tornavit,
1976 2819 2178 2874 stellas

524 2911 728 2966 ordine
754 2910 1077 2978 constituit,
1098 2928 1289 2967 aerem
1313 2911 1550 2984 sparsit,
1580 2910 1726 2965 mari
1753 2909 1969 2965 limites
1991 2910 2178 2980 impo-

526 2999 665 3065 suit,
717 2999 922 3055 ﬂuvios
972 3001 1167 3070 traxit,
1219 3002 1550 3056 animantes
1600 3000 1716 3055 vita
1762 3003 1937 3069 atque
1983 3000 2181 3053 anima

526 3087 1087 3156 donavit,hominem
1120 3089 1191 3144 ad
1225 3090 1469 3145 formam
1505 3105 1672 3143 suam
1707 3087 2181 3155 efﬂuxit,ornatu

527 3192 621 3231 res
654 3176 1061 3232 circumcinxit
1091 3194 1291 3233 omnes
1324 3196 1336 3234 :
1372 3178 1543 3233 verbo
1583 3177 1782 3242 etiam,
1817 3175 2009 3230 soluta
2039 3191 2181 3246 prae-

528 3267 679 3322 senti
698 3266 970 3338 caligine,
1003 3267 1200 3322 omnia
1221 3267 1279 3322 in
1314 3267 1503 3323 lucem
1532 3272 1700 3337 atque
1733 3263 1996 3320 ordinem
2019 3279 2180 3320 eum-

2277 2015 2500 2076 σκότους
2551 2016 2663 2087 (40)
2713 2012 2984 2087 γεμούσας
3034 2013 3248 2072 νύκτας·
3299 2012 3570 2087 ἀντεγερῶ
3624 2015 3720 2074 τὰς
3777 2013 3933 2086 ἱερὰς

2279 2104 2386 2179 ἐγὼ
2414 2101 2502 2158 καί
2542 2100 2798 2177 λαμπρὰς
2847 2099 3199 2177 παννυχίδας.
3250 2103 3458 2178 Φρᾶξον
3509 2103 3574 2155 τὰ
3621 2099 3789 2156 ἄδυτα
3831 2122 3936 2153 σου

2280 2193 2370 2248 καὶ
2420 2194 2514 2254 τὰς
2559 2192 2635 2254 εἷς
2685 2187 2818 2261 ᾅδου
2869 2191 3133 2269 φερούσας
3186 2189 3365 2252 ὁδούς·
3401 2190 3505 2267 ἐγώ
3552 2191 3648 2252 τὰς
3701 2191 3938 2267 φανερὰς

2285 2283 2374 2338 καὶ
2407 2281 2669 2361 φερούσας
2718 2280 2854 2356 πρὸς
2906 2279 3131 2355 οὐρανὸν
3167 2282 3276 2353 (41)
3331 2279 3706 2355 ἐξηγήσομαι.
3763 2279 3940 2333 Πόσαι

2279 2377 2446 2427 ταῦτα
2503 2373 2615 2444 (42)
2670 2369 3001 2443 κατέπραξαν
3058 2368 3117 2422 ἃν
3180 2366 3365 2424 ὅπλων
3428 2368 3760 2441 παρασκευαῖ
3838 2369 3934 2422 καὶ

2287 2460 2704 2536 μηχανημάτων
2759 2458 2990 2512 ἐπίνοιαι
3027 2477 3039 2526 ;
3072 2457 3234 2512 πόσαι
3289 2454 3546 2533 μυριάδες
3597 2455 3810 2532 ἀνδρῶν
3846 2457 3942 2511 καὶ

2283 2549 2578 2628 φάλαγγες,
2638 2546 2736 2601 ὅσα
2793 2546 3119 2608 ἱκετεύοντες
3183 2546 3342 2619 μόνον
3404 2547 3599 2619 ἡμεῖς,
3660 2546 3749 2600 καὶ
3805 2547 3944 2607 Θεὸς

2288 2637 2576 2715 βουληθεὶς
2637 2636 3028 2710 κατειργάσατο
3082 2654 3096 2704 ;
3150 2635 3309 2710 Λόγῳ
3357 2636 3420 2690 τὸ
3479 2631 3671 2696 σκότος
3729 2634 3891 2689 ἔλυσε
3929 2680 3944 2705 ,

2286 2728 2436 2804 λόγῳ
2465 2730 2527 2781 τὸ
2580 2730 2693 2804 φῶς
2742 2725 3076 2794 ὑπεστήσατο
3112 2726 3242 2797 (43),
3275 2722 3476 2800 ἥδρασε
3503 2732 3628 2799 γῆν,
3670 2723 3943 2800 ὲγύρωσεν

2288 2818 2539 2894 οὐρανὸν,
2598 2813 2820 2890 ἀστέρας
2875 2811 3087 2884 ἔταξεν,
3148 2810 3387 2889 ἔσπειρεν
3437 2812 3605 2889 ἀέρα,
3667 2811 3944 2876 θάλασσαν

2289 2907 2471 2984 ὥρισε,
2521 2903 2802 2976 ποταμοὺς
2850 2901 3085 2973 εἷ’λκυσε,
3140 2907 3249 2972 ζῶα
3295 2903 3595 2978 ἐψύχωσεν,
3649 2901 3942 2976 ἄνθρωπον

2288 2996 2423 3073 πρὸς
2457 2994 2640 3050 ἑαυτὸν
2677 2992 2983 3068 ἐμόρφωσε,
3012 2991 3218 3065 κόσμον
3248 2997 3365 3053 τοῖς
3399 2994 3562 3046 ἅπασι
3610 2994 3934 3067 περιέθηκε·

2290 3085 2439 3162 λόγῳ
2489 3083 2577 3139 καὶ
2625 3083 2723 3151 τήν
2772 3086 2863 3136 νῦν
2916 3082 3256 3154 σκοτόμηναν
3309 3083 3420 3154 (44)
3471 3080 3660 3152 λύσας,
3693 3080 3767 3142 εἷς
3817 3085 3944 3157 φῶς

2292 3174 2500 3229 ἅπαντα
2528 3174 2618 3227 καὶ
2665 3173 2810 3241 τάξιν
2844 3169 2932 3225 καὶ
2979 3171 3240 3247 ἁρμονίαν
3287 3171 3385 3239 τήν
3445 3169 3610 3238 αὐτὴν
3665 3170 3944 3245 ἐπανήγα-

2293 3284 2406 3339 γεν.
2440 3261 2553 3320 Οὐκ
2582 3257 2657 3315 ἔτι
2713 3260 2806 3333 μὲν
2862 3258 3050 3335 λίχνοι
3096 3258 3185 3313 καὶ
3235 3255 3508 3328 ἆπατηλοὶ
3557 3256 3810 3331 δαίμονες
3856 3254 3955 3312 δυ-

528 3356 778 3426 demque
799 3332 1144 3411 cyoncentum
1169 3357 1416 3411 reduxit.
1451 3356 1574 3411 Non
1611 3332 1735 3425 iam
1764 3353 2099 3426 liguritores
2129 3357 2180 3408 et

2293 3351 2658 3408 ναστεύουσιψ
2713 3348 2811 3403 οὐκ
2855 3345 2930 3403 ἔτι
2984 3345 3040 3403 δὲ
3086 3342 3462 3424 καθυϐρίζεται
3505 3347 3676 3409 κτίσις
3707 3347 3758 3401 ἒν
3806 3349 3962 3422 σχή-

529 3445 1193 3501 fraudulentidssmones
1214 3462 1411 3500 rerum
1437 3444 1772 3516 potiuntur:
1800 3459 1912 3498 non
1934 3443 2056 3512 jam
2079 3442 2187 3497 sub

527 3533 768 3590 honoris
800 3535 1045 3590 obtentu
1078 3533 1434 3590 contumelia
1466 3537 1742 3588 creaturis
1773 3531 2188 3596 infertur,dum

530 3640 634 3696 pro
667 3623 782 3679 Deo
828 3624 1126 3679 adoratur.
1165 3622 1356 3693 Dejice
1380 3623 1506 3692 jam
1556 3619 1920 3692 Tripolemos
1950 3626 2103 3684 tuos,
2137 3623 2193 3674 et

532 3713 754 3779 Celeos,
787 3716 843 3767 et
875 3713 1153 3783 mysticos
1183 3711 1488 3766 dracones.
1526 3710 1742 3780 Pudeat
1775 3717 1825 3764 te
1853 3709 2090 3764 tandem
2124 3707 2193 3762 li-

531 3803 770 3858 brorum
826 3801 1064 3872 Orphei,
1118 3800 1373 3872 theologi
1423 3798 1863 3870 tui;temporis
1911 3798 2192 3853 beneficio

535 3897 718 3960 utere,
753 3888 1178 3962 turpitudinem
1210 3889 1314 3944 tibi
1350 3887 1756 3960 contegentiis.
1789 3887 1951 3952 Quod
1984 3887 2032 3942 si
2072 3887 2193 3940 haec

535 3979 744 4037 fabulae
776 3985 833 4035 et
881 3980 1162 4052 ﬁgmenta
1191 3983 1349 4047 sunt,
1399 3995 1504 4051 ego
1537 3983 1638 4032 tua
1685 3977 1870 4032 noctis
1916 3975 2197 4048 mysteria

540 4070 906 4140 patefaciam.

611 4159 958 4214 XXXII.Non
984 4160 1108 4229 jam
1142 4173 1394 4229 quercus
1423 4156 1723 4228 loquitur;
1751 4171 1867 4210 non
1892 4156 2017 4225 jam
2037 4153 2196 4210 lebes

540 4246 926 4313 vaticinatur;
963 4264 1080 4301 non
1119 4247 1245 4316 jam
1289 4246 1493 4317 Pythia
1540 4244 1840 4315 impletur,
1874 4244 2024 4298 haud
2076 4243 2196 4299 scio

544 4335 784 4407 quibus,
819 4335 1033 4390 fabulis
1067 4338 1220 4390 certe
1251 4339 1308 4390 et
1353 4331 1773 4388 deliramentis.
1808 4333 2033 4388 Rursus
2063 4335 2197 4387 Cas-

540 4424 681 4481 talia
730 4423 956 4491 siletur,
991 4439 1057 4478 ae
1108 4422 1260 4488 silet,
1292 4427 1469 4491 atque
1515 4421 1671 4475 unda
1701 4425 1809 4487 est,
1842 4439 1956 4477 non
2004 4421 2199 4476 vatici-

544 4514 642 4571 nia
689 4513 890 4581 edens,
915 4513 1016 4567 sed
1045 4511 1227 4567 risum
1253 4509 1535 4565 excitans.
1567 4510 1790 4565 Rursus
1818 4515 1982 4566 muta
2006 4514 2203 4567 statua

541 4601 744 4676 Apollo
769 4619 782 4670 ;
817 4617 1024 4656 rursus
1058 4600 1296 4670 Daphne
1325 4600 1497 4654 arbor
1527 4602 1618 4654 est
1639 4598 1854 4654 fabulis
1877 4599 2198 4671 deplorata.

2302 3463 2428 3516 ματι
2458 3446 2626 3513 τιμῆς
2661 3438 2776 3493 ἀντὶ
2809 3442 2942 3493 Θεοῦ
2990 3436 3458 3510 προσκυνουμένη.
3487 3432 3769 3491 Κατάὄαλε
3817 3438 3960 3498 τοὺς

2299 3527 2717 3604 Τριπτολέμους
2765 3549 2880 3599 σου,
2936 3527 3023 3581 καὶ
3078 3526 3201 3588 τοὺς
3243 3524 3496 3593 Κελεοὺς,
3545 3527 3633 3580 καὶ
3684 3526 3810 3586 τοὺς
3849 3547 3962 3598 μυ-

2301 3618 2516 3680 στικοὺς
2549 3615 2863 3692 δράκοντας·
2917 3615 3234 3690 αἷσχύνθητί
3282 3635 3413 3670 ποτε
3457 3620 3574 3675 ταῖς
3621 3618 3717 3667 τοῦ
3758 3613 3970 3669 θεολόο

2300 3730 2398 3785 γου
2454 3729 2549 3762 σου
2629 3702 2844 3781 βίϐλοις
2920 3703 3205 3781 Ὀρφέως·
3267 3701 3407 3777 δέξαι
3481 3708 3577 3757 τοῦ
3637 3707 3827 3778 καιροῦ
3899 3706 3969 3758 τὸ

2304 3795 2498 3870 δῶρον,
2529 3796 2628 3862 τὴν
2680 3792 3073 3869 ἀσχημοσύνην
3127 3815 3208 3847 σοι
3260 3791 3753 3868 συγκαλύπτοντος.
3796 3791 3868 3848 Εἴ
3908 3790 3976 3847 δὲ

2302 3891 2471 3940 ταῦτα
2505 3885 2664 3957 μῦθοι
2707 3882 2796 3938 καὶ
2846 3880 3158 3955 πλάσματα,
3205 3881 3310 3957 ἐγώ
3359 3903 3453 3936 σου
3499 3883 3565 3935 τὰ
3608 3887 3706 3949 τῆς
3757 3884 3972 3943 νυκτὸς

2307 3972 2645 4047 ἀποκαλύψω
2679 3973 2952 4046 μυστήρια
2984 3972 3115 4045 (45).

2379 4153 2494 4208 ΛΒ’.
2531 4149 2641 4204 Οὐκ
2683 4147 2758 4204 ἔτι
2812 4149 3095 4226 φθέγγεται
3148 4144 3273 4219 δρῦς
3323 4149 3457 4219 (46)⁶
3507 4144 3606 4201 οὐκ
3652 4145 3725 4199 ἔτι
3779 4142 3975 4217 λέϐης

2312 4239 2645 4317 μαντεύεται·
2703 4237 2802 4292 οὐκ
2855 4235 2930 4291 ἔτι
2981 4236 3150 4290 Πυθία
3196 4233 3525 4310 πληροῦται,
3577 4234 3674 4288 οὐκ
3719 4231 3826 4288 οἶδ’
3858 4237 3983 4291 ὧν·

2305 4352 2491 4398 τινων,
2522 4328 2670 4397 πλὴν
2703 4326 2883 4400 μύθων
2911 4326 3000 4381 καὶ
3027 4323 3172 4400 ληρη
3185 4324 3389 4396 μάτων.
3414 4325 3584 4378 Πάλιν
3617 4326 3650 4392 ὴ
3680 4322 3983 4380 Κασταλία

2309 4419 2607 4492 σεσίγηται,
2657 4416 2745 4470 καὶ
2785 4419 2932 4489 σιγᾷ,
2981 4413 3069 4467 καὶ
3119 4409 3265 4488 ὕδωρ
3317 4411 3455 4466 ἐστὶν
3513 4411 3575 4466 οὐ
3628 4410 3987 4484 μαντευόμε-

2308 4529 2422 4576 νον,
2461 4503 2608 4562 ἀλλὰ
2652 4503 2988 4579 γελώμενον·
3024 4500 3186 4556 πάλιν
3238 4498 3458 4576 ἀνδριὰς
3507 4503 3620 4573 (47)
3670 4496 3899 4576 ἄφωνος
3955 4505 3985 4557 ὁ

2311 4592 2630 4660 Ἀπόλλων,
2660 4590 2825 4647 πάλιν
2858 4593 2892 4661 ἡ
2944 4589 3124 4669 Δᾴφνη
3169 4588 3330 4667 φυτόν
3361 4588 3501 4644 ἐστιν
3548 4589 3696 4663 μύθῳ
3725 4589 3986 4663 θρηνού-

615 4737 658 4773 ⁸⁷
689 4738 868 4792 Amos
898 4751 953 4803 v,
984 4734 1075 4789 23.
1153 4733 1196 4768 ⁸⁸
1226 4737 1248 4786 Ι
1279 4736 1417 4805 Reg.
1449 4749 1565 4800 xw,
1596 4733 1686 4789 23.
1764 4733 1808 4768 9°
1839 4733 1861 4789 Ι
1893 4733 2033 4806 Reg.
2065 4750 2180 4801 xv1,
2211 4733 2302 4788 23.
2381 4733 2399 4767 ί
2435 4727 2641 4785 Matth.
2675 4742 2801 4795 xxv,
2833 4726 2890 4780 7.

641 4871 732 4943 35)
762 4870 1076 4943 Μυστικοῖς.
1111 4865 1269 4943 C_olb.
1304 4867 1448 4943 3,_e‘t
1477 4870 1641 4922 Pass.
1677 4868 1972 4943 μυπικῷς.

643 4935 727 5015 36)
761 4939 1103 5016 ΙΙραότητος.
1135 4939 1296 4995 Pass.
1329 4938 1546 5012 aliique
1577 4935 1691 4994 non
1739 4939 1931 5011 pauci,
1961 4935 2205 5014 πραΰτη-

540 5033 653 5074 τος.

615 5085 729 5156 (37)
756 5081 1098 5157 Ἀποοέσθω-
1120 5082 1219 5157 τὴν
1251 5080 1520 5157 πορνικὴν
1573 5079 1914 5157 ἱεροφάντης.
1955 5104 1976 5130 α
2013 5081 2200 5157 Mere-

547 5153 775 5212 tricia'm
826 5156 1032 5211 stolam
1086 5153 1505 5227 hierophantes
1558 5153 1750 5220 exuat,
1772 5175 1815 5227 Δ››
1847 5153 1903 5227 id
1935 5157 2044 5218 est,
2078 5153 2201 5227 AJu-

545 5229 686 5284 liani
719 5233 922 5294 morte,
967 5229 1090 5297 jam
1127 5223 1350 5282 mutata
1380 5230 1468 5281 est
1519 5241 1714 5280 rerum
1765 5223 1977 5297 facies;
2012 5224 2200 5278 ethni-

547 5317 651 5356 cus
705 5295 1004 5355 sacrorum
1038 5299 1301 5361 antistes,
1353 5297 1618 5363 deposita
1667 5295 1996 5351 meretricia
2024 5300 2201 5363 veste,

546 5371 1123 5454 vestemulugubrem
1169 5367 1559 5454 ind‘uat:.Non
1588 5369 1705 5454 jam
1753 5369 1899 5454 festa
1947 5367 2202 5450 celebra-

547 5446 696 5499 bunt
743 5437 983 5506 ethnici,
1018 5458 1121 5496 nec
1165 5443 1224 5497 in
1267 5441 1466 5496 laetitia
1513 5440 1904 5494 versabuntur
1950 5437 2205 5494 miseriis

553 5515 772 5571 nostris
812 5514 1184 5569 insultantes.

622 5587 734 5653 (38)
768 5583 1014 5657 Χριστόν.
1050 5608 1076 5633 ‹‹
1099 5583 1427 5657 Christum.
1465 5603 1492 5629 »
1525 5579 1615 5635 Sic
1649 5597 1791 5657 mss.
1825 5597 2048 5636 omnes.

622 5651 736 5785 (‘39)
769 5651 1129 5733 Ιιροφητικαί.
1187 5655 1325 5710 Mss.
1375 5670 1487 5707 non
1546 5653 1736 5724 pauci,
1769 5651 2102 5728 προφητικαί
2148 5671 2207 5705 τε

553 5751 666 5786 και.

625 5803 734 5878 (40)
766 5805 1022 5864 Σκοτους.
1069 5803 1157 5858 Ita
1203 5795 1468 5872 plerique
1514 5795 1684 5854 codd.
1733 5795 1873 5870 Reg.
1920 5811 2055 5854 vero
2105 5811 2208 5866 nu,

2235 4870 2281 4934 1)
2313 4866 2410 4920 Or.
2441 4864 2491 4929 1,
2525 4865 2595 4934 et
2610 4860 2739 4916 Par.
2775 4856 2989 4914 σκότου.
3035 4842 3167 4913 Mox
3198 4855 3459 4929 plerique
3490 4856 3686 4921 etiam,
3734 4853 3984 4929 φράξον,

2315 4931 2691 5010 erexeritan

2403 4995 2674 5094 41))Ιρὸς
2703 4997 2947 5076 οὐρανόν.
3000 5000 3139 5071 Reg.
3173 4999 3294 5068 bm,
3327 4999 3426 5053 0r.
3461 4999 3514 5063 1,
3545 4995 3646 5057 εἰς.
3687 4995 3859 5052 Pass.
3901 4997 3988 5053 ἀεῖ

2311 5075 2448 5151 πρὸς
2475 5075 2727 5148 οὐρανόν.

2383 5151 2495 5215 (42)
2529 5145 2698 5201 Πόσαι
2729 5146 2916 5198 ταῦτα.
2948 5142 3082 5208 Alii,
3115 5137 3370 5215 πόσαι-ἂν
3394 5141 3583 5196 ταῦτα,

2384 5209 2495 5291 (43)
2526 5217 2909 5291 ἰ’πεστήσατο.
2945 5212 3245 5291 Nonnulli,
3280 5209 3592 5291 ῥπέστησεγ.

2406 5283 2496 5359 41)
2524 5283 2877 5360 Σκοτόμίηναν
2907 5286 3174 5360 Plerique
3206 5285 3373 5360 codd.
3408 5283 3792 5360 σξιοτόμαιναν.

2406 5296 2496 5359 41)
2524 5296 2877 5360 Σκοτόμηναν
2907 5296 3174 5356 Plerique
3206 5296 3373 5339 codd.
3408 5296 3792 5355 σκοτομαιναν.

2385 5296 2499 5433 (45)
2532 5362 2669 5433 Ἐγώ
2727 5380 2822 5413 σου
2878 5357 3041 5433 τάὝυ
3077 5356 3391 5433 μυστείςριαζ
3421 5355 3559 5428 Reg.
3612 5355 3741 5433 .bm,
3818 5359 3993 5433 Pass.

2316 5425 2421 5509 ἐγώ
2460 5425 2565 5489 σοι.
2600 5425 2741 5505 Reg.
2794 5434 2914 5497 bm,
2947 5425 3162 5500 aliique
3209 5425 3327 5482 tres
3361 5425 3534 5499 Regg'.
3574 5425 3725 5480 τὸυ..
3767 5431 3995 5496 paen;-

2318 5527 2496 5648 ριῗιίίὸ)
2529 5573 2639 5628 Οὐκ
2686 5570 2786 5641 ἔτι,
2819 5577 2928 5628 etc.
2965 5571 3179 5648 Eadem
3204 5569 3402 5648 legere
3441 5574 3529 5623 est
3581 5568 3762 5648 apud“
3790 5569 3993 5626 Theo-

2319 5643 2630 5719 do'retum,
2697 5649 2774 5702 De
2837 5646 3123 5700 curatione
3187 5646 3509 5698 Graecarum
3575 5643 3994 5713 affectionum,

2317 5725 2463 5777 orat.
2494 5737 2550 5775 ι.

2389 5791 2504 5864 (47)
2531 5785 2806 5864 Ἀνδρίας.
2837 5788 3001 5846 Pass.
3032 5780 3246 5861 ἀδριάς.
