  <div class='ocr_page' id='page_1' title='image "/cluster/home/n/w/nwhite01/storage/ocr_20150623/35/hvd.32044054100326/358.png"; bbox 0 0 4244 6216; ppageno 0'>
   <div class='ocr_carea' id='block_1_1' title="bbox 309 428 429 494">
    <p class='ocr_par' dir='ltr' id='par_1_1' title="bbox 309 428 429 494">
     <span class='ocr_line' id='line_1_1' title="bbox 309 428 429 494; baseline 0.025 -3"><span class='ocrx_word' id='word_1_1' title='bbox 309 428 429 494; x_wconf 80' lang='grc'><strong>⁸705</strong></span> 
     </span>
    </p>
   </div>
   <div class='ocr_carea' id='block_1_2' title="bbox 1306 420 2735 491">
    <p class='ocr_par' dir='ltr' id='par_1_2' title="bbox 1306 420 2735 491">
     <span class='ocr_line' id='line_1_2' title="bbox 1306 420 2735 491; baseline -0.001 -2"><span class='ocrx_word' id='word_1_2' title='bbox 1306 427 1599 491; x_wconf 81' lang='lat' dir='ltr'><strong>ORATIO</strong></span> <span class='ocrx_word' id='word_1_3' title='bbox 1643 424 1719 489; x_wconf 79' lang='grc' dir='ltr'>ν.</span> <span class='ocrx_word' id='word_1_4' title='bbox 1752 462 1829 473; x_wconf 91' lang='grc'><strong><em>--</em></strong></span> <span class='ocrx_word' id='word_1_5' title='bbox 1860 420 2175 490; x_wconf 78' lang='lat' dir='ltr'><strong>CONTRA</strong></span> <span class='ocrx_word' id='word_1_6' title='bbox 2217 421 2614 490; x_wconf 87' lang='lat' dir='ltr'><strong>JULIANUM</strong></span> <span class='ocrx_word' id='word_1_7' title='bbox 2661 424 2735 488; x_wconf 86' lang='lat' dir='ltr'><strong>II.</strong></span> 
     </span>
    </p>
   </div>
   <div class='ocr_carea' id='block_1_3' title="bbox 3602 433 3720 495">
    <p class='ocr_par' dir='ltr' id='par_1_3' title="bbox 3602 433 3720 495">
     <span class='ocr_line' id='line_1_3' title="bbox 3602 433 3720 495; baseline 0.025 -3"><span class='ocrx_word' id='word_1_8' title='bbox 3602 433 3720 495; x_wconf 85' lang='lat'><strong>706</strong></span> 
     </span>
    </p>
   </div>
   <div class='ocr_carea' id='block_1_4' title="bbox 321 556 1991 637">
    <p class='ocr_par' dir='ltr' id='par_1_4' title="bbox 321 556 1967 637">
     <span class='ocr_line' id='line_1_4' title="bbox 321 556 1967 637; baseline -0.002 -18"><span class='ocrx_word' id='word_1_9' title='bbox 321 583 505 637; x_wconf 75' lang='grc' dir='ltr'>μενονο</span> <span class='ocrx_word' id='word_1_10' title='bbox 538 560 703 617; x_wconf 89' lang='grc' dir='ltr'>πάλιν</span> <span class='ocrx_word' id='word_1_11' title='bbox 752 556 1079 637; x_wconf 80' lang='grc' dir='ltr'>ἀνδρόγυνος</span> <span class='ocrx_word' id='word_1_12' title='bbox 1108 561 1136 615; x_wconf 89' lang='lat'><strong>6</strong></span> <span class='ocrx_word' id='word_1_13' title='bbox 1166 559 1443 630; x_wconf 89' lang='grc' dir='ltr'>Διόνυσος,</span> <span class='ocrx_word' id='word_1_14' title='bbox 1493 559 1584 615; x_wconf 84' lang='grc' dir='ltr'>καὶ</span> <span class='ocrx_word' id='word_1_15' title='bbox 1633 560 1801 637; x_wconf 88' lang='grc' dir='ltr'>χορὸν</span> <span class='ocrx_word' id='word_1_16' title='bbox 1854 559 1967 631; x_wconf 81' lang='grc'>(48)</span> 
     </span>
    </p>
   </div>
   <div class='ocr_carea' id='block_1_5' title="bbox 2102 556 3718 637">
    <p class='ocr_par' dir='ltr' id='par_1_5' title="bbox 2102 560 3718 634">
     <span class='ocr_line' id='line_1_5' title="bbox 2102 560 3718 634; baseline 0.004 -19"><span class='ocrx_word' id='word_1_17' title='bbox 2102 578 2286 616; x_wconf 76' lang='grc'><strong>’111⁵8115</strong></span> <span class='ocrx_word' id='word_1_18' title='bbox 2302 560 2676 633; x_wconf 86' lang='lat' dir='ltr'><strong>androgynus</strong></span> <span class='ocrx_word' id='word_1_19' title='bbox 2688 560 2873 617; x_wconf 88' lang='lat' dir='ltr'><strong>Bacch</strong></span> <span class='ocrx_word' id='word_1_20' title='bbox 2883 564 3153 634; x_wconf 89' lang='lat' dir='ltr'><strong>us,atque</strong></span> <span class='ocrx_word' id='word_1_21' title='bbox 3165 562 3459 619; x_wconf 82' lang='lat' dir='ltr'><strong>ebriorum</strong></span> <span class='ocrx_word' id='word_1_22' title='bbox 3473 564 3718 621; x_wconf 88' lang='lat' dir='ltr'><strong>chorum</strong></span> 
     </span>
    </p>
   </div>
   <div class='ocr_carea' id='block_1_6' title="bbox 321 649 1963 727">
    <p class='ocr_par' dir='ltr' id='par_1_6' title="bbox 321 649 1963 727">
     <span class='ocr_line' id='line_1_6' title="bbox 321 649 1963 727; baseline -0.002 -21"><span class='ocrx_word' id='word_1_23' title='bbox 321 651 627 726; x_wconf 80' lang='grc' dir='ltr'><strong>μεθυόντων</strong></span> <span class='ocrx_word' id='word_1_24' title='bbox 661 649 1045 723; x_wconf 70' lang='grc' dir='ltr'><strong>ἐξηρτημένος,</strong></span> <span class='ocrx_word' id='word_1_25' title='bbox 1097 650 1185 705; x_wconf 85' lang='grc' dir='ltr'><strong>καὶ</strong></span> <span class='ocrx_word' id='word_1_26' title='bbox 1233 651 1296 705; x_wconf 86' lang='grc' dir='ltr'>τὸ</span> <span class='ocrx_word' id='word_1_27' title='bbox 1354 651 1488 727; x_wconf 87' lang='grc' dir='ltr'>μέγα</span> <span class='ocrx_word' id='word_1_28' title='bbox 1538 671 1633 705; x_wconf 91' lang='grc' dir='ltr'><strong>σου</strong></span> <span class='ocrx_word' id='word_1_29' title='bbox 1669 651 1963 723; x_wconf 86' lang='grc' dir='ltr'>μυστήριον</span> 
     </span>
    </p>
   </div>
   <div class='ocr_carea' id='block_1_7' title="bbox 318 738 1967 819">
    <p class='ocr_par' dir='ltr' id='par_1_7' title="bbox 318 738 1967 819">
     <span class='ocr_line' id='line_1_7' title="bbox 318 738 1967 819; baseline -0.003 -22"><span class='ocrx_word' id='word_1_30' title='bbox 318 743 349 797; x_wconf 83' lang='lat'><strong>6</strong></span> <span class='ocrx_word' id='word_1_31' title='bbox 381 739 616 819; x_wconf 76' lang='grc' dir='ltr'>φαλλὸς,</span> <span class='ocrx_word' id='word_1_32' title='bbox 647 741 736 795; x_wconf 87' lang='grc' dir='ltr'><strong>καὶ</strong></span> <span class='ocrx_word' id='word_1_33' title='bbox 768 739 1075 816; x_wconf 85' lang='grc' dir='ltr'>Προσύμνῳ</span> <span class='ocrx_word' id='word_1_34' title='bbox 1104 741 1215 814; x_wconf 79' lang='grc'>(49)</span> <span class='ocrx_word' id='word_1_35' title='bbox 1245 744 1324 811; x_wconf 78' lang='grc' dir='ltr'>τῷ</span> <span class='ocrx_word' id='word_1_36' title='bbox 1369 744 1518 810; x_wconf 86' lang='grc' dir='ltr'>κακῷ</span> <span class='ocrx_word' id='word_1_37' title='bbox 1549 740 1668 801; x_wconf 88' lang='grc' dir='ltr'>θεὸς</span> <span class='ocrx_word' id='word_1_38' title='bbox 1713 738 1967 804; x_wconf 90' lang='grc' dir='ltr'>παθαινό-</span> 
     </span>
    </p>
   </div>
   <div class='ocr_carea' id='block_1_8' title="bbox 325 825 1969 904">
    <p class='ocr_par' dir='ltr' id='par_1_8' title="bbox 325 825 1969 904">
     <span class='ocr_line' id='line_1_8' title="bbox 325 825 1969 904; baseline -0.002 -19"><span class='ocrx_word' id='word_1_39' title='bbox 325 849 506 904; x_wconf 86' lang='grc' dir='ltr'>μενος’</span> <span class='ocrx_word' id='word_1_40' title='bbox 539 827 703 884; x_wconf 80' lang='grc' dir='ltr'>πάλιν</span> <span class='ocrx_word' id='word_1_41' title='bbox 738 826 954 903; x_wconf 88' lang='grc' dir='ltr'>Σεμέλη</span> <span class='ocrx_word' id='word_1_42' title='bbox 1005 832 1248 904; x_wconf 80' lang='grc' dir='ltr'>κεραυνῷ</span> <span class='ocrx_word' id='word_1_43' title='bbox 1302 826 1593 903; x_wconf 77' lang='grc' dir='ltr'><strong>βάλλεται·</strong></span> <span class='ocrx_word' id='word_1_44' title='bbox 1644 825 1807 882; x_wconf 85' lang='grc' dir='ltr'>πάλιν</span> <span class='ocrx_word' id='word_1_45' title='bbox 1860 829 1969 900; x_wconf 85' lang='grc' dir='ltr'><strong>ἁμ-</strong></span> 
     </span>
    </p>
   </div>
   <div class='ocr_carea' id='block_1_9' title="bbox 324 915 1971 998">
    <p class='ocr_par' dir='ltr' id='par_1_9' title="bbox 324 915 1971 998">
     <span class='ocr_line' id='line_1_9' title="bbox 324 915 1971 998; baseline -0.002 -25"><span class='ocrx_word' id='word_1_46' title='bbox 324 921 578 998; x_wconf 79' lang='grc' dir='ltr'>φιγυήεις</span> <span class='ocrx_word' id='word_1_47' title='bbox 609 920 928 996; x_wconf 71' lang='grc' dir='ltr'>ἽΙφαιστος,</span> <span class='ocrx_word' id='word_1_48' title='bbox 962 916 1105 973; x_wconf 81' lang='grc' dir='ltr'>ἀλλὰ</span> <span class='ocrx_word' id='word_1_49' title='bbox 1150 918 1323 993; x_wconf 83' lang='grc' dir='ltr'>ταχὺς</span> <span class='ocrx_word' id='word_1_50' title='bbox 1374 916 1448 979; x_wconf 81' lang='grc' dir='ltr'><strong>εἰς</strong></span> <span class='ocrx_word' id='word_1_51' title='bbox 1496 921 1708 993; x_wconf 78' lang='grc' dir='ltr'>μοιχῶν</span> <span class='ocrx_word' id='word_1_52' title='bbox 1742 915 1971 992; x_wconf 75' lang='grc' dir='ltr'>εὕρεσιν,</span> 
     </span>
    </p>
   </div>
   <div class='ocr_carea' id='block_1_10' title="bbox 324 1002 1971 1082">
    <p class='ocr_par' dir='ltr' id='par_1_10' title="bbox 324 1002 1971 1082">
     <span class='ocr_line' id='line_1_10' title="bbox 324 1002 1971 1082; baseline -0.003 -19"><span class='ocrx_word' id='word_1_53' title='bbox 324 1008 416 1064; x_wconf 86' lang='grc' dir='ltr'><strong>καὶ</strong></span> <span class='ocrx_word' id='word_1_54' title='bbox 470 1007 590 1070; x_wconf 82' lang='grc' dir='ltr'>θεὸς</span> <span class='ocrx_word' id='word_1_55' title='bbox 647 1005 1124 1081; x_wconf 77' lang='grc' dir='ltr'>κατῃθαλωμένος,</span> <span class='ocrx_word' id='word_1_56' title='bbox 1184 1006 1231 1062; x_wconf 70' lang='grc' dir='ltr'>εἴ</span> <span class='ocrx_word' id='word_1_57' title='bbox 1286 1007 1376 1062; x_wconf 86' lang='grc' dir='ltr'><strong>καὶ</strong></span> <span class='ocrx_word' id='word_1_58' title='bbox 1432 1006 1827 1082; x_wconf 71' lang='grc' dir='ltr'><strong>κλυτοτέχνης,</strong></span> <span class='ocrx_word' id='word_1_59' title='bbox 1884 1002 1971 1059; x_wconf 82' lang='grc' dir='ltr'>καί</span> 
     </span>
    </p>
   </div>
   <div class='ocr_carea' id='block_1_11' title="bbox 328 1092 1975 1172">
    <p class='ocr_par' dir='ltr' id='par_1_11' title="bbox 328 1092 1975 1172">
     <span class='ocr_line' id='line_1_11' title="bbox 328 1092 1975 1172; baseline -0.003 -19"><span class='ocrx_word' id='word_1_60' title='bbox 328 1096 589 1172; x_wconf 83' lang='grc' dir='ltr'>Θερσίτης</span> <span class='ocrx_word' id='word_1_61' title='bbox 650 1094 961 1169; x_wconf 76' lang='grc' dir='ltr'>Ὀλύμπιος</span> <span class='ocrx_word' id='word_1_62' title='bbox 996 1115 1008 1127; x_wconf 85' lang='grc'>⁶</span> <span class='ocrx_word' id='word_1_63' title='bbox 1072 1095 1236 1152; x_wconf 90' lang='grc' dir='ltr'>πάλιν</span> <span class='ocrx_word' id='word_1_64' title='bbox 1315 1094 1599 1170; x_wconf 83' lang='grc' dir='ltr'>δεσμώτης</span> <span class='ocrx_word' id='word_1_65' title='bbox 1656 1098 1831 1171; x_wconf 72' lang='grc' dir='ltr'>’Ἄρης</span> <span class='ocrx_word' id='word_1_66' title='bbox 1887 1092 1975 1149; x_wconf 78' lang='grc' dir='ltr'>διὰ</span> 
     </span>
    </p>
   </div>
   <div class='ocr_carea' id='block_1_12' title="bbox 332 1181 1972 1264">
    <p class='ocr_par' dir='ltr' id='par_1_12' title="bbox 332 1181 1972 1264">
     <span class='ocr_line' id='line_1_12' title="bbox 332 1181 1972 1264; baseline -0.001 -24"><span class='ocrx_word' id='word_1_67' title='bbox 332 1186 584 1261; x_wconf 76' lang='grc' dir='ltr'>μοιχείαν</span> <span class='ocrx_word' id='word_1_68' title='bbox 623 1185 756 1259; x_wconf 78' lang='grc' dir='ltr'>μετὰ</span> <span class='ocrx_word' id='word_1_69' title='bbox 782 1190 879 1240; x_wconf 76' lang='grc' dir='ltr'>τοῦ</span> <span class='ocrx_word' id='word_1_70' title='bbox 903 1182 1092 1258; x_wconf 87' lang='grc' dir='ltr'>δείμου</span> <span class='ocrx_word' id='word_1_71' title='bbox 1124 1188 1256 1257; x_wconf 91' lang='grc'>(50),</span> <span class='ocrx_word' id='word_1_72' title='bbox 1288 1186 1500 1241; x_wconf 78' lang='grc' dir='ltr'>καὶτοῦ</span> <span class='ocrx_word' id='word_1_73' title='bbox 1532 1181 1725 1264; x_wconf 77' lang='grc' dir='ltr'>φόϐου,</span> <span class='ocrx_word' id='word_1_74' title='bbox 1758 1184 1972 1242; x_wconf 82' lang='grc' dir='ltr'>καὶτῶν</span> 
     </span>
    </p>
   </div>
   <div class='ocr_carea' id='block_1_13' title="bbox 327 1271 1973 1351">
    <p class='ocr_par' dir='ltr' id='par_1_13' title="bbox 327 1271 1973 1351">
     <span class='ocr_line' id='line_1_13' title="bbox 327 1271 1973 1351; baseline -0.002 -20"><span class='ocrx_word' id='word_1_75' title='bbox 327 1273 629 1348; x_wconf 83' lang='grc' dir='ltr'>κυδοιμῶν,</span> <span class='ocrx_word' id='word_1_76' title='bbox 689 1274 779 1329; x_wconf 86' lang='grc' dir='ltr'><strong>καὶ</strong></span> <span class='ocrx_word' id='word_1_77' title='bbox 836 1275 1172 1351; x_wconf 79' lang='grc' dir='ltr'>τραυματίας</span> <span class='ocrx_word' id='word_1_78' title='bbox 1253 1273 1341 1330; x_wconf 76' lang='grc' dir='ltr'>διὰ</span> <span class='ocrx_word' id='word_1_79' title='bbox 1398 1275 1748 1350; x_wconf 73' lang='grc' dir='ltr'>θρασύτητα·</span> <span class='ocrx_word' id='word_1_80' title='bbox 1810 1271 1973 1328; x_wconf 89' lang='grc' dir='ltr'>παλιν</span> 
     </span>
    </p>
   </div>
   <div class='ocr_carea' id='block_1_14' title="bbox 326 1361 1977 1443">
    <p class='ocr_par' dir='ltr' id='par_1_14' title="bbox 326 1361 1977 1443">
     <span class='ocr_line' id='line_1_14' title="bbox 326 1361 1977 1443; baseline -0.003 -21"><span class='ocrx_word' id='word_1_81' title='bbox 326 1361 623 1443; x_wconf 78' lang='grc' dir='ltr'>Ἀφροδίτη</span> <span class='ocrx_word' id='word_1_82' title='bbox 676 1363 849 1438; x_wconf 84' lang='grc' dir='ltr'>πόρνη</span> <span class='ocrx_word' id='word_1_83' title='bbox 907 1364 1172 1440; x_wconf 74' lang='grc' dir='ltr'>γενομένη</span> <span class='ocrx_word' id='word_1_84' title='bbox 1220 1385 1279 1419; x_wconf 88' lang='grc' dir='ltr'><strong>τε</strong></span> <span class='ocrx_word' id='word_1_85' title='bbox 1326 1363 1593 1439; x_wconf 69' lang='grc' dir='ltr'>αἴσχρῶς,</span> <span class='ocrx_word' id='word_1_86' title='bbox 1644 1364 1733 1418; x_wconf 79' lang='grc' dir='ltr'><strong>καὶ</strong></span> <span class='ocrx_word' id='word_1_87' title='bbox 1784 1364 1977 1439; x_wconf 85' lang='grc' dir='ltr'>γάμων</span> 
     </span>
    </p>
   </div>
   <div class='ocr_carea' id='block_1_15' title="bbox 329 1450 1978 1530">
    <p class='ocr_par' dir='ltr' id='par_1_15' title="bbox 329 1450 1978 1530">
     <span class='ocr_line' id='line_1_15' title="bbox 329 1450 1978 1530; baseline -0.002 -21"><span class='ocrx_word' id='word_1_88' title='bbox 329 1453 577 1529; x_wconf 80' lang='grc' dir='ltr'>αἰσχρῶν</span> <span class='ocrx_word' id='word_1_89' title='bbox 633 1451 913 1528; x_wconf 81' lang='grc' dir='ltr'>ὑπηρέτις·</span> <span class='ocrx_word' id='word_1_90' title='bbox 967 1450 1132 1507; x_wconf 91' lang='grc' dir='ltr'>πάλιν</span> <span class='ocrx_word' id='word_1_91' title='bbox 1186 1454 1386 1524; x_wconf 86' lang='grc' dir='ltr'>Ἀθηνᾶ</span> <span class='ocrx_word' id='word_1_92' title='bbox 1427 1453 1691 1530; x_wconf 88' lang='grc' dir='ltr'>παρθένος</span> <span class='ocrx_word' id='word_1_93' title='bbox 1738 1451 1797 1507; x_wconf 88' lang='grc' dir='ltr'><strong>τέ</strong></span> <span class='ocrx_word' id='word_1_94' title='bbox 1847 1451 1978 1524; x_wconf 78' lang='grc' dir='ltr'>ἐστι,</span> 
     </span>
    </p>
   </div>
   <div class='ocr_carea' id='block_1_16' title="bbox 329 1539 1979 1619">
    <p class='ocr_par' dir='ltr' id='par_1_16' title="bbox 329 1539 1979 1619">
     <span class='ocr_line' id='line_1_16' title="bbox 329 1539 1979 1619; baseline -0.003 -20"><span class='ocrx_word' id='word_1_95' title='bbox 329 1544 422 1599; x_wconf 83' lang='grc' dir='ltr'><strong>καὶ</strong></span> <span class='ocrx_word' id='word_1_96' title='bbox 498 1541 671 1598; x_wconf 78' lang='grc' dir='ltr'>τίκτει</span> <span class='ocrx_word' id='word_1_97' title='bbox 745 1539 1011 1618; x_wconf 87' lang='grc' dir='ltr'>δράκοντα</span> <span class='ocrx_word' id='word_1_98' title='bbox 1042 1561 1055 1574; x_wconf 78' lang='grc'><strong>’</strong></span> <span class='ocrx_word' id='word_1_99' title='bbox 1115 1540 1278 1597; x_wconf 71' lang='grc' dir='ltr'>πάλιν</span> <span class='ocrx_word' id='word_1_100' title='bbox 1334 1540 1610 1619; x_wconf 83' lang='grc' dir='ltr'>Ἡρακλῆς</span> <span class='ocrx_word' id='word_1_101' title='bbox 1689 1541 1979 1615; x_wconf 90' lang='grc' dir='ltr'>μαίνεται,</span> 
     </span>
    </p>
   </div>
   <div class='ocr_carea' id='block_1_17' title="bbox 337 1628 1983 1706">
    <p class='ocr_par' dir='ltr' id='par_1_17' title="bbox 337 1628 1983 1706">
     <span class='ocr_line' id='line_1_17' title="bbox 337 1628 1983 1706; baseline -0.001 -20"><span class='ocrx_word' id='word_1_102' title='bbox 337 1630 552 1706; x_wconf 73' lang='grc' dir='ltr'>μᾶλλον</span> <span class='ocrx_word' id='word_1_103' title='bbox 611 1628 670 1685; x_wconf 79' lang='grc' dir='ltr'>δὶ</span> <span class='ocrx_word' id='word_1_104' title='bbox 728 1630 1050 1704; x_wconf 81' lang='grc' dir='ltr'>μαινόμενος</span> <span class='ocrx_word' id='word_1_105' title='bbox 1108 1632 1404 1686; x_wconf 73' lang='grc' dir='ltr'>πέπαυται·</span> <span class='ocrx_word' id='word_1_106' title='bbox 1463 1629 1628 1686; x_wconf 79' lang='grc' dir='ltr'>πάλιν</span> <span class='ocrx_word' id='word_1_107' title='bbox 1688 1630 1755 1686; x_wconf 78' lang='grc' dir='ltr'>τὰ</span> <span class='ocrx_word' id='word_1_108' title='bbox 1808 1632 1983 1685; x_wconf 86' lang='grc' dir='ltr'>πάντα</span> 
     </span>
    </p>
   </div>
   <div class='ocr_carea' id='block_1_18' title="bbox 328 1717 1980 1798">
    <p class='ocr_par' dir='ltr' id='par_1_18' title="bbox 328 1717 1980 1798">
     <span class='ocr_line' id='line_1_18' title="bbox 328 1717 1980 1798; baseline -0.002 -21"><span class='ocrx_word' id='word_1_109' title='bbox 328 1720 533 1798; x_wconf 84' lang='grc' dir='ltr'>γίνεται</span> <span class='ocrx_word' id='word_1_110' title='bbox 584 1717 654 1775; x_wconf 88' lang='grc' dir='ltr'>δι’</span> <span class='ocrx_word' id='word_1_111' title='bbox 701 1718 977 1795; x_wconf 74' lang='grc' dir='ltr'>ἀσέλγειαν</span> <span class='ocrx_word' id='word_1_112' title='bbox 1024 1719 1113 1775; x_wconf 82' lang='grc' dir='ltr'><strong>καὶ</strong></span> <span class='ocrx_word' id='word_1_113' title='bbox 1171 1718 1495 1795; x_wconf 80' lang='grc' dir='ltr'>ἀκαθαρσίαν</span> <span class='ocrx_word' id='word_1_114' title='bbox 1541 1721 1570 1775; x_wconf 98' lang='lat'><strong>6</strong></span> <span class='ocrx_word' id='word_1_115' title='bbox 1622 1719 1768 1787; x_wconf 77' lang='grc' dir='ltr'>Ζεὺς,</span> <span class='ocrx_word' id='word_1_116' title='bbox 1801 1720 1830 1774; x_wconf 92' lang='lat'><strong>6</strong></span> <span class='ocrx_word' id='word_1_117' title='bbox 1873 1723 1980 1773; x_wconf 86' lang='grc' dir='ltr'><strong>τῶν</strong></span> 
     </span>
    </p>
   </div>
   <div class='ocr_carea' id='block_1_19' title="bbox 334 1808 1984 1884">
    <p class='ocr_par' dir='ltr' id='par_1_19' title="bbox 334 1808 1984 1884">
     <span class='ocr_line' id='line_1_19' title="bbox 334 1808 1984 1884; baseline -0.001 -20"><span class='ocrx_word' id='word_1_118' title='bbox 334 1814 472 1875; x_wconf 85' lang='grc' dir='ltr'>θεῶν</span> <span class='ocrx_word' id='word_1_119' title='bbox 505 1811 731 1884; x_wconf 79' lang='grc' dir='ltr'>μήστωρ</span> <span class='ocrx_word' id='word_1_120' title='bbox 763 1811 875 1882; x_wconf 89' lang='grc'><strong>(51)</strong></span> <span class='ocrx_word' id='word_1_121' title='bbox 903 1808 993 1864; x_wconf 86' lang='grc' dir='ltr'><strong>καὶ</strong></span> <span class='ocrx_word' id='word_1_122' title='bbox 1042 1808 1263 1881; x_wconf 78' lang='grc' dir='ltr'>ὕπατος,</span> <span class='ocrx_word' id='word_1_123' title='bbox 1295 1810 1384 1865; x_wconf 89' lang='grc' dir='ltr'><strong>καὶ</strong></span> <span class='ocrx_word' id='word_1_124' title='bbox 1437 1808 1599 1883; x_wconf 88' lang='grc' dir='ltr'>μόνος</span> <span class='ocrx_word' id='word_1_125' title='bbox 1655 1809 1749 1881; x_wconf 70' lang='grc' dir='ltr'><strong>μὲν</strong></span> <span class='ocrx_word' id='word_1_126' title='bbox 1782 1809 1984 1871; x_wconf 81' lang='grc' dir='ltr'>πάντας</span> 
     </span>
    </p>
   </div>
   <div class='ocr_carea' id='block_1_20' title="bbox 2078 648 3721 726">
    <p class='ocr_par' dir='ltr' id='par_1_20' title="bbox 2078 648 3721 726">
     <span class='ocr_line' id='line_1_20' title="bbox 2078 648 3721 726; baseline 0.003 -21"><span class='ocrx_word' id='word_1_127' title='bbox 2078 666 2275 705; x_wconf 86' lang='lat' dir='ltr'><strong>secum</strong></span> <span class='ocrx_word' id='word_1_128' title='bbox 2310 648 2567 722; x_wconf 88' lang='lat' dir='ltr'><strong>trahens,</strong></span> <span class='ocrx_word' id='word_1_129' title='bbox 2599 655 2657 706; x_wconf 89' lang='lat' dir='ltr'><strong>et</strong></span> <span class='ocrx_word' id='word_1_130' title='bbox 2690 666 2968 723; x_wconf 90' lang='lat' dir='ltr'><strong>magnum</strong></span> <span class='ocrx_word' id='word_1_131' title='bbox 2998 655 3166 707; x_wconf 89' lang='lat' dir='ltr'><strong>tuum</strong></span> <span class='ocrx_word' id='word_1_132' title='bbox 3198 652 3344 708; x_wconf 88' lang='lat' dir='ltr'><strong>illud</strong></span> <span class='ocrx_word' id='word_1_133' title='bbox 3376 655 3721 726; x_wconf 83' lang='lat' dir='ltr'><strong>mysterium</strong></span> 
     </span>
    </p>
   </div>
   <div class='ocr_carea' id='block_1_21' title="bbox 2078 736 3723 815">
    <p class='ocr_par' dir='ltr' id='par_1_21' title="bbox 2078 736 3723 815">
     <span class='ocr_line' id='line_1_21' title="bbox 2078 736 3723 815; baseline 0.005 -24"><span class='ocrx_word' id='word_1_134' title='bbox 2078 736 2494 805; x_wconf 88' lang='lat' dir='ltr'><strong>Phallus,deus</strong></span> <span class='ocrx_word' id='word_1_135' title='bbox 2515 738 2574 793; x_wconf 92' lang='lat' dir='ltr'><strong>in</strong></span> <span class='ocrx_word' id='word_1_136' title='bbox 2598 737 2827 810; x_wconf 82' lang='lat' dir='ltr'><strong>pulchri</strong></span> <span class='ocrx_word' id='word_1_137' title='bbox 2844 739 3185 811; x_wconf 89' lang='lat' dir='ltr'><strong>Proshymni</strong></span> <span class='ocrx_word' id='word_1_138' title='bbox 3207 758 3460 797; x_wconf 87' lang='lat' dir='ltr'><strong>amorem</strong></span> <span class='ocrx_word' id='word_1_139' title='bbox 3478 760 3723 815; x_wconf 87' lang='lat' dir='ltr'><strong>propen-</strong></span> 
     </span>
    </p>
   </div>
   <div class='ocr_carea' id='block_1_22' title="bbox 2080 825 3724 904">
    <p class='ocr_par' dir='ltr' id='par_1_22' title="bbox 2080 825 3724 904">
     <span class='ocr_line' id='line_1_22' title="bbox 2080 825 3724 904; baseline 0.004 -22"><span class='ocrx_word' id='word_1_140' title='bbox 2080 843 2202 882; x_wconf 90' lang='lat' dir='ltr'><strong>sus.</strong></span> <span class='ocrx_word' id='word_1_141' title='bbox 2224 825 2451 881; x_wconf 80' lang='lat' dir='ltr'><strong>Rursus</strong></span> <span class='ocrx_word' id='word_1_142' title='bbox 2473 827 2697 882; x_wconf 84' lang='lat' dir='ltr'><strong>Semele</strong></span> <span class='ocrx_word' id='word_1_143' title='bbox 2721 827 2963 883; x_wconf 82' lang='lat' dir='ltr'><strong>fulmine</strong></span> <span class='ocrx_word' id='word_1_144' title='bbox 2981 830 3203 885; x_wconf 84' lang='lat' dir='ltr'><strong>feritur.</strong></span> <span class='ocrx_word' id='word_1_145' title='bbox 3229 831 3455 885; x_wconf 83' lang='lat' dir='ltr'><strong>Rursus</strong></span> <span class='ocrx_word' id='word_1_146' title='bbox 3479 838 3724 904; x_wconf 89' lang='lat' dir='ltr'><strong>utroque</strong></span> 
     </span>
    </p>
   </div>
   <div class='ocr_carea' id='block_1_23' title="bbox 2082 914 3725 992">
    <p class='ocr_par' dir='ltr' id='par_1_23' title="bbox 2082 914 3725 992">
     <span class='ocr_line' id='line_1_23' title="bbox 2082 914 3725 992; baseline 0.004 -22"><span class='ocrx_word' id='word_1_147' title='bbox 2082 916 2227 987; x_wconf 89' lang='lat' dir='ltr'><strong>pede</strong></span> <span class='ocrx_word' id='word_1_148' title='bbox 2258 915 2505 971; x_wconf 90' lang='lat' dir='ltr'><strong>claudus</strong></span> <span class='ocrx_word' id='word_1_149' title='bbox 2537 914 2855 981; x_wconf 84' lang='lat' dir='ltr'><strong>Vulcanus,</strong></span> <span class='ocrx_word' id='word_1_150' title='bbox 2889 934 3087 973; x_wconf 91' lang='lat' dir='ltr'><strong>verum</strong></span> <span class='ocrx_word' id='word_1_151' title='bbox 3122 920 3179 974; x_wconf 88' lang='lat' dir='ltr'><strong>in</strong></span> <span class='ocrx_word' id='word_1_152' title='bbox 3222 920 3725 992; x_wconf 89' lang='lat' dir='ltr'><strong>deprehendendis</strong></span> 
     </span>
    </p>
   </div>
   <div class='ocr_carea' id='block_1_24' title="bbox 2084 1004 3727 1080">
    <p class='ocr_par' dir='ltr' id='par_1_24' title="bbox 2084 1004 3727 1080">
     <span class='ocr_line' id='line_1_24' title="bbox 2084 1004 3727 1080; baseline 0.005 -22"><span class='ocrx_word' id='word_1_153' title='bbox 2084 1004 2366 1059; x_wconf 83' lang='lat' dir='ltr'><strong>adulteris</strong></span> <span class='ocrx_word' id='word_1_154' title='bbox 2395 1005 2549 1060; x_wconf 91' lang='lat' dir='ltr'><strong>idem</strong></span> <span class='ocrx_word' id='word_1_155' title='bbox 2583 1004 2755 1071; x_wconf 92' lang='lat' dir='ltr'><strong>celer,</strong></span> <span class='ocrx_word' id='word_1_156' title='bbox 2778 1011 2837 1060; x_wconf 89' lang='lat' dir='ltr'><strong>et</strong></span> <span class='ocrx_word' id='word_1_157' title='bbox 2870 1006 3013 1063; x_wconf 88' lang='lat' dir='ltr'><strong>deus</strong></span> <span class='ocrx_word' id='word_1_158' title='bbox 3036 1008 3280 1079; x_wconf 91' lang='lat' dir='ltr'><strong>fuligine</strong></span> <span class='ocrx_word' id='word_1_159' title='bbox 3310 1010 3558 1080; x_wconf 85' lang='lat' dir='ltr'><strong>obsitus,</strong></span> <span class='ocrx_word' id='word_1_160' title='bbox 3582 1016 3727 1066; x_wconf 89' lang='lat' dir='ltr'><strong>tam-</strong></span> 
     </span>
    </p>
   </div>
   <div class='ocr_carea' id='block_1_25' title="bbox 2084 1093 3729 1169">
    <p class='ocr_par' dir='ltr' id='par_1_25' title="bbox 2084 1093 3729 1169">
     <span class='ocr_line' id='line_1_25' title="bbox 2084 1093 3729 1169; baseline 0.004 -20"><span class='ocrx_word' id='word_1_161' title='bbox 2084 1094 2191 1149; x_wconf 84' lang='lat' dir='ltr'><strong>etsi</strong></span> <span class='ocrx_word' id='word_1_162' title='bbox 2225 1093 2414 1149; x_wconf 89' lang='lat' dir='ltr'><strong>clarus</strong></span> <span class='ocrx_word' id='word_1_163' title='bbox 2445 1093 2674 1165; x_wconf 80' lang='lat' dir='ltr'><strong>artifex,</strong></span> <span class='ocrx_word' id='word_1_164' title='bbox 2707 1111 2774 1150; x_wconf 91' lang='lat' dir='ltr'><strong>ac</strong></span> <span class='ocrx_word' id='word_1_165' title='bbox 2813 1095 3108 1151; x_wconf 87' lang='lat' dir='ltr'><strong>Thersites</strong></span> <span class='ocrx_word' id='word_1_166' title='bbox 3142 1096 3466 1169; x_wconf 82' lang='lat' dir='ltr'><strong>Olympius,</strong></span> <span class='ocrx_word' id='word_1_167' title='bbox 3502 1100 3729 1156; x_wconf 86' lang='lat' dir='ltr'><strong>Rursus</strong></span> 
     </span>
    </p>
   </div>
   <div class='ocr_carea' id='block_1_26' title="bbox 2086 1182 3727 1244">
    <p class='ocr_par' dir='ltr' id='par_1_26' title="bbox 2086 1182 3727 1244">
     <span class='ocr_line' id='line_1_26' title="bbox 2086 1182 3727 1244; baseline 0.004 -7"><span class='ocrx_word' id='word_1_168' title='bbox 2086 1182 2242 1237; x_wconf 87' lang='lat' dir='ltr'><strong>Mars</strong></span> <span class='ocrx_word' id='word_1_169' title='bbox 2274 1199 2406 1237; x_wconf 91' lang='lat' dir='ltr'><strong>cum</strong></span> <span class='ocrx_word' id='word_1_170' title='bbox 2439 1200 2546 1239; x_wconf 90' lang='lat' dir='ltr'><strong>suo</strong></span> <span class='ocrx_word' id='word_1_171' title='bbox 2577 1184 2786 1240; x_wconf 89' lang='lat' dir='ltr'><strong>timore</strong></span> <span class='ocrx_word' id='word_1_172' title='bbox 2816 1190 2873 1239; x_wconf 91' lang='lat' dir='ltr'><strong>et</strong></span> <span class='ocrx_word' id='word_1_173' title='bbox 2914 1189 3133 1241; x_wconf 90' lang='lat' dir='ltr'><strong>terrore</strong></span> <span class='ocrx_word' id='word_1_174' title='bbox 3162 1202 3227 1240; x_wconf 90' lang='lat' dir='ltr'><strong>ac</strong></span> <span class='ocrx_word' id='word_1_175' title='bbox 3271 1186 3623 1243; x_wconf 87' lang='lat' dir='ltr'><strong>tumultibus</strong></span> <span class='ocrx_word' id='word_1_176' title='bbox 3655 1190 3727 1244; x_wconf 94' lang='lat' dir='ltr'><strong>ob</strong></span> 
     </span>
    </p>
   </div>
   <div class='ocr_carea' id='block_1_27' title="bbox 2087 1272 3726 1339">
    <p class='ocr_par' dir='ltr' id='par_1_27' title="bbox 2087 1272 3726 1339">
     <span class='ocr_line' id='line_1_27' title="bbox 2087 1272 3726 1339; baseline 0.002 -12"><span class='ocrx_word' id='word_1_177' title='bbox 2087 1272 2442 1327; x_wconf 83' lang='lat' dir='ltr'><strong>adulterium</strong></span> <span class='ocrx_word' id='word_1_178' title='bbox 2491 1272 2744 1339; x_wconf 88' lang='lat' dir='ltr'><strong>vinctus,</strong></span> <span class='ocrx_word' id='word_1_179' title='bbox 2789 1279 2847 1329; x_wconf 90' lang='lat' dir='ltr'><strong>et</strong></span> <span class='ocrx_word' id='word_1_180' title='bbox 2893 1275 2965 1329; x_wconf 91' lang='lat' dir='ltr'><strong>ob</strong></span> <span class='ocrx_word' id='word_1_181' title='bbox 3028 1274 3417 1330; x_wconf 83' lang='lat' dir='ltr'><strong>temeritatem</strong></span> <span class='ocrx_word' id='word_1_182' title='bbox 3468 1277 3726 1332; x_wconf 87' lang='lat' dir='ltr'><strong>saucius.</strong></span> 
     </span>
    </p>
   </div>
   <div class='ocr_carea' id='block_1_28' title="bbox 2088 1361 3730 1434">
    <p class='ocr_par' dir='ltr' id='par_1_28' title="bbox 2088 1361 3730 1434">
     <span class='ocr_line' id='line_1_28' title="bbox 2088 1361 3730 1434; baseline 0.002 -17"><span class='ocrx_word' id='word_1_183' title='bbox 2088 1361 2313 1417; x_wconf 85' lang='lat' dir='ltr'><strong>Rursus</strong></span> <span class='ocrx_word' id='word_1_184' title='bbox 2338 1362 2611 1417; x_wconf 83' lang='lat' dir='ltr'><strong>meretrix</strong></span> <span class='ocrx_word' id='word_1_185' title='bbox 2635 1366 2985 1428; x_wconf 88' lang='lat' dir='ltr'><strong>Venus,tum</strong></span> <span class='ocrx_word' id='word_1_186' title='bbox 3008 1364 3255 1434; x_wconf 84' lang='lat' dir='ltr'><strong>turpiter</strong></span> <span class='ocrx_word' id='word_1_187' title='bbox 3279 1364 3582 1434; x_wconf 73' lang='lat' dir='ltr'><strong>progenita</strong></span> <span class='ocrx_word' id='word_1_188' title='bbox 3605 1371 3730 1422; x_wconf 90' lang='lat' dir='ltr'><strong>tum</strong></span> 
     </span>
    </p>
   </div>
   <div class='ocr_carea' id='block_1_29' title="bbox 2077 1451 3734 1523">
    <p class='ocr_par' dir='ltr' id='par_1_29' title="bbox 2077 1451 3734 1523">
     <span class='ocr_line' id='line_1_29' title="bbox 2077 1451 3734 1523; baseline 0.005 -19"><span class='ocrx_word' id='word_1_189' title='bbox 2077 1451 2349 1522; x_wconf 78' lang='lat' dir='ltr'><strong>,turpium</strong></span> <span class='ocrx_word' id='word_1_190' title='bbox 2408 1451 2747 1523; x_wconf 84' lang='lat' dir='ltr'><strong>nuptiarum</strong></span> <span class='ocrx_word' id='word_1_191' title='bbox 2797 1452 3166 1508; x_wconf 84' lang='lat' dir='ltr'><strong>administra.</strong></span> <span class='ocrx_word' id='word_1_192' title='bbox 3215 1452 3442 1509; x_wconf 87' lang='lat' dir='ltr'><strong>Rursus</strong></span> <span class='ocrx_word' id='word_1_193' title='bbox 3473 1454 3734 1512; x_wconf 81' lang='lat' dir='ltr'><strong>Minerva</strong></span> 
     </span>
    </p>
   </div>
   <div class='ocr_carea' id='block_1_30' title="bbox 2088 1540 3733 1613">
    <p class='ocr_par' dir='ltr' id='par_1_30' title="bbox 2088 1540 3733 1613">
     <span class='ocr_line' id='line_1_30' title="bbox 2088 1540 3733 1613; baseline 0.002 -18"><span class='ocrx_word' id='word_1_194' title='bbox 2088 1540 2249 1611; x_wconf 90' lang='lat' dir='ltr'><strong>virgo</strong></span> <span class='ocrx_word' id='word_1_195' title='bbox 2271 1544 2381 1606; x_wconf 89' lang='lat' dir='ltr'><strong>est,</strong></span> <span class='ocrx_word' id='word_1_196' title='bbox 2404 1544 2463 1596; x_wconf 89' lang='lat' dir='ltr'><strong>et</strong></span> <span class='ocrx_word' id='word_1_197' title='bbox 2486 1541 2796 1596; x_wconf 82' lang='lat' dir='ltr'><strong>draconem</strong></span> <span class='ocrx_word' id='word_1_198' title='bbox 2824 1540 2993 1613; x_wconf 90' lang='lat' dir='ltr'><strong>parit.</strong></span> <span class='ocrx_word' id='word_1_199' title='bbox 3023 1542 3243 1597; x_wconf 88' lang='lat' dir='ltr'><strong>Rursus</strong></span> <span class='ocrx_word' id='word_1_200' title='bbox 3265 1542 3542 1599; x_wconf 84' lang='lat' dir='ltr'><strong>Hercules</strong></span> <span class='ocrx_word' id='word_1_201' title='bbox 3569 1544 3733 1612; x_wconf 83' lang='lat' dir='ltr'><strong>furit,</strong></span> 
     </span>
    </p>
   </div>
   <div class='ocr_carea' id='block_1_31' title="bbox 2090 1628 3736 1703">
    <p class='ocr_par' dir='ltr' id='par_1_31' title="bbox 2090 1628 3736 1703">
     <span class='ocr_line' id='line_1_31' title="bbox 2090 1628 3736 1703; baseline 0.004 -20"><span class='ocrx_word' id='word_1_202' title='bbox 2090 1628 2208 1684; x_wconf 90' lang='lat' dir='ltr'><strong>imo</strong></span> <span class='ocrx_word' id='word_1_203' title='bbox 2242 1630 2431 1685; x_wconf 90' lang='lat' dir='ltr'><strong>furere</strong></span> <span class='ocrx_word' id='word_1_204' title='bbox 2462 1629 2652 1686; x_wconf 87' lang='lat' dir='ltr'><strong>desiit.</strong></span> <span class='ocrx_word' id='word_1_205' title='bbox 2676 1630 2903 1686; x_wconf 89' lang='lat' dir='ltr'><strong>Rursus</strong></span> <span class='ocrx_word' id='word_1_206' title='bbox 2949 1631 3180 1703; x_wconf 88' lang='lat' dir='ltr'><strong>Jupiter</strong></span> <span class='ocrx_word' id='word_1_207' title='bbox 3227 1631 3300 1686; x_wconf 94' lang='lat' dir='ltr'><strong>ob</strong></span> <span class='ocrx_word' id='word_1_208' title='bbox 3340 1631 3645 1688; x_wconf 89' lang='lat' dir='ltr'><strong>libidinem</strong></span> <span class='ocrx_word' id='word_1_209' title='bbox 3678 1640 3736 1689; x_wconf 88' lang='lat' dir='ltr'><strong>et</strong></span> 
     </span>
    </p>
   </div>
   <div class='ocr_carea' id='block_1_32' title="bbox 2094 1717 3737 1791">
    <p class='ocr_par' dir='ltr' id='par_1_32' title="bbox 2094 1717 3737 1791">
     <span class='ocr_line' id='line_1_32' title="bbox 2094 1717 3737 1791; baseline 0.003 -19"><span class='ocrx_word' id='word_1_210' title='bbox 2094 1718 2440 1789; x_wconf 76' lang='lat' dir='ltr'><strong>spurcitiam</strong></span> <span class='ocrx_word' id='word_1_211' title='bbox 2472 1717 2705 1789; x_wconf 86' lang='lat' dir='ltr'><strong>quidvis</strong></span> <span class='ocrx_word' id='word_1_212' title='bbox 2737 1718 3009 1789; x_wconf 84' lang='lat' dir='ltr'><strong>efﬁcitur,</strong></span> <span class='ocrx_word' id='word_1_213' title='bbox 3044 1718 3161 1787; x_wconf 90' lang='lat' dir='ltr'><strong>ille,</strong></span> <span class='ocrx_word' id='word_1_214' title='bbox 3199 1720 3461 1791; x_wconf 87' lang='lat' dir='ltr'><strong>inquam,</strong></span> <span class='ocrx_word' id='word_1_215' title='bbox 3495 1722 3737 1777; x_wconf 90' lang='lat' dir='ltr'><strong>deorum</strong></span> 
     </span>
    </p>
   </div>
   <div class='ocr_carea' id='block_1_33' title="bbox 2093 1806 3738 1880">
    <p class='ocr_par' dir='ltr' id='par_1_33' title="bbox 2093 1806 3738 1880">
     <span class='ocr_line' id='line_1_33' title="bbox 2093 1806 3738 1880; baseline 0.003 -19"><span class='ocrx_word' id='word_1_216' title='bbox 2093 1806 2463 1863; x_wconf 83' lang='lat' dir='ltr'><strong>consiliarius</strong></span> <span class='ocrx_word' id='word_1_217' title='bbox 2494 1811 2551 1863; x_wconf 90' lang='lat' dir='ltr'><strong>et</strong></span> <span class='ocrx_word' id='word_1_218' title='bbox 2572 1808 3113 1880; x_wconf 89' lang='lat' dir='ltr'><strong>princeps,eamque</strong></span> <span class='ocrx_word' id='word_1_219' title='bbox 3138 1809 3253 1865; x_wconf 85' lang='lat' dir='ltr'><strong>vim</strong></span> <span class='ocrx_word' id='word_1_220' title='bbox 3285 1809 3527 1878; x_wconf 88' lang='lat' dir='ltr'><strong>habens,</strong></span> <span class='ocrx_word' id='word_1_221' title='bbox 3548 1816 3614 1866; x_wconf 90' lang='lat' dir='ltr'><strong>ut</strong></span> <span class='ocrx_word' id='word_1_222' title='bbox 3642 1827 3738 1867; x_wconf 88' lang='lat' dir='ltr'><strong>so-</strong></span> 
     </span>
    </p>
   </div>
   <div class='ocr_carea' id='block_1_34' title="bbox 336 1894 1991 1993">
    <p class='ocr_par' dir='ltr' id='par_1_34' title="bbox 336 1894 1984 1971">
     <span class='ocr_line' id='line_1_34' title="bbox 336 1894 1984 1971; baseline 0 -18"><span class='ocrx_word' id='word_1_223' title='bbox 336 1899 430 1953; x_wconf 73' lang='grc' dir='ltr'><strong>σὺν</strong></span> <span class='ocrx_word' id='word_1_224' title='bbox 476 1904 605 1953; x_wconf 80' lang='grc' dir='ltr'>πᾶσι</span> <span class='ocrx_word' id='word_1_225' title='bbox 652 1903 769 1959; x_wconf 86' lang='grc' dir='ltr'>τοῖς</span> <span class='ocrx_word' id='word_1_226' title='bbox 825 1894 973 1952; x_wconf 78' lang='grc' dir='ltr'>οὖσιν</span> <span class='ocrx_word' id='word_1_227' title='bbox 1023 1897 1264 1953; x_wconf 77' lang='grc' dir='ltr'>ἀνέλκων</span> <span class='ocrx_word' id='word_1_228' title='bbox 1308 1897 1501 1971; x_wconf 81' lang='grc' dir='ltr'>θεοὺς,</span> <span class='ocrx_word' id='word_1_229' title='bbox 1551 1898 1711 1960; x_wconf 79' lang='grc' dir='ltr'>αὐτὸς</span> <span class='ocrx_word' id='word_1_230' title='bbox 1775 1896 1833 1952; x_wconf 74' lang='grc' dir='ltr'>δὲ</span> <span class='ocrx_word' id='word_1_231' title='bbox 1882 1897 1984 1953; x_wconf 83' lang='grc' dir='ltr'>ὑπὸ</span> 
     </span>
    </p>
   </div>
   <div class='ocr_carea' id='block_1_35' title="bbox 2102 1894 3735 1993">
    <p class='ocr_par' dir='ltr' id='par_1_35' title="bbox 2102 1894 3735 1957">
     <span class='ocr_line' id='line_1_35' title="bbox 2102 1894 3735 1957; baseline 0.004 -8"><span class='ocrx_word' id='word_1_232' title='bbox 2102 1894 2187 1951; x_wconf 90' lang='lat' dir='ltr'><strong>lus</strong></span> <span class='ocrx_word' id='word_1_233' title='bbox 2218 1896 2356 1952; x_wconf 91' lang='lat' dir='ltr'><strong>deos</strong></span> <span class='ocrx_word' id='word_1_234' title='bbox 2384 1913 2587 1952; x_wconf 84' lang='lat' dir='ltr'><strong>omnes</strong></span> <span class='ocrx_word' id='word_1_235' title='bbox 2615 1914 2746 1953; x_wconf 90' lang='lat' dir='ltr'><strong>cum</strong></span> <span class='ocrx_word' id='word_1_236' title='bbox 2778 1898 3053 1953; x_wconf 86' lang='lat' dir='ltr'><strong>omnibus</strong></span> <span class='ocrx_word' id='word_1_237' title='bbox 3103 1899 3254 1954; x_wconf 73' lang='lat'><strong>169</strong></span> <span class='ocrx_word' id='word_1_238' title='bbox 3296 1899 3470 1955; x_wconf 87' lang='lat' dir='ltr'><strong>rebus</strong></span> <span class='ocrx_word' id='word_1_239' title='bbox 3500 1916 3735 1957; x_wconf 88' lang='lat' dir='ltr'><strong>sursum</strong></span> 
     </span>
    </p>
   </div>
   <div class='ocr_carea' id='block_1_36' title="bbox 334 1984 1991 2064">
    <p class='ocr_par' dir='ltr' id='par_1_36' title="bbox 334 1985 1983 2064">
     <span class='ocr_line' id='line_1_36' title="bbox 334 1985 1983 2064; baseline -0.001 -21"><span class='ocrx_word' id='word_1_240' title='bbox 334 1988 547 2043; x_wconf 79' lang='grc' dir='ltr'>πάντων</span> <span class='ocrx_word' id='word_1_241' title='bbox 582 1986 644 2041; x_wconf 85' lang='grc' dir='ltr'><strong>οὐ</strong></span> <span class='ocrx_word' id='word_1_242' title='bbox 670 1986 1087 2060; x_wconf 76' lang='grc' dir='ltr'>καθεΛκόμενος.</span> <span class='ocrx_word' id='word_1_243' title='bbox 1126 1985 1294 2042; x_wconf 89' lang='grc' dir='ltr'>Πάλιν</span> <span class='ocrx_word' id='word_1_244' title='bbox 1342 1992 1438 2042; x_wconf 83' lang='grc' dir='ltr'>τοῦ</span> <span class='ocrx_word' id='word_1_245' title='bbox 1471 1989 1592 2049; x_wconf 83' lang='grc' dir='ltr'>Διὸς</span> <span class='ocrx_word' id='word_1_246' title='bbox 1629 1987 1796 2064; x_wconf 80' lang='grc' dir='ltr'>τάφος</span> <span class='ocrx_word' id='word_1_247' title='bbox 1829 1986 1879 2041; x_wconf 87' lang='grc' dir='ltr'>έν</span> <span class='ocrx_word' id='word_1_248' title='bbox 1913 1990 1983 2060; x_wconf 77' lang='grc' dir='ltr'>τῇ</span> 
     </span>
    </p>
   </div>
   <div class='ocr_carea' id='block_1_37' title="bbox 2102 1984 3739 2064">
    <p class='ocr_par' dir='ltr' id='par_1_37' title="bbox 2102 1984 3739 2061">
     <span class='ocr_line' id='line_1_37' title="bbox 2102 1984 3739 2061; baseline 0.004 -22"><span class='ocrx_word' id='word_1_249' title='bbox 2102 1984 2370 2048; x_wconf 85' lang='lat' dir='ltr'><strong>attrahat,</strong></span> <span class='ocrx_word' id='word_1_250' title='bbox 2416 1986 2543 2057; x_wconf 91' lang='lat' dir='ltr'><strong>ipse</strong></span> <span class='ocrx_word' id='word_1_251' title='bbox 2572 1990 2765 2042; x_wconf 90' lang='lat' dir='ltr'><strong>autem</strong></span> <span class='ocrx_word' id='word_1_252' title='bbox 2798 1986 2870 2041; x_wconf 87' lang='lat' dir='ltr'><strong>ab</strong></span> <span class='ocrx_word' id='word_1_253' title='bbox 2902 1988 3179 2044; x_wconf 85' lang='lat' dir='ltr'><strong>omnibus</strong></span> <span class='ocrx_word' id='word_1_254' title='bbox 3208 1988 3432 2044; x_wconf 89' lang='lat' dir='ltr'><strong>detrahi</strong></span> <span class='ocrx_word' id='word_1_255' title='bbox 3463 1995 3739 2061; x_wconf 88' lang='lat' dir='ltr'><strong>nequeat.</strong></span> 
     </span>
    </p>
   </div>
   <div class='ocr_carea' id='block_1_38' title="bbox 338 2072 1982 2153">
    <p class='ocr_par' dir='ltr' id='par_1_38' title="bbox 338 2072 1982 2153">
     <span class='ocr_line' id='line_1_38' title="bbox 338 2072 1982 2153; baseline -0.001 -22"><span class='ocrx_word' id='word_1_256' title='bbox 338 2079 524 2153; x_wconf 77' lang='grc' dir='ltr'>Κρήτῃ</span> <span class='ocrx_word' id='word_1_257' title='bbox 554 2073 843 2132; x_wconf 85' lang='grc' dir='ltr'>δείκνυται.</span> <span class='ocrx_word' id='word_1_258' title='bbox 876 2077 970 2133; x_wconf 83' lang='grc' dir='ltr'>Ἂν</span> <span class='ocrx_word' id='word_1_259' title='bbox 1006 2072 1106 2131; x_wconf 65' lang='grc' dir='ltr'>ἴδω</span> <span class='ocrx_word' id='word_1_260' title='bbox 1155 2097 1255 2130; x_wconf 90' lang='grc' dir='ltr'><strong>σου</strong></span> <span class='ocrx_word' id='word_1_261' title='bbox 1306 2076 1398 2132; x_wconf 86' lang='grc' dir='ltr'>τὸν</span> <span class='ocrx_word' id='word_1_262' title='bbox 1438 2074 1709 2152; x_wconf 82' lang='grc' dir='ltr'>Κερδῷον,</span> <span class='ocrx_word' id='word_1_263' title='bbox 1759 2076 1849 2130; x_wconf 86' lang='grc' dir='ltr'><strong>καὶ</strong></span> <span class='ocrx_word' id='word_1_264' title='bbox 1892 2077 1982 2130; x_wconf 88' lang='grc' dir='ltr'><strong>τὸν</strong></span> 
     </span>
    </p>
   </div>
   <div class='ocr_carea' id='block_1_39' title="bbox 337 2165 1986 2241">
    <p class='ocr_par' dir='ltr' id='par_1_39' title="bbox 337 2165 1986 2241">
     <span class='ocr_line' id='line_1_39' title="bbox 337 2165 1986 2241; baseline -0.001 -19"><span class='ocrx_word' id='word_1_265' title='bbox 337 2165 563 2241; x_wconf 85' lang='grc' dir='ltr'>Λόγιον,</span> <span class='ocrx_word' id='word_1_266' title='bbox 618 2165 706 2220; x_wconf 84' lang='grc' dir='ltr'><strong>καὶ</strong></span> <span class='ocrx_word' id='word_1_267' title='bbox 756 2166 846 2221; x_wconf 85' lang='grc' dir='ltr'>τὸν</span> <span class='ocrx_word' id='word_1_268' title='bbox 902 2166 1235 2240; x_wconf 57' lang='grc' dir='ltr'>πἘναγώνιον</span> <span class='ocrx_word' id='word_1_269' title='bbox 1300 2168 1433 2239; x_wconf 83' lang='grc'>(52),</span> <span class='ocrx_word' id='word_1_270' title='bbox 1492 2165 1813 2241; x_wconf 84' lang='grc' dir='ltr'>συγκρύπτω</span> <span class='ocrx_word' id='word_1_271' title='bbox 1873 2166 1986 2238; x_wconf 87' lang='grc'>(53)</span> 
     </span>
    </p>
   </div>
   <div class='ocr_carea' id='block_1_40' title="bbox 338 2251 1989 2333">
    <p class='ocr_par' dir='ltr' id='par_1_40' title="bbox 338 2251 1989 2333">
     <span class='ocr_line' id='line_1_40' title="bbox 338 2251 1989 2333; baseline -0.001 -23"><span class='ocrx_word' id='word_1_272' title='bbox 338 2254 467 2318; x_wconf 68' lang='grc' dir='ltr'>τοὺς</span> <span class='ocrx_word' id='word_1_273' title='bbox 502 2253 845 2333; x_wconf 77' lang='grc' dir='ltr'>ὀφθαλμοὺς,</span> <span class='ocrx_word' id='word_1_274' title='bbox 896 2254 985 2309; x_wconf 80' lang='grc' dir='ltr'><strong>καὶ</strong></span> <span class='ocrx_word' id='word_1_275' title='bbox 1031 2254 1360 2330; x_wconf 82' lang='grc' dir='ltr'>παρατρέχω</span> <span class='ocrx_word' id='word_1_276' title='bbox 1409 2275 1503 2308; x_wconf 89' lang='grc' dir='ltr'><strong>σου</strong></span> <span class='ocrx_word' id='word_1_277' title='bbox 1545 2255 1636 2309; x_wconf 89' lang='grc' dir='ltr'>τὸν</span> <span class='ocrx_word' id='word_1_278' title='bbox 1691 2254 1808 2319; x_wconf 86' lang='grc' dir='ltr'>θεὸν</span> <span class='ocrx_word' id='word_1_279' title='bbox 1842 2251 1989 2308; x_wconf 77' lang='grc' dir='ltr'>αἰδοῖ</span> 
     </span>
    </p>
   </div>
   <div class='ocr_carea' id='block_1_41' title="bbox 336 2341 1988 2417">
    <p class='ocr_par' dir='ltr' id='par_1_41' title="bbox 336 2341 1988 2417">
     <span class='ocr_line' id='line_1_41' title="bbox 336 2341 1988 2417; baseline -0.002 -18"><span class='ocrx_word' id='word_1_280' title='bbox 336 2349 441 2399; x_wconf 74' lang='grc' dir='ltr'><strong>τοῦ</strong></span> <span class='ocrx_word' id='word_1_281' title='bbox 472 2345 759 2417; x_wconf 83' lang='grc' dir='ltr'>θεάματος⁶</span> <span class='ocrx_word' id='word_1_282' title='bbox 793 2342 855 2397; x_wconf 82' lang='grc' dir='ltr'><strong>σὺ</strong></span> <span class='ocrx_word' id='word_1_283' title='bbox 896 2341 952 2398; x_wconf 87' lang='grc' dir='ltr'><strong>δέ</strong></span> <span class='ocrx_word' id='word_1_284' title='bbox 1004 2365 1096 2416; x_wconf 90' lang='grc' dir='ltr'><strong>μοι</strong></span> <span class='ocrx_word' id='word_1_285' title='bbox 1146 2343 1431 2417; x_wconf 73' lang='grc' dir='ltr'>προσ-κύνει</span> <span class='ocrx_word' id='word_1_286' title='bbox 1480 2345 1543 2398; x_wconf 85' lang='grc' dir='ltr'>τὸ</span> <span class='ocrx_word' id='word_1_287' title='bbox 1594 2342 1846 2398; x_wconf 74' lang='grc' dir='ltr'>σύντονον</span> <span class='ocrx_word' id='word_1_288' title='bbox 1891 2346 1988 2397; x_wconf 79' lang='grc' dir='ltr'>τοῦ</span> 
     </span>
    </p>
   </div>
   <div class='ocr_carea' id='block_1_42' title="bbox 340 2429 1989 2509">
    <p class='ocr_par' dir='ltr' id='par_1_42' title="bbox 340 2429 1989 2509">
     <span class='ocr_line' id='line_1_42' title="bbox 340 2429 1989 2509; baseline -0.002 -20"><span class='ocrx_word' id='word_1_289' title='bbox 340 2432 515 2509; x_wconf 83' lang='grc' dir='ltr'>λόγου</span> <span class='ocrx_word' id='word_1_290' title='bbox 547 2432 635 2487; x_wconf 84' lang='grc' dir='ltr'><strong>καὶ</strong></span> <span class='ocrx_word' id='word_1_291' title='bbox 666 2434 729 2487; x_wconf 86' lang='grc' dir='ltr'>τὸ</span> <span class='ocrx_word' id='word_1_292' title='bbox 769 2430 1079 2488; x_wconf 86' lang='grc' dir='ltr'>σακέλλιον·</span> <span class='ocrx_word' id='word_1_293' title='bbox 1127 2429 1181 2487; x_wconf 59' lang='grc' dir='ltr'><strong>(ἐν</strong></span> <span class='ocrx_word' id='word_1_294' title='bbox 1234 2454 1329 2487; x_wconf 92' lang='grc' dir='ltr'><strong>σου</strong></span> <span class='ocrx_word' id='word_1_295' title='bbox 1373 2432 1533 2505; x_wconf 80' lang='grc' dir='ltr'>μόνον</span> <span class='ocrx_word' id='word_1_296' title='bbox 1581 2430 1885 2504; x_wconf 71' lang='grc' dir='ltr'>αἰδέσιμον,</span> <span class='ocrx_word' id='word_1_297' title='bbox 1936 2430 1989 2485; x_wconf 88' lang='grc' dir='ltr'>αἰ</span> 
     </span>
    </p>
   </div>
   <div class='ocr_carea' id='block_1_43' title="bbox 340 2516 1991 2597">
    <p class='ocr_par' dir='ltr' id='par_1_43' title="bbox 340 2516 1991 2597">
     <span class='ocr_line' id='line_1_43' title="bbox 340 2516 1991 2597; baseline -0.001 -22"><span class='ocrx_word' id='word_1_298' title='bbox 340 2522 470 2597; x_wconf 83' lang='grc' dir='ltr'>παρ’</span> <span class='ocrx_word' id='word_1_299' title='bbox 500 2520 815 2596; x_wconf 80' lang='grc' dir='ltr'>Αἰγυπτίοις</span> <span class='ocrx_word' id='word_1_300' title='bbox 846 2518 915 2575; x_wconf 85' lang='grc' dir='ltr'>δι’</span> <span class='ocrx_word' id='word_1_301' title='bbox 947 2517 1282 2597; x_wconf 75' lang='grc' dir='ltr'>ἀνδρογύνων</span> <span class='ocrx_word' id='word_1_302' title='bbox 1332 2520 1489 2592; x_wconf 86' lang='grc' dir='ltr'>τιμαὶ</span> <span class='ocrx_word' id='word_1_303' title='bbox 1538 2524 1635 2574; x_wconf 78' lang='grc' dir='ltr'>τοῦ</span> <span class='ocrx_word' id='word_1_304' title='bbox 1686 2518 1903 2588; x_wconf 84' lang='grc' dir='ltr'>Νείλου,</span> <span class='ocrx_word' id='word_1_305' title='bbox 1936 2516 1991 2574; x_wconf 75' lang='grc' dir='ltr'>α’ί</span> 
     </span>
    </p>
   </div>
   <div class='ocr_carea' id='block_1_44' title="bbox 339 2606 1993 2683">
    <p class='ocr_par' dir='ltr' id='par_1_44' title="bbox 339 2606 1993 2683">
     <span class='ocr_line' id='line_1_44' title="bbox 339 2606 1993 2683; baseline 0 -20"><span class='ocrx_word' id='word_1_306' title='bbox 339 2629 403 2663; x_wconf 88' lang='grc' dir='ltr'><strong>τε</strong></span> <span class='ocrx_word' id='word_1_307' title='bbox 431 2606 642 2678; x_wconf 83' lang='grc' dir='ltr'>Ἰσιδες,</span> <span class='ocrx_word' id='word_1_308' title='bbox 676 2609 764 2663; x_wconf 82' lang='grc' dir='ltr'><strong>καὶ</strong></span> <span class='ocrx_word' id='word_1_309' title='bbox 821 2609 871 2664; x_wconf 73' lang='grc' dir='ltr'><strong>οἱ</strong></span> <span class='ocrx_word' id='word_1_310' title='bbox 924 2606 1223 2679; x_wconf 76' lang='grc' dir='ltr'>Μενδήσιοι</span> <span class='ocrx_word' id='word_1_311' title='bbox 1274 2611 1385 2673; x_wconf 83' lang='grc' dir='ltr'>θεοὶ</span> <span class='ocrx_word' id='word_1_312' title='bbox 1435 2611 1565 2683; x_wconf 73' lang='grc'>(54),</span> <span class='ocrx_word' id='word_1_313' title='bbox 1615 2609 1705 2664; x_wconf 80' lang='grc' dir='ltr'><strong>καί</strong></span> <span class='ocrx_word' id='word_1_314' title='bbox 1736 2609 1787 2663; x_wconf 77' lang='grc' dir='ltr'>οἱ</span> <span class='ocrx_word' id='word_1_315' title='bbox 1834 2609 1993 2665; x_wconf 83' lang='grc' dir='ltr'>Ἀπι-</span> 
     </span>
    </p>
   </div>
   <div class='ocr_carea' id='block_1_45' title="bbox 348 2695 1997 2776">
    <p class='ocr_par' dir='ltr' id='par_1_45' title="bbox 348 2695 1997 2776">
     <span class='ocr_line' id='line_1_45' title="bbox 348 2695 1997 2776; baseline 0 -23"><span class='ocrx_word' id='word_1_316' title='bbox 348 2695 459 2767; x_wconf 86' lang='grc' dir='ltr'>δες,</span> <span class='ocrx_word' id='word_1_317' title='bbox 490 2696 669 2753; x_wconf 76' lang='grc' dir='ltr'>τᾶλλά</span> <span class='ocrx_word' id='word_1_318' title='bbox 696 2719 755 2752; x_wconf 89' lang='grc' dir='ltr'><strong>τε</strong></span> <span class='ocrx_word' id='word_1_319' title='bbox 784 2696 879 2752; x_wconf 81' lang='grc' dir='ltr'><strong>ὅσα</strong></span> <span class='ocrx_word' id='word_1_320' title='bbox 908 2696 1186 2767; x_wconf 88' lang='grc' dir='ltr'>πλάττεις,</span> <span class='ocrx_word' id='word_1_321' title='bbox 1219 2699 1254 2767; x_wconf 80' lang='grc' dir='ltr'><strong>ἢ</strong></span> <span class='ocrx_word' id='word_1_322' title='bbox 1285 2699 1526 2776; x_wconf 82' lang='grc' dir='ltr'>γράφεις,</span> <span class='ocrx_word' id='word_1_323' title='bbox 1580 2698 1742 2773; x_wconf 81' lang='grc' dir='ltr'>θηρία</span> <span class='ocrx_word' id='word_1_324' title='bbox 1774 2700 1997 2753; x_wconf 75' lang='grc' dir='ltr'>σύνθετα</span> 
     </span>
    </p>
   </div>
   <div class='ocr_carea' id='block_1_46' title="bbox 344 2781 1994 2862">
    <p class='ocr_par' dir='ltr' id='par_1_46' title="bbox 344 2781 1994 2862">
     <span class='ocr_line' id='line_1_46' title="bbox 344 2781 1994 2862; baseline 0.001 -20"><span class='ocrx_word' id='word_1_325' title='bbox 344 2787 438 2843; x_wconf 77' lang='grc' dir='ltr'><strong>καὶ</strong></span> <span class='ocrx_word' id='word_1_326' title='bbox 490 2781 806 2843; x_wconf 83' lang='grc' dir='ltr'>ἀλλόκοτα.</span> <span class='ocrx_word' id='word_1_327' title='bbox 860 2785 1013 2842; x_wconf 89' lang='grc' dir='ltr'>Γελῶ</span> <span class='ocrx_word' id='word_1_328' title='bbox 1063 2809 1158 2842; x_wconf 92' lang='grc' dir='ltr'><strong>σου</strong></span> <span class='ocrx_word' id='word_1_329' title='bbox 1205 2788 1295 2842; x_wconf 81' lang='grc' dir='ltr'>τὸν</span> <span class='ocrx_word' id='word_1_330' title='bbox 1344 2794 1507 2857; x_wconf 75' lang='grc' dir='ltr'>Πᾶνα,</span> <span class='ocrx_word' id='word_1_331' title='bbox 1550 2788 1637 2843; x_wconf 79' lang='grc' dir='ltr'><strong>καὶ</strong></span> <span class='ocrx_word' id='word_1_332' title='bbox 1685 2787 1775 2843; x_wconf 86' lang='grc' dir='ltr'>τὸν</span> <span class='ocrx_word' id='word_1_333' title='bbox 1827 2788 1994 2862; x_wconf 86' lang='grc' dir='ltr'>Πρία-</span> 
     </span>
    </p>
   </div>
   <div class='ocr_carea' id='block_1_47' title="bbox 344 2873 1995 2954">
    <p class='ocr_par' dir='ltr' id='par_1_47' title="bbox 344 2873 1995 2954">
     <span class='ocr_line' id='line_1_47' title="bbox 344 2873 1995 2954; baseline 0 -23"><span class='ocrx_word' id='word_1_334' title='bbox 344 2896 449 2931; x_wconf 87' lang='grc' dir='ltr'><strong>πον</strong></span> <span class='ocrx_word' id='word_1_335' title='bbox 483 2879 615 2949; x_wconf 88' lang='grc'>(55),</span> <span class='ocrx_word' id='word_1_336' title='bbox 646 2875 734 2931; x_wconf 86' lang='grc' dir='ltr'><strong>καὶ</strong></span> <span class='ocrx_word' id='word_1_337' title='bbox 765 2877 856 2931; x_wconf 88' lang='grc' dir='ltr'>τὸν</span> <span class='ocrx_word' id='word_1_338' title='bbox 889 2873 1344 2954; x_wconf 77' lang='grc' dir='ltr'>Ἑρμαφρόδιτον,</span> <span class='ocrx_word' id='word_1_339' title='bbox 1375 2875 1465 2931; x_wconf 82' lang='grc' dir='ltr'>καί</span> <span class='ocrx_word' id='word_1_340' title='bbox 1495 2876 1621 2940; x_wconf 85' lang='grc' dir='ltr'>τοὺς</span> <span class='ocrx_word' id='word_1_341' title='bbox 1652 2877 1755 2932; x_wconf 83' lang='grc' dir='ltr'>ὑπὸ</span> <span class='ocrx_word' id='word_1_342' title='bbox 1803 2877 1995 2950; x_wconf 87' lang='grc' dir='ltr'>μανίας</span> 
     </span>
    </p>
   </div>
   <div class='ocr_carea' id='block_1_48' title="bbox 346 2962 1999 3042">
    <p class='ocr_par' dir='ltr' id='par_1_48' title="bbox 346 2962 1999 3042">
     <span class='ocr_line' id='line_1_48' title="bbox 346 2962 1999 3042; baseline 0.001 -23"><span class='ocrx_word' id='word_1_343' title='bbox 346 2964 846 3042; x_wconf 73' lang='grc' dir='ltr'>περικεκομμένους</span> <span class='ocrx_word' id='word_1_344' title='bbox 898 2965 931 3034; x_wconf 68' lang='grc' dir='ltr'><strong>ἢ</strong></span> <span class='ocrx_word' id='word_1_345' title='bbox 984 2962 1408 3038; x_wconf 81' lang='grc' dir='ltr'>διεσπασμένους</span> <span class='ocrx_word' id='word_1_346' title='bbox 1459 2968 1571 3039; x_wconf 88' lang='grc'>(56)</span> <span class='ocrx_word' id='word_1_347' title='bbox 1615 2965 1786 3028; x_wconf 80' lang='grc' dir='ltr'>θεούς.</span> <span class='ocrx_word' id='word_1_348' title='bbox 1823 2964 1999 3022; x_wconf 79' lang='grc' dir='ltr'>Ἀλλά</span> 
     </span>
    </p>
   </div>
   <div class='ocr_carea' id='block_1_49' title="bbox 344 3053 1993 3129">
    <p class='ocr_par' dir='ltr' id='par_1_49' title="bbox 344 3053 1993 3129">
     <span class='ocr_line' id='line_1_49' title="bbox 344 3053 1993 3129; baseline 0.001 -21"><span class='ocrx_word' id='word_1_349' title='bbox 344 3058 516 3108; x_wconf 77' lang='grc' dir='ltr'><strong>ταῦτα</strong></span> <span class='ocrx_word' id='word_1_350' title='bbox 545 3053 639 3127; x_wconf 73' lang='grc' dir='ltr'>μὲν</span> <span class='ocrx_word' id='word_1_351' title='bbox 761 3057 933 3127; x_wconf 81' lang='grc' dir='ltr'>σκηνῇ</span> <span class='ocrx_word' id='word_1_352' title='bbox 966 3057 1079 3125; x_wconf 88' lang='grc'>(57)</span> <span class='ocrx_word' id='word_1_353' title='bbox 1109 3057 1361 3129; x_wconf 88' lang='grc' dir='ltr'>παρήσω,</span> <span class='ocrx_word' id='word_1_354' title='bbox 1401 3054 1491 3109; x_wconf 87' lang='grc' dir='ltr'><strong>καὶ</strong></span> <span class='ocrx_word' id='word_1_355' title='bbox 1537 3059 1653 3116; x_wconf 87' lang='grc' dir='ltr'>τοῖς</span> <span class='ocrx_word' id='word_1_356' title='bbox 1700 3059 1993 3128; x_wconf 75' lang='grc' dir='ltr'>κοσμοῦσιν</span> 
     </span>
    </p>
   </div>
   <div class='ocr_carea' id='block_1_50' title="bbox 346 3140 1995 3218">
    <p class='ocr_par' dir='ltr' id='par_1_50' title="bbox 346 3140 1995 3218">
     <span class='ocr_line' id='line_1_50' title="bbox 346 3140 1995 3218; baseline 0.001 -22"><span class='ocrx_word' id='word_1_357' title='bbox 346 3142 546 3204; x_wconf 68' lang='grc' dir='ltr'>αὐτοὺς</span> <span class='ocrx_word' id='word_1_358' title='bbox 596 3148 873 3211; x_wconf 82' lang='grc' dir='ltr'>ποιηταῖς·</span> <span class='ocrx_word' id='word_1_359' title='bbox 919 3141 1029 3218; x_wconf 71' lang='grc' dir='ltr'>ἐγὼ</span> <span class='ocrx_word' id='word_1_360' title='bbox 1079 3140 1136 3198; x_wconf 74' lang='grc' dir='ltr'>δὶ</span> <span class='ocrx_word' id='word_1_361' title='bbox 1181 3142 1255 3206; x_wconf 79' lang='grc' dir='ltr'>εἷς</span> <span class='ocrx_word' id='word_1_362' title='bbox 1306 3142 1614 3218; x_wconf 80' lang='grc' dir='ltr'>παραίνεσὶν</span> <span class='ocrx_word' id='word_1_363' title='bbox 1664 3164 1784 3198; x_wconf 90' lang='grc' dir='ltr'>τινα</span> <span class='ocrx_word' id='word_1_364' title='bbox 1834 3164 1995 3198; x_wconf 89' lang='grc' dir='ltr'>κατα-</span> 
     </span>
    </p>
   </div>
   <div class='ocr_carea' id='block_1_51' title="bbox 348 3229 852 3306">
    <p class='ocr_par' dir='ltr' id='par_1_51' title="bbox 348 3229 852 3306">
     <span class='ocr_line' id='line_1_51' title="bbox 348 3229 852 3306; baseline 0.002 -19"><span class='ocrx_word' id='word_1_365' title='bbox 348 3230 506 3287; x_wconf 89' lang='grc' dir='ltr'>λύσω</span> <span class='ocrx_word' id='word_1_366' title='bbox 537 3229 629 3285; x_wconf 75' lang='grc' dir='ltr'>τὸν</span> <span class='ocrx_word' id='word_1_367' title='bbox 665 3230 852 3306; x_wconf 87' lang='grc' dir='ltr'>λόγον.</span> 
     </span>
    </p>
   </div>
   <div class='ocr_carea' id='block_1_52' title="bbox 424 3408 1995 3487">
    <p class='ocr_par' dir='ltr' id='par_1_52' title="bbox 424 3408 1995 3487">
     <span class='ocr_line' id='line_1_52' title="bbox 424 3408 1995 3487; baseline 0.001 -23"><span class='ocrx_word' id='word_1_368' title='bbox 424 3414 543 3466; x_wconf 78' lang='lat' dir='ltr'><strong>AI&quot;.</strong></span> <span class='ocrx_word' id='word_1_369' title='bbox 574 3408 798 3485; x_wconf 75' lang='grc' dir='ltr'>’Ἄνδρες</span> <span class='ocrx_word' id='word_1_370' title='bbox 822 3409 963 3483; x_wconf 79' lang='grc' dir='ltr'>ὁμοῦ</span> <span class='ocrx_word' id='word_1_371' title='bbox 992 3409 1081 3465; x_wconf 83' lang='grc' dir='ltr'><strong>καὶ</strong></span> <span class='ocrx_word' id='word_1_372' title='bbox 1112 3410 1381 3485; x_wconf 77' lang='grc' dir='ltr'>γυναῖκες,</span> <span class='ocrx_word' id='word_1_373' title='bbox 1412 3408 1524 3465; x_wconf 90' lang='grc' dir='ltr'>νέοι</span> <span class='ocrx_word' id='word_1_374' title='bbox 1552 3430 1611 3466; x_wconf 86' lang='grc' dir='ltr'><strong>τε</strong></span> <span class='ocrx_word' id='word_1_375' title='bbox 1640 3410 1730 3466; x_wconf 87' lang='grc' dir='ltr'><strong>καὶ</strong></span> <span class='ocrx_word' id='word_1_376' title='bbox 1761 3408 1995 3487; x_wconf 80' lang='grc' dir='ltr'>πρεσϐύ-</span> 
     </span>
    </p>
   </div>
   <div class='ocr_carea' id='block_1_53' title="bbox 348 3497 2004 3575">
    <p class='ocr_par' dir='ltr' id='par_1_53' title="bbox 348 3497 2004 3575">
     <span class='ocr_line' id='line_1_53' title="bbox 348 3497 2004 3575; baseline 0.001 -20"><span class='ocrx_word' id='word_1_377' title='bbox 348 3520 462 3569; x_wconf 87' lang='grc' dir='ltr'>ται,</span> <span class='ocrx_word' id='word_1_378' title='bbox 524 3498 641 3554; x_wconf 89' lang='grc' dir='ltr'>ὅσοι</span> <span class='ocrx_word' id='word_1_379' title='bbox 678 3520 737 3553; x_wconf 88' lang='grc' dir='ltr'><strong>τε</strong></span> <span class='ocrx_word' id='word_1_380' title='bbox 787 3499 862 3561; x_wconf 85' lang='grc' dir='ltr'><strong>εἷς</strong></span> <span class='ocrx_word' id='word_1_381' title='bbox 918 3497 980 3554; x_wconf 75' lang='grc' dir='ltr'>τὰ</span> <span class='ocrx_word' id='word_1_382' title='bbox 1034 3500 1188 3575; x_wconf 77' lang='grc' dir='ltr'>βῆμα</span> <span class='ocrx_word' id='word_1_383' title='bbox 1233 3504 1394 3554; x_wconf 76' lang='grc' dir='ltr'>τοῦτο</span> <span class='ocrx_word' id='word_1_384' title='bbox 1450 3506 1676 3571; x_wconf 79' lang='grc' dir='ltr'>τελεῖτε,</span> <span class='ocrx_word' id='word_1_385' title='bbox 1735 3502 1823 3555; x_wconf 79' lang='grc' dir='ltr'><strong>καὶ</strong></span> <span class='ocrx_word' id='word_1_386' title='bbox 1884 3500 2004 3557; x_wconf 86' lang='grc' dir='ltr'>ὅσοι</span> 
     </span>
    </p>
   </div>
   <div class='ocr_carea' id='block_1_54' title="bbox 348 3586 2003 3663">
    <p class='ocr_par' dir='ltr' id='par_1_54' title="bbox 348 3586 2003 3663">
     <span class='ocr_line' id='line_1_54' title="bbox 348 3586 2003 3663; baseline 0.002 -22"><span class='ocrx_word' id='word_1_387' title='bbox 348 3588 452 3656; x_wconf 75' lang='grc' dir='ltr'>τήν</span> <span class='ocrx_word' id='word_1_388' title='bbox 520 3586 667 3642; x_wconf 83' lang='grc' dir='ltr'>κάτω</span> <span class='ocrx_word' id='word_1_389' title='bbox 720 3588 947 3663; x_wconf 85' lang='grc' dir='ltr'>τέταχθε</span> <span class='ocrx_word' id='word_1_390' title='bbox 1004 3588 1216 3663; x_wconf 85' lang='grc' dir='ltr'>χώραν,</span> <span class='ocrx_word' id='word_1_391' title='bbox 1275 3587 1467 3650; x_wconf 76' lang='grc' dir='ltr'>πάντες</span> <span class='ocrx_word' id='word_1_392' title='bbox 1520 3587 1676 3650; x_wconf 80' lang='grc' dir='ltr'>ὅσους</span> <span class='ocrx_word' id='word_1_393' title='bbox 1724 3592 1838 3662; x_wconf 88' lang='grc'>(58)</span> <span class='ocrx_word' id='word_1_394' title='bbox 1878 3588 2003 3645; x_wconf 77' lang='grc' dir='ltr'>έλυ-</span> 
     </span>
    </p>
   </div>
   <div class='ocr_carea' id='block_1_55' title="bbox 352 3675 2002 3752">
    <p class='ocr_par' dir='ltr' id='par_1_55' title="bbox 352 3675 2002 3752">
     <span class='ocr_line' id='line_1_55' title="bbox 352 3675 2002 3752; baseline 0.002 -22"><span class='ocrx_word' id='word_1_395' title='bbox 352 3677 601 3749; x_wconf 87' lang='grc' dir='ltr'>τρώσατο</span> <span class='ocrx_word' id='word_1_396' title='bbox 634 3675 848 3751; x_wconf 80' lang='grc' dir='ltr'>Κύριος,</span> <span class='ocrx_word' id='word_1_397' title='bbox 879 3676 1142 3752; x_wconf 91' lang='grc' dir='ltr'>πρότερον</span> <span class='ocrx_word' id='word_1_398' title='bbox 1193 3676 1285 3749; x_wconf 78' lang='grc' dir='ltr'><strong>μὶν</strong></span> <span class='ocrx_word' id='word_1_399' title='bbox 1321 3676 1380 3731; x_wconf 74' lang='grc' dir='ltr'>ἐκ</span> <span class='ocrx_word' id='word_1_400' title='bbox 1408 3680 1504 3747; x_wconf 78' lang='grc' dir='ltr'>τῆς</span> <span class='ocrx_word' id='word_1_401' title='bbox 1546 3677 1756 3745; x_wconf 86' lang='grc' dir='ltr'>πλάνης</span> <span class='ocrx_word' id='word_1_402' title='bbox 1785 3679 1874 3733; x_wconf 86' lang='grc' dir='ltr'><strong>καὶ</strong></span> <span class='ocrx_word' id='word_1_403' title='bbox 1903 3687 2002 3749; x_wconf 80' lang='grc' dir='ltr'>τῆς</span> 
     </span>
    </p>
   </div>
   <div class='ocr_carea' id='block_1_56' title="bbox 361 3763 2003 3837">
    <p class='ocr_par' dir='ltr' id='par_1_56' title="bbox 361 3763 2003 3837">
     <span class='ocr_line' id='line_1_56' title="bbox 361 3763 2003 3837; baseline 0.002 -18"><span class='ocrx_word' id='word_1_404' title='bbox 361 3763 565 3829; x_wconf 72' lang='grc' dir='ltr'>ἀθεξας,</span> <span class='ocrx_word' id='word_1_405' title='bbox 622 3768 732 3819; x_wconf 86' lang='grc' dir='ltr'>νυνὶ</span> <span class='ocrx_word' id='word_1_406' title='bbox 793 3763 849 3820; x_wconf 71' lang='grc' dir='ltr'>δὲ</span> <span class='ocrx_word' id='word_1_407' title='bbox 903 3773 1003 3835; x_wconf 81' lang='grc' dir='ltr'>τῆς</span> <span class='ocrx_word' id='word_1_408' title='bbox 1061 3765 1461 3827; x_wconf 80' lang='grc' dir='ltr'>ἐπαναστάσεως</span> <span class='ocrx_word' id='word_1_409' title='bbox 1512 3770 1620 3820; x_wconf 88' lang='grc' dir='ltr'><strong>τῶν</strong></span> <span class='ocrx_word' id='word_1_410' title='bbox 1675 3766 1861 3837; x_wconf 84' lang='grc' dir='ltr'>ἐθνῶν,</span> <span class='ocrx_word' id='word_1_411' title='bbox 1915 3767 2003 3823; x_wconf 84' lang='grc' dir='ltr'><strong>καὶ</strong></span> 
     </span>
    </p>
   </div>
   <div class='ocr_carea' id='block_1_57' title="bbox 358 3851 2002 3931">
    <p class='ocr_par' dir='ltr' id='par_1_57' title="bbox 358 3851 2002 3931">
     <span class='ocr_line' id='line_1_57' title="bbox 358 3851 2002 3931; baseline 0.001 -22"><span class='ocrx_word' id='word_1_412' title='bbox 358 3859 473 3909; x_wconf 87' lang='grc' dir='ltr'><strong>τῶν</strong></span> <span class='ocrx_word' id='word_1_413' title='bbox 524 3852 634 3924; x_wconf 75' lang='grc' dir='ltr'><strong>ἤδη</strong></span> <span class='ocrx_word' id='word_1_414' title='bbox 692 3876 753 3931; x_wconf 88' lang='grc' dir='ltr'><strong>γε</strong></span> <span class='ocrx_word' id='word_1_415' title='bbox 808 3855 1084 3930; x_wconf 85' lang='grc' dir='ltr'>παρόντων</span> <span class='ocrx_word' id='word_1_416' title='bbox 1139 3858 1320 3909; x_wconf 84' lang='grc' dir='ltr'>κακῶν</span> <span class='ocrx_word' id='word_1_417' title='bbox 1368 3855 1460 3909; x_wconf 87' lang='grc' dir='ltr'><strong>καὶ</strong></span> <span class='ocrx_word' id='word_1_418' title='bbox 1511 3851 2002 3929; x_wconf 81' lang='grc' dir='ltr'>προσδοκωμένων,</span> 
     </span>
    </p>
   </div>
   <div class='ocr_carea' id='block_1_58' title="bbox 364 3940 2006 4019">
    <p class='ocr_par' dir='ltr' id='par_1_58' title="bbox 364 3940 2006 4019">
     <span class='ocr_line' id='line_1_58' title="bbox 364 3940 2006 4019; baseline 0.002 -23"><span class='ocrx_word' id='word_1_419' title='bbox 364 3942 627 3997; x_wconf 81' lang='grc' dir='ltr'>ἀκούσατε</span> <span class='ocrx_word' id='word_1_420' title='bbox 660 3941 825 4018; x_wconf 89' lang='grc' dir='ltr'>λόγον</span> <span class='ocrx_word' id='word_1_421' title='bbox 859 3940 1054 4019; x_wconf 79' lang='grc' dir='ltr'>ἀνδρὸς</span> <span class='ocrx_word' id='word_1_422' title='bbox 1084 3942 1145 3997; x_wconf 84' lang='grc' dir='ltr'><strong>ού</strong></span> <span class='ocrx_word' id='word_1_423' title='bbox 1180 3942 1417 4017; x_wconf 83' lang='grc' dir='ltr'>μετρίως</span> <span class='ocrx_word' id='word_1_424' title='bbox 1446 3943 1512 3997; x_wconf 79' lang='grc' dir='ltr'>τὰ</span> <span class='ocrx_word' id='word_1_425' title='bbox 1557 3948 1782 3999; x_wconf 74' lang='grc' dir='ltr'>τοιαῦτα</span> <span class='ocrx_word' id='word_1_426' title='bbox 1810 3966 2006 4000; x_wconf 81' lang='grc' dir='ltr'>πεπαι-</span> 
     </span>
    </p>
   </div>
   <div class='ocr_carea' id='block_1_59' title="bbox 364 4026 2003 4106">
    <p class='ocr_par' dir='ltr' id='par_1_59' title="bbox 364 4026 2003 4106">
     <span class='ocr_line' id='line_1_59' title="bbox 364 4026 2003 4106; baseline 0.003 -21"><span class='ocrx_word' id='word_1_427' title='bbox 364 4028 647 4104; x_wconf 84' lang='grc' dir='ltr'>δευμένου,</span> <span class='ocrx_word' id='word_1_428' title='bbox 683 4028 742 4087; x_wconf 80' lang='grc' dir='ltr'>ἔκ</span> <span class='ocrx_word' id='word_1_429' title='bbox 766 4053 827 4088; x_wconf 85' lang='grc' dir='ltr'><strong>τε</strong></span> <span class='ocrx_word' id='word_1_430' title='bbox 853 4036 961 4087; x_wconf 84' lang='grc' dir='ltr'><strong>τῶν</strong></span> <span class='ocrx_word' id='word_1_431' title='bbox 996 4031 1259 4106; x_wconf 87' lang='grc' dir='ltr'>ὁσημέραι</span> <span class='ocrx_word' id='word_1_432' title='bbox 1292 4026 1724 4105; x_wconf 75' lang='grc' dir='ltr'>συμϐαινόντων,</span> <span class='ocrx_word' id='word_1_433' title='bbox 1756 4034 1844 4088; x_wconf 83' lang='grc' dir='ltr'><strong>καὶ</strong></span> <span class='ocrx_word' id='word_1_434' title='bbox 1896 4038 2003 4090; x_wconf 88' lang='grc' dir='ltr'><strong>τῶν</strong></span> 
     </span>
    </p>
   </div>
   <div class='ocr_carea' id='block_1_60' title="bbox 360 4115 2004 4198">
    <p class='ocr_par' dir='ltr' id='par_1_60' title="bbox 360 4115 2004 4198">
     <span class='ocr_line' id='line_1_60' title="bbox 360 4115 2004 4198; baseline 0.002 -23"><span class='ocrx_word' id='word_1_435' title='bbox 360 4119 609 4175; x_wconf 82' lang='grc' dir='ltr'>παλαιῶν</span> <span class='ocrx_word' id='word_1_436' title='bbox 651 4120 925 4195; x_wconf 75' lang='grc' dir='ltr'>ἱστοριῶν,</span> <span class='ocrx_word' id='word_1_437' title='bbox 978 4121 1069 4176; x_wconf 87' lang='grc' dir='ltr'><strong>καὶ</strong></span> <span class='ocrx_word' id='word_1_438' title='bbox 1131 4115 1339 4196; x_wconf 71' lang='grc' dir='ltr'>βίϐλων</span> <span class='ocrx_word' id='word_1_439' title='bbox 1397 4123 1534 4195; x_wconf 79' lang='grc'>(59),</span> <span class='ocrx_word' id='word_1_440' title='bbox 1591 4120 1682 4175; x_wconf 84' lang='grc' dir='ltr'><strong>καὶ</strong></span> <span class='ocrx_word' id='word_1_441' title='bbox 1739 4122 2004 4198; x_wconf 80' lang='grc' dir='ltr'>πράξεων.</span> 
     </span>
    </p>
   </div>
   <div class='ocr_carea' id='block_1_61' title="bbox 361 4206 2005 4287">
    <p class='ocr_par' dir='ltr' id='par_1_61' title="bbox 361 4206 2005 4287">
     <span class='ocr_line' id='line_1_61' title="bbox 361 4206 2005 4287; baseline 0.001 -22"><span class='ocrx_word' id='word_1_442' title='bbox 361 4206 522 4282; x_wconf 81' lang='grc' dir='ltr'>Μέγα</span> <span class='ocrx_word' id='word_1_443' title='bbox 554 4207 647 4281; x_wconf 75' lang='grc' dir='ltr'><strong>μὲν</strong></span> <span class='ocrx_word' id='word_1_444' title='bbox 678 4209 741 4263; x_wconf 87' lang='grc' dir='ltr'>τὸ</span> <span class='ocrx_word' id='word_1_445' title='bbox 774 4206 1006 4281; x_wconf 86' lang='grc' dir='ltr'>μηδενὸς</span> <span class='ocrx_word' id='word_1_446' title='bbox 1038 4214 1357 4284; x_wconf 83' lang='grc' dir='ltr'>πειραθῆναι</span> <span class='ocrx_word' id='word_1_447' title='bbox 1387 4213 1495 4264; x_wconf 89' lang='grc' dir='ltr'><strong>τῶν</strong></span> <span class='ocrx_word' id='word_1_448' title='bbox 1544 4206 1841 4287; x_wconf 72' lang='grc' dir='ltr'>δυσχερῶνο</span> <span class='ocrx_word' id='word_1_449' title='bbox 1876 4209 2005 4275; x_wconf 65' lang='grc' dir='ltr'>ἴσως</span> 
     </span>
    </p>
   </div>
   <div class='ocr_carea' id='block_1_62' title="bbox 362 4292 2011 4377">
    <p class='ocr_par' dir='ltr' id='par_1_62' title="bbox 362 4292 2011 4377">
     <span class='ocr_line' id='line_1_62' title="bbox 362 4292 2011 4377; baseline 0.004 -26"><span class='ocrx_word' id='word_1_450' title='bbox 362 4292 421 4351; x_wconf 59' lang='grc' dir='ltr'><strong>δέ</strong></span> <span class='ocrx_word' id='word_1_451' title='bbox 454 4294 577 4351; x_wconf 74' lang='grc' dir='ltr'>οὐδὲ</span> <span class='ocrx_word' id='word_1_452' title='bbox 618 4297 778 4373; x_wconf 83' lang='grc' dir='ltr'>μέγα,</span> <span class='ocrx_word' id='word_1_453' title='bbox 830 4295 977 4375; x_wconf 62' lang='grc' dir='ltr'>εἷίπιρ</span> <span class='ocrx_word' id='word_1_454' title='bbox 1021 4296 1232 4368; x_wconf 79' lang='grc' dir='ltr'>ἀληθὴς</span> <span class='ocrx_word' id='word_1_455' title='bbox 1283 4299 1310 4353; x_wconf 91' lang='lat'><strong>6</strong></span> <span class='ocrx_word' id='word_1_456' title='bbox 1339 4296 1527 4374; x_wconf 87' lang='grc' dir='ltr'>λόγος,</span> <span class='ocrx_word' id='word_1_457' title='bbox 1579 4298 1659 4354; x_wconf 86' lang='grc' dir='ltr'><strong>ὅτι</strong></span> <span class='ocrx_word' id='word_1_458' title='bbox 1704 4302 1797 4355; x_wconf 87' lang='grc' dir='ltr'>Ὃν</span> <span class='ocrx_word' id='word_1_459' title='bbox 1832 4301 2011 4377; x_wconf 84' lang='grc' dir='ltr'>ἀγαπᾷ</span> 
     </span>
    </p>
   </div>
   <div class='ocr_carea' id='block_1_63' title="bbox 361 4385 2007 4464">
    <p class='ocr_par' dir='ltr' id='par_1_63' title="bbox 361 4385 2007 4464">
     <span class='ocr_line' id='line_1_63' title="bbox 361 4385 2007 4464; baseline 0.004 -24"><span class='ocrx_word' id='word_1_460' title='bbox 361 4386 560 4463; x_wconf 79' lang='grc' dir='ltr'>Κύριος</span> <span class='ocrx_word' id='word_1_461' title='bbox 611 4385 875 4459; x_wconf 86' lang='grc' dir='ltr'>παιδεύει,</span> <span class='ocrx_word' id='word_1_462' title='bbox 935 4393 1189 4464; x_wconf 88' lang='grc' dir='ltr'>μαστιγοῖ</span> <span class='ocrx_word' id='word_1_463' title='bbox 1244 4385 1301 4443; x_wconf 72' lang='grc' dir='ltr'>δὲ</span> <span class='ocrx_word' id='word_1_464' title='bbox 1357 4388 1529 4443; x_wconf 90' lang='grc' dir='ltr'>πάντα</span> <span class='ocrx_word' id='word_1_465' title='bbox 1587 4390 1701 4445; x_wconf 73' lang='grc' dir='ltr'>υἱὸν</span> <span class='ocrx_word' id='word_1_466' title='bbox 1759 4386 1816 4444; x_wconf 75' lang='grc' dir='ltr'>ὃν</span> <span class='ocrx_word' id='word_1_467' title='bbox 1876 4413 2007 4446; x_wconf 89' lang='grc' dir='ltr'>πα-</span> 
     </span>
    </p>
   </div>
   <div class='ocr_carea' id='block_1_64' title="bbox 2094 2073 3739 2145">
    <p class='ocr_par' dir='ltr' id='par_1_64' title="bbox 2094 2073 3739 2145">
     <span class='ocr_line' id='line_1_64' title="bbox 2094 2073 3739 2145; baseline 0.005 -17"><span class='ocrx_word' id='word_1_468' title='bbox 2094 2074 2319 2129; x_wconf 88' lang='lat' dir='ltr'><strong>Rursus</strong></span> <span class='ocrx_word' id='word_1_469' title='bbox 2335 2073 2494 2129; x_wconf 89' lang='lat' dir='ltr'><strong>Jovis</strong></span> <span class='ocrx_word' id='word_1_470' title='bbox 2516 2075 2851 2145; x_wconf 85' lang='lat' dir='ltr'><strong>sepulcrum</strong></span> <span class='ocrx_word' id='word_1_471' title='bbox 2871 2076 2929 2130; x_wconf 92' lang='lat' dir='ltr'><strong>in</strong></span> <span class='ocrx_word' id='word_1_472' title='bbox 2952 2078 3121 2133; x_wconf 87' lang='lat' dir='ltr'><strong>Creta</strong></span> <span class='ocrx_word' id='word_1_473' title='bbox 3140 2078 3488 2135; x_wconf 85' lang='lat' dir='ltr'><strong>ostenditur.</strong></span> <span class='ocrx_word' id='word_1_474' title='bbox 3504 2080 3739 2145; x_wconf 80' lang='lat' dir='ltr'><strong>Quoties</strong></span> 
     </span>
    </p>
   </div>
   <div class='ocr_carea' id='block_1_65' title="bbox 2098 2162 3739 2239">
    <p class='ocr_par' dir='ltr' id='par_1_65' title="bbox 2098 2162 3739 2239">
     <span class='ocr_line' id='line_1_65' title="bbox 2098 2162 3739 2239; baseline 0.004 -22"><span class='ocrx_word' id='word_1_475' title='bbox 2098 2162 2373 2217; x_wconf 89' lang='lat' dir='ltr'><strong>Lucrium</strong></span> <span class='ocrx_word' id='word_1_476' title='bbox 2404 2166 2595 2232; x_wconf 88' lang='lat' dir='ltr'><strong>tuum,</strong></span> <span class='ocrx_word' id='word_1_477' title='bbox 2619 2169 2676 2220; x_wconf 90' lang='lat' dir='ltr'><strong>et</strong></span> <span class='ocrx_word' id='word_1_478' title='bbox 2704 2163 2967 2235; x_wconf 85' lang='lat' dir='ltr'><strong>Logium,</strong></span> <span class='ocrx_word' id='word_1_479' title='bbox 3000 2170 3057 2220; x_wconf 89' lang='lat' dir='ltr'><strong>et</strong></span> <span class='ocrx_word' id='word_1_480' title='bbox 3086 2166 3453 2237; x_wconf 89' lang='lat' dir='ltr'><strong>Enagonium</strong></span> <span class='ocrx_word' id='word_1_481' title='bbox 3487 2168 3739 2239; x_wconf 89' lang='lat' dir='ltr'><strong>intueor,</strong></span> 
     </span>
    </p>
   </div>
   <div class='ocr_carea' id='block_1_66' title="bbox 2098 2250 3739 2325">
    <p class='ocr_par' dir='ltr' id='par_1_66' title="bbox 2098 2250 3739 2325">
     <span class='ocr_line' id='line_1_66' title="bbox 2098 2250 3739 2325; baseline 0.003 -19"><span class='ocrx_word' id='word_1_482' title='bbox 2098 2250 2296 2306; x_wconf 88' lang='lat' dir='ltr'><strong>oculos</strong></span> <span class='ocrx_word' id='word_1_483' title='bbox 2325 2251 2555 2324; x_wconf 86' lang='lat' dir='ltr'><strong>obtego,</strong></span> <span class='ocrx_word' id='word_1_484' title='bbox 2608 2269 2674 2308; x_wconf 90' lang='lat' dir='ltr'><strong>ac</strong></span> <span class='ocrx_word' id='word_1_485' title='bbox 2724 2253 3041 2324; x_wconf 85' lang='lat' dir='ltr'><strong>spectaculi</strong></span> <span class='ocrx_word' id='word_1_486' title='bbox 3097 2254 3316 2325; x_wconf 90' lang='lat' dir='ltr'><strong>pudore</strong></span> <span class='ocrx_word' id='word_1_487' title='bbox 3360 2256 3535 2310; x_wconf 91' lang='lat' dir='ltr'><strong>deum</strong></span> <span class='ocrx_word' id='word_1_488' title='bbox 3569 2265 3739 2311; x_wconf 90' lang='lat' dir='ltr'><strong>tuum</strong></span> 
     </span>
    </p>
   </div>
   <div class='ocr_carea' id='block_1_67' title="bbox 2100 2339 3741 2412">
    <p class='ocr_par' dir='ltr' id='par_1_67' title="bbox 2100 2339 3741 2412">
     <span class='ocr_line' id='line_1_67' title="bbox 2100 2339 3741 2412; baseline 0.004 -18"><span class='ocrx_word' id='word_1_489' title='bbox 2100 2346 2396 2411; x_wconf 77' lang='lat' dir='ltr'><strong>praetereo.</strong></span> <span class='ocrx_word' id='word_1_490' title='bbox 2456 2339 2587 2396; x_wconf 90' lang='lat' dir='ltr'><strong>Tibi</strong></span> <span class='ocrx_word' id='word_1_491' title='bbox 2641 2357 2774 2396; x_wconf 88' lang='lat' dir='ltr'><strong>vero</strong></span> <span class='ocrx_word' id='word_1_492' title='bbox 2824 2358 2925 2412; x_wconf 92' lang='lat' dir='ltr'><strong>per</strong></span> <span class='ocrx_word' id='word_1_493' title='bbox 2960 2359 3048 2397; x_wconf 92' lang='lat' dir='ltr'><strong>me</strong></span> <span class='ocrx_word' id='word_1_494' title='bbox 3081 2359 3221 2398; x_wconf 85' lang='lat' dir='ltr'><strong>sane</strong></span> <span class='ocrx_word' id='word_1_495' title='bbox 3249 2342 3418 2399; x_wconf 90' lang='lat' dir='ltr'><strong>liceat</strong></span> <span class='ocrx_word' id='word_1_496' title='bbox 3450 2347 3741 2400; x_wconf 88' lang='lat' dir='ltr'><strong>sermonis</strong></span> 
     </span>
    </p>
   </div>
   <div class='ocr_carea' id='block_1_68' title="bbox 2098 2429 3742 2489">
    <p class='ocr_par' dir='ltr' id='par_1_68' title="bbox 2098 2429 3742 2489">
     <span class='ocr_line' id='line_1_68' title="bbox 2098 2429 3742 2489; baseline 0.002 -4"><span class='ocrx_word' id='word_1_497' title='bbox 2098 2430 2529 2485; x_wconf 90' lang='lat' dir='ltr'><strong>contentionem</strong></span> <span class='ocrx_word' id='word_1_498' title='bbox 2551 2434 2607 2485; x_wconf 91' lang='lat' dir='ltr'><strong>et</strong></span> <span class='ocrx_word' id='word_1_499' title='bbox 2627 2429 2925 2486; x_wconf 89' lang='lat' dir='ltr'><strong>sacculum</strong></span> <span class='ocrx_word' id='word_1_500' title='bbox 2959 2433 3217 2488; x_wconf 87' lang='lat' dir='ltr'><strong>adorare.</strong></span> <span class='ocrx_word' id='word_1_501' title='bbox 3245 2432 3437 2488; x_wconf 88' lang='lat' dir='ltr'><strong>Unum</strong></span> <span class='ocrx_word' id='word_1_502' title='bbox 3469 2433 3657 2489; x_wconf 90' lang='lat' dir='ltr'><strong>solum</strong></span> <span class='ocrx_word' id='word_1_503' title='bbox 3683 2434 3742 2489; x_wconf 93' lang='lat' dir='ltr'><strong>in</strong></span> 
     </span>
    </p>
   </div>
   <div class='ocr_carea' id='block_1_69' title="bbox 2101 2518 3741 2592">
    <p class='ocr_par' dir='ltr' id='par_1_69' title="bbox 2101 2518 3741 2592">
     <span class='ocr_line' id='line_1_69' title="bbox 2101 2518 3741 2592; baseline 0.004 -19"><span class='ocrx_word' id='word_1_504' title='bbox 2101 2518 2221 2573; x_wconf 89' lang='lat' dir='ltr'><strong>tuis</strong></span> <span class='ocrx_word' id='word_1_505' title='bbox 2251 2518 2424 2574; x_wconf 88' lang='lat' dir='ltr'><strong>rebus</strong></span> <span class='ocrx_word' id='word_1_506' title='bbox 2455 2524 2562 2587; x_wconf 88' lang='lat' dir='ltr'><strong>est,</strong></span> <span class='ocrx_word' id='word_1_507' title='bbox 2598 2520 2753 2591; x_wconf 92' lang='lat' dir='ltr'><strong>quod</strong></span> <span class='ocrx_word' id='word_1_508' title='bbox 2784 2521 3213 2576; x_wconf 87' lang='lat' dir='ltr'><strong>venerationem</strong></span> <span class='ocrx_word' id='word_1_509' title='bbox 3248 2522 3741 2592; x_wconf 89' lang='lat' dir='ltr'><strong>mereatur,nimi-</strong></span> 
     </span>
    </p>
   </div>
   <div class='ocr_carea' id='block_1_70' title="bbox 2107 2608 3744 2683">
    <p class='ocr_par' dir='ltr' id='par_1_70' title="bbox 2107 2608 3744 2683">
     <span class='ocr_line' id='line_1_70' title="bbox 2107 2608 3744 2683; baseline 0.004 -22"><span class='ocrx_word' id='word_1_510' title='bbox 2107 2624 2237 2662; x_wconf 91' lang='lat' dir='ltr'><strong>rum</strong></span> <span class='ocrx_word' id='word_1_511' title='bbox 2269 2608 2521 2664; x_wconf 86' lang='lat' dir='ltr'><strong>honores</strong></span> <span class='ocrx_word' id='word_1_512' title='bbox 2552 2608 2615 2674; x_wconf 91' lang='lat' dir='ltr'><strong>ii,</strong></span> <span class='ocrx_word' id='word_1_513' title='bbox 2647 2608 2746 2680; x_wconf 91' lang='lat' dir='ltr'><strong>qui</strong></span> <span class='ocrx_word' id='word_1_514' title='bbox 2778 2610 2930 2680; x_wconf 88' lang='lat' dir='ltr'><strong>apud</strong></span> <span class='ocrx_word' id='word_1_515' title='bbox 2962 2610 3218 2682; x_wconf 66' lang='lat' dir='ltr'><strong>IEgytios</strong></span> <span class='ocrx_word' id='word_1_516' title='bbox 3241 2610 3367 2667; x_wconf 91' lang='lat' dir='ltr'><strong>Nilo</strong></span> <span class='ocrx_word' id='word_1_517' title='bbox 3401 2628 3501 2683; x_wconf 90' lang='lat' dir='ltr'><strong>per</strong></span> <span class='ocrx_word' id='word_1_518' title='bbox 3531 2612 3744 2667; x_wconf 87' lang='lat' dir='ltr'><strong>andro-</strong></span> 
     </span>
    </p>
   </div>
   <div class='ocr_carea' id='block_1_71' title="bbox 2103 2699 3749 2775">
    <p class='ocr_par' dir='ltr' id='par_1_71' title="bbox 2103 2699 3749 2775">
     <span class='ocr_line' id='line_1_71' title="bbox 2103 2699 3749 2775; baseline 0.002 -22"><span class='ocrx_word' id='word_1_519' title='bbox 2103 2714 2288 2771; x_wconf 80' lang='lat' dir='ltr'><strong>gynos</strong></span> <span class='ocrx_word' id='word_1_520' title='bbox 2318 2699 2627 2765; x_wconf 88' lang='lat' dir='ltr'><strong>habentur,</strong></span> <span class='ocrx_word' id='word_1_521' title='bbox 2657 2704 2715 2755; x_wconf 93' lang='lat' dir='ltr'><strong>et</strong></span> <span class='ocrx_word' id='word_1_522' title='bbox 2744 2700 2949 2769; x_wconf 91' lang='lat' dir='ltr'><strong>lsides,</strong></span> <span class='ocrx_word' id='word_1_523' title='bbox 2983 2706 3040 2756; x_wconf 91' lang='lat' dir='ltr'><strong>et</strong></span> <span class='ocrx_word' id='word_1_524' title='bbox 3070 2701 3351 2758; x_wconf 89' lang='lat' dir='ltr'><strong>Mendesii</strong></span> <span class='ocrx_word' id='word_1_525' title='bbox 3401 2701 3502 2771; x_wconf 89' lang='lat' dir='ltr'><strong>dii,</strong></span> <span class='ocrx_word' id='word_1_526' title='bbox 3534 2708 3592 2758; x_wconf 87' lang='lat' dir='ltr'><strong>et</strong></span> <span class='ocrx_word' id='word_1_527' title='bbox 3622 2703 3749 2775; x_wconf 91' lang='lat' dir='ltr'><strong>api-</strong></span> 
     </span>
    </p>
   </div>
   <div class='ocr_carea' id='block_1_72' title="bbox 2104 2789 3751 2863">
    <p class='ocr_par' dir='ltr' id='par_1_72' title="bbox 2104 2789 3751 2863">
     <span class='ocr_line' id='line_1_72' title="bbox 2104 2789 3751 2863; baseline 0.002 -20"><span class='ocrx_word' id='word_1_528' title='bbox 2104 2789 2227 2857; x_wconf 89' lang='lat' dir='ltr'><strong>des,</strong></span> <span class='ocrx_word' id='word_1_529' title='bbox 2252 2792 2586 2861; x_wconf 65' lang='lat' dir='ltr'><strong>ceteraeque</strong></span> <span class='ocrx_word' id='word_1_530' title='bbox 2617 2806 2821 2845; x_wconf 89' lang='lat' dir='ltr'><strong>omnes</strong></span> <span class='ocrx_word' id='word_1_531' title='bbox 2848 2790 3044 2845; x_wconf 77' lang='lat' dir='ltr'><strong>bestiaa</strong></span> <span class='ocrx_word' id='word_1_532' title='bbox 3065 2806 3134 2846; x_wconf 83' lang='lat' dir='ltr'><strong>ex</strong></span> <span class='ocrx_word' id='word_1_533' title='bbox 3155 2790 3400 2847; x_wconf 82' lang='lat' dir='ltr'><strong>diversis</strong></span> <span class='ocrx_word' id='word_1_534' title='bbox 3430 2792 3751 2863; x_wconf 80' lang='lat' dir='ltr'><strong>generibus</strong></span> 
     </span>
    </p>
   </div>
   <div class='ocr_carea' id='block_1_73' title="bbox 2106 2877 3753 2953">
    <p class='ocr_par' dir='ltr' id='par_1_73' title="bbox 2106 2877 3753 2953">
     <span class='ocr_line' id='line_1_73' title="bbox 2106 2877 3753 2953; baseline 0.003 -21"><span class='ocrx_word' id='word_1_535' title='bbox 2106 2877 2367 2933; x_wconf 62' lang='lat' dir='ltr'><strong>conflata:</strong></span> <span class='ocrx_word' id='word_1_536' title='bbox 2412 2883 2469 2933; x_wconf 89' lang='lat' dir='ltr'><strong>et</strong></span> <span class='ocrx_word' id='word_1_537' title='bbox 2511 2878 2875 2951; x_wconf 65' lang='lat' dir='ltr'><strong>prodigiosa,</strong></span> <span class='ocrx_word' id='word_1_538' title='bbox 2909 2895 3056 2951; x_wconf 89' lang='lat' dir='ltr'><strong>quas</strong></span> <span class='ocrx_word' id='word_1_539' title='bbox 3105 2880 3391 2952; x_wconf 77' lang='lat' dir='ltr'><strong>contingis</strong></span> <span class='ocrx_word' id='word_1_540' title='bbox 3419 2886 3477 2936; x_wconf 90' lang='lat' dir='ltr'><strong>et</strong></span> <span class='ocrx_word' id='word_1_541' title='bbox 3531 2881 3753 2953; x_wconf 80' lang='lat' dir='ltr'><strong>pingis.</strong></span> 
     </span>
    </p>
   </div>
   <div class='ocr_carea' id='block_1_74' title="bbox 2108 2966 3751 3040">
    <p class='ocr_par' dir='ltr' id='par_1_74' title="bbox 2108 2966 3751 3040">
     <span class='ocr_line' id='line_1_74' title="bbox 2108 2966 3751 3040; baseline 0.002 -19"><span class='ocrx_word' id='word_1_542' title='bbox 2108 2966 2263 3021; x_wconf 89' lang='lat' dir='ltr'><strong>Pana</strong></span> <span class='ocrx_word' id='word_1_543' title='bbox 2292 2972 2483 3037; x_wconf 88' lang='lat' dir='ltr'><strong>tuum,</strong></span> <span class='ocrx_word' id='word_1_544' title='bbox 2508 2970 2567 3022; x_wconf 88' lang='lat' dir='ltr'><strong>et</strong></span> <span class='ocrx_word' id='word_1_545' title='bbox 2584 2967 2880 3038; x_wconf 89' lang='lat' dir='ltr'><strong>Priapum,</strong></span> <span class='ocrx_word' id='word_1_546' title='bbox 2905 2972 2962 3023; x_wconf 92' lang='lat' dir='ltr'><strong>et</strong></span> <span class='ocrx_word' id='word_1_547' title='bbox 2983 2968 3535 3040; x_wconf 83' lang='lat' dir='ltr'><strong>Hermaphroditum</strong></span> <span class='ocrx_word' id='word_1_548' title='bbox 3568 2970 3751 3038; x_wconf 91' lang='lat' dir='ltr'><strong>rideo,</strong></span> 
     </span>
    </p>
   </div>
   <div class='ocr_carea' id='block_1_75' title="bbox 2107 3054 3756 3127">
    <p class='ocr_par' dir='ltr' id='par_1_75' title="bbox 2107 3054 3756 3127">
     <span class='ocr_line' id='line_1_75' title="bbox 2107 3054 3756 3127; baseline 0.002 -17"><span class='ocrx_word' id='word_1_549' title='bbox 2107 3056 2364 3126; x_wconf 87' lang='lat' dir='ltr'><strong>deosque</strong></span> <span class='ocrx_word' id='word_1_550' title='bbox 2396 3054 2549 3120; x_wconf 91' lang='lat' dir='ltr'><strong>illos,</strong></span> <span class='ocrx_word' id='word_1_551' title='bbox 2569 3054 2669 3127; x_wconf 91' lang='lat' dir='ltr'><strong>qui</strong></span> <span class='ocrx_word' id='word_1_552' title='bbox 2694 3072 2809 3126; x_wconf 76' lang='lat' dir='ltr'><strong>praa</strong></span> <span class='ocrx_word' id='word_1_553' title='bbox 2842 3057 3033 3112; x_wconf 81' lang='lat' dir='ltr'><strong>lurore</strong></span> <span class='ocrx_word' id='word_1_554' title='bbox 3064 3058 3342 3114; x_wconf 87' lang='lat' dir='ltr'><strong>membris</strong></span> <span class='ocrx_word' id='word_1_555' title='bbox 3372 3058 3624 3115; x_wconf 85' lang='lat' dir='ltr'><strong>truncati</strong></span> <span class='ocrx_word' id='word_1_556' title='bbox 3652 3063 3756 3114; x_wconf 87' lang='lat' dir='ltr'><strong>aut</strong></span> 
     </span>
    </p>
   </div>
   <div class='ocr_carea' id='block_1_76' title="bbox 2108 3142 3752 3219">
    <p class='ocr_par' dir='ltr' id='par_1_76' title="bbox 2108 3142 3752 3219">
     <span class='ocr_line' id='line_1_76' title="bbox 2108 3142 3752 3219; baseline 0.003 -21"><span class='ocrx_word' id='word_1_557' title='bbox 2108 3142 2385 3215; x_wconf 85' lang='lat' dir='ltr'><strong>discerpti</strong></span> <span class='ocrx_word' id='word_1_558' title='bbox 2412 3148 2571 3198; x_wconf 89' lang='lat' dir='ltr'><strong>sunt.</strong></span> <span class='ocrx_word' id='word_1_559' title='bbox 2604 3143 2822 3199; x_wconf 87' lang='lat' dir='ltr'><strong>Verum</strong></span> <span class='ocrx_word' id='word_1_560' title='bbox 2850 3144 2973 3200; x_wconf 64' lang='lat' dir='ltr'><strong>haec</strong></span> <span class='ocrx_word' id='word_1_561' title='bbox 3004 3146 3242 3217; x_wconf 87' lang='lat' dir='ltr'><strong>quidem</strong></span> <span class='ocrx_word' id='word_1_562' title='bbox 3275 3162 3485 3217; x_wconf 67' lang='lat' dir='ltr'><strong>scenae,</strong></span> <span class='ocrx_word' id='word_1_563' title='bbox 3518 3164 3584 3202; x_wconf 87' lang='lat' dir='ltr'><strong>ac</strong></span> <span class='ocrx_word' id='word_1_564' title='bbox 3616 3162 3752 3219; x_wconf 86' lang='lat' dir='ltr'><strong>poe-</strong></span> 
     </span>
    </p>
   </div>
   <div class='ocr_carea' id='block_1_77' title="bbox 2106 3232 3757 3309">
    <p class='ocr_par' dir='ltr' id='par_1_77' title="bbox 2106 3232 3757 3309">
     <span class='ocr_line' id='line_1_77' title="bbox 2106 3232 3757 3309; baseline 0.002 -22"><span class='ocrx_word' id='word_1_565' title='bbox 2106 3232 2183 3288; x_wconf 90' lang='lat' dir='ltr'><strong>tis</strong></span> <span class='ocrx_word' id='word_1_566' title='bbox 2214 3249 2312 3288; x_wconf 89' lang='lat' dir='ltr'><strong>eos</strong></span> <span class='ocrx_word' id='word_1_567' title='bbox 2343 3232 2781 3301; x_wconf 82' lang='lat' dir='ltr'><strong>exornantibus,</strong></span> <span class='ocrx_word' id='word_1_568' title='bbox 2804 3234 3131 3305; x_wconf 87' lang='lat' dir='ltr'><strong>relinquam</strong></span> <span class='ocrx_word' id='word_1_569' title='bbox 3157 3253 3169 3291; x_wconf 74' lang='grc' dir='ltr'>ε</span> <span class='ocrx_word' id='word_1_570' title='bbox 3195 3252 3300 3309; x_wconf 89' lang='lat' dir='ltr'><strong>ego</strong></span> <span class='ocrx_word' id='word_1_571' title='bbox 3332 3241 3525 3293; x_wconf 87' lang='lat' dir='ltr'><strong>autem</strong></span> <span class='ocrx_word' id='word_1_572' title='bbox 3561 3236 3757 3291; x_wconf 89' lang='lat' dir='ltr'><strong>admo-</strong></span> 
     </span>
    </p>
   </div>
   <div class='ocr_carea' id='block_1_78' title="bbox 2028 3294 3361 3394">
    <p class='ocr_par' dir='ltr' id='par_1_78' title="bbox 2028 3294 3361 3394">
     <span class='ocr_line' id='line_1_78' title="bbox 2028 3294 3361 3394; baseline 0.003 -17"><span class='ocrx_word' id='word_1_573' title='bbox 2028 3294 2070 3361; x_wconf 66' lang='grc' dir='ltr'>Ο</span> <span class='ocrx_word' id='word_1_574' title='bbox 2111 3322 2332 3377; x_wconf 89' lang='lat' dir='ltr'><strong>nitione</strong></span> <span class='ocrx_word' id='word_1_575' title='bbox 2364 3322 2616 3394; x_wconf 88' lang='lat' dir='ltr'><strong>quadam</strong></span> <span class='ocrx_word' id='word_1_576' title='bbox 2640 3323 2964 3379; x_wconf 88' lang='lat' dir='ltr'><strong>orationem</strong></span> <span class='ocrx_word' id='word_1_577' title='bbox 2995 3325 3361 3381; x_wconf 88' lang='lat' dir='ltr'><strong>concludam.</strong></span> 
     </span>
    </p>
   </div>
   <div class='ocr_carea' id='block_1_79' title="bbox 2177 3410 3759 3486">
    <p class='ocr_par' dir='ltr' id='par_1_79' title="bbox 2177 3410 3759 3486">
     <span class='ocr_line' id='line_1_79' title="bbox 2177 3410 3759 3486; baseline 0.004 -20"><span class='ocrx_word' id='word_1_578' title='bbox 2177 3410 2418 3467; x_wconf 85' lang='lat' dir='ltr'><strong>XXXIII.</strong></span> <span class='ocrx_word' id='word_1_579' title='bbox 2457 3411 2575 3467; x_wconf 90' lang='lat' dir='ltr'><strong>Viri</strong></span> <span class='ocrx_word' id='word_1_580' title='bbox 2607 3411 2787 3467; x_wconf 90' lang='lat' dir='ltr'><strong>simul</strong></span> <span class='ocrx_word' id='word_1_581' title='bbox 2843 3418 2898 3469; x_wconf 91' lang='lat' dir='ltr'><strong>et</strong></span> <span class='ocrx_word' id='word_1_582' title='bbox 2946 3414 3196 3482; x_wconf 75' lang='lat' dir='ltr'><strong>feminas,</strong></span> <span class='ocrx_word' id='word_1_583' title='bbox 3235 3415 3484 3486; x_wconf 84' lang='lat' dir='ltr'><strong>juvenes</strong></span> <span class='ocrx_word' id='word_1_584' title='bbox 3526 3414 3667 3472; x_wconf 86' lang='lat' dir='ltr'><strong>item</strong></span> <span class='ocrx_word' id='word_1_585' title='bbox 3700 3419 3759 3472; x_wconf 90' lang='lat' dir='ltr'><strong>et</strong></span> 
     </span>
    </p>
   </div>
   <div class='ocr_carea' id='block_1_80' title="bbox 2115 3503 3758 3577">
    <p class='ocr_par' dir='ltr' id='par_1_80' title="bbox 2115 3503 3758 3577">
     <span class='ocr_line' id='line_1_80' title="bbox 2115 3503 3758 3577; baseline 0.002 -20"><span class='ocrx_word' id='word_1_586' title='bbox 2115 3517 2305 3569; x_wconf 88' lang='lat' dir='ltr'><strong>senes,</strong></span> <span class='ocrx_word' id='word_1_587' title='bbox 2336 3508 2459 3557; x_wconf 89' lang='lat' dir='ltr'><strong>tam</strong></span> <span class='ocrx_word' id='word_1_588' title='bbox 2493 3503 2593 3574; x_wconf 93' lang='lat' dir='ltr'><strong>qui</strong></span> <span class='ocrx_word' id='word_1_589' title='bbox 2624 3504 2694 3558; x_wconf 87' lang='lat' dir='ltr'><strong>ad</strong></span> <span class='ocrx_word' id='word_1_590' title='bbox 2721 3503 2830 3560; x_wconf 91' lang='lat' dir='ltr'><strong>hoc</strong></span> <span class='ocrx_word' id='word_1_591' title='bbox 2860 3504 3180 3560; x_wconf 87' lang='lat' dir='ltr'><strong>sacrarium</strong></span> <span class='ocrx_word' id='word_1_592' title='bbox 3212 3506 3378 3560; x_wconf 85' lang='lat' dir='ltr'><strong>asciti</strong></span> <span class='ocrx_word' id='word_1_593' title='bbox 3408 3505 3758 3577; x_wconf 86' lang='lat' dir='ltr'><strong>estis,quam</strong></span> 
     </span>
    </p>
   </div>
   <div class='ocr_carea' id='block_1_81' title="bbox 2115 3590 3758 3666">
    <p class='ocr_par' dir='ltr' id='par_1_81' title="bbox 2115 3590 3758 3666">
     <span class='ocr_line' id='line_1_81' title="bbox 2115 3590 3758 3666; baseline 0.002 -21"><span class='ocrx_word' id='word_1_594' title='bbox 2115 3591 2213 3663; x_wconf 89' lang='lat' dir='ltr'><strong>qui</strong></span> <span class='ocrx_word' id='word_1_595' title='bbox 2245 3591 2578 3648; x_wconf 86' lang='lat' dir='ltr'><strong>inferiorem</strong></span> <span class='ocrx_word' id='word_1_596' title='bbox 2611 3590 2803 3648; x_wconf 87' lang='lat' dir='ltr'><strong>locum</strong></span> <span class='ocrx_word' id='word_1_597' title='bbox 2835 3594 3071 3665; x_wconf 88' lang='lat' dir='ltr'><strong>tenetis,</strong></span> <span class='ocrx_word' id='word_1_598' title='bbox 3096 3610 3301 3650; x_wconf 89' lang='lat' dir='ltr'><strong>omnes</strong></span> <span class='ocrx_word' id='word_1_599' title='bbox 3330 3593 3758 3666; x_wconf 89' lang='lat' dir='ltr'><strong>denique,quos</strong></span> 
     </span>
    </p>
   </div>
   <div class='ocr_carea' id='block_1_82' title="bbox 2115 3679 3759 3753">
    <p class='ocr_par' dir='ltr' id='par_1_82' title="bbox 2115 3679 3759 3753">
     <span class='ocr_line' id='line_1_82' title="bbox 2115 3679 3759 3753; baseline 0.002 -19"><span class='ocrx_word' id='word_1_600' title='bbox 2115 3679 2419 3747; x_wconf 89' lang='lat' dir='ltr'><strong>Dominus,</strong></span> <span class='ocrx_word' id='word_1_601' title='bbox 2448 3685 2511 3735; x_wconf 91' lang='lat' dir='ltr'><strong>ut</strong></span> <span class='ocrx_word' id='word_1_602' title='bbox 2541 3681 2704 3751; x_wconf 88' lang='lat' dir='ltr'><strong>prius</strong></span> <span class='ocrx_word' id='word_1_603' title='bbox 2735 3683 2806 3737; x_wconf 85' lang='lat' dir='ltr'><strong>ab</strong></span> <span class='ocrx_word' id='word_1_604' title='bbox 2838 3698 3030 3738; x_wconf 90' lang='lat' dir='ltr'><strong>errore</strong></span> <span class='ocrx_word' id='word_1_605' title='bbox 3062 3686 3119 3737; x_wconf 93' lang='lat' dir='ltr'><strong>et</strong></span> <span class='ocrx_word' id='word_1_606' title='bbox 3148 3681 3469 3753; x_wconf 87' lang='lat' dir='ltr'><strong>impietate,</strong></span> <span class='ocrx_word' id='word_1_607' title='bbox 3490 3681 3571 3739; x_wconf 88' lang='lat' dir='ltr'><strong>ita</strong></span> <span class='ocrx_word' id='word_1_608' title='bbox 3600 3699 3759 3738; x_wconf 90' lang='lat' dir='ltr'><strong>nunc</strong></span> 
     </span>
    </p>
   </div>
   <div class='ocr_carea' id='block_1_83' title="bbox 2117 3768 3759 3842">
    <p class='ocr_par' dir='ltr' id='par_1_83' title="bbox 2117 3768 3759 3842">
     <span class='ocr_line' id='line_1_83' title="bbox 2117 3768 3759 3842; baseline 0 -18"><span class='ocrx_word' id='word_1_609' title='bbox 2117 3785 2150 3824; x_wconf 90' lang='lat' dir='ltr'><strong>a</strong></span> <span class='ocrx_word' id='word_1_610' title='bbox 2176 3768 2437 3842; x_wconf 87' lang='lat' dir='ltr'><strong>gentium</strong></span> <span class='ocrx_word' id='word_1_611' title='bbox 2473 3768 2695 3824; x_wconf 91' lang='lat' dir='ltr'><strong>insultu</strong></span> <span class='ocrx_word' id='word_1_612' title='bbox 2742 3773 2800 3824; x_wconf 93' lang='lat' dir='ltr'><strong>et</strong></span> <span class='ocrx_word' id='word_1_613' title='bbox 2842 3769 3247 3841; x_wconf 88' lang='lat' dir='ltr'><strong>impressione,</strong></span> <span class='ocrx_word' id='word_1_614' title='bbox 3282 3768 3589 3840; x_wconf 81' lang='lat' dir='ltr'><strong>malisque,</strong></span> <span class='ocrx_word' id='word_1_615' title='bbox 3619 3786 3759 3841; x_wconf 88' lang='lat' dir='ltr'><strong>par-</strong></span> 
     </span>
    </p>
   </div>
   <div class='ocr_carea' id='block_1_84' title="bbox 2114 3856 3760 3929">
    <p class='ocr_par' dir='ltr' id='par_1_84' title="bbox 2114 3856 3760 3929">
     <span class='ocr_line' id='line_1_84' title="bbox 2114 3856 3760 3929; baseline 0.001 -18"><span class='ocrx_word' id='word_1_616' title='bbox 2114 3856 2221 3912; x_wconf 86' lang='lat' dir='ltr'><strong>tim</strong></span> <span class='ocrx_word' id='word_1_617' title='bbox 2256 3857 2381 3927; x_wconf 88' lang='lat' dir='ltr'><strong>jam</strong></span> <span class='ocrx_word' id='word_1_618' title='bbox 2442 3857 2809 3928; x_wconf 81' lang='lat' dir='ltr'><strong>urgentibus,</strong></span> <span class='ocrx_word' id='word_1_619' title='bbox 2859 3859 3071 3929; x_wconf 89' lang='lat' dir='ltr'><strong>partim</strong></span> <span class='ocrx_word' id='word_1_620' title='bbox 3120 3856 3568 3913; x_wconf 88' lang='lat' dir='ltr'><strong>imminentibus</strong></span> <span class='ocrx_word' id='word_1_621' title='bbox 3612 3856 3760 3912; x_wconf 80' lang='lat' dir='ltr'><strong>libe-</strong></span> 
     </span>
    </p>
   </div>
   <div class='ocr_carea' id='block_1_85' title="bbox 2117 3944 3760 4018">
    <p class='ocr_par' dir='ltr' id='par_1_85' title="bbox 2117 3944 3760 4018">
     <span class='ocr_line' id='line_1_85' title="bbox 2117 3944 3760 4018; baseline -0.001 -18"><span class='ocrx_word' id='word_1_622' title='bbox 2117 3946 2285 4015; x_wconf 90' lang='lat' dir='ltr'><strong>ravit,</strong></span> <span class='ocrx_word' id='word_1_623' title='bbox 2319 3945 2517 4001; x_wconf 88' lang='lat' dir='ltr'><strong>audite</strong></span> <span class='ocrx_word' id='word_1_624' title='bbox 2547 3946 2872 4002; x_wconf 89' lang='lat' dir='ltr'><strong>orationem</strong></span> <span class='ocrx_word' id='word_1_625' title='bbox 2924 3945 3030 4001; x_wconf 91' lang='lat' dir='ltr'><strong>viri</strong></span> <span class='ocrx_word' id='word_1_626' title='bbox 3065 3963 3240 4018; x_wconf 88' lang='lat' dir='ltr'><strong>quem</strong></span> <span class='ocrx_word' id='word_1_627' title='bbox 3276 3950 3399 4000; x_wconf 91' lang='lat' dir='ltr'><strong>tum</strong></span> <span class='ocrx_word' id='word_1_628' title='bbox 3432 3944 3760 4016; x_wconf 87' lang='lat' dir='ltr'><strong>quotidiani</strong></span> 
     </span>
    </p>
   </div>
   <div class='ocr_carea' id='block_1_86' title="bbox 2118 4034 3759 4105">
    <p class='ocr_par' dir='ltr' id='par_1_86' title="bbox 2118 4034 3759 4105">
     <span class='ocr_line' id='line_1_86' title="bbox 2118 4034 3759 4105; baseline 0 -16"><span class='ocrx_word' id='word_1_629' title='bbox 2118 4051 2310 4090; x_wconf 89' lang='lat' dir='ltr'><strong>rerum</strong></span> <span class='ocrx_word' id='word_1_630' title='bbox 2368 4039 2630 4105; x_wconf 89' lang='lat' dir='ltr'><strong>eventus,</strong></span> <span class='ocrx_word' id='word_1_631' title='bbox 2687 4040 2813 4089; x_wconf 91' lang='lat' dir='ltr'><strong>tum</strong></span> <span class='ocrx_word' id='word_1_632' title='bbox 2884 4040 3109 4090; x_wconf 86' lang='lat' dir='ltr'><strong>veteres</strong></span> <span class='ocrx_word' id='word_1_633' title='bbox 3176 4034 3431 4089; x_wconf 66' lang='lat' dir='ltr'><strong>historiae</strong></span> <span class='ocrx_word' id='word_1_634' title='bbox 3487 4039 3546 4089; x_wconf 92' lang='lat' dir='ltr'><strong>et</strong></span> <span class='ocrx_word' id='word_1_635' title='bbox 3604 4034 3759 4102; x_wconf 90' lang='lat' dir='ltr'><strong>libri,</strong></span> 
     </span>
    </p>
   </div>
   <div class='ocr_carea' id='block_1_87' title="bbox 2116 4122 3761 4195">
    <p class='ocr_par' dir='ltr' id='par_1_87' title="bbox 2116 4122 3761 4195">
     <span class='ocr_line' id='line_1_87' title="bbox 2116 4122 3761 4195; baseline -0.001 -16"><span class='ocrx_word' id='word_1_636' title='bbox 2116 4128 2174 4179; x_wconf 90' lang='lat' dir='ltr'><strong>et</strong></span> <span class='ocrx_word' id='word_1_637' title='bbox 2242 4139 2334 4179; x_wconf 87' lang='lat' dir='ltr'><strong>res</strong></span> <span class='ocrx_word' id='word_1_638' title='bbox 2410 4127 2606 4195; x_wconf 84' lang='lat' dir='ltr'><strong>gestae,</strong></span> <span class='ocrx_word' id='word_1_639' title='bbox 2667 4140 2782 4178; x_wconf 90' lang='lat' dir='ltr'><strong>non</strong></span> <span class='ocrx_word' id='word_1_640' title='bbox 2852 4124 3223 4179; x_wconf 86' lang='lat' dir='ltr'><strong>mediocriter</strong></span> <span class='ocrx_word' id='word_1_641' title='bbox 3299 4123 3359 4177; x_wconf 91' lang='lat' dir='ltr'><strong>in</strong></span> <span class='ocrx_word' id='word_1_642' title='bbox 3417 4122 3761 4193; x_wconf 86' lang='lat' dir='ltr'><strong>hujusmodi</strong></span> 
     </span>
    </p>
   </div>
   <div class='ocr_carea' id='block_1_88' title="bbox 2118 4210 3761 4284">
    <p class='ocr_par' dir='ltr' id='par_1_88' title="bbox 2118 4210 3761 4284">
     <span class='ocr_line' id='line_1_88' title="bbox 2118 4210 3761 4284; baseline -0.001 -16"><span class='ocrx_word' id='word_1_643' title='bbox 2118 4213 2291 4269; x_wconf 91' lang='lat' dir='ltr'><strong>rebus</strong></span> <span class='ocrx_word' id='word_1_644' title='bbox 2357 4211 2717 4267; x_wconf 90' lang='lat' dir='ltr'><strong>erudierunt.</strong></span> <span class='ocrx_word' id='word_1_645' title='bbox 2790 4211 3064 4283; x_wconf 85' lang='lat' dir='ltr'><strong>Magnum</strong></span> <span class='ocrx_word' id='word_1_646' title='bbox 3137 4212 3375 4284; x_wconf 83' lang='lat' dir='ltr'><strong>quidem</strong></span> <span class='ocrx_word' id='word_1_647' title='bbox 3444 4217 3554 4283; x_wconf 87' lang='lat' dir='ltr'><strong>est,</strong></span> <span class='ocrx_word' id='word_1_648' title='bbox 3615 4210 3761 4267; x_wconf 86' lang='lat' dir='ltr'><strong>nihil</strong></span> 
     </span>
    </p>
   </div>
   <div class='ocr_carea' id='block_1_89' title="bbox 2120 4301 3762 4373">
    <p class='ocr_par' dir='ltr' id='par_1_89' title="bbox 2120 4301 3762 4373">
     <span class='ocr_line' id='line_1_89' title="bbox 2120 4301 3762 4373; baseline 0 -16"><span class='ocrx_word' id='word_1_649' title='bbox 2120 4301 2347 4358; x_wconf 90' lang='lat' dir='ltr'><strong>molesti</strong></span> <span class='ocrx_word' id='word_1_650' title='bbox 2404 4302 2771 4372; x_wconf 85' lang='lat' dir='ltr'><strong>degustasse,</strong></span> <span class='ocrx_word' id='word_1_651' title='bbox 2822 4302 2939 4356; x_wconf 89' lang='lat' dir='ltr'><strong>imo</strong></span> <span class='ocrx_word' id='word_1_652' title='bbox 2999 4317 3102 4356; x_wconf 90' lang='lat' dir='ltr'><strong>nec</strong></span> <span class='ocrx_word' id='word_1_653' title='bbox 3152 4317 3433 4373; x_wconf 87' lang='lat' dir='ltr'><strong>magnum</strong></span> <span class='ocrx_word' id='word_1_654' title='bbox 3493 4301 3762 4367; x_wconf 84' lang='lat' dir='ltr'><strong>fortasse,</strong></span> 
     </span>
    </p>
   </div>
   <div class='ocr_carea' id='block_1_90' title="bbox 2118 4388 3762 4458">
    <p class='ocr_par' dir='ltr' id='par_1_90' title="bbox 2118 4388 3762 4458">
     <span class='ocr_line' id='line_1_90' title="bbox 2118 4388 3762 4458; baseline -0.001 -11"><span class='ocrx_word' id='word_1_655' title='bbox 2118 4392 2165 4447; x_wconf 92' lang='lat' dir='ltr'><strong>si</strong></span> <span class='ocrx_word' id='word_1_656' title='bbox 2202 4392 2372 4446; x_wconf 84' lang='lat' dir='ltr'><strong>modo</strong></span> <span class='ocrx_word' id='word_1_657' title='bbox 2428 4406 2600 4445; x_wconf 88' lang='lat' dir='ltr'><strong>verus</strong></span> <span class='ocrx_word' id='word_1_658' title='bbox 2633 4388 2726 4444; x_wconf 93' lang='lat' dir='ltr'><strong>hic</strong></span> <span class='ocrx_word' id='word_1_659' title='bbox 2784 4406 2975 4445; x_wconf 88' lang='lat' dir='ltr'><strong>sermo</strong></span> <span class='ocrx_word' id='word_1_660' title='bbox 3024 4394 3112 4445; x_wconf 91' lang='lat' dir='ltr'><strong>est</strong></span> <span class='ocrx_word' id='word_1_661' title='bbox 3144 4407 3158 4447; x_wconf 90' lang='lat'><strong>:</strong></span> <span class='ocrx_word' id='word_1_662' title='bbox 3193 4390 3363 4458; x_wconf 85' lang='lat' dir='ltr'><strong>Quem</strong></span> <span class='ocrx_word' id='word_1_663' title='bbox 3412 4390 3553 4445; x_wconf 83' lang='lat' dir='ltr'><strong>Deus</strong></span> <span class='ocrx_word' id='word_1_664' title='bbox 3590 4392 3762 4458; x_wconf 80' lang='lat' dir='ltr'><strong>amat,</strong></span> 
     </span>
    </p>
   </div>
   <div class='ocr_carea' id='block_1_91' title="bbox 363 4471 1991 4554">
    <p class='ocr_par' dir='ltr' id='par_1_91' title="bbox 363 4471 1991 4554">
     <span class='ocr_line' id='line_1_91' title="bbox 363 4471 1991 4554; baseline 0.005 -26"><span class='ocrx_word' id='word_1_665' title='bbox 363 4471 671 4550; x_wconf 80' lang='grc' dir='ltr'>ραδέχεται,</span> <span class='ocrx_word' id='word_1_666' title='bbox 714 4476 803 4531; x_wconf 87' lang='grc' dir='ltr'><strong>καὶ</strong></span> <span class='ocrx_word' id='word_1_667' title='bbox 857 4475 920 4532; x_wconf 79' lang='grc' dir='ltr'>οὗ</span> <span class='ocrx_word' id='word_1_668' title='bbox 968 4474 1209 4548; x_wconf 84' lang='grc' dir='ltr'>κήδεται.</span> <span class='ocrx_word' id='word_1_669' title='bbox 1253 4476 1431 4533; x_wconf 85' lang='grc' dir='ltr'>Ἀλλὰ</span> <span class='ocrx_word' id='word_1_670' title='bbox 1463 4478 1599 4554; x_wconf 84' lang='grc' dir='ltr'>μέγα</span> <span class='ocrx_word' id='word_1_671' title='bbox 1645 4478 1740 4551; x_wconf 73' lang='grc' dir='ltr'><strong>μέν</strong></span> <span class='ocrx_word' id='word_1_672' title='bbox 1769 4481 1831 4535; x_wconf 87' lang='grc' dir='ltr'><strong>τὸ</strong></span> <span class='ocrx_word' id='word_1_673' title='bbox 1867 4479 1991 4554; x_wconf 83' lang='grc' dir='ltr'>μηδῖ</span> 
     </span>
    </p>
   </div>
   <div class='ocr_carea' id='block_1_92' title="bbox 2102 4471 3767 4554">
    <p class='ocr_par' dir='ltr' id='par_1_92' title="bbox 2116 4478 3767 4551">
     <span class='ocr_line' id='line_1_92' title="bbox 2116 4478 3767 4551; baseline -0.001 -16"><span class='ocrx_word' id='word_1_674' title='bbox 2116 4482 2388 4551; x_wconf 80' lang='lat' dir='ltr'><strong>castigat;</strong></span> <span class='ocrx_word' id='word_1_675' title='bbox 2415 4487 2465 4534; x_wconf 81' lang='lat' dir='ltr'><strong>et</strong></span> <span class='ocrx_word' id='word_1_676' title='bbox 2490 4478 2733 4550; x_wconf 83' lang='lat' dir='ltr'><strong>ﬂagellat</strong></span> <span class='ocrx_word' id='word_1_677' title='bbox 2762 4495 2977 4534; x_wconf 82' lang='lat' dir='ltr'><strong>omnem</strong></span> <span class='ocrx_word' id='word_1_678' title='bbox 3015 4479 3198 4548; x_wconf 77' lang='lat' dir='ltr'><strong>ﬁlium</strong></span> <span class='ocrx_word' id='word_1_679' title='bbox 3239 4495 3398 4550; x_wconf 87' lang='lat' dir='ltr'><strong>quem</strong></span> <span class='ocrx_word' id='word_1_680' title='bbox 3446 4480 3667 4549; x_wconf 78' lang='lat' dir='ltr'><strong>recipit,</strong></span> <span class='ocrx_word' id='word_1_681' title='bbox 3714 4482 3767 4534; x_wconf 78' lang='lat' dir='ltr'><strong>et</strong></span> 
     </span>
    </p>
   </div>
   <div class='ocr_carea' id='block_1_93' title="bbox 358 4558 1991 4644">
    <p class='ocr_par' dir='ltr' id='par_1_93' title="bbox 358 4562 1991 4643">
     <span class='ocr_line' id='line_1_93' title="bbox 358 4562 1991 4643; baseline 0.006 -27"><span class='ocrx_word' id='word_1_682' title='bbox 358 4563 459 4630; x_wconf 77' lang='grc' dir='ltr'><strong>τὴν</strong></span> <span class='ocrx_word' id='word_1_683' title='bbox 508 4562 685 4639; x_wconf 71' lang='grc' dir='ltr'>ἀρχὴν</span> <span class='ocrx_word' id='word_1_684' title='bbox 733 4570 919 4639; x_wconf 84' lang='grc' dir='ltr'>τυχεῖν</span> <span class='ocrx_word' id='word_1_685' title='bbox 975 4564 1367 4640; x_wconf 87' lang='grc' dir='ltr'>διαμαρτόντας</span> <span class='ocrx_word' id='word_1_686' title='bbox 1419 4568 1551 4641; x_wconf 90' lang='grc'>(60),</span> <span class='ocrx_word' id='word_1_687' title='bbox 1602 4566 1636 4637; x_wconf 71' lang='grc' dir='ltr'><strong>ἢ</strong></span> <span class='ocrx_word' id='word_1_688' title='bbox 1689 4569 1765 4641; x_wconf 74' lang='grc' dir='ltr'>μὴ</span> <span class='ocrx_word' id='word_1_689' title='bbox 1805 4570 1873 4624; x_wconf 81' lang='grc' dir='ltr'>τὰ</span> <span class='ocrx_word' id='word_1_690' title='bbox 1907 4571 1991 4643; x_wconf 86' lang='grc' dir='ltr'>μέ-</span> 
     </span>
    </p>
   </div>
   <div class='ocr_carea' id='block_1_94' title="bbox 2102 4558 3763 4644">
    <p class='ocr_par' dir='ltr' id='par_1_94' title="bbox 2104 4566 3763 4644">
     <span class='ocr_line' id='line_1_94' title="bbox 2104 4566 3763 4644; baseline -0.001 -18"><span class='ocrx_word' id='word_1_691' title='bbox 2104 4573 2258 4644; x_wconf 84' lang='lat' dir='ltr'><strong>cujus</strong></span> <span class='ocrx_word' id='word_1_692' title='bbox 2285 4585 2479 4625; x_wconf 86' lang='lat' dir='ltr'><strong>curam</strong></span> <span class='ocrx_word' id='word_1_693' title='bbox 2510 4568 2734 4624; x_wconf 78' lang='lat' dir='ltr'><strong>habet’.</strong></span> <span class='ocrx_word' id='word_1_694' title='bbox 2764 4566 2912 4622; x_wconf 90' lang='lat' dir='ltr'><strong>Illud</strong></span> <span class='ocrx_word' id='word_1_695' title='bbox 2932 4584 3063 4624; x_wconf 88' lang='lat' dir='ltr'><strong>vero</strong></span> <span class='ocrx_word' id='word_1_696' title='bbox 3098 4583 3402 4640; x_wconf 85' lang='lat' dir='ltr'><strong>magnum,</strong></span> <span class='ocrx_word' id='word_1_697' title='bbox 3425 4583 3498 4623; x_wconf 92' lang='lat' dir='ltr'><strong>ne</strong></span> <span class='ocrx_word' id='word_1_698' title='bbox 3524 4567 3763 4624; x_wconf 91' lang='lat' dir='ltr'><strong>omnino</strong></span> 
     </span>
    </p>
   </div>
   <div class='ocr_carea' id='block_1_95' title="bbox 432 4663 1321 4735">
    <p class='ocr_par' dir='ltr' id='par_1_95' title="bbox 432 4663 1321 4735">
     <span class='ocr_line' id='line_1_95' title="bbox 432 4663 1321 4735; baseline 0.002 -16"><span class='ocrx_word' id='word_1_699' title='bbox 432 4664 455 4698; x_wconf 80' lang='grc'>³</span> <span class='ocrx_word' id='word_1_700' title='bbox 483 4663 646 4720; x_wconf 91' lang='lat' dir='ltr'><strong>Prov.</strong></span> <span class='ocrx_word' id='word_1_701' title='bbox 680 4680 767 4733; x_wconf 82' lang='grc' dir='ltr'>ιιι,</span> <span class='ocrx_word' id='word_1_702' title='bbox 801 4667 897 4735; x_wconf 89' lang='grc'><strong>12;</strong></span> <span class='ocrx_word' id='word_1_703' title='bbox 930 4667 1105 4723; x_wconf 88' lang='lat' dir='ltr'><strong>Hebr.</strong></span> <span class='ocrx_word' id='word_1_704' title='bbox 1137 4683 1239 4734; x_wconf 83' lang='lat' dir='ltr'><strong>xu,</strong></span> <span class='ocrx_word' id='word_1_705' title='bbox 1267 4668 1321 4721; x_wconf 89' lang='lat'>6.</span> 
     </span>
    </p>
   </div>
   <div class='ocr_carea' id='block_1_96' title="bbox 432 4768 2001 4847">
    <p class='ocr_par' dir='ltr' id='par_1_96' title="bbox 432 4768 2001 4847">
     <span class='ocr_line' id='line_1_96' title="bbox 432 4768 2001 4847; baseline 0.007 -22"><span class='ocrx_word' id='word_1_706' title='bbox 432 4768 544 4847; x_wconf 38' lang='lat'><strong>(:68)</strong></span> <span class='ocrx_word' id='word_1_707' title='bbox 574 4770 765 4847; x_wconf 81' lang='grc' dir='ltr'>Χορόν.</span> <span class='ocrx_word' id='word_1_708' title='bbox 798 4773 882 4830; x_wconf 90' lang='lat' dir='ltr'><strong>Ita</strong></span> <span class='ocrx_word' id='word_1_709' title='bbox 913 4774 1089 4847; x_wconf 86' lang='lat' dir='ltr'><strong>Regg.</strong></span> <span class='ocrx_word' id='word_1_710' title='bbox 1124 4778 1393 4847; x_wconf 88' lang='lat' dir='ltr'><strong>quatuor,</strong></span> <span class='ocrx_word' id='word_1_711' title='bbox 1426 4773 1584 4847; x_wconf 79' lang='lat' dir='ltr'><strong>Colb.</strong></span> <span class='ocrx_word' id='word_1_712' title='bbox 1608 4775 1674 4847; x_wconf 67' lang='grc' dir='ltr'><strong>2,Δ</strong></span> <span class='ocrx_word' id='word_1_713' title='bbox 1694 4776 1848 4845; x_wconf 87' lang='lat' dir='ltr'><strong>Sav.,</strong></span> <span class='ocrx_word' id='word_1_714' title='bbox 1871 4779 2001 4836; x_wconf 83' lang='lat' dir='ltr'><strong>Alb.</strong></span> 
     </span>
    </p>
   </div>
   <div class='ocr_carea' id='block_1_97' title="bbox 357 4844 1729 4921">
    <p class='ocr_par' dir='ltr' id='par_1_97' title="bbox 357 4844 1729 4921">
     <span class='ocr_line' id='line_1_97' title="bbox 357 4844 1729 4921; baseline 0.004 -23"><span class='ocrx_word' id='word_1_715' title='bbox 357 4845 624 4921; x_wconf 49' lang='lat' dir='ltr'><strong>attigi-v1:</strong></span> <span class='ocrx_word' id='word_1_716' title='bbox 652 4844 777 4921; x_wconf 77' lang='lat' dir='ltr'><strong>Par.</strong></span> <span class='ocrx_word' id='word_1_717' title='bbox 812 4848 904 4901; x_wconf 91' lang='lat' dir='ltr'><strong>ed.</strong></span> <span class='ocrx_word' id='word_1_718' title='bbox 939 4844 1072 4921; x_wconf 63' lang='lat' dir='ltr'><strong>cum</strong></span> <span class='ocrx_word' id='word_1_719' title='bbox 1104 4844 1305 4917; x_wconf 78' lang='lat' dir='ltr'><strong>paucis</strong></span> <span class='ocrx_word' id='word_1_720' title='bbox 1336 4846 1503 4902; x_wconf 85' lang='lat' dir='ltr'><strong>codd.</strong></span> <span class='ocrx_word' id='word_1_721' title='bbox 1536 4844 1729 4921; x_wconf 79' lang='grc' dir='ltr'>χορός.</span> 
     </span>
    </p>
   </div>
   <div class='ocr_carea' id='block_1_98' title="bbox 431 4912 2006 4989">
    <p class='ocr_par' dir='ltr' id='par_1_98' title="bbox 431 4912 2006 4989">
     <span class='ocr_line' id='line_1_98' title="bbox 431 4912 2006 4989; baseline 0.008 -22"><span class='ocrx_word' id='word_1_722' title='bbox 431 4912 546 4984; x_wconf 75' lang='grc'>(49)</span> <span class='ocrx_word' id='word_1_723' title='bbox 579 4913 906 4989; x_wconf 82' lang='grc' dir='ltr'>Προσύμνῳ.</span> <span class='ocrx_word' id='word_1_724' title='bbox 942 4940 969 4968; x_wconf 81' lang='grc' dir='ltr'>ι(</span> <span class='ocrx_word' id='word_1_725' title='bbox 1012 4912 1405 4974; x_wconf 77' lang='lat' dir='ltr'><strong>Prosumnum</strong></span> <span class='ocrx_word' id='word_1_726' title='bbox 1455 4938 1485 4968; x_wconf 73' lang='grc' dir='ltr'>ι)</span> <span class='ocrx_word' id='word_1_727' title='bbox 1528 4912 1696 4974; x_wconf 74' lang='lat' dir='ltr'><strong>vocat</strong></span> <span class='ocrx_word' id='word_1_728' title='bbox 1740 4918 2006 4979; x_wconf 85' lang='lat' dir='ltr'><strong>Clemens</strong></span> 
     </span>
    </p>
   </div>
   <div class='ocr_carea' id='block_1_99' title="bbox 356 4984 1935 5057">
    <p class='ocr_par' dir='ltr' id='par_1_99' title="bbox 356 4984 1935 5057">
     <span class='ocr_line' id='line_1_99' title="bbox 356 4984 1935 5057; baseline 0.006 -18"><span class='ocrx_word' id='word_1_729' title='bbox 356 4984 520 5057; x_wconf 82' lang='lat' dir='ltr'><strong>Alex.</strong></span> <span class='ocrx_word' id='word_1_730' title='bbox 557 4984 879 5057; x_wconf 81' lang='lat' dir='ltr'><strong>Pausanias</strong></span> <span class='ocrx_word' id='word_1_731' title='bbox 911 5006 1040 5046; x_wconf 90' lang='lat' dir='ltr'><strong>vero</strong></span> <span class='ocrx_word' id='word_1_732' title='bbox 1071 4995 1129 5045; x_wconf 89' lang='lat' dir='ltr'><strong>et</strong></span> <span class='ocrx_word' id='word_1_733' title='bbox 1156 4992 1420 5057; x_wconf 88' lang='lat' dir='ltr'><strong>Nonnus,</strong></span> <span class='ocrx_word' id='word_1_734' title='bbox 1455 5008 1477 5037; x_wconf 76' lang='grc' dir='ltr'><strong>ι</strong></span> <span class='ocrx_word' id='word_1_735' title='bbox 1510 4991 1878 5057; x_wconf 83' lang='lat' dir='ltr'><strong>Polymnum.</strong></span> <span class='ocrx_word' id='word_1_736' title='bbox 1907 5015 1935 5044; x_wconf 84' lang='lat'><strong>»</strong></span> 
     </span>
    </p>
   </div>
   <div class='ocr_carea' id='block_1_100' title="bbox 432 5055 2005 5135">
    <p class='ocr_par' dir='ltr' id='par_1_100' title="bbox 432 5055 2005 5135">
     <span class='ocr_line' id='line_1_100' title="bbox 432 5055 2005 5135; baseline 0.008 -26"><span class='ocrx_word' id='word_1_737' title='bbox 432 5056 546 5127; x_wconf 89' lang='grc'>(50)</span> <span class='ocrx_word' id='word_1_738' title='bbox 580 5055 797 5131; x_wconf 86' lang='grc' dir='ltr'>Δείμου.</span> <span class='ocrx_word' id='word_1_739' title='bbox 832 5061 1009 5135; x_wconf 86' lang='lat' dir='ltr'><strong>Regg.</strong></span> <span class='ocrx_word' id='word_1_740' title='bbox 1044 5061 1171 5135; x_wconf 86' lang='lat' dir='ltr'><strong>hm,</strong></span> <span class='ocrx_word' id='word_1_741' title='bbox 1194 5061 1298 5135; x_wconf 81' lang='lat' dir='ltr'><strong>hu,</strong></span> <span class='ocrx_word' id='word_1_742' title='bbox 1329 5055 1486 5117; x_wconf 90' lang='lat' dir='ltr'><strong>Colb.</strong></span> <span class='ocrx_word' id='word_1_743' title='bbox 1519 5062 1577 5129; x_wconf 86' lang='lat' dir='ltr'><strong>k,</strong></span> <span class='ocrx_word' id='word_1_744' title='bbox 1608 5055 1734 5135; x_wconf 73' lang='lat' dir='ltr'><strong>ipse</strong></span> <span class='ocrx_word' id='word_1_745' title='bbox 1776 5062 2005 5133; x_wconf 90' lang='lat' dir='ltr'><strong>Billius,</strong></span> 
     </span>
    </p>
   </div>
   <div class='ocr_carea' id='block_1_101' title="bbox 360 5120 1794 5267">
    <p class='ocr_par' dir='ltr' id='par_1_101' title="bbox 360 5120 1794 5267">
     <span class='ocr_line' id='line_1_101' title="bbox 360 5120 1794 5205; baseline -0.007 -10"><span class='ocrx_word' id='word_1_746' title='bbox 360 5120 448 5195; x_wconf 43' lang='grc' dir='ltr'>δή</span> <span class='ocrx_word' id='word_1_747' title='bbox 485 5120 566 5198; x_wconf 70' lang='grc' dir='ltr'><strong>ού,</strong></span> <span class='ocrx_word' id='word_1_748' title='bbox 601 5153 628 5179; x_wconf 85' lang='grc'><strong>‹‹</strong></span> <span class='ocrx_word' id='word_1_749' title='bbox 664 5120 797 5187; x_wconf 80' lang='lat' dir='ltr'><strong>cum</strong></span> <span class='ocrx_word' id='word_1_750' title='bbox 834 5120 1068 5205; x_wconf 58' lang='lat' dir='ltr'><strong>populo,</strong></span> <span class='ocrx_word' id='word_1_751' title='bbox 1100 5155 1129 5181; x_wconf 87' lang='lat'><strong>»</strong></span> <span class='ocrx_word' id='word_1_752' title='bbox 1154 5120 1216 5188; x_wconf 79' lang='lat' dir='ltr'><strong>id</strong></span> <span class='ocrx_word' id='word_1_753' title='bbox 1251 5120 1357 5201; x_wconf 82' lang='lat' dir='ltr'><strong>est,</strong></span> <span class='ocrx_word' id='word_1_754' title='bbox 1394 5154 1422 5183; x_wconf 86' lang='grc'><strong>‹‹</strong></span> <span class='ocrx_word' id='word_1_755' title='bbox 1453 5120 1728 5190; x_wconf 73' lang='lat' dir='ltr'><strong>exercitu.</strong></span> <span class='ocrx_word' id='word_1_756' title='bbox 1765 5157 1794 5186; x_wconf 84' lang='grc'><strong>››</strong></span> 
     </span>
     <span class='ocr_line' id='line_1_102' title="bbox 434 5148 1792 5267; baseline -0.007 0"><span class='ocrx_word' id='word_1_757' title='bbox 434 5148 549 5267; x_wconf 56' lang='lat' dir='ltr'><strong>lg”</strong></span> <span class='ocrx_word' id='word_1_758' title='bbox 584 5202 845 5267; x_wconf 78' lang='grc' dir='ltr'>Μήστωρ.</span> <span class='ocrx_word' id='word_1_759' title='bbox 879 5205 985 5263; x_wconf 87' lang='lat' dir='ltr'><strong>Sex</strong></span> <span class='ocrx_word' id='word_1_760' title='bbox 1021 5205 1197 5267; x_wconf 74' lang='lat' dir='ltr'><strong>Regg.</strong></span> <span class='ocrx_word' id='word_1_761' title='bbox 1230 5208 1287 5259; x_wconf 90' lang='lat' dir='ltr'><strong>et</strong></span> <span class='ocrx_word' id='word_1_762' title='bbox 1316 5204 1478 5259; x_wconf 80' lang='lat' dir='ltr'><strong>Pass.</strong></span> <span class='ocrx_word' id='word_1_763' title='bbox 1515 5204 1792 5267; x_wconf 82' lang='grc' dir='ltr'>μνήστωρ.</span> 
     </span>
    </p>
   </div>
   <div class='ocr_carea' id='block_1_102' title="bbox 436 5204 2007 5358">
    <p class='ocr_par' dir='ltr' id='par_1_102' title="bbox 436 5204 2007 5358">
     <span class='ocr_line' id='line_1_103' title="bbox 436 5204 1792 5281; baseline 0.003 -23"><span class='ocrx_word' id='word_1_764' title='bbox 436 5204 549 5268; x_wconf 80' lang='grc'>(51)</span> <span class='ocrx_word' id='word_1_765' title='bbox 584 5204 845 5279; x_wconf 80' lang='grc' dir='ltr'>Μήστωρ.</span> <span class='ocrx_word' id='word_1_766' title='bbox 879 5205 985 5263; x_wconf 86' lang='lat' dir='ltr'><strong>Sex</strong></span> <span class='ocrx_word' id='word_1_767' title='bbox 1021 5205 1197 5278; x_wconf 88' lang='lat' dir='ltr'><strong>Regg.</strong></span> <span class='ocrx_word' id='word_1_768' title='bbox 1230 5208 1287 5259; x_wconf 90' lang='lat' dir='ltr'><strong>et</strong></span> <span class='ocrx_word' id='word_1_769' title='bbox 1316 5204 1478 5259; x_wconf 82' lang='lat' dir='ltr'><strong>Pass.</strong></span> <span class='ocrx_word' id='word_1_770' title='bbox 1515 5204 1792 5281; x_wconf 85' lang='grc' dir='ltr'>μνήστωρ.</span> 
     </span>
     <span class='ocr_line' id='line_1_104' title="bbox 436 5270 2007 5358; baseline 0.005 -34"><span class='ocrx_word' id='word_1_771' title='bbox 436 5270 551 5358; x_wconf 56' lang='lat'><strong>(5‘2)</strong></span> <span class='ocrx_word' id='word_1_772' title='bbox 583 5272 921 5358; x_wconf 71' lang='grc' dir='ltr'>Ἐναγῴνιον.</span> <span class='ocrx_word' id='word_1_773' title='bbox 971 5276 1177 5358; x_wconf 78' lang='lat' dir='ltr'><strong>Billius</strong></span> <span class='ocrx_word' id='word_1_774' title='bbox 1208 5273 1417 5358; x_wconf 66' lang='lat' dir='ltr'><strong>reddit,</strong></span> <span class='ocrx_word' id='word_1_775' title='bbox 1450 5298 1477 5325; x_wconf 90' lang='grc'><strong>‹‹</strong></span> <span class='ocrx_word' id='word_1_776' title='bbox 1616 5276 1794 5358; x_wconf 77' lang='lat' dir='ltr'><strong>veluti</strong></span> <span class='ocrx_word' id='word_1_777' title='bbox 1826 5277 2007 5358; x_wconf 79' lang='lat' dir='ltr'><strong>L_Ogli,</strong></span> 
     </span>
    </p>
   </div>
   <div class='ocr_carea' id='block_1_103' title="bbox 360 5318 2007 5417">
    <p class='ocr_par' dir='ltr' id='par_1_103' title="bbox 360 5318 2007 5417">
     <span class='ocr_line' id='line_1_105' title="bbox 360 5318 2007 5417; baseline 0.004 -21"><span class='ocrx_word' id='word_1_778' title='bbox 360 5318 469 5397; x_wconf 72' lang='lat' dir='ltr'><strong>seu</strong></span> <span class='ocrx_word' id='word_1_779' title='bbox 492 5318 1001 5417; x_wconf 63' lang='lat' dir='ltr'><strong>Mercurlimomen</strong></span> <span class='ocrx_word' id='word_1_780' title='bbox 1025 5352 1236 5404; x_wconf 84' lang='lat' dir='ltr'><strong>esset.»</strong></span> <span class='ocrx_word' id='word_1_781' title='bbox 1258 5318 1495 5402; x_wconf 68' lang='lat' dir='ltr'><strong>Comlm</strong></span> <span class='ocrx_word' id='word_1_782' title='bbox 1516 5347 1729 5403; x_wconf 88' lang='lat' dir='ltr'><strong>Mentis</strong></span> <span class='ocrx_word' id='word_1_783' title='bbox 1746 5318 2007 5417; x_wconf 57' lang='lat' dir='ltr'><strong>anxiubm:</strong></span> 
     </span>
    </p>
   </div>
   <div class='ocr_carea' id='block_1_104' title="bbox 360 5414 2009 5485">
    <p class='ocr_par' dir='ltr' id='par_1_104' title="bbox 360 5414 2009 5485">
     <span class='ocr_line' id='line_1_106' title="bbox 360 5414 2009 5485; baseline 0.005 -18"><span class='ocrx_word' id='word_1_784' title='bbox 360 5429 485 5468; x_wconf 87' lang='lat' dir='ltr'><strong>non</strong></span> <span class='ocrx_word' id='word_1_785' title='bbox 518 5414 706 5474; x_wconf 91' lang='lat' dir='ltr'><strong>solum</strong></span> <span class='ocrx_word' id='word_1_786' title='bbox 741 5420 1029 5477; x_wconf 88' lang='lat' dir='ltr'><strong>sermonis</strong></span> <span class='ocrx_word' id='word_1_787' title='bbox 1059 5420 1450 5485; x_wconf 87' lang='lat' dir='ltr'><strong>contentione,</strong></span> <span class='ocrx_word' id='word_1_788' title='bbox 1484 5418 1585 5474; x_wconf 87' lang='lat' dir='ltr'><strong>sed</strong></span> <span class='ocrx_word' id='word_1_789' title='bbox 1616 5419 1790 5474; x_wconf 89' lang='lat' dir='ltr'><strong>etiam</strong></span> <span class='ocrx_word' id='word_1_790' title='bbox 1825 5414 2009 5475; x_wconf 57' lang='lat' dir='ltr'><strong>furtoé</strong></span> 
     </span>
    </p>
   </div>
   <div class='ocr_carea' id='block_1_105' title="bbox 360 5487 2005 5563">
    <p class='ocr_par' dir='ltr' id='par_1_105' title="bbox 360 5487 2005 5563">
     <span class='ocr_line' id='line_1_107' title="bbox 360 5487 2005 5563; baseline 0.005 -24"><span class='ocrx_word' id='word_1_791' title='bbox 360 5500 498 5540; x_wconf 83' lang='lat' dir='ltr'><strong>rum</strong></span> <span class='ocrx_word' id='word_1_792' title='bbox 530 5487 860 5563; x_wconf 75' lang='lat' dir='ltr'><strong>disciplina.</strong></span> <span class='ocrx_word' id='word_1_793' title='bbox 887 5516 909 5545; x_wconf 75' lang='grc' dir='ltr'><strong><em>ι</em></strong></span> <span class='ocrx_word' id='word_1_794' title='bbox 935 5491 1114 5548; x_wconf 89' lang='lat' dir='ltr'><strong>Mont.</strong></span> <span class='ocrx_word' id='word_1_795' title='bbox 1143 5488 1488 5563; x_wconf 80' lang='grc' dir='ltr'>Ἐναγώνιος,</span> <span class='ocrx_word' id='word_1_796' title='bbox 1515 5513 1543 5539; x_wconf 85' lang='grc'><strong>››</strong></span> <span class='ocrx_word' id='word_1_797' title='bbox 1575 5489 1924 5563; x_wconf 67' lang='grc' dir='ltr'>Ραὶωεῐιοίὶθε</span> <span class='ocrx_word' id='word_1_798' title='bbox 1947 5516 1960 5559; x_wconf 77' lang='grc' dir='ltr'><strong>ς</strong></span> <span class='ocrx_word' id='word_1_799' title='bbox 1985 5514 2005 5541; x_wconf 77' lang='grc' dir='ltr'><strong>ι</strong></span> 
     </span>
    </p>
   </div>
   <div class='ocr_carea' id='block_1_106' title="bbox 360 5559 2009 5635">
    <p class='ocr_par' dir='ltr' id='par_1_106' title="bbox 360 5559 2009 5635">
     <span class='ocr_line' id='line_1_108' title="bbox 360 5559 2009 5635; baseline 0.004 -23"><span class='ocrx_word' id='word_1_800' title='bbox 360 5573 505 5635; x_wconf 75' lang='lat' dir='ltr'><strong>pem</strong></span> <span class='ocrx_word' id='word_1_801' title='bbox 546 5559 873 5620; x_wconf 83' lang='lat' dir='ltr'><strong>Mercurius</strong></span> <span class='ocrx_word' id='word_1_802' title='bbox 918 5562 1204 5635; x_wconf 62' lang='lat' dir='ltr'><strong>palwstris</strong></span> <span class='ocrx_word' id='word_1_803' title='bbox 1234 5559 1520 5635; x_wconf 22' lang='lat' dir='ltr'><strong>praeerata</strong></span> <span class='ocrx_word' id='word_1_804' title='bbox 1545 5562 1733 5635; x_wconf 85' lang='lat' dir='ltr'><strong>Quare</strong></span> <span class='ocrx_word' id='word_1_805' title='bbox 1780 5562 1837 5635; x_wconf 83' lang='lat' dir='ltr'><strong>in</strong></span> <span class='ocrx_word' id='word_1_806' title='bbox 1882 5562 2009 5635; x_wconf 86' lang='lat' dir='ltr'><strong>ipso</strong></span> 
     </span>
    </p>
   </div>
   <div class='ocr_carea' id='block_1_107' title="bbox 358 5628 2012 5710">
    <p class='ocr_par' dir='ltr' id='par_1_107' title="bbox 358 5628 2012 5710">
     <span class='ocr_line' id='line_1_109' title="bbox 358 5628 2012 5710; baseline 0.002 -26"><span class='ocrx_word' id='word_1_807' title='bbox 358 5628 648 5710; x_wconf 74' lang='lat' dir='ltr'><strong>ingressu</strong></span> <span class='ocrx_word' id='word_1_808' title='bbox 670 5636 844 5692; x_wconf 90' lang='lat' dir='ltr'><strong>stadii</strong></span> <span class='ocrx_word' id='word_1_809' title='bbox 885 5628 1168 5710; x_wconf 61' lang='lat' dir='ltr'><strong>Olympici</strong></span> <span class='ocrx_word' id='word_1_810' title='bbox 1199 5628 1439 5710; x_wconf 62' lang='lat' dir='ltr'><strong>arafuit</strong></span> <span class='ocrx_word' id='word_1_811' title='bbox 1468 5631 1753 5691; x_wconf 83' lang='lat' dir='ltr'><strong>Mercurio</strong></span> <span class='ocrx_word' id='word_1_812' title='bbox 1780 5628 2012 5710; x_wconf 67' lang='grc' dir='ltr'>Ἐναγω-</span> 
     </span>
    </p>
   </div>
   <div class='ocr_carea' id='block_1_108' title="bbox 357 5653 1417 5775">
    <p class='ocr_par' dir='ltr' id='par_1_108' title="bbox 357 5653 1417 5775">
     <span class='ocr_line' id='line_1_110' title="bbox 359 5653 1411 5707; baseline 0.004 -23"><span class='ocrx_word' id='word_1_813' title='bbox 359 5653 637 5701; x_wconf 68' lang='lat' dir='ltr'><strong>ingressu</strong></span> <span class='ocrx_word' id='word_1_814' title='bbox 670 5653 844 5692; x_wconf 78' lang='lat' dir='ltr'><strong>staan</strong></span> <span class='ocrx_word' id='word_1_815' title='bbox 885 5653 948 5691; x_wconf 93' lang='lat' dir='ltr'><strong>Ul</strong></span> <span class='ocrx_word' id='word_1_816' title='bbox 994 5653 1168 5707; x_wconf 80' lang='lat' dir='ltr'><strong>mpici</strong></span> <span class='ocrx_word' id='word_1_817' title='bbox 1199 5653 1299 5691; x_wconf 84' lang='lat' dir='ltr'><strong>ara</strong></span> <span class='ocrx_word' id='word_1_818' title='bbox 1330 5653 1411 5689; x_wconf 81' lang='grc' dir='ltr'><strong>ιω</strong></span> 
     </span>
     <span class='ocr_line' id='line_1_111' title="bbox 357 5653 1417 5775; baseline 0.004 -20"><span class='ocrx_word' id='word_1_819' title='bbox 357 5697 714 5775; x_wconf 31' lang='grc' dir='ltr'>νίῳμᾷὶοειε,</span> <span class='ocrx_word' id='word_1_820' title='bbox 748 5712 812 5763; x_wconf 89' lang='lat' dir='ltr'><strong>ut</strong></span> <span class='ocrx_word' id='word_1_821' title='bbox 841 5653 1047 5764; x_wconf 67' lang='lat' dir='ltr'><strong>cribit</strong></span> <span class='ocrx_word' id='word_1_822' title='bbox 1077 5706 1417 5763; x_wconf 88' lang='lat' dir='ltr'><strong>Pausanias.</strong></span> 
     </span>
    </p>
   </div>
   <div class='ocr_carea' id='block_1_109' title="bbox 435 5771 1939 5855">
    <p class='ocr_par' dir='ltr' id='par_1_109' title="bbox 435 5771 1939 5855">
     <span class='ocr_line' id='line_1_112' title="bbox 435 5771 1939 5855; baseline 0.004 -27"><span class='ocrx_word' id='word_1_823' title='bbox 435 5771 551 5847; x_wconf 88' lang='grc'>(53)</span> <span class='ocrx_word' id='word_1_824' title='bbox 582 5771 938 5855; x_wconf 75' lang='grc' dir='ltr'>Συγκρύπτω.</span> <span class='ocrx_word' id='word_1_825' title='bbox 972 5778 1113 5852; x_wconf 78' lang='lat' dir='ltr'><strong>Reg.</strong></span> <span class='ocrx_word' id='word_1_826' title='bbox 1146 5778 1266 5850; x_wconf 87' lang='lat' dir='ltr'><strong>bm,</strong></span> <span class='ocrx_word' id='word_1_827' title='bbox 1299 5780 1355 5834; x_wconf 87' lang='lat' dir='ltr'><strong>et</strong></span> <span class='ocrx_word' id='word_1_828' title='bbox 1382 5776 1513 5833; x_wconf 88' lang='lat' dir='ltr'><strong>Sav.</strong></span> <span class='ocrx_word' id='word_1_829' title='bbox 1558 5771 1939 5852; x_wconf 84' lang='grc' dir='ltr'>συγκαλύπτω.</span> 
     </span>
    </p>
   </div>
   <div class='ocr_carea' id='block_1_110' title="bbox 2186 4768 3763 4847">
    <p class='ocr_par' dir='ltr' id='par_1_110' title="bbox 2186 4768 3763 4847">
     <span class='ocr_line' id='line_1_113' title="bbox 2186 4768 3763 4847; baseline 0 -16"><span class='ocrx_word' id='word_1_830' title='bbox 2186 4773 2300 4847; x_wconf 75' lang='grc'>(54)</span> <span class='ocrx_word' id='word_1_831' title='bbox 2332 4768 2626 4847; x_wconf 79' lang='grc' dir='ltr'>Μενδήσιοι</span> <span class='ocrx_word' id='word_1_832' title='bbox 2666 4769 2800 4830; x_wconf 85' lang='grc' dir='ltr'>θεοί.</span> <span class='ocrx_word' id='word_1_833' title='bbox 2861 4798 2890 4827; x_wconf 87' lang='grc'><strong>‹‹</strong></span> <span class='ocrx_word' id='word_1_834' title='bbox 2956 4773 3236 4832; x_wconf 85' lang='lat' dir='ltr'><strong>Mendesii</strong></span> <span class='ocrx_word' id='word_1_835' title='bbox 3290 4776 3392 4832; x_wconf 83' lang='lat' dir='ltr'><strong>dli.</strong></span> <span class='ocrx_word' id='word_1_836' title='bbox 3443 4798 3470 4827; x_wconf 81' lang='lat'><strong>»</strong></span> <span class='ocrx_word' id='word_1_837' title='bbox 3523 4775 3763 4831; x_wconf 80' lang='lat' dir='ltr'><strong>Hircum</strong></span> 
     </span>
    </p>
   </div>
   <div class='ocr_carea' id='block_1_111' title="bbox 2117 4845 3766 4919">
    <p class='ocr_par' dir='ltr' id='par_1_111' title="bbox 2117 4845 3766 4919">
     <span class='ocr_line' id='line_1_114' title="bbox 2117 4845 3766 4919; baseline -0.001 -16"><span class='ocrx_word' id='word_1_838' title='bbox 2117 4845 2738 4919; x_wconf 78' lang='lat' dir='ltr'><strong>adorabant/Egyptii,</strong></span> <span class='ocrx_word' id='word_1_839' title='bbox 2761 4851 2819 4902; x_wconf 92' lang='lat' dir='ltr'><strong>et</strong></span> <span class='ocrx_word' id='word_1_840' title='bbox 2838 4865 3039 4903; x_wconf 88' lang='lat' dir='ltr'><strong>eorum</strong></span> <span class='ocrx_word' id='word_1_841' title='bbox 3073 4850 3275 4919; x_wconf 76' lang='lat' dir='ltr'><strong>lingua</strong></span> <span class='ocrx_word' id='word_1_842' title='bbox 3305 4849 3505 4904; x_wconf 90' lang='lat' dir='ltr'><strong>hircus</strong></span> <span class='ocrx_word' id='word_1_843' title='bbox 3536 4869 3564 4897; x_wconf 61' lang='grc' dir='ltr'><strong>(ς</strong></span> <span class='ocrx_word' id='word_1_844' title='bbox 3601 4864 3766 4903; x_wconf 89' lang='lat' dir='ltr'><strong>men-</strong></span> 
     </span>
    </p>
   </div>
   <div class='ocr_carea' id='block_1_112' title="bbox 2116 4915 3766 4989">
    <p class='ocr_par' dir='ltr' id='par_1_112' title="bbox 2116 4915 3766 4989">
     <span class='ocr_line' id='line_1_115' title="bbox 2116 4915 3766 4989; baseline -0.001 -14"><span class='ocrx_word' id='word_1_845' title='bbox 2116 4920 2217 4975; x_wconf 90' lang='lat' dir='ltr'><strong>din</strong></span> <span class='ocrx_word' id='word_1_846' title='bbox 2252 4941 2280 4969; x_wconf 84' lang='lat'><strong><em>»</em></strong></span> <span class='ocrx_word' id='word_1_847' title='bbox 2311 4915 2629 4974; x_wconf 71' lang='lat' dir='ltr'><strong>vocabatur</strong></span> <span class='ocrx_word' id='word_1_848' title='bbox 2681 4915 2902 4975; x_wconf 46' lang='lat' dir='ltr'><strong>{unde</strong></span> <span class='ocrx_word' id='word_1_849' title='bbox 2960 4936 3083 4987; x_wconf 80' lang='lat' dir='ltr'><strong>vox,</strong></span> <span class='ocrx_word' id='word_1_850' title='bbox 3130 4915 3453 4989; x_wconf 69' lang='grc' dir='ltr'>Μενδήσιος,</span> <span class='ocrx_word' id='word_1_851' title='bbox 3504 4919 3766 4975; x_wconf 88' lang='lat' dir='ltr'><strong>derivata</strong></span> 
     </span>
    </p>
   </div>
   <div class='ocr_carea' id='block_1_113' title="bbox 2118 4989 3763 5056">
    <p class='ocr_par' dir='ltr' id='par_1_113' title="bbox 2118 4989 3763 5056">
     <span class='ocr_line' id='line_1_116' title="bbox 2118 4989 3763 5056; baseline 0.001 -11"><span class='ocrx_word' id='word_1_852' title='bbox 2118 4992 2383 5056; x_wconf 85' lang='lat' dir='ltr'><strong>videtur;</strong></span> <span class='ocrx_word' id='word_1_853' title='bbox 2418 4989 2504 5046; x_wconf 88' lang='lat' dir='ltr'><strong>vel</strong></span> <span class='ocrx_word' id='word_1_854' title='bbox 2548 4990 2741 5045; x_wconf 87' lang='lat' dir='ltr'><strong>forsan</strong></span> <span class='ocrx_word' id='word_1_855' title='bbox 2794 4991 2900 5046; x_wconf 92' lang='lat' dir='ltr'><strong>loci</strong></span> <span class='ocrx_word' id='word_1_856' title='bbox 2950 5008 3164 5047; x_wconf 90' lang='lat' dir='ltr'><strong>nomen</strong></span> <span class='ocrx_word' id='word_1_857' title='bbox 3196 4998 3304 5049; x_wconf 90' lang='lat' dir='ltr'><strong>est.</strong></span> <span class='ocrx_word' id='word_1_858' title='bbox 3336 4995 3620 5048; x_wconf 68' lang='lat' dir='ltr'><strong>Ceterum</strong></span> <span class='ocrx_word' id='word_1_859' title='bbox 3673 4989 3763 5047; x_wconf 90' lang='lat' dir='ltr'><strong>hic</strong></span> 
     </span>
    </p>
   </div>
   <div class='ocr_carea' id='block_1_114' title="bbox 2119 5060 2995 5133">
    <p class='ocr_par' dir='ltr' id='par_1_114' title="bbox 2119 5060 2995 5133">
     <span class='ocr_line' id='line_1_117' title="bbox 2119 5060 2995 5133; baseline -0.001 -15"><span class='ocrx_word' id='word_1_860' title='bbox 2119 5063 2333 5119; x_wconf 89' lang='lat' dir='ltr'><strong>ironice</strong></span> <span class='ocrx_word' id='word_1_861' title='bbox 2364 5060 2627 5133; x_wconf 88' lang='lat' dir='ltr'><strong>loquitur</strong></span> <span class='ocrx_word' id='word_1_862' title='bbox 2655 5061 2995 5133; x_wconf 89' lang='lat' dir='ltr'><strong>Gregorius.</strong></span> 
     </span>
    </p>
   </div>
   <div class='ocr_carea' id='block_1_115' title="bbox 2188 5130 3759 5207">
    <p class='ocr_par' dir='ltr' id='par_1_115' title="bbox 2188 5130 3759 5207">
     <span class='ocr_line' id='line_1_118' title="bbox 2188 5130 3759 5207; baseline -0.013 -3"><span class='ocrx_word' id='word_1_863' title='bbox 2188 5134 2296 5204; x_wconf 83' lang='lat'><strong>(55)</strong></span> <span class='ocrx_word' id='word_1_864' title='bbox 2342 5130 2608 5206; x_wconf 76' lang='grc' dir='ltr'>Πρίαπον.</span> <span class='ocrx_word' id='word_1_865' title='bbox 2668 5130 2808 5189; x_wconf 70' lang='lat' dir='ltr'><strong>Mss.</strong></span> <span class='ocrx_word' id='word_1_866' title='bbox 2869 5151 2983 5190; x_wconf 92' lang='lat' dir='ltr'><strong>non</strong></span> <span class='ocrx_word' id='word_1_867' title='bbox 3033 5134 3203 5207; x_wconf 90' lang='lat' dir='ltr'><strong>pauci</strong></span> <span class='ocrx_word' id='word_1_868' title='bbox 3251 5133 3535 5202; x_wconf 83' lang='lat' dir='ltr'><strong>scribunt,</strong></span> <span class='ocrx_word' id='word_1_869' title='bbox 3586 5130 3759 5206; x_wconf 85' lang='grc' dir='ltr'>Πρίη-</span> 
     </span>
    </p>
   </div>
   <div class='ocr_carea' id='block_1_116' title="bbox 2117 5224 2240 5262">
    <p class='ocr_par' dir='ltr' id='par_1_116' title="bbox 2117 5224 2240 5262">
     <span class='ocr_line' id='line_1_119' title="bbox 2117 5224 2240 5262; baseline 0.024 -3"><span class='ocrx_word' id='word_1_870' title='bbox 2117 5224 2240 5262; x_wconf 87' lang='grc' dir='ltr'>πον.</span> 
     </span>
    </p>
   </div>
   <div class='ocr_carea' id='block_1_117' title="bbox 2185 5272 3767 5358">
    <p class='ocr_par' dir='ltr' id='par_1_117' title="bbox 2185 5272 3767 5358">
     <span class='ocr_line' id='line_1_120' title="bbox 2185 5272 3767 5358; baseline -0.001 -27"><span class='ocrx_word' id='word_1_871' title='bbox 2185 5272 2830 5358; x_wconf 43' lang='grc' dir='ltr'>(56).Περικεκομμέν3υς</span> <span class='ocrx_word' id='word_1_872' title='bbox 2931 5272 3372 5358; x_wconf 47' lang='grc' dir='ltr'>διεσπασμένους,</span> <span class='ocrx_word' id='word_1_873' title='bbox 3431 5296 3461 5325; x_wconf 85' lang='grc'><strong>‹‹</strong></span> <span class='ocrx_word' id='word_1_874' title='bbox 3506 5276 3767 5346; x_wconf 85' lang='lat' dir='ltr'><strong>Legeba-</strong></span> 
     </span>
    </p>
   </div>
   <div class='ocr_carea' id='block_1_118' title="bbox 2119 5279 3764 5422">
    <p class='ocr_par' dir='ltr' id='par_1_118' title="bbox 2119 5279 3764 5422">
     <span class='ocr_line' id='line_1_121' title="bbox 2185 5279 3764 5401; baseline -0.001 -70"><span class='ocrx_word' id='word_1_875' title='bbox 2185 5279 2830 5401; x_wconf 42' lang='grc' dir='ltr'>(56).Περικεκομμένους</span> <span class='ocrx_word' id='word_1_876' title='bbox 2862 5279 2896 5344; x_wconf 73' lang='grc' dir='ltr'><strong>ἢ</strong></span> <span class='ocrx_word' id='word_1_877' title='bbox 2931 5279 3372 5346; x_wconf 84' lang='grc' dir='ltr'>διεσπασμένους.</span> <span class='ocrx_word' id='word_1_878' title='bbox 3431 5296 3461 5325; x_wconf 85' lang='grc'><strong>‹‹</strong></span> <span class='ocrx_word' id='word_1_879' title='bbox 3506 5279 3764 5346; x_wconf 86' lang='lat' dir='ltr'><strong>Legeba-</strong></span> 
     </span>
     <span class='ocr_line' id='line_1_122' title="bbox 2119 5347 3764 5422; baseline -0.001 -20"><span class='ocrx_word' id='word_1_880' title='bbox 2119 5352 2215 5422; x_wconf 84' lang='lat' dir='ltr'><strong>tur</strong></span> <span class='ocrx_word' id='word_1_881' title='bbox 2243 5365 2275 5403; x_wconf 92' lang='grc' dir='ltr'><strong>ο</strong></span> <span class='ocrx_word' id='word_1_882' title='bbox 2304 5364 2405 5415; x_wconf 82' lang='lat' dir='ltr'><strong>im,</strong></span> <span class='ocrx_word' id='word_1_883' title='bbox 2447 5352 2693 5422; x_wconf 80' lang='lat' dir='ltr'><strong>»_inqu1t</strong></span> <span class='ocrx_word' id='word_1_884' title='bbox 2722 5347 3524 5422; x_wconf 68' lang='grc' dir='ltr'>Οοωὺρῖ.περιπλεκομένους,</span> <span class='ocrx_word' id='word_1_885' title='bbox 3558 5370 3580 5397; x_wconf 76' lang='grc' dir='ltr'><strong>ι</strong></span> <span class='ocrx_word' id='word_1_886' title='bbox 3604 5362 3764 5403; x_wconf 84' lang='lat' dir='ltr'><strong>com-</strong></span> 
     </span>
    </p>
   </div>
   <div class='ocr_carea' id='block_1_119' title="bbox 2119 5418 3496 5492">
    <p class='ocr_par' dir='ltr' id='par_1_119' title="bbox 2119 5418 3496 5492">
     <span class='ocr_line' id='line_1_123' title="bbox 2119 5418 3496 5492; baseline -0.003 -17"><span class='ocrx_word' id='word_1_887' title='bbox 2119 5420 2388 5492; x_wconf 81' lang='lat' dir='ltr'><strong>plicatos.</strong></span> <span class='ocrx_word' id='word_1_888' title='bbox 2419 5440 2446 5467; x_wconf 85' lang='grc'><strong>››</strong></span> <span class='ocrx_word' id='word_1_889' title='bbox 2480 5419 2540 5473; x_wconf 85' lang='lat' dir='ltr'><strong>In</strong></span> <span class='ocrx_word' id='word_1_890' title='bbox 2573 5422 2734 5492; x_wconf 72' lang='lat' dir='ltr'><strong>Pass.</strong></span> <span class='ocrx_word' id='word_1_891' title='bbox 2770 5420 2954 5489; x_wconf 85' lang='lat' dir='ltr'><strong>deest,</strong></span> <span class='ocrx_word' id='word_1_892' title='bbox 2984 5420 3019 5488; x_wconf 75' lang='grc' dir='ltr'><strong>ἦ</strong></span> <span class='ocrx_word' id='word_1_893' title='bbox 3053 5418 3496 5492; x_wconf 78' lang='grc' dir='ltr'>διεσπασμένους.</span> 
     </span>
    </p>
   </div>
   <div class='ocr_carea' id='block_1_120' title="bbox 2191 5490 3619 5566">
    <p class='ocr_par' dir='ltr' id='par_1_120' title="bbox 2191 5490 3619 5566">
     <span class='ocr_line' id='line_1_124' title="bbox 2191 5490 3619 5566; baseline 0.004 -26"><span class='ocrx_word' id='word_1_894' title='bbox 2191 5491 2298 5566; x_wconf 60' lang='lat'><strong>(57)</strong></span> <span class='ocrx_word' id='word_1_895' title='bbox 2331 5491 2406 5566; x_wconf 63' lang='grc' dir='ltr'><strong>Τῇ</strong></span> <span class='ocrx_word' id='word_1_896' title='bbox 2440 5491 2633 5566; x_wconf 63' lang='grc' dir='ltr'>σκηνῇ.</span> <span class='ocrx_word' id='word_1_897' title='bbox 2668 5490 2839 5566; x_wconf 78' lang='lat' dir='ltr'><strong>Deest</strong></span> <span class='ocrx_word' id='word_1_898' title='bbox 2866 5492 3188 5566; x_wconf 88' lang='lat' dir='ltr'><strong>in__duobus</strong></span> <span class='ocrx_word' id='word_1_899' title='bbox 3226 5490 3421 5566; x_wconf 78' lang='lat' dir='ltr'><strong>Regiis</strong></span> <span class='ocrx_word' id='word_1_900' title='bbox 3450 5490 3619 5547; x_wconf 91' lang='lat' dir='ltr'><strong>codd.</strong></span> 
     </span>
    </p>
   </div>
   <div class='ocr_carea' id='block_1_121' title="bbox 2191 5544 3013 5633">
    <p class='ocr_par' dir='ltr' id='par_1_121' title="bbox 2191 5544 3013 5633">
     <span class='ocr_line' id='line_1_125' title="bbox 2191 5544 3013 5633; baseline 0.004 -16"><span class='ocrx_word' id='word_1_901' title='bbox 2191 5544 2300 5629; x_wconf 74' lang='lat'><strong>(58)</strong></span> <span class='ocrx_word' id='word_1_902' title='bbox 2332 5544 3013 5633; x_wconf 34' lang='lat' dir='ltr'><strong>&quot;dqop;&#39;,,ﬁe§.&#39;bni,&#39;3€52</strong></span> 
     </span>
    </p>
   </div>
   <div class='ocr_carea' id='block_1_122' title="bbox 2124 5626 3760 5761">
    <p class='ocr_par' dir='ltr' id='par_1_122' title="bbox 2124 5626 3760 5761">
     <span class='ocr_line' id='line_1_126' title="bbox 2124 5626 3760 5761; baseline -0.001 -74"><span class='ocrx_word' id='word_1_903' title='bbox 2124 5705 2160 5761; x_wconf 70' lang='grc' dir='ltr'>Ρ</span> <span class='ocrx_word' id='word_1_904' title='bbox 2190 5626 2247 5699; x_wconf 75' lang='grc'><strong>(5</strong></span> <span class='ocrx_word' id='word_1_905' title='bbox 2271 5634 2303 5705; x_wconf 70' lang='grc' dir='ltr'>ε)</span> <span class='ocrx_word' id='word_1_906' title='bbox 2336 5630 2431 5760; x_wconf 48' lang='lat' dir='ltr'><strong>Et;</strong></span> <span class='ocrx_word' id='word_1_907' title='bbox 2468 5626 2699 5705; x_wconf 62' lang='grc' dir='ltr'>βίϐλων.</span> <span class='ocrx_word' id='word_1_908' title='bbox 2734 5626 2904 5693; x_wconf 74' lang='lat' dir='ltr'><strong>Deest</strong></span> <span class='ocrx_word' id='word_1_909' title='bbox 2927 5637 2987 5694; x_wconf 92' lang='lat' dir='ltr'><strong>in</strong></span> <span class='ocrx_word' id='word_1_910' title='bbox 3018 5638 3279 5710; x_wconf 88' lang='lat' dir='ltr'><strong>quinque</strong></span> <span class='ocrx_word' id='word_1_911' title='bbox 3328 5634 3533 5705; x_wconf 82' lang='lat' dir='ltr'><strong>Regg.,</strong></span> <span class='ocrx_word' id='word_1_912' title='bbox 3576 5630 3672 5688; x_wconf 87' lang='lat' dir='ltr'><strong>0r.</strong></span> <span class='ocrx_word' id='word_1_913' title='bbox 3707 5631 3760 5700; x_wconf 90' lang='grc'>1,</span> 
     </span>
     <span class='ocr_line' id='line_1_127' title="bbox 2165 5721 2452 5761; baseline -0.01 0"><span class='ocrx_word' id='word_1_914' title='bbox 2165 5721 2306 5761; x_wconf 83' lang='lat' dir='ltr'><strong>ass..</strong></span> <span class='ocrx_word' id='word_1_915' title='bbox 2439 5744 2452 5758; x_wconf 97' lang='lat'><strong>.</strong></span> 
     </span>
    </p>
   </div>
   <div class='ocr_carea' id='block_1_123' title="bbox 2165 5721 2452 5773">
    <p class='ocr_par' dir='ltr' id='par_1_123' title="bbox 2165 5721 2452 5773">
     <span class='ocr_line' id='line_1_128' title="bbox 2165 5721 2452 5773; baseline -0.007 -12"><span class='ocrx_word' id='word_1_916' title='bbox 2165 5721 2306 5773; x_wconf 83' lang='lat' dir='ltr'><strong>ass.,</strong></span> <span class='ocrx_word' id='word_1_917' title='bbox 2340 5721 2452 5760; x_wconf 84' lang='lat' dir='ltr'><strong>etc.</strong></span> 
     </span>
    </p>
   </div>
   <div class='ocr_carea' id='block_1_124' title="bbox 2193 5772 3762 5855">
    <p class='ocr_par' dir='ltr' id='par_1_124' title="bbox 2193 5772 3762 5855">
     <span class='ocr_line' id='line_1_129' title="bbox 2193 5772 3762 5855; baseline -0.001 -23"><span class='ocrx_word' id='word_1_918' title='bbox 2193 5772 2305 5852; x_wconf 83' lang='lat'><strong>(60)</strong></span> <span class='ocrx_word' id='word_1_919' title='bbox 2327 5774 2438 5846; x_wconf 76' lang='grc' dir='ltr'><strong>Τὴν</strong></span> <span class='ocrx_word' id='word_1_920' title='bbox 2491 5773 2670 5854; x_wconf 73' lang='grc' dir='ltr'>ἀρχὴν</span> <span class='ocrx_word' id='word_1_921' title='bbox 2716 5780 2902 5854; x_wconf 79' lang='grc' dir='ltr'>τυχεῖν</span> <span class='ocrx_word' id='word_1_922' title='bbox 2961 5775 3379 5855; x_wconf 78' lang='grc' dir='ltr'>διαμαρτόντας.</span> <span class='ocrx_word' id='word_1_923' title='bbox 3411 5796 3441 5824; x_wconf 89' lang='grc'><em>‹‹</em></span> <span class='ocrx_word' id='word_1_924' title='bbox 3482 5772 3762 5845; x_wconf 81' lang='lat' dir='ltr'><strong>Magnum</strong></span> 
     </span>
    </p>
   </div>
   <div class='ocr_carea' id='block_1_125' title="bbox 4089 94 4244 5635">
    <p class='ocr_par' dir='ltr' id='par_1_125' title="bbox 4114 1080 4187 5381">
     <span class='ocr_line' id='line_1_130' title="bbox 4114 1080 4169 1089; baseline 0 -4"><span class='ocrx_word' id='word_1_925' title='bbox 4114 1080 4169 1089; x_wconf 81' lang='lat'><strong>,.</strong></span> 
     </span>
     <span class='ocr_line' id='line_1_131' title="bbox 4160 1728 4173 1745; baseline 0 0"><span class='ocrx_word' id='word_1_926' title='bbox 4160 1728 4173 1745; x_wconf 65' lang='grc'><strong>1</strong></span> 
     </span>
     <span class='ocr_line' id='line_1_132' title="bbox 4168 2696 4173 2705; baseline 0 -1"><span class='ocrx_word' id='word_1_927' title='bbox 4168 2696 4173 2705; x_wconf 90' lang='grc'><strong>.</strong></span> 
     </span>
     <span class='ocr_line' id='line_1_133' title="bbox 4168 3056 4173 3067; baseline 0 0"><span class='ocrx_word' id='word_1_928' title='bbox 4168 3056 4173 3067; x_wconf 71' lang='grc' dir='ltr'>ῐ</span> 
     </span>
     <span class='ocr_line' id='line_1_134' title="bbox 4182 3552 4183 3561; baseline 0 0"><span class='ocrx_word' id='word_1_929' title='bbox 4182 3552 4183 3561; x_wconf 61' lang='grc' dir='ltr'><strong>ι</strong></span> 
     </span>
     <span class='ocr_line' id='line_1_135' title="bbox 4132 4000 4187 4027; baseline 0 -6"><span class='ocrx_word' id='word_1_930' title='bbox 4132 4000 4187 4027; x_wconf 68' lang='grc' dir='ltr'><strong>ιι</strong></span> 
     </span>
     <span class='ocr_line' id='line_1_136' title="bbox 4124 4202 4127 4211; baseline 0 0"><span class='ocrx_word' id='word_1_931' title='bbox 4124 4202 4127 4211; x_wconf 77' lang='grc' dir='ltr'><strong>ι</strong></span> 
     </span>
     <span class='ocr_line' id='line_1_137' title="bbox 4160 4940 4163 4949; baseline 0 0"><span class='ocrx_word' id='word_1_932' title='bbox 4160 4940 4163 4949; x_wconf 62' lang='grc' dir='ltr'><strong>ι</strong></span> 
     </span>
     <span class='ocr_line' id='line_1_138' title="bbox 4164 5368 4173 5381; baseline 0 0"><span class='ocrx_word' id='word_1_933' title='bbox 4164 5368 4173 5381; x_wconf 78' lang='lat'><strong><em>\</em></strong></span> 
     </span>
    </p>
   </div>
   <div class='ocr_carea' id='block_1_126' title="bbox 3854 5574 4127 5655">
    <p class='ocr_par' dir='ltr' id='par_1_126' title="bbox 3854 5574 4127 5655">
     <span class='ocr_line' id='line_1_139' title="bbox 3854 5574 4127 5655; baseline 0 -64"><span class='ocrx_word' id='word_1_934' title='bbox 3854 5574 3999 5655; x_wconf 40' lang='grc' dir='ltr'>μμ</span> <span class='ocrx_word' id='word_1_935' title='bbox 4112 5588 4127 5591; x_wconf 89' lang='lat'><em>_</em></span> 
     </span>
    </p>
   </div>
  </div>
