4244 6216
489 452 608 517 ἾΟἹ
1737 440 1802 505 S.
1851 436 2219 505 GREGORII
2266 442 2660 507 THEOLOGI
3795 441 3915 506 708

494 586 731 659 quidem
764 594 1058 655 peccasse,
1095 582 1196 635 aut
1227 584 1381 634 certe
1409 594 1521 633 non
1555 577 1935 650 gravissime:
1962 591 2144 647 quan-

2261 595 2438 649 γιστα·
2493 574 2678 647 ἐπειδή
2737 579 2801 633 τὸ
2853 575 3140 640 παντελῶς
3200 575 3575 654 ἀναμάρτητον
3633 578 3767 652 ὑπὲρ
3813 580 3915 645 τὴν

492 675 808 746 doquidem
838 688 971 726 eum
1006 670 1138 726 vita:
1172 674 1393 724 statum
1427 668 1526 739 qui
1559 667 1717 722 omni
1752 683 1992 737 prorsus
2022 681 2149 735 pec-

495 769 624 820 cato
655 766 841 828 vacet,
892 760 1047 815 Deus
1097 774 1275 828 supra
1328 757 1598 811 humanae
1650 760 1869 810 naturae
1904 755 2146 809 modum

498 851 826 909 constituit.
869 848 1203 905 Proximum
1258 854 1475 907 autem,
1508 850 1573 899 ut
1621 844 1761 899 mihi
1796 845 2041 909 videtur,
2076 842 2145 896 il-

496 940 599 995 lud
633 944 742 1007 est,
776 943 842 993 ut
873 954 1008 994 cum
1040 935 1301 991 admisso
1342 935 1537 1004 aliquo
1595 937 1826 1004 peccato
1877 930 2144 1003 castigati

496 1028 809 1093 fuerimus,
846 1043 911 1083 ac
944 1029 1147 1098 postea
1186 1022 1357 1079 soluti
1406 1025 1461 1077 et
1494 1020 1896 1091 indulgentius
1936 1018 2142 1089 habiti,

496 1118 557 1175 in
588 1117 912 1189 disciplinas
961 1114 1172 1171 saltem
1219 1129 1395 1167 sensu
1448 1127 1915 1183 permaneamus,
1958 1125 2023 1164 ac
2055 1125 2144 1164 se-

498 1207 693 1263 cunda
723 1206 793 1261 ob
826 1204 1152 1261 secundum
1185 1204 1487 1273 peccatum
1517 1200 1757 1255 verbera
1800 1213 2135 1253 caveamus.

568 1296 816 1352 XXXIV.
885 1292 1165 1356 Quocirca
1222 1307 1329 1345 nos
1384 1304 1617 1360 quoque
1674 1286 1931 1342 divinam
1989 1286 2144 1340 I70

495 1382 1061 1441 animadversionem
1116 1379 1266 1435 serio
1317 1392 1726 1449 agnoscamus.
1779 1374 1995 1447 Dignos
2038 1390 2145 1429 nos

489 1474 895 1541 ostendamus,
929 1487 1044 1525 non
1079 1469 1150 1524 iis
1183 1484 1309 1539 quas
1360 1465 1523 1537 prius
1575 1464 1857 1537 perpessi,
1890 1464 1990 1518 sed
2017 1479 2143 1533 quas

490 1565 693 1631 postea
726 1555 1020 1614 consecuti
1052 1570 1283 1610 sumus.
1308 1556 1382 1608 De
1413 1551 1749 1607 calamitate
1778 1566 1844 1605 ea
1876 1566 2003 1620 quas
2039 1565 2144 1605 nos

493 1648 727 1715 invasit,
762 1643 1026 1701 nonnihil
1062 1660 1167 1699 nos
1202 1658 1542 1714 purgemus,
1575 1656 1785 1710 nempe
1816 1638 1993 1709 quod,
2030 1654 2143 1693 non

496 1746 561 1793 ut
594 1735 905 1793 facinorosi
961 1738 1017 1788 et
1064 1731 1329 1788 scelerati
1380 1730 1652 1802 gentibus
1689 1727 1910 1792 traditi,
1944 1728 2042 1781 sed
2083 1731 2145 1783 ut

496 1826 600 1880 filii
637 1823 901 1896 castigati
935 1839 1163 1878 sumus.
1213 1820 1295 1875 Ne
1327 1819 1694 1891 tempestatis
1724 1818 1781 1871 in
1811 1815 2142 1886 tranquilli-

493 1920 615 1971 tate
661 1912 1119 1978 obliviscamur;
1150 1926 1255 1965 nec
1308 1908 1516 1974 morbi,
1566 1906 1625 1961 in
1678 1906 1926 1962 sanitate
1969 1923 1982 1972 ;
2040 1921 2143 1960 nec

497 2002 875 2076 captivitatis,
910 1999 1235 2056 incolumes
1270 1998 1326 2052 in
1364 1995 1724 2053 Hierusalem
1757 1993 2009 2060 reversi;
2042 2009 2147 2049 nec

494 2092 743 2165 Egypti,
768 2095 899 2164 post
918 2090 1221 2163 [Egyptum
1236 2130 1248 2142 .
1272 2092 1354 2142 Ne
1376 2085 1710 2142 afﬂictionis
1732 2088 1967 2155 tempus
1989 2087 2146 2139 tran-

498 2180 808 2253 quillitatis
842 2185 1102 2251 tempore
1131 2177 1344 2233 melius
1376 2175 1690 2231 faciamus:
1727 2173 2010 2229 faciemus
2042 2189 2145 2227 au-

499 2280 636 2337 tem,
670 2269 718 2324 si
750 2273 875 2323 tum
911 2268 1146 2340 quidem
1194 2264 1436 2321 demissi
1468 2268 1525 2319 et
1570 2262 1851 2318 moderati
1886 2277 2141 2327 eramus,

497 2374 818 2430 omnesque
848 2374 981 2430 spes
1012 2360 1246 2411 nostras
1276 2356 1334 2409 in
1384 2353 1591 2409 caelum
1635 2356 1857 2407 erectas
1892 2350 2145 2405 habeba-

500 2465 653 2515 mus,
691 2464 846 2503 nunc
880 2463 1012 2501 vero
1042 2446 1100 2499 in
1134 2444 1386 2500 sublime
1416 2442 1755 2498 attollamur
1798 2446 1854 2495 et
1885 2438 2143 2493 emollia-

499 2554 651 2604 mur,
686 2541 861 2607 atque
892 2535 960 2589 ad
993 2534 1195 2589 eadem
1221 2536 1457 2604 peccata
1485 2546 1876 2593 recurremus,
1912 2529 1985 2582 ob
2017 2544 2144 2598 quae

498 2626 558 2681 in
591 2642 689 2681 eas
736 2623 1099 2679 calamitates
1148 2638 1274 2692 quas
1331 2619 1500 2675 nobis
1548 2621 1885 2681 evenerunt,
1920 2614 2143 2669 inducti

496 2732 727 2771 sumus.
778 2715 854 2768 Ne
898 2714 997 2781 ita,
1048 2712 1179 2782 ﬁlii,
1229 2727 1297 2767 ne
1338 2712 1419 2765 ita
1450 2710 1491 2772 ³,
1540 2707 1696 2761 velut
1737 2707 1988 2776 quodam
2020 2704 2145 2758 loco

497 2805 581 2859 ait
628 2802 753 2858 Heli
805 2802 1095 2868 sacerdos,
1129 2799 1276 2854 ﬁlios
1304 2815 1442 2854 suos
1491 2798 1546 2851 in
1602 2797 1782 2850 Deum
1840 2798 2147 2864 peccantes

500 2894 811 2964 increpans
838 2910 851 2950 :
883 2906 1080 2945 verum
1112 2889 1218 2943 hoc
1248 2887 1609 2959 exploratum
1638 2885 1936 2947 habentes,
1959 2882 2144 2936 mino-

502 2982 581 3037 ris
613 2998 740 3036 esse
774 2980 1011 3052 negotii,
1048 2976 1339 3033 sublatam
1377 2994 1443 3031 ex
1474 2974 1661 3029 oculis
1694 2972 2029 3027 felicitatem
2064 2987 2149 3026 re-

502 3086 727 3136 vocare,
758 3084 931 3140 quam
963 3084 1086 3139 qua)
1146 3066 1243 3121 Dei
1301 3064 1579 3121 beneﬁcio
1637 3062 1886 3128 obvenit,
1922 3060 2149 3115 incolu-

504 3176 657 3215 mem
691 3172 1033 3214 conservare
1053 3155 1235 3224 (illam
1268 3154 1421 3209 enim
1457 3152 1767 3225 prudentia
1795 3155 1851 3206 et
1882 3150 2146 3205 modera-

500 3250 583 3305 tio
615 3246 860 3314 reducit,
897 3246 1048 3301 hanc
1078 3244 1345 3300 socordia
1391 3242 1641 3313 dissipat
1670 3244 1683 3305 )
1716 3258 1728 3295 :
1768 3239 2031 3310 illudque
2060 3239 2148 3291 in-

2257 663 2598 739 ἀνθρωπίνην
2656 666 2812 744 φύσιν
2876 665 3052 737 ἔταξεν
3112 668 3138 721 ὁ
3198 667 3325 729 Θεὸς
3362 688 3373 698 ·
3428 665 3674 741 δεύτερον
3726 664 3805 737 δὲ,
3836 666 3914 726 ὡς

2257 749 2447 830 ἔμοιγε
2478 757 2586 829 (61)
2637 753 2810 827 δοκεῖ,
2859 756 2921 811 τὸ
2970 756 3296 818 πταίσαντάς
3340 778 3391 811 τι
3438 758 3529 811 καὶ
3576 753 3862 810 παιδευθὲν
3893 788 3917 798 -

2254 861 2373 912 τας,
2436 844 2549 898 εἶτα
2607 844 2955 907 ἐπανεθέντας
3007 849 3142 919 (62),
3200 844 3251 899 ἐν
3308 844 3553 915 αἰσθήσει
3610 846 3719 915 (63)
3778 849 3915 918 γοῦν

2257 927 2529 1005 διαμεῖναι
2564 941 2665 1003 τῆς
2697 931 3096 1009 παιδαγωγίας,
3122 934 3213 988 καὶ
3246 932 3454 1011 φεύγειν
3498 933 3611 1006 (64)
3658 929 3913 1006 δευτέραν

2256 1017 2315 1074 ἐκ
2338 1017 2587 1097 δευτέρας
2620 1022 2809 1085 κακίας
2847 1024 3096 1098 μάστιγα.

2328 1290 2445 1345 ΛΔ’.
2478 1285 2764 1364 Τοιγάρτοι
2798 1291 2910 1363 (65)
2942 1291 3031 1344 καὶ
3059 1291 3247 1361 (ἡμεῖς
3297 1287 3436 1364 ἔργῳ
3464 1296 3565 1357 τῆς
3608 1290 3754 1351 Θείας
3786 1311 3919 1345 παι-

2256 1374 2486 1439 δεῦσεως
2519 1377 2919 1451 ἐπαισθώμεθα.
2973 1378 3241 1451 Δείξωμεν
3292 1381 3440 1450 ἡμᾶς
3488 1377 3680 1439 αὐτοὺς
3731 1379 3918 1450 ἀξίὸυς

2254 1466 2363 1541 οὑχ
2395 1468 2468 1520 ὧν
2500 1472 2716 1538 πρῶτον
2748 1463 3115 1540 πεπόνθαμεν,
3170 1466 3315 1521 ἀλλὰ
3367 1472 3437 1521 ὧν
3489 1467 3708 1543 ὕστερον
3756 1489 3917 1522 τετυ-

2254 1557 2528 1629 χήκαμεν,
2564 1557 3077 1632 Ἀπολογησώμεθά
3110 1560 3219 1629 (66)
3250 1578 3299 1610 τι
3330 1556 3571 1633 περὶτῆς
3600 1556 3918 1631 κατασχού-

2255 1664 2353 1712 σης
2386 1647 2533 1717 ἡμᾶς
2562 1652 2866 1723 συμφορᾶς,
2902 1645 2983 1699 ὅτι
3017 1646 3125 1720 οὐχ
3155 1645 3228 1707 ὡς
3256 1649 3547 1720 κακοῦργοι
3577 1650 3694 1705 τοῖς
3738 1642 3915 1699 ἔθνεσι

2252 1730 2651 1805 παρεδόθημεν,
2706 1732 2833 1788 ἀλλ’
2881 1734 2953 1795 ὡς
3005 1732 3196 1795 παῖδες
3250 1733 3763 1811 ἔσωφρονίσθημεν.
3818 1735 3913 1802 Μή

2255 1819 2639 1895 ἐπιλαθώμεθα
2695 1830 2793 1891 τῆς
2854 1823 3023 1892 ζάλης
3081 1822 3131 1877 ἐν
3190 1826 3258 1895 τῇ
3312 1820 3545 1898 γαλήνῃ,
3610 1820 3751 1894 μηδὶ
3807 1825 3913 1890 τῆς

2254 1909 2555 1985 ἀρῥωστίας
2616 1911 2667 1965 ἐν
2730 1915 2807 1982 τῷ
2848 1916 3023 1985 καιρῷ
3095 1918 3194 1980 τῆς
3271 1910 3521 1985 ὑγιείας,
3587 1908 3730 1983 μηδὲ
3802 1918 3911 1980 τῆς

2253 1997 2689 2073 αἰχμαλωσίας,
2744 1998 3100 2061 ἀνασωθέντες
3177 1999 3253 2060 είς
3327 2001 3424 2067 τήν
3494 1998 3913 2075 Ἰερουσαλὴμ,

2258 2085 2397 2161 μηδὲ
2426 2096 2525 2157 τῆς
2562 2088 2839 2163 Αἰγύπτου
2875 2089 3010 2160 μετὰ
3047 2091 3146 2157 τὴν
3199 2088 3495 2163 Αἷ’γῦπτον·
3536 2090 3610 2160 μή
3658 2092 3911 2158 ποιήσω-

2258 2198 2352 2250 μεν
2413 2177 2622 2250 ἀμείνω
2680 2178 2768 2232 τὸν
2827 2184 2925 2239 τοῖς
2982 2177 3340 2238 κακοπαθείας
3399 2176 3585 2253 καιρὸν
3654 2182 3752 2232 τοῦ
3810 2185 3914 2246 τῆς

2253 2265 2480 2327 ἀνέσεως
2512 2270 2647 2340 (67)·
2700 2268 3003 2339 ποιήσομεν
3054 2262 3111 2321 δὲ
3159 2268 3290 2335 (68),
3329 2265 3375 2319 εἴ
3422 2265 3746 2342 φαινοίμεθα
3784 2266 3916 2321 τότε

2258 2356 2351 2427 μὶν
2404 2354 2823 2428 συνεσταλμένοι
2874 2354 2962 2409 καὶ
3018 2354 3418 2430 μετριάζοντες,
3461 2354 3550 2407 καὶ
3606 2355 3777 2415 πάσας
3829 2354 3911 2416 εἰς

2254 2443 2479 2519 οὐρανὸν
2505 2442 2862 2504 ἀνατείνοντες
2886 2446 2999 2516 (69)
3016 2444 3112 2504 τὰς
3135 2440 3381 2513 ἐλπίδας,
3404 2445 3519 2496 νυνὶ
3539 2439 3594 2496 δὶ
3617 2441 3914 2514 ἐπαιρόμε-

2252 2553 2335 2586 νοι
2369 2536 2481 2603 (70)
2512 2532 2598 2586 καὶ
2632 2531 3020 2606 χαυνούμενοι,
3044 2531 3132 2585 καί
3165 2530 3328 2587 πάλιν
3365 2531 3437 2592 είς
3467 2532 3558 2592 τας
3583 2530 3745 2593 αὐτὰς
3777 2531 3911 2585 ἀνα-

2252 2620 2535 2696 τρὲχοντες
2568 2621 2855 2695 ἁμαρτίας,
2892 2622 2942 2691 ἐξ
2975 2623 3047 2675 ὧν
3097 2620 3172 2682 εἷς
3223 2623 3314 2682 τὰς
3359 2619 3735 2692 συμπεσούσας
3765 2623 3909 2692 ἡμῖν

2255 2710 2537 2786 συμφορὰς
2594 2710 2923 2783 ὑπήχθημεν
2963 2753 2975 2765 .
3025 2711 3113 2777 Μὴ
3166 2710 3328 2775 οὕτω,
3376 2708 3556 2776 τέκνα,
3612 2710 3710 2780 μὴ,
3756 2708 3906 2784 λέγει

2254 2820 2359 2852 που
2385 2803 2649 2861 νουθετῶν
2675 2800 2701 2851 ὁ
2720 2798 2893 2872 ἱερεὺς
2916 2797 3066 2853 Ἠλεὶ
3093 2800 3204 2871 (71)
3235 2798 3362 2859 τοὺς
3386 2795 3575 2851 ἑαυτοῦ
3607 2795 3796 2857 παῖδας
3822 2798 3909 2859 εἷς

2256 2888 2383 2943 Θεὸν
2415 2888 2837 2963 ἁμαρτάνοντας
2894 2885 3019 2941 ἀλλ’
3071 2885 3295 2955 εἰδότες,
3346 2886 3428 2940 ὅτι
3464 2886 3587 2961 ῥᾷόν
3639 2886 3777 2940 ἐστιν
3809 2886 3908 2940 εὖ-

2254 2976 2484 3053 πραγίαν
2518 2977 2852 3038 ἀπελθοῦσαν
3054 2974 3503 3046 ἀνακαλέσασθαι,
3536 2975 3569 3043 ἢ
3603 2996 3910 3050 παραγενο-

2261 3066 2426 3138 μὲνην
2461 3064 2519 3119 ἐκ
2544 3069 2676 3119 Θεοῦ
2708 3062 3067 3118 διασώσασθαι
3101 3066 3217 3137 (τὴν
3257 3064 3351 3137 μὶν
3398 3064 3500 3139 γὰρ
3528 3065 3589 3118 τὸ
3624 3071 3907 3140 σοφρονείν

2259 3153 2530 3229 ἐπανάγει,
2583 3155 2680 3221 τὴν
2734 3150 2791 3207 δὲ
2840 3150 3051 3207 διαλύει
3097 3155 3157 3207 τὸ
3218 3152 3481 3228 ῥᾴθυμον)
3563 3153 3652 3206 καὶ
3706 3151 3788 3206 ὅτι
3838 3154 3912 3207 τα

2260 3244 2485 3315 σώματα
2530 3243 2803 3314 κάμνοντι..
2856 3242 2949 3313 μὲν
3004 3248 3120 3303 ταῖς
3174 3242 3476 3316 θεραπείαις
3527 3240 3772 3317 ἀναςρέρει
3812 3242 3913 3295 καὶ

499 3352 697 3408 super,
752 3351 906 3407 aegra
951 3350 1192 3405 corpora
1244 3331 1519 3386 remediis
1564 3330 1799 3401 quidem
1851 3334 1905 3382 et
1952 3328 2146 3382 inedia

2259 3336 2377 3392 ταῖς
2412 3327 2658 3394 ἐνδείαις,
2698 3330 3039 3404 ἀνενεγκόντα
3086 3327 3143 3384 δὲ
3190 3336 3309 3392 ταῖς
3358 3330 3492 3384 κατὰ
3544 3330 3734 3402 μικρὸν
3768 3330 3912 3401 ἆμε-

498 3424 761 3489 relevari,
795 3440 861 3478 ac
892 3421 1129 3476 sanitati
1180 3420 1430 3485 restitui,
1473 3419 1741 3473 restituta
1781 3422 1997 3481 autem,
2046 3432 2146 3487 per

502 3512 790 3568 incuriam
823 3516 880 3566 et
911 3510 1230 3581 ingluviem
1266 3508 1541 3578 paulatim
1596 3523 1829 3561 rursum
1872 3505 2145 3569 deﬂuere,

507 3608 681 3671 atque
704 3601 761 3655 in
794 3600 1024 3655 eosdem
1047 3598 1283 3653 morbos
1304 3595 1505 3650 relabi.
1530 3599 1680 3661 Haec,
1709 3596 1974 3666 inquam,
1996 3610 2147 3649 com-

506 3695 670 3764 perta
699 3694 756 3744 et
784 3686 1080 3759 explorata
1102 3686 1405 3748 habentes,
1424 3683 1640 3755 aliique
1670 3683 1816 3738 alios
1848 3683 2145 3752 docentes,

506 3781 577 3836 ad
611 3796 717 3834 nos
746 3777 859 3849 ipsi
892 3777 1220 3841 redeamus,
1246 3778 1416 3843 atque
1438 3773 1547 3828 hoc
1569 3777 1801 3844 tempus
1834 3773 2150 3844 prudenter

504 3886 570 3925 ac
605 3868 899 3924 moderate
930 3866 1377 3922 constituamus.

573 3957 792 4013 XXXV.
822 3962 903 4012 Ac
936 3955 1194 4027 primum
1229 3951 1726 4025 quidem,t‘ratres,
1754 3949 1973 4005 festum
2002 3950 2148 4006 cele-

498 4048 758 4114 bremus,
798 4062 911 4101 non
959 4044 1220 4115 corporis
1254 4042 1460 4107 nitore,
1513 4056 1627 4095 non
1668 4041 1911 4094 vestitus
1958 4045 2151 4095 muta-

501 4135 661 4189 tione
706 4152 772 4189 ac
830 4132 1290 4205 magniﬁcentia,
1345 4147 1460 4185 non
1511 4128 2038 4185 comessationibus
2096 4133 2153 4184 et

504 4222 909 4291 ebrietatibus,
942 4238 1189 4291 quarum
1231 4221 1483 4275 fructum
1516 4218 1728 4273 cubilia
1757 4223 1813 4272 et
1842 4218 2149 4289 impudici-

505 4311 618 4365 tias
649 4324 777 4365 esse
806 4309 1229 4377 didicistis,nec
1250 4309 1494 4364 ﬂoribus
1526 4308 1681 4363 vicos
1712 4308 2153 4378 cingamus,nec

507 4401 941 4471 unguentorum
970 4398 1332 4469 turpitudine
1366 4413 1600 4453 mensas
1631 4402 1689 4452 et
1727 4395 2013 4452 vestibula
2061 4413 2152 4452 or-

578 4544 598 4578 ³
631 4542 651 4596 Ι
684 4540 825 4612 Reg.
859 4555 922 4607 ιι,
954 4541 1043 4595 24.

2256 3418 2431 3481 λείαις
2457 3421 2545 3472 καὶ
2586 3424 2706 3479 ταῖς
2756 3418 3127 3491 πλησμοναῖς,
3169 3416 3333 3473 πάλιν
3368 3416 3613 3493 ὑπορῥεῖ,
3649 3419 3737 3471 καὶ
3768 3420 3913 3492 πρὸς

2255 3510 2350 3570 τὰς
2408 3508 2571 3568 αὐτας
2627 3506 2931 3583 ἀρᾇστίας
2990 3505 3247 3563 ἐπάνεισι.
3306 3504 3482 3561 Ταῦτα
3542 3503 3768 3575 εἰδότες,
3814 3506 3916 3560 καὶ

2257 3596 2543 3667 ἀλλήλους
2595 3593 2956 3663 διδάσκοντες,
3010 3596 3294 3670 γενώμεθα
3344 3597 3503 3667 ἡμῶν
3548 3594 3725 3649 αὐτῶν
3754 3642 3769 3666 ,
3814 3596 3916 3649 καὶ

2259 3686 2553 3764 σωφρόνως
2584 3684 2674 3739 τὸν
2709 3686 2893 3760 καιρὸν
2922 3682 3251 3758 διαθώμεθα.

2334 3953 2454 4008 ΛΕ’.
2516 3956 2736 4027 Πρωτον
2802 3951 2918 4023 μὶν,
2981 3948 3228 4029 ἀδελφοι,
3288 3950 3762 4026 πανηγυρίσωμεν,
3827 3953 3913 4023 μὴ

2262 4039 2582 4120 φαιδρότητι
2614 4042 2889 4113 σώματος,
2920 4038 3058 4112 μηδὲ
3093 4039 3316 4109 ἐσθῆτος
3352 4037 3676 4114 ἐξαλλαγαῖς
3697 4040 3787 4093 καὶ
3810 4060 3919 4093 πο-

2264 4129 2567 4191 λυτελείαις
2602 4133 2733 4201 (73),
2773 4126 2913 4201 μηδὲ
2939 4130 3150 4201 κώμοις
3173 4130 3260 4183 καὶ
3288 4131 3498 4201 μέθαις,
3531 4130 3603 4181 ὧν
3623 4128 3807 4189 κοίτας
3824 4131 3923 4183 καὶ

2264 4218 2545 4293 ἀσελγείας
2574 4218 2665 4272 τὸν
2694 4219 2897 4291 καρπὸν
2948 4217 3171 4291 ἐμάθετε
3217 4220 3350 4291 (74)’
3392 4215 3531 4288 μηδὲ
3578 4216 3756 4279 ἄνθεσι
3789 4216 3920 4271 στέ-

2264 4311 2452 4382 ψωμεν
2510 4306 2701 4381 ἀγυιὰς
2737 4351 2750 4375 ,
2812 4304 2951 4379 μηδὲ
3007 4306 3188 4382 μύρων
3248 4304 3535 4380 αἰσχύναις
3591 4305 3864 4380 τραπέζας
3901 4347 3916 4370 ,

2272 4394 2411 4471 μηδὲ
2441 4395 2681 4471 ποόθορα
2730 4392 3172 4467 καλλωπίσωμεν
3227 4398 3358 4468 (75)·
3416 4396 3491 4465 μή
3534 4398 3612 4465 τῷ
3661 4393 3917 4464 αῖσθητῷ

505 4715 595 4767 est
625 4726 697 4766 ne
728 4710 947 4783 peccati
982 4709 1218 4781 quidem
1264 4709 1430 4765 initia
1460 4709 1547 4766 vel
1591 4709 1790 4765 leviter
1838 4712 2156 4784 attigissse,
2191 4719 2235 4782 Ι)
2269 4714 2603 4785 dulgentiae,
2638 4709 3019 4785 prosperioris
3051 4726 3360 4785 successus
3386 4714 3666 4785 tempo_re,
3705 4731 3730 4756 »ι

504 4790 689 4922 εἰ((61)
721 4851 963 4925 Ἔμοιγε.
1001 4852 1171 4907 Deest
1200 4870 1259 4925 γε
1294 4851 1350 4925 in
1385 4850 1678 4922 plerisque
1709 4850 1877 4925 codd.

600 4925 692 4993 62)
734 4923 1132 4985 Ἐπανεθὲντας.
1166 4923 1260 4977 Or.
1324 4923 1374 4986 1,

508 5066 914 5137 castigatione.
958 5089 984 5119 »ι

577 5132 691 5280 (63)
721 5138 804 5190 Ἐν
837 5137 1114 5205 αἰσθήσει.
1150 5137 1270 5262 Reg
1324 5136 1443 5205 bm,
1479 5132 1529 5187 ἐν
1565 5134 1922 5202 συναισθήσει.

605 5211 694 5280 64)
728 5207 974 5280 Φεῦγιιν.
1027 5208 1235 5264 Nonnu
1268 5207 1327 5275 Ii,
1375 5212 1582 5280 φυγεῖν.
1627 5206 1854 5277 Billius,
1910 5229 1922 5256 ‹

605 5206 694 5280 64)
728 5207 974 5283 Φεύγιιν.
1027 5206 1327 5275 Nonnulli,
1375 5212 1582 5283 φυγεῖν.
1627 5206 1854 5277 Billius,
1910 5229 1936 5256 ‹‹
1973 5206 2159 5279 fugin-

509 5296 662 5337 Inus.
698 5302 726 5329 υ

579 5352 689 5422 (65)
718 5347 1003 5432 Τοιγάρτοι
1035 5394 1047 5406 .
1094 5394 1105 5406 .

509 5495 737 5565 sionem
770 5495 1045 5565 Operibus
1079 5493 1549 5564 comprobemus.
1599 5514 1626 5541 ››

728 5561 1263 5648 ⁹ᾼτξολογησώμεθιξ.
1328 5566 1409 5648 Ita
1464 5578 1587 5648 [£88
1622 5605 1633 5617 .

521 5707 701 5853 μεῗὲῖ)
727 5780 831 5833 Τοῖ’
875 5784 975 5850 τῆς
1024 5777 1275 5841 ἀνίσεως.
1328 5778 1531 5835 Comb.
1582 5774 2037 5845 «remissionis,

1425 4928 1483 4977 et
1533 4919 1695 4977 Pass.
1742 4919 2156 4989 ἐπανελθόντας,

510 5019 537 5047 ι(
569 4993 743 5059 Quasi
779 5002 1045 5065 reparato
1078 5001 1257 5061 statu,
1293 5016 1319 5043 η
1354 4994 1546 5064 inquit
1576 4994 1776 5049 Comb.
1816 5016 1835 5041 ιι
1872 4993 2163 5065 solutique

1154 5392 1165 5403 .
1205 5391 1217 5404 .
1251 5347 1650 5420 ἰπαισθώμεθα.
1686 5348 1883 5403 Malim
1919 5348 2001 5402 sic
2033 5349 2160 5403 red-

508 5420 644 5478 dere
671 5441 689 5476 :
724 5445 749 5471 ››
778 5420 1057 5488 Quocirca
1090 5422 1342 5477 divinam
1377 5438 1480 5476 nos
1512 5422 1770 5476 sensisse
1801 5420 2161 5476 animadver-

1723 5561 1929 5616 Billius
1983 5562 2158 5618 etiam

515 5629 824 5693 et‘Comb.
885 5629 1429 5693 sic‘cmendarunt.
1483 5635 1610 5691 Par.
1664 5634 1756 5689 ed.
1808 5629 2157 5706 ἀπολογησό-

2337 4779 2450 4857 (68)
2486 4779 2794 4854 Ποιήσομεν
2830 4779 2905 4837 δέ.
2941 4784 3033 4838 Sic
3067 4782 3328 4854 plerique
3359 4779 3526 4837 codd;
3567 4781 3716 4837 Edit.
3745 4798 3916 4848 ποιηο

2268 4877 2298 4909 σ
2397 4876 2469 4910 εν.

2303 4878 2451 4999 UL2%9)
2479 4923 2899 4999 ’Ϋᾼνατείνονυεᾳ
2924 4921 3641 4999 -Ῐξίθνὶῳιθκάνατείνα-ντες.

2342 4994 2453 5071 (70)
2485 4995 2887 5071 Ἐπαιρὸμενοι.
2923 4994 3246 5071 Nonpauci
3301 4994 3620 5068 ἐπηρμένοι.

2272 5067 2465 5126 autem
2501 5067 2713 5125 animis
2745 5068 2903 5133 elati,
2937 5067 3282 5139 mollesque,
3322 5090 3348 5117 υ
3380 5067 3489 5123 elo.

2343 5143 2450 5213 (71)
2479 5139 2647 5213 Ἠλεί.
2687 5141 2824 5213 Reg.
2850 5142 2980 5213 me,
3142 5181 3153 5193 .

2338 5205 2453 5286 (72)
2486 5205 2813 5286 uesperi;
2848 5211 2932 5266 Ita
2963 5209 3224 5281 plerique
3248 5209 3415 5286 codd.
3451 5209 3601 5263 Edit.
3651 5205 3781 5261 Par.
3828 5222 3919 5257 ευ-

2268 5281 2514 5358 πραξίαν.
2550 5281 2731 5356 Pqulo
2767 5289 2917 5353 post,
2961 5288 3158 5337 monet
3186 5281 3381 5337 Comb.
3424 5296 3643 5346 vocem,
3676 5294 3916 5349 παραγε-

2268 5356 2526 5427 νομὲνην,
2551 5379 2577 5427 (ξ
2607 5361 2831 5427 motum
2867 5377 2892 5403 ››
2924 5369 3153 5427 sonare.

2341 5414 2885 5497 (73)’1Ϊολυτελείαις.
2946 5425 3086 5480 Mss.
3166 5440 3282 5479 non
3342 5421 3538 5495 pauci,
3588 5414 3911 5483 ποικιλίαις,

2274 5517 2297 5547 ι
2330 5500 2625 5554 varietate.
2662 5522 2683 5549 ι

2340 5572 2445 5637 (74)
2480 5568 2761 5639 Ἐμᾴθετε.
2798 5566 2976 5638 Regg.
3012 5574 3148 5633 tres,
3184 5560 3398 5639 ἔμαθες.

2338 5626 2452 5712 (75)
2483 5626 2975 5712 Καυλωπίσωμῖνέ
2996 5626 3159 5712 Passi.
3193 5626 3592 5712 καλλωπίζετε,
3650 5626 3792 5712 μηδὶ
3818 5630 3917 5698 τῷ.

2266 5704 2554 5783 Sicmss.
2605 5704 2887 5783 plerique.
2944 5709 3079 5781 Reg.
3142 5710 3263 5778 bm,
3295 5704 3756 5775 καλλωπίζεσθαι,
3788 5716 3917 5772 pro,

2264 5780 2697 5855 καλλωπίζεσθε,

3680 5016 3700 5041 ι
3755 5007 3915 5047 nunc

4136 80 4153 147 ί(
