  <div class='ocr_page' id='page_1' title='image "/cluster/home/n/w/nwhite01/storage/ocr_20150623/35/hvd.32044054100326/361.png"; bbox 0 0 4244 6216; ppageno 0'>
   <div class='ocr_carea' id='block_1_1' title="bbox 504 338 613 404">
    <p class='ocr_par' dir='ltr' id='par_1_1' title="bbox 504 338 613 404">
     <span class='ocr_line' id='line_1_1' title="bbox 504 338 613 404; baseline 0.009 -3"><span class='ocrx_word' id='word_1_1' title='bbox 504 338 613 404; x_wconf 78' lang='grc'>711</span> 
     </span>
    </p>
   </div>
   <div class='ocr_carea' id='block_1_2' title="bbox 1744 318 2673 399">
    <p class='ocr_par' dir='ltr' id='par_1_2' title="bbox 1744 318 2673 399">
     <span class='ocr_line' id='line_1_2' title="bbox 1744 318 2673 399; baseline -0.013 0"><span class='ocrx_word' id='word_1_2' title='bbox 1744 334 1811 399; x_wconf 89' lang='lat' dir='ltr'><strong>S.</strong></span> <span class='ocrx_word' id='word_1_3' title='bbox 1858 328 2228 399; x_wconf 77' lang='lat' dir='ltr'><strong>GREGORII</strong></span> <span class='ocrx_word' id='word_1_4' title='bbox 2278 318 2673 391; x_wconf 83' lang='lat' dir='ltr'><strong>THEOLOGl</strong></span> 
     </span>
    </p>
   </div>
   <div class='ocr_carea' id='block_1_3' title="bbox 3799 327 3903 395">
    <p class='ocr_par' dir='ltr' id='par_1_3' title="bbox 3799 327 3903 395">
     <span class='ocr_line' id='line_1_3' title="bbox 3799 327 3903 395; baseline 0.038 -4"><span class='ocrx_word' id='word_1_5' title='bbox 3799 327 3903 395; x_wconf 66' lang='grc' dir='ltr'><strong>ηε</strong></span> 
     </span>
    </p>
   </div>
   <div class='ocr_carea' id='block_1_4' title="bbox 504 458 2160 544">
    <p class='ocr_par' dir='ltr' id='par_1_4' title="bbox 504 466 2147 544">
     <span class='ocr_line' id='line_1_4' title="bbox 504 466 2147 544; baseline -0.006 -13"><span class='ocrx_word' id='word_1_6' title='bbox 504 492 636 531; x_wconf 89' lang='lat' dir='ltr'><strong>rum</strong></span> <span class='ocrx_word' id='word_1_7' title='bbox 667 477 964 531; x_wconf 76' lang='lat' dir='ltr'><strong>amantem</strong></span> <span class='ocrx_word' id='word_1_8' title='bbox 996 468 1209 528; x_wconf 75' lang='lat' dir='ltr'><strong>saltare</strong></span> <span class='ocrx_word' id='word_1_9' title='bbox 1242 476 1485 544; x_wconf 78' lang='lat' dir='ltr'><strong>oportet,</strong></span> <span class='ocrx_word' id='word_1_10' title='bbox 1506 471 1655 529; x_wconf 80' lang='lat' dir='ltr'><strong>salta</strong></span> <span class='ocrx_word' id='word_1_11' title='bbox 1683 477 1747 527; x_wconf 89' lang='lat' dir='ltr'><strong>tu</strong></span> <span class='ocrx_word' id='word_1_12' title='bbox 1781 466 2147 542; x_wconf 89' lang='lat' dir='ltr'><strong>quidem,sed</strong></span> 
     </span>
    </p>
   </div>
   <div class='ocr_carea' id='block_1_5' title="bbox 2270 458 3907 544">
    <p class='ocr_par' dir='ltr' id='par_1_5' title="bbox 2270 458 3907 541">
     <span class='ocr_line' id='line_1_5' title="bbox 2270 458 3907 541; baseline 0.004 -27"><span class='ocrx_word' id='word_1_13' title='bbox 2270 462 2321 529; x_wconf 74' lang='grc' dir='ltr'>ἦν</span> <span class='ocrx_word' id='word_1_14' title='bbox 2352 462 2589 534; x_wconf 77' lang='grc' dir='ltr'>ἡγοῦμαι</span> <span class='ocrx_word' id='word_1_15' title='bbox 2621 461 2721 528; x_wconf 76' lang='grc' dir='ltr'>τῆς</span> <span class='ocrx_word' id='word_1_16' title='bbox 2759 458 3046 531; x_wconf 78' lang='grc' dir='ltr'>εὐκινήτου</span> <span class='ocrx_word' id='word_1_17' title='bbox 3084 459 3173 515; x_wconf 79' lang='grc' dir='ltr'><strong>καὶ</strong></span> <span class='ocrx_word' id='word_1_18' title='bbox 3205 458 3592 541; x_wconf 73' lang='grc' dir='ltr'>πολυστρόφου</span> <span class='ocrx_word' id='word_1_19' title='bbox 3621 465 3761 519; x_wconf 72' lang='grc' dir='ltr'>κατὰ</span> <span class='ocrx_word' id='word_1_20' title='bbox 3789 466 3907 520; x_wconf 78' lang='grc' dir='ltr'>Θεὸν</span> 
     </span>
    </p>
   </div>
   <div class='ocr_carea' id='block_1_6' title="bbox 504 560 2153 629">
    <p class='ocr_par' dir='ltr' id='par_1_6' title="bbox 504 560 2153 629">
     <span class='ocr_line' id='line_1_6' title="bbox 504 560 2153 629; baseline -0.006 -9"><span class='ocrx_word' id='word_1_21' title='bbox 504 581 620 620; x_wconf 89' lang='lat' dir='ltr'><strong>non</strong></span> <span class='ocrx_word' id='word_1_22' title='bbox 653 563 973 617; x_wconf 79' lang='lat' dir='ltr'><strong>inhonesta</strong></span> <span class='ocrx_word' id='word_1_23' title='bbox 1006 561 1167 617; x_wconf 90' lang='lat' dir='ltr'><strong>illius</strong></span> <span class='ocrx_word' id='word_1_24' title='bbox 1202 562 1543 618; x_wconf 85' lang='lat' dir='ltr'><strong>Herodiadis</strong></span> <span class='ocrx_word' id='word_1_25' title='bbox 1596 560 1993 625; x_wconf 80' lang='lat' dir='ltr'><strong>saltationem,</strong></span> <span class='ocrx_word' id='word_1_26' title='bbox 2028 573 2153 629; x_wconf 88' lang='lat' dir='ltr'><strong>qua</strong></span> 
     </span>
    </p>
   </div>
   <div class='ocr_carea' id='block_1_7' title="bbox 500 649 2154 723">
    <p class='ocr_par' dir='ltr' id='par_1_7' title="bbox 500 649 2154 723">
     <span class='ocr_line' id='line_1_7' title="bbox 500 649 2154 723; baseline -0.006 -14"><span class='ocrx_word' id='word_1_27' title='bbox 500 652 776 723; x_wconf 90' lang='lat' dir='ltr'><strong>Baptista</strong></span> <span class='ocrx_word' id='word_1_28' title='bbox 826 666 1025 706; x_wconf 86' lang='lat' dir='ltr'><strong>necem</strong></span> <span class='ocrx_word' id='word_1_29' title='bbox 1072 650 1271 705; x_wconf 79' lang='lat' dir='ltr'><strong>attulit</strong></span> <span class='ocrx_word' id='word_1_30' title='bbox 1300 652 1319 686; x_wconf 84' lang='grc'>⁰</span> <span class='ocrx_word' id='word_1_31' title='bbox 1353 669 1365 707; x_wconf 90' lang='lat'><strong>:</strong></span> <span class='ocrx_word' id='word_1_32' title='bbox 1400 669 1599 706; x_wconf 87' lang='lat' dir='ltr'><strong>verum</strong></span> <span class='ocrx_word' id='word_1_33' title='bbox 1637 650 1870 706; x_wconf 88' lang='lat' dir='ltr'><strong>Davidis</strong></span> <span class='ocrx_word' id='word_1_34' title='bbox 1902 649 1974 703; x_wconf 94' lang='lat' dir='ltr'><strong>ob</strong></span> <span class='ocrx_word' id='word_1_35' title='bbox 2008 661 2154 701; x_wconf 88' lang='lat' dir='ltr'><strong>arca</strong></span> 
     </span>
    </p>
   </div>
   <div class='ocr_carea' id='block_1_8' title="bbox 2264 548 3911 626">
    <p class='ocr_par' dir='ltr' id='par_1_8' title="bbox 2264 548 3911 626">
     <span class='ocr_line' id='line_1_8' title="bbox 2264 548 3911 626; baseline -0.001 -19"><span class='ocrx_word' id='word_1_36' title='bbox 2264 552 2377 624; x_wconf 98' lang='grc'>(91)</span> <span class='ocrx_word' id='word_1_37' title='bbox 2416 548 2636 624; x_wconf 79' lang='grc' dir='ltr'><strong>πορείας</strong></span> <span class='ocrx_word' id='word_1_38' title='bbox 2700 550 2834 604; x_wconf 83' lang='grc' dir='ltr'>εἶναι</span> <span class='ocrx_word' id='word_1_39' title='bbox 2888 553 3209 626; x_wconf 87' lang='grc' dir='ltr'>μυστήριον.</span> <span class='ocrx_word' id='word_1_40' title='bbox 3260 557 3484 626; x_wconf 81' lang='grc' dir='ltr'>Πρῶτον</span> <span class='ocrx_word' id='word_1_41' title='bbox 3529 554 3624 626; x_wconf 75' lang='grc' dir='ltr'><strong>μὶν</strong></span> <span class='ocrx_word' id='word_1_42' title='bbox 3660 552 3729 623; x_wconf 75' lang='grc' dir='ltr'>δὴ</span> <span class='ocrx_word' id='word_1_43' title='bbox 3758 561 3911 611; x_wconf 75' lang='grc' dir='ltr'>τοῦτο</span> 
     </span>
    </p>
   </div>
   <div class='ocr_carea' id='block_1_9' title="bbox 2263 638 3353 713">
    <p class='ocr_par' dir='ltr' id='par_1_9' title="bbox 2263 638 3353 713">
     <span class='ocr_line' id='line_1_9' title="bbox 2263 638 3353 713; baseline 0.004 -19"><span class='ocrx_word' id='word_1_44' title='bbox 2263 639 2352 694; x_wconf 86' lang='grc' dir='ltr'><strong>καὶ</strong></span> <span class='ocrx_word' id='word_1_45' title='bbox 2388 639 2642 712; x_wconf 78' lang='grc' dir='ltr'>μέγιστον</span> <span class='ocrx_word' id='word_1_46' title='bbox 2671 646 2771 709; x_wconf 74' lang='grc' dir='ltr'><strong>τῆς</strong></span> <span class='ocrx_word' id='word_1_47' title='bbox 2802 638 2941 709; x_wconf 72' lang='grc' dir='ltr'>ἐμῆς</span> <span class='ocrx_word' id='word_1_48' title='bbox 2973 640 3353 713; x_wconf 75' lang='grc' dir='ltr'><strong>παραινέσεως.</strong></span> 
     </span>
    </p>
   </div>
   <div class='ocr_carea' id='block_1_10' title="bbox 504 729 3913 812">
    <p class='ocr_par' dir='ltr' id='par_1_10' title="bbox 504 729 3913 812">
     <span class='ocr_line' id='line_1_10' title="bbox 504 729 3913 812; baseline -0.002 -16"><span class='ocrx_word' id='word_1_49' title='bbox 504 741 761 812; x_wconf 84' lang='lat' dir='ltr'><strong>requiem</strong></span> <span class='ocrx_word' id='word_1_50' title='bbox 788 740 852 810; x_wconf 65' lang='lat'><strong>1°,</strong></span> <span class='ocrx_word' id='word_1_51' title='bbox 887 757 1004 811; x_wconf 89' lang='lat' dir='ltr'><strong>qua</strong></span> <span class='ocrx_word' id='word_1_52' title='bbox 1050 741 1285 810; x_wconf 87' lang='lat' dir='ltr'><strong>quidem</strong></span> <span class='ocrx_word' id='word_1_53' title='bbox 1338 741 1452 794; x_wconf 41' lang='lat' dir='ltr'><strong>Dio</strong></span> <span class='ocrx_word' id='word_1_54' title='bbox 1504 745 1731 811; x_wconf 84' lang='lat' dir='ltr'><strong>gratam</strong></span> <span class='ocrx_word' id='word_1_55' title='bbox 1780 737 2193 798; x_wconf 85' lang='lat' dir='ltr'><strong>incessionem,</strong></span> <span class='ocrx_word' id='word_1_56' title='bbox 2228 729 2487 802; x_wconf 78' lang='lat' dir='ltr'><strong>agilitate</strong></span> <span class='ocrx_word' id='word_1_57' title='bbox 2528 730 2831 801; x_wconf 70' lang='lat' dir='ltr'><strong>praeditam</strong></span> <span class='ocrx_word' id='word_1_58' title='bbox 2860 736 2919 786; x_wconf 91' lang='lat' dir='ltr'><strong>et</strong></span> <span class='ocrx_word' id='word_1_59' title='bbox 2945 732 3275 787; x_wconf 90' lang='lat' dir='ltr'><strong>versatilem</strong></span> <span class='ocrx_word' id='word_1_60' title='bbox 3329 732 3573 805; x_wconf 91' lang='lat' dir='ltr'><strong>mystice</strong></span> <span class='ocrx_word' id='word_1_61' title='bbox 3622 735 3913 807; x_wconf 86' lang='lat' dir='ltr'><strong>designari</strong></span> 
     </span>
    </p>
   </div>
   <div class='ocr_carea' id='block_1_11' title="bbox 502 819 3020 901">
    <p class='ocr_par' dir='ltr' id='par_1_11' title="bbox 502 819 3020 901">
     <span class='ocr_line' id='line_1_11' title="bbox 502 819 3020 901; baseline -0.005 -14"><span class='ocrx_word' id='word_1_62' title='bbox 502 829 791 887; x_wconf 81' lang='lat' dir='ltr'><strong>existimo.</strong></span> <span class='ocrx_word' id='word_1_63' title='bbox 827 834 1011 900; x_wconf 87' lang='lat' dir='ltr'><strong>Atque</strong></span> <span class='ocrx_word' id='word_1_64' title='bbox 1042 829 1165 885; x_wconf 85' lang='lat' dir='ltr'><strong>hac</strong></span> <span class='ocrx_word' id='word_1_65' title='bbox 1196 830 1432 900; x_wconf 86' lang='lat' dir='ltr'><strong>quidem</strong></span> <span class='ocrx_word' id='word_1_66' title='bbox 1465 830 1656 901; x_wconf 91' lang='lat' dir='ltr'><strong>prima</strong></span> <span class='ocrx_word' id='word_1_67' title='bbox 1684 833 1741 884; x_wconf 90' lang='lat' dir='ltr'><strong>et</strong></span> <span class='ocrx_word' id='word_1_68' title='bbox 1772 827 2028 883; x_wconf 81' lang='lat' dir='ltr'><strong>maxima</strong></span> <span class='ocrx_word' id='word_1_69' title='bbox 2058 826 2269 879; x_wconf 86' lang='lat' dir='ltr'><strong>nostra</strong></span> <span class='ocrx_word' id='word_1_70' title='bbox 2297 819 2715 876; x_wconf 83' lang='lat' dir='ltr'><strong>admonitionis</strong></span> <span class='ocrx_word' id='word_1_71' title='bbox 2745 837 2882 890; x_wconf 89' lang='lat' dir='ltr'><strong>pars</strong></span> <span class='ocrx_word' id='word_1_72' title='bbox 2914 824 3020 876; x_wconf 89' lang='lat' dir='ltr'><strong>est.</strong></span> 
     </span>
    </p>
   </div>
   <div class='ocr_carea' id='block_1_12' title="bbox 573 918 2151 983">
    <p class='ocr_par' dir='ltr' id='par_1_12' title="bbox 573 918 2151 983">
     <span class='ocr_line' id='line_1_12' title="bbox 573 918 2151 983; baseline -0.005 -8"><span class='ocrx_word' id='word_1_73' title='bbox 573 919 809 975; x_wconf 77' lang='lat' dir='ltr'>XXXVI.</span> <span class='ocrx_word' id='word_1_74' title='bbox 846 920 1009 983; x_wconf 88' lang='lat' dir='ltr'><strong>Quod</strong></span> <span class='ocrx_word' id='word_1_75' title='bbox 1059 922 1255 973; x_wconf 88' lang='lat' dir='ltr'><strong>autem</strong></span> <span class='ocrx_word' id='word_1_76' title='bbox 1306 920 1375 973; x_wconf 92' lang='lat' dir='ltr'><strong>ad</strong></span> <span class='ocrx_word' id='word_1_77' title='bbox 1418 921 1737 974; x_wconf 90' lang='lat' dir='ltr'><strong>secundam</strong></span> <span class='ocrx_word' id='word_1_78' title='bbox 1771 918 2001 981; x_wconf 80' lang='lat' dir='ltr'><strong>attinet,</strong></span> <span class='ocrx_word' id='word_1_79' title='bbox 2036 930 2151 969; x_wconf 89' lang='lat' dir='ltr'><strong>non</strong></span> 
     </span>
    </p>
   </div>
   <div class='ocr_carea' id='block_1_13' title="bbox 500 1006 2153 1080">
    <p class='ocr_par' dir='ltr' id='par_1_13' title="bbox 500 1006 2153 1080">
     <span class='ocr_line' id='line_1_13' title="bbox 500 1006 2153 1080; baseline -0.005 -15"><span class='ocrx_word' id='word_1_80' title='bbox 500 1009 773 1080; x_wconf 87' lang='lat' dir='ltr'><strong>equidem</strong></span> <span class='ocrx_word' id='word_1_81' title='bbox 808 1008 1030 1075; x_wconf 89' lang='lat' dir='ltr'><strong>dubito,</strong></span> <span class='ocrx_word' id='word_1_82' title='bbox 1059 1008 1202 1078; x_wconf 89' lang='lat' dir='ltr'><strong>quin</strong></span> <span class='ocrx_word' id='word_1_83' title='bbox 1228 1006 1511 1079; x_wconf 81' lang='lat' dir='ltr'><strong>plerique,</strong></span> <span class='ocrx_word' id='word_1_84' title='bbox 1544 1008 1688 1063; x_wconf 74' lang='lat' dir='ltr'><strong>I72</strong></span> <span class='ocrx_word' id='word_1_85' title='bbox 1712 1007 1864 1078; x_wconf 90' lang='lat' dir='ltr'><strong>quod</strong></span> <span class='ocrx_word' id='word_1_86' title='bbox 1889 1006 2153 1060; x_wconf 90' lang='lat' dir='ltr'><strong>dicturus</strong></span> 
     </span>
    </p>
   </div>
   <div class='ocr_carea' id='block_1_14' title="bbox 503 1093 2154 1167">
    <p class='ocr_par' dir='ltr' id='par_1_14' title="bbox 503 1093 2154 1167">
     <span class='ocr_line' id='line_1_14' title="bbox 503 1093 2154 1167; baseline -0.004 -14"><span class='ocrx_word' id='word_1_87' title='bbox 503 1113 659 1164; x_wconf 90' lang='lat' dir='ltr'><strong>sum,</strong></span> <span class='ocrx_word' id='word_1_88' title='bbox 694 1113 810 1152; x_wconf 91' lang='lat' dir='ltr'><strong>non</strong></span> <span class='ocrx_word' id='word_1_89' title='bbox 843 1095 1094 1151; x_wconf 80' lang='lat' dir='ltr'><strong>libenter</strong></span> <span class='ocrx_word' id='word_1_90' title='bbox 1144 1095 1436 1166; x_wconf 88' lang='lat' dir='ltr'><strong>accipiant</strong></span> <span class='ocrx_word' id='word_1_91' title='bbox 1478 1097 1716 1167; x_wconf 92' lang='lat' dir='ltr'><strong>(etenim</strong></span> <span class='ocrx_word' id='word_1_92' title='bbox 1762 1096 1842 1149; x_wconf 90' lang='lat' dir='ltr'><strong>ita</strong></span> <span class='ocrx_word' id='word_1_93' title='bbox 1893 1093 2154 1148; x_wconf 87' lang='lat' dir='ltr'><strong>moribus</strong></span> 
     </span>
    </p>
   </div>
   <div class='ocr_carea' id='block_1_15' title="bbox 503 1181 2151 1257">
    <p class='ocr_par' dir='ltr' id='par_1_15' title="bbox 503 1181 2151 1257">
     <span class='ocr_line' id='line_1_15' title="bbox 503 1181 2151 1257; baseline -0.004 -15"><span class='ocrx_word' id='word_1_94' title='bbox 503 1190 909 1257; x_wconf 88' lang='lat' dir='ltr'><strong>comparatum</strong></span> <span class='ocrx_word' id='word_1_95' title='bbox 957 1185 1245 1251; x_wconf 85' lang='lat' dir='ltr'><strong>videmus,</strong></span> <span class='ocrx_word' id='word_1_96' title='bbox 1305 1189 1369 1239; x_wconf 88' lang='lat' dir='ltr'><strong>ut</strong></span> <span class='ocrx_word' id='word_1_97' title='bbox 1412 1184 1513 1255; x_wconf 89' lang='lat' dir='ltr'><strong>qui</strong></span> <span class='ocrx_word' id='word_1_98' title='bbox 1563 1184 1875 1239; x_wconf 79' lang='lat' dir='ltr'><strong>referenda</strong></span> <span class='ocrx_word' id='word_1_99' title='bbox 1924 1181 2151 1251; x_wconf 89' lang='lat' dir='ltr'><strong>injuria</strong></span> 
     </span>
    </p>
   </div>
   <div class='ocr_carea' id='block_1_16' title="bbox 503 1272 2151 1347">
    <p class='ocr_par' dir='ltr' id='par_1_16' title="bbox 503 1272 2151 1347">
     <span class='ocr_line' id='line_1_16' title="bbox 503 1272 2151 1347; baseline -0.003 -18"><span class='ocrx_word' id='word_1_100' title='bbox 503 1278 855 1347; x_wconf 87' lang='lat' dir='ltr'><strong>potestatem</strong></span> <span class='ocrx_word' id='word_1_101' title='bbox 888 1278 1096 1329; x_wconf 90' lang='lat' dir='ltr'><strong>nactus</strong></span> <span class='ocrx_word' id='word_1_102' title='bbox 1127 1272 1563 1345; x_wconf 88' lang='lat' dir='ltr'><strong>sit,prasertim</strong></span> <span class='ocrx_word' id='word_1_103' title='bbox 1583 1274 1633 1329; x_wconf 91' lang='lat' dir='ltr'><strong>si</strong></span> <span class='ocrx_word' id='word_1_104' title='bbox 1664 1274 1735 1328; x_wconf 93' lang='lat' dir='ltr'><strong>ob</strong></span> <span class='ocrx_word' id='word_1_105' title='bbox 1768 1289 1834 1328; x_wconf 88' lang='lat' dir='ltr'><strong>ea</strong></span> <span class='ocrx_word' id='word_1_106' title='bbox 1864 1288 1991 1343; x_wconf 85' lang='lat' dir='ltr'><strong>qua</strong></span> <span class='ocrx_word' id='word_1_107' title='bbox 2022 1286 2151 1343; x_wconf 83' lang='lat' dir='ltr'><strong>per-</strong></span> 
     </span>
    </p>
   </div>
   <div class='ocr_carea' id='block_1_17' title="bbox 502 1361 2151 1435">
    <p class='ocr_par' dir='ltr' id='par_1_17' title="bbox 502 1361 2151 1435">
     <span class='ocr_line' id='line_1_17' title="bbox 502 1361 2151 1435; baseline -0.003 -16"><span class='ocrx_word' id='word_1_108' title='bbox 502 1380 713 1435; x_wconf 88' lang='lat' dir='ltr'><strong>pessus</strong></span> <span class='ocrx_word' id='word_1_109' title='bbox 752 1367 841 1419; x_wconf 90' lang='lat' dir='ltr'><strong>est</strong></span> <span class='ocrx_word' id='word_1_110' title='bbox 881 1363 1108 1432; x_wconf 89' lang='lat' dir='ltr'><strong>justam</strong></span> <span class='ocrx_word' id='word_1_111' title='bbox 1153 1363 1444 1418; x_wconf 86' lang='lat' dir='ltr'><strong>irascendi</strong></span> <span class='ocrx_word' id='word_1_112' title='bbox 1477 1378 1716 1418; x_wconf 87' lang='lat' dir='ltr'><strong>causam</strong></span> <span class='ocrx_word' id='word_1_113' title='bbox 1748 1361 1979 1426; x_wconf 86' lang='lat' dir='ltr'><strong>habeat,</strong></span> <span class='ocrx_word' id='word_1_114' title='bbox 2032 1375 2151 1415; x_wconf 90' lang='lat' dir='ltr'><strong>ser-</strong></span> 
     </span>
    </p>
   </div>
   <div class='ocr_carea' id='block_1_18' title="bbox 504 1447 2150 1523">
    <p class='ocr_par' dir='ltr' id='par_1_18' title="bbox 504 1447 2150 1523">
     <span class='ocr_line' id='line_1_18' title="bbox 504 1447 2150 1523; baseline -0.002 -16"><span class='ocrx_word' id='word_1_115' title='bbox 504 1452 718 1517; x_wconf 90' lang='lat' dir='ltr'><strong>monis,</strong></span> <span class='ocrx_word' id='word_1_116' title='bbox 772 1452 921 1507; x_wconf 87' lang='lat' dir='ltr'><strong>iram</strong></span> <span class='ocrx_word' id='word_1_117' title='bbox 970 1452 1363 1523; x_wconf 78' lang='lat' dir='ltr'><strong>reprimentia,</strong></span> <span class='ocrx_word' id='word_1_118' title='bbox 1415 1452 1575 1507; x_wconf 86' lang='lat' dir='ltr'><strong>freno</strong></span> <span class='ocrx_word' id='word_1_119' title='bbox 1620 1451 1861 1506; x_wconf 91' lang='lat' dir='ltr'><strong>minime</strong></span> <span class='ocrx_word' id='word_1_120' title='bbox 1909 1447 2150 1521; x_wconf 89' lang='lat' dir='ltr'><strong>pareat),</strong></span> 
     </span>
    </p>
   </div>
   <div class='ocr_carea' id='block_1_19' title="bbox 503 1537 2151 1613">
    <p class='ocr_par' dir='ltr' id='par_1_19' title="bbox 503 1537 2151 1613">
     <span class='ocr_line' id='line_1_19' title="bbox 503 1537 2151 1613; baseline -0.002 -18"><span class='ocrx_word' id='word_1_121' title='bbox 503 1541 748 1613; x_wconf 90' lang='lat' dir='ltr'><strong>dignum</strong></span> <span class='ocrx_word' id='word_1_122' title='bbox 780 1543 976 1595; x_wconf 90' lang='lat' dir='ltr'><strong>tamen</strong></span> <span class='ocrx_word' id='word_1_123' title='bbox 1024 1543 1132 1608; x_wconf 87' lang='lat' dir='ltr'><strong>est,</strong></span> <span class='ocrx_word' id='word_1_124' title='bbox 1165 1540 1320 1611; x_wconf 90' lang='lat' dir='ltr'><strong>quod</strong></span> <span class='ocrx_word' id='word_1_125' title='bbox 1371 1540 1645 1595; x_wconf 88' lang='lat' dir='ltr'><strong>audiatur</strong></span> <span class='ocrx_word' id='word_1_126' title='bbox 1673 1543 1732 1594; x_wconf 91' lang='lat' dir='ltr'><strong>et</strong></span> <span class='ocrx_word' id='word_1_127' title='bbox 1782 1537 2151 1594; x_wconf 83' lang='lat' dir='ltr'><strong>admittatur.</strong></span> 
     </span>
    </p>
   </div>
   <div class='ocr_carea' id='block_1_20' title="bbox 505 1628 2149 1701">
    <p class='ocr_par' dir='ltr' id='par_1_20' title="bbox 505 1628 2149 1701">
     <span class='ocr_line' id='line_1_20' title="bbox 505 1628 2149 1701; baseline -0.003 -17"><span class='ocrx_word' id='word_1_128' title='bbox 505 1629 588 1684; x_wconf 93' lang='lat' dir='ltr'><strong>Ne</strong></span> <span class='ocrx_word' id='word_1_129' title='bbox 619 1629 926 1684; x_wconf 90' lang='lat' dir='ltr'><strong>immodice</strong></span> <span class='ocrx_word' id='word_1_130' title='bbox 956 1633 1131 1699; x_wconf 90' lang='lat' dir='ltr'><strong>atque</strong></span> <span class='ocrx_word' id='word_1_131' title='bbox 1162 1628 1481 1684; x_wconf 83' lang='lat' dir='ltr'><strong>insolenter</strong></span> <span class='ocrx_word' id='word_1_132' title='bbox 1510 1632 1769 1701; x_wconf 91' lang='lat' dir='ltr'><strong>tempore</strong></span> <span class='ocrx_word' id='word_1_133' title='bbox 1796 1628 2149 1692; x_wconf 88' lang='lat' dir='ltr'><strong>abutamur;</strong></span> 
     </span>
    </p>
   </div>
   <div class='ocr_carea' id='block_1_21' title="bbox 508 1716 2150 1790">
    <p class='ocr_par' dir='ltr' id='par_1_21' title="bbox 508 1716 2150 1790">
     <span class='ocr_line' id='line_1_21' title="bbox 508 1716 2150 1790; baseline -0.002 -18"><span class='ocrx_word' id='word_1_134' title='bbox 508 1734 580 1772; x_wconf 90' lang='lat' dir='ltr'><strong>ne</strong></span> <span class='ocrx_word' id='word_1_135' title='bbox 605 1718 662 1773; x_wconf 91' lang='lat' dir='ltr'><strong>in</strong></span> <span class='ocrx_word' id='word_1_136' title='bbox 694 1722 978 1790; x_wconf 88' lang='lat' dir='ltr'><strong>potestate</strong></span> <span class='ocrx_word' id='word_1_137' title='bbox 1010 1718 1248 1774; x_wconf 89' lang='lat' dir='ltr'><strong>licentia</strong></span> <span class='ocrx_word' id='word_1_138' title='bbox 1294 1718 1695 1786; x_wconf 81' lang='lat' dir='ltr'><strong>luxuriemus;</strong></span> <span class='ocrx_word' id='word_1_139' title='bbox 1732 1731 1803 1773; x_wconf 91' lang='lat' dir='ltr'><strong>ne</strong></span> <span class='ocrx_word' id='word_1_140' title='bbox 1831 1716 1926 1785; x_wconf 91' lang='lat' dir='ltr'><strong>iis,</strong></span> <span class='ocrx_word' id='word_1_141' title='bbox 1959 1733 1993 1771; x_wconf 91' lang='lat' dir='ltr'><strong>a</strong></span> <span class='ocrx_word' id='word_1_142' title='bbox 2022 1716 2150 1787; x_wconf 87' lang='lat' dir='ltr'><strong>qui-</strong></span> 
     </span>
    </p>
   </div>
   <div class='ocr_carea' id='block_1_22' title="bbox 2336 905 3911 987">
    <p class='ocr_par' dir='ltr' id='par_1_22' title="bbox 2336 905 3911 987">
     <span class='ocr_line' id='line_1_22' title="bbox 2336 905 3911 987; baseline 0.003 -26"><span class='ocrx_word' id='word_1_143' title='bbox 2336 913 2447 976; x_wconf 85' lang='grc' dir='ltr'><strong>Δζ’.</strong></span> <span class='ocrx_word' id='word_1_144' title='bbox 2500 906 2753 983; x_wconf 77' lang='grc' dir='ltr'><strong>Δεύτερον</strong></span> <span class='ocrx_word' id='word_1_145' title='bbox 2804 905 2860 962; x_wconf 75' lang='grc' dir='ltr'>δὲ</span> <span class='ocrx_word' id='word_1_146' title='bbox 2938 905 3181 983; x_wconf 86' lang='grc' dir='ltr'>χαλεπὸν</span> <span class='ocrx_word' id='word_1_147' title='bbox 3242 910 3334 981; x_wconf 71' lang='grc' dir='ltr'><strong>μὲν</strong></span> <span class='ocrx_word' id='word_1_148' title='bbox 3395 912 3504 981; x_wconf 83' lang='grc'>(92)</span> <span class='ocrx_word' id='word_1_149' title='bbox 3567 908 3690 965; x_wconf 79' lang='grc' dir='ltr'>οἶδα</span> <span class='ocrx_word' id='word_1_150' title='bbox 3750 910 3911 987; x_wconf 83' lang='grc' dir='ltr'>λόγον</span> 
     </span>
    </p>
   </div>
   <div class='ocr_carea' id='block_1_23' title="bbox 2262 995 3914 1079">
    <p class='ocr_par' dir='ltr' id='par_1_23' title="bbox 2262 995 3914 1079">
     <span class='ocr_line' id='line_1_23' title="bbox 2262 995 3914 1079; baseline 0.002 -28"><span class='ocrx_word' id='word_1_151' title='bbox 2262 996 2398 1069; x_wconf 69' lang='grc' dir='ltr'>ἐρῶν</span> <span class='ocrx_word' id='word_1_152' title='bbox 2430 997 2519 1052; x_wconf 83' lang='grc' dir='ltr'><strong>καὶ</strong></span> <span class='ocrx_word' id='word_1_153' title='bbox 2570 995 3002 1073; x_wconf 82' lang='grc' dir='ltr'>δυσπαράδεκτον</span> <span class='ocrx_word' id='word_1_154' title='bbox 3052 1004 3171 1061; x_wconf 85' lang='grc' dir='ltr'>τοῖς</span> <span class='ocrx_word' id='word_1_155' title='bbox 3218 998 3480 1061; x_wconf 78' lang='grc' dir='ltr'>πολλοῖς”</span> <span class='ocrx_word' id='word_1_156' title='bbox 3530 1000 3682 1079; x_wconf 74' lang='grc' dir='ltr'>φιλεῖ</span> <span class='ocrx_word' id='word_1_157' title='bbox 3725 1004 3831 1077; x_wconf 71' lang='grc' dir='ltr'><strong>γὰρ</strong></span> <span class='ocrx_word' id='word_1_158' title='bbox 3863 1003 3914 1057; x_wconf 72' lang='grc' dir='ltr'><strong>ἐν</strong></span> 
     </span>
    </p>
   </div>
   <div class='ocr_carea' id='block_1_24' title="bbox 2262 1085 3919 1166">
    <p class='ocr_par' dir='ltr' id='par_1_24' title="bbox 2262 1085 3919 1166">
     <span class='ocr_line' id='line_1_24' title="bbox 2262 1085 3919 1166; baseline 0.004 -26"><span class='ocrx_word' id='word_1_159' title='bbox 2262 1086 2475 1158; x_wconf 74' lang='grc' dir='ltr'>ἰξουσίᾳ</span> <span class='ocrx_word' id='word_1_160' title='bbox 2530 1092 2629 1141; x_wconf 78' lang='grc' dir='ltr'>τοῦ</span> <span class='ocrx_word' id='word_1_161' title='bbox 2703 1085 2955 1161; x_wconf 86' lang='grc' dir='ltr'>ἀντιδρᾷν</span> <span class='ocrx_word' id='word_1_162' title='bbox 3019 1093 3197 1150; x_wconf 84' lang='grc' dir='ltr'>κακῶς</span> <span class='ocrx_word' id='word_1_163' title='bbox 3256 1090 3546 1164; x_wconf 86' lang='grc' dir='ltr'>γενόμενος</span> <span class='ocrx_word' id='word_1_164' title='bbox 3606 1093 3919 1166; x_wconf 69' lang='grc' dir='ltr'>ἄνθρωπος,</span> 
     </span>
    </p>
   </div>
   <div class='ocr_carea' id='block_1_25' title="bbox 2262 1174 3915 1255">
    <p class='ocr_par' dir='ltr' id='par_1_25' title="bbox 2262 1174 3915 1255">
     <span class='ocr_line' id='line_1_25' title="bbox 2262 1174 3915 1255; baseline 0.004 -25"><span class='ocrx_word' id='word_1_165' title='bbox 2262 1175 2449 1238; x_wconf 77' lang='grc' dir='ltr'>ἄλλως</span> <span class='ocrx_word' id='word_1_166' title='bbox 2498 1197 2555 1231; x_wconf 90' lang='grc' dir='ltr'><strong>τε</strong></span> <span class='ocrx_word' id='word_1_167' title='bbox 2601 1174 2695 1230; x_wconf 76' lang='grc' dir='ltr'>κᾶν</span> <span class='ocrx_word' id='word_1_168' title='bbox 2751 1174 2962 1233; x_wconf 86' lang='grc' dir='ltr'>δικαίαν</span> <span class='ocrx_word' id='word_1_169' title='bbox 3007 1174 3151 1252; x_wconf 74' lang='grc' dir='ltr'>ἔχων</span> <span class='ocrx_word' id='word_1_170' title='bbox 3198 1181 3309 1248; x_wconf 90' lang='lat'><strong>(93)</strong></span> <span class='ocrx_word' id='word_1_171' title='bbox 3354 1180 3454 1247; x_wconf 82' lang='grc' dir='ltr'>τήν</span> <span class='ocrx_word' id='word_1_172' title='bbox 3513 1180 3682 1255; x_wconf 75' lang='grc' dir='ltr'>ὀργὴν</span> <span class='ocrx_word' id='word_1_173' title='bbox 3733 1181 3785 1253; x_wconf 74' lang='grc' dir='ltr'>ἐξ</span> <span class='ocrx_word' id='word_1_174' title='bbox 3838 1183 3915 1237; x_wconf 82' lang='grc' dir='ltr'><strong>ὧν</strong></span> 
     </span>
    </p>
   </div>
   <div class='ocr_carea' id='block_1_26' title="bbox 2262 1264 3924 1343">
    <p class='ocr_par' dir='ltr' id='par_1_26' title="bbox 2262 1264 3924 1343">
     <span class='ocr_line' id='line_1_26' title="bbox 2262 1264 3924 1343; baseline 0.003 -24"><span class='ocrx_word' id='word_1_175' title='bbox 2262 1265 2546 1333; x_wconf 73' lang='grc' dir='ltr'><strong>πέπονθεν,</strong></span> <span class='ocrx_word' id='word_1_176' title='bbox 2597 1264 2793 1334; x_wconf 71' lang='grc' dir='ltr'>ἥκιστα</span> <span class='ocrx_word' id='word_1_177' title='bbox 2845 1265 3015 1341; x_wconf 83' lang='grc' dir='ltr'>λόγου</span> <span class='ocrx_word' id='word_1_178' title='bbox 3064 1268 3336 1331; x_wconf 86' lang='grc' dir='ltr'>πείθεσθαι</span> <span class='ocrx_word' id='word_1_179' title='bbox 3387 1266 3640 1343; x_wconf 71' lang='grc' dir='ltr'>χαλινοῖς</span> <span class='ocrx_word' id='word_1_180' title='bbox 3692 1270 3785 1324; x_wconf 84' lang='grc' dir='ltr'>τὸν</span> <span class='ocrx_word' id='word_1_181' title='bbox 3827 1273 3924 1324; x_wconf 64' lang='grc' dir='ltr'>θυι</span> 
     </span>
    </p>
   </div>
   <div class='ocr_carea' id='block_1_27' title="bbox 2266 1354 3923 1435">
    <p class='ocr_par' dir='ltr' id='par_1_27' title="bbox 2266 1354 3923 1435">
     <span class='ocr_line' id='line_1_27' title="bbox 2266 1354 3923 1435; baseline 0.003 -27"><span class='ocrx_word' id='word_1_182' title='bbox 2266 1354 2365 1427; x_wconf 82' lang='grc' dir='ltr'>μὸν</span> <span class='ocrx_word' id='word_1_183' title='bbox 2417 1354 2847 1417; x_wconf 85' lang='grc' dir='ltr'>ἀνακόπτοντος·</span> <span class='ocrx_word' id='word_1_184' title='bbox 2922 1356 3249 1425; x_wconf 71' lang='grc' dir='ltr'><strong>ἀκουσθῆναι</strong></span> <span class='ocrx_word' id='word_1_185' title='bbox 3303 1354 3357 1412; x_wconf 76' lang='grc' dir='ltr'>δὲ</span> <span class='ocrx_word' id='word_1_186' title='bbox 3406 1357 3558 1431; x_wconf 74' lang='grc' dir='ltr'>ὅμως</span> <span class='ocrx_word' id='word_1_187' title='bbox 3604 1358 3692 1413; x_wconf 77' lang='grc' dir='ltr'><strong>καὶ</strong></span> <span class='ocrx_word' id='word_1_188' title='bbox 3744 1381 3923 1435; x_wconf 82' lang='grc' dir='ltr'>προσ-</span> 
     </span>
    </p>
   </div>
   <div class='ocr_carea' id='block_1_28' title="bbox 2264 1439 3925 1523">
    <p class='ocr_par' dir='ltr' id='par_1_28' title="bbox 2264 1439 3925 1523">
     <span class='ocr_line' id='line_1_28' title="bbox 2264 1439 3925 1523; baseline 0.004 -27"><span class='ocrx_word' id='word_1_189' title='bbox 2264 1439 2522 1519; x_wconf 83' lang='grc' dir='ltr'>δεχθῆναι</span> <span class='ocrx_word' id='word_1_190' title='bbox 2554 1441 2721 1513; x_wconf 79' lang='grc' dir='ltr'>ἄξιον·</span> <span class='ocrx_word' id='word_1_191' title='bbox 2775 1445 2862 1513; x_wconf 76' lang='grc' dir='ltr'><strong>Μὴ</strong></span> <span class='ocrx_word' id='word_1_192' title='bbox 2917 1442 3211 1515; x_wconf 77' lang='grc' dir='ltr'><strong>ἀπλήστως</strong></span> <span class='ocrx_word' id='word_1_193' title='bbox 3244 1447 3581 1521; x_wconf 84' lang='grc' dir='ltr'>χρησώμεθα</span> <span class='ocrx_word' id='word_1_194' title='bbox 3609 1452 3689 1518; x_wconf 81' lang='grc' dir='ltr'><strong>τῷ</strong></span> <span class='ocrx_word' id='word_1_195' title='bbox 3718 1452 3925 1523; x_wconf 75' lang='grc' dir='ltr'>καιρῷ,</span> 
     </span>
    </p>
   </div>
   <div class='ocr_carea' id='block_1_29' title="bbox 2266 1532 3926 1611">
    <p class='ocr_par' dir='ltr' id='par_1_29' title="bbox 2266 1532 3926 1611">
     <span class='ocr_line' id='line_1_29' title="bbox 2266 1532 3926 1611; baseline 0.004 -26"><span class='ocrx_word' id='word_1_196' title='bbox 2266 1537 2341 1605; x_wconf 82' lang='grc' dir='ltr'>μὴ</span> <span class='ocrx_word' id='word_1_197' title='bbox 2386 1535 2885 1609; x_wconf 77' lang='grc' dir='ltr'>κατατρυφήσωμεν</span> <span class='ocrx_word' id='word_1_198' title='bbox 2936 1540 3034 1602; x_wconf 82' lang='grc' dir='ltr'><strong>τῆς</strong></span> <span class='ocrx_word' id='word_1_199' title='bbox 3082 1532 3345 1606; x_wconf 75' lang='grc' dir='ltr'>ἐξουσίας,</span> <span class='ocrx_word' id='word_1_200' title='bbox 3392 1537 3467 1608; x_wconf 75' lang='grc' dir='ltr'>μὴ</span> <span class='ocrx_word' id='word_1_201' title='bbox 3502 1538 3690 1608; x_wconf 76' lang='grc' dir='ltr'>πικροὶ</span> <span class='ocrx_word' id='word_1_202' title='bbox 3750 1541 3926 1611; x_wconf 82' lang='grc' dir='ltr'>γενώ-</span> 
     </span>
    </p>
   </div>
   <div class='ocr_carea' id='block_1_30' title="bbox 2266 1618 3928 1699">
    <p class='ocr_par' dir='ltr' id='par_1_30' title="bbox 2266 1618 3928 1699">
     <span class='ocr_line' id='line_1_30' title="bbox 2266 1618 3928 1699; baseline 0.005 -25"><span class='ocrx_word' id='word_1_203' title='bbox 2266 1622 2400 1693; x_wconf 84' lang='grc' dir='ltr'>μεθα</span> <span class='ocrx_word' id='word_1_204' title='bbox 2425 1626 2542 1683; x_wconf 84' lang='grc' dir='ltr'>τοῖς</span> <span class='ocrx_word' id='word_1_205' title='bbox 2571 1618 2885 1691; x_wconf 76' lang='grc' dir='ltr'><strong>ἠδικηκόσι,</strong></span> <span class='ocrx_word' id='word_1_206' title='bbox 2937 1623 3012 1694; x_wconf 81' lang='grc' dir='ltr'>μή</span> <span class='ocrx_word' id='word_1_207' title='bbox 3048 1624 3119 1676; x_wconf 84' lang='grc' dir='ltr'>ὧν</span> <span class='ocrx_word' id='word_1_208' title='bbox 3170 1625 3517 1697; x_wconf 69' lang='grc' dir='ltr'>κατεγνωμεν</span> <span class='ocrx_word' id='word_1_209' title='bbox 3566 1628 3703 1699; x_wconf 75' lang='grc'>(94),</span> <span class='ocrx_word' id='word_1_210' title='bbox 3751 1631 3928 1682; x_wconf 72' lang='grc' dir='ltr'>ταῦτα</span> 
     </span>
    </p>
   </div>
   <div class='ocr_carea' id='block_1_31' title="bbox 2263 1707 3926 1787">
    <p class='ocr_par' dir='ltr' id='par_1_31' title="bbox 2263 1707 3926 1787">
     <span class='ocr_line' id='line_1_31' title="bbox 2263 1707 3926 1787; baseline 0.004 -24"><span class='ocrx_word' id='word_1_211' title='bbox 2263 1710 2549 1783; x_wconf 80' lang='grc' dir='ltr'>πράξωμεν</span> <span class='ocrx_word' id='word_1_212' title='bbox 2577 1729 2589 1743; x_wconf 68' lang='grc' dir='ltr'><strong><em>ο</em></strong></span> <span class='ocrx_word' id='word_1_213' title='bbox 2623 1707 2711 1765; x_wconf 77' lang='grc' dir='ltr'><strong>ἅλ’</strong></span> <span class='ocrx_word' id='word_1_214' title='bbox 2760 1709 2883 1763; x_wconf 77' lang='grc' dir='ltr'>ὅσον</span> <span class='ocrx_word' id='word_1_215' title='bbox 2934 1717 3122 1787; x_wconf 78' lang='grc' dir='ltr'>φυγεῖν</span> <span class='ocrx_word' id='word_1_216' title='bbox 3167 1712 3235 1766; x_wconf 71' lang='grc' dir='ltr'>τὰ</span> <span class='ocrx_word' id='word_1_217' title='bbox 3289 1709 3436 1766; x_wconf 77' lang='grc' dir='ltr'>δεινὰ</span> <span class='ocrx_word' id='word_1_218' title='bbox 3472 1721 3571 1782; x_wconf 80' lang='grc' dir='ltr'><strong>τῆς</strong></span> <span class='ocrx_word' id='word_1_219' title='bbox 3607 1710 3926 1786; x_wconf 71' lang='grc' dir='ltr'>μεταϐολῆς</span> 
     </span>
    </p>
   </div>
   <div class='ocr_carea' id='block_1_32' title="bbox 507 1770 2160 1876">
    <p class='ocr_par' dir='ltr' id='par_1_32' title="bbox 507 1770 2157 1876">
     <span class='ocr_line' id='line_1_32' title="bbox 510 1770 2057 1790; baseline -0.001 -18"><span class='ocrx_word' id='word_1_220' title='bbox 694 1770 972 1790; x_wconf 43' lang='lat' dir='ltr'><strong>rm&quot;---</strong></span> <span class='ocrx_word' id='word_1_221' title='bbox 1010 1770 1247 1774; x_wconf 53' lang='grc' dir='ltr'><strong>--η-,η</strong></span> <span class='ocrx_word' id='word_1_222' title='bbox 1294 1770 1654 1774; x_wconf 38' lang='grc' dir='ltr'><strong>πηηηᾞτ</strong></span> <span class='ocrx_word' id='word_1_223' title='bbox 1683 1770 1695 1786; x_wconf 74' lang='grc'><strong>,</strong></span> <span class='ocrx_word' id='word_1_224' title='bbox 1982 1770 1989 1771; x_wconf 60' lang='lat'><strong><em>,</em></strong></span> <span class='ocrx_word' id='word_1_225' title='bbox 2037 1770 2057 1787; x_wconf 49' lang='grc' dir='ltr'><strong><em>ι</em></strong></span> 
     </span>
     <span class='ocr_line' id='line_1_33' title="bbox 507 1806 2157 1876; baseline -0.002 -14"><span class='ocrx_word' id='word_1_226' title='bbox 507 1808 619 1863; x_wconf 91' lang='lat' dir='ltr'><strong>bus</strong></span> <span class='ocrx_word' id='word_1_227' title='bbox 650 1806 771 1863; x_wconf 87' lang='lat' dir='ltr'><strong>lasi</strong></span> <span class='ocrx_word' id='word_1_228' title='bbox 815 1824 1046 1875; x_wconf 88' lang='lat' dir='ltr'><strong>sumus,</strong></span> <span class='ocrx_word' id='word_1_229' title='bbox 1086 1808 1324 1864; x_wconf 90' lang='lat' dir='ltr'><strong>acerbos</strong></span> <span class='ocrx_word' id='word_1_230' title='bbox 1352 1812 1408 1863; x_wconf 91' lang='lat' dir='ltr'><strong>et</strong></span> <span class='ocrx_word' id='word_1_231' title='bbox 1446 1807 1843 1863; x_wconf 87' lang='lat' dir='ltr'><strong>amarulentos</strong></span> <span class='ocrx_word' id='word_1_232' title='bbox 1876 1821 1981 1861; x_wconf 91' lang='lat' dir='ltr'><strong>nos</strong></span> <span class='ocrx_word' id='word_1_233' title='bbox 2014 1820 2157 1876; x_wconf 85' lang='lat' dir='ltr'><strong>pra-</strong></span> 
     </span>
    </p>
   </div>
   <div class='ocr_carea' id='block_1_33' title="bbox 2270 1770 3929 1876">
    <p class='ocr_par' dir='ltr' id='par_1_33' title="bbox 2270 1770 3929 1875">
     <span class='ocr_line' id='line_1_34' title="bbox 2270 1770 3929 1875; baseline 0.002 -22"><span class='ocrx_word' id='word_1_234' title='bbox 2270 1770 2673 1861; x_wconf 63' lang='grc' dir='ltr'>ἀπολαόσαατες</span> <span class='ocrx_word' id='word_1_235' title='bbox 2732 1802 2866 1872; x_wconf 83' lang='grc'>(95),</span> <span class='ocrx_word' id='word_1_236' title='bbox 2913 1770 3039 1854; x_wconf 71' lang='grc' dir='ltr'>ὅσον</span> <span class='ocrx_word' id='word_1_237' title='bbox 3103 1800 3181 1862; x_wconf 87' lang='grc' dir='ltr'><strong>εἰς</strong></span> <span class='ocrx_word' id='word_1_238' title='bbox 3238 1770 3697 1873; x_wconf 32' lang='grc' dir='ltr'>ἀντίδοσινῒῆκει,</span> <span class='ocrx_word' id='word_1_239' title='bbox 3754 1770 3929 1875; x_wconf 41' lang='grc' dir='ltr'>μισ-ᾖ</span> 
     </span>
    </p>
   </div>
   <div class='ocr_carea' id='block_1_34' title="bbox 510 1892 2159 1968">
    <p class='ocr_par' dir='ltr' id='par_1_34' title="bbox 510 1892 2159 1968">
     <span class='ocr_line' id='line_1_35' title="bbox 510 1892 2159 1968; baseline -0.002 -18"><span class='ocrx_word' id='word_1_240' title='bbox 510 1896 796 1964; x_wconf 90' lang='lat' dir='ltr'><strong>beamus;</strong></span> <span class='ocrx_word' id='word_1_241' title='bbox 844 1912 936 1961; x_wconf 91' lang='lat' dir='ltr'><strong>ne,</strong></span> <span class='ocrx_word' id='word_1_242' title='bbox 971 1912 1098 1967; x_wconf 88' lang='lat' dir='ltr'><strong>qua</strong></span> <span class='ocrx_word' id='word_1_243' title='bbox 1130 1896 1293 1967; x_wconf 89' lang='lat' dir='ltr'><strong>prius</strong></span> <span class='ocrx_word' id='word_1_244' title='bbox 1320 1895 1914 1968; x_wconf 88' lang='lat' dir='ltr'><strong>reprehendebamus,</strong></span> <span class='ocrx_word' id='word_1_245' title='bbox 1940 1910 2009 1949; x_wconf 89' lang='lat' dir='ltr'><strong>ea</strong></span> <span class='ocrx_word' id='word_1_246' title='bbox 2046 1892 2159 1965; x_wconf 90' lang='lat' dir='ltr'><strong>ipsi</strong></span> 
     </span>
    </p>
   </div>
   <div class='ocr_carea' id='block_1_35' title="bbox 511 1984 2158 2042">
    <p class='ocr_par' dir='ltr' id='par_1_35' title="bbox 511 1984 2158 2042">
     <span class='ocr_line' id='line_1_36' title="bbox 511 1984 2158 2042; baseline -0.001 -3"><span class='ocrx_word' id='word_1_247' title='bbox 511 1984 817 2040; x_wconf 85' lang='lat' dir='ltr'><strong>faciamus.</strong></span> <span class='ocrx_word' id='word_1_248' title='bbox 848 1984 1060 2040; x_wconf 86' lang='lat' dir='ltr'><strong>Verum</strong></span> <span class='ocrx_word' id='word_1_249' title='bbox 1113 1984 1220 2041; x_wconf 89' lang='lat' dir='ltr'><strong>hoc</strong></span> <span class='ocrx_word' id='word_1_250' title='bbox 1265 2001 1379 2040; x_wconf 91' lang='lat' dir='ltr'><strong>uno</strong></span> <span class='ocrx_word' id='word_1_251' title='bbox 1413 1985 1606 2042; x_wconf 84' lang='lat' dir='ltr'><strong>fructu</strong></span> <span class='ocrx_word' id='word_1_252' title='bbox 1637 2001 1705 2039; x_wconf 84' lang='lat' dir='ltr'><strong>ex</strong></span> <span class='ocrx_word' id='word_1_253' title='bbox 1736 2000 1931 2039; x_wconf 89' lang='lat' dir='ltr'><strong>rerum</strong></span> <span class='ocrx_word' id='word_1_254' title='bbox 1967 1989 2158 2038; x_wconf 88' lang='lat' dir='ltr'><strong>muta-</strong></span> 
     </span>
    </p>
   </div>
   <div class='ocr_carea' id='block_1_36' title="bbox 507 2071 2160 2145">
    <p class='ocr_par' dir='ltr' id='par_1_36' title="bbox 507 2071 2160 2145">
     <span class='ocr_line' id='line_1_37' title="bbox 507 2071 2160 2145; baseline -0.001 -18"><span class='ocrx_word' id='word_1_255' title='bbox 507 2074 664 2129; x_wconf 87' lang='lat' dir='ltr'><strong>tione</strong></span> <span class='ocrx_word' id='word_1_256' title='bbox 696 2077 988 2145; x_wconf 90' lang='lat' dir='ltr'><strong>percepto,</strong></span> <span class='ocrx_word' id='word_1_257' title='bbox 1022 2075 1173 2143; x_wconf 90' lang='lat' dir='ltr'><strong>quod</strong></span> <span class='ocrx_word' id='word_1_258' title='bbox 1207 2073 1508 2130; x_wconf 87' lang='lat' dir='ltr'><strong>molestias</strong></span> <span class='ocrx_word' id='word_1_259' title='bbox 1537 2077 1594 2129; x_wconf 92' lang='lat' dir='ltr'><strong>et</strong></span> <span class='ocrx_word' id='word_1_260' title='bbox 1637 2073 1981 2129; x_wconf 87' lang='lat' dir='ltr'><strong>acerbitates</strong></span> <span class='ocrx_word' id='word_1_261' title='bbox 2013 2071 2160 2127; x_wconf 73' lang='lat' dir='ltr'><strong>etfu-</strong></span> 
     </span>
    </p>
   </div>
   <div class='ocr_carea' id='block_1_37' title="bbox 509 2160 2159 2233">
    <p class='ocr_par' dir='ltr' id='par_1_37' title="bbox 509 2160 2159 2233">
     <span class='ocr_line' id='line_1_38' title="bbox 509 2160 2159 2233; baseline 0 -19"><span class='ocrx_word' id='word_1_262' title='bbox 509 2160 729 2233; x_wconf 88' lang='lat' dir='ltr'><strong>gimus,</strong></span> <span class='ocrx_word' id='word_1_263' title='bbox 762 2161 1053 2232; x_wconf 91' lang='lat' dir='ltr'><strong>quidquid</strong></span> <span class='ocrx_word' id='word_1_264' title='bbox 1085 2162 1157 2216; x_wconf 90' lang='lat' dir='ltr'><strong>ad</strong></span> <span class='ocrx_word' id='word_1_265' title='bbox 1182 2162 1544 2217; x_wconf 82' lang='lat' dir='ltr'><strong>referendam</strong></span> <span class='ocrx_word' id='word_1_266' title='bbox 1578 2163 1759 2217; x_wconf 87' lang='lat' dir='ltr'><strong>vicem</strong></span> <span class='ocrx_word' id='word_1_267' title='bbox 1793 2165 2035 2232; x_wconf 88' lang='lat' dir='ltr'><strong>spectat,</strong></span> <span class='ocrx_word' id='word_1_268' title='bbox 2060 2160 2159 2215; x_wconf 91' lang='lat' dir='ltr'><strong>de-</strong></span> 
     </span>
    </p>
   </div>
   <div class='ocr_carea' id='block_1_38' title="bbox 510 2250 2162 2323">
    <p class='ocr_par' dir='ltr' id='par_1_38' title="bbox 510 2250 2162 2323">
     <span class='ocr_line' id='line_1_39' title="bbox 510 2250 2162 2323; baseline -0.001 -19"><span class='ocrx_word' id='word_1_269' title='bbox 510 2254 815 2305; x_wconf 85' lang='lat' dir='ltr'><strong>testemur.</strong></span> <span class='ocrx_word' id='word_1_270' title='bbox 851 2250 1003 2305; x_wconf 89' lang='lat' dir='ltr'><strong>Satis</strong></span> <span class='ocrx_word' id='word_1_271' title='bbox 1059 2250 1217 2306; x_wconf 93' lang='lat' dir='ltr'><strong>enim</strong></span> <span class='ocrx_word' id='word_1_272' title='bbox 1266 2267 1481 2323; x_wconf 88' lang='lat' dir='ltr'><strong>magna</strong></span> <span class='ocrx_word' id='word_1_273' title='bbox 1511 2268 1681 2323; x_wconf 59' lang='lat' dir='ltr'><strong>plana</strong></span> <span class='ocrx_word' id='word_1_274' title='bbox 1712 2250 1932 2305; x_wconf 89' lang='lat' dir='ltr'><strong>censeri</strong></span> <span class='ocrx_word' id='word_1_275' title='bbox 1965 2250 2162 2320; x_wconf 86' lang='lat' dir='ltr'><strong>debet,</strong></span> 
     </span>
    </p>
   </div>
   <div class='ocr_carea' id='block_1_39' title="bbox 514 2338 2160 2412">
    <p class='ocr_par' dir='ltr' id='par_1_39' title="bbox 514 2338 2160 2412">
     <span class='ocr_line' id='line_1_40' title="bbox 514 2338 2160 2412; baseline -0.001 -18"><span class='ocrx_word' id='word_1_276' title='bbox 514 2338 855 2395; x_wconf 90' lang='lat' dir='ltr'><strong>hominibus</strong></span> <span class='ocrx_word' id='word_1_277' title='bbox 888 2340 1091 2411; x_wconf 84' lang='lat' dir='ltr'><strong>utique</strong></span> <span class='ocrx_word' id='word_1_278' title='bbox 1119 2341 1317 2412; x_wconf 89' lang='lat' dir='ltr'><strong>probis</strong></span> <span class='ocrx_word' id='word_1_279' title='bbox 1348 2358 1415 2395; x_wconf 91' lang='lat' dir='ltr'><strong>ac</strong></span> <span class='ocrx_word' id='word_1_280' title='bbox 1449 2341 1788 2405; x_wconf 88' lang='lat' dir='ltr'><strong>moderatis,</strong></span> <span class='ocrx_word' id='word_1_281' title='bbox 1823 2355 1957 2395; x_wconf 86' lang='lat' dir='ltr'><strong>cum</strong></span> <span class='ocrx_word' id='word_1_282' title='bbox 1992 2339 2029 2393; x_wconf 92' lang='lat' dir='ltr'><strong>ii</strong></span> <span class='ocrx_word' id='word_1_283' title='bbox 2062 2338 2160 2409; x_wconf 91' lang='lat' dir='ltr'><strong>qui</strong></span> 
     </span>
    </p>
   </div>
   <div class='ocr_carea' id='block_1_40' title="bbox 511 2427 2162 2499">
    <p class='ocr_par' dir='ltr' id='par_1_40' title="bbox 511 2427 2162 2499">
     <span class='ocr_line' id='line_1_41' title="bbox 511 2427 2162 2499; baseline -0.001 -16"><span class='ocrx_word' id='word_1_284' title='bbox 511 2428 840 2485; x_wconf 89' lang='lat' dir='ltr'><strong>molestiam</strong></span> <span class='ocrx_word' id='word_1_285' title='bbox 890 2428 1237 2499; x_wconf 89' lang='lat' dir='ltr'><strong>intulerunt,</strong></span> <span class='ocrx_word' id='word_1_286' title='bbox 1284 2433 1441 2485; x_wconf 88' lang='lat' dir='ltr'><strong>metu</strong></span> <span class='ocrx_word' id='word_1_287' title='bbox 1498 2429 1934 2498; x_wconf 90' lang='lat' dir='ltr'><strong>concutiuntur,</strong></span> <span class='ocrx_word' id='word_1_288' title='bbox 1986 2427 2162 2483; x_wconf 85' lang='lat' dir='ltr'><strong>meri-</strong></span> 
     </span>
    </p>
   </div>
   <div class='ocr_carea' id='block_1_41' title="bbox 511 2516 2161 2590">
    <p class='ocr_par' dir='ltr' id='par_1_41' title="bbox 511 2516 2161 2590">
     <span class='ocr_line' id='line_1_42' title="bbox 511 2516 2161 2590; baseline -0.001 -18"><span class='ocrx_word' id='word_1_289' title='bbox 511 2522 725 2590; x_wconf 89' lang='lat' dir='ltr'><strong>tasque</strong></span> <span class='ocrx_word' id='word_1_290' title='bbox 756 2533 959 2589; x_wconf 74' lang='lat' dir='ltr'><strong>panas</strong></span> <span class='ocrx_word' id='word_1_291' title='bbox 1006 2522 1363 2589; x_wconf 85' lang='lat' dir='ltr'><strong>exspectant,</strong></span> <span class='ocrx_word' id='word_1_292' title='bbox 1398 2518 1760 2590; x_wconf 81' lang='lat' dir='ltr'><strong>pr0priaque</strong></span> <span class='ocrx_word' id='word_1_293' title='bbox 1793 2516 2161 2572; x_wconf 88' lang='lat' dir='ltr'><strong>conscientia</strong></span> 
     </span>
    </p>
   </div>
   <div class='ocr_carea' id='block_1_42' title="bbox 510 2606 2161 2678">
    <p class='ocr_par' dir='ltr' id='par_1_42' title="bbox 510 2606 2161 2678">
     <span class='ocr_line' id='line_1_43' title="bbox 510 2606 2161 2678; baseline 0 -17"><span class='ocrx_word' id='word_1_294' title='bbox 510 2607 775 2661; x_wconf 90' lang='lat' dir='ltr'><strong>cruciatu</strong></span> <span class='ocrx_word' id='word_1_295' title='bbox 812 2606 1169 2661; x_wconf 74' lang='lat' dir='ltr'><strong>afficiuntur.</strong></span> <span class='ocrx_word' id='word_1_296' title='bbox 1203 2606 1350 2661; x_wconf 92' lang='lat' dir='ltr'><strong>Nam</strong></span> <span class='ocrx_word' id='word_1_297' title='bbox 1382 2623 1508 2678; x_wconf 89' lang='lat' dir='ltr'><strong>qua</strong></span> <span class='ocrx_word' id='word_1_298' title='bbox 1541 2606 1811 2677; x_wconf 88' lang='lat' dir='ltr'><strong>quisque,</strong></span> <span class='ocrx_word' id='word_1_299' title='bbox 1838 2607 2161 2675; x_wconf 83' lang='lat' dir='ltr'><strong>utjamjam</strong></span> 
     </span>
    </p>
   </div>
   <div class='ocr_carea' id='block_1_43' title="bbox 512 2694 2161 2767">
    <p class='ocr_par' dir='ltr' id='par_1_43' title="bbox 512 2694 2161 2767">
     <span class='ocr_line' id='line_1_44' title="bbox 512 2694 2161 2767; baseline 0 -19"><span class='ocrx_word' id='word_1_300' title='bbox 512 2710 924 2765; x_wconf 88' lang='lat' dir='ltr'><strong>perpessurus,</strong></span> <span class='ocrx_word' id='word_1_301' title='bbox 947 2694 1137 2765; x_wconf 87' lang='lat' dir='ltr'><strong>timet,</strong></span> <span class='ocrx_word' id='word_1_302' title='bbox 1162 2694 1284 2750; x_wconf 89' lang='lat' dir='ltr'><strong>hac</strong></span> <span class='ocrx_word' id='word_1_303' title='bbox 1309 2712 1523 2767; x_wconf 91' lang='lat' dir='ltr'><strong>passus</strong></span> <span class='ocrx_word' id='word_1_304' title='bbox 1544 2699 1651 2759; x_wconf 92' lang='lat' dir='ltr'><strong>est,</strong></span> <span class='ocrx_word' id='word_1_305' title='bbox 1672 2694 1901 2749; x_wconf 89' lang='lat' dir='ltr'><strong>etiamsi</strong></span> <span class='ocrx_word' id='word_1_306' title='bbox 1920 2711 2034 2750; x_wconf 92' lang='lat' dir='ltr'><strong>non</strong></span> <span class='ocrx_word' id='word_1_307' title='bbox 2059 2710 2161 2765; x_wconf 91' lang='lat' dir='ltr'><strong>pa-</strong></span> 
     </span>
    </p>
   </div>
   <div class='ocr_carea' id='block_1_44' title="bbox 511 2782 2163 2855">
    <p class='ocr_par' dir='ltr' id='par_1_44' title="bbox 511 2782 2163 2855">
     <span class='ocr_line' id='line_1_45' title="bbox 511 2782 2163 2855; baseline 0 -18"><span class='ocrx_word' id='word_1_308' title='bbox 511 2782 728 2849; x_wconf 86' lang='lat' dir='ltr'><strong>tiatur;</strong></span> <span class='ocrx_word' id='word_1_309' title='bbox 757 2783 1112 2855; x_wconf 82' lang='lat' dir='ltr'><strong>graviusque</strong></span> <span class='ocrx_word' id='word_1_310' title='bbox 1143 2800 1175 2838; x_wconf 94' lang='lat' dir='ltr'><strong>a</strong></span> <span class='ocrx_word' id='word_1_311' title='bbox 1205 2799 1267 2838; x_wconf 93' lang='lat' dir='ltr'><strong>se</strong></span> <span class='ocrx_word' id='word_1_312' title='bbox 1296 2782 1424 2855; x_wconf 93' lang='lat' dir='ltr'><strong>ipso</strong></span> <span class='ocrx_word' id='word_1_313' title='bbox 1474 2784 1741 2849; x_wconf 83' lang='lat' dir='ltr'><strong>fortasse,</strong></span> <span class='ocrx_word' id='word_1_314' title='bbox 1778 2799 1953 2855; x_wconf 90' lang='lat' dir='ltr'><strong>quam</strong></span> <span class='ocrx_word' id='word_1_315' title='bbox 1987 2783 2059 2837; x_wconf 91' lang='lat' dir='ltr'><strong>ab</strong></span> <span class='ocrx_word' id='word_1_316' title='bbox 2090 2782 2163 2837; x_wconf 87' lang='lat' dir='ltr'><strong>iis</strong></span> 
     </span>
    </p>
   </div>
   <div class='ocr_carea' id='block_1_45' title="bbox 2268 1887 3932 1966">
    <p class='ocr_par' dir='ltr' id='par_1_45' title="bbox 2268 1887 3932 1966">
     <span class='ocr_line' id='line_1_46' title="bbox 2268 1887 3932 1966; baseline 0.003 -23"><span class='ocrx_word' id='word_1_317' title='bbox 2268 1911 2469 1963; x_wconf 86' lang='grc' dir='ltr'>σωμεν.</span> <span class='ocrx_word' id='word_1_318' title='bbox 2525 1890 2812 1964; x_wconf 80' lang='grc' dir='ltr'><strong>Αὐτάρκης</strong></span> <span class='ocrx_word' id='word_1_319' title='bbox 2860 1887 2982 1956; x_wconf 86' lang='grc' dir='ltr'>δίκη</span> <span class='ocrx_word' id='word_1_320' title='bbox 3035 1896 3152 1952; x_wconf 87' lang='grc' dir='ltr'>τοῖς</span> <span class='ocrx_word' id='word_1_321' title='bbox 3202 1912 3264 1965; x_wconf 92' lang='grc' dir='ltr'><strong>γε</strong></span> <span class='ocrx_word' id='word_1_322' title='bbox 3318 1892 3559 1966; x_wconf 76' lang='grc' dir='ltr'><strong>μετρίοις</strong></span> <span class='ocrx_word' id='word_1_323' title='bbox 3597 1891 3658 1947; x_wconf 72' lang='grc' dir='ltr'>τὰ</span> <span class='ocrx_word' id='word_1_324' title='bbox 3689 1898 3798 1947; x_wconf 80' lang='grc' dir='ltr'><strong>τῶν</strong></span> <span class='ocrx_word' id='word_1_325' title='bbox 3835 1892 3932 1949; x_wconf 82' lang='grc' dir='ltr'>λε-</span> 
     </span>
    </p>
   </div>
   <div class='ocr_carea' id='block_1_46' title="bbox 2268 1975 3926 2054">
    <p class='ocr_par' dir='ltr' id='par_1_46' title="bbox 2268 1975 3926 2054">
     <span class='ocr_line' id='line_1_47' title="bbox 2268 1975 3926 2054; baseline 0.004 -22"><span class='ocrx_word' id='word_1_326' title='bbox 2268 1976 2594 2048; x_wconf 79' lang='grc' dir='ltr'>λυπηκότων</span> <span class='ocrx_word' id='word_1_327' title='bbox 2642 1975 2783 2047; x_wconf 72' lang='grc' dir='ltr'>δέος,</span> <span class='ocrx_word' id='word_1_328' title='bbox 2832 1978 2920 2032; x_wconf 74' lang='grc' dir='ltr'><strong>καὶ</strong></span> <span class='ocrx_word' id='word_1_329' title='bbox 2968 1979 3031 2033; x_wconf 86' lang='grc' dir='ltr'>τὸ</span> <span class='ocrx_word' id='word_1_330' title='bbox 3083 1978 3461 2054; x_wconf 84' lang='grc' dir='ltr'>προσδοκῆσαε</span> <span class='ocrx_word' id='word_1_331' title='bbox 3498 1986 3663 2036; x_wconf 76' lang='grc' dir='ltr'>ταῦτα</span> <span class='ocrx_word' id='word_1_332' title='bbox 3707 1986 3926 2052; x_wconf 77' lang='grc' dir='ltr'>παθεῖν,</span> 
     </span>
    </p>
   </div>
   <div class='ocr_carea' id='block_1_47' title="bbox 2268 2066 3931 2146">
    <p class='ocr_par' dir='ltr' id='par_1_47' title="bbox 2268 2066 3931 2146">
     <span class='ocr_line' id='line_1_48' title="bbox 2268 2066 3931 2146; baseline 0.002 -24"><span class='ocrx_word' id='word_1_333' title='bbox 2268 2069 2342 2122; x_wconf 84' lang='grc' dir='ltr'><strong>ὧν</strong></span> <span class='ocrx_word' id='word_1_334' title='bbox 2412 2067 2542 2123; x_wconf 79' lang='grc' dir='ltr'>εἰσιν</span> <span class='ocrx_word' id='word_1_335' title='bbox 2598 2067 2763 2139; x_wconf 78' lang='grc' dir='ltr'>ἄξιοι,</span> <span class='ocrx_word' id='word_1_336' title='bbox 2806 2066 2894 2122; x_wconf 73' lang='grc' dir='ltr'>καὶ</span> <span class='ocrx_word' id='word_1_337' title='bbox 2939 2066 3130 2139; x_wconf 77' lang='grc' dir='ltr'>οἰκείῳ</span> <span class='ocrx_word' id='word_1_338' title='bbox 3174 2066 3438 2124; x_wconf 84' lang='grc' dir='ltr'>συνειδότι</span> <span class='ocrx_word' id='word_1_339' title='bbox 3493 2072 3931 2146; x_wconf 77' lang='grc' dir='ltr'><strong>βασανισθῆναι·</strong></span> 
     </span>
    </p>
   </div>
   <div class='ocr_carea' id='block_1_48' title="bbox 2271 2154 3928 2233">
    <p class='ocr_par' dir='ltr' id='par_1_48' title="bbox 2271 2154 3928 2233">
     <span class='ocr_line' id='line_1_49' title="bbox 2271 2154 3928 2233; baseline 0.003 -23"><span class='ocrx_word' id='word_1_340' title='bbox 2271 2156 2302 2210; x_wconf 79' lang='grc' dir='ltr'>ἃ</span> <span class='ocrx_word' id='word_1_341' title='bbox 2348 2155 2448 2232; x_wconf 83' lang='grc' dir='ltr'><strong>γάρ</strong></span> <span class='ocrx_word' id='word_1_342' title='bbox 2504 2176 2587 2217; x_wconf 84' lang='grc' dir='ltr'><strong>τις</strong></span> <span class='ocrx_word' id='word_1_343' title='bbox 2656 2156 2731 2217; x_wconf 80' lang='grc' dir='ltr'>ὡς</span> <span class='ocrx_word' id='word_1_344' title='bbox 2796 2154 3115 2228; x_wconf 79' lang='grc' dir='ltr'>πεισόμενος</span> <span class='ocrx_word' id='word_1_345' title='bbox 3161 2154 3390 2228; x_wconf 77' lang='grc' dir='ltr'>δέδοικε,</span> <span class='ocrx_word' id='word_1_346' title='bbox 3440 2163 3605 2213; x_wconf 78' lang='grc' dir='ltr'>ταῦτα</span> <span class='ocrx_word' id='word_1_347' title='bbox 3659 2163 3928 2233; x_wconf 73' lang='grc' dir='ltr'>πέπονθε,</span> 
     </span>
    </p>
   </div>
   <div class='ocr_carea' id='block_1_49' title="bbox 2269 2244 3928 2323">
    <p class='ocr_par' dir='ltr' id='par_1_49' title="bbox 2269 2244 3928 2323">
     <span class='ocr_line' id='line_1_50' title="bbox 2269 2244 3928 2323; baseline 0.002 -23"><span class='ocrx_word' id='word_1_348' title='bbox 2269 2244 2365 2300; x_wconf 73' lang='grc' dir='ltr'>κᾶν</span> <span class='ocrx_word' id='word_1_349' title='bbox 2400 2246 2473 2317; x_wconf 79' lang='grc' dir='ltr'>μή</span> <span class='ocrx_word' id='word_1_350' title='bbox 2509 2246 2667 2318; x_wconf 77' lang='grc' dir='ltr'>πάθῃ,</span> <span class='ocrx_word' id='word_1_351' title='bbox 2710 2245 2799 2298; x_wconf 87' lang='grc' dir='ltr'><strong>καὶ</strong></span> <span class='ocrx_word' id='word_1_352' title='bbox 2850 2244 3025 2298; x_wconf 88' lang='grc' dir='ltr'>πλείω</span> <span class='ocrx_word' id='word_1_353' title='bbox 3075 2252 3196 2320; x_wconf 77' lang='grc' dir='ltr'>παρ’</span> <span class='ocrx_word' id='word_1_354' title='bbox 3247 2247 3438 2301; x_wconf 76' lang='grc' dir='ltr'>ἑαυτοῦ</span> <span class='ocrx_word' id='word_1_355' title='bbox 3487 2249 3673 2323; x_wconf 82' lang='grc' dir='ltr'>τυχὸν,</span> <span class='ocrx_word' id='word_1_356' title='bbox 3732 2252 3767 2318; x_wconf 71' lang='grc' dir='ltr'><strong>ἢ</strong></span> <span class='ocrx_word' id='word_1_357' title='bbox 3812 2257 3928 2305; x_wconf 78' lang='grc' dir='ltr'><strong>τῶν</strong></span> 
     </span>
    </p>
   </div>
   <div class='ocr_carea' id='block_1_50' title="bbox 2273 2331 3932 2415">
    <p class='ocr_par' dir='ltr' id='par_1_50' title="bbox 2273 2331 3932 2415">
     <span class='ocr_line' id='line_1_51' title="bbox 2273 2331 3932 2415; baseline -0.003 -27"><span class='ocrx_word' id='word_1_358' title='bbox 2273 2332 2575 2409; x_wconf 87' lang='grc' dir='ltr'>δρασόντων</span> <span class='ocrx_word' id='word_1_359' title='bbox 2622 2331 2929 2402; x_wconf 81' lang='grc' dir='ltr'>κολάζεται.</span> <span class='ocrx_word' id='word_1_360' title='bbox 2976 2335 3068 2402; x_wconf 76' lang='grc' dir='ltr'><strong>Μὴ</strong></span> <span class='ocrx_word' id='word_1_361' title='bbox 3101 2334 3279 2388; x_wconf 80' lang='grc' dir='ltr'>τοίνυν</span> <span class='ocrx_word' id='word_1_362' title='bbox 3331 2332 3650 2409; x_wconf 71' lang='grc' dir='ltr'>θελήσωμεν</span> <span class='ocrx_word' id='word_1_363' title='bbox 3693 2339 3794 2406; x_wconf 76' lang='grc' dir='ltr'>τήν</span> <span class='ocrx_word' id='word_1_364' title='bbox 3830 2339 3932 2415; x_wconf 74' lang='grc' dir='ltr'><strong>ὀρ-</strong></span> 
     </span>
    </p>
   </div>
   <div class='ocr_carea' id='block_1_51' title="bbox 2271 2419 3931 2500">
    <p class='ocr_par' dir='ltr' id='par_1_51' title="bbox 2271 2419 3931 2500">
     <span class='ocr_line' id='line_1_52' title="bbox 2271 2419 3931 2500; baseline 0.004 -25"><span class='ocrx_word' id='word_1_365' title='bbox 2271 2423 2375 2497; x_wconf 77' lang='grc' dir='ltr'><strong>γην</strong></span> <span class='ocrx_word' id='word_1_366' title='bbox 2428 2423 2783 2497; x_wconf 76' lang='grc' dir='ltr'>μετρηθῆναι,</span> <span class='ocrx_word' id='word_1_367' title='bbox 2841 2419 2981 2493; x_wconf 69' lang='grc' dir='ltr'>μηδὲ</span> <span class='ocrx_word' id='word_1_368' title='bbox 3034 2428 3282 2500; x_wconf 72' lang='grc' dir='ltr'>φανῶμεν</span> <span class='ocrx_word' id='word_1_369' title='bbox 3337 2422 3597 2487; x_wconf 68' lang='grc' dir='ltr'>ἰλάττους</span> <span class='ocrx_word' id='word_1_370' title='bbox 3654 2425 3931 2483; x_wconf 78' lang='grc' dir='ltr'>κολασταὶ</span> 
     </span>
    </p>
   </div>
   <div class='ocr_carea' id='block_1_52' title="bbox 2270 2509 3934 2590">
    <p class='ocr_par' dir='ltr' id='par_1_52' title="bbox 2270 2509 3934 2590">
     <span class='ocr_line' id='line_1_53' title="bbox 2270 2509 3934 2590; baseline 0.004 -25"><span class='ocrx_word' id='word_1_371' title='bbox 2270 2518 2370 2580; x_wconf 84' lang='grc' dir='ltr'><strong>τῆς</strong></span> <span class='ocrx_word' id='word_1_372' title='bbox 2404 2509 2551 2581; x_wconf 87' lang='grc' dir='ltr'>ἀξίας</span> <span class='ocrx_word' id='word_1_373' title='bbox 2578 2530 2589 2541; x_wconf 76' lang='grc'><strong><em>⁸</em></strong></span> <span class='ocrx_word' id='word_1_374' title='bbox 2624 2509 2751 2565; x_wconf 79' lang='grc' dir='ltr'>ἀλλ’</span> <span class='ocrx_word' id='word_1_375' title='bbox 2798 2509 2983 2581; x_wconf 76' lang='grc' dir='ltr'>ἐπειδὴ</span> <span class='ocrx_word' id='word_1_376' title='bbox 3042 2513 3103 2567; x_wconf 82' lang='grc' dir='ltr'>τὸ</span> <span class='ocrx_word' id='word_1_377' title='bbox 3153 2519 3254 2567; x_wconf 82' lang='grc' dir='ltr'>πᾶν</span> <span class='ocrx_word' id='word_1_378' title='bbox 3289 2513 3666 2590; x_wconf 69' lang='grc' dir='ltr'>εἰσπράξασθαι</span> <span class='ocrx_word' id='word_1_379' title='bbox 3704 2518 3779 2588; x_wconf 75' lang='grc' dir='ltr'>μὴ</span> <span class='ocrx_word' id='word_1_380' title='bbox 3839 2515 3934 2572; x_wconf 80' lang='grc' dir='ltr'>δυ-</span> 
     </span>
    </p>
   </div>
   <div class='ocr_carea' id='block_1_53' title="bbox 2270 2599 3930 2678">
    <p class='ocr_par' dir='ltr' id='par_1_53' title="bbox 2270 2599 3930 2678">
     <span class='ocr_line' id='line_1_54' title="bbox 2270 2599 3930 2678; baseline 0.004 -25"><span class='ocrx_word' id='word_1_381' title='bbox 2270 2599 2496 2672; x_wconf 82' lang='grc' dir='ltr'>νάμεθα,</span> <span class='ocrx_word' id='word_1_382' title='bbox 2554 2600 2617 2652; x_wconf 85' lang='grc' dir='ltr'>τὸ</span> <span class='ocrx_word' id='word_1_383' title='bbox 2671 2605 2772 2653; x_wconf 78' lang='grc' dir='ltr'>πᾶν</span> <span class='ocrx_word' id='word_1_384' title='bbox 2833 2602 3323 2675; x_wconf 79' lang='grc' dir='ltr'>συγχωρήσωμεν·</span> <span class='ocrx_word' id='word_1_385' title='bbox 3399 2604 3678 2677; x_wconf 81' lang='grc' dir='ltr'>γενώμεθα</span> <span class='ocrx_word' id='word_1_386' title='bbox 3744 2605 3930 2678; x_wconf 71' lang='grc' dir='ltr'>τούτῳ</span> 
     </span>
    </p>
   </div>
   <div class='ocr_carea' id='block_1_54' title="bbox 2270 2686 3928 2766">
    <p class='ocr_par' dir='ltr' id='par_1_54' title="bbox 2270 2686 3928 2766">
     <span class='ocr_line' id='line_1_55' title="bbox 2270 2686 3928 2766; baseline 0.004 -24"><span class='ocrx_word' id='word_1_387' title='bbox 2270 2688 2547 2763; x_wconf 81' lang='grc' dir='ltr'>κρείττους</span> <span class='ocrx_word' id='word_1_388' title='bbox 2578 2693 2684 2741; x_wconf 80' lang='grc' dir='ltr'>τῶν</span> <span class='ocrx_word' id='word_1_389' title='bbox 2713 2686 3059 2758; x_wconf 79' lang='grc' dir='ltr'>ἠδικηκότων</span> <span class='ocrx_word' id='word_1_390' title='bbox 3087 2690 3175 2743; x_wconf 76' lang='grc' dir='ltr'><strong>καὶ</strong></span> <span class='ocrx_word' id='word_1_391' title='bbox 3233 2688 3600 2766; x_wconf 79' lang='grc' dir='ltr'>ὑψηλότεροι·</span> <span class='ocrx_word' id='word_1_392' title='bbox 3660 2690 3928 2765; x_wconf 78' lang='grc' dir='ltr'>δείξωμεν</span> 
     </span>
    </p>
   </div>
   <div class='ocr_carea' id='block_1_55' title="bbox 2270 2774 3928 2856">
    <p class='ocr_par' dir='ltr' id='par_1_55' title="bbox 2270 2774 3928 2856">
     <span class='ocr_line' id='line_1_56' title="bbox 2270 2774 3928 2856; baseline 0.005 -25"><span class='ocrx_word' id='word_1_393' title='bbox 2270 2777 2322 2831; x_wconf 88' lang='grc' dir='ltr'><strong>τί</strong></span> <span class='ocrx_word' id='word_1_394' title='bbox 2354 2778 2446 2850; x_wconf 70' lang='grc' dir='ltr'><strong>μὲν</strong></span> <span class='ocrx_word' id='word_1_395' title='bbox 2483 2774 2822 2831; x_wconf 80' lang='grc' dir='ltr'>διδάσκουσιν</span> <span class='ocrx_word' id='word_1_396' title='bbox 2857 2776 3091 2840; x_wconf 82' lang='grc' dir='ltr'>ἐκεῖνους</span> <span class='ocrx_word' id='word_1_397' title='bbox 3145 2780 3196 2832; x_wconf 75' lang='grc' dir='ltr'>οἱ</span> <span class='ocrx_word' id='word_1_398' title='bbox 3247 2776 3523 2851; x_wconf 85' lang='grc' dir='ltr'>δαίμονες,</span> <span class='ocrx_word' id='word_1_399' title='bbox 3571 2781 3624 2834; x_wconf 84' lang='grc' dir='ltr'><strong>τί</strong></span> <span class='ocrx_word' id='word_1_400' title='bbox 3673 2779 3758 2836; x_wconf 75' lang='grc' dir='ltr'>δαὶ</span> <span class='ocrx_word' id='word_1_401' title='bbox 3810 2786 3928 2856; x_wconf 79' lang='grc'>(96)</span> 
     </span>
    </p>
   </div>
   <div class='ocr_carea' id='block_1_56' title="bbox 4116 1367 4133 1935">
    <p class='ocr_par' dir='ltr' id='par_1_56' title="bbox 4122 1674 4127 1789">
     <span class='ocr_line' id='line_1_57' title="bbox 4122 1674 4127 1789; baseline 0 0"><span class='ocrx_word' id='word_1_402' title='bbox 4122 1674 4125 1733; x_wconf 54' lang='lat' dir='ltr'><strong>i</strong></span> 
     </span>
    </p>
   </div>
   <div class='ocr_carea' id='block_1_57' title="bbox 518 2864 2160 2944">
    <p class='ocr_par' dir='ltr' id='par_1_57' title="bbox 518 2870 2160 2944">
     <span class='ocr_line' id='line_1_58' title="bbox 518 2870 2160 2944; baseline 0.001 -19"><span class='ocrx_word' id='word_1_403' title='bbox 518 2871 616 2943; x_wconf 90' lang='lat' dir='ltr'><strong>qui</strong></span> <span class='ocrx_word' id='word_1_404' title='bbox 648 2870 1003 2944; x_wconf 88' lang='lat' dir='ltr'><strong>supplicium</strong></span> <span class='ocrx_word' id='word_1_405' title='bbox 1036 2870 1255 2926; x_wconf 86' lang='lat' dir='ltr'><strong>illaturi</strong></span> <span class='ocrx_word' id='word_1_406' title='bbox 1302 2876 1792 2944; x_wconf 89' lang='lat' dir='ltr'><strong>sunt,torquetur.</strong></span> <span class='ocrx_word' id='word_1_407' title='bbox 1826 2871 2070 2927; x_wconf 87' lang='lat' dir='ltr'><strong>Proinde</strong></span> <span class='ocrx_word' id='word_1_408' title='bbox 2094 2887 2160 2927; x_wconf 88' lang='lat' dir='ltr'><strong>ne</strong></span> 
     </span>
    </p>
   </div>
   <div class='ocr_carea' id='block_1_58' title="bbox 2270 2864 3928 2944">
    <p class='ocr_par' dir='ltr' id='par_1_58' title="bbox 2272 2864 3928 2941">
     <span class='ocr_line' id='line_1_59' title="bbox 2272 2864 3928 2941; baseline 0.004 -22"><span class='ocrx_word' id='word_1_409' title='bbox 2272 2868 2418 2939; x_wconf 75' lang='grc' dir='ltr'>ἡμᾶς</span> <span class='ocrx_word' id='word_1_410' title='bbox 2449 2864 2751 2920; x_wconf 74' lang='grc' dir='ltr'>ὲκπαιδε·3ει</span> <span class='ocrx_word' id='word_1_411' title='bbox 2800 2867 3052 2941; x_wconf 86' lang='grc' dir='ltr'>Χριστὸς,</span> <span class='ocrx_word' id='word_1_412' title='bbox 3108 2867 3187 2935; x_wconf 80' lang='grc' dir='ltr'><strong>δς,</strong></span> <span class='ocrx_word' id='word_1_413' title='bbox 3240 2868 3323 2929; x_wconf 71' lang='grc' dir='ltr'>οἷς</span> <span class='ocrx_word' id='word_1_414' title='bbox 3354 2869 3585 2925; x_wconf 68' lang='grc' dir='ltr'>πέπονθε</span> <span class='ocrx_word' id='word_1_415' title='bbox 3613 2871 3674 2924; x_wconf 84' lang='grc' dir='ltr'>τὸ</span> <span class='ocrx_word' id='word_1_416' title='bbox 3707 2868 3928 2925; x_wconf 69' lang='grc' dir='ltr'>εὐδόκι-</span> 
     </span>
    </p>
   </div>
   <div class='ocr_carea' id='block_1_59' title="bbox 515 2952 2160 3031">
    <p class='ocr_par' dir='ltr' id='par_1_59' title="bbox 515 2960 2160 3028">
     <span class='ocr_line' id='line_1_60' title="bbox 515 2960 2160 3028; baseline 0 -13"><span class='ocrx_word' id='word_1_417' title='bbox 515 2961 666 3016; x_wconf 88' lang='lat' dir='ltr'><strong>iram</strong></span> <span class='ocrx_word' id='word_1_418' title='bbox 716 2960 907 3016; x_wconf 90' lang='lat' dir='ltr'><strong>metiri</strong></span> <span class='ocrx_word' id='word_1_419' title='bbox 940 2960 998 3015; x_wconf 92' lang='lat' dir='ltr'><strong>in</strong></span> <span class='ocrx_word' id='word_1_420' title='bbox 1048 2960 1306 3016; x_wconf 90' lang='lat' dir='ltr'><strong>animam</strong></span> <span class='ocrx_word' id='word_1_421' title='bbox 1361 2961 1699 3027; x_wconf 86' lang='lat' dir='ltr'><strong>induemus,</strong></span> <span class='ocrx_word' id='word_1_422' title='bbox 1751 2976 1855 3015; x_wconf 86' lang='lat' dir='ltr'><strong>nec</strong></span> <span class='ocrx_word' id='word_1_423' title='bbox 1901 2960 2160 3028; x_wconf 90' lang='lat' dir='ltr'><strong>leviores,</strong></span> 
     </span>
    </p>
   </div>
   <div class='ocr_carea' id='block_1_60' title="bbox 2270 2952 3927 3031">
    <p class='ocr_par' dir='ltr' id='par_1_60' title="bbox 2277 2952 3927 3031">
     <span class='ocr_line' id='line_1_61' title="bbox 2277 2952 3927 3031; baseline 0.003 -22"><span class='ocrx_word' id='word_1_424' title='bbox 2277 2975 2375 3027; x_wconf 89' lang='grc' dir='ltr'><strong>μον</strong></span> <span class='ocrx_word' id='word_1_425' title='bbox 2438 2958 2549 3028; x_wconf 83' lang='lat'><strong>(97)</strong></span> <span class='ocrx_word' id='word_1_426' title='bbox 2598 2952 2749 3029; x_wconf 73' lang='grc' dir='ltr'>ἔχον,</span> <span class='ocrx_word' id='word_1_427' title='bbox 2795 2954 2901 3029; x_wconf 79' lang='grc' dir='ltr'>οὐχ</span> <span class='ocrx_word' id='word_1_428' title='bbox 2948 2957 3111 3025; x_wconf 72' lang='grc' dir='ltr'>ἧττον</span> <span class='ocrx_word' id='word_1_429' title='bbox 3164 2956 3440 3027; x_wconf 85' lang='grc' dir='ltr'>νενίκηκεν</span> <span class='ocrx_word' id='word_1_430' title='bbox 3494 2958 3575 3020; x_wconf 73' lang='grc' dir='ltr'>οἷς</span> <span class='ocrx_word' id='word_1_431' title='bbox 3627 2956 3927 3031; x_wconf 72' lang='grc' dir='ltr'>δυνάμενος</span> 
     </span>
    </p>
   </div>
   <div class='ocr_carea' id='block_1_61' title="bbox 519 3041 2160 3124">
    <p class='ocr_par' dir='ltr' id='par_1_61' title="bbox 519 3048 2160 3123">
     <span class='ocr_line' id='line_1_62' title="bbox 519 3048 2160 3123; baseline -0.001 -18"><span class='ocrx_word' id='word_1_432' title='bbox 519 3067 693 3122; x_wconf 89' lang='lat' dir='ltr'><strong>quam</strong></span> <span class='ocrx_word' id='word_1_433' title='bbox 718 3067 821 3123; x_wconf 87' lang='lat' dir='ltr'><strong>pro</strong></span> <span class='ocrx_word' id='word_1_434' title='bbox 849 3050 1164 3106; x_wconf 88' lang='lat' dir='ltr'><strong>criminum</strong></span> <span class='ocrx_word' id='word_1_435' title='bbox 1187 3048 1719 3121; x_wconf 89' lang='lat' dir='ltr'><strong>atrocitate,poenas</strong></span> <span class='ocrx_word' id='word_1_436' title='bbox 1741 3049 1952 3104; x_wconf 80' lang='lat' dir='ltr'><strong>inferre</strong></span> <span class='ocrx_word' id='word_1_437' title='bbox 1969 3049 2160 3103; x_wconf 86' lang='lat' dir='ltr'><strong>videa-</strong></span> 
     </span>
    </p>
   </div>
   <div class='ocr_carea' id='block_1_62' title="bbox 2270 3041 3925 3124">
    <p class='ocr_par' dir='ltr' id='par_1_62' title="bbox 2275 3041 3925 3124">
     <span class='ocr_line' id='line_1_63' title="bbox 2275 3041 3925 3124; baseline 0.003 -26"><span class='ocrx_word' id='word_1_438' title='bbox 2275 3043 2335 3098; x_wconf 79' lang='grc' dir='ltr'>οὐ</span> <span class='ocrx_word' id='word_1_439' title='bbox 2366 3043 2683 3113; x_wconf 87' lang='grc' dir='ltr'>πεποίηκεν.</span> <span class='ocrx_word' id='word_1_440' title='bbox 2734 3045 2826 3097; x_wconf 87' lang='grc' dir='ltr'>Ἕν</span> <span class='ocrx_word' id='word_1_441' title='bbox 2880 3041 3182 3117; x_wconf 80' lang='grc' dir='ltr'>ἀντιδῶμεν</span> <span class='ocrx_word' id='word_1_442' title='bbox 3228 3044 3309 3118; x_wconf 76' lang='grc' dir='ltr'><strong>τῷ</strong></span> <span class='ocrx_word' id='word_1_443' title='bbox 3356 3050 3472 3118; x_wconf 82' lang='grc' dir='ltr'>Θεῷ</span> <span class='ocrx_word' id='word_1_444' title='bbox 3520 3052 3925 3124; x_wconf 78' lang='grc' dir='ltr'>χαριστήριονο</span> 
     </span>
    </p>
   </div>
   <div class='ocr_carea' id='block_1_63' title="bbox 519 3131 2160 3223">
    <p class='ocr_par' dir='ltr' id='par_1_63' title="bbox 519 3139 2160 3211">
     <span class='ocr_line' id='line_1_64' title="bbox 519 3139 2160 3211; baseline -0.001 -16"><span class='ocrx_word' id='word_1_445' title='bbox 519 3156 653 3195; x_wconf 91' lang='lat' dir='ltr'><strong>mur</strong></span> <span class='ocrx_word' id='word_1_446' title='bbox 687 3156 700 3194; x_wconf 87' lang='lat'><strong>:</strong></span> <span class='ocrx_word' id='word_1_447' title='bbox 734 3156 934 3196; x_wconf 88' lang='lat' dir='ltr'><strong>verum</strong></span> <span class='ocrx_word' id='word_1_448' title='bbox 982 3139 1260 3210; x_wconf 89' lang='lat' dir='ltr'><strong>quoniam</strong></span> <span class='ocrx_word' id='word_1_449' title='bbox 1293 3156 1491 3211; x_wconf 78' lang='lat' dir='ltr'><strong>panas</strong></span> <span class='ocrx_word' id='word_1_450' title='bbox 1536 3156 1740 3195; x_wconf 88' lang='lat' dir='ltr'><strong>omnes</strong></span> <span class='ocrx_word' id='word_1_451' title='bbox 1790 3139 2016 3211; x_wconf 85' lang='lat' dir='ltr'><strong>exigere</strong></span> <span class='ocrx_word' id='word_1_452' title='bbox 2046 3154 2160 3193; x_wconf 92' lang='lat' dir='ltr'><strong>non</strong></span> 
     </span>
    </p>
   </div>
   <div class='ocr_carea' id='block_1_64' title="bbox 2270 3131 3929 3223">
    <p class='ocr_par' dir='ltr' id='par_1_64' title="bbox 2271 3131 3929 3210">
     <span class='ocr_line' id='line_1_65' title="bbox 2271 3131 3929 3210; baseline 0.004 -25"><span class='ocrx_word' id='word_1_453' title='bbox 2271 3131 2588 3205; x_wconf 80' lang='grc' dir='ltr'>αὐξήσωμεν</span> <span class='ocrx_word' id='word_1_454' title='bbox 2639 3132 2978 3207; x_wconf 76' lang='grc' dir='ltr'>χρηστότητι</span> <span class='ocrx_word' id='word_1_455' title='bbox 3034 3134 3095 3187; x_wconf 85' lang='grc' dir='ltr'>τὸ</span> <span class='ocrx_word' id='word_1_456' title='bbox 3157 3137 3495 3209; x_wconf 82' lang='grc' dir='ltr'>μυστήριον·</span> <span class='ocrx_word' id='word_1_457' title='bbox 3549 3137 3624 3198; x_wconf 85' lang='grc' dir='ltr'>εἰς</span> <span class='ocrx_word' id='word_1_458' title='bbox 3653 3142 3813 3192; x_wconf 80' lang='grc' dir='ltr'>τοῦτο</span> <span class='ocrx_word' id='word_1_459' title='bbox 3844 3138 3929 3210; x_wconf 63' lang='grc' dir='ltr'>τῲ</span> 
     </span>
    </p>
   </div>
   <div class='ocr_carea' id='block_1_65' title="bbox 527 3221 2160 3300">
    <p class='ocr_par' dir='ltr' id='par_1_65' title="bbox 527 3226 2160 3300">
     <span class='ocr_line' id='line_1_66' title="bbox 527 3226 2160 3300; baseline -0.002 -16"><span class='ocrx_word' id='word_1_460' title='bbox 527 3245 868 3300; x_wconf 89' lang='lat' dir='ltr'><strong>possumus,</strong></span> <span class='ocrx_word' id='word_1_461' title='bbox 901 3243 1106 3284; x_wconf 90' lang='lat' dir='ltr'><strong>omnes</strong></span> <span class='ocrx_word' id='word_1_462' title='bbox 1137 3228 1539 3283; x_wconf 76' lang='lat' dir='ltr'><strong>condonamus</strong></span> <span class='ocrx_word' id='word_1_463' title='bbox 1572 3243 1585 3282; x_wconf 89' lang='lat'><strong>:</strong></span> <span class='ocrx_word' id='word_1_464' title='bbox 1620 3226 1729 3281; x_wconf 89' lang='lat' dir='ltr'><strong>hac</strong></span> <span class='ocrx_word' id='word_1_465' title='bbox 1762 3226 1981 3281; x_wconf 87' lang='lat' dir='ltr'><strong>ratione</strong></span> <span class='ocrx_word' id='word_1_466' title='bbox 2012 3226 2103 3295; x_wconf 90' lang='lat' dir='ltr'><strong>iis,</strong></span> <span class='ocrx_word' id='word_1_467' title='bbox 2137 3242 2160 3281; x_wconf 80' lang='grc' dir='ltr'><strong>ε</strong></span> 
     </span>
    </p>
   </div>
   <div class='ocr_carea' id='block_1_66' title="bbox 2270 3221 2981 3300">
    <p class='ocr_par' dir='ltr' id='par_1_66' title="bbox 2278 3221 2981 3296">
     <span class='ocr_line' id='line_1_67' title="bbox 2278 3221 2981 3296; baseline -0.003 -20"><span class='ocrx_word' id='word_1_468' title='bbox 2278 3221 2451 3296; x_wconf 85' lang='grc' dir='ltr'>καιρῷ</span> <span class='ocrx_word' id='word_1_469' title='bbox 2482 3221 2818 3295; x_wconf 83' lang='grc' dir='ltr'>χρησώμεθα</span> <span class='ocrx_word' id='word_1_470' title='bbox 2847 3224 2981 3290; x_wconf 86' lang='grc'>(98),</span> 
     </span>
    </p>
   </div>
   <div class='ocr_carea' id='block_1_67' title="bbox 522 3311 3934 3391">
    <p class='ocr_par' dir='ltr' id='par_1_67' title="bbox 522 3311 3934 3391">
     <span class='ocr_line' id='line_1_68' title="bbox 522 3311 3934 3391; baseline 0 -18"><span class='ocrx_word' id='word_1_471' title='bbox 522 3318 741 3391; x_wconf 88' lang='lat' dir='ltr'><strong>quibus</strong></span> <span class='ocrx_word' id='word_1_472' title='bbox 772 3317 1019 3388; x_wconf 86' lang='lat' dir='ltr'><strong>injurias</strong></span> <span class='ocrx_word' id='word_1_473' title='bbox 1050 3317 1408 3389; x_wconf 89' lang='lat' dir='ltr'><strong>accepimus,</strong></span> <span class='ocrx_word' id='word_1_474' title='bbox 1440 3316 1708 3371; x_wconf 90' lang='lat' dir='ltr'><strong>meliores</strong></span> <span class='ocrx_word' id='word_1_475' title='bbox 1758 3332 1824 3370; x_wconf 89' lang='lat' dir='ltr'><strong>ac</strong></span> <span class='ocrx_word' id='word_1_476' title='bbox 1872 3315 2247 3371; x_wconf 89' lang='lat' dir='ltr'><strong>sublimiores</strong></span> <span class='ocrx_word' id='word_1_477' title='bbox 2291 3329 2396 3368; x_wconf 91' lang='lat' dir='ltr'><strong>nos</strong></span> <span class='ocrx_word' id='word_1_478' title='bbox 2429 3317 2793 3384; x_wconf 67' lang='lat' dir='ltr'><strong>praestemus.</strong></span> <span class='ocrx_word' id='word_1_479' title='bbox 2827 3311 3245 3377; x_wconf 86' lang='lat' dir='ltr'><strong>Ostendamus,</strong></span> <span class='ocrx_word' id='word_1_480' title='bbox 3279 3315 3419 3387; x_wconf 90' lang='lat' dir='ltr'><strong>quid</strong></span> <span class='ocrx_word' id='word_1_481' title='bbox 3470 3315 3602 3371; x_wconf 92' lang='lat' dir='ltr'><strong>illos</strong></span> <span class='ocrx_word' id='word_1_482' title='bbox 3636 3318 3934 3374; x_wconf 77' lang='lat' dir='ltr'><strong>daemones</strong></span> 
     </span>
    </p>
   </div>
   <div class='ocr_carea' id='block_1_68' title="bbox 523 3404 3930 3477">
    <p class='ocr_par' dir='ltr' id='par_1_68' title="bbox 523 3404 3930 3477">
     <span class='ocr_line' id='line_1_69' title="bbox 523 3404 3930 3477; baseline 0 -15"><span class='ocrx_word' id='word_1_483' title='bbox 523 3408 790 3473; x_wconf 88' lang='lat' dir='ltr'><strong>doceant,</strong></span> <span class='ocrx_word' id='word_1_484' title='bbox 815 3406 954 3476; x_wconf 91' lang='lat' dir='ltr'><strong>quid</strong></span> <span class='ocrx_word' id='word_1_485' title='bbox 995 3422 1231 3460; x_wconf 89' lang='lat' dir='ltr'><strong>rursum</strong></span> <span class='ocrx_word' id='word_1_486' title='bbox 1262 3405 1529 3460; x_wconf 89' lang='lat' dir='ltr'><strong>Christus</strong></span> <span class='ocrx_word' id='word_1_487' title='bbox 1576 3421 1683 3459; x_wconf 88' lang='lat' dir='ltr'><strong>nos</strong></span> <span class='ocrx_word' id='word_1_488' title='bbox 1729 3405 1978 3471; x_wconf 89' lang='lat' dir='ltr'><strong>erudiat,</strong></span> <span class='ocrx_word' id='word_1_489' title='bbox 2012 3404 2275 3476; x_wconf 91' lang='lat' dir='ltr'><strong>quicum</strong></span> <span class='ocrx_word' id='word_1_490' title='bbox 2326 3418 2425 3473; x_wconf 72' lang='lat' dir='ltr'><strong>per</strong></span> <span class='ocrx_word' id='word_1_491' title='bbox 2469 3417 2537 3455; x_wconf 89' lang='lat' dir='ltr'><strong>ea</strong></span> <span class='ocrx_word' id='word_1_492' title='bbox 2583 3417 2707 3470; x_wconf 88' lang='lat' dir='ltr'><strong>qua</strong></span> <span class='ocrx_word' id='word_1_493' title='bbox 2768 3417 2978 3472; x_wconf 88' lang='lat' dir='ltr'><strong>passus</strong></span> <span class='ocrx_word' id='word_1_494' title='bbox 3034 3408 3142 3471; x_wconf 91' lang='lat' dir='ltr'><strong>est,</strong></span> <span class='ocrx_word' id='word_1_495' title='bbox 3176 3404 3419 3475; x_wconf 83' lang='lat' dir='ltr'><strong>gloriam</strong></span> <span class='ocrx_word' id='word_1_496' title='bbox 3453 3421 3519 3459; x_wconf 91' lang='lat' dir='ltr'><strong>ac</strong></span> <span class='ocrx_word' id='word_1_497' title='bbox 3551 3404 3930 3477; x_wconf 88' lang='lat' dir='ltr'><strong>splendorem</strong></span> 
     </span>
    </p>
   </div>
   <div class='ocr_carea' id='block_1_69' title="bbox 522 3490 3934 3565">
    <p class='ocr_par' dir='ltr' id='par_1_69' title="bbox 522 3490 3934 3565">
     <span class='ocr_line' id='line_1_70' title="bbox 522 3490 3934 3565; baseline -0 -15"><span class='ocrx_word' id='word_1_498' title='bbox 522 3496 759 3561; x_wconf 87' lang='lat' dir='ltr'><strong>habeat,</strong></span> <span class='ocrx_word' id='word_1_499' title='bbox 793 3510 905 3549; x_wconf 92' lang='lat' dir='ltr'><strong>non</strong></span> <span class='ocrx_word' id='word_1_500' title='bbox 940 3494 1135 3548; x_wconf 90' lang='lat' dir='ltr'><strong>minus</strong></span> <span class='ocrx_word' id='word_1_501' title='bbox 1167 3498 1362 3548; x_wconf 89' lang='lat' dir='ltr'><strong>tamen</strong></span> <span class='ocrx_word' id='word_1_502' title='bbox 1395 3510 1496 3565; x_wconf 91' lang='lat' dir='ltr'><strong>per</strong></span> <span class='ocrx_word' id='word_1_503' title='bbox 1543 3494 1599 3549; x_wconf 90' lang='lat' dir='ltr'><strong>id</strong></span> <span class='ocrx_word' id='word_1_504' title='bbox 1649 3493 1964 3565; x_wconf 89' lang='lat' dir='ltr'><strong>superavit,</strong></span> <span class='ocrx_word' id='word_1_505' title='bbox 1998 3494 2154 3565; x_wconf 91' lang='lat' dir='ltr'><strong>quod</strong></span> <span class='ocrx_word' id='word_1_506' title='bbox 2205 3508 2292 3557; x_wconf 92' lang='lat' dir='ltr'><strong>ea,</strong></span> <span class='ocrx_word' id='word_1_507' title='bbox 2326 3507 2452 3562; x_wconf 90' lang='lat' dir='ltr'><strong>qua</strong></span> <span class='ocrx_word' id='word_1_508' title='bbox 2504 3494 2744 3560; x_wconf 82' lang='lat' dir='ltr'><strong>poterat,</strong></span> <span class='ocrx_word' id='word_1_509' title='bbox 2780 3506 2890 3545; x_wconf 92' lang='lat' dir='ltr'><strong>non</strong></span> <span class='ocrx_word' id='word_1_510' title='bbox 2943 3490 3095 3546; x_wconf 83' lang='lat' dir='ltr'><strong>fecit.</strong></span> <span class='ocrx_word' id='word_1_511' title='bbox 3132 3490 3323 3547; x_wconf 90' lang='lat' dir='ltr'><strong>Unum</strong></span> <span class='ocrx_word' id='word_1_512' title='bbox 3357 3492 3464 3548; x_wconf 93' lang='lat' dir='ltr'><strong>hoc</strong></span> <span class='ocrx_word' id='word_1_513' title='bbox 3496 3493 3632 3561; x_wconf 87' lang='lat' dir='ltr'><strong>Deo,</strong></span> <span class='ocrx_word' id='word_1_514' title='bbox 3668 3494 3726 3549; x_wconf 89' lang='lat' dir='ltr'><strong>in</strong></span> <span class='ocrx_word' id='word_1_515' title='bbox 3778 3495 3934 3565; x_wconf 83' lang='lat' dir='ltr'><strong>grati</strong></span> 
     </span>
    </p>
   </div>
   <div class='ocr_carea' id='block_1_70' title="bbox 523 3579 3931 3655">
    <p class='ocr_par' dir='ltr' id='par_1_70' title="bbox 523 3579 3931 3655">
     <span class='ocr_line' id='line_1_71' title="bbox 523 3579 3931 3655; baseline -0 -16"><span class='ocrx_word' id='word_1_516' title='bbox 523 3583 705 3639; x_wconf 91' lang='lat' dir='ltr'><strong>animi</strong></span> <span class='ocrx_word' id='word_1_517' title='bbox 740 3581 1228 3655; x_wconf 83' lang='lat' dir='ltr'><strong>signiﬁcationem</strong></span> <span class='ocrx_word' id='word_1_518' title='bbox 1260 3581 1603 3650; x_wconf 86' lang='lat' dir='ltr'><strong>referamus,</strong></span> <span class='ocrx_word' id='word_1_519' title='bbox 1636 3582 1980 3655; x_wconf 86' lang='lat' dir='ltr'><strong>mysterium</strong></span> <span class='ocrx_word' id='word_1_520' title='bbox 2014 3580 2369 3653; x_wconf 89' lang='lat' dir='ltr'><strong>benignitate</strong></span> <span class='ocrx_word' id='word_1_521' title='bbox 2413 3594 2753 3647; x_wconf 85' lang='lat' dir='ltr'><strong>augeamus,</strong></span> <span class='ocrx_word' id='word_1_522' title='bbox 2784 3579 2855 3633; x_wconf 88' lang='lat' dir='ltr'><strong>ad</strong></span> <span class='ocrx_word' id='word_1_523' title='bbox 2889 3594 3016 3634; x_wconf 88' lang='lat' dir='ltr'><strong>eam</strong></span> <span class='ocrx_word' id='word_1_524' title='bbox 3046 3596 3167 3635; x_wconf 91' lang='lat' dir='ltr'><strong>rem</strong></span> <span class='ocrx_word' id='word_1_525' title='bbox 3199 3581 3477 3652; x_wconf 89' lang='lat' dir='ltr'><strong>temporis</strong></span> <span class='ocrx_word' id='word_1_526' title='bbox 3508 3584 3931 3639; x_wconf 86' lang='lat' dir='ltr'><strong>commoditate</strong></span> 
     </span>
    </p>
   </div>
   <div class='ocr_carea' id='block_1_71' title="bbox 522 3676 779 3727">
    <p class='ocr_par' dir='ltr' id='par_1_71' title="bbox 522 3676 779 3727">
     <span class='ocr_line' id='line_1_72' title="bbox 522 3676 779 3727; baseline -0.004 0"><span class='ocrx_word' id='word_1_527' title='bbox 522 3676 779 3727; x_wconf 88' lang='lat' dir='ltr'><strong>utamur.</strong></span> 
     </span>
    </p>
   </div>
   <div class='ocr_carea' id='block_1_72' title="bbox 591 3758 2163 3831">
    <p class='ocr_par' dir='ltr' id='par_1_72' title="bbox 591 3758 2163 3831">
     <span class='ocr_line' id='line_1_73' title="bbox 591 3758 2163 3831; baseline -0.003 -14"><span class='ocrx_word' id='word_1_528' title='bbox 591 3759 995 3825; x_wconf 86' lang='lat' dir='ltr'><strong>XXXVII.Eos,</strong></span> <span class='ocrx_word' id='word_1_529' title='bbox 1019 3776 1052 3814; x_wconf 92' lang='lat' dir='ltr'><strong>a</strong></span> <span class='ocrx_word' id='word_1_530' title='bbox 1074 3758 1290 3831; x_wconf 89' lang='lat' dir='ltr'><strong>quibus</strong></span> <span class='ocrx_word' id='word_1_531' title='bbox 1313 3758 1618 3831; x_wconf 82' lang='lat' dir='ltr'><strong>tyrannide</strong></span> <span class='ocrx_word' id='word_1_532' title='bbox 1649 3759 1912 3831; x_wconf 87' lang='lat' dir='ltr'><strong>oppressi</strong></span> <span class='ocrx_word' id='word_1_533' title='bbox 1936 3775 2163 3826; x_wconf 89' lang='lat' dir='ltr'><strong>sumus,</strong></span> 
     </span>
    </p>
   </div>
   <div class='ocr_carea' id='block_1_73' title="bbox 521 3846 2166 3918">
    <p class='ocr_par' dir='ltr' id='par_1_73' title="bbox 521 3846 2166 3918">
     <span class='ocr_line' id='line_1_74' title="bbox 521 3846 2166 3918; baseline -0.002 -12"><span class='ocrx_word' id='word_1_534' title='bbox 521 3848 974 3906; x_wconf 88' lang='lat' dir='ltr'><strong>mansuetudine</strong></span> <span class='ocrx_word' id='word_1_535' title='bbox 1004 3849 1347 3914; x_wconf 88' lang='lat' dir='ltr'><strong>vincamus;</strong></span> <span class='ocrx_word' id='word_1_536' title='bbox 1400 3864 1466 3903; x_wconf 92' lang='lat' dir='ltr'><strong>ac</strong></span> <span class='ocrx_word' id='word_1_537' title='bbox 1494 3846 1742 3903; x_wconf 78' lang='lat' dir='ltr'><strong>maxime</strong></span> <span class='ocrx_word' id='word_1_538' title='bbox 1788 3847 2024 3918; x_wconf 91' lang='lat' dir='ltr'><strong>quidem</strong></span> <span class='ocrx_word' id='word_1_539' title='bbox 2058 3864 2166 3902; x_wconf 89' lang='lat' dir='ltr'><strong>nos</strong></span> 
     </span>
    </p>
   </div>
   <div class='ocr_carea' id='block_1_74' title="bbox 519 3935 2169 4010">
    <p class='ocr_par' dir='ltr' id='par_1_74' title="bbox 519 3935 2169 4010">
     <span class='ocr_line' id='line_1_75' title="bbox 519 3935 2169 4010; baseline -0.003 -15"><span class='ocrx_word' id='word_1_540' title='bbox 519 3939 853 4010; x_wconf 83' lang='lat' dir='ltr'><strong>benignitas</strong></span> <span class='ocrx_word' id='word_1_541' title='bbox 905 3938 976 3993; x_wconf 90' lang='lat' dir='ltr'><strong>ad</strong></span> <span class='ocrx_word' id='word_1_542' title='bbox 1011 3938 1434 4009; x_wconf 89' lang='lat' dir='ltr'><strong>ignoscendum</strong></span> <span class='ocrx_word' id='word_1_543' title='bbox 1466 3936 1739 4001; x_wconf 88' lang='lat' dir='ltr'><strong>adducat,</strong></span> <span class='ocrx_word' id='word_1_544' title='bbox 1770 3935 1975 4008; x_wconf 90' lang='lat' dir='ltr'><strong>visque</strong></span> <span class='ocrx_word' id='word_1_545' title='bbox 2006 3953 2169 3991; x_wconf 91' lang='lat' dir='ltr'><strong>man-</strong></span> 
     </span>
    </p>
   </div>
   <div class='ocr_carea' id='block_1_75' title="bbox 518 4024 2166 4098">
    <p class='ocr_par' dir='ltr' id='par_1_75' title="bbox 518 4024 2166 4098">
     <span class='ocr_line' id='line_1_76' title="bbox 518 4024 2166 4098; baseline -0.002 -17"><span class='ocrx_word' id='word_1_546' title='bbox 518 4027 662 4093; x_wconf 87' lang='lat' dir='ltr'><strong>dati,</strong></span> <span class='ocrx_word' id='word_1_547' title='bbox 694 4027 961 4083; x_wconf 89' lang='lat' dir='ltr'><strong>eamdem</strong></span> <span class='ocrx_word' id='word_1_548' title='bbox 996 4025 1417 4098; x_wconf 87' lang='lat' dir='ltr'><strong>benignitatem</strong></span> <span class='ocrx_word' id='word_1_549' title='bbox 1451 4024 1619 4080; x_wconf 91' lang='lat' dir='ltr'><strong>nobis</strong></span> <span class='ocrx_word' id='word_1_550' title='bbox 1650 4026 1707 4079; x_wconf 90' lang='lat' dir='ltr'><strong>in</strong></span> <span class='ocrx_word' id='word_1_551' title='bbox 1758 4024 1831 4080; x_wconf 93' lang='lat' dir='ltr'><strong>iis</strong></span> <span class='ocrx_word' id='word_1_552' title='bbox 1878 4025 2074 4089; x_wconf 89' lang='lat' dir='ltr'><strong>rebus,</strong></span> <span class='ocrx_word' id='word_1_553' title='bbox 2107 4024 2166 4078; x_wconf 90' lang='lat' dir='ltr'><strong>in</strong></span> 
     </span>
    </p>
   </div>
   <div class='ocr_carea' id='block_1_76' title="bbox 519 4114 2167 4186">
    <p class='ocr_par' dir='ltr' id='par_1_76' title="bbox 519 4114 2167 4186">
     <span class='ocr_line' id='line_1_77' title="bbox 519 4114 2167 4186; baseline -0.001 -18"><span class='ocrx_word' id='word_1_554' title='bbox 519 4114 737 4185; x_wconf 88' lang='lat' dir='ltr'><strong>quibus</strong></span> <span class='ocrx_word' id='word_1_555' title='bbox 790 4132 857 4169; x_wconf 90' lang='lat' dir='ltr'><strong>ea</strong></span> <span class='ocrx_word' id='word_1_556' title='bbox 918 4132 1067 4186; x_wconf 90' lang='lat' dir='ltr'><strong>opus</strong></span> <span class='ocrx_word' id='word_1_557' title='bbox 1128 4114 1438 4182; x_wconf 88' lang='lat' dir='ltr'><strong>habemus,</strong></span> <span class='ocrx_word' id='word_1_558' title='bbox 1472 4114 1789 4169; x_wconf 90' lang='lat' dir='ltr'><strong>remetiens.</strong></span> <span class='ocrx_word' id='word_1_559' title='bbox 1842 4114 1965 4177; x_wconf 90' lang='lat' dir='ltr'><strong>Qua</strong></span> <span class='ocrx_word' id='word_1_560' title='bbox 2012 4114 2167 4167; x_wconf 90' lang='lat' dir='ltr'><strong>enim</strong></span> 
     </span>
    </p>
   </div>
   <div class='ocr_carea' id='block_1_77' title="bbox 523 4202 2166 4275">
    <p class='ocr_par' dir='ltr' id='par_1_77' title="bbox 523 4202 2166 4275">
     <span class='ocr_line' id='line_1_78' title="bbox 523 4202 2166 4275; baseline 0 -19"><span class='ocrx_word' id='word_1_561' title='bbox 523 4217 801 4256; x_wconf 88' lang='lat' dir='ltr'><strong>mensura</strong></span> <span class='ocrx_word' id='word_1_562' title='bbox 819 4203 1369 4268; x_wconf 90' lang='lat' dir='ltr'><strong>metiemur,eadem</strong></span> <span class='ocrx_word' id='word_1_563' title='bbox 1392 4219 1622 4275; x_wconf 89' lang='lat' dir='ltr'><strong>quoque</strong></span> <span class='ocrx_word' id='word_1_564' title='bbox 1644 4202 1814 4257; x_wconf 92' lang='lat' dir='ltr'><strong>nobis</strong></span> <span class='ocrx_word' id='word_1_565' title='bbox 1835 4216 2166 4257; x_wconf 88' lang='lat' dir='ltr'><strong>remensum</strong></span> 
     </span>
    </p>
   </div>
   <div class='ocr_carea' id='block_1_78' title="bbox 521 4289 2169 4362">
    <p class='ocr_par' dir='ltr' id='par_1_78' title="bbox 521 4289 2169 4362">
     <span class='ocr_line' id='line_1_79' title="bbox 521 4289 2169 4362; baseline 0 -18"><span class='ocrx_word' id='word_1_566' title='bbox 521 4290 591 4344; x_wconf 91' lang='lat' dir='ltr'><strong>iri</strong></span> <span class='ocrx_word' id='word_1_567' title='bbox 628 4294 1001 4361; x_wconf 89' lang='lat' dir='ltr'><strong>perspectum</strong></span> <span class='ocrx_word' id='word_1_568' title='bbox 1031 4291 1319 4346; x_wconf 88' lang='lat' dir='ltr'><strong>habemus</strong></span> <span class='ocrx_word' id='word_1_569' title='bbox 1341 4292 1405 4345; x_wconf 84' lang='lat'><strong>“.</strong></span> <span class='ocrx_word' id='word_1_570' title='bbox 1430 4292 1590 4356; x_wconf 89' lang='lat' dir='ltr'><strong>Quod</strong></span> <span class='ocrx_word' id='word_1_571' title='bbox 1617 4292 1665 4346; x_wconf 92' lang='lat' dir='ltr'><strong>si</strong></span> <span class='ocrx_word' id='word_1_572' title='bbox 1690 4290 1822 4362; x_wconf 91' lang='lat' dir='ltr'><strong>quis</strong></span> <span class='ocrx_word' id='word_1_573' title='bbox 1845 4290 2041 4345; x_wconf 88' lang='lat' dir='ltr'><strong>animo</strong></span> <span class='ocrx_word' id='word_1_574' title='bbox 2063 4289 2169 4344; x_wconf 84' lang='lat' dir='ltr'><strong>ad-</strong></span> 
     </span>
    </p>
   </div>
   <div class='ocr_carea' id='block_1_79' title="bbox 521 4378 2168 4450">
    <p class='ocr_par' dir='ltr' id='par_1_79' title="bbox 521 4378 2168 4450">
     <span class='ocr_line' id='line_1_80' title="bbox 521 4378 2168 4450; baseline 0.001 -19"><span class='ocrx_word' id='word_1_575' title='bbox 521 4378 763 4432; x_wconf 90' lang='lat' dir='ltr'><strong>modum</strong></span> <span class='ocrx_word' id='word_1_576' title='bbox 795 4379 1003 4434; x_wconf 87' lang='lat' dir='ltr'><strong>acerbo</strong></span> <span class='ocrx_word' id='word_1_577' title='bbox 1034 4384 1208 4450; x_wconf 89' lang='lat' dir='ltr'><strong>atque</strong></span> <span class='ocrx_word' id='word_1_578' title='bbox 1230 4380 1565 4450; x_wconf 86' lang='lat' dir='ltr'><strong>importuno</strong></span> <span class='ocrx_word' id='word_1_579' title='bbox 1587 4383 1698 4449; x_wconf 86' lang='lat' dir='ltr'><strong>est,</strong></span> <span class='ocrx_word' id='word_1_580' title='bbox 1727 4384 1859 4448; x_wconf 92' lang='lat' dir='ltr'><strong>Deo,</strong></span> <span class='ocrx_word' id='word_1_581' title='bbox 1882 4395 1947 4434; x_wconf 90' lang='lat' dir='ltr'><strong>ac</strong></span> <span class='ocrx_word' id='word_1_582' title='bbox 1974 4379 2168 4433; x_wconf 82' lang='lat' dir='ltr'><strong>futuro</strong></span> 
     </span>
    </p>
   </div>
   <div class='ocr_carea' id='block_1_80' title="bbox 519 4464 2168 4539">
    <p class='ocr_par' dir='ltr' id='par_1_80' title="bbox 519 4464 2168 4539">
     <span class='ocr_line' id='line_1_81' title="bbox 519 4464 2168 4539; baseline 0.001 -17"><span class='ocrx_word' id='word_1_583' title='bbox 519 4464 802 4522; x_wconf 89' lang='lat' dir='ltr'><strong>tribunali</strong></span> <span class='ocrx_word' id='word_1_584' title='bbox 835 4481 935 4523; x_wconf 89' lang='lat' dir='ltr'><strong>eos</strong></span> <span class='ocrx_word' id='word_1_585' title='bbox 966 4467 1067 4537; x_wconf 90' lang='lat' dir='ltr'><strong>qui</strong></span> <span class='ocrx_word' id='word_1_586' title='bbox 1100 4484 1208 4523; x_wconf 90' lang='lat' dir='ltr'><strong>nos</strong></span> <span class='ocrx_word' id='word_1_587' title='bbox 1238 4467 1531 4535; x_wconf 87' lang='lat' dir='ltr'><strong>laserunt,</strong></span> <span class='ocrx_word' id='word_1_588' title='bbox 1553 4466 1991 4539; x_wconf 86' lang='lat' dir='ltr'><strong>relinquamus:</strong></span> <span class='ocrx_word' id='word_1_589' title='bbox 2021 4466 2168 4523; x_wconf 91' lang='lat' dir='ltr'><strong>nihil</strong></span> 
     </span>
    </p>
   </div>
   <div class='ocr_carea' id='block_1_81' title="bbox 518 4556 2165 4628">
    <p class='ocr_par' dir='ltr' id='par_1_81' title="bbox 518 4556 2165 4628">
     <span class='ocr_line' id='line_1_82' title="bbox 518 4556 2165 4628; baseline 0.001 -17"><span class='ocrx_word' id='word_1_590' title='bbox 518 4556 589 4611; x_wconf 85' lang='lat' dir='ltr'><strong>de</strong></span> <span class='ocrx_word' id='word_1_591' title='bbox 622 4556 822 4611; x_wconf 87' lang='lat' dir='ltr'><strong>futura</strong></span> <span class='ocrx_word' id='word_1_592' title='bbox 852 4573 1024 4628; x_wconf 78' lang='lat' dir='ltr'><strong>pana</strong></span> <span class='ocrx_word' id='word_1_593' title='bbox 1054 4572 1156 4627; x_wconf 90' lang='lat' dir='ltr'><strong>per</strong></span> <span class='ocrx_word' id='word_1_594' title='bbox 1186 4560 1449 4611; x_wconf 90' lang='lat' dir='ltr'><strong>nostram</strong></span> <span class='ocrx_word' id='word_1_595' title='bbox 1489 4572 1731 4611; x_wconf 90' lang='lat' dir='ltr'><strong>manum</strong></span> <span class='ocrx_word' id='word_1_596' title='bbox 1764 4557 2165 4613; x_wconf 87' lang='lat' dir='ltr'><strong>detrahamus.</strong></span> 
     </span>
    </p>
   </div>
   <div class='ocr_carea' id='block_1_82' title="bbox 517 4643 2167 4717">
    <p class='ocr_par' dir='ltr' id='par_1_82' title="bbox 517 4643 2167 4717">
     <span class='ocr_line' id='line_1_83' title="bbox 517 4643 2167 4717; baseline 0.001 -17"><span class='ocrx_word' id='word_1_597' title='bbox 517 4644 599 4700; x_wconf 91' lang='lat' dir='ltr'><strong>Ne</strong></span> <span class='ocrx_word' id='word_1_598' title='bbox 630 4645 917 4701; x_wconf 90' lang='lat' dir='ltr'><strong>bonorum</strong></span> <span class='ocrx_word' id='word_1_599' title='bbox 952 4643 1438 4717; x_wconf 88' lang='lat' dir='ltr'><strong>proscriptionem</strong></span> <span class='ocrx_word' id='word_1_600' title='bbox 1472 4644 1897 4717; x_wconf 90' lang='lat' dir='ltr'><strong>cogitemus,ne</strong></span> <span class='ocrx_word' id='word_1_601' title='bbox 1918 4647 2167 4717; x_wconf 82' lang='lat' dir='ltr'><strong>adjudi-</strong></span> 
     </span>
    </p>
   </div>
   <div class='ocr_carea' id='block_1_83' title="bbox 517 4732 2165 4806">
    <p class='ocr_par' dir='ltr' id='par_1_83' title="bbox 517 4732 2165 4806">
     <span class='ocr_line' id='line_1_84' title="bbox 517 4732 2165 4806; baseline 0 -16"><span class='ocrx_word' id='word_1_602' title='bbox 517 4750 653 4790; x_wconf 89' lang='lat' dir='ltr'><strong>cum</strong></span> <span class='ocrx_word' id='word_1_603' title='bbox 687 4734 971 4792; x_wconf 89' lang='lat' dir='ltr'><strong>subsellia</strong></span> <span class='ocrx_word' id='word_1_604' title='bbox 1000 4732 1326 4799; x_wconf 78' lang='lat' dir='ltr'><strong>trahemus,</strong></span> <span class='ocrx_word' id='word_1_605' title='bbox 1361 4750 1433 4788; x_wconf 89' lang='lat' dir='ltr'><strong>ne</strong></span> <span class='ocrx_word' id='word_1_606' title='bbox 1483 4732 1687 4805; x_wconf 87' lang='lat' dir='ltr'><strong>patriis</strong></span> <span class='ocrx_word' id='word_1_607' title='bbox 1718 4735 1957 4790; x_wconf 89' lang='lat' dir='ltr'><strong>sedibus</strong></span> <span class='ocrx_word' id='word_1_608' title='bbox 1987 4734 2165 4806; x_wconf 85' lang='lat' dir='ltr'><strong>pella-</strong></span> 
     </span>
    </p>
   </div>
   <div class='ocr_carea' id='block_1_84' title="bbox 2346 3752 3929 3829">
    <p class='ocr_par' dir='ltr' id='par_1_84' title="bbox 2346 3752 3929 3829">
     <span class='ocr_line' id='line_1_85' title="bbox 2346 3752 3929 3829; baseline 0.003 -20"><span class='ocrx_word' id='word_1_609' title='bbox 2346 3756 2463 3809; x_wconf 80' lang='lat' dir='ltr'><strong>AZ&#39;.</strong></span> <span class='ocrx_word' id='word_1_610' title='bbox 2497 3755 2820 3826; x_wconf 85' lang='grc' dir='ltr'>Νικήσωμεν</span> <span class='ocrx_word' id='word_1_611' title='bbox 2872 3752 3133 3825; x_wconf 71' lang='grc' dir='ltr'>ἐπιεικείᾳ</span> <span class='ocrx_word' id='word_1_612' title='bbox 3178 3754 3303 3817; x_wconf 79' lang='grc' dir='ltr'>τοὺς</span> <span class='ocrx_word' id='word_1_613' title='bbox 3351 3757 3804 3829; x_wconf 76' lang='grc' dir='ltr'>τυραννήσαντας,</span> <span class='ocrx_word' id='word_1_614' title='bbox 3835 3760 3929 3813; x_wconf 76' lang='grc' dir='ltr'><strong>καὶ</strong></span> 
     </span>
    </p>
   </div>
   <div class='ocr_carea' id='block_1_85' title="bbox 2280 3841 3934 3921">
    <p class='ocr_par' dir='ltr' id='par_1_85' title="bbox 2280 3841 3934 3921">
     <span class='ocr_line' id='line_1_86' title="bbox 2280 3841 3934 3921; baseline 0.002 -24"><span class='ocrx_word' id='word_1_615' title='bbox 2280 3841 2516 3916; x_wconf 86' lang='grc' dir='ltr'>μάλιστα</span> <span class='ocrx_word' id='word_1_616' title='bbox 2576 3843 2670 3915; x_wconf 72' lang='grc' dir='ltr'><strong>μὲν</strong></span> <span class='ocrx_word' id='word_1_617' title='bbox 2727 3844 3106 3920; x_wconf 81' lang='grc' dir='ltr'>φιλανθρωπία</span> <span class='ocrx_word' id='word_1_618' title='bbox 3160 3841 3296 3899; x_wconf 82' lang='grc' dir='ltr'>ἔστω</span> <span class='ocrx_word' id='word_1_619' title='bbox 3355 3845 3417 3898; x_wconf 85' lang='grc' dir='ltr'>τὸ</span> <span class='ocrx_word' id='word_1_620' title='bbox 3461 3851 3805 3921; x_wconf 74' lang='grc' dir='ltr'>συγχωροῦν,</span> <span class='ocrx_word' id='word_1_621' title='bbox 3838 3846 3934 3901; x_wconf 76' lang='grc' dir='ltr'><strong>καὶ</strong></span> 
     </span>
    </p>
   </div>
   <div class='ocr_carea' id='block_1_86' title="bbox 2276 3930 3932 4013">
    <p class='ocr_par' dir='ltr' id='par_1_86' title="bbox 2276 3930 3932 4013">
     <span class='ocr_line' id='line_1_87' title="bbox 2276 3930 3932 4013; baseline 0.004 -30"><span class='ocrx_word' id='word_1_622' title='bbox 2276 3936 2310 4001; x_wconf 84' lang='grc' dir='ltr'>ἡ</span> <span class='ocrx_word' id='word_1_623' title='bbox 2342 3940 2441 4001; x_wconf 79' lang='grc' dir='ltr'><strong>τῆς</strong></span> <span class='ocrx_word' id='word_1_624' title='bbox 2475 3931 2707 4001; x_wconf 65' lang='grc' dir='ltr'>ἐντολῆς</span> <span class='ocrx_word' id='word_1_625' title='bbox 2740 3930 2989 4004; x_wconf 64' lang='grc' dir='ltr'>δύναμις,</span> <span class='ocrx_word' id='word_1_626' title='bbox 3040 3934 3140 4002; x_wconf 69' lang='grc' dir='ltr'><strong>τὴν</strong></span> <span class='ocrx_word' id='word_1_627' title='bbox 3190 3930 3308 4003; x_wconf 59' lang='grc' dir='ltr'>ἴσην</span> <span class='ocrx_word' id='word_1_628' title='bbox 3360 3932 3704 3989; x_wconf 81' lang='grc' dir='ltr'>ἀντιδιδοῦσα</span> <span class='ocrx_word' id='word_1_629' title='bbox 3733 3937 3932 4013; x_wconf 65' lang='grc' dir='ltr'>φιλαν-</span> 
     </span>
    </p>
   </div>
   <div class='ocr_carea' id='block_1_87' title="bbox 2277 4020 3937 4099">
    <p class='ocr_par' dir='ltr' id='par_1_87' title="bbox 2277 4020 3937 4099">
     <span class='ocr_line' id='line_1_88' title="bbox 2277 4020 3937 4099; baseline 0.002 -24"><span class='ocrx_word' id='word_1_630' title='bbox 2277 4021 2515 4094; x_wconf 75' lang='grc' dir='ltr'>θρωπίαν</span> <span class='ocrx_word' id='word_1_631' title='bbox 2548 4023 2701 4092; x_wconf 76' lang='grc' dir='ltr'>ἡμῖν,</span> <span class='ocrx_word' id='word_1_632' title='bbox 2729 4020 2781 4075; x_wconf 74' lang='grc' dir='ltr'>ἒν</span> <span class='ocrx_word' id='word_1_633' title='bbox 2815 4022 2895 4083; x_wconf 80' lang='grc' dir='ltr'>οἷς</span> <span class='ocrx_word' id='word_1_634' title='bbox 2928 4021 3078 4075; x_wconf 76' lang='grc' dir='ltr'>αὐτοὶ</span> <span class='ocrx_word' id='word_1_635' title='bbox 3129 4020 3412 4097; x_wconf 76' lang='grc' dir='ltr'>χρῄζομεν</span> <span class='ocrx_word' id='word_1_636' title='bbox 3436 4040 3449 4055; x_wconf 78' lang='grc'><strong><em>⁸</em></strong></span> <span class='ocrx_word' id='word_1_637' title='bbox 3496 4024 3543 4094; x_wconf 80' lang='grc' dir='ltr'>ᾧ</span> <span class='ocrx_word' id='word_1_638' title='bbox 3593 4026 3695 4099; x_wconf 77' lang='grc' dir='ltr'><strong>γὰρ</strong></span> <span class='ocrx_word' id='word_1_639' title='bbox 3746 4026 3937 4099; x_wconf 75' lang='grc' dir='ltr'>μέτρῳ</span> 
     </span>
    </p>
   </div>
   <div class='ocr_carea' id='block_1_88' title="bbox 2282 4109 3935 4186">
    <p class='ocr_par' dir='ltr' id='par_1_88' title="bbox 2282 4109 3935 4186">
     <span class='ocr_line' id='line_1_89' title="bbox 2282 4109 3935 4186; baseline 0.002 -23"><span class='ocrx_word' id='word_1_640' title='bbox 2282 4114 2605 4185; x_wconf 74' lang='grc' dir='ltr'>μετροῦμεν,</span> <span class='ocrx_word' id='word_1_641' title='bbox 2670 4109 3099 4183; x_wconf 73' lang='grc' dir='ltr'>ἀντιμετρεῖσθαι</span> <span class='ocrx_word' id='word_1_642' title='bbox 3161 4111 3539 4186; x_wconf 68' lang='grc' dir='ltr'>γινώσκομεν*</span> <span class='ocrx_word' id='word_1_643' title='bbox 3613 4112 3658 4166; x_wconf 82' lang='grc' dir='ltr'><strong>εἰ</strong></span> <span class='ocrx_word' id='word_1_644' title='bbox 3724 4110 3783 4167; x_wconf 64' lang='grc' dir='ltr'>δὲ</span> <span class='ocrx_word' id='word_1_645' title='bbox 3838 4116 3935 4167; x_wconf 77' lang='grc' dir='ltr'><strong>καὶ</strong></span> 
     </span>
    </p>
   </div>
   <div class='ocr_carea' id='block_1_89' title="bbox 2279 4196 3938 4278">
    <p class='ocr_par' dir='ltr' id='par_1_89' title="bbox 2279 4196 3938 4278">
     <span class='ocr_line' id='line_1_90' title="bbox 2279 4196 3938 4278; baseline 0.002 -25"><span class='ocrx_word' id='word_1_646' title='bbox 2279 4197 2399 4253; x_wconf 89' lang='grc' dir='ltr'>λίαν</span> <span class='ocrx_word' id='word_1_647' title='bbox 2427 4218 2509 4260; x_wconf 85' lang='grc' dir='ltr'><strong>τις</strong></span> <span class='ocrx_word' id='word_1_648' title='bbox 2541 4203 2747 4273; x_wconf 80' lang='grc' dir='ltr'>πικρῶς</span> <span class='ocrx_word' id='word_1_649' title='bbox 2807 4196 2945 4275; x_wconf 79' lang='grc' dir='ltr'>ἔχει,</span> <span class='ocrx_word' id='word_1_650' title='bbox 3001 4200 3224 4278; x_wconf 70' lang='grc' dir='ltr'>ἀφῶμεν</span> <span class='ocrx_word' id='word_1_651' title='bbox 3276 4205 3392 4271; x_wconf 88' lang='grc' dir='ltr'><strong>Θεῷ</strong></span> <span class='ocrx_word' id='word_1_652' title='bbox 3437 4201 3563 4263; x_wconf 73' lang='grc' dir='ltr'>τοὺς</span> <span class='ocrx_word' id='word_1_653' title='bbox 3614 4199 3938 4272; x_wconf 81' lang='grc' dir='ltr'>λελυπηκό-</span> 
     </span>
    </p>
   </div>
   <div class='ocr_carea' id='block_1_90' title="bbox 2274 4284 3938 4364">
    <p class='ocr_par' dir='ltr' id='par_1_90' title="bbox 2274 4284 3938 4364">
     <span class='ocr_line' id='line_1_91' title="bbox 2274 4284 3938 4364; baseline 0.001 -21"><span class='ocrx_word' id='word_1_654' title='bbox 2274 4308 2392 4355; x_wconf 86' lang='grc' dir='ltr'>τας,</span> <span class='ocrx_word' id='word_1_655' title='bbox 2423 4288 2511 4341; x_wconf 87' lang='grc' dir='ltr'><strong>καὶ</strong></span> <span class='ocrx_word' id='word_1_656' title='bbox 2540 4291 2619 4358; x_wconf 81' lang='grc' dir='ltr'>τῷ</span> <span class='ocrx_word' id='word_1_657' title='bbox 2647 4285 2843 4341; x_wconf 83' lang='grc' dir='ltr'>ἐκεῖθεν</span> <span class='ocrx_word' id='word_1_658' title='bbox 2892 4284 3226 4364; x_wconf 85' lang='grc' dir='ltr'>δικαστηρίῳ</span> <span class='ocrx_word' id='word_1_659' title='bbox 3252 4308 3263 4320; x_wconf 94' lang='grc'><strong>·</strong></span> <span class='ocrx_word' id='word_1_660' title='bbox 3318 4286 3484 4361; x_wconf 74' lang='grc' dir='ltr'>μηδὲν</span> <span class='ocrx_word' id='word_1_661' title='bbox 3532 4296 3634 4358; x_wconf 87' lang='grc' dir='ltr'><strong>τῆς</strong></span> <span class='ocrx_word' id='word_1_662' title='bbox 3687 4288 3938 4362; x_wconf 84' lang='grc' dir='ltr'>μελλοό-</span> 
     </span>
    </p>
   </div>
   <div class='ocr_carea' id='block_1_91' title="bbox 2278 4372 3934 4453">
    <p class='ocr_par' dir='ltr' id='par_1_91' title="bbox 2278 4372 3934 4453">
     <span class='ocr_line' id='line_1_92' title="bbox 2278 4372 3934 4453; baseline 0.002 -25"><span class='ocrx_word' id='word_1_663' title='bbox 2278 4396 2375 4447; x_wconf 84' lang='grc' dir='ltr'><strong>σης</strong></span> <span class='ocrx_word' id='word_1_664' title='bbox 2432 4374 2604 4452; x_wconf 78' lang='grc' dir='ltr'>ὀργῆς</span> <span class='ocrx_word' id='word_1_665' title='bbox 2662 4372 2751 4429; x_wconf 81' lang='grc' dir='ltr'>διὰ</span> <span class='ocrx_word' id='word_1_666' title='bbox 2799 4382 2901 4445; x_wconf 82' lang='grc' dir='ltr'><strong>τῆς</strong></span> <span class='ocrx_word' id='word_1_667' title='bbox 2948 4376 3217 4450; x_wconf 71' lang='grc' dir='ltr'>ἡμετερας</span> <span class='ocrx_word' id='word_1_668' title='bbox 3262 4378 3451 4453; x_wconf 79' lang='grc' dir='ltr'>χειρὸς</span> <span class='ocrx_word' id='word_1_669' title='bbox 3507 4376 3934 4451; x_wconf 66' lang='grc' dir='ltr'>ἕλαττὼσωμεν,</span> 
     </span>
    </p>
   </div>
   <div class='ocr_carea' id='block_1_92' title="bbox 2276 4463 3931 4545">
    <p class='ocr_par' dir='ltr' id='par_1_92' title="bbox 2276 4463 3931 4545">
     <span class='ocr_line' id='line_1_93' title="bbox 2276 4463 3931 4545; baseline -0.005 -23"><span class='ocrx_word' id='word_1_670' title='bbox 2276 4467 2364 4535; x_wconf 79' lang='grc' dir='ltr'><strong>Μὴ</strong></span> <span class='ocrx_word' id='word_1_671' title='bbox 2424 4463 2684 4538; x_wconf 83' lang='grc' dir='ltr'>δήμευσιν</span> <span class='ocrx_word' id='word_1_672' title='bbox 2747 4464 3113 4539; x_wconf 77' lang='grc' dir='ltr'>ἐννοήσωμεν,</span> <span class='ocrx_word' id='word_1_673' title='bbox 3172 4468 3246 4540; x_wconf 83' lang='grc' dir='ltr'>μή</span> <span class='ocrx_word' id='word_1_674' title='bbox 3314 4469 3521 4544; x_wconf 83' lang='grc' dir='ltr'>βήμασι</span> <span class='ocrx_word' id='word_1_675' title='bbox 3562 4473 3931 4545; x_wconf 63' lang='grc' dir='ltr'>παραστήσω-</span> 
     </span>
    </p>
   </div>
   <div class='ocr_carea' id='block_1_93' title="bbox 2280 4552 3939 4631">
    <p class='ocr_par' dir='ltr' id='par_1_93' title="bbox 2280 4552 3939 4631">
     <span class='ocr_line' id='line_1_94' title="bbox 2280 4552 3939 4631; baseline -0.004 -21"><span class='ocrx_word' id='word_1_676' title='bbox 2280 4576 2397 4629; x_wconf 82' lang='grc' dir='ltr'>μεν,</span> <span class='ocrx_word' id='word_1_677' title='bbox 2434 4556 2509 4628; x_wconf 78' lang='grc' dir='ltr'>μή</span> <span class='ocrx_word' id='word_1_678' title='bbox 2555 4552 2810 4630; x_wconf 78' lang='grc' dir='ltr'>πατρίδος</span> <span class='ocrx_word' id='word_1_679' title='bbox 2863 4554 3293 4631; x_wconf 81' lang='grc' dir='ltr'>ὑπερορίσωμεν,</span> <span class='ocrx_word' id='word_1_680' title='bbox 3352 4559 3428 4629; x_wconf 79' lang='grc' dir='ltr'>μὴ</span> <span class='ocrx_word' id='word_1_681' title='bbox 3487 4559 3727 4631; x_wconf 74' lang='grc' dir='ltr'>μάστιξιν</span> <span class='ocrx_word' id='word_1_682' title='bbox 3783 4559 3939 4613; x_wconf 59' lang='lat' dir='ltr'><strong>ab“-</strong></span> 
     </span>
    </p>
   </div>
   <div class='ocr_carea' id='block_1_94' title="bbox 2276 4641 3941 4718">
    <p class='ocr_par' dir='ltr' id='par_1_94' title="bbox 2276 4641 3941 4718">
     <span class='ocr_line' id='line_1_95' title="bbox 2276 4641 3941 4718; baseline 0.001 -19"><span class='ocrx_word' id='word_1_683' title='bbox 2276 4644 2517 4717; x_wconf 81' lang='grc' dir='ltr'>σώμεθα,</span> <span class='ocrx_word' id='word_1_684' title='bbox 2555 4641 2697 4716; x_wconf 83' lang='grc' dir='ltr'>μηδέ</span> <span class='ocrx_word' id='word_1_685' title='bbox 2724 4665 2777 4697; x_wconf 90' lang='grc' dir='ltr'><strong>τι</strong></span> <span class='ocrx_word' id='word_1_686' title='bbox 2807 4648 2913 4697; x_wconf 80' lang='grc' dir='ltr'>τῶν</span> <span class='ocrx_word' id='word_1_687' title='bbox 2944 4642 3041 4698; x_wconf 82' lang='grc' dir='ltr'><strong>ὅσα</strong></span> <span class='ocrx_word' id='word_1_688' title='bbox 3083 4644 3450 4718; x_wconf 84' lang='grc' dir='ltr'>πεπόνθαμεν,</span> <span class='ocrx_word' id='word_1_689' title='bbox 3495 4645 3569 4701; x_wconf 57' lang='grc' dir='ltr'>τίν’</span> <span class='ocrx_word' id='word_1_690' title='bbox 3618 4645 3754 4702; x_wconf 80' lang='grc' dir='ltr'>εἷ’πω</span> <span class='ocrx_word' id='word_1_691' title='bbox 3813 4669 3941 4702; x_wconf 87' lang='grc' dir='ltr'>συν-</span> 
     </span>
    </p>
   </div>
   <div class='ocr_carea' id='block_1_95' title="bbox 2274 4730 3939 4809">
    <p class='ocr_par' dir='ltr' id='par_1_95' title="bbox 2274 4730 3939 4809">
     <span class='ocr_line' id='line_1_96' title="bbox 2274 4730 3939 4809; baseline 0.002 -21"><span class='ocrx_word' id='word_1_692' title='bbox 2274 4733 2471 4807; x_wconf 81' lang='grc' dir='ltr'>τόμος,</span> <span class='ocrx_word' id='word_1_693' title='bbox 2518 4730 2821 4809; x_wconf 84' lang='grc' dir='ltr'>δράσωμεν.</span> <span class='ocrx_word' id='word_1_694' title='bbox 2880 4735 3203 4807; x_wconf 84' lang='grc' dir='ltr'>Ποιήσωμεν</span> <span class='ocrx_word' id='word_1_695' title='bbox 3267 4735 3544 4797; x_wconf 83' lang='grc' dir='ltr'>κάκείνους</span> <span class='ocrx_word' id='word_1_696' title='bbox 3605 4735 3939 4792; x_wconf 76' lang='grc' dir='ltr'>ἐπιεικεστὲ-</span> 
     </span>
    </p>
   </div>
   <div class='ocr_carea' id='block_1_96' title="bbox 595 4941 3624 5017">
    <p class='ocr_par' dir='ltr' id='par_1_96' title="bbox 595 4941 3624 5017">
     <span class='ocr_line' id='line_1_97' title="bbox 595 4941 3624 5017; baseline 0.001 -18"><span class='ocrx_word' id='word_1_697' title='bbox 595 4942 615 4979; x_wconf 81' lang='lat'><strong>°</strong></span> <span class='ocrx_word' id='word_1_698' title='bbox 645 4941 850 5001; x_wconf 90' lang='lat' dir='ltr'><strong>Matth.</strong></span> <span class='ocrx_word' id='word_1_699' title='bbox 884 4960 999 5014; x_wconf 84' lang='lat' dir='ltr'><strong>xw,</strong></span> <span class='ocrx_word' id='word_1_700' title='bbox 1036 4944 1061 4998; x_wconf 88' lang='grc'><strong>1</strong></span> <span class='ocrx_word' id='word_1_701' title='bbox 1096 4948 1153 4999; x_wconf 90' lang='lat' dir='ltr'><strong>et</strong></span> <span class='ocrx_word' id='word_1_702' title='bbox 1183 4960 1327 5015; x_wconf 91' lang='lat' dir='ltr'><strong>seq.;</strong></span> <span class='ocrx_word' id='word_1_703' title='bbox 1362 4943 1536 4999; x_wconf 81' lang='lat' dir='ltr'><strong>Marc.</strong></span> <span class='ocrx_word' id='word_1_704' title='bbox 1568 4959 1645 5008; x_wconf 78' lang='lat' dir='ltr'><strong>vx,</strong></span> <span class='ocrx_word' id='word_1_705' title='bbox 1682 4943 1744 4998; x_wconf 84' lang='grc'><strong>14</strong></span> <span class='ocrx_word' id='word_1_706' title='bbox 1777 4946 1832 4999; x_wconf 89' lang='lat' dir='ltr'><strong>et</strong></span> <span class='ocrx_word' id='word_1_707' title='bbox 1863 4959 1987 5015; x_wconf 88' lang='lat' dir='ltr'><strong>seq.</strong></span> <span class='ocrx_word' id='word_1_708' title='bbox 2066 4945 2111 4979; x_wconf 82' lang='grc'>¹⁰</span> <span class='ocrx_word' id='word_1_709' title='bbox 2140 4944 2189 4999; x_wconf 88' lang='lat' dir='ltr'><strong>Il</strong></span> <span class='ocrx_word' id='word_1_710' title='bbox 2222 4944 2362 5017; x_wconf 82' lang='lat' dir='ltr'><strong>Reg.</strong></span> <span class='ocrx_word' id='word_1_711' title='bbox 2393 4960 2470 5013; x_wconf 86' lang='lat' dir='ltr'><strong>v1,</strong></span> <span class='ocrx_word' id='word_1_712' title='bbox 2506 4943 2591 4998; x_wconf 85' lang='grc'>14.</span> <span class='ocrx_word' id='word_1_713' title='bbox 2672 4945 2713 4979; x_wconf 72' lang='grc' dir='ltr'><strong>ιι</strong></span> <span class='ocrx_word' id='word_1_714' title='bbox 2747 4942 2952 4998; x_wconf 89' lang='lat' dir='ltr'><strong>Matth.</strong></span> <span class='ocrx_word' id='word_1_715' title='bbox 2985 4959 3084 5015; x_wconf 83' lang='lat' dir='ltr'><strong>vn,</strong></span> <span class='ocrx_word' id='word_1_716' title='bbox 3114 4945 3178 5012; x_wconf 88' lang='lat'><strong>2;</strong></span> <span class='ocrx_word' id='word_1_717' title='bbox 3214 4944 3389 5001; x_wconf 86' lang='lat' dir='ltr'><strong>Marc.</strong></span> <span class='ocrx_word' id='word_1_718' title='bbox 3424 4961 3501 5016; x_wconf 81' lang='lat' dir='ltr'><strong>xv,</strong></span> <span class='ocrx_word' id='word_1_719' title='bbox 3531 4946 3624 5001; x_wconf 77' lang='grc'><strong>24.</strong></span> 
     </span>
    </p>
   </div>
   <div class='ocr_carea' id='block_1_97' title="bbox 589 5153 2166 5234">
    <p class='ocr_par' dir='ltr' id='par_1_97' title="bbox 589 5153 2166 5234">
     <span class='ocr_line' id='line_1_98' title="bbox 589 5153 2166 5234; baseline 0.002 -21"><span class='ocrx_word' id='word_1_720' title='bbox 589 5157 702 5229; x_wconf 88' lang='grc'>(91)</span> <span class='ocrx_word' id='word_1_721' title='bbox 732 5161 840 5234; x_wconf 79' lang='grc' dir='ltr'><strong>Τῆς</strong></span> <span class='ocrx_word' id='word_1_722' title='bbox 862 5156 1153 5234; x_wconf 65' lang='grc' dir='ltr'><strong>Δεὐκινήτου</strong></span> <span class='ocrx_word' id='word_1_723' title='bbox 1183 5153 1271 5234; x_wconf 77' lang='grc' dir='ltr'>καί</span> <span class='ocrx_word' id='word_1_724' title='bbox 1300 5154 1682 5234; x_wconf 19' lang='grc' dir='ltr'>πολυστρόφῂου</span> <span class='ocrx_word' id='word_1_725' title='bbox 1729 5157 1864 5234; x_wconf 78' lang='grc' dir='ltr'>κατὰ</span> <span class='ocrx_word' id='word_1_726' title='bbox 1893 5156 2020 5234; x_wconf 80' lang='grc' dir='ltr'>Θεόν</span> <span class='ocrx_word' id='word_1_727' title='bbox 2053 5165 2166 5217; x_wconf 89' lang='lat' dir='ltr'><strong>etc.</strong></span> 
     </span>
    </p>
   </div>
   <div class='ocr_carea' id='block_1_98' title="bbox 522 5230 2167 5299">
    <p class='ocr_par' dir='ltr' id='par_1_98' title="bbox 522 5230 2167 5299">
     <span class='ocr_line' id='line_1_99' title="bbox 522 5230 2167 5299; baseline 0.003 -18"><span class='ocrx_word' id='word_1_728' title='bbox 522 5252 550 5281; x_wconf 87' lang='grc'><strong>‹‹</strong></span> <span class='ocrx_word' id='word_1_729' title='bbox 583 5236 707 5297; x_wconf 81' lang='lat' dir='ltr'><strong>Qua</strong></span> <span class='ocrx_word' id='word_1_730' title='bbox 737 5231 973 5299; x_wconf 90' lang='lat' dir='ltr'><strong>quidem</strong></span> <span class='ocrx_word' id='word_1_731' title='bbox 1007 5248 1075 5286; x_wconf 78' lang='lat' dir='ltr'><strong>ex</strong></span> <span class='ocrx_word' id='word_1_732' title='bbox 1108 5231 1203 5286; x_wconf 90' lang='lat' dir='ltr'><strong>Dei</strong></span> <span class='ocrx_word' id='word_1_733' title='bbox 1236 5230 1561 5285; x_wconf 85' lang='lat' dir='ltr'><strong>rationibus</strong></span> <span class='ocrx_word' id='word_1_734' title='bbox 1593 5230 1945 5285; x_wconf 77' lang='lat' dir='ltr'><strong>institutam</strong></span> <span class='ocrx_word' id='word_1_735' title='bbox 1980 5232 2167 5286; x_wconf 90' lang='lat' dir='ltr'><strong>inces-</strong></span> 
     </span>
    </p>
   </div>
   <div class='ocr_carea' id='block_1_99' title="bbox 521 5302 1917 5373">
    <p class='ocr_par' dir='ltr' id='par_1_99' title="bbox 521 5302 1917 5373">
     <span class='ocr_line' id='line_1_100' title="bbox 521 5302 1917 5373; baseline -0.005 -16"><span class='ocrx_word' id='word_1_736' title='bbox 521 5302 746 5358; x_wconf 90' lang='lat' dir='ltr'><strong>sionem</strong></span> <span class='ocrx_word' id='word_1_737' title='bbox 780 5302 1036 5373; x_wconf 84' lang='lat' dir='ltr'><strong>agilitate</strong></span> <span class='ocrx_word' id='word_1_738' title='bbox 1067 5302 1310 5357; x_wconf 89' lang='lat' dir='ltr'><strong>celerem</strong></span> <span class='ocrx_word' id='word_1_739' title='bbox 1342 5302 1662 5372; x_wconf 83' lang='lat' dir='ltr'><strong>signiﬁcari</strong></span> <span class='ocrx_word' id='word_1_740' title='bbox 1694 5308 1852 5373; x_wconf 90' lang='lat' dir='ltr'><strong>puto.</strong></span> <span class='ocrx_word' id='word_1_741' title='bbox 1889 5322 1917 5350; x_wconf 86' lang='grc'><strong>››</strong></span> 
     </span>
    </p>
   </div>
   <div class='ocr_carea' id='block_1_100' title="bbox 593 5318 2164 5445">
    <p class='ocr_par' dir='ltr' id='par_1_100' title="bbox 593 5318 2164 5445">
     <span class='ocr_line' id='line_1_101' title="bbox 593 5318 1917 5427; baseline -0.002 -70"><span class='ocrx_word' id='word_1_742' title='bbox 593 5318 746 5357; x_wconf 84' lang='lat' dir='ltr'><strong>mem</strong></span> <span class='ocrx_word' id='word_1_743' title='bbox 780 5318 1036 5427; x_wconf 54' lang='lat' dir='ltr'><strong>agilitate</strong></span> <span class='ocrx_word' id='word_1_744' title='bbox 1067 5318 1310 5357; x_wconf 77' lang='lat' dir='ltr'><strong>celerem</strong></span> <span class='ocrx_word' id='word_1_745' title='bbox 1342 5318 1662 5372; x_wconf 77' lang='lat' dir='ltr'><strong>signmcari</strong></span> <span class='ocrx_word' id='word_1_746' title='bbox 1694 5318 1852 5373; x_wconf 81' lang='lat' dir='ltr'><strong>puto.</strong></span> <span class='ocrx_word' id='word_1_747' title='bbox 1889 5322 1917 5350; x_wconf 82' lang='lat' dir='ltr'><strong>n</strong></span> 
     </span>
     <span class='ocr_line' id='line_1_102' title="bbox 593 5373 2164 5445; baseline 0.001 -19"><span class='ocrx_word' id='word_1_748' title='bbox 593 5373 707 5445; x_wconf 83' lang='lat'><strong>(92)</strong></span> <span class='ocrx_word' id='word_1_749' title='bbox 738 5378 815 5426; x_wconf 82' lang='grc' dir='ltr'>Χα</span> <span class='ocrx_word' id='word_1_750' title='bbox 858 5374 984 5445; x_wconf 77' lang='grc' dir='ltr'>επὸν</span> <span class='ocrx_word' id='word_1_751' title='bbox 1022 5373 1137 5445; x_wconf 74' lang='grc' dir='ltr'><strong>μὲν.</strong></span> <span class='ocrx_word' id='word_1_752' title='bbox 1173 5374 1260 5427; x_wconf 86' lang='lat' dir='ltr'><strong>Ita</strong></span> <span class='ocrx_word' id='word_1_753' title='bbox 1288 5381 1543 5444; x_wconf 87' lang='lat' dir='ltr'><strong>quatuor</strong></span> <span class='ocrx_word' id='word_1_754' title='bbox 1574 5373 1779 5445; x_wconf 85' lang='lat' dir='ltr'><strong>Regg.,</strong></span> <span class='ocrx_word' id='word_1_755' title='bbox 1805 5374 1901 5428; x_wconf 90' lang='lat' dir='ltr'><strong>Or.</strong></span> <span class='ocrx_word' id='word_1_756' title='bbox 1928 5373 2164 5437; x_wconf 79' lang='lat' dir='ltr'><strong>1,Pass.</strong></span> 
     </span>
    </p>
   </div>
   <div class='ocr_carea' id='block_1_101' title="bbox 522 5444 1204 5516">
    <p class='ocr_par' dir='ltr' id='par_1_101' title="bbox 522 5444 1204 5516">
     <span class='ocr_line' id='line_1_103' title="bbox 522 5444 1204 5516; baseline -0.001 -16"><span class='ocrx_word' id='word_1_757' title='bbox 522 5444 633 5501; x_wconf 89' lang='lat' dir='ltr'><strong>etc.</strong></span> <span class='ocrx_word' id='word_1_758' title='bbox 666 5444 990 5516; x_wconf 61' lang='lat' dir='ltr'><strong>Deest_ps&#39;v,</strong></span> <span class='ocrx_word' id='word_1_759' title='bbox 1024 5447 1082 5500; x_wconf 90' lang='lat' dir='ltr'><strong>in</strong></span> <span class='ocrx_word' id='word_1_760' title='bbox 1114 5444 1204 5516; x_wconf 91' lang='lat' dir='ltr'><strong>ed.</strong></span> 
     </span>
    </p>
   </div>
   <div class='ocr_carea' id='block_1_102' title="bbox 591 5509 2165 5643">
    <p class='ocr_par' dir='ltr' id='par_1_102' title="bbox 591 5509 2165 5643">
     <span class='ocr_line' id='line_1_104' title="bbox 591 5509 2165 5643; baseline -0.001 -72"><span class='ocrx_word' id='word_1_761' title='bbox 591 5517 714 5643; x_wconf 65' lang='grc' dir='ltr'>(9Βό</span> <span class='ocrx_word' id='word_1_762' title='bbox 740 5509 1050 5577; x_wconf 77' lang='grc' dir='ltr'>’ΔΛλωςτε</span> <span class='ocrx_word' id='word_1_763' title='bbox 1078 5514 1171 5570; x_wconf 69' lang='grc' dir='ltr'>κᾶν</span> <span class='ocrx_word' id='word_1_764' title='bbox 1202 5510 1410 5598; x_wconf 65' lang='grc' dir='ltr'>δικαίαν</span> <span class='ocrx_word' id='word_1_765' title='bbox 1449 5509 1615 5599; x_wconf 75' lang='grc' dir='ltr'>ἔχων.</span> <span class='ocrx_word' id='word_1_766' title='bbox 1674 5516 1756 5570; x_wconf 90' lang='lat' dir='ltr'><strong>lta</strong></span> <span class='ocrx_word' id='word_1_767' title='bbox 1806 5514 2009 5640; x_wconf 40' lang='lat' dir='ltr'><strong>Regg.’</strong></span> <span class='ocrx_word' id='word_1_768' title='bbox 2037 5514 2165 5586; x_wconf 82' lang='lat' dir='ltr'><strong>plu-</strong></span> 
     </span>
     <span class='ocr_line' id='line_1_105' title="bbox 591 5583 2165 5643; baseline -0.002 -1"><span class='ocrx_word' id='word_1_769' title='bbox 591 5604 634 5643; x_wconf 88' lang='lat' dir='ltr'><strong>s.</strong></span> <span class='ocrx_word' id='word_1_770' title='bbox 721 5605 764 5642; x_wconf 88' lang='lat' dir='ltr'><strong>r.</strong></span> <span class='ocrx_word' id='word_1_771' title='bbox 795 5590 847 5643; x_wconf 79' lang='grc'><strong>4.</strong></span> <span class='ocrx_word' id='word_1_772' title='bbox 880 5596 937 5643; x_wconf 88' lang='lat' dir='ltr'><strong>et</strong></span> <span class='ocrx_word' id='word_1_773' title='bbox 966 5588 1126 5643; x_wconf 88' lang='lat' dir='ltr'><strong>Pass.</strong></span> <span class='ocrx_word' id='word_1_774' title='bbox 1160 5587 1310 5643; x_wconf 81' lang='lat' dir='ltr'><strong>Editi</strong></span> <span class='ocrx_word' id='word_1_775' title='bbox 1339 5604 1493 5643; x_wconf 89' lang='lat' dir='ltr'><strong>vero.</strong></span> <span class='ocrx_word' id='word_1_776' title='bbox 1535 5584 1723 5643; x_wconf 79' lang='grc' dir='ltr'>αλλως</span> <span class='ocrx_word' id='word_1_777' title='bbox 1770 5606 1828 5641; x_wconf 82' lang='grc' dir='ltr'><strong>τε</strong></span> <span class='ocrx_word' id='word_1_778' title='bbox 1959 5584 2055 5639; x_wconf 73' lang='grc' dir='ltr'>κᾶν</span> <span class='ocrx_word' id='word_1_779' title='bbox 2085 5583 2165 5641; x_wconf 82' lang='grc' dir='ltr'>δι-</span> 
     </span>
    </p>
   </div>
   <div class='ocr_carea' id='block_1_103' title="bbox 522 5583 2165 5662">
    <p class='ocr_par' dir='ltr' id='par_1_103' title="bbox 522 5583 2165 5662">
     <span class='ocr_line' id='line_1_106' title="bbox 522 5583 2165 5662; baseline -0.002 -19"><span class='ocrx_word' id='word_1_780' title='bbox 522 5583 634 5662; x_wconf 72' lang='lat' dir='ltr'><strong>res,</strong></span> <span class='ocrx_word' id='word_1_781' title='bbox 670 5583 764 5662; x_wconf 60' lang='lat'><strong>05&#39;.</strong></span> <span class='ocrx_word' id='word_1_782' title='bbox 795 5590 847 5657; x_wconf 78' lang='grc'>4,</span> <span class='ocrx_word' id='word_1_783' title='bbox 880 5596 937 5646; x_wconf 88' lang='lat' dir='ltr'><strong>et</strong></span> <span class='ocrx_word' id='word_1_784' title='bbox 966 5588 1126 5647; x_wconf 88' lang='lat' dir='ltr'><strong>Pass.</strong></span> <span class='ocrx_word' id='word_1_785' title='bbox 1160 5586 1310 5644; x_wconf 86' lang='lat' dir='ltr'><strong>Editi</strong></span> <span class='ocrx_word' id='word_1_786' title='bbox 1339 5583 1515 5662; x_wconf 43' lang='lat' dir='ltr'><strong>vero,</strong></span> <span class='ocrx_word' id='word_1_787' title='bbox 1535 5584 1723 5649; x_wconf 80' lang='grc' dir='ltr'>ἄλλως</span> <span class='ocrx_word' id='word_1_788' title='bbox 1770 5606 1828 5641; x_wconf 82' lang='grc' dir='ltr'><strong>τε</strong></span> <span class='ocrx_word' id='word_1_789' title='bbox 1873 5583 2055 5640; x_wconf 30' lang='grc' dir='ltr'>δὶίκᾶν</span> <span class='ocrx_word' id='word_1_790' title='bbox 2085 5583 2165 5641; x_wconf 82' lang='grc' dir='ltr'>δι-</span> 
     </span>
    </p>
   </div>
   <div class='ocr_carea' id='block_1_104' title="bbox 520 5656 837 5737">
    <p class='ocr_par' dir='ltr' id='par_1_104' title="bbox 520 5656 837 5737">
     <span class='ocr_line' id='line_1_107' title="bbox 520 5656 837 5737; baseline 0.009 -22"><span class='ocrx_word' id='word_1_791' title='bbox 520 5657 677 5716; x_wconf 83' lang='grc' dir='ltr'>καίαν</span> <span class='ocrx_word' id='word_1_792' title='bbox 712 5656 837 5737; x_wconf 60' lang='grc' dir='ltr'><strong>ἔχῃέ</strong></span> 
     </span>
    </p>
   </div>
   <div class='ocr_carea' id='block_1_105' title="bbox 2354 5157 3626 5232">
    <p class='ocr_par' dir='ltr' id='par_1_105' title="bbox 2354 5157 3626 5232">
     <span class='ocr_line' id='line_1_108' title="bbox 2354 5157 3626 5232; baseline 0.002 -19"><span class='ocrx_word' id='word_1_793' title='bbox 2354 5158 2462 5230; x_wconf 80' lang='grc'>(94)</span> <span class='ocrx_word' id='word_1_794' title='bbox 2497 5157 2871 5232; x_wconf 78' lang='grc' dir='ltr'>Κατὲγνωμεν.</span> <span class='ocrx_word' id='word_1_795' title='bbox 2904 5158 3063 5232; x_wconf 81' lang='lat' dir='ltr'><strong>Colb.</strong></span> <span class='ocrx_word' id='word_1_796' title='bbox 3098 5160 3155 5227; x_wconf 86' lang='lat' dir='ltr'><strong>k,</strong></span> <span class='ocrx_word' id='word_1_797' title='bbox 3190 5158 3626 5232; x_wconf 81' lang='grc' dir='ltr'>κατεγνώκαμεν.</span> 
     </span>
    </p>
   </div>
   <div class='ocr_carea' id='block_1_106' title="bbox 2352 5228 3679 5303">
    <p class='ocr_par' dir='ltr' id='par_1_106' title="bbox 2352 5228 3679 5303">
     <span class='ocr_line' id='line_1_109' title="bbox 2352 5228 3679 5303; baseline 0.002 -19"><span class='ocrx_word' id='word_1_798' title='bbox 2352 5228 2463 5301; x_wconf 86' lang='grc'>(95)</span> <span class='ocrx_word' id='word_1_799' title='bbox 2495 5230 2630 5303; x_wconf 70' lang='grc' dir='ltr'>’ᾼπο</span> <span class='ocrx_word' id='word_1_800' title='bbox 2650 5228 2945 5303; x_wconf 27' lang='grc' dir='ltr'><strong>’.αὗσαντες9</strong></span> <span class='ocrx_word' id='word_1_801' title='bbox 2976 5231 3134 5303; x_wconf 69' lang='grc' dir='ltr'>βου).</span> <span class='ocrx_word' id='word_1_802' title='bbox 3170 5232 3226 5299; x_wconf 82' lang='lat' dir='ltr'><strong>k,</strong></span> <span class='ocrx_word' id='word_1_803' title='bbox 3258 5228 3679 5303; x_wconf 73' lang='grc' dir='ltr'>ἀπολαύσωμεν.</span> 
     </span>
    </p>
   </div>
   <div class='ocr_carea' id='block_1_107' title="bbox 2349 5298 3051 5372">
    <p class='ocr_par' dir='ltr' id='par_1_107' title="bbox 2349 5298 3051 5372">
     <span class='ocr_line' id='line_1_110' title="bbox 2349 5298 3051 5372; baseline 0.003 -17"><span class='ocrx_word' id='word_1_804' title='bbox 2349 5298 2463 5372; x_wconf 84' lang='grc'>(96)</span> <span class='ocrx_word' id='word_1_805' title='bbox 2494 5301 2553 5354; x_wconf 87' lang='grc' dir='ltr'>Τί</span> <span class='ocrx_word' id='word_1_806' title='bbox 2585 5298 2692 5372; x_wconf 79' lang='grc' dir='ltr'>δαί.</span> <span class='ocrx_word' id='word_1_807' title='bbox 2724 5303 2857 5371; x_wconf 84' lang='lat' dir='ltr'><strong>Alii,</strong></span> <span class='ocrx_word' id='word_1_808' title='bbox 2890 5302 2941 5355; x_wconf 81' lang='grc' dir='ltr'><strong>τί</strong></span> <span class='ocrx_word' id='word_1_809' title='bbox 2974 5299 3051 5357; x_wconf 71' lang='grc' dir='ltr'>δι.</span> 
     </span>
    </p>
   </div>
   <div class='ocr_carea' id='block_1_108' title="bbox 2350 5370 3932 5455">
    <p class='ocr_par' dir='ltr' id='par_1_108' title="bbox 2350 5370 3932 5455">
     <span class='ocr_line' id='line_1_111' title="bbox 2350 5370 3932 5455; baseline 0.003 -30"><span class='ocrx_word' id='word_1_810' title='bbox 2350 5370 2559 5455; x_wconf 61' lang='grc' dir='ltr'>(97)]’ὸ</span> <span class='ocrx_word' id='word_1_811' title='bbox 2587 5370 2896 5455; x_wconf 51' lang='grc' dir='ltr'>εὐδόκιμον,</span> <span class='ocrx_word' id='word_1_812' title='bbox 2947 5375 3090 5455; x_wconf 71' lang='lat' dir='ltr'><strong>Tres</strong></span> <span class='ocrx_word' id='word_1_813' title='bbox 3120 5377 3299 5455; x_wconf 53' lang='grc' dir='ltr'>βεδε,</span> <span class='ocrx_word' id='word_1_814' title='bbox 3332 5379 3390 5455; x_wconf 75' lang='lat' dir='ltr'><strong>et</strong></span> <span class='ocrx_word' id='word_1_815' title='bbox 3417 5378 3594 5455; x_wconf 72' lang='lat' dir='ltr'><strong>Mont.</strong></span> <span class='ocrx_word' id='word_1_816' title='bbox 3625 5393 3716 5455; x_wconf 84' lang='grc' dir='ltr'>γρ.</span> <span class='ocrx_word' id='word_1_817' title='bbox 3745 5374 3812 5431; x_wconf 83' lang='grc' dir='ltr'>τὸ</span> <span class='ocrx_word' id='word_1_818' title='bbox 3838 5373 3932 5430; x_wconf 74' lang='grc' dir='ltr'><strong>εὖ-</strong></span> 
     </span>
    </p>
   </div>
   <div class='ocr_carea' id='block_1_109' title="bbox 2279 5390 3697 5516">
    <p class='ocr_par' dir='ltr' id='par_1_109' title="bbox 2279 5390 3697 5516">
     <span class='ocr_line' id='line_1_112' title="bbox 2350 5390 3692 5499; baseline 0.004 -74"><span class='ocrx_word' id='word_1_819' title='bbox 2350 5390 2459 5445; x_wconf 71' lang='grc' dir='ltr'>(υι)</span> <span class='ocrx_word' id='word_1_820' title='bbox 2500 5390 2559 5426; x_wconf 82' lang='grc' dir='ltr'><strong>ιο</strong></span> <span class='ocrx_word' id='word_1_821' title='bbox 2587 5390 2896 5445; x_wconf 83' lang='grc' dir='ltr'>ευοοκιμον.</span> <span class='ocrx_word' id='word_1_822' title='bbox 2956 5390 3090 5429; x_wconf 72' lang='lat' dir='ltr'><strong>rres</strong></span> <span class='ocrx_word' id='word_1_823' title='bbox 3120 5390 3299 5499; x_wconf 51' lang='lat' dir='ltr'><strong>pagg,</strong></span> <span class='ocrx_word' id='word_1_824' title='bbox 3332 5390 3390 5429; x_wconf 79' lang='lat' dir='ltr'><strong>et</strong></span> <span class='ocrx_word' id='word_1_825' title='bbox 3417 5390 3594 5431; x_wconf 75' lang='lat' dir='ltr'><strong>tuom.</strong></span> <span class='ocrx_word' id='word_1_826' title='bbox 3625 5393 3692 5448; x_wconf 84' lang='grc' dir='ltr'><strong>γρ</strong></span> 
     </span>
     <span class='ocr_line' id='line_1_113' title="bbox 2279 5438 3697 5516; baseline 0.006 -20"><span class='ocrx_word' id='word_1_827' title='bbox 2279 5438 2546 5514; x_wconf 81' lang='grc' dir='ltr'>δοκιμεῖν,</span> <span class='ocrx_word' id='word_1_828' title='bbox 2580 5468 2607 5494; x_wconf 86' lang='grc'><em>‹‹</em></span> <span class='ocrx_word' id='word_1_829' title='bbox 2641 5446 2746 5510; x_wconf 88' lang='lat' dir='ltr'><strong>Qui</strong></span> <span class='ocrx_word' id='word_1_830' title='bbox 2780 5446 2994 5516; x_wconf 89' lang='lat' dir='ltr'><strong>quibus</strong></span> <span class='ocrx_word' id='word_1_831' title='bbox 3024 5445 3227 5501; x_wconf 76' lang='lat' dir='ltr'><strong>ulcisci</strong></span> <span class='ocrx_word' id='word_1_832' title='bbox 3280 5447 3491 5512; x_wconf 78' lang='lat' dir='ltr'><strong>icebat,</strong></span> <span class='ocrx_word' id='word_1_833' title='bbox 3526 5468 3555 5495; x_wconf 83' lang='lat'><strong>»</strong></span> <span class='ocrx_word' id='word_1_834' title='bbox 3587 5454 3697 5504; x_wconf 86' lang='lat' dir='ltr'><strong>etc.</strong></span> 
     </span>
    </p>
   </div>
   <div class='ocr_carea' id='block_1_110' title="bbox 2348 5516 3935 5590">
    <p class='ocr_par' dir='ltr' id='par_1_110' title="bbox 2348 5516 3935 5590">
     <span class='ocr_line' id='line_1_114' title="bbox 2348 5516 3935 5590; baseline 0.005 -23"><span class='ocrx_word' id='word_1_835' title='bbox 2348 5516 2461 5584; x_wconf 85' lang='lat'><strong>(98)</strong></span> <span class='ocrx_word' id='word_1_836' title='bbox 2491 5516 2851 5590; x_wconf 80' lang='grc' dir='ltr'>Χρησώμεθα.</span> <span class='ocrx_word' id='word_1_837' title='bbox 2886 5517 3012 5573; x_wconf 88' lang='lat' dir='ltr'><strong>Duo</strong></span> <span class='ocrx_word' id='word_1_838' title='bbox 3045 5518 3247 5590; x_wconf 81' lang='lat' dir='ltr'><strong>Regg.,</strong></span> <span class='ocrx_word' id='word_1_839' title='bbox 3281 5520 3469 5590; x_wconf 89' lang='lat' dir='ltr'><strong>Pass.,</strong></span> <span class='ocrx_word' id='word_1_840' title='bbox 3491 5519 3727 5587; x_wconf 89' lang='lat' dir='ltr'><strong>Comb.,</strong></span> <span class='ocrx_word' id='word_1_841' title='bbox 3752 5520 3935 5590; x_wconf 74' lang='lat' dir='ltr'><strong>Most.</strong></span> 
     </span>
    </p>
   </div>
   <div class='ocr_carea' id='block_1_111' title="bbox 2276 5588 3938 5710">
    <p class='ocr_par' dir='ltr' id='par_1_111' title="bbox 2276 5588 3938 5710">
     <span class='ocr_line' id='line_1_115' title="bbox 2276 5588 3938 5710; baseline 0.01 -73"><span class='ocrx_word' id='word_1_842' title='bbox 2276 5588 2894 5710; x_wconf 56' lang='grc' dir='ltr'>γε.ο›ἷαταχρησώμεθο..</span> <span class='ocrx_word' id='word_1_843' title='bbox 2927 5590 2981 5646; x_wconf 82' lang='lat' dir='ltr'><strong>Is</strong></span> <span class='ocrx_word' id='word_1_844' title='bbox 3015 5588 3199 5658; x_wconf 68' lang='lat' dir='ltr'><strong>addit,</strong></span> <span class='ocrx_word' id='word_1_845' title='bbox 3232 5611 3260 5639; x_wconf 83' lang='lat'><strong>«</strong></span> <span class='ocrx_word' id='word_1_846' title='bbox 3304 5588 3684 5662; x_wconf 43' lang='lat' dir='ltr'><strong>forte&#39;stiam,</strong></span> <span class='ocrx_word' id='word_1_847' title='bbox 3716 5588 3938 5669; x_wconf 74' lang='grc' dir='ltr'>χρησό-</span> 
     </span>
     <span class='ocr_line' id='line_1_116' title="bbox 2280 5676 2517 5710; baseline 0 0"><span class='ocrx_word' id='word_1_848' title='bbox 2280 5677 2322 5710; x_wconf 67' lang='lat'><strong>“.</strong></span> <span class='ocrx_word' id='word_1_849' title='bbox 2351 5676 2377 5710; x_wconf 80' lang='grc' dir='ltr'>ν</span> <span class='ocrx_word' id='word_1_850' title='bbox 2438 5697 2452 5710; x_wconf 80' lang='grc' dir='ltr'>ι</span> <span class='ocrx_word' id='word_1_851' title='bbox 2486 5679 2517 5709; x_wconf 69' lang='grc' dir='ltr'>»ι</span> 
     </span>
    </p>
   </div>
   <div class='ocr_carea' id='block_1_112' title="bbox 2280 5676 2517 5734">
    <p class='ocr_par' dir='ltr' id='par_1_112' title="bbox 2280 5676 2517 5734">
     <span class='ocr_line' id='line_1_117' title="bbox 2280 5676 2517 5734; baseline -0.004 -24"><span class='ocrx_word' id='word_1_852' title='bbox 2280 5676 2452 5734; x_wconf 82' lang='grc' dir='ltr'>μενοι.</span> <span class='ocrx_word' id='word_1_853' title='bbox 2486 5679 2517 5709; x_wconf 57' lang='lat' dir='ltr'><strong>ﬂ</strong></span> 
     </span>
    </p>
   </div>
  </div>
