4244 6216
214 371 336 434 713
1206 369 1497 431 ORATIO
1539 367 1616 429 ν.
1656 393 1726 411 --
1757 362 2068 426 CONTRA
2111 361 2509 430 JULIANUM
2559 364 2639 429 Il.
3513 371 3634 435 ’1η

218 522 373 578 ρους,
408 500 468 555 ἂν
498 497 598 575 ἄρα
629 496 850 553 δυνατὸν
880 500 1013 571 (99),
1045 502 1123 569 τῷ
1152 500 1267 553 καθ³
1296 501 1443 571 ἡμᾶς
1497 492 1860 571 ὑποδείγματι
1889 561 1894 567 ι

2006 512 2127 566 aus,
2166 515 2236 553 ne
2287 498 2484 570 ﬂagris
2543 499 2894 566 cruciemus,
2925 516 2999 556 ne
3055 501 3329 572 denique,
3364 508 3426 557 ut
3474 504 3637 574 brevi

222 588 298 647 Εἴ
320 612 400 661 τῳ
431 592 507 661 (1)
562 587 826 643 πίπονθεν
888 587 1026 656 υἱὸς,
1094 585 1146 641 εἷ’
1195 608 1275 659 τῳ
1305 589 1508 665 πατὴρ,
1542 590 1591 643 εἰ*
1616 612 1695 663 τῳ
1723 597 1883 669 γυνὴ,

220 680 489 754 συγγενὴς
517 681 619 750 (2),
680 675 864 752 φίλος,
914 677 948 744 ἢ
996 673 1167 737 ἄλλος
1214 696 1297 738 τις
1346 682 1454 731 τῶν
1498 678 1720 752 τιμίων,
1753 690 1883 739 πᾶσι

215 769 281 823 τὸ
313 769 500 822 παθεῖν
535 765 798 838 ἔμμισθον
829 767 1254 837 καταστήσωμεν
1289 769 1387 835 (3),
1441 763 1528 820 διὰ
1557 773 1655 823 τοῦ
1704 778 1884 827 πεῖσαι

220 860 402 935 φερειν
455 859 731 930 καρτερῶς
784 854 815 908 ἃ
861 854 1199 918 πεπόνθασι·
1253 858 1413 909 τοῦτο
1470 862 1651 927 μεῖζον
1704 860 1888 923 αὐτοῖς

219 949 255 1015 ἦ
293 944 436 1000 ἄλλο
465 967 518 999 τι
549 943 890 1019 χαριούμεθα
1086 940 1239 998 Εἴπω
1288 943 1376 997 καὶ
1428 944 1488 998 τὸ
1532 945 1779 1021 μέγιστον
1812 951 1885 1005 ὦν

223 1034 282 1090 εὖ
340 1034 669 1109 πάσχομεν;
731 1029 934 1104 δήμοις
992 1027 1363 1087 καταϐοῶνται
1420 1034 1511 1087 καὶ
1566 1036 1789 1093 πόλεσιν
1836 1040 1887 1093 o't

224 1122 537 1194 διώξαντες,
569 1122 620 1175 ἐν
651 1122 919 1195 θεάτροις,
972 1120 1023 1175 ἐν
1080 1122 1323 1197 ἀγοραῖς,
1352 1121 1402 1175 ὲν
1434 1121 1730 1198 συλλόγοις
1755 1146 1767 1161 ’
1822 1130 1889 1183 τὰ

222 1212 434 1268 παλαιὰ
482 1210 855 1286 μακαρίζεται,
902 1211 971 1263 τὰ
1021 1210 1115 1265 νὲα
1162 1209 1559 1284 στηλιτεόεται,
1607 1215 1697 1268 καὶ
1763 1234 1890 1291 παρ’

222 1303 401 1356 αὐτῶν
457 1304 564 1354 τῶν
619 1296 1048 1367 συνδιωξάντων,
1110 1299 1139 1353 δ
1196 1298 1287 1353 καὶ
1345 1299 1674 1372 πααάδοξον,
1734 1304 1889 1359 αὐτοὶ

224 1389 583 1444 καθέκκονται
614 1393 738 1463 παρ’
768 1386 946 1441 αὐτῶν
993 1387 1128 1459 μετὰ
1155 1389 1330 1458 πάσης
1380 1384 1762 1461 καταϐοήσεως
1814 1396 1890 1467 (5)

224 1480 279 1533 οἱ
310 1477 446 1547 θεοὶ,
501 1478 576 1539 ὡς
629 1474 803 1531 πολὺν
861 1474 1053 1537 αὐτοὺς
1110 1477 1477 1547 ἀπατήσαντες
1534 1482 1613 1551 (6)
1668 1481 1889 1556 χρόνον,

222 1567 316 1623 καὶ
364 1566 463 1641 ὀψὲ
503 1586 636 1621 ποτε
691 1567 771 1638 (7)
826 1566 926 1634 τῆς
986 1563 1194 1635 ἀπάτης
1256 1563 1676 1641 ἐληλεγμὲνης’
1727 1571 1815 1625 καὶ
1865 1573 1893 1626 ὁ

216 1657 356 1718 χθὲς
433 1655 814 1731 προπυνητὴς
888 1655 1126 1729 σήμερον
1188 1650 1462 1727 ὑϐριστής.
1541 1656 1762 1713 Τούτων
1840 1659 1893 1714 τί

225 1752 412 1821 μεῖζον
447 1744 846 1815 ἐπιζητοῦμεν;
882 1747 986 1796 Νῦν
1047 1747 1216 1797 ταῦτα
1266 1744 1357 1797 καὶ
1410 1742 1540 1799 ἴσως
1581 1748 1750 1822 μικρά
1775 1753 1894 1809 τοῖς

222 1835 462 1896 ἀθλίοις.
494 1836 681 1889 Ἔσται
713 1832 1093 1908 καιρὸς,ἡνίκα
1124 1834 1330 1906 ὂψομαι
1362 1835 1488 1896 τοὺς
1515 1834 1681 1907 ἐμοὺς
1707 1832 1892 1912 ὑϐρισ-
1930 1878 1976 1943 Β

270 1928 282 1942 .
449 1925 461 1943 ς
534 1925 546 1941 ε
673 1923 682 1943 ρ
903 1921 915 1941 ρ
1081 1926 1149 1943 ,m
1258 1936 1277 1943 ,
1450 1926 1463 1942 .
1606 1928 1617 1943 ι
1698 1928 1709 1941 ,
1828 1933 1852 1942 -

220 1928 343 1998 τὰς,
374 1925 465 1979 καὶ
493 1925 585 1978 τὸν
625 1923 790 1997 μεγαν
825 1921 1031 1977 τούτων
1078 1926 1152 1995 (8)
1182 1926 1527 1999 καθηγητὴν,
1560 1928 1658 1995 τὴν
1694 1928 1894 1982 ἑαυτῶν

225 2012 704 2085 ἀποκλαιομένους
732 2013 949 2080 κακίαν,
998 2012 1160 2077 ἡνίκα
1204 2012 1262 2066 ἃν
1308 2019 1453 2068 πᾶσα
1498 2015 1750 2087 κρίνηται
1808 2014 1896 2071 καὶ

233 2105 588 2177 βασανίζηται
628 2101 886 2175 πονηρία.

1994 586 2365 656 complectar,
2392 588 2715 659 quidquam
2738 606 2936 645 eorum
2963 606 3090 661 qua:
3122 590 3382 662 perpessi
3403 609 3635 662 sumus,

1995 673 2299 730 faciamus.
2323 681 2433 730 Eos
2459 693 2709 748 quoque,
2736 677 2785 732 si
2812 678 2984 733 modo
3014 677 3071 732 id
3106 679 3354 749 possint,
3377 681 3640 753 exemplo

1996 768 2193 818 nostro
2226 763 2512 820 faciliores
2540 782 2605 820 ac
2634 765 3004 838 benigniores
3034 769 3186 823 ’178
3221 768 3555 824 reddamus.
3583 769 3643 825 Si

1997 850 2088 905 cui
2125 851 2279 907 illius
2310 870 2523 925 passus
2556 859 2663 922 est,
2699 855 2747 910 si
2788 856 2879 909 cui
2927 861 3111 927 pater,
3146 856 3193 912 si
3225 857 3315 912 cui
3349 875 3512 929 uxor,
3544 862 3647 913 aut

1998 945 2305 1011 cognatus,
2340 946 2441 996 aut
2488 943 2734 1011 amicus,
2787 948 2886 998 aut
2942 943 3093 1001 alius
3124 945 3417 1017 quispiam
3475 946 3646 1002 nobis

2000 1028 2235 1097 charus,
2255 1030 2464 1085 demus
2486 1047 2744 1103 operam,
2767 1034 2832 1086 ut
2853 1032 3063 1104 cuique
3083 1050 3283 1089 eorum
3318 1036 3645 1092 mercedem

2002 1118 2295 1174 cruciatus
2336 1120 2558 1191 afferat,
2593 1120 2738 1192 ipsis
2788 1121 3066 1176 nimirum
3112 1125 3549 1194 persuadentes,
3584 1128 3652 1181 ut

2004 1206 2136 1261 forti
2170 1208 2365 1262 animo
2398 1208 2586 1262 ferant
2631 1226 2759 1279 quis
2808 1210 2967 1279 passi
3019 1214 3177 1265 sunt-
3212 1211 3328 1267 Hoc
3372 1213 3651 1269 beneficio

2002 1295 2230 1350 nullum
2266 1297 2459 1367 majus
2490 1296 2635 1367 ipsis
2668 1298 2805 1352 dare
2846 1314 3185 1369 possumus.
3209 1299 3402 1355 Vultis
3436 1302 3656 1357 beneﬁ-

2003 1385 2159 1439 cium
2183 1386 2470 1455 omnium,
2490 1402 2617 1457 quae
2664 1388 3016 1458 accepimus,
3042 1388 3364 1444 maximum
3406 1405 3657 1446 comme-

2004 1492 2224 1532 morem
2238 1477 2266 1531 ?
2284 1476 2455 1548 Vulgi
2483 1482 2539 1532 et
2558 1477 2856 1533 civitatum
2881 1478 3238 1535 clamoribus
3258 1481 3653 1552 exagitantur,

2004 1567 2104 1638 qui
2136 1583 2241 1621 nos
2274 1566 2562 1637 persecuti
2598 1571 2755 1634 sunt,
2788 1568 2847 1622 in
2880 1568 3144 1636 theatris,
3174 1570 3232 1625 in
3264 1571 3409 1637 foro,
3435 1570 3495 1626 in
3525 1588 3658 1627 con-

2002 1655 2292 1711 ventibus.
2324 1654 2537 1709 Vetera
2580 1655 2747 1710 beata
2791 1657 3202 1728 prmdicantur,
3233 1676 3380 1714 nova
3410 1659 3654 1715 maledi-

2006 1744 2112 1799 ctis
2144 1744 2420 1799 omnibus
2452 1744 2519 1798 ad
2553 1743 2858 1799 infamiam
2907 1746 3323 1817 sempiternam
3360 1748 3661 1820 conﬁgun-

2005 1839 2139 1899 tur;
2173 1832 2447 1903 quodque
2478 1832 2812 1887 mirandum
2848 1840 2956 1903 est,
2989 1835 3061 1889 ah
3092 1834 3165 1890 iis
3196 1836 3365 1892 etiam
3399 1838 3499 1908 qui
3532 1854 3662 1909 per-

2010 1914 2325 1977 secutionis
2350 1920 2489 1975 socii
2517 1922 2771 1987 fuerunt,
2787 1922 3024 1993 ipsimet
3040 1924 3142 1995 dii,
3159 1930 3223 1980 ut
3243 1926 3343 1996 qui
3367 1942 3465 1982 eos
3486 1925 3661 1999 longo

2008 2016 2269 2080 tempore
2292 2010 2644 2081 deceperint,
2660 2028 2787 2066 sero
2811 2013 3045 2068 tandem
3070 2014 3436 2086 deprehensa
3457 2016 3661 2071 fraude

2008 2108 2185 2173 atque
2216 2102 2565 2172 impostura,
2599 2102 2672 2156 ab
2703 2102 2849 2174 ipsis
2885 2119 3018 2159 cum
3049 2106 3207 2160 omni
3240 2106 3493 2162 clamore
3522 2124 3660 2179 prae-

222 2192 433 2264 cipites
464 2192 854 2247 deturbantur
887 2207 899 2245 :
934 2190 1124 2260 isque,
1159 2189 1257 2261 qui
1301 2191 1573 2248 hesterna
1625 2193 1752 2248 luce
1784 2194 2060 2249 adorator
2090 2194 2235 2255 erat,
2271 2190 2555 2244 hodierna
2584 2194 2673 2244 est
2702 2191 3076 2247 conviciator.
3111 2193 3212 2249 His
3243 2195 3384 2265 quid
3436 2197 3659 2265 majus,

226 2283 371 2354 quid
402 2282 637 2354 gravius
668 2280 1084 2352 exposcimus?
1112 2283 1191 2335 Ac
1224 2297 1380 2336 nunc
1408 2282 1648 2352 quidem
1678 2285 1814 2348 ista,
1845 2289 1926 2353 et,
1957 2288 2023 2337 ut
2053 2282 2300 2336 fortasse
2331 2279 2526 2333 miseri
2562 2279 2830 2334 homines
2862 2280 3239 2349 arbitrantur,
3273 2283 3501 2355 exigua.
3536 2283 3662 2338 Erit
3710 2264 3720 2274 ’

224 2379 489 2443 tempus,
522 2388 656 2426 cum
688 2387 808 2438 eos,
844 2387 875 2425 a
907 2370 1126 2442 quibus
1179 2370 1539 2425 contumelia
1587 2371 1832 2427 affectus
1866 2387 2018 2441 sum,
2056 2387 2122 2425 ac
2172 2384 2452 2439 magnum
2505 2384 2707 2423 eorum
2759 2369 2986 2437 ducem,
3020 2370 3455 2442 improbitatem
3488 2386 3659 2429 suam

232 2461 611 2532 deplorantes
643 2460 878 2527 videbo;
912 2465 1037 2514 tum
1073 2457 1377 2525 nimirum,
1411 2476 1545 2515 cum
1577 2460 1770 2517 omnis
1801 2460 2084 2533 iniquitas
2116 2458 2478 2529 expendetur
2507 2462 2563 2512 et
2590 2458 3040 2513 examinabitur.

304 2550 411 2602 AH'
444 2549 550 2601 Ἐὣ
604 2548 668 2601 τὰ
726 2548 844 2601 θεῖα
892 2547 980 2600 καὶ
1036 2546 1103 2601 τὰ
1158 2547 1420 2622 ἡμέτερα,
1478 2548 1568 2601 καὶ
1625 2549 1720 2609 τὰς
1767 2550 1887 2611 καθ’

226 2640 380 2709 ἡμᾶς
441 2638 512 2710 (9)
572 2635 770 2699 ἐκεῖθεν
830 2635 1197 2708 ἀποκειμένας
1254 2637 1549 2712 μάστιγας⁸
1600 2636 1744 2692 ἀλλά
1802 2637 1890 2691 καὶ

233 2724 324 2781 ἐπί
354 2724 481 2786 τοὺς
516 2724 640 2785 σοὺς
688 2722 812 2787 ἐλθὲ
866 2726 978 2796 (10)
1036 2723 1236 2799 λόγους
1280 2726 1369 2779 καὶ
1405 2720 1605 2802 φόϐους
1637 2726 1699 2779 οὐ
1729 2748 1889 2795 ποιη-

230 2819 354 2875 ταῖς
385 2814 547 2885 μόνον
607 2815 743 2882 (14),
792 2810 937 2867 ἀλλά
986 2812 1075 2866 καί
1126 2810 1341 2886 ἀνδράσι
1395 2813 1720 2892 φιλοσόφοις
1771 2815 1891 2890 ἀρὲ-

230 2924 485 2967 σκοντας,
546 2900 673 2963 τοὺς
727 2900 1219 2977 Ηυριιρλεγὲθοντάς
1275 2905 1385 2975 (42)
1438 2924 1555 2976 σου,
1616 2904 1705 2958 καὶ
1756 2904 1884 2965 τοὺς

230 2990 543 3062 Κωκυτοὺς,
576 2990 666 3044 καὶ
696 2990 822 3050 τοὺς
856 2990 1206 3065 Ἀχέροντας,
1240 2992 1318 3052 οἷς
1362 2990 1570 3046 ἀδικίαν
1626 2996 1740 3066 (13)
1795 3013 1889 3047 κο-

232 3081 486 3152 λάζουσι,
518 3079 815 3150 Τάνταλος,
848 3078 1059 3148 Τιτυὸς,
1102 3078 1293 3151 Ἰξίων.
1347 3082 1642 3142 Ἰουλιανὸς
1689 3080 1892 3150 ταύτης

230 3172 260 3225 ὁ
298 3168 559 3245 βασιλεὺς
590 3169 741 3241 ὑμῶν
774 3174 875 3236 τῆς
908 3166 1192 3244 φρατρίας,
1228 3170 1343 3239 μετ’
1392 3168 1609 3223 ἐκείνων
1658 3171 1892 3245 ἀριθμη-

2072 2546 2362 2602 XXXVIII.
2407 2546 2573 2601 Mitto
2619 2546 2817 2601 divina
2864 2550 2921 2602 et
2970 2552 3194 2613 nostra,
3227 2565 3410 2621 eaque
3459 2549 3664 2623 ﬂagra,

2000 2654 2123 2708 quas
2147 2637 2321 2707 juxta
2351 2635 2653 2690 docrinam
2696 2640 2958 2692 nostram
3005 2635 3219 2709 impios
3249 2637 3367 2692 illic
3398 2644 3658 2695 manent.

2002 2727 2107 2781 Sed
2141 2725 2210 2779 ad
2242 2729 2374 2779 tuos
2406 2729 2466 2777 tu
2500 2740 2799 2780 sermones
2836 2730 2893 2780 et
2922 2730 3171 2781 terrores
3202 2731 3259 2782 te
3290 2729 3507 2795 confer,
3542 2743 3659 2785 non

2000 2813 2189 2885 poetis
2240 2813 2433 2879 modo,
2468 2816 2567 2867 sed
2619 2812 2984 2886 phil030phis
3032 2832 3262 2888 quoque
3314 2816 3653 2889 placentes;

2004 2900 2603 2975 Pyriphlegethontes,
2638 2902 2909 2973 inquam,
2968 2908 3123 2972 tuos,
3177 2911 3233 2960 et
3287 2906 3553 2978 Cocytos,
3603 2910 3661 2963 et

2003 2991 2379 3056 Acherontes,
2397 3006 2499 3060 per
2515 3005 2660 3060 quos
2681 2992 3032 3061 injustitiam
3055 2993 3659 3065 puniunt,Tantalus,

2000 3080 2224 3153 Tityus,
2258 3078 2434 3133 Ixion.
2462 3079 2735 3135 Julianus
2768 3081 3087 3154 imperator
3113 3089 3305 3139 vester
3334 3084 3513 3155 hujus
3561 3102 3659 3140 so-

2002 3168 2189 3224 dalitii
2221 3173 2330 3233 est,
2353 3185 2418 3223 ac
2444 3184 2578 3223 cum
2609 3169 2745 3235 illis,
2771 3170 2912 3237 imo,
2936 3176 3001 3226 ut
3032 3173 3265 3244 quidem
3290 3172 3415 3245 ipse
3437 3178 3652 3244 statuo,

230 3262 477 3329 θήσεται,
524 3257 613 3311 καὶ
663 3258 771 3332 πρὸ
822 3255 1062 3328 ἐκείνων,
1112 3257 1247 3310 κατά
1292 3278 1351 3332 γε
1395 3258 1486 3312 τὸν
1540 3257 1669 3329 ἐμὸν
1731 3256 1891 3334 λόγον

736 3345 749 3358 .
813 3342 887 3358 ρ...
1056 3342 1073 3358 ς
1134 3344 1188 3358 μ.
1409 3345 1423 3358 .
1504 3344 1560 3358 ς,
1780 3346 1792 3358 .

2010 3262 2144 3313 ante
2174 3257 2303 3312 illos
2335 3257 2733 3313 recensebitur
2765 3276 2778 3315 :
2811 3277 2925 3315 non
2956 3259 3053 3315 ille
3083 3261 3319 3334 quidem
3360 3262 3489 3319 sitis
3521 3280 3654 3318 cru-

232 3348 323 3403 καὶ
356 3346 484 3423 ὅρον
516 3348 667 3419 (44)·
695 3345 756 3399 οὐ
808 3342 938 3418 δίψῃ
986 3342 1358 3417 κολαζόμενος
1406 3345 1457 3400 ὲν
1504 3344 1726 3420 λίμναις
1776 3346 1896 3401 ἐπι-

233 3436 490 3513 γενείοις,
549 3436 583 3504 ἢ
640 3440 887 3511 κορυφῆς
965 3431 1369 3506 ὑπερτέλλοντα
1443 3432 1728 3508 δειμαίνων
1800 3437 1896 3491 πέ-

231 3548 361 3603 τρον
396 3528 532 3599 (15),
564 3525 638 3587 ὡς
670 3530 738 3599 τῇ
770 3522 1055 3600 τραγῳδίᾳ
1087 3522 1259 3595 δοκεῖ,
1315 3525 1395 3580 ἀεὶ
1444 3527 1538 3598 μὲν
1588 3527 1897 3599 ἀνωθούμε-

234 3638 322 3672 νον
382 3615 464 3670 ἀεὶ
524 3613 581 3668 δὲ
636 3614 1111 3689 κατασυρόμενον·
1182 3612 1306 3668 οὐδὶ
1384 3614 1718 3690 ροιζουμένῳ
1789 3617 1895 3689 (46)

232 3708 430 3779 τρογῷ
461 3702 959 3779 συγκυκλούμενος,
993 3700 1118 3757 οὖδὶ
1150 3698 1323 3779 ὄρνισι
1354 3705 1416 3758 τὸ
1447 3707 1593 3780 ἧπαρ
1646 3704 1896 3777 κειρόμε-

234 3815 347 3865 νος,
381 3792 579 3847 οὕποτε
608 3790 821 3862 λεῖπον,
868 3791 947 3846 ἀεὶ
1002 3789 1058 3846 δὲ
1106 3791 1495 3868 πληρούμενον
1533 3812 1545 3823 ·
1604 3792 1709 3848 εἷ’τε
1756 3793 1897 3863 ἀλή-

237 3896 355 3947 θεια
403 3880 570 3936 ταῦτά
614 3880 777 3952 ἐστιν,
833 3878 940 3935 είίεε
992 3884 1179 3952 μῦθος,
1231 3879 1590 3957 παραδεικνὺς
1619 3884 1717 3951 τήν
1752 3880 1893 3952 ἀλή-

238 3974 387 4026 θειαν
417 3970 468 4025 ἐν
495 3977 612 4033 τοῖς
643 3968 953 4043 πλάσμασιν
982 3990 995 4003 ·
1033 3968 1159 4025 ἀλλ’
1209 3969 1451 4044 ὀψόμεθα
1480 3972 1588 4025 τίσι
1619 3972 1708 4026 καὶ
1756 3969 1896 4033 ο’ίοις

314 4132 430 4205 (99)
463 4130 713 4186 Δυνατόν.
750 4132 1014 4205 Quinque
1046 4132 1208 4205 Reg.,
1241 4131 1399 4189 Colb.
1435 4134 1489 4201 3,
1513 4133 1609 4189 0r.
1644 4134 1694 4201 1,
1730 4133 1890 4189 Pass.

244 4200 539 4271 δυνηθῶσι.

348 4275 395 4343 1)
426 4278 536 4344 Τῳ.
572 4273 708 4328 Sine
737 4279 999 4341 accentu,
1034 4291 1134 4344 pro
1163 4271 1293 4341 τινί,
1330 4296 1356 4322 ‹‹
1388 4274 1502 4340 cui,
1535 4273 1726 4331 alicui.
1758 4298 1783 4325 ››

317 4275 395 4415 (1)
426 4278 536 4344 Τῳ.
572 4275 708 4328 Sine
737 4279 999 4341 accentu,
1034 4291 1134 4401 pro
1163 4275 1293 4341 τινί,
1330 4296 1356 4322 ‹‹
1388 4275 1502 4340 cui,
1535 4275 1726 4331 alicui.
1758 4298 1783 4325 »

294 4345 724 4469 “exaggam,
772 4351 882 4401 etc.
931 4345 1029 4402 Col
1079 4388 1090 4400 .
1142 4347 1194 4415 3,
1246 4351 1409 4402 Pass.
1459 4346 1492 4413 ἢ
1540 4346 1821 4421 συγγενὴς,
1863 4346 1897 4413 ἣ

316 4417 435 4476 λος,
464 4417 529 4476 ἢ(
545 4420 653 4470 etc.

294 4438 414 4476 ιΛος
464 4438 495 4467 7⁷
545 4438 653 4470 ὓιθ.

247 4438 284 4493 φ
322 4488 400 4559 (3)
422 4454 517 4539 ire"
552 4488 739 4539 παθεῖν
795 4483 1058 4559 ἔμμισθον
1109 4487 1553 4559 καταστήσωμεν.
1601 4511 1628 4538 ‹‹
1680 4488 1898 4544 Demus

248 4575 488 4642 operam
521 4564 584 4613 ut
613 4559 831 4642 cuique
852 4576 1055 4615 eorum
1088 4560 1233 4642 bene
1277 4561 1485 4615 cedant
1529 4564 1776 4631 acceptas
1810 4561 1897 4615 in-

238 4632 437 4704 juriae.
474 4646 577 4684 nec
609 4632 870 4686 mercede
900 4635 1154 4686 careant.
1185 4652 1212 4679 »

437 4699 801 4776 Χαριοόμεθα.
836 4704 1014 4776 Mont.
1045 4721 1131 4776 γρ.
1165 4699 1522 4776 χάεισόμεθα.

328 4765 401 4842 (5)
435 4765 847 4842 Καταὸοῆσεως.
898 4765 1514 4842 Ρᾶεε.”κάκο’6οήσεως.
1550 4774 1682 4838 Quae
1731 4772 1901 4828 lectio

248 4844 486 4901 videtur
515 4845 753 4915 optima.

329 4916 409 4988 (6)
440 4913 862 4985 Ἀπατήσαντες.
916 4917 998 4971 Ita
1046 4915 1205 4988 Reg.
1235 4913 1585 4988 hu,7Coisl_._
1604 4918 1683 4988 2,,
1712 4919 1899 4982 Pass.,

248 4981 365 5044 etc.
392 4981 464 5042 'In
498 4981 796 5043 nonnullis
827 4994 1044 5053 tamen,
1080 4981 1159 5043 ut"
1193 4986 1250 5041 in
1300 4986 1497 5055 editis,
1527 4981 1900 5057 ἀδικήσαντες,

247 5083 279 5109 ‹‹
317 5059 536 5129 injuria
566 5060 910 5117 afficientes.
938 5081 965 5109 »

325 5129 741 5256 (l)i;(l)ttfii120't€.
775 5132 869 5188 Sic
900 5131 1084 5201 Pass.,
1108 5130 1258 5199 Sav.,
1282 5128 1563 5199 Combef.,
1596 5133 1704 5185 etc.
1730 5130 1905 5186 Deest

246 5201 384 5255 ποτε
416 5201 477 5256 in
510 5201 649 5258 edit.

326 5273 402 5344 (8)
430 5270 665 5330 Τούτων.
708 5274 874 5330 Herv.
927 5275 1137 5325 τοῦτον.
1190 5269 1365 5344 Paulo
1426 5266 1905 5344 ροειλάποκλαιο-

250 5338 475 5417 μένους,
515 5366 536 5393 ι
571 5344 964 5417 deplorantes,
1003 5368 1024 5393 ι
1063 5344 1178 5417 duo
1205 5343 1400 5417 _Regg.
1426 5338 1903 5417 ἀποκλαρμὲνους,

247 5410 279 5465 ἑ(
319 5410 735 5488 defringenfes.
762 5439 791 5466 ››
826 5417 890 5472 Et
938 5410 1092 5484 max,
1123 5412 1284 5483 ἡνίκα
1310 5410 1388 5468 ’ἂν
1434 5416 1599 5469 πᾶσα.
1642 5410 1814 5469 Deest
1844 5410 1901 5466 ἃν

247 5488 313 5543 in
333 5488 553 5560 tribus
570 5489 748 5560 Regg.
778 5492 836 5560 et
864 5489 1020 5544 Pass.

323 5558 401 5630 (9)
433 5559 559 5612 Καθ’
588 5554 755 5630 ὴιὶᾶὶξ.
790 5559 884 5615 Sic
920 5560 1076 5615 Pass.
1110 5561 1168 5630 et
1215 5555 1310 5612 alii
1347 5554 1564 5630 plures.
1600 5557 1743 5630 Tres
1771 5572 1904 5613 vero

246 5626 434 5703 Regg.
484 5630 601 5683 καθ’
634 5626 828 5702 ἡμῶν.
865 5653 893 5681 ‹‹
937 5631 1046 5686 Sed
1094 5627 1265 5703 falsa,
1308 5626 1582 5703 {inquit
1614 5628 1900 5703 Montem,

252 5723 283 5753 ι‹
317 5699 435 5760 non
466 5703 623 5760 enim
654 5699 824 5763 nobis
853 5703 989 5773 ista,
1011 5701 1113 5758 sed
1143 5699 1379 5759 Juliano
1411 5703 1468 5756 et
1496 5699 1792 5762 similibus
1821 5699 1905 5760 re-

546 5832 811 5895 Pauca.
843 5832 957 5894 Gn.
999 5827 1242 5895 XXXV.

2009 3347 2222 3403 ciatum
2252 3346 2312 3400 in
2345 3347 2568 3418 stagnis
2597 3348 2669 3402 ad
2699 3348 2943 3404 barbam
2974 3367 3160 3422 usque
3190 3353 3653 3423 prominentibus

2005 3436 2359 3508 perpetiens,
2394 3440 2513 3505 aut,
2537 3440 2601 3490 ut
2640 3438 2930 3509 tragazdiae
2968 3438 3215 3507 videtur,
3242 3457 3447 3495 saxum
3479 3457 3650 3512 expa-

2003 3542 2242 3582 vescens
2273 3525 2493 3597 grande
2538 3524 2742 3581 cervici
2775 3527 3114 3596 imminens,
3135 3531 3288 3600 quod
3322 3534 3385 3585 ut
3416 3546 3653 3586 sursum

2007 3630 2237 3686 semper
2268 3613 2611 3686 impellitur,
2638 3615 2719 3671 ita
2750 3616 2921 3672 etiam
2957 3634 3191 3691 semper
3210 3619 3481 3674 deorsum
3516 3618 3658 3673 labi-

2004 3709 2137 3759 tur:
2167 3709 2270 3758 aut
2297 3703 2448 3758 hanc
2479 3720 2710 3774 pinnam
2736 3704 2926 3771 luens,
2952 3711 3017 3761 ut
3039 3723 3252 3779 magno
3273 3707 3492 3777 impetu
3517 3722 3652 3761 cum

2006 3799 2132 3848 rota
2163 3792 2447 3847 stridente
2476 3791 2761 3858 volvatur,
2792 3793 2879 3848 vel
2934 3795 3123 3865 ipsius
3144 3796 3314 3865 jecur
3348 3795 3419 3849 ab
3450 3794 3653 3849 avibus

2006 3883 2374 3952 depascatur,
2407 3896 2512 3934 nec
2549 3884 2743 3935 tamen
2788 3897 3051 3952 unquam
3084 3882 3333 3953 deﬁciat,
3366 3882 3465 3937 sed
3498 3899 3651 3937 sem-

2008 3985 2110 4040 per
2139 3966 2481 4039 impleatur;
2516 3968 2635 4024 sive
2675 3968 2886 4024 veritas
2931 3969 3054 4025 haec
3102 3970 3244 4038 sint,
3278 3969 3399 4025 sive
3430 3968 3649 4038 fabula,

2004 4127 2192 4201 posita
2222 4131 2422 4201 suntqi
2450 4128 2711 4201 Correxit
2740 4127 2966 4201 Billius.
2989 4130 3126 4201 Reg.
3143 4130 3192 4201 Vl,
3211 4128 3367 4201 Colb.
3396 4129 3449 4195 3,
3475 4127 3651 4201 Coisl.

2001 4196 2056 4265 Ξ,
2086 4199 2289 4270 0xon.,
2309 4198 2424 4270 καθ’
2455 4200 2615 4270 ἡμῶν
2649 4198 3046 4269 ἐπαναστάσεις,
3068 4196 3157 4253 καὶ
3188 4200 3306 4253 καθ’
3334 4201 3483 4270 ἡμᾶς
3516 4196 3657 4253 ἐκεῖ·

2005 4272 2088 4353 θεν
2108 4269 2477 4353 ,ἀποκειμένας
2504 4269 2798 4353 μάστιγας.

2073 4343 2187 4412 (10)
2216 4340 2333 4394 Ἐπὶ
2379 4340 2522 4414 το-ὺςξ
2556 4340 2700 4403 σοὺς
2736 4340 2878 4414 ἐλθὲ.
2910 4343 2975 4414 In
3009 4343 3169 4398 Pass.
3202 4341 3459 4414 aliisque
3506 4359 3653 4397 non-

2005 4409 2206 4487 nullis,
2240 4415 2404 4487 deest
2435 4412 2555 4487 ἐπί,
2577 4419 2635 4487 et
2664 4431 2767 4487 pro
2800 4411 3169 4487 életlegitur
3198 4409 3395 4469 δίελθέ.
3426 4415 3489 4487 In
3522 4414 3653 4485 qui-

2009 4486 2278 4553 busdam,
2313 4482 2496 4554 Exiet
2535 4481 2712 4539 δίελθε
2768 4484 2946 4541 simul
2983 4481 3328 4554 occurrunt;
3359 4485 3459 4541 sed
3494 4481 3659 4542 vacat

1932 4562 1977 4627 ι)
2007 4554 2116 4621 ἐπὶ,
2148 4550 2373 4627 servato
2406 4550 2605 4619 δίελθε.

2080 4620 2191 4699 (11)
2224 4624 2420 4680 Μόνον.
2471 4629 2564 4684 Sic
2619 4627 2882 4699 plerique
2935 4626 3104 4683 codd.
3157 4623 3309 4682 Editi
3366 4642 3517 4697 vero,
3557 4620 3658 4699 μό-

2009 4718 2193 4844 νοίῖ2)
2263 4766 2403 4844 Ἰζοὺς
2439 4766 3012 4844 ⁸,ΙΙ’δριιινλεγὲθονταςς
3063 4770 3158 4825 Sic
3223 4769 3656 4844 reetiusumss.

2011 4842 2257 4923 codices.
2294 4839 2662 4923 In_edit."pr'o
2686 4839 2833 4923 joac
2880 4842 3116 4923 ppuﬁitur
3143 4839 3252 4893 καί.
3288 4839 3659 4923 Pyriphlege-

2010 4912 2175 4982 thon,
2210 4911 2454 4985 Cocytus
2494 4911 2573 4967 et,
2600 4911 3236 4969 Acheron—inferorum
3284 4911 3464 4984 fluvii,
3489 4911 3662 4982 juxta

2012 4988 2321 5139 Ροῗίὲῗῖξῖς
2352 5049 2581 5122 ἀδικίαν,
2608 5058 2723 5139 etc.
2758 5078 2784 5104 «
2819 5056 3041 5119 Quibus
3094 5054 3659 5139 injustitiammcom-

2012 5123 2299 5253 primunt,
2361 5130 2664 5207 coercent,
2697 5143 2877 5197 pinnae
2933 5143 3053 5181 suas
3111 5123 3390 5208 exemplo,
3448 5125 3661 5208 Tanta-

2040 5215 2129 5253 us.
2157 5221 2184 5248 »
2212 5202 2298 5252 etc
2330 5239 2342 5253 .
2378 5202 2441 5252 ut
2474 5199 2617 5252 bene
2651 5201 3071 5253 interpretatur
3099 5196 3274 5251 Ellas.
3299 5196 3379 5251 De
3409 5195 3661 5253 Tantali.

2040 5215 2129 5263 us,
2157 5221 2184 5248 »
2212 5202 2298 5252 etc
2330 5239 2342 5263 ,
2378 5202 2441 5252 ut
2474 5199 2617 5252 bene
2651 5195 3071 5268 interpretatur
3099 5195 3379 5268 Elias.’De
3409 5195 3661 5268 Tantali,

2011 5269 2162 5341 Tityi
2193 5273 2249 5323 et
2281 5268 2495 5324 Ixionis
2541 5267 2919 5340 cruciatibus,
2950 5270 3078 5326 vide
3109 5267 3272 5324 Ovid.
3305 5267 3660 5340 Metamorph.

2013 5343 2370 5483 Πξ’(1ῗέλιίιπιτεὶ
2399 5429 2482 5483 γε,
2501 5412 2622 5483 βίοι.
2647 5411 2785 5466 Tres
2809 5412 3020 5483 ,Reggq
3054 5409 3237 5483 Colb.,
3268 5410 3328 5481 k,
3353 5409 3451 5465 Or.
3481 5411 3533 5477 1,
3563 5426 3663 5463 κα-

2014 5481 2078 5536 τά
2093 5477 2149 5556 ’γέ
2180 5477 2270 5535 οὖν
2302 5480 2393 5534 τὸν
2409 5477 2549 5556 ξέμὸν
2580 5478 2704 5556 ὅρον
2736 5481 2824 5536 καὶ
2849 5477 3014 5556 λόγον
3034 5503 3046 5515 ·
3081 5480 3143 5535 οὗ
3176 5477 3342 5556 δίψει,
3373 5485 3482 5556 ete.

2016 5503 2078 5536 τα
2180 5503 2270 5535 ουν
2302 5503 2393 5534 τον
2423 5503 2549 5553 εμον
2580 5503 2704 5555 ορον
2736 5503 2824 5536 και
2849 5503 3014 5556 Λογον
3034 5503 3046 5515 ⁸
3081 5503 3143 5535 ου
3176 5503 3342 5554 οιψει,
3373 5503 3482 5538 δίε.

2016 5625 2055 5682 0
2084 5503 2201 5683 (1ῗέ
2228 5549 2527 5626 Δειμαίνων
2572 5554 2791 5629 πέτρον.
2841 5556 3030 5613 Verba
3073 5557 3214 5613 sunt
3260 5552 3555 5626 Euripidis
3602 5551 3661 5607 in

2059 5643 2143 5683 r65
2207 5667 2219 5680 .

2085 5700 2200 5773 (16)
2229 5692 2615 5771 Ῥοιζουμένῳ.
2649 5697 2811 5757 Colb.
2846 5696 2903 5769 k,
2938 5692 3261 5775 ῥοιζομὲνῳ.

3307 5822 3388 5887 23
3560 5804 3703 5895 ,τε
