4244 6216
542 346 545 351 .
596 300 712 361 ’115

1842 302 1908 360 S.
1954 292 2325 361 GREGOBII
2368 298 2760 364 THEOLOGI

3881 306 3994 370 716

594 432 900 489 veritatem
920 431 978 487 in
997 430 1293 504 figmentis
1316 430 1609 488 indicans:
1628 433 1669 487 l
1685 433 1782 488 74
1800 432 2203 503 verum,quibu

2315 437 2648 501 ⁵’τηνικαῦτα
2704 432 3098 508 κολαζόμενος,
3155 436 3246 491 καὶ
3291 436 3364 498 ὡς
3410 436 3554 492 πολὺ
3596 437 3801 494 τούτων
3832 440 3991 515 χαλε-

594 525 720 575 tum
737 523 794 575 et
810 519 1046 591 quantis
1066 518 1256 591 pmnis
1273 518 2242 593 afficiatur,videbimus,quamque

592 608 685 664 his
714 607 1080 681 gravioribus
1111 613 1169 665 et
1197 608 1618 681 acerbioribus,
1639 610 1931 683 siquidem
1954 610 2240 668 scelerum

592 696 991 768 magnitudini
1022 696 1275 755 ultiones
1306 703 1361 754 et
1387 698 1676 771 supplicia
1706 700 2075 772 respondent.

661 785 906 842 XXXIX.
942 787 1057 843 Hoc
1098 787 1200 843 tiei
1230 804 1334 860 pro
1366 788 1511 860 pede
1558 789 1636 845 sit
1680 788 1968 860 hospitale
1999 806 2238 860 munus,

584 874 672 929 vir
692 874 932 947 optime,
947 881 1004 932 et
1024 876 1423 949 sagacissime,
1440 881 1505 933 ut
1524 881 1580 933 te
1603 877 1720 934 tuis
1737 876 1927 933 verbis
1948 877 2233 949 alloquar.

586 963 719 1018 Haec
751 981 881 1032 nos,
904 965 1006 1036 qui
1032 982 1135 1037 per
1164 982 1438 1039 magnam
1484 971 1542 1022 et
1590 966 1997 1023 admirandam
2045 967 2234 1039 legem

582 1056 747 1109 tuam
780 1072 814 1110 a
842 1055 1217 1112 sermonibus
1257 1060 1433 1128 atque
1464 1054 1674 1112 litteris
1720 1055 1941 1113 exclusi
1988 1056 2230 1113 fuimus.

582 1142 836 1199 Videsne
882 1146 1007 1216 jam
1041 1145 1193 1217 quod
1228 1162 1344 1201 non
1383 1146 1649 1201 futurum
1679 1154 1801 1202 erat
1847 1151 1911 1201 ut
1954 1150 2232 1219 perpetuo

581 1236 932 1305 taceremus,
956 1251 1063 1290 nec
1089 1250 1192 1307 per
1212 1235 1445 1291 decreta
1464 1241 1566 1291 tua
1585 1235 1956 1294 sermonibus
1983 1253 2049 1292 ac
2076 1234 2233 1291 litte-

581 1321 664 1378 ris
696 1322 1104 1395 multaremur,
1132 1325 1234 1380 sed
1264 1323 1509 1381 liberam
1540 1325 1780 1381 tandem
1812 1341 2011 1381 vocem
2043 1326 2234 1383 mitte-

582 1427 802 1484 remus,
837 1429 965 1484 quaa
998 1412 1381 1470 stoliditatem
1429 1418 1592 1470 tuam
1622 1414 1942 1470 refutaret?
1971 1415 2044 1472 Ut
2072 1418 2230 1473 enim

580 1516 687 1557 nec
718 1505 1021 1559 cataractae
1043 1501 1155 1557 Nili
1187 1503 1260 1559 ab
1280 1502 1574 1575 Ethiopia
1608 1503 1669 1559 in
1694 1504 2012 1577 Egyptum
2047 1507 2228 1563 caden

579 1594 687 1660 tes,
722 1591 844 1647 ulla
890 1596 1013 1648 arte
1060 1592 1312 1649 inhiberi
1350 1597 1619 1665 possunt,
1653 1608 1759 1649 nec
1811 1592 1954 1649 solis
2001 1594 2229 1652 radius-

576 1680 812 1736 tametsi
832 1681 988 1737 nube
1009 1681 1433 1753 aliquantisper
1453 1682 1777 1738 obducatur
1801 1699 1815 1750 ;
1837 1681 1920 1739 sic
1942 1699 2047 1739 nec
2064 1684 2221 1755 Chri,

2350 522 2641 597 πωτὲροις,
2677 518 2823 598 εἴπερ
2872 524 3009 600 πρὸς
3068 523 3259 601 μέτρον
3309 530 3415 580 τῶν
3460 528 3910 603 ἁμαρτανομένων
3942 531 3991 583 ut

2347 610 2514 673 τίσεις
2544 614 2633 666 καὶ
2663 610 2957 676 ἀντιδόσεις
2987 616 3120 689 (17).

2421 796 2539 847 ΛΘ’.
2572 791 2739 845 Τοῦτό
2769 813 2853 846 τοι
2884 790 2998 846 ἀντὶ
3056 790 3225 854 ποδὸς
3276 793 3502 864 ξεινήϊον
3560 796 3695 869 (18),
3740 796 3783 850 ὦ
3826 795 3987 869 λῷστε

2345 878 2434 933 καὶ
2468 882 2817 949 συνετώτατε,
2845 880 2935 935 ’ίνα
2984 903 3041 936 σε
3088 881 3367 958 προσείπω
3412 888 3530 945 τοῖς
3559 889 3679 946 σοῖς
3702 903 3715 917 ⁶
3746 890 3909 940 ταῦτα
3936 889 3984 942 οἱ

2343 973 2449 1023 τῶν
2486 966 2661 1045 λόγων
2693 970 3135 1033 ἀποκλεισθέντες
3172 973 3363 1044 ἡμεῖς,
3411 973 3546 1027 κατὰ
3584 974 3684 1042 τὴν
3745 973 3983 1049 μεγάλην

2342 1057 2432 1111 καὶ
2490 1060 2799 1133 θαυμαστήν
2853 1082 2947 1115 σου
2995 1059 3334 1133 νομοθεσίαν.
3390 1061 3567 1131 Ὁρᾷς,
3628 1062 3706 1124 ὡς
3758 1062 3857 1117 οὐκ
3911 1064 3983 1127 εἷς

2340 1145 2499 1209 τέλος
2535 1146 2839 1221 ἐμέλλομεν
2874 1151 3257 1221 σιωπήσεσθαι,
3292 1147 3417 1204 οὐδὲ
3461 1148 3686 1225 ἀλογίαν
3742 1154 3854 1227 (49)
3895 1174 3986 1207 x1-

2339 1236 2752 1311 τακριθήσίσθαι
2805 1243 2921 1300 τοῖς
2968 1242 3082 1299 σοῖς
3134 1235 3421 1312 δόγμασιν,
3472 1236 3618 1294 ἀλλά
3661 1238 3840 1314 ῥήξειν

2341 1326 2525 1402 φωνὴν
2560 1322 2839 1402 ἐλευθέραν
2888 1328 3023 1399 (21),
3068 1325 3158 1380 καὶ
3206 1333 3305 1395 τῆς
3357 1333 3457 1396 σῆς
3505 1326 3825 1402 ἐλεγκτικὴν
3856 1329 3987 1385 ἀλο-

2339 1413 2498 1487 γίας;
2535 1411 2667 1468 Οὔτε
2694 1413 2822 1476 τοὺς
2849 1411 3132 1487 Νειλῴους
3166 1417 3278 1487 (22)
3323 1414 3690 1492 καταρράκτας
3740 1416 3981 1493 ἱπισχεῖν

2342 1505 2565 1577 μηχανή
2600 1524 2707 1575 τις,
2730 1502 2857 1565 τοὺς
2889 1503 2980 1557 ἀπ’
3010 1503 3302 1565 Αἰθιοπίας
3348 1505 3480 1580 ύπὶρ
3540 1504 3821 1580 Αἰγύπτου

2335 1591 2651 1663 πίπτοντας,
2683 1592 2807 1647 οὑτε
2834 1590 3070 1661 ἡλιακὴν
3123 1592 3331 1663 ἀκτῖνα,
3381 1593 3475 1647 κᾶν
3521 1595 3657 1669 πρὸς
3689 1593 3877 1671 ὀλίγον
3907 1596 3985 1651 νέ-

2334 1701 2419 1758 φει
2449 1679 2789 1752 καλύπτηται
2816 1700 2829 1713 θ
2883 1679 3007 1736 οὔτε
3043 1682 3379 1757 Χριστιανῶν
3426 1679 3676 1756 γλῶσσαν
3729 1682 3979 1767 πεδῆσαι,

574 1770 906 1826 stianorum
935 1770 1139 1843 lingua
1157 1771 1488 1843 przepediri,
1512 1788 1584 1827 ne
1610 1788 1702 1827 res
1724 1782 1947 1827 vestras
1977 1772 2203 1830 insecta

2333 1771 2400 1824 τὰ
2449 1771 2680 1846 ὑμέτερα
2729 1768 3173 1840 στηλιτεύουσαν.
3219 1773 3395 1825 Ταῦτά
3442 1793 3524 1826 σοι
3570 1772 3849 1835 Βασίλειος
3890 1774 3979 1829 καὶ

573 1864 671 1914 tur
700 1864 873 1931 atque
903 1861 1193 1916 traducat.
1217 1860 1348 1916 Hac
1376 1860 1482 1915 tibi
1522 1859 1776 1917 Basilius
1806 1866 1863 1917 et
1888 1864 2225 1935 Gregorius,

574 1952 820 2005 conatus
850 1949 937 2005 tui
968 1948 1288 2006 adversarii
1319 1949 1581 2021 artisque
1611 1948 1827 2020 aemuli,
1853 1952 2227 2022 quemadmo-

574 2038 714 2092 dum
747 2043 804 2093 et
834 2038 959 2111 ipse
1002 2038 1402 2105 arbitrabaris,
1436 2042 1493 2093 et
1524 2037 1655 2094 aliis
1686 2039 2099 2110 persuadebas,
2124 2057 2226 2112 per

572 2144 640 2183 ea
660 2144 789 2198 quis
826 2127 1169 2196 minaberis,
1203 2144 1309 2184 nos
1340 2144 1579 2199 ornans,
1602 2128 1913 2200 acriusque
1942 2129 2013 2184 ad
2043 2128 2224 2201 pieta-

569 2220 688 2273 tem
718 2233 956 2285 acuens,
991 2233 1139 2291 quos
1184 2232 1320 2273 cum
1352 2223 1409 2273 et
1435 2216 1574 2286 vita,
1605 2222 1663 2273 et
1693 2233 1981 2283 sermone,
2003 2220 2060 2273 et
2089 2234 2221 2274 mu-

562 2309 665 2361 tua
694 2306 1006 2363 concordia
1035 2305 1224 2362 claros
1253 2310 1312 2362 et
1341 2305 1597 2362 celebres
1628 2306 1747 2377 iam
1776 2306 1913 2362 inde
1943 2323 1978 2362 a
1997 2306 2217 2363 Graecia

559 2411 688 2451 esse
741 2412 968 2465 nosses,
1015 2394 1317 2468 Cyclopico
1366 2395 1586 2451 honore
1642 2394 1939 2451 afﬁciebas
1988 2401 2213 2467 postre-

557 2501 806 2557 mosque
838 2487 909 2542 ad
960 2484 1428 2556 persecutionem
1479 2484 1841 2553 reservabas,
1873 2500 1938 2540 ac
1967 2485 2210 2541 fortasse

555 2578 838 2645 tanquam
878 2571 1241 2645 triumphale
1273 2572 1569 2643 quoddam
1613 2572 1819 2644 ingens
1851 2578 1907 2628 et
1937 2573 2206 2645 magniﬁ-

554 2679 689 2718 cum
720 2679 943 2718 munus
971 2661 1341 2717 daemonibus
1371 2660 1757 2732 excogitabas,
1789 2662 1838 2716 si
1870 2666 1927 2717 te
1958 2680 1992 2717 a
2022 2663 2205 2719 Persi-

553 2752 624 2807 de
654 2751 996 2807 redeuntem
1017 2750 1404 2823 excepissent,
1429 2755 1531 2806 aut
1555 2749 1730 2806 etiam
1751 2751 1822 2806 ad
1854 2751 2199 2810 barathrum

549 2844 720 2896 tuum
749 2857 869 2897 una
897 2840 1161 2912 abripere
1181 2841 1481 2913 sperabas,
1504 2838 1770 2913 improbe
1798 2840 1907 2896 hoc
1936 2840 2043 2896 tibi
2074 2842 2196 2914 opi-

549 2931 722 2987 nione
753 2932 1001 3003 ﬁngens.

620 3020 734 3078 XL.
766 3021 965 3093 Neque
996 3020 1153 3077 enim
1193 3019 1659 3077 adolescentibus
1704 3019 1821 3077 illis
1868 3020 2194 3093 ignaviores

2338 1860 2654 1935 Γρηγόριος,
2689 1861 2741 1913 oi
2771 1866 2868 1929 τῆς
2919 1865 3015 1928 σῆς
3064 1859 3434 1935 ἐγχειρήσεως
3474 1860 3739 1925 ἀντίθετοι
3767 1864 3856 1916 καὶ
3887 1863 3976 1917 ἆν-

2332 1947 2594 2023 τίτεχνοι,
2628 1949 2700 2009 ὡς
2731 1943 2888 2009 αὐτός
2917 1969 2977 2003 τε
3005 1944 3137 2021 ᾤου,
3182 1948 3271 2002 καὶ
3322 1950 3448 2003 τοὺς
3496 1947 3701 2011 ἄλλους
3753 1949 3976 2021 ἔπειθες,

2333 2037 2717 2111 ἀποσεμνύνων
2768 2040 2915 2111 ἡμᾶς
2973 2039 3055 2099 οἷς
3113 2036 3380 2108 ἠπείλεις,
3438 2038 3527 2092 καὶ
3588 2042 3770 2115 θήγων
3810 2039 3976 2096 πλέον

2330 2127 2465 2202 πρὸς
2513 2129 2613 2196 τὴν
2666 2122 2958 2199 εὐσέϐειαν,
3010 2125 3103 2188 οὕς
3149 2126 3238 2181 καὶ
3301 2126 3427 2201 βίῳ,
3471 2126 3561 2181 καὶ
3594 2126 3763 2203 λόγῳ,
3789 2127 3880 2183 καὶ
3906 2133 3976 2202 τῇ

2327 2215 2461 2291 πρὸς
2493 2213 2774 2285 ἀλλήλους
2808 2213 3038 2288 ὁμονοίᾳ
3066 2220 3398 2293 περιφανεῖς,
3430 2216 3519 2269 καὶ
3558 2217 3872 2292 γνωρίμους
3902 2215 3976 2272 ἔτ’

2325 2304 2431 2359 ἀπὸ
2459 2312 2558 2374 τῆς
2592 2302 2856 2365 Ἑλλάδος
2889 2302 3065 2375 εἰδὼς,
3098 2305 3196 2372 τὴν
3248 2301 3603 2361 Κυκλώπειον
3654 2302 3846 2378 ἐτίμας
3893 2328 3976 2361 τι-

2327 2394 2432 2466 μήν
2461 2396 2595 2467 (24),
2626 2393 2715 2447 καὶ
2743 2391 3084 2453 τελευταίους
3115 2391 3401 2466 ἐταμιεύου
3431 2397 3508 2464 τῷ
3556 2390 3789 2468 διωγμῷ
3837 2396 3971 2469 (25),

2318 2483 2406 2536 καὶ
2431 2479 2602 2558 δῶρον
2655 2480 2915 2537 ἐπινίκιον
2959 2478 3096 2544 τίσως
3149 2480 3387 2544 ἐπενόεις
3436 2483 3550 2555 (26)
3596 2487 3712 2544 τοῖς
3745 2480 3968 2555 δαίμοσι

2320 2572 2457 2646 μέγα
2481 2592 2536 2625 τι
2582 2571 2669 2625 xui
2718 2568 3152 2645 μεγαλοπρεπὲς,
3206 2568 3261 2624 εἷ’
3302 2591 3359 2624 σε
3399 2571 3504 2624 ἀπὸ
3554 2572 3655 2639 τῆς
3704 2570 3970 2647 Περσίδος

2316 2658 2701 2733 ὑποδεξώμεθα
2725 2663 2836 2734 (27)
2868 2660 3233 2730 ἀπανήκοντα,
3265 2661 3301 2728 ἣ
3333 2658 3422 2713 καὶ
3445 2661 3798 2735 συναρπάσειν
3828 2660 3965 2733 πρὸς

2308 2752 2371 2805 τὸ
2404 2751 2492 2805 σὸν
2530 2750 2793 2827 βάραθρον
2825 2747 3086 2823 ἤλπισας,
3120 2754 3299 2812 κακῶς
3328 2748 3597 2824 οἰόμενος.

2375 3020 2463 3076 Μ’.
2499 3017 2575 3076 Οὐ
2633 3017 2735 3093 γὰρ
2794 3015 3159 3093 ἀγεννέστεροι
3217 3020 3325 3070 τῶν
3387 3014 3673 3071 νεανίσκων
3737 3014 3955 3072 ἐκείνων

545 3128 777 3181 sumus,
804 3112 905 3184 qui
936 3111 995 3166 in
1018 3110 1275 3186 ﬂammis
1305 3126 1433 3166 rore
1460 3109 1681 3183 perfusi
1710 3115 1871 3177 sunt,
1893 3115 1950 3167 et
1968 3110 2191 3168 belluas

2315 3111 2486 3182 ἡμεῖς,
2544 3112 2651 3162 τῶν
2712 3106 2762 3161 ἐν
2822 3105 2952 3182 πυρὶ
3004 3104 3386 3181 δροσισθὲντων
3437 3105 3528 3160 καὶ
3571 3108 3737 3180 θῆρας
3794 3128 3952 3178 νικη-

544 3217 645 3272 per
673 3176 849 3257 ﬁdem
877 3181 1161 3271 vicerunt,
1185 3204 1241 3256 et
1269 3216 1403 3256 cum
1443 3176 1577 3255 forti
1620 3204 1825 3267 matre,
1858 3176 1917 3255 et
1965 3200 2188 3256 fortiori

2315 3176 2500 3253 iuvrmv
2562 3196 2622 3251 ἐκ
2686 3176 2939 3268 πίστεως,
3002 3176 3091 3250 καὶ
3154 3196 3320 3271 μητρὶ
3376 3176 3759 3269 γενναίᾳίκαὶ
3820 3176 3955 3271 ἱερεῖ

542 3291 841 3347 sacerdote
870 3289 1049 3347 alacri
1096 3289 1292 3346 animo
1332 3288 1609 3360 periculis
1638 3305 1767 3345 sese
1814 3288 2185 3360 objecerunt;

540 3377 805 3452 illudque
859 3378 1103 3452 planum
1152 3394 1219 3434 ac
1260 3378 1638 3450 perspicuum
1686 3377 1966 3448 iecerunt,
2008 3377 2186 3434 ﬁdem

539 3483 719 3523 unam
749 3484 819 3524 ex
850 3467 1123 3525 omnibus
1162 3468 1338 3522 rebus
1368 3482 1516 3533 esse,
1549 3483 1676 3537 qua:
1727 3465 1890 3521 nulla
1918 3466 1972 3522 vi
2005 3483 2183 3540 expu-

536 3557 703 3629 gnari
728 3561 905 3629 queat
927 3573 940 3613 :
965 3559 1067 3613 aut
1085 3555 1200 3628 his,
1224 3560 1280 3611 te
1306 3554 1650 3627 imperante,
1665 3554 2004 3626 juvenibus,
2030 3559 2071 3612 1
2088 3558 2178 3614 15

534 3662 783 3718 quorum
814 3646 978 3718 alter,
1008 3661 1144 3702 cum
1184 3645 1427 3700 deorum
1470 3647 1707 3701 tuorum
1756 3644 1930 3701 matri
1978 3651 2181 3703 contu-

604 3769 719 3898 (17)
764 3772 880 3824 Τῶν
941 3768 1393 3844 ἁμαρτανομένων
1472 3766 1527 3819 αἱ
1571 3766 1756 3851 ,τίσεις
1814 3768 1903 3822 καὶ
1963 3765 2177 3855 ἀντιδρ-

604 3861 662 3898 ις.
724 3846 783 3898 ta
839 3858 1053 3898 manna
1108 3856 1400 3898 consensu
1457 3840 1704 3896 codices.
1756 3841 1859 3895 Ed.
1913 3842 2036 3897 Par.
2067 3862 2175 3896 των

532 3839 662 3915 σεις.
696 3839 807 3915 lta_
839 3839 1066 3915 magno
1108 3856 1400 3915 consensu
1457 3839 1704 3896 codices.
1756 3841 1859 3915 Ed.
1891 3842 2036 3915 APar.
2067 3846 2175 3915 τῷν

532 3909 973 3987 ἁμαρτανόντωνῖ
1025 3919 1191 3971 Pass.
1241 3909 1503 3981 αἰτήσεις.
1561 3916 1701 3985 Reg.
1761 3912 1821 3981 h,
1880 3909 2177 3967 ἀνταποδό-

531 4004 664 4045 σεις.

603 4057 715 4125 (18)
748 4056 888 4113 Ἀντῖ
918 4052 1084 4117 ποδὸς
1123 4056 1378 4128 ξεινήϊον.
1404 4076 1431 4104 ‹‹
1465 4054 1583 4128 Hoc
1614 4054 1719 4109 tibi
1751 4072 1854 4127 pro
1907 4056 2051 4128 pede
2102 4058 2180 4113 sit

530 4125 820 4198 hospitale
859 4146 1097 4194 munus,
1128 4125 1156 4177 5)
1188 4127 1246 4182 id
1279 4131 1386 4198 est,
1423 4130 1487 4182 ut
1529 4125 1947 4198 interpretatur
1976 4128 2128 4185 Elias
2160 4147 2173 4185 :

532 4217 559 4244 «
595 4195 723 4271 Haec
753 4198 860 4271 tibi
891 4217 925 4255 a
951 4200 1119 4255 nobis
1152 4195 1379 4269 sermo,
1401 4195 1921 4271 atquehea—pmnae,
1956 4216 2056 4271 pro
2087 4218 2173 4271 ea,

531 4282 647 4337 qua
676 4266 735 4341 in
767 4270 1129 4341 Christianos
1160 4286 1306 4325 usus
1347 4266 1429 4339 es,
1464 4266 1803 4325 crudelitate
1836 4266 1917 4326 ac'
1932 4266 2173 4341 saevitia,

526 4341 584 4414 te
615 4338 925 4414 excipient.
947 4364 975 4392 »
1011 4342 1173 4414 Quod
1224 4338 1434 4414 autem;
1467 4341 1630 4414 addit
1662 4341 1975 4414 Gregorius
2011 4360 2023 4399 :
2055 4363 2076 4391 α
2111 4338 2177 4399 ut

2297 3286 2651 3364 γενναιοτὲρῳ
2708 3284 3007 3361 προθύμως
3057 3281 3614 3358 συγκινδυνευσάντων
3667 3286 3803 3356 (28),
3860 3288 3952 3338 καὶ

2299 3375 2605 3447 δειξάντων,
2665 3374 2747 3429 ὅτι
2812 3373 2975 3447 μόνον
3032 3377 3140 3427 τῶν
3192 3374 3436 3427 ἁπάντων
3494 3371 3674 3434 πίστις
3733 3372 3949 3427 ἀνάΑωο

2294 3487 2386 3522 τον
2418 3468 2566 3538 (29)⁶
2600 3465 2634 3533 ἢ
2683 3462 2889 3518 τούτων
2942 3459 3008 3531 δὴ
3054 3466 3162 3517 τῶν
3214 3460 3302 3516 ἐπὶ
3351 3466 3446 3516 σοῦ
3493 3461 3776 3516 νεανίσκων
3810 3464 3947 3534 (30),

2297 3557 2369 3610 ὧν
2403 3556 2430 3610 ὁ
2466 3555 2559 3628 μὲν
2608 3554 2706 3623 τήν
2752 3552 2961 3628 μητέρα
3004 3555 3111 3606 τῶν
3162 3555 3267 3605 σῶν
3308 3552 3440 3605 θεῶν
3474 3545 3822 3626 καθυϐρίσας,
3856 3551 3948 3604 καὶ

2298 3644 2484 3721 βωμὸν
2542 3641 2877 3719 διασπείρας,
2933 3641 3229 3717 προσήχθη
3297 3641 3389 3714 μὲν
3450 3639 3526 3702 ὡς
3599 3639 3943 3713 κατάκριτος,

2288 3771 2472 3896 λ(22)
2527 3764 2827 3839 Νειλῴους.
2907 3767 3095 3838 Pass.,
3162 3762 3435 3836 Νιλῴους.
3518 3764 3741 3834 Heins.,
3819 3765 3946 3819 Νεί-

2328 3862 2411 3896 ου.

2328 3862 2411 3898 ου.

2359 3914 2471 3983 (23)
2512 3908 2980 3986 Δρῖγύπτορηῖὶθε.
3014 3926 3067 3975 a,
3086 3905 3378 3986 (Αἰγύπτῳ,

2498 3977 2605 4051 Τήν
2644 3977 3022 4065 Κυκλεώπιιῦνἰ
3043 3977 3207 4065 e_tc.j
3240 3977 3541 4065 Cyelopico
3591 3977 3811 4065 honore
3843 3979 3932 4065 af:

2287 4049 2621 4111 ficieb'asa-
2682 4051 2926 4126 CyCIOps
2983 4049 3429 4126 l}_olyphemus_,i
3463 4054 3534 4126 ut
3590 4049 3785 4105 videre
3844 4057 3936 4106 est

2287 4128 2473 4197 Odyss.
2509 4144 2584 4193 1x,
2635 4120 2786 4181 vers.
2832 4120 2957 4193 366,
2990 4120 3181 4197 Ulyssi
3228 4120 3516 4197 hospitale
3560 4136 3783 4176 munus
3835 4139 3935 4197 pq-

2286 4193 2490 4264 scénti,
2526 4197 2681 4270 quod
2727 4193 3080 4270 promiserat
3100 4212 3203 4267 pro
3233 4193 3392 4270 dulci
3436 4193 3594 4258 vino,
3627 4194 3938 4270 respondit

2285 4288 2346 4326 se
2386 4270 2436 4325 ei
2478 4265 2581 4325 ho'c
2630 4265 2918 4340 hospitale
2973 4265 3191 4322 munus
3249 4265 3550 4331 daturum,
3582 4265 3737 4337 quod
3793 4281 3935 4320 eum

2285 4347 2647 4414 postremum
2678 4340 2943 4395 omnium
2976 4340 3321 4396 comederet.

526 4411 584 4464 te
612 4409 962 4501 tLuis‘veqbis
1011 4413 1297 4501 alloquar,
1320 4433 1349 4461 »
1384 4411 1600 4467 idcirco
1647 4409 2007 4501 dixnignquod‘
2048 4414 2170 4501 haec
2199 4422 2203 4484 ζ

2315 4427 2457 4501 ιῦτινξ
2488 4427 2599 4501 ἐγω
2626 4426 2870 4501 πύματον
2898 4422 3091 4501 ἔδομαι
3125 4425 3257 4501 μετὰ
3283 4424 3361 4501 οἶς
3390 4424 3648 4501 ἑτάροισι,

520 4480 711 4558 verba
744 4482 1125 4558 ex__Homero_,
1144 4480 1356 4553 'Odyss.
1384 4499 1524 4558 xxxx,
1553 4500 1706 4558 vers.
1736 4480 2016 4558 290,‘sint
2063 4488 2161 4543 de-

519 4557 777 4636 sumpta.
814 4553 974 4636 Unus
1020 4555 1176 4609 enim
1207 4570 1238 4609 e
1271 4554 1459 4636 procis
1493 4553 2164 4636 Penelop‘es,fCtesi_ppus

518 4625 778 4697 nomine,
818 4625 1075 4697 Ulyssem
1126 4628 1526 4696 paupertatem
1572 4625 1949 4685 simulantem
1999 4625 2161 4688 Bovis

559 4695 663 4774 ede
693 4695 1139 4774 percusserat;
1182 4711 1335 4774 cum
1376 4711 1507 4774 vero
1567 4697 1725 4774 proci
1782 4701 2161 4774 caederentur,

566 4766 739 4837 lyssis
771 4768 1064 4825 bubulcus
1094 4767 1252 4822 hunc
1280 4766 1618 4837 Ctesippum
1650 4768 1830 4823 hastae
1862 4771 1983 4827 ictu
2012 4766 2160 4831 inte;

514 4837 707 4906 remit,
743 4838 832 4896 his
862 4856 996 4896 eum
1021 4839 1211 4895 verbis
1241 4837 1599 4908 compellans
1634 4854 1647 4893 :

509 4924 683 4996 Τοῦτό
714 4946 800 4981 τοι
830 4927 945 4982 ἀντί
978 4924 1145 4988 ποδὸς
1178 4926 1434 4996 ξεινήϊον,
1465 4923 1521 4979 ὅν
1554 4926 1674 4979 ποτ’
1705 4921 1909 4991 ἔδωκας

508 4994 766 5070 Ἀντιθέῳ
797 4996 1048 5068 Ὀδνσσῆϊ
1076 4994 1361 5071 δόμὸνκατ⁹
1389 4995 1730 5068 ἀλητεύοντι.

580 5086 687 5143 Hoc
716 5088 826 5145 tibi
859 5106 967 5162 pro
1004 5090 1141 5162 pede
1170 5086 1449 5159 hospitale
1497 5105 1716 5160 munus,
1768 5108 1930 5163 quem
1984 5110 2158 5163 nuper

571 5228 772 5286 Divina
805 5232 986 5304 Ulyssi
1012 5232 1161 5287 domi
1186 5246 1300 5287 suae
1330 5230 1688 5287 mendicanti.
1866 5165 2085 5236 [demat

2268 4502 2401 4563 Τοὺς
2433 4498 2477 4555 δ’
2511 4492 2717 4560 ἄλλους
2748 4492 3014 4573 πρόσθενί
3045 4492 3197 4554 τὸθὲ
3223 4518 3311 4552 τοι
3345 4492 3576 4569 ξεινήϊον
3608 4492 3778 4551 ἔσται.

2339 4592 2623 4650 Neminem
2669 4589 2749 4661 (id
2798 4594 2887 4647 est
2924 4589 3211 4663 Ulyssem)
3260 4603 3353 4667 ego
3408 4590 3717 4667 esti-cntum
3759 4584 3927 4667 edam

3329 4661 3477 4729 [post
3504 4672 3628 4712 suos
3656 4661 3852 4727 socios,

2344 4736 2497 4790 Alios
2522 4748 2647 4789 vero
2675 4734 2833 4805 prius
2862 4750 2881 4787 :
2912 4733 3009 4789 hoc
3036 4733 3147 4789 tibi
3175 4732 3440 4803 hospitale
3466 4743 3668 4783 munus
3694 4730 3831 4783 erit.

2343 4824 2453 4895 (25)
2485 4823 2744 4892 Διωγμῷ.
2778 4820 3002 4895 Yocem_
3026 4820 3181 4895 hanc
3228 4816 3600 4895 restituitque
3648 4816 3921 4895 codicum

2270 4883 2531 4950 omnium
2584 4883 2945 4963 auctoritate.
2973 4892 3182 4948 Billius
3228 4891 3386 4963 legit,
3421 4883 3675 4957 κινδύνῳ,
3706 4893 3764 4943 et
3793 4903 3924 4943 ver-

2270 4968 2340 5022 tit
2372 4982 2384 5021 :
2415 4987 2441 5016 «
2473 4965 2543 5020 ad
2578 4962 2924 5035 periculum.
2948 4986 2977 5014 »

2358 5039 2449 5108 26)
2482 5031 2770 5108 Ἐπὶνόεις.
2802 5036 2960 5108 Alter
2990 5035 3190 5104 codex,
3224 5031 3497 5108 ἐνενόεις..

2358 5044 2449 5108 26)
2482 5044 2770 5095 Ἐπενόεις.
2802 5044 2960 5091 Alter
2990 5044 3190 5104 codex,
3224 5044 3497 5092 ἐνενόεις..

2336 5044 2448 5232 (27)
2479 5103 2905 5178 Ὑποδεξώμεθα.
2939 5107 3063 5162 Duo
3108 5107 3304 5178 Regg.,
3337 5112 3403 5186 e_t_
3436 5103 3529 5159 0r.
3566 5102 3618 5165 1,
3651 5094 3913 5169 ὑποδεξὰ-

2369 5200 2420 5232 α.
2489 5178 2758 5232 Ouidam.
2827 5175 3214 5232 ὑποδεξόμεθα.
3295 5174 3436 5232 Alli.
3523 5167 3913 5232 ὑποδέξωνται.

2268 5167 2443 5252 μεθαί
2489 5167 2763 5252 Quidam;
2827 5167 3436 5252 ύποδεξόμεθαξυᾈιὶἱ,
3523 5167 3913 5252 ὑποδέξωνται,

2264 5242 2291 5303 ἱ‹
2325 5253 2619 5307 daemones
2647 5273 2674 5301 ››
2709 5242 3021 5306 nimirum:
3042 5242 3177 5317 Quae
3210 5248 3398 5317 lectio,
3425 5242 3608 5317 quam
3639 5242 3914 5313 sequitur

497 5331 629 5386 qua:
658 5319 835 5400 verba
883 5321 1157 5400 videntur
1207 5336 1240 5375 a
1289 5317 1564 5400 Gregorio
1616 5326 1914 5400 usurpata,
1966 5325 2154 5381 instar
2261 5325 2568 5400 interpres,
2600 5322 2745 5400 satis
2771 5322 3098 5400 commoda.
3134 5396 3167 5400 _
3652 5380 3677 5400 ἢ

494 5390 943 5469 pro‘vAerbijhpr-o
976 5414 1003 5441 ‹‹
1031 5390 1451 5469 malummalo
1484 5390 1818 5469 rependere.
1843 5416 1871 5443 »
1901 5390 1910 5394 ’

2493 5390 3077 5469 Συγκινδυνευσάντων.
3133 5396 3275 5465 Reg.
3335 5408 3402 5459 a,
3460 5390 3910 5463 συγκινδυνεύον-

562 5459 675 5535 (ιε)
707 5460 792 5535 ea
820 5459 857 5515 ξ
877 5459 1129 5535 ἀλογίαν.
1165 5462 1367 5535 Billius
1407 5478 1470 5522 :«
1503 5459 1756 5518 silentio.
1780 5484 1807 5516 ι.
2256 5459 2386 5520 των.

581 5532 673 5609 ξφ)
700 5532 930 5609 ῘΡῇξεειο
963 5532 1143 5609 Oxon.
1185 5532 1362 5609 βῆξαι.
1785 5606 1795 5609 -
1874 5606 1914 5609 --

2328 5537 2440 5609 (29)
2471 5533 2803 5609 Ἀνάλωτον.
2838 5537 2975 5609 Reg.
3006 5554 3061 5606 a,
3090 5532 3391 5609 ἀνάλωτος.

573 5596 1038 5681 21)]Εζὶςξυθὲραν.
1090 5596 1193 5663 Sic'
1242 5596 1389 5662 mss.
1452 5620 1568 5661 non
1628 5606 1819 5677 pauci.
1870 5606 2036 5668 Herv.
2091 5614 2149 5667 et

2326 5596 2439 5681 (30)
2470 5607 2795 5681 Νεανίσκων.
2822 5596 3205 5681 βίουςυίἰιηυθ
3234 5608 3401 5681 Reg.,_
3429 5601 3589 5659 Colb.
3622 5602 3680 5664 li,
3852 5597 3910 5665 1.

485 5670 617 5733 Par.
654 5670 979 5756 ἐλευθέριον.
1629 5670 1647 5677 ’

2332 5670 2483 5738 Ἐάν.
2514 5679 2576 5739 in
2626 5680 2768 5754 Reg.
2818 5680 2876 5754 b,
2925 5670 3015 5759 γρ.
3062 5670 3542 5753 νεάνιιυσαῖμὲνων,
3588 5670 3746 5746 quod
3805 5685 3911 5727 se-
