4244 6216
448 416 568 477 723

1690 404 1753 463 S.
1803 402 2173 465 GREGORII
2219 403 2615 467 THEOLOGI

3743 405 3871 466 724

440 545 764 621 suspirium
795 559 862 598 ex
884 541 1001 597 imo
1028 553 1522 610 manans,pernox
1553 537 1749 606 statio,
1774 536 1991 592 mentis
2029 536 2101 590 ad

2214 532 2554 608 ἐπιτιμήσεις
2599 538 2734 611 (58),
2792 537 3092 612 στεναγμὸς
3153 535 3211 592 ἐκ
3285 535 3480 613 βάθους
3540 532 3870 610 ἀναπεμπό-

442 639 631 696 Deum
680 629 1091 705 peregrinatio,
1152 626 1348 684 tenuis
1396 627 1548 682 inter
1595 627 1882 681 orandum
1929 625 2100 681 ﬂetus

443 723 812 784 audientium
862 718 1087 774 animos
1141 718 1212 773 ad
1262 716 1773 788 compunctionem
1824 715 2097 782 incitans,

438 812 778 887 psallentes,
812 808 911 863 Dei
943 806 1188 879 gloriam
1221 805 1600 875 celebrantes,
1635 804 1821 876 legem
1867 800 2100 859 Domini

438 902 540 958 diu
597 902 893 969 noctuque
951 895 1303 951 meditantes
1338 895 1403 964 9°,
1457 893 1837 949 exultationes
1894 893 1994 948 Dei
2038 893 2097 947 in

439 988 778 1064 gutturibus
801 987 846 1022 ²ι
879 986 1169 1041 ferentes:
1222 988 1398 1055 atque
1426 983 1549 1038 haec
1593 982 1766 1038 etiam
1811 981 1940 1036 vita:
1983 983 2099 1037 Deo

439 1080 616 1151 gratis
650 1074 895 1148 pulchra
915 1073 1131 1128 indicia
1161 1077 1219 1128 et
1240 1074 1606 1144 argumenta,
1628 1070 1910 1142 tacitique
1947 1088 2097 1143 prae-

440 1183 638 1231 oones,
672 1162 908 1220 sordida
951 1161 1230 1217 nimirum
1262 1166 1320 1217 et
1367 1158 1637 1232 squalida
1677 1176 1861 1231 coma,
1919 1160 2097 1231 pedes

440 1254 609 1320 nudi,
657 1258 715 1309 et
750 1250 1103 1324 apostolicos
1146 1250 1471 1314 imitantes,
1496 1248 1643 1304 nihil
1676 1252 1973 1304 mortuum
2014 1249 2093 1304 fe-

442 1348 664 1410 rentes,
699 1345 836 1413 apta
877 1345 934 1396 et
970 1340 1272 1395 moderata
1300 1344 1563 1405 tonsura,
1598 1337 1849 1393 amictus
1880 1338 2096 1393 fastum

441 1432 765 1504 castigans,
797 1446 943 1486 zona
974 1430 1047 1484 ob
1094 1427 1507 1501 inelegantiam
1547 1427 1802 1500 elegans,
1837 1426 2098 1483 tunicam

442 1522 719 1580 nonnihil
752 1522 1133 1595 restringens,
1166 1522 1249 1576 ita
1281 1524 1344 1576 ut
1375 1520 1726 1593 restringere
1759 1518 2002 1574 minime
2023 1518 2099 1574 vi-

442 1613 675 1677 deatur,
720 1627 961 1683 gressus
1007 1613 1304 1676 constans,
1348 1608 1555 1665 oculus
1605 1607 1848 1663 minime
1894 1624 2096 1680 vagus,

458 1702 732 1757 subrisus
750 1701 1027 1765 blandus,
1047 1699 1134 1754 vel
1159 1699 1353 1771 potius
1375 1697 1729 1754 subrisionis
1758 1701 1954 1752 motus
1977 1698 2103 1769 qui-

451 1792 586 1846 dam
620 1790 775 1845 risus
810 1787 1193 1861 petulantiam
1226 1787 1540 1859 castigans,
1576 1802 1768 1843 sermo
1800 1804 1834 1841 a
1880 1787 2101 1841 ratione

2216 644 2397 697 μενος,
2458 626 2637 688 στάσις
2690 628 2989 703 πάννυχος,
3046 623 3142 680 νοῦ
3219 626 3359 702 πρὸς
3418 627 3546 682 Θεὸν
3606 622 3871 701 ἐκδημία,

2212 720 2407 788 θρῆνος
2465 714 2515 770 ἐν
2577 713 2754 786 δεήσει
2811 714 3032 784 λεπτὸς,
3091 716 3374 793 φάρμακον
3431 720 3546 776 τοῖς
3604 716 3863 771 ἀκούουσι

2211 804 2563 876 κοτανύξεως,
2624 805 2675 858 οἱ
2724 802 3044 878 ψάλλοντες,
3093 805 3143 857 οἱ
3195 802 3524 876 δοξάζοντες,
3586 805 3636 857 οἳ
3700 804 3872 877 μελε-

2211 896 2411 954 τῶντες
2457 894 2552 947 τὸν
2609 888 2776 966 νόμον
2831 892 3029 968 Κυρίου
3072 894 3285 968 ἡμέρας
3328 892 3418 947 καὶ
3447 893 3658 960 νυκτὸς,
3690 895 3743 948 οἱ
3772 895 3873 956 τάς

2215 980 2445 1053 bonum
2492 986 2586 1035 τοῦ
2634 986 2768 1036 Θεοῦ
2816 980 2869 1036 ἐν
2909 986 3025 1042 τοῖς
3069 979 3291 1057 λάρυγξι
3325 980 3593 1059 φέροντεςο
3625 982 3715 1037 καὶ
3740 987 3875 1038 ταῦ-

2212 1090 2277 1123 τα
2306 1067 2373 1138 δὴ
2404 1072 2468 1124 τά
2495 1069 2635 1125 καλά
2683 1075 2779 1125 τοῦ
2825 1071 2960 1125 κατά
3007 1072 3134 1125 Θεὸν
3172 1070 3293 1145 βίου
3317 1074 3431 1143 (59)
3463 1072 3876 1146 προγράμματα

2210 1159 2298 1213 καὶ
2351 1160 2660 1232 μηνύματα,
2715 1160 2767 1213 οἱ
2813 1164 3127 1221 σιωπῶντες
3171 1162 3427 1235 κήρυκες,
3479 1160 3752 1235 αὐχμῶσα
3781 1161 3875 1215 καὶ

2213 1248 2411 1323 πιναρά
2456 1246 2628 1321 κόμη,
2678 1243 2842 1309 πόδες
2908 1248 3101 1323 γυμνοῖ
3157 1248 3246 1302 καὶ
3310 1253 3426 1310 τοῖς
3478 1247 3876 1311 ἀποπολικοῖς

2215 1331 2494 1409 ἑπόμενοι,
2547 1335 2716 1410 μηδὲν
2775 1338 2959 1413 νεκρὸν
3011 1337 3283 1414 φέροντες,
3332 1336 3503 1413 κουρᾶ
3539 1337 3875 1412 σύμμετρος,

2212 1420 2482 1501 περιϐολὴ
2587 1426 2752 1504 τύφον
2856 1425 3183 1497 κολάζουσα,
3262 1428 3403 1497 ζώνη
3489 1431 3569 1499 τῷ
3645 1423 3879 1501 ἀκόσμῳ

2213 1517 2415 1590 κοσμία
2442 1519 2574 1592 (60),
2629 1513 2821 1594 μικρόν
2868 1539 2921 1572 τι
2966 1522 3064 1572 τοῦ
3100 1522 3340 1593 χιτῶτος
3370 1518 3875 1591 (61)ἀναστὲλλου-

2213 1629 2297 1680 σα,
2357 1607 2445 1663 καί
2503 1610 2627 1664 ’ὸσον
2682 1611 2758 1682 μή
2837 1609 3206 1679 ἀναστέλλειν,
3282 1608 3522 1686 βάδισμα
3600 1611 3875 1682 εὐσταθὲς,

2215 1696 2499 1775 ὀφθαλμὸς
2550 1697 2610 1752 οὗ
2658 1699 3040 1771 πλανώμενος,
3094 1696 3356 1773 μειδίαμα
3400 1700 3692 1774 προσηνὲς,
3730 1700 3879 1773 μᾶλ-

2216 1786 2310 1842 λον
2344 1783 2402 1841 δὲ
2434 1788 2581 1861 ὁρμὴ
2635 1784 3009 1859 μειδιάματος,
3066 1787 3319 1864 ἀκρασίαν
3370 1787 3612 1863 γέλωτος
3654 1811 3880 1867 σωφρο-

450 1880 772 1951 profectus,
806 1878 1107 1934 silentium
1142 1893 1409 1933 sermone
1430 1876 1823 1948 praastantius,
1848 1874 2103 1931 laudatio

2214 1875 2452 1945 νίζουσα,
2513 1870 2679 1949 λόγος
2737 1880 2816 1947 τῷ
2871 1872 3023 1952 λὸγῳ
3074 1875 3409 1949 κινούμενος,
3469 1879 3652 1945 σιωπὴ
3702 1875 3881 1953 λὸγου

450 1986 477 2024 s
501 1968 588 2024 ale
617 1968 872 2034 condita,
904 1984 1020 2023 non
1050 1968 1119 2023 ad
1153 1965 1471 2023 blanditias
1493 1969 1849 2036 comparata,
1891 1965 1987 2021 sed
2032 1966 2105 2019 ad

454 2055 699 2111 meliora
742 2054 1019 2126 dirigens,
1054 2054 1380 2125 objurgatio
1412 2052 1745 2109 laudatione
1774 2052 2104 2125 optabilior,

449 2144 662 2199 modus
705 2142 962 2200 tristitiae
990 2148 1047 2199 et
1095 2143 1427 2199 animorum
1482 2142 1878 2213 relaxationis,
1931 2146 2104 2209 atque

450 2233 758 2304 utriusque
790 2232 1095 2304 permistio
1126 2237 1184 2288 et
1203 2236 1732 2305 temperamentum
1762 2249 1775 2300 ;
1828 2230 2106 2289 mollities

455 2320 816 2390 fortitudine,
850 2321 1165 2378 austeritas
1193 2321 1543 2377 verecundia
1569 2325 1894 2392 temperata
1913 2320 1996 2376 sic
2018 2326 2101 2389 ut,

449 2415 659 2467 neutra
687 2412 758 2466 ab
782 2409 1239 2479 alteralaadatur,
1264 2412 1365 2467 sed
1389 2415 1636 2483 utraque
1658 2409 1896 2466 alterius
1929 2425 2106 2483 Opera

451 2500 687 2556 laudem
708 2503 1132 2571 consequatur;
1159 2500 1370 2556 modus
1392 2503 1519 2555 tum
1534 2499 1592 2553 in
1612 2515 1924 2555 commune
1936 2499 2103 2571 prod-

451 2588 649 2655 eundi,
702 2592 829 2643 tum
864 2587 1193 2656 secedendi,
1230 2586 1373 2642 illud
1407 2588 1478 2643 ad
1512 2586 1657 2642 alios
1687 2586 2099 2655 instituendos,

452 2678 560 2732 hoc
592 2682 653 2732 ut
673 2675 786 2747 ipsi
811 2674 1065 2747 Spiritus
1088 2675 1383 2747 mysteriis
1408 2676 1752 2731 imbuantur
1775 2693 1788 2743 ;
1815 2680 1991 2747 atque
2021 2676 2105 2731 ita

457 2774 793 2837 utrumque,
827 2768 911 2835 ut,
945 2767 1002 2819 et
1032 2764 1090 2819 in
1114 2763 1410 2819 communi
1433 2762 1836 2830 solitudinem,
1859 2763 1985 2819 etin
2011 2781 2100 2820 so-

466 2853 713 2909 litudine
735 2853 1048 2909 fraternam
1062 2851 1523 2909 benevolentiam
1544 2857 1600 2908 et
1623 2851 1964 2909 charitatem
1983 2871 2103 2910 ser-

462 2947 634 3009 vent;
669 2946 745 3014 et,
779 2958 906 3015 quea
940 2942 1130 2998 adhuc
1160 2941 1387 3013 majora
1450 2946 1507 2997 et
1553 2941 1900 2998 sublimoria
1945 2948 2105 3011 sunt,

463 3049 603 3104 opes
661 3032 718 3087 in
761 3037 1117 3104 paupertate,
1174 3031 1467 3103 possessio
1518 3032 1579 3087 in
1622 3031 2106 3105 peregrinatione,

461 3120 648 3194 gloria
675 3120 735 3175 in
758 3124 1117 3193 contemptu,
1152 3121 1411 3191 potentia
1432 3121 1491 3175 in
1524 3120 1891 3189 infirmitate,
1918 3121 2111 3177 fecun-

460 3210 689 3266 ditasin
721 3209 986 3265 caelibatu
1021 3209 1330 3280 (siquidem
1375 3211 1812 3281 praestantiores
1836 3211 1986 3266 fetus
2024 3209 2109 3265 illi

459 3303 619 3369 sunt,
648 3299 746 3371 qui
782 3299 1108 3354 secundum
1143 3300 1323 3353 Deum
1354 3299 1667 3365 exsistunt,
1719 3315 1897 3369 quam
1939 3299 2037 3370 qui
2080 3317 2115 3354 a

457 3404 633 3443 carne
662 3392 856 3442 ortum
895 3387 1177 3455 ducunt):
1212 3386 1313 3458 qui
1363 3386 1575 3442 diliciis
1607 3387 1851 3443 minime
1878 3389 2114 3443 studere

457 3494 560 3549 pro
585 3476 737 3532 180
784 3474 1009 3531 deliciis
1039 3476 1278 3541 habent,
1323 3476 1424 3548 qui
1474 3476 1638 3549 regni
1684 3475 1904 3532 caelesti
1935 3495 2113 3533 causa

458 3564 713 3621 humiles
746 3568 907 3630 sunt,
941 3564 1041 3635 qui
1073 3564 1133 3619 in
1166 3565 1388 3620 mundo
1412 3564 1557 3619 nihil
1593 3565 1830 3633 habent,
1853 3570 1911 3621 et
1932 3583 2114 3638 supra

459 3654 749 3708 mundum
771 3653 1080 3721 exsistunt,
1106 3653 1208 3725 qui
1229 3654 1407 3709 etiam
1429 3652 1488 3708 in
1508 3670 1681 3710 carne
1698 3659 1859 3710 extra
1876 3672 2110 3712 carnem

456 3742 681 3809 vivunt,
740 3743 841 3815 qui
894 3759 997 3815 pro
1047 3742 1313 3815 portione
1366 3743 1678 3800 Dominum
1728 3743 1966 3812 habent,
2009 3745 2109 3816 qui

460 3836 699 3905 propter
719 3849 963 3906 regnum
987 3833 1186 3905 inopia
1214 3831 1512 3904 laborant,
1533 3838 1591 3890 et
1604 3833 2108 3908 propterinopiam

465 3925 732 3995 regnant.

531 4012 628 4068 III.
665 4011 731 4067 Hi
764 4027 878 4080 me,
933 4028 1094 4085 opes,
1154 4011 1422 4084 inquam,
1453 4029 1519 4068 ac
1552 4012 1840 4087 prezclarm
1886 4012 2107 4070 delicias

458 4116 625 4168 meae,
675 4104 732 4155 et
780 4108 1095 4172 prensantes
1141 4101 1517 4174 splendidum
1566 4106 1740 4174 atque
1815 4101 2106 4159 illustrem

463 4189 805 4259 reddebant,
832 4194 890 4245 et
916 4192 1190 4247 absentes
1222 4208 1470 4248 mcerore
1508 4191 1949 4251 contrahebant.
1975 4192 2107 4250 Haec

463 4276 612 4333 mihi
643 4277 903 4332 animum
947 4279 1314 4349 premebant,
1366 4284 1423 4336 et
1460 4281 1909 4337 conturbabant.
1962 4282 2107 4339 Hinc

460 4376 555 4436 ego
608 4365 800 4434 lugens
848 4374 900 4420 et
944 4368 1310 4424 contristatae
1359 4368 1717 4439 ingrediebar
1737 4371 1803 4427 ²².
1859 4369 1943 4427 Ob
1975 4386 2104 4427 eam

457 4469 700 4510 causam
722 4469 856 4509 cum
875 4453 1007 4510 aliis
1022 4455 1303 4527 jucundis
1324 4456 1499 4513 rebus
1516 4474 1850 4515 sermonem
1873 4476 2105 4533 quoque

456 4541 683 4614 abjeci:
746 4543 1028 4615 quoniam
1098 4544 1293 4601 dilecti
1323 4546 1766 4605 recalcitrarunt
1788 4550 1854 4620 ³⁸,
1888 4554 1945 4606 et
1971 4565 2101 4607 ver-

2212 1962 2534 2040 τιμιωτέρα,
2585 1962 2804 2026 ἔπαινος
2853 1962 3011 2019 ἅλατι
3061 1966 3390 2038 ἠρτυμένος,
3450 1965 3513 2020 οὐ
3581 1967 3716 2042 πρὸς
3768 1969 3879 2021 θω-

2213 2052 2368 2107 πείαν
2420 2054 2551 2127 (62),
2603 2050 2729 2107 ἀλλ’
2781 2050 3006 2130 ὁδηγίαν
3051 2058 3149 2108 τοῦ
3196 2054 3529 2127 κρείττονος,
3576 2053 3881 2126 ἐπίπληξις

2215 2141 2485 2219 εὖφημίας
2518 2143 2888 2217 ποθεινοτέρα,
2928 2143 3096 2217 μέτρα
3139 2144 3433 2219 κατηφείας
3482 2143 3571 2197 καὶ
3619 2143 3878 2213 ἀνέσεως,

2213 2231 2303 2286 καὶ
2352 2234 2387 2300 ἡ
2451 2228 2518 2285 δι’
2570 2230 2891 2309 ἀμφοτέρων
2956 2231 3097 2305 μίξις
3146 2233 3237 2286 καὶ
3284 2238 3496 2306 κρᾶσις,
3554 2233 3617 2287 τὸ
3666 2233 3884 2289 ἁπαλὸν

2211 2325 2290 2392 τῷ
2333 2319 2562 2397 γενναίῳ
2617 2322 2751 2393 (63),
2799 2320 2864 2375 τὸ
2917 2319 3184 2396 αὐστηρὸν
3236 2318 3383 2376 αἰδοῖ
3432 2321 3755 2398 σῦγκρατον,
3803 2324 3885 2385 ὡς

2217 2405 2347 2482 μηδ’
2402 2406 2582 2484 ἕτερον
2643 2409 2746 2463 ὑπὸ
2803 2413 2898 2464 τοῦ
2969 2408 3153 2483 ἐτέρου
3220 2405 3698 2486 παραϐλάπτεσθαι
3761 2413 3883 2487 (64)

2212 2496 2339 2553 ἀλλ’
2394 2492 2674 2575 ἀμφότερα
2731 2495 2800 2552 δι’
2858 2495 3122 2569 ἀλλήλων
3173 2496 3518 2572 εὐδοκιμεῖν’
3570 2502 3739 2573 μέτρα
3768 2508 3874 2569 τῆς

2214 2586 2289 2648 εἷς
2337 2586 2400 2641 τὸ
2441 2588 2621 2642 κοινὸν
2664 2585 2937 2661 ἐπιμιξίας
3152 2587 3241 2643 καὶ
3289 2588 3721 2664 ὑποχωρήσεως,
3771 2597 3879 2655 τῆς

2216 2676 2310 2749 μὲν
2343 2680 2468 2738 τοῦς
2499 2672 2705 2738 ἄλλους
2732 2673 3212 2752 παιδαγωγοῦσης,
3241 2684 3343 2746 τῆς
3378 2674 3435 2732 δὲ
3460 2682 3540 2750 τῷ
3588 2677 3871 2751 Πνεῦματι

2218 2764 2703 2841 μυσταγωγούσης,
2750 2767 2840 2820 καὶ
2881 2773 2980 2835 τῆς
3034 2767 3128 2838 μὲν
3171 2765 3221 2819 ἐν
3255 2770 3333 2837 τῷ
3361 2770 3526 2838 κοινῷ
3554 2768 3617 2821 τὸ
3650 2765 3871 2822 ἅκοινον

2214 2855 2616 2931 φυλαττούσης,
2646 2862 2745 2917 τῆς
2780 2852 2837 2909 δὲ
2865 2854 2914 2909 ἐν
2944 2860 3023 2927 τῷ
3054 2854 3267 2928 ἀμίκτῳ
3296 2856 3356 2909 τὸ
3392 2853 3727 2933 φιλάδελφον
3778 2858 3876 2911 καὶ

2217 2943 2601 3022 φιλάνθρωπον
2630 2966 2642 2978 '
2674 2944 2763 2998 καὶ
2796 2944 2827 2998 ἃ
2861 2942 3030 3017 μείζω
3057 2944 3262 2999 τούτων
3293 2941 3369 3001 ἔτι
3399 2943 3489 2999 καί
3536 2940 3882 3021 ὑψηλὸτερα,

2220 3033 2247 3088 ὁ
2280 3033 2331 3087 ἐν
2364 3032 2521 3105 πενίᾳ
2548 3030 2814 3106 πλοῦτος,
2928 3032 2979 3088 ἐν
3027 3034 3285 3109 παροικίᾳ
3330 3036 3680 3111 κατάσχεσις,
3729 3037 3767 3103 ἠ
3825 3034 3883 3089 ἐν

2222 3123 2413 3195 ἀτιμίᾳ
2472 3120 2617 3194 δόξα,
2670 3126 2704 3193 ἡ
2758 3121 2809 3177 ἐν
2859 3122 3104 3194 ἀσθενείᾳ
3150 3121 3398 3197 δύναμις,
3457 3126 3492 3194 ἡ
3549 3124 3600 3178 ἐν
3671 3123 3888 3199 ἀγαμίᾳ

2220 3209 2570 3267 καλλιτεκνία
2620 3208 2792 3285 (εἷ’περ
2840 3211 3118 3286 κρείττονα
3162 3216 3267 3266 τῶν
3319 3214 3423 3266 ἀπὸ
3471 3213 3665 3287 σαρκὸς
3696 3212 3885 3287 ἀρχο-

2227 3301 2399 3373 μένων
2620 3301 2687 3355 τὰ
2740 3301 2876 3355 κατά
2914 3301 3040 3357 Θεὸν
3084 3303 3415 3376 γεννήματα)
3442 3320 3454 3332 ·
3490 3302 3542 3355 οἱ
3572 3304 3884 3379 τρυφῶντες

2221 3393 2298 3460 τῷ
2330 3390 2406 3462 μὴ
2441 3392 2551 3463 (67)
2579 3394 2804 3467 τρυφᾷν,
2836 3390 2887 3444 o't
2936 3390 3178 3444 ταπεινοὶ
3211 3389 3343 3465 ὑπὲρ
3390 3393 3498 3444 τῶν
3547 3391 3659 3463 (68)
3713 3388 3883 3464 οὐρα-

2219 3476 2349 3531 νίων
2381 3495 2393 3510 ⁸
2441 3478 2492 3532 οἱ
2546 3475 2716 3550 μηδὲν
2767 3477 2817 3532 ἐν
2865 3477 3079 3551 κόσμῳ,
3128 3478 3218 3533 καὶ
3268 3478 3398 3554 ὑπὲρ
3438 3478 3529 3533 τὸν
3563 3476 3792 3551 κόσμον·
3821 3479 3883 3533 οἱ

2219 3566 2414 3641 σαρκὸς
2499 3564 2599 3636 ἔξω
2646 3565 2737 3621 καί
2795 3565 2845 3621 ἐν
2920 3567 3097 3643 σαρκὶ,
3174 3568 3247 3620 ὧν
3330 3566 3482 3642 μερὶς
3542 3564 3762 3642 Κύριος,
3823 3568 3881 3621 οἱ

2217 3655 2436 3729 πτωχοὶ
2494 3652 2583 3710 διὰ
2642 3654 2939 3732 βασιλείαν,
2994 3656 3084 3711 καὶ
3142 3653 3231 3712 διὰ
3285 3656 3561 3732 πτωχείαν
3612 3655 3879 3731 βασιλεύ-

2220 3763 2388 3805 οντες.

2286 4012 2358 4068 Γ’.
2410 4008 2574 4067 Οὗτοί
2634 4031 2701 4082 με
2756 4010 2845 4065 καὶ
2899 4010 3160 4085 παρόντες
3218 4009 3471 4087 λαμπρὸν
3531 4011 3773 4081 ἐποίουν,
3832 4016 3874 4082 ἡ

2216 4098 2322 4171 ἐμὴ
2354 4098 2656 4174 περιουσία,
2715 4099 2777 4153 τὸ
2827 4099 2957 4173 ἐμὸν
3006 4100 3201 4176 ἀγαθὸν
3256 4103 3367 4174 (69)
3407 4100 3746 4179 ἰντρύφημα,
3779 4103 3879 4156 καὶ

2217 4187 2442 4249 ἀπόντες
2496 4185 2874 4244 συνέστελλον.
2925 4190 3098 4244 Ταῦτά
3150 4211 3242 4262 μοι
3298 4196 3513 4266 συνεῖχε
3550 4191 3650 4260 τήν
3683 4193 3877 4267 ψυχὴν

2215 4281 2381 4331 ταῦτα
2438 4276 2739 4351 ἐτάρασσεν.
2803 4278 2894 4331 Ἐκ
2946 4277 3153 4333 τούτων
3215 4276 3318 4355 ἐγὼ
3372 4281 3579 4334 πενθῶν
3610 4279 3701 4333 καὶ
3752 4302 3884 4335 σκυ-

2212 4364 2509 4441 Θρωπάζων
2557 4364 2899 4441 ἐπορευόμην
2982 4364 3071 4421 διὰ
3111 4371 3277 4421 ταῦτα
3328 4367 3463 4440 μετά
3505 4372 3611 4422 τῶν
3678 4365 3873 4425 ἄλλων

2209 4455 2449 4531 τερπνῶν
2494 4453 2583 4509 καὶ
2633 4455 2725 4509 τὸν
2776 4452 2939 4531 λόγον
2985 4455 3352 4529 ἀπεσεισάμην
3622 4455 3705 4512 ὅτι
3763 4458 3876 4513 ἀπ-

2212 4543 2493 4600 ελάκτισαν
2527 4543 2580 4597 οἱ
2612 4543 2983 4617 ἠγαπημένοι,
3016 4545 3104 4600 καὶ
3143 4542 3399 4620 ἔστρεψαν
3446 4545 3528 4600 ἐπ’
3578 4545 3676 4619 ἰμὶ
3716 4551 3873 4603 νῶτα

452 4636 657 4689 terunt
686 4632 755 4689 ad
789 4648 884 4689 me
914 4637 1080 4706 terga
1109 4638 1167 4691 et
1197 4651 1313 4691 non
1354 4635 1531 4693 facies
1552 4638 1619 4709 ²⁴,
1673 4638 1928 4710 factique
1972 4643 2103 4696 sunt

2217 4632 2388 4689 αὐτῶν
2422 4631 2510 4687 καὶ
2544 4631 2606 4687 οὐ
2635 4632 2949 4708 πρόσωπον,
2981 4633 3072 4689 καὶ
3111 4634 3359 4711 γεγόνασι
3409 4634 3664 4709 ποίμνιον
3709 4633 3871 4693 ἐλευ-

524 4739 571 4773 ²⁰
599 4737 751 4795 Psal.
785 4755 823 4809 ι,
855 4739 909 4794 2.
986 4740 1029 4775 ²¹
1062 4738 1215 4796 Psal.
1249 4756 1431 4812 CXLIX,
1464 4743 1521 4798 6.
1596 4744 1641 4777 ²²
1676 4743 1825 4799 Psal.
1854 4762 2042 4818 xxxxv,
2078 4748 2103 4802 1

2242 4744 2288 4779 ⁵³
2314 4740 2482 4797 Deut.
2512 4758 2689 4810 xxxn,
2722 4742 2808 4797 15.
2887 4742 3076 4808 ",Jer.
3110 4759 3170 4813 ιι,
3199 4744 3291 4799 27.

673 4845 1071 4920 ’Em'rtprﬁastc'
1108 4846 1325 4920 Beg._a,
1361 4845 1699 4920 ἐπιτίμησις.

695 4920 816 4992 Τοῦ,
855 4916 991 4992 κατά
1047 4916 1383 4992 Θεὸν⁷βίου.
1438 4916 1750 4977 ιεὐνθηιιι.

454 4987 571 5061 Dei
590 4989 924 5061 praescripto
954 4987 1255 5061 institutae.
1295 5014 1323 5040 ››

668 5058 925 5134 Ἀκόσμῳ
983 5060 1204 5134 κοσμία.
1254 5065 1363 5118 etc.
1413 5061 1641 5133 Billius,
1677 5085 1705 5115 ι(
1736 5063 1808 5119 ob
1860 5069 2101 5123 ornatus

454 5130 785 5189 neglectum
817 5130 970 5187 culta
998 5138 1056 5189 et
1085 5130 1309 5188 ornata.
1342 5156 1372 5183 ››

542 5203 633 5271 61)
689 5205 951 5263 Χιτῶνος.
1012 5228 1039 5255 ‹‹
1080 5205 1386 5260 Tunicam.
1439 5227 1469 5255 »
1525 5205 1642 5261 Nec
1698 5204 1844 5261 bene
1893 5206 2098 5264 Billius

458 5293 480 5324 ι
506 5272 750 5343 pallium
775 5291 788 5342 ;
825 5296 853 5324 »
887 5275 1179 5346 siquidem
1211 5277 1408 5332 brevia
1438 5276 1676 5346 palliola
1704 5277 1982 5333 humeros
2012 5282 2096 5333 te-

458 5295 480 5324 ι
506 5295 788 5343 paulum;
825 5296 853 5324 »
887 5295 1179 5346 siquidem
1211 5295 1408 5332 nrev1a
1481 5295 1676 5333 ιιιιιοιθ.
1704 5295 1982 5333 numeros
2012 5295 2096 5333 te-

449 5345 645 5421 gentia
674 5361 801 5416 quae
828 5346 1063 5421 cingulo
1092 5349 1340 5421 astringi
1373 5295 1520 5404 nihil
1553 5366 1701 5420 opus
1730 5353 1872 5416 erat,
1905 5353 2096 5420 gesta-

448 5416 595 5470 bant
622 5417 918 5475 monachi.

517 5486 733 5559 (62)οὖ
779 5487 915 5563 πρὸς
975 5487 1233 5563 θωπείαν,
1260 5493 1404 5563 _etc.
1464 5511 1494 5538 «
1526 5489 1651 5563 Non
1704 5488 1779 5563 ad
1828 5494 2095 5547 assenta-

444 5557 661 5633 tionem
684 5557 1041 5633 comparata,
1075 5562 1176 5616 sed
1205 5561 1277 5616 ad
1295 5560 1579 5633 ivirtutem
1609 5560 1884 5633 dirigens.
1918 5582 1945 5613 ι)

516 5631 633 5707 (63)
661 5630 748 5703 Τῷ
775 5630 1025 5707 γενναίῳ.
1085 5634 1225 5689 Tres
1282 5631 1467 5703 Colb.,
1519 5630 1851 5701 Oxon.,_0r.
1885 5636 1937 5701 1,
1969 5634 2088 5691 Jes.

445 5698 537 5755 σὺν
684 5698 939 5777 γενναίῳ.

515 5726 537 5755 ν
568 5726 647 5773 τῳ
684 5726 939 5791 γενναιιμ.

515 5775 632 5849 (64)
666 5770 1174 5855 Παραελαπτεσὺαι.
1206 5775 1343 5847 Reg.
1374 5792 1428 5845 8.,
1465 5778 1579 5835 tres
1599 5775 1761 5838 Colb.
1794 5776 1890 5835 Or.
1926 5775 1980 5847 4,

1817 4944 1837 4970 ιι
1865 4922 1995 4979 vita
2038 4941 2105 4981 ex

2214 4841 2705 4907 καταϐλάπτεσθαι.

2288 4921 2401 4992 (65)
2459 4917 2553 4980 Είς
2610 4920 2677 4992 τὸ,
2728 4917 2905 4992 κοινὸν
2963 4916 3257 4992 ἐπιμιξίας.
3307 4921 3618 4977 Leuvenkl.
3681 4942 3710 4972 ‹‹
3742 4939 3868 4980 mo-

2214 4990 2324 5048 dus
2358 4990 2815 5063 conversationis
2846 4991 2905 5046 in
2933 4990 3188 5063 publico,
3231 4998 3289 5048 et
3317 4993 3686 5049 secessionis.
3724 5017 3757 5043 ››

2283 5066 2411 5137 (66)
2437 5061 2812 5137 Ἀρχομένων.
2847 5061 2985 5135 Reg.
3046 5064 3149 5129 hu,
3198 5064 3373 5120 Coisl.
3436 5067 3485 5136 1,
3519 5066 3633 5121 duo
3667 5065 3861 5134 Colb.,

2209 5130 2349 5203 Jes.,
2382 5130 2474 5190 Or.
2590 5130 2721 5205 ἐρχο
2732 5130 2927 5205 μὲνων.

2280 5153 2349 5203 s.,
2382 5152 2559 5218 ur._1,
2590 5152 2927 5262 ερχὲμενων.
3069 5206 3079 5216 .

2279 5207 2393 5278 (67)
2422 5210 2511 5278 Τῳ
2543 5206 2640 5277 μή.
2727 5222 2815 5278 eg.
2850 5204 3156 5278 hu,i(}olsl.
3183 5207 3236 5273 3,
3271 5207 3366 5273 Or,
3403 5206 3458 5274 4,
3514 5206 3577 5260 τὸ
3610 5207 3709 5278 μή.

2278 5276 2390 5349 (68)
2424 5276 2791 5350 Titianum”;
2821 5276 2892 5332 οἱ.
2954 5276 3048 5333 Sic
3105 5278 3283 5350 Regg.
3316 5279 3437 5343 bm,
3490 5276 3620 5343 hu,‘
3650 5278 3747 5334 Or.
3801 5280 3856 5348 4,

2204 5349 2319 5404 Jes.
2344 5348 2384 5421 μ
2416 5348 2667 5421 humiles
2698 5349 2796 5421 qui
2829 5366 3008 5421 supra
3024 5348 3345 5421 coelos'fqui
3371 5350 3514 5405 nihil
3548 5355 3706 5418 sunt,
3740 5355 3852 5407 etc.

2205 5420 2353 5475 Editi
2387 5438 2541 5488 vero,
2574 5420 3007 5492 ὑπὲρίτοῦ...οἵς.

2274 5492 2387 5564 (69)
2417 5490 2687 5566 μ’Δγαβόνζ

2205 5562 2379 5633 Regg.
2415 5562 2533 5626 bm',
2566 5562 2666 5631 hu,
2701 5562 2888 5618 tribus
2919 5563 3101 5625 Colb.,
3135 5562 3229 5618 Or.
3285 5564 3338 5631 1,
3389 5562 3509 5618 Jes.
3564 5567 3621 5619 et
3662 5564 3843 5621 Oxon.

2201 5635 2667 5690 Praetermissum
2702 5635 2877 5690 etiam
2910 5652 2943 5689 a
2972 5633 3159 5689 Billio.

2274 5706 2393 5781 (70)_
2438 5704 2853 5781 'A'rreeetaaipnv,
2912 5712 3020 5763 etc.
3072 5728 3102 5755 ‹‹
3141 5706 3510 5778 Abjeceram,
3566 5705 3846 5781 quoniam

2199 5775 2396 5836 dilecti
2426 5775 2934 5838 recalcitraverant
2963 5781 3021 5837 et
3039 5775 3359 5850 verterant,
3381 5801 3411 5831 υ
3436 5782 3557 5839 ειο.

2767 5514 2794 5541 ‹‹
2833 5491 3118 5547 Prazclaraa
3177 5490 3417 5547 deliciae.
3475 5513 3503 5541 ››
3565 5496 3732 5547 Deest
3792 5492 3849 5547 in
