4244 6216
487 327 605 388 727

1732 334 1797 393 S.
1844 329 2218 392 GREGORII
2261 329 2657 390 THEOLOGI

3782 331 3915 391 ’ΠΒ

484 476 654 518 sacco
682 458 947 515 laetitiam
975 461 1144 516 nobis
1177 462 1447 518 retribuit
1467 464 1533 533 I9,
1564 479 1720 519 nunc
1736 463 1971 518 demum
2002 462 2127 535 ipse
2157 521 2159 527 ι

2276 459 2337 527 ἠν
2367 459 2601 531 σιωπὴν,
2632 457 2722 513 καὶ
2753 458 3014 534 προσάγω
3043 463 3123 531 τῷ
3154 457 3381 535 παρόντι
3431 463 3604 532 καιρῷ
3630 458 3719 515 καὶ
3771 461 3912 534 ὑμῖν

485 564 718 622 quoque
754 565 873 603 una
902 565 1034 603 cum
1063 548 1154 616 iis,
1196 567 1323 621 qua)
1381 551 1803 622 praaterierunt,
1835 552 2137 608 silentium

2278 548 2333 602 ὸν
2367 543 2555 621 λόγον,
2591 546 2801 619 μᾶλλον
2831 546 2889 603 δὲ
2916 549 2997 619 τῷ
3028 553 3143 620 Θεῷ
3175 550 3289 620 (84)
3327 552 3691 625 χαριστήριον
3725 550 3913 604 θυσίαν

484 641 838 707 exuo,atque
871 636 1007 691 huic
1040 640 1312 710 tempori,
1342 640 1642 712 vobisque,
1668 640 1786 695 imo
1813 642 1922 695 Deo
1946 641 2139 711 potius

481 741 816 780 sermonem
852 725 1000 797 grati
1032 726 1209 782 animi
1244 732 1451 783 testem
1481 730 1678 797 offero,
1728 729 1981 784 maxime
2008 746 2139 799 pro-

480 812 676 885 prium
723 814 1102 880 sacriﬁcium,
1157 816 1377 871 donum
1437 833 1577 871 auro
1638 817 1863 888 purius,
1911 817 2140 872 eximiis

480 900 732 975 gemmis
757 904 1413 973 praestantius,texturis
1444 906 1938 977 magniﬁcentius,
1970 905 2142 978 legali

481 989 773 1047 sacriﬁcio
807 991 1624 1065 sanctius,primogenitorum
1653 994 1926 1065 primitiis
1950 1011 2141 1050 sacra-

482 1081 627 1147 tius,
654 1079 890 1151 placens
914 1080 1027 1135 Deo
1063 1097 1242 1152 super
1270 1082 1519 1137 vitulum
1544 1082 1839 1138 novellum
1869 1084 1934 1149 33,
1959 1082 2146 1137 corni-

484 1170 600 1225 bus
634 1168 825 1223 adhuc
855 1173 911 1223 et
940 1169 1175 1241 ungulis
1205 1170 1611 1242 imperfectum
1658 1176 1716 1227 et
1744 1189 1921 1227 sensu
1953 1187 2150 1227 caren-

489 1262 631 1321 tem,
664 1273 843 1328 super
880 1256 1207 1326 incensum,
1260 1275 1437 1330 super
1496 1260 1921 1329 holocaustum,
1972 1277 2150 1331 super

494 1345 685 1402 multa
716 1344 1027 1417 pinguium
1079 1346 1326 1403 arietum
1361 1348 1567 1416 millia,
1618 1350 1835 1421 quibus
1864 1348 1953 1405 lex
1983 1350 2148 1404 rudis

490 1435 776 1491 infantem
809 1435 1085 1491 Israelem
1114 1436 1369 1505 tenebat,
1402 1452 1507 1509 per
1562 1443 1804 1494 cruenta
1858 1438 2151 1494 sacriﬁcia

491 1524 760 1579 futurum
804 1523 1187 1580 adumbrans.

562 1612 630 1666 V.
664 1611 780 1667 Hoc
801 1612 916 1668 Deo
938 1612 1135 1681 oll‘ero,
1163 1612 1273 1669 hoc
1294 1616 1561 1686 appendo
1592 1632 1659 1671 ac
1692 1618 2149 1688 consecro,quod

491 1719 677 1758 unum
711 1703 858 1758 mihi
888 1708 1174 1774 superest,
1209 1721 1324 1776 quo
1358 1723 1471 1761 uno
1502 1706 1663 1762 dives
1694 1724 1849 1763 sum.
1882 1708 2023 1763 Nam
2051 1725 2153 1763 cte-

2248 637 2607 705 οἷκειοτάτην,
2662 634 2834 711 δῶρον
2882 642 3091 712 χρυσοῦ
3130 639 3531 713 καθαρώτερον,
3584 636 3748 692 λίθων
3804 660 3910 693 πο-

2248 724 2490 781 λυτελῶν
2542 730 2658 797 (85)
2701 724 3157 803 τιμαλφέστερον,
3206 726 3538 800 ὑφασμάτων
3596 726 3912 782 πολυτελ-

2249 835 2455 890 στερον,
2552 814 2733 876 θυσίας
2818 822 3049 888 νομικῆς
3131 815 3455 889 ἀγιώτερον,
3542 816 3916 890 πρωτοτόκων

2249 901 2505 976 ἀπαρχῆς
2536 902 2848 976 ἱερώτερον,
2880 903 3100 977 ἀρέσκον
3163 908 3278 973 Θεῷ
3310 903 3441 978 ὑπὲρ
3500 903 3708 978 μόσχον
3765 904 3911 973 νέον,

2249 991 2430 1065 κέρασι
2462 1011 2551 1043 και
2609 987 2806 1053 ὁπλαῖς
2866 990 3032 1059 ἀτελῆ
3064 992 3151 1046 καὶ
3174 991 3491 1061 ἀναίσθητον
3552 992 3680 1065 ὑπὲρ
3715 992 3916 1063 θυμία-

2255 1099 2348 1151 μα,
2411 1079 2541 1150 ὑπὲρ
2601 1078 2969 1151 ὁλοκαύτωμα
3043 1082 3151 1152 (86)
3216 1080 3346 1155 ὑπὶρ
3410 1078 3676 1154 μυριάδας
3734 1082 3919 1154 ἀρνῶν

2252 1167 2481 1237 πιόνων,
2532 1169 2612 1229 οἷς
2664 1168 2692 1222 ὁ
2736 1166 3089 1243 στοιχειόδης
3119 1171 3233 1240 (87)
3264 1168 3435 1242 νόμος
3468 1168 3677 1242 ἐκράτει
3705 1170 3795 1224 τὸν
3832 1167 3917 1225 ἔτι

2253 1258 2448 1326 νήπιον
2476 1256 2718 1330 Ἰσραὴλ,
2748 1262 2865 1318 ταῖς
2900 1256 3146 1330 ἐναίμοις
3179 1257 3384 1321 θυσίαις
3436 1264 3777 1335 σκιαγραφᾶη
3810 1260 3917 1328 τὴν

2261 1343 2590 1417 μέλλουσαν,

2332 1614 2403 1669 E'.
2434 1616 2603 1667 Τοῦτο
2634 1612 2924 1690 προσφέρω
2956 1616 3093 1684 Θεῷ,
3123 1618 3284 1669 τοῦτο
3328 1614 3623 1686 ἀνατίθημι
3673 1613 3703 1669 δ
3755 1614 3924 1687 μόνον

2262 1700 2479 1775 ἐμαυτῷ
2541 1700 2859 1769 κατέλιπον,
2931 1703 2977 1773 ᾦ
3040 1700 3266 1758 πλουτῶ
3329 1703 3498 1776 μόνῳ.
3556 1704 3632 1757 Τὰ
3692 1704 3786 1778 μὲν
3818 1704 3928 1779 γὰρ

490 1795 617 1847 tera
648 1792 878 1862 quidem
900 1794 1177 1848 mandato
1207 1798 1261 1848 et
1312 1793 1556 1866 Spiritui
1589 1795 1794 1867 reliqui
1833 1814 1845 1865 ;
1882 1814 1947 1851 ac
1976 1796 2150 1867 preti-

2276 1788 2404 1846 ὶλλα
2451 1797 2672 1864 παρῆκα
2716 1794 2785 1863 τῇ
2833 1790 3029 1865 ἐντολῇ
3076 1794 3165 1845 καὶ
3212 1796 3292 1864 τῷ
3339 1790 3649 1865 Πνεόματι·
3682 1793 3769 1847 καὶ
3826 1794 3926 1847 τὸν

492 1896 657 1936 osam
690 1881 1067 1952 margaritam
1096 1898 1229 1937 cum
1261 1883 1535 1939 omnibus
1566 1884 1657 1951 iis,
1692 1902 1815 1955 quas
1848 1886 2147 1956 quondam

2276 1879 2571 1952 πολύτιμον
2611 1880 2949 1956 μαργαρίτην
2982 1880 3196 1935 πάντων
3229 1882 3302 1934 ὧν
3335 1879 3484 1957 εἶχόν
3537 1902 3669 1936 ποτε
3716 1881 3925 1953 ἀντηλ-

490 1968 1495 2043 habebam,commutavi,factusque
1526 1989 1679 2039 sum,
1696 1978 1797 2028 aut
1816 1978 1903 2039 ,ut
1933 1973 2150 2029 rectius

492 2056 723 2129 loquar,
744 2058 869 2113 ﬁeri
895 2064 1028 2130 opto
1078 2075 1327 2131 magnus
1354 2060 1451 2116 ille
1498 2062 1843 2133 negotiator,
1891 2062 1992 2133 qui
2032 2063 2149 2117 exi-

496 2146 629 2218 guis
661 2147 1037 2220 rebus,atque
1069 2148 1304 2204 omnino
1318 2150 1840 2222 perituris,magna
1859 2156 1917 2206 et
1939 2156 2155 2207 aeterna

500 2236 646 2292 emit
682 2237 747 2290 ³⁵.
774 2236 976 2291 Solum
1008 2242 1206 2293 autem
1255 2255 1589 2295 sermonem
1649 2239 2024 2311 complector,
2058 2244 2152 2295 ut-

504 2330 641 2399 pote
669 2324 841 2381 Verbi
880 2326 1173 2393 minister,
1235 2344 1421 2399 neque
1465 2345 1726 2401 unquam
1774 2328 1963 2384 libens
2002 2329 2155 2384 hanc

505 2413 939 2487 possessionem
964 2414 1355 2486 neglexerim:
1390 2418 1531 2488 quin
1589 2418 1783 2488 potius
1805 2433 1955 2483 eam,
1990 2422 2049 2473 et
2094 2418 2155 2472 in

512 2503 696 2575 pretio
725 2503 936 2571 habeo,
967 2508 1026 2559 et
1055 2504 1377 2573 exosculor,
1402 2522 1471 2560 ex
1517 2522 1701 2578 eaque
1751 2507 2029 2576 majorem
2060 2523 2158 2561 vo-

509 2591 797 2664 luptatem
830 2592 1018 2664 capio,
1052 2609 1230 2664 quam
1286 2609 1355 2647 ex
1392 2594 1665 2649 omnibus
1722 2595 1853 2650 aliis
1893 2595 2067 2650 rebus
2099 2597 2158 2649 in

511 2697 696 2735 unum
734 2680 950 2735 coactis
1006 2680 1222 2752 quibus
1274 2681 1537 2753 plerique
1592 2682 1969 2740 delectantur.
2006 2684 2158 2740 182

509 2770 697 2839 Atque
718 2768 875 2823 hunc
907 2769 1052 2824 mihi
1111 2770 1289 2824 totius
1324 2770 1451 2826 vita:
1499 2771 1748 2839 socium,
1808 2778 1864 2827 et
1913 2773 2160 2844 probum

506 2856 927 2925 consiliarium,
956 2862 1130 2930 atque
1150 2874 1588 2931 congerronem,
1622 2860 1947 2932 ducemque
1972 2861 2073 2915 viae
2104 2862 2163 2916 in

506 2946 717 3002 cozlum
740 2944 1071 3016 ferentis,ac
1084 2953 1421 3018 promptum
1438 2948 1899 3004 commilitonem
1921 2949 2163 3006 ascisco.

505 3036 576 3092 Et
604 3036 744 3106 quia
765 3035 1193 3107 jucunditatem
1215 3052 1449 3092 omnem
1477 3037 1641 3092 humi
1667 3038 1840 3094 sitam
1863 3056 2163 3110 aspernor,

506 3124 568 3180 in
599 3139 731 3179 eum
760 3123 953 3179 omnis
979 3140 1146 3179 meus
1196 3141 1365 3180 amor
1394 3129 1529 3195 post
1582 3130 1765 3181 Deum
1798 3128 2021 3183 effusus
2043 3136 2159 3195 est;

506 3212 595 3269 vel
629 3213 826 3283 potius
858 3212 917 3267 in
949 3212 1373 3285 huncquoque,
1405 3214 1685 3285 quoniam
1709 3215 1778 3270 ad
1812 3220 1993 3271 Deum
2025 3234 2160 3272 cum
2192 3195 2235 3262 (ἶ

508 3300 824 3374 prudentia
853 3301 1064 3369 evehit,
1096 3318 1199 3373 per
1250 3319 1426 3374 quem
1487 3302 1711 3359 scilicet
1742 3305 1918 3360 etiam
1946 3306 2159 3375 solum,

510 3393 663 3445 Deus
690 3390 915 3445 sincere
938 3390 1273 3461 percipitur,
1333 3395 1389 3446 et
1442 3396 1838 3463 conservatur,
1891 3398 2063 3465 atque
2104 3395 2163 3449 in

510 3478 681 3533 nobis
711 3478 1013 3534 adolescit.
1066 3480 1219 3534 Dixit
1262 3480 1561 3551 Sapientia:
1596 3498 1607 3536 :
1641 3482 1811 3536 Soror
1837 3498 1960 3537 mea
1987 3500 2041 3538 es
2072 3484 2115 3516 ³⁵
2148 3500 2161 3537 ;

509 3584 759 3639 eamque
787 3568 965 3640 colui,
993 3571 1069 3634 et,
1103 3573 1391 3640 quantum
1424 3570 1959 3641 potui,complexus
1990 3588 2162 3627 sum:

510 3673 576 3712 ac
599 3673 794 3728 quaero
824 3657 999 3728 capiti
1054 3673 1182 3712 meo
1240 3674 1515 3713 coronam
1574 3659 1897 3730 gratiarum
1943 3666 1999 3716 et
2029 3660 2169 3716 deli-

509 3746 757 3812 ciarum,
791 3745 899 3800 hoc
929 3750 1042 3813 est,
1073 3745 1370 3817 sapientia:
1414 3747 1588 3816 dona,
1623 3752 1679 3803 et
1726 3749 1968 3805 rationis
1999 3751 2169 3806 nobis

2262 1967 2511 2041 λαξάμην
2565 1970 2698 2041 (88),
2748 1972 2838 2023 καί
2886 1970 3087 2044 γέγονα
3140 1969 3587 2045 μεγαλέμπορος,
3620 1968 3832 2043 μᾶλλον
3865 1968 3933 2025 δὲ

2258 2056 2499 2131 γενέσθαι
2552 2053 2620 2110 δι’
2676 2056 2849 2132 εὐχῆς
2926 2054 3043 2132 ἔχω
3107 2062 3215 2113 τῶν
3277 2063 3507 2133 μικρῶν,
3563 2059 3652 2112 καὶ
3709 2060 3931 2120 παντως

2260 2146 2685 2222 φθαρησομένων
2719 2145 3071 2219 ὠνησάμενος
3096 2147 3163 2200 τα
3210 2145 3424 2220 μεγάλα
3452 2147 3542 2200 καὶ
3598 2147 3671 2218 μὴ
3706 2144 3919 2218 λυόμε-

2260 2257 2325 2289 να
2350 2253 2362 2267 ⁸
2395 2240 2492 2289 τοῦ
2525 2234 2707 2309 Λόγου
2754 2232 2811 2289 δὲ
2842 2236 3171 2310 περιέχομαι
3206 2235 3373 2307 μόνου
3422 2236 3497 2297 ὡς
3544 2236 3721 2310 Λόγου
3768 2236 3930 2310 θερα-

2261 2324 2484 2393 πευτὴς,
2534 2324 2623 2378 καὶ
2672 2323 2772 2378 οὐκ
2812 2325 2868 2378 ἂν
2918 2345 3049 2379 ποτε
3094 2324 3227 2378 ἑκὼν
3281 2324 3476 2378 τούτου
3506 2328 3605 2378 τοῦ
3636 2326 3928 2396 κτήματος

2266 2412 2647 2486 ἁμελήσαιμι·
2720 2410 2866 2467 ἀλλὰ
2924 2413 3013 2466 καὶ
3069 2417 3236 2484 τιμῶ,
3292 2413 3383 2466 καὶ
3446 2412 3777 2485 ἀσπάζομαι,
3836 2413 3933 2466 καὶ

2266 2502 2448 2577 χαίρω
2485 2500 2698 2573 μᾶλλον
2730 2502 2764 2569 ἢ
2797 2506 2953 2555 πᾶσιν
2988 2502 3129 2573 ὁμοῦ
3159 2506 3277 2563 τοῖς
3298 2500 3606 2572 ἂλλοις,οἷς
3639 2502 3692 2555 οἱ
3719 2498 3938 2555 πολλοὶ

2267 2592 2589 2666 χαίρουσιν·
2640 2591 2731 2644 καὶ
2779 2595 3045 2662 ποιοῦμαι
3090 2590 3286 2651 παντὸς
3334 2595 3433 2644 τοῦ
3482 2590 3602 2666 βίου
3632 2590 3921 2659 κοινωνὸν,

2268 2682 2357 2734 καὶ
2405 2674 2716 2752 σύμϐουλον
2772 2679 2971 2753 ἀγαθὸν
3030 2678 3119 2734 καὶ
3171 2677 3489 2751 συνόμιλον,
3540 2678 3629 2733 καὶ
3677 2679 3937 2753 ἡγεμόνα

2270 2776 2368 2839 τῆς
2420 2768 2507 2824 ἐπὶ
2554 2771 2620 2824 τὰ
2668 2766 2779 2823 ἅνω
2832 2765 2984 2835 ὁδοῦ,
3029 2767 3119 2822 καὶ
3176 2768 3570 2841 συναγωνιστὴν
3602 2766 3884 2842 πρόθυμον
3921 2786 3935 2798 ·

2271 2856 2360 2913 καί
2417 2855 2604 2927 ἐπειδὴ
2664 2864 2765 2911 πᾶν
2825 2857 3075 2930 ἀτιμάζω
3129 2858 3354 2932 τερπνὸν
3405 2857 3551 2910 κάτω
3613 2856 3788 2928 μένον,
3852 2855 3937 2917 εἷς

2271 2949 2431 3005 τοῦτό
2484 2952 2597 3022 (89)
2649 2970 2741 3022 μοι
2789 2955 2890 3003 πᾶν
2941 2949 3174 3017 ἐκενώθη
3228 2948 3290 3001 τὸ
3336 2946 3562 3024 φίλτρον
3598 2948 3728 3019 μετὰ
3757 2945 3885 3001 Θεὸν
3920 2967 3935 2979 '

2280 3037 2491 3111 μᾶλλον
2521 3035 2579 3091 δὲ
2609 3038 2695 3091 καὶ
2728 3037 2801 3099 εἰς
2830 3041 3020 3091 τοῦτον
3048 3055 3059 3067 ’
3115 3034 3196 3091 ὅτι
3247 3036 3384 3111 πρὸς
3431 3036 3557 3089 Θεὸν
3604 3039 3749 3112 φέρει
3798 3036 3942 3107 μετὰ

2276 3126 2531 3187 συνέσεως
2582 3128 2627 3197 ᾧ
2677 3123 2743 3194 δὴ
2794 3127 2882 3180 καὶ
2938 3124 3085 3198 μόνῳ
3298 3125 3428 3185 Θεὸς
3459 3118 3938 3196 καταλαμϐάνεται

2273 3214 2536 3289 γνησίως,
2593 3213 2681 3268 καὶ
2738 3220 3007 3289 τηρεῖται,
3063 3213 3153 3268 καὶ
3208 3212 3258 3266 ἐν
3319 3215 3454 3284 ἡμῖν
3519 3209 3727 3284 αὔξεται
3795 3215 3940 3284 (91).

2274 3305 2440 3360 Εἶπον
2488 3306 2587 3372 τὴν
2648 3304 2848 3381 Σοφίαν
2927 3304 3062 3375 ἐμήν
3140 3300 3380 3380 ἀδελφήν
3441 3304 3616 3355 εἶναι·
3673 3301 3759 3356 καὶ
3817 3299 3934 3356 ἔτι·

2277 3414 2425 3465 μησα
2448 3392 2673 3463 ταύτην,
2720 3393 2809 3447 καὶ
2858 3388 3206 3468 περιέλαϐον,
3257 3392 3329 3452 ὡς
3376 3391 3442 3459 ἦν
3502 3391 3715 3468 ἐφικτὸν
3764 3389 3891 3462 ἆμοί
3923 3409 3939 3421 °

2273 3483 2363 3537 καὶ
2399 3487 2546 3552 ζητῶ
2589 3481 2658 3555 τῇ
2706 3480 2814 3555 ἐμῇ
2862 3480 3073 3559 κεφαλῇ
3121 3482 3212 3535 τὸν
3259 3482 3514 3557 στέφανον
3546 3484 3652 3534 τῶν
3687 3479 3937 3555 χαρίτων

2276 3571 2495 3640 καὶτῆς
2551 3577 2784 3646 τρυφῆς,
2829 3570 2860 3624 ἃ
2911 3568 2979 3638 δὴ
3032 3569 3221 3645 σοφίας
3268 3569 3599 3645 χαρίσματα,
3644 3569 3732 3622 καὶ
3763 3567 3938 3643 λόγου

2275 3665 2372 3715 τοῦ
2423 3660 2474 3714 ἐν
2503 3662 2638 3732 ἡμῖν
2691 3662 2804 3733 (92)
2834 3660 2896 3714 τὸ
2928 3660 3252 3735 ἡγεμονικὸν
3312 3656 3787 3732 καταλάμποντος,
3845 3659 3946 3711 καὶ

2280 3748 2609 3825 φωτίζοντος
2642 3750 2776 3820 ἡμῖν
2813 3750 2924 3821 (93)
2953 3747 3019 3801 τὰ
3048 3748 3183 3801 κατὰ
3212 3746 3337 3801 Θεὸν
3379 3741 3541 3816 διαῧή
3559 3766 3720 3818 ματα.

508 3834 724 3903 insitas,
746 3840 973 3906 partem
1003 3850 1157 3903 eam,
1188 3851 1317 3906 quae
1350 3835 1751 3909 principatum
1782 3839 1843 3894 in
1875 3839 2044 3895 nobis
2074 3843 2252 3911 tenet,
2279 3840 2701 3909 collustrantis,
2737 3844 3086 3910 nostrosque
3115 3838 3445 3895 secundum
3479 3838 3667 3892 Deum
3701 3852 3947 3908 gressus

510 3922 932 3979 illuminantis.

580 4010 674 4066 Vl.
705 4013 824 4067 Hoc
853 4012 949 4067 iraa
995 4013 1282 4085 impetum
1327 4014 1514 4085 freno,
1560 4014 1668 4071 hoc
1697 4016 1892 4071 tabem
1926 4018 2168 4072 afferen-

512 4102 632 4155 tem
664 4099 945 4157 invidiam
979 4102 1393 4175 consopio,hoc
1452 4120 1783 4174 maerorem,
1823 4106 2017 4161 cordis
2048 4107 2171 4161 vin-

512 4187 903 4263 culum,sedo,
936 4191 1045 4246 hoc
1069 4192 1370 4265 profusam
1406 4192 1760 4265 voluptatem
1791 4194 2172 4261 coerceo,hoc

512 4276 889 4334 inimicitiam
931 4279 1159 4351 metior,
1184 4298 1299 4337 non
1332 4282 1692 4350 amicitiam;
1741 4282 1824 4338 illi
1855 4283 2014 4339 enim
2046 4300 2170 4339 mo-

514 4369 659 4425 dum
689 4370 1063 4442 prescribere
1092 4374 1340 4442 oportet,
1365 4371 1545 4442 huius
1570 4376 1768 4427 autem
1798 4372 2031 4429 nullum
2062 4378 2175 4430 ter-

2351 4018 2410 4084 ζ’.
2442 4014 2628 4087 Τούτῳ
2680 4012 2897 4089 χαλινῶ
2946 4012 3113 4085 θυμὸν
3168 4012 3548 4089 ἐκφερόμενον,
3598 4011 3778 4084 τούτῳ
3825 4032 3949 4066 κοι-

2283 4104 2425 4176 μίζω
2474 4102 2669 4181 φθόνον
2728 4105 2981 4173 τήκοντα,
3028 4102 3207 4173 τούτῳ
3274 4099 3675 4175 προσαναπαύω
3733 4099 3948 4170 λύπην»

2282 4191 2476 4265 δεσμὸν
2528 4190 2774 4268 καρδίας,
2820 4190 2999 4262 τούτῳ
3052 4191 3371 4265 σωφρονίζω
3430 4186 3680 4264 διάχυσιν
3709 4187 3945 4261 ἡδονῆς,

2281 4281 2460 4353 τούτῳ
2515 4286 2695 4355 μετρῶ
2749 4286 2932 4353 μῖσος,
2996 4276 3123 4333 ἀλλ’
3185 4278 3246 4333 οὐ
3306 4275 3531 4354 φιλίαν·
3580 4278 3643 4332 τὸ
3696 4278 3789 4350 μὶν
3840 4278 3951 4352 γὰρ

2289 4375 2595 4444 μετρεῖσθαι
2656 4366 2757 4440 δεῖ,
2806 4375 2906 4437 τῆς
2954 4364 3012 4422 δὲ
3055 4365 3262 4440 μηδένα
3292 4368 3569 4442 γινώσκειν
3602 4367 3746 4441 ὃρον.
3775 4366 3952 4428 Οὗτος

520 4459 750 4514 minum
790 4476 1125 4531 agnoscere.
1160 4458 1266 4515 Hic
1315 4475 1430 4530 me,
1463 4465 1520 4515 et
1548 4460 1759 4532 opibus
1788 4462 2159 4519 abundantes

2296 4459 2627 4535 εὐποροῦντα
2681 4480 2748 4532 με
2802 4464 2951 4514 ποιεῖ
3009 4458 3247 4534 μέτριον,
3306 4457 3393 4513 καὶ
3452 4457 3655 4528 πένητα
3713 4457 3954 4532 μεγαλό-

520 4547 856 4604 modestum
906 4547 1117 4615 reddit,
1160 4552 1217 4603 et
1251 4563 1571 4619 pauperem
1599 4549 1805 4605 fortem
1837 4566 1904 4606 ac
1934 4566 2176 4624 magna-

2287 4553 2463 4625 ψυχον
2494 4567 2506 4580 ’
2552 4546 2708 4611 οὗτος
2759 4544 3115 4620 εὐδρομοῦντί
3168 4569 3235 4621 με
3282 4548 3451 4603 πείθει
3490 4547 3825 4622 συντρέχειν,
3855 4547 3952 4600 καὶ

590 4710 639 4746 ³²
668 4710 819 4767 Psal.
850 4726 1004 4779 xxxx,
1038 4711 1125 4767 12.
1204 4711 1251 4745 ³³
1283 4710 1433 4767 Psal.
1466 4728 1662 4780 vam,
1693 4713 1783 4767 32.
1861 4714 1907 4749 ³⁴
1937 4714 2142 4771 Matth.

2276 4734 2298 4786 ς,
2327 4715 2414 4787 45,
2448 4715 2535 4770 46.
2615 4714 2660 4749 ³⁵
2688 4713 2858 4769 Prov.
2889 4728 2991 4780 vn,
3027 4713 3080 4770 4.

587 4873 700 4945 (84)
725 4874 812 4942 Τῷ
842 4874 979 4942 Θεῷ.
1042 4870 1214 4928 Deest
1241 4874 1339 4942 τῷ,
1390 4871 1449 4928 in
1480 4876 1659 4946 Regg,
1688 4873 1812 4946 bm,
1845 4874 1947 4944 hu,
1999 4878 2093 4932 Or.
2116 4878 2172 4946 2,

517 4949 715 5141 “(8%?
753 5010 1102 5069 Πολυτελῶν.
1139 5016 1309 5071 Deest
1337 5014 1395 5070 in
1446 5015 1621 5090 Regg.
1672 5017 1794 5084 bm,
1842 5017 1945 5086 hu,
1981 5019 2172 5075 tribus

516 5088 593 5144 Co
621 5087 701 5144 b..
727 5085 823 5140 Or.
854 5088 909 5144 2.
944 5090 1000 5140 et
1020 5086 1140 5142 Jes.

560 5104 701 5156 010.,
727 5104 823 5156 Ur.
855 5104 909 5155 κ,
944 5104 1140 5142 suos.

727 5153 1139 5232 Ὀλοκαύτωμα.
1182 5161 1445 5232 M_ontan.
1472 5157 1922 5232 ὁλοκαυτώματα.

591 5160 675 5228 (86
727 5160 1139 5228 Ὀλοκαύτωμα.
1182 5161 1437 5214 Montan.
1472 5160 1922 5232 ὁλοκαυτώματα.

591 5160 699 5300 (87)
758 5226 1137 5303 Στοιχειόδῃς.
1219 5230 1379 5303 Regg
1436 5230 1558 5297 bm,
1625 5232 1730 5301 hu,
1790 5231 1884 5288 0r.
1945 5234 1999 5300 2,
2049 5232 2171 5288 Jes.

527 5296 911 5369 στοιχειώδηςξ

593 5319 641 5353 οι
691 5318 911 5369 ειωοης.

588 5318 699 5445 (88)
732 5366 1213 5445 Ἀντηλλαξᾲμην.
1250 5373 1427 5444 Regg.
1489 5373 1609 5442 bm,
1671 5372 1772 5440 hu,
1832 5377 1949 5430 tres
1988 5374 2171 5445 Colb.,

531 5439 704 5524 Oli-.2;
734 5444 857 5524 περι
890 5439 1274 5524 mser.

594 5517 703 5586 (89)
760 5516 853 5578 Εἲς
882 5517 1061 5571 τοῦτο.
1098 5512 1127 5565 (ὲ
1157 5516 1220 5571 1η
1262 5512 1429 5570 illud.
1464 5536 1490 5561 ››
1542 5513 1637 5569 Sic
1668 5516 2014 5572 vertendum
2041 5534 2174 5586 sua-

522 5588 618 5662 det
648 5588 930 5662 repetitio,
964 5603 1065 5662 sgu
1095 5586 1373 5662 correctio
1394 5602 1521 5662 quas
1552 5586 2083 5662 sequitur,_p&nov
2118 5585 2175 5662 ὁὶ

523 5657 613 5715 καὶ
642 5657 937 5723 εἷς’τοῦτον
989 5660 1127 5733 Reg.
1163 5659 1284 5732 bm,
1316 5657 1435 5715 ιτθᾱ
1473 5657 1659 5733 Colb.,
1716 5657 1897 5734 012⁷2,
1959 5679 2062 5735 pro
2096 5659 2173 5723 εἰς

2282 4879 2467 4943 τοῦτο,
2500 4876 2715 4932 habent
2772 4872 2849 4935 εἷς
2879 4876 3095 4943 τοῦτον.
3121 4874 3435 4931 Leuvenkl.
3492 4874 3667 4931 refert
3698 4872 3767 4928 ad
3818 4876 3957 4938 κτῆ-

2288 4967 2381 5019 μα.
2424 4942 2656 5022 Rectius
2689 4948 2831 5022 forte
2872 4946 2941 5022 ad
3002 4942 3251 5022 φίλτρον.

2356 5022 2468 5090 (90)
2511 5022 2577 5090 ’ῼ
2603 5016 2669 5086 δὴ
2700 5016 2788 5072 καὶ
2816 5016 2982 5088 μόνῳ.
3014 5015 3277 5074 Βυὺίιιιό.
3304 5016 3475 5090 λόγῳ.
3512 5017 3594 5071 Ita
3621 5015 3951 5090 Regg._bm,

2356 5030 2468 5090 (90)
2517 5030 2577 5073 Ὠ
2603 5030 2669 5086 6η
2700 5030 2788 5072 καί
2816 5030 2982 5088 μονῳ.
3019 5030 3277 5074 Subaud.
3305 5030 3475 5090 λόγῳ.
3512 5030 3594 5071 lta
3622 5030 3702 5071 tte
3786 5056 3798 5067 .
3824 5030 3951 5079 mn,

2287 5091 2385 5158 hu,
2420 5078 2752 5159 tres'Colb.,
2786 5094 2880 5145 0r.
2914 5092 2966 5153 2,
2999 5090 3142 5156 Jes.,
3176 5096 3287 5146 etc.
3316 5090 3462 5144 Editi
3491 5103 3646 5155 vero,
3857 5086 3953 5140 καὶ

2289 5163 2463 5239 μάγος,
2802 5231 2854 5239 -.
2923 5231 2961 5239 κ
3258 5232 3271 5239 -
3480 5229 3555 5239 --
3678 5232 3714 5239 _
3885 5228 3899 5239 .

2356 5229 2470 5306 (91)
2500 5229 2766 5306 LA‘SES‘EGL
2800 5231 2892 5286 Sic
2923 5231 3102 5303 Regg.
3154 5249 3207 5300 a,
3258 5232 3380 5299 bm,
3441 5235 3498 5286 et
3524 5229 3645 5285 Jes.
3678 5232 3853 5284 Prave
3883 5229 3948 5283 in

2368 5326 2411 5362 ι’.
2447 5304 2677 5362 ἆόξεται.

2288 5307 2411 5362 Par.
2447 5305 2677 5373 ἆόξεται.

2358 5380 2471 5449 (92)
2506 5378 2623 5449 ’Καὶ
2659 5374 2846 5449 λόγου
2879 5368 2975 5449 τοῦ
3035 5370 3113 5449 ξν-
3137 5375 3297 5449 ἡμῖν.
3326 5375 3474 5449 ξξ-Εῐ
3529 5371 3775 5449 rationis
3820 5388 3952 5442 qua

2284 5442 2375 5505 est
2407 5442 2463 5504 iu
2495 5448 2683 5517 nobis,
2720 5442 2781 5502 ut
2800 5445 3056 5517 Verbum
3082 5442 3604 5517 Deiintelligatur;
3644 5442 3801 5517 »_vel,
3841 5464 3867 5494 ι
3889 5449 3955 5497 et

2284 5494 2461 5645 θυέτίῆ
2482 5494 2919 5591 q‘ﬁo'dvinunobis
2938 5521 3026 5572 est
3052 5535 3065 5584 ;
3102 5494 3235 5575 nvde
3257 5542 3277 5569 ι
3313 5494 3501 5575 νεῗὺο
3531 5536 3559 5565 ››
3586 5494 3745 5572 enim
3769 5494 3950 5586 expo-

2286 5593 2373 5645 nit
2403 5597 2441 5645 ts
2470 5592 2573 5645 ias.

2286 5593 2373 5649 nit
2403 5592 2573 5647 Elias.

2357 5662 2467 5737 (93)
2499 5662 2681 5737 Ἡμῖν.
2723 5659 2898 5721 COiBl.
2943 5661 2995 5733 1,
3047 5658 3229 5735 ἡμῶν.
