4244 6216
390 432 503 494 731

1632 431 1696 491 S.
1746 427 2121 490 GREGOBII
2164 427 2562 490 THEOLOGI

3684 426 3800 488 732

458 563 607 620 VIII.
640 562 923 626 Quoniam
955 565 1174 627 antem,
1197 565 1249 617 et
1285 578 1396 632 me,
1417 567 1473 618 et
1498 577 1830 620 sermonem
1860 561 2035 616 habe-

2218 560 2298 617 H'.
2330 556 2491 615 Ἀλλ’
2539 556 2724 630 ἐπειδὴ
2774 558 2951 632 κάμὲ,
2995 558 3085 614 καὶ
3131 557 3222 613 τὸν
3274 554 3436 633 λογον
3488 552 3663 634 ἔχετε,
3712 549 3800 613 καὶ

388 653 558 719 tis,ac
582 654 819 724 propter
847 649 1193 706 charitatem
1212 651 1369 707 haud
1390 651 1570 709 invito
1602 669 1668 708 ac
1684 650 2036 724 repugnanti

388 742 501 799 vim
534 739 838 808 attulistis,
870 740 1097 812 loquar,
1130 741 1237 796 etsi
1268 758 1438 813 argre,
1474 743 1707 814 quando
1755 741 1837 796 ita
1858 741 2036 812 jube-

388 829 463 885 tis
489 844 501 882 :
526 832 583 883 et
612 828 849 899 quidem
882 845 948 884 ea
979 830 1345 901 loquar,qua:
1379 830 1449 885 ad
1473 830 1622 902 grati
1645 829 1829 885 animi
1852 828 2033 901 signi-

388 918 716 973 ﬁcationem
754 924 809 972 et
854 918 1314 974 admonitionem
1374 924 1654 991 spectent.
1686 922 1764 974 Ac
1823 917 2036 990 gratia-

386 1023 515 1063 rum
550 1006 787 1078 quidem
833 1007 982 1061 actio
1029 1008 1138 1063 erit
1190 1008 1561 1079 hujusmodi.
1596 1010 1726 1077 Quis
1781 1008 2037 1079 loquatur

382 1098 656 1168 potentias
684 1097 912 1151 Dommz‘
940 1096 1025 1151 ‘5?
1051 1097 1190 1160 Quis
1221 1097 1455 1154 laudem
1479 1098 1755 1153 omnibus
1776 1114 2037 1153 commu-

386 1202 544 1257 nem,
575 1185 634 1241 in
667 1185 933 1241 omnium
978 1186 1220 1241 auribus
1265 1188 1524 1260 deﬁget?
1557 1188 1835 1260 quoniam
1884 1188 2037 1241 facta

386 1278 526 1330 sunt
557 1278 800 1346 utraque
832 1292 1038 1340 unum,
1062 1278 1119 1330 et
1152 1275 1380 1331 medius
1412 1276 1602 1347 paries
1629 1276 1897 1332 maceriae
1917 1275 2037 1331 dis-

385 1363 614 1419 solutus
647 1368 736 1419 est
759 1364 821 1417 ‘7.
852 1363 1137 1429 Quoniam
1193 1364 1400 1434 fecisti,
1431 1369 1495 1419 ut
1534 1366 1661 1435 jam
1699 1381 1814 1420 non
1848 1363 2037 1420 simus

383 1451 734 1526 parabolain
760 1452 1377 1523 gentibus,commotio
1400 1453 1607 1525 capitis
1629 1454 1688 1508 in
1720 1453 2031 1525 populis“:

385 1542 659 1613 quoniam
684 1540 971 1596 hactenus
1004 1558 1111 1596 nos
1152 1540 1428 1609 atilixisti,
1464 1546 1527 1597 ut
1557 1559 1659 1614 per
1699 1541 2034 1607 dissidium,

386 1634 673 1703 quantum
707 1630 868 1702 pacis
896 1631 1117 1686 bonum
1149 1634 1307 1687 esset
1342 1630 2038 1704 intelligeremus;atque

386 1720 550 1775 illato
582 1718 869 1786 dolore,in
905 1718 1221 1791 pristinum
1254 1723 1476 1776 statum
1510 1736 1617 1775 nos
1645 1718 1982 1775 restituisti:
2004 1734 2036 1773 ο

387 1825 596 1865 novam
612 1812 668 1863 et
682 1808 1008 1863 mirandam
1021 1808 1290 1864 medendi
1304 1809 1811 1880 rationcmlutpote
1823 1808 1921 1879 qui
1938 1824 2039 1879 per

387 1898 771 1968 odium,quod
786 1898 985 1953 statim
1005 1897 1373 1953 detestationi
1392 1898 1810 1969 babuimus,ad
1833 1914 2037 1970 pacem

389 2004 498 2043 nos
515 1986 855 2052 erudiveris,
880 2003 945 2042 ac
958 1988 1315 2042 contrarium
1339 2004 1442 2059 per
1463 1989 1821 2043 contrarium
1838 2003 2039 2059 procu-

392 2075 630 2143 raveris,
657 2074 897 2147 perinde
910 2080 1085 2147 atque
1098 2076 1208 2131 hac
1230 2077 1300 2132 de
1314 2077 1761 2149 causadisjungi
1778 2094 1883 2133 nos
1906 2094 2038 2149 pas-

394 2169 591 2237 sus,ut
612 2165 1057 2221 ferventioribus
1081 2165 1297 2222 animis
1319 2167 1391 2222 ad
1411 2166 1681 2238 nosipsos
1703 2183 2040 2223 accurrere-

390 2272 546 2323 mus;
566 2271 674 2309 non
695 2271 865 2310 secus
888 2272 951 2309 ac
974 2254 1343 2327 plantasque;
1366 2256 1415 2311 si
1432 2256 1707 2312 manibus
1729 2274 1833 2329 per
1848 2257 2039 2311 vimin

389 2344 686 2399 diversum
732 2343 1047 2400 trahantur
1099 2361 1164 2401 ac
1211 2345 1420 2401 deinde
1468 2343 1754 2415 laxentur,
1801 2363 2038 2402 rursum

391 2434 546 2489 184
578 2434 651 2489 ad
681 2450 808 2489 sese
833 2438 889 2489 et
920 2434 1170 2506 primam
1203 2451 1369 2490 suam
1408 2440 1680 2491 naturam
1706 2440 2039 2503 recurrunt,

392 2523 568 2593 idque
600 2522 712 2578 sibi
742 2523 1043 2594 proprium
1077 2540 1207 2579 esse
1236 2524 1573 2595 ostendunt,
1608 2528 1673 2579 ut
1716 2523 1771 2580 vi
1803 2524 2039 2595 quidem

390 2612 786 2681 inﬂectantur,
804 2616 1009 2683 sponte
1039 2617 1235 2668 autem
1267 2613 1587 2685 erigantur,
1612 2613 1890 2684 quoniam
1922 2631 2039 2670 non

383 2702 510 2774 jam
541 2718 752 2758 manus
779 2702 1148 2772 oculum,nec
1178 2702 1382 2759 oculus
1412 2718 1654 2757 manum
1679 2704 2037 2772 contemnit;

390 2791 670 2863 quoniam
703 2795 879 2863 caput
909 2808 1023 2847 non
1060 2792 1187 2861 jam
1237 2792 1516 2847 adversus
1555 2792 1734 2864 pedes
1763 2792 2036 2865 insurgit,

389 2896 495 2936 nec
520 2880 696 2951 pedes
727 2896 760 2935 a
789 2880 976 2952 capite
997 2879 1545 2948 abelienantur,non
1574 2884 1695 2936 tam
1727 2881 2036 2937 detrimen-

390 2974 515 3025 tum
545 2968 884 3033 inferentes,
910 2985 1089 3041 quam
1120 2969 1471 3041 accipientes
1501 2986 1570 3025 ex
1599 2969 1824 3027 ordinis
1863 2975 2038 3042 atque

390 3057 621 3128 imperii
654 3057 1214 3130 pertubatione,quaa
1264 3075 1476 3129 corpus
1523 3059 1861 3115 universum
1900 3077 2039 3116 con-

391 3146 585 3201 fundit
613 3151 671 3202 et
699 3146 903 3202 evertit
928 3164 941 3216 ;
966 3163 1166 3201 verum
1198 3151 1418 3202 natura:
1450 3147 1650 3204 ordine
1671 3148 1895 3222 aclege,
1913 3166 2037 3221 quae

393 3238 595 3291 mutuo
623 3251 772 3291 nexu
807 3234 1004 3291 omnia
1033 3236 1185 3291 inter
1213 3253 1275 3292 se
1307 3236 1578 3308 devinxit,
1607 3241 1783 3309 atque
1810 3255 2041 3295 conser-

2148 645 2237 704 διὰ
2309 648 2387 722 (7)
2457 654 2559 718 τῆς
2637 650 2848 726 ἀγάπης
2915 647 3013 703 οὐκ
3079 650 3276 703 ἄκοντα
3356 648 3802 723 τυραννήσαντες,

2145 736 2446 816 φθέγξομαι
2498 739 2616 811 μὶν,
2651 740 2695 794 εἰ
2726 740 2815 794 καὶ
2852 738 3037 812 μόλις,
3073 735 3260 807 ἐπειδή
3302 741 3464 792 τοῦτο
3513 736 3760 794 κελεύετε
3784 758 3798 770 °

2145 826 2441 904 φθέγξομαι
2499 825 2559 882 δὲ
2629 827 2979 903 εὐχαριστίας
3035 828 3125 881 καὶ
3193 825 3471 887 νουθεσίας
3552 825 3790 901 ῥήματα.

2141 922 2201 971 Ἠ
2265 916 2357 989 μὶν
2418 914 2506 971 οὖν
2569 916 2884 993 εὐχαριστία
2938 916 3160 985 τοιαύτη
3396 915 3485 978 Τίς
3565 914 3796 985 λαλήσει

2141 1003 2239 1067 τὰς
2288 1003 2595 1067 δυναστείιος
2645 1010 2741 1060 τοῦ
2790 1004 3029 1079 Κυρίου;
3096 1004 3191 1067 Τίς
3243 1002 3301 1058 δὲ
3362 1006 3556 1066 πάσαις
3612 1004 3798 1067 ἀκοαῖς

2142 1095 2475 1170 παραστήσει
2522 1095 2620 1163 τήν
2672 1093 2759 1148 ἐπὶ
2806 1100 2963 1150 πᾶσιν
3018 1096 3091 1167 (9)
3161 1090 3397 1162 ai’veo’w;
3468 1092 3549 1147 δτι
3617 1094 3801 1169 γέγονε

2143 1183 2209 1237 τά
2237 1182 2517 1260 ἀμφότερα
2544 1180 2622 1257 ἓν,
2673 1183 2763 1238 καὶ
2814 1184 2877 1238 τὸ
2914 1182 3240 1257 μεσότοιχον
3271 1186 3367 1237 τοῦ
3398 1187 3650 1259 φραγμοῦ
3681 1179 3798 1236 δια-

2145 1270 2406 1328 λέλυται·
2481 1270 2564 1327 ὅτι
2632 1270 2863 1334 ἔπαυσας
2940 1274 3090 1345 ἡμᾶς
3158 1267 3316 1333 ὄντας
3372 1265 3692 1347 παραϐολὴν
3752 1271 3804 1325 ἐν

2143 1366 2259 1423 τοῖς
2317 1359 2508 1430 ἔθνεσι,
2566 1360 2776 1431 κίνησιν
2835 1359 3076 1439 κεφαλῆς
3137 1359 3188 1416 ἐν
3247 1365 3366 1422 τοῖς
3442 1357 3641 1422 λαοῖς·
3719 1356 3805 1415 ὅτι

2143 1455 2400 1506 τοσοῦτον
2428 1454 2576 1524 ἡμᾶς
2630 1450 2926 1523 ἐκάκωσας,
2988 1448 3111 1505 ὅσον
3159 1453 3222 1505 τὸ
3275 1456 3375 1519 τῆς
3408 1448 3632 1524 εἶ’ρήνης
3667 1449 3805 1525 ἀγα-

2144 1540 2233 1594 θὸν
2291 1543 2360 1613 τῇ
2423 1537 2692 1595 διαστάσει
2753 1539 3036 1617 γνωρίσαι,
3108 1538 3199 1594 καὶ
3280 1537 3467 1614 ἀλγεῖν
3543 1540 3803 1611 ποιήσας,

2145 1627 2310 1683 πάλιν
2370 1628 2847 1699 ἀποκατέστησας·
2928 1626 2972 1682 ὥ
3040 1632 3137 1683 τοῦ
3194 1623 3498 1704 παραδόξου
3554 1633 3655 1697 τῆς
3729 1627 3809 1682 ία-

2144 1716 2362 1789 τρείαςί
2413 1715 2703 1780 παιδεύσας
2751 1717 2826 1779 εἷς
2870 1717 3090 1793 εἰρήνην
3141 1714 3230 1772 διὰ
3276 1722 3376 1772 τοῦ
3421 1716 3609 1790 μίσους
3646 1737 3805 1789 μιση-

2146 1806 2326 1869 θέντος
2375 1809 2487 1881 (10)
2535 1807 2609 1869 ὡς
2656 1809 2907 1883 τάχιστα,
2956 1806 3047 1861 καὶ
3097 1805 3178 1879 τῷ
3220 1805 3442 1879 ἐναντίῳ
3468 1807 3531 1861 τὸ
3563 1805 3799 1861 ἐναντίον

2147 1897 2533 1969 οἰκονομήσας,
2593 1895 2684 1951 καὶ
2758 1900 3016 1952 τοσοῦτον
3090 1898 3238 1968 ἡμᾶς
3314 1893 3610 1967 διαζεύξας,
3674 1893 3799 1949 ὅσον

2148 1985 2506 2063 θερμοτέρους
2564 1982 2935 2062 προσδραμεῖν
3006 1984 3320 2055 ἀλλήλοις·
3400 1984 3637 2060 καθάπερ
3692 1989 3798 2039 τῶν

2148 2080 2326 2153 φυτῶν
2380 2075 2413 2129 ἃ
2466 2074 2557 2151 βίᾳ
2612 2073 2768 2151 χερσί
2831 2075 3243 2148 μετασπώμενα,
3318 2073 3432 2127 εἶτα
3515 2071 3799 2151 ἀφιέμενα,

2146 2167 2283 2237 πρὸς
2315 2165 2476 2220 ἑαυτὰ
2505 2162 2672 2219 πάλιν
2708 2162 3010 2240 ἀνατρέχει,
3056 2163 3145 2217 καὶ
3192 2163 3291 2231 τὴν
3340 2163 3564 2237 πρώτην
3598 2163 3799 2216 ἑαυτῶν

2145 2253 2324 2331 φύσιν,
2381 2252 2470 2309 καὶ
2529 2251 2762 2308 δείκνυσὶ
2820 2251 2882 2306 τὸ
2939 2251 3139 2306 οἰκεῖον
3190 2250 3281 2325 βίᾳ
3332 2251 3426 2324 μὲν
3490 2250 3793 2306 ἀποκλινό-

2151 2363 2303 2416 μενα,
2358 2342 2420 2397 οὐ
2474 2343 2565 2417 βίᾳ
2613 2340 2671 2396 δὲ
2716 2341 3083 2417 ἀνορθούμενα
3123 2342 3271 2414 (11)ι
3324 2339 3408 2395 ὅτι
3443 2340 3636 2413 μηκέτι
3668 2342 3796 2416 χεὶρ

2145 2434 2236 2487 τὸν
2272 2430 2551 2510 ὀφθαλμὸν
2590 2435 2922 2509 περιφρονεῖ.
2959 2426 3089 2502 μηδ’
3123 2426 3407 2507 ὀφθαλμὸς
3434 2431 3549 2503 (12)
3598 2434 3760 2505 χεῖρα
3788 2449 3801 2461 ·

2148 2519 2230 2575 ὅτι
2288 2521 2482 2593 μηκὲτι
2531 2517 2713 2574 ποδῶν
2760 2517 3187 2593 κατεξανίσταται
3237 2516 3478 2595 κεφαλὴ,
3532 2515 3668 2591 μηδὲ
3716 2539 3804 2573 κε-

2148 2609 2328 2688 φαλῆς
2388 2608 2807 2685 ἀλλοτριοῦνται
2863 2606 3047 2681 πόδες,
3106 2607 3168 2662 οὐ
3233 2605 3445 2681 μᾶλλον
3513 2610 3623 2680 (13)
3668 2605 3804 2681 βλά-

2148 2720 2369 2760 πτοντες
2416 2699 2451 2767 ἢ
2510 2698 2881 2772 βλαπτόμενοι
2936 2701 3003 2772 τῇ
3062 2695 3250 2769 ἀταξίᾳ
3304 2697 3391 2751 καὶ
3448 2696 3703 2773 ἀναρχίᾳ,
3763 2697 3799 2765 ἢ

2146 2791 2236 2844 καὶ
2293 2791 2407 2864 (14)
2457 2794 2554 2844 τοῦ
2610 2789 2810 2851 παντός
2873 2789 2983 2843 ἐστι
3040 2788 3302 2864 σύγχυσις
3356 2789 3446 2843 καὶ
3507 2785 3798 2850 διάλυσις·

2147 2877 2293 2934 ἀλλὰ
2346 2880 2409 2933 τὸ
2464 2878 2591 2933 αὐτὸ
2653 2880 2783 2954 ὑπὲρ
2843 2876 3108 2949 ἀλλήλων
3174 2882 3477 2953 μεριμνῶσι
3535 2876 3604 2932 τὰ
3653 2876 3794 2950 μέλη

2144 2967 2287 3041 τάξει
2354 2968 2442 3022 καὶ
2499 2970 2682 3041 θεσμῷ
2738 2967 2967 3046 φύσεως,
3020 2972 3098 3038 τῷ
3145 2968 3258 3039 (15)
3315 2965 3383 3021 δι’
3429 2964 3695 3037 ἀλλήλων
3731 2969 3801 3020 τὰ

2146 3060 2321 3113 πάντα
2375 3056 2696 3130 συνδησαντι
2747 3058 2837 3114 καὶ
2913 3056 3245 3135 φυλάξαντιο
3320 3059 3410 3112 καὶ
3480 3059 3795 3135 πειρήναμεν

2144 3144 2200 3203 ἓν
2231 3153 2387 3222 σῶμα
2417 3149 2505 3203 καὶ
2537 3153 2751 3222 πνεῦμα
2793 3145 2867 3222 ἓν,
2918 3148 3096 3212 καθὼς
3146 3146 3236 3201 καὶ
3267 3144 3583 3220 κεκλήμεθα
3613 3146 3663 3202 ἐν
3701 3150 3801 3220 μιᾷ

2148 3235 2332 3293 ἐλπίδι
2359 3245 2461 3309 τῆς
2489 3236 2757 3309 κλήσεως.

387 3323 773 3396 vat,idipsum
806 3340 911 3395 pro
943 3323 1190 3380 invicem
1238 3324 1487 3381 sollicita
1518 3330 1657 3381 sunt
1687 3328 1952 3383 membra
1970 3329 2033 3395 ιθ,
2067 3346 2398 3403 corpusque
2427 3345 2633 3399 unum,
2666 3332 2724 3384 et
2753 3328 2995 3401 spiritus
3022 3344 3178 3384 unus
3209 3326 3573 3399 exsistimus,
3600 3343 3809 3398 quem-

390 3413 712 3470 admodum
742 3416 800 3468 et
832 3412 892 3469 in
919 3430 1037 3468 una
1058 3430 1161 3485 spe
1186 3414 1508 3471 vocationis
1534 3416 1720 3472 vocati
1751 3434 1960 3473 sumus
1980 3418 2043 3472 ⁸ο.

459 3502 551 3558 ΙΧ.
602 3503 911 3574 Propterea
960 3502 1227 3559 laudabit
1280 3507 1338 3559 te
1396 3503 1649 3577 populus
1697 3522 1937 3578 pauper,
1979 3524 2043 3563 ex

2232 3507 2306 3562 ϐ’.
2340 3507 2438 3561 Διά
2484 3509 2644 3560 τοῦτο
2694 3505 2722 3560 ὁ
2775 3501 2907 3567 λαὸς
2960 3505 2988 3559 ὁ
3037 3504 3263 3579 πτωχὸς
3302 3501 3497 3559 αἰνέσει
3529 3523 3608 3574 σε,
3637 3500 3817 3557 πλού-

392 3593 567 3666 inope
606 3592 734 3664 jam
788 3592 947 3648 dives
1001 3593 1242 3649 effectus
1274 3593 1660 3665 51;quoniam
1722 3595 2050 3653 miriﬁcasti

389 3699 567 3755 super
596 3698 703 3737 nos
734 3681 1171 3738 misericordias
1212 3686 1347 3739 tuas
1377 3684 1446 3751 7’,
1480 3688 1656 3756 atque
1705 3684 1776 3740 ad
1824 3690 2049 3742 veteres

390 3771 756 3828 narrationes
813 3770 1035 3843 aliquid
1086 3772 1355 3830 accessit.
1399 3773 1499 3830 Ubi
1536 3775 1686 3829 enim
1740 3775 2050 3831 abundavit

394 3862 684 3933 iniquitas,
707 3860 1176 3933 superabundavit
1222 3864 1411 3933 gratia
1456 3863 1520 3931 ³³,
1564 3862 1866 3934 quoniam,
1912 3880 2049 3919 cum

394 3967 646 4023 granum
679 3949 1288 4022 seminassem,spicas
1320 3951 1508 4024 recepi
1538 3969 1551 4020 ;
1576 3968 1708 4007 cum
1733 3969 1868 4009 oves
1890 3953 2049 4027 luge-

394 4044 828 4113 rem,pastores
878 4041 1120 4113 insuper
1170 4043 1418 4114 adeptus
1475 4059 1646 4098 sum:
1683 4060 1786 4098 nec
1818 4043 2044 4113 dubito,

396 4130 534 4201 quin
571 4133 873 4201 pastorum
896 4130 1447 4201 prastantissimum
1471 4137 1886 4205 assumpturus
1910 4132 2044 4201 sim,

2159 3616 2272 3658 σιος
2303 3595 2355 3666 ἐξ
2385 3594 2593 3672 ἀπόρου
2653 3593 2943 3670 γενόμενος
2993 3595 3107 3667 (16)
3132 3612 3144 3625 °
3190 3592 3273 3648 ὅτι
3311 3592 3725 3667 ἐθαυμάστωσας
3754 3592 3825 3647 τὰ

2160 3684 2238 3760 ἐφ’
2288 3687 2436 3757 ἡμᾶς
2488 3682 2614 3751 ἐλὲη
2668 3705 2782 3752 σου,
2841 3684 2931 3738 καὶ
2989 3681 3359 3759 προστέθειταί
3416 3703 3470 3737 τι
3527 3684 3642 3757 (17)
3695 3686 3820 3744 τοῖς

2157 3770 2417 3835 παλαιοῖς
2476 3770 2831 3848 διηγήμασιν.
2880 3772 2956 3830 Οὗ
3005 3772 3108 3848 γὰρ
3158 3769 3476 3827 ἐπλεόνασεν
3525 3773 3561 3839 ἡ
3634 3773 3819 3847 ἁμαρ-

2155 3861 2263 3935 τία,
2326 3862 2827 3940 ὑπερεπερίσσευσεν
2901 3863 2937 3931 ἠ
3016 3858 3218 3938 χάρις’
3285 3859 3389 3932 ὅτι,
3463 3859 3664 3915 κόκκον
3719 3882 3821 3915 κα-

2155 3947 2408 4007 ταϐαλὼν
2469 3954 2605 4026 (18),
2664 3949 2864 4027 στάχυν
2922 3948 3298 4024 ἐκομισάμην·
3383 3944 3489 4020 ὅτι,
3569 3943 3820 4024 πρόϐατα

2156 4042 2382 4112 πενθων,
2442 4040 2705 4114 ποιμένας
2762 4043 2873 4114 (19)
2932 4037 3439 4115 προσεκτησάμην·
3492 4037 3582 4093 καὶ
3640 4058 3819 4113 προσ-

2157 4129 2372 4204 ήψομαί
2430 4151 2512 4205 γε,
2574 4131 2629 4184 εὗ
2687 4127 2826 4201 οῖδα,
2893 4134 2999 4184 τῶν
3058 4129 3336 4202 ποιμένων
3393 4127 3485 4183 τὸν
3542 4129 3821 4201 τιμιώτα-

470 4260 698 4339 “_Psal.
732 4265 907 4339 αις-2.
936 4263 1041 4339 “‘1
1059 4262 1268 4339 Ephes.
1301 4263 1363 4331 ii,
1397 4267 1507 4339 14η
1564 4267 1607 4339 f3
1666 4266 1785 4321 Pal.
1842 4283 2002 4333 XLIII,

2216 4266 2261 4301 ⁸ο
2291 4267 2314 4320 Ι
2340 4266 2467 4322 Cor.
2504 4282 2609 4332 xu,
2638 4267 2730 4321 25.
2809 4266 2853 4301 ⁸ο
2883 4265 3092 4339 Ephes.
3126 4282 3200 4336 Iv,
3232 4265 3281 4320 4.
3361 4265 3405 4301 δι
3437 4265 3547 4321 Isa.
3596 4280 3729 4329 xxv,
3762 4264 3817 4317 3.

404 4333 554 4392 Psal.
590 4350 786 4403 LXXIII,
812 4335 901 4390 21.
935 4334 979 4369 ⁵⁸
1008 4333 1160 4391 Psal.
1190 4352 1307 4404 xvx,
1335 4340 1389 4392 7.
1469 4338 1515 4371 ⁵³
1565 4337 1733 4394 Rom.
1758 4355 1816 4408 v,
1847 4338 1939 4394 20.

493 4488 553 4564 7)
583 4483 688 4564 Καὶ
749 4481 855 4564 ’διοὶι
899 4487 1219 4564 AOmittitur
1273 4486 1385 4558 καί,
1421 4488 1482 4545 in
1541 4490 1677 4564 Reg.
1708 4491 1832 4560 bm,
1864 4490 2054 4548 tribus

473 4486 553 4614 (7)
583 4486 688 4542 Καὶ
749 4486 855 4543 διά.
916 4488 947 4545 C

396 4560 472 4615 Co
503 4560 581 4629 b.,
617 4556 713 4613 Or.
734 4559 774 4629 Δ1
806 4562 862 4614 et
890 4561 947 4615 2.

472 4625 841 4713 (ῷξιτριαρτη.
877 4633 1042 4690 Deest
1085 4631 1146 4687 in
1198 4631 1373 4705 Regg.
1411 4649 1466 4703 a,
1498 4634 1619 4702 bm,
1651 4633 1843 4690 tribus
1890 4633 2051 4691 Colb.

399 4700 970 4849 °t(gi)i§1i23&am,«
1005 4775 1291 4849 Omnibus
1323 4790 1735 4849 communem;
1762 4796 1793 4849 η
1808 4792 1874 4832 eo
1897 4777 2052 4849 quod

396 4861 601 4919 omnes
632 4862 698 4901 ac
728 4846 943 4919 singuli
977 4846 1203 4919 placide
1223 4848 1615 4904 convenerint.
1636 4851 1763 4904 Non
1784 4846 1931 4905 bene
1946 4848 2054 4904 Bil-

401 4917 518 4975 lius
544 4936 555 4973 :
590 4917 866 4975 omnibus
897 4917 1193 4975 debausis
1222 4920 1503 4975 debitam.
1534 4940 1562 4969 »

468 4990 581 5061 (10)
611 4985 964 5064 Μισηθέντος.
998 4992 1090 5064 Sic
1140 4993 1317 5064 Regg.
1365 4991 1590 5064 8.,Α1ΠΠ,
1638 4990 1741 5064 hu,
1791 4990 2023 5064 Goisl.1

394 5032 489 5118 0r‘.
522 5032 579 5130 2:
613 5067 720 5119 etc.
745 5032 889 5130 lQuae
918 5032 1091 5119 lectio
1121 5032 1331 5119 mefigr
1376 5033 1627 5119 v’idetu'r.
1660 5033 1820 5120 Hanc
1850 5032 2050 5120 lectio:
2080 5044 2127 5110 D

396 5150 531 5190 nem
562 5134 769 5190 Billius
796 5136 854 5190 in
886 5135 1078 5206 prima
1102 5134 1358 5190 editione
1387 5140 1648 5203 secutus,
1681 5135 2047 5191 reddiderat:

396 5228 424 5257 ‹‹
457 5221 559 5279 per
588 5208 791 5263 odium
823 5222 928 5262 nos
958 5206 1159 5263 statim
1182 5205 1287 5279 tibi
1319 5207 1392 5279 ob
1424 5223 1553 5263 eam
1574 5222 1706 5279 rem
1738 5224 1944 5264 exesos
1974 5208 2046 5263 ad

395 5277 600 5351 pacem
631 5279 956 5351 instruens.
977 5300 1006 5328 ››
1038 5282 1147 5351 etc,
1180 5277 1354 5347 Editi,
1392 5278 1738 5351 μισηθέντας.

632 5349 1053 5423 ’ᾼνορθοῦμενα.
1106 5349 1184 5405 Or
1219 5392 1232 5404 .
1291 5352 1317 5405 1
1394 5349 1517 5407 etB
1550 5393 1564 5420 ,
1624 5350 1998 5422 ἀποσπώμενα
2032 5394 2049 5423 ,

401 5441 429 5471 ‹‹
461 5421 930 5475 abstrahantur.»

468 5492 581 5560 (12)
612 5488 1086 5577 Μηδχόιρθαλμός.
1122 5493 1267 5619 Reg.
1296 5492 1418 5549 bm.
1447 5489 1586 5565 μηδὲ
1618 5490 1935 5576 ὀφθαλμός..

473 5562 588 5619 (13)
620 5563 699 5615 Ou
725 5561 962 5619 μαλλον.
996 5570 1104 5619 etc.
1140 5566 1201 5619 B1
1232 5566 1345 5619 lius
1372 5584 1383 5619 :
1413 5586 1439 5615 ί(
1472 5565 1583 5619 hac
1614 5567 1935 5619 perturbati

406 5633 417 5644 .
473 5561 699 5643 (13)”06
725 5561 976 5649 name.
996 5570 1104 5649 etc.
1140 5561 1345 5621 Billius
1372 5584 1383 5621 :
1413 5561 1583 5621 «hac
1614 5561 2053 5649 perturbatione

402 5638 751 5705 imperiique
771 5638 1326 5709 repudiatione,quaa
1345 5655 1556 5710 corpus
1573 5639 1910 5695 universum
1924 5654 2054 5693 con-

407 5704 603 5760 fundit
642 5709 967 5781 etAevertit,
998 5725 1114 5764 non
1165 5708 1299 5781 plus
1346 5710 1681 5769 detrimenti
1726 5712 2054 5780 afferentes,

402 5791 579 5847 quam
610 5753 983 5854 ambientes:
1011 5802 1042 5834 »
1072 5750 1199 5839 etcf
1272 5750 1299 5767 ν
1346 5750 1416 5767 “”
1475 5750 1681 5769 ““⁹““
1726 5750 2056 5780 ⁸³⁸¹ν⁴ν¹⁴υννν

2161 4561 2195 4629 ἢ
2240 4486 2665 4614 Ἀναρχία,
2714 4488 2749 4557 ἢ
2810 4484 2919 4544 καί.
2980 4487 3074 4545 Sic
3131 4488 3245 4544 Or.
3301 4489 3365 4543 2.
3422 4488 3527 4544 Ed.
3584 4485 3821 4562 ἀναρχίᾳ

2221 4580 2329 4615 κα.

2221 4580 2329 4615 και.

2259 4634 2346 4700 15)
2366 4633 2473 4701 Τῷ.
2509 4635 2680 4688 Deest
2708 4631 2769 4687 in
2800 4631 2939 4701 Reg.
2971 4631 3094 4687 bm.

2248 4701 2347 4828 ἑὸ)
2378 4701 2696 4777 Γενόμενος.
2730 4703 2827 4761 Sic
2885 4701 3065 4776 Regg.
3099 4719 3155 4770 a,
3191 4702 3313 4772 bm,
3373 4701 3476 4758 hu.
3528 4704 3661 4758 Par.
3692 4702 3817 4758 edit

2285 4794 2459 4828 μενος.

2200 4794 2275 4828 W0
2284 4794 2459 4835 μενος.

2160 4796 2459 4851 γινομενος.

2232 4848 2346 4918 (17)
2378 4846 2467 4903 Τι.
2501 4845 2675 4918 Deest
2703 4845 2763 4902 in
2794 4846 2930 4918 Reg.
2965 4862 3018 4914 a,
3042 4847 3097 4899 et
3127 4843 3223 4918 _0r.
3254 4844 3278 4900 4
3308 4848 3369 4901 et
3386 4847 3441 4899 2.

2231 4916 2344 4988 (18)
2376 4916 2728 4973 Καταοαλών.
2767 4940 2797 4967 ‹‹
2841 4916 3326 4988 Gumsevissem,
3358 4916 3808 4973 seminassem-

2163 4987 2263 5046 Sin
2295 4995 2633 5063 constanter
2665 4991 2868 5063 legunt
2887 4987 3138 5057 codices,
3164 4988 3339 5063 idque
3362 5011 3383 5037 ι
3409 4990 3578 5063 grani
3610 5003 3678 5044 ac
3700 4989 3812 5057 spi-

2162 5078 2240 5134 cae
2267 5084 2294 5111 »
2326 5062 2671 5134 metaphora
2724 5060 2957 5134 videtur
3002 5060 3317 5134 postulare.
3362 5060 3568 5134 Billius
3614 5064 3813 5116 tamen

2160 5133 2345 5189 Eliam
2374 5130 2610 5217 secutus
2640 5133 2801 5207 legit,
2823 5130 3142 5201 ἀποοαλών,
3165 5136 3223 5188 et
3248 5131 3443 5199 vertit,
3467 5154 3495 5183 «
3523 5148 3658 5188 cum
3682 5147 3811 5204 gra-

2159 5222 2302 5261 num
2335 5222 2726 5272 amissmsem,
2760 5227 2789 5255 ὓ

2227 5277 2338 5349 (19)
2373 5277 2668 5349 Ποιμὲνας.
2702 5274 2985 5349 Intelligit
3030 5272 3143 5349 hic
3177 5273 3495 5347 Gregorius
3529 5272 3814 5347 quosdam

2159 5346 2331 5404 ex‘iis'
2353 5346 2687 5415 monachis,
2715 5349 2817 5421 qui
2846 5365 2880 5404 a
2902 5346 3185 5421 Gregorio
3229 5346 3399 5421 patre
3423 5346 3812 5421 secesserant,

2159 5421 2377 5491 quique
2407 5417 2751 5477 schismatis
2776 5417 3117 5493 tempore—in
3147 5439 3177 5469 (ι
3203 5417 3576 5493 sacerdotum
3600 5443 3627 5470 ››
3653 5417 3811 5475 ordi-

2161 5490 2299 5547 nem
2324 5494 2501 5548 evecti
2552 5494 2803 5564 fuerant,
2837 5514 2866 5544 ‹‹
2898 5490 3663 5564 sacerdotumdrinquam,
3696 5504 3809 5544 non

2159 5580 2307 5637 vero
2328 5586 2348 5614 ι
2376 5560 2806 5637 episcoporum,
2832 5586 2860 5614 »
2890 5567 2954 5618 ut
2978 5560 3186 5637 Billius
3207 5577 3274 5617 ex
3300 5561 3422 5637 Elia
3436 5560 3642 5637 minus
3664 5566 3816 5637 recte

2160 5635 2377 5709 tradit:
2409 5632 2525 5709 nisi
2556 5632 2755 5694 secum
2784 5639 3005 5709 pugnet
3034 5634 3210 5701 Elias,
3233 5632 3332 5709 qui
3362 5633 3516 5690 infra
3552 5650 3714 5690 num.
3751 5634 3809 5687 11

2161 5707 2270 5764 hos
2303 5708 2621 5767 monachos
2651 5710 2756 5767 «in
2773 5706 3144 5767 sacerdotum
3165 5706 3431 5766 ordinem
3462 5709 3764 5781 cooptatos
3783 5725 3811 5755 η

2162 5779 2378 5839 diserte
2407 5781 2632 5841 scribit.

2204 5781 2378 5839 iserte
2407 5781 2632 5841 scribit.
