4244 6216
381 407 502 469 733

1572 406 1870 470 ORATIO
1915 403 2019 467 VI.
2054 434 2134 451 —
2160 404 2265 466 DE
2305 405 2509 470 PACE
2551 407 2603 470 I.

3671 412 3790 472 ’134

378 562 469 597 τον
518 541 654 615 (20),
703 538 749 595 εί
796 540 885 596 καὶ
934 538 1125 616 λόγοις
1174 538 1281 595 τισὶ
1324 546 1706 615 πνευματικοῖς
1754 541 1853 610 τὴν
1906 560 2025 594 ποι-

2143 541 2374 598 tametsi
2409 543 2794 615 spritualibus
2816 545 3172 618 quibusdam
3191 544 3517 601 rationibus
3537 546 3789 617 pastoris

387 632 651 704 μαντικῆν
728 626 1089 686 ἀναϐάλλεται
1165 632 1298 704 (2|),
1376 630 1721 687 πιστευθέντα
1794 630 1886 706 μὶν
1965 631 2027 686 τὸ

387 726 607 795 Πνεῦμα
664 721 754 776 καὶ
808 725 915 775 τῶν
972 719 1248 777 ταλάντων
1304 722 1404 791 τήν
1465 721 1732 797 ἐργασίαν,
1792 721 1881 776 καὶ
1930 724 2028 776 τοῦ

383 809 645 884 ποιμνίου
704 811 802 879 τὴν
856 807 1194 883 ἐπιμέλειαν,
1253 811 1339 865 οιαὶ
1396 810 1687 886 χρισθέντα
1742 814 1820 882 τῶ
1875 809 1971 885 χρί
2004 843 2026 852 -

386 921 553 973 σματι
600 906 698 969 τῆς
762 900 1060 975 ἱερωσύνης
1112 899 1201 954 καὶ
1247 898 1621 971 τελειώσεως,
1671 898 1748 954 ἔτι
1798 896 1856 953 δὲ
1903 898 2028 953 ἀνα-

384 985 729 1062 ϐαλλόμενον
778 990 878 1058 τὴν
930 988 1235 1044 ἐπιστασίαν
1288 989 1390 1045 ὑπὸ
1422 988 1629 1067 σοφίας,
1661 988 1751 1043 καὶ
1796 988 1889 1043 τὸν
1931 986 2028 1043 λύ-

382 1098 516 1155 χνον
550 1079 653 1134 ὑπὸ
694 1081 773 1149 τῷ
825 1076 1002 1151 μοδίῳ
1048 1079 1347 1154 κατέχοντα
1377 1079 1455 1151 (δν
1500 1079 1649 1149 θήσει
1694 1078 1807 1150 μετ’
1840 1075 2026 1151 ὀλίγον

383 1167 472 1223 ἐπὶ
527 1169 628 1237 τήν
689 1165 938 1243 λυχνίαν,
998 1172 1168 1222 πᾶσαν
1226 1168 1325 1236 τήν
1384 1170 1498 1240 (22)
1555 1174 1654 1237 τῆς
1700 1164 2026 1236 Ἐκκλησίας

384 1258 567 1334 ψυχὴν
618 1254 1069 1333 περιλάμψοντα,
1117 1255 1207 1311 καὶ
1257 1260 1371 1331 φῶς
1427 1261 1546 1319 ταῖς
1601 1251 1811 1329 τρίϐοις
1867 1257 2025 1327 ἡμῶν

385 1347 706 1420 ἐσόμενον),
753 1343 830 1402 ἔτι
879 1345 1307 1421 περισκοποῦντα
1362 1344 1551 1418 νάπας,
1608 1345 1695 1401 καὶ
1756 1340 1881 1422 ὅρη,
1938 1344 2028 1399 καὶ

382 1434 610 1509 νάματα,
670 1436 758 1491 καὶ
815 1441 932 1497 τοῖς
993 1436 1188 1512 ἄρπαξι
1250 1440 1358 1490 τῶν
1412 1438 1604 1511 ψυχῶν
1664 1432 1853 1495 λύκοις
1912 1432 2028 1488 ἐπι-

383 1531 611 1582 νοοῦντα
666 1528 904 1601 θήρατρα
939 1569 953 1597 ,
1006 1523 1081 1579 ἵν’
1140 1525 1191 1579 ἐν
1268 1529 1442 1598 καιρῷ
1516 1523 1713 1596 εὐθέτῳ
1783 1524 1871 1578 καὶ
1928 1524 2025 1592 τὴν

388 1616 683 1690 βακτηρίαν
745 1613 993 1687 δέξηται,
1052 1617 1141 1669 καὶ
1219 1615 1593 1688 συμποιμαίνῃ
1650 1618 1727 1685 τῷ
1786 1613 2030 1684 ἀληθινῷ

381 1705 748 1778 ποιμένι
805 1705 867 1759 τὸ
924 1701 1148 1780 λογικὸν
1206 1708 1366 1759 τοῦτο
1426 1704 1703 1776 ποίμνιον,
1765 1702 1815 1758 ἐν
1874 1702 2029 1775 τόπῳ

383 1793 567 1869 χλόης
621 1796 972 1864 κατασκηνῶν
1041 1798 1159 1855 τοῖς
1218 1790 1485 1849 ἀειθαλέσι
1559 1797 1656 1847 τοῦ
1714 1797 1846 1847 Θεοῦ
1905 1790 1971 1846 Αό
2005 1822 2026 1833 -

382 1903 504 1957 γοις
560 1885 673 1954 (24)
709 1881 798 1936 καὶ
856 1881 1123 1961 ἰκτρέφων
1184 1879 1335 1936 ὕδατι
1403 1881 1746 1942 ἀναπαύσεως
1781 1924 1794 1948 ,
1856 1878 2027 1935 εἷ’τουν
2062 1916 2108 1981 Β

388 1970 681 2043 Πνεόματι.
730 1974 900 2025 Τοῦτο
956 1971 1049 2042 μὲν
1101 1969 1191 2024 οὖν
1236 1971 1326 2025 καὶ
1388 1969 1677 2044 ἐλπίζομεν
1722 1971 1811 2024 καὶ
1864 1969 2025 2045 εὐχό-

391 2060 541 2133 μεθα·
580 2059 703 2132 ἐμοὶ
754 2056 810 2115 δὲ
856 2056 966 2128 ἤδη
1012 2058 1200 2136 καιρὸς
1248 2061 1557 2136 προσθεῖναι
1605 2063 1672 2131 τῇ
1715 2058 2031 2134 εὐχαριστίᾳ

386 2150 479 2204 καὶ
527 2151 625 2217 τήν
680 2149 988 2223 παραίνεσιν
1021 2166 1032 2182 ⁶
1088 2151 1392 2222 ποιήσομαι
1444 2147 1501 2203 δὲ
1542 2146 1628 2203 καί
1674 2147 1896 2217 ταύτην,
1957 2147 2030 2208 ὡς

393 2239 509 2293 οἷόν
556 2260 638 2309 τε,
700 2240 1068 2315 βραχυτάτην,
1121 2235 1308 2307 ἐπειδή
1357 2239 1419 2293 τὸ
1468 2237 1721 2293 πλεῖστον
1769 2243 1867 2305 τῆς
1914 2257 2031 2290 νου-

388 2328 567 2390 θεσίας
620 2325 708 2383 διά
750 2333 858 2383 τῶν
908 2326 1083 2404 ἔργων
1138 2327 1313 2382 αὐτῶν
1360 2326 1731 2405 προειλήφατε
1779 2328 1891 2399 (25)
1941 2325 2030 2381 καὶ

391 2416 454 2471 οὗ
517 2417 862 2493 μακροτέρων
919 2414 1002 2473 δεῖ
1064 2415 1242 2493 λόγων
1292 2421 1408 2479 τοῖς
1464 2415 1621 2489 πείρᾳ
1671 2411 2031 2488 πεπαιδευμὲ-

392 2526 530 2567 νοις.

468 2596 522 2651 Γ.
553 2593 699 2650 Ἔδει
754 2596 868 2668 μὲν,
921 2592 1169 2672 ἀδελφοὶ,
1226 2596 1362 2669 μήτε
1410 2591 1743 2669 διαιρεθῆναι
1790 2593 1852 2646 τὸ
1882 2594 2033 2667 πρῶ-

388 2705 529 2754 τον,
588 2687 725 2756 μήτε
776 2686 839 2739 τὸ
897 2683 1127 2739 παλαιὸν
1201 2687 1335 2756 ἡμῖν
1402 2682 1765 2751 καταλυθῆναι
1823 2680 2037 2752 ἀξίωμα

388 2774 480 2827 καὶ
529 2772 922 2846 καλλώπισμα·
974 2775 1041 2845 ᾦ,
1080 2772 1257 2828 καίτοι
1311 2773 1504 2848 μικρὰν
1537 2774 1649 2845 (26)
1690 2768 1846 2825 οὖσαν
1874 2773 2032 2842 ἡμῶν

387 2864 489 2931 τὴν
552 2861 809 2935 ποίμνην,
868 2862 955 2916 καὶ
1021 2860 1151 2935 μηδ’
1210 2860 1564 2933 ὀνομάζεσθαι
1626 2859 1769 2929 ἀξίαν
1819 2862 1931 2932 ('27)
1981 2858 2033 2913 ἐν

384 2952 668 3024 ποιμνίοις
731 2951 1198 3027 ἀριθμουμένοις,
1253 2956 1369 3012 τοῖς
1447 2949 1719 3025 μεγίστοις
1792 2947 1843 3019 ἐξ
1914 2948 2033 3003 ἴσου

382 3043 539 3117 εἶχον
598 3040 687 3095 καὶ
745 3039 1106 3102 πλατυτάτοις
1141 3060 1152 3071 ’
1209 3037 1319 3096 ἔστι
1385 3037 1431 3094 δ’
1508 3040 1580 3093 ὢν
1636 3037 1724 3092 καὶ
1784 3036 1972 3113 προετί
2006 3070 2034 3081 -

379 3143 510 3195 θουν
545 3133 657 3204 (28)
710 3130 761 3185 ἐν
822 3134 890 3204 τῇ
951 3128 1169 3203 δυνάμει
1226 3133 1324 3184 τοῦ
1382 3127 1718 3202 Πνεύματος.
1781 3126 1883 3182 Καὶ
1929 3126 2032 3201 γὰρ

378 3219 556 3275 οὕτως
590 3220 733 3296 εἶχεν
766 3223 900 3293 (29),
934 3217 1106 3274 ἄλλου
1160 3219 1255 3291 μὲν
1303 3216 1444 3273 ἄλλο
1491 3238 1543 3271 τι
1593 3214 1965 3288 καλλώπισμα
1993 3216 2028 3284 ἢ

380 3274 680 3384 μικρὸνμί),
734 3274 943 3381 μεῖζον,
991 3315 1093 3376 τῆς
1157 3274 1215 3361 δὲ
1263 3305 1534 3383 ἡμετέρας
1586 3304 1827 3379 ποίμνης
1875 3274 2031 3358 ἷζδιώζ
2062 3274 2104 3343 C

374 3418 536 3453 τατον
595 3399 661 3467 ἦν
722 3401 837 3469 (30)
891 3399 952 3452 τὸ
1019 3394 1289 3474 ἄρρηκτόν
1350 3416 1411 3451 τε
1480 3395 1570 3449 καὶ
1635 3394 2029 3449 ἀστασίαστον·

382 3485 520 3541 ὥστε
571 3484 629 3541 δὲ
674 3488 788 3560 (31)
835 3486 924 3540 καὶ
977 3486 1077 3555 τὴν
1136 3488 1256 3539 Νῶε
1312 3480 1547 3539 κιϐωτὸν
1594 3481 1863 3545 πολλάκις
1919 3485 2033 3556 (32)

380 3576 751 3648 ἀνομασθῆναι
783 3620 798 3648 ,
862 3574 1033 3647 μόνην
1091 3572 1456 3653 διαφυγοῦσαν
1511 3575 1610 3641 τήν
1668 3577 1766 3627 τοῦ
1823 3571 2032 3645 κόσμου

380 3665 581 3726 παντὸς
639 3664 940 3734 ἐπίκλυσιν,
995 3665 1085 3718 καὶ
1143 3666 1210 3719 τά
1265 3664 1547 3740 σπέρματα
1604 3668 1702 3730 τῆς
1762 3656 2032 3723 εὐσεϐείας

381 3753 433 3808 ἐν
465 3753 601 3826 αὐτῇ
634 3756 747 3827 (34)
780 3754 1172 3823 ὀιασώζουσαν.
1225 3750 1445 3821 Ἐπειδὴ
1491 3749 1548 3806 δὲ
1597 3754 1709 3824 (33)
1754 3748 2033 3824 ἠλέγχθη-

390 3863 486 3915 μεν
540 3837 689 3904 ὄντες
736 3839 1013 3916 ἄνθρωποι
1042 3888 1056 3914 ,
1108 3840 1197 3896 καὶ
1250 3840 1312 3897 οὐ
1360 3841 1531 3910 πάντη
1584 3837 1908 3916 διεφύγομεν
1938 3841 2034 3891 τοῦ

389 3935 638 4006 πονηροῦ
713 3932 802 3986 τὸν
859 3930 1072 4008 φθόνον,
1131 3927 1256 3985 οὐδὲ
1311 3937 1412 3999 τῆς
1468 3930 1641 3983 πάντα
1696 3925 2034 4001 κατεχούσης

375 4020 540 4075 νόσου
591 4019 866 4095 κρείττους
914 4022 1262 4097 πεφήναμεψ
1314 4017 1461 4074 ἀλλά
1508 4025 1610 4086 τῆς
1657 4018 1843 4084 κοινῆς
1896 4036 2031 4087 συμο

377 4117 547 4188 φορᾶς
627 4110 814 4184 μέρος,
888 4111 977 4165 καὶ
1036 4109 1189 4164 αὐτοὶ
1253 4106 1712 4182 μετειλήφαμεν,
1771 4106 1859 4160 καὶ
1934 4105 2031 4172 τὴν

375 4198 551 4266 καλὴν
597 4199 686 4253 καὶ
742 4199 994 4273 πατρῴαν
1056 4196 1453 4272 κληρονομίαν,
1514 4197 1575 4251 τὸ
1627 4203 1726 4264 τῆς
1777 4193 2033 4267 ὁμονοίας

380 4288 602 4362 ἀγαθὸν,
638 4286 737 4341 οὒκ
780 4286 855 4348 εἷς
900 4285 1059 4348 τέλος
1114 4284 1535 4364 διεφυλάξαμεν,
1583 4285 1643 4340 οὐ
1702 4284 1891 4359 μικρὸν
1938 4284 2030 4355 μὲν

378 4375 647 4440 κάνταῦθα
702 4376 831 4438 τοὺς
879 4374 1083 4438 ἄλλους
1163 4376 1668 4447 ἐπλεονεκτήσαμεν
1725 4373 1799 4446 (εἷ’
1848 4394 1897 4427 τι
1956 4370 2037 4427 δεῖ

382 4466 477 4521 καὶ
509 4467 886 4541 καυχήσασθαι
935 4466 1071 4520 κατὰ
1112 4469 1213 4535 τῆς
1262 4465 1528 4541 ἡμετέρας
1577 4463 1773 4539 ἔχθρας
1822 4467 2037 4538 Χριστῷ

384 4555 805 4631 θαρρήσαντας),
855 4554 917 4609 τὸ
965 4554 1055 4609 καὶ
1104 4555 1408 4610 τελευταῖοι
1461 4558 1626 4609 ταῦτα
1672 4554 1895 4624 παθεῖν,
1944 4551 2033 4605 καὶ

2139 647 2356 687 munus
2387 631 2576 689 adhuc
2599 634 2895 705 suscipere
2927 636 3223 701 detrectet,
3249 640 3306 690 et
3336 651 3469 690 cum
3498 636 3783 692 creditum

2139 718 2251 774 sibi
2281 720 2563 792 Spiritum
2596 739 2661 778 ac
2686 722 3042 779 talentorum
3104 724 3558 796 negotiationem
3616 728 3787 795 atque

2139 808 2304 864 ovilis
2336 827 2535 866 curam
2560 812 2935 868 commissam
2963 814 3189 884 habeat,
3213 812 3458 884 oleoque
3478 814 3783 869 sacerdotii

2138 904 2195 953 et
2236 900 2607 969 perfectionis
2638 901 2914 958 delibitus
2946 903 3040 969 sit,
3075 903 3266 958 adhuc
3286 907 3484 958 tamen
3515 919 3618 974 pro
3676 919 3785 958 sua

2140 988 2429 1059 sapientia
2460 991 2712 1062 regendo
2746 991 2902 1063 gregi
2940 1008 3186 1063 praeesse
3234 995 3559 1059 cunctetur,
3593 990 3783 1047 lucer-

2141 1094 2396 1147 namque
2425 1078 2534 1133 sub
2566 1080 2761 1133 modio
2796 1080 3325 1147 retintineat(brevi
3354 1079 3517 1135 illam
3548 1081 3785 1152 quidem

2140 1182 2318 1236 super
2346 1166 2760 1222 candelabrum
2794 1167 3276 1238 collocandum“,
3301 1186 3416 1240 quo
3446 1186 3648 1225 omnes
3680 1171 3785 1225 Ec-

2139 1252 2326 1309 clesiae
2346 1255 2573 1311 animas
2593 1256 2904 1327 splendore
2928 1257 3163 1325 atﬁciat,
3189 1257 3537 1328 simitasque
3559 1262 3788 1315 nostras

2137 1342 2473 1413 illuminet),
2526 1361 2592 1399 ac
2624 1350 2850 1401 montes
2880 1346 3092 1413 adhuc,
3126 1350 3183 1401 et
3213 1346 3421 1412 saltus,
3466 1350 3522 1402 et
3570 1346 3787 1404 ﬂuenta

2138 1433 2604 1505 circumspectet,
2637 1433 2911 1506 lupisque
2970 1436 3301 1491 animarum
3344 1436 3679 1508 raptoribus
3706 1436 3787 1492 Ια-

2138 1538 2320 1592 (ἶυθοε
2349 1524 2650 1594 excogitet,
2677 1541 2792 1595 quo
2824 1526 3165 1597 tempestive
3194 1526 3410 1597 pedum
3436 1542 3671 1597 quoque
3700 1525 3785 1596 ip-

2140 1629 2271 1667 sum
2305 1612 2568 1684 accipiat,
2602 1618 2660 1669 et
2690 1630 2825 1669 cum
2856 1631 2988 1671 vero
3040 1619 3278 1670 Pastore
3336 1630 3574 1687 gregem
3630 1614 3786 1670 hunc

2140 1701 2362 1758 ratione
2384 1703 2690 1774 praeditum
2708 1708 2932 1775 pascat,
2957 1703 3159 1760 inloco
3192 1705 3233 1739 ⁵⁵
3262 1720 3512 1775 pascuae,
3545 1704 3653 1760 hoc
3675 1707 3783 1775 est,

2139 1795 2416 1864 perpetuo
2440 1792 2759 1848 virentibus
2790 1793 2889 1848 Dei
2921 1794 3291 1849 sermonibus
3308 1810 3442 1849 eum
3469 1793 3782 1864 collocans,

2140 1897 2205 1937 ac
2236 1882 2570 1937 refectionis
2600 1898 2773 1953 aqua,
2814 1882 2873 1938 id
2905 1887 2993 1938 est
3023 1882 3241 1955 Spiritu
3273 1887 3474 1939 sancto
3505 1884 3782 1939 educans.

2137 1972 2321 2039 Atque
2351 1969 2461 2024 hoc
2492 1971 2757 2042 quidem,
2787 1974 2843 2026 et
2864 1988 3192 2043 speramus,
3225 1976 3282 2027 et
3302 1976 3595 2044 optamus.
3643 1971 3784 2028 Mihi

2138 2074 2270 2114 vero
2296 2059 2421 2128 jam
2463 2063 2697 2131 tempus
2728 2064 2837 2128 est,
2874 2065 2934 2115 ut
2964 2062 3285 2132 gratiarum
3319 2061 3531 2117 actioni
3583 2062 3784 2116 admo-

2139 2146 2423 2203 nitionem
2455 2147 2771 2219 adjungam
2799 2173 2814 2216 ;
2843 2148 2995 2203 hanc
3018 2154 3214 2204 autem
3246 2166 3421 2221 quam
3446 2150 3783 2221 poterobre-

2138 2235 2376 2292 vissime
2398 2237 2808 2309 perstringam,
2841 2238 3316 2310 quandoquidem
3363 2256 3465 2294 vos
3504 2239 3631 2310 jam
3662 2254 3784 2292 ma-

2139 2324 2297 2380 xima
2325 2341 2391 2380 ex
2424 2330 2587 2396 parte
2634 2326 3090 2383 admonitionem
3141 2328 3284 2400 ipsis
3324 2327 3600 2399 operibus
3631 2326 3779 2383 185

2143 2413 2551 2487 pravertistis};
2570 2431 2675 2471 nec
2693 2416 2952 2489 longiore
2973 2416 3057 2472 illi
3080 2418 3338 2474 oratione
3358 2434 3507 2490 opus
3546 2416 3784 2485 habent,

2146 2520 2293 2576 quos
2323 2504 2677 2576 experientia
2712 2507 2840 2577 ipsa
2867 2506 3133 2563 erudivit.

2216 2597 2286 2649 X.
2320 2594 2749 2650 Providendum
2781 2596 3017 2667 quidem
3043 2596 3298 2668 primum
3322 2596 3491 2653 nobis
3512 2599 3652 2663 erat,
3674 2596 3787 2652 fra-

2144 2686 2284 2751 tres,
2317 2684 2821 2751 nedivideremur,
2844 2702 2910 2740 ac
2940 2690 3106 2741 vetus
3137 2685 3282 2741 illud
3311 2692 3577 2742 nostrum
3609 2686 3789 2741 decus

2145 2775 2202 2827 et
2230 2776 2640 2828 ornamentum
2674 2772 3087 2841 deleretur;ob
3128 2776 3281 2846 quod
3315 2790 3550 2847 gregem
3608 2774 3789 2842 hunc,

2144 2862 2453 2932 caeteroqui
2480 2878 2745 2934 parvum,
2772 2863 2983 2935 vixque
3012 2864 3277 2935 dignum,
3312 2865 3411 2936 qui
3440 2864 3594 2919 inter
3642 2863 3789 2919 cele-

2142 2952 2277 3006 bres
2290 2967 2495 3024 greges
2517 2956 2876 3020 numeretur,
2892 2970 3024 3008 cum
3045 2954 3316 3009 maximis
3334 2959 3390 3010 et
3406 2952 3788 3026 amplissimis

2143 3041 2524 3113 adaequabam
2551 3059 2563 3108 ;
2587 3040 2705 3097 imo
2738 3042 2911 3097 etiam
2944 3043 3297 3114 quibusdam
3318 3043 3379 3100 in
3403 3044 3653 3115 Spiritus
3675 3042 3789 3098 vir-

2142 3133 2266 3185 tute
2296 3130 2690 3202 praaferebam.
2724 3132 2817 3187 Sic
2848 3148 3101 3202 namque
3130 3149 3192 3187 se
3249 3149 3339 3189 res
3394 3132 3666 3203 habebat,
3728 3136 3792 3188 ut

2143 3234 2277 3273 cum
2310 3218 2407 3273 alii
2434 3218 2546 3275 alio
2579 3221 2833 3291 quodam
2866 3226 3227 3290 ornamento,
3278 3221 3363 3277 vel
3416 3222 3644 3293 majori,
3704 3220 3793 3276 vel

2144 3306 2358 3363 minori
2386 3307 2611 3380 praediti
2641 3308 2777 3376 sint,
2812 3309 2997 3365 nostri
3030 3309 3195 3366 ovilis
3226 3310 3333 3366 hoc
3378 3310 3629 3366 maxime
3660 3326 3794 3382 pro-

2143 3395 2335 3468 prium
2367 3401 2540 3465 esset,
2574 3399 2729 3468 quod
2761 3398 3020 3471 separari
3052 3416 3118 3455 ac
3165 3400 3342 3454 dividi
3402 3416 3518 3455 non
3576 3403 3792 3470 posset,

2146 3489 2321 3558 atque
2351 3487 2423 3542 ab
2450 3486 2607 3543 omni
2640 3488 2884 3544 dissidio
2916 3488 3287 3545 abhorreret:
3319 3489 3401 3544 ita
3443 3492 3507 3544 ut
3538 3505 3795 3561 persmpe

2144 3592 2279 3631 arca
2307 3576 2425 3631 Noe
2453 3576 2639 3632 vocati
2664 3576 2873 3647 simus,
2908 3582 2971 3632 ut
3001 3594 3127 3649 qua:
3172 3578 3295 3634 sola
3325 3578 3483 3633 orbis
3540 3578 3797 3633 universi

2144 3662 2430 3718 diluvium
2453 3664 2774 3738 effugisset,
2802 3682 2869 3720 ac
2900 3666 3131 3737 pietatis
3144 3666 3371 3722 semina
3393 3668 3449 3720 in
3474 3666 3643 3721 nobis
3666 3682 3799 3722 con-

2145 3757 2453 3809 servasset.
2488 3753 2773 3820 Quoniam
2806 3760 3003 3810 autem
3038 3755 3308 3810 homines
3341 3770 3469 3810 esse
3517 3753 3800 3825 comperti

2141 3857 2372 3909 sumus,
2408 3859 2511 3897 nec
2544 3843 2706 3915 pravi
2735 3842 2873 3898 ilius
2898 3843 3178 3898 invidiam
3211 3842 3796 3914 omninoeti‘ugimus,

2144 3947 2248 3985 nec
2272 3931 2473 3986 morbo
2502 3948 2590 3996 eo,
2622 3932 2717 4002 qui
2750 3933 2949 3988 omnia
2979 3933 3326 4004 occupabat,
3353 3931 3682 4004 superiores
3702 3948 3799 3986 ex-

2143 4018 2435 4086 stitimus;
2469 4036 2670 4075 verum
2705 4020 2951 4093 publica:
2989 4019 3343 4076 calamitatis
3403 4024 3625 4092 partem
3685 4020 3798 4092 ipsi

2141 4124 2376 4179 quoque
2403 4109 2757 4179 accepimus,
2790 4126 2895 4165 nec
2910 4110 3251 4182 praeclaram
3274 4115 3329 4164 et
3360 4114 3665 4182 paternam
3691 4112 3797 4165 has-

2142 4197 2471 4266 reditatem,
2491 4197 2599 4253 hoc
2614 4202 2721 4266 est,
2747 4199 3067 4254 concordiae
3091 4200 3332 4265 bonum,
3367 4200 3436 4254 ad
3467 4205 3794 4256 extremum

2142 4303 2330 4357 usque
2348 4287 2720 4353 retinuimus,
2736 4305 2850 4343 non
2866 4305 3007 4361 paru
3020 4306 3074 4343 m
3089 4294 3285 4345 tamen
3303 4289 3395 4345 hic
3408 4288 3798 4361 quoquealios

2143 4377 2552 4447 superavimus
2581 4377 2655 4445 (si
2683 4378 2824 4450 quid
2869 4379 3045 4433 etiam
3098 4378 3381 4435 adversus
3424 4378 3795 4435 inimicitiam

2144 4468 2407 4520 nostram
2439 4465 2675 4538 gloriari
2707 4470 2954 4537 oportet,
2987 4466 3215 4522 Christo
3253 4467 3477 4534 fretos),
3528 4469 3681 4539 quod
3732 4468 3793 4523 in

2145 4552 2294 4609 hanc
2327 4554 2592 4610 fraudem
2630 4554 2822 4611 ultimi
2867 4555 3147 4628 prolapsi,
3172 4556 3346 4629 primi
3369 4557 3791 4613 erectisumus.

378 4649 595 4721 πρῶτοι
655 4641 1039 4719 διορθωθῆναι.
1098 4645 1168 4699 Τὸ
1230 4644 1323 4718 μὲν
1376 4644 1476 4721 γὰρ
1536 4642 1877 4720 ἀρῥωστῆσαι
1927 4647 2025 4711 τῆς

2141 4641 2280 4700 Nam
2306 4644 2459 4715 quod
2490 4644 2549 4700 in
2582 4645 2852 4701 morbum
2895 4644 3295 4714 inciderimus,
3326 4647 3659 4703 communis
3690 4664 3793 4703 na-

454 4753 501 4787 “
531 4752 736 4807 Matth.
767 4768 823 4823 v,
859 4752 945 4807 15.
1024 4752 1068 4787 ⁵⁸
1098 4752 1250 4809 Psal.
1281 4769 1421 4822 χχιι,
1453 4755 1508 4807 2.

452 4862 568 4929 (2U)
595 4862 710 4912 Τῶν
769 4858 1041 4931 ποιμένων
1098 4860 1190 4913 τὸν
1235 4859 1586 4931 τιμιώτατον.
1631 4859 1806 4914 Juxta
1853 4856 2037 4931 Scho-

374 4933 615 4989 liastam
645 4935 703 4986 et
729 4929 913 4986 Etiam
943 4930 1197 4987 Basilius
1219 4929 1312 4987 hic
1333 4931 1772 5003 intelligendus,
1805 4930 1903 5000 qui
1935 4929 2037 5003 ad-

374 5005 497 5060 huc
532 5026 553 5051 ι
589 5004 883 5069 sacerdos,
918 5008 1035 5075 net
1066 5005 1328 5060 nondum
1366 5027 1385 5052 ‹ι
1412 5001 1783 5075 episcopus,»
1823 5007 1885 5056 ut
1916 5001 2039 5075 vult

374 5075 560 5139 Elias,
597 5076 658 5147 in
686 5075 852 5147 Ponti
885 5072 1269 5132 solitudinem
1299 5091 1359 5130 se
1392 5072 1707 5147 receperat,
1729 5079 1792 5129 ut
1824 5072 2035 5128 multo-

374 5164 513 5204 rum
540 5144 837 5202 individiaa
860 5147 1111 5202 cederet.

447 5218 564 5291 (21)
612 5215 673 5291 Eii
722 5217 811 5271 καὶ
872 5214 1149 5291 λόγοιςν-
1192 5209 1572 5291 ἀναϐάλλεται.
1635 5221 1769 5271 Haec
1821 5216 2037 5271 desunt

370 5292 433 5347 in
455 5288 609 5361 Reg.
648 5290 766 5357 bm,
816 5288 1004 5344 tribus
1034 5288 1217 5361 (101b,.
1249 5292 1343 5361 0r.
1380 5290 1430 5353 1,
1461 5294 1568 5343 etc.

472 5359 773 5432 22)”Πᾶσαν
799 5360 922 5429 τήν.
958 5365 1128 5416 Deest
1146 5360 1265 5429 τήν,
1297 5360 1353 5413 in
1391 5360 1567 5432 Regg.
1603 5376 1655 5432 β,
1688 5359 1809 5413 bm.

472 5363 543 5414 22
596 5364 773 5413 Πᾶσαν
799 5363 922 5429 τήν.
958 5365 1128 5416 Deest
1146 5363 1265 5429 τήν,
1297 5363 1353 5413 in
1391 5363 1567 5432 Regg.
1603 5376 1655 5429 ἂ,
1688 5363 1809 5413 bm.

446 5363 566 5505 ('23;
620 5428 894 5505 Ἀληθινῷ
950 5432 1192 5505 ποιμένι.
1238 5432 1339 5487 Hic
1368 5430 1729 5505 Gregorium
1763 5432 2032 5505 patrem,

375 5499 623 5632 ggziatn.
657 5499 920 5559 Ecclesiae
944 5499 1308 5576 episCOpum,
1333 5499 1625 5574 significat
1648 5519 1662 5570 ;
1694 5499 2031 5573 vel’potius,

468 5594 545 5629 ris
579 5592 698 5629 um.

468 5577 698 5630 ristum.

449 5649 564 5718 (24)
614 5645 1006 5719 Λόγοιςηίἶεε.
1042 5663 1095 5717 a,
1127 5645 1298 5702 Coisl.
1330 5647 1382 5713 3,
1408 5644 1499 5699 Or.
1543 5645 1593 5709 1,
1653 5643 1901 5699 Montac.
1934 5640 2028 5696 λο-

376 5716 549 5791 γίοις,
587 5739 614 5767 ι(
647 5716 918 5791 oraculis.
956 5716 984 5767 ὖ

453 5783 561 5862 (25)
611 5786 1010 5868 Προειλήφατε.
1072 5788 1248 5847 Gabr.
1306 5783 1742 5864 προειλήφαμεν.
1800 5784 2029 5857 Billius,

2158 4880 2179 4907 α
2215 4857 2472 4935 maxima
2494 4859 2619 4935 jam
2638 4876 2706 4915 ex
2724 4864 2886 4935 parte
2908 4876 3007 4916 vos
3030 4863 3344 4935 operaipsa
3368 4868 3738 4919 monuerunt.
3762 4885 3792 4915 ››

2360 4932 2594 5008 ,Μικράη
2626 4937 2765 5008 etc._
2788 4933 2924 5008 Reg.
2961 4950 3034 5008 a,_
3052 4932 3255 5008 μικρὰν
3278 4936 3436 5008 ἡμῶν
3458 4935 3650 5008 οὖσαν.

2239 5005 2329 5071 27)
2360 5002 2566 5077 ’ᾼξίαν,
2599 5009 2709 5077 etc.
2737 5003 2863 5077 Duo
2886 5007 2981 5059 Or.
3018 5002 3068 5058 ἐν
3102 5002 3385 5077 ποιμνίοις
3416 5006 3587 5075 ἀξίαν.

2239 5077 2329 5151 ἓξ)
2361 5075 2415 5128 Δ’
2440 5074 2625 5151 ῶνεκαί
2659 5075 2996 5151 προετίθουν.
3030 5074 3216 5151 Ηϐεεξ
3260 5080 3379 5143 bm,
3438 5074 3540 5146 hu,
3585 5079 3679 5135 Or.
3743 5081 3794 5149 1,

2176 5141 2233 5221 δε
2263 5141 2356 5221 ῶν.
2393 5146 2565 5221 Qoisl.
2592 5141 2990 5221 ,1,-προετίθ-ην.

2352 5218 2547 5294 _E_ixev.
2579 5218 2751 5294 Coisl.
2790 5220 2863 5294 1,ᾳ
2875 5219 3044 5293 εἶχον.

2239 5292 2329 5364 3Q)
2352 5286 2657 5364 ἰδὶῶτατον
2690 5293 2801 5364 ἥνη
2834 5286 3004 5348 Deest
3035 5292 3090 5346 in
3141 5290 3411 5364 pluribus
3465 5293 3787 5350 codicibus.

2236 5362 2324 5432 3t)
2351 5363 2453 5435 Aé._
2481 5364 2660 5435 Deest
2692 5363 2747 5417 in
2785 5363 2962 5435 Regg.
2998 5364 3116 5429 bm,
3142 5362 3269 5419 'hu.

2215 5436 2325 5509 (32)
2361 5431 2657 5494 Πολλάκις.
2702 5431 2936 5509 [leg—3.,
2967 5440 3022 5490 et
3079 5436 3174 5490 Or.
3228 5437 3253 5490 1
3316 5435 3562 5502 addunt,
3620 5437 3789 5509 ἡμᾶς,

2142 5507 2298 5575 quod
2326 5512 2564 5562 secutus
2596 5512 2685 5562 est
2707 5504 2931 5563 Billius.

2208 5579 2323 5659 (33)
2357 5578 2441 5630 Ἐν
2498 5577 2651 5649 αὐτῇ.
2695 5579 2834 5649 Reg.
2882 5578 2982 5645 hu,
3027 5577 3122 5634 ΟΡ.
3184 5580 3233 5645 1,
3294 5577 3343 5631 ἐν
3405 5575 3589 5647 ἑαυτῆ,
3649 5603 3676 5631 ‹‹
3730 5580 3784 5636 in

2139 5663 2353 5704 setosa.
2390 5673 2416 5699 ›)

2212 5667 2594 5795 ἱὲἒῗζέπειδῆ·
2626 5716 2701 5779 δέ.
2737 5721 2878 5795 Reg,
2909 5719 3011 5789 hu,
3046 5721 3138 5778 Or.
3173 5720 3227 5789 1,
3250 5719 3398 5776 Ἐπεὶ
3430 5717 3506 5775 δέ.
