4244 6216
470 362 588 423 ’735

1715 352 1781 410 S.
1830 349 2201 412 GREGORII
2251 349 2646 417 THEOLOGI

3768 365 3888 426 736

470 499 617 551 turae
647 492 1023 549 esthumanae
1055 486 1441 553 inﬁrmitatis,
1497 500 1623 556 qure
1669 499 1893 553 omnes,
1951 482 2117 538 etiam

2241 488 2430 554 κοινῆς
2490 485 2719 563 φύσεως,
2777 487 2867 543 καὶ
2942 496 3042 559 τῆς
3100 489 3369 555 ἀσθενείας
3425 499 3522 563 τῆς
3582 495 3830 570 ἀνθρωπί
3865 529 3889 539 -

470 583 666 641 animo
697 585 753 636 et
768 575 1475 650 corporevalentissimos,
1501 573 1694 646 attigit
1719 592 1731 641 ;
1752 573 1906 645 quod
1930 577 2126 629 autem

476 672 742 727 morbum
779 667 1202 741 depulerimus,
1236 669 1409 736 atque
1442 664 1513 720 ad
1548 663 1917 719 concordiam
1977 663 2129 719 inter

473 778 579 816 nos
610 758 980 821 redierimus,
1015 757 1073 811 id
1109 755 1353 810 rationis
1378 771 1595 809 munus
1627 758 1735 821 est,
1796 752 2125 825 gratiaeque

470 849 700 919 divinae,
725 865 851 919 quae
877 846 1117 918 pulchre
1149 848 1205 900 et
1237 860 1495 915 teque,ac
1521 842 1733 899 melius
1758 858 1937 914 quam
1962 846 2126 905 opta-

471 941 682 995 bamus
714 941 815 993 aut
835 937 932 993 alii
958 937 1222 991 futurum
1243 934 1579 1006 sperabant,
1598 948 1837 987 causam
1862 935 2126 987 nostram

472 1027 630 1083 disce
636 1026 838 1099 ptavit.

537 1116 630 1172 XI.
665 1116 812 1172 Nam
843 1118 899 1170 et
930 1129 1035 1168 nos
1068 1112 1205 1167 data
1236 1110 1489 1183 praecisae
1523 1108 1674 1182 parti
1705 1107 1918 1180 capita,
1967 1106 2127 1163 velut

464 1224 567 1279 pro
600 1206 837 1278 pietate,
889 1207 1064 1274 atque
1119 1201 1189 1256 ad
1250 1204 1417 1256 rectae
1467 1199 1744 1255 doctrinae
1801 1196 2125 1254 laborantis

460 1293 794 1350 subsidium
828 1292 1159 1362 designata,
1194 1306 1329 1344 cum
1357 1289 1571 1360 gaudio
1587 1287 1983 1359 suscepimus,
2018 1304 2123 1343 nec

462 1388 528 1439 ut
558 1384 758 1438 hostes
789 1381 1146 1452 defugimus,
1178 1394 1384 1433 verum
1404 1382 1467 1433 ut
1490 1381 1720 1445 fratres,
1751 1377 2124 1449 quifraterne

467 1473 728 1545 quidem,
761 1487 876 1525 non
908 1485 1039 1525 vero
1062 1467 1351 1523 malitiose
1383 1484 1487 1540 pro
1511 1473 1757 1539 paterna
1785 1466 2123 1521 haereditate

464 1561 773 1636 paululum
801 1558 1260 1625 contendissent,
1290 1556 1541 1628 amplexi
1567 1572 1775 1611 sumus
1811 1572 1824 1610 :
1860 1558 2034 1626 atque
2058 1558 2123 1610 ut

462 1652 698 1708 illorum
713 1648 1140 1706 dissensionem
1154 1646 1511 1717 haudquaqu
1522 1644 2022 1711 amlaudavimus,
2044 1644 2124 1699 ita

462 1757 701 1798 rursum
733 1755 935 1795 eorum
954 1736 1144 1792 zelum
1165 1734 1680 1808 comprobavimus
1706 1733 1942 1801 ;melior
1963 1733 2119 1789 enim

460 1836 550 1889 est
578 1829 869 1887 contentio
900 1816 1137 1899 pietatis
1171 1842 1350 1881 causa
1380 1829 1673 1896 suscepta,
1708 1840 1885 1895 quam
1908 1823 2119 1878 vitiosa
2148 1854 2195 1920 Β

461 1918 793 1977 concordia.
818 1920 895 1973 Ac
926 1916 1169 1990 proinde
1218 1914 1668 1971 subductionem
1724 1914 1878 1969 186
1912 1928 2110 1968 acces-

462 2012 689 2067 sionem
721 2011 985 2064 nostram
1013 2005 1284 2073 fecimus,
1314 2003 1631 2060 consilium
1659 2004 1974 2059 adversum
2006 2019 2112 2057 nos

461 2099 678 2155 initum
728 2095 1007 2151 charitate
1038 2092 1504 2161 dissimulantes,
1536 2095 1709 2163 atque
1730 2091 1995 2146 ordinem
2018 2107 2113 2147 ea-

463 2192 636 2243 tenus
667 2186 1073 2249 immutantcs,
1109 2186 1173 2236 ut
1223 2198 1335 2236 non
1370 2180 1709 2237 electionem
1743 2180 1953 2252 gratia,
2010 2181 2111 2235 sed

461 2276 709 2349 gratiam
733 2274 934 2330 electio
967 2274 1330 2344 sequeretur,
1359 2286 1608 2341 eamque
1640 2271 1709 2324 ad
1750 2285 1872 2325 rem
1906 2268 2114 2324 alienis

461 2366 735 2423 manibus
768 2368 1080 2432 uteremur,
1114 2359 1419 2433 paululum
1465 2359 1747 2431 quiddam
1805 2377 1838 2414 a
1894 2358 2111 2429 Spiritu

459 2455 754 2529 praeventi.
788 2454 854 2508 Et
886 2468 1006 2517 vos,
1043 2466 1301 2515 rursum,
1336 2450 1562 2520 abjecta
1583 2448 1820 2503 sinistra
1839 2463 1905 2503 ea
1927 2447 2116 2519 suspi-

464 2546 653 2613 cione,
680 2558 855 2615 quam
879 2540 1167 2612 scriptum
1198 2538 1347 2593 illud
1379 2538 1583 2593 afferre
1630 2537 1837 2609 potuit,
1870 2536 1942 2592 ad
1993 2536 2113 2608 spi-

458 2636 638 2692 ritum
669 2629 1007 2688 acourristis
1033 2654 1047 2698 ;
1080 2632 1256 2699 atque
1277 2631 1342 2682 ut
1376 2626 1819 2698 simplicitatem
1850 2629 2113 2682 nostram

460 2726 532 2782 ob
555 2740 689 2780 eum
723 2735 987 2789 sensum,
1020 2734 1197 2790 quem
1224 2716 1400 2772 verba
1426 2732 1545 2787 prae
1584 2733 1645 2772 se
1690 2714 1970 2787 ferebant,
2003 2716 2114 2770 mi-

462 2814 615 2871 nime
642 2809 955 2884 probastis,
991 2808 1074 2863 ita
1102 2806 1467 2878 impietatem
1488 2806 1656 2861 nobis
1676 2822 1979 2878 nunquam
2011 2805 2113 2861 ob-

455 2901 686 2976 jecistis
714 2917 726 2955 :
758 2915 962 2955 verum
1013 2899 1384 2969 perspectum
1420 2895 1734 2964 habuistis,
1767 2894 2114 2950 Trinitatem

463 2992 618 3065 apud
652 3006 757 3047 nos
789 2990 1021 3043 firmam
1052 2991 1109 3042 et
1138 2986 1604 3054 immotam,non
1628 2984 1825 3040 minus
1851 3000 2028 3056 quam
2053 2984 2113 3040 in

461 3099 570 3138 sua
588 3084 798 3136 natura
821 3092 1074 3147 manere,
1100 3092 1163 3131 ac
1180 3074 1347 3131 nobis
1368 3075 1525 3129 idem
1556 3074 1725 3146 plane
1745 3090 1893 3130 esse.
1911 3073 2111 3129 Trium

460 3173 675 3229 horum
707 3168 928 3240 aliquid
951 3166 1284 3239 praecidere,
1318 3169 1421 3219 aut
1441 3164 1790 3231 abalienare,
1820 3164 1975 3237 quod
2025 3168 2111 3219 to-

458 3267 586 3318 tum
619 3259 985 3327 submovere,
1019 3272 1084 3312 ac
1116 3256 1187 3311 de
1220 3254 1409 3310 medio
1438 3253 1659 3323 tollere,
1692 3255 1970 3325 nudoque
2018 3268 2112 3308 ca-

464 3352 583 3425 pite
615 3350 895 3406 adversus
926 3345 1290 3402 divinitatem
1313 3343 1571 3416 grassari
1605 3347 1776 3413 atque
1829 3342 1970 3409 haec,
2027 3342 2111 3397 vi-

464 3446 634 3514 gente
662 3439 837 3495 etiam
866 3438 994 3509 ipso
1025 3434 1270 3492 dissidio
1303 3437 1507 3489 mutuo
1530 3434 1601 3488 de
1634 3433 1823 3500 nobis,
1850 3433 2112 3504 quando-

465 3547 577 3604 que
593 3533 650 3585 et
668 3529 823 3601 apud
837 3526 1125 3599 quosdam
1144 3522 1435 3588 homines,
1452 3522 1939 3595 praedicabamus,
1959 3522 2113 3593 quod

463 3620 685 3677 scilicet
723 3617 1047 3673 maximum
1080 3615 1257 3670 etiam
1281 3612 1539 3668 veritatis
1561 3617 1975 3684 argumentum
1994 3616 2117 3668 erat

462 3711 678 3784 quippe
712 3724 845 3763 cum
877 3706 1007 3778 ipsa
1039 3720 1109 3760 ne
1157 3721 1191 3759 a
1216 3706 1475 3773 tempore
1500 3702 1737 3774 quidem
1769 3701 2114 3770 vinceretur,

461 3816 567 3855 nec
599 3794 925 3863 inimicitia,
960 3791 1265 3848 cbaritatis
1289 3792 1439 3861 ejus,
1472 3807 1599 3862 quae
1640 3791 1700 3845 in
1748 3790 1915 3846 nobis
1970 3795 2113 3863 erat,

462 3886 790 3962 igniculum
823 3900 1066 3957 prorsus
1097 3880 1532 3953 exstingueret:
1594 3883 1903 3952 propterea
1960 3881 2114 3951 quod

465 3977 655 4043 nobis,
687 3975 866 4030 etiam
884 3971 1336 4038 dissidentibus,
1354 3969 1410 4024 id
1425 4014 1438 4038 ,
1453 3968 1606 4041 quod
1629 3968 1949 4024 maximum
1970 3973 2115 4036 erat,

466 4067 747 4122 nimirum
780 4064 981 4120 eadem
1012 4062 1082 4117 de
1104 4062 1217 4116 ﬁde
1238 4059 1527 4116 sententia
1544 4059 1818 4127 suberat;
1842 4057 2118 4129 illiusque

468 4156 637 4211 nobis
667 4153 884 4208 conscii
923 4167 1178 4215 eramus,
1210 4165 1318 4205 nos
1349 4149 1410 4203 in
1437 4148 1696 4204 veritatis
1727 4149 1957 4221 negotio
2005 4149 2117 4205 mi-

542 4279 648 4351 (35)
682 4273 1049 4351 Ἀνθρῳτςίνης
1074 4274 1137 4351 ἢ.
1166 4272 1487 4351 SicuRegg.
1522 4291 1577 4343 a,
1628 4274 1750 4342 bm,
1807 4278 1864 4330 et
1917 4274 2012 4330 Or.
2060 4276 2113 4330 1.

464 4341 617 4410 Εᾶἰιί
636 4341 815 4420 vero,"
840 4341 1309 4420 ἀνθρωπίνηςριῆ.

537 4365 617 4408 lltl
650 4365 807 4414 vero,
840 4365 1213 4472 avupwmwkq,
1249 4365 1309 4412 η.

674 4418 819 4548 Βξῖῗιὶ
873 4418 1008 4493 πρὸς
1067 4413 1133 4470 ἀλ
1179 4411 1351 4485 ήλους
1412 4413 1750 4480 ἀπανελθεῖν.
1811 4417 1941 4474 Hac
1998 4435 2114 4475 non

466 4493 643 4553 vertit
674 4493 806 4548 Bill.

540 4566 751 4649 (β’ἵλςΉ
781 4558 962 4649 κρλῶς
991 4560 1149 4649 ἠλμξν,
1182 4562 1290 4649 etc.
1332 4560 1431 4649 βία
1483 4559 1662 4633 Regg.
1721 4560 1845 4628 bm,
1904 4562 1999 4618 Or.
2048 4563 2110 4619 In

472 4628 611 4697 edit.
734 4631 918 4705 καλῶς
945 4628 1049 4705 καὶξ
1069 4628 1291 4705 δικαίως
1321 4632 1481 4705 ἡμῖν.

538 4703 1185 4793 ςββγρμονοιαςφιξπιρ.
1236 4703 1329 4760 Sic
1373 4703 1509 4777 Reg.
1542 4703 1644 4774 hu,
1693 4706 1749 4759 et
1795 4704 1890 4761 Or.
1952 4706 2001 4763 ι.
2049 4710 2115 4762 In

467 4776 664 4852 editis,
691 4776 947 4852 ὁμονοίας
975 4778 1010 4845 ἢ
1042 4776 1198 4852 ὑπέρΒ

540 4846 659 4925 (39)
684 4846 1007 4925 Προσοήκην
1041 4846 1260 4925 ἑαυτῶν,
1291 4850 1382 4903 etc
1407 4867 1449 4925 <_<_
1494 4846 1903 4925 decessionem
1943 4864 2115 4925 suam

468 4918 607 4982 fecit
625 4918 652 4975 ὦ
668 4918 979 5000 Gregorius
999 4922 1213 5000 senior,
1238 4918 1751 5000 cumdissidentes
1773 4921 2113 5000 monachos,

469 5003 529 5054 et
558 5013 656 5053 eos
678 5013 745 5052 ex
776 4990 941 5066 ipsis,
977 4994 1099 5066 qui,
1135 4990 1341 5066 praeter
1371 4990 1559 5063 ipsius
1615 4990 2000 5066 voluntatem,
2027 5065 2030 5066 ν
2060 4999 2118 5049 et

468 5074 673 5125 contra
718 5064 1094 5123 ecclesiastici
1134 5064 1375 5121 canonis
1406 5064 1839 5136 praescriptum,
1872 5065 2114 5121 alterius

467 5140 724 5223 episcopi
739 5138 1036 5223 _sut1_'ragio
1067 5136 1396 5223 sacerdotes
1430 5136 1679 5218 ordinati
1732 5137 1980 5223 fuerant,
2015 5138 2112 5193 be-

466 5208 643 5292 nigne
668 5208 1058 5292 lubenter-(lue
1090 5213 1218 5292 post
1250 5209 1501 5292 reditum
1536 5208 1593 5263 in
1626 5209 1998 5292 concordiam
2026 5226 2115 5292 re-

467 5281 643 5358 cepit,
682 5281 1054 5358 atque‘etia‘m
1086 5281 1144 5337 in
1182 5282 1514 5358 sacerdotes
1535 5281 1797 5358 agnovit.
1821 5281 2114 5358 Quamob-

469 5351 591 5414 rem
628 5351 648 5406 ἡ
686 5351 799 5412 non
832 5354 1173 5412 electionem
1205 5353 1410 5425 gratia,
1452 5353 1554 5407 sed
1594 5351 1850 5425 gratiam
1908 5351 2113 5425 electio

470 5434 668 5485 secuta
689 5434 805 5494 est;
842 5450 867 5477 »
897 5426 1034 5497 quia
1064 5423 1363 5497 nimirum,
1396 5423 1524 5478 non
1585 5423 1814 5497 preprii
1842 5423 2113 5497 episcopi

473 5501 763 5571 suffragio
784 5495 993 5571 delecti
1017 5496 1432 5571 fuerant,_licet
1462 5499 1681 5565 postea,
1722 5495 1947 5551 reddita
1976 5495 2115 5567 pace

473 5567 1030 5646 ρθῌηῖὲιξὶεθηιίθω
1065 5567 1312 5646 ριῖοβειιί-
1563 5635 1573 5645 .
1617 5635 1628 5646 .

542 5644 655 5714 (40)
687 5639 979 5714 Ἐπίνοιαρδ.
1009 5662 1037 5690 α
1059 5639 1388 5714 _Sinistram_
1410 5639 1828 5714 suspicionem.
1852 5659 1888 5714 _.

543 5644 635 5714 (40
687 5644 979 5695 Ἐπίνοιαν.
1009 5662 1037 5690 α
1069 5644 1380 5697 Sinistram
1410 5644 1828 5766 δυεριριοηθω.
1868 5659 1888 5685 ι

543 5644 656 5787 (41)
686 5711 830 5767 Κατὰ
855 5708 949 5768 τοῦ
974 5707 1316 5787 γράμματος.
1366 5707 1514 5769 Intel
1540 5708 1650 5783 igit
1685 5708 1971 5784 scriptum
2020 5710 2115 5773 οιιὶ

2141 4597 2191 4666 D

2235 595 2352 642 νης,
2385 574 2419 644 ἢ
2455 577 2567 648 (35)
2614 577 2827 633 πάντων
2880 580 3126 654 ἅπτεται,
3173 580 3263 636 καὶ
3316 585 3424 636 τῶν
3476 580 3597 637 λίαν
3641 582 3886 660 ἰσχυρῶν

2234 664 2296 717 τὸ
2329 668 2488 737 σῶμα
2517 666 2605 720 καὶ
2652 669 2750 736 τήν
2799 665 3061 723 διάνοιαν·
3114 670 3175 725 τὸ
3233 668 3289 726 δὲ
3336 679 3747 747 θεραπευθῆναι,
3796 674 3887 729 καὶ

2237 754 2373 828 πρὸς
2424 753 2709 825 ἀλλήλους
2757 756 3063 813 ἐπανελθεῖν
3129 762 3280 832 (36),
3328 765 3424 814 τοῦ
3476 760 3748 837 λογισμοῦ
3797 764 3888 817 καὶ

2235 849 2336 911 τῆς
2369 842 2619 918 χάριτος,
2664 845 2697 914 ἢ
2751 844 2933 908 καλῶς
2983 849 3116 920 ἡμῖν
3172 850 3287 923 (37)
3331 849 3422 904 καὶ
3470 846 3692 912 δικαίως
3724 845 3888 925 ἐϐρά-

2238 926 2415 999 ϐευσε,
2445 932 2533 987 καὶ
2581 939 2825 1008 κρεῖττον
2859 936 2893 1004 ἢ
2927 936 3062 992 κατὰ
3106 938 3202 1001 τὰς
3255 939 3524 1015 ἡμετέρας
3575 938 3763 1016 εὐχὰς,
3797 942 3888 995 καὶ

2235 1020 2329 1084 τὰς
2360 1026 2464 1077 τῶν
2502 1022 2688 1079 ἄλλων
2722 1022 2967 1087 ἐλπίδας.

2306 1113 2391 1167 IA'
2428 1158 2439 1170 .
2497 1113 2687 1185 Ἡμεῖς
2743 1135 2803 1169 τε
2879 1116 2981 1191 γὰρ
3036 1116 3129 1178 τὰς
3204 1114 3443 1179 δοθείσας
3500 1122 3580 1191 τῷ
3630 1120 3887 1192 τμήματι

2233 1200 2491 1278 κεφαλὰς,
2555 1201 2631 1265 ὡς
2689 1202 2821 1279 ὑπὲρ
2879 1199 3149 1267 εὐσεϐείας
3204 1208 3733 1281 καινοτομηθείσας,
3794 1212 3887 1264 καὶ

2235 1288 2313 1351 εἷς
2355 1291 2609 1365 βοήθειαν
2658 1295 2755 1346 τοῦ
2803 1292 2970 1366 ἀρθοὖ
3021 1292 3190 1369 λόγου
3240 1296 3563 1369 κάμνοντος,
3597 1296 3647 1351 ἐν
3694 1298 3885 1373 χάριτι

2232 1380 2650 1453 προσηκάμεθα,
2709 1381 2798 1435 καὶ
2858 1382 2965 1457 οὑχ
3021 1383 3096 1445 ὡς
3153 1382 3384 1459 ἐχθροὺς
3438 1385 3886 1464 ἀπεστράφημεν,

2232 1465 2359 1522 ἀλλ’
2435 1467 2511 1529 ὡς
2586 1466 2853 1548 ἀδελφοὺς
2940 1474 3404 1547 περιεπτυξάμεθα
3483 1475 3674 1552 μικρὸν
3750 1477 3885 1550 ὑπὲρ

2231 1555 2446 1631 κλήρου
2500 1562 2766 1633 πατρικοῦ
2822 1559 3199 1625 στασιάσαντας
3257 1559 3583 1641 ἀδελφικῶς,
3644 1563 3773 1619 ἀλλ’
3822 1564 3887 1620 οὐ

2230 1650 2515 1720 πονηρῶς·
2566 1647 2653 1701 καὶ
2702 1650 2800 1717 τῆς
2855 1650 2947 1722 μὲν
3002 1648 3203 1726 ἔχθρας
3250 1650 3367 1714 οὑκ,
3398 1651 3745 1727 ἐπῃνέσαμεν,
3787 1659 3887 1709 τοῦ

2234 1732 2409 1805 ζήλου
2469 1733 2526 1790 δὲ
2601 1735 2968 1808 ἀπεδεξάμεθα
3000 1759 3013 1772 ⁸
3077 1739 3336 1814 κρείσσων
3415 1742 3515 1816 γὰρ
3600 1741 3884 1816 ἐμπαθοῦς

2231 1824 2486 1897 ὁμονοίας
2542 1828 2577 1895 ἡ
2636 1827 2767 1903 ὑπὲρ
2821 1830 2934 1901 (38)
2991 1824 3260 1892 εὐσεϐείας
3310 1827 3604 1894 διάστασις·
3658 1832 3747 1886 καὶ
3792 1831 3885 1887 διὰ

2221 1917 2382 1970 τοῦτο
2439 1916 2755 1992 προσθήκην
2812 1916 3014 1973 ἑαυτῶν
3078 1920 3190 1992 (39)
3254 1921 3355 1989 τὴν
3418 1920 3692 1998 ὑφαίρεσιν
3754 1944 3821 1977 πε
3855 1955 3883 1967 -

2220 2006 2519 2077 ποιήμεθα,
2585 2004 2879 2079 κλέψαντες
2950 2006 3127 2083 ἀγάπῃ
3173 2009 3271 2076 τὴν
3336 2012 3453 2064 καθ’
3510 2012 3671 2083 ἡμῶν
3731 2009 3821 2066 ἐπί
3855 2045 3877 2055 -

2221 2113 2366 2148 νοιαν
2405 2096 2539 2167 (40),
2588 2096 2677 2148 καὶ
2725 2099 2981 2150 τοσοῦτον
3040 2103 3140 2165 τῆς
3198 2098 3397 2168 τάξεως
3457 2096 3872 2173 ἑναλλάξανθες,

2223 2180 2346 2236 ὅσον
2389 2184 2462 2254 μὴ
2518 2186 2585 2256 τῇ
2637 2185 2806 2262 ψήφῳ
2856 2185 2953 2253 την
3011 2187 3171 2261 χάριν
3222 2186 3613 2258 ἀκολουθῆσαι,
3658 2190 3758 2259 τῆν
3816 2189 3876 2245 δὲ

2224 2274 2402 2349 ψῆφον
2456 2271 2525 2346 τῇ
2571 2274 2779 2348 χάριτι,
2831 2274 2922 2328 καὶ
2978 2276 3165 2350 χερσὶν
3218 2274 3535 2348 ἀλλοτρίαις
3565 2276 3639 2341 εἷς
3669 2278 3875 2350 ταύτην

2222 2362 2725 2435 προσχρήσασθαι,
2789 2362 2980 2438 μικρόν
3034 2385 3087 2417 τι
3155 2365 3557 2444 προληφθέντες
3618 2368 3721 2423 ὑπὸ
3776 2374 3878 2423 τοῦ

2223 2449 2567 2523 Ιῐνεύματος·
2619 2451 2774 2524 ὑμεῖς
2807 2471 2884 2524 τε,
2914 2453 3011 2522 τήν
3060 2453 3194 2509 κατὰ
3239 2459 3335 2509 τοῦ
3387 2454 3712 2532 γράμματος
3764 2459 3880 2532 (41)

2223 2541 2443 2620 ἀφέντες
2504 2541 2782 2613 ὑπόνοιαν,
2831 2547 2910 2615 τῷ
2961 2544 3225 2617 πνεύματι
3284 2543 3689 2623 προσεδράμετε
3721 2564 3736 2579 ‘
3774 2556 3880 2616 τῆς

2228 2631 2321 2703 μὲν
2371 2629 2685 2701 ἁπλότητος
2738 2632 2836 2688 οὐκ
2886 2631 3256 2696 ἐπαινέσαντες
3304 2634 3391 2689 ἐπὶ
3438 2634 3516 2707 τῷ
3565 2637 3879 2714 φαινομένῳ

2222 2724 2329 2774 τῶν
2388 2720 2689 2797 ῥημάτων,
2749 2716 2990 2777 ἀσέϐειαν
3052 2720 3109 2777 δὲ
3165 2721 3261 2777 οὑκ
3319 2722 3665 2795 ἐννοήσαντες
3737 2728 3873 2799 (42)·

2224 2807 2351 2864 ἀλλ’
2401 2806 2624 2882 εἰδότες,
2682 2808 2765 2865 ὅτι
2822 2812 3069 2873 ἅπτωτος
3128 2813 3254 2889 παρ’
3314 2813 3448 2885 ⁴ἡμῖν
3508 2814 3542 2883 ἠ
3575 2815 3735 2890 Τριας
3783 2814 3876 2869 καὶ

2223 2897 2539 2969 ἀσάλευτος,
2591 2897 2743 2954 οὐδέν
2796 2922 2860 2975 γε
2906 2903 3067 2970 ἧττον
3118 2904 3152 2970 ἢ
3186 2903 3298 2975 (43)
3330 2901 3379 2956 ἐν
3428 2901 3565 2976 αὑτῇ
3594 2907 3662 2977 τῇ
3695 2903 3876 2981 φύσει,

2222 2988 2310 3044 καὶ
2362 2988 2425 3042 τὸ
2475 2988 2765 3065 περικόψαι
2810 3010 2863 3043 τι
2914 2994 3021 3044 τῶν
3067 2994 3232 3066 τριῶν
3278 2990 3313 3059 ἢ
3368 2992 3695 3064 ἀποξενῶσαι
3759 2990 3878 3047 ἴσον

2223 3080 2361 3152 ⁴ἡμῖν
2392 3079 2481 3133 καὶ
2526 3078 2588 3133 τὸ
2637 3080 2741 3133 πὰν
2791 3077 3020 3151 ἀνελεῖν,
3072 3080 3161 3134 καὶ
3209 3080 3346 3135 κατὰ
3393 3081 3572 3151 πάσης
3614 3088 3875 3158 χωρῆσαι

2223 3171 2403 3244 γυμνῇ
2462 3189 2520 3222 τε
2587 3169 2701 3242 (44)
2757 3166 2967 3247 κεφαλῆ
3027 3176 3126 3239 τῆς
3183 3169 3440 3241 θεότητος
3472 3214 3485 3227 .
3550 3171 3652 3229 Καὶ
3708 3176 3880 3228 ταῦτα

2224 3259 2352 3331 παρ’
2406 3256 2573 3327 αὐτὴν
2624 3255 2891 3329 ἀλλήλων
2965 3256 3529 3336 ὑπεραπολογοὺμεθα
3604 3262 3718 3333 (45)
3774 3262 3878 3331 τήν

2226 3345 2497 3403 διάστασιν
2533 3392 2547 3418 ,
2609 3344 2748 3403 ἔστιν
2825 3347 2914 3403 ὅτε
2984 3349 3075 3403 καὶ
3151 3349 3278 3425 παρ’
3364 3349 3444 3411 οἷς
3528 3349 3826 3425 ἀνθρώπων
3860 3394 3877 3421 ,

2224 3435 2356 3513 ὅπερ
2389 3440 2499 3511 (46)
2558 3434 2624 3506 δὴ
2682 3439 2770 3493 καὶ
2833 3437 3089 3514 μέγιστος
3143 3444 3244 3508 τῆς
3302 3435 3561 3509 ἀληθείας
3620 3435 3877 3514 ἔλεγχος,

2226 3523 2351 3581 οὐδὲ
2396 3525 2497 3581 ὑπὸ
2556 3531 2653 3581 τοῦ
2710 3531 2901 3603 καιροῦ
2951 3527 3283 3600 νικωμένης,
3347 3524 3470 3582 οὐδὲ
3515 3534 3615 3596 τῆς
3672 3526 3879 3603 ἔχθρας

2225 3613 2508 3679 παντελῶς
2554 3617 2645 3671 τὸν
2696 3623 2966 3693 σπινθῆρα
3015 3623 3111 3685 τῆς
3165 3616 3216 3671 ἐν
3270 3618 3404 3689 ἡμῖν
3452 3615 3668 3691 ἀγάπης
3714 3637 3881 3671 κατα·-

2226 3703 2485 3776 λυούσης·
2548 3706 2628 3760 ὅτι
2686 3708 2749 3761 τὸ
2809 3706 3059 3781 μέγιστον
3121 3706 3259 3775 ὑπῆν
3314 3708 3450 3776 ἡμῖν
3509 3707 3599 3761 καὶ
3654 3706 3874 3760 στασιά-

2232 3798 2410 3863 ζουσιν
2471 3796 2504 3865 ἡ
2565 3792 2845 3868 ὁμοδοξία,
2889 3795 2977 3850 καὶ
3033 3796 3097 3850 τὸ
3154 3792 3447 3851 συνειδέναι
3501 3797 3576 3869 μή
3630 3797 3880 3871 ἑτεροζυ-

2224 3889 2380 3960 γοῦσι
2448 3885 2571 3959 περὶ
2623 3888 2733 3959 (47)
2795 3887 2893 3954 τήν
2944 3883 3225 3957 ἀλήθειαν,
3278 3883 3409 3958 μηδ’
3616 3884 3877 3946 ἐναντίως

2227 3969 2591 4047 διακειμένοις
2624 4019 2638 4045 ,
2696 3973 2839 4030 ἀλλά
2910 3979 2989 4046 τῷ
3046 3973 3191 4046 αὑτῷ
3247 3981 3553 4050 χαρακτῆρι
3634 3995 3814 4049 μεμορ
3851 4008 3879 4017 ο

2226 4062 2499 4140 φωμένοις
2555 4069 2655 4133 τῆς
2715 4062 2967 4133 πίστεως,
3016 4064 3105 4117 καὶ
3162 4070 3263 4133 τῆς
3319 4064 3547 4140 πρώτης
3595 4064 3756 4137 ἡμῶν
3788 4062 3881 4117 ἐλ-

2226 4150 2405 4214 πίδος.

2223 4277 2538 4351 Gregorius
2560 4276 2771 4351 senior
2803 4277 3283 4351 subscripserat;
3325 4294 3525 4334 verum
3578 4279 3883 4335 subtiliori

2224 4365 2402 4404 sensu
2420 4349 2629 4405 alludit
2672 4350 2743 4405 ad
2802 4349 2921 4405 hac
2969 4349 3171 4407 verba:
3221 4350 3430 4407 Littera
3485 4351 3701 4416 occidit,
3760 4356 3881 4408 etc.

2222 4421 2299 4494 (ιι
2326 4420 2567 4494 σοι-τω,
2622 4421 2677 4493 6)
2713 4464 2727 4491 ,
2783 4422 3044 4494 adeoque
3091 4422 3457 4487 vertendum,
3496 4441 3515 4469 ι
3557 4439 3657 4478 vos
3706 4438 3881 4491 vero,

2224 4493 2407 4577 missa
2435 4493 2662 4577 littera,
2674 4510 2807 4577 quze‘
2822 4493 3059 4577 pravam
3091 4494 3486 4577 suspicionem
3509 4494 3740 4577 injecit,
3780 4496 3877 4577 ad

2222 4564 2497 4638 spiritum
2521 4564 2896 4638 confugistis:
2930 4588 2957 4617 ››
2986 4567 3046 4622 id
3067 4570 3175 4636 est,
3195 4564 3222 4617 ἆ
3255 4567 3325 4623 ad
3343 4564 3621 4624 latentem
3642 4567 3753 4622 sub
3776 4566 3883 4622 lit-

2223 4641 2349 4693 tera
2372 4637 2666 4709 pietatem.
2701 4637 2729 4687 is

2445 4709 2841 4782 Ἐννοήσιιιντιιςῗ
2884 4732 2913 4759 ‹‹
2981 4708 3293 4782 Cogitastis
3343 4731 3373 4761 ι»
3432 4709 3606 4782 Coisl.
3650 4708 3720 4782 -Ι,
3779 4706 3883 4782 ἐγ-

2295 4728 2410 4777 ωλι)
2462 4728 2841 4778 ιιννοησαντες.
2884 4732 2913 4759 ‹‹
2981 4728 3293 4782 uogltasns
3343 4731 3373 4761 ι»
3432 4728 3606 4766 υοιει.
3666 4728 3720 4775 1,
3781 4728 3805 4762 ε
3856 4744 3882 4753 -

2223 4778 2563 4843 καλέσαντες.
2626 4781 2767 4855 Reg.
2827 4781 2928 4849 hu,
2988 4783 3061 4838 ad
3108 4799 3292 4855 marg.
3351 4800 3441 4856 γρ.
3506 4781 3595 4835 καὶ
3647 4728 3882 4855 ἰγκαλῖ-

2225 4872 2405 4914 σαντες
2416 4897 2428 4909 .

2293 4926 2405 5065 αξ)
2436 4925 2631 4981 *Ηττον
2664 4920 2723 4992 ἤ.
2756 4923 2850 4980 Sic
2889 4924 3067 4998 Regg.
3092 4941 3145 4995 a,
3174 4924 3295 4990 hm,
3327 4924 3429 4989 hu,
3479 4925 3577 4981 Or.
3626 4924 3689 4980 In
3746 4926 3884 4981 edi-

2293 5016 2321 5064 ις

2224 4997 2321 5064 tis,

2295 5069 2407 5141 (44)
2438 5067 2707 5138 Γυμνῇτε.
2736 5067 2862 5141 Beg
2889 5065 2999 5141 hu,
3028 5067 3356 5141 tresgColbﬂ
3388 5066 3508 5138 Or.,
3538 5068 3750 5141 quievi.
3780 5071 3879 5139 τῇ.

2462 5135 3065 5228 ςιξπεραποΐλογούιμεθα.
3137 5139 3234 5228 ρι’.
3297 5135 3881 5228 ὑπεραπελογούμεθαε

2462 5208 2654 5284 Ὅπερ.
2715 5208 2827 5267 ΟΡ(
2886 5208 3085 5285 ὥσπερ.
3138 5211 3305 5266 Herv.
3368 5208 3555 5285 ὅσπερ.
3619 5208 3646 5260 ξ(
3706 5208 3880 5277 Quod

2225 5284 2547 5356 maximum
2575 5285 2702 5356 jam
2733 5287 2861 5338 tum
2895 5284 3307 5356 argumentum
3332 5287 3477 5352 crat,
3506 5284 3617 5338 nec
3661 5299 3695 5356 a
3724 5288 3882 5356 tem-

2224 5372 2362 5428 pore
2384 5354 2621 5428 quidem
2652 5354 2865 5428 victam
2896 5354 3026 5413 esse
3054 5355 3377 5428 veritatem,
3408 5371 3512 5411 nec
3542 5355 3625 5428 ab,
3661 5354 3882 5428 inimi-

2224 5425 2362 5484 eitia
2382 5425 2700 5483 exstinctos
2721 5427 3097 5499 penitusesse
3113 5426 3294 5496 illius,
3314 5425 3441 5499 quae
3464 5428 3521 5481 in
3538 5426 3707 5482 nobis
3729 5432 3882 5497 erat,

2223 5500 2530 5556 cbaritatis
2558 5499 2870 5572 igniculos.
2903 5524 2930 5552 ››

2319 5573 2406 5644 47)
2438 5567 2762 5644 Περᾳὶξῌθε.
2795 5572 2896 5643 hu,
2930 5572 3049 5644 01;,
3086 5570 3266 5627 Oxon.
3291 5567 3446 5644 πρὸς.

2319 5573 2381 5625 47
2438 5573 2588 5643 Περί.
2625 5573 2762 5644 Reg.
2795 5573 2896 5643 hu,
2930 5573 3049 5637 Or.,
3086 5573 3266 5627 Oxon.
3291 5573 3446 5643 πρὸς.

2294 5573 2407 5716 (48)
2439 5638 2599 5713 Μηδ“.
2634 5643 2813 5717 Regg.
2847 5644 2949 5715 hu,
2983 5643 3104 5715 Or.,
3134 5646 3293 5701 Oxon
3326 5636 3483 5715 μηδέ.
