2122 3108
159 204 217 234 ’13⁵1

751 204 898 236 ORATIO
921 204 974 235 νι.
990 221 1029 227 -
1044 205 1095 234 DE
1117 205 1217 236 PACE
1239 207 1264 236 Ι.

1808 209 1869 241 ’138

161 270 329 299 nimeinter
338 279 391 299 nos
410 270 578 305 dissentire,
588 279 622 299 ac
635 271 779 299 contrario
794 271 881 299 modo
901 270 988 306 afﬁci,
1009 278 1112 299 verum
1135 273 1237 300 eodem
1263 272 1328 301 ﬁdei
1351 275 1380 301 et
1399 273 1500 309 prima:
1519 274 1612 302 nostri
1624 274 1687 311 spei
1702 274 1868 304 charactere

165 315 307 343 formatos
320 318 348 343 et
362 315 550 352 consignatos
564 324 638 344 esse.

197 360 246 387 lB’.
280 357 362 386 Οὐδὶν
391 359 443 397 γὰρ
472 359 558 391 ὁῦτως
588 359 700 397 ἰσχυρὸν
729 359 767 391 εἷς
781 358 910 396 ὁμόνοιαν
926 362 985 390 τοῖς

1078 361 1136 388 XII.
1155 361 1231 388 Nihil
1261 363 1338 390 enim
1368 371 1428 397 eos,
1452 363 1503 398 qui
1532 364 1644 391 sincero
1660 363 1866 392 animiaﬂ'ectu

162 403 285 441 γνησίοις
312 404 368 439 (49)
396 404 430 431 τᾶ
454 404 523 442 πρὸς
550 404 596 431 τὸν
626 404 700 439 Θεὸν,
731 404 768 435 ὡς
792 405 809 438 ἡ
831 403 893 442 περὶ
922 405 989 431 Θεοῦ

162 448 324 487 συμφωνίαο
345 448 391 475 καὶ
420 447 497 476 οὐδὲν
527 448 614 479 οὓτως
641 447 753 485 ἕτοιμον
778 448 814 479 είς
841 446 989 484 διάστασιν,

163 492 201 524 ὡς
229 492 324 530 ἠπερὶ
353 494 435 520 τοῦτο
472 494 529 529 (50)
566 492 709 532 διαφῶνία.
744 493 797 521 Καὶ
830 493 882 531 γὰρ
914 493 928 520 ὁ
957 493 990 519 τὰ

163 536 236 565 ἄλλα
250 538 308 575 (51)
330 536 528 569 ἱπιεικέστατος
552 538 615 576 περὶ
640 540 720 565 τοῦτο
745 537 921 575 θερμότατος,
945 537 990 564 καὶ

164 582 178 610 ὁ
210 580 296 618 πραΰς
325 583 383 619 (52)
419 579 505 613 ὄντως
543 582 646 620 γίνεται
688 582 828 620 μαχητής,
858 581 919 609 ὅταν
947 580 990 619 ἴδῃ

166 626 339 664 μακροθυμίᾳ
367 626 430 653 Θεὸν
457 625 641 664 ζημιούμενος
664 628 721 664 (53)
753 625 859 664 μᾶλλον
883 625 912 653 ’ὁὶ
927 625 991 654 Θεὸν

166 673 274 708 ζημιῶν
301 672 341 707 τῷ
364 670 461 699 ἑαυτοῦ
483 671 623 708 πτώματι,
646 671 692 699 τὸν
718 672 792 708 ἡμᾶς
817 670 991 698 πλουτοῦντα

163 726 192 743 τε
216 715 261 743 καὶ
290 714 480 750 πλουτίζοντα.
521 715 601 744 Οίίτω
641 716 688 753 μὶν
716 714 774 750 οὖν,
803 715 869 754 ὅπερ
904 715 990 750 εἶπον,

164 762 247 797 ἡμεῖς
274 761 320 788 καὶ
344 760 394 794 τὴν
423 759 558 788 διάστασιν
590 760 777 799 μετριώτεροι·
808 760 846 791 ὡς
877 770 991 799 περιφα-

163 805 288 843 νεστὲραν
321 804 441 843 γενέσθαι
478 805 524 832 καὶ
561 805 611 839 τὴν
652 805 779 841 ὁμόνοιαν
805 808 856 840 τῆς
885 803 992 839 διαζεύ-

165 850 242 886 ξεως,
269 849 314 877 καὶ
344 848 442 888 μικροῦ
471 850 501 877 τὸ
532 850 612 886 μέσον
644 849 782 885 κλαπῆναι
801 852 860 881 τοῐς
874 849 992 888 ἀμφοτέ-

166 894 250 932 ρωθεν
280 893 395 929 δεξιοῖς·
427 893 485 921 ἐπεὶ
515 892 543 921 δὶ
567 894 617 922 οὑκ
640 893 745 932 ἐξαρκεῖ
771 894 802 921 τὸ
827 893 913 932 τάχος
942 897 991 929 τῆς

165 939 277 976 εἰρήνης
303 938 371 977 πρὸς
398 939 448 974 τὴν
478 937 637 978 ἀσφάλειαν,
664 938 687 966 εί
718 939 756 975 μή
785 949 827 970 τις
849 938 893 966 καὶ
909 938 991 977 λόγος

165 984 179 1011 ὁ
206 983 308 1018 ταύτην
336 986 441 1022 κρατῶν
471 983 565 1023 φανείη
593 984 661 1021 (54),
691 982 735 1011 καὶ
760 983 825 1014 Θεὸς
850 982 924 1011 ἔλθοι
952 985 991 1019 τῷ

163 1026 242 1066 λόγῳ
266 1028 428 1066 σύμμαχος,
455 1031 517 1066 παρ’
541 1027 572 1056 οὗ
595 1027 679 1056 καλὸν
703 1027 772 1055 ἃπαν
796 1027 841 1055 καί
865 1026 989 1066 ἄρχεται,
1008 1048 1029 1081 Β

200 1073 207 1081 1
253 1073 260 1081 l
323 1072 344 1081 l‘
412 1072 423 1081 )l
589 1073 594 1081 Ι
687 1072 694 1081 l
722 1071 734 1081 ἢ
747 1076 754 1081 ι
788 1072 795 1081 9
824 1074 838 1080 ~
922 1072 929 1081 \
949 1071 960 1081 ἢ
979 1073 986 1081 1

164 1073 209 1101 καὶ
238 1073 276 1104 εἰς
303 1072 383 1104 τέλος
411 1072 540 1111 ἔρχεται*
566 1073 629 1112 φὲρε
650 1072 695 1100 καὶ
720 1071 754 1100 δι’
770 1072 870 1110 εὐχῶν,
887 1072 931 1099 καὶ
947 1071 991 1099 διὰ

164 1117 305 1156 λογισμῶν
333 1114 546 1156 βεϐαιωσώμεθα
566 1117 666 1152 ταύτην
692 1117 731 1149 εἷς
756 1115 887 1154 δύναμιν.
904 1116 989 1144 ἐκεῖιο

164 1165 271 1200 πρῶτον
289 1161 493 1200 ἐνθυμηθέντες,
510 1163 551 1190 ὃτι
575 1161 724 1190 κάλλιστον
753 1162 799 1199 μὲν
827 1164 881 1189 τῶν
905 1159 989 1189 ὅντων

163 1207 209 1235 καὶ
235 1206 407 1244 ὑψηλότατον
433 1207 508 1242 Θεὸς,
535 1206 560 1234 εἴ
584 1207 623 1243 μὴ
646 1208 686 1243 τῷ
705 1206 785 1245 φίλον
801 1207 846 1233 καὶ
862 1205 927 1243 ὐπὶρ
941 1206 991 1240 τὴν

164 1251 256 1279 οὐσίαν
285 1250 357 1289 ἄγειν
382 1251 474 1287 αὐτὸν,
502 1252 520 1286 ἢ
548 1250 613 1279 ὅλον
639 1251 664 1278 ἐν
689 1251 763 1287 αὐτῷ
785 1251 886 1283 τιθέναι
905 1250 937 1278 τὸ
953 1251 990 1278 εἴ-

163 1306 218 1331 νιιιΙ
234 1296 297 1333 παρ’
325 1295 356 1323 οὗ
383 1295 428 1323 καὶ
455 1298 514 1327 τοῖς
544 1294 659 1326 εἱλλοις⁸
690 1294 799 1333 δεύτερα
826 1293 855 1322 δὶ
884 1295 933 1322 ὅσα
962 1295 991 1322 ἐκ

163 1343 232 1369 Θεοῦ
260 1343 356 1378 πρῶτα
383 1340 428 1368 καὶ
456 1340 518 1378 περὶ
548 1341 623 1376 Θεὸν,
658 1339 706 1371 τὰς
735 1339 881 1379 ἀγγελικὰς
919 1338 990 1377 λέγω

163 1384 291 1423 δυνάμεις
320 1386 365 1413 καὶ
394 1385 547 1423 οὐρανίους,
587 1384 625 1422 α’ί,
654 1387 759 1423 πρῶται
801 1387 905 1413 σπῶσαι
942 1384 990 1413 τοῦ

162 1432 276 1469 πρώτου
302 1430 403 1470 φωτὸς,
427 1431 472 1458 καὶ
496 1432 535 1466 τῷ
559 1433 610 1465 τῆς
634 1429 762 1465 ἀληθείας
786 1430 863 1467 Λόγῳ
877 1429 990 1466 τρανού-

164 1485 253 1512 μεναι,
284 1477 341 1514 φῶς
370 1474 420 1502 εἶσι
449 1474 494 1502 καὶ
515 1474 592 1503 αὐταὶ
620 1473 726 1503 τελείου
751 1475 840 1513 φωτὸς
871 1475 989 1513 ἀπαυγά-

163 1529 273 1556 σματα’
303 1520 406 1547 τούτων
436 1518 465 1546 δὲ
489 1518 565 1547 οὐδὲν
592 1520 649 1556 (55)
673 1519 759 1551 οὕτως
792 1518 872 1555 ἴδιον,
897 1520 934 1550 ὡς
959 1520 991 1546 τὸ

163 1564 273 1601 ἀμαχόν
302 1574 332 1591 τε
359 1563 403 1591 καὶ
432 1563 618 1592 ἀστασίαστον.
651 1563 720 1592 Οὔτε
748 1564 800 1602 γὰρ
828 1563 853 1590 ἐν
883 1563 990 1598 θεότητι

163 1609 266 1645 στάσις,
296 1608 338 1636 ὅτι
379 1607 450 1645 μηδὲ
476 1607 553 1640 λύσις
691 1607 768 1639 λύσις
796 1608 846 1646 γὰρ
874 1607 990 1638 στάσεως

163 1652 293 1691 ἔκγονον·
324 1651 397 1680 ἀλλὰ
426 1655 553 1680 τοσοῦτον
581 1652 613 1680 τὸ
640 1655 690 1687 τῆς
716 1652 844 1689 ὁμονοίας
863 1651 991 1689 καὶπρὸς

164 1697 274 1732 ἑαυτὴν,
289 1696 420 1734 καὶπρὸς
434 1697 468 1724 τὰ
491 1695 612 1735 δεύτερα,
641 1696 709 1724 ὥστε
734 1697 779 1724 καὶ
807 1695 990 1735 προσηγορίαν

1046 406 1134 433 Deum
1151 406 1259 441 colunt,
1278 416 1358 442 reque
1375 408 1451 435 inter
1467 417 1497 435 se
1513 408 1660 441 conciliat,
1688 411 1772 444 atque
1801 417 1868 437 con-

1046 450 1174 477 sentiens
1190 451 1225 478 dc
1242 452 1296 479 Deo
1327 452 1478 485 doctrina;
1503 453 1750 487 quemadmodum
1766 455 1869 481 contra

1045 494 1116 521 nihil
1134 496 1168 522 ad
1186 496 1341 523 dissidium
1356 496 1396 523 ita
1419 499 1588 531 promptum
1611 505 1642 524 ac
1668 500 1800 532 paratum
1812 500 1867 533 est,

1045 540 1077 565 ut
1093 539 1206 567 diversa
1222 540 1249 566 in
1262 540 1316 567 hac
1333 549 1362 567 re
1378 541 1544 568 animorum
1557 541 1711 569 sententia.
1722 542 1872 577 Hicenim,

1045 583 1133 611 etiam
1150 584 1199 618 qui
1217 583 1282 611 aliis
1297 584 1325 612 in
1351 584 1437 612 rebus
1458 585 1645 620 aequissimus
1660 588 1687 613 et
1712 586 1871 614 facillimus

1045 630 1099 660 est,
1112 628 1344 656 ferventissimus
1360 629 1474 656 exsistit
1487 638 1493 662 ;
1507 637 1539 657 ac
1555 632 1728 657 mansuetus
1736 638 1801 658 vere
1816 639 1872 666 pu-

1045 681 1121 706 gnax
1138 672 1273 706 efﬁcitur,
1291 681 1357 700 cum
1374 681 1405 701 se
1428 682 1478 709 per
1493 673 1644 701 lenitatem
1661 674 1711 701 Dei
1724 674 1872 709 jacturam

1048 717 1152 751 tacere,
1170 718 1238 751 imo,
1265 720 1296 744 ut
1321 718 1429 746 rectius
1458 718 1572 753 loquar,
1590 727 1640 754 per
1654 718 1871 754 prolapsionem

1046 770 1141 795 suam,
1158 762 1261 794 Deum,
1275 762 1399 797 quinos,
1411 764 1439 789 et
1449 770 1501 797 pro
1517 762 1625 789 divitiis
1641 763 1738 796 habet,
1755 765 1783 791 et
1797 763 1870 791 divi-

1046 808 1089 834 tes
1105 807 1208 840 reddit,
1225 807 1332 834 demno
1360 807 1474 834 afﬁcere
1490 806 1642 843 conspicit.
1659 807 1706 835 Sic
1722 807 1821 843 igitur,
1839 810 1872 835 ut

1049 860 1064 878 a
1081 859 1125 878 me
1141 851 1251 878 dictum
1267 853 1321 885 est,
1339 859 1391 878 nos
1415 850 1445 878 in
1475 851 1539 886 ipsa
1554 860 1669 887 quoque
1685 851 1870 880 contentione

1047 896 1225 923 moderatius
1242 895 1376 931 nosipsos
1392 896 1555 930 gessimus;
1573 896 1644 923 adeo
1668 898 1700 923 ut
1715 896 1871 925 concordia

1046 940 1110 975 ipsa
1139 940 1335 975 disjunetionc
1365 940 1437 967 187
1472 940 1578 967 clarior
1599 940 1695 975 fuerit,
1710 949 1742 968 ac
1759 949 1810 977 per
1825 949 1870 976 ea,

1047 993 1110 1020 qum
1131 984 1270 1020 utrinque
1300 984 1365 1011 laeta
1393 986 1421 1011 et
1450 984 1604 1011 commoda
1628 984 1811 1019 exstiterunt,
1841 985 1870 1012 id

1048 1028 1125 1064 quod
1142 1028 1170 1055 in
1188 1028 1281 1055 medio
1298 1028 1429 1063 contigit,
1445 1036 1514 1062 pene
1532 1028 1706 1064 subreptum
1722 1031 1750 1056 et
1764 1029 1870 1057 obscu-

1046 1075 1152 1100 ratum.
1169 1075 1206 1100 At
1233 1073 1371 1108 quoniam
1401 1072 1478 1107 pacis
1494 1072 1627 1100 celeritas
1647 1074 1683 1100 ad
1700 1073 1868 1101 ﬁrmitatem

1046 1117 1124 1145 haud
1141 1117 1261 1152 sufﬁcit,
1276 1117 1333 1144 nisi
1350 1117 1440 1144 oratio
1450 1116 1537 1144 etiam
1550 1116 1658 1152 aliqua,
1672 1125 1735 1152 quae
1746 1117 1869 1144 hancte-

1047 1164 1124 1195 neat,
1141 1162 1273 1195 exsistat,
1284 1169 1316 1188 ac
1327 1161 1413 1194 Deus,
1431 1170 1446 1188 ο
1455 1169 1512 1196 quo
1531 1162 1639 1188 bonum
1651 1170 1738 1189 omne
1752 1161 1870 1189 initium

1047 1206 1136 1239 ducit,
1154 1209 1242 1242 atque
1258 1206 1293 1233 ad
1307 1206 1394 1233 finem
1411 1206 1589 1241 perducitur,
1607 1206 1729 1233 orationi
1741 1206 1869 1242 opitula-

1047 1253 1091 1278 tor
1105 1251 1233 1283 accedat,
1250 1259 1312 1285 age,
1328 1252 1356 1278 et
1383 1250 1468 1283 votis,
1486 1252 1514 1277 et
1534 1249 1707 1283 rationibus,
1726 1259 1789 1278 eam
1805 1259 1872 1286 pro-

1045 1295 1120 1322 virili
1137 1297 1236 1323 nostra
1253 1295 1481 1322 conﬁrmamus:
1498 1294 1569 1321 illud
1582 1295 1709 1330 primum
1726 1303 1792 1323 cum
1806 1295 1870 1323 ani-
1915 1309 1917 1311 ι

1047 1339 1103 1366 mis
1120 1338 1227 1366 nostris
1244 1340 1412 1374 reputantes
1431 1338 1531 1372 Deum,
1552 1338 1695 1371 omnium,
1712 1347 1774 1374 qua
1788 1342 1868 1373 sunt,

1046 1383 1275 1419 pulcherrimum
1302 1384 1331 1410 et
1359 1382 1608 1410 sublimissimum
1625 1391 1700 1418 esse,
1730 1384 1786 1411 nisi
1803 1384 1870 1419 quis

1046 1431 1144 1455 tamen
1157 1436 1224 1455 eum
1239 1427 1321 1455 malit
1336 1436 1425 1463 supra
1442 1435 1559 1455 omnem
1574 1428 1732 1456 essentiam
1748 1437 1867 1464 ponere,

1046 1475 1097 1501 aut
1112 1473 1140 1500 in
1158 1473 1231 1508 ipso,
1248 1472 1388 1508 quidquid
1402 1472 1429 1499 id
1446 1475 1499 1506 est,
1514 1472 1665 1508 collo-are,
1679 1475 1871 1510 utpoteaquo

1046 1517 1104 1545 alia
1112 1525 1238 1552 quoque,
1251 1519 1280 1544 ut
1295 1517 1364 1551 sint,
1378 1517 1543 1553 acceperint
1554 1526 1561 1550 ;
1572 1517 1675 1545 deinde
1688 1521 1786 1546 autem
1794 1526 1872 1554 quaa-

1046 1570 1160 1597 cunque
1175 1569 1209 1589 ex
1222 1562 1278 1589 Deo
1294 1562 1398 1597 prima,
1415 1564 1443 1588 et
1458 1561 1534 1591 circa
1549 1562 1652 1596 Deum,
1669 1562 1723 1590 hoc
1752 1565 1797 1590 est
1820 1571 1869 1590 an-

1046 1606 1153 1642 geiicas
1183 1608 1210 1633 et
1239 1607 1371 1634 caelestes
1396 1606 1528 1640 virtutes,
1547 1615 1609 1642 quas
1626 1607 1725 1643 prima:
1741 1608 1870 1643 primum

1046 1651 1143 1679 lumen
1161 1651 1340 1685 haurientes,
1357 1659 1390 1678 ac
1403 1651 1534 1679 veritatis
1547 1652 1633 1679 verbo
1646 1652 1808 1687 illustratm,
1826 1652 1872 1681 lu-

1047 1705 1112 1724 men
1142 1705 1256 1732 quoque
1286 1697 1354 1732 ipsae
1380 1699 1459 1731 sunt,
1477 1705 1509 1724 ac
1521 1697 1640 1732 perfecti
1654 1697 1732 1725 illius
1748 1697 1871 1727 luminis

163 1744 204 1778 τῷ
218 1744 276 1778 Θεῷ
290 1732 413 1780 γενέσθαι
430 1742 498 1778 μετὰ
510 1732 686 1777 τῶνᾶλλων,
700 1742 745 1769 καὶ
760 1742 813 1779 πρὸ
827 1732 881 1769 τῶν
898 1732 991 1768 ὃίλλων

1048 1741 1191 1769 radii.His
1207 1750 1291 1777 porro
1308 1741 1379 1768 nihil
1397 1744 1456 1769 tam
1473 1743 1625 1778 proprium
1642 1745 1694 1777 est,
1712 1751 1799 1779 quam
1816 1752 1871 1780 pu-

165 1786 207 1817 οἶς
219 1785 311 1824 χαίρει
325 1785 506 1823 καλούμενος,
521 1788 601 1814 τοῦτο
616 1787 646 1814 τὸ
662 1785 863 1823 πλεονέκτημα.
884 1785 988 1822 Εἰρήνη

165 1831 218 1868 γὰρ
231 1830 276 1858 καὶ
293 1831 396 1868 ἀγάπη,
412 1831 456 1858 καὶ
470 1831 505 1858 τὰ
517 1833 628 1858 τοιαῦτα
639 1830 810 1867 ὀνομάζεται,
825 1832 893 1868 ἡμῖν
906 1830 990 1867 παρὲ-

164 1886 224 1913 γων
243 1873 287 1902 διὰ
300 1878 354 1904 τῶν
370 1875 509 1911 ὀνομάτων
524 1875 561 1906 ὡς
577 1878 644 1904 Θεοῦ
666 1875 769 1903 τούτων
786 1876 842 1912 (57)
872 1885 991 1912 μεταπο-

165 1920 263 1947 ιεῖσθαι
276 1921 330 1947 τῶν
346 1919 458 1957 ἀρετῶν.

1045 1795 1118 1822 gnas
1133 1788 1161 1814 et
1176 1785 1298 1813 dissidia
1317 1786 1439 1814 nescire.
1458 1786 1531 1819 Nam
1548 1795 1600 1814 nec
1616 1787 1646 1814 in
1662 1787 1768 1816 deitate
1783 1788 1874 1816 dissi-

1046 1831 1127 1858 dium
1156 1833 1211 1865 est,
1241 1831 1491 1866 quemadmodum
1516 1839 1568 1859 nec
1598 1832 1726 1860 solutio:
1757 1833 1875 1860 dissidii

1046 1876 1154 1911 quippe
1169 1875 1229 1902 ﬁlia
1243 1877 1287 1903 est
1302 1875 1408 1902 solutio
1422 1885 1428 1905 :
1442 1884 1540 1902 verum
1556 1877 1626 1908 adeo
1642 1879 1670 1903 et
1685 1877 1872 1913 secumipsa,

1046 1922 1151 1947 etcum
1168 1919 1355 1947 inferioribus
1372 1919 1459 1946 rebus
1473 1928 1594 1947 concors
1607 1922 1634 1947 et
1650 1924 1751 1955 pacata
1766 1924 1819 1956 est,
1838 1924 1873 1951 ut

166 1967 274 2001 praeter
286 1965 353 1999 alia,
383 1965 443 1993 imo
471 1967 538 1993 ante
567 1965 624 1993 alia
653 1966 782 1999 nomina,
813 1964 921 2001 quibus
950 1964 1026 1992 Deus
1051 1963 1190 1999 appellari
1215 1964 1332 1999 gaudet.
1359 1964 1412 1991 hac
1423 1972 1540 1999 quoque
1551 1965 1740 2000 praerogativa
1754 1974 1871 1994 nuncu-

165 2011 264 2046 petur.
281 2009 340 2037 Pax
355 2009 378 2027 “
391 2010 471 2037 enim
486 2011 516 2037 et
531 2009 658 2038 cuaritas
673 2010 707 2044 ⁵⁷,
731 2011 818 2045 atque
846 2009 875 2036 id
904 2016 997 2045 genus
1024 2008 1194 2036 nominibus
1224 2007 1395 2043 appellatur,
1413 2016 1470 2043 quo
1498 2008 1630 2036 videlicet
1645 2017 1696 2045 per
1715 2010 1779 2046 ipsa
1798 2019 1876 2047 quo-

166 2062 226 2090 que
240 2053 381 2082 vocabula
397 2062 450 2082 nos
466 2054 632 2088 admoneat,
647 2056 678 2082 ut
689 2054 777 2082 hasce
787 2053 920 2087 virtutes,
936 2061 1000 2088 qua:
1017 2052 1140 2088 propriae
1152 2052 1203 2079 Dei
1218 2054 1297 2085 sunt,
1309 2060 1477 2087 comparere
1493 2053 1677 2081 studeamus.

206 2098 255 2125 lI".
275 2096 413 2135 ’Δγγέλων
443 2096 473 2125 δὲ
495 2098 509 2124 ὁ
537 2097 582 2130 μὶν
607 2097 745 2125 στασιάσαι
772 2096 925 2133 τολμήσας,
950 2096 995 2123 καὶ

169 2141 238 2179 ὑπὲρ
261 2142 311 2176 τήν
339 2141 412 2177 ἀξίαν
443 2141 555 2178 ἀρθῆναι
592 2141 730 2170 κατέναντι
757 2141 857 2179 Κυρίου
893 2151 995 2168 παντο-

167 2185 302 2224 κράτορος
330 2185 532 2224 τραχηλιάσας,
561 2186 606 2214 καὶ
633 2187 683 2222 τὴν
709 2187 775 2224 ὑπὲρ
795 2187 829 2214 τὰ
849 2185 916 2224 νέφη
932 2186 997 2213 καθ-

168 2229 248 2268 έδραν
264 2229 390 2265 ἕπινοῶν,
407 2231 444 2262 ὡς
460 2231 474 2258 ὁ
488 2229 536 2258 τοῦ
551 2232 694 2270 προφήτου
716 2232 773 2268 (58)
796 2230 891 2268 λόγος,
917 2229 994 2265 δίκην

169 2273 257 2302 ἔδωκε
270 2276 321 2310 τῆς
335 2275 462 2306 ἀπονοίας
490 2275 574 2311 ἀξίαν,
604 2276 698 2307 σκότος
729 2276 787 2303 ἀντὶ
815 2275 903 2314 φωτὸς
929 2274 995 2302 εἶναι

170 2319 342 2357 κατακριθεὶς
370 2320 437 2356 (59),
461 2319 478 2355 ἢ
507 2319 539 2347 τό
567 2331 599 2358 γε
633 2320 813 2359 ἀληθέστερον
842 2319 925 2347 εἰπεῖν
955 2319 998 2357 ὑφ’

210 2391 232 2409 ⁵⁸
248 2391 353 2428 Ephes.
371 2400 402 2427 ιι,
417 2393 461 2420 14.
475 2392 497 2409 ⁵⁷
513 2392 623 2420 IJoan.
640 2400 677 2426 ιν,
693 2394 719 2428 8,
737 2393 780 2421 16.
796 2393 817 2410 ⁵⁸
832 2394 889 2427 lea,
905 2400 966 2426 x1v,
983 2391 1026 2418 14.

280 2472 342 2509 Eoi:
358 2469 493 2509 γνησίοις.
509 2471 596 2509 Coisl.
613 2471 638 2506 1,
655 2471 785 2509 γνησίως.

220 2506 265 2535 50)
279 2506 373 2533 Τοῦτο.
389 2506 468 2534 Colb.
484 2508 592 2535 τοῦτου.

222 2540 268 2579 ξι)
283 2542 324 2579 Τὰ
340 2540 421 2579 ἄλλα.
439 2542 507 2579 Reg.
521 2543 550 2577 b,
563 2545 592 2571 et
607 2542 697 2571 Mont.
713 2542 820 2572 τ’ἄλΛα.

211 2576 319 2615 (52)]ρ,
340 2576 436 2615 πραΰς,
452 2576 506 2606 etc.
537 2578 648 2607 Alludit
675 2580 711 2608 ad
735 2580 795 2608 haec
809 2580 882 2608 Joel.
896 2589 938 2615 ιιι,
952 2580 996 2614 14,

173 2612 189 2639 ὁ
206 2611 293 2650 πραΰς
306 2611 375 2640 ἔστω
403 2611 544 2652 μαχητής.
569 2625 580 2640 ιι
606 2615 659 2648 Qui
689 2619 860 2644 mansuetus
879 2611 937 2650 est,
959 2611 997 2644 sit

177 2651 335 2685 pugnator,
347 2660 362 2674 ››

212 2657 377 2723 (ξὲἲιῗῖἑῖῖ-
386 2685 559 2723 μακροθυμίᾳ
587 2686 663 2723 ’Θεὸν
694 2686 889 2723 ζημιούμενος.
906 2688 995 2723 Regg.

172 2719 277 2760 3,1139,
288 2719 475 2760 grues-bV
493 2719 677 2760 ζημιούμενος
760 2719 942 2760 μακροθυμίᾳ.

293 2755 326 2784 Εἰ
336 2750 404 2797 -..είῇ
428 2767 471 2797 τις
587 2750 677 2797 λόγος
749 2750 863 2797 ταύτην⁷
886 2750 998 2797 1κρατῷν

177 2791 288 2830 φανείη.
305 2802 321 2857 ἵ
335 2791 397 2821 Nisi
425 2794 533 2831 aliqua,
550 2802 614 2830 quae
629 2791 728 2831 ipsam
744 2791 998 2829 conﬁrmet,'ratio

178 2835 308 2857 οοοοιοθ.
323 2849 329 2856 .
347 2839 361 2853 ιι

178 2835 329 2857 appareat.
347 2839 361 2853 ιι

198 2836 218 2864 p
240 2836 329 2857 aream.
347 2839 361 2853 »ι

213 2836 271 2901 £5)
286 2863 320 2892 Δὶ
336 2862 424 2894 οὐδέν.
441 2865 487 2894 Sic
499 2865 568 2903 Reg.
584 2866 645 2902 bm,
661 2868 691 2896 et
706 2866 754 2895 0r.
782 2867 846 2896 Par.
862 2867 945 2903 edit.,
975 2865 999 2895 δ’

1086 2096 1157 2124 XlII.
1173 2097 1212 2124 Ex
1227 2096 1339 2131 angelis
1354 2098 1462 2131 autem,
1479 2096 1514 2130 is,
1532 2097 1580 2132 qui
1597 2097 1770 2127 seditionem
1781 2100 1878 2128 conci-
1896 2115 1899 2117 >

1050 2144 1122 2173 tare,
1137 2149 1169 2168 ac
1186 2149 1276 2176 supra
1291 2140 1465 2176 dignitatem
1481 2149 1566 2168 suam
1582 2149 1646 2169 sese
1658 2142 1770 2179 efferre,
1787 2145 1878 2172 cervi-

1051 2194 1172 2221 cemque
1180 2185 1318 2213 adversus
1327 2185 1482 2213 Dominum
1490 2186 1722 2222 omnipotentem
1734 2188 1874 2222 attollere.

1051 2233 1148 2265 atque,
1165 2232 1196 2257 ut
1211 2229 1360 2265 Scriptura
1375 2232 1498 2257 testatur
1513 2231 1543 2265 ⁵⁸,
1561 2239 1651 2267 supra
1666 2232 1759 2260 nubes
1774 2233 1874 2261 sedem

1051 2273 1164 2309 sibiipsi
1174 2273 1337 2309 excogitare
1348 2282 1437 2301 ausus
1452 2276 1506 2305 est.
1523 2274 1627 2310 dignas
1642 2276 1809 2312 arrogantia
1820 2285 1875 2305 sua

1052 2326 1153 2353 pcenas
1168 2317 1259 2350 dedit,
1276 2317 1350 2344 lucis
1366 2317 1426 2344 loco
1442 2318 1570 2346 tenebris
1600 2319 1753 2355 multatus,
1779 2323 1830 2349 aut
1844 2322 1877 2349 ut

1069 2467 1112 2487 ν’.λέ

1161 2504 1219 2529 Ὅτι
1239 2501 1308 2539 μηδέ
1324 2502 1411 2535 λύσις.
1442 2504 1711 2541 «Quandoquidem
1741 2516 1792 2536 nec
1812 2509 1874 2537 dis-

1051 2549 1204 2620 soig’il)o:t;;
1222 2584 1287 2610 Θεοῦ
1302 2583 1417 2611 τούτων.
1439 2584 1552 2618 Billius,
1584 2596 1597 2611 ι(
1614 2588 1647 2614 ut
1675 2587 1729 2615 bas
1752 2588 1875 2618 virtutes

1051 2622 1191 2655 tanquam
1200 2620 1290 2647 Deum
1303 2620 1629 2656 consequistudeamus.
1639 2635 1650 2648 ι
1662 2623 1819 2652 Leuvenkl.
1831 2633 1876 2654 re-

1052 2657 1106 2695 l‘ert
1121 2656 1156 2683 ad
1173 2656 1310 2695 nomina:
1333 2656 1645 2695 «quibusvocabilis,
1676 2660 1718 2686 uti
1747 2668 1810 2695 quae
1826 2661 1877 2689 Dei

1052 2692 1121 2725 sint,
1147 2700 1200 2719 nos
1228 2692 1375 2724 admonet,
1406 2694 1437 2719 ut
1465 2693 1586 2721 virtutes
1616 2695 1701 2723 hasce
1725 2692 1876 2732 compars-

1052 2735 1228 2803 ἐ).ῖέἑῖ
1258 2763 1527 2803 nfopvﬁroc._Deest
1543 2765 1571 2792 in
1593 2764 1680 2802 chg,
1699 2774 1725 2802 a,
1741 2767 1802 2803 bm,
1818 2767 1870 2802 hu.

1051 2785 1146 2826 tribus
1162 2785 1463 2830 aequasse;

1161 2833 1266 2874 Σκότος.
1284 2833 1460 2874 ἀιιτζΔφωτὸς
1490 2835 1557 2862 εἶναι
1587 2836 1766 2874 κατακριθείς,
1797 2848 1811 2863 ιι
1837 2837 1873 2867 Ut,

1052 2869 1127 2899 lucis
1135 2869 1202 2899 loco
1213 2869 1306 2906 caligo
1322 2869 1550 2905 sitfdamnatus.
1569 2882 1582 2895 ››

1841 2931 1896 2968 Α,

1822 2966 1840 2992 (β
