4244 6216
426 342 530 403 741

1610 328 1901 394 ORATIO
1947 330 2050 394 VI.
2084 366 2162 377 —-
2201 331 2302 393 DE
2347 328 2549 393 PAGE
2592 330 2639 392 Ι.

3714 337 3833 399 7.42

423 477 547 543 νῶν,
576 473 657 541 τῷ
690 469 783 542 μὲν
816 461 1018 544 φωτὸς,
1055 464 1123 537 τῇ
1157 455 1215 517 δὲ
1261 459 1451 529 ὑετῶν,
1500 460 1705 523 εὖνοίάς
1754 463 2063 537 κρατεῖσθαι

2188 462 2652 536 magniﬁcentius
2683 463 2997 535 excogitari
3030 468 3240 535 potest.
3283 466 3351 521 At
3408 466 3588 522 simul
3646 472 3829 541 atque

420 559 609 633 νόμῳ;
644 564 715 633 γῆ
750 554 806 611 δὲ
833 554 922 610 xui
954 555 1080 629 ἀὴρ,
1112 554 1147 621 ἡ
1184 552 1277 624 μὲν
1307 551 1533 626 τροφὰς,
1564 550 1600 624 ᾗ
1634 548 1691 605 δὶ
1721 552 1781 605 τὸ
1812 551 2061 606 ἀναπνεῖν

420 648 771 727 χαριζόμενοι
824 646 985 714 ζώοις
1033 642 1222 713 ἅπασι,
1267 640 1355 694 καὶ
1407 637 1495 693 διὰ
1540 644 1699 695 τοῦτο
1731 643 1844 713 (76)
1872 642 1934 694 τὸ
1969 645 2062 715 ζῇν

420 726 759 813 συνέχοντος,
788 735 989 811 γονέων
1023 730 1417 803 ἀπομιμεῖσθαι
1451 726 1835 808 φιλοστοργίαν
1864 748 1878 797 ;

2176 556 2417 624 pacatus
2443 558 2496 607 et
2527 552 2761 623 quietus
2792 570 2918 609 esse
2948 554 3142 621 desiit,
3172 556 3431 611 mundus
3447 574 3678 630 quoque
3701 575 3835 615 esse

2177 642 2413 697 desinit.
2447 642 2593 707 Quid
2626 642 2783 698 enim
2810 646 2831 697 Ρ
2861 644 3006 698 Cum
3037 643 3248 699 caelum
3298 650 3423 700 rato
3456 646 3681 715 ordine,
3714 650 3834 703 aeri

2178 730 2391 798 lucem,
2442 735 2608 785 terras
2642 730 2868 801 pluvias
2900 733 3177 803 impertit,
3230 750 3422 789 nonne
3454 735 3559 789 tibi
3590 735 3842 793 benevo.

419 830 609 887 lentia
641 827 872 899 legibus
903 822 1089 881 teneri
1121 822 1349 877 videtur
1375 821 1402 875 ‘2
1430 819 1633 875 Nonne
1664 826 1819 876 terra
1874 830 1931 875 et
1988 835 2106 887 aer,
2166 836 2321 888 cum,
2352 818 2451 874 illa
2482 820 2722 891 quidem
2756 821 2936 889 cibos,
2968 821 3078 876 iste
3108 826 3303 877 autem
3363 824 3689 896 respirandi
3746 829 3837 884 fa-

424 919 698 976 cultatem
729 915 961 972 cunctis
988 911 1393 969 animantibus
1424 908 1779 981 largiuntur,
1809 912 1984 981 atque
2015 925 2119 981 per
2139 908 2260 964 haec
2291 908 2470 963 vitam
2503 914 2869 977 conservant,
2901 910 3173 965 videntur
3202 917 3510 983 parentum
3534 930 3670 987 erga
3686 915 3837 973 ﬁlios

426 1023 683 1066 amorem
714 1002 934 1060 imitari
958 1002 985 1056 ?

492 1101 595 1152 IE'.
626 1095 782 1169 Ὧραι
817 1089 873 1146 δὲ
920 1090 1145 1165 ἡμέρως
1189 1086 1529 1162 κιρνάμεναι,
1578 1085 1667 1139 xui
1717 1085 1851 1139 κατὰ
1885 1085 2075 1160 μικρὸν

424 1182 701 1255 ἀλλήλαις
731 1180 1063 1250 ὑπεξιοῦσαι,
1121 1177 1210 1231 καὶ
1258 1176 1320 1230 τὸ
1366 1179 1474 1230 τῶν
1528 1172 1705 1250 ἄκρων
1879 1174 2077 1243 αὐστη-

424 1275 513 1351 ρὸν
553 1276 622 1347 τῇ
676 1269 932 1345 μεσότητι
978 1264 1407 1336 τιθασσεύουσαι,
1458 1263 1594 1339 πρός
1632 1285 1691 1351 τε
1730 1261 1933 1333 ἡδονὴν
1968 1265 2081 1337 ἅμα

423 1346 509 1418 xui
578 1346 767 1437 χρείαν
864 1354 1195 1427 ἐπιτηδείως
1274 1354 1460 1428 εἰρήνῃ
1547 1346 1943 1428 βραϐεύεσθαι;
2017 1353 2077 1407 Τί

424 1449 507 1507 δαὶ
559 1452 670 1523 (78)
719 1447 905 1524 ἡμέρα
955 1446 1045 1500 καὶ
1096 1444 1210 1515 νὺξ,
1261 1442 1567 1517 ἰσομοιρίαν
1631 1443 1768 1517 πρὸς
1825 1440 2078 1513 ἀλλήλας

424 1540 692 1617 λαχοῦσαι
721 1537 811 1592 καὶ
859 1535 1197 1611 περιτροπήν
1264 1532 1553 1607 ἔμμετρον,
1612 1532 1703 1585 xui
1751 1534 1785 1600 ἡ
1850 1532 1943 1604 μὶν
2002 1532 2077 1595 εἷς

425 1629 581 1705 ἔργον
608 1630 757 1701 ἡμᾶς
791 1624 1090 1701 ἐγείρουσα,
1121 1626 1156 1692 ἡ
1190 1619 1248 1676 δὲ
1279 1620 1658 1689 ἀναπαύουσα;
1690 1619 1751 1674 Τί
1782 1617 1868 1675 δαὶ
1898 1619 2076 1693 ἣλιος,

423 1718 513 1774 καὶ
541 1719 767 1788 σελήνη,
798 1713 887 1770 xui
915 1710 1125 1773 κάλλος
1156 1711 1391 1786 ἆστὲρων
1423 1709 1512 1764 καὶ
1552 1707 1788 1780 πλῆθος,
1839 1709 1890 1763 ἐν
1934 1709 2077 1780 τάξει

426 1807 762 1886 φαινομένων
812 1824 872 1859 τι
916 1803 1005 1858 καὶ
1057 1799 1431 1870 ὑπανιόντων;
1481 1796 1832 1886 Θάλασσα-δὲ
1878 1797 1967 1852 καί
2006 1801 2079 1874 γῆ

425 1884 615 1973 πράως
666 1891 941 1964 ἀλλήλαις
993 1889 1405 1966 ἐπιμιγνύμενα,
1456 1887 1544 1942 καὶ
1595 1884 1902 1941 διαδιδόντα
1941 1907 2080 1963 χρη-

2262 1086 2376 1141 XV.
2410 1087 2611 1142 Nonne
2642 1087 3023 1142 manifestum
3073 1092 3180 1157 est,
3224 1089 3362 1145 anni
3415 1095 3629 1162 partes,
3680 1092 3832 1148 189

2187 1190 2320 1229 cum
2344 1174 2570 1246 placide
2600 1176 2753 1231 inter
2782 1193 2844 1231 se
2876 1175 3213 1245 miscentur,
3246 1178 3585 1250 sensimque
3615 1181 3835 1236 sibiin-

2186 1262 2367 1318 vicem
2417 1264 2757 1335 succedunt,
2791 1268 2848 1320 et
2884 1268 3277 1321 extremorum
3309 1268 3683 1337 asperitatem
3713 1288 3835 1327 me-

2189 1352 2490 1407 diocritate
2522 1352 2812 1425 mitigant,
2862 1355 2935 1408 ad
2974 1352 3282 1409 hominum
3315 1354 3626 1413 utilitatem
3659 1357 3839 1415 simu-

2188 1445 2245 1495 et
2274 1440 2649 1512 voluptatem,
2669 1442 3081 1498 convenienter
3109 1448 3167 1499 et
3197 1443 3435 1516 pacifice
3482 1446 3838 1517 gubernari?

2188 1530 2335 1594 Quid
2368 1536 2563 1588 autem
2595 1534 2665 1588 de
2698 1532 2790 1588 die
2840 1548 2905 1588 ac
2952 1538 3135 1602 nocte,
3190 1536 3406 1606 quibus
3450 1537 3620 1607 quasi
3684 1544 3838 1595 sorte

2188 1622 2400 1692 obtigit
2422 1621 2672 1692 aequales
2702 1624 2857 1677 inter
2887 1639 2949 1677 se
2979 1622 3194 1679 habere
3225 1630 3441 1695 partes,
3475 1630 3532 1681 et
3578 1627 3841 1683 modera-

2189 1715 2309 1764 tam
2344 1711 2806 1779 conversionem,
2839 1716 2905 1766 ut
2924 1710 3021 1767 ille
3052 1712 3289 1783 quidem
3316 1730 3422 1769 nos
3471 1715 3542 1769 ad
3565 1731 3712 1788 opus
3751 1716 3837 1773 fa-

2189 1799 2460 1854 ciendum
2493 1800 2721 1868 excitet,
2754 1800 2864 1856 iste
2893 1817 3025 1856 vero
3076 1802 3268 1872 quiete
3314 1808 3533 1859 recreet
3583 1821 3649 1860 ac
3704 1807 3836 1862 reﬂ-

2189 1889 2344 1943 ciat?
2374 1889 2520 1953 Quid
2578 1890 2647 1944 de
2678 1889 2799 1945 sole
2856 1894 2912 1945 et
2966 1889 3127 1961 luna,
3188 1892 3567 1964 siderumque
3632 1895 3835 1952 ordine

426 1947 589 2054 στῶς,
645 1983 734 2038 καὶ
794 1947 1267 2053 ἀναλαμϐάνοντα
1334 1980 1449 2052 (79)
1514 1975 1914 2055 φιλανθρώπως
1988 1978 2079 2031 τὸν

2188 1947 2534 2047 lucentium,
2568 1994 2816 2049 seseque
2847 1947 3330 2046 subducehtium,
3366 1947 3747 2038 multitudine
3777 1988 3836 2038 et

427 2074 707 2150 ἄνθρωπον
737 2070 941 2148 τρέφει,
973 2068 1062 2124 καὶ
1094 2068 1367 2143 ἀνθρώπῳ
1414 2066 1481 2121 τὰ
1526 2068 1651 2142 παρ’
1697 2067 1897 2120 ἑαυτῶν
1950 2086 2083 2141 χορ-

427 2166 667 2237 ηγοῦντα
713 2157 991 2218 πλουσίως
1038 2156 1128 2210 καὶ
1182 2153 1531 2233 φιλοτίμως;
1602 2153 1849 2226 Ποταμοὶ
1905 2152 1961 2208 δὲ
2011 2152 2080 2209 δι’

427 2250 594 2328 ὀρέων
627 2248 717 2304 xui
749 2245 947 2302 πεδίων
981 2243 1294 2319 ἑλκόμενοι,
1342 2243 1433 2298 xui
1483 2242 1590 2318 οὐχ
1643 2238 2078 2319 ὑπερϐαίνοντες,

425 2340 508 2396 ὅτι
545 2340 622 2413 μὴ
654 2338 789 2414 πρὸς
832 2337 895 2391 τὸ
944 2336 1249 2411 χρήσιμον,
1300 2330 1425 2387 οὐδὲ
1476 2331 1882 2410 ἐπιστρέφοντες
1911 2331 2081 2387 καλῦ-

427 2433 522 2505 ψαι
576 2430 675 2497 τήν
731 2434 876 2503 γῆν;
938 2424 1237 2500 Στοιγείων
1298 2419 1355 2477 δὲ
1410 2424 1523 2496 (80)
1584 2421 1753 2495 μίξεις
1806 2422 1896 2476 καὶ
1949 2423 2083 2497 κρά-

429 2540 542 2581 σεις
602 2519 735 2591 (81),
794 2514 884 2571 καὶ
955 2512 1135 2587 μελῶν
1191 2513 1519 2588 συμμετρίαι
1588 2512 1678 2565 καὶ
1736 2511 2081 2588 συμφωνίας

434 2608 589 2677 ζώων
639 2603 717 2679 δὲ,
750 2600 966 2681 τροφαί,
1024 2600 1115 2657 καὶ
1179 2602 1432 2676 γενὲσεις,
1500 2599 1589 2654 xui
1640 2599 1856 2671 οἰκήσες
1917 2621 2083 2674 μεμε-

434 2694 718 2773 ρισμέναι;
767 2693 855 2749 καὶ
898 2693 967 2747 τὰ
1012 2694 1313 2766 κρατοῦντα
1354 2688 1444 2743 καὶ
1490 2691 1557 2743 τὰ
1602 2688 1961 2763 κρατούμενα,
1994 2689 2082 2744 xui

430 2787 497 2842 τὰ
530 2780 897 2858 ὑπεζευγμένα
945 2782 1103 2853 ἡμῖν,
1153 2778 1241 2833 καὶ
1288 2778 1355 2833 τὰ
1396 2776 1680 2852 ἐλεύθερα;
1713 2782 1887 2833 Ταῦτα
1916 2779 2085 2834 πάντα

437 2875 612 2935 οὕτως
668 2870 882 2949 ἔχοντα,
962 2868 1051 2923 καὶ
1123 2868 1257 2923 κατά
1319 2868 1414 2929 τὰς
1488 2867 1708 2943 πρώτας
1766 2867 1938 2929 αἰτίας
1985 2875 2083 2937 τῆς

435 2962 720 3039 ἁρμονίας,
771 2958 866 3015 εἴτ’
915 2955 1007 3013 οὖν
1055 2959 1167 3029 (82)
1218 2955 1471 3033 συρῥοίας
1520 2976 1577 3009 τε
1619 2956 1708 3009 καὶ
1751 2955 2080 3028 συμπνοίας,

434 3050 759 3123 εὐθυνόμενά
813 3068 872 3103 τε
916 3047 1005 3101 xui
1055 3043 1428 3120 διεξαγόμενα,
1476 3044 1528 3099 τί
1574 3046 1696 3099 ποτ’
1741 3044 1911 3120 ἐχρῆν
1964 3048 2083 3120 (83)

432 3140 613 3196 δοκεῖν
656 3137 840 3215 ἕτερον
887 3136 922 3206 ἢ
974 3134 1160 3213 φιλίας
1206 3156 1265 3189 τε
1322 3137 1434 3208 (84)
1490 3135 1579 3188 xui
1629 3134 1883 3207 ὁμονοίας
1944 3136 2077 3190 εἶναι

2190 2066 2627 2137 pulchritudine
2651 2068 2679 2121 ?
2708 2066 2855 2129 Quid
2885 2069 2955 2122 de
2984 2074 3139 2123 terra
3170 2074 3226 2124 et
3256 2069 3424 2135 mari,
3458 2088 3583 2142 quae
3630 2070 3838 2127 leniter

2190 2154 2651 2226 intersejuncta,
2672 2156 3039 2228 benigneque
3057 2174 3184 2212 sese
3244 2158 3464 2214 mutuis
3491 2161 3834 2216 muneribus

2192 2244 2526 2314 efﬁcientia,
2550 2243 2870 2299 liberaliter
2890 2245 3187 2301 hominem
3208 2246 3394 2314 alunt,
3415 2247 3585 2319 eique
3605 2249 3836 2321 copiose

2191 2338 2248 2388 et
2279 2332 2603 2404 magniﬁce,
2637 2350 2763 2405 quaa
2795 2333 3031 2399 habent,
3082 2335 3505 2406 suppeditant?
3562 2337 3705 2403 Quid
3766 2341 3837 2395 de

2194 2422 2492 2491 amnibus,
2523 2439 2625 2493 per
2656 2427 2883 2479 montes
2912 2427 2969 2478 et
3024 2440 3261 2496 campos
3310 2424 3645 2493 ﬂuentibus,
3709 2444 3833 2496 nec,

2193 2511 2306 2567 nisi
2337 2516 2624 2583 quatenus
2654 2511 2713 2566 id
2734 2511 2983 2584 expedit,
3018 2513 3504 2583 redundantibus,
3539 2532 3643 2571 nec
3663 2532 3727 2572 se
3762 2519 3833 2572 ad

2192 2599 2566 2673 operiendam
2600 2608 2811 2657 terram
2862 2601 3383 2659 convertentibus?
3432 2603 3581 2667 Quid
3620 2605 3692 2661 de
3719 2606 3835 2661 ele-

2194 2694 2529 2745 mentorum
2562 2689 2941 2761 permistione
2972 2707 3035 2746 ac
3066 2692 3509 2762 temperatione,
3543 2695 3837 2750 membro-

2192 2796 2439 2851 rumque
2467 2779 2841 2852 proportione
2871 2785 2927 2836 et
2954 2781 3387 2836 concinnitate?
3418 2782 3566 2846 Quid
3608 2783 3679 2839 de
3709 2784 3835 2839 ani-

2196 2868 2484 2924 mantium
2521 2867 2819 2937 alimonia,
2872 2873 2929 2924 et
2961 2874 3110 2937 ortu,
3162 2870 3557 2942 distinctaque
3614 2871 3838 2928 habita-

2193 2957 2398 3013 tione?
2446 2957 2591 3021 Quid
2657 2959 2812 3027 quod
2862 2957 2977 3013 alia
3033 2959 3345 3030 imperant,
3405 2959 3519 3016 alia
3593 2961 3837 3034 imperio

2192 3050 2505 3101 tenentur:
2559 3048 2821 3118 quaedam
2855 3046 3023 3102 nobis
3055 3049 3320 3119 subjecta
3349 3052 3508 3118 sunt,
3568 3052 3835 3122 quaedam

2190 3133 2372 3191 libera
2393 3139 2420 3189 ?
2449 3137 2581 3201 Quae
2614 3152 2746 3190 cum
2779 3136 2860 3191 ita
2881 3153 2941 3192 se
2964 3124 3235 3204 habeant,
3270 3154 3336 3193 ac
3359 3140 3685 3195 secundum
3714 3142 3834 3213 pri-

426 3225 775 3303 κηρύγματα,
824 3223 912 3278 xui
961 3223 1272 3295 νομοθετεῖν
1332 3221 1641 3296 ἀνθρώποις
1686 3218 1754 3275 δι’
1783 3222 1983 3277 ἑαυτῶν
2016 3224 2077 3277 τὸ

2189 3240 2317 3280 mas
2364 3223 2704 3292 concordiae,
2737 3224 2855 3280 sive
2885 3226 3271 3283 conﬂuxionis
3298 3232 3354 3283 et
3384 3228 3838 3300 conspirationis

429 3319 459 3372 ὁ
469 3317 720 3392 μόψυχον
883 3332 896 3381 ;

2111 3297 2153 3362 C
2192 3329 2401 3369 causas
2422 3317 2699 3385 regantur
2718 3319 2775 3369 et
2804 3318 3224 3387 gubernentur,
3244 3315 3385 3388 quid
3415 3297 3651 3374 tandem
3676 3317 3835 3375 aliud

428 3405 884 3463 existimandum
939 3406 1047 3470 est,
1106 3417 1286 3472 quam
1345 3401 1498 3473 quod
1555 3418 1623 3458 ea
1668 3401 1986 3458 amicitiam
2042 3401 2531 3473 concordiamque
2583 3402 2965 3475 proclament,
3006 3421 3231 3478 suoque
3280 3406 3542 3479 exemplo
3576 3406 3837 3464 mortali-

430 3499 545 3552 bus
575 3495 907 3552 animarum
937 3506 1291 3548 consensum
1321 3490 1487 3561 quasi
1520 3490 1638 3547 lata
1666 3490 1793 3563 lege
1823 3491 2131 3547 indicant?

502 3582 590 3652 Ιζ.
647 3586 802 3636 Ὅταν
864 3577 921 3634 δὶ
974 3578 1231 3650 στασιάσῃ
1286 3577 1421 3652 πρὸς
1480 3577 1671 3647 ἑαυτὴν
1722 3578 1756 3647 ἠ
1809 3576 1938 3648 ὕλη,
1992 3579 2081 3633 xui

433 3670 786 3733 δυσκάθεκτος
843 3668 1085 3743 γενηται,
1148 3664 1428 3739 μελετῶσα
1483 3667 1581 3735 τὴν
1638 3664 1789 3721 λύσιν
1842 3664 1930 3720 διὰ
1983 3675 2082 3737 τῆς

433 3761 691 3831 στάσεως,
721 3759 756 3829 ἢ
804 3758 931 3821 Θεός
979 3778 1031 3811 τι
1076 3753 1458 3831 παρασαλεύσῃ
1505 3761 1606 3824 τῆς
1658 3754 1921 3829 ἁρμονίας
1970 3759 2083 3831 (86)

436 3849 514 3913 εἷς
549 3844 716 3929 φόϐον
746 3853 851 3903 τῶν
886 3844 1303 3923 ἁμαρτανόντων
1349 3844 1439 3898 xui
1489 3843 1733 3916 κόλασιν,
1786 3844 1821 3913 ἢ
1882 3843 2080 3908 θαλάσ-

435 3960 533 4007 σης
565 3937 881 4009 ὑπεξιούσης
912 3938 1045 4009 (87),
1076 3934 1111 4003 ἢ
1162 3940 1267 4009 γῆς
1317 3930 1689 4008 βρασσομὲνης
1736 3934 1868 4005 (88),
1917 3932 1951 4002 ἥ
2003 3932 2086 4004 ξέ-

432 4050 538 4085 νων
598 4028 760 4083 ὑετῶν
812 4024 1148 4105 φερομένων,
1206 4024 1244 4091 ἧ
1299 4020 1768 4099 συγκαλυφθὲντος
1817 4020 2001 4093 ἡλίου,
2053 4024 2086 4092 ἣ

432 4115 847 4185 πλεοναζούσης
905 4113 1071 4188 ὥρας,
1131 4111 1165 4180 ἥ
1233 4111 1403 4186 πυρὸς
1464 4105 1895 4183 ὑπερϐλόζοντος
1950 4112 2084 4182 (89),

432 4205 671 4278 ἀκοσμία
885 4201 1020 4257 κατά
1068 4204 1251 4272 τοῦτο,
1300 4199 1389 4254 xui
1438 4194 1605 4276 φόϐος
1669 4200 1791 4274 περί
1838 4200 1901 4253 τὸ
1958 4205 2085 4272 πᾶν,

430 4295 524 4351 xui
581 4294 644 4349 τὸ
699 4299 799 4363 τῆς
874 4291 1095 4368 εἰρήνης
1174 4290 1367 4365 ἀγαθὸν
1437 4292 1507 4362 τῇ
1558 4286 1737 4343 στάσει
1796 4285 2083 4345 δείκνυται.

434 4386 535 4441 Καὶ
560 4381 653 4439 ’ίνα
681 4386 839 4458 παρῶ
889 4379 1122 4455 δήμους,
1171 4379 1259 4434 καὶ
1307 4377 1520 4452 πόλεις,
1552 4377 1640 4433 xui
1676 4376 1977 4454 βασιλείας,
2010 4376 2088 4433 ἔτι

534 4529 627 4597 76)
659 4526 756 4582 Διά
783 4530 969 4597 τοῦτο.
1000 4527 1177 4597 Regg.
1209 4524 1332 4594 bm,
1367 4524 1465 4592 hu,
1490 4519 1846 4597 (ῥα-τούτων.

534 4530 607 4583 76
659 4529 756 4582 Διά
783 4530 969 4582 τοῦτο.
1000 4529 1177 4653 Ἦρξε.
1209 4529 1332 4594 bm,
1367 4529 1465 4592 hu,
1490 4529 1586 4578 Ur.
1616 4529 1846 4579 τούτων.
1968 4595 1979 4606 θ

509 4529 627 4673 (77)
650 4601 770 4657 Τῶν
803 4596 1003 4675 ι’ίκρων.
1099 4600 1235 4675 inus
1292 4603 1442 4675 recte
1499 4594 1743 4675 Billius;
1812 4618 1831 4645 α
1864 4599 2087 4675 utrius-

434 4669 552 4746 que
584 4669 905 4746 extre_mi._})
938 4674 1086 4746 sunt
1115 4669 1271 4746 enim
1303 4672 1553 4746 quatuor
1582 4669 1749 4746 anni‘
1763 4673 1978 4746 partes.

508 4689 552 4727 te
584 4684 844 4727 extremi.
878 4692 905 4721 »
938 4684 1086 4725 sunt
1115 4684 1271 4723 enim
1303 4684 1553 4738 quatuor
1582 4684 1720 4722 anni
1757 4684 1797 4790 ἑ)

529 4745 619 4807 78)
679 4741 749 4799 Τί
783 4740 936 4797 Sui...
967 4739 1019 4794 τί
1051 4737 1155 4793 δαί.
1192 4744 1370 4811 Regg.
1404 4757 1456 4805 a,
1495 4740 1612 4806 bm,
1644 4734 1750 4791 τίδ
1790 4781 1802 4793 .

508 4747 624 4888 (79)
678 4812 775 4867 Καὶ
832 4806 1692 4888 ἀντιλαμϐάνοντα...-..τρὲφεαη
1763 4827 1802 4888 ,χ

531 4816 624 4881 79)
678 4812 775 4867 Καὶ
832 4806 1692 4885 ἀντιλαμϐάνοντᾶξ.ῌτρέφει...
1770 4812 2081 4883 χορηγοῦν-

2262 3578 2404 3633 XVI.
2434 3580 2506 3633 At
2534 3580 2686 3649 ﬁcum
2718 3581 2964 3638 materia
3010 3598 3210 3639 secum
3258 3582 3387 3655 ipsa
3432 3584 3697 3651 dissidet,
3732 3602 3837 3642 nec

2190 3666 2449 3722 cohiberi
2482 3672 2691 3738 potest,
2722 3670 3172 3727 dissolutionem
3203 3672 3426 3727 scilicet
3456 3690 3557 3745 per
3606 3674 3839 3729 seditio-

2193 3773 2327 3811 nem
2355 3758 2676 3825 meditans;
2710 3764 2811 3815 aut
2829 3760 2981 3815 Deus
3003 3761 3075 3815 ad
3110 3765 3263 3816 metu
3298 3761 3716 3833 percellendos,
3747 3762 3837 3819 vel

2192 3843 2367 3899 etiam
2415 3845 2741 3916 puniendos
2775 3853 3104 3918 peccatores
3136 3849 3357 3921 aliquid
3390 3850 3636 3919 hujusce
3695 3866 3836 3906 con-

2193 3933 2823 4005 cinnitatisluxaverit,
2867 3936 3153 3993 nimirum
3196 3937 3285 3993 vel
3307 3939 3638 3994 exundante
3666 3940 3839 4009 mari,

2192 4021 2280 4077 vel
2299 4026 2454 4078 terra
2475 4023 2827 4091 dehiscente,
2851 4024 2939 4080 vel
2962 4027 3125 4081 novis
3153 4032 3209 4081 et
3226 4027 3526 4083 inusitatis
3546 4028 3841 4085 imbribus

2195 4111 2564 4181 cadentibus,
2596 4112 2685 4167 vel
2715 4113 2965 4169 obducto
2991 4115 3245 4171 nubibus
3276 4115 3416 4184 sole,
3446 4116 3535 4172 vel
3584 4118 3840 4189 quadam

2194 4201 2333 4257 anui
2364 4206 2525 4273 parte
2557 4202 2797 4257 modum
2828 4205 3165 4271 excedente,
3192 4205 3281 4260 vel
3310 4206 3747 4263 eil'undentibus
3779 4227 3840 4266 se

2195 4291 2463 4363 ignibus:
2490 4296 2616 4346 tum
2647 4307 2780 4348 vero
2811 4296 3189 4366 perturbatio,
3223 4304 3279 4351 et
3295 4297 3366 4353 de
3414 4297 3522 4352 hoc
3572 4299 3841 4356 universo

2196 4385 2384 4436 terror
2412 4380 2618 4449 oritur,
2638 4385 2695 4436 et
2724 4388 3011 4453 quantum
3044 4385 3121 4440 sit
3146 4385 3304 4456 pacis
3335 4386 3555 4442 bonum
3595 4388 3841 4445 dissidio

2267 4523 2378 4610 (83)
2445 4520 2513 4579 Τί
2564 4522 2685 4576 ποτ’
2762 4521 2955 4599 ἐχρῆν.
3020 4526 3159 4599 Reg.
3219 4527 3339 4596 bm,
3417 4528 3513 4585 Or.
3582 4528 3637 4583 τί
3710 4548 3842 4584 ποτε

2409 4661 2609 4750 ξξιλίας
2639 4685 2716 4722 τε.
2777 4667 2949 4750 Qeest
2974 4688 3085 4750 τε..
3112 4669 3170 4750 in
3202 4673 3378 4743 Regg.
3413 4671 3534 4743 bm,
3560 4672 3666 4727 hu.

2267 4739 2380 4879 (85)
2409 4735 2741 4862 ἱΟμόψυχον.
2777 4740 2947 4795 Coisl.
2982 4742 3032 4808 1,
3067 4735 3362 4812 ὁμότιμόπῖ.

2289 4811 2379 4879 86)
2430 4815 2615 4879 Δρμον
2646 4829 2728 4871 ας.
2793 4812 3046 4867 Montac.
3108 4812 3362 4879 ὁμονοίας

2289 4811 2379 4879 86)
2410 4811 2728 4883 ᾋρμονίας.
2793 4812 3046 4867 Montac.
3108 4811 3383 4883 ὁμονοίας.

428 4869 525 4941 ταῖ
544 4869 684 4958 ᾼΗὶθσ
714 4888 888 4942 verba
937 4869 1175 4940 deerant
1219 4882 1278 4958 in
1326 4869 1518 4958 editis.
1552 4869 1856 4958 Legunt'ur
1880 4869 2075 4958 tamen

2198 4953 2223 4958 Α
2452 4869 2814 4958 ’ξ’πιξιούσης.
2864 4884 3002 4956 Rég.
3054 4903 3107 4955 a,
3144 4869 3396 4957 ’ἐξιούσης
3450 4884 3589 4958 Reg.
3648 4886 3751 4955 hu,
3783 4892 3841 4945 et

432 4959 500 5012 in
530 4956 705 5014 Coisl.
741 4958 792 5025 1,
826 4958 997 5027 cujus
1027 4954 1372 5027 auctoritate
1402 4954 1781 5026 depravatum
1814 4953 1971 5027 hunc
2004 4955 2081 5027 lo-

430 5044 572 5085 cum
604 5025 1066 5100 emendavimus.
1100 5025 1353 5100 combef.
1387 5025 1491 5097 pro
1515 5028 1903 5100 χορηγοῦντα,
1936 5025 2082 5096 legit

427 5105 671 5175 χορηγεῖ
697 5103 776 5171 τῷ
806 5097 1123 5173 ἀνθρωπίνῳ
1161 5094 1284 5172 βίῳ,
1317 5094 1426 5152 θίὁ.
1466 5121 1487 5146 α
1514 5094 1583 5153 Et
1605 5094 1838 5168 ὸορἱυεθ
1869 5114 1933 5151 ac
1966 5094 2082 5152 mu-

427 5172 649 5227 gniﬁce
682 5172 951 5227 humana:
980 5172 1112 5227 vitae
1142 5188 1268 5227 una:
1292 5184 1465 5227 penes
1494 5184 1556 5223 se
1586 5167 1826 5227 habent.
1860 5185 2080 5227 suone-

474 5186 649 5227 nmce
683 5186 951 5227 humana:
980 5186 1112 5227 Vitae
1142 5188 1268 5241 quas
1292 5186 1465 5240 penes
1494 5186 1556 5223 se
1588 5186 1826 5236 habent,
1860 5186 2079 5241 suppe-

426 5188 643 5299 gitant.
680 5264 729 5321 »_
766 5244 1003 5321 Billius,
1044 5242 1147 5321 qui
1195 5241 1480 5321 pleraque
1528 5240 1705 5321 verba
1752 5256 1877 5309 quas
1910 5240 2079 5321 resti-

425 5315 683 5399 tuimus,
716 5315 776 5370 in
808 5332 914 5371 suo
946 5311 1094 5371 libro
1117 5311 1427 5382 deleverat,
1456 5311 1653 5366 Latine
1674 5318 1870 5365 tamen
1888 5312 2080 5366 reddi-

426 5388 618 5534 dliéQ)
650 5456 964 5534 X'EQLthwv_
1011 5453 1102 5534 8L_
1146 5455 1317 5534 Reg._
1336 5471 1389 5524 ιι,
1449 5456 1507 5534 et
1549 5452 1643 5509 Or.
1678 5449 1967 5534 στοιχείων
2000 5471 2079 5534 τε.

525 5460 618 5528 80)
650 5460 951 5531 Στοιχείων
1011 5460 1086 5512 δι.
1146 5460 1285 5529 Reg.
1336 5471 1389 5524 a,
1449 5460 1507 5509 et
1549 5460 1643 5509 Ur.
1678 5460 1967 5534 στοιχείων
2000 5471 2079 5508 τε.

503 5460 621 5601 (81)
651 5525 834 5599 Μίξεις
881 5527 969 5584 xui
1008 5526 1242 5601 κράσεις.
1285 5528 1420 5600 Reg.
1471 5526 1592 5581 bm.
1644 5521 1785 5596 μίξις
1831 5542 1919 5578 και
1952 5528 2081 5597 κρᾶ-

427 5621 624 5751 mg(.82)
655 5668 769 5727 Εἶτ’
796 5692 910 5730 ουν.
944 5672 1038 5731 0r.
1065 5668 1159 5727 εἰτ’
1189 5667 1305 5728 οὗν.
1338 5669 1465 5726 Par.
1498 5662 1691 5724 si’touv.

2189 4950 2284 5008 Or.
2341 4950 2608 5023 ἐξιούσης.

2260 5024 2370 5098 (88)
2402 5023 2809 5098 Βρασσομένης.
2848 5045 2875 5078 σι
2905 5026 3223 5097 Concussa,
3282 5044 3600 5098 succussa;
3659 5035 3839 5088 aestus

2189 5096 2243 5150 vi
2276 5095 2670 5151 subsultante.
2699 5118 2726 5147 »

2260 5167 2366 5243 (788)
2428 5164 2919 5243 l‘ugpolégcvrog._
2960 5170 3054 5224 Sic
3120 5170 3300 5243 Regg.
3360 5172 3479 5243 ῥα).
3559 5172 3662 5238 hu,
3722 5177 3840 5230 tres

2189 5236 2346 5315 Colb.
2373 5243 2439 5315 _et
2494 5236 2666 5315 Coisl.
2699 5240 2751 5293 3.
2776 5240 2945 5296 Coisl.
2978 5258 3111 5297 vero
3145 5236 3683 5315 1,”ὑ”περϐλύσαντος.
3708 5250 3839 5303 Par.

2191 5311 2329 5365 edit.
2366 5308 2814 5380 ὑπερκλυζοντος.

2262 5382 2371 5451 (90)
2402 5380 2688 5452 Ἀκοσμία,
2722 5390 2830 5437 etc.
2892 5382 3117 5451 Billius,
3162 5408 3182 5434 α
3234 5385 3385 5442 Tum
3432 5401 3567 5442 vero
3618 5386 3675 5440 in
3727 5386 3837 5441 hac

2192 5468 2387 5507 rerum
2431 5454 2865 5524 perturbatione
2927 5460 2981 5510 et
3012 5457 3354 5512 confusione
3398 5457 3520 5512 orbi
3563 5458 3837 5513 universo

2191 5528 2379 5602 terror
2406 5524 2686 5602 injicitur,
2721 5530 3125 5602 quantumque
3156 5530 3213 5584 in
3248 5546 3384 5602 pace
3419 5529 3553 5584 boni
3588 5529 3743 5599 insit,
3771 5545 3841 5583 ex

2191 5596 2321 5670 ipsa
2350 5597 2634 5655 seditione
2663 5596 3088 5671 perspiciturf»

3686 5692 3733 5727 ,ιι
