4244 6216
422 380 542 441 743

1665 366 1730 427 S.
1780 360 2152 427 GREGORII
2196 360 2589 427 THEOLOGI

3710 362 3831 425 ’144

424 512 770 570 ostenditur.
802 512 1013 578 Atque,
1050 508 1111 561 ut
1141 501 1407 576 populos,
1442 505 1497 557 et
1529 500 1789 566 urbes,et
1820 499 2067 571 imperia

2180 494 2234 551 δὲ
2265 497 2437 571 χορου
2469 498 2556 550 καὶ
2592 495 2874 572 στρατοὺς,
2926 495 3013 551 καὶ
3075 493 3279 567 οἷ’κους,
3333 496 3422 550 xui
3471 501 3617 565 νηῶν
3678 497 3833 567 πλη-

423 607 786 674 praeteream,
846 602 911 651 ut
967 601 1170 661 coetus,
1231 591 1538 659 exercitus,
1591 589 1864 657 familias,
1901 605 2072 644 naves

420 689 753 746 vectoribus
784 684 1008 757 plenas,
1043 682 1338 753 conjugis,
1371 679 1663 749 sodalitia,
1696 695 1822 749 quae
1850 678 2070 747 omnia,

424 782 488 832 ut
517 793 655 847 pace
685 780 1123 837 conservantur,
1184 772 1266 826 ita
1321 769 1563 824 dissidio
1596 768 1750 823 190
1808 766 2071 821 funditus

421 870 783 929 evertuntur,
818 864 888 918 ad
938 860 1229 918 Israelitas
1269 860 1586 914 orationem
1617 861 1972 922 convertam,
2006 871 2072 910 ac

422 963 807 1025 posteaquam
836 951 1001 1006 vobis
1024 965 1226 1005 eorum
1259 946 1638 1017 calamitates,
1670 950 1727 1002 et
1755 943 2071 1016 dispersio-

419 1059 575 1112 nem,
611 1058 726 1113 qua
756 1056 913 1096 nunc
945 1039 1185 1095 sedibus
1215 1037 1340 1092 suis
1395 1034 1550 1107 pulsi
1580 1050 1787 1106 vagam
1818 1037 1874 1087 et
1904 1032 2073 1087 mise-

418 1148 544 1187 ram
578 1133 755 1186 vitam
789 1131 1242 1200 persequuntur,
1300 1124 1771 1193 diutissimeque,
1806 1126 1870 1177 ut
1924 1120 2069 1176 mihi

415 1221 571 1276 edita
601 1221 671 1275 de
702 1218 819 1272 illis
847 1215 1123 1273 vaticinia
1164 1214 1338 1269 ﬁdem
1370 1214 1593 1268 faciunt
1622 1216 2067 1284 persequentur,

413 1324 757 1381 exposuero,
789 1312 917 1362 tum
948 1306 1187 1360 demum
1220 1321 1287 1359 ex
1334 1303 1520 1371 vobis,
1562 1302 1662 1372 qui
1694 1301 1943 1372 perfecte
1973 1316 2071 1354 no-

2183 588 2429 661 ρώματα,
2459 586 2547 640 xui
2581 586 2854 661 συζυγίας,
2901 584 2989 640 καὶ
3042 585 3327 659 ἱταίρείας,
3382 586 3485 641 ὑπὸ
3531 587 3624 658 μὲν
3676 586 3839 661 εἰρή-

2180 697 2277 745 νης
2307 675 2692 750 συνεχομὲνας,
2728 675 2831 729 ὑπὸ
2881 672 2938 729 δὲ
2980 674 3213 737 στάσεως
3264 673 3695 747 καταλυομίνας,
3742 675 3833 730 ἰπὶ

2178 765 2270 817 τὸν
2332 764 2554 838 Ἰσραὴλ
2606 764 2716 836 εἶμι
2763 769 2840 835 τῷ
2892 762 3067 839 λόγῳ,
3118 763 3207 817 xui
3258 769 3363 818 τῶν
3414 763 3618 818 ἐκείνου
3649 766 3837 818 παθῶν

2184 853 2501 925 ὑπομνήσας
2536 853 2699 925 ὑμᾶς,
2731 852 2821 907 καὶ
2860 859 2960 916 τῆς
3012 850 3329 927 διασπορᾶς,
3380 854 3467 907 καὶ
3515 860 3615 921 τῆς
3666 852 3834 924 ἄλης,

2180 942 2240 1009 ἣν
2279 963 2337 996 τε
2380 946 2470 995 νῦν
2518 938 2740 1017 ἕχουσε,
2794 943 2883 995 xui
2932 943 2993 1011 ἢν
3038 940 3125 996 ἐπὶ
3172 940 3427 997 πλεῖστον
3488 944 3599 1015 (91)
3649 940 3835 1012 ἕξωσι,

2184 1031 2433 1102 πείθομαι
2480 1032 2583 1105 γὰρ
2631 1035 2748 1092 ταῖς
2795 1030 2919 1103 περὶ
2978 1029 3150 1085 αὐτῶν
3200 1030 3587 1106 προρῥήσεσιν,
3647 1029 3838 1085 ἔπειτα

2181 1118 2447 1194 ἐρήσομαι
2480 1116 2717 1194 ἀκριϐῶς
2749 1116 2957 1181 εἰδότας
2993 1120 3151 1190 ὑμᾶς,
3182 1119 3235 1173 τί
3265 1120 3326 1174 τὸ
3372 1124 3481 1174 τῶν
3533 1124 3833 1196 συμφορῶν

2177 1208 2382 1263 τούτων
2416 1206 2608 1278 αἷίτιον,
2638 1209 2726 1263 ἳνα
2755 1206 3129 1283 παιδευθῶμεν
3161 1214 3277 1270 τοῖς
3297 1213 3403 1263 τῶν
3434 1205 3617 1263 ἄλλων
3638 1215 3834 1271 κακοῖς

2176 1301 2275 1367 τὴν
2309 1297 2588 1371 ὁμόνοιαν.

408 1397 517 1454 stis
575 1412 847 1468 quanam
906 1395 985 1451 sit
1039 1395 1252 1449 harum
1314 1390 1720 1448 calamitatum
1780 1405 1980 1457 causa,
2041 1388 2407 1459 sciscitabor,
2471 1393 2535 1445 ut
2591 1386 2841 1445 aliorum
2893 1388 3065 1445 malis
3094 1389 3165 1445 ad
3197 1389 3567 1446 concordiam
3594 1378 3836 1447 erudia-

410 1503 565 1542 mur.

474 1574 645 1630 XVII.
677 1572 947 1638 Quandiu
977 1571 1157 1644 igitur
1186 1569 1271 1624 illi
1304 1584 1530 1641 pacem,
1588 1571 1644 1623 et
1701 1567 1855 1622 inter
1896 1582 1978 1634 se,
2012 1569 2069 1621 et
2096 1570 2145 1635 B

410 1681 545 1720 cum
578 1664 693 1719 Deo
727 1663 1079 1726 habuerunt,
1113 1659 1445 1731 Egyptiaca
1502 1655 1770 1711 videlicet
1810 1655 2066 1727 tyranni-

412 1756 504 1825 de,
537 1753 646 1808 hoc
703 1757 812 1822 est,
849 1752 1033 1807 ferrea
1069 1750 1301 1805 fornace
1355 1745 1639 1819 oppressi,
1676 1761 1741 1800 ac
1771 1760 1873 1816 per
1900 1759 2066 1800 com-

411 1858 652 1898 munem
681 1841 1054 1896 afﬂictionem
1085 1836 1383 1907 conjuncti
1431 1841 1606 1907 atque
1637 1834 1863 1891 collecti
1895 1834 2064 1904 (ncn-

405 1947 710 2003 nunquam
737 1931 895 1985 enim
911 1926 1148 1985 afﬂictio
1164 1943 1396 1998 quoque
1424 1926 1556 1997 ipsa
1577 1925 1955 1981 commodum
1977 1933 2069 1985 est

403 2022 474 2078 ad
508 2020 758 2077 salutem
794 2018 1222 2090 pbarmacum),
1252 2014 1415 2087 plebs
1449 2020 1654 2070 sancta
1686 2013 2066 2073 vocabantur,

400 2115 457 2165 et
487 2110 675 2181 portio
709 2106 964 2174 Domini,
1028 2122 1094 2161 ac
1147 2103 1339 2177 regale
1396 2102 1793 2159 sacerdotium
1828 2102 1892 2156 ⁸ο.
1955 2100 2068 2157 Νοο

401 2216 536 2255 vero
568 2198 679 2255 hoc
709 2196 822 2251 dici
854 2200 1065 2268 potest,
1098 2193 1339 2249 nomina
1369 2191 1610 2263 quidem
1643 2192 1841 2263 ampla
1870 2194 1927 2246 et
1949 2205 2069 2244 ma.

406 2286 624 2359 gniﬁca
651 2286 855 2350 fuisse,
886 2288 1159 2340 caeterum
1191 2282 1530 2337 nominibus
1562 2296 1655 2336 res
1700 2280 1861 2351 ipsas
1912 2279 2065 2335 haud

406 2392 706 2448 quaquam
738 2371 1289 2445 respondisse.Nam
1320 2375 1377 2426 et
1404 2370 1653 2425 ducibus
1683 2373 1843 2424 aDeo
1874 2368 2067 2423 ductis

404 2466 744 2532 utebantur,
776 2468 834 2518 et
867 2479 968 2533 per
1008 2460 1347 2516 columnam
1408 2458 1562 2530 ignis
1624 2464 1680 2512 et
1729 2456 1905 2511 nubis
1964 2454 2063 2509 diu

399 2561 693 2625 noctuque
724 2553 1162 2607 deducebantur
1180 2551 1224 2584 δι
1251 2567 1266 2616 ς
1301 2553 1358 2603 et
1398 2546 1758 2617 fugientibus
1786 2561 1945 2600 mare
1976 2544 2065 2598 di-

397 2643 707 2697 videbatur
735 2642 827 2705 6",
896 2644 952 2695 et
995 2640 1147 2694 tame
1201 2635 1606 2691 laborantibus
1656 2632 1870 2689 ccelum
1903 2633 2063 2688 cibos

400 2730 899 2786 subministrabat
924 2728 989 2794 ⁸³,
1025 2733 1082 2782 et
1111 2725 1449 2781 sitientibus
1485 2729 1646 2795 petra
1677 2740 1849 2777 usum
1885 2722 2064 2778 fontis

401 2818 695 2890 praebebat
723 2819 789 2881 ⁸³,
822 2822 880 2871 et
912 2815 1312 2889 pugnantibus
1344 2829 1627 2869 manuum
1677 2810 1940 2867 extensio
1972 2811 2060 2865 in-

400 2906 859 2964 numerabilium
877 2905 1178 2978 ecpiarum
1199 2903 1408 2972 instar,
1431 2908 1554 2958 erat
1578 2900 1863 2957 orationis
1885 2917 2060 2972 opera
2089 2946 2132 3014 C

406 3003 415 3014 ι
686 3013 691 3014 ,
743 2996 889 3014 ehi”,
989 2995 1246 3014 _-:_IA_____
1326 2991 1571 3014 __IA..._:--..
1651 2990 1914 3014 _.--_2..--..
1964 2990 2009 3014 ω.
2041 3007 2052 3014 .

401 3003 619 3067 tropaea
674 2996 925 3068 erigens,
987 2995 1251 3064 viamque
1326 2991 1572 3047 ulterius
1648 2990 1917 3062 aperiens
1964 2990 2055 3058 “;

402 3085 565 3140 ﬂuvii
595 3086 792 3152 etiam,
825 3089 1140 3155 cognatum
1173 3098 1335 3137 mare
1392 3082 1713 3148 imitantes,
1758 3080 2058 3149 cedebant,

401 3180 460 3231 et
488 3174 781 3230 elementa
809 3172 1230 3238 consistebant,
1266 3187 1333 3226 ac
1364 3170 1693 3226 muritubis
1724 3170 2064 3240 quatieban-

400 3270 497 3319 tur
518 3264 583 3319 ⁸⁵.
615 3264 763 3327 Quid
795 3262 951 3318 enim
982 3262 1385 3333 Egyptiorum
1417 3259 1620 3331 plagas
1643 3260 1701 3313 in
1719 3275 1920 3314 eorum
1936 3273 2065 3328 gra-

396 3360 541 3417 tiam
573 3362 828 3416 inﬂictas
883 3376 1343 3415 commemorare
1400 3357 1609 3412 attinet
1637 3358 1680 3391 ⁶⁶
1720 3356 1748 3410 ?
1780 3357 1927 3420 Quid
1964 3355 2062 3410 Dei

397 3466 566 3506 voces
588 3468 617 3505 e
648 3454 848 3505 monte
878 3447 1111 3503 auditas
1135 3449 1177 3482 ⁵⁷
1208 3446 1236 3501 ?
1293 3446 1441 3511 Quid
1501 3445 1794 3517 duplicem
1849 3443 2062 3516 legem,

402 3539 645 3595 alteram
677 3536 1009 3604 litteralem,
1044 3535 1413 3607 spiritualem
1445 3534 1687 3590 alteram
1719 3534 1747 3588 ‘I
1776 3534 1923 3599 Quid
1955 3549 2064 3589 caa-

402 3634 562 3685 teros
591 3628 863 3697 honores,
897 3642 1045 3697 quos
1078 3624 1257 3680 Israel
1288 3620 1516 3679 meritis
1564 3623 1689 3679 suis
1719 3622 1891 3694 longe
1938 3639 2064 3677 am-

405 3718 623 3789 pliores
654 3716 792 3772 olim
824 3718 1174 3771 consecutus
1193 3718 1282 3769 est
1309 3713 1336 3767 ‘I
1356 3714 1427 3767 At
1439 3717 1750 3784 postquam
1764 3718 2068 3798 aegrotare,

402 3811 460 3861 et
488 3806 548 3863 in
582 3806 808 3877 seipscs
840 3809 1046 3859 mutuo
1080 3804 1289 3872 furere,
1319 3807 1497 3872 atque
1534 3805 1595 3855 in
1628 3801 1844 3857 multas
1872 3808 2067 3873 partes

401 3895 580 3951 dividi
610 3898 912 3966 eceperunt
943 3894 1134 3961 (cruce
1165 3892 1469 3955 nimirum,
1519 3895 1576 3945 et
1604 3891 1917 3957 dementia,
1951 3909 2069 3963 qua

400 3984 679 4039 adversus
702 3983 885 4038 Deum
918 3987 976 4036 et
1005 3980 1365 4037 Salvatorem
1386 3984 1680 4048 nostrum,
1704 3980 1833 4048 ejus
1863 3981 2069 4035 divini-

396 4078 577 4127 tatem
609 4072 668 4127 in
701 4072 1068 4127 humanitate
1099 4070 1342 4125 minime
1376 4073 1781 4140 agnoscentes,
1810 4070 2067 4126 insanie-

2248 1585 2341 1639 IZ'.
2375 1581 2492 1657 Οὐχ
2522 1583 2635 1654 (92)
2684 1602 2784 1643 εως
2838 1581 2933 1653 μὶν
2982 1582 3203 1656 εἰρηνην
3254 1582 3405 1657 εἶχον
3437 1582 3527 1637 xui
3555 1584 3693 1656 πρὸς
3730 1582 3833 1639 ἆλ-

2178 1669 2387 1741 λήλους
2418 1672 2506 1725 xui
2535 1671 2672 1745 πρὸς
2704 1671 2855 1739 Θεὸν,
2892 1669 3150 1746 Αἰγύπτῳ
3178 1674 3246 1744 τῇ
3286 1670 3501 1743 καμίνῳ
3550 1675 3618 1745 τῇ
3670 1669 3831 1742 σιδη-

2179 1765 2245 1835 ρᾷ
2275 1760 2609 1832 πιεζόμενοι,
2641 1761 2730 1814 xui
2764 1761 2867 1814 ὑπὸ
2896 1767 2994 1830 τῆς
3042 1766 3230 1829 κοινῆς
3281 1763 3391 1834 (93)
3436 1761 3672 1834 θλίψεως
3706 1782 3835 1815 συν-

2179 1848 2437 1921 αγόμενοι
2497 1846 2627 1922 (ἔστι
2676 1849 2777 1923 γὰρ
2833 1848 2921 1904 ὅτε
2969 1850 3057 1903 καὶ
3104 1853 3267 1903 τοῦτο
3317 1848 3598 1924 φάρμακον
3632 1850 3827 1924 ἀγαθὸν

2178 1938 2254 1999 εἱς
2286 1938 2557 2012 σωτηρίαν
2590 1940 2624 2007 ἡ
2685 1935 2915 2011 θλίψις),
2978 1935 3111 1999 λαός
3166 1958 3224 1991 τε
3272 1937 3422 2013 ἃγιος
3454 1936 3680 2009 ἤκουον,
3738 1939 3832 1993 xui

2182 2026 2333 2100 μερὶς
2381 2026 2599 2101 Κυρίου,
2646 2026 2737 2080 καὶ
2791 2024 3061 2099 βασίλειον
3111 2027 3421 2101 ἱεράτευμα.
3476 2026 3571 2081 Καὶ
3622 2027 3684 2081 οὐ
3715 2034 3833 2089 τοῖς

2183 2116 2274 2186 μὲν
2311 2114 2565 2187 ὀνόμασιν
2597 2115 2738 2169 οὓτω
2764 2118 2896 2187 (94),
2928 2120 3045 2176 τοῖς
3078 2112 3136 2169 δὲ
3167 2115 3343 2191 ἔργοις
3393 2115 3588 2190 ἑτέρως
3618 2136 3630 2148 ·
3684 2114 3833 2171 ἀλλᾶ

2175 2204 2264 2258 καὶ
2295 2203 2621 2278 στρατηγοῖς
2658 2201 2857 2279 ἤγοντο
2884 2203 3175 2277 ἀγομένοις
3218 2206 3318 2259 ὑπὸ
3362 2210 3521 2271 Θεοῦ,
3564 2205 3653 2258 xui
3704 2204 3832 2258 στυ-

2177 2291 2262 2365 λῳ
2292 2293 2461 2367 πυρὸς
2506 2292 2594 2347 xui
2641 2292 2869 2370 νεφέλης
2909 2290 3224 2368 ὡδηγοῦντο
3254 2294 3442 2354 νυκτὸς
3472 2293 3561 2347 καὶ
3590 2293 3825 2368 ἡμέρας·

2175 2382 2263 2435 xui
2310 2380 2549 2435 θάλασσα
2611 2382 2705 2453 μὲν
2752 2381 2933 2442 αὐτοῖς
2982 2379 3218 2436 διίστατο
3271 2382 3544 2459 φεύγουσι,
3597 2386 3823 2437 πεινῶσι

2177 2466 2233 2523 δὲ
2263 2469 2489 2542 οὐρανὸς
2517 2468 2773 2544 ἐχορήγει
2816 2470 3045 2546 τροφὴν,
3094 2470 3263 2546 πέτρα
3306 2467 3364 2524 δὲ
3412 2467 3638 2544 διψῶσιν
3689 2470 3824 2540 ἐπή-

2172 2563 2319 2633 γαζε,
2368 2556 2671 2630 πολεμοῦσι
2734 2555 2791 2612 δὲ
2841 2562 3040 2633 χειρῶν
3103 2553 3311 2620 ἕκτασις
3370 2559 3485 2613 ἀντὶ
3545 2556 3823 2634 μυριάδων

2172 2650 2257 2715 ἦν,
2293 2644 2361 2701 δι’
2393 2646 2563 2721 εὐχῆς
2614 2645 2890 2722 ἐγείρουσα
2935 2647 3192 2723 τρόπαια,
3242 2648 3333 2702 καὶ
3382 2646 3713 2703 ὁδοποιοῦσα
3756 2648 3826 2703 τὰ

2170 2735 2471 2811 ἔμπροσθεν
2503 2755 2514 2767 ο
2558 2736 2795 2809 ποταμοὶ
2829 2733 2886 2790 δὲ
2941 2737 3259 2812 ὑπεχώρουν
3306 2739 3404 2805 τήν
3452 2740 3686 2813 συγγενῆ
3732 2758 3826 2809 μι-

2177 2825 2440 2897 μούμενοι
2491 2822 2777 2895 θάλασσαν,
2827 2825 2915 2879 xui
2962 2831 3209 2900 στοιχεῖα
3260 2824 3463 2897 ἵστατο,
3513 2828 3603 2881 xui
3658 2827 3820 2901 τείχη

2170 2912 2422 2989 σάλπιγξι
2477 2913 2798 2968 κατεσείετο.
2861 2913 2957 2968 Καὶ
3013 2914 3065 2969 τί
3124 2912 3205 2970 δεῖ
3264 2914 3437 2990 λέγειν
3510 2915 3825 2989 Αἰγυπτίων

2169 3003 2385 3077 πληγὰς
2441 3005 2554 3075 (95)
2607 3001 2820 3064 τούτοις
2881 3003 3271 3078 χαριζομένας,
3320 3003 3409 3057 καὶ
3466 3009 3598 3057 Θεοῦ
3644 3006 3825 3082 φωνὰς

2170 3090 2220 3161 ἐξ
2250 3086 2409 3164 ὅρους
2440 3090 2795 3163 ἀκουομένας,
2840 3091 2929 3145 καὶ
2977 3092 3302 3163 νομοθεσίαν
3338 3090 3559 3161 διπλῆν,
3590 3094 3690 3160 τήν
3727 3095 3819 3165 μὲν

2172 3178 2222 3233 ἐν
2254 3181 2557 3253 γράμματι,
2592 3180 2690 3247 τὴν
2725 3176 2782 3233 δὲ
2831 3178 2880 3231 ἐν
2928 3180 3218 3251 πνεύματι,
3254 3180 3344 3233 xui
3372 3178 3551 3234 τᾶλλα
3600 3180 3681 3243 οἷς
3713 3179 3821 3235 ἔτι·

2176 3272 2357 3339 μῶντο
2421 3266 2592 3322 πάλαι
2640 3270 2785 3340 παρὰ
2848 3269 2948 3336 τὴν
3029 3269 3229 3322 ἑαυτῶν
3290 3269 3433 3339 ἀξίαν
3493 3271 3521 3323 ὁ
3577 3270 3821 3343 Ἰσραήλ.

2174 3357 2324 3413 Ἐπεὶ
2357 3354 2413 3411 δὲ
2439 3362 2611 3411 νοσεῖν
2643 3354 2891 3431 ἤρξαντο,
2932 3354 3021 3410 xu'i
3072 3359 3189 3411 κατ’
3237 3356 3502 3428 ἀλλήλων
3550 3357 3820 3431 ἐμάνησαν

2170 3445 2260 3500 xui
2293 3444 2576 3515 διέστησαν
2608 3446 2684 3507 εἰς
2721 3446 2857 3519 μέρη
2890 3445 3075 3501 πολλὰ
3103 3449 3221 3520 (τοῦ
3254 3451 3484 3521 σταυροῦ
3541 3449 3677 3523 πρὸς
3726 3450 3825 3517 τὴν

2176 3534 2410 3609 ἐσχάτην
2470 3535 2744 3589 ἀπώλειαν
2803 3536 2917 3607 (96)
2975 3534 3172 3597 αὐτοὺς
3245 3537 3685 3607 συνελαύνοντος,
3731 3537 3824 3591 xui

2172 3630 2271 3692 τῆς
2304 3623 2559 3685 ἀπονοίας
2606 3625 2665 3692 ἦν
2714 3624 2847 3678 κατὰ
2892 3628 2988 3678 τοῦ
3037 3629 3170 3679 Θεοῦ
3217 3625 3306 3679 xui
3352 3632 3613 3695 Σωτῆρος
3660 3628 3824 3698 ἡμῶν

2177 3714 2575 3783 ἁπενοήθησαν,
2634 3713 2724 3767 τὸν
2781 3712 2831 3767 ἐν
2904 3714 3174 3789 ἀνθρώπῳ
3233 3714 3360 3768 Θεὸν
3422 3715 3826 3790 ἀγνοήσαντες),

2175 3804 2263 3856 καὶ
2294 3803 2391 3869 τῆν
2427 3797 2622 3876 ῥάϐδον
2674 3803 2773 3868 τήν
2816 3799 3040 3874 σιδηρᾶν
3093 3801 3371 3877 πορῥωθεν
3423 3801 3824 3875 ἀπειλουμένην

2175 3890 2357 3953 αὐτοῖς
2406 3890 2486 3947 ἐρ’
2544 3890 2765 3952 ἑαυτοὺς
2817 3889 3086 3962 εἷ’λκυσαν,
3136 3894 3233 3959 τὴν
3284 3897 3371 3946 νῦν
3436 3892 3825 3967 ἐπικρατοῦσαν

2177 3982 2352 4056 ἀρχὴν
2389 3978 2536 4055 λέγω
2566 3980 2655 4034 xui
2692 3979 2991 4055 βασιλείαν,
3020 3981 3074 4035 τί
3113 3980 3315 4057 γίνεται
3350 3999 3364 4050 ;
3413 3982 3501 4036 καὶ
3551 3982 3605 4036 τί
3653 3982 3825 4037 πεπόν

2177 4081 2336 4137 euut;

400 4166 562 4227 runt,
621 4176 719 4214 eos
777 4162 848 4214 ad
908 4166 1233 4215 extremum
1293 4158 1535 4214 exitium
1594 4159 1910 4231 adigente),
1963 4159 2303 4231 virgamque
2364 4160 2629 4229 ferream,
2664 4162 2771 4215 hoc
2812 4164 2920 4225 est,
2973 4160 3366 4233 principatum
3397 4165 3455 4217 et
3485 4161 3829 4232 imperium,

398 4250 556 4320 quod
591 4264 747 4303 nunc
778 4264 973 4303 rerum
1004 4264 1302 4304 summam
1333 4251 1513 4313 tenet,
1548 4246 1733 4303 multo
1764 4252 1899 4303 ante
1944 4247 2062 4304 illis
2092 4249 2521 4314 denuntiatam,
2555 4248 2613 4304 in
2673 4249 2897 4321 seipsos
2956 4254 3340 4317 attraxerunt,
3401 4251 3539 4321 quid
3569 4252 3829 4306 accidit?

400 4338 664 4409 quidque
695 4338 955 4408 perpessi
979 4343 1119 4392 sunt
1141 4336 1169 4391 ?

469 4425 665 4481 XVIII.
697 4424 983 4480 Jeremias
1013 4425 1251 4495 quidem
1281 4440 1380 4479 eos
1437 4424 1511 4479 ob
1568 4424 1791 4495 priores
1823 4423 2058 4479 calami-

2236 4427 2340 4480 IH'.
2374 4431 2570 4499 Θρηνεῖ
2621 4428 2714 4497 μὶν
2766 4424 2961 4487 αὐτοὺς
3015 4426 3275 4501 Ἱερεμίας
3326 4425 3413 4480 ἐπὶ
3456 4431 3572 4488 τοῖς
3620 4426 3827 4500 προτέ-

400 4520 548 4570 tates
579 4512 761 4585 luget,
795 4521 970 4585 atque
1002 4513 1401 4584 captivitatem
1424 4512 1835 4583 Babylonicum
1858 4512 2055 4583 deplo-

403 4610 532 4671 rat;
566 4607 734 4658 erant
762 4601 919 4658 enim
950 4618 1148 4658 revera
1177 4601 1297 4655 haec
1347 4600 1623 4673 lacrymis
1652 4604 1710 4656 et
1740 4600 2056 4673 gemitibus

399 4692 578 4764 digna
606 4716 621 4762 ;
654 4690 753 4763 qui
784 4707 915 4747 vero
960 4706 1076 4746 non
1109 4688 1380 4745 maximis
1428 4688 1608 4762 digna
1634 4688 1929 4759 lamentis,
1962 4706 2058 4746 ex-

400 4782 525 4837 cisa
554 4780 790 4849 moenia,
812 4781 954 4836 urbs
985 4778 1108 4835 solo
1139 4782 1387 4849 aequata,
1412 4778 1739 4834 sacrarium
1763 4795 2053 4848 eversum,

400 4872 593 4927 votiva
622 4872 776 4926 dona
820 4868 1158 4941 compilata,
1215 4868 1443 4940 profani
1497 4868 1673 4939 pedes
1730 4874 1788 4923 et
1843 4886 2058 4926 manus

403 4961 581 5033 pedes
614 4960 848 5031 quidem
883 4959 940 5013 in
975 4958 1099 5014 loca
1131 4975 1247 5013 non
1301 4958 1567 5012 adeunda
1612 4957 2006 5029 irrumpentes
2041 4976 2056 5028 ;

473 5153 517 5186 ⁶⁰
546 5151 722 5208 Exod.
783 5168 897 5219 xxx,
929 5151 997 5219 6;

2167 4533 2281 4588 ροις
2335 4512 2549 4584 πάθεσι,
2607 4514 2699 4568 xui
2753 4515 2851 4582 τήν
2898 4512 2988 4568 ἐπὶ
3063 4509 3365 4569 Βαϐυλῶνα
3441 4515 3827 4590 αἰχμαλωσίαν

2170 4599 2455 4678 ὀδύρεται·
2508 4603 2597 4657 καὶ
2653 4604 2754 4679 γὰρ
2821 4603 2887 4671 ἦν
2949 4599 3119 4665 ὄντως
3175 4604 3398 4658 κάκεῖνα
3456 4606 3669 4679 θρήνων
3730 4606 3825 4659 xui

2167 4689 2417 4768 ὀδυρμῶν
2454 4692 2571 4763 ἄξια
2596 4712 2607 4723 ·
2641 4696 2758 4754 πῶς
2791 4689 2848 4747 δὲ
2880 4691 2945 4745 οὐ
2992 4698 3097 4747 τῶν
3160 4692 3428 4769 μεγίστων
3478 4693 3642 4769 τείχη
3692 4715 3826 4748 κατ-

2168 4780 2501 4853 εσκαμμένα,
2548 4779 2712 4842 πόλις
2773 4777 3144 4858 ἠδαφισμένη,
3199 4781 3437 4857 ἀγίασμα
3506 4784 3824 4857 καθῃρημέ-

2166 4891 2275 4941 νον,
2308 4870 2627 4942 ἁναθήματα
2656 4867 3015 4941 σεσυλημένα,
3069 4867 3230 4930 πόδες
3282 4865 3512 4945 βέϐηλοι
3563 4870 3652 4924 καὶ
3703 4877 3823 4946 χεῖο

2170 4977 2294 5036 ρες⁶
2329 4960 2381 5013 οἱ
2442 4959 2535 5032 μὶν
2590 4964 2707 5021 τοῖς
2764 4953 2984 5019 ἀϐάτοις
3040 4954 3451 5034 ἆμὸατεύοντες,
3514 4960 3566 5013 ui
3626 4957 3685 5014 δὶ
3736 4981 3825 5013 xu-

1059 5154 1082 5202 1
1141 5148 1415 5221 Petr._1_1,
1469 5148 1523 5201 9.
1584 5146 2068 5221 διηΕχοάηίκιιιὲ

2183 5189 2196 5214 ,
2253 5165 2415 5219 seqq.
2466 5148 2539 5183 δι’
2558 5148 2764 5221 ᾉΕχοά.
2821 5164 2947 5221 xw,
2980 5148 3074 5221 22.
3135 5148 3179 5181 ⁶²
3211 5148 3390 5204 Exod.
3430 5165 3526 5217 xv,
3557 5150 3623 5203 12
3658 5165 3821 5221 seqq.

402 5224 446 5258 ⁵³
476 5224 651 5279 Exod.
680 5240 795 5291 xxi,
818 5218 951 5278 6.“
981 5221 1125 5277 ibid.
1161 5221 1249 5275 13.
1283 5219 1327 5255 ⁸⁵
1355 5218 1482 5275 Jos.
1517 5234 1599 5287 III,
1635 5219 1701 5271 17
1726 5235 1841 5289 ;v1,
1870 5220 1941 5273 20
1969 5220 2012 5255 ⁸⁸
2044 5219 2068 5274 Ε

2175 5222 2218 5276 1,
2251 5218 2450 5274 Vir-xi.
2478 5220 2521 5254 ⁸⁵
2553 5219 2730 5275 Exod.
2776 5235 2893 5289 XIX,
2932 5220 2997 5274 16
3024 5236 3189 5291 seqq.

472 5403 582 5475 (91)
640 5399 924 5475 Πλεῖστον.
1002 5403 1134 5458 Bas.
1222 5396 1437 5469 πλεῖον,
1514 5396 1572 5451 id
1631 5398 1721 5451 est
1791 5393 1908 5450 ἀντὶ
1963 5401 2060 5452 τοῦ

410 5473 535 5542 αἰεί,
569 5475 737 5546 quasi
771 5474 988 5546 diceret
1021 5495 1048 5523 ι(
1078 5487 1345 5546 semper._
1370 5491 1397 5517 ››

480 5537 756 5616 (92)Ὀῦχ.
790 5544 887 5599 Vel
920 5537 1258 5615 legendum,
1291 5539 1508 5616 οὐκοξν.
1539 5537 1625 5594 vel
1673 5554 1776 5616 per
1812 5538 2058 5597 interro-

409 5610 1078 5690 gationem'vertendum
1107 5631 1119 5668 :
1162 5629 1413 5690 unonne
1432 5610 1459 5664 ?
1490 5626 1682 5690 annon
1705 5610 1733 5665 ?
1764 5632 1792 5661 »

481 5687 596 5760 (93)
632 5689 852 5753 Καινῆς.
908 5685 1083 5757 Elius,
1116 5682 1365 5755 πολλῆς,
1403 5707 1432 5736 ‹‹
1483 5682 1731 5741 multam
1788 5683 2057 5743 afﬂictio-

2176 5416 2332 5456 nem.
2368 5422 2396 5450 ))

2243 5472 2356 5539 (94)
2385 5468 2559 5526 Οὕτω.
2595 5471 2774 5539 Regg.
2810 5486 2842 5524 a
2871 5469 2993 5525 bm.
3028 5467 3230 5530 οὕτως.

2243 5472 2329 5539 (94
2385 5472 2559 5526 Οὕτω.
2595 5472 2673 5526 Re
2762 5512 2774 5524 .
2810 5486 2842 5524 a
2871 5472 2993 5525 bm.
3028 5472 3230 5530 οὕτως.

2240 5472 2629 5620 (minima.
2678 5485 2972 5599 §§onnulli
3026 5542 3195 5598 codd.
3257 5561 3492 5620 σφηκας,
3554 5558 3813 5616 «vespas

2168 5616 2502 5672 crabrones.
2527 5616 2567 5663 ⁷»

2239 5685 2350 5761 (96)
2379 5683 2706 5744 Ἀπώλειαν.
2748 5686 2919 5742 Deest
2945 5683 3006 5741 in
3040 5685 3151 5743 Par
3170 5685 3440 5744 editione.
