4244 6216
320 473 438 530 745

1522 468 1815 529 ORATIO
1863 467 2192 528 ιιι-ΒΕ
2236 469 2440 528 PAGE
2483 469 2530 527 Ι.

3618 467 3736 526 746

318 600 426 651 τῶν
467 597 579 667 (97)
629 592 912 667 ἅψαύστων
959 596 1397 669 κατατρυφῶσαι,
1444 600 1719 671 προφῆται
1776 597 1971 668 σιγῶν-

2113 612 2300 650 nanus
2330 610 2462 649 vero
2486 594 2630 649 191
2663 594 2815 649 circa
2846 610 2938 649 res
2968 609 3087 661 eas,
3110 610 3256 666 quas
3298 597 3536 665 tangere
3574 596 3740 651 nefas

322 705 431 753 τες,
482 684 643 757 ἱερεῖς
697 682 977 755 ἀγόμενοι,
1028 676 1320 756 πρεσϐῦται
1366 682 1442 753 μὴ
1476 680 1814 753 ἐλεούμενοι,
1846 700 1979 753 παρ-

323 774 466 827 Divo:
514 766 997 846 καθυϐριζόμεναι,
1064 769 1253 839 νεότης
1310 770 1601 841 πίπτουσα,
1660 775 1765 845 πῦρ
1817 767 1982 823 and-

321 882 472 937 τριον
526 862 638 933 (98)
686 860 775 914 καὶ
824 858 1111 932 πολέμιον,
1157 856 1385 931 α’ίματος
1434 860 1673 932 ποταμοὶ
1725 858 1838 912 ἀντὶ
1884 862 1981 911 τοῦ

325 950 477 1005 ὁσίου
524 950 693 1023 πυρὸς
752 948 840 1002 καὶ
890 944 1143 1019 α’ίματος,
1194 953 1487 1023 Ναζαραῖοι
1531 947 1981 1022 κατασυρόμενοι,

323 1043 514 1115 Θρῆνοι
566 1043 684 1099 τοῖς
728 1037 915 1110 ὕμνοις
969 1038 1404 1111 ἀντεγειρόμενοι
1428 1058 1439 1069 ⁸
1492 1037 1580 1092 καί
1616 1035 1690 1091 ’ἶν’
1722 1036 1771 1107 ἐξ
1806 1036 1980 1091 αὐτῶν

328 1126 465 1183 εἷ’πω
494 1149 546 1180 τι
575 1132 682 1181 τῶν
734 1125 997 1201 Ἰερεμίου
1050 1128 1297 1201 Θρήνων,
1352 1128 1402 1179 οἱ
1434 1127 1542 1181 υἱοὶ
1569 1128 1681 1199 (99)
1715 1126 1877 1194 Σιὼν,
1931 1125 1984 1178 οἱ

327 1217 503 1289 τίμιοι
535 1215 625 1269 καὶ
649 1214 1040 1286 άντιτιθὲμενοι
1080 1214 1316 1290 χρυσίῳ,
1349 1216 1405 1269 οἱ
1448 1215 1703 1292 τρυφεροὶ
1750 1214 1840 1268 καὶ
1888 1234 1983 1267 κα-

328 1311 436 1361 κῶν
489 1306 735 1371 ἀπαθεῖς,
789 1303 940 1372 ξένην
999 1299 1121 1356 ὁδὸν
1172 1300 1487 1366 ὁδεύοντες·
1543 1302 1633 1357 καὶ
1688 1300 1804 1357 ὁδοὶ
1844 1302 1984 1356 Σιὼν

328 1399 617 1458 πενθοῦσαι
672 1396 749 1465 (1)
806 1392 952 1467 παρᾶ
1008 1393 1069 1445 τὸ
1124 1393 1199 1464 μή
1252 1392 1384 1446 εἶναι
1430 1391 1556 1453 τοὺς
1590 1391 1980 1466 ἰορτάζοντας’

327 1484 417 1539 καὶ
455 1483 647 1556 μικρὸν
676 1482 782 1555 πρὸ
822 1480 1026 1535 τούτων
1055 1500 1067 1513 °
1130 1486 1310 1557 χεῖρες
1368 1486 1634 1556 γυναικῶν
1697 1478 1985 1555 οἷκτιρμό-

330 1595 460 1640 νων,
520 1571 580 1625 οὐ
632 1572 840 1647 τροφὴν
902 1569 1188 1643 ὀρέγουσαι
1241 1569 1473 1640 τέκνοις,
1530 1577 1631 1639 τῆς
1661 1567 1986 1645 πολιορκίας

335 1660 755 1736 ἰπικρατούσης,
806 1657 929 1713 ἀλλ’
978 1657 1066 1712 ἰπὶ
1114 1659 1319 1735 τροφὴν
1364 1663 1532 1714 ταῦτα
1590 1658 1986 1735 σπαράττουσαι

334 1752 423 1804 καὶ
468 1748 638 1821 λιμοῦ
687 1749 969 1824 φάρμακον
1024 1750 1091 1801 τὰ
1141 1749 1341 1802 ἑαυτῶν
1376 1748 1700 1821 ποιούμεναι
1731 1746 1983 1825 φίλτατα,

335 1842 513 1893 Ταῦτα
567 1841 684 1899 πῶς
743 1835 804 1891 οὐ
864 1834 1009 1890 δεινά
1061 1837 1149 1890 καὶ
1208 1838 1345 1909 πὲρα
1398 1835 1610 1908 δεινῶν,
1641 1836 1702 1891 οὖ
1734 1842 1851 1898 τοῖς
1884 1838 1986 1890 πά-

339 1949 536 2003 σχουσι
564 1926 688 1980 τότε
722 1925 905 1998 μόνον,
937 1924 1082 1979 ἀλλὰ
1106 1927 1194 1979 καὶ
1225 1930 1315 1979 νῦν
1346 1931 1465 1988 τοῖς
1496 1925 1814 1995 ἀκούουσιν;
1844 1926 1987 2000 Ἐγὼ

339 2022 467 2092 γοῦν
503 2016 687 2078 ὁσάκις
720 2016 778 2069 ἂν
808 2015 1007 2085 ταύτην
1040 2010 1291 2070 ἀναλάϐω
1324 2017 1419 2084 τὴν
1471 2010 1687 2091 βίϐλον,
1744 2015 1833 2069 καὶ
1872 2020 1989 2076 τοῖς

349 2109 583 2180 Θρήνοις
616 2104 981 2179 συγγένωμαι,
1016 2104 1341 2178 συγγίνομαι
1376 2102 1422 2158 δ’
1460 2108 1532 2177 (2)
1574 2103 1754 2165 ὁσάκις
1794 2104 1853 2158 ἂν
1905 2103 1995 2158 εὐ-

344 2196 578 2269 ημερίαν
640 2194 965 2270 σωφρονίσαι
1025 2192 1267 2263 ἐθελήσω
1326 2195 1402 2265 τῷ
1460 2194 1862 2268 ἀναγνώσματι,
1914 2191 1998 2266 ἐγ-

342 2285 618 2357 κόπτομαι
672 2283 769 2350 τὴν
830 2282 1039 2358 φωνὴν,
1096 2283 1183 2335 καὶ
1242 2282 1546 2357 συγχέομαι
1600 2282 1841 2357 δάκρυσι,
1908 2280 1996 2335 καὶ

346 2374 459 2428 οἷον
514 2372 602 2425 ὑπ’
649 2370 771 2445 ὄψιν
824 2392 918 2443 μοι
966 2371 1025 2424 τὸ
1071 2373 1242 2434 πάθος
1291 2370 1531 2446 ἔρχεται,
1579 2370 1668 2425 καὶ
1723 2373 2000 2446 συνθρηνῶ

344 2468 427 2534 τῷ
462 2463 813 2536 Θρηνήσαντι.
843 2461 950 2528 Τὴν
981 2457 1038 2514 δὶ
1085 2458 1393 2514 τελευταίαν
1432 2460 1607 2514 αὐτῶν
1667 2458 1889 2534 πληγήν
1942 2480 2002 2513 τε

343 2552 433 2605 γαί
494 2550 874 2623 μετανάστασιν
934 2551 1031 2621 (3),
1091 2548 1180 2603 καὶ
1231 2550 1321 2604 τὸν
1373 2553 1460 2601 νῦν
1515 2548 1855 2621 ἰπικείμενον
1910 2548 2005 2602 αἰ-

343 2646 461 2701 τοῖς
516 2646 614 2708 τῆς
668 2637 917 2699 δουλείας
968 2638 1141 2713 ζυγὸν,
1200 2638 1287 2692 καὶ
1344 2640 1443 2706 τὴν
1506 2633 1833 2711 περιϐόητον
1898 2638 2000 2691 ὑπὸ

345 2726 641 2800 Ῥωμαίοις
686 2727 1035 2798 ταπείνωσιν,
1086 2728 1156 2796 ἧς
1207 2725 1358 2781 οὐὸὶν
1406 2726 1578 2789 οὕτως
1628 2727 1704 2788 ὡς
1753 2729 1788 2795 ἡ
1822 2725 2003 2787 στάσις

348 2814 543 2887 αἶ’τιον,
603 2816 685 2877 τίς
744 2817 1003 2890 θρηνήσει
1053 2816 1189 2888 πρὸς
1245 2815 1391 2886 ἀξίαν
1444 2820 1551 2870 τῶν
1596 2816 1827 2891 θρήνους
1868 2814 2001 2889 γρά-

349 2927 464 2983 φειν
502 2908 570 2975 (4)
602 2902 845 2976 εἰδότων,
877 2905 966 2958 καὶ
1024 2899 1185 2979 λόγον
1230 2903 1434 2973 ἑξισοῦν
1482 2906 1558 2977 (5)
1607 2905 1799 2973 πάθει,
1844 2906 2003 2957 Ποῖαι

353 2990 541 3071 βίϐλοι
571 2998 737 3048 ταῦτα
782 2996 1139 3069 χωρήσουσι;
1194 2993 1299 3047 Μία
1346 2991 1519 3062 στήλη
1558 2995 1628 3064 (6)
1658 2991 1874 3054 τούτοις
1904 2997 2006 3061 τῆς

351 3087 636 3157 συμφορᾶς
686 3084 720 3149 ἡ
772 3081 1064 3153 οἰκουμένη
1121 3086 1264 3134 πᾶσα
1310 3081 1425 3134 καθ’
1455 3082 1522 3148 ἧς
1554 3078 1884 3155 ἐσπάρησαν,
1916 3079 2005 3134 καὶ

354 3174 387 3240 η
422 3168 645 3243 λατρεία
674 3170 1015 3242 πεπαυμένη,
1047 3171 1131 3224 καὶ
1168 3170 1332 3238 αὐτῆς
1382 3176 1481 3237 τῆς
1538 3167 1900 3245 ’1ερο.›σαλήμ
1942 3168 2005 3223 τὸ

356 3257 555 3335 ἔδαφος
616 3256 777 3333 μόγις
826 3261 904 3332 (7)
950 3259 1374 3334 γινωσκόμενον,
1425 3258 1493 3327 ἧς
1536 3264 1791 3313 τοσοῦτον
1824 3256 2009 3313 ἐπιϐα-

2090 689 2236 750 erat,
2268 683 2654 750 luxuriantes,
2681 683 2971 755 prophetae
2996 682 3253 753 silentes,
3277 687 3607 738 sacerdotes
3639 685 3740 738 ab-

2091 772 2269 839 ducti,
2296 789 2464 827 senes
2494 772 2717 843 absque
2744 772 3148 827 misericordia
3169 772 3373 837 habiti,
3399 777 3740 844 constupra-

2091 865 2161 915 ιω
2193 860 2769 933 virgines,juventus
2801 862 3037 930 cadens,
3067 861 3305 916 ﬂamma
3334 860 3524 916 aliena
3553 865 3609 916 et
3636 862 3740 916 ho-

2093 950 2265 1016 stilis,
2295 950 2600 1020 sanguinis
2650 949 2805 1004 ﬂuvii
2846 968 2945 1021 pro
2980 957 3179 1006 sancto
3212 950 3345 1023 igne
3396 968 3461 1006 ac
3512 968 3739 1021 cruore,

2094 1038 2345 1094 Nazarazi
2380 1040 2613 1110 raptati,
2646 1038 2842 1094 luctus
2883 1038 3125 1095 canticis
3157 1040 3457 1111 subrogali
3496 1056 3507 1094 :
3543 1045 3739 1111 atque,

2096 1134 2160 1183 ut
2190 1146 2258 1183 ex
2290 1128 2431 1198 ipsis
2461 1128 2725 1182 Jeremiaa
2757 1127 3006 1183 Threnis
3039 1127 3256 1198 aliquid
3290 1130 3629 1198 producam,
3656 1130 3742 1183 in-

2094 1215 2227 1288 clyti
2262 1217 2344 1271 illi
2380 1215 2479 1270 filii
2513 1216 2647 1270 Sion
2667 1217 2731 1285 ⁸⁸,
2766 1220 2822 1271 et
2864 1233 3005 1271 auro
3038 1216 3334 1286 aquandi,
3368 1216 3451 1270 illi
3502 1218 3743 1287 inquam

2095 1304 2323 1359 delicati
2382 1308 2556 1375 atque
2596 1322 2629 1358 a
2668 1303 2839 1359 malis
2892 1304 3209 1370 immunes,
3245 1304 3540 1359 insuetam
3592 1306 3743 1359 viam

2094 1394 2414 1449 obeuntes:
2441 1398 2496 1449 et
2525 1394 2630 1449 viae
2674 1394 2811 1448 Sion
2847 1393 3134 1464 lugentes,
3167 1410 3233 1449 eo
3264 1394 3419 1464 quod
3453 1392 3599 1447 nulli
3631 1394 3748 1449 sint

2096 1482 2195 1555 qui
2226 1482 2406 1538 festos
2439 1483 2563 1538 dies
2595 1481 2884 1537 celebrent
2905 1483 2977 1550 ⁶⁹;
3011 1498 3075 1537 ac
3106 1482 3281 1554 paulo
3313 1487 3444 1537 ante
3479 1500 3490 1536 :
3533 1499 3746 1538 manus

2098 1570 2410 1627 mulierum
2438 1572 2906 1627 misericordium
2924 1572 2989 1640 ⁷ο,
3010 1571 3397 1627 invalescente
3418 1571 3746 1640 obsidione,

2096 1678 2212 1717 non
2245 1661 2459 1716 victum
2494 1660 2631 1716 filiis
2662 1662 3045 1733 porrigentes,
3080 1662 3180 1716 sed
3222 1662 3416 1733 potius
3446 1662 3517 1717 ad
3551 1661 3748 1717 cibum

2097 1751 2207 1806 sibi
2240 1752 2565 1822 parandum
2592 1767 2690 1806 eos
2723 1750 3069 1816 lacerantes,
3103 1755 3273 1822 atque
3304 1768 3372 1806 ex
3403 1750 3750 1806 clarissimis

2096 1838 2222 1895 suis
2270 1840 2613 1912 pignoribus
2646 1840 2998 1894 medicinam
3052 1840 3329 1895 adversus
3379 1845 3748 1912 grassantem

2100 1929 2312 1983 famem
2351 1933 2677 2000 quaerentes
2694 1929 2823 1983 ?An
2847 1946 2962 1984 non
2990 1928 3108 1983 haec
3126 1928 3323 2001 gravia
3348 1934 3403 1984 et
3436 1928 3750 2001 plusquam

2104 2017 2322 2089 gravia,
2357 2034 2470 2073 non
2503 2017 2575 2072 iis
2605 2016 2819 2087 solum,
2846 2018 2945 2088 qui
2979 2024 3104 2073 tum
3136 2034 3202 2073 ea
3237 2017 3621 2090 pertulerunt,
3649 2018 3749 2073 sed

2104 2106 2177 2162 iis
2209 2122 2440 2177 quoque
2472 2107 2573 2178 qui
2605 2123 2761 2161 nunc
2804 2107 3095 2161 audiunt?
3125 2108 3429 2177 Equidem,
3466 2111 3529 2162 ut
3558 2109 3627 2162 de
3661 2124 3753 2162 me

2107 2194 2333 2267 loquar,
2368 2196 2598 2267 quoties
2655 2195 2813 2250 hunc
2870 2194 3133 2250 libellum
3185 2196 3240 2249 in
3296 2212 3505 2250 manus
3558 2212 3751 2264 sumo,

2109 2284 2491 2355 Threnosque
2520 2282 2715 2339 lectito
2750 2283 2831 2355 (id
2864 2289 3056 2339 autem
3115 2284 3261 2339 facio
3293 2286 3521 2355 quoties
3553 2300 3761 2339 secun-

2112 2374 2316 2428 darum
2351 2390 2545 2428 rerum
2580 2372 2950 2428 insolentiam
2993 2389 3255 2428 coercere
3288 2372 3629 2444 hujusmodi
3676 2372 3762 2427 le-

2111 2462 2301 2516 ctione
2334 2462 2588 2533 studeo),
2610 2478 2809 2517 vocem
2835 2462 2978 2517 mihi
3010 2461 3318 2517 intercludi
3351 2462 3561 2528 sentio,
3584 2461 3768 2533 lacry-

2114 2548 2345 2621 misque
2362 2550 2601 2617 obruor,
2619 2566 2867 2621 eamque
2888 2548 3277 2604 calamitatem
3298 2547 3456 2604 velut
3477 2550 3549 2604 ob
3570 2549 3771 2604 oculos

2113 2638 2366 2710 positam
2396 2638 2592 2693 videre
2623 2638 2840 2704 videor,
2864 2654 2930 2693 ac
2960 2637 3225 2693 Jeremiaa
3266 2636 3663 2693 collamentor.
3696 2642 3770 2691 At

2115 2743 2246 2782 vero
2280 2732 2636 2799 postremam
2670 2743 2873 2783 eorum
2927 2725 3181 2799 plagam,
3209 2731 3266 2781 et
3299 2744 3329 2782 e
3360 2726 3599 2782 sedibus
3643 2726 3770 2781 suis

2116 2816 2547 2887 migrationem,
2590 2832 2654 2870 ac
2713 2814 3009 2871 servitutis
3060 2816 3276 2887 jugum
3334 2832 3535 2871 eorum
3596 2814 3770 2886 capiti

2116 2921 2271 2959 nunc
2305 2904 2675 2970 incumbens,
2700 2903 3106 2975 celebremque
3147 2903 3307 2959 illam
3338 2904 3449 2959 sub
3490 2902 3770 2959 Romanis

2115 2992 2574 3064 depressionem,
2606 3008 2784 3063 quam
2819 2991 2979 3048 nulla
3014 3010 3105 3048 res
3136 3010 3299 3064 aeque
3330 3009 3396 3049 ac
3428 2993 3637 3049 seditio
3670 3009 3772 3065 pe-

2117 3080 2501 3152 perit,ecquis
2531 3081 2872 3151 eorum,qui
2904 3080 3351 3138 lamentationes
3383 3081 3770 3149 conscribere,

2119 3176 2295 3242 atque
2324 3170 2585 3226 oratione
2610 3170 3002 3226 calamitatem
3031 3172 3337 3242 adaequare
3368 3176 3607 3237 norunt,
3627 3171 3774 3225 satis

2120 3258 2294 3329 digne
2339 3258 2702 3329 deplorabit?
2734 3258 2982 3321 Quinam
3010 3258 3141 3314 libri
3175 3276 3301 3314 eam
3349 3260 3618 3331 capient?
3646 3258 3775 3315 Una

354 3349 447 3404 τὸν
498 3348 681 3409 αὐτοῖς
733 3347 841 3402 ἐστι
898 3348 1085 3420 μόνον,
1136 3349 1224 3402 καὶ
1254 3352 1509 3402 τοσοῦτον
1542 3346 1877 3402 ἀπολαύουσι
1906 3354 2000 3417 τῆς

2124 3347 2326 3419 utique
2387 3346 2508 3402 illis
2556 3347 2907 3403 calamitatis
2958 3346 3232 3403 columna
3280 3354 3440 3403 totus
3482 3354 3775 3403 terrarum

358 3460 491 3492 ποτε
525 3437 698 3491 αὐτῶν
734 3434 915 3508 δόξης,
949 3436 1071 3492 ὅσον
1103 3437 1152 3491 ἰν
1186 3437 1368 3512 ἡμέρᾳ
1395 3437 1643 3511 φανὲντες
1686 3439 1765 3511 (8)
1812 3443 2016 3513 θρηνῆ-

361 3548 447 3581 σαι
482 3528 580 3595 τὴν
615 3525 707 3599 ὶρη
721 3526 867 3598 μίαν.

2126 3436 2285 3491 orbis
2314 3435 2551 3507 est,'per
2580 3452 2751 3507 quem
2780 3436 2939 3491 varie
2969 3435 3083 3491 fusi
3106 3437 3416 3509 sparsique
3444 3442 3603 3506 sunt,
3628 3435 3775 3492 divi-

2126 3542 2355 3597 nusque
2386 3524 2581 3580 cultus
2613 3542 2987 3597 compressus
3015 3529 3072 3581 et
3101 3526 3443 3594 exstinctus,
3470 3527 3779 3597 ipsumque

360 3620 505 3672 adeo
538 3616 1079 3689 Hierosolymitana:
1114 3615 1274 3672 urbis
1304 3615 1513 3684 solum,
1545 3616 1699 3687 quod
1730 3616 1823 3671 vix
1845 3616 1971 3686 jam
2004 3615 2359 3687 agnoscitur,
2394 3618 2569 3685 atque
2612 3614 2895 3670 hactenus
2926 3616 3214 3669 duntaxat
3246 3616 3361 3670 illis
3393 3620 3571 3686 patet,
3599 3616 3775 3686 idque

358 3708 647 3762 duntaxat
677 3707 902 3761 fructus
932 3722 1000 3760 ex
1028 3710 1218 3761 vetere
1257 3722 1365 3760 sua
1412 3705 1599 3777 gloria
1627 3709 1684 3761 et
1712 3703 2101 3776 amplitudine
2129 3704 2389 3776 capiunt,
2422 3708 2486 3759 ut
2534 3720 2636 3775 per
2665 3703 2818 3759 diem
2866 3703 3167 3775 conspicui
3220 3703 3355 3759 facti
3403 3703 3780 3759 solitudinem

365 3796 625 3867 lugeant.

436 3885 535 3937 ιβ’.
596 3886 779 3936 Διινοῦ
841 3880 898 3936 δὶ
945 3877 1103 3943 ὄντος
1155 3882 1326 3943 οὕτως
1383 3886 1480 3936 τοῦ
1551 3880 1872 3950 στασιάζειν,
1929 3879 2019 3934 καὶ

358 3970 635 4025 τοσούτων
669 3970 842 4024 αἷτίου
872 3976 1072 4041 κακῶν,
1106 3971 1181 4032 ὡς
1212 3972 1279 4025 τά
1328 3992 1385 4025 τε
1444 3968 1709 4045 είρημὲνα
1760 3967 2017 4036 δείκνυσι,

360 4060 450 4114 καὶ
487 4058 575 4113 διὰ
602 4055 868 4114 πλειόνων
904 4058 1313 4134 ὑποδειγμάτων
1364 4056 1473 4113 ἐστὶ
1510 4063 1721 4131 μαθεῖν,
1753 4056 1830 4112 ἔτι
1877 4056 2017 4113 πολ·-

362 4148 450 4221 λῷ
510 4146 804 4224 δεινότερον
864 4150 946 4217 τὸ,
1022 4146 1421 4208 καταλύσαντας
1490 4146 1858 4223 μικροψυχίαν
1915 4148 2016 4220 (9),

362 4239 454 4291 καὶ
502 4243 608 4291 τῶν
654 4244 751 4307 τῆς
799 4238 1019 4310 εἶ’ρήνης
1068 4239 1429 4312 γευσαμένους
1479 4235 1686 4306 καλῶν,
1743 4236 1881 4312 πρὸς
1914 4236 2014 4305 τὴν

366 4326 534 4395 αὐτὴν
579 4326 732 4380 νόσον
776 4325 939 4381 πάλιν
1003 4326 1382 4400 ὑπενεχθῆναι,
1433 4325 1521 4379 καὶ
1573 4324 1711 4399 πρὸς
1750 4324 1841 4378 τὸν
1874 4320 2013 4377 ἴδιον

365 4414 559 4488 ἔμετον
593 4414 929 4491 ἐπιστρέψαι,
961 4415 1022 4469 τὸ
1063 4412 1129 4483 δὴ
1165 4413 1454 4490 λεγόμενον
1487 4415 1621 4488 (10),
1656 4410 1785 4485 μηδ’
1814 4412 1844 4467 8
1888 4410 2014 4474 τοὺς

364 4504 636 4573 ἀνοήτους
671 4500 910 4557 παιδεύει
941 4504 1009 4573 τῇ
1038 4502 1197 4575 πείρᾳ
1243 4501 1718 4578 σωφρονισθέντας.
1771 4502 1866 4555 Καὶ
1913 4501 2015 4577 γάρ

2199 3881 2337 3936 ΧΙΧ.
2373 3882 2548 3936 Porro
2591 3885 2809 3951 autem,
2843 3897 2974 3935 cum
3031 3880 3294 3935 dissidiis
3341 3877 3623 3945 laborare,
3656 3883 3778 3933 tam

2128 3986 2303 4041 grave
2334 3970 2432 4036 sit,
2478 3986 2543 4023 ac
2591 3973 2677 4023 tot
2708 3969 2863 4023 mala
2910 3968 3145 4034 conﬂet,
3169 3968 3691 4039 quemadmodum,
3727 3973 3782 4022 et

2128 4075 2196 4113 ex
2228 4058 2299 4113 iis
2350 4074 2477 4129 quae
2528 4057 2806 4122 diximus,
2837 4057 3041 4127 liquet,
3078 4063 3135 4112 et
3184 4057 3450 4129 pluribus
3499 4057 3783 4128 exemplis

2127 4147 2350 4202 discere
2380 4146 2533 4211 licet,
2568 4150 2693 4200 tum
2727 4162 2860 4200 vero
2892 4147 3075 4201 multo
3108 4148 3339 4219 gravius
3368 4149 3475 4214 est,
3501 4146 3785 4217 depositis

2128 4234 2475 4303 inimicitiis,
2500 4233 2773 4307 pacisque
2798 4234 2965 4291 bonis
2988 4235 3335 4307 degustatis,
3361 4235 3515 4291 I92
3540 4235 3597 4289 in
3624 4250 3784 4289 eam-

2126 4326 2259 4380 dem
2295 4340 2502 4379 rursus
2552 4322 2819 4378 morbum
2855 4324 3129 4396 provolvi,
3154 4330 3329 4396 atque
3377 4324 3448 4379 ad
3482 4341 3679 4392 suum,
3715 4327 3788 4379 ut

2128 4412 2240 4468 dici
2272 4411 2438 4477 solet,
2461 4412 2747 4467 vomitum
2773 4412 2983 4483 redire,
3008 4429 3073 4467 ac
3102 4430 3173 4469 ne
3204 4413 3333 4486 ipsa
3353 4414 3590 4484 quidem
3616 4428 3788 4484 expe-

2126 4501 2358 4569 rientia,
2401 4518 2532 4571 qua:
2589 4501 2900 4556 stultorum
2962 4502 3243 4575 magistra
3299 4508 3416 4569 est,
3457 4501 3778 4558 emendari.

380 4594 497 4668 ὁρῶ
544 4592 780 4670 κούφρυς
829 4590 917 4646 καὶ
962 4591 1225 4661 ἀνοήτους
1271 4591 1333 4645 οὗ
1380 4590 1604 4653 τούτους
1637 4585 1995 4663 ὑπολαμϐανο

2139 4590 2362 4645 Etenim
2394 4606 2493 4646 eos
2523 4588 2776 4645 levitatis
2821 4607 2885 4645 ac
2930 4590 3190 4646 stultitiae
3220 4592 3553 4664 opinionem
3588 4590 3785 4646 subire

437 4702 482 4736 ⁵⁸
514 4702 727 4757 Thren.
761 4716 836 4771 ιν,
868 4702 924 4757 2.
1000 4702 1044 4736 ⁶⁹
1075 4700 1289 4756 Thren.
1323 4717 1363 4768 ι,
1396 4699 1447 4754 4.
1524 4700 1568 4734 ⁷ο
1598 4700 1811 4755 Thren.
1847 4716 1921 4766 ιν,
1958 4700 2042 4753 10.

441 4809 556 4879 (97)
593 4804 689 4862 Καί
718 4810 848 4879 τῷν.
884 4808 1055 4879 Deest
1080 4806 1195 4879 καί,
1226 4806 1283 4861 in
1318 4806 1455 4879 Reg.
1492 4825 1524 4879 a
1555 4815 1607 4879 el
1644 4807 1739 4862 Or.

444 4881 560 4949 (98)
592 4883 669 4933 ne

444 4882 560 4951 (98)
592 4883 703 5005 [Ιῗρ
754 4882 1067 4953 ἀλλότριον.
1124 4882 1294 4934 Illum
1342 4882 1615 4950 intelligit

373 4952 649 5008 Nabuzar
695 4968 765 5005 an
784 4952 1213 5020 (Jerosolymam
1246 4948 1651 5004 inﬂammavit.

444 5022 556 5094 (99)
588 5021 650 5074 Οἱ
683 5019 814 5094 υἱοί,
846 5028 955 5077 etc.
991 5019 1085 5076 Sic
1136 5026 1273 5093 Reg.
1308 5021 1385 5094 hu
1436 5020 1841 5094 et__0r_._l_)eest
1881 5019 1931 5072 οἱ
1968 5021 2025 5075 in

368 5066 1109 5150 Ρέἕῖἑάῖι.ὶὲῖῐῐίιῖζνᾶὶῖι
1137 5066 1463 5163 ἒῗῖῖἑθῖἷὸεῖ
1476 5066 1925 5160 ἶηῖᾖιῆξῖὲιὸζ

444 5167 523 5236 (1)
555 5167 871 5225 Πενθοῦσαι.
907 5165 1144 5219 Codices
1178 5163 1463 5236 nonnulli,
1496 5164 1766 5216 πενθοῦσι.

443 5231 523 5319 (ἓ)
555 5237 629 5319 93-
664 5237 841 5319 Ress-
874 5237 993 5305 δίη»
1030 5235 1258 5319 111W:-
1289 5231 1366 5319 δέ·

443 5302 525 5375 (3)
555 5302 987 5361 Μετανᾶσῖτασινξ
1032 5307 1187 5361 Colb.
1221 5308 1255 5361 3
1303 5312 1360 5361 et
1410 5306 1660 5360 Montac.
1721 5302 2025 5375 ἀνάστασιν.

370 5374 706 5462 l‘lon'male,
732 5377 1019 5462 quidquid
1054 5379 1211 5433 dicat
1234 5378 1528 5462 variarum
1562 5376 1881 5462 lectionum
1917 5374 2028 5429 col-

366 5450 576 5506 lector.
629 5449 772 5505 Nam
824 5449 1131 5513 ἀνάστασις,
1159 5473 1185 5497 ‹‹
1220 5449 1501 5504 desolatio
1530 5470 1554 5495 ι)
1586 5452 1674 5501 est
1723 5452 1780 5501 et
1816 5468 1835 5492 ι
1870 5461 2028 5500 ever-

370 5524 537 5585 sio.»
574 5528 639 5576 ut
678 5525 830 5577 recte
889 5522 1159 5577 observat
1216 5520 1486 5584 Budaeus,
1540 5524 1862 5589 notumque
1920 5521 2028 5586 est,

369 5595 485 5649 nisi
517 5594 658 5665 quis
680 5593 845 5647 valde
874 5593 932 5647 in
966 5593 1185 5665 Graecis
1213 5592 1285 5647 sit
1316 5591 1678 5665 peregrinus.

468 5662 806 5739 4)Τράφειν.
840 5665 1043 5739 Qomb.
1070 5662 1598 5739 μείῐησυγγράφειν.

443 5667 524 5804 (4)
560 5667 806 5739 Γράφειν.
840 5667 1043 5720 Comb.
1076 5667 1217 5735 legit
1245 5667 1598 5738 συγγράφειν.

466 5740 525 5807 5)
559 5733 816 5807 Ἐξισοῦν.
850 5736 1031 5807 Oxon.
1066 5732 1342 5805 ἐξισοῦντα
1368 5738 1446 5804 τῷ
1475 5732 1654 5807 πάθει.

446 5801 524 5879 (ὃ)
559 5801 773 5876 Στήλη.
814 5829 840 5855 α
877 5801 1179 5862 Columna.
1208 5825 1233 5857 ω
1273 5801 1797 5872 Quemadmodum,
1842 5801 2033 5873 inquit

707 5936 970 5996 Parnm.
1018 5936 1128 5995 Ga.
1174 5931 1416 5995 XXXV.

754 4876 1067 4953 ἀλλότριον.
1124 4878 1294 4953 Illum
1320 4876 1615 4953 _intelligit
1666 4880 1878 4950 ignem,
1912 4894 2027 4948 quo

2137 4805 2315 4869 Elias,
2348 4820 2478 4871 tere,
2531 4809 2632 4859 aut
2674 4820 2742 4859 ex
2783 4803 2976 4875 lapide
3031 4806 3288 4860 excitatas
3343 4806 3648 4872 columnae,
3682 4812 3783 4863 aut

2138 4877 2475 4950 aliquorum,
2494 4892 2808 4950 aerumnas,
2831 4881 2933 4931 aut
2951 4876 3402 4950 vituperationes
3434 4882 3786 4950 praetereun-

2135 4946 2295 5022 tibus
2327 4946 2632 5022 eabibent,
2658 4948 2741 5022 sic
2762 4951 2919 5022 totus
2943 4946 3228 5022 terrarum
3262 4946 3452 5020 orbis;
3472 4965 3574 5022 per
3604 4967 3779 5021 quem

2138 5018 2386 5093 dispersi
2436 5022 2575 5093 sunt
2601 5018 2809 5093 Juda‘i,
2844 5019 3029 5093 instar
3076 5019 3381 5093 columnae,
3414 5018 3779 5093 quaecunque

2136 5089 2429 5161 horrenda
2459 5090 2603 5160 ipsis
2634 5090 2968 5157 acciderint,
3003 5091 3290 5161 pradicet.

2228 5164 2283 5226 7)
2316 5158 2511 5232 Μόγιξ.
2547 5161 2723 5233 Regg.
2759 5178 2812 5226 a,
2845 5162 2964 5232 bm,
3002 5158 3186 5232 μόλις.

2206 5164 2283 5303 (8)
2317 5229 2600 5292 Φανὲντες.
2636 5257 2663 5281 ‹‹
2704 5235 3085 5303 Apparentes.
3112 5256 3139 5283 »
3180 5233 3186 5287 l

2230 5235 2283 5301 8)
2317 5229 2600 5307 φανέντες.
2625 5229 3085 5307 Ε’ᾼρραιιοῄὶοε.
3112 5256 3139 5307 )3
3180 5233 3425 5307 Romani
3470 5234 3781 5307 imperato-

2206 5250 2283 5303 (δ)
2317 5250 2600 5292 Ψανεντες.
2636 5257 2663 5281 ‹‹
2704 5250 3085 5356 apparentes.
3112 5256 3139 5283 »
3180 5250 3425 5289 nomam
3470 5250 3781 5307 imperato-

2140 5304 2242 5378 ris,
2277 5304 2538 5378 Adriani,
2580 5304 2638 5357 ni
2682 5304 2751 5378 “fa
2777 5304 2883 5369 lor,
2916 5304 3061 5373 lege,
3109 5305 3328 5360 Judaeis
3359 5322 3623 5378 campos
3684 5307 3784 5361 ubi

2137 5374 2881 5447 Jerosolymitana‘t'uerat,
2926 5392 3027 5447 per
3075 5393 3258 5447 unum
3313 5376 3467 5433 diem
3516 5374 3585 5433 ex
3632 5386 3787 5434 certo

2140 5448 2327 5518 spatio
2369 5445 2601 5523 videndi
2648 5445 2881 5502 licentia
2928 5445 3202 5503 dabatur.
3237 5446 3438 5503 Comb.
3471 5448 3785 5523 legendum

2141 5516 2324 5592 putat,
2354 5516 2630 5592 φανέντος.

2211 5585 2728 5671 (9),Κίιταλύσαντας
2765 5586 3155 5662 μικροψυχίαν,
3179 5610 3207 5641 ‹‹
3239 5589 3513 5661 Deposita
3544 5591 3787 5663 pusilla-

2140 5660 2426 5715 nimitate.
2455 5682 2481 5707 ››

2211 5731 2421 5819 (10)(Τὸ
2454 5727 2531 5819 δὴ.
2556 5727 2870 5819 λεγόμενον.
2925 5735 3091 5819 [least
3124 5732 3177 5784 in
3216 5732 3502 5819 Regana,
3557 5732 3656 5797 hu,
3691 5738 3784 5785 ΗΓ.

2142 5797 2270 5858 Mox
2302 5803 2397 5859 0r.
2434 5810 2488 5859 et
2519 5797 2824 5858 tres'Colb.
2863 5797 3002 5872 μηδὲ
3033 5799 3083 5865 ὅ,
3116 5819 3218 5872 pro
3254 5797 3382 5871 μηδ’
3408 5802 3455 5857 ὅ.

3391 5930 3467 5986 94
