4244 6216
504 448 577 504 41
1705 444 1766 498 s.
1817 409 2202 498 nascenti
2237 437 2630 497 THEOLUGI

3757 445 3883 503 748

461 576 774 646 comperio,
806 591 920 629 non
953 575 1048 644 qui
1104 575 1161 628 in
1210 576 1347 628 vitio
1378 574 1573 644 aliquo
1605 579 1966 644 permanent,
2005 573 2100 626 sed

2224 569 2440 639 μένους,
2477 566 2526 622 οἵ
2560 570 2618 622 ἄν
2647 589 2796 639 κακῳ
2824 589 2930 620 τινι
2960 569 3365 644 παραμένωσιν,
3416 567 3560 624 ἀλλα
3608 570 3732 632 τοὺς
3783 573 3876 646 ῥα-

461 668 584 736 qui,
609 667 795 719 instar
843 681 997 719 aurae
1032 664 1280 718 subinde
1311 682 1373 719 se
1413 663 1806 727 immutantis,
1839 668 1939 716 aut
1968 661 2111 717 reci-

460 754 828 824 procantium
881 751 1252 823 Euriporum,
1277 767 1381 806 aut
1423 751 1787 806 instabilium
1822 750 1968 804 mari
2000 751 2109 804 flu-

460 849 684 906 ctuum,
711 839 860 895 facili
895 845 1189 895 momento
1231 840 1286 893 in
1321 839 1640 894 contrarias
1672 838 1992 894 sententias
2025 841 2108 894 fe—

460 937 674 985 runtur
703 947 767 985 ac
797 929 1194 984 revolvuntur.
1218 931 1403 999 Atque
1433 927 1576 982 illud
1612 928 1852 999 insuper
1884 944 2109 982 mecum

461 1021 788 1086 considero,
819 1020 913 1082 iis,
939 1017 1039 1089 qui
1071 1017 1335 1072 dissidiis
1358 1017 1786 1087 conﬂictantur,
1811 1033 1973 1088 spem
1999 1015 2112 1071 sal-

460 1114 577 1163 tem
610 1107 927 1162 concordiaa
962 1105 1235 1160 solatium
1268 1106 1470 1160 atl‘erre
1510 1105 1992 1176 calamitatesque
2023 1105 2108 1175 ip-

461 1215 659 1253 sorum
695 1195 949 1250 maxima
977 1212 1046 1249 ex
1077 1201 1240 1265 parte
1287 1193 1493 1249 levare.
1518 1194 1662 1264 Spes
1711 1193 1866 1249 enim
1920 1199 2109 1248 muta-

458 1286 657 1350 tionis,
687 1302 752 1339 ac
786 1284 988 1338 melior
1019 1300 1211 1338 rerum
1245 1287 1436 1338 status
1467 1289 1601 1338 ante
1631 1283 1828 1338 oculos
1864 1283 2109 1353 positus,

462 1373 776 1428 maximam
827 1389 992 1442 opem
1043 1371 1275 1426 afﬂictis
1307 1371 1648 1426 hominibus
1695 1372 1898 1426 atl‘erre
1943 1371 2108 1425 solet.

462 1463 566 1525 Qui
605 1478 732 1516 vero
766 1477 916 1532 saepe
971 1461 1206 1531 quidem
1250 1460 1307 1513 in
1363 1460 1732 1514 concordiam
1793 1459 2108 1524 redierunt,

459 1567 691 1621 semper
719 1555 913 1604 autem
946 1550 1016 1603 ad
1049 1548 1255 1602 vitium
1284 1549 1494 1619 relapsi
1527 1556 1685 1615 sunt,
1713 1549 1803 1603 bis
1833 1565 1953 1602 una
1975 1563 2106 1603 cum

459 1639 590 1695 aliis
624 1640 820 1702 rebus,
857 1636 1063 1692 melior
1107 1653 1342 1708 quoque
1393 1653 1525 1708 spes
1573 1639 1848 1708 adempta
1893 1641 2012 1702 est;
2049 1641 2113 1690 ut

459 1727 558 1797 qui
608 1744 719 1781 non
775 1726 973 1780 minus
1033 1742 1234 1796 pacem
1293 1726 1503 1796 ipsam,
1557 1742 1731 1797 quam
1792 1724 2110 1781 dissensio-

2222 654 2354 718 δίως
2401 656 2485 710 ἐπ’
2542 657 2821 735 ἀμφότερα
2887 657 3219 733 φερομένους
3291 658 3380 712 καὶ
3461 659 3874 734 μεταρῥέοντας,

2217 746 2452 821 καθάπερ
2502 745 2668 819 αὖρας
2715 745 3170 818 μεταπιπτούσας,
3221 747 3257 814 ἢ
3307 741 3610 819 μεταϐολὰς
3654 749 3742 802 καὶ
3775 769 3877 802 πα-

2217 833 2464 910 λιῤῥοίας
2497 835 2778 909 Εὐρίπων,
2876 833 3148 905 θαλάσσης
3181 837 3381 890 άστατα
3407 834 3640 908 κύματα.
3676 837 3881 892 Σκόπω

2219 921 2277 978 δὶ
2331 925 2566 991 κάκεῖνο,
2624 923 2706 979 ὅτι
2758 922 2884 985 τοὺς
2939 926 3033 995 μὲν
3089 922 3176 978 ἐπὶ
3223 927 3322 992 τῆς
3351 929 3586 987 στάσεως
3618 925 3877 998 μένοντας

2217 1014 2251 1081 ἡ
2284 1016 2415 1086 γοῦν
2441 1009 2596 1072 ἐλπὶς
2646 1015 2744 1081 τῆς
2789 1011 3045 1084 ὁμονοίας
3096 1011 3256 1088 ῥᾴους
3304 1019 3470 1084 ποιεῖ,
3501 1014 3590 1068 καὶ
3619 1014 3681 1068 τὸ
3712 1014 3880 1070 πλεῖ⁴

2219 1121 2344 1154 στον
2380 1101 2562 1162 αὐτοῖς
2597 1099 2930 1177 ἐπικουφίζει
2961 1108 3059 1170 τῆς
3100 1106 3380 1179 συμφορᾶς
3407 1123 3421 1135 ο
3478 1102 3704 1177 μεγίστη
3767 1103 3876 1178 γάρ

2219 1188 2503 1264 ἐπικουρία
2549 1195 2666 1250 τοῖς
2722 1190 2985 1265 ἀτυχοῦσι
3048 1185 3359 1262 μεταϐολῆς
3419 1189 3598 1257 ἐλπίς,
3655 1190 3745 1246 καί
3812 1191 3879 1247 τὸ

2217 1283 2459 1350 κρεῖττον
2509 1278 2560 1331 ἐν
2613 1277 2922 1355 ὀφθαλμοῖς
2969 1278 3235 1350 κείμενοψ
3285 1280 3337 1333 οἱ
3383 1277 3441 1333 δὲ.
3470 1278 3742 1341 πολλάκις
3779 1281 3878 1352 μὶν

2220 1367 2638 1438 ὁμονοήσαντες,
2683 1367 2764 1421 ἀεὶ
2815 1364 2872 1420 δὲ
2919 1368 3054 1440 πρὸς
3088 1368 3190 1435 την
3241 1367 3433 1422 κακίαν
3487 1366 3882 1444 παλινδρομή-

2220 1474 2426 1527 σαντες,
2459 1455 2765 1533 ἀφῄρηνται
2803 1457 2935 1529 μετά
2963 1460 3071 1510 τῶν
3113 1455 3299 1511 ἄλλων
3347 1457 3435 1510 καὶ
3483 1462 3580 1512 τοῦ
3630 1458 3880 1533 κρείττο-

2219 1565 2310 1606 νος
2369 1545 2467 1612 τὴν
2526 1542 2758 1598 ἐλπίδα·
2823 1544 2928 1620 οὐχ
2975 1548 3134 1613 ἦττον
3176 1548 3274 1614 τῆς
3305 1547 3538 1607 στάσεως
3569 1543 3877 1608 δεδοικότες

2221 1633 2303 1687 ἀεὶ
2332 1635 2433 1701 τὴν
2467 1633 2745 1706 ὁμόνοιαν,
2803 1633 2893 1688 καὶ
2946 1632 3076 1706 μηδ’
3121 1634 3288 1710 έτέρῳ
3319 1633 3660 1710 θαρῥοῦντες,
3693 1632 3785 1690 διά
3811 1637 3875 1690 τὸ

2221 1721 2272 1776 έν
2301 1721 2632 1800 ἀμφοτέροις
2667 1722 2944 1793 εὐκίνητον
2975 1721 3064 1777 καὶ
3095 1721 3462 1796 ἀστάθμητον.

457 1834 611 1882 nem,
645 1833 876 1887 semper
934 1820 1218 1884 metuant,
1255 1814 1559 1886 neutrique
1617 1832 1818 1870 earum
1879 1819 2112 1886 propter
2169 1813 2480 1885 utriusque
2538 1813 2834 1870 levitatem
2894 1819 2950 1869 et
3005 1813 3460 1870 inconstantiam
3516 1829 3877 1887 magnopere

459 1906 662 1960 ﬁdunt

527 1994 638 2049 XX.
678 1993 790 2048 Nec
824 2009 954 2048 vero
987 1992 1108 2046 haec
1137 2009 1202 2047 eo
1231 2011 1265 2048 a
1297 2009 1388 2048 me
1419 1992 1533 2048 dici
1568 1994 1880 2064 quisquam
1913 1993 2106 2064 suspio

2288 1991 2365 2046 K.
2399 1989 2494 2043 Καὶ
2533 1987 2723 2062 μηδεὶς
2756 1990 2950 2054 οἰέσθω
2996 2011 3062 2062 με
3113 1989 3316 2064 λέγειν,
3367 1991 3448 2045 ὃτι
3499 1996 3669 2044 πᾶσαν
3717 1990 3876 2065 είρήο

457 2087 636 2147 cetur,
665 2082 816 2152 quod
865 2098 1065 2152 pacem
1105 2098 1339 2136 omnem
1389 2085 1700 2137 amandum
1749 2087 1806 2136 et
1851 2081 2104 2152 comple-

456 2170 724 2225 ctendani
757 2187 885 2224 esse
925 2170 1285 2237 existimem;
1322 2187 1455 2225 nam
1488 2176 1552 2226 ut.
1581 2171 1860 2241 optimam
1895 2187 2102 2242 quam-

457 2259 590 2313 dam
617 2259 1068 2322 dissensionem,
1095 2259 1173 2312 ita
1207 2259 1758 2328 perniciosissimam
1783 2259 2101 2330 quamdam

456 2348 826 2402 concordiam
878 2364 1005 2402 esse
1040 2354 1409 2418 perspectum
1460 2348 1675 2413 habeo;
1711 2349 1809 2401 sed
1843 2364 1971 2402 eam
2005 2348 2104 2402 de-

456 2454 794 2504 mum,quaa
827 2437 978 2490 bona
1019 2442 1126 2502 est,
1151 2440 1208 2490 et
1256 2436 1392 2490 boni
1444 2453 1620 2490 causa
1670 2436 1867 2502 initur,
1893 2453 1958 2490 ac
1987 2436 2101 2490 Deo

454 2525 706 2596 copulat.
733 2528 940 2596 Atque,
965 2532 1027 2578 ut
1066 2524 1188 2578 haec
1220 2525 1375 2578 brevi
1410 2525 1782 2580 distinctione
1814 2525 2098 2596 explicen-

454 2621 568 2678 tur,
596 2615 677 2668 ita
706 2614 929 2678 sentio;
965 2615 1119 2667 haud
1154 2616 1372 2668 bonum
1423 2631 1572 2679 esse,
1600 2621 1661 2668 ut
1690 2619 1821 2685 quis
1869 2619 2102 2686 segnior

454 2704 550 2766 sit,
575 2710 673 2756 aut
706 2701 976 2755 fervidior
1007 2719 1183 2771 quam
1234 2720 1338 2773 par
1367 2710 1473 2768 est,
1495 2704 1574 2757 ita
1606 2710 1669 2757 ut
1707 2703 1794 2756 vel
1827 2705 2101 2758 omnibus
2137 2719 2139 2722 ‘

451 2792 522 2846 ob
569 2790 862 2846 levitatem
896 2791 1247 2862 acquiescat,
1269 2793 1353 2845 vel
1385 2792 1457 2845 ob
1502 2793 1887 2846 temeritatem
1925 2800 1980 2847 et
2013 2793 2099 2847 in-

451 2879 758 2936 solentiam
791 2880 861 2934 ab
893 2881 1168 2934 omnibus
1199 2898 1260 2935 se
1301 2887 1609 2936 removeat.
1646 2886 1827 2952 JEqne
1859 2881 2013 2938 enim
2046 2890 2103 2938 et

453 2969 721 3024 inefﬁcax
774 2970 1053 3040 segnities
1102 2975 1208 3036 est,
1252 2975 1309 3024 et
1354 2971 1645 3026 mobilitas
1679 2977 1850 3041 atque
1897 2971 2100 3026 incon-

458 3062 673 3112 stantia
706 3076 739 3112 υ,
769 3058 1044 3112 societate
1084 3062 1140 3112 et
1188 3059 1598 3113 communione
1646 3060 1853 3114 aliena.
1887 3059 2100 3116 Verum

460 3147 557 3202 ubi
591 3151 787 3217 aperte
833 3163 894 3201 se
926 3147 1118 3217 prodit
1149 3147 1440 3216 impietas,
1469 3153 1593 3202 tum
1627 3165 1779 3211 vero,
1808 3150 1974 3203 nobis
2021 3152 2102 3203 t'a-

459 3234 732 3290 ciendum
782 3252 932 3300 esse,
971 3241 1035 3290 ut
1084 3236 1365 3290 adversus
1423 3236 1618 3307 ignem
1673 3244 1729 3292 et
1776 3239 2015 3304 ferrum,
2047 3243 2104 3294 et

457 3328 814 3395 tempora,et
835 3323 1146 3395 principes,
1164 3343 1229 3378 ac
1248 3325 1501 3396 denique
1526 3325 1686 3396 prius
1704 3328 1982 3382 adversus
2005 3345 2103 3382 0&3-

458 3417 582 3468 tera
613 3411 791 3467 simul
821 3413 1020 3467 omnia
1051 3414 1325 3482 feramur,
1349 3431 1525 3484 quam
1560 3421 1625 3468 ut
1666 3415 1800 3469 mali
1834 3417 2104 3470 t'ermenti

458 3501 772 3572 participes
796 3501 1142 3570 efficiamur,
1169 3520 1234 3555 ac
1258 3501 1408 3556 male
1431 3503 1652 3557 affectis
1677 3506 2103 3560 assentiamur:

459 3605 562 3644 nec
593 3590 914 3660 quidquam
956 3591 1192 3660 perinde
1225 3592 1601 3646 metuendum
1637 3597 1744 3656 est,
1774 3596 1836 3648 ut
1865 3611 1934 3648 ne
1964 3595 2104 3665 quid

458 3680 647 3749 magis
679 3695 856 3748 quam
905 3678 1088 3733 Deum
1123 3684 1477 3744 metuamus,
1503 3695 1568 3734 ac
1616 3687 1939 3751 propterea,
1973 3700 2104 3737 cum

453 3769 683 3821 veritati
716 3766 1061 3833 serviamus,
1088 3767 1217 3821 ﬁdei
1254 3776 1310 3821 et
1332 3769 1594 3823 veritatis
1626 3771 1951 3825 doctrinam
1983 3789 2107 3842 per-

457 3857 570 3912 tide
602 3856 963 3911 deseramus.
998 3861 1071 3910 At
1101 3872 1232 3910 cum
1267 3857 1522 3929 suspicio
1555 3859 1679 3914 sola
1710 3859 1971 3914 animum
2005 3877 2104 3914 no-

458 3953 644 4000 strum
682 3945 832 3998 male
865 3945 1058 4011 habet,
1081 3951 1388 4017 metusque
1434 3964 1548 4002 non
1580 3949 1723 4004 satis
1749 3948 2103 4019 exploratu,

457 4040 583 4088 tum
609 4050 740 4090 vero
773 4033 1071 4088 lenitatem
1107 4036 1303 4104 potius
1324 4051 1498 4105 quam
1523 4036 1898 4107 celeritatem,
1933 4043 1990 4091 et
2019 4037 2105 4092 ins

458 4122 819 4190 dulgentiam
854 4123 1006 4177 I93
1041 4123 1236 4192 potius
1257 4140 1432 4193 quam
1467 4127 1859 4194 arrogantiam
1894 4133 1950 4180 et
1974 4143 2140 4180 conv

2214 2101 2308 2149 νην
2361 2078 2664 2154 ἀγαπητέον
2693 2098 2704 2109 ο
2741 2076 2863 2134 οἶδα
2889 2077 2992 2153 γὰρ
3043 2078 3224 2155 ὥσπερ
3273 2079 3454 2134 στάσιν
3502 2079 3622 2134 τινὰ
3681 2079 3870 2153 βελτί-

2213 2190 2363 2239 στην,
2399 2167 2541 2223 οὕοω
2573 2169 2660 2222 καὶ
2697 2163 3117 2243 βλαϐερωτάτην
3147 2167 3401 2240 ὁμόνοιαν
3430 2189 3442 2203 ·
3474 2166 3625 2223 ἀλλά
3654 2171 3756 2237 τήν
3812 2190 3877 2242 γε

2211 2257 2384 2326 καλήν
2415 2257 2500 2311 καὶ
2534 2257 2620 2311 ἐπὶ
2651 2255 2804 2328 καλῷ
2833 2257 2921 2310 καὶ
2955 2261 3069 2328 Θεῷ
3119 2258 3513 2314 συνάπτουσαν.
3567 2256 3626 2311 Εἰ
3680 2254 3738 2311 δὲ
3790 2255 3877 2313 δεῖ

2211 2347 2488 2419 συντόμως
2519 2343 2787 2400 διελέσθαι
2819 2346 2942 2422 περὶ
2983 2345 3177 2417 αὐτῶν,
3225 2346 3368 2402 οὕτω
3425 2347 3674 2422 γινώσκω
3726 2350 3870 2416 (11),

2213 2435 2334 2489 οὕτε
2357 2433 2682 2509 νωθέστερον
2715 2436 2844 2488 εἶναι
2903 2439 3000 2489 τοῦ
3056 2435 3275 2510 μετρίου
3330 2433 3515 2504 καλὸν,
3571 2433 3693 2489 οὕτε
3751 2437 3872 2508 Θερ-

2216 2523 2464 2599 μότερον,
2497 2523 2570 2585 ὡς
2603 2525 2637 2592 ἢ
2667 2521 2736 2577 δι’
2784 2521 3037 2578 εὐκολίαν
3090 2530 3221 2579 πᾶσι
3263 2523 3648 2602 συμφέρεσθαι,
3702 2526 3736 2592 ἣ
3796 2522 3872 2578 δι’

2212 2612 2426 2682 ἀταξίαν
2472 2611 2683 2666 πάντων
2733 2613 3051 2667 ἀποστατεῖν
3079 2632 3091 2645 '
3140 2613 3349 2685 ὁμοίως
3397 2614 3500 2688 γάρ
3548 2612 3637 2666 καί
3665 2614 3727 2667 τὸ
3756 2635 3868 2666 vm-

2212 2702 2299 2762 θὲς
2346 2703 2641 2774 ἄπρακτον,
2699 2701 2894 2776 καὶτὸ
2954 2701 3233 2773 εὐκίνητον
3288 2704 3400 2776 (12)
3468 2702 3862 2770 ἀκοινώνητον.

2213 2788 2369 2844 Ἀλλ’
2400 2788 2466 2844 οὗ
2500 2791 2592 2862 μὲν
2627 2789 2684 2844 ἂν
2783 2788 3039 2866 πρόδηλα
3067 2793 3181 2863 (13)
3211 2793 3279 2846 τά
3314 2798 3416 2860 τῆς
3449 2785 3708 2859 ἀσεϐείας,
3771 2792 3866 2846 καὶ

2213 2879 2364 2954 πυρὶ,
2421 2879 2510 2934 καὶ
2569 2877 2798 2955 σιδήρῳ,
2853 2880 2942 2934 καὶ
2994 2885 3227 2953 καιροῖς,
3290 2880 3378 2934 καὶ
3419 2878 3718 2947 δυνάσταις,
3773 2881 3866 2934 καὶ

2211 2974 2342 3021 πᾶσι
2384 2967 2644 3042 πρότερον
2696 2967 2862 3040 ὁμόσε
2906 2970 3214 3044 χωρητέον,
3264 2970 3299 3038 ἢ
3349 2975 3450 3038 τῆς
3502 2970 3678 3041 ζύμης
3732 2981 3870 3041 μεθ-

2214 3058 2392 3111 εκτέον
2442 3065 2541 3125 τῆς
2590 3063 2852 3130 πονηρᾶς,
2903 3057 2993 3111 καὶ
3044 3057 3458 3131 συγκαταθετέον
3517 3064 3632 3119 τοῖς
3687 3063 3871 3119 κακῶς

2214 3143 2425 3220 ἔχουσι,
2461 3146 2549 3198 καὶ
2599 3142 2753 3200 οὐδὲν
2802 3145 2944 3200 οὕτω
2992 3151 3098 3200 τῶν
3151 3146 3397 3201 ἀπάντων
3431 3143 3696 3224 φοϐητέον
3731 3149 3872 3219 (Η),

2215 3235 2290 3296 ὡς
2323 3233 2464 3289 ἄλλο
2493 3255 2544 3288 τι
2577 3235 2682 3307 πρὸ
2713 3239 2846 3289 Θεοῦ
2879 3230 3208 3311 φοϐηθῆναι,
3263 3235 3352 3291 καὶ
3405 3233 3493 3290 διὰ
3521 3241 3682 3291 τοῦτο
3732 3257 3872 3311 προ-

2217 3321 2403 3377 δοῦναι
2450 3324 2572 3397 περῖ
2621 3330 2722 3392 τῆς
2767 3323 2999 3385 πίστεως
3047 3324 3245 3400 λόγους
3293 3328 3406 3400 (15)
3450 3326 3670 3394 καὶτῆς
3726 3324 3871 3393 ἀλη-

2219 3411 2364 3474 Θείας
2394 3410 2627 3483 ἀληθείᾳ
2656 3409 3012 3474 δουλεύοντας
3035 3433 3048 3446 ·
3084 3411 3145 3468 οὗ
3177 3411 3233 3468 δὲ
3268 3414 3331 3467 τὸ
3382 3412 3586 3468 λυποῦν
3643 3414 3873 3468 ὑπόνοια

2215 3502 2304 3556 καὶ
2373 3497 2539 3579 φόϐος
2595 3501 2931 3571 ἀνεξέταστος
2968 3504 3102 3575 (16),
3158 3501 3387 3578 βελτίων
3425 3500 3519 3556 τοῦ
3563 3504 3770 3578 τάχους
3830 3504 3869 3571 ἡ

2220 3591 2587 3663 μακροθυμία,
2637 3591 2725 3646 καὶ
2773 3598 2872 3660 τῆς
2919 3589 3202 3654 αὐθαδείας
3249 3594 3283 3661 ἡ
3313 3586 3700 3667 συγκατάϐασις
3734 3594 3868 3661 (17),

2215 3680 2302 3734 καὶ
2333 3679 2531 3751 πολλῷ
2560 3685 2801 3751 κρεῖττον
2841 3679 2932 3734 καὶ
2982 3678 3441 3752 λυσιτελέστερον,
3504 3680 3558 3733 ἐν
3613 3683 3691 3750 τῷ
3746 3699 3869 3732 κοι-

2214 3772 2291 3838 νῷ
2341 3771 2553 3840 σώματι
2597 3769 2884 3839 μένοντας,
2944 3768 3278 3842 καταρτίζειν
3325 3767 3611 3838 ἀλλήλους
3659 3768 3733 3828 ὡς
3765 3766 3868 3822 ἀλ-

2217 3855 2407 3927 λήλων
2468 3853 2632 3929 μέλη,
2675 3856 2763 3910 καὶ
2816 3857 3239 3933 καταρτίζεσθαι,
3287 3859 3322 3926 ἢ
3394 3856 3868 3933 προκαταγνόντας

2217 3943 2305 4000 διὰ
2342 3949 2439 4013 τῆς
2487 3945 2850 4012 ἀποστάσεως,
2899 3945 2987 4000 καὶ
3031 3945 3097 4000 τὸ
3142 3945 3448 4016 ἀξιόπιστον
3479 3950 3559 4017 τῷ
3589 3944 3871 4020 χωρισμῷ

2217 4033 2475 4096 λύσαντας
2536 4032 2718 4089 ἔπειτα
2777 4034 2824 4106 ἐξ
2884 4033 3268 4110 ἐπιτάγματος,
3329 4033 3509 4110 ὣσπερ
3549 4035 3868 4111 τυράννους,

2215 4123 2340 4178 ἀλλ’
2374 4123 2473 4177 οὐκ
2503 4119 2792 4199 ἀδελφοὺς,
2825 4124 3133 4195 νομοθετεῖν
3160 4123 3260 4191 τήν
3293 4119 3598 4198 διόρθωσίν.

458 4209 774 4262 tumaciam
809 4210 1084 4264 adhibere
1113 4212 1413 4278 convenit;
1451 4213 1752 4284 multoque
1781 4214 1992 4268 melius
2032 4219 2090 4269 et
2137 4213 2562 4269 cenducibilius
2594 4220 2704 4279 est,
2737 4218 2801 4268 ut
2831 4214 2890 4268 in
2922 4213 3223 4268 communi
3255 4228 3493 4284 corpore
3543 4218 3874 4283 manentes,

459 4300 664 4350 mutuo
698 4312 801 4349 nos
830 4296 1008 4366 ipsos,
1043 4303 1322 4368 tanquam
1355 4299 1454 4354 alii
1487 4300 1735 4355 aliorum
1772 4304 2052 4369 membra,
2077 4302 2441 4372 corrigamus
2471 4308 2645 4371 atque
2677 4300 3060 4373 corrigamur,
3095 4315 3273 4372 quam
3305 4306 3370 4356 ut
3398 4300 3740 4372 prajudicio
3772 4317 3881 4372 per

458 4382 848 4437 secessionem
881 4383 1053 4448 facto,
1087 4390 1142 4439 et
1171 4388 1519 4442 auctoritate
1553 4405 1652 4459 per
1681 4386 2106 4458 separationem
2156 4390 2394 4459 amissa,
2429 4405 2496 4444 ex
2525 4388 2712 4445 edicto
2745 4393 2967 4460 postea,
2997 4388 3153 4445 velut
3191 4388 3427 4460 tyranni
3475 4405 3541 4444 ac
3587 4405 3702 4443 non
3755 4388 3878 4443 fra-

460 4477 601 4538 tres,
635 4473 1052 4528 correctionem
1084 4473 1463 4546 imperemus.

530 4560 672 4615 ΧΧΙ.
704 4559 838 4622 Quae
876 4577 1010 4616 cum
1061 4564 1290 4634 cognita
1333 4571 1390 4618 et
1433 4564 1728 4635 explorata
1760 4565 2104 4632 habeamus,

2288 4565 2409 4621 KA'.
2443 4567 2618 4617 Ταῦτα
2661 4561 2885 4632 εἰδότες,
2943 4561 3196 4641 ἀδελφοὶ,
3252 4558 3641 4638 περιλάϐωμεν
3698 4561 3882 4632 άλλη-ι

461 4651 688 4719 fratres,
721 4649 1178 4721 complectamur
1209 4670 1314 4708 nos
1349 4660 1571 4723 mutuo,
1597 4660 1653 4709 et
1682 4655 2107 4719 exosculamur,

459 4757 490 4794 υ
503 4755 641 4794 num
657 4754 787 4793 vere
805 4739 1273 4812 et'ﬁciammur,et
1286 4743 1548 4814 eum,qui
1569 4744 1826 4799 medium
1850 4745 2108 4801 maceriae

460 4827 741 4900 parietem
774 4826 944 4883 solvit
965 4830 1031 4895 τί,
1057 4846 1120 4884 ac
1153 4847 1254 4902 per
1286 4833 1636 4904 sanguinem
1685 4850 1860 4888 suum
1911 4834 2110 4890 omnia

527 4972 570 5004 ’τί
606 4968 814 5041 Ephes.
849 4987 908 5038 II,
941 4971 1026 5026 14.

671 5109 823 5193 ρθτω
867 5113 1217 5193 γινώσκω...-
1249 5136 1375 5170 πασι
1435 5115 1815 5193 συμφέρεσθαι.
1879 5118 2103 5193 Dillius,

460 5211 484 5236 ‹‹
522 5186 604 5240 sic
637 5187 857 5252 statuo;
884 5186 1010 5241 nec
1057 5189 1385 5260 segniorem
1419 5186 1777 5260 quemquam
1827 5205 1956 5244 esse
2005 5191 2101 5244 de-

458 5260 611 5328 bere,
645 5271 819 5326 quam
872 5274 978 5328 par
1025 5255 1257 5326 sit,'nec
1310 5255 1737 5328 ferventiorem,
1773 5263 1851 5314 ita
1902 5269 1985 5327 ut,
2020 5262 2104 5317 vel

459 5329 543 5404 ob,
563 5327 852 5404 levitatem
880 5327 958 5384 ad
990 5347 1194 5404 omnes
1226 5349 1288 5388 se
1319 5337 1613 5404 aggreget,
1641 5350 1666 5380 ιι
1708 5334 1816 5404 etc.

529 5401 639 5472 (12)
671 5397 989 5474 Εὑκίνητον.
1024 5401 1085 5455 In
1120 5404 1287 5458 editis
1321 5397 1606 5474 sequitur,
1641 5398 1730 5453 καί
1763 5403 1938 5472 quod,
1973 5420 2106 5460 auc-

460 5475 686 5528 toritate
720 5471 977 5527 melioris
1010 5480 1155 5526 nota)
1187 5471 1474 5539 codicum,
1509 5471 1850 5527 delevimUs.

661 5539 940 5617 βρόδηλα·
969 5543 1143 5617 Regg.
1170 5564 1223 5616 ει,
1248 5549 1368 5615 bm,
1393 5552 1449 5599 et
1468 5550 1585 5617 tres
1608 5544 1769 5617 Colb.
1793 5540 2096 5617 πρόδηλον.

660 5610 939 5689 ’.Ᾱπάντων
966 5610 1253 5689 φοϐητέον.
1279 5610 1396 5689 Or},
1420 5616 1594 5689 ΟΟῘΞῙ,⁸
1613 5617 1659 5683 1,
1686 5610 1917 5672 πάντὼνο
1943 5610 2098 5674 Idem

452 5681 627 5759 Cois].
662 5683 712 5759 1_.
745 5681 1010 5756 Hervag.,
1039 5681 1296 5745 Οόωοθι.
1322 5681 1674 5759 εὐλαοητέον,
1699 5711 1726 5738 ‹‹
1751 5689 2094 5754 cavendum,

456 5752 822 5826 fugiendum.
847 5773 875 5802 ››

2219 4651 2369 4726 λους,
2421 4653 2894 4725 περιπτυξώμεθα,
2951 4654 3236 4727 γενώμεθα
3287 4650 3528 4728 γνησίως
3582 4647 3664 4721 ἓν,
3699 4671 3875 4722 μιμη-

2218 4744 2436 4815 σώμεθα
2463 4741 2553 4796 τὸν
2585 4741 2647 4796 τὸ
2681 4741 3004 4818 μεσότοιχον
3035 4746 3132 4797 τοῦ
3163 4745 3418 4820 φραγμοῦ
3465 4739 3727 4810 λύσαντα,
3783 4738 3877 4796 καὶ

2218 4829 2308 4886 8ιά
2359 4835 2456 4886 τοῦ
2512 4826 2742 4903 αἶ’ματος
2798 4829 2962 4886 αὐτοῦ
3018 4831 3191 4888 πάντα
3233 4829 3622 4906 συναγαγόντα,
3671 4828 3764 4884 καὶ
3794 4827 3876 4882 είς

2287 5121 2393 5192 (15)
2432 5115 2688 5192 υὲρῖ,τῆ<
2737 5114 2971 5192 πξσῖεως
3025 5114 3249 5192 λόγους.
3278 5123 3414 5189 Reg.
3452 5117 3558 5186 hu,
3607 5115 3729 5180 Or.,
3763 5120 3874 5170 etc.

2214 5184 2340 5252 τοδς
2370 5184 2757 5259 ﬁget-idcum:
2791 5184 3012 5259 λόγους.

2284 5266 2396 5335 (16)
2429 5258 2607 5335 φόϐος
2641 5255 3002 5335 ἀνεξέταστος.
3033 5282 3061 5310 ‹‹
3095 5261 3281 5335 μείρει
3305 5275 3430 5335 non
3458 5258 3623 5335 satis
3675 5255 3874 5335 enplo-

2215 5328 2397 5402 ratus,
2427 5333 2547 5404 qui,
2574 5352 2597 5380 η
2641 5339 2700 5384 ut
2732 5331 2809 5384 ait
2841 5332 3060 5404 optime
3093 5329 3517 5404 BasilnScholq
3543 5328 3872 5404 «instituta

2211 5395 2729 5473 iniaiuisit'inne,7est
2759 5395 3141 5473 depellendus
3176 5422 3188 5459 :
3218 5426 3246 5453 υ
3266 5401 3323 5457 ὅν
3348 5398 3554 5467 ὃιάτῆς
3584 5395 3867 5473 ἐμμελοῦς

2210 5470 2492 5547 ἐξετάσεως
2516 5470 2851 5547 ἐκϐλητέονξ
2870 5472 3074 5531 Billius
3098 5493 3110 5528 :
3139 5498 3168 5525 «
3199 5476 3489 5544 timorque
3523 5470 3704 5525 nullis
3734 5486 3864 5524 cer-

2210 5546 2283 5605 tis
2316 5546 3025 5621 argumentisinnixus_.__n
3129 5585 3191 5621 ~_
3260 5617 3274 5621 _
3328 5615 3340 5621 _
3531 5614 3545 5621 _
3659 5611 3669 5620 .
3749 5611 3758 5619 .

2279 5614 2846 5692 (17)”).Zuyxazaiﬁaaic.
2883 5616 3154 5692 Billius,_«
3177 5615 3490 5692 indulgens
3514 5614 3858 5668 demissio.»

2206 5687 2629 5750 Leuvenklaius
2662 5687 2729 5744 ia
2763 5687 2822 5744 in
2853 5687 3228 5745 concordiam
3262 5687 3488 5744 reditio.
3517 5707 3547 5735 υ
