4244 6216
446 416 557 472 ’751

1683 408 1745 463 S.
1796 404 2160 463 GREGORII
2209 407 2311 464 ΤΗ
2325 408 2606 468 EOLOGI

3729 406 3858 463 ’752

446 550 635 598 tactus
666 547 723 595 et
749 535 1287 607 comprehensionis
1329 552 1552 606 expers,
1578 535 1905 590 secundum
1954 551 2086 589 vero

2203 556 2284 605 σα,
2317 537 2415 603 την
2451 538 2543 608 μὲν
2576 541 2653 609 τῷ
2682 538 2903 611 πρώτῳ,
2951 537 3051 605 τὴν
3099 534 3156 590 δὲ
3200 540 3278 606 τῷ
3332 532 3566 610 δευτέρῳ
3617 531 3866 609 διειργο-

448 632 712 686 ordinem
737 627 835 697 qui
857 627 915 679 in
940 641 1000 681 se
1023 630 1130 689 est,
1148 624 1259 679 sibi
1292 623 1399 678 soli
1422 624 1671 693 cognita,
1696 624 1864 678 nobis
1895 629 2091 678 tamen

446 736 515 774 ex
534 734 697 788 inquo
719 714 1047 769 veneranda
1071 718 1127 767 et
1154 713 1471 775 adoranda,
1493 711 1616 767 sola
1636 713 1808 766 etiam
1835 713 1893 766 in
1917 714 2092 768 Sanc-

445 812 506 860 ta
536 808 870 860 sanctorum
898 806 1229 872 penetrans,
1254 817 1346 855 res
1378 806 1571 854 autem
1594 816 1799 854 omnes
1825 801 2091 856 conditas

446 894 589 948 foris
636 891 991 961 relinquens,
1024 888 1168 944 alias
1225 889 1413 959 primo
1461 888 1606 956 velo,
1639 888 1786 943 alias
1835 890 2091 944 secundo

444 980 791 1037 interclusas
822 987 994 1049 alque
1025 978 1382 1048 diremptae:
1421 976 1608 1047 primo
1641 977 1944 1046 nimirum,
1977 995 2089 1033 cce-

444 1070 622 1125 lestes
675 1074 732 1123 et
785 1065 1079 1138 angelicas
1128 1083 1161 1120 a
1210 1066 1440 1135 deitate,
1491 1064 1669 1120 altero
1712 1082 1866 1131 vero,
1918 1074 2089 1122 natu-

444 1174 569 1212 ram
605 1162 865 1212 nostram
914 1174 946 1209 a
994 1153 1349 1209 coelestibus.
1381 1154 1527 1220 Haec,
1559 1152 1789 1223 fratres,
1822 1171 2091 1227 agamus,

446 1247 555 1303 hoc
586 1245 782 1301 animo
816 1243 1004 1298 simus
1036 1268 1051 1309 ;
1093 1260 1327 1313 eosque,
1364 1242 1463 1313 qui
1496 1242 1663 1297 aliter
1711 1245 1992 1314 sentiunt,
2029 1251 2093 1300 ut

442 1336 703 1390 veritatis
725 1334 916 1388 labem
938 1338 994 1386 et
1022 1331 1432 1403 corruptelam,
1457 1332 1646 1402 quoad
1686 1332 1924 1403 quidem
1956 1333 2093 1389 lice-

445 1423 551 1489 bit,
585 1435 963 1476 assumamus
993 1422 1168 1489 atque
1212 1435 1514 1484 curemus;
1560 1417 1866 1472 incurabili
1900 1424 2094 1474 autem

446 1511 649 1566 morbo
683 1509 1014 1564 laborantes
1052 1523 1388 1562 aversemur
1412 1524 1423 1561 :
1451 1523 1522 1561 ne
1566 1506 1787 1577 alioqui
1818 1508 2091 1564 morbum

445 1615 645 1654 eorum
706 1604 840 1652 ante
897 1596 1333 1661 contrahemus,
1368 1612 1541 1665 quam
1596 1594 1713 1651 illis
1770 1596 2083 1652 sanitatem
2133 1604 2393 1656 nostram
2453 1601 2882 1674 impertiamus.
2923 1604 3001 1656 Ac
3056 1604 3208 1658 Deus
3269 1603 3427 1674 pacis
3448 1604 3512 1668 ⁸ο,

2208 625 2372 695 μὲνην
2413 625 2859 698 ματαπετάσματι
2884 644 2897 657 ⁸
2932 626 3136 700 πρώτῳ
3171 625 3265 697 μὲν
3320 625 3418 693 τὴν
3465 622 3717 699 οὐράνιον
3770 624 3864 676 καὶ

2202 712 2501 786 ἀγγελικὴν
2536 715 2639 769 ἀπὸ
2669 722 2768 783 τῆς
2800 714 3075 784 θεότητος,
3111 711 3342 788 δευτέρῳ
3393 710 3449 766 δὲ
3498 714 3596 781 τὴν
3652 713 3863 783 ἡμετὶ-

2202 820 2294 875 ραν
2348 801 2453 856 ἀπὸ
2497 808 2603 857 τῶν
2652 803 2935 878 οὐρανίων.
2984 809 3157 857 Ταῦτα
3224 798 3571 879 πράσσωμεν,
3620 803 3709 856 καὶ
3765 802 3860 855 οὓ-

2198 911 2307 951 τως
2357 890 2596 966 ἔχωμεν,
2646 890 2894 969 ἀδελφοὶ,
2944 891 3033 947 καὶ
3081 890 3205 953 τοὺς
3260 891 3457 963 ἑτέρως
3499 894 3861 967 φρονοῦντας,

2201 978 2273 1039 ὡς
2306 976 2488 1052 λύμην
2521 984 2637 1051 (33)
2663 988 2763 1049 τῆς
2791 980 3074 1051 ἀληθείας,
3124 977 3229 1041 ἕως
3262 1002 3355 1052 μεν
3411 978 3469 1033 ἂν
3606 976 3859 1047 δυνατὸν,

2200 1062 2759 1141 προσλαμϐανώμεθα
2821 1068 2909 1122 καὶ
2995 1067 3422 1143 Θεραπεῦωμεν·
3504 1065 3734 1127 ἀνιάτως
3816 1062 3869 1118 δ’

2204 1150 2427 1229 ἔχοντας
2486 1159 2597 1231 (34)
2655 1158 3142 1232 ἀποστρεφώμεθα,
3194 1158 3267 1229 μὴ
3320 1162 3420 1225 τῆς
3476 1155 3634 1209 νόσου
3697 1174 3865 1227 μετα-

2204 1239 2460 1317 λάϐωμεν
2511 1245 2634 1319 πρὶν
2687 1243 3005 1318 μεταδοῦναι
3054 1252 3151 1313 τῆς
3210 1246 3409 1299 ἑαυτῶν
3468 1243 3707 1319 ὑγιείας’
3770 1245 3867 1297 καὶ

2204 1333 2231 1386 ὁ
2262 1333 2393 1395 Θεὸς
2440 1337 2538 1403 τῆς
2589 1334 2810 1408 εἰρήνης
2862 1330 3009 1388 ἔσται
3052 1336 3166 1406 μεθ’
3196 1336 3356 1406 ἡμῶν
3390 1336 3524 1404 (35),
3557 1338 3656 1401 τῆς
3686 1333 3862 1385 πάντα

2202 1425 2324 1475 νοῦν
2355 1422 2730 1498 ὑπερεχούσης
2762 1422 2814 1478 ἐν
2847 1428 3059 1497 Χριστῷ
3087 1426 3266 1491 Ἰησοῦ
3310 1427 3389 1494 τῷ
3440 1422 3623 1497 Κυρίῳ
3671 1424 3865 1494 ἡμῶν.

2206 1510 2265 1563 Ἀ
2279 1512 2386 1581 μήν
2410 1514 2542 1584 (36).

3575 1601 3733 1655 illius
3766 1601 3863 1654 in-

446 1705 623 1760 quam
683 1686 844 1758 pacis
902 1702 1027 1757 quae
1088 1683 1451 1739 intellectum
1500 1700 1735 1739 omnem
1782 1692 2093 1757 exsuperat
2128 1689 2526 1757 “,nohiscum
2578 1691 2705 1760 erit,
2741 1692 2798 1747 in
2849 1691 3077 1748 Christo
3134 1692 3272 1747 Jesu
3331 1691 3577 1747 Domino
3636 1694 3862 1761 nostro.

444 1782 657 1831 Amen.

515 1902 560 1936 ⁸ο
591 1900 639 1956 ΙΙ
668 1899 796 1955 Cor.
828 1915 951 1964 xm,
988 1899 1072 1952 11.
1148 1898 1190 1932 ⁸¹
1225 1896 1479 1969 Philipp.
1519 1914 1593 1964 1v,
1674 1939 1687 1951 .

516 2028 627 2097 (33)
662 2023 875 2097 Δύμην.
913 2026 1051 2096 Reg.
1087 2025 1206 2091 han,
1241 2021 1467 2095 λοίμην.

544 2091 637 2187 ἐξ)
669 2098 723 2187 ελί
747 2091 1213 2187 tiens-Ege
1251 2091 1369 2187 bus;
1403 2091 1506 2162 δαν
1539 2095 1641 2187 ονε
1670 2091 1726 2147 δὲ

544 2170 632 2237 35)
666 2167 1011 2239 Μεθ’-ἡμῶν.
1044 2167 1137 2222 Sic
1168 2167 1285 2223 tres
1318 2168 1495 2240 Regg.
1531 2185 1596 2224 ac
1627 2173 1742 2223 tres
1775 2167 1931 2223 Colh.
1964 2169 2094 2225 Par.

455 2242 572 2312 μεθ’
603 2239 753 2309 ὑμῶν
766 2285 778 2295 .

2280 2028 2390 2099 (36)
2421 2028 2619 2099 Η¹μῶν.
2650 2030 2852 2101 Ἀμήν.
2884 2030 2979 2086 Sic
3009 2031 3289 2086 desinunt
3317 2029 3578 2101 plerique
3604 2029 3865 2101 codices,

2208 2098 2301 2172 his
2329 2098 2568 2172 omissis
2601 2098 2730 2172 quae
2776 2102 2833 2156 in
2886 2107 3015 2157 Par.
3050 2104 3189 2157 edit.
3242 2098 3517 2172 leguntur
3548 2119 3561 2155 :
3592 2099 3636 2172 ᾧ
3668 2102 3703 2167 ἡ
3736 2098 3865 2171 δόξα

2209 2168 2284 2231 εἷς
2315 2170 2439 2246 τσὺς
2482 2168 2677 2233 «ista;
2706 2176 2812 2226 τῶν
2845 2172 3086 2241 αἰώνων,
3117 2198 3144 2224 ‹‹
3180 2176 3274 2228 cui
3300 2168 3491 2246 gloria
3538 2168 3619 2227 in'
3648 2168 3868 2229 saecula

2210 2242 2556 2299 seculorum
2609 2267 2636 2293 υ

1188 2499 1338 2555 ³⁸⁵
1404 2508 1963 2598 MONITUM
2021 2512 2132 2596 IN
2194 2512 2874 2602 ORATIONEM
2932 2516 3126 2600 VIl.

530 2794 574 2852 l.
623 2791 969 2875 Caesarius,
1028 2790 1208 2868 cujus
1264 2790 1600 2875 immatura
1647 2810 1828 2875 _mors
1882 2798 1975 2852 est
2038 2794 2396 2872 praacipuus
2452 2795 2630 2856 istius
2687 2797 2987 2858 orationis
3044 2817 3310 2875 scopus,
3388 2804 3523 2858 erat
3581 2796 3867 2873 Gregorii

446 2872 751 2955 Theologi
802 2872 1021 2955 {reteri
1059 2877 1233 2955 natu
1268 2871 1599 2955 minimus._
1646 2873 1709 2955 Is
1760 2871 2268 2955 paterna’domo
2330 2895 2455 2934 una
2508 2896 2650 2936 cum
2703 2880 3026 2955 Gregorio,
3062 2871 3415 2938 stu-diorum
3466 2897 3676 2947 causa,
3710 2871 3861 2954 pro-

447 2954 670 3024 fectus,
734 2951 948 3036 relicto
1007 2951 1067 3036 in
1129 2952 1458 3036 Palestina:
1516 2952 1747 3011 scholis
1805 2953 2034 3036 fratre,
2108 2955 2555 3036 Alexandriam
2616 2958 2794 3036 petiit
2828 2951 2937 3034 '(n.
2997 2961 3079 3033 6;.
3142 2958 3275 3018 Illic
3333 2960 3521 3019 breve
3580 2951 3865 3035 tempore

449 3051 587 3120 eam
652 3031 1242 3120 mathematicarum
1296 3033 1522 3120 artium
1585 3050 1656 3120 a_c
1707 3033 1974 3120 medicae
2033 3034 2474 3120 p_e_r_itiam__est
2530 3031 2795 3115 adeptus
2843 3031 2930 3120 (n.
2980 3037 3085 3120 8),,
3119 3058 3309 3120 quam
3369 3047 3588 3117 postea
3651 3063 3677 3093 (ι
3711 3031 3861 3120 urbs

449 3113 742 3196 princeps
802 3136 830 3165 ››
922 3112 1498 3196 Constantinopolis
1554 3113 1903 3196 admirata,
1978 3115 2245 3191 publicis
2302 3112 2677 3194 dignitatum
2738 3112 3162 3191 ornamentis,
3226 3112 3485 3196 ipsoque
3542 3118 3857 3178 senatorio

451 3191 651 3275 gradu
712 3191 1023 3275 honorare
1081 3193 1296 3275 voluit,
1357 3195 1585 3275 Verum
1646 3194 1988 3275 Caesarius,
2076 3196 2302 3273 spretis
2362 3191 2455 3256 his
2512 3198 2802 3257 omnibus
2862 3199 3172 3258 honorum
3232 3191 3467 3271 titulis,
3554 3201 3853 3275 Gregorio

452 3272 631 3357 fratri
686 3290 840 3357 suo,
904 3271 1011 3346 qui
1067 3271 1329 3332 Athenis
1386 3274 1739 3350 digressus,
1799 3274 1862 3332 in
1924 3271 2359 3335 hanc—urbem
2419 3284 2697 3350 venerat,
2757 3280 2995 3339 itineris
3047 3279 3286 3338 socium
3339 3297 3403 3339 se
3459 3271 3854 3357 adiungens,

451 3356 519 3412 in
581 3352 849 3429 patriam
907 3370 1189 3411 reversus
1246 3358 1359 3412 est.
1767 3400 1773 3405 .

529 3432 605 3491 II.
664 3438 825 3516 lium
880 3438 1095 3516 autem
1135 3432 1239 3516 ibi
1296 3431 1665 3516 aliquandiu
1723 3438 2001 3516 moratus
2050 3440 2257 3516 esset,
2332 3435 2477 3496 inde
2550 3437 2778 3497 iterum
2837 3437 3447 3516 Constantinopolim
3524 3445 3853 3516 repetens,

457 3535 485 3568 (‹
535 3511 746 3595 statim
802 3511 1073 3595 primum
1131 3512 1318 3595 inter_
1354 3512 1628 3595 medicos
1685 3513 1949 3595 gradum
1985 3513 2327 3595 obtinuit,
2371 3524 2558 3595 atque
2616 3518 2681 3577 in
2737 3518 3088 3578 amicorum
3147 3511 3408 3578 numero
3466 3511 3635 3595 apud
3690 3522 3853 3577 Con-

448 3593 748 3677 stantium
797 3592 1253 3677 imperatorem
1305 3590 1581 3677 habitus,
1631 3591 2031 3677 amplissimis
2086 3590 2580 3677 honoribus—est
2636 3600 2994 3659 cumulatus
3053 3599 3139 3676 (η.
3199 3598 3317 3677 10).
3354 3619 3383 3654 υ
3448 3590 3571 3657 Nec
3628 3599 3852 3657 minori

447 3673 508 3732 in
573 3671 772 3753 pretio
828 3671 946 3753 fuit
999 3672 1166 3750 apud
1222 3670 1582 3753 Julianum,
1666 3672 1815 3753 qui,
1898 3672 2042 3732 licet
2109 3673 2440 3753 plerosque
2496 3677 2837 3738 decessoris
2892 3679 2989 3738 sui
3045 3670 3393 3739 Constantii
3451 3678 3853 3737 administros

446 3750 657 3812 valere
706 3750 1016 3837 jussisset,
1066 3751 1401 3837 Cresariu_m
1457 3751 1945 3837 _tamen__libere_
1979 3770 2051 3837 ac
2109 3750 2357 3832 publice
2416 3775 2628 3817 coram
2677 3760 2980 3837 Apostata
3030 3758 3257 3818 Christi
3317 3759 3501 3817 ﬁdem
3563 3758 3857 3836 profiten-

446 3840 572 3893 tem
617 3832 1263 3915 _nullatenusgejecit.
1311 3831 1549 3892 Clarior
1583 3831 1851 3915 adhuc,
1913 3831 2216 3915 Joviano,
2277 3854 2349 3895 ac
2407 3837 2669 3897 subinde
2726 3831 3165 3899 Valentiniano
3225 3844 3286 3900 et
3336 3831 3596 3899 Valente
3655 3839 3851 3915 impe-

448 3912 768 3999 rantibus,
806 3914 1087 3999 Aexstitit.
1152 3914 1453 3990 Majorum
1516 3912 2154 3999 etiam___diguital.um
2214 3916 2393 3992 quasi
2469 3917 2843 3999 praeludium
2904 3926 3041 3980 erat
3117 3921 3526 3999 praefectura,
3611 3912 3761 3995 qua'
3793 3918 3853 3977 in

448 3995 741 4072 Bithynia
798 3994 1215 4075 fungebatur,
1296 4010 1436 4075 cum
1495 3992 1643 4051 urbs
1700 3992 1951 4075 Nicaeus
2006 3999 2189 4075 terrae
2249 4003 2420 4055 motu
2470 3992 2779 4058 subversa
2835 4006 2946 4060 est.
3008 4002 3073 4059 In
3117 3992 3251 4059 'hac
3306 3992 3662 4059 calamitate
3721 3998 3853 4075 ipse

451 4092 610 4158 pene
658 4074 1157 4158 oppressus_fuit
1197 4074 1537 4158 Caesarius.
1589 4077 1667 4132 At
1722 4073 1917 4158 («ipsa
1962 4074 2164 4158 ruina,
2201 4098 2229 4129 ››
2294 4077 2520 4136 rectius
2566 4077 2853 4152 dixerim,
2906 4080 3120 4139 divina
3167 4081 3397 4139 virtute
3448 4102 3473 4132 α
3512 4073 3850 4158 protectus,

452 4154 621 4213 solus
679 4155 1132 4230 propemodum
1194 4154 1526 4213 incolumis
1580 4152 1775 4212 evasit
1834 4153 1920 4231 (η.
1984 4154 2103 4231 15).
2148 4175 2177 4211 ι)

534 4231 955 4311 ΙΙΙρ-Ιηὶθιθθθ.
1014 4241 1301 4311 parentes
1353 4240 1410 4293 et
1465 4233 1691 4303 amici,
1781 4233 1889 4308 qui
1947 4240 2205 4293 moleste
2260 4235 2543 4296 ferebant
2601 4245 2730 4297 tam
2804 4240 3112 4299 illustrem
3185 4239 3461 4298 animam
3519 4238 3580 4297 in
3641 4237 3854 4297 saeculi

453 4307 723 4396 negotiis
781 4307 1034 4396 versari,
1085 4320 1336 4396 arrepta
1394 4314 1583 4391 hujus
1640 4307 1821 4373 terrae
1898 4319 2102 4373 motus
2146 4315 2497 4389 occasione,
2566 4335 2734 4387 eum,
2790 4328 2856 4379 ut
2904 4320 3068 4379 aulae
3117 4337 3189 4378 ac
3237 4318 3647 4396 dignitatibus
3695 4319 3861 4376 vale-

450 4391 704 4478 diceret,
771 4392 1197 4478 vehementius
1254 4394 1501 4478 hortari
1551 4398 1900 4478 cqeperuut.
1962 4396 2188 4478 Eorum
2246 4398 2407 4478 votis
2460 4399 2681 4478 annuit
2737 4398 3062 4471 Caesarius,
3122 4391 3337 4478 sequo;
3370 4402 3582 4459 aulam
3638 4398 3856 4456 dereli-

453 4477 723 4541 cturum,
786 4488 896 4548 per
953 4471 1191 4531 litteras
1249 4473 1547 4548 Gregorio
1605 4472 1781 4532 fratri
1834 4472 2230 4549 signiﬁcavit.
2293 4476 2435 4548 Sed,
2499 4476 2670 4537 heu!
2733 4480 2994 4539 nimium
3054 4480 3177 4539 cita
3213 4471 3402 4539 'mors
3460 4497 3537 4538 ex
3592 4478 3854 4537 adverso

450 4548 747 4635 occurrit,
806 4556 867 4610 et
924 4550 1031 4635 qui
1115 4575 1145 4603 «
1201 4558 1384 4635 terrae
1444 4556 1628 4635 motu
1667 4548 1958 4635 superior
2012 4555 2236 4635 fuerat,
2299 4556 2514 4615 morbo
2576 4576 2699 4617 non
2759 4559 2948 4632 item,
3008 4583 3038 4614 ››
3123 4565 3191 4619 ut
3246 4559 3461 4619 scribit
3521 4559 3853 4635 Gregorius

452 4630 656 4711 (ibid.)
691 4646 707 4701 ;
760 4647 833 4688 ex
867 4630 1095 4711 quibus
1125 4630 1426 4711 colligunt
1456 4630 1683 4689 eruditi
1728 4632 1891 4706 (Bar.
1950 4634 2050 4692 ad.
2105 4653 2207 4694 an.
2261 4636 2417 4709 368;
2474 4636 2761 4697 Bolland.
2815 4640 2894 4699 ad
2936 4630 3107 4700 diem
3138 4641 3213 4700 25
3246 4639 3471 4710 Febr.;
3517 4630 3856 4698 'l‘illémon-

450 4709 623 4801 tius),
681 4728 807 4801 non
867 4710 985 4770 nisi
1043 4709 1473 4770 brevissimum
1532 4711 1834 4787 temporis
1889 4714 2186 4790 spatium,
2243 4715 2407 4775 inter
2463 4722 2645 4778 terrae
2706 4726 2942 4779 motum
3000 4726 3063 4779 et
3118 4719 3366 4781 Caesarii
3427 4724 3712 4790 mortem,
3767 4718 3859 4777 in-

450 4797 828 4851 tercessisse.

530 4870 631 4958 I_V.
680 4873 823 4958 Haec
881 4874 1048 4958 sunt,
1108 4867 1334 4958 quibus
1392 4867 1763 4958 Gregorius-
1785 4872 2059 4958 oratorie
2113 4874 2787 4958 ampliﬁcatis,_suum
2845 4877 3040 4956 ipsius
3097 4886 3159 4939 et
3218 4879 3462 4958 piorum
3524 4884 3855 4956 parentum

453 4949 736 5036 dolorem
795 4948 967 5036 lenit
1006 4949 1437 5036 ac__suhleva_t.
1473 4952 1665 5036 inter
1722 4951 2138 5036 Gregorianas
2190 4948 2504 5015 orationes
2561 4955 2725 5016 hanc
2781 4948 3134 5036 specialiter
3206 4948 3855 5033 accensa-Hierony-

457 5048 593 5115 nius
623 5029 770 5115 ρης
829 5028 1175 5115 Verisimile
1231 5038 1324 5089 est
1384 5030 1903 5115 habitam‘fuisse
1949 5034 2161 5093 statim
2219 5045 2360 5112 post
2412 5038 2664 5096 (starii
2712 5028 2981 5109 obitum,
3027 5040 3090 5098 id
3146 5046 3260 5109 est,
3315 5058 3457 5098 cum
3517 5038 3651 5115 ejus
3703 5028 3857 5095 exuo

453 5110 586 5198 viae
626 5110 1028 5198 ΝιηὶειῃειιωΔ
1061 5111 1469 5198 devectm,_in
1528 5110 1885 5198 sepulchro,
1937 5116 2105 5198 quod
2155 5110 2273 5175 sibi
2328 5116 2479 5193 ipsis
2531 5128 2821 5193 parentes
2881 5121 3148 5195 longaevi
3197 5110 3567 5198 opportune
3602 5134 3856 5195 parave-

453 5195 616 5260 rant,
678 5189 944 5250 condita:
1001 5189 1274 5252 fuerunt.
1335 5194 1469 5252 Non
1530 5192 1694 5251 enim
1750 5190 1815 5250 in
1876 5193 2078 5269 patria
2133 5213 2247 5254 sua
2307 5189 2588 5256 mortuus
2641 5205 2733 5257 est
2789 5189 3113 5267 Caesarius,
3168 5189 3621 5260 utucontendit
3669 5199 3855 5257 Baro—

452 5270 613 5351 nius.
674 5270 743 5331 1d
799 5276 1009 5330 autem
1070 5291 1381 5351 nusquam
1442 5271 1690 5349 legitur.
1751 5271 1987 5332 Idcirco
2062 5273 2195 5334 haec
2254 5276 2533 5337 funebris
2589 5277 2791 5338 oratio
2848 5279 2911 5337 in
2970 5298 3134 5340 anno
3193 5280 3310 5340 368
3367 5283 3675 5343 exeunte,
3760 5276 3856 5335 vel

451 5349 660 5439 potius
736 5350 992 5439 ineunte
1073 5349 1237 5439 369—,
1325 5351 1694 5439 collocanda
1774 5350 2061 5412 videtur.
2146 5356 2304 5439 piam
2399 5362 2595 5439 terra;
2668 5363 2919 5430 motus,
2990 5366 3158 5439 post
3242 5377 3429 5439 quem
3516 5357 3855 5418 Caesarium

447 5430 674 5491 obiisse
731 5431 1050 5502 diximus,
1112 5432 1274 5493 idem
1350 5433 1483 5509 ipse
1561 5437 1700 5501 est,
1779 5450 1967 5509 quem
2026 5451 2065 5492 v
2146 5435 2293 5495 Idus
2349 5436 2675 5509 Octobris,
2756 5430 3196 5500 Valentiniano
3263 5430 3329 5500 et
3390 5438 3648 5498 Valente
3705 5456 3854 5496 con-

446 5511 733 5649 suiilpus,
811 5512 875 5570 in
931 5511 1221 5588 Bithynia
1279 5511 1612 5587 contigisse
1672 5518 1885 5571 narrat
1945 5515 2234 5574 Socrates
2287 5514 2409 5594 (38)
2459 5534 2474 5588 ;
2553 5517 2718 5595 quod
2777 5519 2839 5577 in
2898 5538 3133 5579 annum
3191 5520 3514 5598 vulgarem
3576 5518 3695 5578 368
3752 5535 3851 5577 re-

449 5611 519 5649 cu
552 5611 567 5649 1
609 5640 616 5647 .

449 5611 616 5650 Cl‘llt.

519 5719 629 5787 {37‘}
667 5718 733 5769 Dc
765 5716 962 5785 Script.
997 5718 1155 5783 εδει,
1188 5720 1325 5773 edit.
1362 5717 1536 5772 Basil.
1574 5718 1731 5785 1529,
1765 5735 1820 5788 ρ.
1857 5719 1977 5773 149.

2203 5724 2271 5794 l8)
2305 5725 2440 5780 Hist.
2475 5722 2513 5778 l.
2546 5742 2620 5794 ιν,
2650 5742 2698 5781 c.
2734 5728 2818 5783 11.
