4244 6216
423 433 543 493 753
1225 432 1514 493 ORATIO
1560 432 1691 492 VII.
1725 464 1803 476 —
1838 432 1915 492 IN
1968 432 2284 493 LAUDEM
2334 434 2666 497 CIESARII
2715 437 3069 497 FRATHIS.
3714 443 3834 500 754

508 570 669 625 198
716 565 997 651 V._Sunt
1044 564 1106 623 in
1137 564 1290 651 _hac‘
1320 564 1603 651 oratione
1655 564 1957 651 nonnulla
2013 582 2045 622 a
2102 564 2423 651 Theologo
2481 568 2897 651 relatayquae
2954 569 3214 651 eruditis
3260 570 3548 630 nonnihil
3596 574 3836 651 negotii

423 646 763 729 facessunt.
816 644 1056 729 Etenim
1118 645 1194 729 de
1253 645 1520 705 Caesario
1577 645 2252 729 loquensGrcgorius,
2304 648 2438 705 ait:
2507 672 2534 699 ‹‹
2586 650 2652 707 In
2714 649 3009 727 Bithynia
3066 650 3354 727 degebat,
3394 644 3832 729 preefectui'am

425 726 507 811 ab
563 726 944 811 imperatore
993 724 1162 784 haud
1215 730 1593 803 postremam
1645 724 2255 811 administrans.__Ea
2310 730 2521 811 autem
2580 735 2721 811 erat
2762 724 3011 811 exigere
3050 724 3173 811 pro
3226 724 3607 808 imperatore
3638 752 3829 811 pecu-

421 805 581 888 nias,
634 824 706 865 ac
754 805 1213 888 thesaurorum
1244 823 1459 888 curam
1506 822 1720 881 gerere
1766 803 1963 883 (ibid).
2003 828 2032 858 »
2098 805 2350 888 Haerent
2398 804 2500 864 hic
2550 808 2799 883 eruditi,
2851 803 2914 868 et
2962 803 3254 870 dubitant
3303 803 3657 888 quamnam'
3692 813 3829 874 haec

421 885 1111 968 verbagpraefecturam
1168 885 1566 968 significent;
1630 902 1776 942 num
1844 906 1872 939 ‹‹
1924 886 2254 960 quaestoris
2316 903 2562 968 munus,
2620 908 2649 943 ι)
2709 895 2785 947 .ut
2841 888 3059 948 Billius
3116 885 3614 968 interpretatur;
3677 912 3825 954 num

425 966 846 1026 «comitivam
906 983 1228 1026 sacrarum
1277 965 1707 1042 largitionum,
1741 986 1769 1019 »
1827 971 1937 1023 aut
1994 987 2021 1017 α
2066 982 2273 1024 rerum
2332 966 2716 1043 privatarum
2768 992 2795 1022 ι»
2856 968 3140 1042 alteram,
3202 965 3647 1032 ut_contendit
3704 976 3825 1034 Go-

422 1046 748 1106 thofredus
778 1044 950 1124 (39);
1014 1064 1163 1104 num
1224 1046 1493 1122 denique
1555 1044 1961 1121 «simplicem
1995 1067 2025 1097 »
2088 1045 2149 1103 in
2208 1062 2282 1104 ea
2340 1046 2660 1123 provincia
2722 1050 3244 1125 «praefectum,»
3307 1052 3403 1111 vel
3467 1077 3494 1105 «
3529 1053 3823 1114 comitem

424 1126 889 1195 thesaurorum,
926 1149 955 1180 ιι
1014 1126 1123 1203 qui
1178 1125 1293 1183 sub
1350 1126 1579 1185 illustri
1634 1125 1767 1184 viro
1824 1125 2052 1184 comite
2101 1142 2421 1185 sacrarum
2482 1126 2889 1204 largitionum
2948 1135 3132 1202 esset,
3182 1136 3251 1189 ut
3305 1131 3525 1191 volunt
3571 1133 3825 1193 Bollan-

419 1206 598 1266 distee
632 1205 751 1285 (40)
810 1223 882 1265 ac
937 1205 1394 1265 Tillemontius.

501 1289 602 1345 VI.
640 1283 840 1344 'Nihil
906 1292 1071 1345 certe
1144 1285 1670 1357 immorabimur,
1751 1290 1820 1343 ut
1872 1283 2035 1342 hanc
2111 1283 2274 1343 Billii
2329 1285 2912 1363 interpretationem
2972 1305 2986 1345 :
3082 1310 3112 1341 «
3168 1289 3508 1359 Quaestoris
3568 1310 3825 1353 munere

420 1365 822 1443 fungebatur,
857 1387 886 1418 »
948 1364 1329 1425 refellamus.
1390 1364 1659 1436 Etenim,
1724 1370 1790 1423 ut
1847 1363 2137 1447 observat
2196 1364 2636 1437 Gothofredus,
2702 1367 3091 1444 «quaestoris
3139 1370 3564 1447 appellatione
3612 1372 3827 1433 Graeca

417 1463 590 1528 vox,_
625 1450 923 1524 ταμιεὺειν,
974 1463 1305 1523 perperam
1364 1447 1483 1505 hoc
1532 1463 1663 1528 aevo
1714 1444 2105 1528 esprimitur,
2158 1462 2297 1522 qum
2343 1452 2620 1528 qumstor
2666 1464 2816 1528 non,
2869 1454 2934 1507 ut
2982 1444 3343 1521 olimferat
3388 1452 3494 1528 qui
3542 1453 3824 1528 pecuniae

417 1523 706 1608 publicae
750 1532 1016 1604 praeerat
1050 1545 1078 1608 ;_
1127 1543 1343 1608 verum
1406 1544 1589 1603 quem
1643 1523 1836 1608 hodie
1896 1524 2087 1608 ferme
2146 1525 2588 1608 cancellarium
2645 1526 2933 1608 dicimus,
2992 1546 3181 1605 penes
3229 1523 3421 1608 quem
3476 1523 3686 1607 legum
3738 1532 3825 1592 di-

420 1606 761 1687 cendorum
821 1606 1307 1687 proprincipe,
1355 1612 1416 1665 et
1469 1605 1914 1687 rescriptorum
1975 1604 2055 1663 ad
2110 1622 2322 1687 preces
2380 1605 2733 1687 supplicum
2785 1607 2890 1685 jus
2943 1604 3095 1680 erat,
3160 1604 3456 1687 ubpalet
3511 1604 3587 1669 ei
3647 1611 3825 1672 Clau-

417 1686 608 1745 diano
667 1694 728 1745 et
784 1683 1010 1745 notitia
1065 1685 1336 1763 imperii.
1389 1710 1418 1741 »
1482 1685 1649 1744 Nihil
1704 1683 1890 1745 etiam
1953 1686 2079 1744 fere
2137 1685 2211 1744 de
2271 1683 2659 1757 Gothofredi,
2720 1683 3249 1748 Bollandistarum
3286 1683 3383 1749 'ac
3441 1691 3822 1752 Tillemontii

415 1766 713 1844 opinione
786 1766 1087 1826 dicemus.
1168 1768 1359 1826 Suam
1427 1766 1692 1843 quisque
1765 1765 2135 1824 sententiam
2214 1766 2400 1824 variis
2457 1767 2789 1826 momentis
2862 1768 3232 1829 conﬁrmare
3290 1770 3527 1830 nititur.
3592 1772 3817 1832 Verum

410 1865 537 1905 non
600 1865 896 1924 magnum
954 1852 1048 1906 est
1106 1845 1397 1922 utrinque
1458 1846 1769 1904 rationum
1830 1845 2075 1922 pondus
2133 1863 2205 1904 ac
2263 1845 2545 1905 ﬁrmitas.
2608 1848 2745 1924 ipse
2801 1848 3183 1908 clarissimus
3238 1851 3330 1908 vir
3385 1851 3821 1912 'l‘illemontius

412 1926 668 1997 fatetur,
728 1930 951 1986 harum
1011 1925 1357 2003 quamlibet
1411 1925 1814 2003 dignitatum,
1870 1925 2150 2002 Gregorii
2208 1926 2434 1995 verbis,
2497 1927 2837 2004 signiﬁcari
2896 1946 3121 2005 posse;
3184 1936 3373 2005 atque
3431 1932 3619 1991 etiam
3678 1952 3819 1992 cum

414 2006 783 2066 Gothofredi
836 2006 1131 2084 opinione
1189 2006 1412 2064 mirum
1471 2008 1534 2065 in
1594 2005 1850 2064 modum
1909 2004 2281 2075 consentire,
2341 2007 2508 2083 quod
2570 2007 2657 2066 ait
2714 2004 3046 2083 Gregorius
3095 2030 3107 2070 :
3169 2031 3195 2062 α
3248 2004 3638 2071 Provinciam
3700 2014 3819 2072 sci-

412 2085 559 2146 licet
617 2086 885 2147 Caesario
943 2086 1264 2156 creditam,
1330 2105 1453 2144 non
1512 2092 1896 2163 postremum
1955 2086 2117 2145 inter
2174 2084 2420 2162 imperii
2474 2086 2811 2163 dignitates
2868 2088 3073 2147 locum
3134 2084 3503 2153 obtinere.»
3560 2094 3817 2153 Dubitat

410 2172 621 2250 autem
678 2167 773 2226 vir
828 2166 1088 2250 doctus,
1131 2184 1298 2250 num
1360 2166 1928 2250 comit_iva_tanta_
1965 2189 1994 2220 «
2053 2165 2449 2250 prmludium
2484 2188 2514 2222 ι)
2596 2167 2674 2225 ad
2733 2168 3072 2250 ampliores
3122 2171 3354 2245 gradus
3411 2172 3533 2230 dici
3592 2174 3806 2250 possit.

408 2246 667 2319 Deinde,
722 2265 870 2307 num
922 2245 1223 2307 Caesarius
1272 2245 1333 2304 in
1394 2264 1465 2305 ea
1522 2245 1824 2323 dignitate
1872 2245 1952 2304 ab
2002 2262 2166 2305 anno
2216 2247 2333 2305 364
2375 2246 2454 2305 ad
2503 2265 2736 2306 annum
2786 2250 2903 2307 369
2954 2248 3189 2308 haerere
3237 2251 3539 2319 debuerit,
3588 2245 3699 2312 nec
3732 2252 3810 2311 ad

411 2327 962 2408 majoraiinterim
1022 2326 1396 2408 promoveri.
1452 2328 1550 2396 At,
1603 2343 1757 2403 pace
1814 2324 2156 2408 doctissimi
2216 2325 2354 2408 viri,
2406 2326 2611 2386 dicere
2666 2326 2873 2401 liceat,
2928 2328 3171 2388 nullum
3217 2330 3293 2389 de
3351 2331 3555 2408 primo
3602 2333 3812 2391 enasci

410 2425 595 2485 posse
650 2407 1143 2467 dubium.Hanc
1179 2406 1343 2467 enim
1403 2408 1837 2484 praefecturam
1895 2405 2028 2486 ipse
2087 2406 2420 2483 Gregorius
2496 2429 2525 2461 ‹‹
2584 2408 2762 2485 quasi
2818 2409 3192 2486 praeludium
3254 2433 3281 2464 ››
3352 2405 3565 2470 ’νοοειι
3631 2413 3810 2483 Quod

406 2495 619 2546 autem
677 2487 754 2547 ad
814 2487 1156 2546 secundum
1216 2486 1455 2569 attinet,
1503 2486 1757 2569 posito,
1816 2485 1988 2569 quod
2038 2486 2360 2569 contendit
2413 2485 2895 2569 Tillemontius,
2955 2513 2985 2543 «
3044 2489 3376 2549 Caesarium
3436 2492 3513 2550 ad
3570 2493 3811 2569 majora

405 2586 732 2645 nunquam
791 2572 1173 2649 promotum,
1208 2589 1238 2620 »
1304 2566 1355 2649 si
1412 2566 1560 2649 quid
1616 2566 1761 2649 inde
1817 2564 2120 2649 sequitur,
2172 2565 2556 2649 nihilaliud
2613 2568 2957 2649 sanetnisi
3012 2570 3178 2647 quod
3228 2571 3481 2631 Caesarii
3539 2564 3811 2649 dignitas

401 2665 530 2730 non
589 2665 622 2708 e
684 2648 962 2730 tantulis,
1016 2646 1125 2706 sed
1178 2664 1251 2705 ex
1307 2646 1754 2730 insignioribus
1809 2646 2021 2722 aliqua
2080 2647 2284 2730 fuerit,
2344 2647 2405 2704 in
2460 2665 2585 2724 qua
2634 2648 2919 2725 pluribus
2967 2646 3145 2730 annis
3200 2668 3338 2708 eum
3393 2646 3630 2711 haerere
3671 2671 3809 2730 per-

396 2728 659 2799 miserit,
721 2727 900 2804 cujus
957 2726 1366 2805 promovendi
1425 2725 1865 2805 cupidissimus
1923 2733 2057 2785 erat
2115 2726 2477 2803 imperator.
2542 2730 2751 2805 Neque
2809 2747 2954 2788 vero
3011 2729 3072 2788 id
3134 2730 3418 2789 concedit
3477 2725 3805 2791 Gothofre—

394 2809 535 2879 dus,
588 2807 696 2885 qui
743 2807 1036 2884 deinceps
1085 2806 1421 2868 Caesarium
1478 2825 1515 2865 a
1574 2806 1830 2866 Valente
1882 2806 2253 2887 prmfectura
2309 2806 2481 2865 urbis
2539 2809 3244 2887 Constantinopolitanae
3313 2816 3568 2871 auctum
3624 2812 3811 2872 fuisse

395 2888 695 2959 affirmat,
758 2886 1020 2965 ejusque
1078 2886 1432 2946 meminisse
1486 2887 1887 2945 Ammianum
1947 2885 2374 2946 Marcellinum
2436 2888 2496 2945 in
2557 2889 2747 2965 gestis
2804 2885 2966 2948 anni
3009 2891 3148 2962 365,
3205 2895 3267 2950 et
3320 2891 3636 2950 Zosimum
3695 2892 3807 2951 lib.

396 2986 487 3039 ιν,
547 2966 716 3046 quod
773 2974 835 3028 et
891 2967 1346 3027 Leuvenklaius
1403 2965 1481 3025 ad
1535 2965 1853 3025 Zosimum
1912 2966 2257 3025 annotavit.

478 3048 607 3108 VII.
655 3049 724 3107 In
786 3054 962 3108 tanta
1022 3047 1387 3124 opinionum
1447 3046 1771 3126 varietate,
1834 3064 1957 3104 non
2014 3046 2216 3115 facile,
2259 3063 2419 3126 quae
2480 3046 2749 3107 tenenda
2805 3047 2883 3105 sit
2940 3048 3060 3109 via.
3124 3048 3531 3126 dignoscitur.
3584 3052 3805 3111 'l‘utius

396 3127 593 3205 igitur
648 3127 765 3188 erit
834 3127 1114 3205 Gregorii
1180 3126 1453 3205 vestigiis
1510 3125 1881 3197 adhaerere;
1936 3125 2385 3206 et_cumripse
2434 3144 2559 3185 non
2618 3128 2968 3187 meminerit
3017 3125 3212 3187 ullius
3264 3131 3647 3206 praefectura}
3698 3132 3806 3190 illa

402 3204 751 3283 amplioris,
805 3204 994 3286 quam
1046 3208 1110 3266 in
1151 3204 1448 3285 Bithynia
1497 3206 1957 3265 administravit
2003 3204 2327 3274 Caesarius,
2381 3214 2570 3283 atque
2619 3208 2807 3267 etiam
2857 3204 3362 3279 administrabat,
3412 3230 3551 3269 cum
3606 3222 3806 3271 morte

400 3288 687 3349 sublatus
742 3294 871 3359 est,
934 3288 1332 3348 commissam
1390 3286 1510 3364 ipsi
1567 3286 1755 3346 fuisse
1811 3286 2517 3363 Constantinopolitanae
2578 3288 2746 3346 urbis
2801 3288 3238 3365 praefecturam
3298 3308 3570 3350 asserere
3625 3291 3805 3351 nobis

400 3387 529 3428 non
584 3368 778 3439 licet;
838 3369 965 3427 imo
1024 3368 1126 3427 vix
1181 3368 1522 3427 concedere
1579 3385 1911 3444 possumus
1968 3384 2108 3425 eum
2167 3366 2327 3425 «rei
2388 3366 2643 3443 privatae
2694 3368 3047 3427 comitem»
3102 3369 3309 3428 fuisse.
3365 3371 3477 3428 Diu
3530 3390 3805 3441 namque

394 3447 709 3507 habitavit
764 3450 827 3507 in
885 3447 1230 3525 provincia,
1288 3447 1351 3506 in
1398 3446 1637 3528 quibus
1694 3447 1975 3524 singulis,
2040 3451 2107 3504 ut
2165 3451 2344 3505 notat
2379 3446 2789 3528 _Pancirolus,
2839 3455 3017 3507 erant
3077 3449 3515 3509 thesaurorum
3580 3453 3801 3528 praefe-

393 3529 503 3586 cti.
566 3529 912 3599 Praeterea,
973 3528 1268 3587 comitiva
1324 3527 1413 3587 rei
1470 3528 1766 3604 privatae,
1836 3545 1961 3585 una
2017 3531 2153 3585 erat
2209 3543 2241 3585 e
2301 3525 2612 3604 primariis
2666 3528 2865 3587 tribus
2923 3528 3173 3605 imperii
3232 3525 3664 3605 dignitatibus,
3729 3551 3802 3592 ac

394 3608 661 3687 proinde
709 3607 940 3685 gradus
987 3608 1066 3666 ad
1096 3613 1270 3688 βιθῖ
1326 3606 1587 3688 majora,
1636 3612 1744 3688 aut
1797 3630 1825 3660 «
1858 3606 2290 3688 praeludium»
2345 3606 2465 3666 dici
2517 3625 2639 3666 non
2680 3608 3096 3688 rdebuit,rnec
3145 3609 3349 3686 reipsa
3400 3610 3532 3669 fuit.
3593 3615 3798 3688 Repu-

394 3685 551 3765 gnat
605 3688 767 3748 enim
828 3687 1109 3765 Gregorii
1164 3688 1392 3757 verbis,
1453 3686 1786 3746 Caesarium
1846 3686 2100 3745 fratrem
2159 3685 2361 3764 primo
2445 3709 2473 3743 α
2530 3687 2819 3747 comitem
2884 3687 2969 3747 rei
3025 3685 3280 3764 privatae
3338 3708 3410 3748 ac
3469 3685 3796 3749 thesauro-

393 3786 561 3845 rum,
597 3790 624 3824 η
679 3767 902 3827 deinde
957 3768 1472 3845 «praefectum,»
1525 3775 1633 3825 aut
1680 3767 1867 3825 etiam
1913 3789 1941 3820 «
1978 3774 2351 3846 quaastorem
2386 3788 2417 3819 »
2464 3767 2648 3826 fuisse
2696 3767 3113 3843 designatum.
3149 3768 3211 3828 Si
3259 3770 3347 3827 ita
3395 3777 3575 3841 esset,
3613 3770 3795 3846 longe

389 3849 675 3926 profecto
742 3866 778 3907 a
836 3847 1179 3925 majoribus
1237 3847 1315 3907 ad
1374 3847 1617 3906 minora
1674 3845 2134 3917 descendisset,
2209 3845 2441 3926 nedum
2521 3847 2900 3924 praelusisset
2965 3848 3395 3924 amplioribus.
3456 3850 3521 3908 Id
3582 3845 3792 3909 autem

393 3929 555 3988 forte
608 3928 1001 3987 doctissimos
1050 3928 1213 3987 viros
1269 3927 1331 3985 in
1393 3945 1666 3986 errorem
1724 3926 2009 3998 induxit,
2088 3925 2257 4003 quod
2317 3944 2441 3984 non
2506 3928 2656 3986 satis
2726 3926 3143 3995 attenderint,
3228 3946 3349 3987 non
3428 3947 3619 3986 unum
3700 3931 3794 3989 his

394 4008 790 4087 temporibus
848 4007 1155 4067 exstitisse
1210 4007 1568 4067 Caesarium.
1635 4006 1772 4065 Fuit
1830 4022 2103 4087 namque
2175 4004 2517 4087 Caesarius,
2595 4006 2753 4087 alter
2804 4026 2842 4066 a
2899 4006 3163 4065 Casario
3220 4008 3501 4083 Gregorii
3557 4010 3789 4081 fratre,

390 4089 490 4147 vir
536 4085 809 4167 potens,
887 4087 988 4147 cui
1040 4088 1195 4147 duas
1252 4087 1585 4166 epistolas,
1664 4104 1804 4163 quae
1862 4086 2023 4144 inter
2080 4085 2492 4167 Gregorianas
2547 4086 2985 4167 reperiuntur,
3061 4087 3375 4164 inscripsit
3434 4089 3787 4163 Gregorius.

390 4170 452 4229 Is
510 4164 666 4228 forte
723 4168 837 4227 fuit
886 4186 1052 4227 anno
1100 4169 1217 4227 364
1279 4164 1309 4222 (ξ
1356 4168 1444 4226 rei
1498 4167 1755 4244 privatae
1804 4184 2116 4246 comes,_»
2180 4182 2252 4223 ac
2300 4164 2592 4243 deinceps
2654 4190 2683 4220 «
2734 4166 3030 4244 magister
3085 4166 3458 4237 officiorum,
3516 4172 3792 4246 praetorii

385 4250 749 4328 praefectus,
775 4271 804 4301 »
839 4255 1029 4325 atque
1058 4248 1246 4307 etiam
1288 4270 1316 4303 α
1347 4247 1586 4328 consul,
1615 4269 1643 4303 ι)
1684 4246 1800 4328 nisi
1830 4245 2027 4305 mavis
2047 4244 2200 4328 "haee
2225 4262 2486 4328 munera
2515 4246 2672 4328 duos
2700 4245 3190 4328 intergCaesarios
3222 4246 3464 4328 partiri.

471 4330 628 4389 Ylll.
675 4324 1021 4389 Observare
1062 4328 1245 4404 juvat
1301 4327 1691 4404 Gregorium,
1741 4326 1804 4384 in
1864 4327 1981 4386 hac
2036 4324 2281 4384 funebri
2337 4326 2588 4386 Caesarii
2644 4325 3024 4397 laudatione,
3092 4345 3166 4385 ne
3223 4327 3478 4386 verbum
3533 4327 3787 4405 quidem

391 4410 603 4468 facere
658 4409 736 4468 de
790 4408 1059 4486 scriptis,
1107 4426 1247 4485 qua
1305 4406 1438 4484 ejus
1494 4408 1746 4466 nomine
1804 4406 2347 4486 circumferuntur.
2400 4406 2575 4476 Quod
2634 4406 2947 4465 silentium
3008 4407 3158 4466 satis
3210 4424 3343 4467 esse
3402 4408 3666 4481 videtur,
3720 4417 3788 4469 ut

375 4496 656 4568 quatuor
711 4485 1015 4565 dialogos,
1057 4487 1184 4568 qui
1240 4487 1673 4568 sibiACaasarii
1724 4504 1951 4568 nomen
2008 4485 2457 4568 praescribunt,
2515 4486 2657 4568 ipsi
2693 4486 2850 4546 falso
2908 4487 3212 4565 ascriptus
3278 4505 3411 4547 esse
3472 4488 3785 4549 existime-

381 4565 547 4628 mus.
625 4572 859 4628 Auctor
910 4567 1216 4646 siquidem
1275 4566 1668 4644 dialogorum
1728 4565 1944 4626 laudat
2017 4565 2402 4646 Maximum,
2480 4566 2589 4643 qui
2644 4566 2834 4643 longo
2911 4573 3050 4644 post
3105 4567 3438 4626 Caesarium
3502 4574 3783 4645 tempore

380 4648 639 4721 ﬂoruit,
725 4666 949 4727 nempe
988 4645 1253 4727 saeculo
1294 4648 1639 4727 septimo,
1718 4646 1999 4725 adeoque
2078 4645 2403 4727 recentior.
2462 4647 2801 4727 rltidendus
2866 4665 3015 4706 sane
3093 4648 3298 4724 potius
3354 4667 3540 4722 quam
3600 4649 3785 4708 refel-

382 4728 611 4787 lcrdus
686 4725 1431 4799 serio—Leuvenklaius',
1511 4728 1618 4806 qui
1698 4727 1936 4787 mavult
2006 4725 2258 4785 credere
2333 4726 2737 4797 testimonia,
2821 4744 2961 4803 quae
3046 4728 3275 4803 passim
3354 4728 3430 4786 de
3506 4729 3780 4787 Maximo

374 4810 445 4870 in
482 4808 748 4884 dialogis
778 4812 1137 4880 occurrunt,
1172 4812 1405 4867 temere
1435 4826 1472 4867 a
1501 4806 1797 4887 quopiam
1831 4811 2042 4887 assuta
2071 4824 2227 4878 esse,
2261 4823 2445 4887 quam
2479 4807 2745 4866 Caesario
2774 4806 3137 4883 abjudicare
3165 4808 3469 4884 dialogos.

464 4890 568 4947 IX.
618 4888 875 4959 Deinde,
935 4887 1169 4964 dialogi
1216 4906 1346 4965 prae
1396 4907 1459 4947 se
1510 4885 1717 4948 ferunt
1762 4886 2173 4966 epigraphen,
2226 4904 2368 4963 quae
2416 4885 2551 4966 ipsa
2599 4887 2885 4964 dialogos
2932 4886 3183 4947 Caesarii
3229 4889 3425 4946 fetum
3474 4905 3605 4946 esse
3654 4906 3777 4947 non

368 4986 562 5047 posse
619 4969 968 5045 praedicat;
1029 4968 1262 5046 quippe
1318 4987 1459 5046 quae
1518 4968 1883 5046 hujusmodi
1941 4971 2053 5047 est,
2106 4972 2239 5025 tum
2297 4966 2465 5043 apud
2515 4967 3025 5037 Leuvenklaium,
3076 4973 3208 5047 tum
3267 4968 3331 5025 in
3377 4966 3781 5028 Bibliothecis

370 5046 659 5117 Patrum,
724 5054 792 5107 ut
847 5050 1225 5125 quaestiones
1272 5054 1403 5108 tum
1459 5050 1811 5127 propositas
1859 5046 2372 5127 signiﬁcettcum
2406 5047 2709 5107 Caesarius
2766 5071 2799 5127 tt
2840 5066 2878 5107 a
2925 5046 3179 5107 secretis
3226 5054 3379 5119 erat,
3416 5071 3446 5102 »
3510 5053 3569 5107 et
3619 5048 3781 5109 Con-

367 5128 791 5206 stantinopoli
846 5130 1078 5188 docens
1132 5127 1352 5206 viginti
1407 5125 1589 5189 totos
1629 5147 1828 5188 annos
1884 5125 2480 5206 commorabatur.»
2536 5129 2685 5198 Quae
2742 5126 2818 5187 de
2873 5126 3142 5187 Cmsario
3200 5128 3323 5188 dici
3378 5146 3777 5204 nequaquam

370 5205 678 5288 possunt.
728 5214 851 5268 Nec
906 5210 1068 5268 enim
1126 5205 1235 5288 aut
1296 5232 1325 5264 «
1376 5210 1629 5280 docens,
1690 5233 1716 5262 η
1778 5215 1888 5268 aut
1947 5232 1976 5263 «
2026 5226 2061 5266 a
2119 5205 2373 5288 secretis
2425 5231 2452 5261 io
2527 5226 2804 5288 unquam
2862 5207 3118 5288 legitur,
3193 5208 3518 5288 multoque
3576 5209 3783 5269 minus

374 5286 411 5344 ἱ‹
448 5288 670 5366 viginti
729 5294 895 5349 totos
952 5306 1148 5349 annos
1204 5287 1745 5365 Constantinopoli
1802 5289 2096 5347 docere»
2159 5286 2385 5363 potuit,
2446 5287 2551 5364 qui
2608 5287 2671 5346 in
2729 5306 2803 5347 ea
2859 5287 3036 5360 urbe,
3095 5305 3172 5346 ne
3228 5287 3481 5366 quidem
3538 5288 3776 5357 decem,

365 5375 490 5430 aut
548 5368 734 5429 etiam
794 5375 933 5428 octo
991 5369 1170 5428 annis
1227 5375 1507 5429 versatus
1564 5375 1676 5427 est.
1739 5370 1814 5426 Et
1872 5373 2037 5426 certe
2092 5366 2452 5443 Theologus
2511 5372 2726 5445 aperte
2782 5368 2933 5427 satis
2989 5367 3227 5427 indicat
3282 5368 3439 5428 nihil
3494 5386 3530 5427 a
3586 5369 3780 5430 fratre

365 5449 670 5519 Caesario,
726 5449 802 5507 de
860 5454 994 5508 arte
1040 5448 1337 5510 oratoria.
1390 5449 1465 5507 de
1519 5447 1778 5518 medica,
1832 5447 1908 5505 de
1957 5446 2376 5527 mathesikde
2421 5446 2849 5527 philosophia,
2898 5454 3042 5519 etc.,
3094 5448 3523 5527 inpublicam
3573 5448 3779 5510 lucem

361 5529 633 5592 editum.
692 5529 995 5589 potuisset
1032 5547 1184 5587 sane
1241 5529 1316 5587 de
1376 5530 1468 5587 his
1518 5528 1757 5588 artibus
1807 5544 1947 5586 cum
1998 5525 2182 5585 laude
2230 5524 2578 5608 disserere;
2640 5524 2765 5588 non
2824 5545 2969 5587 vero
3027 5527 3104 5588 de
3150 5524 3492 5608 theologia,
3546 5547 3670 5607 qua
3718 5530 3777 5589 in

360 5610 671 5691 palaestra
728 5627 851 5668 non
910 5608 1248 5669 desudaret
1305 5607 1494 5669 homo
1544 5607 2054 5668 catechumenus.
2108 5607 2287 5669 Unde
2335 5606 2608 5669 dubitari
2659 5608 2881 5670 merito
2931 5614 3159 5687 potest,
3212 5606 3422 5669 utrum
3478 5608 3594 5669 hos
3640 5609 3779 5670 dia-

442 5725 557 5795 (39)
590 5724 715 5780 Cod.
755 5722 947 5795 Theod.
983 5728 1026 5777 t.
1062 5724 1115 5790 1,
1148 5722 1185 5777 1.
1217 5738 1341 5791 vni,
1375 5728 1517 5778 tom.
1552 5722 1649 5793 IlI,
1682 5740 1738 5794 p.
1771 5722 1877 5777 385
1905 5725 1963 5777 et
1992 5720 2116 5775 386.

440 5793 557 5866 (40)
587 5795 751 5851 Febr.
786 5811 844 5867 p.
879 5793 1003 5848 496.
