4244 6216
477 424 593 482 755
1717 414 1784 474 S.
1833 412 2203 473 GREGORII
2253 414 2650 474 THEOLOGI
3769 413 3892 473 756

479 555 657 631 logos
712 552 1001 628 legerint,
1055 550 1162 625 qui
1202 566 1336 631 eos
1376 546 1645 631 caesarie
1703 545 2045 631 ascribunt.
2096 547 2340 631 Etenim
2390 547 2647 606 cuilibet
2703 546 2937 631 legenti
2989 549 3162 624 patet
3207 544 3616 631 dialogorum
3667 551 3892 631 aucto:

483 625 611 694 rein
675 625 861 690 fuisse
919 634 1117 690 virum
1173 628 1542 703 theologicis
1598 628 1658 684 in
1718 626 1902 686 rebus
1965 626 2233 684 maxime
2292 634 2647 699 versatum,
2729 635 2791 685 et
2865 628 3033 685 fama
3090 625 3508 684 notissimum.
3567 628 3720 684 Nam
3781 625 3890 702 qui

481 715 906 788 interrogant,
969 711 1342 790 proﬁtentur
1385 708 1510 786 (41)
1571 731 1598 759 ‹‹
1653 725 1715 765 se
1773 706 2186 790 absurdarum
2251 705 2541 790 ﬂuctibus
2599 708 2964 790 opinionum
3024 707 3366 790 exhaustos
3389 751 3421 790 ,_
3465 705 3544 765 ad
3604 705 3892 790 magistri

482 785 1182 870 benigni—tatemfvelut
1237 788 1316 849 ad
1371 785 1624 870 portum
1674 786 2036 870 quemdam,
2097 803 2160 844 se
2218 786 2522 870 conferre,
2576 787 2835 870 qqude
2885 787 3217 870 adoranda
3255 785 3580 870 T‘riuitate,
3621 786 3890 870 aliisque

483 866 804 934 sacrarum
865 871 1214 930 litterarum
1276 867 1586 945 capitibus
1646 884 1793 926 vera
1847 868 2252 938 doceantur;
2333 868 2658 944 Patrisque
2715 867 2988 926 ﬁliorum
3055 866 3493 925 studiosissimi
3540 887 3571 920 »
3635 869 3892 925 nomine

491 977 519 1011 α
566 954 888 1012 doctorem
942 975 970 1005 »
1031 949 1434 1026 compellant.
1494 948 1644 1016 Qua:
1701 946 1953 1024 quidem
2013 945 2355 1022 appellatio
2413 947 2846 1015 sacerdotem,
2906 964 3174 1024 eumque
3230 945 3728 1022 theologicarum
3788 965 3889 1005 re-

484 1053 621 1093 rum
673 1032 895 1111 peritia
936 1031 1272 1111 insignem,
1322 1027 1678 1111 significat._
1706 1031 1792 1085 Ac
1843 1044 1909 1111 re
1955 1027 2206 1104 quidem
2255 1027 2391 1111 ipsa
2419 1029 2663 1111 ‘doctor
2709 1027 3194 1111 disputationem
3241 1027 3441 1086 altera
3487 1026 3585 1085 die
3635 1026 3892 1086 abrum-

485 1132 638 1193 pens
675 1106 838 1172 ait:
907 1132 935 1167 α
975 1110 1099 1187 (42)
1157 1109 1315 1193 Quia
1369 1126 1483 1167 nos
1538 1106 1944 1193 mod‘o_rati‘o
2002 1107 2303 1193 temporis
2357 1107 2435 1193 ad
2489 1109 2852 1193 peragenda
2909 1107 3225 1193 mysteria,
3284 1111 3501 1193 sancto
3556 1115 3719 1166 ccetu
3776 1125 3892 1165 nos

485 1185 907 1271 exspectante,
968 1185 1308 1271 compellit,
1353 1210 1392 1271 _»
1473 1192 1591 1271 etc.
1629 1186 1941 1271 ‘Quisquis
1999 1204 2148 1271 ergo
2206 1185 2322 1245 hos
2378 1187 2658 1271 dialogos
2716 1188 2980 1271 Caesario
3039 1186 3187 1246 velit
3244 1186 3574 1271 ascribere,
3639 1204 3893 1271 necesse

483 1265 703 1333 est-ut
755 1272 920 1330 idem
980 1269 1293 1328 medicum
1349 1268 1414 1326 in
1473 1265 1865 1344 theologum,
1930 1266 2451 1326 catechumenum
2502 1269 2564 1326 in
2623 1268 3039 1340 sacerdotem,
3099 1285 3264 1326 nova
3321 1273 3382 1326 et
3439 1267 3624 1344 plane
3682 1266 3892 1326 admi-

486 1353 685 1412 randa
743 1349 1256 1427 metamorphosi,
1311 1352 1709 1427 transmutet.

569 1436 728 1490 I98
773 1433 846 1489 X.
891 1424 1155 1489 Demum
1214 1434 1435 1488 auctor
1490 1426 1885 1504 dialogorum
1945 1424 2270 1503 Origenem
2329 1425 2608 1504 appellat
2639 1425 2760 1505 (43)
2827 1449 2855 1483 (ι
2903 1445 3132 1486 vanum
3181 1429 3578 1502 nugatorem,
3634 1427 3897 1504 scripto-

487 1531 626 1570 rum
683 1510 1146 1588 impiissimum,
1184 1532 1211 1562 »
1273 1514 1335 1568 et
1382 1507 1517 1588 ejus
1563 1507 1863 1588 dogmata
1916 1529 1944 1560 «
1974 1512 2398 1588 venenataﬁetﬁ
2441 1508 2756 1588 pestifera.
2806 1525 2948 1585 quas
3016 1506 3428 1588 simpliciores
3473 1505 3816 1588 decipiant.
3852 1529 3883 1558 »

487 1593 684 1659 Itane,
741 1586 990 1662 amabo,
1042 1590 1118 1650 de
1167 1588 1431 1665 Origene
1482 1587 1727 1646 locutus
1774 1586 1990 1645 fuisset
2040 1586 2317 1662 Gregorii
2374 1587 2589 1661 frater,
2644 1586 2872 1646 nedum
2926 1587 3261 1664 Gregorius
3317 1586 3471 1662 ipse,
3532 1587 3636 1662 qui
3696 1587 3887 1663 longo

490 1679 629 1750 post
704 1676 984 1747 tempore
1041 1669 1322 1750 Origenis
1403 1673 1723 1750 excerpta,
1788 1687 1817 1724 (ι
1850 1665 2017 1750 velut
2064 1666 2274 1750 Basilii
2323 1684 2397 1725 ac
2453 1666 2544 1725 sui
2603 1667 2800 1750 ipsius
2848 1673 3411 1750 monumentum,__n
3465 1665 3547 1750 ad
3597 1666 3891 1750 Theodo-

488 1744 624 1811 rum
689 1744 975 1810 mittebat
1028 1744 1229 1827 (44)?
1301 1750 1435 1818 Quo
1503 1744 1751 1824 penitus
1810 1746 2194 1805 subvertitur
2249 1747 2463 1823 inepta
2514 1747 2833 1825 scriptoris
2877 1746 3214 1827 cujusdam
3263 1744 3385 1824 (45)
3426 1745 3699 1827 (opinio,
3766 1748 3894 1827 qui

487 1831 774 1908 dialogos
830 1831 908 1888 ab
965 1825 1102 1906 ipso
1137 1825 1494 1906 'l‘heologo,
1549 1827 1813 1887 Caesario
1877 1827 2061 1908 fuisse
2110 1828 2466 1908 suppositos
2522 1827 2768 1898 voluit;
2828 1826 3018 1904 idque
3073 1845 3145 1886 ex
3204 1825 3569 1904 perturbato
3615 1826 3890 1903 quodam

488 1918 549 1971 et
607 1906 942 1970 obscurato
1001 1908 1383 1986 Photii(46),
1445 1908 1573 1984 qui.
1637 1926 1714 1966 ne
1770 1908 1830 1964 id
1891 1907 2141 1983 quidem
2199 1906 2596 1976 somniando,
2647 1907 2966 1984 cogitavit,
3029 1913 3203 1966 textu
3263 1913 3543 1965 astruere
3596 1915 3882 1966 conatur.

486 1994 692 2054 Unum
756 1991 1065 2049 duntaxat
1121 2008 1195 2049 ex
1250 1985 1462 2046 ’Photii
1519 1987 1700 2046 dictis
1755 1986 2102 2062 colligitur,
2161 1985 2554 2064 dialogorum
2613 1995 2972 2060 auctorem,
3034 1988 3215 2064 cujus
3273 1985 3580 2056 meminit,
3639 1986 3891 2058 Photio,

485 2072 595 2150 qui
651 2071 882 2130 saeculo
941 2088 1107 2129 nono
1164 2068 1340 2137 vixit,
1401 2086 1532 2127 esse
1589 2067 2029 2144 antiquiorem.

558 2203 668 2270 (41)
702 2181 824 2255 Lib.
859 2218 876 2254 ι
908 2201 1050 2255 Bibl.
1085 2201 1193 2255 PP.
1229 2200 1386 2256 1621.
1421 2202 1461 2254 t.
1497 2198 1590 2264 x1,
1619 2215 1675 2270 p.
1707 2198 1835 2254 545.

558 2274 668 2343 (42)
703 2274 916 2335 Quaest.
950 2272 1068 2326 111.

560 2345 666 2413 (43)
699 2345 912 2407 Quaest.
951 2344 1052 2398 1/10
1082 2347 1137 2397 et
1170 2343 1287 2397 147.

885 2575 1348 2669 ORATIO
1430 2575 1603 2668 VII
1636 2574 1738 2665 (α).

539 2735 800 2790 Funebris
831 2738 885 2790 in
921 2735 1142 2789 laudem
1173 2735 1406 2790 Caesar-ii
1429 2735 1629 2804 fratris
1660 2735 1860 2800 oratio,
1894 2748 2085 2802 super-

912 2808 1128 2861 stitibus
1152 2806 1329 2860 adhuc
1361 2806 1702 2876 parentibus.

560 2914 601 2967 Ι.
633 2911 999 2968 Existimatis
1051 2913 1312 2982 fortasse,
1365 2929 1396 2966 o
1446 2912 1642 2976 amici,
1692 2914 1748 2965 et
1800 2910 2027 2975 fratres,
2076 2914 2132 2964 et

485 3007 704 3072 patres,
739 3017 852 3056 non
889 3016 946 3055 re
979 3002 1284 3069 duntaxat,
1317 3001 1416 3055 sed
1464 2999 1698 3054 nomine
1744 3015 1974 3071 quoque
2003 2999 2130 3070 ipso

486 3089 707 3157 dulces,
743 3105 834 3144 me
881 3089 1089 3160 cupide
1119 3090 1189 3142 ad
1232 3089 1544 3142 dicendum
1597 3089 1846 3158 prodire,
1882 3092 1946 3141 ut
1993 3103 2126 3140 eum

484 3179 580 3248 qui
614 3177 905 3244 discessit,
938 3177 1211 3248 lacrymis
1242 3194 1309 3232 ac
1357 3177 1612 3231 luctibus
1659 3193 1996 3247 prosequar,
2028 3182 2130 3231 aut

483 3267 719 3338 longam
752 3271 808 3322 et
838 3266 1158 3337 elegantem
1189 3265 1531 3334 orationem,
1555 3283 1673 3336 qua
1705 3265 1964 3335 plerique
1993 3280 2128 3334 gau-

483 3356 642 3424 dent,
675 3355 944 3410 habeam.
979 3356 1044 3409 Et
1075 3356 1306 3424 quidem
1343 3371 1461 3423 vos,
1495 3359 1774 3424 tanquam
1810 3353 1952 3406 mihi
1988 3370 2124 3408 moe-

484 3443 633 3498 roris
665 3460 729 3497 ac
760 3442 954 3496 luctus
985 3442 1124 3496 socii
1161 3443 1362 3506 futuri,
1389 3442 1796 3511 comparastis,
1823 3447 1878 3494 et
1907 3442 1964 3493 in
2000 3457 2128 3495 meo

484 3548 623 3587 casu
656 3535 876 3586 vestros
907 3547 1080 3586 casus
1108 3531 1440 3600 deploratis,
1467 3531 1512 3583 si
1546 3530 1758 3597 quibus
1790 3530 2125 3599 hujusmodi

486 3621 790 3692 quidpiam
824 3620 1055 3687 accidit,
1079 3624 1131 3673 et
1165 3620 1221 3673 in
1255 3619 1422 3673 amici
1469 3618 1903 3673 calamitatibus
1934 3619 2127 3674 dolere

485 3708 866 3774 condiscatis;
901 3706 996 3761 alii
1031 3723 1162 3761 vero
1187 3713 1249 3761 ut
1281 3723 1449 3761 aures
1485 3707 1758 3775 pascatis,
1784 3707 2129 3779 animosque

484 3796 808 3854 oblectetis.
839 3797 1114 3868 Oportere
1146 3795 1193 3851 si
1240 3795 1475 3866 quidem
1526 3812 1632 3850 nos
1682 3812 1750 3850 ex
1798 3793 2129 3850 calamitate

482 3901 714 3958 quoque
747 3886 875 3958 ipsa
905 3884 1318 3940 ostentationis
1362 3901 1567 3938 ansam
1619 3885 1894 3954 arripere,
1929 3887 2126 3953 cujus-

482 3976 637 4032 modi
672 3976 965 4046 quondam
1000 3979 1121 4030 erat
1145 3979 1346 4028 nostra
1377 3973 1544 4040 ratio,
1569 3989 1696 4027 cum
1729 3978 1787 4028 et
1819 3973 1877 4028 in
1909 3973 2131 4029 caeteris

479 4080 759 4134 perquam
811 4063 1227 4129 redundantes,
1278 4078 1346 4118 ac
1395 4060 1644 4117 terrenis
1692 4062 1868 4116 rebus
1914 4061 2131 4118 addicti

480 4167 770 4217 essemus,
801 4157 857 4206 et
894 4153 953 4205 in
1001 4150 1376 4207 sermonibus
1423 4149 1748 4215 ambitiosi;
1783 4151 2129 4221 priusquam

481 4237 702 4294 scilicet
731 4240 800 4292 ad
836 4256 1032 4294 verum
1067 4245 1125 4294 et
1162 4255 1506 4310 supremum
1552 4255 1880 4294 sermonem
1931 4239 2128 4294 oculos

481 4325 950 4392 sustulissemus,
984 4327 1237 4397 Deoque,
1263 4344 1296 4381 a
1327 4343 1439 4397 quo
1481 4327 1699 4396 omnia,
1735 4327 1908 4382 rebus
1939 4327 2127 4382 omni-

480 4416 590 4470 bus
623 4414 874 4478 donatis,
903 4420 1080 4469 Deum
1125 4431 1227 4484 pro
1259 4415 1534 4469 omnibus
1581 4417 1758 4470 rebus
1807 4417 2126 4488 accepisse-

480 4519 635 4558 mus.
665 4502 1008 4572 Ne,quaaso,
1037 4503 1093 4555 id
1147 4503 1218 4556 de
1267 4503 1436 4556 nobis
1486 4504 1852 4573 existimetis,
1885 4505 1932 4559 si
1986 4505 2124 4575 quid

478 4592 663 4646 dextri
694 4591 1028 4645 existimare
1058 4589 1257 4644 vultis.
1281 4590 1425 4644 Nam
1459 4607 1563 4645 nec
1606 4608 1735 4646 eum
1773 4594 1872 4664 qui
1905 4593 2126 4648 disces-

477 4682 574 4743 sit,
597 4679 851 4750 amplius
884 4696 1060 4750 quam
1095 4696 1200 4751 par
1229 4678 1323 4744 sit,
1350 4677 1702 4751 lugebimus,
1736 4687 1801 4737 ut
1829 4682 1929 4753 qui
1965 4700 2035 4738 ne
2064 4680 2123 4738 in

475 4768 606 4822 aliis
640 4767 878 4838 quidem
901 4767 1042 4822 talia
1066 4768 1310 4838 probare
1336 4767 1664 4836 soleamus;
1698 4786 1803 4824 nec
1833 4769 1891 4825 in
1915 4787 1981 4826 eo
2007 4770 2126 4825 lau-

476 4857 666 4911 dando
700 4857 941 4911 modum
975 4872 1041 4910 ac
1074 4855 1347 4912 decorum
1393 4858 1760 4924 excedemus,
1790 4875 2124 4929 quanquam

473 4949 727 5017 gratum,
754 4961 844 5011 ac,
878 4944 924 5000 si
957 4945 1108 5015 quod
1144 4943 1326 5010 aliud,
1352 4947 1601 5001 maxime
1636 4962 1962 5017 congruum
1994 4965 2123 5004 mu-

474 5050 587 5088 nus
630 5039 718 5089 est
761 5033 1056 5106 eloquenti
1090 5035 1213 5089 viro
1245 5035 1448 5106 oratio,
1469 5040 1526 5089 et
1573 5037 1623 5090 ei
1675 5035 1774 5105 qui
1823 5051 2124 5092 sermones

544 5176 621 5246 (α)
652 5175 808 5230 Alias
835 5177 907 5244 X;
941 5195 1068 5247 qua:
1101 5182 1296 5232 autem
1327 5179 1360 5229 7
1391 5183 1534 5244 erat,
1563 5194 1715 5232 nunc
1745 5179 1797 5232 9.
1825 5209 1889 5219 -
1913 5179 2124 5235 Habita

471 5254 717 5303 exeunte
750 5266 900 5303 anno
932 5250 1036 5304 368
1071 5249 1155 5304 vel
1194 5249 1431 5305 ineunte
1460 5249 1584 5304 369.

543 5287 1431 5393 (1°73‘Hﬁ‘éifﬁ‘éeéi‘j5133;;
1460 5287 2115 5393 Z‘f?h,dpobus__c01b.,
2151 5287 2194 5353 Ο

468 5387 650 5464 0r._1,
681 5391 821 5461 Jes.,
855 5397 962 5446 etc.
1001 5394 1064 5446 In
1116 5391 1247 5447 aliis
1302 5387 1869 5464 ἀὲέυηῐίπίριόντων
1904 5387 1980 5444 ἔνι
2009 5387 2116 5444 τῶν

466 5459 695 5533 γονέων.
810 5459 815 5461 ⁷
1644 5459 1651 5464 ⁷

538 5534 650 5602 (48)
680 5531 772 5602 "Ivi
805 5529 878 5584 ἐν.
916 5532 1053 5602 Reg.
1089 5531 1208 5602 bm,
1239 5532 1412 5586 Coisl.
1453 5535 1499 5598 1,
1534 5532 1628 5587 ΟΡ.
1665 5535 1714 5597 1,
1745 5528 1836 5583 ’ἕνα
1868 5529 1940 5586 ἐν.

539 5598 648 5672 (49)
683 5600 778 5652 Καὶ
807 5602 906 5672 τῆς
938 5598 1096 5672 ὕλης.
1135 5601 1340 5658 Billius
1377 5621 1388 5657 :
1420 5627 1445 5652 α
1482 5606 1559 5657 Ac
1591 5605 1766 5658 rebus
1815 5620 1882 5657 ex
1934 5607 2114 5656 mate-

467 5673 552 5725 ria
576 5671 893 5746 concretis.
922 5692 947 5720 ››
989 5671 1339 5746 Scholiaetes
1389 5675 1666 5746 antiquus
1713 5675 1982 5746 observat
2010 5673 2112 5746 by-

466 5744 769 5810 perbatum
803 5739 896 5793 hic
918 5757 1068 5803 esse,
1091 5741 1140 5795 ei
1165 5744 1249 5796 sic
1270 5739 1582 5814 legendum
1609 5762 1622 5798 :
1647 5742 1833 5796 Ἡνίκα
1861 5742 1950 5796 καὶ
1979 5739 2112 5797 τᾶλ-

2163 2575 2219 2640 Α

2340 2198 2430 2270 44)
2460 2197 2643 2270 Epist.
2675 2199 2765 2252 87.

2340 2198 2406 2252 44
2460 2197 2643 2270 Epist.
2675 2199 2765 2252 87.

2317 2197 2430 2411 (45)
2464 2270 2643 2326 Labb.
2677 2270 2877 2340 Script.
2911 2270 3131 2336 Eccles.,
3166 2274 3207 2325 t.
3243 2271 3286 2342 Ι,
3323 2287 3377 2342 p.
3410 2271 3533 2324 217.

2342 2342 2406 2394 4›
2461 2341 2652 2407 Phot.,
2685 2358 2734 2396 c.
2766 2343 2891 2407 210,
2927 2359 2982 2411 p.
3018 2343 3142 2396 540.

2254 2421 2257 2424 _
2318 2341 2374 2411 (4
2398 2341 2428 2410 ς)
2461 2341 2652 2407 Phot.,
2685 2358 2734 2396 c.
2766 2343 2891 2407 210,
2927 2359 2982 2412 p.
3018 2343 3142 2396 510.

2775 2596 3176 2692 ΛΟΓΟΣ
3279 2599 3373 2691 Ζ.

2245 2730 2337 2792 Εἷς
2372 2733 2654 2806 Καισάρων
2682 2731 2996 2810 τὸνιὲαυτοξό
3027 2733 3135 2810 (47)
3170 2729 3400 2810 ἀδελρὸν
3441 2730 3745 2810 ἐπιτάφιος,
3795 2753 3892 2786 περ

2707 2803 2932 2878 ριόντων
2962 2802 3041 2856 ἔτι
3072 2807 3176 2856 τῶν
3199 2802 3425 2877 γονέων.

2319 2907 2608 2962 A,0r101
2740 2909 2760 2925 n
2939 2909 3066 2944 τινι
3213 2905 3472 2962 ἢκςδ)
3563 2910 3576 2926 \
3651 2907 3741 2940 .\

2383 2952 2394 2964 ο
2445 2931 2554 2962 ,ιεσ
2591 2943 2612 2963 τ.
2646 2930 2712 2982 με
2749 2930 2894 2978 ισως,
2930 2930 2974 2961 ω
3009 2930 3182 2986 φησι,
3217 2931 3303 2962 ιαι
3351 2929 3384 2963 α
3423 2929 3444 2962 ε
3471 2930 3600 2986 ιφοι,
3654 2931 3737 2962 και
3789 2931 3889 2963 πα-

2243 2996 2410 3071 τέρες,
2460 2997 2522 3052 τὸ
2580 2997 2754 3072 γλυκὺ
2823 2997 2912 3051 καί
2971 3004 3193 3073 πρᾶγμα
3248 2998 3337 3053 καὶ
3394 2994 3588 3070 ὄνομα,
3663 3001 3892 3072 Θρήνους

2243 3081 2613 3144 ἐπιϐαλοῦντα
2677 3091 2754 3157 τῷ
2809 3084 3102 3148 ἀπελθόντι
3157 3086 3246 3140 καὶ
3301 3083 3572 3161 ὀδυρμοὺς
3626 3083 3889 3162 ὑποδέχε-

2241 3177 2357 3228 σθαι
2408 3175 2705 3248 προθύμως
2751 3175 2840 3228 τὸν
2889 3173 3078 3248 λόγον,
3141 3175 3176 3243 ἢ
3241 3173 3478 3247 μακροὺς
3531 3176 3891 3231 ἀποτενοῦντα

2239 3264 2327 3316 καὶ
2375 3263 2622 3337 κομψοὺς
2680 3261 2895 3338 λόγους,
2958 3264 3040 3324 οἷς
3089 3264 3141 3317 οἱ
3189 3261 3393 3318 πολλοὲ
3431 3264 3732 3338 χαίρουσιν.
3789 3264 3889 3320 Καὶ

2239 3351 2289 3406 οἱ
2327 3352 2418 3423 μὲν
2449 3352 2522 3412 ὡς
2566 3352 3051 3422 συμπενθήσοντες,
3103 3350 3190 3404 καὶ
3240 3352 3698 3425 συνθρηντςσοντες
3751 3371 3884 3424 παρ-

2240 3439 2539 3506 εσκεύασθε,
2586 3437 2659 3492 ’ἶν’
2708 3439 2758 3493 ἐν
2812 3441 2925 3511 (48)
2973 3443 3052 3509 τῷ
3101 3439 3216 3511 ἐμῷ
3261 3441 3418 3496 πάθει
3465 3439 3532 3492 τὰ
3579 3439 3753 3492 οἰκεῖα
3805 3437 3893 3492 δα-

2237 3521 2501 3603 κρῦσητε,
2546 3527 2694 3589 ὅσοις
2721 3549 2774 3581 τι
2819 3527 3066 3582 τοιοῦτόν
3120 3527 3277 3596 ἐστιν,
3328 3529 3417 3582 καὶ
3477 3529 3766 3604 σοφίσησθε
3826 3529 3890 3581 τὸ

2241 3615 2438 3692 ἀλγοῦν
2499 3617 2549 3671 ἐν
2595 3616 2835 3696 φιλικοῖς
2881 3616 3097 3670 πάθεσιν
3134 3633 3148 3649 ⁸
3199 3617 3249 3669 οἱ
3313 3613 3370 3670 δὲ
3438 3617 3511 3677 ὡς
3565 3618 3662 3685 τὴν
3725 3617 3892 3683 ἀκοήν

2241 3705 2593 3774 ἐστιάσοντες,
2645 3706 2734 3758 καὶ
2784 3702 2975 3774 ἡδίους
3022 3703 3288 3776 ἐσόμενοι.
3335 3710 3539 3780 Χρῆναι
3585 3706 3684 3778 γὰρ
3739 3707 3889 3775 ἡμᾶς

2239 3792 2490 3864 ἐπίδειξιν
2523 3796 2848 3864 ποιήσασθαι
2881 3795 2969 3847 καὶ
3008 3793 3104 3859 τὴν
3148 3793 3452 3869 συμφορὰν,
3510 3794 3598 3846 οἷα
3642 3813 3773 3848 ποτε
3821 3796 3886 3860 ἦν

2235 3885 2301 3938 τὰ
2357 3885 2619 3959 ἡμέτερα,
2667 3882 2828 3952 ἡνίκα
2867 3880 3045 3935 τᾶλλα
3095 3882 3233 3952 ἦμεν
3282 3881 3478 3942 ἱκανῶς
3516 3882 3757 3956 περιττοῖ
3797 3881 3888 3934 καὶ

2235 3975 2334 4040 τῆς
2386 3971 2524 4041 ὕλης
2571 3974 2706 4044 (49),
2760 3971 2848 4025 καὶ
2897 3971 2963 4024 τὰ
3010 3971 3132 4042 περὶ
3174 3969 3372 4045 λόγους
3402 3968 3725 4046 φιλότιμοι’
3759 3971 3887 4045 πρὶν

2237 4056 2537 4134 ἀναϐλέψαι
2585 4061 2721 4136 πρὸς
2773 4061 2862 4114 τὸν
2921 4057 3098 4127 ἀληθῆ
3151 4056 3312 4133 λόγον
3356 4058 3443 4112 καὶ
3486 4058 3764 4126 ἀνωτάτω,
3795 4058 3888 4111 καὶ

2236 4151 2410 4203 πάντα
2458 4147 2638 4209 δόντες
2690 4151 2800 4220 (50)
2851 4152 2984 4218 Θεῷ,
3031 4149 3157 4221 παρ’
3197 4147 3258 4200 οὗ
3287 4148 3354 4201 τὰ
3383 4147 3574 4211 πάντα,
3608 4146 3737 4200 Θεὸν
3770 4147 3889 4200 ἀντὶ

2234 4237 2448 4292 πάντων
2500 4231 2710 4293 λαϐεῖν.
2761 4233 3072 4308 Μηδαμῶς,
3111 4236 3185 4307 μὴ
3217 4239 3378 4289 τοῦτο
3403 4233 3526 4308 περὶ
3557 4236 3716 4304 ἡμῶν
3755 4235 3887 4288 ὑπο-

2236 4323 2463 4395 λάϐητε,
2524 4322 2577 4378 εἷ’
2619 4346 2671 4378 τι
2727 4318 3129 4396 ὑπολαμϐάνειν
3185 4322 3444 4396 βούλεσθε
3500 4321 3687 4391 δεξιόν.
3749 4323 3892 4379 Οὔτε

2233 4416 2335 4490 γὰρ
2367 4416 2476 4486 (51)
2523 4414 2864 4488 θρηνήσομεν
2914 4412 3005 4466 τὸν
3048 4411 3348 4474 ἀπελθόντα
3396 4411 3562 4466 πλέον
3615 4412 3648 4479 ἢ
3699 4410 3886 4471 καλῶς

2235 4499 2372 4576 ἔχει,
2407 4499 2459 4555 οἵ
2485 4522 2545 4577 γε
2578 4499 2718 4572 μηδὲ
2742 4506 2846 4554 τῶν
2882 4498 3066 4555 ἄλλων
3099 4501 3165 4553 τὰ
3212 4503 3433 4553 τοιαῦτα
3477 4497 3887 4573 ἀποδεχόμεθα,

2234 4592 2358 4646 οὕτε
2402 4589 2788 4662 ἐπαινεσόμεθα
2845 4588 2981 4662 πὲρα
3039 4592 3135 4642 τοῦ
3198 4587 3394 4661 μέτρου
3448 4588 3536 4641 καὶ
3581 4589 3887 4659 πρέποντος

2233 4684 2365 4754 (52),
2397 4679 2570 4734 καίτοι
2605 4699 2666 4752 γε
2699 4675 2872 4751 δῶρον
2905 4676 3062 4755 φίλον
3096 4677 3183 4731 καὶ
3227 4676 3578 4745 οἷ’κειότατον,
3631 4674 3778 4749 εἶ’περ
3835 4699 3887 4731 τι

2233 4767 2373 4824 ἄλλο
2428 4773 2506 4839 τῲ
2551 4765 2726 4843 λογίῳ
2772 4766 2958 4840 λόγος,
2995 4764 3082 4819 καὶ
3130 4769 3208 4836 τῷ
3258 4762 3619 4842 διαφερόντως
3667 4767 3889 4838 ἀγαπή-

2234 4878 2381 4912 σαντι
2428 4855 2554 4916 τοὺς
2604 4853 2771 4927 ἐμοὺς
2821 4852 3019 4930 λόγους
3070 4856 3103 4922 ἡ
3146 4853 3420 4930 εὐφημία·
3472 4854 3560 4908 καὶ
3613 4853 3673 4907 οὐ
3707 4852 3883 4928 δῶρον

2236 4946 2422 5019 μόνον,
2456 4941 2602 4999 ἀλλά
2631 4942 2719 4998 καὶ
2770 4941 2936 5018 χρέος
2994 4943 3241 4997 ἁπάντων
3291 4947 3468 5018 χρεῶν
3518 4939 3884 4999 δικαιότατον.

2231 5033 2386 5088 Ἀλλ’
2438 5035 2562 5087 ’ὁσον
2616 5033 3017 5108 ἀφοσιώσασθαι
3073 5033 3164 5086 τὸν
3223 5031 3347 5106 περὶ
3395 5035 3560 5084 ταῦτα
3591 5031 3759 5103 νόμον
3791 5033 3884 5086 καὶ

2234 5177 2303 5232 λα
2331 5183 2430 5244 τῆς
2464 5173 2601 5243 ὕλης
2633 5175 2770 5246 ἦμεν
2805 5174 3068 5246 περιττοί,
3095 5182 3199 5230 etc.
3229 5198 3248 5224 ε
3279 5178 3416 5229 Cum
3451 5176 3672 5229 caateris
3711 5178 3886 5230 rebus

2233 5251 2502 5318 terrenis,
2535 5253 2708 5318 atque
2739 5247 2809 5301 iis
2841 5248 3091 5302 maxime
3123 5264 3249 5318 quae
3303 5248 3558 5317 corporis.
3608 5253 3764 5316 sunt,
3789 5266 3884 5301 ex-

2231 5322 2598 5384 celleremus,
2625 5318 2974 5390 dicendique
3004 5319 3169 5390 copia
3200 5325 3255 5374 et
3288 5319 3661 5373 sermonibus
3694 5320 3882 5373 ambi-

2231 5395 2366 5449 tiosi
2399 5407 2686 5453 essemus.
2712 5412 2739 5439 ››
2775 5394 2884 5444 etc.

2321 5466 2409 5527 50)
2441 5461 2646 5521 Δόντες.
2683 5462 2741 5514 In
2773 5460 2867 5515 Or.
2906 5462 2954 5522 1,
2986 5477 3074 5532 γρ.
3111 5454 3320 5532 δόντας.

2321 5466 2409 5527 50)
2441 5466 2646 5521 Δόντες.
2684 5466 2741 5514 In
2773 5466 2867 5515 Ur.
2906 5466 2954 5522 1,
2986 5477 3074 5532 γρ.
3111 5466 3320 5518 δόντας.

2299 5466 2410 5620 ξεί)
2441 5532 2568 5620 [ἀε-
2610 5538 2778 5620 ορεει
2811 5533 2869 5585 in
2902 5532 3039 5620 Re-
3065 5531 3458 5620 vaec-.121
3484 5530 3602 5620 9e-

2298 5601 2410 5674 (52)
2441 5601 2539 5676 Καὶ
2571 5601 2892 5676 πρέποντος.
2928 5602 3150 5656 Desunt
3184 5602 3238 5655 in
3274 5602 3451 5672 Regg.
3489 5602 3607 5670 bm,
3644 5601 3741 5671 ph,
3779 5602 3872 5653 tri-

2225 5677 2336 5732 bus
2369 5675 2553 5741 Colb.,
2586 5675 2681 5730 Or.
2719 5676 2743 5729 1
2779 5679 2834 5730 et
2859 5675 2977 5732 Jes.
