4244 6216
446 360 564 418 759

449 577 718 633 cessarize
775 577 1083 647 cujusdam
1144 575 1520 641 heereditatis,
1555 592 1667 630 non
1721 576 1789 630 ad
1845 575 2099 646 seipsam

451 666 880 734 tantummodo,
913 666 1011 719 sed
1046 665 1115 719 ad
1149 663 1363 719 liberos
1414 681 1643 735 quoque
1691 665 2008 733 deducens,
2034 679 2102 717 ex

1692 357 1756 415 S.
1806 354 2177 414 GHEGORII
2224 355 2614 417 THEOLOCI

449 490 593 561 ipsis
626 488 853 560 proavis
884 488 999 542 Deo
1050 492 1407 554 consecrata,
1444 486 1738 558 pietatem,
1774 487 1961 541 instar
1992 502 2093 541 ne-

2225 485 2429 557 >ωμίνη
2487 490 2619 556 Θεῷ,
2668 507 2754 539 και
2802 485 3006 561 κλῆρον
3059 487 3348 560 ἀναγκαῖον
3402 485 3500 540 οὐκ
3545 487 3620 548 είς
3668 487 3834 553 ἑαυτή

2216 574 2379 645 μόνον
2414 576 2549 646 (64),
2596 572 2740 629 ἀλλά
2786 575 2876 629 καὶ
2925 574 3049 637 τοὺς
3101 575 3149 647 ἐξ
3198 574 3367 644 αὐτῆς
3409 577 3715 649 κατάγουσα
3763 577 3861 643 τὴν

2213 657 2502 734 εὐσέϐειαν,
2565 661 2615 733 ἐξ
2677 661 2829 739 ἀγίας
2888 663 3145 739 ἀπαρχῆς
3203 659 3377 726 ὄντως
3437 664 3585 739 ἅγιον
3641 664 3865 740 φύραμα

3740 358 3866 417 ’760

3838 461 3863 491 ν

449 754 671 811 sanctis
728 754 1008 826 primitiis
1065 770 1197 809 vere
1256 759 1458 808 sancta
1516 754 1871 825 conspersio.
1918 753 2102 816 Quam

2225 755 2467 805 τοσοῦτον
2519 748 2575 805 δὲ
2622 751 2752 806 αὐτὸ
2802 751 3075 822 αύξήσασά
3124 754 3240 825 (65)
3288 773 3347 806 τε
3396 752 3488 806 καὶ
3525 750 3866 807 πλεονάσασα

450 845 626 900 etiam
656 847 887 898 tantum
942 843 1105 898 auxit
1162 847 1217 897 et
1265 842 1664 913 amplificavit,
1700 848 1763 897 ut
1808 860 1877 897 ne
1911 841 2103 896 mariti

2216 839 2354 894 ὥστε
2380 838 2489 909 ἤδη
2524 840 2630 894 τισὶ
2681 840 3003 918 (φθέγξομαι
3025 842 3149 915 γὰρ,
3184 841 3229 894 εἷ
3270 839 3359 895 καῖ
3387 842 3671 914 τολμηρὸς
3707 843 3734 895 ὁ
3767 840 3868 896 λό-

452 932 687 1003 quidem
750 932 1160 1003 perfectionem
1222 931 1435 999 (dicam
1495 932 1672 999 enim,
1733 930 1960 986 etiamsi
2012 930 2105 983 hic

2225 934 2378 1005 γος),
2442 926 2582 1000 μηδὶ
2636 930 2735 997 τὴν
2780 933 2877 984 τοῦ
2950 927 3138 1004 ἀνδρὸς
3193 929 3512 999 τελειότητα
3568 931 3751 1003 ἐτέρου
3784 952 3870 985 τι-

454 1038 647 1077 sermo
677 1020 1005 1076 temeritate
1040 1036 1151 1073 non
1184 1019 1419 1090 careat),
1470 1019 1564 1073 alii
1598 1018 1722 1087 ulli,
1756 1035 1928 1091 quam
1969 1018 2103 1089 ipsi,

456 1108 861 1165 ascribendam
895 1124 1023 1163 esse
1054 1106 1319 1161 nonnulli
1354 1108 1613 1173 credant,
1648 1125 1714 1163 ac
1752 1108 2105 1179 praedicent;

456 1214 724 1269 eamque,
758 1213 790 1251 ο
820 1212 941 1250 rem
976 1194 1226 1250 miram!
1262 1213 1364 1267 pro
1423 1196 1654 1268 pietatis
1704 1195 1941 1269 przemio
1983 1213 2107 1250 ma-

449 1288 641 1359 jorem
673 1302 738 1339 ac
791 1284 1190 1356 perfectiorem
1245 1285 1517 1355 pietatem
1559 1286 1872 1357 accepisse.
1925 1286 2109 1339 Ambo

457 1375 711 1429 ﬁliorum
745 1372 921 1427 simul
956 1378 1012 1428 et
1040 1372 1254 1427 Christi
1288 1378 1573 1442 amantes,
1605 1374 1659 1428 id
1696 1375 1850 1445 quod
1878 1390 2112 1429 summa

2215 1016 2308 1078 νός
2362 1018 2396 1085 ἢ
2442 1017 2645 1087 ταύτης
2695 1014 2853 1093 ἔργον
2876 1018 3135 1093 γενέσθαι,
3180 1018 3526 1088 πιστευθῆναί
3564 1040 3620 1073 τε
3648 1020 3737 1073 καὶ
3774 1020 3869 1095 ρη-

2216 1108 2393 1174 θῆναι·
2446 1106 2556 1173 καὶ,
2609 1105 2652 1162 ὣ
2689 1111 2786 1161 τοῦ
2838 1107 3149 1179 θαύματοςί
3186 1104 3349 1171 ἆθλον
3393 1103 3661 1169 εὐσεϐείας
3695 1106 3870 1177 δοθῆ-

2215 1216 2297 1249 ναι
2353 1193 2572 1267 μείζονα
2620 1196 2707 1249 καὶ
2754 1195 3090 1271 τελειοτέραν
3125 1191 3547 1269 εὐσέϐειαν.
3582 1197 3867 1252 Φιλόπαι-

2220 1282 2304 1345 δες
2338 1282 2502 1361 ἄμφω
2529 1285 2616 1338 καὶ
2649 1283 3022 1363 φιλόχριστοι,
3054 1285 3116 1339 τὸ
3146 1282 3601 1359 παραδοξότατον,
3644 1285 3867 1357 μᾶλλον

2221 1371 2278 1427 δὲ
2309 1371 2663 1449 φιλόχριστοι
2716 1372 2881 1428 πλὲον
2930 1374 2965 1442 ἢ
3017 1372 3368 1451 φιλόπαιδες·
3416 1376 3495 1435 οἷς
3523 1395 3583 1449 γε
3629 1375 3720 1428 καὶ
3759 1380 3871 1429 τῶν

460 1464 849 1520 admiratione
897 1463 1139 1535 dignum
1192 1468 1303 1531 est,
1328 1463 1445 1519 imo
1493 1463 1707 1519 Christi
1756 1463 2112 1519 amantiores

2225 1464 2417 1517 τέκνων
2472 1463 2569 1535 μία
2615 1484 2696 1526 τις
2751 1463 3052 1527 ἀπόλαυσις
3100 1468 3188 1534 ἦν,
3232 1466 3294 1519 τὸ
3344 1466 3448 1520 ἀπὸ
3496 1467 3734 1541 Χριστοῦ
3782 1466 3875 1520 καὶ

462 1570 637 1625 quam
668 1553 1022 1618 liberorum;
1058 1552 1275 1623 quippe
1299 1554 1397 1623 qui
1421 1569 1604 1607 unum
1627 1553 1784 1607 hunc
1811 1568 1879 1607 ex
1912 1551 2113 1607 liberis

463 1643 717 1697 fructum
775 1645 1065 1713 caperent,
1123 1646 1187 1696 ut
1245 1659 1278 1696 a
1349 1641 1580 1697 Christo
1637 1645 2111 1713 agnoscerentur,

464 1747 795 1801 nomenque
843 1731 1141 1797 ducerent,
1195 1730 1437 1801 solaque
1487 1730 1724 1799 virtute,
1756 1735 1931 1801 atque
1979 1746 2111 1785 cum

2219 1553 2614 1627 γνωρίζεσθαι,
2674 1554 2761 1607 xui
2840 1552 3241 1626 ὀνομάζεσθαι,
3300 1555 3388 1608 καὶ
3447 1554 3523 1616 εἲς
3592 1552 3876 1615 εὑπαιδίας

2223 1640 2349 1716 ὅρος
2380 1644 2416 1710 ἠ
2449 1641 2636 1715 ἀρετὴ,
2680 1643 2769 1696 καὶ
2817 1645 2851 1711 ἡ
2903 1644 3038 1718 πρὸς
3087 1643 3150 1697 τὸ
3197 1648 3439 1713 κρεῖττον
3491 1646 3601 1715 (67)
3653 1643 3872 1697 οἰκείω-

2224 1749 2323 1791 σις’
2379 1726 2766 1805 εὔσπλαγχνοι,
2817 1733 3137 1803 συμπαθεῖς,
3192 1732 3515 1805 ἁρπάζοντες
3560 1734 3627 1785 τα
3680 1732 3875 1785 πολλὰ

465 1837 556 1885 eo,
589 1820 743 1891 quod
806 1819 1181 1891 priestantius
1235 1824 1345 1885 est,
1375 1818 1535 1874 velut
1590 1819 2001 1889 conjunctione
2051 1834 2114 1873 ac

2225 1820 2423 1888 σητῶν,
2456 1817 2545 1871 καὶ
2596 1816 2831 1891 λῃστῶν,
2881 1820 2967 1873 xui
3016 1824 3113 1874 τοῦ
3161 1822 3629 1895 κοσμοκράτορος,
3663 1820 3724 1875 ἐκ
3766 1828 3870 1888 τῆς

2433 1906 2444 1924 Ι
2598 1907 2611 1924 ἱ
2744 1910 2758 1924 \
3047 1908 3058 1924 Ι
3478 1911 3533 1924 ul
3856 1910 3869 1924 I

467 1908 900 1965 necessitudine
951 1924 1012 1962 se
1070 1906 1229 1979 prole
1287 1907 1480 1962 felices
1537 1908 1881 1963 definirem:
1943 1908 2115 1962 ambo

466 1997 730 2065 humani,
768 1996 1191 2066 misericordes,
1227 1996 1411 2051 multa
1443 1996 1641 2060 tineis,
1674 2001 1730 2051 et
1766 1996 2112 2051 latronibus,

464 2090 521 2141 et
551 2086 754 2140 mundi
791 2085 1039 2157 principi
1072 2085 1404 2156 eripientes,
1436 2086 1508 2141 ab
1540 2084 1816 2151 incolatu,
1847 2086 1918 2140 ad
1950 2084 2117 2139 habi-

462 2176 741 2230 tationem
792 2191 890 2230 eos
938 2175 1377 2241 transferentes,
1407 2175 1840 2246 maximamque
1884 2174 2116 2228 haeredi-

458 2266 659 2332 tatem,
693 2262 804 2318 hoc
836 2270 941 2329 est,
979 2263 1182 2317 futura:
1232 2263 1362 2317 vitae
1413 2262 1807 2335 splendorem,
1842 2261 1977 2317 filiis
2020 2279 2114 2318 co-

457 2356 812 2407 acervantes.
843 2352 934 2406 Sic
966 2351 1049 2406 illi
1097 2352 1168 2406 ad
1219 2351 1396 2406 altam
1448 2356 1809 2407 senectutem
1842 2367 2115 2422 pervene-

455 2444 612 2507 runt,
644 2441 855 2496 virtute
887 2445 1060 2511 atque
1097 2440 1269 2496 annis
1326 2439 1479 2495 inter
1527 2456 1589 2495 se
1623 2457 1816 2512 pares,
1865 2456 1930 2495 ac
1960 2438 2114 2510 pleni

456 2530 706 2597 dierum,
741 2534 860 2585 tam
894 2530 993 2601 qui
1028 2534 1268 2585 manent
1296 2546 1473 2601 quam
1506 2529 1604 2600 qui
1640 2529 1831 2585 ﬂuunt
1862 2545 1927 2584 ac
1976 2528 2112 2583 dila-

458 2620 714 2673 buntur:
751 2623 995 2690 uterque
1027 2617 1247 2690 primas
1280 2619 1429 2672 inter
1473 2618 1750 2672 mortales
1783 2616 2112 2685 habiturus,

466 2707 581 2763 nisi
617 2711 821 2762 mutuo
852 2708 962 2778 ipsi
997 2722 1122 2762 sese
1156 2706 1484 2777 principatu
1518 2706 1911 2779 prohiberent.
1944 2706 2113 2759 Deni-

463 2813 577 2868 que
606 2811 810 2852 omnes
842 2795 1136 2851 felicitatis
1168 2812 1444 2850 numeros
1473 2794 2117 2867 expleverunt,excepta

464 2886 572 2940 hac
606 2890 922 2957 postrema,
956 2890 1020 2939 ut
1070 2883 1361 2955 quispiam
1395 2883 1729 2939 existimare
1768 2888 1965 2954 queat,
1996 2883 2116 2937 sive

466 2973 831 3046 probatione,
864 2973 984 3028 sive
1037 2972 1511 3045 dispensatione:
1545 2971 1655 3028 hoc
1682 2976 1792 3037 est,
1826 2988 1951 3027 meo
1983 2971 2113 3042 qui-

465 3065 596 3119 dem
621 3063 867 3132 judicio,
904 3066 966 3117 ut
997 3062 1297 3134 praemisso
1329 3078 1394 3117 eo
1428 3061 1566 3131 ﬁlio,
1601 3062 1691 3116 cui
1727 3065 1960 3134 propter
1989 3065 2117 3115 teta-

2225 1906 2509 1981 παροικίας
2568 1907 2645 1968 είς
2700 1910 2799 1976 τὴν
2847 1908 3123 1963 κατοικίαν
3178 1911 3719 1981 μετασκευαζόμενοι,
3779 1910 3872 1963 καὶ

2225 1994 2431 2071 κλῆρον
2487 1997 2735 2071 μέγιστον
2775 2002 2890 2059 τοῖς
2940 1997 3093 2051 παισὶ
3138 1999 3235 2067 τὴν
3271 1997 3466 2052 ἐκεῖθεν
3504 1996 3874 2073 λαμπρότητα

2224 2083 2655 2158 θησαυρίζοντες.
2706 2084 2864 2142 Οὕτω
2911 2106 2997 2139 τοι
3028 2086 3116 2139 καὶ
3171 2086 3245 2147 εἰς
3295 2086 3523 2159 λιπαρὸν
3718 2084 3877 2163 ἔφθα-

2225 2192 2317 2225 σαν
2350 2178 2543 2247 γῆρας,
2577 2172 2839 2246 ὁμότιμοι
2868 2172 2956 2227 καὶ
2989 2176 3085 2242 τὴν
3138 2174 3332 2249 ἀρετὴν
3364 2176 3452 2228 xui
3492 2176 3591 2243 τήν
3623 2172 3877 2244 ἡλικίαν,

2223 2260 2311 2313 καὶ
2352 2258 2584 2336 πλήρεις
2634 2264 2881 2337 ἡμερῶν,
2933 2266 3038 2316 τῶν
3089 2283 3147 2317 τε
3200 2268 3473 2335 μενουσῶν
3524 2262 3734 2335 ὁμοίως
3783 2266 3878 2317 xui

2221 2353 2329 2403 τῶν
2362 2346 2666 2421 λυομένων·
2712 2351 2856 2425 παρά
2901 2355 3158 2405 τοσοῦτον
3203 2350 3451 2427 ἑκάτερος
3501 2351 3601 2406 οὐκ
3633 2350 3776 2427 ἔχων
3812 2353 3880 2405 τὰ

2223 2442 2411 2512 πρῶτα
2438 2442 2546 2491 τῶν
2592 2436 2679 2492 ἐπὶ
2728 2446 2851 2513 γῆς,
2900 2442 3026 2515 παρ’
3072 2438 3195 2494 ὅσον
3250 2440 3335 2494 ὑπ’
3387 2439 3652 2511 ἀλλήλων
3705 2440 3781 2502 εἷς
3812 2440 3877 2496 τὸ

2223 2531 2488 2600 πρωτεῖον
2532 2524 2860 2598 ἐκωλύοντο,
2909 2527 2996 2582 καὶ
3043 2526 3222 2597 πάσης
3271 2526 3617 2601 εὐδαιμονίας
3676 2530 3873 2605 μὲτρον

2223 2613 2570 2690 ἐπλήρωσαν,
2603 2614 2748 2685 πλὴν
2781 2623 2879 2685 τῆς
2923 2614 3234 2679 τελευταίας
3282 2618 3507 2688 ταύτης,
3539 2618 3612 2678 ὡς
3667 2617 3723 2671 “uv
3755 2618 3847 2687 οἴη

2225 2702 2342 2770 θείη
2374 2725 2481 2773 τις,
2517 2700 2621 2758 εἴτε
2652 2702 2973 2777 δοκιμασίας
3004 2709 3114 2781 χρή
3152 2705 3353 2781 λέγειν,
3387 2703 3493 2761 εἴτε
3528 2705 3870 2778 οἰκονομίας·

2223 2794 2257 2860 ἡ
2292 2789 2347 2846 δέ
2376 2790 2538 2864 ἐστιν,
2575 2793 2650 2855 ὡς
2681 2794 2708 2847 ὁ
2742 2793 2872 2865 ἐμὸς
2922 2791 3105 2869 λόγος,
3157 2794 3249 2849 τὸν
3301 2794 3710 2873 σφαλερώτερον
3757 2801 3868 2849 τῶν

2224 2880 2430 2935 παίδων
2482 2878 2551 2935 δι’
2598 2879 2816 2950 ἠλικίαν
2875 2882 3319 2957 προπέμψαντες,
3378 2883 3555 2945 οὕτως
3608 2882 3715 2952 ἤδη
3767 2906 3866 2937 κα-

2223 2968 2448 3025 ταλῦσαι
2480 2971 2570 3025 τὸν
2607 2971 2723 3045 βίον
2765 2970 2816 3026 ἒν
2867 2971 3127 3049 ἀσφαλείᾳ
3173 2974 3304 3046 (69),
3354 2972 3443 3027 καὶ
3482 2974 3617 3049 πρὸς
3659 2973 3725 3027 τὰ
3755 2974 3868 3027 ἄνω

2224 3059 2539 3130 πανοικεσίᾳ
2572 3066 2923 3132 μετατεθῆναι
2956 3062 3089 3133 (70).

462 3152 539 3207 tis
592 3151 882 3207 lubricum
934 3150 1123 3222 magis
1171 3150 1499 3205 timendum
1559 3155 1701 3217 erat,
1736 3151 1815 3205 ita
1851 3150 1975 3219 jam
2008 3149 2116 3218 ipsi
2148 3165 2352 3205 securo
2377 3150 2575 3205 animo
2605 3149 2779 3205 vitam
2813 3150 3107 3218 claudant,
3138 3154 3197 3206 et
3227 3166 3359 3205 cum
3389 3150 3662 3206 universa
3690 3152 3865 3206 domo

466 3241 535 3297 ad
569 3257 825 3312 superna
853 3240 1301 3295 transferantur.

533 3328 601 3383 V.
636 3333 827 3400 Atque
866 3328 986 3383 haec
1039 3328 1302 3399 exposui,
1334 3344 1447 3383 non
1509 3332 1573 3382 ut
1631 3325 1864 3380 illorum
1914 3324 2114 3380 laudes

2301 3326 2375 3380 Ε’.
2411 3324 2508 3378 Καὶ
2536 3328 2703 3379 ταῦτα
2743 3321 2991 3393 διῆλθον,
3035 3324 3097 3379 ού
3127 3325 3351 3387 τούτους
3377 3324 3710 3401 ἐγκωμιάσαι
3747 3328 3876 3401 βου-

467 3416 868 3491 praedicarem,
898 3422 1000 3472 aut
1048 3417 1201 3487 quod
1235 3432 1424 3472 essem
1485 3416 1717 3471 nescius
1772 3415 1867 3468 vix
1914 3430 2115 3484 quem-

468 3524 643 3578 quam
678 3506 853 3562 etiam
887 3510 1009 3559 tota
1030 3505 1290 3560 oratione
1320 3505 1390 3559 de
1421 3521 1620 3559 eorum
1644 3503 1921 3558 laudibus
1950 3502 2117 3557 insti-

468 3600 615 3661 tuta,
650 3595 907 3649 materiae
937 3593 1281 3665 dignitatem
1316 3593 1548 3663 assequi
1584 3609 1785 3664 posse:
1821 3607 2023 3646 verum
2057 3595 2121 3645 ut

470 3684 612 3737 illud
646 3683 1009 3738 ostenderem
1047 3699 1079 3736 a
1111 3681 1373 3753 patribus
1423 3681 1677 3735 debitam
1736 3679 1982 3734 Caesario
2011 3678 2120 3733 vir-

468 3778 654 3828 tutem
687 3771 891 3841 fuisse,
924 3788 1029 3826 nec
1074 3771 1287 3825 mirum
1342 3770 1503 3825 vobis
1534 3776 1635 3824 aut
1663 3768 2003 3824 incredibile
2034 3767 2120 3821 vi—

469 3861 590 3917 deri
624 3861 852 3931 debere,
886 3858 934 3915 si
966 3858 1111 3914 tales
1146 3862 1413 3931 parentes
1447 3864 1650 3913 nactus
1681 3857 1899 3912 talibus
1928 3856 2122 3911 laudi-

468 3951 580 4006 bus
613 3966 675 4006 se
705 3948 947 4021 dignum
984 3948 1232 4020 praabuit
1260 3966 1272 4015 ;
1302 3947 1399 4002 sed
1425 3946 1567 4001 illud
1602 3946 1815 4018 potius,
1844 3945 2121 4016 si,negle-

468 4040 575 4094 ctis
608 4038 944 4095 domesticis
976 4043 1032 4092 et
1084 4037 1432 4109 propinquis
1481 4035 1785 4106 exemplis,
1819 4034 1963 4089 alios
2011 4034 2121 4088 sibi

469 4128 815 4198 spectandos
850 4127 1271 4198 proposuisset.
1299 4127 1482 4195 Atque
1506 4124 1674 4179 initia
1703 4124 1940 4194 quidem
1972 4125 2124 4193 ejus-

468 4214 623 4270 modi
659 4216 917 4284 fuerunt,
979 4218 1035 4269 et
1066 4213 1265 4284 qualia
1312 4229 1441 4268 esse
1489 4229 1618 4267 vere
1666 4212 1938 4284 ingenuis
1970 4212 2114 4267 20]

468 4302 868 4365 conveniebat,
904 4318 969 4356 ac
1000 4306 1152 4356 recte
1183 4306 1241 4357 et
1272 4302 1512 4356 honeste
1543 4301 1799 4355 victuris.
1829 4300 1899 4355 Ut
1928 4304 2120 4355 autem

471 4390 665 4446 media
694 4389 973 4455 incidam,
1007 4389 1116 4444 hoc
1147 4388 1801 4459 est,pulchritudiuem,
1836 4389 2126 4460 magnitu-

471 4479 689 4545 dinem,
724 4482 902 4548 atque
931 4476 1093 4532 illius
1143 4477 1201 4531 in
1236 4476 1513 4531 omnibus
1544 4476 1718 4531 rebus
1762 4478 2125 4548 gratiam,-et

470 4568 629 4623 velut
658 4568 718 4621 in
749 4566 909 4621 sonis
959 4570 1306 4621 concentum
1341 4565 1839 4636 (quandoquidem
1881 4583 1984 4621 nec
2020 4584 2124 4622 no-

2228 3410 2480 3486 λόμενος,
2541 3410 2664 3467 οὐδὲ
2720 3412 2950 3489 ἀγνοῶν,
3010 3412 3091 3467 ὅτι
3152 3412 3311 3485 μόλις
3360 3415 3418 3467 ἄν
3468 3436 3552 3476 τις
3593 3422 3697 3483 τῆς
3728 3414 3880 3484 ἀξίας

2228 3500 2489 3579 ἆφίκοιτο,
2522 3502 2611 3555 καὶ
2643 3500 2781 3571 ὅλην
2818 3502 3068 3565 ὑπόθεσιν
3119 3500 3285 3578 λόγου
3336 3502 3429 3556 τὸν
3474 3503 3682 3558 τούτων
3723 3502 3879 3557 ἔπαι-

2227 3612 2316 3645 νον
2352 3590 2742 3663 ἐνστησάμενος
2773 3594 2906 3663 (71),
2956 3590 3102 3646 ἀλλά
3143 3590 3215 3644 ’ίν⁹
3266 3589 3592 3665 ἐπιδείξαιμι
3637 3592 3696 3647 ἐκ
3724 3596 3885 3645 πατέο

2231 3700 2337 3755 ρων
2369 3677 2733 3757 ὀφειλομένην
2790 3679 3068 3755 Καισαρίῳ
3117 3680 3214 3747 τὴν
3261 3679 3477 3755 ἀρετὴν,
3511 3680 3599 3735 xui
3652 3682 3725 3749 μὴ
3759 3693 3883 3743 θαυ-

2235 3768 2461 3841 μάζητε,
2502 3765 2642 3840 μηδὲ
2673 3769 2952 3839 ἆπιστῆτε,
2984 3767 3050 3835 εί,
3101 3768 3362 3823 τοιούτων
3407 3770 3590 3845 τυχὼν
3622 3770 3877 3844 γεννητό-

2233 3877 2363 3933 ρων,
2393 3856 2656 3911 τοιούτων
2709 3857 2892 3911 ἑαυτὸν
2941 3857 3208 3932 παρεσχεν
3262 3856 3489 3911 ἐπαίνων
3522 3856 3688 3927 ἄξιον·
3734 3857 3883 3912 ἀλλὰ

2230 3945 2560 4015 τούναντίον,
2596 3945 2646 3999 εἶ’
2672 3946 2808 4022 πρὸς
2848 3944 3061 4017 ἑτέρους
3092 3944 3223 4015 εἶδε,
3253 3951 3360 4001 τῶν
3392 3945 3607 4001 οἰκείων
3638 3947 3727 4001 καὶ
3768 3952 3879 4001 τῶν

2233 4034 2453 4109 ἐγγύθεν
2488 4033 2771 4106 ἀμελήσας
2823 4031 3259 4108 ὑποδειγμάτων.
3309 4036 3383 4088 Τὰ
3435 4037 3529 4107 μὲν
3572 4033 3639 4103 δὴ
3690 4040 3883 4106 πρῶτα

2231 4123 2571 4193 τοιαῦτα,οἷα
2592 4130 2862 4195 προσῆκεν
2898 4123 3027 4177 εἶναι
3047 4128 3164 4184 τοῖς
3193 4118 3364 4184 ὅντως
3392 4125 3502 4197 (72)
3529 4124 3583 4178 εὗ
3607 4124 3880 4198 γεγονόσι,

2232 4212 2320 4266 xui
2350 4210 2532 4272 καλῶς
2590 4212 2876 4287 βιώσεσθαι
2932 4209 3247 4284 μέλλουσιν.
3278 4213 3392 4269 Ἵνα
3440 4210 3495 4267 δὶ
3542 4213 3607 4267 τὰ
3647 4213 3698 4267 ἐν
3736 4216 3886 4286 μὲσῳ

2234 4300 2496 4373 συντέμω,
2529 4298 2850 4370 κάλ)κος,καὶ
2888 4302 3135 4375 μέγεθος,
3160 4301 3248 4355 xui
3270 4303 3369 4369 τὴν
3391 4300 3478 4355 ἰπὶ
3500 4308 3628 4355 πᾶσι
3659 4307 3756 4356 τοῦ
3786 4301 3885 4354 ἀν-

2235 4387 2359 4463 δρὸς
2392 4391 2573 4463 χάριν,
2624 4390 2713 4442 καὶ
2766 4388 2948 4464 ὥσπερ
2981 4389 3030 4444 ἐν
3080 4390 3332 4466 φθόγγοις
3387 4389 3745 4465 εὐαρμοστίαν
3777 4390 3885 4461 (ὅτι

2238 4476 2377 4551 μηδέ
2407 4479 2539 4554 πρὸς
2566 4480 2724 4549 ἡμῶν
2760 4481 2874 4551 (73)
2902 4479 2968 4532 τὰ
2994 4483 3216 4533 τοιαῦτα
3240 4477 3552 4551 θαυμάζειν,
3577 4479 3621 4532 εἰ
3652 4481 3739 4532 xui
3771 4485 3888 4539 τοῖς

2236 4565 2427 4627 ἄλλοις
2457 4566 2522 4620 ού
2560 4567 2726 4641 μικρὰ
2778 4567 3063 4644 φαίνεται),
3096 4568 3230 4641 πρὸς
3279 4568 3346 4621 τὰ
3389 4566 3576 4643 ἐφεξῆς
3631 4570 3745 4637 (74)
3788 4568 3883 4639 βα-

473 4661 660 4713 strum
694 4660 783 4710 est
812 4671 903 4709 res
935 4652 1281 4724 bujusmodi
1316 4653 1536 4718 mirari,
1578 4653 1810 4710 tametsi
1843 4654 1973 4709 aliis
2006 4672 2114 4711 non

2235 4652 2455 4726 διοῦμαι
2486 4653 2582 4709 τοῦ
2634 4653 2829 4730 λόγου,
2861 4655 2957 4719 καὶ,
3002 4654 3033 4708 ἃ
3087 4652 3227 4729 μηδὲ
3276 4653 3600 4729 βουλομάνῳ
3652 4654 3888 4729 παραλι-

471 4762 657 4818 parva;
690 4760 818 4799 esse
845 4742 1273 4812 videantur),ad
1308 4759 1375 4796 ea
1403 4760 1533 4814 quae
1564 4743 1837 4813 deinceps
1865 4761 2123 4815 sequun-

2234 4749 2353 4797 πεῖν
2390 4740 2595 4819 ῥᾴδιον,

464 4840 582 4897 tur,
614 4836 670 4889 et
698 4849 848 4903 quas,
882 4848 954 4886 ne
983 4832 1033 4886 si
1065 4831 1295 4902 cupiam
1332 4831 1592 4903 quidem,
1627 4830 1794 4887 facile
1823 4834 2268 4903 pretermittere
2300 4850 2567 4905 possum,
2602 4834 2925 4888 orationem
2958 4834 3275 4889 conferam.

540 4958 649 5029 (64)
683 4953 879 5029 Μόνον.
904 4953 1076 5029 Cpisl.
1108 4954 1161 5024 1,
1197 4951 1393 5029 μόνην.

539 5023 650 5099 (65)
684 5024 825 5080 Αὐτὸ
858 5023 1162 5099 καῦξήσασας
1200 5023 1349 5099 Ἠθετ
1414 5025 1532 5091 δη).
1568 5023 1799 5099 ,αὖτῆνκ
1834 5024 1973 5099 Βθες-
2017 5026 2117 5098 Ph.

466 5095 584 5155 trés
616 5095 1013 5173 qub.,_Ur..Li_,
1046 5102 1103 5153 et
1130 5097 1248 5152 Jes.
1283 5095 1523 5173 ᾠύραμα,
1555 5096 1589 5164 ἡ
1621 5096 1712 5150 τὸν
1744 5095 1900 5150 αὐτὸν
1923 5095 2117 5169 (ηὲωέ

466 5187 557 5243 pe,
587 5166 819 5243 κλῆρον)
866 5166 994 5243 αύξή
1005 5188 1156 5243 σασα.

557 5244 648 5307 66)
678 5236 1043 5313 Τελέιοτέραν,
1077 5239 1171 5295 Or.
1210 5239 1264 5308 1,
1296 5236 1649 5313 τελεωτέραν.

557 5246 648 5307 66)
678 5246 1042 5313 Τελειοτὲραν,
1077 5246 1171 5295 Ur.
1210 5246 1264 5308 1,
1296 5246 1649 5311 τελεωτέραν.

533 5246 645 5385 im)
679 5314 961 5385 Kpdrtov.
1001 5311 1113 5366 Hac
1181 5326 1344 5385 voce_
1395 5330 1426 5385 ιι
1488 5310 1672 5364 Deum
1706 5331 1748 5385 »_
1795 5309 2118 5382 intelligere

467 5381 700 5440 videtur
729 5381 1066 5455 Gregorius,
1100 5397 1165 5436 ac
1225 5381 1490 5455 proinde
1514 5381 1880 5455 vertendum,
1913 5404 1939 5455 ς(
1982 5399 2115 5437 cum

468 5455 583 5511 Deo
616 5451 1025 5526 conjunctione
1050 5451 1107 5507 et
1138 5451 1590 5526 necessitudine.
1619 5475 1645 5501 ››
1681 5451 1883 5507 Billius
1916 5454 1972 5507 in
2006 5454 2117 5525 pri-

467 5544 563 5582 ma
595 5522 847 5583 editione
876 5527 962 5580 sic
988 5528 1235 5579 verterat
1260 5539 1271 5576 :
1307 5546 1333 5571 ‹‹
1366 5522 1488 5595 sola
1518 5523 1727 5595 virtute
1757 5522 2116 5595 conjunctio-

467 5615 654 5669 neque
685 5615 817 5652 cum
849 5597 1167 5669 Deoiatque
1196 5594 1512 5655 consortio,
1538 5594 1760 5650 felicem
1795 5594 2112 5651 liberorum

468 5664 927 5741 procreationem
959 5664 1287 5722 deﬁnirent.
1329 5687 1351 5713 ι

2301 4956 2415 5027 (68)
2445 4954 2539 5016 Εἷς
2571 4952 2825 5027 λιπαρόν.

2228 5033 2544 5082 nectutem.
2583 5050 2610 5075 π)

2300 5100 2412 5173 (69)
2445 5099 2529 5173 Ἐν
2564 5096 2846 5173 ᾀσφαλείᾳ.
2895 5099 3035 5153 Tres
3095 5099 3303 5173 Regg.,
3330 5098 3573 5154 totidem
3624 5100 3785 5155 Colb.
3827 5104 3887 5154 et

2228 5167 2408 5244 Orsi,
2442 5170 2532 5221 σὺν
2568 5167 2921 5244 ἀσφαλείᾳ-α
2951 5186 3083 5244 cum
3118 5167 3454 5244 securitate.
3488 5192 3515 5219 ιι

2322 5242 2414 5310 70)
2446 5236 2831 5312 Μετατέθῇναιξ
2865 5242 2959 5297 Sic
2993 5242 3131 5312 Reg.
3166 5241 3263 5296 bu.
3301 5242 3430 5296 Par.
3454 5236 3845 5312 μεταδεθῆναι.

2886 4980 2907 5006 ι
2963 4957 3049 5011 Ad
3100 4957 3336 5012 uberem
3390 4958 3741 5028 beatamque
3792 4974 3885 5012 se-

2320 5314 2412 5383 71)
2444 5311 2893 5383 Ἐνστησάμενος.
2929 5310 3103 5368 Coisl.
3138 5312 3189 5380 4,
3225 5310 3647 5383 συστησάμενος.

2328 5334 2412 5383 ΓΙ)
2463 5334 2706 5381 ινστησα
2726 5334 2893 5372 ιενος.
2929 5334 3103 5368 UUlSl.
3138 5334 3189 5380 1,
3225 5334 3647 5383 συστησαμενος.

2225 5334 2409 5509 Egi?)
2441 5385 2665 5438 Ὀντωε.
2710 5334 2881 5440 l)eest
2911 5383 2970 5439 in
3004 5384 3273 5455 pluribus
3303 5386 3470 5439 codd.
3498 5401 3599 5439 nec
3630 5381 3883 5436 reddidit

2275 5472 2286 5507 ι
2339 5473 2450 5510 ius.

2295 5499 2587 5598 aii-fligi):
2618 5528 2799 5597 ἡμῶν.
2832 5525 2921 5598 Sic
2951 5529 3069 5580 tres
3100 5525 3304 5598 Regg.,
3336 5532 3455 5581 tres
3484 5526 3666 5584 Colb..
3700 5524 3793 5578 Or.
3820 5526 3873 5588 1,

2225 5578 2429 5651 et‘Jéé.
2466 5578 2614 5667 Editi
2642 5578 2801 5661 “vero;
2838 5578 3012 5667 ὗμῶν.

2298 5668 2415 5738 (74)
2444 5668 2519 5721 Τὰ
2545 5665 2755 5743 ἐφεξῆς.
2790 5664 2929 5741 Reg.
2962 5685 3016 5734 a,
3046 5665 3113 5720 τὰ
3130 5664 3271 5738 ἑξῆς.

4132 1316 4133 1395 l

4132 1402 4137 1555 ί

4144 1840 4145 1881 l
