4244 6216
533 394 652 453 ’763

1777 386 1845 446 S.
1890 380 2262 445 GREGORII
2305 382 2700 445 THEOLOGI

3831 384 3947 443 764

534 524 769 592 mentis,
788 521 1099 591 causisque
1131 521 1469 575 morborum
1497 518 1866 591 inquirendis
1896 518 2177 584 versatur,

2295 513 2512 584 θμοῖτο,
2561 512 2623 566 τὸ
2679 507 2963 587 πρεσϐεῖον
3022 511 3076 567 ἐν
3130 518 3245 573 τοῖς
3296 509 3563 587 δευτέροις
3622 508 3943 589 φερόμενος⁹

536 619 599 668 ut
628 611 875 667 succisis
908 610 1205 664 radicibus
1239 609 1382 662 rami
1407 625 1639 679 quoque
1670 605 1843 662 simul
1872 609 2181 675 amputen-

535 709 650 768 tur,
683 700 815 771 quis
846 701 929 753 ita
958 700 1194 769 ineptus
1237 702 1292 753 et
1325 697 1587 768 pervicax
1622 702 1765 761 erat,
1799 701 1865 750 ut
1897 694 2184 749 secundas

535 789 647 861 ipsi
677 790 861 856 daret,
895 803 961 842 ac
992 803 1107 842 non
1140 787 1285 841 bene
1317 802 1517 841 secum
1550 786 1642 858 agi
1684 786 1939 852 duceret,
1974 783 2023 837 si
2051 798 2185 853 pro-

534 879 759 934 ximum
794 877 878 930 illi
920 892 1232 930 numerum
1292 874 1597 941 obtineret,
1631 890 1697 929 ac
1755 872 1975 944 primas
2034 872 2186 925 inter

2295 600 2389 655 ις’
2517 606 2539 639 τ
2712 601 3015 657 ’λα’
3187 601 3293 655 ἀ¹
3583 600 3799 656 ’λλπι
3919 623 3937 633 -

2338 623 2391 656 αι
2446 622 2613 655 ταυτα
2671 623 2732 656 ου
2822 623 2951 676 ογος
2999 622 3137 656 εστιν
3226 621 3520 676 μαρτυρος,
3572 621 3603 654 α
3740 623 3846 673 τ.φῖ
3884 624 3939 655 τι

2294 693 2434 764 ὁμοῦ
2467 690 2621 761 λῆξις
2651 693 2761 763 (85)
2811 692 2899 745 καὶ
2957 691 3225 764 ἑσπέριος,
3258 692 3344 745 καὶ
3378 685 3509 759 ὅσην
3539 690 3741 751 ἐκεῖνος
3774 689 3942 758 ἐπῆλ-

2293 781 2379 834 θεν
2436 779 2675 854 ὕστερον,
2734 779 2995 852 ἐπίσημοι
3054 778 3250 847 στῆλαι
3296 785 3397 847 τῆς
3462 778 3665 834 ἐκείνου
3722 776 3943 835 παιδεύ-

2294 889 2451 931 σεως.

531 967 826 1022 secundos
859 964 1080 1020 ferret?
1111 964 1307 1035 Neque
1339 980 1469 1019 vero
1501 963 1621 1017 haec
1654 979 1846 1017 sermo
1877 960 2117 1033 quidam
2150 963 2311 1027 sunt,
2344 958 2507 1014 nullo
2551 959 2889 1015 testimonio
2934 958 3234 1024 suffultus,
3271 976 3467 1014 verum
3513 964 3568 1014 et
3615 958 3939 1015 orientalis,

533 1061 589 1110 et
622 1052 998 1110 occidentalis
1029 1069 1149 1123 ora,
1170 1058 1226 1107 et
1255 1051 1503 1122 denique
1529 1067 1733 1107 omnes
1764 1067 1841 1105 e
1874 1050 2161 1121 regiones,
2196 1066 2343 1120 quas
2372 1052 2567 1120 postea
2602 1049 2997 1120 perlustravit,
3030 1048 3291 1120 insignes
3316 1046 3506 1118 ipsius
3535 1048 3811 1103 doctrina)
3844 1065 3937 1103 cc-

529 1144 751 1199 lumna:
778 1147 937 1198 sunt.

601 1233 749 1287 VIII.
782 1232 923 1287 Cum
956 1236 1174 1296 autem,
1211 1235 1276 1285 ut
1303 1230 1497 1285 omnis
1535 1229 1765 1301 generis
1796 1227 2089 1282 mercibus
2120 1226 2180 1280 in

530 1322 829 1393 ingentem
862 1320 1054 1374 navim
1089 1318 1437 1385 onerariam,
1472 1318 1555 1373 sic
1604 1319 1728 1389 ipse
1759 1317 1917 1372 omni
1950 1315 2181 1371 virtutis

530 1425 598 1463 ac
629 1407 952 1479 disciplina:
983 1423 1193 1478 genere
1223 1405 1281 1460 in
1316 1406 1573 1459 animam
1608 1420 1777 1459 suam
1828 1402 2087 1472 collecto,
2119 1400 2177 1454 in

531 1496 824 1569 prOpriam
862 1497 1065 1551 urbem
1110 1495 1425 1566 navigaret,
1484 1499 1548 1549 ut
1579 1492 1855 1565 pulchras
1906 1491 2177 1546 doctrina!

530 1604 649 1641 suae
683 1601 908 1641 merces
937 1584 1068 1640 aliis
1100 1585 1275 1639 etiam
1308 1583 1652 1655 impertiret,
1685 1583 1779 1636 hic
1810 1596 2040 1652 quoque
2072 1580 2179 1634 ad-

530 1674 820 1730 mirabilis
867 1673 1132 1744 quaedam
1185 1688 1276 1727 res
1334 1672 1563 1736 accidit,
1624 1687 1821 1742 quam,
1855 1669 1995 1741 quia
2050 1668 2178 1737 ejus

529 1762 852 1817 recordatio
886 1779 977 1816 me
1007 1760 1269 1815 omnium
1317 1760 1569 1815 maxime
1598 1758 1865 1828 delectat,
1899 1757 2178 1827 vobisque

2362 1224 2444 1279 H'.
2480 1225 2626 1279 Ἐπει
2676 1220 2753 1292 δὶ,
2800 1229 2970 1277 πᾶσαν
3027 1222 3218 1297 ἀρετήν
3267 1244 3326 1277 τε
3368 1223 3456 1277 καὶ
3492 1222 3720 1295 μάθησιν
3756 1222 3938 1297 ὥσπερ

2294 1311 2509 1387 μεγάλη
2560 1312 2747 1389 φορτὶς
2803 1309 3151 1379 παντοδαπὴν
3209 1311 3470 1386 ἐμπορίαν
3533 1312 3607 1373 εἷς
3657 1313 3779 1384 μίαν
3837 1316 3937 1382 τὴν

2290 1402 2481 1456 ἑαυτοῦ
2510 1402 2693 1476 ψυχὴν
2727 1400 3143 1473 συλΑεξάμενος,
3175 1399 3263 1455 ἰπὶ
3290 1404 3389 1469 τήν
3416 1401 3603 1455 ἑαυτοῦ
3633 1400 3795 1455 πόλιν

2290 1488 2597 1559 ἐστέλλετο,
2632 1491 2705 1552 ὡς
2738 1491 2797 1544 ἃν
2828 1490 2917 1544 καὶ
2946 1495 3063 1551 τοῖς
3092 1488 3285 1551 ἄλλοις
3323 1488 3583 1561 μεταδοίη
3613 1495 3722 1545 τῶν
3752 1489 3937 1545 καλῶν

2290 1580 2588 1653 ἀγωγίμων
2647 1582 2743 1648 τῆς
2791 1580 2982 1634 ἑαυτοῦ
3035 1576 3388 1645 παιδεύσεως,
3463 1578 3682 1633 ἐνταῦθα
3738 1601 3792 1636 τι
3848 1580 3937 1635 καὶ

2289 1668 2593 1743 συνηνέχθη
2624 1675 2847 1744 πρᾶγμιο
2875 1670 3189 1741 θαυμάσιον,
3222 1665 3375 1724 οΰδὶν
3419 1665 3475 1724 δὲ
3522 1668 3659 1740 οἷον,
3701 1668 3790 1724 καὶ
3836 1671 3936 1743 γὰρ

2288 1757 2384 1831 ἐμὲ
2412 1780 2471 1833 γε
2502 1760 2613 1832 (87)
2668 1756 2904 1831 μάλιστα
2948 1758 3161 1813 πάντων
3217 1756 3482 1833 εὐφραίνει
3511 1762 3674 1812 τοῦτο
3722 1778 3936 1829 μνημο-

526 1853 700 1908 etiam
735 1852 1090 1923 voluptatem
1123 1852 1324 1906 aﬂ‘erre
1372 1854 1568 1921 queat,
1602 1866 1717 1904 non
1759 1849 2015 1904 alienum
2050 1847 2176 1902 fue-

2285 1847 2487 1919 νευθὶν,
2545 1847 2632 1901 καὶ
2691 1847 2831 1908 tua;
2892 1847 2951 1901 ἃν
3011 1844 3199 1915 ἡδίους
3257 1849 3554 1915 ποιήσειεν,
3614 1844 3666 1899 ἐν
3740 1848 3938 1922 βραχεῖ

526 1942 604 1995 rit
635 1939 839 2012 paucis
890 1955 1194 2011 exponere.
1248 1942 1427 1992 Mater
1482 1942 1703 2004 nostra,
1743 1941 2003 1992 materno
2035 1951 2176 2007 quo-

525 2032 661 2085 dam
692 2034 1028 2101 voto,atque
1058 2028 1275 2083 amoris
1324 2043 1463 2098 erga
1514 2025 1663 2082 filios
1713 2026 1905 2098 pleno,
1935 2025 2044 2080 hoc
2074 2042 2176 2096 op-

524 2120 708 2189 tabat,
742 2118 1242 2190 quemadmodum
1273 2117 1480 2172 ambos
1510 2116 1709 2171 eodem
1743 2120 2002 2186 tempore
2033 2114 2178 2169 emi-

526 2213 703 2275 serat,
739 2207 822 2263 sic
853 2208 1056 2263 ambos
1105 2222 1337 2277 quoque
1368 2206 1547 2260 simul
1596 2205 1908 2260 redeuntes
1938 2203 2176 2258 videret.

527 2298 775 2351 Eramus
804 2296 983 2363 enim,
1018 2295 1067 2351 si
1127 2312 1241 2350 non
1297 2294 1449 2359 aliis,
1482 2293 1655 2349 matri
1713 2293 1947 2364 quidem
2000 2296 2177 2355 certe,

527 2402 661 2440 cum
697 2385 872 2441 simul
906 2383 1393 2455 conspiceremur,
1429 2400 1534 2454 par
1572 2382 1865 2453 quoddam
1898 2381 2046 2435 votis
2078 2397 2177 2434 ex-

527 2474 871 2546 optandum,
901 2479 1077 2545 atque
1122 2473 1451 2538 visendum,
1481 2471 1617 2527 licet
1664 2488 1820 2525 nunc
1855 2470 1925 2525 ab
1960 2468 2180 2524 invidia

528 2562 680 2618 male
710 2562 1084 2617 dissolutum.
1121 2562 1186 2615 Et
1234 2577 1364 2616 ecce
1394 2561 1494 2615 Dei
1544 2560 1825 2632 impulsu,
1860 2559 1958 2630 qui
1987 2560 2178 2629 justas

524 2667 728 2723 preces
758 2650 941 2718 audit,
975 2653 1031 2705 et
1060 2653 1367 2721 parentum
1402 2665 1538 2721 erga
1578 2650 1788 2720 probos
1832 2648 1984 2703 ﬁlios
2015 2664 2175 2704 amo-

525 2755 649 2793 rem
682 2739 739 2792 in
774 2738 962 2809 pretio
991 2737 1187 2804 habet,
1224 2754 1326 2792 nec
1383 2753 1450 2792 ex
1505 2737 1748 2792 consilio
1798 2736 1935 2803 ullo,
1970 2753 2076 2791 nec
2107 2755 2175 2793 ex

527 2831 852 2898 compacto,
884 2826 981 2881 ille
1038 2826 1407 2894 Alexandria,
1440 2842 1543 2898 ego
1588 2842 1654 2880 ex
1701 2826 1938 2893 Graecia,
1972 2825 2117 2881 alter
2144 2844 2176 2882 a

526 2924 699 2982 terra,
732 2914 884 2971 alter
908 2915 1073 2983 mari,
1108 2915 1309 2973 eodem
1358 2920 1621 2986 tempore
1652 2915 1709 2970 in
1740 2916 2004 2970 eamdem
2038 2915 2171 2969 civi-

522 3008 701 3061 tatem
736 3003 1089 3075 appulimus.
1127 3005 1250 3058 Hac
1280 3010 1475 3060 autem
1507 3008 1631 3058 erat
1660 3004 2172 3077 Byzantium,urbs

521 3092 702 3150 totius
731 3097 968 3164 Europa:
1026 3092 1416 3164 principatum
1478 3108 1632 3147 nunc
1686 3096 1929 3159 tenens;
1962 3091 2017 3146 in
2056 3109 2172 3165 qua

516 3186 743 3237 tantam
774 3181 931 3237 brevi
965 3180 1207 3253 gloriam
1240 3181 1527 3237 Cessarius
1557 3181 1804 3252 adeptus
1834 3186 1939 3248 est,
1965 3187 2031 3237 ut
2062 3199 2167 3253 pu—

517 3270 652 3326 blici
687 3270 959 3334 honores,
991 3269 1302 3340 nobileque
1333 3270 1796 3339 matrimonium,
1830 3286 1895 3324 ac
1934 3276 2167 3327 senato-
2199 3236 2242 3303 Ο

519 3358 607 3413 ria
635 3357 896 3428 dignitas
926 3357 975 3413 ei
1000 3356 1195 3413 oblata
1228 3358 1846 3430 fuerit,communique
1875 3359 2104 3414 decreto
2138 3376 2171 3415 a

522 3462 735 3517 magno
767 3446 1114 3516 imperatore
1173 3463 1273 3518 per
1320 3446 1540 3518 legatos
1584 3448 1736 3502 203
1795 3448 2037 3518 petitum
2071 3449 2168 3515 sit,

523 3539 589 3591 ut
646 3534 967 3605 principem
1030 3534 1234 3589 urbem
1300 3534 1420 3589 viro
1490 3536 1852 3590 eruditorum
1911 3537 2172 3609 principe

521 3623 717 3680 ornari
784 3629 959 3693 atque
1039 3624 1338 3679 honestari
1422 3622 1592 3679 vellet
1681 3625 1995 3696 (siquidem
2065 3627 2173 3681 hoc

523 3712 636 3786 ipsi
712 3729 862 3769 curae
932 3718 1107 3780 esset,
1143 3716 1208 3767 ut
1274 3729 1401 3767 vere
1472 3713 1770 3785 primaria,
1823 3715 2173 3785 nominaque

526 3819 633 3858 suo
667 3801 847 3873 digna
873 3800 1186 3871 existeret),
1220 3805 1394 3873 atque
1445 3802 1515 3856 ad
1557 3806 1792 3857 caeteras
1826 3803 2011 3873 ipsius
2042 3802 2173 3858 lau-

525 3892 628 3949 des
659 3891 810 3945 hanc
842 3891 1130 3955 accedere,
1161 3895 1224 3945 ut
1270 3889 1537 3958 Caesario,
1582 3895 1640 3945 et
1687 3891 1928 3962 medico,
1970 3896 2025 3947 et
2054 3892 2175 3947 cive

525 3984 835 4036 ornaretur
860 3998 871 4035 :
897 3980 1168 4051 quamvis
1198 3979 1413 4050 alioqui
1443 3984 1649 4051 praeter
1679 3984 1950 4035 caaterum
1981 3981 2174 4051 splen-

528 4069 750 4133 dorem,
786 4068 944 4136 viris,
979 4072 1095 4123 tam
1129 4068 1187 4122 in
1224 4068 1593 4140 philosophia
1624 4085 1798 4139 quam
1830 4069 1887 4123 in
1934 4069 2064 4125 aliis
2086 4087 2175 4125 ar-

530 4156 678 4210 tium
711 4156 1042 4225 generibus,
1076 4157 1306 4212 eximiis
1363 4158 1641 4212 abundet.
1675 4157 1783 4212 Sed
1842 4158 1911 4212 de
1969 4158 2077 4213 hac
2116 4174 2176 4214 re

534 4244 698 4297 satis.
738 4242 883 4298 lllud
944 4250 1162 4312 autem,
1196 4247 1348 4315 quod
1405 4251 1530 4301 tum
1591 4246 1850 4316 contigit,
1882 4246 2015 4301 licet
2046 4245 2176 4302 aliis

529 4335 748 4385 temere
778 4348 843 4386 ac
877 4333 1113 4387 fortuito
1146 4333 1458 4404 contigisse
1504 4334 1813 4405 videretur,
1846 4336 2176 4405 cujusmodi

532 4419 718 4473 multa
750 4419 860 4473 fert
889 4436 1062 4475 casus
1095 4420 1151 4473 in
1199 4422 1371 4475 rebus
1424 4422 1719 4491 humanis,
1752 4424 1905 4495 apud
1941 4424 2065 4495 pios
2096 4429 2179 4479 ta-

530 4522 660 4562 men
696 4523 977 4578 perquam
1013 4508 1390 4562 manifestum
1420 4513 1564 4576 erat,
1601 4528 1715 4566 non
1755 4511 1867 4566 alia
1898 4513 1967 4567 de
2001 4530 2178 4568 causa

2289 1934 2671 2010 διηγήσασθαι.
2724 1932 2944 2011 Ηῖἲχετο
2998 1936 3090 2008 μὲν
3136 1938 3170 2004 ἠ
3228 1937 3410 2009 μήτηρ
3462 1935 3631 2010 εὐχὴν
3662 1938 3936 2010 μητρικήν

2284 2046 2404 2079 τινα
2453 2024 2541 2079 καὶ
2592 2022 2913 2102 φιλόπαιδα,
2967 2024 3147 2098 ὥσπερ
3211 2024 3501 2096 ἐξέπεμψεν
3570 2023 3933 2099 ἀμφοτέρους,

2287 2113 2428 2169 οὕτω
2460 2114 2547 2168 καὶ
2598 2113 2687 2168 σὺν
2746 2112 3022 2183 ἀλλήλοις
3070 2110 3462 2177 ἐπανελθόντας
3497 2110 3649 2168 ἰδεῖν.
3682 2114 3933 2185 Ξυνωρὶς

2283 2202 2385 2279 γὰρ
2417 2199 2710 2275 ἐδοκοῦμεν
2741 2204 2854 2275 (88)
2883 2223 2989 2269 τις,
3019 2199 3107 2257 καί
3139 2201 3183 2256 εί
3219 2203 3293 2275 μή
3325 2207 3441 2263 τοῖς
3492 2199 3705 2268 ἄλλοις,
3767 2203 3934 2276 μητρί

2285 2293 2338 2366 γ’
2367 2290 2481 2361 οὖν,
2535 2292 2706 2366 εὐχῆς
2751 2291 2841 2347 καὶ
2888 2290 3009 2352 θέας
3038 2291 3176 2361 ἀξία,
3207 2291 3298 2345 σὺν
3333 2289 3603 2361 ἀλλήλοις
3637 2292 3933 2365 ὁρώμενοι,

2284 2385 2320 2452 ἠ
2352 2387 2442 2436 νῦν
2473 2388 2651 2444 κακῶς
2680 2382 2783 2437 ὑπὸ
2811 2386 2910 2436 τοῦ
2940 2382 3138 2459 φθόνου
3162 2379 3469 2436 διαλυθεῖσα
3492 2400 3508 2415 ⁸
3540 2386 3673 2437 Θεοῦ
3706 2379 3762 2436 δὲ
3791 2382 3934 2437 οὕτω

2285 2474 2625 2541 κινήσαντος,
2695 2472 2753 2532 δς
2832 2470 3015 2526 ἀκούει
3066 2468 3273 2532 δικαίας
3328 2470 3520 2546 εὐχῆς,
3569 2471 3658 2525 καὶ
3708 2469 3932 2547 φίλτρον

2282 2566 2419 2633 τιμᾷ
2473 2560 2671 2635 γονέων
2731 2560 2806 2621 εἷς
2865 2558 3059 2621 παῖδας
3116 2559 3486 2633 εὐγνώμονας,
3548 2558 3599 2629 ἐξ
3674 2557 3930 2631 οὐδεμιᾶς

2285 2648 2541 2718 ἐπινοίας,
2597 2646 2721 2704 οὐδὲ
2769 2651 3133 2721 συνθήματος,
3183 2651 3210 2705 6
3266 2649 3359 2721 μὲν
3410 2649 3516 2704 ἀπὸ
3541 2655 3643 2717 τῆς
3676 2648 3929 2718 ’Δλεξαν-

2284 2736 2485 2812 δρείας,
2536 2738 2563 2792 ὁ
2611 2735 2669 2792 δὲ
2716 2738 2820 2792 ἀπὸ
2848 2744 2947 2806 τῆς
2975 2735 3237 2798 Ἑλλάδος
3259 2737 3395 2792 κατά
3420 2737 3511 2791 τὸν
3542 2736 3702 2792 αὐτὸν
3732 2738 3930 2811 χρόνον

2285 2828 2358 2889 εἰς
2387 2829 2485 2896 τὴν
2520 2826 2684 2894 αὐτὴν
2718 2824 2880 2881 πόλιν
2903 2828 2930 2880 6
2958 2828 3053 2898 μὲν
3078 2827 3182 2881 ἀπὸ
3210 2833 3335 2899 γῆς,
3369 2827 3396 2880 ὁ
3429 2823 3485 2881 δὲ
3516 2826 3621 2880 ἀπὸ
3655 2825 3928 2892 θαλάσσης

2282 2919 2613 2993 κατήραμεν.
2646 2917 2707 2969 Ἡ
2737 2914 2900 2977 πόλις
2933 2913 2988 2970 δὲ
3016 2918 3080 2984 ἦν
3114 2918 3226 2988 (89)
3276 2916 3338 2970 τὸ
3385 2917 3695 2987 Βυζάντιον,
3748 2917 3781 2983 ἡ
3832 2912 3924 2966 v5v

2280 3006 2721 3081 προκαθεζομένη
2774 3012 2873 3074 τῆς
2924 3004 3193 3079 Εὐρώπης
3241 3002 3427 3076 πόλις,
3484 3004 3534 3057 ἐν
3585 3003 3620 3078 ᾖ
3673 3008 3922 3058 τοσοῦτον

2280 3093 2571 3170 Καισάριος
2591 3093 2751 3157 κλέος
2784 3093 2843 3148 οὐ
2876 3092 3090 3149 πολλοῦ
3118 3093 3317 3168 χρόνου
3351 3090 3659 3154 διελθόντος
3706 3091 3927 3166 ἡνὲγκαο

2278 3204 2363 3253 το,
2398 3182 2535 3237 ὥστε
2565 3180 2831 3254 δημοσίας
2863 3183 3028 3254 τιμὰς
3058 3180 3223 3253 αὐτῷ,
3255 3182 3343 3236 καὶ
3393 3180 3568 3255 γάμον
3616 3186 3722 3235 τῶν
3775 3177 3925 3235 εὗδο-

2280 3272 2480 3345 κίμων,
2514 3271 2728 3341 καὶτῆς
2777 3270 3086 3347 συγκλήτου
3139 3269 3344 3345 βουλῆς
3398 3268 3681 3343 μετουσίαν
3732 3290 3925 3343 προτε-

2279 3362 2455 3433 θῆναι,
2512 3361 2601 3414 καὶ
2657 3360 2794 3435 πρὸς
2867 3358 3092 3434 βασιλέα
3136 3354 3421 3435 πρεσϐείαν
3472 3358 3733 3427 σταλῆναι
3791 3360 3926 3429 (90),

2278 3450 2368 3507 τὸν
2427 3449 2591 3523 μέγαν
2643 3448 2749 3504 ἀπὸ
2796 3452 2981 3502 κοινοῦ
3030 3443 3320 3522 δόγματος,
3367 3448 3465 3515 τήν
3517 3447 3739 3519 πρώτην
3769 3447 3931 3500 πόλιν

2279 3543 2357 3611 τῷ
2404 3539 2608 3613 πρώτῳ
2666 3536 2841 3613 λογίῳ
2896 3536 3244 3610 κοσμηθῆναί
3299 3557 3357 3591 τε
3412 3536 3501 3590 καὶ
3531 3537 3830 3607 τιμηθῆναι
3865 3533 3937 3604 (εἴ

2279 3649 2329 3683 τι
2367 3626 2548 3700 μέλειν
2610 3629 2723 3699 (91)
2769 3626 2914 3697 αὖτῷ
2964 3630 3061 3680 τοῦ
3108 3625 3329 3700 πρώτην
3383 3624 3604 3693 ἀληθῶς
3656 3625 3811 3690 εἶναι,
3845 3622 3933 3676 καὶ

2280 3720 2381 3790 τῇς
2430 3715 2739 3787 ἐπωνυμίας
2801 3714 2992 3787 ἀξίαν),
3051 3712 3141 3768 καί
3195 3718 3354 3767 τοῦτο
3402 3714 3765 3788 προστεθῆναι
3802 3716 3934 3767 πᾶσι

2281 3810 2396 3867 τοῖς
2440 3805 2570 3878 ὑπὲρ
2621 3803 2783 3871 αὐτῆς
2835 3800 3161 3877 διηγήμασ.,
3210 3806 3288 3873 τῷ
3332 3803 3449 3875 (92)
3492 3800 3766 3876 Καισαρίῳ
3794 3800 3931 3854 καλσ

2284 3891 2637 3963 λωπίζεσθαι,
2672 3892 2760 3947 καὶ
2794 3892 2982 3967 ἰατρῷ,
3033 3891 3121 3946 καὶ
3172 3890 3457 3964 οἰκ-ἤτορι·
3506 3890 3679 3945 καίτοι
3726 3910 3787 3964 γε
3838 3910 3930 3962 με·

2282 3983 2349 4039 τὰ
2377 3990 2475 4051 τῆς
2507 3980 2683 4051 ἄλλης
2716 3980 3105 4053 λαμπρότητος
3136 3979 3371 4039 πολλοῖς
3400 3980 3486 4034 καὶ
3532 3981 3787 4054 μεγάλοις
3842 3979 3930 4032 εὖ·

2287 4070 2618 4143 θυνουμένην
2669 4072 2781 4143 (93)
2832 4066 3051 4143 ἀνδράσι
3100 4069 3235 4122 κατά
3271 4089 3328 4123 τε
3358 4066 3677 4144 φιλοσοφίαν
3710 4068 3850 4121 κατά
3876 4087 3933 4120 τε

2283 4161 2381 4227 τήν
2416 4157 2592 4228 ἄλλην
2624 4156 2921 4214 παίδευσιν.
2952 4156 3124 4213 Ἀλλά
3155 4161 3313 4210 τοῦτο
3347 4156 3439 4228 μὲν
3474 4157 3690 4216 ἱκανῶς.
3723 4155 3856 4209 Τότε
3890 4152 3933 4209 δ’

2287 4246 2375 4303 οὖν
2422 4248 2485 4303 τὸ
2530 4247 2820 4322 γενόμενον
2868 4251 2983 4307 τοῖς
3036 4246 3129 4318 μὲν
3186 4243 3378 4306 ἄλλοις
3411 4243 3671 4319 συντυχία
3699 4264 3781 4304 τις
3814 4241 3933 4298 ἕδο-

2287 4338 2366 4408 ξεν
2421 4334 2618 4412 ἄλογος
2666 4336 2754 4390 καὶ
2806 4335 3061 4402 ἀναίτιος,
3095 4333 3182 4388 οἶα
3210 4333 3355 4412 φέρει
3386 4331 3571 4387 πολλά
3598 4333 3660 4387 τὸ
3692 4332 3932 4404 αὐτόμα-

2285 4446 2374 4479 τον
2408 4428 2518 4499 (94)
2552 4425 2601 4480 ἐν
2631 4430 2743 4485 τοῖς
2773 4424 3084 4499 ἡμετέροις,
3115 4428 3231 4483 τοῖς
3266 4420 3321 4477 δὲ
3365 4420 3641 4498 φιλοθὲοις
3670 4426 3761 4476 καὶ
3809 4421 3933 4475 λίαν

2288 4511 2521 4583 εὔδηλον
2556 4514 2622 4582 ἧν
2661 4514 2735 4585 μὴ
2771 4511 2908 4568 ἄλλο
2938 4533 2989 4566 τι
3033 4506 3239 4583 συμϐὰν
3282 4511 3412 4567 εἶναι
3512 4508 3713 4585 γονέων
3747 4512 3935 4585 θεοφι-

526 4612 648 4651 rem
680 4596 963 4660 evenisse,
993 4612 1165 4666 quam
1219 4598 1447 4667 piorum
1506 4604 1836 4669 parentum,
1878 4602 1948 4656 ad
1999 4601 2173 4656 unius

2284 4601 2392 4657 λῶν
2424 4598 2580 4677 ἔργον
2621 4600 2680 4656 ἐκ
2706 4608 2806 4677 γῆς
2837 4602 2924 4655 καὶ
2956 4598 3228 4669 θαλάττης
3264 4599 3390 4661 τοὺς
3420 4596 3617 4659 παῖδας
3666 4598 3932 4674 συναγόν-

526 4684 638 4740 voti
671 4700 966 4739 summam
1024 4683 1392 4754 explendam,
1427 4686 1597 4755 filios,
1658 4692 1782 4743 tum
1842 4694 2016 4760 terra,
2047 4694 2173 4747 tum

527 4773 675 4829 mari
703 4772 764 4828 in
794 4789 975 4828 unum
1009 4772 1428 4845 oolligenlium.

735 4873 907 4948 ’ρμοῦ
948 4870 1125 4948 λῇξις.
1160 4873 1307 4948 Reg.
1342 4875 1460 4943 bm,
1495 4875 1590 4931 Or.
1627 4872 1969 4948 1,,Ῐθε.λῆξις
2002 4877 2163 4948 ὁμοῦ.

596 4943 1109 5020 (86)]ΙόλινᾌΒθε,
1160 4943 1280 5010 δίῃ,
1331 4952 1387 5001 et
1432 4951 1549 5003 Jes.
1600 4943 1783 5020 πάλιν,
1821 4971 1847 4997 ‹‹
1876 4943 2105 5005 rursus.
2142 4972 2170 5000 ››

524 5014 617 5069 Sic
648 5015 823 5070 etiam
858 5014 1325 5086 Billius'legerat.

595 5087 707 5155 (87)
738 5086 834 5139 Καὶ
864 5088 965 5160 γὰρ
996 5086 1090 5158 ἐμέ
1123 5107 1202 5159 γε.
1238 5089 1328 5143 sic
1360 5089 1497 5160 Reg.
1531 5089 1760 5155 bu,duo
1792 5090 1950 5146 Colb.
1986 5098 2044 5147 et
2073 5092 2167 5147 Or.

526 5158 574 5211 1.
611 5162 779 5230 Deest
800 5158 911 5230 ⁸γοὶρ
940 5158 1003 5214 ἱῐ]
1037 5158 1175 5215 edit.

734 5227 1082 5317 ’EaéXOSrpav.
1111 5255 1135 5317 (ξ
1170 5231 1548 5317 νῖᾱξξίὶὲῐῐὶυτ.
1584 5255 1609 5281 ››

593 5300 699 5427 (ἒο)
734 5302 797 5428 ﬁt
823 5302 910 5371 ἦν.
948 5304 1083 5375 Reg.
1120 5304 1238 5371 bin,
1275 5300 1320 5355 δ’
1349 5304 1434 5370 ἦν.
1492 5309 1658 5358 Deest
1684 5306 1746 5371 ἦν
1801 5305 1857 5358 in
1894 5305 2030 5378 Reg.
2067 5305 2168 5371 hu,

667 5390 705 5424 r.
784 5416 793 5427 .

521 5377 575 5423 (ιι
616 5377 705 5427 Or.
746 5377 793 5427 1.

590 5445 698 5511 (illi)
735 5442 1053 5516 Σταλῆναιη
1092 5444 1258 5498 Deest
1311 5446 1367 5497 in
1434 5445 1610 5515 Regg.
1674 5447 1789 5515 bm,
1844 5446 1945 5516 hu,
1979 5448 2168 5502 tribus

519 5514 701 5578 Colb.,
735 5523 829 5568 ()r.
868 5517 913 5573 1,
950 5521 1007 5566 et
1037 5515 1151 5566 Jes.

591 5585 702 5653 (9])
735 5581 954 5636 Μὲλειν.
1002 5584 1137 5653 Reg.
1175 5581 1274 5647 hu,
1333 5580 1516 5653 μέλον,
1571 5586 1711 5640 Tres
1763 5586 1924 5640 Colb.
1959 5592 2015 5641 et
2043 5587 2164 5642 Jes.

525 5650 1107 5726 pi).)._s_iv.rgllc_insiu_s,
1138 5674 1163 5700 α
1199 5650 1361 5726 forte,
1398 5678 1430 5726 ι»,
1458 5651 1511 5705 εἶ’
1535 5675 1586 5707 τι
1622 5654 1793 5726 μέλει.

591 5722 706 5789 (92)
733 5724 840 5790 Τῷ.
872 5722 1014 5793 Reg.
1047 5723 1149 5788 bu,
1188 5727 1308 5778 tres
1337 5724 1500 5779 Colb.
1531 5732 1589 5780 et
1618 5722 1712 5781 Or.
1747 5730 1798 5795 1,
1830 5724 1913 5782 τό.

2282 4713 2388 4746 των
2424 4694 2536 4765 (95)
2567 4690 2641 4753 εἰς
2674 4691 2797 4763 μίαν
2834 4690 3000 4765 εὐχῆς
3027 4687 3392 4762 ἐκπλήρωσιν.

2347 4876 2916 4950 (93)Εὐθυνουμὲνην.
2973 4878 3111 4950 Reg.
3171 4876 3276 4945 hu,
3335 4876 3431 4931 Or.
3492 4879 3543 4941 1,
3595 4881 3653 4931 et
3679 4877 3799 4932 J88.
3835 4875 3930 4930 εὖ·

2283 4949 2647 5021 θηνουμὲνην.

2353 5016 2469 5093 (94)
2522 5016 2591 5073 Τὸ
2648 5019 2988 5091 αὐτόματον.
3053 5018 3255 5075 Schol.
3313 5017 3385 5070 Τὸ
3441 5016 3745 5093 αὐτόματον
3803 5016 3925 5070 ἐκα-

2282 5086 2492 5145 λεσεν’ὁ
2529 5093 2736 5165 ΙΙατ-ᾑρ,
2769 5086 2821 5165 ὃ,
2872 5093 3292 5165 συγγωροῦντος
3331 5088 3498 5165 ’Θεο-υ,
3532 5086 3586 5142 ἒν
3626 5089 3793 5165 αὐτῇς
3826 5096 3927 5155 τῆς

2321 5170 2519 5231 υοτκῆς
2552 5158 2873 5251 ἀκολουθίας
2902 5158 3256 5251 πραγμάτων,
3289 5159 3388 5248 ουκ
3419 5158 3494 5251 ’ξκ
3538 5182 3683 5220 τινος
3731 5161 3925 5229 ἐπιτη-

2353 5234 2366 5251 ι
2735 5234 2744 5251 .
2938 5235 2950 5250 .
3014 5244 3031 5251 -
3640 5237 3667 5247 ..
3761 5232 3773 5246 .

2321 5184 2519 5231 υοτκης
2552 5182 2873 5222 ακολουυιας
2902 5182 3256 5251 πραγματων,
3289 5182 3388 5214 ουκ
3435 5182 3494 5213 εκ
3538 5182 3683 5220 τινος
3731 5182 3925 5229 smn;-

2280 5182 2511 5296 δεύσεως
2544 5229 2855 5305 συμϐαίνειν
2911 5235 3117 5305 εἶωοεν·
3172 5231 3233 5285 οὐ
3282 5232 3383 5305 γὰρ
3424 5232 3496 5291 ὡς
3548 5232 3929 5305 τινῶνάπρο-

2278 5308 2492 5375 νοήτως
2523 5303 2848 5379 γινομένων,
2886 5306 2959 5376 μὴ
3006 5303 3234 5379 γένοιτο·
3290 5303 3407 5363 πῶς
3446 5305 3554 5379 γὰρ.
3596 5304 3623 5355 6
3665 5304 3807 5356 οὕτω
3836 5303 3929 5379 ’φιν

2280 5358 2755 5441 λδόεδξτὲῡτὸεν
2788 5358 2971 5445 εἷῖπὲνξ
3017 5358 3042 5425 ί(
3103 5381 3313 5430 Casum
3373 5358 3683 5445 appellavit
3738 5362 3926 5442 Pater,

2279 5452 2433 5521 quod
2467 5468 2532 5505 ex
2566 5450 2812 5504 naturali
2875 5464 3064 5521 rerum
3122 5448 3345 5521 ordine,
3381 5447 3494 5502 Deo
3527 5448 3926 5521 permittente,

2278 5518 2391 5575 non
2423 5539 2555 5593 vero
2589 5524 2934 5593 cujusquam
2986 5520 3274 5593 industria
3331 5524 3387 5572 et
3418 5518 3663 5593 consilio
3694 5520 3925 5573 contin-

2276 5608 2409 5662 gere
2441 5591 2586 5646 solet
2614 5619 2627 5659 -,
2662 5591 2963 5648 non'enim
2996 5591 3149 5662 quod
3184 5595 3397 5662 temere
3428 5591 3729 5662 contingat
3758 5593 3928 5661 quid-

2275 5660 2473 5732 quam,
2509 5663 2680 5718 absit.
2716 5665 2819 5730 Qui
2854 5664 2941 5719 vir
2972 5660 3159 5717 bonus
3189 5661 3297 5715 hoc
3326 5660 3608 5732 dixisset?
3639 5660 3667 5711 ii

2345 5733 2457 5805 (95)
2491 5732 2855 5809 Συναγόντων.
2888 5735 3028 5805 Reg.
3061 5733 3164 5800 hu,
3198 5731 3620 5807 συναγαγόντων.
