2122 3108
160 225 227 255 ·Ἷ65

563 224 708 255 ORATIO
730 225 797 256 Vll.
814 224 905 254 --IN
929 223 1090 256 LAUDEM
1113 222 1280 254 CESARII
1302 223 1481 254 FBATRIS.

1814 224 1873 255 ⁸166

205 290 241 317 9'.
259 289 328 326 Φέρε
345 288 415 325 μηδὲ
434 291 515 316 τοῦτο
530 291 582 316 τῶν
607 289 751 326 Καισαρίου
774 288 865 317 καλῶν
893 287 991 325 παρέλ-

1087 288 1131 316 ΙΧ.
1148 289 1216 324 Age,
1234 296 1269 316 ne
1285 288 1359 316 hanc
1381 289 1498 324 quidem
1518 289 1633 317 Casarii
1654 289 1772 317 laudem
1798 300 1872 326 prai-

168 335 271 369 Omysv,
288 333 302 360 ὅ
317 336 376 363 τοῖς
395 333 441 369 μὲν
459 332 556 364 ἄλλοις
573 333 636 364 ἴσως
652 334 760 372 μικρὸν,
781 334 824 361 καὶ
849 332 911 360 οὐδὲ
929 343 993 369 μνη-

169 389 224 413 μης
240 379 323 414 ἄξιον,
340 378 401 413 ἐμοὶ
427 376 455 405 δὲ
476 378 520 405 καὶ
541 378 603 405 τότε
617 378 662 405 καὶ
682 381 728 406 νῦν
754 379 879 415 μὲγισνον
895 376 994 413 ἔδοξεν,

167 421 244 460 εἰπερ
267 424 319 449 τῶν
345 421 490 449 ἐπαινετῶν
514 423 532 456 ἡ
559 421 735 461 φιλαδελφία,
751 422 795 450 καὶ
811 422 842 450 οὐ
857 422 995 458 παύσομαι

166 466 250 498 τιθεὶς
276 466 302 493 ἐν
326 467 457 504 πρώτοις,
487 467 579 498 ὁσάκις
603 466 631 494 ἂν
648 468 680 494 τὰ
697 467 796 495 ἐκείνου
811 466 994 505 ἐκδιηγῶμαι.

168 513 285 548 Κατεῖχε
303 511 349 547 μὲν
363 510 442 537 αὐτὸν
458 511 500 541 αἷς
526 511 601 538 εἶπον
617 514 711 547 τιμαῖς
726 512 743 545 ἡ
761 510 854 545 πόλις,
870 510 914 538 καὶ
939 509 996 537 οὐδ’

168 555 197 582 ἃν
216 554 242 582 εἷ’
262 566 287 582 τι
312 556 370 590 (96)
393 554 498 592 γένοιτο
515 556 640 591 μεθήσειν
659 554 770 594 ἔφασκεν
784 564 789 571 ·
817 556 871 593 ἐγὼ
889 554 918 582 δὲ
933 555 994 586 ἀνθ-

168 599 255 627 ἑλκων
275 599 381 637 ἴσχυσα,
407 600 420 626 ὁ
445 600 531 626 πάντα
555 600 692 637 Καισαρίῳ
717 599 806 631 πολὺς
830 600 875 628 καὶ
889 599 994 635 τίμιος,

167 644 212 672 καὶ
228 647 286 675 τοῖς
310 646 416 681 γονεῦσι
432 644 482 678 τήν
503 644 587 681 εὐχὴν
604 643 759 682 πληρῶσαι.
776 645 820 672 καὶ
835 645 870 680 τῇ
884 643 994 682 πατρῐδι

166 689 197 715 τὸ
222 686 317 726 χρέος,
343 688 387 715 καὶ
410 688 518 724 ἐμαυτῷ
542 689 587 715 τὸν
613 688 715 715 πόθον’
742 686 833 716 λαϐὼν
859 692 910 723 τῆς
931 687 994 716 ὁδοῦ

166 733 297 760 κοινωνὸν
314 732 357 759 καὶ
374 734 555 770 συνέμπορον,
572 733 616 760 καὶ
641 734 822 770 προτιμηθεὶς
839 733 869 761 οὐ
886 733 993 762 πόλεων

167 777 211 804 καὶ
229 776 324 813 δήμων
343 776 437 813 μόνον,
453 775 515 804 οὐδὲ
528 779 617 813 τιμῶν
642 778 686 804 καὶ
710 778 815 817 πόρων,
840 777 866 805 οἵ
890 778 994 805 πολλοί

167 822 211 848 καὶ
228 821 402 858 πολλαχόθεν
419 822 445 848 οἱ
463 822 509 857 μὲν
526 822 665 860 συνὲρρεον
684 822 787 859 ἐκείνῳ,
812 823 838 849 οἱ
863 821 892 849 δὲ
913 822 995 857 ἠλπί-

168 869 260 900 ζοντο,
290 865 364 893 ἀλλὰ
384 865 428 893 καί
458 866 540 893 αὐτοῦ
567 866 701 903 βασιλέως
725 866 834 904 σχεδὸν,
866 867 910 894 καὶ
940 869 993 894 τῶν

168 910 268 942 ἐκεῖθεν
294 910 484 947 ἐπιταγμάτων
511 912 577 947 (97).
604 911 737 938 Ἐντεῦθεν
763 911 815 949 ἐγὼ
842 912 889 948 μὶν
915 910 994 950 φιλο-

169 956 261 993 σοφεῖν
286 953 407 992 διέγνων,
437 955 481 981 καὶ
506 955 573 992 πρὸς
598 955 642 982 τὸν
661 956 713 982 ἂνω
731 956 788 992 βίον
807 956 995 993 μεθαρμοσθῆ-

167 1009 222 1031 ναι,
240 997 330 1035 ὥσπερ
354 999 414 1025 τινα
439 998 521 1036 βαρὺν
549 998 681 1035 δεσπότην
699 999 744 1026 καὶ
759 999 927 1038 ἀρρώστημα
943 1009 996 1037 χα-

169 1042 263 1078 λεπὸν,
288 1046 374 1070 πᾶσαν
400 1042 559 1081 φιλοτιμίαν
584 1043 815 1081 ἀποσεισάμενος’
843 1043 995 1080 μᾶλλονδὲ

169 1087 183 1114 ὁ
201 1087 248 1123 μὶν
265 1087 348 1118 πόθος
364 1085 555 1125 πρεσϐύτερος,
572 1088 586 1115 ὁ
603 1086 631 1115 δὲ
653 1088 711 1125 βίος
737 1088 847 1126 ὓστερος
861 1099 867 1104 “
894 1089 938 1116 τὸν
965 1088 995 1116 δὲ

166 1132 200 1159 τὰ
223 1132 318 1169 πρῶτα
346 1133 395 1166 τῆς
424 1131 588 1163 παιδεύσεως
617 1132 743 1164 ἀναθέντα
768 1135 801 1170 τῇ
831 1133 926 1161 homo
941 1144 993 1161 πα-

166 1175 249 1213 τρίδι⁹
272 1176 316 1203 καὶ
342 1175 528 1212 θαυμασθέντα
548 1179 601 1204 τῶν
625 1176 715 1204 πόνων
741 1177 831 1212 ἀξίως,
849 1177 916 1213 μετὰ
930 1180 993 1206 τοῦ-

164 1231 198 1247 το
214 1219 295 1255 δόξης
312 1220 441 1256 ἐπιθυμία
456 1220 500 1247 καὶ
516 1223 564 1247 τοῦ
579 1221 769 1258 προστατεύειν
795 1222 849 1258 (98)
869 1225 919 1256 τῆς
941 1222 992 1252 πό-

166 1263 248 1299 λεως,
274 1264 310 1297 ὠς
337 1264 385 1301 ἒμὲ
409 1276 440 1302 γε
465 1265 610 1298 συνέπειθε,
628 1268 686 1296 τοῖς
704 1265 853 1303 βασιλείοις
870 1265 991 1299 δίδωσιν,

165 1308 197 1336 οὐ
222 1308 289 1336 πάνυ
319 1309 365 1345 μὲν
396 1310 463 1345 ἡμῖν
494 1309 560 1348 φίλα
589 1312 729 1346 ποιοῦν-τα¹
758 1310 803 1337 καὶ
832 1310 899 1338 κατὰ
919 1312 992 1348 γνώ-

166 1364 220 1390 μην
246 1355 320 1389 (99)’
350 1352 395 1384 καὶ
424 1353 475 1390 γὰρ
504 1352 716 1391 ἀπολογήσομαι
745 1354 811 1391 πρὸς
842 1354 922 1391 ὑμᾶς,
950 1354 991 1382 ὅτι

163 1397 319 1424 πολλοστὸν
342 1398 470 1435 τετάχθαι
494 1398 566 1435 παρᾶ
591 1401 648 1434 Θεῷ
671 1401 793 1436 κρεῖττον
828 1399 891 1426 εἶναι
918 1398 993 1427 δοκεῖ

163 1453 193 1469 τε
209 1443 247 1479 (1)
276 1442 320 1470 καὶ
351 1442 520 1478 ὑψηλότερον
543 1443 559 1477 ἦ
583 1443 656 1480 παρὰ
678 1443 717 1479 τῷ
741 1454 815 1471 κατω
838 1442 945 1481 βασιλεῖ
958 1444 991 1471 τὰ

164 1488 260 1524 πρῶτα
283 1486 417 1525 φέρεσθαι,
448 1486 478 1514 οὐ
505 1487 557 1523 μὴν
584 1485 656 1523 ἄξιός
680 1488 718 1524 (2)
735 1498 766 1524 γε
787 1488 927 1525 μέμψεως.
944 1491 993 1515 Φι-

166 1530 292 1569 λοσοῳεῖν
321 1531 368 1567 μὶν
393 1531 444 1568 γὰρ
469 1530 525 1567 ὅσῳ
556 1531 690 1569 μέγιστον,
705 1532 827 1568 τοσούτῳ
845 1533 890 1559 καὶ
906 1531 991 1570 Xalt?»

163 1575 299 1608 πώτατον,
315 1575 359 1602 καὶ
376 1575 407 1603 οὗ
423 1574 536 1603 πολλῶν
551 1575 582 1602 τὸ
597 1575 759 1613 ἐγχείρημα,
785 1575 842 1603 οὐδ’
866 1576 959 1604 ἄλλων
975 1577 991 1611 ἢ

162 1622 218 1647 τῶν
244 1620 295 1647 ὑπὸ
319 1623 369 1654 τῆς
393 1619 464 1650 θείας
489 1620 720 1656 προκικλημένων
743 1622 782 1656 (3)
798 1620 988 1658 μεγαλονοίας,

162 1665 180 1699 ἢ
194 1667 251 1695 τοῖς
269 1664 469 1701 προῃρημένοις
486 1666 524 1700 (4)
544 1664 635 1695 καλῶς
656 1667 736 1702 χεῖρα
752 1664 859 1692 δίδωσιν
874 1675 880 1680 ·
896 1665 926 1693 οὐ
943 1677 988 1701 μι-
1004 1658 1025 1691 C

161 1708 226 1745 κρὸν
244 1707 272 1735 δὲ
288 1707 377 1743 εἷ’τις,
397 1709 442 1735 τὸν
461 1707 583 1746 ’δεύτερον
607 1709 829 1746 προστησάμενος
856 1710 924 1747 βίον,
941 1720 988 1737 κα-

162 1752 325 1790 λοκάγαθίας
352 1755 539 1789 μεταποιοῖτο,
562 1752 605 1780 καί
629 1753 717 1781 πλείω
736 1753 819 1791 λόγον
844 1753 905 1792 ἔχοι
922 1753 988 1782 Θεοῦ

161 1796 269 1831 καὶτῆς
284 1796 378 1824 ἑαυτοῦ
407 1796 543 1833 σωτηρίας
570 1797 587 1831 ἢ
609 1800 659 1831 τῆς
683 1797 756 1824 κάτω
773 1796 968 1834 λαμπρότητος
980 1807 987 1814 ·

160 1841 268 1875 καῖτὴν
287 1841 333 1877 μὶν
355 1842 393 1877 (5)
409 1841 445 1872 ὡς
467 1841 568 1875 σκηνὴν
591 1839 789 1878 προῦάλλοιτο,
816 1842 833 1876 ἥ
857 1853 883 1869 τι
903 1853 987 1880 προσ-

161 1888 263 1912 ωπεῖον
279 1887 332 1912 τῶν
355 1884 468 1913 πολλῶν
494 1885 538 1912 καὶ
565 1886 750 1922 προσκαίρων,
775 1886 806 1913 τὸ
821 1888 870 1913 τοῦ
883 1886 988 1923 κόσμου

160 1929 259 1956 τούτου
287 1929 376 1967 δρᾶμα
401 1929 624 1967 ὑίιτοκρινόμενος¹
641 1929 720 1961 αὐτὸς
742 1928 770 1957 δὲ
786 1930 851 1966 ζῴοι
867 1932 925 1966 Θεῷ
941 1941 989 1967 με-

160 1975 194 2001 τὰ
208 1975 256 2008 τῆς
272 1974 418 2008 εἷκόνος,ἣ
447 1972 504 2001 οἶδε
527 1977 589 2012 παρ’
613 1974 716 2001 ἐκείνου
739 1972 830 2002 λαϐὼν
854 1974 897 2001 καὶ
917 1974 989 2013 ὀφεί-

162 2018 218 2045 λων
247 2020 287 2053 τῷ
315 2016 464 2045 δεδωκότι⁸
494 2018 561 2055 ὅπερ
586 2017 681 2055 ἀμέλει
701 2018 745 2045 καὶ
771 2018 913 2056 Καισάριον
931 2017 987 2046 δια-

161 2063 293 2098 νοηθέντα
306 2063 487 2100 γινώσκομεν.

1051 335 1205 367 tcreamus,
1230 341 1292 368 quas
1319 335 1453 368 quamvis
1476 333 1600 361 aliorum
1627 334 1740 368 judicio
1768 336 1872 371 exigua

1051 377 1182 410 fortasse,
1193 385 1227 405 ac
1241 377 1276 405 de
1287 379 1564 407 commemoratione
1580 378 1697 414 quidem
1715 379 1802 414 digna
1821 380 1869 414 sit,

1050 421 1122 448 mibi
1139 423 1236 449 tamen
1253 422 1390 456 maxima,
1402 425 1430 450 st
1445 425 1516 450 tunc
1526 423 1588 451 visa
1602 425 1656 456 est,
1664 425 1693 450 et
1708 432 1786 452 nunc
1801 424 1870 451 item

1049 466 1173 500 videtur,
1191 466 1215 493 si
1233 467 1318 494 modo
1334 467 1480 494 fraternus
1497 475 1578 494 amor
1598 467 1713 495 laudem
1730 471 1869 502 meretur,

1050 518 1144 545 neque
1156 519 1285 545 unquam
1295 519 1358 538 eam
1370 511 1446 538 inter
1457 510 1566 546 primas
1576 511 1716 539 collocare
1727 512 1871 546 desinam,

1050 554 1164 589 quoties
1181 555 1250 582 mihi
1266 555 1301 582 de
1317 554 1397 582 illius
1412 555 1497 582 rebus
1515 556 1641 583 narratio
1657 556 1793 584 instituta
1809 557 1871 584 fue-

1051 599 1097 626 rit.
1115 599 1186 626 Nam
1203 607 1269 626 cum
1287 600 1398 633 civitas,
1415 600 1461 633 iis,
1479 608 1552 636 quos
1568 600 1697 629 diximus
1712 601 1872 629 honoribus

1050 651 1118 671 eum
1140 644 1287 677 retineret,
1304 647 1481 680 negaretque
1505 652 1536 672 se
1552 644 1593 671 illi
1618 644 1676 672 ulla
1697 645 1806 672 ratione
1822 653 1873 681 po-

1051 690 1185 715 testatem
1214 688 1381 716 discedendi
1408 689 1549 715 facturam
1578 696 1631 724 ego
1655 690 1766 723 tamen,
1790 691 1874 722 cujus

1050 732 1252 760 auctoritatem
1268 733 1409 760 Cesarius
1434 733 1463 760 in
1484 734 1622 761 omnibus
1643 734 1730 761 rebus
1753 734 1874 769 plurimi

1051 777 1184 812 faciebat,
1201 778 1229 804 iu
1253 777 1433 807 contrarium
1451 778 1559 812 nitens,
1577 778 1629 805 hoc
1652 786 1718 806 sum
1735 787 1874 806 consecu-

1049 824 1144 854 tus,ut
1155 830 1205 849 nec
1222 824 1356 857 parentes
1373 825 1437 849 voto
1448 831 1576 855 suo,nec
1592 823 1686 859 patria
1701 823 1797 851 debito
1815 823 1872 851 sibi

1050 865 1156 898 officio,
1174 874 1225 893 nec
1240 867 1365 902 denique
1381 875 1432 902 ego
1449 866 1592 895 desiderio
1616 876 1679 895 meo
1704 868 1871 896 frustrarer.

1050 910 1165 938 Itineris
1176 911 1253 938 enim
1264 911 1377 939 socium
1388 911 1584 947 comitemque
1595 920 1625 939 se
1636 912 1707 940 mihi
1717 912 1869 947 adjunxit;

1047 963 1148 990 meque
1164 964 1221 982 non
1239 955 1359 983 urbibus
1376 955 1472 983 solum
1487 958 1514 983 et
1536 955 1662 991 populis,
1678 965 1735 984 non
1752 957 1870 984 honori-

1049 1000 1104 1027 bus
1119 1002 1148 1026 et
1162 1000 1360 1035 proventibus,
1373 1000 1422 1036 qui
1434 1000 1518 1028 multi
1527 1001 1563 1028 ad
1574 1009 1641 1028 eum
1658 1001 1788 1037 undique
1803 1010 1868 1037 par-

1049 1044 1102 1072 tim
1114 1044 1309 1077 conﬂuebant,
1322 1044 1427 1079 partim
1442 1045 1471 1072 in
1488 1053 1539 1080 spe
1555 1047 1643 1081 atque
1657 1046 1870 1082 exspectatione

1048 1090 1141 1121 erant,
1153 1096 1253 1116 verum
1271 1089 1482 1124 propemodum
1497 1089 1554 1124 ipsi
1570 1098 1686 1125 quoque
1700 1090 1871 1125 imperatori

1048 1133 1172 1168 ejusque
1182 1133 1277 1168 jussis
1292 1133 1467 1169 anteposuit.
1481 1133 1552 1161 Hinc
1566 1142 1644 1170 ergo,
1658 1143 1780 1162 excussa
1790 1135 1870 1163 omni

1048 1176 1216 1209 ambitione,
1234 1185 1291 1204 non
1307 1185 1390 1205 secus
1405 1185 1438 1206 ac
1452 1178 1532 1213 gravi
1550 1178 1678 1214 quodam
1694 1178 1824 1213 domino,
1841 1181 1870 1207 et

1048 1220 1169 1248 molesto
1194 1221 1306 1253 morbo,
1331 1221 1541 1257 philosophari,
1564 1225 1652 1258 atque
1676 1223 1711 1251 ad
1736 1231 1868 1259 superna:

1046 1265 1109 1292 vita:
1138 1265 1270 1293 studium
1298 1266 1443 1301 meipsum
1468 1267 1626 1294 transferre
1641 1267 1781 1295 constitui
1799 1276 1806 1301 ;
1822 1267 1867 1296 vel

1047 1309 1144 1344 potius
1160 1309 1307 1345 antiquior
1330 1310 1449 1345 quidem
1474 1310 1619 1346 cupiditas
1645 1311 1708 1345 fuit,
1734 1311 1792 1340 vita
1816 1321 1867 1340 au-

1047 1355 1104 1381 tem
1129 1354 1280 1389 posterior.
1308 1357 1343 1382 At
1366 1362 1432 1382 vero
1457 1354 1608 1389 Casarius,
1632 1363 1699 1383 cum
1730 1356 1867 1384 doctrinis

1047 1406 1105 1425 Si.le
1135 1398 1280 1433 primitias
1318 1398 1418 1434 patrias
1451 1402 1660 1434 consecrasset,
1690 1400 1868 1436 dignamque

1046 1442 1196 1471 laboribus
1221 1443 1445 1471 admirationem
1469 1444 1514 1471 sui
1537 1444 1752 1479 commovisset,
1770 1447 1869 1480 postea

1047 1486 1145 1523 gloria:
1160 1487 1320 1523 cupiditate
1333 1488 1450 1523 ductus,
1467 1489 1544 1516 204
1559 1491 1657 1524 atque,
1669 1492 1700 1516 ut
1715 1489 1789 1517 mihi
1803 1489 1868 1525 qui-

1046 1533 1111 1559 dem
1130 1532 1215 1560 lidem
1233 1532 1365 1566 faciebat,
1377 1541 1433 1567 quo
1451 1533 1513 1560 urbi
1531 1533 1665 1568 praesidio
1680 1536 1768 1566 esset,
1779 1533 1809 1561 in
1820 1542 1869 1562 au-

1046 1575 1103 1604 lam
1121 1584 1152 1603 se
1167 1576 1300 1609 contulit,
1312 1585 1369 1604 non
1383 1576 1432 1604 ille
1447 1585 1527 1609 sane,
1539 1585 1602 1605 meo
1617 1577 1736 1611 quidem
1749 1577 1868 1611 indicio,

1046 1629 1105 1647 rem
1132 1621 1290 1648 admodum
1316 1624 1429 1656 gratam
1456 1622 1539 1649 nobis
1569 1622 1678 1650 faciens
1706 1622 1774 1657 (non
1791 1622 1868 1649 enim

1045 1665 1121 1700 apud
1152 1673 1201 1692 vos
1226 1665 1381 1699 diffitebor,
1398 1665 1473 1692 inter
1483 1669 1648 1701 postremos
1672 1667 1749 1702 apud
1779 1669 1869 1694 Deum

1046 1710 1167 1742 censeri,
1186 1710 1279 1736 satius
1295 1712 1322 1737 et
1344 1709 1502 1737 sublimius
1517 1718 1591 1744 esse,
1605 1718 1694 1746 quam
1718 1711 1795 1747 apud
1812 1713 1871 1739 ter-

1045 1761 1147 1781 renum
1175 1754 1378 1789 imperatorem
1409 1754 1521 1789 primas
1550 1755 1644 1788 ferre),
1684 1764 1740 1783 non
1771 1757 1869 1783 tamen

1045 1798 1270 1833 reprehensione
1286 1798 1415 1834 dignam.
1436 1798 1635 1834 Philosophari
1652 1799 1741 1833 enim,
1760 1802 1792 1827 ut
1807 1808 1869 1827 ma-

1043 1843 1166 1877 ximum,
1185 1843 1226 1870 ita
1241 1843 1327 1869 etiam
1344 1842 1553 1870 difficillimum
1570 1846 1624 1875 est,
1639 1852 1690 1871 nec
1705 1843 1733 1871 id
1750 1844 1870 1880 aggredi

1045 1886 1204 1914 multorum
1216 1889 1260 1914 est
1272 1897 1279 1920 ς
1292 1894 1344 1914 nec
1356 1886 1582 1922 aliorum,quam
1595 1896 1669 1923 quos
1680 1888 1777 1915 divina
1789 1896 1868 1915 meu-

1044 1931 1082 1958 tis
1099 1932 1281 1966 magnitudo,
1295 1939 1357 1966 qua:
1374 1931 1470 1966 probae
1487 1931 1639 1958 hominum
1657 1931 1796 1959 voluntati
1809 1940 1869 1960 ma-

1045 1983 1114 2002 num
1131 1975 1277 2010 porrigere
1303 1975 1386 2008 solet,
1412 1976 1570 2002 advocavit.
1587 1975 1649 2003 Non
1675 1984 1796 2010 parvum
1813 1984 1866 2003 au-

1043 2022 1100 2047 tem
1115 2019 1168 2046 hoc
1180 2027 1297 2054 quoque
1305 2019 1511 2046 aestimandum
1523 2022 1578 2053 est,
1592 2020 1616 2047 si
1628 2019 1694 2055 quis
1704 2020 1866 2048 secundum

1043 2064 1106 2090 vites
1119 2071 1211 2099 genus
1225 2063 1403 2098 complexus,
1421 2063 1556 2099 probitati
1582 2064 1710 2097 studeat,
1725 2072 1758 2091 ac
1774 2066 1868 2100 majo—

161 2116 223 2134 rcm
241 2108 286 2135 Dei
303 2108 466 2143 salutisque
482 2116 552 2141 sum,
569 2116 658 2143 quam
675 2108 781 2135 terreni
797 2108 973 2143 splendoris,
990 2109 1132 2136 rationem
1151 2108 1271 2141 habeat;
1288 2110 1376 2142 atque
1402 2108 1480 2135 hunc
1505 2108 1623 2143 quidem
1639 2111 1779 2144 tanquam
1805 2117 1867 2137 ses-

160 2161 242 2185 nam,
260 2155 309 2179 aut
326 2160 479 2188 personam
498 2153 656 2188 quamdam
673 2161 707 2179 ex
725 2152 826 2180 multis
853 2155 882 2181 et
897 2153 1016 2181 caducis
1032 2152 1173 2188 praeferat.
1190 2152 1279 2187 hujus
1304 2152 1404 2179 mundi
1432 2151 1559 2179 fabulam
1576 2160 1676 2188 agens,
1692 2152 1755 2186 ipse
1768 2156 1866 2181 autem

160 2197 219 2224 Deo
235 2197 372 2232 imagine,
391 2205 478 2233 quam
495 2205 526 2224 se
541 2197 577 2224 ab
593 2205 625 2224 eo
641 2196 798 2233 accepisse,
816 2197 900 2232 eique
915 2198 1019 2225 debere
1043 2196 1130 2228 novit,
1148 2197 1237 2224 vitam
1254 2196 1351 2223 ducat.
1368 2197 1457 2229 Quem
1474 2197 1591 2232 quidem
1608 2196 1720 2225 scilicet
1733 2197 1866 2225 animum

159 2242 283 2268 Caesarie
299 2242 391 2269 fuisse
406 2243 588 2277 compertum
605 2241 759 2269 habemus.

197 2286 223 2312 I'.
240 2285 366 2311 Τάττεται
398 2286 444 2321 μὲν
474 2285 525 2322 γὰρ
551 2285 600 2318 τὴν
625 2284 736 2321 πρώτην
763 2284 788 2311 ἐν
815 2285 917 2321 ἰατροῖς
940 2286 986 2312 τά·

1077 2285 1105 2312 Χ.
1124 2285 1196 2312 Nam
1213 2293 1278 2312 cum
1297 2293 1354 2311 non
1371 2293 1475 2321 magno
1492 2285 1607 2321 negotio
1622 2293 1655 2314 ac
1679 2285 1777 2314 labore
1793 2294 1866 2322 opus

158 2329 209 2364 ξίν,
235 2328 297 2356 οὐδὲ
321 2328 428 2356 πολλοῦ
454 2329 539 2356 πόνοι)
563 2327 751 2366 προσδεηθεὶς,
767 2329 831 2356 ἀλλ’
850 2328 984 2364 ἐπιδείξας

160 2374 243 2410 μόνον
257 2374 305 2408 τὴν
322 2372 470 2408 παίδευσιν,
489 2372 595 2410 μᾶλλον
614 2373 642 2400 δὲ
665 2373 768 2411 βραχύν
784 2384 843 2400 τινα
858 2377 908 2408 τῆς
921 2384 984 2401 παι-

159 2417 275 2449 δεύσεως
289 2419 346 2445 οἷον
360 2417 499 2455 πρόλογον
511 2419 560 2454 i6),
580 2418 628 2445 κάν
644 2420 700 2448 τοῖς
717 2416 809 2456 φίλοις
833 2420 882 2446 τοῦ
907 2418 984 2456 βασι-

268 2523 334 2565 ρὺδ’
350 2524 379 2551 ἄν
397 2523 470 2565 εἴτι.
487 2525 625 2565 Ηρεε-ᾕα,
642 2525 692 2565 ΟΡ..
706 2525 731 2559 1,
749 2523 812 2552 οὐδὲ
828 2523 899 2565 εἴτε.

194 2562 251 2598 (97)
268 2560 484 2598 Ἐπιταγμάτων.
505 2560 619 2598 Βῐιιὶιιβ,
640 2572 652 2586 ιι
667 2562 795 2598 ejusque
803 2561 947 2598 edictis.»

194 2597 251 2634 (98)
268 2596 477 2634 Πφοστατεῦειν.
496 2599 564 2632 Reg.
591 2597 651 2631 bm,
669 2600 727 2624 tres
743 2596 834 2630 Colb.,
852 2597 938 2626 Coisl,
954 2597 981 2630 3,

157 2635 185 2660 et
200 2632 260 2659 ἄξιε.
276 2632 463 2660 προσ-τάττειν,

193 2657 573 2704 (ᾤγφίλαγποιοῦνταπγκαὶ
606 2666 674 2704 κατά
701 2667 823 2704 γνώμην.
854 2668 983 2704 Combet.

155 2703 255 2730 ποιῶν.
274 2704 462 2731 Ριιεθιειηῐῃίεὶι
478 2702 590 2737 Billius,
605 2702 650 2729 καὶ
669 2702 736 2729 κατὰ
755 2702 880 2738 γνὼμην.
907 2703 984 2731 Elias

156 2740 254 2773 vertit,
272 2751 285 2763 ‹‹
303 2742 330 2766 et
345 2748 379 2773 ex
394 2739 484 2767 animi
501 2739 556 2767 mei
575 2740 729 2766 sententia.

192 2776 232 2809 (l)
246 2772 320 2801 Εἶναι
341 2772 416 2802 δοκεῖ
428 2785 468 2802 τε.
486 2774 549 2802 Ηωσ
564 2774 670 2802 desunt
684 2775 713 2803 in
725 2774 795 2809 Reg.
811 2774 871 2807 bm,
888 2773 983 2802 tribus

156 2810 239 2837 Colb.
257 2813 285 2837 et
299 2811 346 2837 Or.
366 2811 389 2837 1.

179 2811 239 2837 olb.
257 2813 285 2838 et
299 2811 346 2838 Or.
366 2811 389 2838 1.

192 2847 232 2881 (2)
247 2845 351 2880 “¹Δξιος.
378 2846 426 2874 0r.
448 2845 476 2882 3,
500 2848 529 2874 et
552 2847 610 2874 Jes.
635 2844 727 2881 ἀξίως,
742 2857 757 2870 «ί
782 2845 879 2882 digne,
896 2845 984 2875 meri-

158 2884 197 2909 to.
215 2893 231 2907 »

1040 2330 1201 2362 habuisset,
1227 2338 1326 2358 verum
1350 2330 1513 2357 doctrinam
1536 2331 1678 2358 duntaxat
1702 2339 1797 2366 suam,
1822 2332 1866 2359 vel

1039 2375 1135 2410 potius
1150 2376 1234 2402 breve
1241 2375 1389 2409 quoddam
1405 2375 1543 2402 doctrinas
1555 2375 1704 2411 specimen
1719 2376 1865 2403 ostendis-

1040 2422 1093 2454 set,
1111 2419 1237 2454 primum
1263 2418 1361 2448 statim
1379 2419 1456 2446 inter
1474 2419 1601 2447 medicos
1620 2419 1772 2456 dignitatis
1797 2428 1865 2456 gra-

1076 2525 1113 2560 (3)
1142 2523 1390 2562 llpoxzalnpévmv.
1429 2525 1488 2562 Jes.
1527 2524 1783 2562 προσκεκλημᾶνων.
1820 2527 1867 2554 Sic

1039 2562 1127 2588 etiam
1145 2560 1215 2596 legit
1230 2561 1329 2588 Gomb.
1342 2564 1371 2588 et
1382 2561 1478 2595 vertit,
1489 2572 1502 2586 α
1515 2560 1589 2596 quos
1600 2562 1698 2589 divma
1714 2562 1865 2597 providen-

1040 2598 1080 2624 tia
1097 2604 1217 2632 magnos
1233 2597 1367 2632 aspirans
1384 2596 1499 2624 animos
1520 2596 1725 2632 provocaverit’.
1743 2609 1756 2623 υ

1074 2633 1113 2667 (4)
1131 2632 1348 2669 Ιιροῃρημένοις.
1361 2633 1421 2660 Non
1436 2632 1754 2669 malerPercheimerus,
1767 2644 1779 2657 ιι
1794 2642 1865 2669 prm-

1039 2658 1251 2704 determinetis:
1271 2679 1284 2691 η
1298 2658 1596 2704 αθὶέξπήρὸέζρὴμένὸιέ.

1074 2704 1112 2739 (5)
1128 2703 1238 2740 Καὶτήν
1255 2703 1314 2738 μὲν,
1330 2702 1467 2731 etc/Hec
1491 2713 1582 2740 usque
1604 2704 1644 2740 ad,
1668 2702 1733 2740 ὅπερ
1756 2703 1864 2739 ἀμέλει,

1038 2740 1104 2802 etc},
1121 2739 1228 2767 desunt
1240 2740 1269 2766 in
1287 2740 1354 2775 Reg.
1371 2741 1431 2773 bm,
1444 2740 1473 2766 in
1489 2739 1584 2767 tribus
1599 2739 1690 2773 Colb.,
1703 2740 1751 2772 0r,
1765 2740 1789 2772 1,
1804 2740 1865 2768 Elia

1038 2783 1053 2802 e
1099 2783 1140 2802 es.

1038 2778 1066 2802 et
1080 2778 1140 2802 Jes.

1074 2811 1112 2846 (6)
1129 2810 1193 2837 Oiov
1209 2809 1359 2846 πρόλογον.
1379 2810 1424 2837 sic
1444 2812 1528 2846 Hegg.
1548 2810 1607 2839 bm.
1625 2810 1675 2841 hu,
1693 2813 1749 2837 tres
1764 2810 1864 2844 (lolb.,

1038 2847 1126 2873 Coisl.
1143 2847 1170 2879 3,
1186 2849 1233 2873 0r.
1252 2847 1277 2879 1,
1293 2848 1322 2873 et
1334 2846 1393 2873 Jes.
1412 2846 1498 2874 Deest
1513 2846 1568 2871 οἷον
1587 2846 1614 2872 in
1631 2846 1728 2873 editis.
