4260 6222
495 421 609 481 ’ΠΙ

1735 415 1801 477 S.
1850 411 2223 478 GREGORII
2265 417 2660 480 THEOLOGI

498 555 608 611 hoc
640 556 806 620 foret,
847 557 902 606 et
951 551 1024 605 ab
1071 547 1353 604 orationis
1403 547 1676 603 instituto
1736 547 2013 604 alienum.
2079 548 2130 604 Ui

2261 547 2320 601 ἃν
2368 546 2449 614 είη
2501 547 2781 612 παννελῶς
2823 553 2920 603 τοῦ
2972 549 3165 626 καιροῦ
3215 549 3303 604 καὶ
3351 553 3446 603 τοῦ
3498 547 3688 623 λόγου.
3733 551 3825 611 Ὠς
3858 543 3918 606 δὲ

497 648 690 699 autem
721 640 1030 705 Caesarius,
1053 638 1279 692 cunctis
1310 636 1619 692 verborum
1650 637 1810 693 illius
1842 637 2146 694 dissolutis

496 731 762 800 nexibus,
814 728 1121 784 conatibus
1171 725 1468 792 omnibus,
1522 729 1642 780 tam
1696 726 1911 798 apertis
1966 741 2144 797 quam

495 817 785 889 obscuris,
811 817 934 872 ludi
958 816 1289 887 cujuspiam
1323 814 1513 870 instar
1532 813 1911 886 propulsatis,
1935 829 2148 884 magna

492 913 548 962 et
578 908 735 963 clara
789 922 923 962 voce
972 903 1367 960 Christianum
1418 919 1481 958 se
1530 908 1586 957 et
1634 918 1763 958 esse
1809 907 1866 958 et
1914 918 2148 974 semper

493 997 613 1052 fore
645 995 1062 1068 pronuntiavit,
1097 1011 1166 1048 ne
1198 992 1281 1048 sic
1312 993 1544 1064 quidem
1589 1007 1832 1063 prorsus
1863 991 2096 1062 ejicitur
2126 1010 2139 1042 :

493 1085 639 1140 mire
669 1085 882 1140 etenim
909 1083 1259 1155 imperatore
1280 1081 1510 1136 Caesarii
1539 1081 1808 1136 doctrina
1834 1080 1946 1135 frui
1970 1085 2146 1152 atque

491 1174 757 1230 exornari
788 1172 1072 1244 gestiebat
1107 1189 1120 1226 :
1155 1187 1267 1242 quo
1317 1169 1489 1226 etiam
1533 1173 1793 1241 tempore
1837 1168 2142 1225 celeberri-

493 1281 652 1318 mum
685 1263 829 1317 illud
875 1261 1104 1316 cunctis
1139 1260 1516 1315 audientibus
1562 1258 1903 1330 prolocutus
1933 1263 2021 1313 est
2055 1275 2068 1312 :
2103 1256 2143 1312 Ο

486 1354 702 1424 felicem
728 1357 968 1422 patrem,
999 1366 1034 1406 0
1065 1350 1314 1420 infelices
1347 1348 1556 1404 libero:
1597 1353 1615 1402 !
1678 1347 1824 1404 Nam
1859 1363 1965 1402 nos
1994 1363 2142 1418 quo-

490 1459 601 1512 que
624 1440 956 1512 ignominiae
976 1439 1253 1494 societate
1284 1438 1578 1493 ornandos
1599 1437 1786 1506 duxit,
1813 1453 2064 1508 quorum
2087 1439 2144 1491 et

489 1531 873 1586 eruditionem
907 1533 964 1584 et
993 1527 1268 1599 pietaiem
1289 1526 1532 1582 Athenis
1564 1529 2137 1598 cognoverat,verum

487 1621 560 1676 ad
593 1619 918 1676 secundum
952 1619 1269 1672 adventum
1302 1617 1452 1672 αυτ
1498 1621 1825 1672 reservatus
1858 1614 2141 1686 (commo-

489 1710 628 1764 dum
663 1708 816 1764 enim
852 1707 1016 1761 illum
1043 1707 1189 1761 Dcus
1205 1705 1448 1775 justitiaa
1470 1721 1684 1777 praeses
1708 1704 1990 1760 adversus
2014 1702 2141 1759 Per-

487 1815 584 1853 sas
616 1796 923 1866 armabat),
957 1795 1028 1849 ad
1061 1811 1168 1849 nos
1207 1794 1375 1862 redit,
1416 1793 1582 1849 exsul
1611 1793 1840 1859 beatus,
1873 1796 1929 1848 et
1957 1790 2142 1847 victor

2255 639 2427 698 πάσας
2456 637 2618 692 αὐτοῦ
2667 640 2780 711 (28)
2829 639 2920 699 τὰς
2973 637 3023 692 ἐν
3066 643 3182 700 τοῖς
3236 638 3425 712 λόγοις
3475 638 3683 700 πλοκὰς
3717 635 3911 693 διαλῦ-

2257 746 2372 794 σας,
2431 726 2521 781 καὶ
2577 731 2766 802 πεῖραν
2832 728 3035 781 ἅπασαν
3095 727 3270 804 ἀφανῆ
3348 748 3405 781 τε
3483 727 3572 781 καὶ
3654 729 3914 803 φανερὰν,

2256 813 2434 890 ὣσπερ
2487 817 2604 869 τινὰ
2651 812 2867 869 παιδιὰν
2918 818 3331 890 παρωσάμενος,
3377 813 3585 892 μεγάλῃ
3631 819 3720 870 καὶ
3771 815 3922 888 λαμ-

2254 907 2364 977 πρᾷ
2408 906 2476 977 τῇ
2527 903 2682 980 φωνῇ
2729 904 2792 958 τὸ
2843 905 3164 980 Χριστιανὸς
3215 904 3350 960 εἶναί
3397 926 3451 959 τε
3483 906 3572 959 xui
3611 905 3786 977 μένειν
3824 907 3916 959 ἀν-

2253 994 2528 1067 εκήρυξεν,
2589 991 2714 1048 οὐδὲ
2772 992 2914 1048 οὕτω
2985 994 3079 1066 μὲν
3153 991 3434 1056 παντελῶς
3487 995 3914 1065 ἀποπέμπεται’

2253 1081 2471 1155 καὶγὰρ
2524 1079 2695 1144 δεινὸς
2746 1081 2883 1156 ἔρως
2934 1084 3050 1157 εἶχε
3095 1081 3185 1137 τὸν
3243 1081 3468 1157 βασιλέα
3514 1082 3581 1156 τῇ
3621 1083 3914 1158 Καισαρίου

2251 1167 2526 1224 παιδεύσει
2579 1173 2812 1224 συνεῖναι
2861 1170 2950 1224 καὶ
2998 1168 3474 1240 καλλωπίζεσθαι·
3529 1171 3691 1241 ἡνίκα
3731 1173 3916 1227 καὶτὸ

2253 1256 2580 1334 περιϐόητον
2612 1263 2774 1314 τοῦτο
2799 1261 2911 1332 (29)
2943 1258 2995 1313 έν
3025 1265 3142 1320 ταῖς
3179 1264 3286 1314 τῶν
3320 1262 3430 1333 (30)
3470 1261 3682 1314 πάντων
3719 1262 3914 1323 ἀκοαῖς

2253 1347 2538 1425 ἐφθέγξατο
2567 1368 2579 1380 ·
2639 1350 2706 1402 ’Ὠ
2753 1349 2955 1423 πατρὸς
3006 1348 3290 1424 εὐτυχοῦς,
3355 1346 3399 1401 ὥ
3449 1345 3656 1403 παίδων
3719 1347 3915 1404 δυστυ-

2250 1438 2404 1512 χῶνί
2465 1434 2685 1505 Ἐπειδή
2747 1438 2835 1491 καὶ
2891 1439 3039 1509 ἡμᾶς
3099 1437 3296 1507 ἠξίωσε
3353 1440 3465 1511 (31)

2249 1526 2502 1597 κοινωνίᾳ
2544 1533 2643 1596 τῆς
2694 1526 2929 1599 ἀτιμίας,
2983 1524 3056 1580 ὧν
3105 1525 3194 1580 καὶ
3242 1527 3341 1594 τὴν
3415 1523 3689 1580 παίδευσιν
3744 1528 3913 1597 Ἀθή-

2249 1635 2396 1690 νῃσιν
2451 1613 2590 1690 ἔγνω
2647 1615 2734 1670 καὶ
2793 1615 2891 1683 τήν
2953 1609 3247 1685 εὐσέϐειαν,
3304 1612 3524 1691 δευτέρᾳ
3583 1613 3640 1669 δὲ
3711 1613 3914 1688 εἰσόδῳ

2246 1703 2554 1777 ταμιευθεὶς
2587 1705 2700 1778 (32)
2731 1701 2936 1778 (έπείδή
2971 1724 3032 1778 γε
3061 1704 3196 1758 κατὰ
3236 1707 3450 1778 Περσῶν
3484 1702 3680 1758 ἐκεῖνον
3710 1706 3744 1772 ἡ
3780 1702 3909 1775 δίκη

3547 1444 3775 1509 τιμῆσαι
3837 1443 3906 1510 τῇ

2248 1793 2431 1855 καλῶς
2481 1792 2773 1864 έξώπλισεν
2832 1795 3007 1866 [33]),
3058 1791 3290 1846 ἐπάνεισι
3340 1793 3478 1868 πρὸς
3535 1793 3682 1864 ἡμᾶς
3733 1789 3938 1870 φυγὰς

486 1886 850 1956 incruentus,
885 1890 1058 1955 atque
1088 1883 1159 1939 ob
1193 1883 1580 1955 ignominiam
1614 1881 2040 1954 clarior,quam
2066 1881 2130 1937 ob

2254 1884 2540 1959 μακάριος,
2592 1881 2680 1937 καὶ
2725 1886 3095 1958 τροπαιοῦχος
3140 1881 3494 1954 ἀναιμακτος,
3543 1881 3632 1936 καὶ
3673 1903 3908 1960 περιφαι

2287 1970 2296 1985 .
2565 1972 2577 1985 .
2653 1970 2666 1985 .
2786 1972 2796 1985 .
2897 1973 2918 1985 η
2999 1972 3012 1985 .
3284 1969 3294 1985 .

487 1975 861 2046 splendorem
892 1977 949 2028 et
977 1971 1245 2043 gloriam.

557 2062 699 2119 XIV.
733 2063 892 2118 Hanc
922 2077 1056 2133 ergo
1081 2060 1385 2116 victoriam
1422 2077 1636 2133 magna
1663 2058 1820 2115 illius
1845 2075 2045 2128 manu,
2080 2062 2136 2113 et

483 2152 724 2209 sublimi
747 2167 1026 2224 purpura,
1049 2154 1106 2205 et
1134 2149 1389 2222 ingentis
1416 2149 1582 2221 pretii
1607 2149 1936 2204 diademate
1961 2146 2134 2218 longe

483 2242 889 2300 sublimiorem
938 2244 994 2297 et
1043 2237 1513 2295 excellentiorem
1561 2254 1690 2294 esse
1739 2252 1967 2293 censeo.
2021 2237 2134 2290 Huc

484 2332 818 2389 narratione
843 2330 1027 2400 magis
1049 2329 1273 2394 efferor,
1296 2344 1472 2400 quam
1497 2327 1544 2382 si
1576 2327 1913 2382 universum
1947 2326 2130 2396 impe-

483 2423 637 2478 rium
669 2437 801 2476 cum
833 2435 898 2475 eo
929 2419 1181 2491 partitus
1213 2416 1566 2472 essetMalis
1593 2416 1774 2486 igitur
1806 2415 2130 2484 tempribus

483 2512 656 2576 cedit,
693 2511 751 2564 in
782 2523 966 2579 eoque
997 2506 1109 2577 legi
1159 2511 1366 2560 nostrae
1414 2505 1802 2574 obtemperat,
1852 2520 1982 2574 quae
2021 2503 2129 2557 hoc

484 2599 693 2662 sancit,
727 2601 790 2651 ut
844 2598 1089 2665 urgente
1139 2593 1376 2664 quidem
1429 2598 1687 2662 tempore
1739 2609 1839 2661 pro
1887 2593 2128 2646 veritate

482 2685 808 2757 periculum
858 2683 1160 2749 adeamus,
1202 2697 1308 2735 nec
1357 2680 1629 2750 pietatem
1684 2695 1785 2750 per
1832 2679 2123 2750 ignaviam

482 2774 798 2845 prodamus
832 2788 844 2826 :
879 2771 1138 2841 quandiu
1171 2776 1365 2824 autem
1405 2769 1560 2837 licet,
1605 2768 1862 2839 pericula
1895 2769 2022 2838 ipsa
2055 2785 2125 2823 ne

484 2876 863 2936 provocemus
891 2860 955 2924 ³⁸,
1008 2859 1127 2913 sive
1177 2859 1504 2912 animarum
1556 2861 1889 2912 nostrarum
1943 2863 2121 2926 metu,

481 2953 597 3007 sive
624 2956 686 3004 ut
707 2949 777 3003 iis
797 2947 1156 3017 consulatur,
1181 2945 1282 3018 qui
1305 2946 1631 3018 periculum
1655 2946 1822 3001 nobis
1844 2945 2120 3002 inferunt.

482 3040 865 3110 Posteaquam
900 3043 1092 3091 autem
1125 3035 1245 3090 hzec
1276 3034 1459 3106 caligs
1490 3035 1756 3090 discussa
1796 3041 1904 3104 est,
1937 3041 2121 3090 exter-

481 3143 674 3198 naque
704 3125 860 3197 regio
892 3140 1125 3180 causam
1172 3130 1324 3179 recte
1377 3124 1734 3191 disceatavit,
1768 3142 1833 3178 ac
1862 3125 2123 3179 vibratus

478 3216 708 3289 gladius
765 3214 1014 3286 impium
1069 3217 1369 3284 postrav1t,
1402 3229 1610 3284 resque
1661 3213 1730 3267 ad
1765 3213 2122 3268 Christianos

477 3287 800 3370 redierunt,
850 3303 990 3374 quid
1032 3301 1224 3356 dicere
1269 3316 1505 3357 necesse
1550 3306 1660 3364 est,
1713 3306 1930 3372 quanto
1987 3318 2120 3356 cum
2153 3287 2194 3352 C

476 3394 695 3448 honore
725 3398 780 3446 et
808 3391 1010 3464 gloria,
1042 3395 1144 3445 aut
1173 3407 1306 3444 cum
1341 3395 1484 3461 quot
1515 3395 1569 3444 et
1599 3389 1834 3460 quantis
1866 3390 2121 3445 testimo-

476 3483 590 3537 niis
622 3497 685 3536 ac
713 3481 870 3536 velut
924 3480 1049 3550 ipse
1093 3477 1438 3533 beneficium
1488 3478 1681 3549 potius
1725 3478 1893 3545 dans,
1945 3494 2120 3549 quam

474 3569 858 3643 aceipiens,in
887 3568 1078 3622 aulam
1105 3584 1307 3621 rusum
1342 3572 1608 3638 receptus
1632 3565 1726 3630 sit,
1753 3566 2122 3637 prioremque

473 3661 752 3716 honorem
785 3659 1079 3713 secundus
1110 3656 1441 3728 exceperit?
1477 3662 1553 3709 Ac
1601 3661 1833 3727 tempus
1884 3656 2118 3726 quidem

473 3751 856 3821 imperatores
890 3747 1137 3801 subinde
1184 3743 1584 3810 commutavit,
1635 3742 1881 3799 Caesario
1925 3749 2119 3798 autem

473 3838 675 3911 gloria,
713 3842 769 3891 et
801 3835 1168 3890 auctoritatis
1219 3835 1370 3904 apud
1403 3849 1500 3888 eos
1542 3833 1904 3904 principatus
1935 3832 2120 3887 haud-

475 3943 774 3999 quaquam
809 3923 1122 3980 convulsus
1145 3939 1209 3976 ac
1239 3921 1564 3976 dissolutus
1595 3927 1721 3977 est:
1755 3922 1896 3993 quin
1928 3922 2120 3993 potius

471 4017 543 4071 de
573 4032 638 4070 eo
680 4014 834 4069 inter
879 4013 1260 4083 imperatores
1312 4015 1605 4066 certamen
1649 4013 1794 4074 erat,
1846 4011 2117 4080 quisnam

471 4102 786 4159 Caesarium
814 4101 1002 4171 magis
1035 4098 1144 4154 sibi
1180 4099 1548 4170 adjungeret,
1583 4103 1639 4153 et
1680 4099 1990 4169 cujusnam
2025 4099 2121 4154 ille

473 4190 661 4259 magis
690 4188 915 4242 amicus
943 4191 1000 4242 et
1033 4186 1339 4242 familiaris
1369 4186 1712 4241 disceretur.
1745 4185 1902 4240 Talis
1933 4191 2118 4242 Caesa-

472 4276 539 4331 rii
575 4276 783 4347 pietas,
815 4275 958 4330 talia
989 4276 1222 4346 pietatis
1251 4274 1508 4346 praemia.
1564 4273 1820 4330 Audiant
1847 4276 2118 4346 juvenes,

471 4366 713 4422 audiant
742 4365 869 4432 viri,
901 4381 967 4418 ac
997 4381 1099 4435 per
1127 4365 1391 4419 eamdem
1438 4365 1708 4418 virtutem
1742 4365 1813 4419 ad
1845 4365 2117 4419 eumdem

472 4453 837 4524 splendorem
862 4454 1214 4506 contendant
1233 4453 1530 4522 (Bonorum
1558 4451 1704 4508 enim
1729 4454 1982 4508 laborum
2001 4455 2118 4524 glo-

471 4544 733 4598 rioriosu:
762 4545 843 4596 est
867 4543 1085 4611 fructus
1115 4542 1203 4612 ⁸⁸),
1254 4541 1590 4612 quicunque
1637 4541 1744 4597 hoc
1793 4543 1947 4597 enim
1993 4559 2116 4597 am-

472 4631 662 4700 biunt,
695 4634 867 4701 atque
896 4630 955 4684 in
987 4628 1280 4685 felicitatis
1311 4634 1474 4701 parte
1504 4629 1806 4685 collocant.

542 4719 651 4776 XV.
685 4719 815 4774 Jam
859 4735 990 4774 vero
1021 4719 1193 4790 quale
1224 4719 1332 4774 hoc
1371 4735 1604 4790 quoque
1641 4719 1830 4791 ipsius
1862 4723 2116 4777 miracu-

541 4875 586 4909 ⁸⁸
613 4873 818 4929 Matth.
852 4891 907 4939 x,
933 4874 1024 4928 23.
1101 4873 1145 4907 ⁸⁸
1175 4874 1305 4944 Sap.
1341 4890 1422 4943 lu,
1461 4875 1542 4927 15.

545 5028 656 5100 (28)
683 5028 864 5100 Ηᾴσας
895 5025 1078 5100 αὐτοῦ,
1130 5034 1236 5083 etc.
1289 5028 1382 5083 Or.
1439 5029 1488 5094 1,
1536 5025 1738 5086 αὐτοῖς.
1790 5029 1909 5082 Jes.
1944 5027 2112 5088 πάσας

472 5097 675 5168 αὐτοῖς,
710 5097 772 5152 οὐ
803 5099 896 5160 τὰς
921 5097 971 5152 έν
992 5102 1130 5159 τοῖς.

545 5165 868 5243 (29)’Τοῦτο.
894 5170 989 5226 Or.
1024 5172 1074 5243 1,
1107 5170 1178 5226 ad
1213 5183 1396 5243 marg.
1424 5165 1614 5243 έκεῖνο.

544 5240 655 5310 (30)
685 5245 819 5297 Τῶν.
852 5243 1023 5298 Deest
1051 5242 1106 5295 in
1141 5253 1261 5312 reg.
1297 5240 1416 5310 bm,
1450 5240 1544 5295 Or.
1571 5242 1620 5304 1,
1655 5243 1708 5292 et
1739 5243 1857 5294 Jes.

547 5316 657 5384 (31)
691 5313 931 5383 ’Πξίωσε,
1006 5318 1071 5368 In
1147 5312 1243 5367 Or.
1305 5313 1356 5380 1,
1415 5312 1487 5366 ad
1549 5325 1733 5382 marg.
1793 5329 1884 5384 γρ.

473 5382 718 5436 ἐτίμησε.

498 5405 718 5440 τιμησε.

546 5405 919 5527 ίὲἒῗῗευτέρᾳ
957 5450 1014 5505 δὲ
1061 5447 1254 5521 εἰσόδῳ
1300 5450 1631 5527 ταμι-ευθείς.
1686 5475 1740 5527 ᾳ-
1773 5452 1858 5505 Ad
1912 5468 2117 5527 secun-

473 5523 617 5583 dum
640 5523 950 5582 adventum
985 5530 1346 5588 reservatus;
1371 5545 1399 5572 »
1425 5523 1579 5578 haud
1604 5523 1840 5594 quidem
1873 5541 1907 5578 a
1931 5523 2119 5580 Julia-

476 5615 570 5668 no,
604 5600 704 5654 sed
737 5615 769 5651 a
801 5597 994 5651 divina
1025 5595 1406 5668 providentia,
1437 5601 1502 5650 ut
1529 5595 1739 5668 iterum
1763 5594 1958 5668 aulam
1984 5597 2120 5668 radi-

474 5666 583 5739 ret,
635 5670 966 5740 regiamque
1016 5666 1438 5739 ingrederetur.
1487 5667 1650 5733 Quod
1715 5671 1847 5740 post
1901 5666 2121 5724 Juliani

474 5739 725 5796 mortem
755 5739 1016 5809 contigit.

1957 5307 2118 5379 ἀξίως

2246 1970 2491 2048 νέστερος
2521 1972 2618 2040 τήν
2643 1970 2860 2044 ἀτιμίαν
2952 1972 3050 2038 την
3077 1969 3459 2046 καμπρὸτητα.

2320 2060 2575 2117 1Δ’Τ»’
2742 2059 3110 2114 é“’
3309 2067 3334 2077 τ
3503 2058 3805 2115 λλ“”

2406 2105 2417 2116 .
2516 2081 2680 2130 αδτην
2769 2082 2851 2135 γω
2907 2081 3004 2128 την
3059 2081 3212 2130 νικην
3267 2081 3368 2129 της
3424 2081 3494 2114 πο
3577 2082 3644 2129 ης
3695 2081 3910 2116 εκεινου

2246 2151 2456 2225 χειρὸς,
2504 2149 2594 2203 καὶ
2640 2155 2738 2217 τῆς
2789 2146 3006 2222 ὑψηλῆς
3053 2145 3407 2223 ἀλουργίδος,
3457 2148 3547 2203 καὶ
3595 2152 3692 2203 τοῦ
3725 2148 3904 2204 πολυ-

2241 2237 2434 2299 τελοῦς
2465 2235 2800 2310 διαδήματος
2835 2234 3173 2312 ὑψηλοτέραν
3218 2237 3386 2312 κρίνω
3445 2242 3635 2312 μακρῷ
3680 2238 3771 2292 καὶ
3822 2261 3911 2292 τι-

2247 2327 2552 2400 μιωτέρανο
2623 2326 2800 2398 τούτῳ
2863 2331 2941 2398 τῷ
2994 2323 3298 2401 διηγήματι
3356 2325 3522 2381 πλέον
3578 2325 3906 2401 ἐπαίρομαι,

2239 2418 2273 2483 ἢ
2304 2415 2347 2470 εί
2392 2422 2561 2469 πᾶσαν
2616 2415 2800 2486 ἐκείνῳ
2849 2415 2945 2482 τὴν
3002 2415 3277 2490 βασιλείαν
3329 2414 3719 2488 ἀπεμερίσατο.
3773 2421 3906 2476 Τοῖς

2245 2506 2336 2576 μὲν
2364 2502 2454 2558 νῦν
2485 2502 2747 2576 πονηροῖς
2796 2504 3081 2577 ὑποχωρεῖ
3127 2499 3374 2578 χρόνοις,
3420 2503 3510 2557 καὶ
3556 2507 3719 2557 τοῦτο
3764 2505 3902 2556 κατᾶ

2235 2594 2333 2660 τὴν
2419 2591 2687 2667 ἡμετέραν
2765 2592 3126 2664 νομοθεσίανο
3202 2589 3477 2653 ἐνστάντος
3545 2591 3637 2664 μὲν
3700 2597 3894 2663 καιροῦ

2237 2677 2650 2735 διακινδυνεύειν
2705 2679 2837 2756 ὑπὲρ
2881 2685 2980 2748 τῆς
3029 2677 3312 2748 ἀληθείας,
3345 2682 3432 2734 καὶ
3462 2681 3537 2752 μή
3569 2677 3895 2755 προδιδόναι

2236 2768 2414 2840 δειλίᾳ
2463 2769 2560 2837 τήν
2619 2764 2886 2823 εὐσέϐειαν
2923 2787 2933 2800 '
2996 2765 3103 2830 ἕως
3161 2765 3207 2822 δ’
3265 2767 3322 2822 ἂν
3382 2768 3496 2842 ἐξῇ,
3559 2769 3635 2840 μὴ
3692 2789 3893 2844 κροκα-

2237 2858 2590 2930 λεῖσθαι
2621 2858 2747 2918 τοὺς
2819 2854 3099 2916 κινδῦνους
3177 2855 3525 2923 κελεύουσαν,
3602 2854 3705 2911 εῗίτε
3778 2855 3892 2911 δέει

2233 2951 2339 3000 τῶν
2397 2947 2677 3020 ἡμετέρων
2740 2949 2952 3021 ψυχῶν,
3021 2944 3125 2999 εἶτε
3184 2942 3361 3022 φειδοῖ
3416 2949 3521 2998 τῶν
3578 2943 3888 3019 ἐπαγόντων

2230 3036 2320 3089 τὸν
2377 3032 2644 3089 κίνδυνον.
2703 3033 2853 3089 Ἐπεὶ
2903 3031 2961 3087 δὲ
3010 3033 3036 3087 ὅ
3089 3033 3250 3107 ζόφος
3302 3033 3492 3104 ἐλύθη,
3541 3035 3629 3087 καὶ
3663 3036 3696 3102 ἡ
3733 3035 3891 3109 ὑπερ-

2233 3123 2353 3200 ορία
2399 3123 2584 3184 καλῶς
2634 3121 2842 3178 ἐδίκασε
2888 3123 2977 3176 καὶ
3027 3125 3061 3191 ἡ
3115 3117 3477 3178 στιλϐωθεῖσα
3527 3120 3770 3199 ῥομφαία
3799 3123 3893 3176 τὸν

2231 3207 2396 3281 ἀσεϐῆ
2455 3205 2741 3281 κατέϐαλε,
2800 3211 2889 3265 καὶ
2933 3212 3276 3285 Χριστιανοῖς
3320 3209 3588 3279 ἐπανῆλθε
3634 3213 3701 3265 τὰ
3748 3212 3890 3286 πρά-

2231 3319 2430 3377 γματα,
2488 3300 2540 3354 τί
2593 3297 2674 3354 δεῖ
2722 3298 2896 3375 λέγειν
2954 3301 3072 3372 μεθ’
3125 3297 3243 3361 οΥας
3295 3298 3455 3370 δόξης
3486 3321 3543 3353 τε
3574 3300 3661 3354 καὶ
3693 3308 3885 3373 τιμῆς,

2231 3392 2265 3459 ἣ
2291 3391 2397 3445 τῶν
2435 3389 2743 3464 μαρτυρίων
2779 3385 2907 3442 οἷ’ων
2937 3385 3025 3442 καὶ
3074 3389 3238 3455 ὃσιυν,
3271 3388 3360 3442 καὶ
3408 3388 3481 3450 ὡς
3536 3384 3722 3451 διδοὺς
3784 3389 3888 3464 χά-

2231 3498 2313 3554 ριν
2369 3477 2582 3550 μᾶλλον
2633 3479 2666 3545 ἣ
2731 3476 3115 3550 κομιζόμενος,
3184 3483 3300 3539 τοῖς
3374 3475 3670 3553 βασιλείοις
3731 3478 3886 3539 αὖθις

2230 3562 2684 3639 ἀναλαμϐάνεται,
2743 3565 2832 3620 καὶ
2882 3563 3186 3642 διαδέχεται
3245 3569 3343 3635 τὴν
3416 3568 3648 3641 προέραν
3715 3572 3884 3639 τιμὴν

2229 3657 2264 3724 ἡ
2298 3653 2554 3729 δευτέρα;
2591 3656 2686 3709 Καὶ
2723 3652 2967 3728 βασιλεῖς
2999 3655 3092 3727 μὲν
3129 3655 3155 3708 ὁ
3188 3655 3388 3730 χρόνος
3421 3659 3564 3730 παρή
3579 3660 3736 3728 μειψε
3769 3660 3884 3726 (35)

2230 3743 2501 3818 Καισαρίῳ
2561 3741 2618 3798 δὲ
2673 3744 2737 3798 τὸ
2794 3746 2891 3812 τῆς
2922 3741 3161 3814 εὐδοξίας
3204 3742 3399 3798 ἄλυτον
3433 3747 3566 3816 (36),
3624 3745 3713 3798 καὶ
3771 3751 3883 3799 τῶν

2229 3834 2354 3908 παρ’
2398 3832 2582 3894 αὐτοῖς
2632 3833 2910 3908 πρωτείων
2939 3851 2951 3863 ⁸
3009 3833 3097 3887 καὶ
3150 3834 3294 3906 ἀγὼν
3359 3830 3693 3908 βασιλεῦσιν,
3737 3833 3887 3895 ὅστις

2234 3920 2446 3995 μᾶλλον
2497 3923 2783 3994 Καισάριον
2831 3920 3182 3992 οἶκειώσηται
3236 3924 3372 3994 (37),
3430 3921 3519 3975 καὶ
3570 3921 3630 3975 οὗ
3666 3921 3882 3993 μᾶλλον

2230 4009 2432 4072 ἐκεῖνος
2481 4010 2755 4082 ὄνομασθῇ
2814 4008 2974 4086 φίλος
3026 4011 3114 4064 καὶ
3165 4010 3459 4086 γνώριμος.
3494 4015 3726 4064 Τοιαῦτα
3758 4018 3886 4066 Και-

2229 4097 2399 4174 σαρίῳ
2453 4099 2519 4151 τὰ
2563 4101 2663 4164 τῆς
2716 4093 3000 4167 εὐσεϐείας,
3059 4100 3149 4152 καὶ
3206 4098 3351 4174 παρᾶ
3409 4101 3519 4169 (38)
3575 4100 3673 4166 τῆς
3733 4099 3886 4154 εὐσε-

2229 4181 2398 4248 ϐείας.
2456 4185 2822 4240 Ἀκουέτωσαν
2880 4186 2969 4240 καὶ
3017 4186 3129 4241 νέοι
3191 4190 3326 4260 (39),
3386 4188 3475 4241 xui
3525 4185 3736 4263 ἄνδρες,
3795 4190 3888 4243 καὶ

2229 4273 2318 4330 διὰ
2345 4282 2444 4345 τῆς
2482 4275 2647 4344 αὐτῆς
2684 4275 2879 4347 ἀρετῆς
2908 4276 3042 4350 πρὸς
3070 4277 3168 4344 τὴν
3202 4275 3365 4343 αὐτήν
3418 4276 3724 4352 ἐπιφάνειαν
3774 4279 3887 4349 (40)

2227 4364 2618 4440 έπειγέσθωσαν
2677 4366 2946 4438 (Ἀγαθῶο
2977 4365 3078 4442 γὰρ
3138 4365 3316 4419 πόνων
3367 4365 3572 4440 καρπὸς
3607 4365 3885 4437 εὐκλεὴς),

2227 4453 2378 4515 ὅσοις
2433 4453 2524 4507 καὶ
2601 4457 2762 4506 τοῦτο
2825 4451 2913 4507 διὰ
2971 4451 3214 4523 σπουδῆς
3259 4454 3348 4508 καὶ
3411 4455 3573 4527 μέρος
3635 4452 3890 4527 εὐδαιμο-

2225 4543 2338 4604 νίας
2373 4537 2836 4614 ὑπολαμϐάνεται.

2300 4722 2400 4777 1Ε’.
2462 4719 2619 4774 Ἀλλ’
2677 4720 2788 4773 οἷον
2843 4717 2907 4788 δὴ
2950 4721 3039 4774 καὶ
3080 4724 3241 4774 τοῦτο
3266 4725 3371 4774 τῶν
3401 4722 3524 4794 περὶ
3554 4722 3715 4775 αὐτὸν
3752 4725 3884 4777 Θαυ-

2296 5031 2408 5154 833)
2440 5025 2794 5096 Ἐξώπλισεν.
2821 5052 2847 5078 ‹‹
2878 5029 2945 5084 Ut
2976 5029 3031 5083 in
3064 5029 3266 5084 Persas
3301 5047 3468 5085 arma
3496 5035 3747 5087 verteret
3777 5033 3883 5087 im-

2296 5119 2301 5154 ι
2333 5101 2394 5154 it.
2435 5121 2457 5150 ι
2496 5099 2738 5154 Hesvch.
2774 5095 3072 5154 ἰξοπλίζειν
3102 5099 3377 5154 κελεύσας.

2225 5099 2394 5172 pulit.
2435 5121 2457 5150 ι
2496 5099 2738 5222 116εὲ011.
2774 5099 3072 5170 ἰξοπλίζειν
3102 5099 3377 5160 κελεύσας.

2443 5175 2626 5246 ΙΙροκΑα
2672 5171 2859 5246 εῖ-σθαι.
2898 5171 3074 5246 Regg.
3110 5173 3717 5246 Ιξῐηηπροσκαλεῖσθαι.

2299 5243 2410 5317 (35>
2444 5242 2798 5317 υᾳρήμειψςι
2820 5247 2957 5317 Ββϐο
2987 5242 3092 5317 hin.
3125 5242 3445 5315 ἀντιμέιψε.

2299 5309 2952 5407 ’,εὐδοξίας
3001 5309 3560 5387 ἅλυτονξείυέῒρεθζ.
3619 5316 3741 5379 bm,
3777 5319 3878 5384 hu,

2228 5381 2336 5440 etc.
2372 5381 2541 5451 Editi,
2574 5381 2895 5446 summa

2303 5458 2409 5526 (37)
2442 5452 2823 5525 Οίκειώσηται.
2857 5457 2951 5512 0r.
2991 5459 3041 5522 1,
3074 5456 3373 5511 οἰκειῶσαι.

2445 5525 2542 5604 Καί
2572 5526 2970 5604 παράζϐοωι).
3002 5527 3091 5604 xui
3133 5526 3285 5604 γέρα,
3308 5535 3376 5604 et
3406 5529 3664 5600 praemia.
3697 5551 3725 5580 υ

2324 5599 2410 5672 39)
2444 5597 2541 5672 Καὶ
2573 5597 2703 5672 νέοι.
2741 5603 2908 5656 Deest
2936 5598 3045 5672 καί,
3079 5597 3457 5672 in'p'luribu—s.

2324 5669 2802 5746 [ιω-Ἐπιφάνειαν.
2863 5669 3038 5744 Reg.'
3089 5669 3209 5742 bili,
3289 5671 3464 5730 Cois].
3527 5673 3581 5738 1,
3654 5680 3714 5728 et
3785 5673 3883 5731 Jes

2231 5742 2596 5818 περιφάνειαν,

2300 5529 2318 5739 ἕ

3181 112 3272 132 ’.Ἰν

3181 133 3284 172 at."
3325 139 3364 172 4'.-
3399 143 3478 178 λυ.

3213 173 3276 210 ,ηε-ξ
3341 189 3360 194 ,,

3235 223 3244 230 .
3355 247 3364 258 ς
3399 243 3406 248 1
3477 227 3576 278 τοτξ
3611 247 3652 272 ,1.
3679 239 3734 266 ορ
3773 263 3798 282 ν

3369 291 3372 294 .
3503 279 3508 284 ·
3663 275 3680 288 ι
3917 287 3922 292 .
3967 275 4004 300 .-

3609 303 3626 320 .ο
3797 317 3816 352 .-
3913 353 3916 356 ἢ
4051 323 4056 330 ,

3789 391 3946 482 ’ᾖξ’
4037 377 4042 380 ’
