2130 3111
1332 20 1376 32 μ-

132 184 188 212 ΤΠ
519 183 665 213 ORATIO
686 183 750 212 VH.
767 200 806 206 --
821 184 859 212 IN
883 182 961 212 LAU

1016 181 1045 211 M
1068 183 1177 212 C/ESA
1185 183 1236 212 ΗΠ
1259 184 1439 212 FRATRIS.
1772 186 1831 214 7'18

131 248 161 274 τὸ
188 247 261 285 παρὰ
288 249 341 273 τῶν
366 247 572 284 συναλγούντων
603 247 763 286 φάρμακον·
808 247 852 274 καὶ
873 248 898 273 οἱ
923 248 953 273 τὸ

1016 251 1172 282 versantur,
1189 249 1391 276 adhibeamus.
1408 249 1545 285 Magnum
1563 258 1648 285 porro
1663 250 1833 286 lugentibus

129 291 187 318 ’ἴσον
200 293 249 318 τοῦ
264 292 367 322 πάθους
384 289 492 327 ἔχοντες
515 290 597 318 πλέον
628 291 692 318 εἰσὶν
723 291 760 322 εἷς
787 290 955 329 παραμυθίαν

130 338 188 365 τοῖς
217 336 382 372 πάσχουσιν.
413 333 537 362 Μάλιστα
568 335 614 370 μὲν
646 336 691 362 οὗν
720 336 789 373 πρὸς
816 335 957 365 τοιούτους

133 380 202 407 ἐστὶν
219 381 285 415 ἡμῖν
303 380 316 406 ὁ
332 378 414 417 λόγος
428 388 433 393 ·
452 378 516 415 ὑπὲρ
537 379 573 406 ὧν
589 379 769 417 αἰσχυνοίμην
797 379 838 414 ἂν,
869 378 891 406 εἶ
918 380 955 415 μή

132 424 251 461 καθάπερ
267 423 354 451 ἄλλοι)
370 423 469 454 παντὸς
492 425 547 450 τῶν
570 423 673 456 καλῶν,
700 423 771 451 οὕτω
796 424 840 451 καὶ
863 434 956 461 καρτε-

132 469 192 503 ρίας
218 468 251 495 τὰ
279 470 374 505 πρῶτα
403 467 537 506 φέροιντο.
578 467 626 494 Καὶ
652 468 701 505 γὰρ
740 467 763 494 εἱ
797 466 956 506 φιλόπαιδες

132 514 238 540 πάντων
270 511 386 548 μᾶλλον,
408 510 480 539 ἀλλὰ
501 512 545 538 καὶ
568 512 674 539 πάντων
705 511 811 548 μᾶλλον
844 509 957 550 φιλὸσο-

131 568 176 595 φοι
190 558 245 593 (64)
260 556 305 584 καὶ
328 555 516 595 φιλόχριστοι,
545 556 590 583 καὶ
619 557 668 591 τήν
695 556 812 588 ἐντεῦθεν
844 556 957 593 μετάοα-

130 613 171 628 σιν
188 601 217 628 ἐκ
230 601 357 631 πλείονος
374 600 450 627 αὐτοί
479 610 508 628 τε
533 600 741 636 μελετήσαντες,
769 600 813 628 καὶ
837 600 902 631 τοὺς
931 599 956 635 ἐξ

131 645 218 673 αὐτῶν
235 644 385 680 διδάξαντες
399 655 405 661 ·
423 643 529 681 μᾶλλον
547 644 576 672 δὲ
594 645 638 672 τὸν
667 645 724 683 βίον
749 645 813 673 ὅλον
840 644 956 681 μελέτην

130 690 236 720 λύσεως
265 689 467 725 ἐνστησάμενοι.
499 689 529 717 Ei
559 688 588 716 δὲ
610 689 649 716 ἔτι
667 690 698 717 τὸ
720 689 806 721 πάθος
821 688 958 716 ἐπισκοτεῖ

130 737 189 765 τοῖς
206 733 362 771 λογισμοῖς,
378 734 422 760 καὶ
438 734 556 772 καθάπερ
572 733 650 769 λήμη
674 744 714 764 τις
742 734 786 761 τὸν
818 733 958 772 ὀφθαλμὸν

131 778 294 813 ὑπελθοῦσα,
312 779 434 814 καθαρῶς
450 777 565 805 συνιδεῖν
592 778 641 805 οὐκ
669 778 699 814 ιᾷ
726 779 757 805 τὸ
781 777 859 805 δεον·
884 778 957 817 φερε,

130 822 238 858 δέξαθθε
266 821 448 858 παράκλησιν,
477 822 502 849 οἱ
531 820 708 860 πρεσϐύτεροι
736 825 783 849 τοῦ
812 822 884 858 νέου,
913 823 957 849 καὶ

128 866 178 894 τοῦ
202 865 299 897 παιδὸς
329 867 354 893 οἱ
383 867 506 904 πατέρες,
538 867 584 893 καὶ
607 869 655 894 τοῦ
678 869 857 899 νουθετεῖσθαι
886 868 958 905 παρὰ

127 914 184 938 τῶν
199 910 370 946 τηλικούτων
387 910 557 949 ὀφείλοντος,
583 911 608 937 οἱ
632 910 754 941 πολλοὺς
778 912 958 946 νουθετήσαν-

127 966 182 991 τες,
198 956 242 983 καὶ
257 958 296 991 τῷ
320 954 420 991 πολλῷ
439 954 532 993 χρόνῳ
547 955 595 989 τήν
612 954 754 993 ἐμπειρίαν
770 954 957 991 συλλέξαντες.

128 1000 291 1036 Θαυμάσητε
316 998 344 1026 δὲ
368 998 465 1035 μηδὲν,
492 999 515 1026 εἷ
536 999 596 1030 νέος
616 1000 733 1027 νουθετῶ
746 1000 874 1038 γέροντας
891 1009 896 1015 ·
914 1000 958 1027 καὶ

128 1046 209 1071 τοῦτο
241 1043 380 1081 ὑμέτερον,
411 1043 437 1071 εἷ’
456 1055 481 1070 τι
509 1043 606 1075 πολιᾶς
634 1044 743 1080 ἄμεινον
761 1047 874 1081 συνορᾷν
890 1043 958 1082 ἔχω.

129 1088 217 1116 Πόσον
234 1087 272 1115 ἔτι
291 1089 455 1127 βιωσώμεθα
471 1089 528 1125 (65)
552 1088 664 1125 χρόνον,
680 1088 703 1115 ὦ
731 1088 821 1125 τίμιαι
851 1089 958 1123 πολιαὶ,

127 1133 173 1160 καὶ
211 1135 269 1168 Θεῷ
301 1132 519 1167 πλησιάζουσαι,
547 1132 632 1160 Πόσον
663 1133 776 1160 ἐνταῦθα
802 1133 959 1168 κακοπαθή-

128 1188 221 1213 σωμεν
237 1178 292 1213 (66)
309 1186 316 1211 ;
347 1175 417 1205 Οὐδὲ
432 1177 445 1204 ὁ
460 1180 512 1207 πᾶς
531 1177 679 1213 ἀνθρώπων
705 1177 764 1215 βίος
791 1178 905 1215 μακρὸς,
923 1177 959 1208 ὡς

127 1224 162 1259 τῇ
181 1222 239 1257 θείᾳ
263 1221 338 1259 φύσει
368 1221 412 1248 καὶ
443 1220 615 1258 ἀτελευτήτῳ
640 1220 808 1260 παραϐαλεῖν
825 1223 891 1259 (67),
921 1222 958 1258 μή

127 1267 171 1294 ὅτι
188 1266 218 1293 τὸ
228 1269 277 1300 τῆς
295 1269 367 1300 ζωῆς
384 1265 521 1302 λείψανον,
537 1266 611 1301 καὶὴ
629 1266 718 1300 λύσις,
749 1267 786 1297 ὡς
812 1266 843 1293 ’ἂν
871 1264 958 1293 εἷ’ποι-

128 1321 191 1346 μεν,
219 1313 270 1345 τῆς
299 1310 469 1348 ἀνθρωπίνης
498 1314 596 1346 πνοῆς,
632 1311 677 1338 καὶ
711 1313 760 1338 τοῦ
793 1310 960 1348 προσκαίρου

129 1355 194 1392 βίου
224 1355 257 1381 τὰ
282 1354 435 1382 τελευταῖα.
473 1355 559 1382 Πόσον
596 1356 666 1391 ἡμᾶς
696 1354 958 1393 ἔφθη·Καισάριος;

131 1399 219 1426 Πόσον
244 1398 282 1426 ἔτι
305 1399 351 1426 τὸν
376 1398 527 1426 ἀπελθόντα
556 1400 746 1435 πενθήσομεν;
773 1399 809 1426 οὐ
825 1399 893 1437 πρὸς
910 1399 959 1433 τήν

129 1443 216 1477 αὐτὴν
237 1442 398 1481 ἐπειγόμεθα
423 1444 527 1480 μονήν;
549 1443 586 1470 Οὐ
607 1444 651 1470 τὸν
677 1443 756 1471 αὐτὸν
773 1442 962 1480 ὑποδυσόμεθα

130 1487 209 1514 λίθον
240 1487 358 1521 αὐτίκα,
389 1487 446 1525 Οὐχ
469 1488 486 1522 ἡ
510 1487 577 1521 αὖτή
600 1487 674 1518 κόνις
699 1488 767 1524 μετὰ
793 1487 887 1525 μικρὸν
905 1486 962 1514 ἐσό-

133 1537 224 1568 μεθα;
254 1531 292 1560 Οὐ
326 1534 456 1559 τοσοῦτον
492 1531 672 1570 κερδανοῦμεν
707 1532 732 1559 ἐν
760 1535 820 1563 ταῖς
851 1534 961 1568 μικραῖς

130 1576 244 1606 ταύταις
273 1576 398 1612 ἡμέραις,
424 1575 485 1603 ὅσον
509 1576 596 1603 πλεέω
621 1576 699 1611 κακὰ,
723 1577 756 1603 τὰ
782 1576 828 1612 μὲν
846 1575 959 1610 ἰδόντες,

131 1621 167 1648 τὰ
190 1619 219 1648 δὲ
242 1620 380 1655 παθόντες,
405 1621 440 1647 τὰ
463 1619 492 1647 δὲ
516 1621 559 1647 καὶ
574 1620 718 1657 πράξαντες
731 1619 810 1655 ἴσως,
837 1619 960 1658 λειτουρ-
975 1609 997 1643 C

133 1666 217 1702 γῆσαι
231 1667 271 1701 τῷ
284 1668 334 1699 τῆς
350 1665 455 1703 φύσεως
472 1664 549 1701 νόμῳ
573 1665 621 1698 τήν
649 1666 743 1699 κοινὴν
767 1664 893 1703 εἰσφορὰν
917 1664 962 1692 καὶ

134 1709 294 1745 ἀσάλευτον,
309 1710 354 1737 καὶ
369 1710 427 1741 τοῖς
445 1710 491 1746 μὲν
509 1709 678 1746 ἒπαπελθεῖν,
699 1712 753 1737 τῶν
770 1709 799 1737 δὲ
824 1709 963 1748 προαπελ-

134 1756 200 1790 θεῖν,
216 1754 260 1781 καὶ
286 1753 350 1785 τοὺς
378 1755 425 1791 μὲν
454 1753 580 1787 κλαῦσαι,
609 1754 660 1781 ὑπὸ
689 1753 718 1781 δὲ
745 1756 797 1782 τῶν
828 1755 964 1792 θρηνηθῆ-

132 1809 187 1832 ναι,
212 1798 258 1825 καὶ
282 1799 344 1836 παρ’
360 1797 453 1825 ἄλλων
470 1795 623 1826 ἀντιλαϐεῖν
640 1798 669 1825 ὅν
755 1799 964 1837 προεισηνένίκα-

135 1853 185 1878 μεν
203 1841 300 1874 ἄλλοις
315 1845 367 1870 τῶν
385 1841 507 1881 δακρύων
529 1841 641 1881 ἕρανον;

1012 292 1204 327 pharmacum
1221 292 1293 320 illud
1309 293 1443 328 est,quod
1456 294 1491 320 ab
1507 293 1607 329 iis,qui
1623 295 1725 322 eodem
1736 294 1834 322 dolore

1012 336 1106 363 affecti
1131 339 1210 369 sunt,
1242 337 1410 372 porrigitur,
1442 340 1470 364 et
1499 338 1548 372 qui
1579 338 1640 373 pari
1670 338 1835 366 calamitate

1012 382 1196 414 premuntur,
1213 381 1353 415 majorem
1370 382 1447 416 apud
1464 389 1524 413 eos,
1541 382 1589 417 qui
1602 382 1779 415 cruciantur,
1798 383 1832 410 ad

1012 424 1223 451 consolandum
1252 425 1452 452 auctoritatem
1480 425 1598 453 habent.
1624 427 1666 453 Ad
1692 434 1741 454 eos
1765 435 1833 462 ergo

1012 468 1199 504 potissimum
1209 470 1300 496 oratio
1310 470 1394 497 nobis
1405 473 1481 497 erat:
1490 479 1615 505 quorum
1628 479 1715 498 causa
1724 471 1834 506 pudore

1012 513 1140 547 profecto
1155 513 1349 546 suﬁ‘underer,
1366 515 1390 541 si
1406 522 1473 548 non,
1502 517 1534 541 ut
1549 514 1673 542 aliarum
1699 515 1831 543 omnium

1010 556 1165 591 virtutum,
1181 558 1223 585 sic
1236 557 1323 585 etiam
1340 557 1484 593 patientia
1499 558 1608 594 primas
1624 559 1741 586 ferrent.
1758 559 1829 587 Nam

1011 601 1065 628 etsi
1082 610 1179 629 amore
1194 610 1261 644 erga
1276 601 1351 629 ﬁlios
1368 603 1504 630 mortales
1516 611 1620 630 omnes
1636 607 1786 639 superant,
1802 606 1832 631 at

1011 646 1100 673 etiam
1116 646 1260 682 sapientia
1275 648 1303 674 et
1325 646 1433 674 Christi
1459 655 1557 675 amore
1572 646 1702 675 'cunctos
1717 651 1832 676 antece-

1012 689 1097 723 dunt,
1108 698 1140 717 ac
1157 690 1361 726 migrationem
1383 699 1417 718 ex
1445 691 1499 719 hac
1527 692 1584 719 vita
1611 692 1790 728 jampridem
1805 694 1834 720 et

1013 734 1068 770 ipsi
1085 735 1216 762 meditati
1242 737 1321 767 sunt,
1345 737 1373 762 et
1394 735 1502 763 liberos
1531 737 1705 771 docuerunt,
1731 736 1786 770 vel,
1802 739 1834 764 ut

1013 778 1120 806 rectius
1139 778 1254 814 loquar,
1282 781 1372 807 totam
1398 779 1486 807 vitam
1513 780 1553 807 ita
1576 780 1780 816 instituerunt,
1802 783 1835 808 ut

1013 822 1086 850 nihil
1100 822 1283 858 aliud,quam
1300 823 1402 851 mortis
1418 824 1567 852 meditatio
1583 825 1715 856 ειη.ουοά
1731 825 1835 861 siquid

1012 867 1200 895 tenebrarum
1217 867 1321 895 rationi
1338 867 1421 895 dolor
1435 868 1570 901 offundit,
1588 877 1620 896 ac
1650 869 1835 905 lippitudinis

1014 912 1169 947 cujusdam
1184 912 1279 939 instar
1291 912 1390 939 oculos
1406 913 1538 947 subiens,
1561 913 1636 941 clare
1662 914 1757 941 videre
1774 922 1832 941 non

1013 955 1084 984 sinit
1098 956 1128 983 id
1144 956 1220 991 quod
1236 958 1281 984 est
1297 956 1404 990 ofﬁcii;
1421 957 1556 992 agedum,
1569 958 1688 992 juvenis
1700 958 1835 985 exhorta-

1013 1000 1124 1028 tionem
1139 1008 1223 1028 senes
1239 1000 1373 1035 accipite,
1390 1003 1418 1028 et
1433 1001 1485 1028 ﬁlii
1502 1003 1648 1037 parentes,
1664 1003 1693 1029 et
1707 1002 1835 1038 eius,qui

1014 1053 1031 1072 a
1046 1044 1154 1072 talibus
1169 1045 1371 1072 admonendus
1387 1047 1441 1079 est,
1458 1054 1518 1078 vos,
1537 1046 1586 1081 qui
1608 1046 1716 1074 multos
1733 1047 1835 1074 admo-

1015 1088 1131 1121 nuistis,
1146 1097 1180 1116 ac
1194 1088 1280 1125 longo
1296 1092 1427 1125 tempore
1442 1098 1539 1117 rerum
1553 1098 1640 1118 usum
1665 1090 1834 1126 collegistis.

1013 1133 1071 1161 Nec
1086 1141 1152 1161 vero
1168 1133 1276 1160 mirum
1289 1133 1370 1161 vobis
1395 1133 1538 1167 videatur,
1562 1135 1586 1162 si
1608 1135 1727 1169 juvenis
1751 1142 1835 1162 senes

1014 1185 1149 1205 moneam
1166 1186 1172 1204 ε
1191 1186 1258 1205 nam
1276 1177 1329 1205 hoc
1345 1186 1462 1213 quoque
1476 1180 1605 1206 vestrum
1631 1181 1686 1210 est,
1712 1179 1735 1206 si
1761 1179 1833 1214 quid

1014 1222 1119 1250 canitie
1135 1222 1241 1250 rectius
1257 1222 1423 1258 prospicere
1439 1224 1722 1258 possum.0uantum
1740 1223 1836 1251 adhuc

1013 1266 1155 1302 temporis
1171 1266 1311 1300 vivemus,
1321 1267 1476 1294 venerandi
1494 1275 1579 1294 senes
1592 1269 1679 1303 atque
1695 1267 1729 1295 ad
1744 1267 1836 1295 Deum

1014 1311 1304 1346 appropinquantes?
1320 1311 1453 1344 Quandiu
1477 1310 1525 1338 hic
1552 1311 1783 1339 aiﬂictabimur?
1797 1312 1838 1339 Ne

1013 1357 1074 1382 tota
1090 1355 1208 1389 quidem
1224 1355 1377 1382 hominum
1389 1355 1447 1382 vita
1458 1355 1542 1391 longe
1559 1355 1640 1390 est,si
1657 1364 1722 1383 cum
1741 1356 1841 1383 divina

1015 1401 1044 1427 et
1056 1400 1234 1435 sempiterna
1250 1402 1355 1427 natura
1371 1402 1565 1435 comparetur,
1582 1399 1690 1426 nedum
1715 1399 1758 1426 has
1776 1400 1838 1427 vita:

1016 1443 1157 1479 reliquiis,
1174 1446 1270 1477 atque,
1289 1446 1321 1471 ut
1336 1443 1376 1470 ita
1391 1444 1497 1478 dicam,
1519 1443 1685 1478 spirationis
1701 1443 1837 1471 humana!

1016 1487 1134 1522 solutio,
1151 1496 1184 1515 ac
1200 1487 1283 1515 ﬂuxaa
1306 1490 1335 1515 et
1358 1488 1475 1515 caducae
1497 1488 1562 1515 vitta
1593 1487 1670 1514 ﬁnis.
1688 1489 1837 1519 Quantum

1016 1541 1073 1560 non
1090 1532 1243 1559 antevertit
1257 1532 1399 1559 Caesarius
1410 1531 1423 1558 ’ἶ
1439 1532 1573 1565 Quandiu
1590 1532 1686 1559 adhuc
1699 1532 1763 1567 ejus
1777 1532 1839 1560 dis-

1016 1585 1100 1604 cessu
1117 1584 1259 1612 angcmur
1270 1576 1284 1603 7
1299 1576 1399 1604 Nonne
1413 1577 1449 1604 ad
1465 1577 1599 1604 eamdem
1622 1577 1719 1604 sedem
1735 1584 1838 1612 prope-

1016 1620 1140 1649 ramus?
1154 1620 1255 1648 Nonne
1270 1621 1405 1648 eumdem
1416 1620 1542 1656 lapidem
1555 1621 1653 1648 statim
1671 1620 1839 1649 subibimus

1017 1666 1119 1693 Nonne
1134 1665 1210 1692 idem
1228 1665 1322 1700 pulvis
1337 1665 1424 1700 paulo
1444 1668 1510 1701 post
1534 1665 1644 1693 erimus
1659 1666 1673 1692 ‘I
1688 1665 1790 1693 Nonne
1804 1673 1839 1692 ex

1018 1709 1120 1746 paucis
1131 1709 1177 1737 his
1193 1709 1306 1741 diebus,
1323 1710 1373 1745 qui
1389 1712 1510 1743 restant,
1528 1710 1582 1737 hoc
1599 1710 1671 1738 lucri
1688 1710 1841 1742 iaciemus,

1019 1757 1052 1782 ut
1067 1754 1150 1790 plura
1179 1753 1256 1781 mala
1284 1754 1392 1789 partim
1421 1753 1582 1789 videamus,
1612 1754 1720 1790 partim
1748 1754 1841 1790 patia-

1020 1807 1098 1832 mur,
1116 1798 1221 1835 partim
1250 1798 1337 1826 etiam
1368 1798 1491 1827 fortasse
1513 1798 1666 1830 faciamus,
1690 1801 1778 1834 atque
1804 1798 1845 1825 ita

1020 1844 1138 1871 tandem
1153 1842 1209 1878 ipsi
1225 1851 1341 1878 quoque
1359 1845 1469 1870 naturae
1486 1842 1541 1879 legi
1564 1851 1719 1870 commune
1746 1851 1779 1870 ac
1795 1842 1844 1868 ﬁr-

136 1896 222 1916 mum
239 1890 268 1916 et
280 1888 383 1916 stabile
397 1889 543 1916 tributum
561 1889 735 1924 pendamus,
750 1890 837 1924 atque
853 1888 926 1916 alios
942 1896 1112 1924 sequamur,
1129 1887 1200 1914 alios
1217 1888 1517 1922 praecedamus,atqne
1527 1887 1600 1915 alios
1617 1887 1733 1922 quidem
1749 1886 1846 1921 lugea-

135 1940 215 1966 mus,
232 1932 269 1960 ab
285 1932 351 1960 aliis
366 1932 530 1969 lugeamur,
548 1941 714 1967 munusque
730 1932 939 1968 lacrymarum,
956 1933 1033 1969 quod
1051 1932 1116 1959 aliis
1131 1931 1322 1964 contulimus,
1339 1932 1374 1958 ab
1388 1931 1453 1959 aliis
1467 1931 1668 1967 recipiamus?

175 1977 224 2003 ΙΘ’.
240 1975 368 2007 Totos-ro:
385 1977 399 2003 ὁ
430 1977 489 2014 βίος
518 1977 609 2012 ἡμῶν,
640 1975 764 2014 ἀδελφοὶ,
789 1978 842 2003 τῶν
859 1976 966 2010 ζώντων

134 2020 291 2058 πρόσκαιρα
306 2030 312 2036 ’
340 2023 449 2048 τοιοῦτο
476 2021 507 2048 τὸ
537 2021 580 2048 ἐπὶ
594 2024 646 2058 γῆς
661 2020 797 2058 παίγνιον·
816 2020 865 2048 οὐκ
888 2018 966 2051 ὄντας

135 2065 273 2102 γενέσθαι,
310 2065 355 2092 καὶ
384 2066 547 2102 γενομὲνους
577 2064 753 2099 ἀναλυθῆναι.
780 2066 863 2102 ’Όναρ
890 2064 968 2101 ἐσμὲν

136 2110 193 2146 οὐχ
222 2109 375 2145 ἱστάμενον,
405 2109 498 2148 φάσμα
526 2120 551 2137 τι
583 2110 620 2146 μὴ
650 2109 845 2147 κρατούμενον,
868 2111 966 2144 πτῆσις

138 2153 236 2190 ὀρνέου
251 2153 469 2191 παρερχομένου,
485 2156 547 2185 ναῦς
573 2153 617 2181 ἐπὶ
647 2153 785 2189 θαλάσσης
812 2153 889 2191 ἴχνος
918 2154 968 2181 οὐκ

134 2198 251 2235 ἔχουσα,
280 2198 365 2231 κόνις,
395 2198 486 2235 ἀτμὶς,
518 2199 617 2232 ἑωθινή
647 2198 753 2236 δρόσος,
783 2198 863 2230 ἄνθος
878 2200 966 2236 καιρῷ

134 2242 273 2281 φυόμενον
307 2244 372 2279 (69),
410 2243 454 2270 καὶ
492 2245 579 2281 καιρῷ
617 2241 761 2279 λυόμενον.
796 2243 968 2278 Ἀνθρωπος,

135 2287 203 2314 ὡσεὶ
234 2286 333 2325 χόρτος
361 2288 388 2314 αἶ
424 2287 526 2324 ἡμέραι
564 2287 658 2322 αὐτοῦ,
697 2287 760 2314 ὡσεὶ
804 2287 883 2319 ἄνθος
920 2289 968 2314 τοῦ

134 2331 237 2369 ἀγροῦ,
254 2331 340 2362 οὕτως
354 2331 509 2366 ὲξανθήσει·
527 2334 621 2362 καλῶς
652 2332 665 2358 ὁ
697 2332 768 2362 θεῖος
796 2329 878 2358 Δαϐἱδ
907 2330 968 2367 περὶ

132 2379 190 2410 τῆς
218 2375 354 2406 ἀσθενείας
384 2377 464 2412 ἡμῶν
495 2375 693 2415 ἐφιλοσόφησεν
727 2376 771 2403 καὶ
800 2375 825 2403 ἒν
854 2375 969 2406 ἐκεινοις

135 2418 224 2447 πάλιν
252 2422 310 2450 τοῖς
340 2420 443 2457 ῥήμασι
460 2429 467 2436 ⁸
496 2421 550 2455 Τὴν
594 2419 742 2458 ὀλιγότητα
774 2422 827 2447 τῶν
856 2422 968 2458 ἡμερων

138 2474 195 2500 μου
232 2464 392 2502 ἀνάγγειιιόν
434 2473 499 2501 μοι·
538 2465 583 2492 καὶ
613 2463 770 2492 παλαιστῶν
801 2464 897 2503 μέτρον
922 2465 970 2495 τὰς

134 2507 308 2545 ἀνθρωπίνας
338 2508 443 2546 ἡμέρας
473 2508 599 2547 ὁρίζεται.
628 2508 659 2536 Τί
689 2507 710 2536 δ’
741 2509 770 2536 ἂν
788 2507 875 2541 εἴποις
902 2509 970 2547 πρὸς

1058 1976 1129 2003 XIX.
1160 1975 1309 2010 Ejusmodi
1342 1975 1400 2003 vita
1436 1978 1535 2003 nostra
1569 1977 1624 2009 est,
1654 1975 1767 2007 fratres,
1797 1974 1845 2009 qui

1023 2020 1131 2047 ﬂuxam
1147 2020 1235 2048 vitam
1252 2020 1389 2047 ducimus
1405 2028 1411 2047 :
1426 2019 1571 2055 ejusmodi
1588 2019 1617 2046 in
1635 2021 1712 2046 terra
1733 2019 1821 2046 ludus
1837 2027 1844 2046 :

1023 2067 1056 2092 ut
1070 2073 1136 2091 cum
1154 2072 1211 2091 non
1228 2064 1332 2098 simus,
1349 2072 1517 2096 nascamur,
1546 2072 1613 2091 cum
1644 2064 1703 2091 nati
1730 2072 1846 2095 sumus.

1023 2117 1140 2136 rursum
1158 2108 1363 2136 dissolvamur.
1382 2109 1455 2136 211
1478 2108 1658 2136 Insomnium
1675 2116 1779 2135 sumus
1795 2107 1847 2134 mi-

1023 2153 1102 2181 nime
1117 2152 1281 2181 consistens
1302 2153 1334 2185 3",
1352 2155 1500 2188 spectrnm
1516 2153 1675 2188 quoddam,
1697 2152 1775 2188 quod
1803 2155 1846 2180 te-

1022 2198 1084 2226 neri
1101 2206 1158 2225 non
1187 2199 1291 2233 potest,
1316 2197 1376 2224 avis
1406 2197 1607 2233 praetereuntis
1636 2197 1760 2229 volatus,
1791 2205 1845 2224 na-

1021 2243 1066 2270 vis
1082 2243 1111 2269 in
1135 2242 1206 2269 mari
1234 2241 1388 2277 vestigium
1419 2250 1476 2269 non
1507 2241 1629 2274 habens,
1660 2241 1765 2277 pulvis,
1792 2249 1842 2268 va-

1023 2295 1087 2322 por,
1117 2295 1165 2314 ros
1195 2286 1367 2319 matutinus,
1394 2286 1448 2313 ﬂos
1479 2288 1627 2313 momento
1655 2294 1789 2318 nascens,
1820 2288 1848 2312 et

1027 2334 1175 2359 momento
1191 2338 1374 2358 marcescens
1399 2330 1431 2357 ⁸⁸.
1462 2331 1553 2363 Ilomo,
1578 2331 1650 2357 sicut
1677 2331 1772 2365 fenum
1792 2330 1849 2357 dies

1023 2377 1091 2411 eius,
1117 2378 1251 2411 tanquam
1272 2376 1321 2409 ﬂos
1345 2375 1417 2410 agri,
1442 2376 1482 2402 sic
1505 2375 1639 2410 cfﬂorebit
1669 2375 1701 2401 ⁵⁸.
1726 2374 1850 2401 Pulchre

1024 2420 1109 2447 divus
1138 2419 1226 2447 David
1259 2419 1305 2446 his
1331 2419 1426 2446 verbis
1456 2419 1492 2446 de
1521 2423 1623 2446 nostra
1650 2418 1850 2447 imbecillitate

1025 2464 1251 2500 philosophatus
1279 2465 1334 2497 est,
1364 2464 1612 2499 quemadmodum
1647 2466 1675 2491 et
1703 2463 1732 2490 in
1763 2463 1848 2490 illis:

1025 2509 1199 2536 Paucitatem
1223 2508 1333 2535 dierum
1354 2515 1478 2535 meorum
1504 2509 1606 2536 nuntia
1630 2508 1702 2535 mihi
1720 2508 1751 2534 9°.
1774 2506 1849 2540 Quin

175 2567 197 2584 ³⁷
212 2567 278 2603 Job,
290 2576 337 2600 xx,
353 2568 380 2600 8,
418 2568 440 2585 ⁸³
455 2568 521 2604 Sap.
538 2576 566 2601 v,
584 2568 628 2601 10,
646 2568 697 2601 12;
713 2567 779 2595 Ose.
794 2576 856 2603 xui,
873 2568 899 2594 3.
938 2567 961 2585 ⁸⁸

1016 2565 1050 2594 a1.
1068 2573 1117 2600 cu,
1135 2565 1177 2593 l5.
1230 2565 1253 2582 ’°
1269 2565 1345 2592 Psal.
1359 2573 1395 2598 Li,
1412 2566 1457 2592 24.

176 2625 234 2661 (64)
250 2625 361 2651 Πάντων
380 2623 486 2688 ςᾶλλον
503 2623 660 2663 φιλόσοφοι.
688 2635 702 2649 α
732 2625 786 2657 Ουί
815 2633 874 2660 prs:
903 2632 965 2652 om-

176 2662 228 2688 bus
244 2661 379 2688 nhiloson
404 2662 445 2688 ari
461 2661 491 2688 in
507 2661 594 2688 malis
610 2662 731 2688 norunt.
747 2670 760 2686 ι

134 2661 228 2689 nibus
244 2661 445 2724 q’hilosophari
461 2661 491 2688 in
507 2661 594 2688 malis
610 2661 731 2688 norunt.
747 2670 760 2686 ι

175 2697 233 2724 (55)
273 2696 428 2724 ιωσώμεθα.
458 2697 526 2724 Reiz.
557 2696 607 2724 hu.
635 2695 683 2723 Or.
716 2696 741 2724 1.

162 2697 233 2757 [(0515)
245 2694 428 2731 Βιωσώμεθα.
458 2697 526 2732 Reg.
557 2696 607 2729 hu,
635 2695 683 2723 Or.
716 2696 741 2728 1,
775 2695 834 2722 Jes.
866 2694 968 2730 βιωσό-

175 2752 504 2803 (ἶό)Κακοπαθήσωμε-ν.
530 2770 598 2794 Tres
629 2768 731 2802 Regg.,
762 2766 821 2794 Jes.
851 2776 971 2792 κακοπα-

136 2804 276 2839 θήσομεν.

249 2841 294 2869 Ὡς
308 2841 343 2875 τῇ
361 2839 453 2874 θείᾳ...
472 2836 652 2875 παραϐαλεῖν.
682 2839 752 2873 Reg.
780 2838 830 2866 bm
860 2838 908 2866 ΟΡ.
943 2840 968 2866 1.

308 2903 438 2933 Panos.
463 2902 519 2933 Gs.
543 2901 667 2932 XXXV.

1021 2619 1318 2659 JessmzszatMewm
1336 2623 1444 2651 Utcum
1460 2624 1559 2651 divina
1570 2624 1619 2651 illa
1629 2627 1658 2651 et
1670 2623 1853 2659 sempiterna

1022 2661 1128 2721 natus-8.
1138 2659 1354 2693 conjungamur
1370 2667 1376 2686 ς
1391 2662 1420 2686 ut
1429 2659 1463 2686 ad
1484 2659 1611 2687 divinam
1629 2659 1702 2687 hanc
1715 2662 1851 2686 naturam

1024 2702 1090 2722 acce
1113 2702 1209 2721 smus.
1227 2705 1240 2718 ι)

1060 2730 1116 2766 (68)
1131 2730 1192 2757 "0v.
1208 2730 1296 2766 Coisl.
1315 2732 1342 2763 2,
1359 2730 1407 2757 ὠν.

1062 2764 1117 2801 (69)
1134 2766 1224 2802 Καιρῷ
1240 2764 1384 2803 φυόμενον,
1401 2769 1455 2793 etc.
1473 2766 1575 2793 Billius
1592 2774 1598 2791 ἒ
1615 2776 1628 2789 ί(
1642 2774 1695 2793 suo
1719 2767 1854 2797 tempore

1026 2809 1150 2830 nascens
1166 2805 1194 2829 et
1207 2809 1259 2828 suo
1275 2804 1407 2836 tempore
1423 2808 1618 2829 marcesccns.
1637 2812 1651 2825 »

1653 2898 1692 2927 25

2089 470 2095 515 ι

2090 523 2096 567 l

2090 589 2098 630 ἶ

2116 932 2119 942 l

2128 1888 2130 1897 .
