4244 6216
131 389 146 408 ο

97 1021 112 1030 ι

101 1163 132 1178 ο

111 1273 118 1278 η
165 1255 174 1264 s

149 1297 162 1308 δ

99 1459 114 1472 ι.

143 1607 156 1618 1

79 1871 110 1920 Τ
167 1877 190 1888 θ

153 1959 162 1968 η

233 1991 248 2002 Α

151 2203 176 2218 ,ν

103 2341 112 2350 ι

105 2361 132 2370 ν..

103 2505 132 2524 Ὢ

105 2593 110 2602 ι

129 2651 144 2660 ο

99 2709 128 2726 ρ.

95 2735 138 2758 ἐἴη

111 2763 134 2774 σ-

117 3041 130 3052 4

11 3793 18 3806 ι
105 3777 120 3804 ί

0 3819 10 3836 μ

13 3875 18 3892 ι

3 3941 18 3954 .~
121 3911 136 3956 ἓ

133 3967 160 4004 ’ἱ

161 4027 166 4048 ξ

171 4051 178 4064 ι

568 363 686 423 783

1807 358 1872 416 S.
1923 359 1964 416 G
1979 356 2294 416 REGORII
2341 359 2732 417 THEOLUGI

3855 363 3968 422 784

571 509 686 564 quo
710 492 880 546 modo
902 490 1021 554 fiet,
1045 489 1198 543 Deus
1219 487 1396 554 novit,
1422 487 1520 558 qui
1545 504 1614 542 ea
1635 488 1787 543 inter
1825 504 1886 542 se
1913 487 2214 556 conjunxit

2332 485 2510 554 θιίσης
2567 493 2690 560 γῆς,
2747 486 2945 560 τρόπον
3007 486 3062 540 ὃν
3108 485 3247 541 οἶδεν
3294 489 3322 541 ὁ
3364 492 3530 542 ταῦτα
3578 486 3844 559 συνδήσας
3885 492 3971 545 καὶ

573 585 748 651 atque
771 577 1083 647 dissolvit),
1112 580 1236 630 tum
1261 576 1500 630 demum
1524 591 1650 630 eam
1673 592 1898 646 quoque
1929 578 1998 631 ad
2023 575 2217 648 gloriae

575 667 828 721 caelestis
846 663 1245 718 haereditatem
1274 679 1467 717 secum
1492 663 1882 718 admissuram
1906 681 1918 730 ;
1939 670 1996 718 et
2016 680 2220 734 quem-

571 755 888 810 admodum
923 754 997 807 ob
1028 758 1252 807 naturae
1309 752 1782 822 conjunctionem
1824 769 2222 806 aerumnarum

572 843 763 914 ipsius
795 842 1088 913 particeps
1121 842 1329 906 fuerat,
1354 841 1438 894 sic
1458 838 1630 894 etiam
1662 840 2061 910 jucunditates
2084 856 2223 894 suas

571 948 704 986 cum
739 931 867 1002 ipsa
896 930 1690 994 communicaturam,totum
1711 928 1981 983 videlicet
2011 945 2222 999 corpus

571 1019 630 1075 in
655 1037 716 1075 se
738 1019 927 1090 ipsam
951 1021 1381 1087 absumentem,
1398 1021 1455 1071 et
1479 1033 1610 1071 cum
1636 1033 1701 1072 eo
1725 1034 1909 1071 unum
1935 1018 2220 1084 effectam,

571 1114 627 1164 et
658 1111 952 1180 spiritum,
978 1111 1034 1160 et
1058 1111 1334 1175 mentem,
1352 1111 1408 1160 et
1430 1107 1626 1170 deum,
1644 1106 1919 1176 absorpta
1943 1105 2222 1159 nimirum

570 1215 604 1252 a
631 1198 750 1252 vita
780 1196 1035 1267 eo,quod
1072 1193 1314 1249 mortale
1349 1199 1401 1248 et
1436 1193 1717 1248 caducum
1745 1199 1883 1249 erat.
1911 1194 2059 1247 Audi
2083 1193 2223 1263 quid

571 1286 640 1340 de
672 1287 894 1340 ossium
927 1290 983 1338 et
1014 1299 1321 1338 nervorum
1357 1282 1758 1353 compactione
1803 1282 2036 1336 divinus
2085 1282 2222 1336 Eze-

573 1373 720 1428 chiel
756 1375 1009 1428 disserat
1032 1373 1111 1438 9‘;
1147 1371 1284 1441 quid
1321 1375 1451 1442 post
1482 1369 1651 1424 illum
1677 1370 1990 1440 Apostolus
2022 1371 2092 1426 de
2129 1375 2220 1424 ta-

574 1461 888 1517 bernaculo
919 1461 1204 1526 terrestri,
1235 1465 1292 1513 et
1324 1461 1495 1514 domo
1525 1475 1639 1512 non
1672 1476 1849 1513 manu
1901 1460 2070 1525 facta,
2101 1459 2220 1528 illo,

581 1553 848 1622 inquam,
881 1551 1034 1606 ﬂuxo
1068 1566 1132 1604 ac
1161 1549 1553 1618 dissolvendo,
1590 1549 1697 1602 hac
1752 1565 1888 1602 vero
1947 1549 2004 1602 in
2063 1548 2223 1603 ccslis

581 1640 917 1705 recondita;
954 1639 1052 1709 qui
1084 1637 1258 1692 etiam
1291 1638 1620 1692 discessum
1651 1655 1684 1692 a
1704 1654 1942 1708 corpore
1968 1654 2223 1708 praesen-

571 1730 716 1784 tiam
748 1729 898 1799 apud
936 1729 1113 1781 Deum
1145 1742 1275 1780 esse
1323 1725 1595 1792 afﬁrmat,
1631 1725 1805 1779 vitam
1857 1729 2052 1779 autem
2095 1742 2220 1779 cor-

570 1831 807 1889 poream
860 1820 924 1870 ut
983 1814 1509 1887 peregrinationem
1580 1812 1845 1884 deplorat
1900 1815 1964 1883 97,
2046 1816 2220 1884 atque

580 1908 724 1962 adeo
753 1905 1187 1977 quamprimum
1223 1903 1461 1958 dissolvi
1494 1903 1655 1974 cupit
1675 1903 1736 1956 9°.
1761 1901 1907 1965 Quid
1940 1903 2010 1956 ad
2046 1917 2139 1956 res
2160 1903 2218 1956 in

573 2011 676 2067 spe
707 1995 929 2066 positas
961 1992 1307 2063 elanguesco
1334 1994 1355 2044 Ρ
1383 1990 1529 2054 Quid
1552 1990 1944 2062 temporarius
1967 1991 2040 2045 fio
2061 1990 2089 2044 ?
2118 1991 2222 2044 Ex-

572 2085 845 2156 spectabo
886 2081 1218 2152 archangeli
1276 2097 1474 2136 vocem
1524 2081 1585 2146 ον,
1621 2086 1939 2136 extremam
1993 2081 2217 2150 tubam,

571 2173 698 2228 θαιιὶ
729 2171 1331 2240 transformationem,
1358 2174 1521 2224 terrae
1547 2169 2015 2224 immutationem
2042 2174 2083 2235 ί,
2105 2169 2218 2225 ele-

573 2267 902 2317 mentorum
927 2260 1277 2324 libertatem,
1293 2258 1471 2313 totius
1494 2257 1700 2312 mundi
1723 2259 2153 2313 renovationem
2174 2259 2217 2312 ³.

570 2353 731 2406 Tunc
762 2350 1074 2407 Caesarium
1106 2349 1332 2415 videbo,
1377 2363 1492 2402 non
1539 2348 1668 2416 jam
1731 2347 2217 2418 peregrinantem,

573 2457 679 2494 nec
711 2440 809 2511 qui
841 2440 960 2509 jam
997 2437 1068 2492 ab
1101 2436 1231 2490 aliis
1263 2436 1505 2501 feratur,
1535 2440 1592 2491 et
1622 2435 1894 2507 lugeatur
1923 2453 1988 2490 ac
2049 2436 2219 2492 mise-

572 2530 784 2584 rationi
816 2530 912 2594 sit,
948 2529 1048 2583 sed
1080 2526 1964 2597 clarum,illustrem,excelsum
1990 2544 2002 2594 ;
2029 2527 2221 2598 qualis

573 2635 723 2689 saepe
745 2617 885 2672 mihi
920 2617 978 2671 in
1010 2616 1233 2671 somnis
1264 2615 1422 2669 visus
1455 2632 1583 2681 es,o
1606 2616 1851 2669 fratrum
1875 2615 2221 2670 charissime

572 2713 628 2761 et
658 2708 903 2761 fratrum
935 2703 1363 2772 amantissime,
1393 2703 1514 2759 sive
1569 2703 1869 2759 voluntate
1918 2721 2068 2774 mea,
2102 2704 2222 2759 sive

573 2795 703 2866 ipsa
731 2795 971 2848 veritate
1001 2793 1111 2847 hoc
1141 2792 1516 2847 informante.

646 2883 802 2938 214
836 2882 1002 2936 XXll.
1039 2881 1203 2935 Nunc
1234 2885 1461 2949 autem,
1519 2880 1757 2935 omissis
1817 2880 2098 2946 luctibus,
2130 2896 2222 2935 me

572 2973 768 3043 ipsum
799 2971 1131 3043 inspiciam,
1162 2986 1235 3024 ne
1284 2969 1424 3041 quid
1477 2968 1637 3024 luctu
1692 2969 1936 3040 dignum
1991 2985 2219 3024 mecum

571 3061 830 3116 insciens
860 3059 1063 3125 feram,
1099 3074 1164 3113 ac
1197 3074 1355 3112 meas
1401 3057 1526 3128 ipse
1574 3074 1666 3112 res
1716 3057 2047 3128 explorabo.
2089 3059 2222 3112 Filii

573 3151 878 3210 hominum,
913 3149 984 3202 ad
1045 3163 1144 3201 vos
1202 3145 1358 3200 enim
1418 3145 1630 3200 transit
1684 3146 1890 3212 oratio,
1946 3161 2221 3216 quousque

2249 1866 2295 1928 Β

2332 572 2587 635 διαλύσας
2645 574 2795 642 Θεὸς,
2844 575 3022 646 τούτῳ
3061 574 3501 651 συγκληρονομεῖ
3527 585 3627 645 τῆς
3660 578 3852 633 ἐκεῖθεν
3884 578 3970 635 δό-

2333 663 2447 733 ξης’
2516 664 2605 717 καὶ
2667 666 2908 738 καθάπερ
2973 669 3079 717 τῶν
3154 670 3454 739 μοχθηρῶν
3522 665 3683 720 αὐτοῦ
3750 669 3972 742 μετέσχε

2333 749 2421 805 διὰ
2468 753 2567 819 τὴν
2626 752 2917 829 συμφυίαν,
2978 752 3118 806 οὕτω
3175 754 3263 806 καὶ
3320 758 3426 807 τῶν
3484 761 3725 829 τερπνῶν
3786 757 3973 825 ἑαυτῆς

2335 837 2709 912 μεταδίδωσιν,
2769 839 2896 894 ὅλον
2957 840 3032 902 εἷς
3093 841 3282 909 ἑαυτὴν
3344 842 3662 897 ἀναλώσασα
3708 847 3844 916 (94),
3887 846 3973 899 καὶ

2327 930 2593 1004 γενομένη
2661 929 2751 982 σὺν
2801 928 2980 1000 τούτῳ
3027 927 3076 983 ἔν
3141 929 3228 983 καὶ
3273 935 3505 1002 πνεῦμα,
3554 931 3641 986 καὶ
3690 937 3834 1000 νοῦς,
3886 934 3972 987 καὶ

2331 1017 2471 1083 θεὸς,
2503 1019 2895 1080 καταποθέννος
2931 1019 3158 1086 ὑπὸτῆς
3204 1021 3347 1086 ζωῆς
3394 1025 3490 1072 τοῦ
3542 1025 3737 1089 θνητοῦ
3784 1043 3841 1076 τε
3887 1022 3975 1076 καὶ

2332 1104 2570 1180 ῥέοντος.
2605 1112 2806 1161 ’Ἄκουε
2855 1111 2984 1180 γοῦν
3037 1107 3122 1160 οἷα
3165 1108 3287 1182 περὶ
3335 1111 3656 1180 συμπήξεως
3708 1109 3877 1164 ὀστῶν
3922 1132 3978 1164 τε

2328 1194 2418 1248 καὶ
2491 1194 2690 1268 νεύρων
2769 1193 3150 1271 φιλοσοφεῖται
3205 1196 3283 1266 τῷ
3341 1196 3467 1268 θείῳ
3528 1199 3826 1266 Ἰεζεκιήλ·
3885 1199 3980 1253 ὅσα

2334 1284 2447 1355 μετ’
2498 1283 2699 1337 ἐκεῖνον
2748 1288 2826 1354 τῷ
2875 1283 3004 1355 θείῳ
3065 1281 3270 1355 Παύλῳ
3317 1285 3439 1359 περί
3488 1286 3844 1358 σκηνώματος
3878 1287 3986 1340 έπι-

2329 1373 2503 1446 γείου,
2531 1373 2618 1426 καὶ
2653 1372 2824 1433 οἰκίας
2858 1374 3306 1446 ἀχειροποιήτου,
3362 1378 3458 1426 τοῦ
3522 1375 3611 1445 μὲν
3667 1374 3983 1444 κακαλυθη-

2332 1462 2585 1533 σομένου,
2642 1468 2741 1529 τῆς
2804 1459 2860 1514 δὲ
2906 1461 3270 1532 ἀποκειμένης
3317 1460 3368 1515 ἐν
3431 1462 3713 1535 οὐρανοῖς·
3761 1463 3851 1516 καὶ
3881 1466 3978 1532 τὴν

2334 1550 2428 1621 μὲν
2480 1549 2584 1604 ἀπὸ
2638 1553 2733 1603 τοῦ
2778 1550 3030 1622 σώματος
3080 1547 3340 1621 ἰκδημίάν
3393 1548 3652 1623 ἐνδημίαν
3688 1553 3797 1624 (95)
3842 1552 3979 1628 πρὸς

2327 1637 2419 1692 τὸν
2446 1637 2637 1714 Κύριον
2675 1640 2806 1691 εἶναι
2839 1640 3154 1714 φάσκοντος,
3205 1639 3300 1705 τὴν
3354 1636 3410 1692 δὲ
3458 1638 3548 1692 συν
3604 1639 3782 1712 τούτῳ
3839 1642 3981 1709 ζωὴν

2331 1727 2407 1788 ὡς
2466 1723 2728 1798 ἐκδημίαν
2793 1723 3148 1800 ὀδυρομένου,
3203 1728 3292 1780 καὶ
3345 1724 3432 1781 διὰ
3477 1726 3636 1782 τοῦτο
3685 1731 3978 1790 ποθοῦντος

2329 1813 2418 1868 καὶ
2471 1813 2793 1876 σπεύδοντος
2843 1817 2940 1883 τὴν
2997 1815 3272 1872 ἀνάλυσιν.
3346 1815 3413 1872 Τί
3478 1820 3804 1892 μικροψυχῶ
3853 1819 3979 1890 περὶ

2323 1902 2422 1964 τὰς
2472 1900 2727 1972 ἐλπίδας
2777 1903 2835 1956 Τί
2883 1903 3102 1977 γίνομαι
3150 1903 3515 1977 πρόσκαιρος;
3569 1905 3842 1976 Ἀναμένω
3882 1908 3981 1974 τὴν

2328 1996 2425 2047 τοῦ
2457 1990 2801 2067 ἀρχαγγέλου
2849 1994 3055 2068 φωνὴν,
3105 1993 3202 2059 τήν
3255 1992 3490 2067 ἐσχάτην
3543 1991 3837 2068 σάλπιγγα,
3886 1996 3977 2048 τὸν

2331 2080 2561 2156 οὐρανοῦ
2632 2082 3175 2155 μετασχηματισμὸν,
3261 2083 3358 2150 τήν
3432 2089 3535 2156 γῆς
3603 2082 3982 2157 γεταποίησιν,

2329 2171 2428 2238 τήν
2493 2174 2600 2223 τῶν
2645 2169 2932 2243 στοιχείων
2981 2167 3310 2245 ἐλευθερίαν,
3362 2172 3461 2238 τήν
3513 2172 3723 2242 κόσμου
3782 2173 3984 2233 παντὸς

2329 2258 2679 2314 ἀνακαίνισιν.
2707 2258 2837 2312 Τότε
2869 2260 2981 2330 (96)
3015 2258 3299 2333 Καισάριον
3333 2259 3490 2313 αὐτὸν
3524 2256 3750 2332 ὄψομαι,
3789 2262 3984 2331 μηκέτι

2331 2344 2692 2419 ἑκδημοῦντα,
2730 2346 2924 2419 μηκέτι
2955 2347 3248 2422 φερόμενον
3284 2350 3414 2419 (97),
3464 2350 3657 2418 μηκέτι
3687 2354 3984 2421 πενθοῦμε-

2328 2457 2446 2504 νον,
2484 2437 2677 2508 μηκέτι
2711 2434 3058 2508 ἐλεούμενον,
3113 2434 3387 2509 λαμπρὸν,
3439 2433 3674 2508 ἔνδοξον,
3721 2436 3932 2509 ὑψηλόν
3964 2459 3977 2470 ο

2331 2524 2446 2585 οἷός
2482 2546 2572 2597 μοι
2605 2524 2692 2578 καὶ
2737 2531 2850 2579 κατ’
2899 2519 3026 2598 ὄναρ
3078 2519 3265 2601 ὤφθης
3313 2522 3606 2592 πολλάκις,
3656 2527 3698 2578 ὦ
3756 2526 3984 2601 φίλτατε

2330 2610 2577 2690 ἀδελφῶν
2613 2612 2760 2684 ἐμοὶ,
2790 2613 2878 2667 καὶ
2912 2610 3363 2690 φιλαδελφότατε,
3399 2611 3502 2668 sifts
3545 2618 3641 2667 τοῦ
3695 2614 3983 2688 βούλεσθαι

2329 2707 2488 2756 τοῦτο
2521 2703 2942 2770 ἀνατυποῦντος,
2976 2699 3083 2756 εἷίτε
3110 2709 3208 2770 τῆς
3237 2700 3516 2770 ἀληθείας.

2403 2881 2522 2935 ΚΒ’.
2585 2877 2712 2933 Νυνί
2770 2877 2846 2949 δὲ,
2906 2879 3059 2955 ἀφεὶς
3112 2878 3240 2939 τοὺς
3295 2880 3548 2953 θρήνους,
3607 2878 3688 2939 οῗς
3749 2879 3983 2950 ἐμαυτὸν

2336 2967 2543 3042 βλέψω,
2601 2971 2673 3041 μή
2726 2990 2776 3022 τι
2825 2970 3037 3043 θρήνων
3091 2966 3234 3040 ἄξιον
3288 2966 3440 3030 λάθω
3502 2967 3700 3043 φέρων,
3769 2968 3859 3021 καὶ
3917 2969 3988 3023 τά

2667 3077 2765 3131 περ
2777 3056 2958 3129 ισκὲψο
2968 3077 3085 3128 μαι.
3178 3055 3292 3108 Υἱοὶ
3368 3056 3686 3130 ἀνθρώπων,

2328 3145 2428 3219 γάρ
2476 3145 2611 3220 πρὸς
2664 3144 2803 3216 ὑμᾶς
2855 3146 2882 3198 ὁ
2933 3143 3098 3218 λόγος
3149 3143 3252 3205 ἓως
3292 3145 3422 3198 πότε
3486 3143 3858 3218 βαρυκάρδιοι,
3889 3147 3982 3200 καὶ

2331 3055 2566 3129 ἐμαυτοῦ
2667 3056 3085 3129 περισκέψομαι.
3178 3055 3292 3108 Υἱοὶ
3368 3056 3686 3129 ἀνθρώπων,
3779 3058 3993 3128 μέτεισι

574 3240 732 3309 gravi
761 3237 939 3303 corde,
973 3241 1020 3291 et
1050 3251 1231 3290 crasso
1289 3236 1472 3288 animo
1531 3235 1684 3288 eritis
1704 3239 1728 3287 γ
1774 3235 1967 3304 utquid
1995 3234 2214 3304 dilz’gitz’:

2336 3237 2534 3306 παχεῖς
2587 3233 2685 3299 τὴν
2761 3230 3034 3300 διάνοιαν;
3084 3229 3173 3285 ’ίνα
3219 3232 3272 3286 τί
3330 3233 3567 3307 ἀγαπᾶτε
3621 3234 3980 3304 ματαιότητι,

573 3328 887 3391 vanitatem,
907 3334 957 3380 et
986 3326 1241 3396 quaeritis
1262 3323 1676 3377 mendacium”
1698 3339 1976 3394 magnum
2003 3323 2222 3394 aliquid

576 3416 727 3470 hanc
758 3414 958 3478 vitam,
987 3419 1043 3468 et
1074 3429 1290 3483 paucos
1323 3411 1429 3466 hos
1477 3412 1602 3465 dies
1647 3410 1864 3466 multos
1913 3427 2040 3466 esse
2062 3411 2222 3482 judi-

578 3508 798 3570 cantes,
835 3520 900 3557 ac
931 3517 1169 3557 suavem
1202 3502 1353 3554 hanc
1383 3504 1440 3553 et
1469 3499 1934 3570 amplectendam
1983 3517 2220 3570 separa-

578 3593 818 3660 tionem,
844 3597 906 3645 ut
935 3606 1106 3661 grave
1139 3587 1438 3659 quippiam
1473 3591 1529 3641 et
1561 3587 1917 3642 horrendum
1950 3604 2218 3642 aversan-

575 3681 705 3736 tes?
734 3680 857 3734 Non
891 3695 994 3733 nos
1027 3679 1186 3749 ipsos
1218 3692 1529 3730 noscamus
1553 3676 1580 3729 ‘I
1615 3675 1733 3733 Non
1766 3693 1854 3745 ea,
1875 3692 1999 3746 quae
2031 3676 2217 3732 oculis

577 3772 918 3831 cernuntur,
953 3765 1296 3837 abjiciemus
1318 3763 1345 3816 ?
1374 3763 1497 3818 Non
1533 3765 1602 3818 ad
1634 3780 1720 3829 ea,
1754 3781 1879 3834 quae
1922 3770 2110 3819 mente
2160 3770 2216 3820 et

575 3855 957 3928 intelligentia
973 3852 1774 3926 comprehenduntur,cculos
1786 3855 2217 3908 convertemus?

572 3947 720 4010 Non,
745 3946 792 4000 si
818 3945 956 4016 quid
981 3943 1156 3999 etiam
1201 3941 1463 3996 maeroris
1499 3939 1949 4011 concipiendum
1980 3947 2088 4007 est,
2123 3942 2213 3995 id-

569 4036 720 4089 circo
744 4034 939 4104 potius
972 4048 1276 4087 mcercrem
1310 4029 1724 4100 suscipiemus,
1749 4030 1902 4100 quod
1923 4030 2209 4085 incolatus

567 4128 764 4177 noster
803 4122 1183 4192 prolongetur
1209 4121 1230 4153 ‘
1260 4118 1517 4189 (Davidis
1551 4118 1708 4173 illius
1741 4119 1938 4184 instar,
1969 4118 2069 4189 qui
2118 4135 2208 4175 res

564 4211 744 4279 hujus
775 4211 921 4274 vitae,
956 4210 1330 4263 tenebrarum
1363 4206 1758 4272 tabernacula,
1791 4213 1847 4261 et
1875 4207 2207 4262 afflictionis

562 4298 780 4365 locum,
813 4302 870 4351 et
901 4295 1171 4368 profundi
1203 4295 1431 4356 limum,
1463 4300 1520 4347 et
1551 4294 1754 4348 mortis
1787 4296 2078 4363 umbram,
2105 4313 2203 4367 ap-

561 4385 740 4458 pellat
763 4386 827 4453 ⁵),
851 4385 1004 4454 quod
1033 4384 1088 4436 in
1118 4380 1404 4452 sepulcris
1435 4382 1527 4444 iis,
1553 4398 1678 4452 quis
1712 4383 2201 4452 circumferimus,

559 4474 785 4530 diutius
863 4473 1210 4537 haereamus,
1271 4469 1451 4538 quod,
1514 4473 1576 4522 ut
1631 4469 1916 4538 homines,
1980 4473 2202 4543 peccati

1574 4595 1614 4628 ’7
1650 4595 1694 4648 ΙΙ
1725 4596 1851 4650 Cor.
1887 4614 1939 4661 v,
1976 4599 2026 4662 1,
2058 4599 2110 4651 6.

1624 4667 1644 4699 ⁴
1673 4666 1824 4720 Psal.
1858 4685 2008 4735 CXIX,
2039 4670 2094 4722 5.

627 4601 670 4633 ⁸⁸
700 4599 901 4654 Ezech.
935 4615 1148 4665 xxxvu,
1180 4594 1213 4647 3
1241 4599 1493 4665 etiseqq.

556 4672 577 4705 ²
603 4672 651 4726 Il
683 4671 833 4725 Petr.
864 4687 950 4739 ιιι,
983 4671 1067 4723 10.
1135 4664 1166 4701 ⁷³
1198 4664 1350 4720 Psal.
1387 4682 1459 4731 ιν,
1494 4665 1546 4719 3.

620 4811 732 4881 (94)
763 4814 927 4863 "Oon
962 4809 1036 4870 εἷς
1071 4811 1261 4874 ἑαυτην
1294 4803 1636 4881 ἀναλώσασα.
1699 4807 1878 4881 (1011).Δ
1911 4815 1967 4864 et
1998 4811 2191 4866 Schol.
2227 4790 2273 4852 D

551 4877 651 4955 οῦκ
681 4877 1016 4955 ἀναιρεῖσθαι
1159 4879 1476 4955 Δσυγχεῖσθαι
1535 4877 1595 4930 τὸ
1628 4877 2015 4955 ’σώμα-λλέγει
2050 4901 2061 4912 ·
2120 4883 2194 4954 μὴ

543 4951 755 5025 γένοιτο
782 4948 964 5009 [ἀλλὰ
996 4950 1086 5006 διὰ
1113 4952 1218 5025 τὴν,
1243 4948 1510 5025 ἄτρεψίαν-
1554 4949 1646 5025 καῖ
1701 4949 1898 5011 ἀπαθὲς
1945 4948 2050 5006 ’τοῦ
2090 4948 2197 5006 σώὲ

551 5022 741 5093 ματος.
775 5049 800 5075 ‹‹
835 5026 958 5080 Non
989 5026 1070 5081 ait
1101 5023 1223 5079 tolli
1264 5029 1321 5076 et
1371 5022 1649 5077 confundi
1697 5037 1944 5094 corpus:
1999 5025 2149 5081 absit
2181 5051 2195 5093 ;

543 5097 648 5150 sed
665 5098 789 5166 jam
811 5095 1118 5153 mutationi
1141 5101 1198 5150 et
1219 5094 1632 5166 aerumnisnon
1658 5108 1785 5166 esse
1807 5095 2192 5151 obnoxium.»

543 5164 768 5238 Corpus
797 5168 976 5236 enim,
1007 5184 1260 5240 excussa
1285 5164 1515 5240 mcrtpali
1565 5165 1846 5240 crassitie,
1892 5167 2191 5240 incorrup-

546 5237 674 5293 tum
708 5244 764 5294 et
797 5242 960 5311 quasi
995 5238 1323 5314 spirituale,
1353 5237 1886 5314 animmquegafﬁne
1925 5239 2049 5306 erit,
2077 5237 2190 5295 sal-

530 5308 1281 5383 vagtamen'atque'integra
1311 5309 1498 5383 ipsius
1530 5308 1882 5383 substantia.

599 5381 713 5460 (βξ)
742 5378 1057 5460 Ένξημί-αν.
1092 5383 1198 5460 νεὶ-ο
1251 5381 1446 5460 Βεεελ
1486 5379 1623 5460 byn,“
1659 5378 1758 5460 hu,
1822 5386 1940 5436 tres
1981 5381 2184 5460 _(_]olb.,

2189 4598 2233 4632 οε
2268 4596 2495 4667 Philipp

2173 4670 2192 4703 ⁵
2223 4668 2375 4724 Psal.
2416 4683 2608 4732 LXVIII,
2639 4669 2672 4720 3
2701 4686 2713 4735 ;
2756 4685 2916 4734 XLIII,
2950 4671 3037 4722 20.

2332 3321 2421 3373 καὶ
2478 3326 2685 3389 ζητεῖτε
2740 3318 2973 3393 ψεῦδος;
3029 3321 3168 3394 μέγα
3212 3342 3262 3374 τι
3302 3321 3392 3374 τὸν
3439 3321 3663 3375 ἐνταῦθα
3696 3322 3838 3395 βίον,
3893 3325 3989 3376 καὶ

2330 3410 2426 3469 τὰς
2486 3407 2679 3482 ὀλίγας
2735 3408 2930 3470 ταύτας
2987 3409 3195 3483 ἡμέρας
3253 3405 3466 3470 πολλάς
3497 3412 3604 3482 (98)
3665 3405 3990 3481 ὑπολαμϐά-

2330 3518 2530 3567 νοντες,
2589 3496 2678 3551 καὶ
2734 3498 2831 3565 τήν
2905 3495 3164 3569 διάζευξιν
3242 3496 3476 3568 ταύτην,
3537 3500 3634 3566 τὴν
3705 3498 3985 3566 ἅπας-τήν

2329 3586 2418 3640 καὶ
2448 3584 2658 3656 ἡδεῖαν,
2691 3586 2766 3647 ὡς
2799 3583 2863 3655 δή
2895 3607 2946 3639 τι
2983 3585 3118 3661 βαρὺ
3167 3587 3256 3639 καὶ
3318 3584 3585 3663 φρικῶδες
3642 3588 3983 3664 ἀποστρεφό-

2331 3694 2524 3746 μενοι;
2585 3673 2655 3728 Οὐ
2713 3676 3048 3750 γνωσώμεθα
3123 3677 3236 3747 (99)
3292 3677 3439 3747 ἡμᾶς
3495 3674 3724 3742 αὐτούς
3781 3676 3854 3729 Ού
3913 3678 3985 3730 τὰ

2327 3762 2619 3839 φαινόμενα
2651 3762 2891 3837 ῥίψωμεν
2921 3782 2932 3830 ;
2967 3763 3039 3817 Οὐ
3071 3763 3204 3838 πρὸς
3235 3765 3299 3816 τά
3326 3763 3588 3834 νοούμενα
3643 3765 3937 3837 βλέψωμεν
3967 3785 3980 3834 ;

2324 3851 2456 3919 Οὐκ,
2490 3848 2614 3905 εἷ’τι
2643 3850 2731 3904 καὶ
2763 3850 3042 3906 λυπεῖσθαι
3076 3853 3210 3926 χρὴ,
3265 3851 3572 3906 τούναντίον
3626 3853 3983 3925 ἀνιασώμεθα

2320 3939 2388 4014 τῇ
2443 3939 2699 4012 παροικίᾳ
2759 3942 3102 4012 μηκυνομένῃ
3160 3943 3258 4012 (1),
3319 3941 3453 3994 κατὰ
3502 3942 3590 3994 τὸν
3626 3943 3765 3995 θεῖον
3807 3937 3978 3996 Δαϐὶό

2320 4028 2651 4099 σκηνώματα
2680 4033 3008 4100 σκοτασμοῦ,
3049 4027 3136 4082 καί
3166 4028 3331 4082 τόπον
3365 4031 3674 4095 κακώσεως,
3728 4030 3816 4082 καὶ
3853 4030 3976 4083 ἰλὺν

2323 4117 2508 4187 βυθοῦ,
2539 4116 2628 4169 καὶ
2677 4119 2826 4170 σκιὰν
2873 4117 3098 4171 θανάτου
3142 4119 3208 4171 τὰ
3251 4115 3382 4190 τῇδε
3437 4117 3814 4172 ἀποκαλοῦντα
3853 4122 3932 4191 (2)
3961 4140 3974 4151 ·

2329 4202 2413 4258 ὅτι
2469 4202 2802 4279 βραδύνομεν
2861 4205 2912 4260 ἐν
2972 4212 3088 4267 τοῖς
3162 4208 3355 4283 τάφοις
3438 4208 3517 4267 οἷς
3581 4209 3976 4283 περιφερομεν,

2314 4293 2396 4347 ὅτι
2449 4294 2523 4355 ὡς
2591 4291 2864 4367 ἄνθρωποι
2924 4294 3336 4366 ἀποθνήσκομεν
3395 4296 3485 4348 τὸν
3543 4302 3641 4362 τῆς
3700 4296 3975 4370 ἁμαρτίας

2312 4383 2556 4451 θάνατον,
2628 4383 2739 4436 θεοὶ
2822 4379 3142 4460 γεγονότες
3214 4386 3419 4439 Τοῦτον
3497 4382 3600 4458 ἐγὼ
3686 4379 3970 4457 φοϐοῦμαι

2309 4471 2400 4524 τὸν
2432 4465 2622 4546 φόϐον,
2654 4470 2833 4542 τούτῳ
2865 4472 2953 4525 καὶ
2983 4471 3195 4546 νύκτωρ
3253 4472 3341 4524 καὶ
3405 4472 3521 4543 μεθ’
3579 4472 3786 4545 ἡμέραν
3847 4471 3972 4524 τύν-

2506 4639 2515 4650 .
2553 4615 2587 4660 I,
2633 4597 2722 4651 23.
2801 4598 2845 4632 9°
2874 4597 2922 4650 II
2954 4597 3159 4653 Thess.
3195 4614 3271 4664 Iv,
3309 4599 3394 4652 15.
3475 4600 3492 4632 ¹
3529 4597 3548 4652 Ι
3579 4597 3709 4652 Cor.
3744 4614 3838 4666 xv,
3869 4600 3969 4653 52.

2377 4811 2487 4880 (97)
2521 4807 2853 4882 Φερόμενον.
2910 4811 3146 4880 «Cujus
3199 4811 3375 4865 funus
3429 4811 3775 4875 deducatur,
3825 4811 3968 4866 effe-

2519 4901 2762 5075 ἐολλῖἱς.
2797 4951 2997 5075 tDeest
3054 4953 3112 5007 in
3173 4953 3355 5024 Regg.
3423 4952 3542 5020 bm,
3605 4950 3707 5021 hu,
3766 4951 3964 5006 tribus

2349 5039 2379 5075 ο
2453 5064 2489 5075 ..
2571 5039 2640 5075 r..
2715 5039 2869 5075 .ec.

2306 5021 2489 5088 Colb.,
2523 5021 2640 5088 Or.,
2678 5023 2727 5087 1,
2762 5027 2869 5077 etc.
3260 5021 3323 5024 ““

2358 5094 2488 5215 ,(993
2539 5092 2947 5162 Γνωσώμεθα...
3012 5091 3323 5166 ῥίψωμεν...
3385 5090 3745 5180 βλέψωμενι..
3803 5091 3959 5144 ἀνια-

2306 5183 2455 5215 σωμε
2493 5183 2545 5215 α.
2590 5164 2728 5215 Ηθρ.
2765 5165 2864 5215 hu-
2898 5171 2956 5215 et
2986 5168 3080 5215 ΟΡ.
3111 5167 3161 5215 1-
3209 5163 3591 5215 γνωσόμεθα...
3655 5165 3958 5215 οιώομεν...

2589 5275 2600 5289 ο
2615 5277 2625 5288 ο
2639 5277 2650 5288 .
2851 5264 2884 5289 ς).
3020 5281 3030 5289 -

2305 5233 2650 5310 βλέψομεν...
2679 5233 3030 5306 ἆνιασόμεθα,
3223 5233 3232 5239 -
3396 5233 3401 5235 .
3655 5233 3661 5236 _

2372 5311 2451 5380 (1)
2479 5308 2553 5377 Τῇ
2586 5305 2845 5380 παροικίᾳ
2905 5309 3272 5380 μηκυνομὶνῃ.
3329 5307 3498 5362 Coisl.
3559 5307 3609 5373 1,
3654 5309 3754 5371 τῆς
3814 5325 3958 5376 παρ-

2299 5377 2475 5437 οικίας
2510 5378 2914 5448 μηκυνομένης.

535 5445 713 5507 Οοὶεὶξ
753 5455 802 5518 1,
836 5445 930 5508 ob:
963 5455 1014 5521 1,
1051 5459 1107 5508 et
1143 5457 1262 5506 Jes.
1299 5445 1471 5513 Editi,
1533 5445 1819 5520 ἐκδημῗαν,
1879 5476 1905 5500 ‹‹
1964 5445 2183 5508 disces;

528 5537 1115 5664 ?u(1916.)‘»’Av:xxalvwv.
1173 5590 1331 5664 Τότε.
1375 5589 1594 5664 -Ηφεεη
1633 5591 1775 5664 bm,_
1806 5591 1908 5662 hu,
1969 5592 2064 5647 0r.
2130 5594 2181 5664 1,

525 5657 903 5719 ἀνακαίνωσιν,
938 5664 1115 5734 Regg.
1150 5680 1202 5731 ι,
1235 5660 1414 5716 Coisl.
1451 5657 1504 5724 1;
1522 5657 1656 5713 πότε
1685 5657 1794 5716 καί.

2367 5452 2383 5520 (
2475 5445 2933 5522 Ἀποκαλοῦνταη
2967 5451 3060 5506 Sic
3114 5451 3334 5522 optime
3391 5450 3529 5522 Reg.
3583 5447 3640 5500 b.
3679 5451 3856 5522 Pra‘ve
3885 5448 3951 5522 in

2293 5516 2383 5574 ed.
2406 5516 2833 5580 ἀποκαλοῦντος.
2856 5521 3061 5577 Billius
3091 5516 3286 5578 tamen
3321 5516 3745 5576 emen'daverat.
3761 5518 3945 5573 Coisl.

2290 5590 2343 5643 2.
2378 5594 2436 5645 et
2464 5588 2562 5644 Or.
2596 5592 2649 5656 1,
2679 5589 3103 5654 ἀποκαλοῦντες.

9 5421 30 5448 ,ν
45 5421 70 5442 .7

0 5563 2 5566 .
87 5557 98 5568 .
