4244 6216
290 2822 299 2831 ⁴
398 2839 577 2892 νέσθαι
610 2844 762 2912 Θεοῦ,
798 2841 923 2895 Θεὸν
956 2822 1128 2894 ἀὐτόν

392 408 518 467 785

1182 408 1472 471 ORATIO
1516 410 1650 470 VII.
1683 441 1762 455 —-
1790 409 1867 469 IN
1911 412 2230 473 LAUDEM
2279 412 2614 473 CAESAR"
2660 414 3021 473 FRATRIS.

3689 413 3808 473 786

397 556 512 607 ειμι
540 554 552 567 ·
589 535 679 589 καὶ
710 532 809 589 οὐκ
838 533 896 605 ἐᾷ
931 556 998 607 με
1025 536 1271 591 ἀναπνεῖν
1302 538 1338 605 ἡ
1379 536 1577 600 ἐκεῖθεν
1637 535 1783 608 δόξα,
1835 538 1925 593 καὶ
1984 540 2050 592 τὰ

2162 544 2347 597 morte
2369 541 2851 610 moriamur,cum
2873 543 2953 599 dii
2983 543 3119 600 facti
3151 543 3375 599 simus?
3397 542 3500 599 Hie
3520 560 3614 600 me
3633 545 3813 600 timor

394 622 567 677 ἐκεῖσε
597 621 989 695 δικαιεοτίνξρια⁹
1027 624 1100 677 ὦν
1142 631 1242 693 τῆς
1305 626 1398 696 μὲν
1460 625 1672 703 ἐφίεμαι
1736 626 1902 701 μέχρι
1961 627 2051 680 καὶ

394 716 493 766 106
533 714 608 785 (3)
657 709 906 765 δύνασθαι
958 710 1137 783 λέγειν
1169 733 1180 744 ·
1227 712 1493 767 Ἐκλείπει
1542 715 1620 777 εἷς
1671 715 1734 769 τὸ
1780 714 2050 791 σωτήριόν

399 821 496 855 σου
567 803 601 868 ὴ
652 802 803 875 ψυχή
885 822 1012 873 μου,
1068 801 1135 856 τὰ
1193 798 1250 856 δὲ
1305 802 1511 878 φρίττω
1567 804 1657 857 καὶ
1714 804 2051 881 ἀποστρέφο-

402 910 520 961 μαι.
574 890 776 943 Ἐκεῖνο
834 886 892 943 δὲ
939 888 1000 944 οὐ
1050 886 1286 958 δέδοικα,
1340 894 1413 962 μή
1470 892 1650 963 μοιτὸ
1682 895 1841 964 σῶμα
1868 896 2051 961 τοῦτο,

400 974 655 1052 διαρῥυὲν
730 976 821 1031 καί
892 975 1200 1054 διαφθαρὲν,
1271 977 1550 1041 παντελῶς
1618 980 1916 1055 οἷχήσηται
1976 982 2053 1054 (4)

400 1064 545 1120 ἀλλά
606 1067 681 1138 μή
736 1066 798 1120 τὸ
853 1070 949 1120 τοῦ
1006 1071 1140 1121 Θεοῦ
1185 1065 1411 1141 πλάσμα
1456 1067 1518 1122 τὸ
1566 1065 1776 1138 ἔνδοξον
1819 1065 2050 1142 (ἔνδοξον

413 1154 517 1229 γὰρ
573 1156 892 1230 κατορθοῦν,
956 1154 1135 1209 die-11:0
1209 1157 1402 1227 ἄτιμον
1471 1156 1823 1231 ἁμαρτάνον),
1885 1156 1935 1210 ἐν
2005 1158 2052 1228 ᾧ

398 1241 587 1316 λόγος,
620 1243 811 1315 νόμος,
845 1242 1024 1307 ἐλπὶς,
1055 1245 1152 1311 τήν
1185 1243 1350 1312 αὐτὴν
1396 1249 1513 1305 τοῖς
1560 1244 1790 1319 ἀλόγοις
1829 1244 2049 1317 ἀτιμίαν

396 1335 722 1405 κατακριθῇ,
771 1334 861 1385 καὶ
914 1328 1083 1403 μηδὲν
1132 1331 1299 1387 πλέον
1349 1332 1385 1406 ᾖ
1436 1334 1570 1405 μετὰ
1613 1334 1713 1402 τὴν
1748 1331 2046 1405 διὰζευξιν·

396 1420 472 1481 ὡς
522 1415 718 1496 ὄφελόν
766 1440 830 1494 γε
874 1425 992 1481 τοῖς
1037 1426 1326 1495 πονηροῖς,
1373 1420 1462 1474 καὶ
1508 1426 1606 1475 τοῦ
1655 1420 1851 1477 ἐκεῖθεν
1884 1422 2051 1497 πυρὸς

398 1506 589 1577 ἅξίοις.

2163 631 2437 699 exagitat,
2470 630 2562 685 hic
2593 630 2716 686 dies
2747 636 3064 702 noctesque
3113 648 3345 687 mecum
3374 638 3674 699 versatur;
3708 650 3813 689 nec

2165 734 2258 773 me
2289 719 2539 774 liberum
2592 720 2868 790 spiritum
2917 722 3130 776 ducere
3178 721 3400 786 sinunt,
3433 721 3569 776 hinc
3618 721 3815 778 futura

2163 806 2368 877 gloria,
2403 806 2539 862 hinc
2588 809 2853 863 futurum
2904 809 3160 864 tribunal
3213 828 3226 864 :
3279 826 3346 865 ex
3394 809 3609 881 quibus
3646 808 3809 866 illam

2164 895 2401 965 quidem
2433 896 2575 950 adeo
2608 902 2839 968 appeto,
2874 901 2939 951 ut
2986 897 3177 953 dicere
3225 898 3443 969 possim
3479 914 3492 953 :
3535 899 3721 967 Deﬁcit
3749 901 3812 953 in

2162 983 2405 1039 salutare
2436 993 2586 1040 tuum
2620 987 2811 1040 anima
2852 1002 2975 1041 mea
3011 987 3052 1056 ⁸,
3085 986 3195 1041 hoc
3248 991 3443 1041 autem
3494 986 3699 1043 horreo
3751 991 3811 1041 et

2162 1088 2413 1127 eversor.
2448 1073 2562 1128 Nec
2590 1089 2723 1128 vero
2746 1072 2892 1128 illud
2923 1074 3121 1141 timeo,
3155 1091 3227 1129 ne
3259 1074 3402 1128 mihi
3432 1090 3644 1146 corpus
3674 1075 3805 1145 hoc,

2161 1177 2293 1215 cum
2327 1162 2507 1217 semel
2536 1162 2844 1217 deﬂuxerit
2874 1178 2939 1217 ac
2967 1168 3306 1233 corruptum
3341 1163 3532 1230 fuerit,
3565 1179 3807 1234 prorsus

2161 1249 2592 1320 exstinguatur,
2624 1251 2724 1304 sed
2776 1266 2847 1304 ne
2877 1249 3071 1304 nobile
3118 1249 3262 1305 illud
3312 1252 3410 1306 Dei
3460 1251 3806 1323 ﬁgmentum

2158 1336 2377 1405 (nobile
2407 1337 2585 1408 {enim
2638 1342 2748 1407 est,
2799 1354 2932 1393 cum
2980 1337 3154 1393 officii
3195 1338 3287 1393 sui
3322 1355 3597 1393 numeros
3628 1338 3808 1408 probe

2158 1426 2367 1496 explet,
2384 1426 2878 1497 quemadmodum
2904 1432 3106 1481 contra
3134 1426 3524 1496 infame,cum
3559 1428 3810 1497 peccat),

2158 1513 2215 1567 in
2240 1530 2356 1585 quo
2378 1520 2468 1570 est
2490 1515 2657 1584 ratio,
2677 1514 2787 1583 lex,
2831 1532 2965 1587 spes
3005 1516 3229 1581 eadem,
3271 1532 3386 1586 qua
3424 1532 3492 1571 ea
3553 1515 3817 1569 animan-

399 1600 499 1667 tia,
533 1615 660 1669 qua:
688 1598 931 1654 rationis
962 1600 1221 1671 expertia
1258 1605 1415 1669 sunt,
1448 1600 1773 1672 ignominia
1806 1601 2142 1670 mulctetur,
2176 1602 2479 1675 nihiloque
2515 1604 2753 1659 meliore
2802 1610 2933 1676 post
2988 1608 3234 1660 mortem
3279 1604 3613 1659 conditione
3662 1603 3738 1660 sit
3797 1622 3811 1659 :

399 1687 896 1758 quemadmodum
930 1687 1214 1759 improbis
1238 1688 1598 1756 hominibus,
1633 1694 1809 1761 atque
1838 1690 1970 1761 igne
1996 1689 2097 1745 illo
2130 1691 2348 1763 dignis,
2373 1692 2697 1763 optandum
2728 1698 2900 1748 esset.

471 1776 586 1828 K1".
624 1772 749 1830 Εἴθε
777 1775 1109 1850 νεκρώσαιμι
1165 1775 1234 1829 τὰ
1296 1775 1437 1848 μέλη
1491 1778 1558 1831 τὰ
1610 1776 1696 1830 ἐπὶ
1753 1783 1854 1846 τῆς
1901 1777 2044 1850 γῆςί

2226 1769 2660 1839 ΧΧΙΙῙυῐὶηαω
2694 1782 2978 1847 membra,
3011 1798 3142 1853 quas
3189 1796 3367 1852 super
3400 1784 3615 1835 terram
3649 1785 3814 1837 sunt:

397 1860 523 1925 Εἴθε
572 1864 752 1917 πάντα
800 1862 881 1935 τῷ
929 1864 1192 1936 πνεύματι
1249 1863 1639 1938 δαπανήσαιμι,
1711 1866 1811 1934 τὴν
1862 1866 2049 1935 στενὴν

395 1950 484 2005 καὶ
519 1950 727 2027 ὀλίγοις
762 1953 936 2028 βατήν
970 1950 1214 2023 ὁδεύσας,
1264 1954 1340 2025 μή
1371 1955 1469 2021 τὴν
1519 1953 1777 2009 πλατεῖαν
1824 1954 1912 2008 καὶ
1965 1952 2052 2007 ἅν-

397 2040 547 2096 ετονί
584 2042 669 2102 Ὠς
699 2040 766 2095 τά
810 2062 875 2115 γε
921 2042 1055 2114 μετὰ
1094 2046 1258 2096 τοῦτο
1310 2041 1536 2117 λαμπρὰ
1573 2042 1662 2097 καὶ
1698 2040 1930 2117 μεγάλα,
1962 2044 2052 2097 καὶ

401 2129 602 2201 μείζων
653 2132 686 2199 ἢ
737 2130 869 2185 κατὰ
918 2132 993 2203 (5)
1041 2132 1138 2199 τὴν
1193 2130 1337 2201 ἀξίαν
1372 2131 1547 2193 ἐλπίς.
1581 2132 1641 2185 Τί
1673 2131 1812 2186 ἔστιν
1839 2132 2051 2205 ἄνθρω-

397 2238 522 2285 πος,
583 2217 667 2272 ὅτι
726 2222 1006 2293 μιμνήσκῃ
1063 2222 1139 2293 (6)
1197 2219 1407 2290 αὐτοῦς
1457 2219 1519 2274 Τί
1573 2221 1636 2275 τὸ
1674 2221 1858 2275 καινὸν
1890 2224 2051 2276 τοῦτο

396 2306 521 2381 περὶ
580 2306 677 2380 έμὶ
739 2310 1072 2383 μοστήριον;
1130 2307 1342 2384 Μικρός
1396 2308 1508 2382 εἶμι
1561 2310 1651 2362 καὶ
1712 2310 1897 2385 μέγας,
1956 2329 2050 2362 τα-

397 2396 582 2457 πεινὸς
628 2396 717 2449 καὶ
779 2395 1011 2469 ὑψηλὸς,
1073 2397 1269 2467 θνητὸς
1330 2397 1420 2451 καὶ
1477 2398 1758 2467 ἀθάνατος,
1816 2397 2053 2473 ἐπίγειος

397 2484 489 2538 καὶ
550 2484 813 2560 οὐράνινς.
858 2486 1067 2539 Ἐκεῖνα
1124 2486 1257 2558 μετὰ
1309 2490 1406 2539 τοῦ
1456 2484 1603 2540 κάτω
1632 2486 2054 2559 κόσμοῦ,ταῦτα

402 2574 537 2645 μετὰ
592 2578 689 2627 106
746 2577 900 2629 Θεῶν
957 2573 1131 2629 ἐκεῖνα
1167 2574 1299 2645 μετὰ
1326 2581 1425 2643 τῆς
1472 2574 1691 2649 σαρκὸς,
1721 2579 1889 2629 ταῦτα
1922 2575 2054 2647 μετὰ

396 2667 494 2715 106
541 2662 868 2734 πνεύματος.
901 2664 1116 2737 Χριστῷ
1171 2662 1495 2739 συπαφῆναί
1556 2684 1622 2734 με
1681 2661 1784 2733 δεῖ,
1833 2668 2054 2739 Χριστῷ

402 2757 810 2821 συκιαναστῆναι,
878 2749 1392 2826 συγκληρονομῆσαι
1468 2753 1703 2826 Χριστῷ,
1777 2752 1891 2805 υἱὸν
1960 2772 2053 2825 γε.

1342 2846 1528 2914 Ὠρᾶτι
1576 2844 1674 2894 ποῖ
1716 2841 1921 2912 προῖὼν
1974 2842 2052 2913 (8)

399 2927 635 3003 ἀνήγαγε
676 2930 825 3001 ἡμᾶς
875 2930 902 2983 ὁ
946 2927 1131 3003 λόγος.
1182 2933 1391 3004 Μικροῦ
1445 2928 1533 2982 καὶ
1583 2928 1742 3004 χάριν
1788 2926 2055 3003 ὁμολογῶ

396 3021 477 3088 τῷ
508 3016 682 3089 πάθει,
733 3018 778 3088 ᾧ
826 3022 1052 3071 τοιαῦτα
1097 3015 1489 3095 ἐφιλοσόφησα,
1542 3017 1631 3071 καὶ
1675 3015 1744 3070 δι’
1774 3016 1804 3071 ὅ
1839 3014 2051 3089 μᾶλλον

397 3103 627 3179 ἐραστὴς
673 3100 935 3180 ἐγενόμην
968 3113 1069 3174 τῆς
1119 3103 1326 3160 ἐνθένδε
1375 3105 1814 3166 ἀπαναστάσεως.
1882 3110 2051 3160 Τοῦτο

396 3196 533 3265 ἡμῖν
581 3194 645 3247 τὸ
706 3194 846 3268 μέγα
916 3195 1209 3268 μυστήριον
1283 3193 1579 3269 βοολεται’
1631 3197 1793 3247 τοῦτο
1840 3195 1977 3265 ἡμῖν
2024 3194 2052 3247 ὁ

400 3281 822 3357 ένανθρωπήσας
872 3281 941 3337 δι’
994 3284 1141 3354 ἡμᾶς
1214 3281 1301 3336 καὶ
1378 3281 1700 3356 πτωχεύσας
1761 3281 1910 3351 Θεὸς,
1966 3279 2057 3335 ’ίνα

399 3369 675 3445 ἀναστήσῃ
725 3371 824 3439 τὴν
878 3372 1066 3446 σάρκα,
1118 3371 1207 3424 καὶ
1257 3371 1593 3440 ἀνασώσηται
1632 3371 1731 3439 τὴν
1766 3369 1945 3424 εἰκόνα
1977 3371 2055 3443 (9)

399 3480 490 3512 και
544 3458 825 3532 ἀναπλάσῃ
872 3460 964 3513 τὸν
1016 3457 1318 3532 ἄνθρωπον,
1355 3456 1447 3511 ’ίνα
1493 3459 1775 3534 γενώμεθα
1822 3459 1873 3511 οἱ
1922 3460 2055 3512 πάν-

398 3568 487 3608 τις
521 3544 571 3602 ἔν
609 3546 659 3601 ἐν
720 3549 935 3622 Χριστῷ
994 3548 1270 3623 γενομένῳ
1325 3547 1391 3601 τὰ
1429 3546 1598 3601 πάντα
1638 3546 1697 3601 ἐκ
1725 3553 1883 3601 πᾶσιν
1916 3549 2051 3619 ἡμῖν

400 3635 649 3708 τελείως,
709 3635 804 3690 ὅσα
847 3635 947 3712 πέρ
997 3635 1134 3690 ἐστιν
1190 3635 1349 3697 αὐτὸς
1400 3634 1651 3708 (ΙΟ),’ίνα
1680 3636 1873 3708 μηκέτι
1906 3638 2052 3709 ὦμεν

398 3722 556 3798 ἀρῥεν
613 3724 701 3778 καὶ
750 3722 911 3796 θῆλυ,
942 3718 1232 3800 βάρϐαρος,
1269 3722 1501 3793 Σκύθης,
1553 3721 1776 3793 δοῦλος,
1835 3720 2049 3787 ἐλεύθε-

397 3832 514 3887 ρος,
547 3812 613 3867 τὰ
666 3820 765 3881 τῆς
796 3814 990 3888 σαρκὸς
1032 3812 1400 3888 γνωρίσματα,
1465 3811 1626 3883 μόνον
1684 3809 1740 3866 δὲ
1798 3812 2047 3888 φέρωμεν

392 3899 445 3954 έν
492 3903 627 3972 ἡμῖν
676 3901 860 3963 αὐτοῖς
907 3903 996 3955 τὸν
1046 3906 1186 3964 θεῖον
1232 3903 1345 3973 (11)
1390 3908 1729 3975 χαρακτῆρα,
1792 3902 1919 3975 παρ’
1986 3901 2049 3954 o6

390 3989 483 4043 καὶ
538 3990 614 4051 εἷς
674 3991 732 4044 ’ὸν
760 3989 1080 4065 γεγόναμεν,
1138 3993 1393 4044 τοσοῦτον
1451 3990 1538 4043 ἀπ’
1597 3989 1760 4043 αὐτοῦ
1822 4010 2048 4066 μορφω-

394 4076 574 4141 θέντες
629 4078 718 4131 καὶ
774 4078 1127 4150 τοπωθέντες,
1187 4079 1323 4132 ὥστε
1380 4077 1469 4131 καὶ
1526 4077 1631 4130 ἀπὸ
1682 4077 1850 4149 μόνου
1882 4078 2048 4152 γινώ-

394 4167 636 4221 σκεσθαι.

468 4344 582 4398 ΚΔ’.
644 4340 740 4397 Καὶ
802 4340 885 4412 εἴη
939 4342 1033 4414 μέν
1088 4362 1152 4416 γε
1206 4341 1338 4418 ὅπερ
1391 4341 1706 4415 ἐλπίζομεν,
1764 4344 1899 4397 κατὰ
1948 4344 2049 4411 τὴν

397 4429 645 4505 μεγάλην
678 4428 811 4485 Θεοῦ
856 4434 951 4485 106
1013 4428 1403 4506 μεγαλοδώρου
1451 4429 1893 4509 φιλανθρωπίαν·
1959 4430 2042 4504 ὅς,

2164 1869 2540 1924 mortificem7
2559 1869 2570 1923 !
2586 1868 2819 1924 Utinam
2843 1870 3038 1925 omnia
3059 1887 3160 1942 per
3182 1869 3453 1942 spiritum
3476 1870 3807 1939 absumam,

2163 1962 2321 2013 arcta
2349 1957 2462 2026 vin,
2513 1962 2568 2013 et
2618 1975 2733 2029 qua
2778 1959 2944 2030 pauci
3002 1959 3352 2030 gradiuntur
3380 1959 3421 2029 ⁸,
3451 1976 3567 2013 non
3611 1962 3806 2012 autem

2162 2046 2279 2101 lata
2308 2050 2367 2101 et
2393 2046 2548 2101 facili
2594 2047 2872 2102 incedens
2902 2048 2954 2101 οἱ
2990 2047 3204 2118 Magna
3249 2048 3403 2103 enim
3457 2047 3711 2118 profecto
3751 2050 3809 2101 et

2162 2133 2464 2191 luculenta
2495 2140 2634 2190 sunt
2661 2152 2748 2203 ea,
2785 2151 2911 2207 quae
2947 2140 3150 2207 postea
3196 2140 3545 2206 sequuntur,
3576 2152 3643 2190 ac
3672 2150 3806 2205 spes

2164 2223 2438 2278 meritum
2491 2228 2757 2278 nostrum
2802 2227 2861 2279 et
2897 2223 3242 2295 dignitatem
3274 2225 3517 2279 excedit.
3551 2224 3699 2291 Quid
3727 2228 3809 2278 est

2162 2311 2345 2377 homo,
2364 2312 2514 2382 quod
2539 2327 2748 2367 memor
2767 2329 2820 2367 es
2848 2313 2967 2376 eius
2994 2311 3088 2366 "‘I
3117 2312 3422 2377 Quodnam
3452 2312 3562 2367 hoc
3594 2328 3807 2367 novum

2162 2399 2383 2455 circum
2417 2416 2508 2455 me
2542 2399 2932 2471 mysterium?
2981 2400 3200 2455 Parvus
3245 2416 3378 2455 sum
3430 2404 3487 2454 et
3535 2416 3809 2472 magnus,

2162 2487 2407 2543 humilis
2437 2493 2493 2543 et
2522 2488 2807 2559 excelsus,
2837 2488 3103 2543 mortalis
3131 2492 3186 2543 et
3219 2487 3592 2557 immortalis,
3625 2493 3812 2543 terre-

2163 2593 2275 2630 nus
2304 2580 2360 2631 et
2389 2576 2656 2631 cmlestis.
2690 2575 2798 2632 Illa
2827 2593 2961 2631 cum
2994 2576 3254 2631 inferiori
3285 2575 3394 2630 hoc
3421 2576 3664 2642 mundo,
3689 2575 3811 2631 haec

2163 2680 2295 2719 cum
2332 2670 2444 2720 Deo
2469 2682 2482 2731 ;
2506 2664 2608 2719 illa
2628 2680 2759 2719 cum
2792 2680 2985 2734 carne,
3012 2664 3129 2718 haec
3148 2680 3283 2719 cum
3316 2664 3550 2735 spiritu.
3575 2663 3813 2735 Oportet

2167 2770 2260 2807 me
2289 2769 2423 2808 cum
2455 2752 2684 2809 Christo
2716 2752 2947 2824 sepeliri
2981 2752 3133 2808 215
3178 2768 3312 2807 cum
3345 2752 3569 2807 Christo
3618 2768 3812 2806 resur-

2162 2857 2317 2913 gere,
2378 2840 2593 2896 Christi
2645 2841 3002 2897 coheredem
3050 2857 3204 2908 esse,
3254 2839 3442 2895 ﬁlium
3491 2840 3592 2895 Dei
3662 2839 3813 2910 ﬁeri,

2164 2936 2338 3001 atque
2366 2929 2510 2985 adeo
2560 2935 2741 2985 Deum
2794 2929 3013 3001 ipsum.
3062 2930 3261 2984 Videte
3310 2945 3426 3001 quo
3471 2945 3578 2983 nos
3626 2928 3809 2985 oratio

2163 3019 2543 3091 progrediens
2573 3019 2810 3074 tandem
2842 3019 3114 3073 evexerit.
3165 3018 3376 3073 Parum
3427 3018 3612 3089 abest,
3664 3019 3810 3089 quin

2164 3106 2479 3162 calamitati
2508 3107 2727 3178 gratias
2755 3108 2932 3162 etiam
2963 3107 3233 3173 habeam,
3269 3106 3327 3161 in
3359 3109 3530 3177 cujus
3559 3106 3811 3179 gratiam

2165 3196 2286 3251 haec
2317 3195 2590 3262 disserui,
2623 3199 2681 3251 et
2711 3212 2837 3267 qua)
2870 3195 3013 3250 mihi
3063 3196 3258 3266 majus
3306 3212 3374 3251 ex
3416 3194 3526 3249 hac
3554 3194 3673 3250 vita
3703 3194 3814 3250 mi-

2164 3284 2370 3356 grandi
2402 3283 2757 3339 desiderium
2781 3285 3004 3354 injecit.
3031 3284 3150 3339 Hoc
3171 3284 3340 3339 nobis
3362 3299 3642 3355 magnum
3669 3282 3813 3339 illud

2166 3374 2509 3445 mysterium
2543 3372 2814 3445 designat
2861 3388 2873 3426 :
2908 3373 3019 3427 hoc
3069 3372 3236 3427 nobis
3271 3372 3446 3439 Deus,
3482 3372 3583 3443 qui
3614 3376 3815 3427 nostra

2165 3477 2342 3516 causa
2375 3460 2803 3516 humanitatem
2840 3461 3118 3532 suscepit,
3141 3477 3207 3517 ac
3240 3477 3464 3533 pauper
3491 3462 3681 3516 factus
3703 3465 3814 3527 est,

2164 3555 2227 3604 ut
2233 3550 2527 3619 jacentem
2543 3565 2778 3605 carnem
2795 3549 3041 3622 erigeret
3054 3554 3111 3604 et
3124 3550 3179 3604 in
3194 3548 3659 3604 incolumitatem
3674 3550 3816 3604 ima-

2160 3638 2281 3709 gini
2324 3637 2577 3704 afferret,
2628 3637 3048 3709 hominemque
3093 3638 3468 3701 instauraret,
3502 3643 3566 3692 ut
3607 3654 3811 3692 omnes

2159 3743 2344 3781 unum
2376 3726 2703 3781 efficiamur
2732 3726 2791 3781 in
2824 3726 3071 3795 Christo,
3107 3726 3207 3798 qui
3232 3727 3481 3797 perfecte
3512 3726 3698 3780 factus
3721 3729 3811 3780 est

2159 3816 2216 3869 in
2250 3815 2523 3870 omnibus
2558 3816 2725 3871 nobis
2757 3816 2955 3870 omnia
2997 3832 3360 3886 quaecunque
3407 3815 3531 3886 ipse
3563 3817 3651 3868 est
3680 3831 3693 3879 ;
3746 3817 3811 3869 ut

2151 3902 2275 3972 jam
2308 3920 2423 3958 non
2455 3904 2644 3958 simus
2675 3904 2977 3959 masculus
3021 3907 3077 3958 et
3125 3904 3365 3969 femina,
3415 3902 3701 3957 barbarus
3751 3906 3809 3957 et

2157 3991 2392 4062 Scytha,
2418 4007 2622 4047 servus
2650 3996 2707 4046 et
2735 3991 2882 4047 liber
2914 3994 2980 4060 ¹¹,
3003 4008 3133 4061 quae
3163 3995 3303 4046 sunt
3331 3990 3524 4045 carnis
3549 3989 3806 4061 insignia

2155 4085 2211 4134 et
2241 4079 2605 4147 discrimina,
2640 4080 2740 4135 sed
2774 4080 2957 4135 solam
2991 4080 3113 4147 Dei,
3157 4097 3191 4134 a
3244 4095 3357 4150 quo
3407 4083 3464 4134 et
3511 4078 3583 4133 ob
3627 4095 3804 4149 quem

2154 4168 2329 4222 creati
2357 4174 2791 4232 sumus,notam
2815 4168 2873 4223 in
2898 4168 3066 4223 nobis
3088 4170 3619 4240 geramus,tantum
3643 4168 3714 4222 ab
3737 4184 3803 4223 eo

2158 4256 2456 4311 informati
2513 4256 2954 4327 etimpressi,ut
2984 4273 3052 4312 ex
3078 4257 3205 4328 ipso
3237 4255 3361 4311 solo
3394 4271 3803 4327 agnoscamur.

2226 4345 2412 4401 XXIV.
2446 4350 2639 4416 Atque
2672 4346 2897 4400 utinam
2930 4346 3167 4417 quidem
3198 4345 3385 4400 simus
3419 4346 3576 4416 quod
3608 4361 3804 4416 spera~

2154 4435 2640 4500 mus,secundum
2664 4450 2937 4506 magnam
2958 4434 3218 4490 munifici
3234 4434 3335 4489 Dei
3358 4433 3800 4506 benignitatem;

396 4521 567 4594 μικρὰ
622 4520 804 4588 αἰτῶν,
868 4518 1079 4593 μεγάλα
1125 4518 1405 4593 χαρίζεται
1455 4524 1546 4573 νῦν
1595 4540 1654 4573 τε
1700 4520 1789 4573 καὶ
1839 4518 1915 4581 εἷς
1951 4520 2042 4574 τὸν

2160 4522 2252 4593 qui
2286 4539 2462 4592 parva
2490 4526 2715 4593 petens,
2749 4521 3003 4576 maxima
3052 4522 3144 4588 iis,
3197 4522 3298 4593 qui
3342 4522 3567 4577 sincero
3617 4521 3801 4577 animi

390 4607 579 4663 ἔπειτα
628 4608 823 4684 χρόνον
882 4614 997 4670 τοῖς
1048 4608 1286 4684 γνησίως
1336 4608 1493 4662 αὐτὸν
1527 4608 1815 4683 ἀγαπῶσι·
1875 4609 2048 4664 πάντα

2156 4611 2364 4666 affectu
2396 4626 2529 4665 eum
2562 4614 2785 4677 amant,
2807 4616 2865 4666 et
2893 4627 3046 4665 nunc
3077 4616 3133 4666 et
3162 4611 3222 4665 in
3255 4611 3452 4666 futuro
3482 4626 3601 4666 avo
3632 4609 3802 4681 largi-

462 4807 485 4841 ⁸
516 4804 672 4863 Psal.
712 4822 904 4874 cxvm,
935 4806 1024 4861 81.
1102 4807 1122 4839 ⁷
1152 4804 1370 4862 Coloss.
1403 4822 1488 4874 IlI,
1519 4806 1575 4861 5.
1649 4806 1670 4841 ⁸
1701 4804 1905 4863 Matth.
1937 4822 2037 4874 vn,

2230 4808 2251 4841 θ
2282 4807 2423 4861 ibid.
2460 4807 2547 4862 13.
2625 4808 2667 4842 ¹⁰
2698 4806 2848 4863 Psal.
2880 4824 3001 4877 vm,
3029 4808 3090 4865 5.
3176 4810 3219 4843 ¹¹
3253 4805 3376 4863 Gal.
3413 4823 3499 4874 In,
3526 4808 3615 4861 28.

572 4992 748 5070 Μέχρι
779 4993 869 5048 καὶ
900 4998 1015 5070 106.
1051 4999 1186 5070 Reg.
1220 4995 1323 5062 hu,
1374 4994 1471 5070 Οἱ.
1504 4995 1559 5070 1.,
1594 4994 1757 5070 μέχρι
1788 4991 1884 5070 106
1915 4992 2029 5070 καί.

461 4997 540 5140 (3)
572 4997 748 5070 Μέχρι
779 4997 869 5048 καὶ
900 4998 1015 5049 106.
1051 4999 1186 5122 Rei.
1220 4997 1323 5062 hu,
1374 4997 1471 5050 Or.
1504 4997 1559 5060 1,
1594 4997 1757 5123 μέόρι
1788 4997 1884 5047 106
1915 4997 2029 5051 καί.

487 5068 562 5135 4).
592 5066 927 5141 Οἰχήσηται.
970 5068 1109 5139 Reg.
1187 5084 1245 5137 u,
1276 5072 1395 5122 tres
1426 5065 1607 5135 Colb.,
1700 5084 1745 5121 r.
1798 5066 1852 5133 1,
1884 5064 2038 5135 οἰκή-

388 5157 779 5295 σεῖξ).Μείζων
811 5207 847 5275 ἢ
876 5205 1029 5261 κατά.
1065 5208 1203 5280 Heg.
1246 5207 1349 5275 hu,
1398 5212 1456 5265 et
1504 5207 1602 5263 ΟΡ.
1656 5210 1706 5275 1,
1771 5206 1969 5277 μείζων
2000 5207 2035 5275 ἢ

382 5300 881 5424 “Egit/hmini}.
915 5350 1011 5424 εἰς
1043 5350 1221 5422 Ηθεε·
1269 5350 1395 5420 δω»
1446 5350 1549 5416 hu’
1600 5352 1719 5403 tre.
1768 5347 1927 5403 co“).
1981 5354 2040 5405 et

383 5424 485 5481 Or.
518 5422 576 5478 ’1.
611 5423 803 5493 Editi,
831 5422 1151 5493 μιμνήσκει,

458 5494 691 5577 Θεὸν
750 5487 931 5547 αὑτόν.
992 5487 1165 5549 Cois].
1222 5492 1243 5547 Ι
1310 5492 1473 5547 addit
1526 5487 1827 5558 κληθῆναι,
1861 5510 1890 5538 ‹‹
1936 5507 2038 5546 V0-

385 5583 673 5709 ωἷθ)ἴιοῖ
718 5634 949 5708 προϊών.
1002 5636 1142 5709 Reg.
1193 5633 1297 5704 hu,
1345 5636 1464 5688 tres
1513 5630 1671 5689 Colb.
1705 5632 1799 5689 ΟΡ.
1864 5634 1914 5704 1,
1983 5633 2038 5686 οἷ

384 5707 621 5780 προῖὼν.

2221 4996 2295 5067 (8)
2327 4995 2696 5066 ’Λνασώσηται
2742 4994 2844 5063 τὴν
2894 4990 3094 5051 εἰκόνα.
3158 5014 3185 5046 ιι
3230 4995 3552 5067 Imaginem
3605 4994 3795 5050 salva-

2149 5072 2257 5121 ret.
2295 5088 2322 5115 »

2218 5138 2324 5208 (10)
2358 5137 2496 5194 ’Όσα
2524 5134 2796 5211 πὲρ-ἐστιν
2824 5135 3005 5211 αὐτός.
3032 5160 3063 5211 «ι
3094 5140 3467 5211 Quaecunqua
3493 5137 3617 5207 ipse
3648 5140 3790 5191 ρει.»

2147 5209 2206 5263 td
2227 5205 2523 5281 omissum
2557 5205 2809 5263 a'Billio.
2839 5208 3011 5281 Coisl.
3048 5210 3071 5263 1
3111 5226 3124 5264 :
3156 5205 3431 5281 πάρεστίν,

2219 5280 2330 5350 (11)
2359 5278 2457 5333 Τὸν
2493 5281 2657 5347 θεῖον,
2693 5285 2801 5336 etc.
2833 5280 3036 5336 Comb.
3066 5303 3092 5328 ‹‹
3126 5278 3383 5334 divinam
3415 5279 3796 5350 ﬁguram,per

2148 5366 2327 5475 quam
2360 5358 2418 5406 et
2443 5352 2501 5406 in
2531 5352 2700 5422 cujus
2722 5351 2899 5409 ﬁnem
2926 5351 3143 5407 conditi
3167 5367 3415 5417 sumus;
3446 5354 3677 5404 tantum
3709 5351 3794 5403 in-

2189 5438 2218 5475 e
2250 5424 2477 5475 formati
2510 5427 2685 5475 atoue
2731 5423 3025 5475 impressi.
3060 5427 3125 5475 ut
3152 5439 3219 5475 ex
3247 5423 3376 5475 insa
3424 5420 3547 5475 sola
3576 5436 3789 5475 cogno-

2189 5438 2218 5476 e
2250 5424 2477 5478 formati
2510 5420 2685 5493 atque
2731 5423 3025 5494 impressi,
3060 5427 3125 5477 ut
3152 5439 3219 5477 ex
3247 5423 3376 5494 ipsa
3424 5420 3547 5494 sola
3576 5436 3789 5491 cogno-

2147 5509 2418 5566 scamur.
2438 5515 2466 5543 »
2494 5494 2570 5566 Ut
2592 5492 2720 5566 haec
2749 5492 2948 5550 omnia
2991 5495 3180 5566 ipsum
3217 5492 3466 5566 referant
3492 5492 3789 5547 characte-

2148 5581 2293 5628 rem,
2326 5565 2425 5636 qui
2460 5564 2536 5620 sit
2563 5565 2759 5621 divina
2788 5566 2847 5622 in
2882 5564 3050 5622 nobis
3097 5565 3405 5637 impressio
3443 5568 3498 5620 et
3529 5568 3688 5629 nota,
3722 5577 3792 5616 ex

2146 5652 2258 5706 qua
2288 5652 2729 5709 cognoscamur.
