4244 6216
254 5166 473 5193 μέν*
557 5159 649 5223 (29

470 363 577 423 791

1718 360 1786 419 S.
1829 359 2201 420 GBEGORII
2245 358 2641 420 THEOLOGI

3760 360 3891 420 792

470 492 736 548 veritatis
784 497 974 547 metas
1022 489 1346 562 prosiliam,
1414 489 1514 545 sed
1564 488 1709 543 illud
1772 492 1995 557 contra,
2046 506 2118 545 ne

2231 499 2373 551 θειαν
2432 485 2885 563 ὑπερδράμωμενι
2946 488 3093 544 ἀλλὰ
3145 488 3482 556 τούναντίον,
3545 492 3619 562 μή
3679 510 3730 543 τι
3779 498 3887 559 τῆς

471 581 624 635 infra
654 578 957 635 veritatem
983 579 1327 647 subsistam,
1353 593 1418 632 ac
1443 576 1700 650 procula
1720 578 1800 632 rei
1832 578 2117 649 dignitate

464 668 1089 735 remotus,laudatione
1110 684 1238 722 mea
1254 665 1499 738 gloriam
1520 667 1707 738 ipsius
1731 667 2111 735 imminuam;

465 757 945 828 quandoquidem
978 755 1213 811 difﬁcile
1232 760 1340 821 est,
1362 759 1487 809 tum
1520 755 1970 824 actionem,tum
1995 772 2115 810 ser-

466 862 722 911 monem,
757 846 945 917 ipsius
978 849 1130 900 recte
1177 844 1345 899 factis
1394 844 1738 914 adaequare;
1774 860 1878 898 nec
1917 843 2113 913 igitur,

466 935 757 1007 quidquid
790 935 1045 989 alienum
1078 938 1189 999 est,
1216 933 1505 997 laudetur,
1539 933 1693 1003 quod
1728 932 2116 1004 incongruum

465 1025 654 1079 foret:
689 1040 793 1079 nec
824 1023 1109 1093 quidquid
1144 1020 1445 1092 proprium
1486 1025 1545 1075 et
1590 1021 1976 1076 domesticum
2006 1025 2116 1087 est,

467 1116 894 1180 contemnatur,
920 1111 968 1165 si
999 1111 1310 1165 honestum
1342 1114 1398 1164 et
1422 1108 1695 1164 eximium
1721 1128 1735 1176 ;
1770 1126 1842 1165 ne
1870 1108 1955 1164 illi
1985 1110 2116 1180 qui-

467 1204 600 1257 dem
646 1202 806 1255 lucro
851 1201 948 1263 sit,
982 1198 1236 1253 alienum
1269 1214 1417 1268 esse,
1453 1197 1588 1253 huic
1617 1214 1750 1252 vero
1795 1199 1946 1253 219
1981 1215 2118 1270 pro-

467 1289 765 1362 pinquitas
811 1289 1161 1343 detrimento
1211 1288 1398 1342 cedat.
1433 1286 1719 1357 Utrinque
1748 1287 1906 1342 enim
1937 1288 2118 1358 tequi-

464 1380 602 1433 tatis
636 1377 780 1431 ratio
813 1376 1140 1441 laederetur,
1164 1377 1212 1431 si
1238 1381 1295 1430 et
1328 1374 1411 1428 illi
1443 1375 1614 1430 laude
1636 1374 2030 1443 afﬁcerentur,
2062 1380 2119 1431 et

462 1466 522 1521 hi
554 1465 784 1520 silentio
816 1469 1218 1537 premerentur
1244 1482 1257 1532 ;
1301 1464 1546 1519 veritate
1577 1467 1795 1531 autem,
1831 1469 2117 1535 tanquam

464 1555 666 1627 regula
694 1560 751 1609 et
779 1570 1022 1622 canone,
1057 1558 1310 1620 utentes,
1345 1556 1519 1625 atque
1549 1554 1737 1624 ipsam
1772 1553 1957 1609 solam
1992 1570 2118 1625 spe-

465 1648 713 1708 ctantes,
746 1659 849 1698 nec
879 1642 1199 1713 quidquam
1253 1641 1411 1696 aliud
1445 1641 1884 1696 considerantes
1915 1657 1985 1696 ex
2019 1641 2111 1711 iis,

2228 575 2483 646 ἀληθείας
2535 575 2874 648 ἐλλείπωμεν
2920 580 3056 649 (28),
3104 577 3193 631 καὶ
3242 578 3387 652 παρά
3424 576 3568 631 πολὺ
3597 584 3697 647 τῆς
3729 579 3885 650 ἀξίας

2227 664 2495 735 ἐλθόντες,
2558 663 2947 739 ἂλαττώσωμεν
3007 668 3104 735 τὴν
3167 666 3320 737 δόξαν
3376 672 3492 727 τοῖς
3543 666 3880 742 ἐγκωμίοιςο

2226 751 2413 821 ἐπειδὴ
2465 752 2707 828 χαλεπὸν
2758 755 2847 808 καὶ
2896 756 3085 829 πρᾶξιν
3142 756 3387 828 ἐξισῶσαι
3434 756 3523 809 καὶ
3570 756 3729 830 λόγον
3760 764 3880 817 τοῖς

2227 841 2432 913 ἐκείνης
2463 841 2654 903 καλοῖς
2683 860 2694 871 ·
2733 844 2871 915 μήτε
2901 841 2991 897 οὖν
3024 865 3073 898 τι
3107 846 3221 916 (29)
3239 842 3531 918 ἀλλότριον
3560 842 3882 898 ἐπαινείσθω

2224 934 2351 997 πᾶν,
2402 928 2433 983 ὅ
2484 930 2559 1001 μὴ
2613 926 2820 983 δίκαιον
2875 931 3023 1002 (3Ο)’
3082 932 3219 1001 μήτε
3264 932 3379 1002 (31)
3419 930 3757 1001 ἀτιμαζέσθω
3814 931 3882 984 τὸ

2226 1016 2445 1086 οἰκεῖον,
2500 1017 2545 1071 εἷ
2577 1017 2755 1090 τίμιον
2784 1038 2796 1049 ο
2823 1016 2914 1071 ’ίνα
2948 1020 3021 1089 μὴ
3053 1022 3132 1089 τῷ
3175 1019 3267 1090 μὲν
3301 1016 3489 1092 κέρδος
3520 1021 3555 1087 ἡ
3588 1015 3885 1093 ἀλλοτριό-

2222 1128 2322 1176 της
2352 1106 2412 1180 ᾖ,
2443 1105 2520 1178 τῷ
2570 1104 2626 1160 δὲ
2673 1107 2748 1168 είς
2804 1107 2999 1179 ζημίαν
3034 1111 3262 1182 περιστῇ
3294 1108 3355 1161 τὸ
3384 1114 3483 1176 τῆς
3510 1107 3880 1177 οἰκειότητος.

2227 1195 2575 1273 Ἀμφοτέρως
2624 1195 2727 1271 γὰρ
2778 1196 2837 1250 ἃν
2886 1197 2913 1249 ὁ
2960 1201 3057 1250 τοῦ
3105 1194 3315 1251 δικαίου
3359 1197 3655 1272 βλάπτοιτο
3688 1194 3883 1272 λόγος,

2224 1284 2484 1339 κάκείνων
2519 1284 2940 1358 ἐπαινουμένων,
2967 1285 3056 1339 καὶ
3095 1286 3300 1340 τούτων
3335 1287 3729 1358 σιωπωμένωνο
3764 1289 3887 1363 ’ὀρῳ

2228 1373 2282 1429 δὲ
2312 1374 2402 1428 καὶ
2445 1374 2627 1428 κανόνι
2666 1378 2734 1447 τῇ
2784 1372 3011 1445 ἀληθείᾳ
3057 1373 3366 1450 χρώμενοι,
3394 1375 3485 1428 καὶ
3513 1376 3647 1447 πρὸς
3677 1375 3887 1444 ταύτην

2230 1462 2520 1536 βλέποντες
2576 1462 2762 1535 μόνον,
2820 1458 2959 1518 ἄλλο
3016 1461 3073 1517 δὲ
3129 1461 3281 1518 οὐδὲν
3339 1469 3687 1530 σκοποῦντες,
3720 1465 3794 1517 ὧν
3826 1466 3883 1517 οἱ

2224 1548 2429 1605 πολλοί
2456 1553 2568 1623 (32)
2598 1572 2655 1605 τε
2684 1551 2773 1605 καὶ
2806 1547 3017 1620 εὔωνοι,
3051 1551 3194 1606 οὕτω
3223 1553 3313 1605 καὶ
3354 1552 3739 1625 ἐπαινεσόμεθα
3787 1554 3882 1607 καὶ

2227 1638 2619 1712 σιωπησόμεθα
2646 1640 2711 1693 τά
2744 1638 2975 1693 ἐπαίνων
3006 1640 3041 1708 ἢ
3074 1647 3289 1709 σιωπῆς
3320 1641 3455 1710 ἄξια.

467 1748 593 1800 qua:
625 1729 833 1800 vulgus
859 1729 1165 1784 hominum
1192 1734 1249 1783 et
1279 1728 1509 1785 venales
1539 1729 1746 1784 animae
1776 1728 1986 1800 solent,
2004 1730 2086 1784 ita
2115 1730 2353 1785 demum
2384 1746 2452 1784 ea
2482 1733 2537 1785 et
2568 1729 2967 1798 laudabimus,
2992 1734 3050 1785 et
3081 1730 3311 1786 silentio
3344 1730 3881 1803 praetermittemus,

468 1835 595 1889 quae
627 1818 861 1872 laudem
894 1822 995 1872 aut
1023 1816 1322 1871 silentium
1354 1823 1782 1888 promerentur.

541 1908 612 1961 II.
634 1906 781 1961 Illud
811 1910 1006 1961 autem
1029 1906 1293 1960 omnium
1319 1906 1818 1961 absurdissimum
1842 1906 2114 1977 fuerit,si,

2296 1910 2365 1960 B’.
2418 1904 2634 1959 Πάντων
2688 1902 2736 1958 δ’
2781 1906 2893 1979 (33)
2942 1906 3311 1971 ἀτοπώτατον,
3350 1905 3395 1960 εἰ
3426 1908 3539 1979 (34)
3566 1906 3883 1981 ἀποστερεῖν

470 2013 604 2051 cum
638 1996 996 2067 propinquos
1049 1993 1248 2065 aliqua
1296 2011 1358 2049 re
1397 1995 1694 2062 fraudare,
1723 1994 1811 2050 vel
1843 1996 2122 2051 conviciis

469 2085 781 2149 incessere,
810 2082 896 2138 vel
928 2099 1220 2148 accusare,
1274 2083 1361 2137 vel
1411 2099 1645 2154 quoquo
1694 2084 1867 2138 modo
1907 2084 2027 2138 sive
2058 2084 2118 2138 in

469 2173 722 2243 magnis,
749 2172 869 2227 sive
901 2172 959 2225 in
984 2170 1247 2226 minimis
1266 2170 1495 2239 lzedere,
1527 2171 1768 2227 minime
1799 2172 1961 2244 pium
1990 2188 2120 2229 esse

468 2277 852 2316 censeamus:
886 2259 1105 2325 imo,et
1133 2258 1191 2312 in
1224 2258 1494 2315 homines
1520 2275 1731 2330 genere
1761 2260 2120 2331 conjunctis-

467 2351 650 2404 simos
680 2347 1043 2419 delinquere,
1077 2346 1269 2402 scelus
1318 2348 1581 2404 omnium
1634 2349 1960 2404 maximum
1992 2365 2121 2404 esse

456 2439 795 2509 judicemus
819 2454 831 2503 ;
852 2454 957 2491 nos
979 2442 1173 2491 tamen
1200 2452 1298 2491 eos
1320 2436 1581 2492 oratione
1605 2438 1944 2494 fraudantes
1968 2439 2119 2510 (qua

468 2528 637 2582 bonis
679 2526 820 2581 viris
874 2524 1123 2579 maxime
1153 2525 1413 2592 debetur,
1447 2531 1504 2580 et
1534 2542 1637 2596 per
1666 2542 1842 2596 quam
1876 2526 2117 2582 immor-

466 2614 642 2670 talem
697 2629 890 2667 eorum
944 2612 1287 2668 memoriam
1338 2614 1577 2669 reddere
1623 2621 1954 2685 queamus),
1988 2619 2115 2670 tum

470 2702 617 2771 aequi
640 2700 853 2771 aliquid
879 2700 1069 2755 facere
1093 2700 1877 2774 arbitremur,majoremque
1897 2702 2117 2774 impro-

473 2791 705 2857 borum,
726 2788 824 2860 qui
844 2806 952 2844 nos
974 2790 1045 2844 ad
1069 2789 1316 2858 gratiam
1340 2789 1499 2861 loqui
1522 2790 2119 2862 criminantur,quam

472 2880 779 2949 bonorum,
815 2877 915 2950 qui
948 2877 1185 2933 meritas
1217 2877 1420 2933 laudes
1456 2884 1795 2950 exposcunt,
1833 2880 2117 2935 rationem

471 2967 894 3023 habeamus.Et
915 2970 1091 3032 certe,
1116 2981 1250 3021 cum
1272 2983 1377 3021 nos
1400 2966 1474 3022 ab
1494 2972 1820 3022 exterorum
1843 2967 2118 3023 laudibus

471 3055 860 3129 praedicandis
884 3072 950 3111 ea
971 3072 1151 3111 causa
1164 3072 1275 3110 non
1291 3057 1599 3123 deterreat,
1616 3057 1768 3127 quod
1784 3072 1986 3111 eorum
2002 3056 2114 3112 vir-

469 3151 565 3201 tus
613 3145 782 3201 nobis
832 3145 1294 3215 haudquaquam
1340 3148 1643 3216 perspecta
1693 3150 1749 3199 et
1794 3149 2007 3200 testata
2041 3146 2119 3201 sit

469 3236 833 3305 (quanquam
866 3233 923 3287 id
956 3232 1142 3288 multo
1169 3233 1395 3303 sequius
1417 3231 1604 3303 foret),
1628 3233 1890 3288 amicitia
1916 3234 2113 3302 etiam,

473 3338 540 3377 ac
570 3322 887 3376 subeundae
923 3320 1241 3376 multorum
1276 3321 1501 3375 invidia:
1534 3326 1750 3390 metus,
1783 3338 1897 3377 non
1929 3322 2113 3393 impe-

2236 1992 2328 2065 μὲν
2377 2014 2429 2047 τι
2477 1993 2601 2054 τοὺς
2654 1991 2844 2062 ἰδίους,
2892 1996 2925 2061 ἢ
2978 1991 3365 2070 λοιδορεῖσθαι,
3396 1995 3430 2063 ἢ
3464 2000 3808 2069 κατηγορεῖν,
3841 1997 3881 2064 ἢ

2231 2079 2371 2136 ἄλλο
2400 2103 2450 2137 τι
2504 2079 2704 2137 ἀδικεῖν
2757 2084 2792 2151 ἢ
2849 2084 3039 2158 μικρὸν
3090 2083 3124 2152 ἢ
3162 2088 3369 2154 μεῖζον,
3402 2081 3500 2136 οὐκ
3528 2082 3712 2155 εὐαγὲς
3745 2084 3887 2136 εἶναι

2230 2170 2491 2243 θήσομεν,
2538 2168 2685 2225 ἀλλὰ
2729 2171 2819 2225 καὶ
2862 2172 3073 2226 πάντων
3125 2172 3379 2226 κάκιστον
3435 2172 3533 2237 τὴν
3592 2170 3727 2225 κατά
3773 2176 3887 2225 τῶν

2230 2258 2576 2313 οἰκειοτάτων
2608 2260 2946 2335 παρανομίαν
2975 2278 2987 2291 ·
3042 2259 3213 2334 λόγου
3262 2263 3376 2332 (35)
3426 2258 3484 2314 δὲ
3527 2259 3893 2334 ἀποστεροῦν-

2227 2368 2316 2409 τες
2346 2347 2618 2402 ὅπάντων
2674 2347 2911 2420 μάλιστα
2952 2354 3068 2410 τοῖς
3121 2349 3343 2423 ἀγαθοῖς
3397 2348 3534 2402 ἐστιν
3590 2348 3889 2424 ὀφειλόμε-

2228 2456 2342 2504 νον,
2371 2436 2459 2489 καὶ
2489 2434 2535 2507 ᾧ
2562 2437 2662 2504 τὴν
2699 2438 2921 2509 μνήμην
2964 2437 3022 2490 ἃν
3071 2436 3253 2498 αὐτοῖς
3302 2437 3559 2491 ἀθάνατον
3606 2439 3887 2506 καταστή-

2230 2544 2438 2597 σαιμεν,
2472 2521 2656 2579 ἔπειτα
2686 2523 2889 2578 δίκαιόν
2936 2546 2990 2579 τι
3020 2531 3194 2580 ποιεῖν
3227 2525 3549 2598 οἰησόμεθα,
3588 2523 3677 2579 καὶ
3705 2524 3886 2579 πλείω

2230 2610 2392 2688 λόγον
2442 2612 2630 2685 ’ἐξομεν
2687 2618 2795 2667 τῶν
2844 2619 3099 2689 πονηρῶν
3160 2614 3221 2667 τὸ
3260 2614 3397 2688 πρὸς
3428 2616 3590 2689 χάριν
3621 2613 3885 2685 αἰτιωμὲ-

2227 2703 2385 2770 νωνῆ
2414 2706 2523 2755 τῶν
2570 2701 2820 2756 ἐπιεικῶν
2873 2702 3243 2756 ἀπαιτούντων
3294 2703 3355 2756 τὸ
3407 2703 3546 2776 πρὸς
3577 2702 3743 2772 ἀξίαν.
3780 2705 3882 2756 Καὶ

2225 2789 2352 2850 τοὺς
2412 2789 2504 2861 μὲν
2561 2786 2753 2859 ἔξωθεν
2815 2790 3047 2844 ἐπαινεῖν
3112 2791 3173 2845 οὐ
3232 2790 3432 2845 κωλύει
3482 2794 3544 2844 τὸ
3604 2790 3880 2866 ἄγνωστον

2226 2878 2315 2931 καὶ
2370 2876 2678 2952 ἀμάρτυρον
2739 2878 2936 2951 (καίτοι
2986 2900 3049 2953 γε
3114 2878 3313 2950 πολλῷ
3372 2876 3704 2955 δικαιότερον
3766 2883 3882 2947 ἦν),

2225 2964 2353 3027 τοὺς
2398 2966 2838 3041 γινωσκομένους
2885 2969 2999 3040 (36)
3047 2965 3104 3021 δὲ
3150 2970 3184 3036 ἡ
3237 2966 3393 3045 φιλία
3438 2967 3696 3040 κωλύσει,
3728 2970 3817 3022 καὶ
3848 2969 3879 3021 ὁ

2225 3056 2371 3129 παρά
2415 3059 2522 3108 τῶν
2568 3053 2793 3110 πολλῶν
2844 3056 3059 3133 φθόνος,
3107 3056 3197 3110 καὶ
3243 3055 3449 3110 τούτων
3485 3055 3719 3128 μάλιστα
3748 3057 3877 3117 τοὺς

2226 3141 2429 3198 ἐνθένδε
2461 3143 2944 3218 ἀπηλλαγμίπους,
2976 3146 3064 3200 καὶ
3098 3146 3180 3206 οἷς
3388 3143 3564 3219 ἄωρον
3610 3146 3673 3198 τὸ
3721 3145 3886 3219 χαρίο

2229 3234 2405 3301 ζεσθαι
2436 3230 2794 3287 καταλιποῦσι
2823 3235 3079 3306 μετὰτῶν
3102 3231 3287 3287 ἄλλων
3322 3234 3410 3287 καὶ
3442 3232 3568 3296 τοὺς
3593 3232 3877 3287 ἐπαινοῦν-

2224 3342 2320 3382 τας
2351 3321 2385 3389 ἢ
2418 3320 2698 3395 ψέγοντας.

468 3408 605 3474 diet,
639 3406 954 3476 quominus
985 3412 1156 3462 notos
1184 3406 1515 3478 laudemus,
1547 3425 1761 3480 eosque
1791 3410 2189 3481 potissimum,
2230 3410 2327 3480 qui
2380 3415 2703 3466 extremum
2736 3410 2860 3465 vitae
2893 3411 3045 3466 diem
3087 3410 3441 3477 clauserunt,
3474 3415 3531 3465 et
3576 3428 3610 3465 a
3657 3411 3878 3483 quibus

469 3497 716 3568 gratiam
750 3494 897 3550 inire
928 3496 1163 3550 studere
1195 3495 1369 3551 nimis
1391 3498 1517 3566 jam
1551 3514 1746 3553 serum
1779 3498 1892 3566 sit;
1926 3498 2141 3570 quippe
2172 3498 2294 3570 qui,
2328 3504 2390 3553 ut
2415 3498 2530 3554 alia
2558 3499 2775 3571 omnia,
2808 3499 2890 3555 ita
2920 3498 3255 3555 laudatores
3285 3499 3459 3555 etiam
3491 3504 3548 3554 et
3575 3500 3877 3570 vitupera-

467 3590 626 3640 tores
655 3583 1060 3655 reliquerunt.‘

547 3674 642 3728 ΙΙΙ.
675 3672 961 3738 Quoniam
995 3676 1189 3727 autem
1213 3673 1283 3727 de
1306 3672 1397 3728 his
1424 3674 1599 3729 rebus
1623 3675 1909 3747 purgandi
1938 3674 2121 3731 nostri

473 3779 650 3818 causa
701 3762 845 3817 satis
895 3761 1081 3817 multa
1113 3761 1390 3829 diximus,
1441 3763 1747 3835 nobisque,
1799 3764 2119 3819 orationem

477 3852 627 3907 hanc
660 3852 991 3907 necessario
1024 3849 1357 3905 institutam
1389 3866 1517 3906 esse
1566 3852 2120 3918 demonstravimus,

476 3957 602 4012 age,
637 3942 704 3994 ad
740 3940 900 4011 ipsas
922 3941 1045 4009 jam
1080 3938 1282 3994 laudes
1313 3940 1961 4009 accedamus,dictionis
1991 3942 2121 4013 qui-

478 4030 611 4083 dem
641 4032 1009 4084 venustatem
1039 4034 1095 4082 et
1120 4027 1467 4099 elegantiam
1503 4033 1942 4085 contemnentes
1959 4035 2121 4097 (nam

480 4118 599 4170 hac
628 4132 882 4188 quoque,
915 4132 1093 4187 quam
1140 4116 1473 4183 laudamus,
1516 4117 1757 4171 minime
1806 4122 2039 4187 compta
2068 4124 2124 4173 et

479 4201 731 4273 expolita
759 4208 902 4271 erat,
937 4208 1111 4274 atque
1142 4209 1383 4259 ornatus
1431 4204 1761 4276 neglectum
1794 4205 2123 4277 pulchritu-

480 4290 677 4343 dinem
728 4307 855 4345 esse
906 4292 1243 4361 statuebat),
1289 4292 1553 4347 debitum
1603 4293 1834 4364 pietatis
1882 4311 2120 4361 munus,

483 4377 653 4448 quasi
684 4393 761 4431 aes
794 4378 1089 4448 quoddam
1123 4377 1379 4439 alienum
1412 4396 1691 4452 perquam
1725 4383 2124 4437 necessarium

482 4463 865 4532 exsolventes,
911 4465 1206 4536 simulque
1255 4466 1465 4522 multos
1495 4469 1566 4523 ad
1598 4470 1859 4538 ejusdem
1890 4471 2124 4527 virtutis

2300 3674 2373 3729 I".
2422 3672 2569 3728 Ἐπεὶ
2619 3671 2676 3727 δὲ
2720 3675 2918 3735 ἱκανῶς
2969 3675 3100 3749 ὑπὲρ
3141 3675 3351 3728 τούτων
3400 3671 3882 3749 ἀπολελογήμεθα,

2230 3761 2315 3815 καὶ
2367 3761 2651 3838 ἀναγκαῖον
2702 3765 2835 3835 ἡμῖν
2885 3762 3068 3825 αὐτοῖς
3100 3760 3448 3835 ἀπεδείξαμεν
3482 3757 3607 3816 ὄντα
3634 3763 3727 3816 τὸν
3785 3762 3886 3817 λό-

2228 3872 2345 3925 γον,
2405 3851 2552 3927 φὲρε,
2608 3846 2934 3924 προσϐῶμεν
2997 3849 3107 3921 ἤδη
3164 3857 3280 3912 τοῖς
3312 3851 3636 3925 ἐγκωμίοις,
3688 3851 3751 3904 τὸ
3786 3852 3881 3923 μὶν

2229 3939 2352 4013 περὶ
2396 3939 2494 4008 τήν
2558 3938 2698 4009 λέξιν
2756 3938 3031 4016 γλαφυρον
3109 3940 3195 3993 καὶ
3271 3941 3483 4012 κομψὸν
3560 3937 3888 3993 διαπτύσαν-

2228 4047 2315 4088 τες
2356 4030 2466 4100 (38)
2524 4025 2731 4099 (ἐπειδὴ
2791 4026 2879 4082 καί
2941 4026 3360 4089 ἀκαλλώπιστος
3407 4031 3441 4097 ἡ
3492 4027 3884 4099 ἐπαινουμένη,

2229 4114 2317 4167 καὶ
2364 4120 2525 4169 τοῦτο
2574 4116 2779 4178 κάλλος
2828 4117 2960 4189 αὐτῇ
3008 4115 3294 4189 ἄκοσμον),
3347 4118 3445 4185 τὴν
3491 4115 3547 4171 δὲ
3577 4115 3881 4193 ἀφειλομέ-

2228 4224 2326 4273 νην
2357 4202 2504 4257 ὁσίαν
2560 4204 2633 4265 ὡς
2665 4203 2809 4259 ἄλλο
2854 4226 2904 4259 τι
2938 4206 3104 4280 χρέος
3131 4211 3240 4260 τῶν
3279 4206 3709 4280 ἀναγκαιοτάτων
3746 4207 3883 4258 ἀπο-

2230 4290 2591 4364 πληροῦντες,
2660 4293 2747 4347 καὶ
2814 4294 2927 4365 ἅμα
2976 4293 3102 4354 τοὺς
3151 4292 3395 4353 πολλοὺς
3443 4293 3516 4353 εἷς
3571 4292 3741 4360 ζῆλον
3793 4293 3883 4345 καὶ

2237 4380 2469 4452 μίμησιν
2524 4387 2622 4449 τῆς
2687 4380 2854 4450 αὐτῆς
2911 4381 3107 4454 ἀρετῆς
3183 4379 3610 4449 ἐκπαιδεῦοντες,
3692 4378 3884 4448 ἐπειδή

2232 4472 2392 4520 τοῦτο
2440 4470 2574 4539 ἡμῖν
2611 4467 2661 4521 ἐν
2714 4468 2870 4522 παντῖ
2918 4468 3005 4522 καὶ
3051 4467 3201 4544 λόγῳ
3230 4468 3320 4522 καὶ
3353 4466 3493 4543 ἔργῳ
3524 4464 3884 4535 σπουδάζεται

483 4553 669 4609 zelum
703 4558 759 4609 et
790 4554 1177 4609 imitationem
1208 4555 1561 4626 erudientes,
1585 4559 1858 4628 quoniam
1884 4560 1994 4615 hoc
2026 4577 2119 4615 no-

2241 4529 2575 4630 καταρτίξειν
2627 4556 2719 4618 οὕς
2768 4529 3185 4629 ὲπισθεόθημεν.’
3238 4529 3592 4627 ’ΆλλιοςΙμὶν
3643 4529 3888 4609 οὗν-πα-

485 4644 577 4697 bis
608 4643 665 4696 in
700 4642 858 4697 omni
890 4659 1157 4698 sermone
1179 4648 1353 4714 atque
1375 4644 1602 4701 actione
1633 4648 1992 4718 propositum
2018 4652 2127 4714 est,

484 4738 549 4786 ut
577 4748 696 4795 eos,
731 4732 829 4802 qui
881 4731 1014 4786 fidei
1065 4736 1274 4787 nostra:
1305 4733 1606 4789 commissi
1646 4740 1801 4800 sunt,
1845 4737 2129 4806 perfectos

485 4821 821 4875 reddamus.
842 4819 1026 4892 Igitur
1055 4819 1204 4875 alius
1227 4820 1462 4889 quidem
1486 4822 1769 4877 defunctae
1792 4825 2040 4894 patriam
2064 4842 2129 4879 ac

484 4924 670 4979 genus
699 4907 918 4977 laudet,
951 4909 1349 4964 encomiorum
1382 4910 1649 4965 videlicet
1678 4910 1835 4983 leges
1863 4910 2130 4983 religiose

558 5087 668 5159 (28)
700 5082 1095 5159 Ἑλλείπωμεν.
1131 5085 1271 5159 Reg.
1305 5085 1409 5157 hu,
1440 5086 1534 5142 Or.
1571 5088 1624 5155 1,
1655 5083 1990 5159 ἐλλίπωμεν.

826 5157 965 5245 Ρξθὲῖ
1000 5157 1102 5221 δυ’
1131 5155 1215 5245 τίς

559 5230 669 5299 (30)
701 5228 875 5300 ’Ὁνμή
912 5227 1137 5283 δίκαιον.
1170 5227 1397 5294 Billius,
1431 5228 1544 5300 «si
1573 5227 1849 5300 iniquum
1891 5232 1988 5285 sit.

584 5301 673 5371 31)
705 5296 875 5366 Μήτε.
911 5303 1003 5371 Sic
1028 5300 1174 5371 Reg.
1208 5300 1308 5354 bu.
1344 5299 1515 5367 Edili,
1552 5296 1711 5369 μηδξ.

584 5306 645 5353 31
705 5306 875 5366 Μήτε.
911 5306 1003 5357 Sic
1036 5306 1174 5371 Reg.
1208 5306 1308 5354 hu.
1344 5306 1515 5367 Editi,
1552 5306 1711 5369 μηδὲ.

560 5306 674 5444 (32)
704 5371 881 5444 *Ων-οἱ
912 5366 1134 5437 πολλοί,
1169 5378 1278 5427 etc.
1314 5370 1540 5437 Billius,
1571 5395 1597 5421 «
1632 5389 1759 5443 qua:
1791 5371 2049 5444 plerique
2080 5377 2136 5427 et

489 5441 633 5496 viles
663 5442 951 5510 homines,
986 5447 1095 5497 etc.

561 5512 673 5581 (33)
704 5507 1019 5567 Πάντωνδῖ
1055 5509 1273 5581 Πάντων
1308 5507 1383 5563 δέ.

561 5578 673 5651 (34)
704 5583 790 5636 Et.
823 5584 998 5639 Coisl.
1034 5578 1173 5650 1,41.

561 5652 674 5725 (35)
703 5652 906 5726 Λόγου.
936 5655 1074 5725 Reg.
1105 5655 1250 5721 bm.,
1281 5653 1397 5709 duo
1420 5653 1602 5727 Colb.,
1635 5652 1825 5729 λόγον.

656 5514 674 5725 ξ

2236 4643 2393 4721 τρίδα
2436 4652 2538 4714 τῆς
2585 4645 2926 4718 ἀπελθούσης
2980 4645 3265 4700 ἐπαινείτω
3314 4646 3400 4700 καὶ
3451 4646 3631 4719 γένος,
3681 4646 3891 4718 νόμους

2238 4733 2525 4808 ἐγκωμίων
2578 4732 2900 4807 αἰδούμενος
3138 4734 3356 4797 πάντως
3404 4732 3461 4788 δὲ
3488 4734 3587 4788 οὐκ
3615 4734 3886 4809 ἀπορήσει

2237 4822 2463 4878 ποΛλῶν
2509 4824 2599 4877 καὶ
2647 4823 2829 4877 καλῶν
2879 4822 3082 4898 λόγων,
3134 4824 3178 4877 εἰ
3232 4822 3490 4899 βούλοιτο
3536 4823 3737 4893 ταύτην
3790 4844 3887 4877 κο-

2239 4917 2393 4985 σμεῖν
2442 4913 2531 4965 καὶ
2559 4917 2675 4973 τοῖς
2716 4910 2928 4984 ἔξωθεν,
2981 4911 3159 4987 ὥσπερ
3214 4913 3425 4988 μορφήν
3479 4911 3665 4984 τιμίαν
3711 4933 3770 4966 τε
3800 4912 3888 4966 καὶ

2306 5090 2420 5161 (36)
2452 5087 2911 5161 Γινωσκομὲνους.
2975 5090 3078 5145 Hic
3157 5113 3185 5140 «
3246 5090 3618 5158 domesticos,
3694 5115 3715 5141 ι
3783 5107 3889 5146 seu

2249 5182 2277 5211 ‹‹
2311 5167 2601 5243 parentes,
2634 5181 2659 5213 ιι
2694 5164 2763 5217 de
2793 5162 3008 5233 quibus
3037 5161 3278 5231 quaestio
3310 5168 3416 5234 est,
3449 5161 3724 5234 intelligit
3748 5168 3887 5216 Gre-

2248 5248 2557 5376 ἕοὲξῗίίαὶ
2591 5301 2691 5376 οἷς.
2726 5303 2812 5358 Ita
2843 5304 3022 5375 Regg,
3056 5304 3176 5376 bm,
3210 5303 3311 5375 hu,
3342 5306 3461 5359 tres
3492 5303 3677 5369 Colb.,
3709 5302 3883 5357 Coisl.

2243 5374 2297 5441 3,
2331 5374 2425 5430 Or).
2466 5384 2511 5445 1,
2546 5378 2603 5428 et
2631 5375 2750 5445 Jes.
2784 5376 2959 5445 Editi,
2990 5374 3078 5427 καὶ
3113 5374 3207 5434 εἷς.

2243 5528 2274 5566 b
2458 5441 2870 5506 Διαπτύσαντες.
2915 5441 3052 5518 Reg.
3112 5447 3215 5513 hu,
3273 5450 3332 5501 et
3388 5444 3484 5500 ΟΡ.
3542 5446 3598 5512 4,
3658 5441 3886 5498 διαπτυ-

2279 5535 2411 5575 ντες.

2312 5586 2425 5661 (39)
2455 5583 2814 5661 Δῖδοῦμενος.
2849 5586 3075 5657 Billius,
3108 5608 3137 5635 ‹‹
3183 5587 3399 5643 honore
3438 5602 3823 5659 prosequens.
3852 5608 3883 5636 ι»
