4244 6216
408 403 531 465 ’193

1037 404 1325 466 ORATIO
1368 405 1525 465 VIII.
1561 438 1638 449 -—
1666 404 1743 465 IN
1788 406 2114 467 LAUDEM
2160 407 2492 469 SORORIS
2542 408 2718 469 SUIE
2762 408 3206 468 GORGONIIE.

3711 408 3828 467 794

408 535 585 604 καλὴν
639 540 848 611 χρυσῷ,
906 538 993 590 καὶ
1049 535 1244 606 λίθοις,
1299 537 1388 591 καὶ
1437 542 1553 598 τοῖς
1611 537 1669 591 ἐκ
1714 539 1919 613 τέχνης
1968 538 2056 592 καὶ

2180 542 2515 609 observans;
2564 541 2765 595 multis
2798 546 2994 596 autem
3040 540 3419 612 pulchrisque
3460 542 3829 597 sermonibus

412 624 601 699 ’χειρὸς
653 622 1029 699 ὼραίσμασιν·
1092 624 1123 678 ἃ
1176 627 1275 693 τὴν
1330 626 1423 697 μὲν
1459 626 1687 701 αἰσχρὰν
1722 624 1942 700 ἐλέγχει
1997 626 2065 701 τῇ

411 713 721 787 παραθέσει,
769 717 837 785 τῇ
891 712 1035 786 καλῇ
1090 711 1145 766 δὲ
1195 713 1256 767 οὐ
1309 716 1592 789 προσθήκη
1642 712 1885 775 κάλλους
1928 714 2065 769 ἐστὶν

410 802 721 873 ἡττώμενα.
776 803 918 877 Ἐγῶ
976 800 1034 856 δὲ
1087 801 1344 857 τοσοῦτον
1404 808 1482 873 τῷ
1530 803 1649 876 περὶ
1699 808 1864 857 ταῦτα
1895 824 2067 877 προσ-

412 889 764 965 χρησάμενος
817 890 989 963 νόμῳ,
1044 890 1167 945 ὅσον
1218 896 1323 944 τῶν
1372 896 1567 945 κοινῶν
1601 893 1800 965 γονέων
1835 891 2067 960 ἐπιμνη-

412 979 603 1046 σθῆναι
653 979 763 1051 (καὶ
812 979 912 1054 γὰρ
964 976 1090 1033 οὐδὲ
1138 978 1282 1033 ὅσιον
1342 977 1714 1055 παραδραμεῖν
1746 979 1943 1055 ἀγαθοῦ
1974 1002 2065 1034 το-

413 1066 608 1121 σούτου
636 1068 964 1142 γεννήτορας
992 1089 1050 1122 τε
1078 1068 1167 1121 καὶ
1200 1064 1602 1140 διδασκάλους),
1649 1067 1729 1121 ἐπ’
1778 1068 1943 1136 αὐτὴν
1991 1069 2065 1130 ὡς

406 1154 640 1230 τάχιστα
666 1154 849 1230 τρέψω
878 1157 968 1210 τὸν
1002 1155 1194 1231 λόγον,
1224 1156 1313 1210 καὶ
1346 1155 1407 1209 οὐ
1441 1156 1706 1229 ζημιώσω
1734 1161 1839 1210 τῶν
1868 1159 1933 1211 τὰ
1954 1157 2064 1211 κεί-

407 1264 503 1312 νης
527 1243 930 1312 ἐπιζητούντων
961 1244 1053 1298 τὸν
1085 1244 1274 1300 πόθον.

2176 628 2417 682 minime
2450 645 2689 698 prorsus
2723 630 3102 695 destituetur;
3138 629 3185 683 si
3217 646 3344 684 eam
3396 646 3628 700 quoque
3659 647 3727 685 ex
3756 632 3828 685 iis

2177 734 2305 787 quae.
2335 723 2473 771 sunt
2501 719 2753 772 exterius
2784 735 3064 772 exornare
3097 718 3364 788 voluerit,
3404 736 3513 772 non
3548 736 3717 773 secus
3749 724 3830 774 at-

2178 823 2288 876 que
2308 812 2675 877 prmstantem
2699 809 3018 877 quamdam
3043 809 3196 862 220
3214 813 3270 861 et
3289 808 3559 861 eximiam
3583 808 3828 860 formam

2176 912 2314 949 auro
2346 902 2400 949 et
2430 896 2696 966 gemmis,
2731 903 2903 966 atque
2947 897 3019 950 ab
3052 902 3172 951 arte
3224 902 3279 949 et
3328 913 3501 949 manu
3556 894 3828 964 profectis

2174 984 2537 1038 ornamentis
2570 1001 2581 1038 :
2617 1000 2742 1053 quis
2790 985 3106 1037 deformem
3141 984 3374 1053 quidem
3412 984 3649 1038 admotu
3700 983 3827 1054 ipso

2175 1074 2449 1143 produnt,
2478 1072 2733 1142 pulchrae
2766 1077 2959 1126 autem
2995 1071 3221 1126 nullum
3258 1072 3716 1143 pulchritudinis
3746 1073 3829 1125 in-

2175 1164 2535 1215 crementum
2568 1160 2882 1220 efferendo.
2910 1160 2980 1213 ab
3014 1176 3080 1213 ea
3108 1160 3257 1213 vinci
3286 1161 3823 1230 deprehenduntur.

2173 1250 2291 1319 Ego
2322 1266 2474 1317 vero,
2501 1265 2633 1302 cum
2660 1248 2794 1301 huic
2826 1247 2960 1317 legi,
2987 1265 3115 1318 qua:
3149 1265 3205 1302 in
3236 1248 3307 1302 iis
3336 1248 3508 1302 rebus
3532 1249 3827 1302 observari

410 1333 579 1403 solet,
616 1336 901 1390 hactenus
932 1352 1199 1407 paruero,
1236 1340 1300 1390 ut
1329 1336 1732 1390 communium
1782 1343 2090 1408 parentum
2141 1337 2522 1391 menttionem
2559 1336 2763 1391 faciam
2797 1338 3006 1406 (neque
3033 1338 3187 1391 enim
3223 1337 3307 1390 fas
3357 1343 3446 1390 est
3491 1335 3638 1389 tanti
3690 1335 3828 1389 boni

413 1430 689 1495 parentes
720 1440 786 1478 ac
819 1424 1132 1495 magistros
1165 1424 1498 1495 praeterire),
1523 1424 1594 1478 ad
1626 1424 1817 1495 ipsam
1844 1424 2149 1479 confestim
2182 1425 2501 1480 orationem
2535 1430 2889 1491 convertam,
2926 1442 3027 1480 nec
3060 1441 3283 1493 eorum,
3309 1424 3408 1495 qui
3442 1440 3638 1479 rerum
3671 1422 3830 1478 illius

413 1513 808 1568 narrationem
841 1529 874 1566 a
906 1529 997 1567 me
1030 1514 1357 1583 requirunt,
1392 1511 1747 1568 desiderium
1784 1514 2129 1568 frustrabor.

484 1600 552 1653 ΔΖ
585 1598 673 1660 Τίς
706 1596 796 1652 οὖν
831 1597 929 1653 ούκ
959 1597 1073 1653 οἶδε
1102 1599 1190 1653 τὸν
1220 1599 1335 1654 νέον
1370 1603 1527 1673 ἡμῶν
1560 1595 1829 1675 Ἀϐραὰμ,
1855 1600 1943 1654 καὶ
1963 1601 2063 1667 τὴν

411 1688 492 1763 ἐφ’
522 1691 683 1759 ἡμῶν
716 1686 966 1763 Σάρῥαν;
1002 1687 1297 1763 Γρηγόριον
1353 1688 1497 1763 λέγω
1544 1688 1633 1742 καὶ
1685 1688 1907 1757 Νόνναν,
1963 1689 2063 1757 τὴν

407 1774 569 1831 τοῦδε
599 1776 829 1850 σύζυγον
862 1776 1051 1849 (καλὸν
1078 1778 1178 1851 γὰρ
1215 1774 1355 1848 μηδὲ
1381 1777 1448 1831 τὰ
1477 1777 1717 1849 ὀνόματα
1753 1776 2062 1851 παρελθεῖν,

2252 1603 2340 1657 ιν.
2376 1603 2589 1675 Ecquis
2619 1608 2708 1657 est
2738 1603 2936 1675 igitur,
2965 1604 3067 1673 qui
3100 1619 3313 1657 novum
3351 1606 3621 1657 nostrum
3653 1602 3836 1655 Abra“

2177 1689 2334 1755 ham,
2366 1709 2432 1746 ac
2463 1696 2675 1745 nostra:
2708 1691 2895 1745 aetatis
2935 1692 3135 1745 Saram
3184 1690 3445 1761 ignoret?
3490 1689 3831 1761 Gregorium

2176 1781 2326 1846 dico,
2359 1785 2416 1835 et
2464 1781 2641 1850 hujus
2676 1796 2911 1835 uxorem
2954 1780 3217 1833 Nonnam
3253 1781 3414 1850 (nam
3466 1796 3535 1833 ne
3588 1778 3831 1832 nomina

409 1865 487 1927 ὡς
520 1866 715 1933 ἀρετῆς
753 1862 1142 1939 παράκλησιν),
1191 1867 1282 1919 τὸν
1330 1867 1506 1919 πίστει
1561 1864 1929 1934 δικαιωθέντα,
1974 1865 2062 1919 καὶ

2180 1869 2410 1939 quidem
2453 1869 2582 1939 ipsa
2628 1870 3029 1939 praetereunda
3076 1873 3235 1933 sunt,
3271 1873 3334 1921 ut
3384 1884 3509 1938 quae
3542 1867 3613 1921 ad
3645 1867 3828 1920 virtu-

406 1955 506 2022 τήν
534 1957 612 2024 τῷ
641 1958 818 2024 πιστῷ
848 1955 1259 2023 συνοικήσασαν’
1282 1954 1372 2007 τὸν
1407 1955 1611 2027 πατέρα
1640 1951 1883 2008 πολλῶν
1902 1954 2059 2007 ἐθνῶν

406 2043 532 2115 παρ’
564 2040 779 2107 ἐλπίδα,
811 2042 899 2095 καὶ
929 2043 1028 2110 τὴν
1061 2047 1437 2114 πνευματικῶς
1471 2039 1765 2096 ὠδίνουσαν
1795 2061 1806 2073 ⁸
1839 2042 1931 2096 τὸν
1964 2064 2062 2119 φυ-

408 2131 575 2205 γόντα
604 2132 870 2205 πατρῴων
906 2132 1040 2184 θεῶν
1074 2128 1347 2196 δουλείαν,
1389 2132 1477 2184 καὶ
1526 2133 1625 2199 τὴν
1663 2131 1928 2206 θυγατέρα
1976 2130 2067 2184 καὶ

411 2220 621 2294 μητέρα
684 2224 789 2273 τῶν
861 2218 1185 2294 ἐλευθέρων⁶
1251 2220 1342 2273 τὸν
1412 2217 1694 2289 ἐξελθόντα
1768 2218 2070 2294 συγγενείας

411 2308 501 2362 καὶ
534 2305 687 2361 οἴκου
714 2305 802 2361 διὰ
829 2308 927 2375 τὴν
960 2314 1062 2380 γῆν
1114 2314 1213 2375 τῆς
1263 2305 1547 2381 ἆπαγελίας
1581 2310 1714 2379 (40),
1748 2307 1834 2361 καὶ
1863 2309 1961 2374 τὴν
1994 2307 2073 2360 αἷ-

407 2396 525 2450 τίαν
555 2403 655 2464 τῆς
693 2393 958 2467 ἐκδημίας
992 2398 1172 2468 (τοῦτο
1205 2396 1305 2470 γὰρ
1359 2394 1531 2469 ἐκείνῃ
1564 2398 1676 2469 (41)
1740 2395 1926 2468 μόνον,
1981 2393 2071 2448 τίνα

411 2506 463 2539 τι
516 2484 805 2556 τολμήσω,
865 2484 954 2537 καὶ
1016 2485 1147 2559 ὑπὲρ
1178 2486 1274 2552 τὴν
1336 2484 1605 2559 Σάῤῥαν)·
1654 2485 1745 2538 τὸν
1795 2486 2071 2559 παροική-

420 2595 583 2628 σαντα
612 2573 815 2642 καλῶς,
863 2574 953 2627 καὶ
1003 2574 1103 2641 τήν
1158 2573 1455 2648 προθύμως
1514 2576 2066 2645 συμπαροικήσασαν·

409 2663 503 2717 τὸν
547 2663 627 2733 τῷ
675 2662 852 2737 Κυρίῳ
901 2664 1292 2736 προσθέμενον,
1344 2662 1434 2715 καὶ
1483 2664 1579 2730 τήν
1611 2662 1795 2737 κύριον
1831 2661 1922 2716 τὸν
1949 2663 2069 2715 έαυ-

410 2758 511 2819 τῆς
560 2748 727 2822 ἄνδρα
773 2751 861 2804 καὶ
910 2750 1418 2825 προσαγορεύουσαν
1450 2752 1539 2804 καί
1572 2750 1921 2823 νομίζουσαν,
1979 2749 2068 2805 καὶ

414 2842 581 2913 μέρος
637 2860 688 2892 τι
742 2836 831 2893 διὰ
876 2843 1037 2894 τοῦτο
1088 2836 1502 2893 δικαιωθεῖσαν’
1561 2840 1633 2893 ὧν
1667 2842 1700 2909 ἡ
1750 2839 2066 2915 ἐπαγγελία,

408 2929 499 2982 καὶ
535 2930 608 2983 ὧν
641 2929 669 2982 6
700 2929 899 2997 Ἰσαὰκ,
934 2928 1057 2981 ’ὀσον
1084 2928 1146 2982 τὸ
1179 2928 1259 2981 ἐπ’
1292 2929 1498 2999 αὐτοῖς,
1556 2928 1645 2981 καὶ
1704 2929 1778 2981 ὦν
1834 2928 1898 2982 τὸ
1955 2930 2064 3001 (42)

414 3015 671 3093 δώρημα.

2173 1960 2288 2011 tem
2322 1957 2747 2028 exhortentur),
2771 1956 2939 2011 illum
2983 1974 3084 2027 per
3124 1958 3297 2010 fidem
3326 1956 3742 2025 justiﬁcatum,
3776 1958 3833 2009 et

2175 2045 2324 2099 hanc
2355 2046 2729 2100 matrimonio
2762 2062 2895 2100 cum
2930 2045 3082 2100 ﬁdeli
3113 2046 3231 2099 viro
3263 2046 3627 2115 copulatam;
3660 2043 3830 2098 illum

2178 2133 2493 2188 multarum
2564 2135 2826 2204 gentium
2891 2139 3110 2205 patrem
3183 2133 3481 2204 insperato
3539 2134 3833 2203 effectum,

2178 2221 2328 2275 hanc
2373 2222 2757 2293 spiritualiter
2806 2223 3224 2293 parturientem
3263 2240 3274 2276 :
3310 2221 3475 2276 illum
3528 2238 3595 2277 ex
3642 2226 3831 2291 pater-

2181 2326 2387 2364 norum
2422 2313 2659 2364 deorum
2693 2311 2976 2365 servitute
3011 2312 3141 2379 fuga
3170 2310 3457 2381 elapsum,
3491 2309 3640 2364 hanc
3669 2309 3832 2380 inge-

2181 2415 2432 2453 nuorum
2464 2399 2647 2452 ﬁliam
2682 2404 2739 2452 et
2771 2403 3070 2470 parentem
3102 2398 3303 2453 :illum
3334 2416 3405 2453 ex
3432 2400 3754 2468 cognatione
3782 2406 3835 2452 et

2179 2487 2333 2542 domo
2362 2505 2463 2541 sua
2494 2488 2565 2540 ob
2600 2488 3008 2557 promissionis
3037 2494 3252 2542 terram
3284 2504 3553 2555 egressum
3584 2489 3646 2555 1⁵,
3684 2488 3832 2541 hanc

2180 2576 2557 2629 discessionis
2584 2575 2759 2644 hujus
2780 2581 3077 2629 auctorem
3100 2576 3229 2643 (hoc
3254 2577 3406 2628 enim
3436 2593 3548 2629 uno
3573 2576 3834 2641 nomine,

2180 2665 2228 2718 si
2262 2665 2343 2718 ita
2369 2664 2526 2735 loqui
2554 2664 2637 2717 fas
2665 2669 2771 2728 est,
2790 2664 2992 2718 Saram
3018 2681 3248 2734 quoque
3272 2665 3459 2734 ipsam
3483 2664 3829 2733 superavit):

2179 2753 2368 2820 illum,
2403 2753 2501 2823 qui
2565 2751 2805 2823 pulchre
2865 2753 3266 2823 peregrinatus
3315 2758 3422 2817 est,
3479 2752 3650 2818 hanc,
3703 2768 3829 2823 qua

2178 2847 2445 2913 prompto
2467 2841 2662 2895 animo
2689 2842 3172 2913 peregrinationis
3196 2842 3413 2896 sociam
3446 2858 3508 2897 se
3539 2840 3649 2912 ipsi
3686 2857 3831 2911 prie-

2176 2932 2304 2985 buit
2328 2947 2339 2985 :
2367 2929 2553 2997 illum,
2579 2931 2676 3000 qui
2716 2929 2957 2984 Domino
3012 2945 3141 2984 sese
3192 2929 3476 2999 adiunxit,
3502 2929 3671 2998 hanc,
3706 2945 3829 2999 qua:

2173 3020 2361 3072 virum
2396 3034 2569 3072 suum
2604 3017 2905 3072 dominum
2939 3022 2995 3071 et
3030 3017 3302 3089 appellat,
3342 3024 3397 3072 et
3431 3018 3741 3081 existimat,
3770 3033 3834 3071 ac

424 3107 994 3179 preptereajustitize
1025 3107 1259 3162 laudem
1293 3107 1545 3178 quadam
1578 3124 1646 3162 ex
1675 3110 1838 3178 parte
1868 3112 2182 3163 consecuta
2225 3112 2341 3173 est;
2390 3123 2637 3177 quorum
2674 3105 3034 3177 pollicitatio,
3068 3112 3124 3161 et
3155 3124 3405 3177 quorum
3438 3107 3617 3174 Isaac,
3644 3122 3830 3176 quan-

423 3202 552 3251 tum
587 3195 823 3266 quidem
856 3196 913 3249 in
946 3195 1092 3267 ipsis
1123 3195 1252 3259 fuit,
1284 3199 1341 3251 et
1369 3212 1622 3266 quorum
1657 3196 1913 3250 donatio.

487 3284 561 3337 E'.
600 3283 698 3342 Ἥς
762 3282 790 3335 6
850 3283 1056 3354 ποιμὴν
1114 3283 1282 3355 (43)ὁ
1317 3281 1486 3343 καλὸς
1543 3280 1836 3354 εὐξαμένης
1894 3302 1953 3335 τε
1982 3282 2069 3336 καὶ

2255 3284 2319 3339 V.
2353 3286 2538 3354 Atque
2574 3282 2768 3338 uxoris
2799 3284 3037 3354 quidem
3069 3284 3257 3338 bonus
3307 3284 3402 3337 ille
3450 3288 3649 3354 pastor
3676 3284 3831 3354 (eum

425 3368 799 3445 ὁδηγησόωης,
830 3371 919 3424 καὶ
966 3372 1090 3445 παρ’
1120 3373 1186 3438 ἧς
1234 3372 1261 3424 6
1310 3370 1480 3432 τύπος
1507 3376 1603 3425 τοῦ
1633 3372 1815 3433 καλῶς
1846 3371 2073 3443 ποιμαί-

415 3460 636 3512 νεσθαι·
699 3457 759 3513 οὗ
816 3460 878 3512 τὸ
937 3464 1122 3539 φυγεῖν
1163 3461 1230 3513 τὰ
1283 3456 1485 3514 εἷ’δωλα
1530 3459 1789 3533 γνησίως,
1842 3462 1955 3514 εἶτα
1984 3461 2075 3514 καὶ

420 3544 736 3623 φυγαδεύειν
773 3544 1066 3618 δαίμονας·
1097 3547 1186 3601 καὶ
1239 3550 1301 3616 ἧς
1345 3547 1408 3601 τὸ
1470 3549 1544 3620 μὴ
1577 3547 1722 3602 ἀλῶν
1773 3550 1886 3613 (44)
1945 3569 2076 3602 ποτε

421 3641 749 3704 κοινωνῆσαι
780 3641 895 3697 τοῖς
926 3635 975 3708 ἐξ
1012 3633 1256 3691 εἰδώλων
1284 3653 1297 3667 ⁸
1329 3637 1426 3704 τήν
1473 3636 1763 3709 ὁμότιμον,
1798 3636 1887 3690 καὶ
1939 3637 2073 3709 ὁμό-

420 3744 612 3801 φρονα,
643 3723 731 3777 καὶ
785 3724 1093 3798 ὁμόψυχον,
1142 3723 1231 3778 καὶ
1284 3723 1388 3799 οὐχ
1434 3726 1594 3792 ἧττον
1632 3725 1825 3798 ἀρετῆς
1857 3725 2074 3794 καὶτῆς

416 3812 553 3886 πρὸς
585 3812 709 3865 Θεὸν
762 3812 1084 3871 οἷκειώσεως
1134 3813 1167 3879 ἢ
1224 3812 1418 3885 σαρκὸς
1467 3810 1757 3883 συζυγίαν·
1804 3809 1922 3865 ’ίσον
1978 3814 2071 3885 μὲν

420 3902 585 3970 μήκει
621 3900 741 3974 βίου
771 3900 859 3953 καὶ
917 3898 1138 3961 πολιαῖς
1196 3902 1333 3972 (45).
1386 3898 1504 3953 ’ίσον
1566 3896 1623 3953 δὲ
1663 3902 1923 3976 φρονήσει
1984 3901 2073 3955 καὶ

420 3987 649 4061 λάμψει,
682 3991 798 4043 κατ’
830 3986 1114 4058 ἀλλήλους
1165 3991 1274 4058 (46)
1326 3987 1771 4060 ἁμιλλωμένους,
1820 3989 1909 4042 καὶ
1966 3993 2071 4042 τῶν

419 4074 631 4131 λοιπῶν
668 4075 1052 4152 ὑπεραίροντας
1078 4097 1088 4108 ·
1124 4078 1279 4150 σαρκὶ
1312 4078 1403 4148 μὲν
1437 4076 1602 4151 ὀλίγα
1650 4075 2071 4151 κατεχομένους,

420 4163 690 4235 πνεύματι
748 4162 803 4218 δὲ
861 4164 1367 4240 μετενηνεγμένους,
1427 4164 1515 4219 καὶ
1574 4166 1679 4239 πρὸ
1733 4172 1831 4233 τῆς
1864 4163 2073 4233 διαζεύ-

418 4254 570 4323 ξεως’
606 4250 678 4306 ὦν
712 4253 819 4327 οὐχ
855 4254 882 4306 ὁ
913 4252 1141 4325 κόσμος,
1176 4253 1264 4306 καὶ
1298 4254 1369 4306 ὧν
1405 4254 1432 4307 6
1464 4252 1689 4324 κόσμος·
1726 4254 1753 4307 6
1786 4253 1880 4324 μὶν
1913 4254 2073 4329 ὑπερ-

420 4341 723 4415 ορώμενος,
784 4343 810 4395 ὁ
863 4340 921 4395 δὲ
978 4342 1441 4417 προτιμώμενος·
1502 4343 1574 4394 ὧν
1652 4343 1714 4395 τὸ
1789 4341 2071 4396 ἀποπλου-

415 4435 528 4484 τεῒν
563 4433 695 4503 (47),
725 4431 812 4484 καὶ
845 4431 919 4483 ὧν
946 4431 1009 4485 τὸ
1052 4429 1304 4484 πλουτεῖν
1340 4428 1429 4484 διὰ
1463 4432 1561 4499 τὴν
1614 4429 1787 4497 καλὴν
1816 4450 2070 4505 πραγμα-

416 4517 601 4571 τείαν·
658 4518 723 4571 τὰ
784 4518 876 4590 μὲν
935 4515 1067 4591 τῇδε
1151 4515 1538 4589 διαπτυόντων,
1611 4518 1678 4571 τὰ
1762 4515 1817 4571 δὲ
1874 4517 2069 4573 ἐκεῖθεν

421 4607 880 4679 ἀντωνουμένων·
917 4608 990 4660 ῶν
1034 4605 1211 4681 βραχὺ
1252 4606 1345 4677 μὲν
1393 4606 1454 4660 τὸ
1509 4613 1608 4674 τῆς
1670 4611 1816 4674 ζωῆς
1871 4606 2070 4675 ταύτης

497 4732 541 4765 ¹⁸
572 4730 711 4786 Gen.
744 4748 846 4800 xu,
884 4734 931 4787 1.

493 4855 743 4941 (40)
772 4861 885 4941 γῆν*
923 4857 1024 4941 τῇς
1073 4850 1418 4941 ἐπαγγελίας.
1459 4855 1652 4941 Schol.
1687 4856 1807 4910 ’Ότι
1978 4857 2076 4938 τῆς
2108 4863 2152 4925 D

420 4923 812 5000 ἐπαγγελίας-ἧ
838 4931 911 5000 εἷς
944 4926 1171 5000 Χριστὸν
1189 4923 1402 4995 πίστις,
1428 4949 1454 4976 ι(
1478 4929 1630 4998 quod
1664 4923 2076 4998 promissionis

424 4998 602 5064 terra,
637 4998 851 5053 Christi
884 4998 1027 5053 ﬁdes
1057 5003 1165 5053 est.
1195 5020 1223 5047 ››

496 5071 607 5139 (41)
643 5067 863 5140 Ἐκείνῃ.
897 5068 1193 5140 Nonnulli,
1228 5066 1385 5140 αὐτῇ.

498 5138 613 5211 (42)
644 5138 738 5192 Καὶ
774 5138 847 5193 ὧν
874 5139 954 5194 τό.
988 5141 1080 5196 Sic
1127 5140 1264 5211 Reg.
1299 5138 1419 5211 bm,
1452 5142 1568 5211 tres
1600 5138 1761 5194 Colb.
1794 5143 1850 5192 et
1893 5139 1987 5211 Or.
2023 5140 2073 5192 1.

424 5208 603 5267 Deest
635 5211 706 5263 ὧν
741 5212 798 5265 in
831 5212 1022 5266 editis.
1053 5208 1369 5282 Moxfpost
1399 5208 1544 5282 δῴρη
1558 5230 1651 5282 μα,
1686 5211 1863 5282 Regg.
1893 5227 1945 5274 a,
1972 5210 2075 5282 hu,

422 5282 600 5373 ((30581.
647 5285 698 5344 1,
731 5283 948 5373 et‘Jes;
1002 5278 1256 5373 a‘ddunt‘:
1287 5278 1663 5373 βύτολογίκὸν
1716 5278 1954 5373 σιξ-ἅγιον,
1988 5280 2076 5333 καί

422 5355 453 5406 6
483 5352 856 5425 ἀντεισαχθεὶς
916 5353 1106 5425 ἀμνὸς,
1151 5351 1307 5425 καὶᾲὸ
1346 5351 1537 5425 τύποςξ
1571 5355 1667 5425 τοῦ
1723 5351 2070 5425 κρείσσονοςσ

420 5425 490 5492 ἧς
516 5424 569 5489 ὁ,
601 5423 749 5479 etcf:
777 5447 804 5473 ‹‹
839 5430 894 5478 et
938 5423 1036 5495 per
1068 5441 1129 5479 se
1160 5423 1742 5495 rationalisvictima,
1762 5423 1830 5478 et
1847 5439 2075 5495 suppo-

421 5497 624 5551 sititus
654 5512 864 5568 agnus,
888 5492 951 5551 et
972 5497 1156 5568 ﬁgura
1190 5494 1684 5568 praestantioris,»
1707 5499 1822 5568 etc._
1846 5492 2077 5549 Haecde

422 5566 711 5638 Gregorio
736 5574 935 5623 nostro
965 5566 1105 5622 sunt
1134 5566 1531 5638 intelligenda:
1558 5566 1680 5638 qui,
1711 5570 1773 5619 ut
1804 5566 1983 5638 Isaac,
2008 5580 2077 5620 ex

426 5636 823 5712 promissione
853 5644 1191 5712 procreatus
1213 5636 1415 5712 cenet
1436 5660 1464 5685 «
1487 5636 1610 5712 peo
1641 5636 1908 5693 donatori
1940 5653 2075 5692 con-

424 5702 715 5768 secrati).
741 5734 768 5759 ιι
798 5702 971 5766 06131.
1006 5712 1054 5779 1,
1086 5702 1450 5782 ἀντιδωρηθὶν
1483 5702 1559 5762 δέ.

2185 3374 2405 3428 scilicet
2437 3378 2564 3426 vota
2604 3373 2857 3437 fecisset,
2881 3389 3131 3442 eumque
3173 3373 3552 3440 deduxisset),
3580 3377 3635 3427 et
3666 3373 3737 3426 ab
3769 3389 3835 3426 ea

2187 3467 2336 3516 recte
2370 3463 2642 3533 pascendi
2670 3460 3031 3532 exemplum;
3057 3460 3156 3514 viri
3184 3467 3399 3526 autem,
3425 3462 3579 3515 idola
3609 3461 3834 3516 sincero

2186 3550 2381 3605 animo
2416 3550 2655 3621 fugisse,
2689 3566 2752 3603 ac
2796 3555 2993 3620 postea
3034 3550 3207 3605 etiam
3256 3551 3549 3605 daemones
3584 3550 3784 3619 fugare
3821 3566 3832 3603 :

2188 3639 2383 3693 uxoris
2416 3655 2671 3706 rursum,
2698 3639 2849 3708 quod
2886 3655 2956 3692 ne
2988 3637 3165 3693 salem
3214 3639 3445 3708 quidem
3483 3655 3615 3692 cum
3652 3636 3832 3691 idolo-

2186 3744 2313 3781 rum
2339 3726 2663 3781 cultoribus
2685 3742 2995 3781 commune
3022 3727 3328 3782 habuerit:
3356 3726 3463 3779 hoc
3485 3726 3703 3780 honore
3733 3741 3836 3794 per

2186 3820 2239 3868 et
2273 3831 2535 3878 concors,
2560 3822 2731 3885 atque
2762 3815 3059 3883 unanime,
3088 3829 3190 3868 nec
3224 3814 3419 3867 minus
3448 3812 3680 3866 virtutis
3703 3828 3837 3865 con-

2178 3903 2622 3973 junctinnisque
2672 3920 2800 3956 cum
2854 3903 2987 3968 Deo,
3015 3919 3190 3972 quam
3225 3900 3416 3956 carnis
3443 3900 3781 3969 conjugium
3819 3917 3830 3953 :

2184 3991 2291 4045 hos
2324 3991 2582 4061 quidem,
2610 3998 2731 4044 tum
2769 3992 2895 4044 vitae
2922 3990 3289 4061 longitudine
3334 3994 3389 4044 et
3439 3988 3672 4051 canitie,
3706 3993 3829 4041 tum

2185 4079 2493 4150 prudentia
2524 4084 2579 4131 et
2609 4078 2915 4148 splendore
2948 4094 3135 4148 pares,
3168 4080 3316 4131 inter
3345 4094 3405 4131 se
3437 4080 3743 4141 certantes,
3768 4090 3833 4129 ac

2184 4167 2439 4237 reliquos
2470 4182 2675 4221 omnes
2724 4172 3098 4236 superantes;
3134 4182 3305 4220 carne
3337 4165 3573 4237 quidem
3622 4163 3831 4234 paulu-

2184 4254 2305 4309 lum
2339 4256 2630 4320 detentos,
2654 4254 2861 4325 spiritu
2895 4259 3111 4313 autem.
3133 4255 3305 4308 etiam
3335 4259 3471 4308 ante
3495 4250 3838 4321 disjunctio-

2185 4359 2339 4411 nem,
2364 4343 2499 4397 inde
2528 4344 2845 4397 translatos
2873 4360 2884 4396 :
2913 4360 3163 4413 quorum
3198 4360 3315 4397 non
3347 4353 3437 4397 est
3468 4342 3746 4407 mundus,
3778 4346 3835 4394 et

2184 4449 2433 4503 quorum
2467 4438 2555 4486 est
2586 4432 2865 4497 mundus,
2893 4431 2990 4485 ille
3020 4431 3298 4486 nimirum
3325 4436 3714 4500 contemptus,
3739 4428 3833 4483 hic

2184 4520 2548 4591 antepositus
2582 4536 2593 4574 :
2629 4536 2879 4590 quorum
2921 4526 3009 4574 est
3048 4520 3257 4591 opibus
3310 4519 3447 4585 labi,
3473 4525 3528 4574 et
3581 4535 3831 4590 quorum

2183 4626 2285 4680 per
2341 4609 2646 4663 honestam
2690 4610 2835 4664 221
2892 4609 3219 4675 negotiandi
3280 4610 3561 4663 rationem
3622 4607 3833 4677 opibus

2255 4857 2366 4926 (43)
2400 4856 2498 4915 Ἠς
2532 4857 2558 4909 ὁ
2590 4858 2827 4927 ποιμήν,
2860 4862 2968 4911 etc.
3008 4878 3033 4908 ιι
3066 4862 3249 4927 Atque
3284 4857 3478 4911 uxoris
3511 4856 3747 4927 quidem
3779 4859 3836 4909 et

2187 4928 2407 4982 orantis
2438 4934 2493 4981 et
2524 4929 2887 4993 deducentis,
2907 4949 2932 4978 ι»
2963 4929 3018 4982 id
3046 4934 3152 4996 est,
3182 4952 3206 4977 ‹‹
3232 4929 3405 4998 (viam
3432 4928 3835 4982 demonstran-

2184 5000 2283 5070 tis)
2318 5000 2506 5053 bonus
2554 4999 2644 5053 ille
2694 5000 2917 5061 Pastor.
2947 5005 3071 5053 tum
3133 5007 3285 5054 recte
3345 5000 3501 5070 pasci
3560 5001 3748 5054 forma
3777 5001 3835 5051 et

2187 5070 2593 5141 exemplum,«
2640 5071 2748 5138 vel,
2796 5095 2814 5119 α
2868 5071 2938 5125 ab
2998 5088 3172 5125 uxore
3230 5074 3579 5125 consecutus
3634 5074 3744 5136 est,
3771 5073 3835 5122 ut

2187 5146 2339 5195 recte
2371 5142 2526 5212 pasci
2558 5143 2751 5213 forma
2780 5146 2834 5196 et
2865 5142 3193 5213 exemplum
3226 5147 3398 5213 esset.
3428 5165 3454 5191 n

2255 5209 2488 5283 (1%th
2522 5210 2693 5267 ἁλῶν.
2737 5214 2873 5283 Reg.
2905 5213 3009 5283 hu,
3035 5209 3185 5283 μηδὲ
3216 5210 3383 5266 ἁλῶν.

2256 5285 2366 5354 (45)
2400 5281 2644 5354 Πολιαῖς,
2673 5284 2793 5354 Jes.
2823 5280 3047 5344 Ῑπολιᾶς.

2256 5351 2860 5427 (46)]ςατίάλλήλους.
2898 5355 3076 5427 Regg.
3113 5356 3230 5419 bm,
3258 5354 3382 5427 hu,
3412 5360 3529 5427 tres
3560 5351 3829 5427 Col.,-0r.

2188 5427 2238 5488 1,
2260 5425 2347 5513 καὶ
2378 5422 2675 5493 ἀλλήλοις.
2702 5428 2757 5480 In
2785 5422 3161 5497 quibusdam,
3184 5424 3272 5478 καὶ
3295 5422 3831 5493 ἀλλήλους,οωίεεο

2182 5514 2315 5548 κατα
2324 5540 2334 5551 .

2184 5638 2217 5691 d
2255 5569 2365 5639 (47)
2416 5563 2832 5621 Ἀποπλουτεῖν.
2870 5589 2895 5618 α
2948 5568 3186 5623 Divitias
3245 5566 3526 5637 abjicere,
3582 5561 3829 5634 profun-

2225 5654 2393 5691 ere.»

2225 5654 2339 5693 8P8.
2366 5660 2393 5686 >)
