4244 6216
470 372 589 433 795

1714 372 1780 432 S.
1829 372 2202 435 GREGORII
2246 372 2642 433 THEOLOGI

3764 368 3884 427 796

472 503 747 568 afﬂuere;
780 517 988 572 nempe
1020 501 1173 558 bona
1191 502 1370 572 hujus
1392 502 1521 558 vitm
1537 502 2007 575 despicientium,
2028 519 2119 560 eo-

2238 501 2501 575 λείψανον,
2533 500 2622 557 καὶ
2651 499 2779 555 ὅσον
2811 497 3106 575 ὐπελείφθη
3153 502 3223 572 τῇ
3265 496 3527 568 εὐσεοείᾳ,
3585 494 3776 565 πολλὴ
3825 494 3883 553 δί

473 607 721 662 rumque
759 589 885 645 loco
918 589 1174 644 cmlestia
1221 591 1540 646 ementium
1577 609 1589 647 :
1621 608 1873 663 quorum
1922 592 2124 646 breves

469 680 706 750 quidem
740 677 987 748 hujusce
1016 678 1145 733 vita
1192 677 1471 750 reliquiae,
1497 685 1554 736 et
1596 681 1945 752 quantulum
1979 680 2123 736 illud

469 772 577 837 est,
600 767 754 839 quod
787 767 972 841 pietas
1002 766 1296 838 reliquum
1337 768 1492 838 fecit,
1520 770 1707 826 multa
1748 786 1881 825 vero
1912 774 1969 824 et
1999 769 2126 825 lon-

473 872 626 927 gaeva
665 854 769 911 illa
797 856 938 925 vita,
971 855 1044 911 ob
1101 872 1276 928 quam
1323 856 1624 914 laboribus
1671 859 1915 915 confecti
1967 860 2123 914 sunt.

478 943 667 999 Unum
700 944 890 999 adhuc
924 944 996 999 ad
1026 960 1112 1011 ea,
1147 961 1273 1015 quae
1319 945 1390 1001 de
1428 946 1575 1017 ipsis
1606 945 1746 1013 dixi,
1771 947 2124 1018 adjungam;

2232 592 2267 659 ἠ
2302 591 2413 660 ζωὴ
2446 590 2534 645 καὶ
2570 589 2843 667 μακραίων
2871 589 2907 662 ᾖ
2946 589 3412 660 προκεκμήκασιν.
3464 588 3547 641 Ἐν
3601 584 3677 641 In
3710 606 3881 661 προσ-

2234 679 2386 748 θήσω
2415 684 2529 741 τοῖς
2587 681 2709 753 περὶ
2758 677 2930 733 αὐτῶν
2982 676 3192 751 λόγοις⁶
3243 672 3301 730 οἷ’
3322 673 3507 737 καλῶς
3538 675 3629 729 καὶ
3660 672 3887 735 δικαίως

2236 767 2565 842 ἀμφοτέροις
2596 772 2711 829 τοῖς
2762 764 2966 839 γένεσιν
3009 763 3402 836 ὶμερίσθησαν¹
3455 761 3483 815 ὁ
3536 762 3630 832 μὶν
3679 757 3888 835 ἀνδρῶν

2236 854 2368 909 εἶναι
2416 854 2641 927 κόσμος,
2693 857 2727 923 ἡ
2782 852 2839 909 δὲ
2884 856 3171 929 γυναικῶν,
3215 851 3305 907 καὶ
3355 849 3423 905 οὐ
3452 849 3661 922 κόσμος
3700 850 3887 922 μόνον,

2236 940 2383 999 ἀλλὰ
2410 943 2501 999 καὶ
2530 942 2725 1017 ἀρετῆς
2756 939 3077 1016 ὑπόδειγμα.

475 1049 685 1105 nempe
715 1034 870 1106 quod
905 1032 963 1088 hi
995 1034 1231 1105 utrique
1260 1034 1422 1089 sexui
1455 1034 1697 1107 pulchre
1728 1052 1794 1090 ac
1817 1036 1978 1106 juste
2007 1033 2178 1090 divisi
2210 1034 2358 1102 sint;
2393 1033 2490 1090 ille
2518 1034 2779 1105 quidem,
2811 1039 2877 1088 ut
2903 1048 3184 1099 Virorum,
3217 1031 3340 1088 haec
3365 1046 3499 1087 vero
3530 1029 3885 1086 feminarum

474 1127 888 1178 ornamentum
922 1128 1099 1188 esset,
1130 1139 1235 1177 nec
1265 1128 1674 1179 ornamentum
1708 1123 1923 1192 solum,
1954 1140 2156 1179 verum
2186 1122 2364 1178 etiam
2394 1123 2631 1178 virtutis
2661 1122 2978 1195 exemplar.

544 1212 638 1266 VI.
670 1212 756 1265 Ab
790 1211 879 1267 his
908 1210 1201 1283 Gorgonis
1230 1216 1285 1266 et
1308 1212 1487 1268 vitam
1511 1217 1569 1267 et
1590 1212 1834 1285 gloriam
1871 1212 2130 1284 accepit;

478 1300 549 1353 ab
599 1298 691 1352 his
736 1299 972 1370 pietatis
1029 1298 1282 1357 semina:
1316 1300 1388 1356 ab
1438 1300 1552 1371 his,
1576 1306 1632 1356 et
1679 1301 1836 1372 quod
1891 1300 2133 1357 honeste

479 1387 642 1454 vixit,
668 1392 724 1443 et
748 1388 901 1458 quod
935 1387 1161 1459 hilaris,
1185 1405 1249 1443 ac
1272 1405 1404 1443 cum
1430 1388 1670 1445 meliore
1699 1406 1801 1461 spe
1821 1389 2129 1446 abscessit.

480 1476 759 1531 Praeclara
781 1476 1019 1547 quidem
1043 1475 1163 1532 haec
1185 1494 1418 1548 quoque
1441 1483 1599 1547 sunt,
1619 1484 1793 1549 atque
1814 1478 2126 1549 ejusmodi,

477 1568 542 1620 ut
571 1564 867 1636 plerisque
897 1581 1120 1635 eorum,
1145 1566 1245 1638 qui
1275 1566 1601 1623 nobilitatis
1631 1567 1869 1624 nomine
1890 1582 2128 1639 magno-

475 1669 610 1727 pere
638 1653 984 1727 gloriantur,
1008 1658 1183 1726 atque
1214 1656 1287 1711 ob
1318 1657 1599 1726 majorem
1630 1655 2003 1727 splendorem
2031 1658 2126 1712 tu-

2314 1212 2389 1266 Σ’.
2448 1210 2599 1285 Παρὰ
2651 1209 2857 1264 τούτων
2916 1207 3176 1284 Γοργονίᾳ
3230 1207 3322 1262 καὶ
3369 1206 3435 1262 τὸ
3482 1205 3636 1277 εἶναι,
3681 1204 3773 1259 καὶ
3830 1205 3896 1259 τὸ

2241 1295 2528 1371 εὐδόκιμον
2579 1300 2726 1372 (48)·
2807 1298 3040 1353 ἐντεῦθεν
3116 1295 3251 1369 αὐτῇ
3325 1296 3392 1349 τὰ
3461 1297 3563 1363 τῆς
3615 1287 3891 1355 εὐσεϐείας

2239 1387 2522 1463 σπᾶρματα
2544 1406 2555 1418 °
2583 1388 2729 1463 παρὰ
2754 1386 2959 1441 τούτων
2992 1385 3081 1441 καὶ
3128 1385 3193 1439 τὸ
3241 1390 3396 1453 ζῆσαι
3443 1380 3650 1452 καλῶς,
3703 1382 3799 1438 καὶ
3827 1383 3889 1437 τὸ

2238 1477 2490 1533 ἀπελθεῖν
2518 1475 2676 1539 ιλεως
2706 1478 2818 1549 (49)
2865 1476 2999 1549 μετὰ
3042 1479 3150 1530 τῶν
3198 1471 3584 1550 χρηστοτὲρων
3618 1468 3889 1527 ὶλπίδων.

2236 1564 2389 1621 Καλὰ
2422 1566 2515 1638 μὲν
2546 1564 2612 1635 δὴ
2645 1566 2734 1620 καὶ
2776 1569 2966 1631 ταῦτα,
2993 1565 3086 1619 καὶ
3138 1564 3225 1618 οἷα
3274 1565 3350 1635 μὴ
3392 1560 3628 1623 πολλοῖς
3682 1557 3889 1636 ῥᾳδίως

2238 1652 2471 1729 ὑπάρχει
2643 1659 2751 1710 τῶν
2781 1653 2862 1708 ἐπ’
2924 1652 3164 1727 εὐγενείᾳ
3224 1652 3359 1727 μίγα
3414 1651 3738 1724 κομώντων,
3797 1649 3892 1703 καὶ

477 1741 668 1798 midos
698 1742 926 1799 animos
959 1747 1191 1815 gerunt,
1225 1760 1340 1800 non
1388 1744 1556 1801 facile
1602 1749 1940 1816 suppetant.
1974 1746 2045 1800 At
2072 1744 2123 1800 si

2238 1744 2564 1821 φυσωμὲνων
2594 1748 2712 1805 τοῖς
2745 1739 2943 1797 ἄνωθεν
2977 1744 3091 1814 (51)
3119 1760 3132 1773 ⁸
3176 1741 3221 1796 εἰ
3273 1737 3332 1795 δὲ
3379 1734 3462 1793 δεῖ
3509 1736 3895 1816 φιλοσοφώτε-

476 1833 547 1887 de
586 1832 717 1903 ipsa
746 1832 1073 1903 sapientius
1118 1836 1176 1887 et
1218 1832 1535 1889 sublimius
1564 1834 1976 1889 disserendum
2019 1837 2126 1902 est,

478 1920 781 1990 Gorgonise
812 1920 1001 1991 patria
1044 1922 1281 1993 quidem
1315 1922 1427 1977 fuit
1457 1939 1714 1994 superna
1744 1922 2128 1995 Hierusalem,

477 2008 703 2074 civitas,
735 2007 1001 2079 inquam,
1032 2008 1155 2080 illa,
1182 2027 1309 2082 qua
1340 2011 1545 2067 oculus
1576 2012 1821 2067 minime
1849 2012 2127 2080 cernitur,

476 2114 676 2153 verum
707 2098 906 2154 animo
940 2102 996 2154 et
1024 2102 1220 2154 mente
1249 2099 1638 2172 intelligitur:
1666 2100 1726 2155 in
1756 2117 1932 2171 quam
1975 2102 2129 2157 cives

476 2185 719 2258 ascripti
769 2204 1000 2255 sumus,
1034 2192 1091 2243 et
1145 2189 1215 2244 ad
1276 2205 1453 2260 quam
1514 2205 1926 2262 properamus;
1960 2190 2131 2259 cujus

475 2276 617 2332 civis
647 2275 915 2332 Christus
944 2282 1052 2346 est,
1077 2283 1136 2334 et
1172 2276 1459 2346 concives,
1484 2278 1760 2350 frequens
1798 2277 1896 2333 ille
1926 2280 2130 2347 castus,

476 2370 533 2421 et
579 2364 836 2422 Ecclesia
886 2366 1343 2437 primitivorum,
1387 2367 1487 2439 qui
1536 2368 1595 2422 in
1646 2366 1806 2423 ccelis
1855 2366 2133 2439 descripti

475 2458 613 2511 sunt
636 2455 699 2523 1⁵,
723 2459 781 2511 et
810 2454 1031 2511 circum
1076 2471 1357 2527 magnum
1406 2455 1570 2511 urbis
1618 2455 1980 2513 conditorem
2030 2470 2133 2527 per

475 2545 671 2618 gloriae
716 2544 1265 2615 contemplationem
1319 2546 1496 2601 festos
1545 2545 1670 2601 dies
1719 2544 2034 2612 celebrant,
2067 2561 2132 2601 ac

476 2633 893 2706 sempiternam
935 2632 1207 2689 choream
1257 2633 1481 2706 agitant
1524 2651 1536 2689 :
1589 2632 1865 2690 nobilitas
1912 2638 2129 2704 autem,

477 2721 685 2777 divina
716 2721 994 2793 imaginis
1038 2723 1422 2789 conservatio,
1456 2727 1628 2793 atque
1670 2721 1967 2795 archetypi
1998 2723 2130 2779 imi-

478 2810 640 2877 tatio,
664 2826 842 2883 quam
867 2810 1015 2866 ratio
1036 2814 1094 2867 et
1113 2810 1299 2865 virtus
1324 2811 1606 2876 efﬁciunt,
1633 2826 1965 2882 purumque
1985 2810 2135 2867 desi-

476 2898 730 2967 derium,
753 2915 874 2966 eos,
898 2900 1000 2971 qui
1032 2915 1421 2971 supernarum
1473 2915 1667 2957 rerum
1708 2914 1838 2955 vere
1883 2899 2131 2956 studiosi

2241 1852 2332 1908 ρον
2364 1834 2478 1905 (52)
2508 1832 2596 1887 καὶ
2631 1830 2968 1905 ὑψηλότερον
3001 1830 3124 1905 περὶ
3164 1829 3333 1901 αὐτῆς
3382 1825 3637 1897 διελθεῖν,
3684 1834 3893 1900 Γοργο-

2241 1920 2331 1991 νίᾳ
2358 1920 2552 1995 πατρὶς
2588 1921 2687 1992 μὰν
2721 1920 2754 1989 ἠ
2789 1920 2899 1973 ἅνω
2927 1916 3312 1992 Ἰερουσαλὴμ,
3341 1919 3377 1986 ἡ
3413 1918 3488 1989 μὴ
3546 1914 3889 1990 βλεπομένη,

2242 2007 2515 2081 νοουμὲνη
2550 2005 2607 2062 δὶ
2635 2007 2817 2079 πόλις,
2850 2006 2902 2061 ἒν
2933 2006 2968 2081 ᾖ
2996 2005 3397 2078 πολιτευόμεθα
3427 2007 3562 2077 (53),
3611 2005 3701 2060 καὶ
3750 2004 3889 2079 πρὸς

2237 2098 2300 2166 ἣν
2334 2096 2660 2171 ἐπειγόμεθα
2690 2114 2701 2127 ·
2739 2098 2805 2164 ἧς
2833 2094 3068 2164 πολίτης
3099 2097 3354 2171 Χριστὸς,
3411 2092 3501 2149 καὶ
3550 2093 3891 2163 συμπολῖται

2238 2188 2538 2262 πανήγυρις
2600 2184 2690 2240 καὶ
2741 2182 3039 2253 Ἐκκλησία
3106 2181 3469 2258 πρωτοτόκων
3544 2180 3900 2256 ἀπογεγραμ-

2243 2276 2413 2347 μένων
2466 2273 2517 2330 ἰν
2579 2274 2852 2349 οὐρανοῖς,
2910 2271 3001 2328 καί
3057 2271 3181 2344 περὶ
3240 2272 3334 2327 τὸν
3398 2270 3559 2346 μεγαν
3617 2268 3894 2336 πολιστὴν

2240 2363 2600 2439 ἑορταζόντων
2657 2367 2725 2436 τῇ
2784 2359 2982 2438 θεωρίᾳ
3032 2368 3131 2431 τῆς
3188 2358 3372 2431 δόξης,
3412 2359 3503 2415 καὶ
3549 2358 3900 2433 χορευόντων

2241 2453 2462 2530 χορείαν
2501 2452 2601 2521 τὴν
2646 2450 2980 2507 ἀκατάλυτον
3012 2469 3027 2487 ⁸
3076 2449 3309 2526 εὐγένεια
3356 2445 3415 2504 δὲ
3458 2450 3492 2517 ἡ
3536 2454 3637 2515 τῆς
3684 2446 3899 2508 εἰκόνος

2239 2543 2491 2614 τήρησις,
2533 2540 2623 2596 καὶ
2653 2542 2689 2609 ἡ
2738 2541 2872 2615 πρὸς
2918 2540 2981 2594 τὸ
3023 2539 3329 2615 ἀρχέτυπον
3376 2536 3701 2609 ἐξομοίωσις
3757 2539 3899 2609 (54),

2241 2629 2308 2699 ἥν
2354 2629 2626 2704 ἐργάζεται
2687 2627 2851 2703 λόγος
2907 2627 2998 2683 καὶ
3056 2627 3245 2702 ἀρετὴ,
3300 2626 3388 2682 καὶ
3436 2625 3667 2700 καθαρὸς
3700 2624 3901 2694 πόθος,

2241 2718 2323 2774 ἀεὶ
2354 2719 2444 2775 καὶ
2480 2717 2692 2791 μᾶλλον
2726 2721 2949 2795 μορφῶν
2978 2716 3047 2774 τὰ
3073 2717 3207 2774 κατὰ
3237 2717 3364 2772 Θεὸν
3407 2717 3542 2788 (55),
3587 2713 3717 2774 τοὺς
3758 2735 3905 2788 γνη-

2242 2808 2392 2869 σίους
2445 2809 2559 2880 (56)
2603 2810 2709 2862 τῶν
2758 2807 2868 2861 ἅνω
2922 2804 3145 2879 μύστας,
3186 2805 3368 2860 καὶτὸ
3396 2804 3718 2879 γιγνώσκειν
3751 2802 3906 2873 ὅθεν,

2241 2896 2331 2952 καὶ
2358 2895 2520 2958 τίνες,
2541 2895 2630 2949 καὶ
2663 2893 2740 2956 είς
2771 2892 2800 2948 δ
2827 2893 3146 2970 γεγόναμεν.

477 2991 637 3056 sunt,
672 2988 937 3060 quotidie
965 2989 1157 3059 magis
1187 3004 1254 3044 ac
1284 2989 1494 3061 magis,
1526 2992 1813 3060 quantum
1861 2988 1933 3044 ad
1985 2987 2169 3043 Deum
2215 2985 2439 3054 attinet,
2473 2986 2812 3050 informans,
2849 3000 2912 3040 ac
2942 2984 3194 3055 denique
3244 2983 3543 3055 cognitum
3591 2981 3833 3048 habere,
3872 2998 3909 3037 ι

474 3093 612 3149 quo,
646 3082 703 3133 et
732 3077 996 3149 quinam,
1027 3082 1085 3134 et
1114 3094 1293 3150 quam
1323 3078 1397 3134 ob
1424 3094 1665 3135 causam
1697 3078 1833 3134 facti
1866 3094 2097 3134 sumus.

545 3164 669 3220 VII.
704 3171 783 3220 Ac
813 3182 942 3222 mea
963 3167 1199 3237 quidem
1222 3167 1293 3221 de
1314 3167 1407 3223 his
1429 3166 1603 3222 rebus
1624 3166 1745 3222 haec
1777 3171 1866 3221 est
1897 3171 2127 3221 senten-

2312 3164 2380 3218 Z'.
2433 3160 2620 3223 Οὕτως
2671 3160 2776 3236 ἐγὼ
2831 3160 2953 3237 περὶ
3003 3158 3211 3215 τούτων
3265 3159 3558 3233 γινώσκω’
3634 3158 3726 3214 καὶ
3800 3156 3899 3214 διὰ

474 3253 577 3308 tia.
603 3252 687 3311 Ob
719 3270 967 3327 eamque
992 3272 1230 3311 causam
1254 3256 1553 3322 omnibus,
1572 3273 1701 3328 quas
1730 3256 1801 3312 ab
1826 3259 1956 3311 ortu
1988 3253 2131 3311 solis

475 3346 614 3397 sunt
635 3344 699 3411 ⁸⁷,
726 3343 1071 3400 nobiliorem
1122 3344 1281 3399 illius
1322 3344 1581 3400 animam
1631 3360 1777 3415 esse,
1810 3350 1866 3400 et
1895 3344 2036 3413 scio,
2071 3346 2128 3399 et

475 3431 746 3503 praedico,
770 3432 1101 3487 sublimiori
1146 3433 1373 3504 utique,
1397 3450 1573 3505 quam
1616 3450 1718 3504 pro
1746 3432 1907 3504 vulgi
1942 3447 2124 3503 more,

476 3518 800 3575 nobilitatis
829 3524 887 3576 et
912 3520 1299 3592 ignobilitatis
1329 3537 1550 3576 canone
1590 3538 1657 3577 ac
1700 3519 1902 3593 regula
1930 3524 2124 3588 utens,

474 3623 580 3663 nec
608 3624 838 3680 genere,
865 3609 967 3664 sed
1012 3609 1277 3665 moribus
1306 3614 1618 3680 utramque
1647 3609 1987 3681 designans,
2020 3624 2127 3664 nec

474 3712 577 3770 per
606 3697 799 3752 tribus
844 3714 911 3752 ac
962 3698 1217 3754 familias
1247 3714 1367 3766 eos,
1400 3699 1500 3769 qui
1554 3697 1873 3753 laudantur
1918 3700 2020 3752 aut
2042 3695 2127 3750 vi-

469 3790 841 3857 tuperantur,
876 3787 1229 3858 expendens,
1261 3803 1461 3842 verum
1504 3785 1818 3857 sejunctim
1864 3790 1923 3840 et
1963 3783 2127 3857 sigil-

474 3873 664 3930 latim.
698 3875 764 3930 Et
810 3874 950 3945 quia
999 3874 1143 3930 mihi
1180 3877 1337 3947 apud
1386 3890 1485 3930 eos
1534 3880 1624 3929 est
1671 3874 1877 3939 oratio,
1911 3873 2126 3945 quibus

473 3961 635 4018 illius
682 3963 929 4018 virtutes
986 3964 1227 4035 cognita
1288 3980 1353 4019 ac
1411 3967 1723 4035 perspectas
1780 3967 1942 4029 sunt,
1975 3961 2127 4017 alius

475 4051 720 4123 proinde
760 4050 919 4107 aliud
966 4050 1269 4123 quidpiam
1299 4050 1953 4120 conferat,ac-sermoni
2001 4050 2128 4121 opi-

476 4138 717 4194 tuletur.
740 4140 939 4211 Neque
968 4141 1124 4195 enim
1147 4140 1271 4197 ﬁeri
1293 4146 1504 4213 potest,
1530 4144 1595 4195 ut
1618 4156 1794 4211 unus,
1816 4144 2130 4210 quantum-

477 4225 567 4281 vis
597 4227 750 4283 222
781 4229 1025 4285 auribus
1053 4232 1111 4284 et
1140 4234 1333 4286 mente
1364 4230 1613 4302 pollens,
1642 4229 1840 4285 omnia
1868 4226 2129 4299 comple-

480 4318 689 4373 ctatur.

554 4431 598 4466 ¹⁶
627 4430 801 4485 Hebr.
836 4448 939 4500 xu,
969 4433 1059 4503 22,
1088 4434 1179 4489 23.
1259 4434 1302 4472 ιτ
1329 4435 1461 4490 Job.
1496 4450 1537 4505 ι,
1568 4436 1621 4491 3.

554 4546 668 4689 (48)
698 4542 1024 4619 Εὐδόκιμον.
1057 4547 1228 4604 Coisl.
1266 4551 1316 4617 1,
1350 4545 1674 4621 εὐδοκιμεῖν.

578 4618 646 4671 49
692 4616 907 4679 Ἵλεως.
959 4619 1139 4689 Regg.
1192 4621 1312 4687 bm,
1347 4617 1661 4689 hu,’t)«swv.

476 4616 668 4742 ,λέξω
692 4616 912 4679 Ἵλεως.
959 4619 1139 4691 Regg.
1192 4616 1312 4687 bm,
1347 4620 1447 4690 hu,
1473 4616 1661 4675 τίλεων.
1695 4620 1790 4677 0r.
1825 4622 1877 4692 1,
1909 4623 1966 4676 et
2009 4620 2128 4676 Jes.

483 4708 664 4888 ῗῗὲό)
694 4760 973 4834 Ὑπάρχει.
1028 4765 1197 4817 Deest
1243 4761 1303 4817 in
1354 4762 1531 4835 Regg.
1564 4763 1685 4829 bm,
1718 4762 1820 4831 hu,
1870 4766 1926 4816 et
1972 4762 2129 4817 Orat.

486 4973 496 4983 ε
554 4902 668 4973 (51)
697 4902 957 4965 Ἀνωθεν.
991 4904 1169 4977 Regg.
1202 4922 1256 4975 ιε,
1288 4904 1388 4960 hu.
1430 4904 1602 4962 Coisl.
1637 4905 1688 4972 1,
1719 4903 1974 4970 κάτωθεν,
1998 4926 2027 4954 ‹‹
2059 4904 2132 4959 ab

483 4989 621 5029 imo.
648 4996 676 5023 ››

700 5042 1643 5120 ΦιλοσοφιότερονᾎιιΒωίεἰοείυε.
1669 5069 1696 5096 ι)

554 5068 648 5187 ἴυζε
700 5068 1174 5119 ΨιΛοσυφωτερον.
1211 5069 1238 5129 (ξ
1276 5068 1643 5130 ειθιιειρδιυε.
1669 5069 1696 5096 ))
1773 5117 1783 5127 ι
1832 5118 1842 5129 ⁸

576 5068 668 5186 53)
699 5113 1123 5191 Πολιτευόμεθα.
1174 5118 1399 5185 Βιιιιιιε,
1425 5142 1453 5170 ‹‹
1484 5137 1542 5174 in
1574 5136 1692 5191 qua
1737 5133 1951 5173 cwxum
2002 5132 2131 5172 mu-

485 5203 620 5242 nere
654 5188 975 5247 lungimur.
1000 5213 1028 5239 »

553 5260 668 5333 (54)
702 5259 1075 5333 Ἐνξομοίωσις.
1104 5282 1131 5333 ιι
1161 5261 1304 5316 Cum
1339 5262 1648 5333 archetypo
1680 5259 2023 5333 similitudo.
2051 5280 2079 5307 »

551 5331 666 5401 (55)
704 5332 777 5383 Τὰ
832 5334 967 5385 κατὰ
1024 5331 1172 5397 Θεόν,
1225 5339 1332 5388 etc.
1393 5331 1649 5389 Combef.
1692 5355 1720 5381 «
1772 5331 1985 5386 divinis
2042 5346 2131 5384 ra-

482 5399 742 5486 tionibus
773 5420 838 5458 ac
871 5405 1106 5459 dotibus
1138 5405 1479 5461 informans.
1511 5427 1537 5454 ››
1566 5407 1628 5460 In
1663 5405 1801 5475 Reg.
1834 5403 1937 5468 hu,
1970 5403 2136 5457 deest

480 5489 565 5525 τα.

554 5543 668 5617 (58)
699 5542 975 5617 [νησίουςᾼ.
1008 5545 1188 5617 Οιςηί,
1222 5543 1486 5617 γνησίως.

556 5614 824 5689 (57)Τλῷν
880 5611 1421 5689 αφ’λήλίουςοὶοηι
1484 5616 1744 5689 Ουαιᾷειὶ)
1802 5617 1933 5689 ortu
1993 5612 2137 5689 solis

484 5687 646 5739 sunt.
671 5704 701 5733 »
726 5683 949 5740 Alludit
982 5684 1129 5741 forte
1158 5683 1471 5757 Gregorius
1519 5687 1591 5741 ad
1636 5687 1755 5741 haec
1806 5686 1980 5741 verba
2024 5684 2134 5739 Job

2238 3254 2399 3306 τοῦτο
2431 3248 2797 3326 εὐγενεστέραν
2825 3254 2934 3303 τῶν
2965 3250 3052 3326 ἀφ’
3091 3245 3257 3317 ἡλίου
3318 3249 3427 3319 (57)
3466 3245 3746 3302 ἀνατολῶν
3784 3248 3894 3313 τὴν

2237 3338 2447 3409 ὶκείνης
2479 3340 2662 3413 ψυχὴν
2692 3338 2781 3394 καὶ
2814 3335 2933 3392 οἶδα
2962 3338 3052 3392 καὶ
3085 3337 3362 3409 ὀνομάζω,
3392 3334 3658 3411 κρείττονι
3688 3336 3725 3403 ἢ
3753 3336 3898 3390 κατᾶ

2233 3427 2360 3490 τοὺς
2429 3426 2678 3489 πολλοὺς
2720 3426 2988 3501 εὐγενείας
3044 3426 3135 3481 καὶ
3193 3422 3499 3499 δυσγενείας
3556 3423 3739 3478 κανόνι
3792 3425 3895 3479 καὶ

2235 3514 2446 3590 στάθμῃ
2491 3516 2815 3591 χρώμενος·
2877 3514 2965 3569 καὶ
3026 3513 3133 3589 οὐχ
3183 3510 3428 3586 αἵμασιν,
3495 3511 3643 3567 ἀλλὰ
3694 3511 3898 3587 τρόπῳ

2232 3605 2341 3659 τινὶ
2386 3609 2553 3661 ταῦτα
2593 3604 3011 3680 χαρακτηρίζων
3038 3622 3049 3636 ο
3101 3599 3228 3658 οὐδὲ
3272 3602 3407 3657 κατὰ
3448 3600 3710 3679 φρατρίας
3762 3602 3896 3674 κρί-

2233 3712 2339 3748 νων
2361 3692 2489 3754 τοὺς
2522 3690 2939 3765 ἆπαινουμὲνους
2972 3694 3007 3761 ἢ
3039 3689 3407 3765 ψεγομὲνους,
3439 3687 3586 3745 ἀλλὰ
3612 3689 3729 3752 καθ’
3756 3685 3895 3743 ἵκεο

2235 3802 2380 3839 στον.
2429 3787 2513 3836 Ἐν
2575 3780 2744 3835 εἰδόσι
2800 3779 2857 3835 δὲ
2912 3783 2939 3836 ὁ
2988 3778 3157 3855 λόγος
3205 3781 3319 3849 (58)
3372 3779 3502 3852 ὑπὲρ
3540 3782 3646 3832 τῶν
3673 3775 3899 3848 ὶκείνης

2234 3870 2437 3938 καλῶν,
2469 3870 2557 3926 καὶ
2589 3867 2758 3931 ἄλλος
2789 3868 2930 3925 ἄλλο
2959 3890 3011 3922 τι
3044 3866 3451 3945 ουνεισφερὲτω,
3491 3867 3581 3921 καὶ
3616 3865 3899 3939 βοηθείτω

2233 3964 2312 4031 τῷ
2359 3958 2534 4035 λόγῳ.
2586 3956 2805 4026 Ἐπειδὴ
2852 3959 2967 4031 (59)
3017 3958 3093 4030 μή
3136 3957 3309 4012 πάντα
3336 3950 3645 4031 περιλαϐεῖν
3679 3953 3761 4009 ivi
3792 3951 3899 4007 δυ-

2234 4048 2412 4118 νατὸν,
2448 4045 2590 4122 μηδὶ
2630 4052 2706 4119 τῷ
2738 4049 2847 4121 (60)
2896 4046 3014 4102 λίαν
3066 4043 3273 4101 δυνατῶ
3314 4045 3405 4100 καὶ
3445 4044 3609 4112 ἀκοὴν
3640 4042 3732 4096 καὶ
3765 4039 3898 4097 διά-

2233 4155 2403 4194 νοιαν.

2160 4549 2208 4614 Ι)
2238 4563 2288 4603 c.
2308 4561 2362 4617 γι,
2392 4562 2448 4601 v.
2482 4546 2539 4613 3,
2561 4568 2590 4597 ‹‹
2622 4548 2747 4601 erat
2775 4543 2862 4598 vir
2892 4542 2988 4599 ille
3027 4542 3181 4617 (Job)
3213 4556 3462 4616 magnus
3502 4541 3651 4596 inter
3678 4539 3902 4597 Orien-

2238 4616 2462 4754 ι⁸¹(ε588)»
2483 4684 2613 4741 Καθ’
2668 4680 2910 4739 ἕκαστον.
2970 4684 3056 4737 Ἐν
3113 4679 3279 4736 εἰδόσι
3341 4679 3398 4736 δὲ
3443 4682 3487 4754 Δδ
3546 4679 3740 4754 λόγος.
3804 4684 3909 4754 Sic

2312 4688 2425 4759 (58)
2483 4688 2613 4741 Καθ’
2668 4688 2910 4739 ἕκαστον.
2970 4688 3056 4737 Ἐν
3113 4688 3279 4736 εἰδόσι
3341 4688 3398 4736 δὲ
3459 4688 3487 4735 ὁ
3548 4688 3740 4754 λόγος.
3804 4688 3907 4739 Sic

2244 4760 2420 4823 Regg.
2490 4758 2610 4821 bm,
2662 4756 2763 4823 hu,
2823 4756 3025 4811 Comb.
3082 4772 3215 4811 vero
3265 4754 3382 4816 καθ’
3441 4751 3678 4807 ἕκαστον.
3747 4752 3814 4807 Εἰ
3857 4751 3907 4807 δ’

2245 4776 2324 4815 ne
2408 4800 2420 4812 .
2490 4776 2610 4821 Dm,
2662 4776 2763 4823 nu,
2823 4776 3025 4811 homo.
3082 4776 3215 4811 vero
3265 4776 3364 4816 καυ
3441 4776 3678 4807 εκαστον.
3747 4776 3813 4807 ut
3857 4776 3886 4807 ο

2244 4828 2297 4885 ἐν
2319 4776 2517 4885 Ξὲόσιν
2552 4825 2798 4909 δηλόγος.
2826 4828 2989 4909 Quod
3008 4827 3223 4909 eodem
3270 4825 3504 4909 recidit,
3521 4842 3597 4909 ac.
3614 4826 3903 4909 eumdem

2243 4914 2485 4959 sensum
2516 4897 2724 4965 efﬁcit;
2771 4900 2871 4969 qui
2921 4898 3158 4969 quidem
3204 4897 3411 4953 melior
3454 4898 3698 4969 videtur,
3736 4898 3905 4967 quod

2284 4972 2624 5028 raecedentia
2677 4966 2808 5025 cum
2867 4966 3247 5039 sequentibus
3299 4969 3487 5039 magis
3541 4966 3905 5024 cobaréant.

2287 5050 2561 5115 estquam
2609 5042 2764 5115 enim
2816 5040 3126 5111 Gregorius
3155 5040 3322 5115 dixit,
3346 5061 3375 5092 «
3408 5056 3470 5115 se
3517 5040 3588 5093 ad
3636 5041 3907 5115 scelqui

2241 5111 2541 5188 Gorgonite
2591 5113 2834 5188 virtutes
2881 5116 3137 5188 norunt,
3174 5111 3350 5166 verba
3407 5111 3613 5177 facere,
3646 5132 3666 5160 ι
3700 5111 3902 5188 addit,

2245 5208 2276 5239 «
2307 5181 2601 5242 auditores
2630 5183 2813 5239 alium
2846 5182 2999 5238 aliud
3033 5182 3451 5253 collaturus,_et
3480 5181 3737 5253 sermoni
3769 5184 3908 5253 opi-

2240 5258 2554 5315 tulaturos.
2583 5279 2609 5305 »
2640 5255 2733 5310 Or.
2772 5258 2820 5319 1,
2855 5261 2971 5308 tres
3021 5253 3205 5321 Colb.,
3236 5251 3409 5307 Coisl.
3441 5254 3493 5310 2.
3529 5252 3745 5307 habent
3775 5251 3905 5314 καθ’

2242 5325 2461 5384 ἕκαστον
2518 5325 2573 5381 ἓν
2622 5324 2783 5387 εἶδος.
2830 5324 2892 5381 Εἰ
2942 5322 2999 5378 δὶ
3040 5320 3298 5397 ὁῄλμόγος.
3339 5325 3423 5397 lta
3470 5324 3645 5378 etiam
3692 5322 3901 5397 legum

2243 5403 2416 5457 Coisl.
2452 5403 2477 5456 1
2510 5403 2565 5455 et
2603 5400 2655 5460 3.
2690 5397 2799 5453 nisi
2846 5398 2995 5466 quod
3020 5391 3240 5466 Αείδόσὶν
3264 5395 3481 5450 habent
3525 5411 3627 5465 pro
3673 5391 3839 5448 Εἶῗὶ
3873 5396 3904 5449 ὁ

2242 5473 2373 5531 Par.
2404 5472 2496 5529 ed.
2557 5470 2675 5531 καθ’
2702 5463 2922 5541 ἕκαστον
2966 5463 3106 5527 εἶδος
3153 5467 3182 5520 ὁ
3231 5464 3416 5539 λόγος,
3449 5463 3555 5523 etc.
3592 5465 3718 5521 Mox
3756 5467 3905 5541 βοη-

2245 5543 2423 5605 θείτω.
2459 5543 2587 5597 Par.
2620 5539 2951 5594 συνεισθὲτω.

2315 5615 2430 5682 (59)
2462 5608 2678 5683 Ἐπειδή
2737 5611 2918 5683 Regg.
2951 5627 3007 5678 a,
3038 5625 3160 5683 qm.
3182 5611 3279 5664 Οι·.
3309 5610 3363 5683 1,
3397 5612 3455 5683 et
3479 5607 3601 5664 Jes.
3632 5607 3809 5667 Ἐπεί.

2317 5676 2429 5758 (60)
2460 5678 2613 5752 Μηδὶ
2641 5676 2740 5755 τῷ.
2775 5676 2916 5754 aég’.
2947 5676 3066 5739 aet
3089 5681 3204 5737 les.
3236 5677 3325 5734 καὶ
3364 5676 3464 5753 τῷ.
