4244 6216
316 405 437 465 797

940 404 1229 465 ORATIO
1275 404 1434 464 VIII.
1468 439 1546 449 --
1574 403 1656 465 ΙΝ
1699 400 2030 465 LAUDEM
2073 401 2402 464 SORORIS
2448 404 2624 465 SUAE
2668 403 3115 465 GORGONUE.

3613 401 3733 463 798

388 538 469 589 H'.
505 532 836 611 Σωφροσύνῃ
889 535 982 607 μέν
1030 555 1089 611 γε
1134 538 1390 589 τοσοῦτον
1439 532 1711 609 διήνεγκε,
1750 533 1839 588 καὶ
1870 553 1956 588 το-

2148 534 2300 591 VIII.
2352 534 2648 590 Pudicitia
2706 534 2947 606 quidem
3013 534 3184 590 laude
3239 534 3382 590 adeo
3439 533 3729 589 excelluit’

316 625 507 676 σοῦτον
544 622 780 697 ὑπερῆρε
826 623 921 683 τὰς
969 624 1084 677 κατ’
1131 622 1293 691 αὐτὴν
1343 626 1453 693 (61)
1504 623 1730 695 ἁπάσας,
1764 619 1857 675 ’ίνα
1890 621 1967 694 μὴ

318 708 468 786 λέγω
495 712 591 773 τὰς
622 709 881 779 παλαιὰς,
913 712 986 765 ὧν
1021 713 1048 765 ὁ
1090 709 1263 774 πολὺς
1298 711 1383 765 ἐπὶ
1414 710 1733 789 σωφροσύνῃ
1781 709 1968 785 λόγος,

317 799 457 854 ὥστε
488 799 565 861 είς
596 795 696 853 δύο
725 803 891 854 ταῦτα
928 797 1257 875 διῃρημένου
1288 806 1416 854 πᾶσι
1448 804 1544 853 τοῦ
1598 799 1743 873 βίου,
1789 798 1968 873 γάμου

316 887 461 964 λέγω
490 885 580 942 καὶ
620 886 878 965 ἇγαμίας,
907 888 997 943 καὶ
1025 895 1125 958 τῆς
1161 889 1254 960 μὶν
1284 885 1449 958 οὔσης
1484 887 1825 961 ὑψηλοτέρας
1854 888 1968 959 (62)

310 997 370 1031 τε
410 976 499 1031 καὶ
558 975 851 1052 Θειοτὲρας,
912 976 1313 1054 ἐπιπονωτέρας
1366 974 1423 1031 δί
1477 978 1566 1031 καὶ
1625 973 1965 1052 σφαλερωτέ-

314 1084 432 1137 ρας,
462 1067 560 1120 τοῦ
593 1061 649 1119 δὶ
678 1064 1059 1141 ταπεινοτέρου
1088 1086 1146 1120 τε
1192 1065 1280 1121 καὶ
1331 1064 1752 1142 ἀσφαλεστέρου,
1791 1063 1969 1141 ἀμφο-

309 1154 480 1228 τέρων
533 1157 777 1229 φυγοῦσα
821 1154 883 1208 τὸ
930 1150 1094 1224 ἀηδὲς
1142 1154 1275 1227 (63),
1326 1152 1449 1209 ὅσον
1480 1152 1774 1209 κάλλιστόν
1823 1152 1963 1207 ἐστιν

319 1239 370 1295 ἰν
424 1240 755 1317 ἀμφοτέροις
815 1240 1149 1312 ἐκλέξασθαι,
1208 1242 1297 1296 καὶ
1348 1241 1423 1304 εἷς
1469 1238 1524 1296 ’ἐν
1571 1242 1807 1317 ἀγαγεῖν,
1864 1248 1966 1311 τῆς

322 1330 418 1400 μὲν
448 1329 512 1382 τὸ
542 1326 699 1403 ὕψος,
729 1333 826 1384 τοῦ
858 1327 914 1384 δὲ
942 1331 1043 1399 τήν
1078 1329 1392 1408 ἀσφάλειαν,
1426 1328 1514 1385 καί
1563 1330 1805 1404 γενέσθαι
1856 1330 1965 1383 σώ-

310 1438 459 1495 φρων
523 1418 746 1495 ἄτυφος,
802 1419 882 1489 τῷ
928 1419 1090 1494 γάμῳ
1136 1419 1199 1473 τὸ
1242 1426 1344 1488 τῆς
1392 1421 1507 1493 (64)
1540 1418 1770 1495 ἀγαμίας
1798 1416 1966 1474 καλὸν

308 1506 599 1581 κεράσασα,
647 1503 738 1560 καὶ
782 1502 1012 1579 δείξασα,
1062 1504 1144 1562 ὅτι
1202 1508 1329 1582 μήθ’
1375 1503 1556 1583 ἕτερον
1759 1506 1965 1562 τούτων

315 1595 349 1663 ἢ
385 1599 501 1667 Θεῷ
529 1595 763 1665 πάντως,
795 1597 830 1664 ἣ
859 1595 1049 1670 κόσμῳ
1094 1593 1296 1662 συνδεῖ,
1327 1595 1416 1651 καὶ
1468 1593 1705 1666 διίστησι
1749 1594 1914 1652 πάλιν
1941 1616 1954 1629 ⁸

317 1682 455 1737 ὣστε
487 1681 707 1739 εἶναιτὰ
741 1684 836 1758 μὶν
867 1682 1027 1739 παντί
1218 1685 1442 1764 φευκτὸν
1493 1686 1629 1740 κατὰ
1674 1686 1773 1753 τὴν
1828 1682 1963 1741 ἰδίαν

307 1770 495 1849 φύσιν,
524 1771 587 1827 τὸ
618 1770 676 1827 δὶ
698 1771 901 1836 τελέως
930 1772 1203 1828 ἐπαινετόν
1234 1792 1245 1805 ο
1279 1771 1426 1829 ἀλλὰ
1454 1777 1581 1835 νοῦς
1628 1772 1767 1828 ἐστιν
1800 1774 1828 1828 ὁ
1870 1774 1959 1828 καὶ

2080 623 2342 694 adeoque
2372 640 2579 678 omnes
2609 624 2794 678 aetatis
2826 640 2945 678 suae
2981 622 3271 689 mulieres,
3298 639 3370 678 ne
3401 622 3590 678 dicam
3621 622 3732 693 pri-

2079 727 2230 777 scas,
2257 727 2505 783 quarum
2554 712 2762 784 ingens
2791 712 2862 768 ob
2908 711 3251 785 pudicitiam
3303 711 3461 767 fama
3489 715 3597 781 est,
3631 728 3729 767 su-

2079 799 2325 869 peravit,
2355 804 2421 855 ut
2446 815 2579 855 cum
2622 800 2679 854 in
2712 799 2833 855 hazc
2863 801 2978 855 duo
3009 801 3239 855 cunctis
3268 798 3385 855 vita
3415 799 3601 855 divisa
3630 801 3728 865 sit,

2077 903 2288 960 nempe
2337 888 2397 944 in
2446 888 2887 944 matrimonium
2932 897 2985 944 et
3023 887 3378 957 caelibatum,
3410 893 3587 960 atque
3636 889 3730 944 hic

2076 976 2306 1047 quidem
2343 975 2656 1032 sublimior
2675 981 2733 1032 et
2753 976 3002 1032 divinior
3032 977 3128 1046 sit,
3151 993 3353 1033 verum
3384 976 3732 1033 laboriosior

2076 1068 2134 1120 et
2185 1064 2588 1137 periculosior,
2622 1065 2765 1121 illud
2814 1070 3009 1121 autem
3058 1064 3365 1132 humilius,
3390 1066 3491 1121 sed
3531 1071 3729 1122 tamen

2073 1153 2281 1223 tutius,
2302 1154 2498 1211 vitatis
2520 1154 2823 1225 utriusque
2846 1152 3153 1220 molestiis,
3178 1152 3459 1225 quidquid
3490 1153 3549 1208 in
3572 1159 3729 1210 utro-

2075 1258 2188 1313 que
2223 1241 2684 1313 pulcherrimum
2737 1246 2880 1310 erat,
2914 1241 3173 1314 elegerit,
3204 1246 3379 1314 atque
3428 1242 3486 1297 in
3539 1259 3724 1297 unum

2075 1330 2384 1402 copularit,
2417 1330 2656 1387 alterius
2687 1330 2966 1387 nimirum
3006 1329 3454 1400 sublimitatem,
3488 1329 3727 1386 alterius

2074 1419 2471 1489 securitatem,
2501 1419 2789 1492 fueritque
2833 1420 2959 1476 sine
2988 1419 3144 1473 fastu
3172 1417 3407 1489 pudica,
3429 1417 3728 1473 csalibatus

2072 1507 2292 1564 bonum
2327 1508 2702 1563 matrimonio
2724 1508 3077 1571 admiscens,
3100 1506 3363 1577 illudque
3389 1507 3726 1573 ostendens,

2071 1604 2344 1653 neutrum
2383 1599 2615 1667 horum,
2641 1602 2742 1654 aut
2788 1599 2904 1654 Deo
2937 1615 3043 1654 nos
3075 1597 3330 1671 penitus,
3360 1602 3460 1653 aut
3508 1598 3728 1652 mundo

2071 1687 2416 1759 astringere,
2441 1690 2544 1744 aut
2574 1689 2645 1743 ab
2678 1704 2743 1743 eo
2794 1686 3101 1755 dirimere;
3136 1686 3217 1741 ita
3246 1690 3312 1740 ut
3342 1685 3592 1742 alterum
3625 1703 3727 1742 na-

2068 1779 2205 1832 tura
2252 1793 2361 1832 sua
2390 1793 2632 1850 prorsus
2665 1776 3008 1846 fugiendum
3048 1776 3145 1840 sit,
3186 1774 3435 1831 alterum
3468 1774 3626 1830 omni
3658 1790 3727 1830 ex

302 1861 468 1935 γάμῳ
521 1857 610 1914 καὶ
659 1860 913 1937 παρθενίᾳ
967 1860 1152 1923 καλῶς
1212 1860 1535 1929 ἐπιστατῶν,
1591 1863 1704 1928 καὶ,
1779 1860 1956 1939 ὥσπερ

307 1946 361 1965 με
565 1952 671 1965 ιηηι
792 1954 819 1964 ..
959 1955 985 1965 -
1173 1950 1184 1965 .
1318 1951 1374 1965 ..
1520 1951 1532 1965 .
1582 1963 1593 1965 _
1661 1951 1705 1965 ,..
1943 1952 1956 1965 .

2069 1869 2232 1936 parte
2251 1864 2613 1923 laudandum
2639 1870 2695 1920 et
2716 1863 3221 1935 amplectendam;
3245 1880 3446 1919 verum
3468 1868 3723 1919 mentem

305 1946 413 2017 ὕλη
446 1971 532 2013 τις
558 1952 694 2025 (67),
725 1954 893 2005 ταῦτα
920 1955 999 2022 τῷ
1029 1950 1251 2027 τεχνίτῃ
1301 1951 1459 2026 Λόγῳ
1508 1951 1821 2027 ῥυθμίζεται
1868 1952 1959 2007 καὶ

306 2035 726 2113 δημιουργεῖται
757 2038 894 2116 πρὸς
926 2039 1143 2116 ἀρετήν.
1191 2039 1267 2096 Οὐ
1297 2040 1397 2115 γὰρ
1455 2040 1570 2095 ἐπεὶ
1627 2040 1783 2115 σαρκὶ
1841 2061 1959 2095 συν-

303 2126 481 2203 ήφθη,
530 2123 618 2180 διὰ
672 2131 835 2181 τοῦτο
894 2125 1169 2203 ἐχωρίσθη
1228 2132 1324 2182 τοῦ
1352 2127 1698 2199 πνεύματος·
1734 2125 1848 2184 οὐδ’
1878 2130 1962 2184 ὃτι

300 2213 547 2291 κεφαλήν
609 2212 737 2289 ἔσχε
782 2215 874 2270 τὸν
926 2214 1110 2291 ἄνδρα,
1164 2213 1253 2269 διὰ
1291 2219 1452 2270 τοῦτο
1481 2216 1580 2283 τὴν
1618 2217 1841 2291 πρώτην
1873 2238 1960 2271 κε-

302 2302 486 2378 φαλὴν
537 2303 839 2379 ἠγνόησενο
902 2302 1028 2359 ἀλλ’
1081 2301 1247 2378 ὀλίγα
1294 2301 1728 2379 λειτουργήσασα
1767 2305 1961 2378 κόσμῳ

306 2390 402 2445 καὶ
462 2392 635 2467 φύσει,
691 2391 780 2446 καὶ
830 2390 953 2446 ὅσον
1003 2394 1031 2446 ὁ
1062 2399 1160 2462 τῆς
1208 2392 1405 2467 σαρκὸς
1453 2387 1712 2449 ἐϐούλετο
1766 2394 1959 2466 νόμος,

307 2477 524 2551 μᾶλλον
585 2476 642 2534 δὲ
700 2481 728 2535 ὁ
782 2485 851 2555 τῇ
910 2482 1065 2556 σαρκὶ
1108 2486 1275 2537 ταῦτα
1304 2483 1699 2553 νομοθετήσας,
1726 2481 1841 2556 Θεῷ
1898 2483 1960 2538 τὸ

303 2573 411 2622 πᾶν
442 2568 632 2639 ἑαυτήν
682 2570 1032 2645 καθιέρωσεν.
1092 2572 1156 2624 Ὅ
1216 2567 1272 2626 δὲ
1320 2568 1615 2627 κάλλιστον
1644 2572 1731 2627 καὶ
1764 2573 1959 2647 σεμνό-

300 2676 487 2729 τατον,
520 2657 603 2713 ’ὁτι
635 2656 725 2712 καὶ
754 2658 845 2714 τὸν
881 2655 1044 2737 ἄνδρα
1072 2659 1210 2735 πρὸς
1261 2660 1455 2728 εαυτῆς
1496 2660 1809 2730 ἐποιήσατο,
1868 2662 1957 2716 καὶ

298 2744 364 2800 οὐ
396 2743 663 2817 δεσπότην
715 2744 936 2818 ἄτοπον,
997 2746 1123 2803 ἀλλ’
1180 2745 1487 2822 ὁμόδουλον
1546 2749 1744 2825 ἀγαθὸν
1785 2770 1959 2823 προσ-

299 2836 589 2907 εκτήσατο·
651 2835 723 2890 Οὐ
785 2834 949 2911 μόνον
1009 2833 1086 2905 δὲ,
1134 2834 1278 2892 ἀλλὰ
1335 2837 1546 2893 καὶτὸν
1575 2842 1673 2892 τοῦ
1705 2839 1958 2913 σώματος

296 2923 527 2999 καρπὸν,
580 2925 649 2979 τὰ
690 2924 849 2979 τέκνα
906 2922 1076 3000 λέγω,
1132 2924 1222 2979 καὶ
1278 2926 1436 2981 τέκνα
1488 2926 1711 2995 τᾶκνων,
1750 2928 1953 3001 καρπὸν

295 3015 397 3065 τοῦ
427 3011 733 3086 πνεύματος
764 3012 1079 3085 ἕποιήσατο,
1112 3012 1268 3088 γένος
1296 3012 1420 3069 ὅκον
1450 3016 1539 3070 καὶ
1593 3015 1769 3072 οἰκίαν
1818 3014 1957 3086 ὃλην

299 3099 421 3155 ἀντὶ
484 3107 609 3174 μιᾶς
657 3104 841 3177 ψυχῆς
891 3107 1006 3175 Θεῷ
1065 3102 1446 3179 καθαγνίσασα,
1522 3104 1613 3158 καὶ
1683 3107 1955 3175 ποιήσασα

294 3188 478 3265 γάμον
554 3191 827 3247 ἰπαινετὸν
905 3188 994 3246 διὰ
1047 3198 1147 3262 τῆς
1206 3192 1257 3246 ἐν
1315 3192 1479 3269 γάμῳ
1529 3192 1951 3270 εὐαρεστήσεως,

2072 1969 2222 2023 esse,
2246 1970 2372 2025 quae
2395 1958 2483 2011 est
2508 1954 2742 2026 conjugi
2752 1970 2851 2009 um
2874 1958 2932 2009 et
2952 1953 3348 2025 virginitatem
3379 1952 3620 2024 pulchre
3641 1968 3727 2008 re-

2073 2046 2172 2114 gat
2200 2049 2254 2098 et
2282 2043 2636 2109 moderetur,
2660 2048 2835 2116 atque
2865 2042 3009 2111 hrec,
3032 2043 3220 2098 instar
3246 2041 3501 2098 materia:
3532 2042 3727 2112 cujus-

2072 2131 2230 2201 dam,
2253 2131 2325 2187 ab
2356 2131 2579 2187 artifice
2613 2131 2798 2187 Verbo
2819 2129 3011 2202 dirigi,
3034 2136 3089 2186 et
3120 2131 3192 2187 ad
3222 2131 3502 2186 virtutem
3532 2130 3727 2186 elabo-

2071 2220 2207 2276 rari.
2229 2220 2354 2275 Non
2387 2220 2566 2288 enim,
2595 2220 2735 2294 quia
2777 2220 2937 2276 carni
2969 2219 3239 2291 copulata
3267 2224 3413 2286 erat,
3445 2218 3661 2275 idcirco
3693 2236 3727 2274 a

2070 2307 2281 2379 spiritu
2304 2307 2602 2378 disjuncta
2622 2312 2738 2377 est;
2762 2324 2867 2363 nec
2890 2308 3029 2379 quia
3047 2312 3222 2380 caput
3236 2308 3428 2363 virum
3450 2306 3724 2374 habebat,

2069 2396 2198 2453 ideo
2228 2397 2486 2468 primum
2518 2402 2697 2469 caput
2738 2397 3024 2469 ignoravit
3058 2414 3071 2452 :
3106 2396 3205 2452 sed
3238 2412 3370 2452 cum
3418 2397 3636 2451 mundo
3668 2401 3726 2451 et

2070 2490 2293 2541 naturis
2326 2485 2637 2558 paululum
2677 2486 3091 2553 ministrasset,
3124 2490 3181 2540 et
3211 2489 3499 2557 quantum
3530 2486 3726 2542 carnis

2069 2572 2160 2629 lex
2204 2572 2454 2640 volebat,
2484 2573 2573 2630 vel
2622 2573 2673 2630 is
2723 2575 2942 2646 potius,
2977 2574 3077 2646 qui
3125 2574 3278 2630 hanc
3328 2574 3488 2629 carni
3535 2573 3723 2645 legem

2066 2660 2298 2732 indixit,
2338 2666 2522 2719 totam
2573 2679 2635 2718 se
2680 2662 2796 2719 Deo
2845 2662 3226 2719 consecravit.
3262 2662 3543 2734 Quodque
3592 2662 3722 2733 pul-

2068 2748 2427 2809 cherrimum
2460 2755 2518 2807 et
2556 2751 3045 2807 honestissimum
3087 2755 3194 2817 est,
3231 2750 3512 2807 maritum
3543 2752 3723 2806 etiam

2067 2837 2141 2893 ad
2171 2854 2235 2894 se
2265 2838 2562 2912 pertraxit,
2591 2855 2656 2895 ac
2681 2856 2795 2895 non
2829 2840 3234 2913 importunum
3267 2840 3597 2911 dominum,
3622 2839 3725 2894 sed

2064 2926 2286 2983 bonum
2319 2944 2664 2984 conservum
2697 2929 2922 2984 ascivit.
2950 2928 3066 2985 Nec
3093 2928 3151 2983 id
3182 2928 3487 2998 duntaxat,
3520 2944 3721 2984 verum

2065 3015 2324 3091 corporis
2357 3032 2591 3089 quoque
2623 3016 2899 3084 fructum,
2926 3016 3035 3072 hoc
3065 3020 3154 3072 est
3186 3016 3337 3072 filios
3368 3021 3424 3072 et
3455 3020 3722 3089 nepotes,

2062 3104 2309 3177 spiritus
2342 3105 2596 3161 fructum
2624 3105 2832 3172 effecit,
2856 3109 2923 3161 ut
2942 3121 3066 3178 quae
3093 3122 3279 3178 genus
3309 3109 3523 3169 totum,
3545 3109 3602 3161 et
3626 3106 3724 3161 do-

2064 3208 2227 3250 mum
2261 3198 2443 3249 totam
2471 3193 2628 3250 haud
2651 3193 2818 3251 aliter
2842 3211 2909 3250 ac
2933 3193 3191 3251 animam
3213 3210 3393 3250 unam
3413 3194 3529 3250 Deo
3560 3194 3718 3265 puri-

294 3256 386 3332 δὶαὲ
427 3286 528 3350 τῆς
576 3278 752 3351 καλῆς
805 3279 1034 3337 ἐντεῦθεν
1095 3256 1468 3359 καρποφόρίας
1503 3301 1515 3312 ·
1578 3256 1785 3351 ἑαυτὴν.
1831 3256 1950 3355 μὶν,

2066 3280 2340 3353 ﬁcaverit,
2355 3298 2420 3339 ac
2442 3283 2884 3339 matrimonium
2908 3284 3104 3356 ipsum
3124 3299 3225 3355 per
3244 3283 3423 3339 vitam
3445 3282 3505 3338 in
3524 3283 3723 3339 matri-

291 3363 402 3427 ’ἕως
459 3362 577 3440 ἔζη,
636 3365 943 3443 ὑπόδειγμα
997 3368 1170 3425 καλοῦ
1227 3370 1425 3431 παντὸς
1479 3375 1596 3433 τοῖς
1655 3369 1705 3442 ἐξ
1764 3372 1953 3440 ἑαυτῆς

298 3456 692 3528 προστήσασα·
754 3456 868 3511 ἐπεὶ
928 3455 985 3514 δὲ
1041 3457 1417 3536 προσεκλήθη,
1492 3459 1553 3513 τὸ
1610 3458 1826 3533 θάλημα
1874 3464 1954 3533 τῷ

300 3539 440 3617 οἷ’κῳ
502 3547 619 3617 μετ’
688 3546 853 3616 αὐτὴν
929 3544 1361 3623 ἰγκαταλιποῦσα
1416 3551 1704 3603 σιωπῶσαν
1762 3550 1953 3625 παραί-

292 3652 457 3687 νισιν.

370 3900 443 3954 8'.
476 3900 538 3956 Ὀ
573 3899 666 3971 μὲν
728 3897 795 3969 δὴ
855 3902 997 3962 Θεῖος
1058 3897 1327 3974 Σολομὼν
1380 3899 1433 3955 ἰν
1472 3900 1539 3975 τῇ
1568 3898 1948 3977 παιδαγωγικῇ

295 3986 480 4065 σοφία,
512 3992 629 4051 ταῖς
663 3988 988 4063 Παροιμίαις
1022 3986 1171 4064 λέγω
1202 3990 1337 4063 (68),
1388 3988 1592 4045 ἐπαινεῖ
1628 3992 1716 4045 καὶ
1765 3991 1947 4046 οἰκου-

294 4076 416 4149 ρίαν
476 4077 729 4150 γυναικὸς
779 4078 867 4133 καὶ
916 4074 1254 4155 φιλανδρίαν,
1302 4078 1390 4132 καἶ
1422 4077 1717 4148 ἀντιτίθησι
1747 4083 1815 4152 τῇ
1848 4076 1949 4150 ἔξω

291 4162 775 4242 περιπλανωμένῃ,
803 4165 891 4222 καὶ
947 4166 1259 4242 ἀκρατήτῳ.
1293 4166 1383 4221 καὶ
1441 4164 1621 4242 ἀτίμῳ
1670 4170 1803 4242 (69),
1858 4168 1948 4222 καὶ

289 4253 492 4326 τιμίων
553 4253 732 4331 ψυχὰς
791 4254 1088 4332 ἀγρευοόσῃ
1144 4254 1196 4309 ἰν
1255 4261 1540 4329 πορνικοῖς
1578 4256 1667 4310 καὶ
1698 4258 1950 4333 σχήμασι

290 4342 386 4396 καὶ
448 4338 699 4415 ὀνόμασι,
751 4343 851 4414 τὴν
908 4342 1015 4399 ἔσω
1073 4341 1256 4407 καλῶς
1306 4343 1796 4422 ἀναστρεφομένην,
1856 4345 1949 4400 καὶ

290 4426 684 4507 ἀνδριζομένην
740 4432 809 4487 τὰ
864 4432 1135 4509 γυναικὸς,
1194 4432 1331 4508 πρὸς
1377 4430 1636 4501 ἄτρακτον
1677 4436 1790 4507 (70)
1850 4434 1945 4507 μὶν

290 4519 378 4575 ἀεὶ
433 4520 528 4582 τὰς
588 4526 779 4597 χεῖρᾶς
840 4518 1168 4597 ἒρείδουσαν,
1225 4522 1315 4575 καὶ
1375 4519 1560 4583 δισσὰς
1638 4526 1716 4594 τῷ
1790 4520 1945 4597 ἀνδρὶ

2063 3371 2260 3426 monio
2292 3376 2403 3427 Deo
2434 3377 2662 3445 gratam
2694 3376 2751 3428 et
2787 3377 3084 3444 acceptam
3115 3370 3563 3443 pulchramque,
3591 3389 3722 3443 qua

2060 3458 2198 3515 inde
2245 3460 2483 3533 prodiit,
2516 3459 2798 3531 sobolem,
2832 3460 3126 3516 laudabile
3171 3460 3513 3529 reddiderit,
3544 3464 3721 3533 atque

2060 3547 2317 3619 seipsam
2362 3548 2623 3621 quidem,
2657 3550 2796 3605 dum
2828 3549 2990 3619 vixit,
3020 3549 3259 3605 virtutis
3302 3549 3496 3606 omnis
3526 3565 3721 3606 exem-

2059 3635 2188 3708 plar
2232 3635 2433 3694 liberis
2482 3638 2609 3694 suis
2657 3638 3054 3711 proposuerit;
3090 3642 3473 3711 posteaquam
3522 3642 3719 3694 autem

2060 3724 2245 3780 accita
2277 3728 2386 3792 est,
2417 3725 2777 3783 voluntatem
2810 3743 2980 3782 suam
3013 3726 3212 3782 domui
3243 3742 3362 3781 suae
3392 3725 3551 3781 velut
3578 3724 3719 3781 taci-

2059 3815 2181 3867 tam
2213 3812 2672 3870 cobortationem
2706 3819 2840 3885 post
2865 3830 2927 3870 se
2958 3813 3279 3885 reliquerit.

2130 3900 2219 3956 IX.
2254 3900 2563 3958 Enimvero
2612 3901 2845 3958 divinus
2902 3900 3177 3958 Salomon
3230 3901 3290 3955 in
3346 3899 3719 3972 paedagogica

2058 3989 2364 4061 sapientia,
2390 3989 2498 4046 hoc
2548 3995 2637 4047 est
2679 3991 2739 4045 in
2780 3990 3109 4047 Proverbiis
3132 3989 3198 4058 1⁸,
3229 3987 3509 4044 feminam
3557 3974 3717 4043 domi

2056 4085 2411 4149 manentem,
2430 4078 2741 4151 virumque
2762 4082 3059 4135 amantem
3089 4077 3310 4145 laudat,
3340 4092 3407 4131 ac
3438 4076 3579 4132 foris
3611 4077 3713 4132 ob-

2057 4166 2279 4223 erranti
2324 4171 2381 4223 et
2431 4166 2739 4241 petulanti,
2771 4169 2947 4239 atque
2995 4165 3225 4234 infami,
3257 4164 3717 4237 meretriciisque

2056 4255 2322 4326 gestibus
2353 4259 2411 4311 et
2448 4255 2788 4312 nominibus
2838 4255 3121 4327 pretiosas
3170 4254 3400 4311 animas
3429 4253 3712 4327 captanti,

2058 4359 2187 4399 eam
2219 4343 2481 4417 opponit,
2505 4360 2631 4416 qua
2654 4343 2898 4400 honeste
2927 4343 3089 4400 intus
3114 4352 3379 4400 versatur
3407 4359 3475 4400 ac
3504 4342 3714 4401 mulie-

2056 4433 2184 4491 bria
2215 4435 2409 4490 ofﬁcia
2437 4434 2590 4491 virili
2633 4435 2831 4491 animo
2866 4435 3225 4506 exsequitur,
3248 4435 3401 4492 228
3446 4450 3710 4506 semper-

2057 4540 2169 4596 que
2199 4523 2271 4579 ad
2303 4524 2499 4579 fusum
2535 4540 2748 4580 manus
2788 4524 3083 4590 obﬁrmat,
3106 4529 3163 4579 et
3192 4523 3457 4595 duplices
3498 4523 3709 4579 marito

290 4607 525 4683 χλαίνας
555 4610 1061 4685 παρασκευάζουσαν
1118 4611 1234 4682 (71)
1267 4630 1279 4641 ·
1338 4608 1653 4683 ὠνουμένην
1714 4607 1772 4665 δὲ
1814 4614 1950 4666 κατὰ

2066 4616 2247 4667 vestes
2278 4612 2512 4668 coniicit
2543 4629 2557 4668 :
2592 4616 2768 4683 atque
2813 4613 3156 4683 tempestive
3203 4626 3410 4684 agrum
3460 4610 3621 4679 emit,
3653 4615 3710 4667 et

288 4697 482 4770 καιρὸν
514 4698 796 4774 γεώργιον,
828 4701 1155 4773 σιτηγοῦσαν
1189 4695 1248 4752 δὶ
1294 4695 1477 4759 καλῶς
1522 4700 1643 4759 τοῖς
1691 4697 1945 4770 οἰκέταις,

288 4784 497 4861 πλήρει
554 4784 611 4843 δὲ
665 4786 903 4862 τραπέζῃ
968 4787 1094 4848 τοὺς
1151 4785 1345 4865 φίλους
1424 4783 1798 4861 δεξιουμένην,
1857 4790 1946 4843 καὶ

285 4870 473 4929 τᾶλλα
502 4873 598 4929 ὅσα
625 4877 726 4944 τήν
761 4877 1016 4953 σώφρονα
1043 4875 1132 4930 καὶ
1165 4873 1419 4953 φιλεργὸν
1453 4874 1649 4936 ἐκεῖνος
1706 4876 1948 4949 ἀνύμνη-

363 5004 406 5039 "
436 5003 600 5062 Prov.
633 5021 790 5071 xxxx,
826 5004 893 5060 10
921 5020 1084 5077 seq‘I-

286 5145 488 5271 tetigt-511‘?)
509 5145 637 5201 Κατ,
684 5145 871 5215 αὐτόν’
923 5147 1100 5221 Regg'
1152 5148 1273 5214 bm’
1328 5147 1432 5213 hu.
1469 5146 1565 5202 0r.
1601 5148 1653 5218 1,
1684 5147 1799 5203 188.
1829 5147 1947 5200 καθ’

398 5254 507 5285 ιη..

322 5282 868 5411 ,έξξξξῇηλοτέρας
915 5308 990 5345 τε.
1042 5288 1222 5362 Regg.
1274 5288 1395 5355 bm,
1429 5287 1530 5359 hu,
1561 5286 1677 5343 Jes.
1728 5282 1944 5360 ὑψηλο-

555 5380 579 5409 ν

759 5430 1051 5513 geg.nbm,
1084 5424 1274 5513 ἀειδὲς.

360 5503 476 5585 (ᾷ4)
505 5501 729 5585 Tagi;
762 5499 872 5559 Sic'
898 5499 1071 5576 Begg.
1106 5520 1158 5570 ει,
1194 5502 1314 5569 bm,
1348 5500 1449 5571 hu,
1482 5504 1539 5556 et
1568 5500 1662 5556 0r.
1690 5500 1737 5555 1.
1781 5499 1945 5555 Deest

279 5569 378 5639 τό,
406 5573 467 5627 in
498 5569 691 5629 editis.
977 5569 1047 5576 "
1435 5569 1441 5571 ’

282 5645 666 5770 ἔτὲξῗέμήσ
723 5641 923 5724 ἓτερον.
985 5644 1124 5719 Reg.
1184 5644 1314 5713 bm,
1363 5646 1423 5700 et
1480 5642 1580 5698 0r.
1636 5642 1682 5713 1,
1739 5641 1814 5715 μὴ
1878 5640 1939 5697 τὸ

311 5734 496 5793 τερον.

2058 4699 2296 4757 famulis
2327 4701 2488 4756 cibos
2535 4701 2739 4757 sedulo
2787 4700 3142 4774 suppeditat,
3172 4715 3238 4755 ac
3286 4699 3457 4774 plena
3506 4715 3710 4757 mensa

2058 4790 2276 4847 amicos
2308 4789 2539 4863 excipit,
2563 4793 2885 4863 ceteraque
2930 4789 3131 4848 omnia
3171 4795 3427 4864 praestat,
3453 4808 3580 4863 quis
3609 4789 3707 4846 ille

2057 4880 2129 4934 de
2159 4879 2408 4936 honesta
2445 4884 2501 4935 et
2546 4879 2839 4936 industria
2892 4886 3162 4936 matrona
3207 4878 3559 4951 praedicavit.
3590 4880 3707 4952 Ego

2270 5146 2442 5230 ξΩστξ
2472 5147 2668 5230 εἶναι...
2715 5147 2895 5204 παντί.
2939 5148 3037 5207 Or.
3071 5150 3123 5216 1,
3152 5146 3226 5210 ὡς
3260 5146 3390 5204 εἶναι
3422 5149 3565 5222 Reg.
3598 5148 3703 5220 hu,

2056 5218 2229 5276 Coisl.
2265 5222 2290 5274 1
2326 5224 2382 5275 et
2410 5221 2466 5292 3,
2496 5218 2686 5292 πάντῃ,

2148 5292 2239 5359 67)
2268 5294 2379 5361 Τις.
2414 5291 2603 5347 Deest.
2634 5290 2694 5346 in
2725 5291 2900 5346 Coisl.
2937 5293 2984 5361 1,
3018 5296 3076 5347 et
3103 5290 3221 5346 Jes.

2144 5363 2237 5430 68)
2268 5360 2447 5434 Atyn).
2480 5362 2741 5434 Deestin
2774 5362 2950 5434 Regg.
2973 5360 3038 5431 7a,
3064 5364 3189 5434 _bm,
3231 5362 3333 5433 hu,
3366 5367 3423 5417 et
3450 5362 3569 5419 Jes.

2144 5434 2235 5503 69)
2267 5430 2498 5505 ξΑτίμῳ.
2534 5432 2703 5488 Coisl.
2743 5436 2793 5501 1,
2821 5430 3164 5505 ἠτῖμωμὲνῃ.

2268 5503 2599 5578 Ἀτρακτον,
2619 5505 2713 5560 Or.
2751 5506 2800 5569 1,
2833 5502 3057 5578 et_]esl,
3086 5502 3354 5578 ἀτράκτῳ.

2143 5572 2235 5646 71)
2294 5572 2825 5648 Παρασκευάζουσαν.
2893 5572 3049 5649 Reg.
3101 5572 3205 5646 hu,
3273 5572 3698 5645 κατασκευάζου-

2048 5662 2164 5698 σαν.
