4244 6216
472 400 589 459 ’199

1710 392 1774 451 S.
1824 392 2196 453 GREGORII
2246 395 2640 458 THEOLOGI

3762 412 3883 473 800

471 547 625 597 vero,
651 530 696 583 si
730 529 801 582 ab
831 528 923 581 his
956 527 1129 581 rebus
1174 540 1431 580 sororem
1482 523 1738 587 laudem,
1762 523 2000 593 perinde
2031 522 2119 578 fa-

2233 543 2338 577 σεν·
2374 526 2515 599 Ἐγὼ
2548 524 2604 581 δὲ
2635 527 2678 582 εἷ
2710 529 2815 583 ἀπο
2844 552 3049 587 τουτων
3085 533 3361 607 ἐπαινοίην
3415 540 3527 611 (72)
3573 541 3673 607 τὴν
3725 539 3855 597 ἀδελ

474 620 725 681 ciam,ut
755 617 803 670 si
836 617 908 670 ab
941 616 1149 669 umbra
1177 619 1454 678 statuam,
1473 617 1575 667 aut
1595 613 1666 667 ab
1689 612 1987 683 unguibus
2010 610 2121 666 leo-

474 723 606 761 nem
642 705 898 769 laudem,
921 702 1137 758 relictis
1171 702 1495 773 majoribus
1526 701 1699 756 rebus
1733 706 1788 754 et
1818 699 2120 772 perfectio-

475 794 655 849 ribus.
672 794 948 857 Quaenam
973 807 1228 861 unquam
1250 790 1480 861 dignior
1502 790 1761 860 tuit,quae
1787 788 2122 845 videretur?

474 885 747 947 Quaenam
771 886 966 935 tamen
1000 882 1199 934 minus
1222 880 1345 934 visa
1365 884 1472 946 est,
1494 884 1691 949 utpote
1718 895 1845 949 quae
1876 894 1937 932 se
1967 877 2119 933 viro-

475 988 603 1025 rum
636 971 937 1025 obtutibus
969 969 1328 1024 inaccessam
1357 966 1650 1021 servaret?
1672 969 1945 1031 Quanam
1978 983 2115 1021 mce-

472 1060 647 1115 stitiie
678 1065 853 1130 atque
883 1058 1197 1112 hilaritatis
1229 1057 1466 1112 modum
1504 1055 1713 1111 melius
1742 1056 2029 1127 cognovit,
2056 1061 2121 1111 ut

474 1164 578 1203 nec
610 1146 885 1201 maestitia
917 1146 1262 1208 inhumana,
1287 1161 1392 1199 nec
1413 1142 1688 1199 mollities
1718 1144 1935 1198 lasciva
1961 1144 2119 1199 vide-

474 1242 651 1300 retur,
676 1251 875 1290 verum
909 1234 1091 1289 altera
1122 1233 1459 1305 prudentiae,
1494 1231 1676 1288 altera
1702 1231 1961 1287 lenitatis
1989 1232 2119 1288 lau-

473 1326 605 1379 dem
657 1324 964 1389 obtineret,
1000 1327 1177 1393 atque
1234 1322 1341 1377 hoc
1390 1322 1684 1376 modestiae
1728 1320 1885 1375 velut
1915 1338 2122 1377 norma

472 1418 647 1479 esset,
668 1412 947 1466 nimirum
971 1412 1336 1466 humanitate
1356 1427 1486 1465 cum
1512 1410 1693 1464 animi
1718 1410 2121 1481 magnitudine

472 1503 786 1571 conjuncta
810 1505 868 1555 et
891 1500 1255 1570 temperata?
1280 1499 1506 1562 Audite,
1533 1498 1829 1565 mulieres,
1854 1515 2122 1569 quaecun-

471 1606 582 1661 que
613 1588 792 1644 nimio
824 1588 1229 1644 ostentationis
1262 1587 1455 1642 studio
1488 1591 1542 1641 et
1563 1586 1789 1642 desidia
1818 1586 2118 1658 laboratis,

469 1696 536 1734 ac
567 1678 808 1750 pudoris
838 1678 1031 1733 velum
1064 1677 1458 1732 contemnitis.
1481 1678 1753 1741 Quaenam
1803 1676 2003 1731 oculos
2042 1676 2121 1732 ita

470 1767 760 1822 frenavit?
792 1767 1064 1829 Quaenam
1128 1767 1309 1820 risum
1370 1766 1451 1818 ita
1507 1765 1710 1829 irrisit,
1744 1765 1887 1820 adeo
1928 1770 1992 1819 ut
2031 1766 2119 1819 vel

467 1855 678 1911 leniter
725 1854 1057 1921 subrisisse,
1108 1854 1350 1908 nimium
1415 1870 1559 1923 pene
1617 1853 1728 1924 ipsi
1787 1853 2121 1909 videretur?

473 1948 745 2011 Quzenam
774 1944 1014 1998 auribus
1038 1946 1253 2013 januas
1278 1942 1464 2013 magis
1493 1942 1813 2012 imposuit?
1843 1944 2117 2006 Quaenam

473 2050 678 2088 rursus
710 2049 810 2087 eas
840 2032 1034 2087 divino
1065 2031 1321 2087 sermoni
1353 2030 1542 2103 magis
1586 2030 1873 2102 patefecit,
1896 2030 1983 2085 vel
2016 2048 2119 2102 po-

471 2122 609 2186 tius,
636 2138 904 2191 quaanam
956 2120 1188 2192 linguae,
1213 2120 1282 2175 ad
1315 2120 1673 2175 enarrandas
1708 2119 1802 2174 Dei
1827 2120 2117 2189 justifica-

471 2210 681 2275 tiones,
716 2214 971 2264 mentem
1005 2210 1211 2263 ducem
1257 2208 1445 2279 magis
1498 2208 1794 2279 praefecit?
1842 2210 2118 2274 Quanam

470 2298 735 2353 ordinem
765 2297 939 2354 labiis
969 2314 1129 2369 aeque
1160 2297 1520 2368 praescripsit
1547 2297 1576 2351 ?

542 2387 605 2441 X.
638 2386 828 2441 Vultis
858 2403 924 2441 ex
955 2386 1113 2441 illius
1150 2386 1427 2441 laudibus
1467 2386 1577 2463 hoc
1620 2402 1853 2457 quoque
1884 2386 2116 2454 dicam;

472 2476 625 2546 quod
660 2475 758 2529 illa
785 2475 1021 2545 quidem
1054 2473 1200 2528 nihil
1250 2474 1595 2540 estimabat,
1620 2475 2118 2545 quemadmodum

474 2581 578 2619 nec
610 2579 975 2635 quaecunque
1022 2578 1151 2617 vere
1191 2563 1412 2633 pudicae
1444 2568 1617 2633 atque
1648 2562 1911 2617 honestis
1943 2562 2120 2617 mori-

476 2655 586 2707 bus
616 2653 866 2723 prazdita':
913 2656 1081 2717 sunt;
1117 2651 1337 2705 factum
1386 2655 1474 2704 est
1523 2656 1716 2705 tamen
1750 2668 1950 2706 earum
1980 2652 2119 2707 vitio

473 2757 604 2811 quae
634 2746 875 2795 ornatus
905 2745 961 2795 et
991 2739 1289 2809 elegantiae
1338 2740 1520 2793 nimio
1568 2740 1764 2794 studio
1803 2740 2121 2808 ducuntur,

476 2847 579 2884 nec
610 2846 831 2899 eorum,
853 2829 953 2901 qui
987 2830 1056 2883 ab
1093 2829 1182 2883 bis
1217 2829 1390 2882 rebus
1423 2829 1715 2883 abstinere
1747 2829 1974 2893 docent,
2000 2844 2120 2882 ser-

475 2935 645 2973 mone
666 2923 1012 2988 purgantur,
1032 2922 1096 2971 ut
1115 2917 1225 2972 hoc
1249 2933 1527 2987 magnum
1552 2922 1609 2971 et
1631 2916 1971 2987 praeclarum
1997 2932 2121 2972 esse

470 3006 754 3061 videatur.
780 3007 905 3060 Non
938 3005 1098 3060 illam
1131 3022 1340 3060 aurum
1390 3012 1512 3060 arte
1561 3006 1628 3059 ad
1683 3006 1953 3060 eximiam
1987 3004 2125 3077 pul-

471 3094 865 3149 chritudinem
899 3093 1265 3149 elaboratum
1300 3094 1544 3160 ornavit,
1580 3110 1693 3148 non
1732 3093 1887 3149 ﬂava:
1920 3110 2121 3163 comas,

468 3189 596 3238 tum
654 3183 1031 3253 pellucentes,
1084 3188 1211 3237 tum
1245 3182 1639 3248 sublucentes,
1698 3199 1812 3237 non
1871 3182 2122 3237 crinium

2229 612 2356 688 φὴν,
2393 614 2496 667 ἀπὸ
2525 622 2627 684 τῆς
2658 625 2810 679 σκιᾶς
2841 622 2951 688 (73)
2998 624 3056 675 ἂν
3106 622 3384 695 ἐπαινοίην
3435 628 3524 681 τὸν
3572 626 3877 702 ἀνδριάντα,

2228 702 2261 769 ἢ
2297 700 2402 755 ἀπὸ
2451 707 2555 755 τῶν
2609 704 2822 780 ὀνύχων
2882 710 2972 763 τὸν
3023 708 3233 779 λέοντα,
3270 715 3459 789 παρεὶς
3488 717 3553 769 τὰ
3588 700 3756 788 μείζω
3789 720 3879 771 xui

2226 789 2546 877 τελεώτερα·
2581 794 2668 855 Τίς
2702 797 2798 867 μὶν
2847 797 2912 865 ἦν
2977 799 3253 874 φαίνεσθαι
3314 801 3525 875 μᾶλλον
3573 805 3729 877 cisia;
3789 810 3880 868 Τίς

2230 876 2476 967 δέᾲῆττον
2509 880 2696 967 ἐφάνη,
2731 885 2818 939 καὶ
2854 886 3142 960 ἀπρόσιτον
3188 893 3303 962 (74)
3360 876 3625 967 ἐτήρησεν
3681 896 3877 965 ἑαυτὴν

2229 964 2433 1042 ἀνδρῶν
2494 966 2715 1043 gypsum};
2774 974 2863 1035 Τίς
2924 974 3135 1047 μᾶλλον
3193 974 3331 1053 ἔγνω
3381 964 3547 1055 μέτρα
3588 985 3882 1060 κατηφείας

2225 1077 2283 1147 τε
2313 1056 2400 1109 καὶ
2431 1055 2811 1147 φαιδρότητος,
2844 1063 2918 1124 ὡς
2968 1066 3105 1135 μήτε
3151 1066 3213 1119 τὸ
3261 1069 3373 1141 (75)
3416 1071 3653 1147 κατηφὲς
3710 1055 3881 1125 ἀπάν-

2228 1145 2442 1219 θρωπον
2472 1143 2671 1219 δοκεῖν,
2727 1152 2866 1220 μήτε
2912 1152 2975 1205 τὸ
3018 1154 3130 1206 καθ’
3158 1154 3363 1210 ἁπαλὸν
3398 1159 3509 1229 (76)
3555 1143 3882 1231 ἀκόλαστον,

2227 1231 2373 1287 ἀλλᾶ
2417 1232 2479 1287 τὸ
2533 1236 2627 1307 μὲν
2684 1239 2914 1310 συνετὸν,
2958 1240 3020 1293 τὸ
3070 1238 3126 1295 δὲ
3174 1243 3399 1317 ἥμερον,
3439 1246 3528 1299 καὶ
3562 1245 3685 1319 ὅρον
3718 1255 3883 1302 τοῦτο

2229 1322 2362 1374 εἶναι
2415 1324 2800 1395 κοσμιότητος,
2859 1328 3146 1399 κραθέντος
3203 1336 3300 1383 τοῦ
3361 1331 3748 1407 φιλανθρώπου
3802 1336 3885 1407 τῷ

2228 1408 2602 1483 ἀναστήματι;
2652 1414 2901 1469 ’Δκούετε
2946 1422 3052 1470 τῶν
3080 1424 3344 1493 γυναικῶν
3400 1420 3515 1475 ὅσαι
3579 1420 3699 1477 λίαν
3772 1425 3887 1478 ἐπι-

2230 1494 2488 1553 δεικτικαὶ
2518 1502 2606 1553 καὶ
2632 1501 2863 1575 ῥᾴθυμοι
2896 1508 3030 1575 (77),
3062 1506 3151 1559 καὶ
3193 1506 3254 1560 τὸ
3314 1507 3580 1581 κάλυμμα
3633 1519 3732 1579 τῆς
3797 1515 3887 1567 αἷ-

2230 1581 2356 1646 δοῦς
2389 1587 2764 1677 ἀτιμάζουσαι.
2798 1589 2887 1651 Τίς
2926 1592 3019 1662 μέν
3070 1592 3242 1655 οὕτως
3300 1594 3585 1671 δφθαλμὸν
3637 1598 3886 1677 έσωσρό-

2229 1695 2367 1764 νισεν
2396 1694 2408 1744 ;
2441 1675 2530 1736 Τίς
2565 1674 2622 1729 δὲ
2652 1682 2909 1732 τοσοῦτον
2941 1678 3183 1754 γέλωτος
3213 1683 3590 1757 κατεγέλασεν,
3633 1688 3708 1748 ὡς
3744 1674 3887 1764 μέγα

2230 1759 2404 1816 δοκεῖν
2439 1762 2611 1838 ἐκείνῃ
2642 1767 2730 1819 καὶ
2773 1767 2949 1839 ὁρμὴν
2983 1771 3092 1841 (78)
3155 1768 3547 1843 μειδιάματος;
3594 1776 3684 1837 Τίς
3736 1759 3883 1849 μᾶλ-

2230 1850 2323 1905 λον
2374 1852 2512 1923 ἀκοῇ
2559 1853 2718 1927 θύρας
2770 1854 3063 1925 έπέθηκεν;
3110 1858 3195 1920 τίς
3230 1856 3287 1913 δὲ
3315 1866 3433 1922 τοῖς
3464 1863 3630 1925 θείοις
3686 1864 3886 1939 λόγοις

2228 1940 2449 2012 ἦνέῳξε,
2486 1940 2697 2013 μᾶλλον
2731 1940 2808 2014 δὲ,
2839 1944 2921 2005 τίς
2952 1950 3074 1999 νοῦν
3115 1950 3229 2018 (79)
3286 1947 3571 2019 ἐπέστησεν
3632 1955 3884 2028 ἡγεμόνα

2227 2027 2447 2102 γλώσσῃ
2474 2028 2662 2084 λαλεῖν
2694 2034 2800 2104 (80)
2830 2036 2895 2086 τὰ
2924 2038 3019 2087 τοῦ
3049 2039 3182 2089 Θεοῦ
3213 2033 3588 2111 δικαιώματα;
3621 2027 3711 2102 Τίς
3730 2042 3882 2112 τάξιν

2230 2116 2400 2179 οὕτως
2434 2116 2709 2174 ἐστείλατο
2743 2120 3020 2196 χείλεσιν;

2301 2386 2351 2439 1’·
2396 2382 2467 2437 Ε³’
2652 2386 2664 2403 ⁸
2763 2390 2788 2400 “
2972 2388 2984 2407 ’
3217 2396 3245 2406 “’
3655 2399 3683 2409 “
3779 2395 3787 2410 ’
3857 2399 3891 2409 ⁶

2446 2404 2548 2438 ιπω
2578 2406 2665 2439 και
2695 2407 2855 2441 τουτο
2892 2387 3151 2463 βουλεσθε
3179 2413 3287 2445 των
3320 2392 3521 2464 ἐκείνης
3541 2393 3784 2449 καλων·ὃ
3812 2418 3889 2467 τῃ

2234 2471 2326 2542 μὶν
2356 2469 2497 2541 ἄξιον
2532 2471 2745 2535 οὐδενὸς
2777 2478 2885 2548 (81)
2918 2474 3111 2548 ἰδόκει,
3146 2478 3259 2534 οὐδ’
3292 2482 3410 2535 ὅσαι
3442 2483 3714 2557 σώφρονες
3739 2483 3887 2553 ἀλη-

2231 2562 2340 2621 θῶς
2372 2561 2459 2615 καὶ
2491 2562 2712 2635 κόσμιαι
2744 2565 2833 2618 τὸν
2865 2566 3065 2641 τρόπον
3095 2588 3105 2599 ·
3146 2568 3277 2644 μέγα
3300 2567 3357 2624 δὲ
3379 2568 3553 2625 δοκεῖν
3582 2575 3893 2642 πεποιήκας

2231 2670 2311 2702 σιν
2346 2650 2399 2702 αἱ
2431 2648 2551 2704 λίαν
2586 2650 2916 2727 φιλόκοσμοι
2950 2656 3038 2708 καὶ
3086 2655 3377 2733 φιλόκαλοι
3425 2659 3514 2712 λαὶ
3551 2657 3676 2713 οὐδὲ
3724 2660 3889 2736 λόγῳ

2229 2738 2613 2814 καθαιρόμεναι
2644 2745 2750 2793 τῶν
2778 2742 2843 2795 τὰ
2888 2748 3111 2797 τοιαῦτα
3159 2741 3582 2801 έκπαιδευόντων
3800 2749 3889 2804 Οὐ

2230 2827 2435 2901 χρυσὸς
2485 2826 2691 2897 ἐκείνην
2744 2828 3011 2901 ἐκόσμησε
3052 2832 3218 2907 τέχνῃ
3248 2835 3503 2902 πονηθεὶς
3533 2835 3607 2897 εἷς
3636 2834 3890 2899 κάλλους

2229 2915 2557 2988 περιουσίαν,
2606 2916 2667 2969 οὐ
2718 2917 2896 2986 ξανθαὶ
2944 2917 3281 2993 πλοκαμίδες
3325 2921 3731 3001 διαφαινόμεναι
3767 2929 3893 2999 (83)

2229 3023 2287 3056 τε
2315 3004 2402 3056 xui
2438 3003 2878 3080 ὑποφαινόμεναι,
2928 3007 3015 3060 xui
3069 3009 3387 3085 βοστρύχων
3434 3008 3635 3079 ἕλικες,
3665 3019 3756 3066 καὶ
3789 3035 3891 3067 σο-

2233 3091 2471 3168 φίσματα
2529 3093 2997 3163 σκηνοποιούντων
3058 3097 3153 3165 τήν
3224 3098 3409 3170 τιμίαν
3469 3098 3706 3177 κεφαλὴν
3769 3102 3893 3155 ἀτι-

2238 3179 2463 3252 μότατα,
2515 3180 2615 3235 οὐκ
2675 3180 2895 3250 ἐσθῆτος
2968 3184 3361 3260 περιῤῥεοόσης
3436 3188 3526 3241 καί
3590 3186 3893 3264 διαφανοῦς

468 3271 628 3338 nodi,
662 3276 717 3327 et
747 3271 1105 3342 imposturze,
1146 3272 1465 3342 pretiosum
1511 3275 1686 3341 caput
1726 3287 1959 3325 summa
1989 3287 2121 3325 cum

2237 3266 2583 3340 πολυτέλεια,
2643 3270 2704 3323 οὐ
2766 3270 2934 3334 λίθων
2991 3273 3147 3348 αὐγαὶ
3175 3276 3264 3327 καὶ
3322 3276 3544 3351 χάριτες
3576 3257 3892 3353 χρωννῦσαι

469 3360 714 3415 infamia
744 3376 979 3414 scenam
1012 3359 1415 3421 efﬁcientium,
1442 3374 1556 3412 non
1582 3358 2045 3413 circumﬂuentis
2075 3363 2130 3413 et

471 3448 772 3519 pellucidae
804 3448 981 3501 vestis
1011 3447 1467 3518 magnificentia,
1494 3464 1609 3500 non
1642 3446 1903 3517 lapidum
1936 3445 2130 3518 splen-

471 3538 642 3592 dores
673 3540 729 3590 et
757 3534 979 3607 gratiae,
1015 3534 1409 3605 propinquum
1444 3550 1637 3589 aerem
1683 3533 2029 3604 colorantes,
2061 3552 2128 3591 ac

471 3626 716 3681 formam
733 3623 955 3678 lumine
968 3623 1184 3677 circum
1197 3623 1523 3683 fundentes;
1541 3640 1652 3677 non
1670 3623 1956 3693 pictarum
1973 3628 2127 3679 artes

469 3718 526 3770 et
556 3713 867 3786 prestigiae,
904 3713 1059 3768 224
1091 3728 1155 3766 ac
1187 3710 1319 3766 vilis
1361 3716 1419 3767 et
1463 3727 1637 3783 parvo
1670 3717 1946 3767 constans
1993 3711 2126 3777 pul-

470 3802 765 3869 chritudo,
797 3806 1178 3871 terrenusque
1213 3801 1397 3866 ﬁctor,
1432 3800 1489 3854 in
1539 3800 1896 3854 contrarium
1950 3801 2125 3856 fabri-

472 3910 633 3956 cans,
667 3890 1089 3959 insidiosisque
1119 3888 1411 3944 coloribus
1442 3889 1535 3944 Dei
1572 3890 1912 3957 ﬁgmentum
1945 3890 2128 3943 obdu-

473 3996 630 4048 cens,
656 3988 711 4034 et
733 3996 832 4049 per
864 3979 1143 4034 honorem
1171 3977 1474 4032 infamiam
1501 3979 1844 4041 inurens,ac
1867 3978 2125 4032 divinam

474 4069 721 4123 formam
756 4067 1151 4122 meretricium
1174 4066 1517 4137 procacibus
1540 4064 1724 4120 oculis
1748 4065 1967 4121 idolum
1995 4084 2124 4137 pro-

474 4172 715 4225 ponens,
736 4160 801 4207 ut
826 4153 1155 4209 adulterina
1177 4155 1551 4226 pulchritudo
1576 4153 1901 4209 naturalem
1924 4155 2121 4226 imagi-

474 4259 781 4311 nem,qua3
817 4243 927 4297 Deo
973 4259 1039 4297 ac
1092 4243 1286 4296 futuro
1345 4259 1459 4296 aevo
1504 4246 1786 4311 servatur,
1812 4242 2121 4314 subripiat.

474 4330 687 4385 Verum
720 4345 854 4382 cum
901 4334 1168 4384 externos
1210 4328 1427 4383 multos
1472 4335 1529 4383 et
1573 4330 1760 4385 varios
1806 4331 2121 4385 mulierum

473 4422 716 4473 ornatus
747 4418 1010 4488 cognitos
1063 4418 1320 4485 haberet,
1345 4416 1569 4472 nullum
1619 4424 1817 4473 tamen
1860 4420 2122 4475 moribus

2235 3358 2325 3410 τὸν
2358 3355 2590 3426 πλησίον
2626 3358 2774 3433 ἀέρα,
2806 3361 2893 3414 καὶ
2925 3362 3019 3422 τὰς
3065 3364 3274 3440 μορφὰς
3334 3367 3448 3437 (84)
3500 3367 3897 3441 περιλάμπου-

2238 3465 2322 3498 σαι
2349 3464 2359 3476 ⁸
2397 3444 2459 3499 οὐ
2516 3446 2813 3524 ζωγράφων
2867 3448 3049 3523 τέχναι
3222 3452 3311 3504 καὶ
3359 3452 3726 3525 γοητεύματα,
3787 3458 3893 3510 καὶ

2232 3538 2295 3587 τὸ
2327 3532 2524 3588 εὔωνον
2556 3533 2763 3598 κάλλος
2794 3536 2882 3590 καὶ
2915 3539 2941 3592 ὁ
2974 3540 3206 3593 κάτωθεν
3256 3538 3505 3609 πλάστης
3561 3545 3672 3613 (86)
3728 3544 3901 3597 ἀντι-

2237 3618 2729 3697 δημιουργῶν,καί
2772 3626 3158 3701 κατακρύπτων
3185 3626 3247 3682 τὸ
3311 3632 3407 3682 τοῦ
3465 3634 3597 3683 Θεοῦ
3652 3630 3899 3705 πλάσμα

2236 3706 2552 3773 ἐπιϐούλοις
2584 3713 2863 3787 χρώμασι,
2895 3714 2984 3768 καὶ
3016 3711 3103 3768 διὰ
3132 3722 3233 3784 τῆς
3261 3720 3429 3789 τιμῆς
3470 3719 3762 3793 αἰσχύνων,
3796 3722 3901 3774 καὶ

2235 3799 2510 3873 προτιθεὶς
2564 3802 2679 3872 (87)
2735 3801 2832 3866 τὴν
2894 3801 3033 3855 θείαν
3096 3805 3311 3880 μορφήν
3369 3802 3597 3859 εἴδωλον
3625 3808 3900 3878 πορνικὸν

2237 3886 2449 3962 λίχνοις
2482 3882 2741 3959 ὄμμασιν,
2769 3886 2860 3941 ’ίνα
2903 3888 3077 3963 κλέψῃ
3122 3891 3184 3944 τὸ
3226 3890 3379 3946 νόθον
3430 3892 3633 3954 κάλλος
3660 3894 3763 3962 τὴν
3788 3918 3903 3973 φυ-

2236 3975 2389 4042 σικὴν
2423 3975 2601 4029 εἰκόνα
2630 3978 2972 4048 τηρουμένην
3002 3983 3117 4049 Θεῷ
3146 3979 3235 4033 καὶ
3262 3984 3338 4051 τῷ
3372 3980 3651 4053 μέλλοντι.
3703 3982 3902 4040 ’Δλλὲ

2233 4061 2482 4124 πολλοὺς
2542 4063 2633 4135 μὲν
2680 4060 2797 4137 ᾔδει
2842 4066 2929 4118 xui
2990 4066 3274 4129 παντοίους
3324 4075 3585 4144 γυναικῶν
3640 4071 3899 4144 κόσμους

2231 4152 2356 4213 τοὺς
2414 4150 2624 4221 ἔξωθεν,
2680 4154 3006 4229 τιμιώτερον
3062 4152 3118 4209 δὲ
3342 4155 3527 4212 οὐδένα
3556 4164 3652 4213 τοῦ
3683 4161 3897 4230 ἑαυτῆς

2230 4241 2455 4315 τρόπου,
2516 4240 2603 4293 xui
2660 4248 2762 4309 τῆς
2819 4236 2965 4296 ἔνδον
3028 4244 3392 4317 ἀποκειμένης
3466 4246 3896 4323 λαμπρότητος.

2232 4332 2327 4385 "Ev
2381 4330 2473 4401 μὲν
2534 4326 2750 4405 ἔρευθος
2807 4330 2979 4405 ὶκείνῃ
3036 4331 3219 4409 φίλον,
3270 4335 3333 4389 τὸ
3386 4338 3486 4403 τῆς
3529 4334 3753 4398 αἰδοῦς·
3788 4340 3902 4410 μία

2232 4415 2289 4471 δὲ
2346 4412 2628 4489 λευκότης,
2690 4420 2724 4487 ἠ
2774 4421 2918 4495 παρά
2974 4427 3076 4488 τῆς
3134 4421 3464 4497 ἐγκρατείας.
3510 4425 3612 4486 Τὰς
3661 4422 3717 4478 δὲ
3750 4448 3900 4501 γρα-

544 4563 657 4636 (72)
688 4560 1022 4636 ξΕπαινοίην.
1076 4563 1181 4636 ΙῒαΔ
1206 4566 1383 4635 Regg.
1417 4563 1537 4633 bm,
1581 4562 1682 4633 hu,
1714 4568 1832 4619 tres
1874 4564 2031 4620 Colb.
2065 4571 2121 4621 et

2231 4569 2345 4636 Jes.
2381 4565 2625 4631 addunt,
2657 4564 2760 4636 xui
2776 4563 2951 4632 κλεῖν,
2985 4590 3013 4616 ‹‹
3046 4567 3447 4625 celebrandas.
3475 4592 3502 4619 υ

470 4630 565 4693 Or;
600 4630 650 4688 1;
684 4635 812 4690 Par.
846 4634 936 4689 ed.
973 4630 1318 4703 ιπαινοίμηνῖ

543 4707 655 4779 (73)
691 4709 871 4779 Σκιᾶς.
906 4704 1046 4779 Reg.
1081 4722 1133 4775 a,
1169 4709 1225 4759 et
1254 4704 1426 4779 Goisl.
1462 4703 1957 4779 1,7addunt,_émi.

543 4770 656 4846 (74)
686 4778 784 4829 Καὶ
814 4770 1129 4848 ἀπρόσῖτον,
1164 4782 1272 4831 etc.
1307 4774 1435 4830 Haec
1477 4770 1549 4831 ab
1589 4770 1911 4832 editoribus
1941 4778 2121 4833 omis-

473 4868 559 4912 sa,
593 4849 863 4918 quamvis
893 4847 926 4919 a
956 4848 1125 4919 Billio
1152 4848 1381 4919 reddita
1411 4848 1471 4901 in
1503 4847 1692 4919 prima
1721 4848 1993 4904 editione.

477 4993 486 5003 .
545 4920 657 5003 (7E?)
687 4920 836 4987 Μήτε
864 4918 944 4972 τό.
983 4920 1077 4975 Sic
1109 4918 1249 4991 Reg.
1284 4918 1385 4989 hu,
1418 4919 1514 4973 Or.
1552 4922 1600 4988 1,
1633 4924 1690 4973 et
1717 4923 1835 4974 Jes.
1868 4920 2041 4975 Deest
2058 4918 2121 4972 τό

473 4991 656 5132 ωϐἓ)
686 5061 809 5113 Καθ’
842 5058 1069 5115 ἁπαλόν.
1103 5062 1276 5116 Deest
1305 5060 1419 5121 καθ’
1453 5060 1509 5113 in
1560 5060 1739 5132 Regg.
1773 5061 1892 5132 bm,
1926 5061 2027 5127 hu,
2060 5062 2121 5116 in

472 5132 662 5189 tribus
692 5132 876 5203 Colb.,
910 5132 1005 5189 Or.
1045 5134 1092 5198 1,
1126 5137 1183 5188 et
1209 5132 1327 5187 Jes.

682 5200 957 5275 Ῥᾴθυμοι.
1014 5204 1153 5275 Reg.
1199 5205 1316 5269 bm,
1349 5208 1406 5257 et
1452 5202 1569 5257 Jes.
1602 5200 1895 5275 πρόθυμοι,
1929 5226 1957 5254 ‹‹
1993 5202 2121 5260 ala-

471 5281 921 5420 iriiag'fiopw.
976 5345 1069 5399 Sic
1127 5345 1267 5417 Reg.
1328 5343 1430 5413 hu,
1490 5348 1546 5399 et
1602 5345 1775 5402 Coisl.
1834 5347 1886 5401 1.
1946 5346 2118 5419 Editi,

472 5418 652 5559 api???)
677 5482 1173 5559 :Hvéqiee,_p&l)tov
1218 5482 1293 5559 δὲ,
1330 5483 1447 5559 ,τίς-
1471 5488 1613 5559 νοῦν.
1650 5487 1828 5559 Regg.
1862 5486 1982 5559 bmg,
2015 5487 2117 5553 hu,

543 5503 652 5559 (Ἰν)
686 5503 930 5555 Ἠνεῳξε,
962 5503 1173 5555 μαΛΛον
1218 5503 1273 5537 οε
1339 5503 1423 5545 τις
1471 5504 1613 5539 νουν.
1652 5503 1729 5541 ne
1774 5503 1828 5557 g.
1863 5503 1982 5547 om,
2016 5503 2117 5553 nu,

473 5554 1012 5637 Or_..1,_Jes.j§vo_t§e‘.
1042 5559 1209 5637 Deest
1326 5555 1558 5637 in_Reg.
1587 5558 1708 5623 bm,
1734 5503 1841 5625 ἷυ,
1863 5562 1916 5611 et
1944 5557 2036 5611 Or.
2064 5559 2117 5612 4.

473 5626 603 5695 Alii,
632 5622 843 5695 ἦνὲῳξε
861 5622 1073 5695 μᾶλλον
1098 5641 1112 5689 ;
1138 5624 1221 5684 τίς
1249 5622 1307 5678 δὶ
1332 5629 1477 5679 νοῦν.

546 5671 1352 5766 (303'Xiiiziﬁillinis'i‘c'id
1370 5671 1775 5766 exponendas.
1800 5717 1828 5747 »
1854 5696 1949 5752 Or.
1984 5698 2035 5768 1,
2064 5700 2121 5754 et

2238 4635 2411 4719 “(81)
2443 4637 2622 4705 Ἄξιον
2675 4633 2914 4698 οὐδενός.
2967 4639 3106 4711 Reg.
3157 4638 3260 4710 hu,
3296 4640 3390 4696 ΟΡ.
3428 4643 3481 4709 1,
3513 4641 3633 4697 Jes.
3667 4639 3899 4707 οὐδενὸς

2232 4707 2412 4847 αξῗέἒ)
2444 4774 2924 4835 Ἐκπαίδευόντων.
2968 4803 2995 4829 ‹‹
3047 4780 3154 4846 Qui
3202 4780 3324 4837 haec
3376 4799 3552 4853 parva
3599 4799 3728 4841 esse
3781 4787 3893 4843 do-

2232 4854 2878 5060 ce(18t8g”mucpuivdpsvut.
2914 4921 3138 4991 Billius,
3168 4945 3188 4971 ι
3224 4929 3593 4996 apparentes.
3616 4946 3642 4975 ιι

2323 4992 2391 5044 84
2443 4990 2544 5049 Τὰς
2598 4990 2830 5060 μορφάς,
2890 4999 3000 5048 etc.
3041 5017 3068 5042 ‹‹
3123 4994 3362 5052 Formas
3418 4995 3642 5053 lumine

2323 4990 2413 5061 84)
2443 4990 2565 5049 Τὰς
2598 4990 2830 5068 μορφάς,
2890 4999 3000 5048 etc.
3041 5017 3068 5042 ‹‹
3123 4990 3362 5052 Formas
3418 4995 3646 5053 lumine
3700 4997 3893 5054 collu-

2232 5064 2505 5117 strantes.
2539 5083 2559 5111 υ

2301 5134 2412 5275 (85)
2444 5134 2658 5206 Τέχναι.
2695 5133 2833 5260 Reg.
2869 5133 2971 5204 hu,
3004 5146 3060 5190 et
3090 5135 3186 5189 Or.
3223 5137 3272 5205 1,
3303 5134 3494 5209 τέχνη.

2324 5204 2414 5275 86)
2447 5204 2689 5266 Κάτωθεν
2739 5224 2778 5256 π
2823 5205 3009 5274 ἀστης.
3035 5228 3063 5256 ‹‹
3094 5206 3199 5269 Qui
3248 5224 3426 5263 novos
3456 5207 3676 5265 colores
3706 5212 3723 5265 i

2324 5204 2414 5275 86)
2447 5204 2689 5266 Κάτωθεν
2739 5204 3009 5274 πλάστης.
3035 5228 3063 5256 ‹‹
3094 5206 3199 5269 Qui
3248 5204 3426 5263 novo's
3456 5207 3676 5265 colores
3706 5212 3889 5267 indu-

2231 5291 2527 5359 cerenon
2586 5282 2876 5359 verentur,
2907 5282 2963 5333 et
2990 5277 3170 5332 veluti
3225 5277 3539 5352 θεομαχεῖν,
3572 5281 3713 5335 dum
3776 5300 3887 5337 su-

2232 5348 2391 5416 perni
2443 5348 2660 5402 lictoris
2721 5354 2910 5417 partes
2967 5348 3642 5423 assumunt,novasque
3701 5354 3887 5410 facies

2232 5418 2505 5473 effingere
2538 5419 2875 5473 moliuntur.
2906 5440 2933 5467 ››

2229 5434 2505 5489 elnngere
2538 5434 2875 5473 ΠἹΟΙῙυΙιῙσΠΓ.
2906 5440 2933 5467 ὶ)

2300 5490 2413 5572 (87)
2444 5488 2746 5561 Ηροτιθείς,
2775 5495 2887 5545 etc.
2923 5491 2980 5545 In
3014 5490 3107 5545 Or.
3136 5490 3184 5557 1,
3206 5508 3291 5563 γρ.
3324 5489 3633 5563 προστιθεὶς
3765 5496 3888 5564 θείᾳ

2232 5576 2776 5711 Ῡοὲἓὲἶιξιμιώτερον
2829 5627 2905 5685 δέ.
3097 5631 3274 5705 Regg.
3322 5633 3445 5701 bm,
3494 5635 3595 5705 hu,
3629 5635 3726 5691 Or.
3764 5640 3789 5692 1
3825 5646 3887 5694 et

2226 5698 2346 5755 Jes.
2380 5698 2552 5769 Editi,
2592 5698 2917 5777 τιμιώτερον
2956 5698 3021 5755 δ’.

2398 4919 2413 5061 3
