4244 6216
330 358 442 415 801

948 355 1236 416 ORATIO
1283 353 1441 413 Vlll.
1476 384 1554 396 —
1592 351 1669 410 IN
1716 350 2041 411 LAUDEM
2087 349 2418 410 SUHORIS
2469 352 2646 411 SU/E
2692 355 3139 415 GORGUNl/E.

3625 362 3744 423 802

329 488 429 564 φὰς
480 488 568 541 xui
629 488 963 564 ὑπογραφὰς,
1012 489 1101 542 καὶ
1152 486 1279 546 τοὺς
1339 489 1540 553 ζῶντας
1599 482 1845 553 πίνακας,
1887 480 1975 537 xui

2102 483 2237 549 suis,
2263 488 2435 553 atque
2470 484 2625 539 intus
2658 486 2888 542 condito
2920 487 3247 560 splendore,
3276 495 3741 562 praestantiorem

326 578 425 644 τὴν
462 576 681 650 ῥέουσαν
712 576 1030 653 εὐμορφίαν,
1064 582 1184 636 ταῖς
1218 574 1306 628 ἐπὶ
1355 572 1588 648 θεάτρων
1636 574 1845 645 παρῆκε
1891 571 1979 625 καὶ

326 668 433 718 τῶν
465 660 722 739 τριόδων,
753 664 842 718 καὶ
872 665 1021 725 ’ὀσαις
1054 662 1286 737 αἰσχύνη
1318 662 1407 716 xui
1438 658 1646 722 ὄνειδος
1674 661 1736 713 τὸ
1786 658 1977 733 αίσχύε-

330 764 534 815 νεσθαι.

2092 573 2459 643 agnoscebat.
2497 573 2657 628 Unus
2690 574 2772 628 illi
2808 576 2986 630 rubor
3027 577 3311 647 placebat,
3346 597 3519 651 quem
3557 585 3744 654 pudor

2091 660 2257 714 affert
2285 676 2297 713 :
2332 678 2486 715 unus
2518 665 2755 732 candor,
2789 680 2965 734 quem
3001 666 3152 735 parit
3183 670 3563 724 continentia.
3598 672 3741 727 Nam

2090 749 2408 819 pigmenta,
2435 755 2492 803 et
2524 751 2707 815 fucos,
2734 769 2799 806 ac
2833 753 2987 807 vivas
3021 754 3272 821 tabulas,
3298 762 3351 810 et
3389 758 3604 812 fluxam
3628 760 3747 814 for-

336 860 442 897 ωε
486 847 851 899 venustatem
883 842 1130 899 scenicis
1162 847 1217 896 et
1246 840 1574 895 trivialibus
1606 839 1993 909 relinquebat,
2027 837 2360 909 quibusque
2395 838 2669 908 probrum
2706 857 2769 893 ac
2802 842 3053 896 dedecus
3083 850 3171 897 est
3202 848 3561 901 erubescere.

406 959 510 1014 IA‘.
540 962 716 1011 Ταῦτα
749 958 845 1029 μὲν
878 955 944 1025 δὴ
975 961 1197 1010 τοιαῦτα
1220 973 1231 984 ·
1278 957 1376 1023 τῆς
1426 951 1482 1007 δὲ
1531 955 1847 1030 φρονήσεως
1895 952 1984 1005 xui

331 1052 430 1114 τῆς
463 1040 731 1107 εὐσεϐείας
764 1045 864 1099 οὐκ
886 1044 1024 1099 ἔστιν
1056 1047 1169 1117 (89)
1209 1042 1356 1104 ὅστις
1391 1041 1448 1096 ἂν
1482 1041 1719 1119 ἐφίκοιτο
1754 1040 1984 1116 λόγος,ἢ

334 1134 520 1189 πολλὰ
550 1134 610 1187 ἂν
641 1133 877 1209 εὑρεθείη
911 1135 977 1187 τὰ
1023 1130 1459 1206 παραδείγματα,
1492 1130 1638 1198 πλὴν
1694 1134 1800 1184 τῶν
1857 1126 1988 1183 ὲκεί-

335 1245 435 1291 νης
490 1223 580 1276 καὶ
626 1222 762 1277 κατὰ
809 1224 979 1297 σάρκα
1026 1223 1115 1275 καὶ
1145 1222 1279 1275 κατά
1309 1224 1520 1293 πνεῦμα
1549 1220 1815 1295 πατέρων,
1849 1218 1987 1292 πρὸς

336 1309 431 1372 οὕς
499 1312 692 1383 μόνους
743 1313 946 1387 ὁρῶσα,
997 1310 1085 1365 xui
1136 1311 1209 1363 ὧν
1262 1307 1414 1363 οὐδὲν
1472 1307 1835 1379 ἐλαττουμὲνη
1888 1308 1986 1374 τὴν

339 1401 555 1474 ἀρετὴν,
617 1399 693 1455 ἐνὶ
750 1399 929 1471 τούτῳ
987 1400 1077 1453 xui
1136 1398 1298 1471 μόνον
1345 1401 1544 1467 ἡττᾶτο
1575 1397 1663 1451 xui
1694 1396 1829 1450 πάνυ
1859 1416 1990 1472 προ-

338 1488 544 1561 θῦμως,
632 1487 714 1543 ὅτι
801 1490 928 1563 παρ’
1015 1487 1230 1542 ἐκείνων
1301 1488 1364 1541 τὸ
1442 1487 1656 1562 ἀγαθὸν,
1715 1486 1989 1547 κάκείνους

340 1575 492 1652 ῥίζαν
524 1577 612 1631 καὶ
646 1574 765 1652 ᾔδει
798 1577 888 1631 καὶ
941 1575 1225 1651 ὡμολόγει
1266 1582 1365 1644 τῆς
1395 1574 1590 1635 είκείας
1638 1573 1988 1647 ἐλλάμψεως.

338 1666 399 1719 Τί
437 1667 530 1738 μὲν
572 1673 671 1735 τῆς
706 1664 942 1727 διανοίας
988 1664 1189 1730 ἐκείνης
1237 1664 1506 1739 ὀξύτερον,
1554 1665 1614 1731 ἣν
1658 1684 1719 1739 γε
1744 1664 1832 1717 καὶ
1881 1684 1993 1717 κοι-

338 1755 435 1822 νὴν
460 1749 773 1826 σύμϐουλον
808 1754 916 1829 οὐχ
946 1754 997 1807 oi
1037 1752 1095 1807 ἐκ
1142 1754 1328 1829 γένους
1384 1752 1563 1824 μόνον,
1616 1750 1729 1806 οὐδ’
1779 1753 1831 1806 oi
1880 1754 1992 1823 (90)

339 1812 405 1897 ἐκ
428 1812 718 1897 τοῖιιαῦτοῦ
751 1812 916 1915 luci):
938 1841 1027 1896 xui
1056 1812 1166 1911 τῆς.
1202 1812 1326 1913 μιᾶς
1377 1812 1487 1914 (91)
1540 1812 1799 1916 μάνδραις,
1850 1812 1992 1895 ἄλλα
2020 1812 2068 1875 Β

337 1933 428 1987 xui
461 1933 512 1986 oi
542 1930 732 2004 κύκλῳ
782 1931 839 1986 δὲ
886 1933 1078 1993 πάντες
1125 1931 1439 2005 ἐγίνωσκον,
1471 1930 1559 1984 xui
1591 1929 1760 2002 νόμον
1793 1927 1988 1984 ἄλυτον

338 2022 434 2081 τὰς
486 2019 695 2090 ἐκείθης
756 2019 1037 2075 ἐποιοῦντο
1096 2022 1207 2093 (92)
1268 2020 1542 2089 ὑποθήκας
1600 2019 1688 2073 xui
1739 2019 1990 2093 παραινὲ-

344 2129 493 2178 σεις;
528 2108 597 2166 Τί
630 2107 687 2163 δὲ
735 2112 846 2182 (93)
893 2114 1000 2163 τῶν
1055 2109 1235 2182 λόγων
1286 2108 1501 2162 ἐκείνων
1530 2104 1988 2183 λεύστοχώτεροη

336 2197 392 2252 τί
420 2194 477 2251 δὲ
506 2204 605 2266 τῆς
636 2205 848 2267 σιωπῆς
882 2198 1236 2272 συνετώτερον
1264 2216 1276 2264 ;
1328 2194 1481 2252 Ἀλλ’
1522 2194 1707 2265 ἐπειδή
1755 2217 1814 2271 γε
1862 2217 1989 2249 σιω-

330 2294 443 2355 πῆς
478 2286 773 2358 ἐμνήσθην,
807 2288 1103 2361 προσθήσω
1144 2287 1207 2340 τὸ
1259 2284 1587 2339 οἰκειότατον
1617 2287 1729 2358 (94)
1760 2284 1990 2354 ἐκείνης,

329 2375 422 2427 καὶ
479 2376 678 2451 γυναιξὶ
732 2373 1197 2450 πρεπωδέστατον,
1256 2374 1343 2429 xui
1393 2379 1472 2445 τῷ
1536 2373 1760 2448 παρόντι
1820 2379 1993 2448 καιρῷ

337 2464 783 2537 χρησιμώτατον.
834 2463 922 2524 Τίς
972 2463 1066 2535 μὲν
1126 2461 1262 2537 ἔγνω
1311 2463 1378 2515 τὰ
1432 2463 1555 2537 περὶ
1604 2469 1735 2516 Θεου
1782 2459 1994 2533 μᾶλλον

339 2548 400 2604 ἔκ
444 2572 502 2605 τε
542 2555 646 2604 τῶν
700 2550 857 2604 θείων
921 2550 1124 2625 λογίων
1169 2552 1259 2604 καὶ
1316 2557 1415 2619 τῆς
1449 2550 1651 2611 οἰκείας
1698 2549 1990 2616 συνέσεως

338 2639 440 2701 Τίς
473 2637 529 2692 δὲ
557 2640 718 2707 ἧττον
753 2638 1041 2717 ἐφθέγξατο
1092 2638 1143 2692 ἐν
1181 2645 1297 2699 τοῖς
1352 2638 1675 2715 γυναικείοις
1705 2642 1815 2709 (95)
1843 2637 1994 2711 ὅροις

335 2735 437 2796 τῆς
498 2724 765 2789 εὐσεϐείας
826 2728 1088 2800 μείνασα;
1149 2730 1212 2782 Ὅ
1273 2726 1319 2781 δ’
1358 2726 1449 2782 οὖν
1510 2726 1777 2804 ὠφείλετο
1837 2726 1905 2800 τῇ
1936 2747 1996 2801 γε

340 2816 565 2886 ἀληθῶς
635 2812 867 2870 εὐσεϐεῖν
940 2816 1223 2891 ἐγνωκυίᾳ,
1284 2816 1373 2870 xui
1419 2817 1480 2869 οὗ
1534 2815 1676 2884 καλὴ
1741 2815 1903 2888 μόνον
1957 2817 1991 2883 ή

341 2904 642 2975 ἀπληστία,
690 2905 773 2967 τίς
826 2907 920 2976 μὶν
968 2904 1297 2977 ἀναθήμασιν
1365 2904 1507 2959 οὕτω
1565 2904 1726 2965 ναοὺς
1772 2899 1994 2958 κατεκό-

342 3015 568 3065 σμησεν,
603 2992 809 3055 ἄλλους
855 3014 914 3047 τε
970 2994 1058 3047 xui
1107 2995 1197 3048 τὸν
1249 2996 1359 3066 (96)
1399 2993 1498 3048 οὐκ
1528 2991 1629 3047 οἶδ’
1661 2993 1705 3047 εἰ
1738 2996 1848 3066 (97)
1884 2994 1996 3064 μετ’

347 3082 558 3152 ἐκείνην
590 3081 1119 3154 κοσμηθησόμενον;
1174 3081 1399 3137 Μᾶλλον
1454 3079 1531 3150 δὲ,
1580 3082 1663 3143 τίς
1699 3081 1841 3135 οὕτω
1871 3082 1994 3135 ναὸν

2167 954 2255 1007 XI.
2294 955 2474 1024 Atque
2509 954 2630 1009 haec
2664 956 2898 1026 quidem
2949 958 3106 1014 talia.
3143 960 3515 1016 Prudentiam
3549 968 3744 1018 autem

2096 1043 2281 1114 ipsius
2306 1060 2369 1097 ac
2399 1044 2669 1113 pietatem
2696 1062 2865 1099 nemo
2890 1050 2976 1100 est
3008 1048 3104 1116 qui
3130 1049 3324 1104 verbis
3353 1049 3487 1105 ullis
3510 1053 3746 1122 assequi

2099 1132 2323 1204 possit;
2360 1148 2464 1186 nec
2496 1132 2679 1186 multa
2702 1134 2965 1204 exempla
2999 1137 3234 1206 reperiri
3267 1145 3500 1207 queant,
3542 1146 3749 1210 praeter

2098 1220 2276 1285 illius,
2306 1226 2430 1274 tum
2456 1223 2778 1275 secundum
2803 1238 3034 1293 corpus,
3066 1228 3190 1277 tum
3226 1227 3545 1281 secundum
3579 1229 3753 1299 spiri-

2099 1313 2246 1375 tum,
2284 1316 2573 1380 parentes,
2626 1310 2682 1363 in
2735 1329 2883 1382 quos
2932 1312 3088 1367 solos
3143 1314 3392 1383 intuens,
3444 1321 3499 1370 et
3528 1318 3744 1387 quibus

2097 1398 2309 1452 virtute.
2329 1399 2669 1468 neutiquam
2695 1400 2933 1454 inferior
2951 1417 3082 1455 cum
3104 1407 3278 1468 esset,
3296 1402 3403 1458 hoc
3425 1422 3538 1459 uno
3556 1410 3750 1459 tamen

2101 1488 2335 1541 nomine
2369 1504 2647 1558 perquam
2682 1489 2929 1543 libenter
2950 1490 3207 1560 cedebat,
3235 1493 3387 1562 quod
3416 1494 3485 1546 ab
3520 1493 3611 1547 his
3646 1494 3754 1547 hoc

2100 1577 2318 1631 bonum
2352 1576 2690 1647 accepisset,
2716 1595 2927 1649 eosque
2962 1579 3414 1635 illuminationis
3446 1599 3564 1636 sua:
3597 1582 3755 1637 radi-

2101 1682 2225 1719 cem
2250 1669 2305 1720 et
2330 1670 2672 1735 agnosceret
2702 1672 2757 1721 et
2788 1668 3082 1722 fateretur.
3108 1669 3237 1723 Jam
3260 1687 3391 1724 vero
3425 1672 3557 1740 quid
3592 1671 3751 1727 illius

2102 1753 2336 1825 ingenio
2370 1756 2618 1817 acutius,
2654 1756 2868 1826 quippe
2898 1756 3067 1826 cujus
3100 1758 3343 1812 consilio
3379 1775 3492 1813 non
3527 1760 3561 1813 ii
3617 1764 3754 1814 tan-

2101 1846 2225 1896 tum
2256 1843 2352 1913 qui
2379 1859 2587 1914 genere
2620 1844 2808 1914 ipsam
2834 1845 3219 1917 attingebant,
3244 1854 3300 1902 et
3329 1848 3427 1917 qui
3453 1865 3519 1903 ex
3548 1849 3752 1903 eadem

2102 1930 2269 2003 plebe
2320 1936 2494 2002 atque
2544 1934 2745 1987 eadem
2799 1933 2967 1988 caula
3014 1940 3200 2003 erant,
3237 1936 3338 1989 sed
3378 1936 3544 1991 vicini
3577 1938 3753 1992 etiam

2102 2036 2305 2074 omnes
2334 2021 2725 2075 communiter
2749 2022 3085 2090 utebantur,
3108 2025 3351 2093 ejusque
3382 2030 3669 2097 prtecepta
3699 2030 3755 2080 et

2101 2108 2531 2165 exhortationes
2549 2128 2651 2181 pro
2672 2111 2840 2165 ﬁrma
2858 2116 2915 2165 et
2936 2111 3251 2167 inviolabili
3278 2112 3403 2184 lege
3420 2113 3755 2169 ducebant?

2102 2198 2248 2261 Quid
2300 2196 2456 2251 illius
2508 2200 2881 2253 sermonibus
2932 2199 3254 2255 solertius?
3304 2201 3449 2264 Quid
3519 2201 3752 2256 silentio

2103 2286 2452 2357 prudentius
2474 2287 2501 2339 ?
2534 2287 2599 2340 Et
2630 2288 2907 2357 quoniam
2940 2288 2998 2341 in
3031 2288 3247 2343 silentii
3272 2290 3629 2344 mentionem
3660 2291 3748 2344 in-

2103 2375 2239 2446 cidi,
2273 2376 2483 2430 addam
2536 2376 2615 2439 id,
2649 2378 2800 2446 quod
2856 2377 3105 2430 maxime
3138 2379 3437 2448 proprium
3470 2378 3579 2449 ipsi
3614 2378 3748 2445 fuit,

2104 2464 2376 2534 quodque
2403 2464 2747 2519 mulieribus
2772 2466 3088 2519 admodum
3114 2465 3402 2535 congruit,
3418 2471 3592 2537 atque
3614 2466 3751 2521 huic

2104 2554 2351 2622 tempori
2407 2569 2779 2623 permagnam
2818 2552 3129 2607 utilitatem
3162 2554 3443 2608 attulerit.
3476 2554 3751 2617 Quaenam

2105 2656 2197 2695 res
2221 2642 2470 2704 divinas,
2494 2647 2619 2695 tum
2643 2657 2711 2696 ex
2732 2641 2944 2695 divinis
2968 2640 3238 2705 oraculis,
3266 2647 3393 2695 tum
3421 2658 3487 2695 ex
3520 2643 3756 2713 propria

2104 2728 2491 2800 intelligentia
2510 2734 2567 2785 et
2587 2730 2924 2800 sagacitate,
2941 2729 3129 2802 magis
3152 2728 3458 2800 cognovit?
3480 2732 3757 2794 Quaenam

2104 2835 2310 2872 rursus
2330 2820 2527 2871 minus
2544 2816 2741 2873 locuta
2759 2823 2866 2884 est,
2884 2817 3270 2872 muliebribus
3290 2818 3523 2888 pietatis
3542 2816 3760 2873 ﬁnibus

2107 2923 2233 2962 sese
2264 2906 2567 2960 continens
2591 2911 2613 2961 Ρ
2643 2906 2796 2976 Jam,
2822 2906 2976 2977 quod
3012 2905 3276 2960 mulieris
3301 2909 3443 2976 erat,
3470 2922 3593 2977 qua:
3627 2922 3757 2961 vere

2106 2994 2304 3065 pietati
2340 2995 2572 3049 studere
2602 2994 2863 3049 animum
2897 2993 3243 3056 induxisset,
3276 2998 3333 3048 et
3376 2994 3434 3047 in
3486 2981 3599 3065 quo
3634 2994 3755 3049 solo

2110 3083 2437 3136 satietatem
2474 3083 2693 3137 nescire
2718 3081 3060 3152 praeclarum
3092 3088 3204 3147 est,
3237 3098 3505 3153 quaenam
3538 3088 3623 3136 tot
3653 3083 3755 3136 do-

340 3173 527 3226 ἑαυτὸν
580 3174 692 3244 (98)
737 3176 817 3242 τῷ
865 3176 981 3243 Θεῴ
1035 3175 1205 3239 ζῶντα
1252 3170 1620 3246 παρέστησεν;
1670 3171 1757 3231 Τίς
1806 3168 1863 3224 δὲ
1908 3188 1994 3224 το-

2112 3172 2314 3238 nariis,
2345 3188 2476 3225 cum
2510 3171 2624 3225 alia
2652 3170 2892 3242 templa,
2924 3176 3050 3225 tum
3082 3171 3190 3226 hoc
3230 3188 3462 3243 quoque
3511 3171 3759 3236 ornavit,

339 3266 531 3314 σοῦτον
580 3256 822 3328 ἐδόξασεν
872 3260 1073 3334 ἱερέας,
1122 3256 1327 3319 ἄλλους
1370 3280 1429 3313 τε
1466 3259 1555 3313 καὶ
1596 3260 1686 3313 τὸν
1718 3261 1831 3331 (99)
1860 3258 1994 3313 ἐκεί-

340 3371 403 3419 νῃ
433 3351 530 3416 τῆς
566 3342 835 3408 εὐσεϐείας
881 3349 1284 3421 συναγωνιστὴν
1337 3347 1426 3402 καὶ
1460 3345 1807 3417 διδάσκαλον,
1841 3346 1903 3401 οὗ
1931 3347 1999 3401 τὰ

340 3435 485 3491 καλὰ
508 3432 789 3509 σπέρματα
820 3436 907 3489 xui
938 3438 973 3504 ἡ
1006 3437 1378 3511 καθιερωμένη
1410 3440 1517 3490 τῶν
1544 3437 1743 3490 τέκνων
1774 3440 1853 3507 τῷ
1883 3440 1997 3507 Θεῷ

348 3522 575 3599 συζυγία
602 3526 679 3596 (1)
707 3543 719 3592 ;

2109 3260 2261 3315 haud
2289 3262 2406 3313 scio
2430 3276 2501 3314 an
2530 3265 2661 3331 post
2685 3276 2812 3315 eam
2836 3260 3167 3314 ornandum
3191 3264 3245 3315 et
3278 3260 3709 3315 honestandum
3734 3260 3762 3313 ?

2105 3348 2239 3403 Jam
2270 3365 2402 3403 vero
2435 3365 2702 3419 quaenam
2738 3348 2978 3420 perinde
3001 3349 3149 3405 225
3188 3350 3443 3420 seipsam
3476 3350 3758 3420 templum

2106 3438 2297 3491 vivum
2332 3437 2447 3492 Deo
2478 3437 2786 3491 exhibuit?
2839 3443 3114 3503 Quaenam
3166 3438 3289 3509 pari
3322 3438 3540 3493 honore
3568 3455 3757 3492 sacer-

2108 3526 2273 3580 dotes
2304 3524 2604 3596 complexa
2633 3530 2739 3589 est,
2765 3541 3018 3595 eumque
3052 3526 3398 3597 praesertim,
3429 3542 3603 3596 quem
3636 3526 3757 3597 pie-

342 3615 483 3669 tatis
534 3613 995 3670 commilitonem
1045 3618 1103 3668 et
1157 3614 1508 3686 magistrum
1560 3614 1786 3682 habuit,
1837 3613 2027 3679 illum,
2084 3613 2349 3684 inquam,
2403 3614 2571 3683 cujus
2621 3613 2867 3685 pulchra
2918 3616 3147 3669 semina
3193 3620 3352 3681 sunt,
3386 3622 3437 3668 et
3471 3631 3574 3684 par
3606 3614 3757 3668 ﬁlio-

345 3720 477 3759 rum
507 3703 623 3759 Deo
668 3712 1093 3759 consecratum.

418 3819 515 3873 IB'.
551 3818 649 3878 Τίς
682 3814 738 3870 δὲ
764 3818 856 3871 τὸν
907 3819 1060 3871 οἷκον
1106 3818 1298 3885 ἑαυτῆς
1336 3814 1547 3889 μᾶλλον
1578 3814 1855 3890 προῦθηκε
1884 3822 2004 3877 τοῖς

350 3910 481 3973 ζῶσι
512 3906 647 3960 κατὰ
693 3906 819 3961 Θεὸν
868 3908 969 3977 (2),
1017 3907 1116 3973 τὴν
1168 3903 1341 3973 καλὴν
1383 3902 1623 3974 δεξίωσιν
1657 3906 1744 3958 xui
1777 3904 2003 3959 πλουτί-

352 4000 543 4063 ζουσαν
602 3996 729 4068 (3)ε
787 3995 881 4048 Καὶ
934 3994 962 4047 ὅ
1008 3993 1202 4048 τούτου
1259 3993 1441 4066 μεῖζόν
1504 3993 1635 4058 ἐστι,
1688 3994 1768 4054 τίς
1829 3992 2001 4054 οὕτως

344 4080 616 4151 ἐδεξιοῦτο
675 4086 743 4156 τῇ
792 4080 940 4137 αἰδοῖ
985 4083 1072 4137 xui
1120 4087 1235 4143 τοῖς
1280 4083 1417 4135 κατὰ
1454 4083 1581 4136 Θεὸν
1635 4077 1999 4154 διαϐήμασιη

346 4173 442 4225 Καὶ
476 4171 543 4224 τα
589 4170 676 4225 ἐπὶ
724 4170 962 4242 τούτοις,
1015 4170 1097 4233 τίς
1156 4171 1249 4243 μὲν
1295 4175 1414 4225 νοῦν
1467 4166 1660 4240 ἔδειξεν
1714 4172 2001 4224 ἀπαθέστε-

345 4280 437 4334 ρον
464 4258 515 4311 ἐν
546 4264 661 4321 τοῖς
692 4260 879 4313 πάθεσι
913 4261 1026 4333 (4);
1088 4257 1171 4320 τίς
1222 4256 1278 4314 δὲ
1331 4258 1767 4335 συμπαθεστέραν
1818 4261 2003 4333 ψυχὴν

339 4352 465 4407 τοῖς
512 4345 816 4419 κάμνουσι;
859 4349 943 4409 τίς
985 4353 1148 4422 χεῖρα
1195 4344 1577 4421 δαψιλεστέραν
1630 4353 1747 4409 τοῖς
1812 4345 1998 4421 δεομέ-

420 4530 535 4600 (89)
566 4524 850 4604 Ειξσεὸείας
880 4530 980 4585 οὐκ
1009 4529 1178 4604 ἔστινἶ
1207 4531 1384 4604 Deest
1414 4529 1511 4604 οὐκ
1544 4533 1600 4587 in
1636 4536 1773 4604 Reg.
1804 4534 1904 4604 hu,
1943 4533 1999 4587 in

344 4603 581 4656 duobus
606 4602 793 4675 _Colb.,
826 4621 908 4658 or.
943 4606 996 4673 1,
1049 4609 1105 4659 et
1150 4603 1267 4659 Jes.
1302 4603 1650 4657 Scholiastes
1681 4602 1867 4675 Cblb.,
1891 4602 2002 4660 de-

344 4678 533 4727 tracto
565 4670 680 4741 οὐκ,
716 4681 917 4730 monet
962 4670 1045 4730 sic
1086 4675 1495 4745 interrogative
1528 4670 2002 4745 legendum'esse

342 4744 503 4798 hunc
524 4744 739 4818 locum,
775 4769 803 4795 ‹‹
828 4744 1419 4818 prudentiamautem
1442 4749 1498 4799 et
1520 4744 1792 4816 pietatem
1818 4748 1999 4815 illius,

342 4822 510 4890 estne
542 4816 780 4890 aliquis,
813 4816 911 4890 qui
946 4816 1306 4890 verbis_ullis
1337 4818 1789 4890 assequ‘i‘possit
1812 4820 1839 4873 ?
1864 4842 1891 4868 ››

418 4888 532 4961 (ορ)
564 4883 693 4961 ρύδ’
726 4888 795 4942 οι.
828 4883 966 4961 Reg.
1000 4888 1103 4961 hu,
1135 4888 1230 4943 0r.
1266 4889 1316 4955 1,
1348 4883 1628 4961 ιιθεςοιδξ
1660 4888 1732 4943 οι.

417 4958 531 5082 (191)
563 4958 675 5025 Τῆς
708 4963 856 5029 μιᾶς.
890 4958 1026 5032 Heg.
1062 4958 1161 5028 hu,
1192 4962 1292 5026 τῆς
1321 4958 1489 5027 αὐτῆς
1536 4964 1681 5032 μιᾶς,
1725 4983 1751 5009 (ι
1784 4977 1852 5015 ex
1883 4979 2000 5018 una

417 5076 418 5080 η
462 5044 577 5082 em.
612 5052 635 5078 1

346 5044 577 5083 eadem.
612 5052 635 5078 ι

417 5100 900 5172 (92))Εποιοῦντο.
956 5104 1124 5157 Deest
1172 5102 1230 5156 in
1284 5101 1423 5172 Reg.
1466 5100 1586 5169 bm,
1620 5101 1715 5156 Or.
1751 5104 1801 5170 1,
1836 5102 1996 5159 aliis-

343 5187 463 5240 que
495 5170 766 5242 pluribus
796 5173 1116 5229 codicibus.

419 5238 531 5312 (93)
561 5242 619 5317 Τί
659 5238 747 5317 δέ,
800 5245 939 5317 Reg.
990 5245 1092 5312 hu,
1125 5248 1180 5298 et
1211 5242 1303 5297 Or.
1360 5240 1419 5294 Τί
1452 5238 1558 5297 δαί.
1593 5242 1724 5298 Mox
1754 5241 1991 5300 ἐκείνων.

346 5312 520 5368 Forte
561 5312 787 5375 ἐκείνης.

957 5387 1135 5458 Regg.
1169 5385 1290 5458 bm_,
1333 5384 1435 5451 hu,
1469 5383 1574 5458 Or_._
1598 5385 1649 5449 1,
1686 5380 1991 5442 ἰδιώτατον,

414 5456 527 5528 (95)
562 5456 890 5518 Γυναικείοις
975 5455 1392 5528 Ξίῖριθιιὶῳιᾳ
1450 5455 1699 5528 codices,
1733 5462 1811 5528 et
1871 5458 1993 5527 ipse

339 5523 573 5605 Billius.
633 5529 784 5585 Editi
815 5536 1011 5584 tamen
1070 5523 1313 5584 habent'
1346 5523 1589 5595 οἰκείοις,
1658 5549 1684 5578 «
1714 5523 1990 5583 domesti-

343 5612 453 5653 CIS.
491 5620 521 5647 ››

416 5669 530 5742 (96)
558 5667 656 5723 Καὶ
684 5670 799 5725 τόν.
851 5691 881 5721 ι(
911 5670 981 5726 Et
1026 5669 1184 5725 istud
1218 5689 1248 5718 »
1294 5667 1350 5721 Si
1401 5665 1521 5721 hinc
1552 5667 1734 5724 oratio
1761 5669 1993 5727 Ariansi

2182 3818 2300 3873 XII.
2322 3821 2599 3883 Quasnam
2618 3819 2859 3874 domum
2879 3835 3046 3873 suam
3072 3818 3184 3889 piis
3208 3818 3548 3872 hominibus
3573 3816 3766 3886 magis

2114 3907 2439 3977 proposuit,
2502 3906 2830 3977 pulchram,
2892 3907 3155 3977 inquam,
3216 3904 3636 3975 exceptionem,
3698 3919 3763 3958 ac

2113 3996 2349 4051 divitias
2404 3995 2859 4049 conciliantemi‘
2908 3995 2996 4058 Et,
3048 3995 3202 4065 quod
3238 3998 3327 4048 est
3371 3993 3764 4065 praestantius,

2114 4100 2383 4155 quamam
2417 4084 2658 4154 pudore,
2694 4100 2758 4137 ac
2810 4085 2918 4138 Deo
2968 4082 3152 4154 gratis
3201 4081 3530 4136 incessibus
3563 4096 3762 4135 occur-

2112 4173 2311 4240 rendo,
2337 4188 2434 4227 eos
2465 4172 2547 4226 ita
2577 4172 2947 4242 excipiebat?
2978 4173 3252 4237 Quaenam
3288 4173 3563 4240 praeterea
3594 4175 3755 4223 tran-

2113 4259 2441 4330 quilliorem
2466 4259 2523 4313 in
2546 4259 2979 4314 calamitatibus
3000 4264 3254 4313 mentem
3282 4256 3574 4329 pratulit?
3594 4257 3756 4319 Quaa-

2113 4365 2249 4402 nam
2298 4363 2505 4403 rursus
2554 4349 2816 4403 animum
2869 4348 2939 4403 ad
2988 4364 3211 4418 eorum,
3256 4346 3355 4417 qui
3390 4345 3759 4410 laborabant,

2032 4539 2077 4602 Ι)
2111 4529 2307 4584 habita
2338 4534 2445 4596 est,
2482 4546 2594 4602 non
2627 4535 2779 4585 certe
2810 4530 3236 4602 Nazianzenum
3271 4528 3554 4600 templum
3587 4526 3760 4582 intel-

2114 4601 2243 4673 ligit
2278 4601 2607 4673 Gregorius,
2644 4607 2706 4656 ut
2736 4601 2862 4656 vult
2894 4602 3066 4657 Elias.

2184 4666 2295 4748 (97)
2326 4666 2459 4748 Οἶδᾶ
2495 4666 2631 4748 Beg.
2668 4674 2785 4740 bm,
2808 4675 2921 4748 _hu,
2955 4674 3049 4748 0r.
3086 4675 3135 4739 1,
3170 4674 3285 4748 Jes.
3316 4666 3458 4748 οἶδα.
3498 4740 3549 4748 Μ

2323 4741 2558 4797 Ἑαυτόν.
2580 4739 2928 4815 Ἰιθεθιιόιιιιι
2963 4746 3210 4811 videtur,
3243 4743 3460 4811 ὶαυτήν.
3495 4740 3587 4797 Sic
3619 4739 3760 4811 legit

2164 4833 2175 4869 ι
2232 4831 2343 4869 ius.

2164 4831 2343 4869 unus.

2181 4887 2291 4956 (99)
2328 4882 2565 4957 Kaii‘td‘J,
2599 4890 2707 4940 etc.
2742 4886 2796 4941 Is
2832 4885 3153 4957 spiritualis
3188 4886 3353 4940 Pater
3376 4881 3757 4957 acmagister

2107 4954 2217 5029 fuit
2248 4956 2581 5024 Faustinus,
2620 4962 2761 5012 tunc
2802 4954 2979 5014 Iconii
3012 4958 3343 5029 episcopus.
3375 4954 3520 5009 Vide
3550 4954 3754 5009 Monit.

2109 5030 2168 5085 in
2202 5028 2353 5082 hanc
2386 5033 2554 5097 orat.,
2591 5046 2648 5082 n.
2683 5045 2767 5083 ιιι.

2178 5100 2254 5170 (1)
2288 5095 2548 5171 Συζυγίαζ
2582 5124 2601 5148 ο
2634 5103 2743 5153 Par
2774 5116 3007 5153 sacrum
3040 5100 3317 5163 ﬁliorum,
3349 5095 3466 5171 »_id_
3500 5096 3758 5171 est,_d_uo

2107 5167 2405 5243 Gorgonis:
2441 5167 2562 5235 ﬁlii,
2587 5171 2686 5241 qui
2708 5171 2964 5242 episcopi
2986 5171 3353 5241 fuere,juxta
3384 5167 3589 5222 Eliam.
3616 5167 3762 5223 Vide

2105 5248 2257 5298 Mon.
2294 5259 2349 5296 n.
2390 5258 2445 5295 11.

2176 5316 2254 5383 (2)
2280 5316 2407 5385 ξΓοῖς
2444 5314 2571 5377 ζῶσι
2603 5312 2738 5385 κατα
2765 5309 2914 5385 Θεᾷν.
2966 5313 3060 5367 Sic
3108 5314 3247 5385 Reg.
3299 5310 3401 5375 hu,
3453 5310 3549 5364 Or.
3606 5311 3653 5377 1,
3705 5312 3763 5364 et

2106 5386 2225 5440 Jes.
2262 5384 2431 5438 Editi.
2464 5386 2579 5441 τοῖς
2609 5382 2744 5435 κατά
2774 5382 2902 5436 Θεὸν
2928 5387 3078 5450 ζῶσι.

2185 5456 2251 5526 ξ3)
2285 5451 2703 5526 Πλουτίζουσαν.
2729 5454 3041 5526 Gregorius
3072 5455 3165 5509 hic
3196 5454 3334 5508 mihi
3368 5453 3615 5526 videtu_r_,
3640 5466 3753 5503 non

2103 5551 2131 5576 «
2167 5521 2469 5599 ditantem,
2500 5528 2533 5573 ⁷››
2573 5525 2671 5599 sed
2714 5521 3023 5599 «largam,
3057 5526 3377 5591 liberalem,
3410 5521 3749 5577 muniﬁcam

2103 5597 2503 5668 exceptionem
2542 5618 2561 5668 ι
2618 5597 2967 5668 signiﬁcare.

2174 5666 2262 5741 (4)
2286 5666 2501 5729 Πάθεσι.
2535 5666 2709 5723 Coisl.
2746 5669 2799 5738 1,
2840 5670 3148 5742 παθήμασι.
