4244 6216
340 360 459 423 808
957 359 1249 419 ORATIO
1294 357 1456 419 VIII.
1486 357 1667 417 -ΙΝ
1712 353 2040 417 LAUDEM
2084 356 2416 416 SORORIS
2463 358 2639 419 SUIE
2683 359 3129 422 GORGONUE.
3628 368 3745 426 806

339 498 448 549 τῶν
480 492 686 561 καλῶν,
714 496 812 553 τοῦ
843 488 901 545 δὶ
928 494 992 560 ἦν
1028 488 1197 560 ζῆλος
1228 509 1241 527 ⁸
1273 491 1362 549 καὶ
1389 490 1451 544 τὸ
1498 491 1591 562 μὶν
1632 490 1773 569 εὗρε,
1819 488 1883 542 τὸ
1930 484 1990 541 δὶ

2116 494 2383 560 vagante;
2438 489 2529 546 his
2577 491 2817 562 inquam
2867 494 3142 549 omnibus
3173 496 3368 567 rebus,
3404 501 3504 552 aut
3532 499 3743 555 harum

339 583 598 652 ἐνίκησεν.
632 579 729 636 Καί
756 580 801 635 εί
832 581 949 644 καθ’
994 577 1048 635 ἓν
1094 600 1145 634 τι
1193 578 1398 634 τούτων
1450 575 1578 655 ἔσχε
1620 580 1684 633 τὸ
1733 574 1988 650 ἁμιλλώ-

345 693 504 745 μενον
538 673 673 744 (20),
706 669 850 725 ἆλΑὰ
868 673 947 741 τῷ
977 689 1039 743 γε
1074 668 1169 741 μία
1201 671 1313 743 (21)
1338 669 1407 724 τὰ
1453 670 1625 722 πάντα
1671 660 1985 736 συλλαϐεῖν,

335 760 552 815 πάντων
619 756 929 835 ἐκράτησεν.
992 757 1149 815 Οὕτω
1202 759 1294 830 μὲν
1356 759 1423 812 τὰ
1476 759 1651 812 πάντα
1706 755 1987 830 κατορθώ-

336 869 491 918 σασα,
524 848 599 909 ὡς
631 844 806 907 οὐδεὶς
837 849 951 919 (22)
980 844 1151 907 ἄλλος
1182 842 1236 900 ἕν
1281 845 1369 900 καὶ
1422 844 1654 922 μετρίως
1682 863 1694 878 ’
1747 842 1890 898 οὕτω
1942 838 1988 895 δ’

337 938 413 999 είς
446 938 613 1012 ἄκρον
660 932 907 1005 ἕκαστον,
959 933 1097 989 ὥστε
1145 934 1231 989 καὶ
1270 935 1387 989 ἀντὶ
1416 936 1631 989 πάντων
1662 929 1716 989 ἓν
1750 931 1987 1005 ἐξαρκεῖν

336 1024 428 1080 καὶ
464 1024 645 1098 μόνον.

2100 576 2312 648 aliqua,
2333 579 2603 649 quisnam
2626 581 2883 636 virorum
2908 586 3008 637 aut
3030 583 3341 639 mulierum
3366 589 3473 656 est,
3495 588 3594 659 qui
3617 604 3746 644 eam

2100 683 2134 723 ιι
2161 683 2225 721 se
2249 674 2586 738 superatam
2611 686 2740 725 esse
2762 670 2997 742 gloriari
3022 673 3238 742 queat?
3266 676 3345 729 Ac
3374 676 3444 729 de
3475 677 3603 748 ipsa
3632 695 3747 735 non

2100 754 2299 810 minus
2320 772 2450 811 vere
2471 774 2646 831 quam
2678 759 2986 830 magniﬁce
3018 761 3315 830 praedicari
3348 769 3557 834 potest,
3593 768 3747 844 quod

2098 843 2382 897 virtutum
2415 845 2560 900 alias
2592 846 2820 902 imitata
2852 849 2948 919 sit,
2971 848 3220 905 aliarum
3255 852 3584 925 exemplum
3618 843 3747 911 fue-

2101 930 2178 986 rit
2207 947 2220 985 :
2254 936 2428 1007 atque
2457 932 2601 989 alias
2632 935 2865 1006 quidem
2900 937 3206 1005 invenerit,
3240 939 3384 995 alias
3415 946 3608 998 autem
3641 961 3747 1007 su-

2102 1021 2405 1090 peraverit.
2439 1022 2510 1077 Et
2561 1028 2626 1078 ut
2674 1025 2959 1094 quosdam
3014 1025 3197 1081 fuisse
3237 1027 3466 1099 demus,
3499 1031 3598 1107 qui
3632 1050 3749 1090 una

340 1116 541 1188 aliqua
566 1114 780 1175 virtute
810 1130 943 1170 cum
975 1113 1105 1186 ipsa
1147 1114 1583 1181 contenderent,
1628 1117 1689 1169 at
1736 1113 1844 1167 hoc
1876 1112 2030 1165 certe
2060 1109 2296 1163 nomine
2325 1126 2528 1166 omnes
2561 1111 2716 1178 vicit,
2750 1114 2903 1184 quod
2935 1130 3054 1169 una
3080 1114 3325 1172 virtutes
3355 1134 3556 1174 omnes
3587 1137 3747 1176 com-

340 1205 508 1278 plexa
536 1203 632 1260 sit.
666 1204 760 1259 Sic
789 1202 947 1258 enim
978 1202 1175 1259 omnia
1204 1203 1494 1275 prastitit,
1525 1207 1589 1257 ut
1636 1219 1709 1258 ne
1750 1196 2119 1256 mediocriter
2156 1197 2392 1268 quidem
2434 1217 2620 1255 unum
2680 1201 2991 1279 quisquam
3051 1202 3200 1259 alius
3234 1220 3246 1258 :
3301 1206 3385 1261 sic
3432 1212 3627 1264 autem
3676 1210 3747 1265 ad

342 1309 644 1352 summum
677 1290 932 1363 singula,
966 1296 1031 1346 ut
1056 1291 1143 1346 vel
1178 1308 1361 1347 unum
1394 1292 1586 1347 solum
1627 1307 1728 1362 pro
1759 1286 2035 1344 omnibus
2066 1284 2299 1340 abunde
2328 1287 2643 1344 sufﬁceret.

415 1382 608 1435 ΙΔ⁸.⁶Ω
677 1382 907 1455 πιναροῦ
978 1378 1233 1451 σώματος
1302 1378 1392 1432 καὶ
1450 1376 1769 1450 ἐνδύματος,
1824 1376 1988 1450 ἀρετῇ

347 1469 510 1543 μόνον
544 1468 833 1528 ἀνθοῦντος
869 1469 881 1521 ί
933 1468 998 1520 Ὠ
1040 1469 1225 1542 ψυχῆς
1276 1464 1671 1542 διακρατούσης
1713 1467 1775 1521 τὸ
1806 1470 1987 1538 σῶμα,

343 1559 431 1613 καὶ
483 1554 614 1631 δίχα
654 1561 862 1632 τροφῆς
913 1552 1130 1630 σχεδὸν,
1188 1552 1367 1631 ὣσπερ
1413 1554 1614 1612 ἅϋλονί
1671 1555 1881 1629 μᾶλλον
1934 1553 1993 1609 δὲ

343 1647 600 1718 σώματος
636 1643 965 1720 βιασαμένου
995 1645 1328 1719 νεκρωθῆναι
1357 1644 1446 1698 καὶ
1486 1646 1592 1721 πρὸ
1631 1647 1730 1713 τῆς
1780 1642 1989 1713 διαζεύ-

345 1732 597 1805 ξεως,’ίν⁸
627 1735 735 1805 (33)
776 1730 1080 1805 ἐλευθερίαν
1132 1727 1275 1806 λάϐῃ
1319 1734 1495 1807 ψυχὴ,
1545 1735 1635 1788 καὶ
1688 1736 1760 1806 μὴ
1817 1753 1989 1809 παρα-

342 1820 634 1891 ποδίζηται
678 1826 797 1881 ταῖς
850 1820 1193 1891 αἷσθήσεσινί
1244 1823 1309 1875 ’Ώ
1356 1826 1560 1876 νυκτῶν
1602 1822 1844 1893 ἀΰπνων,
1899 1820 1991 1877 καὶ

2169 1374 2309 1429 XIV.
2344 1375 2386 1431 Ο
2417 1376 2756 1447 squalidum
2799 1396 3032 1451 corpus,
3084 1386 3141 1436 et
3190 1382 3601 1441 indumentum
3633 1387 3746 1449 vir-

2100 1467 2223 1519 tute
2244 1464 2369 1519 sola
2392 1466 2632 1522 ﬂorens!
2654 1468 2698 1522 Ο
2716 1471 2995 1537 animam,
3021 1487 3232 1543 corpus
3256 1489 3401 1543 pene
3422 1475 3598 1529 etiam
3622 1475 3748 1531 sine

2101 1554 2249 1625 cibo,
2302 1555 2460 1611 velut
2517 1558 2771 1613 materiae
2819 1575 3043 1632 expers,
3096 1563 3486 1619 retinentem!
3530 1564 3641 1633 vel,
3686 1572 3752 1625 ut

2102 1644 2316 1701 rectius
2342 1644 2569 1717 loquar,
2596 1664 2627 1701 ο
2658 1664 2890 1719 corpus,
2916 1648 3089 1704 etiam
3115 1656 3249 1706 ante
3270 1653 3749 1729 disjunctionem,

2101 1733 2249 1787 mori
2286 1740 2575 1799 coactum,
2608 1741 2671 1790 ut
2700 1737 2899 1792 anima
2930 1736 3258 1795 libertatem
3294 1743 3751 1814 nancisceretur,

2102 1838 2207 1876 nec
2251 1840 2285 1878 a
2326 1825 2601 1880 sensibus
2632 1825 3036 1898 impedimenti
3068 1829 3390 1901 quidquam
3425 1833 3750 1908 acciperet!

344 1908 695 1986 ψαλμῳόίας,
735 1908 823 1963 καὶ
858 1910 1091 1972 στάσεως
1133 1908 1181 1982 ἐξ
1214 1908 1425 1987 ἡμίρας
1474 1910 1551 1973 εἷς
1598 1910 1805 1988 ἡμέραν
1856 1912 1993 1966 ἀπο-

2116 1910 2148 1965 3
2178 1916 2376 1967 noctes
2400 1912 2723 1981 insomnes,
2746 1923 2804 1970 et
2834 1917 3196 1991 psalmorum
3222 1924 3447 1985 cantus,
3473 1925 3529 1975 et
3548 1922 3752 1979 statio-

347 1999 631 2075 ληγούσης
665 2000 675 2054 !
709 2005 776 2052 Ὤ
806 1993 993 2067 Δαϐίδ,
1037 2004 1156 2061 ταῖς
1197 2005 1413 2061 πισταῖς
1466 1999 1629 2073 μόνον
1677 2005 1880 2077 ψυχαῖς
1929 1999 1991 2055 οὗ

353 2089 532 2166 μακρὰ
583 2084 942 2161 μελῳδήσαςί
994 2093 1061 2141 ’Ὠ
1119 2087 1300 2160 μελῶν
1359 2087 1704 2159 ἀπαλότητος
1763 2089 1847 2145 ἐπὶ
1890 2096 1991 2165 γῆς

352 2178 716 2254 ἐρριμμὲνων,
746 2176 836 2230 καὶ
866 2177 1011 2251 παρᾶ
1037 2178 1136 2244 τήν
1164 2176 1320 2255 φύσιν
1369 2179 1789 2257 τραχυνομένων
1841 2181 1953 2253 (24)
1978 2179 1992 2233 ί

352 2274 419 2322 ’Ὤ
466 2266 637 2341 πηγαὶ
687 2263 933 2339 δακρύων
982 2264 1352 2341 σπειρομένων
1402 2266 1462 2321 ἐκ
1509 2266 1769 2341 θλίψεως,
1811 2266 1883 2321 ’ἶν’
1941 2267 1993 2321 ἐν

353 2357 671 2435 ἀγαλλιάσει
719 2356 980 2431 θερίσαιεν
1026 2359 1187 2435 (25)ί
1239 2358 1305 2411 ’Ὠ
1355 2359 1490 2433 βοῆς
1544 2366 1853 2434 νυκτερινῆς
1915 2379 1997 2413 νε-

353 2446 521 2523 φέλας
569 2444 957 2521 διερχομένης,
1012 2444 1102 2498 καὶ
1160 2445 1465 2524 φθανούσης
1522 2447 1660 2523 πρὸς
1715 2448 1806 2503 τὸν
1835 2446 2002 2527 οὗρά-

357 2556 471 2590 νιον
504 2537 618 2606 (26)
644 2536 656 2590 !
684 2536 750 2591 Ὤ
793 2533 1132 2612 θερμότητος
1179 2536 1291 2607 (27)
1343 2534 1670 2610 πνεύματος,
1700 2541 1870 2593 κυνῶν
1900 2556 1998 2591 κα-

354 2621 721 2696 τατολμώσης
778 2623 1101 2697 νυκτερινῶν
1162 2620 1231 2677 δι’
1307 2622 1591 2699 ἐπιθυμίαν
1651 2624 1844 2702 εὖχῆς,
1909 2626 2000 2682 καὶ

354 2718 602 2790 κρυμῶν,
644 2712 733 2766 καὶ
784 2712 972 2781 ὑετῶν,
1028 2712 1116 2766 καὶ
1151 2712 1414 2789 βροντῶν,
1461 2716 1551 2770 καὶ
1582 2715 1853 2794 χαλάζης,
1909 2715 2000 2771 καὶ

356 2802 593 2877 ἁωρίαςί
642 2803 707 2854 Ὤ
749 2800 1025 2874 γυναικεία
1076 2800 1234 2879 φύσις
1278 2804 1379 2871 τήν
1441 2801 1685 2880 ἀνδρείαν
1742 2807 2003 2876 νικήσασα

356 2889 447 2946 διὰ
493 2891 582 2944 τὸν
641 2890 823 2944 κοινὸν
880 2887 1059 2965 ἀγῶνα
1113 2897 1213 2960 τῆς
1271 2892 1567 2968 σωτηρίας,
1627 2893 1714 2948 καὶ
1748 2896 2001 2968 σώματος

356 2976 615 3056 διαφορὰν
652 2977 712 3031 οὗ
759 2980 946 3052 ψυχῆς
993 2979 1054 3032 τὸ
1103 2976 1243 3047 θῆλυ
1289 2980 1376 3034 καὶ
1422 2981 1484 3035 τὸ
1514 2978 1670 3058 ἄρρεν
1704 2981 1999 3059 ὲΛὲγξασαῙ

355 3071 422 3122 Ὦ
468 3074 568 3135 τῆς
621 3066 755 3139 μετά
802 3064 1028 3142 λουτρὸν
1071 3070 1178 3138 (28)
1228 3068 1459 3144 ἁγνείας,
1510 3070 1599 3125 καί
1642 3077 1740 3140 τῆς
1785 3073 2002 3155 νύμφης

357 3159 591 3233 Χριστοῦ
640 3157 824 3230 ψυχῆς
874 3154 926 3209 ἐν
969 3160 1188 3231 καθαρῷ
1234 3162 1479 3233 νυμφῶνι
1522 3164 1602 3231 τῷ
1650 3161 1861 3233 σώματι
1894 3154 2005 3217 ίὬ

354 3245 526 3317 πικρὰ
565 3248 770 3346 γεῦσις,
819 3244 909 3346 καὶ
961 3240 1068 3298 Εὕα
1128 3252 1299 3346 μῆτερ
1346 3247 1435 3300 καὶ
1480 3247 1668 3346 γὲνρυς
1718 3250 2005 3327 καὶάμαρε-
2036 3271 2081 3346 c

351 3333 495 3401 τίας,
545 3332 634 3386 καὶ
687 3328 778 3409 ὄφι
832 3330 1005 3386 πλάνε
1058 3334 1149 3387 καὶ
1195 3334 1400 3405 θάνατε,
1445 3340 1513 3412 τῇ
1566 3336 1772 3410 ἐκείνης
1821 3339 2012 3415 ἐγκραι

353 3422 475 3492 τείᾳ
682 3419 1041 3493 νενικημέναί
1088 3424 1153 3476 Ὤ
1204 3424 1439 3499 Χριστοῦ
1485 3425 1726 3500 κένωσις,
1758 3429 1847 3483 καὶ
1880 3428 2011 3486 δού-

355 3513 458 3566 λου
512 3511 719 3588 μοριρὴ,
772 3516 862 3565 καί
911 3513 1224 3584 παθήματα,
1255 3516 1324 3586 τῇ
1355 3513 1563 3586 ἐκείνης
1594 3518 1851 3596 νεκρώσεί
1879 3542 2014 3576 τετι-

362 3621 439 3672 μη
452 3600 587 3672 μένα
612 3601 623 3655 l

434 3777 667 3834 IE'.”Q!
722 3780 840 3838 πῶς
887 3778 922 3849 ἢ
976 3779 1458 3854 καταγιθμήσομαι
1510 3783 1622 3853 (30)
1679 3782 1746 3837 τὰ
1802 3784 2012 3855 ἐκείνης

362 3866 659 3935 ἅπαντα,ἦ
710 3866 777 3919 τὰ
820 3864 882 3919 π)
900 3866 992 3920 είω
1039 3871 1227 3943 παρεῖς
1281 3876 1356 3939 μη
1402 3870 1667 3941 ζημιώσω
1695 3870 1823 3933 τοὺς
1853 3873 2014 3948 ἀγνο-

363 3960 594 4022 οὖντας;
647 3953 823 4009 Ἀλλά
883 3976 975 4027 μοι
1028 3956 1192 4011 καλὸν
1239 3954 1348 4027 ἤδη
1395 3964 1709 4033 προσθεῖναι
1757 3963 1868 4036 (31)
1913 3970 2014 4038 τῆς

368 4038 637 4104 εὐσεϐείας
668 4043 756 4098 καί
803 4045 870 4098 τὰ
918 4044 1206 4125 ἐπίχειρα·
1265 4045 1354 4100 καὶ
1401 4046 1501 4122 γάρ
1551 4069 1643 4120 μοι
1691 4052 1876 4105 ποθεῖν
1908 4050 2015 4106 πά-

368 4132 461 4187 λαι
523 4130 731 4187 δοκεῖτε
779 4133 868 4186 καὶ
928 4138 1106 4202 ζητεῖν
1159 4133 1210 4187 ἐν
1262 4139 1341 4207 τῷ
1391 4134 1558 4211 λόγῳ,
1610 4138 1662 4191 o't
1710 4140 1776 4193 τὰ
1805 4138 2015 4210 ὲκείνης

366 4219 554 4282 καλῶς
606 4218 828 4293 είὸότες,
880 4221 942 4276 c6
991 4223 1059 4276 τὰ
1106 4223 1350 4295 παρόντα
1401 4224 1585 4297 μόνον,
1640 4223 1765 4280 οὐδὲ
1812 4229 1894 4290 οἷς
1925 4232 2014 4283 νῦν

364 4309 563 4365 ἐκεῖθεν
605 4308 925 4385 ἀγάλλεται,
985 4309 1015 4365 ἃ
1043 4310 1271 4384 κρείττω
1316 4313 1405 4366 καὶ
1439 4310 1695 4385 διανοίας,
1724 4316 1813 4370 καὶ
1844 4316 2018 4387 ἀκοῆς

368 4396 736 4470 ἀνθρωπίνης,
785 4396 874 4450 καὶ
925 4391 1124 4471 ὅψεως,
1171 4396 1319 4453 ἀλλὰ
1354 4400 1443 4454 καὶ
1476 4406 1557 4462 οἷς
1583 4400 1816 4457 ἐντεῦθεν
1850 4404 2014 4473 αὐτὴν

366 4486 393 4539 ὁ
447 4482 655 4547 δίκαιος
717 4483 1122 4559 μισθαποδότης
1182 4487 1495 4561 ἠμείψατο·
1554 4488 1667 4545 ἐπεὶ
1725 4492 1817 4545 καὶ
1854 4497 2016 4547 τοῦτο

364 4578 516 4627 ποιεῖ
541 4572 813 4636 πολλάκις
863 4574 938 4636 είς
971 4572 1271 4652 οἰκοδομὴν
1298 4582 1405 4632 τῶν
1446 4578 1707 4648 ἀπίστων,
1757 4586 1874 4643 τοῖς
1925 4604 2016 4656 μι-

365 4668 521 4739 κροῖς
548 4664 617 4717 τὰ
649 4633 861 4738 μεγάλα
888 4633 1273 4739 πιστούμενος,
1300 4667 1391 4720 καὶ
1437 4673 1555 4730 τοῖς
1603 4633 1903 4744 ὁρωμένοίς
1925 4633 2019 4727 rica
2049 4633 2096 4699 Β

438 4771 485 4806 ²²
514 4769 668 4828 Psal.
698 4787 863 4845 cxxv,
895 4773 949 4829 5.

440 4886 555 4958 (20)
584 4884 654 4938 Τὸ
681 4884 1321 4966 έμιλλῴμενον.ᾘεξεε.
1371 4890 1494 4966 bm,
1544 4891 1644 4961 hu,
1702 4893 1793 4947 τὸν
1847 4892 2021 4966 ἁμιλ-

370 4957 638 5034 Λῴμενον.
654 4957 848 5034 ‘COi§l_.
885 4957 1072 5034 1,_‘t€bv
1108 4957 1540 5034 ᾅμιλλωμένων.

439 5028 552 5112 (21)
590 5028 718 5085 Μία.
780 5031 871 5086 Sic
932 5032 1071 5104 Reg.
1131 5028 1234 5100 hu,
1282 5028 1377 5089 0r.
1430 5038 1486 5089 et
1532 5034 1791 5090 Combef.
1842 5036 2019 5109 Editi,

584 5172 673 5232 Ὡς
716 5167 914 5233 οὐδείς.
964 5173 1056 5230 Βία
1087 5175 1226 5248 Reg.
1274 5175 1375 5247 hu,
1425 5180 1484 5232 et
1528 5175 1700 5235 Coisl.
1737 5178 1786 5231 1.
1821 5176 1926 5234 Ed.
1960 5175 2019 5239 ὅς

367 5259 573 5301 ουοεις.

442 5315 553 5383 (23)
586 5312 697 5386 ’lv’.
740 5314 880 5386 Reg.
917 5316 1015 5386 hu,
1055 5314 1168 5373 ἵνα.

445 5386 553 5454 (24)
600 5385 1055 5458 Τραχυνόμένων.
1106 5412 1134 5439 ‹‹
1169 5388 1498 5445 Horrentia.
1534 5410 1562 5438 »

365 5535 391 5583 ἱ
442 5458 555 5529 (25)
586 5455 880 5528 Θερίσαιιν.
942 5458 1115 5517 Cois].
1172 5463 1224 5527 1,
1285 5459 1595 5533 θερισθεῖεν,

396 5545 485 5583 UP.
520 5550 549 5576 ))

396 5545 485 5583 UP.
520 5550 549 5576 ))

440 5600 556 5671 (26)
591 5596 1026 5683 chnoépéwcv.
1086 5602 1227 5675 Reg.
1278 5602 1360 5665 hu
1408 5600 1583 5657 Goill.
1635 5601 1685 5669 1,
1735 5597 1895 5659 αὐτὸν
1938 5598 2027 5655 οό-

367 5669 581 5744 ράνιον,
627 5692 655 5720 ι(
688 5669 914 5727 Caium
945 5669 1227 5745 ipsum.'»

1660 5481 1686 5508 «
1733 5462 2024 5515 metaren-

2105 2016 2239 2055 nem
2269 2017 2337 2056 ex
2364 2002 2457 2056 die
2491 2002 2548 2057 in
2575 2002 2725 2058 diem
2763 2005 3105 2075 productam
3133 2008 3142 2061 !
3180 2007 3224 2061 Ο
3257 2008 3454 2078 David,
3478 2026 3654 2082 quam
3686 2015 3752 2065 tu

2106 2086 2219 2159 piis
2250 2090 2533 2146 duntaxat
2563 2092 2872 2149 animabus
2906 2094 3063 2149 haud
3107 2095 3328 2167 prolixe
3357 2097 3617 2153 cecinisti
3644 2098 3655 2152 l
3709 2099 3753 2155 Ο

2106 2181 2309 2233 tenera
2328 2179 2595 2235 membra
2624 2179 2789 2235 humi
2823 2185 3133 2252 prostrata,
3158 2199 3223 2238 ac
3254 2189 3460 2256 preter
3480 2188 3753 2242 naturam

2110 2283 2237 2322 sese
2266 2269 2707 2340 exasperantiai
2759 2269 2802 2324 Ο
2835 2268 3227 2342 lacrymarum
3261 2272 3471 2341 fontes,
3507 2290 3637 2349 quae
3684 2291 3756 2334 ex

2110 2354 2424 2410 afflictione
2455 2356 2918 2426 seminabantur,
2952 2362 3018 2411 ut
3058 2357 3118 2412 in
3149 2358 3537 2416 exsultatione
3568 2364 3752 2417 mete-

2111 2442 2324 2497 rent”!
2349 2444 2394 2498 Ο
2412 2449 2765 2500 nocturnum
2788 2445 3104 2503 clamorem
3123 2447 3308 2503 nubes
3331 2454 3752 2527 penetrantem,

2112 2541 2283 2604 atque
2306 2533 2376 2588 ad
2402 2538 2582 2588 Deum
2615 2534 3061 2605 pervadenteml
3098 2535 3141 2590 Ο
3170 2535 3413 2613 spiritus
3448 2536 3751 2605 fervorem,

2112 2622 2184 2676 ob
2215 2622 2496 2677 orationis
2526 2623 2903 2687 desiderium,
2945 2639 3050 2678 nec
3080 2640 3252 2678 canes
3281 2630 3619 2690 nocturnos,
3652 2643 3757 2688 nec

2112 2710 2347 2782 frigora,
2385 2727 2487 2766 nec
2515 2711 2756 2777 imbres,
2790 2727 2895 2766 nec
2942 2712 3220 2777 tonitrua,
3254 2729 3358 2767 nec
3388 2714 3756 2785 grandinem,

2115 2814 2219 2855 nec
2246 2800 2516 2855 tenebras
2563 2798 3013 2854 formidantem!
3067 2800 3111 2855 Ο
3162 2800 3479 2856 femineum
3531 2818 3755 2870 sexum,

2115 2887 2214 2958 qui
2251 2892 2484 2959 propter
2512 2904 2822 2943 commune
2860 2889 3007 2944 227
3060 2888 3268 2944 salutis
3297 2895 3589 2949 certamen
3621 2891 3760 2945 viri-

2114 2974 2227 3031 lem
2251 2993 2452 3031 sexum
2477 2977 2974 3048 superasti,atque
2994 2976 3138 3032 illud
3166 2979 3549 3055 conspicuum
3572 2980 3760 3035 fecisti

2116 3064 2447 3120 masculum
2479 3071 2537 3121 et
2566 3066 2865 3133 feminam,
2891 3065 3170 3137 corporis,
3206 3084 3319 3125 non
3354 3068 3494 3123 item
3527 3069 3758 3133 animae,

2116 3154 2430 3209 discrimen
2462 3153 2627 3209 esse!
2681 3158 2725 3208 0
2776 3158 2908 3225 post
2936 3154 3298 3227 baptismum
3329 3156 3679 3222 castitatem,
3712 3162 3769 3211 et

2121 3259 2397 3315 sponsam
2416 3242 2631 3298 Christi
2653 3242 2913 3297 animam
2938 3244 2996 3297 in
3020 3260 3165 3315 puro
3190 3244 3450 3316 corporis
3472 3245 3730 3302 thalamo
3752 3245 3764 3298 l

2121 3331 2164 3387 Ο
2214 3349 2480 3387 amarum
2512 3337 2775 3402 gustum,
2809 3337 2867 3386 et
2916 3336 3109 3397 Evam,
3143 3338 3267 3391 tum
3300 3332 3530 3411 generis
3561 3335 3768 3404 nostri,

2120 3426 2245 3477 tum
2280 3420 2498 3494 peccati
2531 3425 2799 3486 matrem,
2834 3425 2892 3474 et
2922 3420 3300 3492 impcstorem
3334 3426 3683 3495 serpentem,
3717 3427 3767 3477 et

2124 3516 2390 3579 mortem,
2421 3509 2583 3565 illius
2614 3507 2975 3564 continentia
3003 3509 3316 3580 superata!
3351 3510 3395 3564 Ο
3426 3510 3641 3568 Christi
3671 3528 3772 3566 ex-

2121 3600 2529 3666 lnanitionem,
2556 3602 2614 3653 et
2643 3596 2794 3652 servi
2832 3597 3105 3667 formam,
3136 3604 3193 3653 et
3224 3598 3547 3669 passiones,
3582 3598 3771 3673 ipsius

2124 3688 2571 3745 mortificatione
2600 3686 2915 3741 honoratas
2939 3685 2951 3739 i

2194 3778 2309 3834 XV.
2344 3777 2424 3832 Ol
2467 3791 2725 3853 quonam
2770 3779 2957 3846 pacto,
2991 3774 3079 3829 vel
3110 3776 3309 3829 omnia
3338 3774 3495 3829 illius
3525 3790 3773 3830 enume-

2124 3868 2286 3931 rabo,
2337 3865 2423 3920 vel
2478 3864 2759 3935 majorem
2807 3879 3007 3917 eorum
3041 3870 3264 3935 partem
3298 3863 3772 3939 praetermittens,

2123 3974 2244 4021 eos,
2259 3955 2475 4026 quibus
2497 3969 2564 4008 ea
2584 3953 2782 4025 ignota
2802 3956 2962 4015 sunt,
2978 3951 3325 4005 detrimento
3348 3967 3463 4005 non
3481 3949 3774 4005 afﬁciam?

2126 4046 2238 4101 Sed
2278 4044 2405 4115 jam
2457 4040 2765 4112 pulchrum
2806 4038 2977 4093 fuerit
3010 4038 3243 4109 pietatis
3274 4054 3506 4110 quoque
3537 4037 3775 4109 prmmia

2126 4148 2283 4189 nunc
2314 4131 2583 4201 adjicere.
2617 4128 2732 4183 Vcs
2781 4127 2958 4196 enim,
3009 4127 3107 4198 qui
3158 4126 3333 4181 vitam
3385 4126 3546 4181 illius
3598 4127 3776 4204 probe

2128 4222 2335 4286 nostis,
2369 4218 2511 4273 mihi
2538 4216 2893 4288 jampridem
2926 4232 3157 4287 cupere,
3189 4223 3363 4291 atque
3409 4216 3466 4269 in
3521 4217 3777 4271 oratione

2129 4328 2257 4366 mea
2288 4309 2579 4378 requirere
2608 4304 2910 4371 videmini,
2947 4321 3061 4359 non
3114 4305 3422 4376 przssentia
3470 4305 3777 4369 duntaxat,

2128 4407 2184 4455 et
2214 4401 2286 4455 ob
2319 4415 2444 4469 quae
2476 4412 2632 4450 nunc
2661 4392 2781 4448 illic
2813 4392 3085 4463 exsultat,
3137 4410 3262 4463 quas
3314 4400 3371 4448 et
3417 4394 3669 4460 aurium,
3722 4402 3780 4447 et

2128 4490 2399 4544 humanis
2451 4484 2685 4553 mentis,
2735 4487 2791 4536 et
2839 4481 3140 4536 oculorum
3192 4487 3428 4553 captum
3470 4482 3775 4546 excedunt,

2129 4579 2229 4634 sed
2263 4574 2437 4631 etiam
2468 4590 2555 4639 ea,
2581 4589 2709 4644 quae
2729 4572 2933 4645 justus
2966 4570 3060 4626 ille
3092 4570 3410 4627 retributor
3439 4571 3496 4625 in
3532 4570 3638 4624 hac
3664 4570 3780 4624 vita

2128 4668 2243 4741 ipsi
2292 4662 2599 4736 rependit;
2654 4676 2790 4715 nam
2840 4658 2949 4714 hoc
3002 4675 3233 4731 quoque
3275 4674 3674 4731 saepenumero
3705 4658 3774 4713 ad

2206 4890 2315 4961 (27)
2345 4889 2413 4938 Ὢ
2458 4879 2818 4957 θερμότητος.
2881 4881 2975 4936 Sic
3023 4881 3143 4936 Jes.
3198 4880 3346 4935 Editi
3376 4895 3534 4945 vero,
3581 4875 3625 4930 ὥ
3656 4878 3779 4950 θερ-

2134 4961 2330 5035 μότης.
2509 5027 2537 5040 ν
2739 5023 2752 5039 κ
3584 5022 3594 5031 θ

2202 5034 2315 5104 (28)
2348 5034 2566 5104 "Q_17]<
2629 5043 2761 5095 μετα
2788 5019 3074 5104 κὶρυτρόχ,
3112 5027 3229 5104 etc.
3291 5045 3318 5072 ‹‹
3450 5025 3779 5104 castitatem

2131 5093 2261 5177 post
2292 5093 2678 5177 baptismum.
2713 5116 2755 5177 ιε
2786 5093 2978 5177 Schol.
3011 5094 3149 5177 Cod.
3187 5099 3322 5177 Sang:
3359 5093 3565 5148 Medic.
3600 5096 3782 5177 ᾚοιχε

2248 5162 2635 5249 Δ’τιτροῖςελθοῦσοι
2680 5163 2763 5249 ςτῷ
2806 5162 2958 5249 ἀνξρὶ
2997 5164 3219 5249 μετὰ-τὸ
3254 5162 3548 5249 parsurus,
3584 5162 3781 5249 οῷηπρὸ

2129 5236 2348 5320 πολλῶ
2391 5247 2490 5320 τῇς
2522 5239 2835 5320 κοιμήσεως
2870 5236 3262 5320 βαπτισθεῖσα,“
3297 5261 3317 5285 ε
3355 5236 3781 5320 νίρριυιξμὶσιη

2133 5318 2327 5393 genia)
2376 5315 2447 5370 ad
2474 5308 2768 5393 “maritum.
2807 5308 2921 5364 non
2954 5308 3275 5393 accessisse
3306 5313 3437 5380 post
3466 5308 3778 5393 baptisma,

2134 5383 2439 5463 quodnon
2474 5384 2644 5463 longe
2676 5386 2823 5463 ante.
2840 5386 3086 5463 mortem
3127 5387 3409 5463 tempore.
3439 5383 3718 5449 suscepit.
3754 5400 3782 5425 »

2226 5462 2314 5528 29)
2352 5452 2690 5529 Ἐγκρατείᾳ,
2750 5472 2771 5499 ι
2798 5453 3051 5529 jejunio,
3096 5452 3468 5529 abstinentia.
3507 5472 3536 5498 ››

2346 5523 2870 5600 Καταριθμήσο-μαιζ
2895 5524 2990 5580 0r.
3023 5526 3077 5600 _1,
3110 5523 3601 5596 καταριθμήσαιμι.

2228 5596 2319 5674 31⁷)
2350 5596 2688 5672 Προσθεῖναι.
2722 5596 2840 5651 Jos.
2874 5596 3195 5669 προσθῆναι.

4170 4846 4175 4853 ε

4174 5266 4179 5275 ι

4156 5376 4163 5383 ο

4162 5460 4169 5469 ο

4180 4782 4212 5490 ξ

4215 4727 4228 4840 ἓ

4217 5125 4234 5224 i
