4244 6216
501 376 612 441 811
1745 382 1811 442 S.
1855 377 2177 441 GREGOR‘

2270 376 2666 440 THEOLOGI
3788 393 3913 454 812

504 516 764 588 corporis
791 521 892 572 aut
920 515 1227 588 sanguinis
1260 532 1471 571 manus
1503 515 1931 581 recondiderat,
1963 512 2021 565 id
2070 510 2153 565 la-

2235 568 2239 576 ,
2266 528 2473 582 κρυσιν,
2508 507 2573 582 (ὤ
2603 514 2699 564 τοῦ
2732 512 3005 584 θαύματος
3030 515 3070 587 ι)
3120 514 3361 585 ἀπῆλθεν
3411 517 3563 583 εὐθὺς
3613 522 3911 596 αἰσθομένη

508 605 723 678 crymis
754 604 1186 673 admiscuisset,
1219 606 1273 676 (ο
1302 621 1423 660 rem
1452 603 1919 673 admirandam!)
1950 600 2149 655 statim

2258 604 2358 666 τῆς
2393 599 2686 672 σωτηρίας,
2720 599 2894 679 κούφη
2928 604 3017 657 καὶ
3050 609 3229 677 σῶμα,
3259 606 3349 660 καὶ
3398 611 3606 684 ψυχὴν,
3657 612 3747 668 xui
3796 611 3916 668 διά-

505 695 815 751 liberatam
861 711 923 749 se
971 695 1173 751 morbo
1201 695 1399 760 sentit,
1461 700 1637 765 atque
1687 698 1745 748 et
1802 706 2061 762 corpore,
2095 694 2153 744 et

2258 707 2430 756 νοιαν,
2480 688 2666 760 μισθὸν
2718 688 2939 754 ἐλπίδος
2985 688 3226 749 λαϐοῦσα
3271 698 3334 750 τὸ
3382 696 3762 772 ἐλπιζόμενον,
3822 703 3913 757 καὶ

505 784 724 852 animo,
757 786 815 837 et
842 786 1037 837 mente
1068 781 1210 838 levis
1230 781 1608 851 discedit,pro
1631 780 1754 851 spei
1775 778 2148 844 mercede,id,

2258 778 2325 848 τῇ
2356 782 2456 844 τῆς
2486 780 2671 852 ψυχῆς
2722 778 2985 853 εὐρωστίᾳ
3032 786 3377 856 κομισαμὲνη
3430 788 3528 855 τήν
3578 793 3673 842 τοῦ
3717 792 3915 861 σώμα-

507 873 663 943 quod
714 877 1070 943 speraverat,
1132 874 1464 937 consecuta,
1494 876 1550 925 et
1583 886 1685 935 per
1714 871 1923 923 animm
1972 867 2152 922 robur

2258 884 2371 925 τος.
2420 869 2593 919 Ταῦτα
2638 866 2842 942 λεγάλα
2889 869 3001 941 μὲν,
3058 870 3119 925 ού
3169 870 3341 945 ψευδῆ
3405 871 3481 930 δέ.
3540 876 3762 940 Τούτοις
3820 901 3916 934 πι-

506 961 765 1034 corporis
796 960 947 1016 vires
977 960 1289 1030 accipiens.
1319 959 1529 1029 Magna
1565 959 1801 1029 quidem
1835 957 1955 1011 haec
1987 960 2149 1024 sunt,

2260 952 2468 1007 στεύετε
2500 955 2745 1027 ἅπαντες,
2778 957 2866 1011 καὶ
2920 963 3218 1030 νοσοῦντες,
3276 962 3365 1016 καὶ
3421 963 3794 1037 ὑγιαίνοντεςο
3843 968 3918 1023 ἵν’

506 1068 624 1107 non
654 1056 852 1106 tamen
884 1049 1048 1104 falsa.
1084 1047 1182 1102 His
1213 1064 1438 1117 omnes,
1468 1051 1588 1102 tam
1615 1046 1762 1112 sani,
1788 1062 1964 1117 quam
1988 1043 2148 1115 aegri,

2259 1041 2309 1094 οἱ
2340 1042 2434 1131 μὲν
2468 1039 2634 1117 ἔχητε
2688 1047 2788 1113 τήν
2850 1046 3049 1121 ὑγίειαν
3087 1051 3223 1119 (55),
3256 1052 3309 1105 οἱ
3340 1049 3397 1106 δὲ
3428 1050 3745 1125 ἀπολάϐητε

506 1140 685 1195 fidem
718 1138 1007 1194 adhibete:
1043 1142 1109 1192 ut
1140 1135 1583 1203 sanitatem,alii
1613 1135 1903 1201 habeatis,
1930 1132 2027 1188 alii
2058 1149 2148 1187 re-

2260 1131 2355 1183 Καὶ
2388 1130 2467 1185 ὅτι
2504 1133 2579 1204 μή
2612 1133 2826 1205 κόμπος
2856 1135 2919 1190 τὸ
2960 1134 3232 1212 διήγημα,
3289 1137 3457 1209 δῆλον
3508 1142 3559 1213 ἐξ
3603 1146 3675 1199 ὧν
3730 1130 3919 1217 ζώσης

504 1227 755 1301 cipiatis.
778 1227 1060 1297 Quodque
1090 1241 1206 1280 non
1226 1226 1522 1295 jactantia:
1545 1224 1842 1296 specimen
1869 1224 1988 1277 haec
2011 1239 2150 1277 nar-

2257 1224 2650 1295 κατπσιγήσας,
2711 1221 2802 1278 νῦν
2866 1224 3202 1300 ἐξεκάλυψαο
3248 1230 3336 1284 καὶ
3396 1229 3510 1286 οὐδ’
3558 1232 3617 1287 ἃν
3659 1234 3751 1289 νῦν
3782 1233 3922 1307 ἐδη-

504 1317 653 1372 ratio
685 1316 784 1381 sit,
842 1314 979 1369 hinc
1038 1313 1256 1385 liquido
1315 1316 1568 1378 constat,
1629 1313 1785 1384 quod
1819 1312 1968 1367 hanc
2001 1326 2147 1378 rem,

2262 1307 2536 1379 μοσίευσα,
2572 1308 2626 1363 εὖ
2658 1309 2791 1380 ἴστε,
2827 1313 2871 1367 εἰ
2908 1317 2981 1386 μή
3016 1336 3097 1378 τις
3123 1335 3249 1391 εσχε
3282 1339 3347 1389 με
3371 1315 3543 1397 φόϐος
3591 1327 3771 1397 θαῦμα
3820 1347 3921 1380 το-

505 1404 767 1476 quandiu
799 1403 930 1475 ipsa
950 1402 1111 1470 vixit,
1143 1407 1363 1459 tectam
1395 1406 1451 1457 et
1467 1402 1697 1457 silentio
1726 1415 2148 1471 compressam,

2258 1401 2446 1451 σοῦτον
2480 1400 2591 1472 (57)
2623 1401 2958 1477 κατακρύψαι
2989 1403 3078 1458 καὶ
3122 1411 3336 1470 πιστοῖς
3383 1409 3472 1463 καὶ
3520 1408 3794 1484 ἀπίστοις,
3824 1416 3918 1470 xxi

502 1510 659 1550 nunc
716 1493 956 1547 demum
1005 1492 1269 1563 patefeci.
1334 1493 1405 1546 Ac
1462 1507 1534 1546 ne
1576 1506 1731 1545 nunc
1753 1490 1989 1560 quidem
2019 1504 2148 1543 eam

1359 1508 1405 1545 ιο
1462 1507 1534 1546 ne
1576 1506 1731 1545 nunc
1753 1490 1989 1560 quidem
2019 1504 2148 1543 eam
2256 1491 2371 1547 τοῖς
2407 1491 2495 1540 νῦν
2528 1489 2616 1542 καὶ
2645 1495 2764 1552 τοῖς
2794 1489 3035 1568 ὕστερον.

502 1580 891 1653 evulgassem,
925 1580 1038 1635 nisi
1071 1580 1246 1634 timor
1268 1579 1511 1650 quidam
1537 1578 1797 1633 animum
1820 1576 2179 1646 incessisset,
2213 1576 2262 1630 si
2293 1581 2524 1633 tantum
2556 1580 2932 1651 miraculum,
2958 1589 3015 1640 et
3053 1585 3346 1659 ﬁdelibus,
3380 1597 3433 1644 et
3464 1589 3827 1664 inﬁdelibus,
3860 1600 3923 1652 et

501 1672 575 1728 iis
607 1671 706 1742 qui
738 1686 895 1724 nunc
926 1672 1085 1736 sunt,
1117 1672 1173 1723 et
1204 1668 1454 1739 posteris
1495 1666 1901 1723 occultassem.

575 1762 730 1817 230
757 1758 902 1814 XIX.
927 1762 1113 1829 Atque
1155 1757 1492 1827 hujusmodi
1525 1756 1763 1827 quidem
1806 1756 1995 1826 ipsius
2024 1755 2143 1809 vita
2172 1757 2220 1821 B

2320 1758 2417 1809 IB'.
2444 1757 2517 1809 ra
2549 1755 2642 1827 μὲν
2677 1754 2743 1824 δὴ
2775 1762 2871 1811 τοῦ
2899 1757 3020 1833 βίου
3049 1766 3269 1817 τοιοῦτα
3292 1804 3305 1817 .
3337 1765 3427 1818 καὶ
3463 1767 3531 1820 τὰ
3581 1765 3755 1823 πλείω
3801 1791 3913 1824 πα-

499 1852 647 1906 fuit:
682 1847 1102 1920 compluraque
1136 1846 1332 1913 etiam,
1368 1863 1438 1901 ne
1470 1847 1710 1901 modum
1744 1845 1926 1901 oratio
1978 1860 2148 1899 exce-

2259 1841 2660 1917 ραλελοίπαμεν
2693 1843 2780 1899 διὰ
2806 1849 2905 1916 τὴν
2939 1851 3270 1923 συμμετρίαν
3298 1857 3395 1907 τοῦ
3441 1852 3627 1929 λόγου,
3673 1859 3765 1911 xui
3810 1865 3914 1914 τοῦ

499 1940 680 2003 deret,
714 1953 937 2007 nosque
962 1934 1295 2007 inexplebili
1328 1936 1581 2006 quadam
1614 1934 1802 2005 ipsius
1838 1933 2149 1988 laudandae

2370 1929 2544 2020 δοκεῖν
2578 1933 2873 2004 ἀπλήστως
2906 1935 3049 2012 ἔχειν
3080 1941 3204 2013 περὶ
3255 1941 3356 2009 τὴν
3408 1942 3674 2020 εὐφημίαν
3704 1965 3717 1978 ·
3765 1948 3920 2003 τάχα

502 2027 778 2083 aviditate
830 2026 1011 2081 teneri
1061 2025 1416 2093 videremur,
1467 2022 1975 2094 przetermisimus.
2034 2022 2146 2077 Pia

2258 2016 2303 2073 δ’
2337 2021 2394 2073 ἂν
2447 2019 2766 2095 ἀδικοίημεν
2828 2024 3086 2095 τελευτὴν
3144 2028 3289 2083 ὁσίαν
3346 2032 3435 2084 καὶ
3475 2016 3830 2107 περιϐόητον,
3871 2036 3920 2091 εἰ

502 2120 701 2173 autem
730 2119 787 2171 et
815 2113 1029 2171 celebri
1060 2114 1250 2185 ipsius
1280 2114 1454 2168 morti
1487 2114 1733 2168 fortasse
1766 2111 2046 2181 injuriam
2062 2111 2146 2165 fe-

2261 2109 2336 2180 μή
2408 2109 2496 2164 καὶ
2569 2115 2674 2165 τῶν
2748 2112 2950 2184 ταύτης
3025 2113 3207 2170 καλῶν
3270 2116 3768 2196 ἐπιμνησθείημεν’
3823 2124 3921 2179 xui

502 2206 779 2269 cerimus,
814 2203 927 2258 nisi
956 2203 1144 2274 ipsius
1177 2219 1409 2274 quoque
1457 2202 1662 2257 laudes
1724 2215 2146 2255 commemore-

2255 2201 2421 2251 ταῦτα
2469 2197 2640 2261 οὕτως
2688 2199 2895 2269 ἐκείνης
2934 2205 3281 2277 ποθουμένης
3312 2228 3370 2262 τε
3399 2209 3487 2264 καὶ
3549 2211 3919 2285 ζητουμένης.

502 2311 637 2351 mus
671 2312 684 2361 ;
719 2310 853 2349 cum
876 2292 1201 2364 praesertim
1219 2291 1447 2348 eamita
1468 2294 1703 2362 cuperet
1720 2306 1784 2344 ac
1802 2290 2147 2360 requireret,

2261 2288 2655 2360 Μνησθήσομαι
2713 2286 2790 2356 δὲ,
2851 2291 2927 2353 ὡς
2974 2291 3032 2346 ἃν
3099 2294 3213 2348 οἷόν
3285 2317 3344 2350 τε
3399 2297 3436 2371 ᾖ
3500 2302 3921 2372 συντομώτατα.

501 2382 983 2440 Commemorabo
1014 2386 1230 2450 autem,
1264 2396 1441 2450 quam
1500 2379 1624 2434 ﬁeri
1679 2380 1889 2450 poterit
1928 2377 2145 2433 brevis-

2262 2375 2475 2466 Ἐπόθει
2512 2377 2605 2449 μὶν
2639 2379 2736 2447 τὴν
2768 2377 3024 2435 ἀνάλυσιν
3054 2383 3163 2455 (καὶ
3194 2384 3297 2459 γὰρ
3344 2385 3461 2461 εἶχε
3506 2386 3726 2456 πολλὴν
3778 2394 3924 2466 πρὸς

503 2473 672 2529 sime.
706 2469 956 2527 Dissolvi
1012 2469 1356 2541 cupiebat’8
1392 2468 1657 2539 (multam
1720 2468 1937 2538 quippe
1991 2467 2145 2538 apud

2258 2464 2348 2519 τὸν
2399 2470 2666 2520 καλοῦντα
2718 2469 2824 2547 τὴν.
2874 2467 3224 2546 παρρησίαν),
3279 2474 3368 2527 καὶ
3424 2476 3485 2530 τὸ
3544 2476 3636 2531 σὺν
3695 2464 3921 2552 Χριστῷ

504 2578 663 2630 eum,
700 2578 733 2616 a
762 2576 876 2633 quo
896 2560 1231 2627 vocabatur,
1256 2558 1531 2612 ﬁduciam
1555 2556 1894 2623 obtinebat),
1928 2573 1992 2611 ac
2015 2574 2147 2611 cum

2259 2553 2633 2608 εἶναιπάντων
2670 2557 3084 2632 προετίθει
3132 2565 3240 2615 τῶν
3292 2562 3424 2639 ὑπὲρ
3471 2571 3617 2639 γῆς’
3666 2568 3757 2621 καὶ
3820 2569 3917 2623 ού-

504 2651 732 2705 Christo
765 2666 916 2717 esse,
943 2648 1219 2704 omnibus
1252 2651 1419 2701 terrae
1480 2644 1805 2701 commodis
1852 2662 2147 2716 praepone-

2260 2640 2369 2704 δεὶς
2403 2642 2575 2705 οὕτως
2605 2643 2699 2717 ἐρᾷ
2738 2646 2993 2718 σώματος
3047 2652 3150 2702 τῶν
3210 2647 3330 2705 λίαν
3385 2650 3658 2725 ἂρωτικῶν
3709 2676 3766 2711 τε
3820 2660 3916 2713 καὶ

508 2741 641 2796 bat:
669 2755 774 2795 nec
805 2740 1119 2810 quisquam
1149 2753 1372 2803 eorum,
1406 2735 1505 2806 qui
1539 2735 1609 2788 ad
1668 2749 1925 2788 amorem
1983 2733 2149 2789 valde

2259 2728 2647 2800 δυσκαθέκτων,
2705 2732 2779 2794 ὡς
2838 2733 3012 2805 ἐκείνη
3072 2737 3169 2799 τὰς
3216 2736 3381 2801 πέδας
3411 2740 3754 2818 ἀπορρίψασα
3776 2746 3914 2800 ταύ-

505 2829 780 2902 propensi
813 2833 973 2896 sunt,
1005 2831 1181 2898 atque
1211 2841 1356 2896 aegre
1380 2824 1613 2880 retineri
1633 2827 1900 2895 possunt,
1923 2822 2004 2877 ita
2025 2841 2149 2879 cor-

2256 2842 2373 2893 τας,
2407 2822 2495 2874 καὶ
2541 2822 2639 2888 τὴν
2677 2819 2795 2875 ἰλὺν
2833 2819 3127 2897 ὑπερϐᾶσα,
3160 2828 3276 2898 μεθ’
3304 2831 3369 2898 ἧς
3405 2830 3737 2904 βιωτεύομεν
3769 2836 3916 2907 (59),

503 2936 616 2991 pus
646 2919 906 2984 adamat,
940 2920 1004 2971 ut
1028 2915 1148 2984 illa,
1168 2914 1427 2971 excussis
1451 2913 1543 2971 his
1565 2911 2149 2985 compedibus,atque

2263 2912 2509 2983 μετάτοῦ
2539 2908 2711 2964 καλοῦ
2758 2913 3009 2985 καθαρῶς
3054 2914 3317 2989 γενέσθαι,
3364 2920 3452 2973 xui
3499 2920 3591 2974 τὸν
3634 2920 3914 2997 ἐρώμενον

501 3008 612 3064 hac
642 3008 796 3075 faece,
830 3023 963 3062 cum
995 3020 1113 3075 qua
1134 3003 1401 3069 vivimus,
1427 3006 1719 3072 superata,
1745 3017 1878 3055 cum
1904 3000 2148 3071 pulchro

2259 2994 2556 3053 ἀπολαϐεῖν
2590 2998 2743 3072 ὅλον,
2805 3004 3101 3072 προσθήσω
3164 3001 3210 3057 δ’
3270 3004 3353 3060 ὅτι
3405 3007 3495 3061 καὶ
3532 3009 3625 3063 τὸν
3659 2994 3916 3086 ἐραστὴν.

497 3096 599 3152 illo
630 3113 775 3169 pure
803 3094 1101 3166 conjungi,
1135 3108 1387 3163 eumque
1416 3096 1628 3157 totum,
1660 3106 1835 3161 quem
1886 3092 2142 3161 amabat,

2259 3088 2320 3142 οῦ
2367 3092 2458 3141 νῦν
2516 3094 2735 3163 μικραῖς
2790 3088 3186 3165 ἐλλαμπόμεθα
3218 3100 3337 3156 ταῖς
3385 3095 3599 3170 αὐγαῖς,
3652 3100 3743 3153 xui
3787 3101 3917 3156 ὅσον

497 3187 712 3242 addam
742 3186 918 3241 etiam
947 3200 980 3239 a
1009 3199 1123 3254 quo
1144 3181 1470 3246 amabatur,
1496 3178 1803 3250 complecti
1834 3178 2141 3251 gestiebat,

2252 3178 2555 3251 γινώσκειν,
2589 3178 2650 3231 οὗ
2695 3178 3078 3253 κεχωρίσμεθα
3108 3184 3246 3255 (60).
3297 3188 3655 3259 Διαμαρτάνει
3701 3185 3759 3243 δὲ
3790 3188 3922 3245 ούδὶ

490 3275 659 3345 cujus
692 3290 847 3329 nunc
875 3271 1144 3327 videlicet
1174 3268 1401 3340 exiguis
1429 3267 1609 3323 radiis
1641 3266 2145 3333 collustramur,et

2249 3263 2452 3335 ταύτης
2480 3268 2578 3334 τῆς
2627 3265 2935 3339 ἐπιθυμίας,
2986 3268 3159 3332 οὕτως
3212 3270 3379 3343 οὔσης
3427 3272 3609 3329 ἐνθέου
3650 3278 3741 3331 καὶ
3773 3279 3920 3352 ὑψηο

487 3379 521 3419 a
552 3379 690 3434 quo,
722 3366 1013 3433 quatenus
1043 3358 1313 3431 cognosci
1360 3361 1568 3428 potest,
1603 3356 1854 3425 sejuncti
1913 3372 2139 3411 sumus.

2254 3352 2376 3425 λῆς,
2436 3355 2524 3408 καὶ
2581 3355 2609 3442 6
2661 3355 2858 3410 τούτου
2921 3357 3105 3429 μεῖζόν
3168 3358 3299 3429 ἐστι,
3360 3364 3735 3436 προαπολαύει
3797 3371 3915 3442 (61)

486 3452 605 3510 Nec
626 3467 760 3507 vero
779 3454 900 3506 tam
923 3448 1163 3504 sublimi
1187 3464 1251 3504 ac
1269 3446 1463 3501 divino
1486 3444 1774 3501 desiderio
1812 3445 2136 3500 fraudetur:

2246 3446 2343 3495 τοῦ
2372 3442 2545 3497 καλοῦ
2576 3440 2664 3497 διὰ
2691 3450 2791 3513 τῆς
2822 3446 3177 3520 προγνώσεως
3205 3449 3295 3503 xui
3323 3457 3423 3519 τῆς
3460 3449 3683 3523 πολλῆς
3732 3440 3912 3530 ἇγνρυέ

490 3540 762 3611 quodque
791 3555 858 3594 eo
891 3539 1082 3608 majus
1104 3541 1210 3605 est,
1244 3552 1346 3608 per
1376 3534 1790 3606 praenotionem
1815 3549 1878 3587 ac
1902 3533 2136 3604 longam

2246 3530 2423 3592 πνίας.
2483 3530 2689 3602 Ταύτην
2752 3533 2826 3594 εἷς
2885 3533 3051 3597 ὕπνος
3102 3540 3209 3591 τῶν
3289 3536 3527 3607 ἡδίστων
3596 3539 3908 3616 ἀμείϐεται,

488 3629 751 3702 vigiliam
782 3629 1003 3683 bonum
1034 3625 1177 3680 illud
1212 3622 1489 3696 praacipit.
1519 3620 1679 3677 Hanc
1710 3620 1863 3677 enim
1892 3638 2138 3677 somnus

2244 3618 2333 3673 xui
2387 3621 2515 3693 ’ὀψις
2577 3620 2672 3693 μία
2728 3623 3033 3697 προθεσμίᾳ
3098 3623 3512 3705 περιλαφϐοῦσα
3578 3632 3678 3700 τὴν
3738 3632 3911 3706 ἐκδη-

493 3735 649 3774 unus
679 3716 1068 3773 suavissimus
1097 3713 1331 3785 excipit,
1362 3711 1626 3782 visioque
1656 3727 1775 3765 una
1807 3711 2135 3782 praestituto

2248 3708 2371 3780 μίαν
2406 3712 2539 3783 (62),
2572 3710 2660 3764 καὶ
2686 3713 2785 3780 τὴν
2823 3713 3045 3785 ἡμέραν
3081 3713 3279 3785 ταύτην
3332 3717 3662 3794 γνωρίσασα,
3712 3722 3788 3784 ὡς
3842 3724 3904 3778 ἂν

488 3814 753 3882 tempore
797 3807 1091 3863 dicessum
1150 3820 1181 3860 e
1223 3804 1346 3858 vita
1395 3801 1812 3873 complectens,
1864 3799 2136 3871 diemque

2239 3797 2302 3852 τὸ
2332 3796 2714 3871 ἐτοιμασθῆναι
2759 3798 2849 3855 καὶ
2903 3802 2979 3873 μὴ
3027 3806 3367 3881 ταραχθῆναι
3396 3811 3493 3861 τοῦ
3523 3813 3656 3863 Θεοῦ
3688 3830 3908 3884 πρυτα-

488 3899 633 3954 adeo
664 3897 861 3969 ipsum
907 3895 1176 3950 indicans
1209 3910 1222 3961 ;
1254 3892 1371 3947 Deo
1427 3889 1708 3945 nimirum
1759 3888 1868 3944 hoc
1915 3889 2134 3944 consti-
2241 3885 2505 3948 νεύοντος.

484 3990 706 4054 tuente,
741 3990 806 4041 ut
837 3987 1134 4057 parata,et
1157 3998 1272 4037 non
1304 3980 1540 4035 turbata
1564 3982 1741 4034 esset.

554 4078 680 4130 XX.
713 4075 859 4129 Nam
887 4074 1043 4143 quod
1076 4071 1148 4126 ad
1178 4068 1544 4143 purgationis
1571 4071 1628 4121 et
1658 4066 2002 4122 initiationis
2034 4067 2133 4122 bo-

2311 4065 2388 4121 K'.
2419 4064 2566 4138 Αὐτῇ
2602 4086 2694 4136 μεν
2731 4086 2821 4120 ουν
2855 4088 3116 4142 υπογυιον
3171 4071 3280 4144 (63)
3327 4073 3388 4125 τὸ
3436 4079 3537 4143 τῆς
3586 4076 3908 4149 καθαρσεως

482 4179 623 4216 num
657 4162 886 4225 attinet,
919 4161 1075 4231 quod
1107 4174 1419 4215 commune
1451 4158 1694 4220 donum,
1747 4160 1799 4209 et
1860 4156 2131 4210 secundae

2236 4152 2323 4206 xui
2380 4151 2714 4216 τελειώσεως
2761 4158 2824 4223 ἦν
2877 4156 3096 4231 ἀγαθὸν,
3154 4159 3214 4226 ἣν
3270 4161 3459 4229 κοινὴν
3511 4159 3741 4237 δωρεὰν,
3806 4167 3906 4221 καὶ

476 4248 606 4303 vitea
640 4248 1087 4303 fundamentum
1138 4264 1171 4301 a
1200 4247 1315 4301 Deo
1346 4261 1551 4300 omnes
1585 4248 1890 4313 acceptum
1950 4242 2126 4298 habe-

2237 4239 2487 4326 δευτέρου
2532 4242 2649 4316 βίου
2680 4242 2922 4317 κρηπῖδα
2982 4247 3126 4319 παρά
3173 4252 3305 4302 Θεοῦ
3358 4251 3547 4313 πάντες
3620 4255 3733 4326 (64)
3793 4254 3905 4309 λα-

478 4354 633 4407 mus,
658 4352 857 4391 recens
888 4336 946 4390 id
981 4338 1300 4404 acceperat.
1336 4335 1456 4389 lmo
1483 4349 1615 4388 vero
1645 4337 1767 4386 tota
1798 4332 1916 4387 vita
1977 4331 2125 4386 nihil

2235 4325 2419 4392 δόντες
2479 4329 2702 4406 ἔχομεν·
2755 4330 2979 4388 Μᾶλλον
3032 4331 3089 4388 δὲ
3135 4342 3237 4397 πᾶς
3288 4338 3315 4390 ὁ
3369 4338 3485 4413 βίος
3532 4341 3797 4414 κάθαρσις
3828 4345 3902 4413 ἦν

477 4423 563 4479 illi
593 4422 751 4478 aliud
773 4426 915 4491 erat,
948 4438 1125 4493 quam
1158 4420 1448 4491 purgatio,
1484 4425 1541 4474 et
1576 4420 1890 4490 perfectio:
1924 4436 1990 4474 ac
2041 4436 2125 4475 re-

2233 4418 2368 4493 αὐτῇ
2416 4420 2504 4474 καὶ
2551 4420 2873 4483 τελείωσις’
2925 4424 3014 4477 xui
3071 4424 3133 4478 τὸ
3191 4425 3283 4498 μὲν
3340 4427 3440 4495 τῆς
3485 4427 3904 4504 ἆναγεννήσεως

475 4512 911 4586 generationem
969 4509 1206 4582 quidem
1247 4525 1280 4562 a
1310 4508 1531 4578 Spiritu
1568 4512 1770 4562 sancto
1828 4509 2118 4576 habebat;

2233 4507 2375 4583 εἶχεν
2410 4510 2520 4581 (65)
2577 4508 2781 4594 ξκ-τοῦ
2830 4510 3165 4585 Πνεύματος,
3210 4515 3273 4568 τὸ
3320 4512 3390 4569 δι’
3420 4515 3657 4594 ἀσφαλες
3688 4520 3907 4592 ταύτης

473 4602 663 4673 ipsius
693 4603 891 4656 autem
921 4598 1207 4654 securitas
1236 4613 1304 4652 ex
1330 4600 1594 4651 anteacta
1624 4595 1762 4651 vita.
1786 4600 1977 4668 Atque
2008 4597 2117 4653 soli

2230 4595 2416 4651 ἐκτῶν
2463 4591 2944 4671 προϐεϐιωμένων.
2995 4600 3100 4656 Καὶ
3164 4601 3301 4676 μόνῃ
3357 4591 3579 4680 σχεδὸν.
3620 4606 3695 4661 ’ἶν’
3750 4591 3906 4666 εἴπω

475 4690 527 4747 ei
551 4706 719 4762 pene,
753 4692 819 4744 ut
841 4688 1115 4744 audacter
1144 4685 1370 4756 loquar,
1388 4684 1739 4756 baptismus,
1765 4702 1880 4740 non
1903 4687 2120 4759 gratia,

2226 4684 2535 4759 τολμήσας,
2568 4687 2818 4764 σφραγὶς,
2854 4686 2980 4743 αλλ’
3007 4689 3069 4745 οὗ
3098 4690 3345 4765 χάρισμα
3375 4694 3441 4764 ἦν
3466 4694 3528 4750 τὸ
3559 4700 3902 4773 μυστήριον.

547 4788 591 4823 ιε
624 4787 873 4858 Philipp.
898 4803 941 4854 ι,
969 4786 1059 4841 23.

629 4886 656 5237 ᾖ

547 4885 656 5009 (55)
681 4881 929 4957 Ὑγίειαν,
966 4883 1143 5009 Ηθεὲ.
1166 4881 1299 4964 βίη,
1329 4878 1532 4953 ὑγειαν.
2222 4904 2223 4911 ι

547 4957 634 5009 {56
686 4948 1047 5009 Ἀπολάϐητε.
1126 4952 1253 5009 0181.
1281 4946 1688 5007 1.ἆπολάϐοιτε.

2222 4879 2469 4954 γενόεμὸ,
2504 4904 2532 4931 ‹‹
2582 4883 2744 4965 Quod
2801 4900 2990 4956 nuper
3045 4903 3110 4940 ac
3162 4892 3425 4944 recenter
3502 4892 3778 4965 contigit,
3832 4896 3896 4951 id

2229 4959 2336 5009 est.
2368 4955 2659 5009 Gorgoma
2689 4970 2889 5009 recens
2920 4957 3234 5009 baptizata.
3270 4982 3297 5009 »
3356 4961 3563 5009 Mirum
3629 4967 3896 5009 nrant-J-n

683 4948 1253 5035 ’_Airoztu'6r,te.vC0isl.
1281 4948 1688 5035 Ldjtoll‘uSOL'ce.
1741 5025 1768 5035 η

2229 4948 2336 5035 est,
2362 4948 2659 5035 gorgonAia
2689 4948 3237 5035 recens'baptizata.
3270 4982 3297 5010 »
3344 4961 3565 5035 _Mirum
3626 4948 3896 5035 profecto

561 5024 652 5151 57)
683 5029 970 5081 Τοσοῦτον.
1004 5032 1181 5151 Regg.
1216 5026 1317 5090 hu,
1350 5028 1439 5079 Or.
1470 5024 1586 5079 Jes.
1608 5025 1855 5077 τοσοῦτο.
2226 5042 2237 5065 V

561 5100 628 5151 58
681 5096 975 5151 Ηοοετίθει.
1010 5099 1140 5151 COIS
1174 5140 1183 5150 .
1224 5098 1273 5151 1.
1305 5096 1586 5151 ποοετίθη.
2226 5112 2237 5148 ε

2226 5024 2536 5107 videbitur,
2569 5025 2918 5107 Gorgoniam
2950 5024 3241 5112 singulari
3299 5031 3514 5102 pietate
3574 5024 3895 5105 praeditam

2226 5102 2565 5151 sanctlsoue
2596 5098 2811 5151 editam
2847 5101 3213 5151 parentibus-
3247 5124 3275 5149 ‹‹
3301 5104 3679 5151 nuraatinnig
3696 5109 3895 5151 Mihi-

678 5096 975 5173 ῌροετίθει.
1010 5096 1183 5173 Cois).
1224 5098 1273 5166 1,
1305 5096 1586 5173 προετίθη.
1628 5166 1651 5173 Α
1795 5163 1806 5173 ¹
2226 5113 2233 5147 ε

2226 5096 2565 5173 sanctisque
2596 5098 2811 5152 editam
2847 5096 3214 5170 parentibus,
3247 5124 3275 5149 ‹‹
3299 5096 3679 5173 purgationis
3696 5109 3894 5164 etini-

554 5163 644 5237 59)
678 5163 1038 5241 Βίωτευομεν.
1074 5163 1465 5241 Ηθςςζ.’ἃ,”ὴιξ,
1490 5163 1587 5229 Or,
1625 5163 1971 5241 βιοτεύομεν.
2052 5238 2083 5241 Α
2226 5177 2230 5216 1

2226 5163 2485 5241 tiationis
2502 5169 2723 5223 bonum
2760 5192 2785 5218 ››
2809 5163 3033 5226 tamdiu
3061 5163 3383 5229 distulisse.
3399 5163 3641 5233 Constat
3656 5163 3864 5236 tamen

550 5228 640 5311 60)
700 5242 794 5294 Kui
847 5228 972 5294 ὅσον
1024 5228 1328 5315 γινώσκειν,
1393 5228 1461 5292 οὖγ
1538 5228 1940 5311 κεχωρίσμεθα.
2002 5238 2113 5293 Bil-
2225 5286 2226 5291 η

2225 5238 2279 5293 ni
2316 5240 2503 5307 fallor,
2537 5257 2664 5320 eam
2698 5247 2848 5320 certe
2873 5242 3236 5320 baptismum
3268 5228 3891 5320 suscepiés'é'EEQE

453 5311 591 5381 lius,
627 5337 654 5363 «
691 5320 863 5386 atque
899 5311 1201 5382 hactenus,
1228 5318 1314 5380 ut,
1343 5330 1375 5367 ει
1407 5329 1520 5383 quo
1546 5311 1826 5380 disjuncti
1877 5326 2105 5379 sumus,
2222 5328 2397 5382 quam
2436 5312 2873 5386 sanit_atem,__de
2906 5311 3339 5386 quasuperius,
3384 5311 3461 5372 οἶ
3490 5320 3557 5372 18
3604 5311 3891 5378 mirabili

450 5383 875 5458 agnoscamus._
900 5407 929 5435 ››
953 5454 961 5458 ἡ
1298 5456 1305 5458 _
1362 5457 1367 5458 γ
1476 5454 1486 5458 _
1670 5456 1675 5458 Α
2005 5453 2017 5458 δ
2220 5385 2391 5439 modo
2416 5384 2748 5458 recepisset.
2773 5383 3283 5442 Undeenimdomi
3307 5383 3605 5445 recondita
3633 5392 3889 5450 habuis-

522 5454 1038 5537 (6l)_llpu1t0)\u'38v..
1075 5479 1102 5505 «
1138 5456 1423 5526 Praecipit,
1473 5454 1532 5508 in
1584 5456 1953 5508 antecessum
2005 5453 2105 5507 bo-

2218 5459 2305 5537 set
2336 5453 2663 5537 «corporis
2684 5458 3073 5537 et,sanguinis
3106 5459 3337 5537 Domini
3372 5462 3661 5535 autitypa,
3700 5488 3722 5515 ι
3742 5481 3884 5537 qua

402 5563 414 5574 .
452 5526 536 5583 ῃσ
559 5526 790 5584 fruitur.
818 5551 845 5577 ››
2217 5526 2655 5582 catechumenis
2688 5532 2995 5585 attrectare
3025 5546 3140 5584 non
3174 5530 3433 5589 licebat?

519 5600 637 5680 (62)
666 5595 982 5680 Ἐκδημίαγρ
1015 5597 1160 5680 Quae.
1181 5600 1533 5680 sequuntur,
1558 5610 1775 5680 ‘usque
1834 5592 1928 5680 ad.
1965 5592 2100 5666 αὐτῇ

2430 5598 2688 5680 ράντεσ.“
2715 5599 2885 5680 Deest
2943 5601 3002 5680 in
3038 5602 3396 5680 quibusdam
3424 5604 3606 5680 ᾔδεε.
3642 5611 3701 5662 et
3742 5607 3881 5665 Jes.

453 5665 905 5746 pévgdesunt'in
937 5668 1116 5746 Regg.
1145 5665 1402 5746 buy—hu,
1425 5665 1596 5746 Coisl:
1632 5666 1849 5746 2,‘Jes.,
1883 5667 1991 5746 etc;
2080 5665 2083 5666 ⁷
2284 5665 2397 5739 (65)
2430 5668 2616 5745 Εἴχεν.
2654 5672 2824 5729 Deest
2846 5671 2906 5727 in
2937 5665 3230 5746 plerisque
3251 5665 3574 5734 codicibus".

520 5733 633 5811 (63)
700 5733 1264 5814 ὙπόγυιονῖἒυῒιοΙ.
1314 5733 1716 5791 τὸνεωστὶκαί
1773 5735 2098 5812 προσφάτως
