4244 6216
310 443 429 506 813
915 439 1203 502 ORATIO
1247 439 1405 501 VIII.
1453 472 1532 486 —
1577 435 1654 499 IN
1701 435 2026 501 LAUDEM
2072 437 2406 501 SORORIS
2453 439 2628 502 SUAE
2671 438 3117 502 GORGUNIIE.
3602 441 3722 502 8M

310 579 407 628 ’Έν
442 573 497 629 δὲ
518 579 633 635 τοῖς
664 578 792 627 πᾶσι
823 574 1177 648 προστεθῆναι
1208 576 1443 640 ζητοῦσα
1478 573 1578 639 τήν
1625 571 1721 624 τοῦ
1770 567 1960 644 ἀνδρὸς

2088 572 2172 627 sed
2208 571 2466 644 sigillum
2495 578 2638 628 erat.
2671 574 2846 629 Porro
2880 589 3012 628 cum
3059 590 3244 628 unum
3274 575 3386 628 hoc
3417 573 3487 628 ad
3521 573 3719 628 omnia

307 663 590 718 τελείωσιν
621 661 907 737 (βούλεσθε
935 663 1126 737 γράψω
1172 662 1262 715 τὸν
1323 658 1489 734 ἄνδρα
1519 659 1799 731 συντόμως
1825 678 1838 727 ;
1873 659 1964 712 ἀν-

310 751 435 826 δρὸς
469 752 698 824 ἐκείνης,
730 751 820 805 καὶ
853 750 951 804 οὐκ
982 748 1084 803 οἷδ’
1113 750 1142 803 ὃ
1171 771 1222 804 τι
1253 751 1366 825 χρὴ
1416 749 1584 804 πλέον
1638 748 1846 820 εἰπεῖν),
1895 742 1966 800 ’ἶν’

311 842 429 914 ὅλῳ
458 846 536 913 τῷ
567 842 776 913 σώματι
811 844 927 910 Θεῷ
964 841 1291 914 καθιερωθῇ,
1344 840 1432 892 xui
1487 840 1561 911 μὴ
1614 838 1663 907 ἐξ
1712 835 1963 908 ἡμισείας

311 929 518 1004 ἀπέλθῃ
547 927 926 1000 τετελεσμένη,
966 925 1094 1000 μηδ’
1127 925 1490 995 ὑπολείπηταί
1519 946 1570 980 τι
1610 930 1717 980 τῶν
1769 925 1961 992 ἑαυτῆς

314 1019 522 1090 ἀτελὲς,
580 1016 703 1072 οὐδὲ
746 1017 949 1086 ταύτης
996 1014 1343 1092 διαμαρτάνει
1384 1023 1483 1084 τῆς
1531 1013 1766 1084 δεήσεως
1820 1014 1966 1089 παρὰ

311 1112 409 1162 τοῦ
443 1105 659 1179 θέλημα
683 1111 792 1160 τῶν
826 1101 1175 1183 φοϐουμένων
1211 1103 1367 1158 αὐτὸν
1409 1108 1713 1174 ποιοῦντος,
1745 1101 1833 1156 καὶ
1888 1102 1963 1164 εἰς

316 1197 484 1274 πέρας
515 1198 740 1273 ἄγοντος
769 1195 836 1250 τὰ
865 1195 986 1265 αἰτή
1000 1215 1160 1268 ματα.

383 1467 512 1522 ΚΑ’.
567 1470 651 1526 Ὡς
705 1462 763 1518 δὲ
816 1462 1026 1516 ἃπαντα
1079 1464 1222 1536 εἶχεν
1291 1459 1429 1531 αὐτῇ
1484 1459 1618 1514 κατὰ
1673 1463 1818 1529 νοῦν,
1873 1457 1964 1513 καὶ

317 1552 474 1608 οὐδὲν
502 1551 666 1608 ἐνέδει
687 1556 792 1607 τῶν
815 1550 1191 1624 ποθουμὲνων,
1214 1549 1303 1604 καὶ
1323 1551 1359 1617 ἡ
1381 1549 1539 1624 κυρία
1569 1550 1681 1621 (66)
1706 1546 1963 1620 πλησίον,

317 1643 488 1704 οὕτως
535 1640 644 1712 ἤδη
693 1646 772 1712 τῷ
817 1641 1030 1712 θανάτῳ
1076 1639 1450 1706 συσκευάζεται
1499 1638 1587 1691 καὶ
1616 1640 1686 1710 τῇ
1709 1633 1963 1708 ἐκδημίᾳ,

315 1732 403 1787 καὶ
436 1731 647 1807 πληροῖ
692 1732 782 1785 τὸν
828 1731 952 1806 περί
999 1734 1165 1783 ταῦτα
1214 1727 1383 1800 νόμον
1435 1724 1523 1780 διὰ
1563 1733 1662 1796 τῆς
1705 1723 1964 1782 κατακλί-

320 1842 455 1882 σεως
497 1822 628 1894 (67).
682 1817 1064 1891 Ἑπισκῄψασα
1106 1819 1218 1890 (68)
1276 1813 1333 1869 δὲ
1381 1814 1469 1870 καὶ
1520 1812 1693 1890 ἀνδρὶ,
1744 1813 1833 1868 καί
1877 1815 1963 1868 τὲ-

319 1932 486 1978 κνοις,
516 1908 606 1963 καὶ
642 1907 846 1985 φίλοις,
875 1907 972 1960 ὅσα
1005 1905 1147 1967 εἰκὸς
1176 1906 1275 1972 τὴν
1310 1900 1626 1980 φίλανδρον,
1674 1903 1761 1957 καὶ
1809 1900 1966 1980 φιλό-

317 2021 522 2072 τεκνον,
547 1997 636 2052 xui
678 1995 1034 2074 φιλάδελφον,
1065 1995 1154 2049 xui
1185 1994 1455 2068 λαμπρῶς
1507 1993 1629 2066 περὶ
1677 1997 1784 2046 τῶν
1833 1991 1966 2046 ἐκεῖ·

324 2090 408 2143 Θεν
461 2084 893 2164 φιλοσοφήσασα,
944 2084 1033 2137 καὶ
1084 2080 1435 2157 πανηγύρεως
1482 2080 1690 2156 ἡμέραν
1739 2101 1969 2150 ποιησα-

327 2179 458 2250 μὲνη
489 2177 588 2244 τήν
616 2173 950 2238 τελευταίαν,
997 2176 1280 2244 κοιμᾶται,
1328 2169 1552 2244 πλήρης
1606 2171 1698 2242 μὲν
1750 2169 1811 2224 οὐ
1858 2173 1966 2224 τῶν

319 2265 456 2320 κατὰ
503 2266 784 2338 ἄνθρωπον
833 2263 1082 2337 ἡμερῶν,
1136 2258 1166 2313 ὅ
1213 2280 1264 2312 τι
1321 2257 1461 2331 μηδὲ
1499 2259 1802 2332 συνηύχετο
1834 2259 1967 2330 (69),

317 2354 516 2415 ταύτας
574 2353 738 2425 ἑαυτῇ
794 2349 1034 2422 πονηρὰς
1094 2345 1287 2418 εἲδυῐα,
1339 2347 1429 2401 καὶ
1485 2346 1552 2402 τὰ
1593 2345 1779 2401 πολλά
1838 2347 1972 2420 μετά

316 2447 416 2498 τοῦ
447 2444 582 2518 χοὸς
612 2443 726 2514 (70)
752 2439 842 2494 καὶ
887 2444 989 2507 τῆς
1035 2436 1269 2506 πλάνης,
1318 2441 1424 2490 τῶν
1471 2433 1528 2490 δὲ
1557 2436 1692 2490 κατὰ
1722 2435 1850 2490 Θεὸν
1881 2434 1971 2489 καὶ

323 2531 442 2588 λίαν
475 2528 720 2605 πλήρης,
748 2528 821 2588 ὡς
855 2525 954 2580 οὐκ
984 2523 1086 2579 οἷδ’
1118 2522 1170 2579 εἶ’
1192 2545 1274 2587 τις
1310 2523 1511 2601 ῥᾳδίως
1539 2529 1644 2580 τῶν
1695 2524 1744 2578 ἐν
1795 2523 1970 2579 πλου-

321 2619 412 2691 σίᾳ
454 2618 525 2693 τῇ
574 2617 744 2689 πολίᾳ
793 2613 1233 2685 καταλυσάντων,
1289 2613 1378 2668 xui
1426 2612 1640 2675 πολλὰς
1686 2613 1816 2668 ἑτῶν
1875 2634 1970 2668 πε-

327 2706 544 2784 ριόδους
620 2706 1058 2782 ἀριθμησάντων.
1138 2701 1320 2763 Οὕτως
1397 2701 1568 2772 ἐκείνη
1648 2701 1854 2774 λύεται,
1934 2702 1969 2770 ἢ

322 2790 827 2875 προσλαμϐάνεται,
904 2798 1150 2868 κρεῖσσον
1224 2791 1415 2861 εἰπεῖν,
1470 2792 1505 2860 ἢ
1567 2791 1878 2868 ἀφίπταται,
1937 2791 1973 2859 ἢ

329 2885 711 2961 μετοικίζεται,
789 2884 824 2952 ἢ
906 2883 1096 2957 μικρὸν
1166 2878 1554 2957 προαποδημεῖ
1625 2885 1721 2935 τοῦ
1797 2881 1979 2952 σώμα-

322 2997 417 3038 τος
450 2979 586 3049 (71).

398 3243 514 3297 KB’.
565 3237 723 3294 Ἀλλ’
773 3236 887 3292 οἷόν
939 3257 1005 3309 με
1055 3235 1246 3312 μικρὸν
1294 3237 1405 3309 (72)
1449 3237 1558 3289 τῶν
1597 3233 1802 3304 ἐκείνης
1835 3255 1977 3310 παρ-

2072 661 2341 716 accedere
2388 668 2644 733 cuperet,
2678 669 2742 716 ut
2784 662 3031 718 maritus
3063 679 3296 734 quoque
3347 663 3720 734 perficeretur

2074 749 2274 818 (vultis
2336 767 2449 805 uno
2491 752 2665 806 verbo
2710 751 2901 807 virum
2950 751 3320 808 describam?
3365 751 3454 806 vir
3507 750 3713 808 illius:

2074 854 2179 893 nec
2208 838 2364 893 enim
2394 839 2535 907 scio,
2564 839 2702 911 quid
2736 839 2991 912 amplius
3012 839 3202 897 dicere
3233 855 3468 896 necesse
3497 840 3615 913 sit),
3652 845 3717 896 ut

2074 926 2159 982 sic
2190 931 2308 983 toto
2339 945 2578 1000 corpore
2608 928 2722 984 Deo
2747 934 3206 1001 consecraretur,
3231 947 3296 986 ac
3327 947 3442 986 non
3472 929 3720 986 dimidia

2074 1019 2305 1072 tantum
2359 1033 2428 1073 ex
2483 1025 2644 1090 parte
2696 1016 2950 1088 perfecta
3003 1019 3359 1086 discederet,
3408 1019 3718 1091 ipsiusque

2075 1104 2298 1177 aliquid
2356 1106 2765 1178 imperfectum
2823 1106 3268 1178 relinqueretur,
3319 1108 3428 1163 hoc
3483 1123 3718 1179 quoque

2073 1195 2345 1265 precibus
2376 1195 2449 1250 ab
2496 1212 2582 1263 eo,
2618 1195 2718 1266 qui
2747 1194 3110 1252 voluntatem
3139 1196 3472 1252 timentium
3521 1213 3584 1252 se
3631 1196 3716 1252 fa-

2075 1283 2154 1338 cit
2172 1285 2238 1354 9°,
2264 1300 2328 1339 ac
2362 1283 2666 1356 petitiones
2685 1300 2887 1341 eorum
2919 1284 2992 1339 ad
3019 1284 3196 1340 finem
3217 1284 3504 1356 perducit,
3535 1285 3720 1357 impe-

2072 1373 2264 1428 travit.

2146 1462 2246 1517 23
2262 1465 2289 1516 I
2322 1461 2462 1517 XXI.
2485 1462 2632 1517 Cum
2656 1465 2852 1518 autem
2874 1461 3073 1517 omnia
3091 1479 3158 1518 ex
3180 1461 3367 1533 ipsius
3389 1461 3568 1518 animi
3589 1478 3721 1518 sen-

2074 1550 2256 1606 tentia
2286 1568 2412 1607 sese
2436 1550 2738 1622 haberent,
2761 1568 2865 1608 nec
2887 1550 3209 1623 quidquam
3230 1568 3453 1619 eorum,
3477 1568 3605 1624 qua;
3627 1569 3723 1608 cu-

2075 1639 2288 1711 piebat,
2304 1640 2553 1710 abesset,
2571 1642 2813 1712 jamque
2835 1640 3197 1712 praestitutus
3216 1640 3340 1696 dies
3361 1640 3719 1712 immineret,

2072 1727 2155 1783 ita
2177 1729 2301 1799 jam
2334 1731 2402 1784 ad
2439 1733 2686 1784 mortem
2717 1733 2772 1784 et
2801 1731 3020 1784 exitum
3071 1746 3134 1784 se
3182 1733 3720 1802 comparat,atque,

2075 1822 2141 1872 ut
2161 1816 2372 1890 legem,
2388 1835 2512 1890 quae
2535 1817 2594 1873 in
2617 1817 2959 1889 hujusmodi
2982 1818 3156 1874 rebus
3177 1819 3350 1890 viget,
3370 1817 3644 1890 expleret,
3657 1817 3717 1873 in

2074 1905 2293 1962 lectum
2330 1924 2393 1964 se
2441 1908 2692 1978 conjicit.
2723 1907 2986 1979 Cumque
3034 1908 3105 1963 ad
3137 1907 3348 1976 virum,
3376 1913 3435 1964 et
3465 1908 3640 1979 filios,
3662 1912 3722 1964 et

2077 1996 2321 2065 amicos,
2355 2012 2656 2052 sermones
2701 1995 3031 2062 habuisset,
3057 2013 3205 2066 quos
3238 1996 3565 2067 mulierem,
3589 1997 3720 2064 viri,

2079 2090 2137 2142 et
2167 2085 2446 2152 ﬁliorum,
2469 2089 2526 2140 et
2547 2084 2792 2139 fratrum
2823 2101 3020 2140 amore
3043 2085 3346 2156 praeditam
3375 2087 3589 2143 habere
3620 2104 3725 2159 par

2079 2178 2225 2243 erat,
2257 2190 2320 2228 ac
2353 2175 2424 2228 de
2456 2172 2639 2228 altera
2664 2173 2782 2228 vita
2811 2173 3086 2245 praeclare
3116 2174 3513 2246 disseruisset,
3545 2176 3725 2232 diem-

2079 2279 2189 2334 que
2233 2267 2556 2317 extremum
2605 2260 2819 2316 festum
2851 2262 3006 2317 diem
3065 2262 3318 2331 fecisset,
3350 2262 3431 2319 ita
3485 2265 3725 2320 demum

2080 2350 2478 2417 obdormiscit,
2511 2349 2700 2423 plena,
2735 2367 2850 2406 non
2881 2351 3273 2408 humanorum
3305 2351 3556 2424 dierum,
3577 2369 3729 2425 quos

2080 2459 2153 2497 ne
2182 2441 2312 2512 ipsa
2336 2440 2574 2512 quidem
2606 2440 2934 2512 exoptabat,
2963 2444 3162 2514 utpote
3192 2458 3340 2514 quos
3370 2441 3483 2498 sibi
3514 2442 3726 2512 malos,

2081 2533 2139 2586 et
2169 2534 2232 2585 ut
2263 2528 2583 2602 plurimum
2617 2545 2751 2584 cum
2795 2529 3032 2600 pulvere
3061 2533 3119 2585 et
3147 2546 3342 2586 errore
3382 2532 3728 2603 conjunctos

2084 2635 2212 2675 esse
2243 2635 2358 2674 non
2387 2617 2710 2689 ignoraret;
2752 2617 2854 2673 sed
2895 2617 3124 2673 dierum
3169 2620 3496 2674 secundum
3546 2625 3727 2676 Deum

2083 2707 2164 2762 ita
2192 2707 2382 2778 plena,
2417 2709 2483 2760 ut
2514 2705 2671 2760 haud
2719 2705 2841 2761 scio
2891 2723 2964 2761 an
3013 2707 3255 2777 perinde
3283 2708 3598 2779 quisquam
3630 2725 3726 2764 eo-

2086 2813 2240 2864 rum,
2272 2794 2373 2866 qui
2405 2794 2465 2848 in
2497 2793 2791 2849 ditissima
2829 2799 3124 2850 senectute
3156 2800 3406 2852 mortem
3437 2797 3728 2868 obierunt,

2086 2901 2153 2940 ac
2184 2882 2401 2938 multos
2443 2898 2732 2938 annorum
2765 2883 2934 2938 orbes
2983 2889 3390 2955 numerarunt,
3421 2885 3731 2942 exstiterit.

2085 2973 2179 3029 Sic
2210 2971 2312 3027 illa
2339 2970 2601 3040 solvitur,
2633 2974 2758 3037 aut,
2789 2975 2856 3026 ut
2886 2970 3095 3026 melius
3126 2971 3354 3044 loquar,
3384 2975 3731 3045 assumitur,

2088 3066 2190 3118 aut
2217 3061 2426 3127 avolat,
2451 3063 2551 3115 aut
2575 3059 2980 3131 transmigrat,
3003 3064 3106 3116 aut
3125 3059 3433 3132 paululum
3456 3067 3591 3120 ante
3616 3079 3736 3118 cor-

2086 3166 2199 3222 pus
2230 3146 2510 3204 abscedit.

2157 3238 2327 3293 XXII.
2358 3236 2574 3292 Verum
2615 3235 2910 3292 enimvero
2940 3235 3133 3308 qualis
3178 3237 3368 3310 ipsius
3413 3239 3543 3296 laus
3591 3240 3737 3297 mihi

324 3330 598 3406 ἑδραμενί
649 3330 793 3403 τάχα
840 3324 886 3380 δ’
936 3325 994 3380 ἃν
1051 3325 1112 3379 οὗ
1160 3325 1568 3399 συνεχώρησας,
1610 3325 1654 3377 ὦ
1685 3323 1748 3377 σὺ
1804 3322 1970 3398 πάτερ

2088 3326 2533 3401 promemodum
2567 3324 2802 3380 excidit!
2832 3325 3079 3382 fortasse
3099 3331 3296 3384 autem
3319 3333 3473 3385 netu
3496 3329 3735 3402 quidem

323 3421 536 3490 ἒκείνης
583 3415 934 3490 πνευματικὶ,
985 3415 1012 3468 ὁ
1058 3415 1147 3468 καὶ
1189 3415 1434 3489 τηρήσας
1476 3407 1716 3488 ἀκριϐῶς
1749 3413 1809 3467 τὸ
1842 3417 1972 3477 θαῦ-

333 3533 430 3585 μα,
485 3509 577 3562 καὶ
632 3509 768 3579 ἡμῖν
817 3502 1125 3581 γνωρίσας’
1191 3501 1328 3577 μέγα
1379 3503 1470 3573 μὲν
1523 3500 1598 3563 εἰς
1659 3500 1974 3577 φιλοτιμίαν

327 3597 527 3671 ἐκείνῃ,
591 3597 730 3669 μέγα
787 3591 844 3648 δὲ
914 3595 1049 3664 ἡμῖν
1109 3589 1184 3652 εἷς
1242 3589 1546 3662 ὑπόμνησιν
1611 3591 1830 3665 ἀρετῆς,
1888 3590 1978 3644 καὶ

327 3688 498 3751 πόθον
527 3692 627 3754 τῆς
670 3683 838 3752 αὐτῆς
889 3679 1216 3740 ἀναλύσεως.
1269 3679 1370 3736 Καί
1421 3700 1486 3751 με
1535 3678 1699 3754 φρίκη
1732 3700 1813 3740 τις
1847 3679 1978 3732 ὑπο-

328 3777 541 3853 τρέχει,
594 3773 682 3828 καὶ
732 3769 964 3844 δάκρυον
1012 3770 1172 3842 ὁμοῦ,
1227 3767 1572 3841 μεμνημένον
1615 3772 1712 3821 τοῦ
1773 3767 1981 3840 θαύμα-

330 3887 450 3927 τος.
502 3861 723 3918 Ἐλῦετο
775 3861 868 3932 μὲν
921 3856 1031 3928 ἤδη
1082 3857 1172 3912 καὶ
1221 3858 1431 3911 ἀνὲπνει
1467 3856 1534 3910 τὰ
1560 3855 1864 3927 τελευταῖα,
1895 3856 1984 3911 καὶ

335 3955 508 4030 χορὸς
539 3951 660 4027 περὶ
707 3949 871 4017 αὐτὴν
925 3946 1136 4002 οἰκείων
1185 3966 1244 4000 τε
1291 3944 1379 4000 καὶ
1411 3945 1570 4014 ξένων
1605 3943 1983 4018 χαριζομένων

336 4044 406 4096 τά
436 4040 883 4115 προπεμπτήρια·
916 4036 1005 4090 καὶ
1040 4035 1248 4108 μητρὸς
1277 4039 1506 4109 γηραιᾶς
1538 4031 1806 4094 ἐπίνευσις
1853 4035 1984 4107 (73),

339 4131 429 4186 καὶ
479 4134 665 4204 ψυχῆς
727 4126 1042 4202 σπαραγμὸς
1103 4121 1518 4193 ζηλοτυποόσης
1573 4123 1671 4190 τὴν
1702 4119 1989 4195 ἐκδημίαν,

335 4221 430 4275 xui
480 4216 708 4296 φίλτρον
761 4213 1008 4270 ἁπάντων
1071 4213 1276 4288 ἀγωνίᾳ
1345 4211 1662 4287 σύγκρατον,
1730 4215 1835 4266 τῶν
1893 4213 1989 4284 μὲν

337 4308 370 4363 δ
417 4330 470 4362 τι
511 4305 782 4360 ἀκούσωσι
841 4305 953 4376 (74)
1011 4303 1345 4367 ποθοῦντων,
1392 4301 1616 4372 μνήμης
1647 4298 1989 4375 ἓμπόρευμα,

331 4401 446 4453 τῶν
481 4393 538 4450 δὲ
563 4394 591 4449 ὅ
620 4416 670 4449 τι
695 4394 1006 4470 φθὲγξονται
1039 4388 1276 4465 (75),τολ
1289 4394 1500 4462 μῶντος
1534 4386 1591 4442 δὲ
1616 4391 1724 4463 (76)
1754 4387 1993 4451 οὐδενός.

335 4486 438 4541 Καὶ
468 4484 627 4561 κωφὰ
673 4484 738 4536 τὸ.
791 4479 1014 4557 δάκρυα,
1065 4479 1154 4534 καὶ
1207 4481 1242 4547 ἡ
1289 4485 1390 4547 τῆς
1437 4477 1615 4547 Λύπης
1648 4475 1776 4531 ὠδίν
1810 4477 1996 4552 ἀθερα-

334 4595 538 4636 πευτος
596 4569 743 4646 (οὐδὲ
792 4571 895 4646 γὰρ
953 4571 1101 4624 ὅσιον
1162 4565 1336 4622 ἐδόκει
1397 4568 1619 4642 θρήνοις
1673 4571 1838 4640 τιμᾷν
1892 4569 1993 4637 τὴν

2083 3418 2142 3473 id
2167 3433 2379 3489 passus
2400 3414 2682 3479 fuisses,o
2701 3413 3025 3486 spiritualis
3046 3414 3205 3472 illius
3228 3423 3412 3489 pater,
3435 3419 3536 3491 qui
3556 3419 3733 3476 etiam

2087 3504 2439 3560 miraculum
2497 3502 2657 3558 istud
2718 3507 2984 3558 accurate
3040 3505 3395 3574 observasti,
3445 3507 3734 3580 nobisque

2087 3593 2361 3650 indicasti
2393 3608 2407 3648 :
2442 3608 2722 3664 magnum
2768 3609 2929 3659 sane,
2963 3598 3030 3648 ut
3071 3593 3184 3665 ipsi
3231 3595 3302 3650 ad
3350 3595 3618 3667 gloriam,
3649 3597 3735 3651 ita

2090 3683 2261 3738 nobis
2291 3681 2360 3736 ad
2393 3681 2625 3735 virtutis
2671 3680 3080 3737 moninentum
3110 3687 3285 3754 atque
3313 3685 3575 3755 ejusdem
3610 3685 3732 3740 dis-

2092 3769 2401 3827 solutionis
2426 3768 2804 3824 desiderium.
2827 3771 2905 3823 Ac
2928 3770 3074 3824 mihi
3105 3771 3310 3828 horror
3330 3772 3568 3843 quidam
3599 3775 3734 3828 sub-

2095 3862 2158 3930 it,
2191 3860 2577 3930 lacrymaeque
2621 3856 2820 3926 simul,
2851 3857 2960 3913 hoc
2993 3857 3343 3914 miraculum
3382 3863 3732 3917 recordanti.

2095 3949 2227 4004 Jam
2259 3946 2610 4016 solvebatur,
2634 3951 2812 4016 atque
2853 3949 3144 4002 extremos
3191 3947 3433 4019 spiritus
3479 3949 3737 4017 efﬂabat,

2097 4055 2163 4093 ac
2193 4036 2412 4091 circum
2435 4050 2563 4089 eam
2594 4039 2719 4088 tum
2753 4033 3237 4105 propinquorum,
3261 4040 3388 4092 tum
3407 4042 3740 4094 exterorum

2099 4127 2314 4182 chorus
2343 4127 2487 4192 erat,
2512 4121 2938 4193 prosecutionis
2957 4122 3150 4179 officia
3170 4124 3281 4196 ipsi
3310 4127 3740 4198 praestantium;

2100 4219 2158 4272 et
2195 4211 2397 4269 vetula:
2453 4210 2659 4266 matris
2717 4210 3062 4279 observatio,
3097 4212 3424 4285 animisque
3476 4215 3745 4272 distortio

2102 4304 2321 4360 exitum
2367 4298 2654 4371 zelotypia
2700 4300 3128 4372 prosequentis,
3160 4308 3219 4358 et
3246 4303 3434 4360 mirus
3485 4305 3750 4360 omnium

2105 4408 2270 4448 amor
2298 4389 2584 4446 anxietate
2633 4387 2971 4458 permistus,
3005 4405 3255 4460 quorum
3286 4391 3405 4462 alii,
3439 4394 3510 4448 ad
3542 4409 3752 4450 exsus-

2104 4479 2396 4538 citandam
2429 4478 2486 4532 in
2526 4493 2726 4532 eorum
2763 4476 2977 4533 animis
3026 4478 3214 4550 ipsius
3245 4481 3613 4553 memoriam,
3644 4481 3764 4538 alim

2104 4568 2243 4640 quid
2275 4567 2477 4623 audire
2515 4565 2862 4636 gestiebant,
2894 4565 2992 4620 alii
3023 4583 3157 4623 vero
3205 4567 3366 4643 loqui
3413 4571 3749 4643 cupiebant,
3807 4592 3809 4595 ί

338 4663 489 4719 οὕτω
538 4641 970 4737 χωριζομένην),
1028 4658 1154 4733 σιγὴ
1206 4654 1263 4711 δὲ
1317 4641 1525 4731 βαθεῖα,
1553 4655 1642 4710 καὶ
1671 4654 1862 4726 τελετή
1911 4677 1975 4710 τιι

2102 4674 2208 4714 nec
2246 4660 2442 4712 tamen
2490 4653 2803 4710 audebant.
2836 4655 2916 4709 Ac
2963 4659 3138 4711 mutae
3185 4641 3749 4731 lacrimas—moeror-

416 4798 464 4832 ²⁹
494 4794 644 4853 Psal.
677 4811 860 4860 cxuv,
894 4793 981 4847 19.

415 4928 530 5001 (66)
573 4927 638 4982 Ἣ
695 4924 874 5001 κυρία.
932 4924 1150 4992 Schol.,
1185 4923 1235 5001 ﬁ
1278 4921 1561 5001 _6_preiuu
1614 4925 1712 4975 τοῖ’)
1770 4919 1997 4977 Θανάτου

337 4995 548 5073 ἡμέρα,
577 4995 996 5073 «constitutus
1028 4995 1233 5073 mortis
1262 4995 1406 5073 dies.
1432 5015 1461 5044 »

418 5062 669 5143 Τῆς
718 5067 1105 5143 κατακλίσεως.
1139 5066 1411 5143 Qoisl._l,
1464 5066 1563 5132 τῆς
1613 5062 1850 5143 ἐσχάτης
1903 5086 1998 5120 κα-

340 5137 668 5210 τακλίσεως,
703 5165 730 5191 ‹‹
769 5141 1042 5196 ultimum
1077 5156 1138 5194 se
1169 5137 1380 5194 lectulo
1413 5137 1731 5210 componit.
1759 5159 1786 5186 ››

420 5217 534 5286 (68)
567 5214 963 5284 Ἐπισιιήψασα.
1014 5211 1209 5286 Malim
1252 5226 1270 5286 _:
1303 5229 1325 5256 α
1359 5225 1491 5286 cum
1524 5209 1821 5286 pluribus
1880 5226 2000 5286 ser-

343 5281 626 5344 monibus
660 5281 948 5340 obtestata
976 5288 1148 5347 esset,
1183 5281 1561 5352 injunxisset,
1596 5281 1999 5349 mandasset,»

344 5364 457 5416 etc.

443 5428 536 5495 69)
572 5423 906 5498 Στνηνόχετο.
942 5427 1080 5498 Reg.
1114 5417 1580 5498 ὺωμσυνεύχετο.

443 5435 536 5495 69)
572 5435 906 5498 Στνηνόχετο.
943 5435 1080 5498 Heg.
1115 5435 1237 5490 bm,
1270 5435 1580 5493 συνευχετο.

420 5435 537 5570 (70)
569 5498 714 5550 Μετὰ
752 5501 856 5572 ,τοῦ
904 5497 1058 5572 χοός,
1102 5503 1212 5552 etc.
1247 5493 1453 5549 Billius
1487 5513 1516 5543 ‹‹
1547 5507 1680 5546 cum
1731 5490 2004 5563 pulverea

349 5569 506 5630 mOIe
539 5575 715 5640 atque
748 5569 1095 5642 impostura.
1123 5591 1144 5618 ιι

422 5642 537 5716 (71)
564 5635 962 5715 Προαποδημεῖ
997 5643 1094 5695 τοῦ
1136 5639 1409 5710 σώματος.
1445 5657 1472 5685 ‹‹
1505 5637 1751 5705 Corpore
1799 5635 2002 5693 absce-

395 5733 464 5770 η.
484 5736 512 5764 ))

570 5782 797 5862 Μικρόν.
831 5785 972 5858 Reg.
1005 5801 1062 5855 a,
1105 5780 1282 5839 Coisl.
1333 5781 1386 5836 1.
1435 5777 1555 5834 Jes.
1616 5780 1675 5834 et
1719 5777 2003 5854 Combef.,

2159 4943 2353 4977 ικοου..

2113 4945 2639 5078 ξλιῗςὲἴῗὲπένευσις.
2673 5013 2702 5042 ‹‹
2733 4992 3093 5078 Observatio,
3128 4997 3461 5078 propensio.
3482 5017 3509 5050 ο
3544 4997 3753 5078 Adsta-

2109 5063 2399 5143 batenim
2426 5063 2684 5137 longaeva
2713 5069 2920 5143 mater,
2943 5063 3519 5143 inclinato-corpore,
3555 5072 3755 5143 pronis

2109 5137 2686 5216 oculis,_observ_ans,
2721 5141 2784 5191 ut
2833 5137 3172 5216 ﬁeri___s_olet,
3207 5137 3753 5216 extre-mosGorgo-

2110 5210 2217 5265 nise
2250 5209 2490 5287 halitus.
2528 5207 2696 5287 Eljas,
2731 5223 2904 5278 quem
2936 5209 3140 5287 Billius
3179 5215 3474 5287 sequitur,
3505 5232 3608 5287 pro
3639 5207 3755 5268 Eti-

2108 5280 2550 5357 νευσιςμὴιῴθιλ
2575 5275 2900 5357 ἐπίπνίυσις,
2926 5302 2954 5331 ‹‹
2988 5275 3285 5357 θρίναιίοί
3307 5307 3335 5334 ››
3382 5275 3524 5357 (μιαί
3567 5303 3755 5351 voces,

2103 5355 2273 5425 juxta
2294 5349 2740 5425 ’Combeﬁsium,
2774 5351 2867 5425 hic
2902 5349 3106 5422 parum
3139 5349 3435 5412 differunt.

2181 5425 2293 5495 (74)
2419 5441 2468 5496 τι
2501 5419 2792 5496 ἀκούσωσι.
2827 5419 3108 5496 Οο“ωι)θῑ.,
3141 5425 3171 5479 ὅ
3198 5447 3248 5480 τι
3283 5428 3591 5496 ἀκουσουσι.

2151 5490 2296 5621 θ(7ξ)
2328 5492 2394 5546 Δὶ
2432 5490 2463 5545 ὅ
2497 5512 2551 5545 τι
2601 5492 2932 5569 φθεγξονται.
2983 5490 3159 5552 Coisl.
3212 5501 3237 5553 1
3289 5508 3348 5556 et
3392 5505 3509 5556 Jes.
3543 5494 3588 5550 δ’
3627 5493 3657 5549 ὅ
3701 5510 3753 5546 τι

2208 5585 2459 5621 γμωνται.

2112 5585 2459 5643 φυιγςφᾉτοειο

2183 5627 2294 5711 (76)
2323 5635 2650 5712 Τολμῶντος
2683 5630 2760 5712 δε,
2793 5641 2904 5692 etc.
2934 5638 2990 5693 Si
3023 5642 3313 5712 praecedat
3357 5643 3642 5712 punctum
3673 5632 3714 5680 ξ’
3743 5627 3767 5639 ”

2110 5706 2451 5786 yertendum
2484 5723 2498 5762 :
2524 5729 2553 5786 ς(
2585 5706 2817 5764 nemine
2843 5726 2977 5766 vero
3003 5706 3273 5786 audente,
3295 5706 3470 5769 mutis
3496 5709 3632 5768 ﬂuel

2110 5781 2401 5858 lacrymaa,
2427 5800 2456 5830 ››
2486 5781 2597 5835 etc.

4145 293 4165 366 ί

4145 341 4154 402 ί

4145 403 4150 470 Ι

4147 395 4165 622 ἑ

4147 603 4165 754 ,l;

4151 893 4165 1166 ί

4153 1143 4165 1320 l

4156 1347 4165 1404 ξ
