4244 6216
517 391 638 450 815
1758 384 1822 443 S.
1872 380 2240 443 GREGORII
2286 374 2679 441 THEOLOGI
3798 376 3915 439 818

516 541 628 595 que
660 520 998 577 incurabilis
1031 521 1159 589 (nec
1207 518 1363 573 enim
1416 517 1579 588 pium
1629 516 1951 582 videbatur,
2002 532 2192 584 eam,,

2272 514 2299 565 ὁ
2328 512 2573 574 θάνατος.
2606 514 2667 565 Ἡ
2698 508 2755 564 δὲ
2800 510 2998 573 ἄπνους
3054 531 3112 564 τε
3160 509 3248 565 καὶ
3288 509 3563 579 ἀκίνητος,
3589 508 3679 565 καὶ
3709 512 3916 587 ἄφθογ-

514 629 639 683 qusa
670 611 752 665 ita
800 609 1144 673 discederet,
1178 608 1337 661 luctu
1383 606 1696 677 prosequi),
1730 605 2033 675 altumque
2075 604 2161 659 si-

2266 623 2383 676 γος,
2413 602 2473 655 τὸ
2506 600 2852 677 φαινόμενον,
2896 599 2986 654 καὶ
3034 601 3070 669 ἡ
3122 600 3303 668 σιωπὴ
3334 604 3431 653 τοῦ
3460 600 3711 672 σώματος
3740 600 3916 656 ἐδόκει

510 699 758 754 lentium
790 702 933 766 erat,
966 713 1031 751 ac
1064 713 1222 751 mors
1254 696 1412 750 illius
1444 711 1618 750 sacrae
1651 695 1957 764 cujusdam
1993 709 2158 747 caere‘

2266 690 2591 766 παράλυσις,
2645 690 2756 743 οἷον
2805 685 2914 759 ἤδη
2962 692 3068 743 τῶν
3115 693 3437 765 φωνητικῶν
3487 689 3733 765 ὀργάνων
3768 712 3914 746 νενε-

511 787 720 842 ωοηίιθ
752 786 1004 857 speciem
1038 784 1310 840 habebat.
1338 783 1440 839 Illa
1470 789 1686 850 autem,
1711 787 1999 853 quantum
2032 781 2157 851 qui-

2264 780 2583 852 κρωμένων,
2639 776 2729 831 διὰ
2780 778 2879 847 τὴν
2927 781 3025 831 τοῦ
3069 781 3351 839 κινοῦντος
3407 777 3714 853 ἐγχώρησιν

511 877 644 931 dem
676 892 745 931 ex
775 879 1013 944 aspectu
1061 874 1268 943 conjici
1305 876 1550 944 poterat,
1584 888 1690 926 nec
1739 871 2017 942 spirabat,
2050 887 2155 925 nec

2265 868 2469 943 Ἠρὲμα
2528 865 2585 922 δὲ
2657 870 2763 921 τῶν
2815 863 3047 941 χειλέων
3106 866 3440 939 κινουμένων
3500 866 3826 940 αἰσθόμενος
3884 869 3911 922 ὁ

508 965 869 1031 movebatur,
892 979 999 1018 nec
1030 978 1238 1018 sonum
1274 961 1456 1015 ullum
1484 961 1714 1027 edebat,
1737 959 2154 1030 silentiumque

2261 959 2434 1011 πάντα
2479 961 2661 1032 τηρῶν
2710 957 2777 1010 τά
2824 953 3031 1027 ἐκείνης
3078 954 3353 1029 ἐπιμελῶς
3386 957 3596 1029 ποιμὴν
3626 959 3760 1030 (78),
3824 956 3913 1012 διὰ

506 1052 650 1108 illud
684 1052 849 1106 fracti
873 1056 927 1106 et
949 1050 1215 1105 dissoluti
1240 1050 1500 1120 corporis
1522 1050 1855 1121 Opinionem
1878 1047 2151 1103 omnibus

2258 1048 2320 1100 τὸ
2372 1046 2421 1101 ἐν
2482 1052 2611 1100 πᾶσι
2663 1049 2861 1118 θαῦμα,
2906 1044 2997 1099 καὶ
3028 1046 3287 1121 παραθεὶς
3317 1046 3382 1100 τὰ
3411 1043 3524 1101 ὦτα
3549 1051 3665 1108 τοῖς
3698 1046 3914 1121 χείλεσι

505 1141 812 1209 aﬂ'erebat;
846 1140 1085 1211 perinde
1113 1140 1379 1195 videlicet
1413 1145 1588 1209 atque
1608 1137 1763 1192 vocis
1791 1137 2150 1193 instrumen-

2258 1136 2341 1204 (τὸ
2371 1137 2470 1210 γὰς
2519 1134 2731 1209 θαρρεῖν
2782 1135 2898 1208 εἶχε
2944 1133 3031 1187 καὶ
3082 1135 3226 1206 παρὰ
3270 1138 3366 1188 τοῦ
3411 1134 3616 1208 τρόπου
3644 1136 3733 1189 καὶ
3764 1138 3913 1212 παρὰ

500 1234 583 1296 ta,
617 1230 690 1285 ob
720 1229 948 1293 animae,
975 1246 1093 1299 qua
1124 1229 1525 1293 movebantur,
1549 1242 1873 1295 excessum,
1897 1226 2023 1295 jam
2055 1242 2150 1296 op-

2256 1232 2354 1293 τῆς
2411 1222 2787 1295 συμπαθείας),
2840 1221 3001 1283 αὐτὸς
3049 1219 3309 1296 διήγησαι
3374 1223 3437 1277 τὸ
3499 1230 3600 1292 τῆς
3667 1225 3907 1301 ἡσυχίας

497 1334 704 1389 pressa
734 1318 886 1373 232
918 1322 974 1372 et
1004 1317 1287 1371 exstincta
1306 1320 1520 1371 essent.
1545 1317 1616 1369 At
1640 1332 1771 1369 cum
1806 1318 2004 1385 pastor
2030 1312 2146 1385 ille,

2264 1314 2583 1387 μυστήριον,
2616 1310 2645 1364 ὅ
2674 1310 2727 1365 τί
2767 1331 2899 1365 ποτε
2926 1313 2990 1379 ἦν
3020 1311 3110 1365 καὶ
3143 1312 3252 1365 οἷον
3289 1312 3401 1384 (⁸79)
3428 1332 3441 1347 ·
3466 1309 3644 1373 οὐδεὶς
3673 1314 3906 1385 ἀπιστή-

497 1407 597 1476 qui
630 1410 865 1478 propter
912 1404 1282 1470 miraculum,
1317 1405 1469 1477 quod
1502 1404 1778 1459 omnibus
1816 1404 1991 1457 rebus
2022 1401 2144 1457 elu-

2254 1422 2333 1456 σει
2366 1405 2461 1455 σοῦ
2517 1401 2791 1475 Λέγοντος,
2841 1396 3160 1471 Ψαλμῳδία
3200 1400 3262 1454 τὸ
3308 1399 3758 1474 ὑποΑαλούμενοθ
3812 1405 3903 1472 ἦν,

494 1496 685 1563 cebat,
717 1496 872 1551 facta
920 1495 1193 1563 dictaque
1240 1492 1400 1549 illius
1449 1492 1647 1548 omnia
1686 1491 1994 1563 diligenter
2042 1492 2143 1546 ob-

2251 1490 2341 1543 καὶ
2398 1486 2725 1563 ψαλμῳδίας
2779 1488 2847 1543 τὰ
2901 1485 3077 1557 ἐξόδια
3133 1489 3247 1558 (80)
3309 1487 3564 1562 ῥήματα’
3623 1488 3755 1545 ιῖδὶ
3784 1494 3902 1567 χρὴ

492 1586 781 1655 servabat,
815 1584 971 1640 labia
999 1583 1186 1654 ipsius
1216 1582 1423 1638 leniter
1454 1581 1669 1637 moveri
1701 1581 2003 1647 sensisset,
2036 1597 2139 1635 au-

2249 1577 2483 1647 τάληθὲς
2543 1578 2734 1647 εἰπεῖν,
2784 1575 3049 1652 μαρτυρία
3093 1582 3196 1646 τῆς
3242 1575 3570 1653 παρρησίας,
3626 1581 3834 1652 μεθ’ἦς
3866 1584 3902 1651 ὴ

491 1689 732 1745 remque
779 1672 1020 1744 propius
1066 1671 1421 1728 admovisset
1451 1672 1748 1739 (ﬁdentem
1780 1670 1935 1725 enim
1981 1686 2138 1737 eum,

2250 1665 2451 1740 ἔξοδος.
2510 1667 2606 1721 Καὶ
2681 1665 2943 1740 μακάριος
3001 1666 3152 1729 ’ὀστις
3221 1666 3334 1740 μετ’
3382 1666 3596 1722 ἐκείνων
3640 1668 3903 1727 ἀναπαύε-

491 1778 622 1817 cum
654 1762 746 1817 sui
786 1778 1002 1828 mores,
1032 1765 1157 1816 tum
1192 1760 1621 1815 commiseratio
1670 1761 1800 1831 ipsa
1850 1759 2141 1827 faciebat,)

2246 1777 2335 1811 ται
2392 1757 2503 1827 (81)
2560 1760 2666 1810 τῶν
2729 1754 3023 1831 ῥημάτων·
3087 1756 3167 1813 Ἐν
3228 1754 3414 1830 εἰρήνῃ
3486 1757 3574 1812 ἐπὶ
3646 1759 3710 1813 τὸ
3767 1759 3901 1817 αὐτὸ

492 1850 633 1921 quin
654 1855 715 1906 tu
749 1850 875 1922 ipse
904 1850 1083 1920 hujus
1105 1850 1320 1904 silentii
1352 1850 1693 1920 mysterium
1725 1849 2009 1919 exponis?
2038 1848 2142 1903 Ne-

492 1954 580 1958 ..ΔΑ
625 1939 829 1958 -_-.'__._
867 1938 969 1958 LfL!
1024 1938 1278 1958 _-____n1:
1319 1938 1482 1958 0.1-”
1527 1937 1825 1958 _L__._-L!L
1872 1936 2099 1958 n--|_._
2164 1950 2168 1955 ‹

2246 1846 2663 1918 κοιμηθήσομαι
2718 1845 2807 1899 καὶ
2886 1844 3139 1902 ὑπνώσω.
3216 1848 3391 1900 Ταῦτα
3463 1845 3555 1901 καὶ
3628 1846 3898 1919 ἐψάλλετό

2250 1955 2321 1958 _-_
2382 1933 2626 1958 ..-.\\!___
2709 1938 2973 1958 __A..----_i~l.
3045 1934 3132 1958 ---Α
3188 1928 3518 1958 _....!E-_.___,.-
3568 1936 3654 1958 ...Α
3695 1939 3711 1958 ε
3763 1941 3772 1958 I

490 1954 587 1993 mo
619 1939 837 2009 quippe
866 1938 973 1993 tibi
1023 1938 1281 1992 narranti
1318 1938 1489 1992 ﬁdem
1523 1937 1847 2007 abrogabit.
1872 1936 2133 1991 Psalmo-
2164 1951 2166 1954 ‘

2245 1955 2351 2000 σοι,
2381 1933 2649 2003 καλλίστη
2707 1938 2999 2007 γυναικῶν,
3044 1934 3134 1987 καὶ
3182 1928 3518 1991 συνέϐαινενο
3564 1936 3656 1990 καὶ
3686 1939 3720 2006 ἡ
3751 1941 3894 2010 qua-

488 2025 583 2080 dia
613 2029 756 2092 erat,
779 2026 837 2079 id
869 2027 1021 2095 quod
1048 2025 1534 2087 submussitabat,
1559 2042 1624 2079 ac
1652 2024 1989 2096 psalmodiis
2011 2040 2131 2079 ver-

2243 2020 2421 2095 μῳδία
2466 2022 2526 2076 τὸ
2576 2022 2862 2096 γινόμενον
2915 2024 3003 2093 ἦν,
3063 2019 3153 2076 καί
3206 2022 3338 2095 μετὰ
3401 2029 3504 2091 τῆς
3553 2021 3816 2097 ἐκδημίας
3868 2028 3897 2083 ὁ

483 2114 558 2169 ba
589 2115 660 2169 ad
692 2114 911 2169 exitum
954 2114 1305 2185 pertinentia
1337 2130 1348 2167 :
1385 2117 1461 2179 et,
1497 2114 1541 2168 si
1592 2130 1723 2168 vere
1769 2114 2126 2183 loquendum

2238 2110 2552 2188 ἐπιτάφιος·
2589 2112 2634 2164 ὦ
2664 2110 2846 2172 καλῶς
2896 2111 2998 2164 ἀπὸ
3026 2114 3134 2165 τῶν
3178 2114 3362 2174 παθῶν
3397 2111 3767 2186 εἰρηνεύσασα,
3802 2114 3889 2187 σὺ,

479 2206 587 2272 est,
612 2202 899 2258 libertatis
930 2202 1090 2258 illius
1120 2218 1185 2257 ac
1218 2202 1463 2272 ﬁducim,
1490 2219 1622 2257 cum
1655 2219 1770 2273 qua
1801 2201 1935 2255 hinc
1965 2218 2127 2256 exce-

2236 2200 2325 2253 καὶ
2356 2201 2445 2254 τὸν
2482 2199 2834 2276 ὀφειλόμενον
2860 2204 2978 2261 τοῖς
3009 2199 3313 2273 ἀγαπητοῖς
3336 2198 3501 2254 ’ὐπνον
3535 2198 3893 2259 ἀπολαϐοῦσα

478 2292 671 2361 debat,
706 2291 1135 2349 testimonium.
1159 2292 1237 2347 Ac
1270 2292 1475 2347 beatus
1503 2291 1620 2360 ille,
1652 2291 1748 2361 qui
1771 2307 1904 2349 cum
1936 2290 2127 2345 verbis

2235 2288 2371 2363 πρὸς
2417 2292 2497 2360 τῷ
2554 2292 2723 2360 κοινῷ
2779 2294 2882 2356 τῆς
2936 2288 3270 2359 κοιμήσεως,
3318 2287 3394 2350 ὡς
3448 2287 3593 2352 εἲκὸς
3649 2291 3748 2359 τὴν
3796 2292 3891 2346 καὶ

473 2379 593 2436 illis
623 2386 948 2437 extremum
996 2380 1123 2435 vitae
1174 2381 1446 2451 spiritum
1480 2380 1744 2435 claudet:
1776 2384 1841 2434 In
1884 2396 2017 2451 pace
2066 2381 2127 2433 in

2238 2379 2469 2447 ζήσασαν
2524 2378 2614 2432 καὶ
2658 2375 2992 2432 ἀπελθοῦσαν
3043 2376 3095 2432 ἐν
3142 2381 3259 2439 τοῖς
3306 2379 3404 2445 τῆς
3468 2374 3737 2443 εὐσεϐείας
3796 2380 3892 2456 ῥή-

475 2469 723 2541 idipsum
767 2470 1039 2525 dormiam
1084 2480 1139 2524 et
1186 2471 1533 2540 requiescam
1550 2471 1612 2521 3°.
1651 2469 1800 2535 Haec,
1834 2472 1891 2523 et
1922 2486 1954 2523 a
1985 2473 2059 2535 te,
2092 2484 2125 2523 o
2238 2487 2422 2538 μασιν.

474 2558 792 2615 mulierum
826 2559 1334 2630 praestantissima,
1368 2559 1747 2626 canebantur,
1773 2562 1829 2613 et
1858 2558 1959 2613 tibi
1994 2556 2437 2628 contingebant;
2470 2573 2535 2612 ac
2566 2556 2916 2628 psalmodia,
2948 2556 3006 2611 id
3041 2560 3183 2624 erat,
3217 2556 3372 2628 quod
3404 2557 3602 2628 ﬁebat,
3634 2562 3888 2632 conjun-

474 2652 751 2719 ctumque
780 2664 912 2702 cum
945 2647 1208 2702 discessu
1258 2647 1621 2717 epitaphium
1656 2652 1777 2701 erat
1811 2664 1823 2700 :
1858 2646 2073 2717 quippe
2118 2663 2243 2717 quae
2295 2650 2549 2701 mentem
2583 2663 2615 2701 a
2644 2646 2871 2701 vitiosis
2928 2645 3395 2717 permotionibus
3451 2647 3560 2703 rite
3617 2654 3887 2720 pacatam

469 2734 771 2806 habueris,
802 2752 869 2791 ac
898 2740 1107 2807 printer
1156 2752 1529 2791 communem
1580 2751 1869 2805 soporem,
1903 2735 2166 2789 debitum
2201 2751 2434 2806 quoque
2473 2740 2584 2791 Deo
2614 2735 2807 2790 charis
2839 2733 3181 2790 hominibus
3234 2751 3512 2792 somnum
3565 2740 3884 2810 acceperis,

470 2824 970 2896 quemadmodum
999 2841 1127 2879 eam
1154 2841 1259 2896 par
1288 2829 1432 2888 erat,
1465 2840 1591 2895 quae
1623 2824 1681 2877 in
1716 2823 1948 2894 pietatis
1978 2824 2190 2890 verbis,
2224 2826 2281 2878 et
2308 2823 2547 2891 vixerat,
2578 2830 2636 2879 et
2668 2824 3053 2879 abscesserat.

541 2913 726 2970 XXIII.
754 2914 1036 2985 Equidem
1082 2930 1197 2968 non
1228 2914 1452 2981 dubito,
1479 2913 1620 2985 quin
1653 2913 1749 2978 iis,
1774 2929 1898 2983 quae
1929 2912 2115 2968 oculis

2294 2917 2409 2967 Kl".
2470 2911 2713 2983 Κρείσσω
2774 2912 2867 2983 μὲν
2920 2910 3011 2965 οὗν
3063 2907 3118 2964 εὖ
3167 2907 3289 2965 οἶδα
3335 2911 3425 2965 καὶ
3458 2918 3650 2988 μακρῷ
3676 2918 3878 2987 τιμιώ-

466 3007 813 3071 cernuntur,
876 3002 1060 3058 multo
1118 3002 1520 3074 pmstantiora
1577 3002 1695 3057 sint
1752 3018 1839 3067 ea,
1898 3003 2113 3072 quibus

2220 3020 2347 3075 τερα
2400 2999 2467 3053 τὰ
2514 2998 2751 3075 παρόντα
2794 3020 2876 3053 σοι
2924 3003 3010 3053 νῦν
3060 3000 3094 3067 ἢ
3139 2999 3273 3053 κατὰ
3317 2999 3382 3054 τὰ
3426 3000 3698 3075 ὁρώμενα,
3733 3005 3878 3081 ἦχος

464 3108 621 3147 nunc
655 3091 884 3161 frueris,
920 3107 1131 3163 nempe
1174 3108 1355 3147 sonus
1386 3090 1750 3162 epulantium
1771 3090 1840 3159 ³1,
1874 3090 2110 3161 angelo-

2223 3086 2606 3160 ἐορταζόντων,
2647 3087 2894 3163 ἀγγέλων
2942 3086 3157 3161 χορεία,
3199 3086 3348 3158 τάξις
3404 3087 3648 3165 οὐρανία,
3710 3089 3874 3163 δόξης

463 3196 596 3235 rum
650 3179 879 3250 chorea,
911 3180 1162 3236 scelestis
1219 3181 1380 3245 ordo,
1419 3179 1615 3251 gloriae
1673 3179 2107 3250 contemplatio,

2223 3176 2439 3252 θεωρία,
2483 3184 2583 3245 τῆς
2632 3198 2689 3230 τε
2736 3174 2917 3246 ἄλλης
2966 3176 3055 3231 καὶ
3098 3181 3199 3246 τῆς
3234 3175 3490 3232 ἀνωτάτω
3521 3176 3754 3254 Τριάδος
3781 3180 3873 3238 ἔλ-

465 3285 603 3325 cum
649 3268 916 3338 alterius,
948 3274 1075 3324 tum
1133 3285 1419 3340 supremis
1451 3268 1754 3323 Trinitatis
1808 3267 2009 3339 purior
2056 3273 2113 3323 et

2223 3264 2432 3340 λαμψις
2489 3264 2837 3340 καθαρωτὲρα
2889 3285 2948 3320 τε
3002 3263 3092 3320 καὶ
3148 3262 3473 3340 τελεωτέρα,
3518 3270 3715 3340 μηκέτι
3748 3271 3875 3326 ὁποι

463 3358 773 3429 perfectior
818 3357 1192 3421 illuminatio,
1225 3374 1340 3413 non
1383 3358 1509 3427 jam
1549 3357 1806 3412 vinctam
1854 3360 2109 3412 mentem

2223 3355 2529 3432 φευγούσης
2587 3355 2677 3409 τὸν
2734 3352 2954 3427 δέσμιον
3012 3357 3136 3408 νοῦν
3194 3354 3283 3409 καὶ
3342 3351 3703 3431 διαχεόμενον
3757 3366 3873 3424 ταῖς

463 3463 531 3501 ac
560 3462 663 3517 per
692 3462 900 3501 sensus
924 3445 1195 3501 diffusam
1230 3445 1621 3515 sufi‘ugientis,
1647 3445 1746 3499 sed
1770 3449 1949 3499 totam
1981 3461 2110 3500 sese

2220 3444 2555 3513 αἰσθήσεσιν,
2602 3441 2726 3497 ἀλλ’
2774 3440 2914 3514 ὅλης
2966 3441 3082 3515 ὅλῳ
3131 3440 3217 3497 νοί
3265 3446 3647 3520 θεωρουμένης
3696 3450 3871 3504 τεκαὶ

461 3535 565 3589 toti
601 3534 781 3589 menti
809 3533 1319 3603 contemplandam
1350 3538 1405 3587 et
1432 3533 1746 3587 tenendam
1777 3533 2106 3603 praebentis,

2217 3531 2610 3607 κρατουμένης,
2656 3530 2745 3586 καὶ
2794 3531 3349 3607 προσαστραπτούσης
3404 3539 3521 3598 ταῖς
3576 3538 3872 3613 ἡμετέραις

458 3625 703 3693 totoque
732 3621 1054 3677 divinitatis
1083 3621 1304 3675 lumine
1334 3621 1547 3676 animis
1578 3621 1794 3676 nostris
1825 3622 2105 3693 atl‘ulgen-

2216 3624 2417 3696 ψυχαῖς
2465 3620 2583 3692 ὅλῳ
2637 3625 2717 3692 τῷ
2783 3622 2923 3697 φωτὶ
2978 3622 3079 3688 τῆς
3134 3621 3389 3691 θεότητος
3446 3622 3670 3680 Πάντων
3733 3627 3867 3683 ἀπο-

459 3712 559 3768 tis.
591 3708 863 3779 Omnino,
916 3710 1177 3783 inquam,
1218 3710 1312 3764 his
1361 3710 1573 3764 fruaris
1622 3726 1893 3779 quorum,
1927 3711 2102 3766 etiam

2216 3708 2404 3771 λαύοις
2461 3711 2592 3781 (82),
2639 3711 2711 3764 ὧν
2765 3708 2843 3763 ἔτι
2894 3710 3025 3785 ὑπὲρ
3075 3717 3181 3784 γῆς
3233 3712 3379 3785 εἶχες
3428 3713 3523 3774 τὰς
3566 3712 3869 3789 ἀποῤῥοίας

455 3802 599 3856 dum
630 3800 821 3856 adhuc
852 3800 910 3855 in
943 3804 1096 3855 terra
1121 3814 1302 3867 esses,
1324 3798 1395 3853 ob
1426 3798 1715 3854 sinceram
1747 3799 1818 3853 ad
1852 3815 1919 3853 ea
1951 3815 2104 3854 men-

2213 3794 2302 3851 διὰ
2330 3799 2390 3852 τὸ
2419 3800 2637 3874 γνήσιον
2666 3804 2769 3866 τῆς
2814 3797 2952 3872 πρὸς
2998 3797 3133 3853 αὐτὰ
3170 3798 3400 3861 νεύσεως
3430 3802 3564 3874 (83).
3598 3801 3662 3856 Εἴ
3694 3801 3751 3858 δὲ
3778 3806 3868 3867 τίς

454 3891 531 3946 tis
562 3890 935 3957 erectionem,
969 3888 1184 3945 rivulos
1229 3888 1504 3944 habebas.
1528 3889 1689 3952 Quod
1733 3889 1780 3943 si
1829 3888 1964 3959 quid
2003 3905 2101 3945 eos

2212 3907 2295 3940 σοι
2329 3889 2444 3959 (84)
2471 3884 2561 3941 καί
2590 3891 2697 3941 τῶν
2735 3888 3017 3962 ἡμετέρων
3080 3886 3189 3941 ἐστὶ
3362 3886 3545 3963 λόγος,
3580 3892 3671 3945 καὶ
3702 3897 3868 3949 τοῦτο

451 3995 701 4049 quoque,
734 3978 835 4049 qui
876 3978 981 4034 tibi
1015 3995 1047 4033 a
1078 3978 1246 4033 nobis
1290 3977 1597 4043 habentur,
1622 3976 1872 4032 honores
1905 3993 2096 4045 curas,

2206 3979 2323 4036 ταῖς
2384 3974 2558 4036 ὁσίαις
2610 3977 2814 4050 ψυχαῖς
2872 3975 2930 4029 ἐκ
2986 3973 3121 4030 Θεοῦ
3176 3976 3359 4052 γέρας,
3432 3980 3538 4032 τῶν
3597 3980 3866 4037 τοιούτων

449 4072 623 4136 atque
645 4067 753 4122 hoc
772 4067 993 4138 prazmii
1017 4067 1236 4123 sanctis
1254 4067 1468 4121 animis
1490 4066 1769 4121 divinitus
1788 4066 2096 4137 contingit,

2206 4062 2631 4133 ἐπαισθάνεσθαι,
2683 4061 2871 4139 δὲχοιο
2922 4064 3012 4118 καὶ
3069 4065 3160 4119 τὸν
3213 4065 3483 4142 ἡμέτερον
3532 4064 3697 4143 λόγον

446 4159 514 4207 ut
546 4154 658 4208 ista
713 4156 988 4223 sentiant,
1024 4160 1281 4210 nostram
1331 4172 1563 4225 quoque
1611 4156 1932 4210 orationem
1992 4173 2093 4226 pro

2204 4153 2317 4207 ἀντὶ
2349 4150 2573 4207 πολλῶν
2606 4152 2694 4207 καὶ
2727 4154 2833 4227 πρὸ
2871 4151 3098 4209 πολλῶν
3133 4152 3418 4231 ἐνταφίων,
3467 4153 3524 4210 ὅν
3580 4159 3867 4233 Καισαρίῳ

443 4240 669 4309 multis,
703 4257 767 4295 ac
817 4259 930 4312 prae
979 4242 1178 4297 multis
1227 4242 1573 4297 funebribus
1624 4242 1793 4297 donis
1843 4244 2093 4313 accipias

2207 4242 2300 4313 μὶν
2335 4244 2446 4315 (87)
2491 4243 2596 4317 πρὸ
2642 4247 2757 4310 σοῦ,
2809 4242 2898 4297 καὶ
2947 4243 3031 4296 σοὶ
3085 4244 3199 4315 μετ’
3256 4242 3456 4299 ἐκεῖνον
3504 4243 3865 4303 ἀποδεδώκα-

440 4328 639 4399 velim,
672 4345 851 4398 quam
893 4331 1141 4384 Caesario
1194 4335 1326 4383 aute
1374 4336 1451 4393 te,
1484 4334 1539 4383 et
1589 4329 1690 4384 tibi
1743 4336 1872 4400 post
1922 4331 2088 4387 illum

2205 4351 2321 4402 μεν,
2399 4328 2583 4400 ἐπειδή
2642 4351 2703 4406 γε
2758 4328 3007 4408 ἀδελφῶν
3071 4331 3375 4410 ἐπιταφίοις
3434 4332 3859 4409 ἐταμιεύθημεν.

436 4415 848 4487 persolvimus,
868 4415 1346 4488 quandoquidem
1367 4416 1615 4470 fratrum
1640 4417 1943 4474 funeribus
1964 4437 2089 4476 ora-

2198 4418 2261 4474 Εἰ
2295 4416 2352 4473 δὲ
2382 4419 2469 4473 καὶ
2500 4421 2648 4491 ἡμᾶς
2679 4421 2932 4492 τιμήσειέ
2962 4423 3073 4493 (88)
3100 4442 3184 4483 τις
3222 4427 3335 4495 μεθ’
3367 4421 3506 4495 ὀμᾶς
3528 4428 3643 4484 τοῖς
3694 4422 3862 4495 ἴσοις,

434 4505 596 4561 tione
644 4504 1067 4577 prosequendis
1098 4519 1305 4558 sumus
1356 4504 1649 4559 reservati.
1682 4508 1766 4560 An
1812 4523 1944 4561 vero
1978 4525 2084 4563 nos

2197 4506 2296 4561 οὐκ
2325 4504 2440 4583 ἔχω
2495 4506 2672 4583 λέγειν
2700 4528 2711 4539 ’
2762 4506 2908 4577 πλὴν
2957 4509 3322 4582 τιμηθείημέν
3373 4531 3438 4585 γε
3470 4510 3633 4584 μόνον
3662 4516 3763 4582 τήν
3803 4514 3857 4570 ἐν

434 4609 664 4665 quoque
706 4597 840 4666 post
867 4608 969 4649 vos
1017 4591 1143 4665 pari
1191 4589 1409 4647 honore
1441 4592 1736 4665 quispiam
1767 4594 2081 4653 aﬂ‘ecturus

2193 4594 2309 4668 Θεῷ
2364 4598 2555 4669 τιμήν,
2604 4597 2696 4651 καὶ
2734 4602 3123 4671 παροικοῦντες
3175 4600 3286 4673 (89)
3332 4598 3422 4655 καὶ
3472 4606 3860 4667 κατοικοῦντες

498 4718 543 4753 ⁸ο
572 4694 726 4773 Psal.
759 4733 835 4787 ιν,
872 4717 957 4771 10.
1035 4716 1079 4750 ³1
1109 4713 1265 4769 Psal.
1297 4731 1410 4780 xu,
1443 4715 1499 4771 5.

498 4849 610 4927 (7‘7)
642 4848 1009 4923 Ἐγχώρησιν.
1043 4848 1166 4904 Duo
1213 4846 1409 4917 Coisl.,
1444 4852 1561 4905 tres
1592 4849 1777 4920 Colb.,
1807 4851 1951 4922 Jes.,
1986 4851 2072 4905 εὐ-

498 4938 695 4995 φησιν.
812 4991 821 4995 Δ
1070 4992 1089 4995 _
1245 4990 1254 4995 ‘
1299 4990 1329 4995 ’ν
1422 4991 1456 4995 Η
1539 4994 1543 4995 ν
1763 4994 1768 4995 ν

1764 4893 1777 4920 ,
1807 4851 1951 4922 Jes.,
1986 4851 2072 4905 εὐ·
2254 4855 2366 4995 (82)
2398 4851 2746 4915 Ἀπολαύοις.
2781 4854 2958 4912 Coisl.
2996 4858 3046 4925 1,
3080 4853 3435 4919 ἀπολαύσοις.

1763 4994 1768 4995 γ
2275 4927 2344 4979 83
2399 4923 2660 4995 Νεύλσεως.
2701 4948 2728 4981 α
2756 4926 3219 4995 Inclinationem,
3251 4929 3435 4984 inteni

422 4937 876 5043 xui‘ggi’ﬁbmﬁv.
911 4996 1019 5043 etc.
1070 4992 1121 5043 Is
1168 4990 1493 5043 suiritualis
1522 4994 1823 5043 Gorgonis!
1873 4999 2072 5043 nastnr

2254 4919 2365 5043 (83)
2399 4923 2660 4985 Νεύσεως.
2701 4948 2728 4981 α
2756 4919 3219 4998 Inclinationem,
3251 4929 3667 4987 intentionem.
3695 4956 3725 4983 ι»

2251 4998 2342 5043 (84
2396 4994 2463 5043 Εἴ
2491 4992 2549 5043 δέ
2576 4999 2659 5043 τίς
2712 5018 2815 5043 σοι-
2850 5003 2958 5043 91η-
2995 5022 3023 5043 η
3056 5000 3112 5043 Ri
3166 5016 3277 5043 mm
3331 5010 3672 5043 nnnh'nrnm
3734 5006 3843 5043 1η-ιί

493 4991 606 5079 (ῖ8)
637 4991 876 5079 Ποιμῇν,
911 4996 1019 5079 etc.
1070 4992 1142 5079 I‘s_
1168 4991 1823 5079 spiritual‘isGorgon‘iae
1873 4999 2072 5079 pastor

2251 4991 2365 5068 (84)
2491 4992 2659 5079 δέτίς
2712 5018 2817 5079 σοι,
2850 5003 2960 5055 etc.
2995 5000 3113 5079 ‹(
3166 4991 3281 5079 qua
3331 5010 3676 5079 nostrorum
3734 5006 3843 5061 tibi

2348 4855 2366 5068 ἕ

420 5062 1689 5156 ςπεαεῃὲου-⁷ἔξωρὶὲίιο-οζὶξίυεῇυι-αςξίῑςςοξιῐι·
1738 5062 1915 5156 Elias,
1967 5070 2065 5150 sed
2180 5062 2490 5156 curaest;
2524 5068 2948 5156 sinostrprurm
3006 5062 3231 5156 aliquid
3282 5072 3353 5156 ad
3387 5075 3839 5156 vtenpertinet.»

420 5133 907 5209 Faustinustunc
937 5134 1117 5209 Iconii
1148 5133 1479 5209 episcopus.
1520 5135 1652 5190 Vide
1685 5140 1969 5193 monitum
2006 5141 2066 5193 in
2177 5138 2350 5195 Coisl.
2389 5142 2440 5203 1,
2469 5133 2632 5194 addit
2661 5145 2856 5209 τιμῶν.
2886 5142 2982 5197 Sic
3013 5133 3189 5198 etiam
3217 5141 3357 5209 legit
3387 5133 3616 5202 Billius.

416 5204 568 5284 hanc
618 5206 960 5284 orationem,
1003 5224 1061 5284 n.
1094 5206 1146 5260 3.
1186 5204 1420 5284 Idcirco
1472 5213 1669 5284 pastor
1718 5209 1813 5284 ille
1863 5229 2065 5267 omnes

1720 5209 1813 5284 ille
1863 5229 2065 5267 omnes
2248 5212 2360 5281 (85)
2390 5204 2736 5284 ’EgnLDeest
2767 5214 2825 5268 in
2861 5212 3006 5284 Reg.
3041 5214 3161 5280 bm,
3195 5219 3250 5269 et
3272 5204 3396 5270 Jes.

415 5278 740 5356 morientis
765 5278 1065 5356 Gorgonis)
1122 5285 1317 5331 motus
1375 5278 1644 5356 studiose
1697 5283 2063 5352 observabat,
2248 5278 2354 5356 (86)
2390 5281 2584 5356 A6701.
2618 5284 2789 5339 Deest
2813 5284 2873 5339 in
2906 5278 3043 5356 REg.
3078 5278 3198 5341 bm.

418 5368 446 5399 α
478 5349 809 5429 (χρηοᾴρίῂῦ
840 5348 907 5404 in
934 5348 1053 5429 illis
1086 5365 1200 5429 non
1226 5353 1396 5429 esset
1424 5349 1776 5429 mirandumt
1800 5374 1827 5401 ››
1954 5425 1975 5429 _
2052 5348 2059 5352 ⁷
2246 5348 2356 5429 (8ῖ)
2389 5348 2525 5429 Μέν..
2548 5353 2727 5429 Deest
2750 5356 2810 5410 in
2844 5348 3139 5429 Regfbm,
3174 5360 3231 5412 et
3257 5356 3376 5412 Jes.

502 5418 740 5499 79)_"Qti
772 5441 909 5499 ποτε
956 5422 1020 5487 ἦν
1071 5420 1159 5499 καὶ
1193 5418 1614 5499 οἶονκβριηὺβΐ.
1668 5422 1827 5493 legit,
1879 5425 2056 5482 ποῖον.

1879 5425 2056 5482 ποῖον.
2385 5426 2659 5499 Τιμῆσειε,
2697 5426 2834 5498 Reg.
2868 5418 2992 5496 blﬁ,
3021 5432 3079 5484 et
3108 5418 3251 5495 Jes.,
3282 5427 3523 5499 τιμήσει.

407 5512 435 5541 ‹‹
472 5491 913 5573 Qﬂui‘dhtandem,
939 5509 1005 5547 ac
1034 5491 1371 5573 cuiusmodi
1408 5493 1602 5559 fuerit,
1636 5491 1874 5564 expene.
1906 5518 1925 5544 ιθ

2388 5491 2483 5548 Καὶ
2517 5491 2942 5573 ’παροικοζῖντεμ
2969 5491 3079 5573 etc.
3104 5500 3167 5555 Id
3198 5491 3305 5573 est,
3343 5491 3367 5547 ἱ
3396 5491 3511 5556 évo
3542 5503 3828 5573 presenti

618 5560 853 5646 ξῌξόδια,
883 5558 1001 5619 Jes.
1035 5558 1263 5646 ageam.
1405 5630 1441 5646 ﬁ
1486 5631 1498 5643 υ
1544 5631 1553 5646 _
1590 5558 1593 5559 ν
1638 5633 1651 5646 ¹
1705 5558 1763 5646 ’τ
1943 5634 1955 5646 ς
2169 5583 2176 5646 ε

2169 5558 2539 5646 aclfuturox»
2567 5558 2670 5625 H'ic
2694 5569 2863 5646 nobis
2888 5558 3201 5643 inuolutus,
3233 5558 3328 5629 hic
3353 5558 3826 5646 peregrinatum.

495 5630 585 5713 81)
616 5630 994 5690 ’Δναπαύεται.
1054 5634 1193 5705 Reg.
1250 5633 1371 5701 bm,
1403 5630 1579 5687 Coisl.
1630 5633 1681 5702 1,
1731 5634 1877 5708 Jes.,
1931 5634 1990 5689 ἀν
2167 5637 2171 5693 ξ

1250 5633 1371 5701 bm,
1403 5630 1579 5687 Coisl.
1630 5633 1681 5702 1,
1731 5634 1877 5708 Jes.,
1931 5634 1990 5689 ἀν
2167 5636 2458 5695 Habitatio
2487 5639 2548 5695 in
2579 5641 2770 5713 patria
2800 5646 2911 5700 est.

401 5701 660 5758 παῦσεται
670 5747 688 5764 .
