4244 6216
463 253 584 319 823

1705 258 1772 319 S.
1822 255 2195 319 GREGORII
2241 255 2639 319 THEOLOGI

3755 258 3882 318 824

466 390 539 445 ad
571 388 904 446 animarum
934 388 1441 461 gubernationem,
1465 390 1536 446 ad
1555 392 1874 462 utrumque
1904 387 2109 444 doctri-

2233 408 2399 459 νησιν,
2426 389 2561 462 πρὸς
2596 385 2944 445 διδασκαλίαν
2978 390 3073 458 τὴν
3107 387 3159 443 ἒν
3191 385 3463 463 λόγῳ,καὶ
3490 388 3588 457 τὴν
3623 387 3673 442 ἐν
3706 386 3879 464 ἔργῳ,

467 496 556 535 nae
585 494 796 551 genus,
827 488 948 533 tam
976 479 1128 549 quod
1162 478 1222 532 in
1267 495 1557 545 sermone,
1613 495 1790 551 quam
1838 479 1993 551 quod
2050 479 2111 532 in

2233 475 2310 530 ιιαὶ
2344 475 2726 553 ὑποδείγματι,
2761 476 2849 533 διὰ
2877 483 2980 533 τῶν
3015 478 3201 533 ὅπλων
3233 480 3331 546 τῆς
3383 474 3735 547 δικαιοσύνης
3768 482 3874 531 τῶν

470 584 643 639 opere
689 566 935 636 vitaeque
970 565 1228 638 exemplo
1255 568 1541 635 consistit,
1561 583 1663 641 per
1683 567 2109 637 armajustitiae

468 673 504 711 a
535 655 753 711 dextris
783 659 839 710 et
896 672 930 710 a
983 655 1239 711 sinistris
1270 658 1337 723 “,
1398 658 1467 713 ad
1526 658 1795 712 idoneam
1842 656 2114 728 pascendi

464 744 659 815 gregis
694 742 999 813 rationem,
1023 761 1149 815 qua:
1170 762 1202 800 a
1232 748 1455 801 mundo
1477 746 1800 813 abstrahat,
1827 747 1895 801 ad
1930 746 2115 800 Deum

463 833 740 898 adducat,
774 832 1078 888 exhauriat
1109 848 1344 905 corpus,
1374 837 1647 906 spiritum
1671 840 1902 907 augeat,
1950 840 2117 889 tene-

464 923 601 976 bras
633 920 894 991 eil‘ugiat,
929 921 1057 977 luce
1102 924 1370 994 gaudeat,
1431 924 1715 996 propellat
1770 925 1944 991 feras,
1976 921 2120 978 ovile

463 1008 723 1081 colligat,
754 1010 1071 1083 praecipitia
1102 1016 1159 1066 et
1190 1012 1451 1068 desertas
1498 1012 1844 1068 solitudines
1900 1017 2118 1078 caveat,

465 1098 606 1153 dum
641 1097 711 1152 ad
764 1103 994 1154 montes
1051 1103 1108 1155 et
1146 1101 1303 1155 edita
1332 1100 1459 1157 loca
1488 1118 1692 1173 greges
1741 1101 2009 1174 impellit.
2041 1101 2121 1156 De

464 1186 682 1261 quibus
710 1187 855 1243 mihi
889 1187 1122 1244 locutus
1142 1188 1372 1245 videtur
1402 1190 1651 1246 eximius
1666 1190 1957 1258 Michzeas,
1984 1207 2119 1246 cum

464 1294 571 1335 nos
598 1277 691 1334 his
713 1276 908 1335 verbis
948 1294 1016 1334 ex
1046 1277 1226 1335 humo
1250 1280 1320 1335 ad
1355 1279 1589 1348 fastigia
1638 1284 1839 1336 nostra
1894 1285 2121 1351 pertra-

463 1367 662 1424 heret:
692 1366 1177 1440 Appropinquate
1233 1368 1534 1424 montibus
1584 1369 1837 1425 aeternis.
1862 1370 2121 1440 Exsurge

472 1461 529 1513 et
561 1455 821 1524 ambula,
853 1456 1130 1526 quoniam
1152 1455 1248 1512 hic
1280 1456 1409 1524 tibi,
1438 1457 1551 1514 hoc
1578 1462 1687 1528 est,
1718 1458 1778 1513 in
1809 1458 1985 1514 rebus
2019 1458 2121 1513 ab-

457 1546 657 1618 jectis,
680 1550 737 1601 et
758 1562 885 1615 quis
907 1546 1186 1600 deorsum
1202 1545 1533 1617 volvuntur,
1552 1563 1669 1602 non
1691 1551 1780 1603 est
1800 1546 2034 1619 requies
2052 1546 2124 1614 ‘9,

466 1634 605 1691 licet
636 1632 805 1689 aliter
836 1633 1194 1704 quibusdam
1214 1635 1501 1690 videatur.

669 1722 829 1823 iisne
862 1722 1309 1826 regendigregis
1330 1727 1517 1778 artem
1550 1723 2120 1826 mihitradite,237
2152 1760 2201 1826 B

472 1810 670 1876 amici,
702 1811 821 1882 iam
851 1810 1128 1883 deinceps
1160 1811 1305 1866 mihi
1338 1815 1601 1884 pastores
1632 1816 1688 1867 et
1717 1812 1970 1885 collegas.
2002 1816 2122 1868 Hu-

466 1901 568 1972 jus
597 1898 740 1953 mihi
772 1903 1025 1955 tesseras
1055 1900 1209 1962 date,
1242 1904 1299 1955 et
1327 1904 1412 1969 tu,
1439 1901 1774 1958 communis
1805 1901 1992 1969 Pater,
2022 1903 2121 1974 qui

474 1987 693 2044 multos
725 1990 988 2060 pastores
1018 1987 1077 2043 in
1110 1991 1230 2043 tam
1260 1988 1436 2063 longa
1480 1993 1645 2046 aetate
1680 1990 2031 2059 instruxisti,
2056 2007 2123 2047 ac

471 2077 872 2147 commutasti,
907 2081 965 2135 et
995 2081 1058 2135 tu
1088 2077 1472 2152 philosophiae
1512 2096 1652 2136 mea
1683 2079 2026 2151 explorator,
2068 2084 2123 2136 et

459 2166 666 2238 judex.
700 2170 787 2221 An
819 2182 951 2223 vero
982 2166 1276 2239 (benigne,
1326 2184 1542 2238 quaeso,
1596 2168 1753 2239 quod
1783 2167 1974 2223 dicam
2029 2182 2121 2223 ac-

465 2256 615 2327 cipe)
664 2255 791 2311 ﬁeri
850 2259 1043 2327 potest
1090 2260 1175 2322 ut,
1227 2272 1362 2311 cum
1419 2256 1479 2310 in
1534 2256 1728 2312 media
1776 2260 2122 2328 tempestate

455 2345 774 2416 jactemur,
798 2344 1208 2415 ﬂuctuumque
1252 2345 1502 2416 strepitu
1534 2345 1797 2415 undique
1831 2344 2125 2400 obtunda-

465 2449 621 2501 mur,
645 2432 830 2505 perite
859 2448 1095 2505 gregem
1128 2448 1404 2488 curemus
1435 2437 1491 2487 et
1527 2449 1842 2503 pascamus
1870 2433 1898 2488 ‘I
1929 2434 2033 2503 Te,
2062 2432 2120 2487 in

467 2538 667 2593 quam,
701 2520 956 2593 appello,
991 2521 1092 2592 qui
1128 2520 1440 2575 humanior
1475 2537 1605 2575 eras
1639 2522 1789 2577 inter
1818 2538 1956 2577 oves
1986 2521 2121 2593 (nisi

468 2610 609 2682 quid
639 2614 695 2665 te
728 2609 970 2663 offendit
1001 2609 1121 2663 haec
1152 2608 1381 2680 oratio),
1416 2625 1549 2664 cum
1585 2610 1785 2681 pascui
1808 2610 1965 2664 bruti
1989 2626 2120 2682 par-

467 2698 676 2769 ticipes
708 2713 827 2752 una
857 2712 1146 2760 essemus,
1196 2713 1372 2768 quam
1434 2714 1591 2752 nunc
1635 2696 1787 2753 inter
1837 2702 2120 2769 pastores,

470 2790 857 2860 posteaquam
884 2785 1079 2842 divino
1101 2785 1382 2842 beneﬁcio
1415 2786 1486 2841 ad
1505 2786 1811 2858 spirituale
1834 2803 2120 2858 pascuum

474 2875 642 2933 acciti
677 2892 907 2931 sumus.
941 2875 1024 2930 En
1057 2875 1215 2948 quod
1247 2875 1353 2931 tibi
1386 2874 1446 2931 in
1481 2876 1626 2932 votis
1657 2880 1801 2943 erat,
1834 2876 1893 2931 in
1925 2880 2121 2949 potes-

473 2964 736 3035 tatejam
762 2980 853 3021 me
871 2963 1073 3035 habes,
1107 2968 1283 3037 atque
1321 2964 1781 3037 insuperabilem
1804 2966 2117 3038 superasti.

473 3054 559 3111 En
595 3058 801 3124 praeter
829 3052 945 3110 alia
973 3053 1173 3110 omnia
1219 3070 1552 3111 sermonem
1610 3072 1843 3126 quoque
1899 3057 2119 3127 ipsum,

2225 562 2409 635 δεξιῶν
2465 566 2554 622 καὶ
2609 567 2921 640 ἀριστερῶν,
2983 569 3118 643 πρὸς
3194 568 3556 639 ποιμαντικὴν
3638 564 3876 621 εὔθετον,

2223 654 2549 710 ἀποσπῶσαν
2625 652 2859 729 κόσμου,
2925 661 3040 728 Θεῷ
3096 657 3498 731 προσάγουσαν,
3558 652 3874 710 δαπανῶσαν

2226 748 2404 816 σῶμα,
2483 746 2748 818 πνεύματι
2819 747 3214 821 προστιθεῖσαν,
3291 744 3481 807 σκότος
3552 746 3878 821 φεύγουσαν,

2227 833 2364 908 φωτὶ
2422 833 2743 907 χαίρουσαν,
2801 836 2971 909 Θῆρας
3032 833 3382 903 ἐλαύνουσαν,
3448 831 3680 909 μάνδραν
3765 836 3879 907 (20)

2228 922 2575 997 συνάγουσαν,
2625 922 2903 999 κρημνοὺς
2976 921 3392 999 φυλασσομὲνην
3452 924 3541 977 καὶ
3622 922 3881 996 ἐρημίας,

2228 1008 2375 1083 ὄρεσι
2431 1012 2519 1065 καὶ
2577 1011 2730 1086 ὕψεσι
2791 1014 2901 1085 (21)
2961 1011 3448 1086 προσελαύνουσαν.
3510 1012 3640 1086 Περὶ
3670 1013 3746 1065 ὧν
3789 1032 3881 1083 μοι

2230 1096 2381 1153 δοκεῖ
2406 1099 2495 1154 καὶ
2538 1102 2566 1155 ὁ
2616 1102 3059 1174 θαυμασιώτατος
3104 1099 3345 1176 Μιχαίας
3395 1098 3593 1175 λέγειν,
3638 1100 3887 1175 χαμόθεν

2228 1190 2376 1262 ἡμᾶς
2428 1189 2666 1245 ἀνέλκων
2729 1192 2837 1263 (22)
2896 1189 2980 1245 ἐπὶ
3037 1189 3104 1244 τὰ
3158 1190 3400 1262 ἡμέτερα
3431 1188 3563 1262 ὕψη.
3602 1189 3888 1263 Ἐγγίσατε

2230 1274 2407 1354 ὄρεσιν
2441 1278 2705 1341 αἰωνίοις.
2740 1279 2965 1333 Ἀνάστα
2992 1278 3081 1333 καὶ
3111 1277 3369 1354 πορεύου,
3400 1279 3483 1333 ὃτι
3527 1277 3626 1332 οὐκ
3653 1275 3771 1331 ἔστι
3799 1298 3885 1331 σοι

2230 1368 2365 1437 αὕτη
2394 1366 2710 1437 ἀνάπαυσις,
2739 1369 2833 1423 κᾶν
2868 1365 3004 1442 δοκῇ
3050 1388 3188 1422 τισιν
3252 1367 3382 1422 εἶναι
3439 1366 3507 1421 τὰ
3560 1374 3882 1441 χαμαιπετῆ

2230 1456 2320 1513 καὶ
2350 1455 2497 1512 κάτω
2530 1477 2623 1531 στρ
2632 1456 2886 1535 εφόμενα.

2305 1727 2375 1781 Δ¹.
2406 1723 2614 1794 Ταύτην
2654 1745 2719 1796 με
2748 1720 2995 1793 διδάξατε
3022 1723 3121 1791 τὴν
3170 1722 3558 1795 ποιμαντικὴν,
3606 1721 3652 1774 ὧ
3700 1718 3884 1797 φίλοι,

2232 1809 2427 1867 λοιπὸν
2474 1811 2597 1887 ἐμοὶ
2646 1812 2903 1885 ποιμένες
2950 1811 3039 1867 καὶ
3087 1810 3453 1885 συμποιμὲνες
3673 1808 3888 1878 Ταύτης

2232 1900 2354 1957 δότε
2416 1924 2508 1976 μοι
2555 1904 2622 1957 τὰ
2671 1903 3008 1975 συνθήματα,
3060 1902 3123 1956 σύ
3168 1922 3227 1956 τι
3256 1903 3285 1956 ὁ
3324 1902 3503 1962 κοινὸς
3537 1903 3742 1975 Πατὴρ,
3783 1899 3873 1954 καὶ

2228 1990 2474 2054 τολλοὺς
2506 1995 2583 2063 τῷ
2630 1991 2817 2067 χρόνῳ
2864 1989 3187 2067 καταρτίσας
3234 1988 3323 2044 καὶ
3372 1990 3717 2065 παραμείψας
3769 1992 3883 2062 (24)

2230 2080 2513 2155 ποιμίνας,
2567 2081 2628 2135 σύ
2676 2102 2736 2136 τε
2786 2081 2814 2134 ὁ
2860 2087 2959 2149 τῆς
3016 2078 3153 2153 ἐμῆς
3197 2077 3522 2157 φιλοσοφίας
3559 2079 3885 2151 βασανιστὴς

2230 2171 2321 2227 καὶ
2367 2172 2587 2245 κριτής.
2657 2169 2811 2224 Ἀλλ’
2865 2168 3035 2240 (ὅπως
3100 2188 3194 2240 μοι
3252 2167 3565 2244 φιλοσόφως
3615 2165 3735 2239 δέξῃ
3792 2168 3883 2221 τὸν

2234 2259 2397 2336 λόγον
2620 2258 2654 2327 ἢ
2689 2256 2974 2330 δυνάμεθα,
3006 2257 3096 2311 καὶ
3127 2256 3179 2311 ἐν
3214 2256 3346 2329 μέσῃ
3398 2255 3533 2329 ζάλῃ
3580 2256 3884 2333 στρεφόμε-

2230 2370 2314 2404 νοι
2353 2349 2442 2403 καὶ
2490 2347 2939 2425 περιηχούμενοι,
2996 2346 3304 2419 ποιμαίνειν
3355 2344 3757 2418 ἐπιστημόνως,
3789 2346 3881 2399 καὶ

2232 2428 2503 2504 ἐκτρέφειν
2548 2430 2611 2482 τὸ
2662 2427 2957 2500 ποίμνιον;
3018 2428 3073 2480 Ὀ
3121 2424 3631 2502 φιλανθρωπότερος
3681 2428 3797 2497 (26)
3829 2425 3879 2479 ὲν

2230 2512 2527 2593 προϐάτοις
2583 2516 2651 2591 (εἰ
2715 2518 2787 2589 μή
2853 2537 2947 2589 μοι
3006 2512 3357 2591 δυσχεραίνῃς
3398 2517 3557 2587 [27]),
3590 2513 3750 2582 ἡνίκα
3780 2516 3876 2581 τῆς

2231 2604 2432 2682 ἀλόγου
2462 2612 2633 2679 νομῆς
2682 2606 2793 2677 (28)
2850 2602 3201 2679 μετείχομεν,
3250 2604 3285 2673 ἢ
3328 2602 3378 2657 ἒν
3411 2601 3687 2676 ποιμέσιν,
3720 2602 3895 2671 ἡνίκα·

2228 2703 2327 2766 τῆς
2376 2702 2743 2769 πνευματικῆς
2793 2694 3125 2766 ἠξιώθημεν.
3174 2694 3355 2768 Ἔχεις
3409 2693 3525 2765 μὶν,
3576 2690 3709 2767 ὅπερ
3754 2691 3879 2746 ἐπό-

2232 2797 2365 2856 θεις,
2398 2786 2499 2839 ὑπὸ
2532 2789 2719 2860 χεῖρας
2749 2786 2919 2857 ἡμᾶς,
2962 2782 3051 2838 καὶ
3096 2781 3376 2851 νενίκηκας
3426 2782 3515 2835 τὸν
3568 2782 3838 2851 ἀήττητον
3866 2801 3878 2813 ·

2229 2875 2317 2930 καὶ
2382 2872 2497 2929 ἰδού
2555 2895 2636 2928 σοι
2691 2874 2824 2945 μετά
2873 2871 2963 2927 καὶ
3010 2873 3122 2945 (29)
3170 2876 3277 2926 τῶν
3330 2869 3514 2925 ἄλλων
3549 2872 3577 2924 ὁ
3613 2870 3798 2946 λόγος,
3829 2870 3885 2924 ’ὸν

2229 2960 2389 3025 εἰδὼς
2448 2961 2747 3032 ἐπεζήτεις,
2804 2960 2892 3015 καὶ
2951 2960 3006 3015 δν
3060 2959 3311 3032 ἄπαινῶν,
3358 2954 3589 3021 ἔϐαλλες
3621 2961 3886 3035 ἀργοῦντα

2226 3048 2464 3112 πολλαῖς
2522 3054 2627 3103 τῶν
2690 3053 2795 3103 σῶν
2854 3047 3042 3123 λόγων
3103 3049 3193 3103 καὶ
3249 3052 3477 3109 πυκναῖς
3543 3053 3664 3109 ταῖς
3736 3046 3885 3125 νιφά-

476 3159 652 3213 quem
675 3142 782 3198 tibi
809 3142 1109 3215 cognitum
1143 3144 1519 3215 exposcebas,
1545 3147 1602 3199 et
1633 3160 1829 3215 quem,
1853 3144 2127 3200 laudibus
2158 3127 2202 3196 C
2241 3160 2321 3195 σιν
2354 3141 2489 3213 (30).

475 3231 697 3303 alioqui
727 3232 995 3298 efferens,
1025 3236 1353 3288 cessantem
1386 3241 1605 3300 tamen,
1635 3233 1853 3289 crebris
1902 3234 2128 3289 densis-

480 3335 597 3391 que
618 3320 929 3375 verborum
964 3319 1197 3375 nivibus
1228 3321 1575 3392 impetebas.

549 3409 616 3462 V.
651 3408 869 3463 Verum
902 3408 1167 3463 nonnihil
1192 3409 1400 3476 habeo,
1425 3410 1579 3481 quod
1612 3409 1802 3465 amico
1832 3410 2127 3480 obiiciam.

480 3497 622 3561 Quis
653 3512 722 3552 ex
744 3496 1161 3551 communibus
1193 3497 1398 3553 amicis
1429 3514 1667 3553 causam
1698 3513 1887 3553 meam
1947 3498 2129 3556 disce-

479 3584 669 3659 ptabit
687 3584 715 3640 ‘?
745 3587 861 3641 Aut
883 3586 1016 3657 quis
1048 3585 1275 3658 integer
1296 3586 1404 3641 erit
1417 3587 1621 3658 judex,
1653 3591 1718 3642 ut
1744 3588 1974 3659 justam
1998 3606 2127 3644 sen-

479 3674 727 3731 tentiam
762 3675 926 3744 ferat,
960 3691 1025 3731 ac
1058 3691 1199 3744 non,
1226 3676 1378 3747 quod
1414 3676 1677 3749 plerique
1708 3677 1890 3733 facere
1919 3677 2128 3750 solent,

480 3763 617 3838 plus
649 3763 849 3837 gratia
871 3781 1049 3836 quam
1080 3764 1308 3821 veritati
1338 3765 1603 3823 tribuat?
1631 3765 1732 3822 Vis
1757 3766 1976 3822 crimen
2007 3784 2133 3839 pro-

480 3854 665 3910 feram
690 3871 705 3922 ;
731 3869 835 3909 nec
861 3857 1167 3926 propterea
1198 3854 1478 3911 orationis
1504 3859 1616 3911 tuis
1647 3855 1916 3911 aculeum
1948 3858 2005 3911 in
2039 3873 2133 3913 me

479 3959 689 3999 rursus
710 3942 1035 3998 immittas?
1049 3943 1183 3998 Fuit
1201 3944 1498 4015 quoddam
1520 3944 1625 3999 tibi
1640 3944 1948 4001 nobiscum
1971 3962 2131 4002 arca-

480 4048 648 4099 num,
680 4030 767 4086 vir
787 4032 1151 4099 admiranda,
1197 4048 1478 4088 arcanum
1508 4048 1639 4088 vere
1670 4038 1845 4105 atque
1873 4035 2126 4091 incredi-

553 4128 596 4162 δι
630 4128 676 4182 ll
706 4129 833 4184 Cor.
863 4146 941 4199 v1,
972 4130 1027 4184 7.
1105 4130 1149 4164 ⁴²
1181 4129 1352 4185 Mich.
1386 4146 1448 4200 II,
1484 4131 1570 4185 10.

484 4240 593 4299 vo;
627 4223 1255 4299 «instaurationem»
1306 4243 1422 4299 qua
1479 4227 1684 4284 Billius
1741 4228 1949 4285 utitur.
2010 4230 2136 4287 Non

484 4295 643 4352 enim
672 4293 1058 4381 instauratur,
1093 4298 1211 4381 nisi.
1245 4293 1828 4381 quodndepravatum
1857 4306 1963 4381 est.
1982 4302 2137 4381 _Quis

484 4382 618 4423 vero
682 4366 1318 4444 dixerit_depravatam
1386 4366 1816 4444 Nazianzenam
1884 4373 2135 4444 plebem,

486 4452 663 4509 quam
686 4436 996 4515 Gregorius
1018 4436 1212 4515 senior
1234 4446 1353 4496 tam
1386 4440 1557 4513 longo
1588 4448 1849 4515 tempore
1875 4436 2049 4501 verbo
2079 4436 2137 4501 et
2166 4448 2213 4513 D

487 4506 752 4566 exemplo
784 4506 1134 4566 fcrmaverat
1150 4511 1179 4565 ‘I

698 4575 969 4654 Μάνδραν.
1003 4581 1275 4655 Regihu,
1312 4577 1541 4655 μάνδρᾳ.

558 4650 1541 4747 ςὲ4)μ.’ἶ9ξεδι,,καῖ,ἷίέιξεξιοέὲφιὶριο
1594 4653 1783 4747 Είξὶδη
1839 4657 1975 4747 πρὸς
2033 4651 2136 4744 ὅρη

489 4720 850 4799 πνευματικὰ,
904 4724 1003 4799 τὴν
1066 4720 1240 4799 ὀρθῶς
1300 4720 1528 4799 ἔχουσαν
1568 4720 1790 4799 πίστιν,
1848 4720 1913 4781 τὶ
1969 4720 2140 4797 νοητά

488 4787 735 4869 πρόϐατα
783 4787 1221 4879 συνελαύνουσαν.
1276 4787 1425 4852 α’Ᾰά
1491 4787 1826 4869 spirituales
1882 4787 2136 4870 montes,

488 4868 709 4945 certam
740 4867 963 4924 scilicet
1007 4868 1205 4935 fidem,
1237 4868 1574 4941 spirituales
1607 4885 1739 4927 oves
1783 4872 2135 4945 compellen-

1191 4909 1205 4935 ν
1237 4906 1574 4935 ῡμιιιυυαιυυ
1607 4906 1739 4927 υνυῠ
1783 4906 2135 4935 υυιυμυιιῦυ·

484 4942 627 4994 tem.
651 4959 672 4987 ι

704 5006 999 5083 Ἀνέλκων.
1035 5012 1177 5083 Reg.
1211 5009 1315 5081 hu,
1345 5006 1545 5083 Dium».

516 5149 529 5162 .
553 5081 665 5147 (23)
699 5079 960 5161 Ποιμένες
986 5079 1500 5162 καὶᾎᾶυμποιμὲνες,
1529 5083 1655 5162 Hic,
1687 5088 1895 5162 prater
1924 5085 2137 5159 Grego-

484 5154 638 5227 rium
670 5154 959 5227 seniorem
991 5160 1047 5209 et
1078 5154 1377 5221 Basilium,
1404 5156 1502 5227 qui
1532 5154 1901 5227 certe’ipsius
1932 5154 2135 5215 conse-

485 5222 729 5279 crationi
759 5224 1021 5293 aderant,
1053 5226 1198 5282 alios
1238 5222 1437 5283 etiam-
1464 5222 1779 5284 nonnullos
1827 5245 2135 5287 consecra-

483 5298 639 5368 tores
670 5297 945 5368 praesules
976 5298 1378 5368 intelligimus.
1409 5298 1553 5353 Vide
1584 5299 1786 5356 Monit.
1820 5318 1877 5356 n.
1914 5318 1990 5355 1v.

554 5317 639 5350 res
670 5317 945 5368 praesules
977 5317 1159 5354 intem
1204 5317 1378 5355 imus.
1418 5317 1553 5353 Viae
1584 5317 1786 5356 mouit.
1820 5318 1877 5356 n.
1914 5318 1990 5355 1v.

554 5367 666 5442 (215)
726 5368 1101 5442 Παραμείψας.
1147 5317 1254 5442 gis
1321 5369 1573 5442 Basilius
1632 5376 2061 5442 commentatur
2119 5387 2131 5425 :

479 5434 550 5516 ’ῌ
687 5434 895 5516 πολλῷ
916 5434 1098 5514 χρόνῳ
1122 5439 1414 5516 ’ᾁρχιερεςῐς
1438 5440 1898 5516 ἀποθνήσκοντας
1930 5438 2134 5511 ἥμειψε

481 5503 768 5597 πλείστους
800 5503 1263 5597 ἐν;μ’ἧ’τροξπὸλέἷ”ο
1293 5503 1488 5597 («‘Quia
1520 5503 1804 5595 plurimos
1836 5513 1892 5565 in
1926 5503 2135 5597 rq'etr'o-

483 5579 743 5656 politana
780 5579 917 5656 sede
949 5579 1075 5656 sibi
1125 5579 1859 5656 succedentes-episcopos
1888 5583 2131 5653 viderat,

485 5655 587 5705 aut
619 5652 899 5722 suffragio
930 5655 1265 5713 collocarat.
1298 5675 1328 5704 »ι

2308 3407 2387 3462 Ε’.
2419 3402 2557 3462 Αλλ’
2588 3401 2703 3479 ἔχω
2731 3424 2783 3458 τι
2912 3400 3069 3482 φιλίᾳ
3098 3402 3187 3456 καὶ
3240 3402 3595 3475 μέμψασθαι·
3625 3403 3703 3463 τίς
3732 3401 3881 3456 δικά-

2239 3516 2315 3551 σει
2379 3516 2473 3568 μοι
2518 3497 2625 3548 τῶν
2673 3495 2867 3547 κοινῶν
2920 3488 3138 3569 φίλωνς
3188 3490 3223 3559 ἢ
3271 3489 3354 3550 τίς
3402 3487 3684 3551 ἀδέκαστος
3731 3488 3877 3543 ἔσται

2236 3591 2451 3661 κριτῆς,
2505 3580 2594 3637 ’ίνα
2642 3582 2740 3650 τὴν
2788 3578 2993 3636 δικαίαν
3049 3578 3231 3656 ἐνέγκῃ
3278 3582 3480 3655 ψῆφον,
3534 3579 3673 3634 ἀλλὰ
3715 3580 3788 3651 μὴ
3816 3579 3882 3633 τὸ

2236 3678 2344 3730 τῶν
2377 3670 2602 3728 πολλῶν
2631 3672 2795 3745 πάθῃ,
2826 3669 2913 3725 καὶ
2946 3664 3087 3743 λάϐῃ
3125 3671 3235 3741 (31)
3268 3667 3317 3723 ἐν
3349 3667 3521 3744 κρίσει
3553 3669 3842 3742 πρόσωπον
3872 3689 3888 3738 ;

2239 3762 2393 3819 Εἴπω
2448 3759 2687 3823 κελεύεις
2744 3761 2842 3828 τὴν
2898 3758 3127 3832 μέμψιν,
3180 3758 3268 3813 καὶ
3318 3757 3417 3812 οὐκ
3464 3757 3759 3830 ἒπαφήσεις
3796 3780 3889 3831 μοι

2238 3852 2403 3908 πάλιν
2461 3850 2551 3906 τὸν
2611 3848 2813 3925 λόγον;
2876 3843 3114 3925 Ἐγένετό
3164 3868 3216 3901 τι
3276 3846 3364 3901 καὶ
3422 3848 3505 3901 σοὶ
3563 3848 3699 3920 πρὸς
3742 3850 3891 3919 ἡμᾶς

2241 3940 2569 4017 ἀπόρρητον,
2617 3939 2663 3991 ὦ
2716 3938 3001 4009 Θαυμάσιε,
3051 3941 3279 4011 πρᾶγμα
3307 3932 3476 3997 ὅντως
3505 3939 3618 4008 (32)
3648 3936 3893 4011 ἀπόρῥη-

2238 4031 2331 4087 τόν
2386 4050 2445 4085 τε
2500 4027 2590 4083 καὶ
2643 4024 2889 4098 ἄπιστον,
2947 4026 3035 4081 καὶ
3094 4025 3247 4081 οὕπω
3276 4028 3389 4098 (33)
3448 4024 3714 4101 πρότερον
3771 4026 3895 4099 περὶ

2340 4226 2430 4297 25)
2462 4221 2662 4297 Λόγον,
2692 4219 2750 4291 ἤ.
2784 4224 2927 4297 Tres
2961 4223 3140 4296 Regg.
3168 4227 3234 4297 _et_
3262 4221 3358 4297 0r.
3387 4225 3444 4289 2,
3476 4219 3661 4297 λόγον,
3695 4220 3767 4278 εἰ.

2340 4227 2410 4281 25
2462 4227 2662 4297 Λόγον,
2692 4227 2750 4291 ἥ.
2784 4227 2927 4279 Tres
2961 4227 3140 4296 Regg.
3177 4227 3233 4279 et
3262 4227 3358 4280 Or.
3387 4227 3444 4289 2,
3476 4227 3661 4296 λόγον,
3695 4227 3767 4278 εἰ.

2318 4227 2431 4371 (26)
2488 4294 3031 4372 Φιλανθρωπότερος.
3087 4293 3259 4351 Coisl.
3323 4296 3381 4366 1,
3441 4292 3897 4370 φιλανθρωπότα-

2244 4389 2356 4429 τος.

2313 4440 2425 4513 (27)
2484 4436 2866 4514 Δυσχεραίνῃς.
2924 4441 3102 4511 Regg.
3163 4437 3284 4507 hm,
3344 4436 3447 4492 hu.
3506 4438 3602 4492 Or.
3661 4438 3719 4507 2,
3776 4439 3895 4494 les.

2249 4509 2637 4566 δυσγεοαίνεις.

2283 4529 2637 4570 υσγεραινεις.

2317 4529 2694 4655 (ἔῶρῖζνὶῗδξου
2737 4585 2933 4651 νομῆς.
2968 4578 3279 4655 Gregorius
3309 4601 3339 4630 ‹‹
3372 4579 3737 4655 irrationalia
3788 4597 3898 4652 pa-

2250 4671 2393 4710 scua
2412 4650 2739 4735 gappellat
2783 4650 2987 4735 Omnes
3036 4650 3310 4735 profanas
3356 4650 3736 4735 disciplinas;
3767 4650 3897 4724 qua:

2246 4742 2379 4783 vero
2410 4722 2751 4782 Christianae
2782 4729 2939 4789 sunt,
2963 4746 2990 4773 ‹‹
3025 4722 3354 4794 Spiritualia
3384 4745 3414 4771 ››
3444 4722 3731 4780 nominat.

2248 4868 2291 4925 Ο
2319 4798 2429 4924 (2%)
2462 4796 2583 4855 Καί.
2624 4800 2795 4853 Deest
2840 4796 2901 4851 in
2930 4793 3105 4867 Regg.
3140 4794 3261 4863 bm,
3293 4793 3395 4864 hu,
3428 4796 3616 4852 tribus
3645 4794 3807 4852 Colb.
3841 4799 3901 4851 et

2298 4886 2344 4924 r.
2423 4911 2436 4923 .

2298 4886 2344 4924 r.
2382 4872 2436 4924 2.

2318 4940 2431 5013 (30)
2462 4942 2696 5013 Πυκναζς
2732 4940 2851 4997 ταῖς
2882 4933 3114 5013 νιφάσιν.
3150 4935 3491 5013 Metaphora
3527 4952 3595 4993 ex
3625 4936 3898 5003 Homero,

2247 5012 2307 5067 Il.
2326 5008 2627 5083 ‘L,'petita.
2650 5010 2767 5083 Hac
2792 5008 3208 5083 voceg'utuntur
3236 5008 3437 5083 Graeci,
3462 5025 3595 5066 cum
3618 5024 3899 5083 magnam

2248 5082 2328 5139 rei
2362 5080 2610 5154 alicujus
2642 5082 2868 5154 cppiam
2903 5081 3233 5154 signiﬁcare
3262 5080 3485 5154 volunt.

2318 5155 2430 5226 (31)
2463 5148 2558 5206 Καὶ
2587 5148 2749 5226 λάϐῃ,
2780 5157 2887 5208 etc.
2922 5148 3120 5226 Malim
3165 5168 3298 5207 cum
3338 5152 3612 5224 Vulgata,
3644 5171 3666 5201 ι
3700 5167 3902 5224 perso-

2247 5242 2381 5280 nam
2416 5225 2473 5280 iu
2500 5225 2726 5295 judicio
2758 5225 3026 5294 accipiat.
3057 5245 3083 5273 ››

2316 5298 2429 5367 (32)
2462 5298 2684 5361 Ὄντως,
2717 5302 2826 5352 etc.
2851 5319 2877 5345 ‹‹
2914 5296 3023 5350 Res
3074 5294 3242 5364 plane
3273 5310 3487 5367 arcana
3531 5301 3587 5350 et
3639 5294 3901 5367 incredi-

2245 5365 2451 5421 bilis.»
2490 5368 2616 5422 Vim
2652 5368 2809 5422 illam
2842 5366 3138 5437 intelligit,
3160 5368 3327 5435 juxta
3356 5365 3564 5432 Eliam,
3588 5382 3705 5437 qua
3736 5366 3897 5422 Sasi-

2246 5454 2507 5493 mensem
2541 5439 2859 5509 Ecclesiam
2891 5439 3187 5509 suscipere
3216 5442 3450 5492 coactus
3486 5438 3609 5491 fuit.

2316 5510 2428 5579 (33)
2462 5510 2561 5563 Καὶ
2596 5508 2767 5565 οὔπω.
2799 5511 2892 5565 Sic
2947 5508 3065 5582 duo,
3112 5512 3311 5582 Begg,
3343 5513 3460 5566 tres
3494 5509 3676 5578 Colb.,
3707 5508 3805 5564 Or.
3835 5509 3894 5575 2,

2248 5578 2488 5652 Hervag.
2522 5586 2634 5638 etc.
2668 5583 2840 5655 Editi,
2874 5580 2961 5635 καὶ
2995 5578 3157 5635 οῧτω.

4096 1420 4101 1605 1

4098 1484 4099 1539 1

4098 1550 4101 1605 1

4104 1680 4105 1709 1

4106 1744 4107 1781 1

4108 1810 4109 1845 1

4110 1874 4111 1923 1

4116 2068 4117 2099 1
