  <div class='ocr_page' id='page_1' title='image "/cluster/home/n/w/nwhite01/storage/ocr_20150623/35/hvd.32044054100326/419.png"; bbox 0 0 4244 6216; ppageno 0'>
   <div class='ocr_carea' id='block_1_1' title="bbox 521 351 638 412">
    <p class='ocr_par' dir='ltr' id='par_1_1' title="bbox 521 351 638 412">
     <span class='ocr_line' id='line_1_1' title="bbox 521 351 638 412; baseline -0.034 0"><span class='ocrx_word' id='word_1_1' title='bbox 521 351 638 412; x_wconf 79' lang='grc'>827</span> 
     </span>
    </p>
   </div>
   <div class='ocr_carea' id='block_1_2' title="bbox 1000 661 1685 748">
    <p class='ocr_par' dir='ltr' id='par_1_2' title="bbox 1000 661 1685 748">
     <span class='ocr_line' id='line_1_2' title="bbox 1000 661 1685 748; baseline 0.001 -1"><span class='ocrx_word' id='word_1_2' title='bbox 1000 661 1449 748; x_wconf 66' lang='lat' dir='ltr'>ORATIO</span> <span class='ocrx_word' id='word_1_3' title='bbox 1514 662 1603 747; x_wconf 88' lang='lat' dir='ltr'>X</span> <span class='ocrx_word' id='word_1_4' title='bbox 1631 666 1685 748; x_wconf 78' lang='grc'>⁸.</span> 
     </span>
    </p>
   </div>
   <div class='ocr_carea' id='block_1_3' title="bbox 522 812 2168 883">
    <p class='ocr_par' dir='ltr' id='par_1_3' title="bbox 522 812 2168 883">
     <span class='ocr_line' id='line_1_3' title="bbox 522 812 2168 883; baseline -0.004 -15"><span class='ocrx_word' id='word_1_5' title='bbox 522 812 676 868; x_wconf 74' lang='lat'>239</span> <span class='ocrx_word' id='word_1_6' title='bbox 699 814 757 867; x_wconf 90' lang='lat' dir='ltr'>In</span> <span class='ocrx_word' id='word_1_7' title='bbox 779 814 1039 883; x_wconf 74' lang='lat' dir='ltr'>seipsum,</span> <span class='ocrx_word' id='word_1_8' title='bbox 1089 813 1158 865; x_wconf 87' lang='lat' dir='ltr'>ad</span> <span class='ocrx_word' id='word_1_9' title='bbox 1186 816 1403 882; x_wconf 82' lang='lat' dir='ltr'>patrem</span> <span class='ocrx_word' id='word_1_10' title='bbox 1449 822 1501 867; x_wconf 76' lang='lat' dir='ltr'>et</span> <span class='ocrx_word' id='word_1_11' title='bbox 1558 812 1829 865; x_wconf 66' lang='lat' dir='ltr'>Basiliam</span> <span class='ocrx_word' id='word_1_12' title='bbox 1883 826 2168 879; x_wconf 81' lang='lat' dir='ltr'>magnum,</span> 
     </span>
    </p>
   </div>
   <div class='ocr_carea' id='block_1_4' title="bbox 1028 884 1657 955">
    <p class='ocr_par' dir='ltr' id='par_1_4' title="bbox 1028 884 1657 955">
     <span class='ocr_line' id='line_1_4' title="bbox 1028 884 1657 955; baseline 0 -18"><span class='ocrx_word' id='word_1_13' title='bbox 1028 888 1146 954; x_wconf 80' lang='lat' dir='ltr'>post</span> <span class='ocrx_word' id='word_1_14' title='bbox 1176 884 1418 938; x_wconf 75' lang='lat' dir='ltr'>reditum</span> <span class='ocrx_word' id='word_1_15' title='bbox 1447 900 1473 938; x_wconf 78' lang='grc' dir='ltr'>ε</span> <span class='ocrx_word' id='word_1_16' title='bbox 1496 886 1657 955; x_wconf 79' lang='lat' dir='ltr'>fuga.</span> 
     </span>
    </p>
   </div>
   <div class='ocr_carea' id='block_1_5' title="bbox 592 1059 2171 1126">
    <p class='ocr_par' dir='ltr' id='par_1_5' title="bbox 592 1059 2171 1126">
     <span class='ocr_line' id='line_1_5' title="bbox 592 1059 2171 1126; baseline -0.001 -11"><span class='ocrx_word' id='word_1_17' title='bbox 592 1061 635 1115; x_wconf 91' lang='grc' dir='ltr'>Ι.</span> <span class='ocrx_word' id='word_1_18' title='bbox 666 1060 824 1116; x_wconf 87' lang='lat' dir='ltr'>Nihil</span> <span class='ocrx_word' id='word_1_19' title='bbox 864 1065 1160 1117; x_wconf 85' lang='lat' dir='ltr'>senectute</span> <span class='ocrx_word' id='word_1_20' title='bbox 1208 1061 1436 1126; x_wconf 82' lang='lat' dir='ltr'>fortius,</span> <span class='ocrx_word' id='word_1_21' title='bbox 1471 1060 1617 1115; x_wconf 87' lang='lat' dir='ltr'>nihil</span> <span class='ocrx_word' id='word_1_22' title='bbox 1650 1059 1907 1115; x_wconf 81' lang='lat' dir='ltr'>amicitia</span> <span class='ocrx_word' id='word_1_23' title='bbox 1937 1075 2171 1114; x_wconf 84' lang='lat' dir='ltr'>venera-</span> 
     </span>
    </p>
   </div>
   <div class='ocr_carea' id='block_1_6' title="bbox 519 1147 2169 1222">
    <p class='ocr_par' dir='ltr' id='par_1_6' title="bbox 519 1147 2169 1222">
     <span class='ocr_line' id='line_1_6' title="bbox 519 1147 2169 1222; baseline -0.004 -15"><span class='ocrx_word' id='word_1_24' title='bbox 519 1150 716 1207; x_wconf 82' lang='lat' dir='ltr'>bilius.</span> <span class='ocrx_word' id='word_1_25' title='bbox 757 1151 842 1205; x_wconf 87' lang='lat' dir='ltr'>Ab</span> <span class='ocrx_word' id='word_1_26' title='bbox 874 1150 967 1204; x_wconf 91' lang='lat' dir='ltr'>his</span> <span class='ocrx_word' id='word_1_27' title='bbox 995 1167 1133 1222; x_wconf 86' lang='lat' dir='ltr'>ergo</span> <span class='ocrx_word' id='word_1_28' title='bbox 1165 1151 1235 1205; x_wconf 90' lang='lat' dir='ltr'>ad</span> <span class='ocrx_word' id='word_1_29' title='bbox 1271 1168 1369 1205; x_wconf 91' lang='lat' dir='ltr'>vos</span> <span class='ocrx_word' id='word_1_30' title='bbox 1419 1151 1631 1205; x_wconf 90' lang='lat' dir='ltr'>ductus</span> <span class='ocrx_word' id='word_1_31' title='bbox 1665 1166 1821 1216; x_wconf 90' lang='lat' dir='ltr'>sum,</span> <span class='ocrx_word' id='word_1_32' title='bbox 1850 1147 2078 1203; x_wconf 90' lang='lat' dir='ltr'>vinctus</span> <span class='ocrx_word' id='word_1_33' title='bbox 2108 1148 2169 1202; x_wconf 90' lang='lat' dir='ltr'>in</span> 
     </span>
    </p>
   </div>
   <div class='ocr_carea' id='block_1_7' title="bbox 518 1236 2168 1307">
    <p class='ocr_par' dir='ltr' id='par_1_7' title="bbox 518 1236 2168 1307">
     <span class='ocr_line' id='line_1_7' title="bbox 518 1236 2168 1307; baseline -0.005 -11"><span class='ocrx_word' id='word_1_34' title='bbox 518 1240 746 1296; x_wconf 84' lang='lat' dir='ltr'>Christo</span> <span class='ocrx_word' id='word_1_35' title='bbox 778 1240 844 1306; x_wconf 67' lang='lat'>‘9,</span> <span class='ocrx_word' id='word_1_36' title='bbox 878 1256 990 1294; x_wconf 90' lang='lat' dir='ltr'>non</span> <span class='ocrx_word' id='word_1_37' title='bbox 1011 1239 1233 1294; x_wconf 84' lang='lat' dir='ltr'>catenis</span> <span class='ocrx_word' id='word_1_38' title='bbox 1266 1239 1487 1307; x_wconf 86' lang='lat' dir='ltr'>ferreis,</span> <span class='ocrx_word' id='word_1_39' title='bbox 1513 1240 1613 1293; x_wconf 91' lang='lat' dir='ltr'>sed</span> <span class='ocrx_word' id='word_1_40' title='bbox 1639 1236 2168 1307; x_wconf 86' lang='lat' dir='ltr'>tenacissimisSpi-</span> 
     </span>
    </p>
   </div>
   <div class='ocr_carea' id='block_1_8' title="bbox 517 1326 2171 1399">
    <p class='ocr_par' dir='ltr' id='par_1_8' title="bbox 517 1326 2171 1399">
     <span class='ocr_line' id='line_1_8' title="bbox 517 1326 2171 1399; baseline -0.002 -15"><span class='ocrx_word' id='word_1_41' title='bbox 517 1330 665 1384; x_wconf 89' lang='lat' dir='ltr'>ritus</span> <span class='ocrx_word' id='word_1_42' title='bbox 696 1328 941 1384; x_wconf 85' lang='lat' dir='ltr'>vinculis</span> <span class='ocrx_word' id='word_1_43' title='bbox 966 1329 1342 1384; x_wconf 89' lang='lat' dir='ltr'>constrictus.</span> <span class='ocrx_word' id='word_1_44' title='bbox 1374 1328 1660 1399; x_wconf 88' lang='lat' dir='ltr'>Equidem</span> <span class='ocrx_word' id='word_1_45' title='bbox 1684 1328 1809 1398; x_wconf 92' lang='lat' dir='ltr'>ipse</span> <span class='ocrx_word' id='word_1_46' title='bbox 1841 1326 2171 1381; x_wconf 86' lang='lat' dir='ltr'>mihiantea</span> 
     </span>
    </p>
   </div>
   <div class='ocr_carea' id='block_1_9' title="bbox 518 1415 2171 1489">
    <p class='ocr_par' dir='ltr' id='par_1_9' title="bbox 518 1415 2171 1489">
     <span class='ocr_line' id='line_1_9' title="bbox 518 1415 2171 1489; baseline -0.002 -16"><span class='ocrx_word' id='word_1_47' title='bbox 518 1418 734 1473; x_wconf 88' lang='lat' dir='ltr'>invicto</span> <span class='ocrx_word' id='word_1_48' title='bbox 765 1419 1019 1489; x_wconf 87' lang='lat' dir='ltr'>quodam</span> <span class='ocrx_word' id='word_1_49' title='bbox 1047 1418 1229 1471; x_wconf 90' lang='lat' dir='ltr'>animi</span> <span class='ocrx_word' id='word_1_50' title='bbox 1261 1418 1465 1472; x_wconf 84' lang='lat' dir='ltr'>robore</span> <span class='ocrx_word' id='word_1_51' title='bbox 1488 1416 1704 1488; x_wconf 81' lang='lat' dir='ltr'>pollere</span> <span class='ocrx_word' id='word_1_52' title='bbox 1732 1415 2171 1485; x_wconf 88' lang='lat' dir='ltr'>videbar,atque</span> 
     </span>
    </p>
   </div>
   <div class='ocr_carea' id='block_1_10' title="bbox 527 1503 2171 1577">
    <p class='ocr_par' dir='ltr' id='par_1_10' title="bbox 527 1503 2171 1577">
     <span class='ocr_line' id='line_1_10' title="bbox 527 1503 2171 1577; baseline -0.003 -14"><span class='ocrx_word' id='word_1_53' title='bbox 527 1524 559 1563; x_wconf 94' lang='grc' dir='ltr'>ο</span> <span class='ocrx_word' id='word_1_54' title='bbox 590 1506 1086 1562; x_wconf 83' lang='lat' dir='ltr'>stoliditatemlne</span> <span class='ocrx_word' id='word_1_55' title='bbox 1118 1506 1210 1561; x_wconf 91' lang='lat' dir='ltr'>his</span> <span class='ocrx_word' id='word_1_56' title='bbox 1232 1506 1467 1577; x_wconf 88' lang='lat' dir='ltr'>quidem</span> <span class='ocrx_word' id='word_1_57' title='bbox 1487 1505 1635 1560; x_wconf 87' lang='lat' dir='ltr'>meis</span> <span class='ocrx_word' id='word_1_58' title='bbox 1661 1503 2087 1559; x_wconf 82' lang='lat' dir='ltr'>amantissimis</span> <span class='ocrx_word' id='word_1_59' title='bbox 2106 1519 2171 1558; x_wconf 89' lang='lat' dir='ltr'>ac</span> 
     </span>
    </p>
   </div>
   <div class='ocr_carea' id='block_1_11' title="bbox 519 1593 2170 1665">
    <p class='ocr_par' dir='ltr' id='par_1_11' title="bbox 519 1593 2170 1665">
     <span class='ocr_line' id='line_1_11' title="bbox 519 1593 2170 1665; baseline -0.003 -15"><span class='ocrx_word' id='word_1_60' title='bbox 519 1596 797 1650; x_wconf 81' lang='lat' dir='ltr'>fratribus</span> <span class='ocrx_word' id='word_1_61' title='bbox 856 1610 1155 1649; x_wconf 87' lang='lat' dir='ltr'>sermones</span> <span class='ocrx_word' id='word_1_62' title='bbox 1206 1594 1503 1665; x_wconf 82' lang='lat' dir='ltr'>impertire</span> <span class='ocrx_word' id='word_1_63' title='bbox 1551 1593 1937 1659; x_wconf 89' lang='lat' dir='ltr'>sustinebam,</span> <span class='ocrx_word' id='word_1_64' title='bbox 1971 1596 2170 1662; x_wconf 88' lang='lat' dir='ltr'>utpote</span> 
     </span>
    </p>
   </div>
   <div class='ocr_carea' id='block_1_12' title="bbox 517 1677 2169 1751">
    <p class='ocr_par' dir='ltr' id='par_1_12' title="bbox 517 1677 2169 1751">
     <span class='ocr_line' id='line_1_12' title="bbox 517 1677 2169 1751; baseline -0.002 -17"><span class='ocrx_word' id='word_1_65' title='bbox 517 1680 618 1751; x_wconf 90' lang='lat' dir='ltr'>qui</span> <span class='ocrx_word' id='word_1_66' title='bbox 648 1678 977 1735; x_wconf 90' lang='lat' dir='ltr'>volentibus</span> <span class='ocrx_word' id='word_1_67' title='bbox 1010 1679 1208 1734; x_wconf 89' lang='lat' dir='ltr'>omnia</span> <span class='ocrx_word' id='word_1_68' title='bbox 1239 1678 1633 1749; x_wconf 86' lang='lat' dir='ltr'>reliquissem,</span> <span class='ocrx_word' id='word_1_69' title='bbox 1666 1683 1729 1733; x_wconf 91' lang='lat' dir='ltr'>ut</span> <span class='ocrx_word' id='word_1_70' title='bbox 1777 1679 1849 1732; x_wconf 88' lang='lat' dir='ltr'>ab</span> <span class='ocrx_word' id='word_1_71' title='bbox 1880 1677 2037 1732; x_wconf 91' lang='lat' dir='ltr'>omni</span> <span class='ocrx_word' id='word_1_72' title='bbox 2072 1692 2169 1731; x_wconf 90' lang='lat' dir='ltr'>ne-</span> 
     </span>
    </p>
   </div>
   <div class='ocr_carea' id='block_1_13' title="bbox 517 1767 2171 1840">
    <p class='ocr_par' dir='ltr' id='par_1_13' title="bbox 517 1767 2171 1840">
     <span class='ocr_line' id='line_1_13' title="bbox 517 1767 2171 1840; baseline -0.003 -16"><span class='ocrx_word' id='word_1_73' title='bbox 517 1768 671 1840; x_wconf 83' lang='lat' dir='ltr'>gotio</span> <span class='ocrx_word' id='word_1_74' title='bbox 695 1768 958 1833; x_wconf 82' lang='lat' dir='ltr'>feriatus,</span> <span class='ocrx_word' id='word_1_75' title='bbox 991 1767 1309 1838; x_wconf 88' lang='lat' dir='ltr'>tranquille</span> <span class='ocrx_word' id='word_1_76' title='bbox 1344 1767 2171 1838; x_wconf 87' lang='lat' dir='ltr'>philosopharer,mecumque</span> 
     </span>
    </p>
   </div>
   <div class='ocr_carea' id='block_1_14' title="bbox 520 1855 2170 1930">
    <p class='ocr_par' dir='ltr' id='par_1_14' title="bbox 520 1855 2170 1930">
     <span class='ocr_line' id='line_1_14' title="bbox 520 1855 2170 1930; baseline -0.003 -17"><span class='ocrx_word' id='word_1_77' title='bbox 520 1858 647 1930; x_wconf 90' lang='lat' dir='ltr'>ipse</span> <span class='ocrx_word' id='word_1_78' title='bbox 679 1861 735 1912; x_wconf 89' lang='lat' dir='ltr'>et</span> <span class='ocrx_word' id='word_1_79' title='bbox 759 1874 893 1912; x_wconf 90' lang='lat' dir='ltr'>cum</span> <span class='ocrx_word' id='word_1_80' title='bbox 917 1857 1136 1928; x_wconf 77' lang='lat' dir='ltr'>Spiritu</span> <span class='ocrx_word' id='word_1_81' title='bbox 1169 1856 1525 1927; x_wconf 89' lang='lat' dir='ltr'>colloquium</span> <span class='ocrx_word' id='word_1_82' title='bbox 1558 1856 1855 1911; x_wconf 89' lang='lat' dir='ltr'>haberem.</span> <span class='ocrx_word' id='word_1_83' title='bbox 1879 1855 2013 1909; x_wconf 71' lang='lat' dir='ltr'>Elite</span> <span class='ocrx_word' id='word_1_84' title='bbox 2035 1856 2170 1909; x_wconf 86' lang='lat' dir='ltr'>Car-</span> 
     </span>
    </p>
   </div>
   <div class='ocr_carea' id='block_1_15' title="bbox 520 1944 2172 2016">
    <p class='ocr_par' dir='ltr' id='par_1_15' title="bbox 520 1944 2172 2016">
     <span class='ocr_line' id='line_1_15' title="bbox 520 1944 2172 2016; baseline -0.002 -15"><span class='ocrx_word' id='word_1_85' title='bbox 520 1946 741 2001; x_wconf 90' lang='lat' dir='ltr'>melum</span> <span class='ocrx_word' id='word_1_86' title='bbox 777 1946 973 2000; x_wconf 90' lang='lat' dir='ltr'>animo</span> <span class='ocrx_word' id='word_1_87' title='bbox 1005 1945 1324 2016; x_wconf 82' lang='lat' dir='ltr'>agitabam,</span> <span class='ocrx_word' id='word_1_88' title='bbox 1357 1950 1413 2000; x_wconf 91' lang='lat' dir='ltr'>et</span> <span class='ocrx_word' id='word_1_89' title='bbox 1467 1944 1712 2000; x_wconf 84' lang='lat' dir='ltr'>Joannis</span> <span class='ocrx_word' id='word_1_90' title='bbox 1760 1946 2080 2009; x_wconf 87' lang='lat' dir='ltr'>desertum,</span> <span class='ocrx_word' id='word_1_91' title='bbox 2113 1946 2172 1997; x_wconf 91' lang='lat' dir='ltr'>et</span> 
     </span>
    </p>
   </div>
   <div class='ocr_carea' id='block_1_16' title="bbox 1756 339 2689 407">
    <p class='ocr_par' dir='ltr' id='par_1_16' title="bbox 1756 339 2689 407">
     <span class='ocr_line' id='line_1_16' title="bbox 1756 339 2689 407; baseline -0.004 0"><span class='ocrx_word' id='word_1_92' title='bbox 1756 347 1821 407; x_wconf 91' lang='lat' dir='ltr'>S.</span> <span class='ocrx_word' id='word_1_93' title='bbox 1872 341 2245 404; x_wconf 81' lang='lat' dir='ltr'>GREGOBII</span> <span class='ocrx_word' id='word_1_94' title='bbox 2290 339 2689 404; x_wconf 89' lang='lat' dir='ltr'>THEOLOGI</span> 
     </span>
    </p>
   </div>
   <div class='ocr_carea' id='block_1_17' title="bbox 2196 652 2255 715">
    <p class='ocr_par' dir='ltr' id='par_1_17' title="bbox 2196 652 2255 715">
     <span class='ocr_line' id='line_1_17' title="bbox 2196 652 2255 715; baseline 0 0"><span class='ocrx_word' id='word_1_95' title='bbox 2196 652 2255 715; x_wconf 89' lang='lat' dir='ltr'><strong>A</strong></span> 
     </span>
    </p>
   </div>
   <div class='ocr_carea' id='block_1_18' title="bbox 3807 342 3940 406">
    <p class='ocr_par' dir='ltr' id='par_1_18' title="bbox 3807 342 3940 406">
     <span class='ocr_line' id='line_1_18' title="bbox 3807 342 3940 406; baseline -0.015 0"><span class='ocrx_word' id='word_1_96' title='bbox 3807 342 3940 406; x_wconf 78' lang='lat'>828</span> 
     </span>
    </p>
   </div>
   <div class='ocr_carea' id='block_1_19' title="bbox 2807 670 3414 767">
    <p class='ocr_par' dir='ltr' id='par_1_19' title="bbox 2807 670 3414 767">
     <span class='ocr_line' id='line_1_19' title="bbox 2807 670 3414 767; baseline 0.002 -3"><span class='ocrx_word' id='word_1_97' title='bbox 2807 670 3208 767; x_wconf 88' lang='grc' dir='ltr'><strong>ΛΟΓΟΣ</strong></span> <span class='ocrx_word' id='word_1_98' title='bbox 3311 673 3414 765; x_wconf 86' lang='lat' dir='ltr'>I’.</span> 
     </span>
    </p>
   </div>
   <div class='ocr_carea' id='block_1_20' title="bbox 2279 805 3941 877">
    <p class='ocr_par' dir='ltr' id='par_1_20' title="bbox 2279 805 3941 877">
     <span class='ocr_line' id='line_1_20' title="bbox 2279 805 3941 877; baseline 0.002 -18"><span class='ocrx_word' id='word_1_99' title='bbox 2279 806 2373 867; x_wconf 85' lang='grc' dir='ltr'>Εἷς</span> <span class='ocrx_word' id='word_1_100' title='bbox 2431 806 2615 860; x_wconf 73' lang='grc' dir='ltr'>ἑαυτὸν</span> <span class='ocrx_word' id='word_1_101' title='bbox 2672 808 2802 877; x_wconf 83' lang='grc'>(42),</span> <span class='ocrx_word' id='word_1_102' title='bbox 2858 805 2948 859; x_wconf 82' lang='grc' dir='ltr'>καὶ</span> <span class='ocrx_word' id='word_1_103' title='bbox 3022 806 3097 867; x_wconf 80' lang='grc' dir='ltr'>εἷς</span> <span class='ocrx_word' id='word_1_104' title='bbox 3172 805 3264 860; x_wconf 84' lang='grc' dir='ltr'>τὸν</span> <span class='ocrx_word' id='word_1_105' title='bbox 3340 806 3573 877; x_wconf 65' lang='grc' dir='ltr'>ποι-τέραΔ</span> <span class='ocrx_word' id='word_1_106' title='bbox 3617 807 3706 861; x_wconf 82' lang='grc' dir='ltr'>καὶ</span> <span class='ocrx_word' id='word_1_107' title='bbox 3776 808 3941 863; x_wconf 78' lang='grc' dir='ltr'>Βασί-</span> 
     </span>
    </p>
   </div>
   <div class='ocr_carea' id='block_1_21' title="bbox 2354 874 3939 965">
    <p class='ocr_par' dir='ltr' id='par_1_21' title="bbox 2354 874 3939 965">
     <span class='ocr_line' id='line_1_21' title="bbox 2354 874 3939 965; baseline 0.001 -33"><span class='ocrx_word' id='word_1_108' title='bbox 2354 877 2500 965; x_wconf 65' lang='grc' dir='ltr'>λειον</span> <span class='ocrx_word' id='word_1_109' title='bbox 2558 874 2687 931; x_wconf 77' lang='grc' dir='ltr'>τὸν</span> <span class='ocrx_word' id='word_1_110' title='bbox 2733 874 2923 951; x_wconf 72' lang='grc' dir='ltr'>μέγαν,</span> <span class='ocrx_word' id='word_1_111' title='bbox 3004 877 3138 948; x_wconf 80' lang='grc' dir='ltr'>μιτά</span> <span class='ocrx_word' id='word_1_112' title='bbox 3208 878 3307 946; x_wconf 77' lang='grc' dir='ltr'>τὴν</span> <span class='ocrx_word' id='word_1_113' title='bbox 3388 874 3649 933; x_wconf 77' lang='grc' dir='ltr'>ἐπάνοδον</span> <span class='ocrx_word' id='word_1_114' title='bbox 3722 879 3785 933; x_wconf 78' lang='grc' dir='ltr'>ἐκ</span> <span class='ocrx_word' id='word_1_115' title='bbox 3838 902 3939 958; x_wconf 67' lang='grc' dir='ltr'>φυ-</span> 
     </span>
    </p>
   </div>
   <div class='ocr_carea' id='block_1_22' title="bbox 2354 971 2480 1023">
    <p class='ocr_par' dir='ltr' id='par_1_22' title="bbox 2354 971 2480 1023">
     <span class='ocr_line' id='line_1_22' title="bbox 2354 971 2480 1023; baseline -0.048 -6"><span class='ocrx_word' id='word_1_116' title='bbox 2354 971 2480 1023; x_wconf 83' lang='grc' dir='ltr'>γης.</span> 
     </span>
    </p>
   </div>
   <div class='ocr_carea' id='block_1_23' title="bbox 2354 1052 3943 1133">
    <p class='ocr_par' dir='ltr' id='par_1_23' title="bbox 2354 1052 3943 1133">
     <span class='ocr_line' id='line_1_23' title="bbox 2354 1052 3943 1133; baseline 0.002 -25"><span class='ocrx_word' id='word_1_117' title='bbox 2354 1057 2433 1111; x_wconf 82' lang='grc' dir='ltr'>Δ’.</span> <span class='ocrx_word' id='word_1_118' title='bbox 2466 1052 2630 1109; x_wconf 75' lang='grc' dir='ltr'>Οὐδὲν</span> <span class='ocrx_word' id='word_1_119' title='bbox 2664 1052 3022 1130; x_wconf 72' lang='grc' dir='ltr'>ἰσχυρότερον</span> <span class='ocrx_word' id='word_1_120' title='bbox 3056 1056 3268 1128; x_wconf 79' lang='grc' dir='ltr'>γήρως,</span> <span class='ocrx_word' id='word_1_121' title='bbox 3299 1054 3387 1109; x_wconf 85' lang='grc' dir='ltr'>καὶ</span> <span class='ocrx_word' id='word_1_122' title='bbox 3417 1053 3571 1110; x_wconf 68' lang='grc' dir='ltr'>οὐδὲν</span> <span class='ocrx_word' id='word_1_123' title='bbox 3611 1055 3797 1133; x_wconf 77' lang='grc' dir='ltr'>φιλίας</span> <span class='ocrx_word' id='word_1_124' title='bbox 3860 1059 3943 1111; x_wconf 80' lang='grc' dir='ltr'>αἱ-</span> 
     </span>
    </p>
   </div>
   <div class='ocr_carea' id='block_1_24' title="bbox 2282 1141 3933 1220">
    <p class='ocr_par' dir='ltr' id='par_1_24' title="bbox 2282 1141 3933 1220">
     <span class='ocr_line' id='line_1_24' title="bbox 2282 1141 3933 1220; baseline 0.002 -22"><span class='ocrx_word' id='word_1_125' title='bbox 2282 1141 2670 1217; x_wconf 86' lang='grc' dir='ltr'>δεσιμώτερον,</span> <span class='ocrx_word' id='word_1_126' title='bbox 2722 1144 2852 1197; x_wconf 83' lang='grc' dir='ltr'>Ὑπὸ</span> <span class='ocrx_word' id='word_1_127' title='bbox 2899 1142 3106 1197; x_wconf 84' lang='grc' dir='ltr'>τούτων</span> <span class='ocrx_word' id='word_1_128' title='bbox 3151 1141 3333 1218; x_wconf 70' lang='grc' dir='ltr'>ἤχθην</span> <span class='ocrx_word' id='word_1_129' title='bbox 3389 1145 3515 1217; x_wconf 80' lang='grc' dir='ltr'>ὑμῖν</span> <span class='ocrx_word' id='word_1_130' title='bbox 3562 1145 3670 1220; x_wconf 75' lang='grc' dir='ltr'>ἐγὼ</span> <span class='ocrx_word' id='word_1_131' title='bbox 3704 1143 3933 1218; x_wconf 75' lang='grc' dir='ltr'>δέσμιος</span> 
     </span>
    </p>
   </div>
   <div class='ocr_carea' id='block_1_25' title="bbox 2281 1229 3947 1308">
    <p class='ocr_par' dir='ltr' id='par_1_25' title="bbox 2281 1229 3947 1308">
     <span class='ocr_line' id='line_1_25' title="bbox 2281 1229 3947 1308; baseline 0.002 -21"><span class='ocrx_word' id='word_1_132' title='bbox 2281 1232 2332 1287; x_wconf 71' lang='grc' dir='ltr'>ἰν</span> <span class='ocrx_word' id='word_1_133' title='bbox 2382 1237 2615 1308; x_wconf 77' lang='grc' dir='ltr'>Χριστῷ,</span> <span class='ocrx_word' id='word_1_134' title='bbox 2667 1229 2835 1293; x_wconf 79' lang='grc' dir='ltr'>δεθεὶς</span> <span class='ocrx_word' id='word_1_135' title='bbox 2886 1230 2985 1285; x_wconf 84' lang='grc' dir='ltr'>οὐκ</span> <span class='ocrx_word' id='word_1_136' title='bbox 3027 1231 3247 1287; x_wconf 75' lang='grc' dir='ltr'>ἁλύσεσι</span> <span class='ocrx_word' id='word_1_137' title='bbox 3293 1230 3565 1308; x_wconf 78' lang='grc' dir='ltr'>σιδηραῖς,</span> <span class='ocrx_word' id='word_1_138' title='bbox 3619 1232 3766 1289; x_wconf 82' lang='grc' dir='ltr'>ἀλλὰ</span> <span class='ocrx_word' id='word_1_139' title='bbox 3819 1241 3947 1298; x_wconf 90' lang='grc' dir='ltr'>τοῖς</span> 
     </span>
    </p>
   </div>
   <div class='ocr_carea' id='block_1_26' title="bbox 2279 1319 3942 1401">
    <p class='ocr_par' dir='ltr' id='par_1_26' title="bbox 2279 1319 3942 1401">
     <span class='ocr_line' id='line_1_26' title="bbox 2279 1319 3942 1401; baseline 0.002 -26"><span class='ocrx_word' id='word_1_140' title='bbox 2279 1321 2500 1383; x_wconf 85' lang='grc' dir='ltr'>ἀλύτοις</span> <span class='ocrx_word' id='word_1_141' title='bbox 2531 1319 2753 1393; x_wconf 81' lang='grc' dir='ltr'>δεσμοῖς</span> <span class='ocrx_word' id='word_1_142' title='bbox 2785 1325 2880 1374; x_wconf 76' lang='grc' dir='ltr'>τοῦ</span> <span class='ocrx_word' id='word_1_143' title='bbox 2913 1320 3248 1393; x_wconf 85' lang='grc' dir='ltr'>Πνεύματος.</span> <span class='ocrx_word' id='word_1_144' title='bbox 3280 1320 3425 1384; x_wconf 70' lang='grc' dir='ltr'>Τέως</span> <span class='ocrx_word' id='word_1_145' title='bbox 3458 1319 3515 1376; x_wconf 72' lang='grc' dir='ltr'>δὲ</span> <span class='ocrx_word' id='word_1_146' title='bbox 3566 1320 3724 1395; x_wconf 80' lang='grc' dir='ltr'>ᾤμην</span> <span class='ocrx_word' id='word_1_147' title='bbox 3777 1324 3942 1401; x_wconf 73' lang='grc' dir='ltr'>ἰσχυ-</span> 
     </span>
    </p>
   </div>
   <div class='ocr_carea' id='block_1_27' title="bbox 2282 1408 3949 1486">
    <p class='ocr_par' dir='ltr' id='par_1_27' title="bbox 2282 1408 3949 1486">
     <span class='ocr_line' id='line_1_27' title="bbox 2282 1408 3949 1486; baseline 0.002 -23"><span class='ocrx_word' id='word_1_148' title='bbox 2282 1412 2374 1486; x_wconf 86' lang='grc' dir='ltr'>ρὸς</span> <span class='ocrx_word' id='word_1_149' title='bbox 2410 1408 2543 1464; x_wconf 81' lang='grc' dir='ltr'>εἷναί</span> <span class='ocrx_word' id='word_1_150' title='bbox 2572 1431 2656 1471; x_wconf 89' lang='grc' dir='ltr'>τις</span> <span class='ocrx_word' id='word_1_151' title='bbox 2686 1408 2776 1463; x_wconf 87' lang='grc' dir='ltr'>καὶ</span> <span class='ocrx_word' id='word_1_152' title='bbox 2802 1409 3098 1479; x_wconf 81' lang='grc' dir='ltr'>ἀήττητος,</span> <span class='ocrx_word' id='word_1_153' title='bbox 3150 1410 3259 1480; x_wconf 83' lang='grc' dir='ltr'>καὶ,</span> <span class='ocrx_word' id='word_1_154' title='bbox 3312 1408 3356 1463; x_wconf 86' lang='grc' dir='ltr'>ὦ</span> <span class='ocrx_word' id='word_1_155' title='bbox 3398 1417 3497 1479; x_wconf 79' lang='grc' dir='ltr'>τῆς</span> <span class='ocrx_word' id='word_1_156' title='bbox 3549 1410 3802 1486; x_wconf 81' lang='grc' dir='ltr'>ἀλογίαςὲ</span> <span class='ocrx_word' id='word_1_157' title='bbox 3841 1412 3949 1467; x_wconf 69' lang='grc' dir='ltr'>οὐκ</span> 
     </span>
    </p>
   </div>
   <div class='ocr_carea' id='block_1_28' title="bbox 2282 1495 3938 1573">
    <p class='ocr_par' dir='ltr' id='par_1_28' title="bbox 2282 1495 3938 1573">
     <span class='ocr_line' id='line_1_28' title="bbox 2282 1495 3938 1573; baseline 0.002 -21"><span class='ocrx_word' id='word_1_158' title='bbox 2282 1496 2494 1553; x_wconf 66' lang='grc' dir='ltr'>ἐδίδουν</span> <span class='ocrx_word' id='word_1_159' title='bbox 2526 1497 2653 1560; x_wconf 82' lang='grc' dir='ltr'>τοὺς</span> <span class='ocrx_word' id='word_1_160' title='bbox 2685 1497 2885 1573; x_wconf 82' lang='grc' dir='ltr'>λόγους</span> <span class='ocrx_word' id='word_1_161' title='bbox 2914 1495 3039 1552; x_wconf 65' lang='grc' dir='ltr'>οὐδὲ</span> <span class='ocrx_word' id='word_1_162' title='bbox 3066 1503 3183 1559; x_wconf 91' lang='grc' dir='ltr'>τοῖς</span> <span class='ocrx_word' id='word_1_163' title='bbox 3214 1498 3370 1570; x_wconf 70' lang='grc' dir='ltr'>ἐμοῖς</span> <span class='ocrx_word' id='word_1_164' title='bbox 3422 1498 3668 1573; x_wconf 79' lang='grc' dir='ltr'>ἐρασταῖς</span> <span class='ocrx_word' id='word_1_165' title='bbox 3709 1500 3938 1562; x_wconf 76' lang='grc' dir='ltr'>τούτοις</span> 
     </span>
    </p>
   </div>
   <div class='ocr_carea' id='block_1_29' title="bbox 2280 1584 3946 1666">
    <p class='ocr_par' dir='ltr' id='par_1_29' title="bbox 2280 1584 3946 1666">
     <span class='ocr_line' id='line_1_29' title="bbox 2280 1584 3946 1666; baseline 0.001 -25"><span class='ocrx_word' id='word_1_166' title='bbox 2280 1588 2369 1641; x_wconf 85' lang='grc' dir='ltr'>καὶ</span> <span class='ocrx_word' id='word_1_167' title='bbox 2416 1584 2693 1664; x_wconf 82' lang='grc' dir='ltr'>αδελφοῖς,</span> <span class='ocrx_word' id='word_1_168' title='bbox 2737 1584 2809 1639; x_wconf 66' lang='grc' dir='ltr'>’ἶν’</span> <span class='ocrx_word' id='word_1_169' title='bbox 2860 1584 2976 1661; x_wconf 71' lang='grc' dir='ltr'>ἲχω</span> <span class='ocrx_word' id='word_1_170' title='bbox 3022 1587 3121 1655; x_wconf 80' lang='grc' dir='ltr'>τὴν</span> <span class='ocrx_word' id='word_1_171' title='bbox 3154 1586 3602 1661; x_wconf 83' lang='grc' dir='ltr'>ἀπραγμοσύνην,</span> <span class='ocrx_word' id='word_1_172' title='bbox 3635 1588 3723 1642; x_wconf 81' lang='grc' dir='ltr'>καὶ</span> <span class='ocrx_word' id='word_1_173' title='bbox 3751 1590 3814 1643; x_wconf 83' lang='grc' dir='ltr'>τὸ</span> <span class='ocrx_word' id='word_1_174' title='bbox 3847 1611 3946 1666; x_wconf 72' lang='grc' dir='ltr'>φι-</span> 
     </span>
    </p>
   </div>
   <div class='ocr_carea' id='block_1_30' title="bbox 2281 1673 3941 1753">
    <p class='ocr_par' dir='ltr' id='par_1_30' title="bbox 2281 1673 3941 1753">
     <span class='ocr_line' id='line_1_30' title="bbox 2281 1673 3941 1753; baseline 0.001 -22"><span class='ocrx_word' id='word_1_175' title='bbox 2281 1676 2536 1753; x_wconf 76' lang='grc' dir='ltr'>λοσοφεῖν</span> <span class='ocrx_word' id='word_1_176' title='bbox 2565 1675 2616 1729; x_wconf 79' lang='grc' dir='ltr'>ἐν</span> <span class='ocrx_word' id='word_1_177' title='bbox 2664 1677 2892 1751; x_wconf 80' lang='grc' dir='ltr'>ἡσυχίᾳ,</span> <span class='ocrx_word' id='word_1_178' title='bbox 2940 1676 3113 1730; x_wconf 85' lang='grc' dir='ltr'>πάντα</span> <span class='ocrx_word' id='word_1_179' title='bbox 3155 1673 3346 1751; x_wconf 79' lang='grc' dir='ltr'>παρείς</span> <span class='ocrx_word' id='word_1_180' title='bbox 3389 1682 3506 1737; x_wconf 87' lang='grc' dir='ltr'>τοῖς</span> <span class='ocrx_word' id='word_1_181' title='bbox 3557 1676 3941 1752; x_wconf 78' lang='grc' dir='ltr'>βουλομένοις,</span> 
     </span>
    </p>
   </div>
   <div class='ocr_carea' id='block_1_31' title="bbox 2281 1761 3943 1839">
    <p class='ocr_par' dir='ltr' id='par_1_31' title="bbox 2281 1761 3943 1839">
     <span class='ocr_line' id='line_1_31' title="bbox 2281 1761 3943 1839; baseline 0.002 -22"><span class='ocrx_word' id='word_1_182' title='bbox 2281 1764 2497 1837; x_wconf 83' lang='grc' dir='ltr'>ἐμαυτῴ</span> <span class='ocrx_word' id='word_1_183' title='bbox 2530 1761 2587 1817; x_wconf 77' lang='grc' dir='ltr'>δὲ</span> <span class='ocrx_word' id='word_1_184' title='bbox 2618 1767 2731 1838; x_wconf 83' lang='grc'>(43)</span> <span class='ocrx_word' id='word_1_185' title='bbox 2762 1762 3088 1839; x_wconf 83' lang='grc' dir='ltr'>προσλαλῶν</span> <span class='ocrx_word' id='word_1_186' title='bbox 3140 1764 3228 1818; x_wconf 82' lang='grc' dir='ltr'>καὶ</span> <span class='ocrx_word' id='word_1_187' title='bbox 3277 1768 3355 1835; x_wconf 80' lang='grc' dir='ltr'>τῷ</span> <span class='ocrx_word' id='word_1_188' title='bbox 3402 1763 3696 1837; x_wconf 84' lang='grc' dir='ltr'>Πνεύματι.</span> <span class='ocrx_word' id='word_1_189' title='bbox 3744 1766 3943 1821; x_wconf 83' lang='grc' dir='ltr'>Ἡλίου</span> 
     </span>
    </p>
   </div>
   <div class='ocr_carea' id='block_1_32' title="bbox 2280 1851 3939 1930">
    <p class='ocr_par' dir='ltr' id='par_1_32' title="bbox 2280 1851 3939 1930">
     <span class='ocr_line' id='line_1_32' title="bbox 2280 1851 3939 1930; baseline 0.001 -24"><span class='ocrx_word' id='word_1_190' title='bbox 2280 1852 2588 1929; x_wconf 81' lang='grc' dir='ltr'>περιενόουν</span> <span class='ocrx_word' id='word_1_191' title='bbox 2620 1853 2710 1906; x_wconf 88' lang='grc' dir='ltr'>τὸν</span> <span class='ocrx_word' id='word_1_192' title='bbox 2744 1851 3066 1927; x_wconf 77' lang='grc' dir='ltr'>Κάρμηλον,</span> <span class='ocrx_word' id='word_1_193' title='bbox 3109 1851 3199 1906; x_wconf 85' lang='grc' dir='ltr'>καὶ</span> <span class='ocrx_word' id='word_1_194' title='bbox 3252 1852 3500 1908; x_wconf 78' lang='grc' dir='ltr'>Ἰωάννου</span> <span class='ocrx_word' id='word_1_195' title='bbox 3546 1854 3645 1921; x_wconf 78' lang='grc' dir='ltr'>τὴν</span> <span class='ocrx_word' id='word_1_196' title='bbox 3697 1851 3939 1930; x_wconf 75' lang='grc' dir='ltr'>ἔρημον,</span> 
     </span>
    </p>
   </div>
   <div class='ocr_carea' id='block_1_33' title="bbox 2280 1939 3945 2018">
    <p class='ocr_par' dir='ltr' id='par_1_33' title="bbox 2280 1939 3945 2018">
     <span class='ocr_line' id='line_1_33' title="bbox 2280 1939 3945 2018; baseline 0.002 -23"><span class='ocrx_word' id='word_1_197' title='bbox 2280 1942 2507 1995; x_wconf 80' lang='grc' dir='ltr'>καὶτῶν</span> <span class='ocrx_word' id='word_1_198' title='bbox 2551 1939 2693 1995; x_wconf 76' lang='grc' dir='ltr'>οὕτω</span> <span class='ocrx_word' id='word_1_199' title='bbox 2752 1939 3197 2018; x_wconf 72' lang='grc' dir='ltr'>φιλοσοφούντων</span> <span class='ocrx_word' id='word_1_200' title='bbox 3254 1942 3317 1996; x_wconf 90' lang='grc' dir='ltr'>τὸ</span> <span class='ocrx_word' id='word_1_201' title='bbox 3376 1941 3739 2017; x_wconf 84' lang='grc' dir='ltr'>ὑπερκὸσμιον</span> <span class='ocrx_word' id='word_1_202' title='bbox 3775 1963 3788 1975; x_wconf 65' lang='grc' dir='ltr'>δ</span> <span class='ocrx_word' id='word_1_203' title='bbox 3847 1945 3945 1998; x_wconf 87' lang='grc' dir='ltr'>καὶ</span> 
     </span>
    </p>
   </div>
   <div class='ocr_carea' id='block_1_34' title="bbox 520 2019 2173 2107">
    <p class='ocr_par' dir='ltr' id='par_1_34' title="bbox 520 2032 2173 2106">
     <span class='ocr_line' id='line_1_34' title="bbox 520 2032 2173 2106; baseline -0.004 -14"><span class='ocrx_word' id='word_1_204' title='bbox 520 2035 812 2092; x_wconf 83' lang='lat' dir='ltr'>ccelestem</span> <span class='ocrx_word' id='word_1_205' title='bbox 844 2051 1069 2101; x_wconf 90' lang='lat' dir='ltr'>eorum,</span> <span class='ocrx_word' id='word_1_206' title='bbox 1094 2035 1194 2105; x_wconf 90' lang='lat' dir='ltr'>qui</span> <span class='ocrx_word' id='word_1_207' title='bbox 1228 2034 1337 2089; x_wconf 91' lang='lat' dir='ltr'>hoc</span> <span class='ocrx_word' id='word_1_208' title='bbox 1369 2034 1751 2106; x_wconf 77' lang='lat' dir='ltr'>phiIOSOphiae</span> <span class='ocrx_word' id='word_1_209' title='bbox 1784 2049 1968 2105; x_wconf 86' lang='lat' dir='ltr'>genus</span> <span class='ocrx_word' id='word_1_210' title='bbox 2000 2032 2173 2103; x_wconf 87' lang='lat' dir='ltr'>proﬁ-</span> 
     </span>
    </p>
   </div>
   <div class='ocr_carea' id='block_1_35' title="bbox 2281 2019 3941 2107">
    <p class='ocr_par' dir='ltr' id='par_1_35' title="bbox 2286 2028 3941 2107">
     <span class='ocr_line' id='line_1_35' title="bbox 2286 2028 3941 2107; baseline 0.001 -23"><span class='ocrx_word' id='word_1_211' title='bbox 2286 2028 2453 2099; x_wconf 74' lang='grc' dir='ltr'>ζάλην</span> <span class='ocrx_word' id='word_1_212' title='bbox 2498 2031 2564 2084; x_wconf 79' lang='grc' dir='ltr'>τὰ</span> <span class='ocrx_word' id='word_1_213' title='bbox 2623 2029 2864 2105; x_wconf 83' lang='grc' dir='ltr'>παρόντα</span> <span class='ocrx_word' id='word_1_214' title='bbox 2915 2029 3186 2104; x_wconf 80' lang='grc' dir='ltr'>ἐνόμιζον,</span> <span class='ocrx_word' id='word_1_215' title='bbox 3246 2029 3335 2086; x_wconf 77' lang='grc' dir='ltr'>καί</span> <span class='ocrx_word' id='word_1_216' title='bbox 3383 2033 3582 2107; x_wconf 73' lang='grc' dir='ltr'>πέτραν</span> <span class='ocrx_word' id='word_1_217' title='bbox 3636 2032 3757 2086; x_wconf 74' lang='grc' dir='ltr'>τινὰ</span> <span class='ocrx_word' id='word_1_218' title='bbox 3805 2031 3941 2103; x_wconf 70' lang='grc' dir='ltr'>ἐζή-</span> 
     </span>
    </p>
   </div>
   <div class='ocr_carea' id='block_1_36' title="bbox 517 2124 2168 2195">
    <p class='ocr_par' dir='ltr' id='par_1_36' title="bbox 517 2124 2168 2195">
     <span class='ocr_line' id='line_1_36' title="bbox 517 2124 2168 2195; baseline -0.001 -17"><span class='ocrx_word' id='word_1_219' title='bbox 517 2129 737 2191; x_wconf 89' lang='lat' dir='ltr'>tentur,</span> <span class='ocrx_word' id='word_1_220' title='bbox 794 2124 1022 2179; x_wconf 86' lang='lat' dir='ltr'>vivendi</span> <span class='ocrx_word' id='word_1_221' title='bbox 1077 2124 1363 2179; x_wconf 86' lang='lat' dir='ltr'>rationem</span> <span class='ocrx_word' id='word_1_222' title='bbox 1399 2140 1411 2179; x_wconf 93' lang='lat'>:</span> <span class='ocrx_word' id='word_1_223' title='bbox 1447 2128 1620 2195; x_wconf 89' lang='lat' dir='ltr'>atque</span> <span class='ocrx_word' id='word_1_224' title='bbox 1680 2139 1771 2178; x_wconf 83' lang='lat' dir='ltr'>res</span> <span class='ocrx_word' id='word_1_225' title='bbox 1833 2126 2168 2193; x_wconf 68' lang='lat' dir='ltr'>praesentes,</span> 
     </span>
    </p>
   </div>
   <div class='ocr_carea' id='block_1_37' title="bbox 519 2212 2168 2284">
    <p class='ocr_par' dir='ltr' id='par_1_37' title="bbox 519 2212 2168 2284">
     <span class='ocr_line' id='line_1_37' title="bbox 519 2212 2168 2284; baseline -0.002 -15"><span class='ocrx_word' id='word_1_226' title='bbox 519 2214 886 2284; x_wconf 85' lang='lat' dir='ltr'>tempestatis</span> <span class='ocrx_word' id='word_1_227' title='bbox 918 2213 1647 2281; x_wconf 82' lang='lat' dir='ltr'>instar,existimabam,ac</span> <span class='ocrx_word' id='word_1_228' title='bbox 1667 2228 1869 2283; x_wconf 88' lang='lat' dir='ltr'>rupem</span> <span class='ocrx_word' id='word_1_229' title='bbox 1889 2212 2168 2282; x_wconf 88' lang='lat' dir='ltr'>aliquam,</span> 
     </span>
    </p>
   </div>
   <div class='ocr_carea' id='block_1_38' title="bbox 518 2301 2170 2374">
    <p class='ocr_par' dir='ltr' id='par_1_38' title="bbox 518 2301 2170 2374">
     <span class='ocr_line' id='line_1_38' title="bbox 518 2301 2170 2374; baseline -0.001 -18"><span class='ocrx_word' id='word_1_230' title='bbox 518 2307 621 2357; x_wconf 89' lang='lat' dir='ltr'>aut</span> <span class='ocrx_word' id='word_1_231' title='bbox 651 2307 1012 2374; x_wconf 60' lang='lat' dir='ltr'>prasruptum</span> <span class='ocrx_word' id='word_1_232' title='bbox 1044 2302 1584 2373; x_wconf 90' lang='lat' dir='ltr'>quemdamlocum,</span> <span class='ocrx_word' id='word_1_233' title='bbox 1610 2306 1712 2357; x_wconf 90' lang='lat' dir='ltr'>aut</span> <span class='ocrx_word' id='word_1_234' title='bbox 1742 2301 2017 2371; x_wconf 84' lang='lat' dir='ltr'>exiguum</span> <span class='ocrx_word' id='word_1_235' title='bbox 2041 2318 2170 2355; x_wconf 91' lang='lat' dir='ltr'>mu-</span> 
     </span>
    </p>
   </div>
   <div class='ocr_carea' id='block_1_39' title="bbox 518 2390 2168 2462">
    <p class='ocr_par' dir='ltr' id='par_1_39' title="bbox 518 2390 2168 2462">
     <span class='ocr_line' id='line_1_39' title="bbox 518 2390 2168 2462; baseline -0.002 -16"><span class='ocrx_word' id='word_1_236' title='bbox 518 2408 651 2446; x_wconf 91' lang='lat' dir='ltr'>rum</span> <span class='ocrx_word' id='word_1_237' title='bbox 683 2392 1125 2462; x_wconf 88' lang='lat' dir='ltr'>conquirebam,</span> <span class='ocrx_word' id='word_1_238' title='bbox 1156 2391 1371 2460; x_wconf 90' lang='lat' dir='ltr'>quibus</span> <span class='ocrx_word' id='word_1_239' title='bbox 1394 2392 1586 2462; x_wconf 87' lang='lat' dir='ltr'>obtegi</span> <span class='ocrx_word' id='word_1_240' title='bbox 1619 2390 2168 2461; x_wconf 87' lang='lat' dir='ltr'>possem.Aliorum,</span> 
     </span>
    </p>
   </div>
   <div class='ocr_carea' id='block_1_40' title="bbox 517 2478 2173 2551">
    <p class='ocr_par' dir='ltr' id='par_1_40' title="bbox 517 2478 2173 2551">
     <span class='ocr_line' id='line_1_40' title="bbox 517 2478 2173 2551; baseline -0.001 -16"><span class='ocrx_word' id='word_1_241' title='bbox 517 2479 1005 2551; x_wconf 87' lang='lat' dir='ltr'>inquiebam,sint</span> <span class='ocrx_word' id='word_1_242' title='bbox 1034 2478 1262 2534; x_wconf 85' lang='lat' dir='ltr'>labores</span> <span class='ocrx_word' id='word_1_243' title='bbox 1293 2482 1347 2533; x_wconf 90' lang='lat' dir='ltr'>et</span> <span class='ocrx_word' id='word_1_244' title='bbox 1378 2479 1904 2542; x_wconf 88' lang='lat' dir='ltr'>honores,aliorum</span> <span class='ocrx_word' id='word_1_245' title='bbox 1939 2478 2086 2533; x_wconf 90' lang='lat' dir='ltr'>bella</span> <span class='ocrx_word' id='word_1_246' title='bbox 2116 2482 2173 2533; x_wconf 87' lang='lat' dir='ltr'>et</span> 
     </span>
    </p>
   </div>
   <div class='ocr_carea' id='block_1_41' title="bbox 518 2568 2168 2641">
    <p class='ocr_par' dir='ltr' id='par_1_41' title="bbox 518 2568 2168 2641">
     <span class='ocr_line' id='line_1_41' title="bbox 518 2568 2168 2641; baseline -0.001 -18"><span class='ocrx_word' id='word_1_247' title='bbox 518 2569 760 2641; x_wconf 66' lang='lat' dir='ltr'>palmis:</span> <span class='ocrx_word' id='word_1_248' title='bbox 795 2568 941 2623; x_wconf 91' lang='lat' dir='ltr'>mihi</span> <span class='ocrx_word' id='word_1_249' title='bbox 973 2572 1168 2622; x_wconf 89' lang='lat' dir='ltr'>autem</span> <span class='ocrx_word' id='word_1_250' title='bbox 1192 2568 1299 2623; x_wconf 89' lang='lat' dir='ltr'>hoc</span> <span class='ocrx_word' id='word_1_251' title='bbox 1334 2568 1609 2634; x_wconf 81' lang='lat' dir='ltr'>sufﬁciat,</span> <span class='ocrx_word' id='word_1_252' title='bbox 1644 2573 1705 2622; x_wconf 90' lang='lat' dir='ltr'>ut</span> <span class='ocrx_word' id='word_1_253' title='bbox 1736 2568 1886 2622; x_wconf 87' lang='lat' dir='ltr'>bella</span> <span class='ocrx_word' id='word_1_254' title='bbox 1918 2568 2168 2639; x_wconf 76' lang='lat' dir='ltr'>fugiens,</span> 
     </span>
    </p>
   </div>
   <div class='ocr_carea' id='block_1_42' title="bbox 520 2656 2171 2729">
    <p class='ocr_par' dir='ltr' id='par_1_42' title="bbox 520 2656 2171 2729">
     <span class='ocr_line' id='line_1_42' title="bbox 520 2656 2171 2729; baseline -0.001 -17"><span class='ocrx_word' id='word_1_255' title='bbox 520 2663 697 2728; x_wconf 85' lang='lat' dir='ltr'>atque</span> <span class='ocrx_word' id='word_1_256' title='bbox 730 2657 930 2712; x_wconf 90' lang='lat' dir='ltr'>oculos</span> <span class='ocrx_word' id='word_1_257' title='bbox 970 2657 1029 2710; x_wconf 93' lang='lat' dir='ltr'>in</span> <span class='ocrx_word' id='word_1_258' title='bbox 1060 2658 1351 2729; x_wconf 90' lang='lat' dir='ltr'>meipsum</span> <span class='ocrx_word' id='word_1_259' title='bbox 1387 2656 1727 2727; x_wconf 87' lang='lat' dir='ltr'>conjiciens,</span> <span class='ocrx_word' id='word_1_260' title='bbox 1761 2656 1843 2711; x_wconf 92' lang='lat' dir='ltr'>sic</span> <span class='ocrx_word' id='word_1_261' title='bbox 1874 2656 2072 2721; x_wconf 91' lang='lat' dir='ltr'>vitam,</span> <span class='ocrx_word' id='word_1_262' title='bbox 2108 2662 2171 2711; x_wconf 90' lang='lat' dir='ltr'>ut</span> 
     </span>
    </p>
   </div>
   <div class='ocr_carea' id='block_1_43' title="bbox 522 2745 2168 2819">
    <p class='ocr_par' dir='ltr' id='par_1_43' title="bbox 522 2745 2168 2819">
     <span class='ocr_line' id='line_1_43' title="bbox 522 2745 2168 2819; baseline -0.001 -18"><span class='ocrx_word' id='word_1_263' title='bbox 522 2751 745 2819; x_wconf 89' lang='lat' dir='ltr'>potero,</span> <span class='ocrx_word' id='word_1_264' title='bbox 777 2745 1098 2814; x_wconf 89' lang='lat' dir='ltr'>instituam,</span> <span class='ocrx_word' id='word_1_265' title='bbox 1139 2746 1296 2801; x_wconf 90' lang='lat' dir='ltr'>velut</span> <span class='ocrx_word' id='word_1_266' title='bbox 1339 2746 1499 2800; x_wconf 86' lang='lat' dir='ltr'>tenui</span> <span class='ocrx_word' id='word_1_267' title='bbox 1554 2750 1674 2800; x_wconf 87' lang='lat' dir='ltr'>rate</span> <span class='ocrx_word' id='word_1_268' title='bbox 1723 2762 1965 2816; x_wconf 86' lang='lat' dir='ltr'>parvum</span> <span class='ocrx_word' id='word_1_269' title='bbox 1988 2747 2168 2815; x_wconf 87' lang='lat' dir='ltr'>quod-</span> 
     </span>
    </p>
   </div>
   <div class='ocr_carea' id='block_1_44' title="bbox 521 2834 2168 2907">
    <p class='ocr_par' dir='ltr' id='par_1_44' title="bbox 521 2834 2168 2907">
     <span class='ocr_line' id='line_1_44' title="bbox 521 2834 2168 2907; baseline 0 -18"><span class='ocrx_word' id='word_1_270' title='bbox 521 2835 658 2890; x_wconf 90' lang='lat' dir='ltr'>dam</span> <span class='ocrx_word' id='word_1_271' title='bbox 690 2834 933 2907; x_wconf 85' lang='lat' dir='ltr'>pelagus</span> <span class='ocrx_word' id='word_1_272' title='bbox 965 2834 1286 2905; x_wconf 86' lang='lat' dir='ltr'>trajiciens,</span> <span class='ocrx_word' id='word_1_273' title='bbox 1310 2851 1375 2890; x_wconf 84' lang='lat' dir='ltr'>ac</span> <span class='ocrx_word' id='word_1_274' title='bbox 1407 2851 1509 2906; x_wconf 90' lang='lat' dir='ltr'>per</span> <span class='ocrx_word' id='word_1_275' title='bbox 1548 2835 1782 2906; x_wconf 88' lang='lat' dir='ltr'>inopem</span> <span class='ocrx_word' id='word_1_276' title='bbox 1814 2838 1869 2889; x_wconf 90' lang='lat' dir='ltr'>et</span> <span class='ocrx_word' id='word_1_277' title='bbox 1901 2834 2168 2905; x_wconf 83' lang='lat' dir='ltr'>exiguam</span> 
     </span>
    </p>
   </div>
   <div class='ocr_carea' id='block_1_45' title="bbox 517 2922 2169 2995">
    <p class='ocr_par' dir='ltr' id='par_1_45' title="bbox 517 2922 2169 2995">
     <span class='ocr_line' id='line_1_45' title="bbox 517 2922 2169 2995; baseline -0.001 -16"><span class='ocrx_word' id='word_1_278' title='bbox 517 2922 652 2980; x_wconf 86' lang='lat' dir='ltr'>vitae</span> <span class='ocrx_word' id='word_1_279' title='bbox 676 2924 1056 2992; x_wconf 80' lang='lat' dir='ltr'>iunctionem,</span> <span class='ocrx_word' id='word_1_280' title='bbox 1088 2941 1325 2995; x_wconf 86' lang='lat' dir='ltr'>parvam</span> <span class='ocrx_word' id='word_1_281' title='bbox 1362 2924 1419 2978; x_wconf 94' lang='lat' dir='ltr'>in</span> <span class='ocrx_word' id='word_1_282' title='bbox 1446 2924 1625 2980; x_wconf 84' lang='lat' dir='ltr'>altero</span> <span class='ocrx_word' id='word_1_283' title='bbox 1655 2942 1772 2979; x_wconf 77' lang='lat' dir='ltr'>aevo</span> <span class='ocrx_word' id='word_1_284' title='bbox 1802 2924 2169 2979; x_wconf 80' lang='lat' dir='ltr'>mansionem</span> 
     </span>
    </p>
   </div>
   <div class='ocr_carea' id='block_1_46' title="bbox 2276 2119 3943 2196">
    <p class='ocr_par' dir='ltr' id='par_1_46' title="bbox 2276 2119 3943 2196">
     <span class='ocr_line' id='line_1_46' title="bbox 2276 2119 3943 2196; baseline 0.002 -23"><span class='ocrx_word' id='word_1_285' title='bbox 2276 2141 2425 2192; x_wconf 84' lang='grc' dir='ltr'>τουν,</span> <span class='ocrx_word' id='word_1_286' title='bbox 2458 2121 2492 2189; x_wconf 81' lang='grc' dir='ltr'>ἢ</span> <span class='ocrx_word' id='word_1_287' title='bbox 2538 2120 2809 2193; x_wconf 87' lang='grc' dir='ltr'>κρημνὸν,</span> <span class='ocrx_word' id='word_1_288' title='bbox 2854 2121 2887 2189; x_wconf 84' lang='grc' dir='ltr'>ἣ</span> <span class='ocrx_word' id='word_1_289' title='bbox 2938 2119 3163 2195; x_wconf 62' lang='grc' dir='ltr'>τειχίον,</span> <span class='ocrx_word' id='word_1_290' title='bbox 3213 2121 3298 2196; x_wconf 76' lang='grc' dir='ltr'>ὑφ’</span> <span class='ocrx_word' id='word_1_291' title='bbox 3340 2120 3419 2183; x_wconf 77' lang='grc' dir='ltr'>οἶς</span> <span class='ocrx_word' id='word_1_292' title='bbox 3467 2123 3943 2195; x_wconf 71' lang='grc' dir='ltr'>σκεπασθήσομαι.</span> 
     </span>
    </p>
   </div>
   <div class='ocr_carea' id='block_1_47' title="bbox 2280 2205 3945 2284">
    <p class='ocr_par' dir='ltr' id='par_1_47' title="bbox 2280 2205 3945 2284">
     <span class='ocr_line' id='line_1_47' title="bbox 2280 2205 3945 2284; baseline 0.002 -22"><span class='ocrx_word' id='word_1_293' title='bbox 2280 2207 2525 2280; x_wconf 78' lang='grc' dir='ltr'>’Δλλων,</span> <span class='ocrx_word' id='word_1_294' title='bbox 2557 2206 2764 2284; x_wconf 78' lang='grc' dir='ltr'>ἔλεγον.</span> <span class='ocrx_word' id='word_1_295' title='bbox 2816 2205 3048 2263; x_wconf 80' lang='grc' dir='ltr'>ἔστωσαν</span> <span class='ocrx_word' id='word_1_296' title='bbox 3094 2210 3150 2263; x_wconf 77' lang='grc' dir='ltr'>αἱ</span> <span class='ocrx_word' id='word_1_297' title='bbox 3196 2209 3353 2282; x_wconf 85' lang='grc' dir='ltr'>τιμαὶ</span> <span class='ocrx_word' id='word_1_298' title='bbox 3402 2210 3492 2264; x_wconf 82' lang='grc' dir='ltr'>καὶ</span> <span class='ocrx_word' id='word_1_299' title='bbox 3536 2212 3590 2265; x_wconf 80' lang='grc' dir='ltr'>οἱ</span> <span class='ocrx_word' id='word_1_300' title='bbox 3620 2210 3807 2279; x_wconf 86' lang='grc' dir='ltr'>πόνοι,</span> <span class='ocrx_word' id='word_1_301' title='bbox 3839 2211 3945 2266; x_wconf 72' lang='grc' dir='ltr'>ἄλο</span> 
     </span>
    </p>
   </div>
   <div class='ocr_carea' id='block_1_48' title="bbox 2281 2296 3940 2373">
    <p class='ocr_par' dir='ltr' id='par_1_48' title="bbox 2281 2296 3940 2373">
     <span class='ocr_line' id='line_1_48' title="bbox 2281 2296 3940 2373; baseline 0.001 -21"><span class='ocrx_word' id='word_1_302' title='bbox 2281 2296 2391 2352; x_wconf 92' lang='grc' dir='ltr'>λων</span> <span class='ocrx_word' id='word_1_303' title='bbox 2447 2299 2499 2352; x_wconf 74' lang='grc' dir='ltr'>οἱ</span> <span class='ocrx_word' id='word_1_304' title='bbox 2546 2296 2784 2370; x_wconf 83' lang='grc' dir='ltr'>πόλεμοι</span> <span class='ocrx_word' id='word_1_305' title='bbox 2837 2297 2926 2351; x_wconf 84' lang='grc' dir='ltr'>καὶ</span> <span class='ocrx_word' id='word_1_306' title='bbox 2972 2299 3038 2351; x_wconf 78' lang='grc' dir='ltr'>τὰ</span> <span class='ocrx_word' id='word_1_307' title='bbox 3085 2300 3414 2372; x_wconf 80' lang='grc' dir='ltr'>νικητήρια’</span> <span class='ocrx_word' id='word_1_308' title='bbox 3458 2298 3582 2371; x_wconf 81' lang='grc' dir='ltr'>ἐμοὶ</span> <span class='ocrx_word' id='word_1_309' title='bbox 3614 2296 3671 2353; x_wconf 72' lang='grc' dir='ltr'>δὲ</span> <span class='ocrx_word' id='word_1_310' title='bbox 3698 2298 3940 2373; x_wconf 72' lang='grc' dir='ltr'>ἀρκείτω</span> 
     </span>
    </p>
   </div>
   <div class='ocr_carea' id='block_1_49' title="bbox 2281 2385 3936 2466">
    <p class='ocr_par' dir='ltr' id='par_1_49' title="bbox 2281 2385 3936 2466">
     <span class='ocr_line' id='line_1_49' title="bbox 2281 2385 3936 2466; baseline 0.002 -26"><span class='ocrx_word' id='word_1_311' title='bbox 2281 2386 2535 2466; x_wconf 82' lang='grc' dir='ltr'>φεύγοντι</span> <span class='ocrx_word' id='word_1_312' title='bbox 2580 2385 2706 2448; x_wconf 81' lang='grc' dir='ltr'>τοὺς</span> <span class='ocrx_word' id='word_1_313' title='bbox 2756 2385 3056 2459; x_wconf 77' lang='grc' dir='ltr'>πολέμους,</span> <span class='ocrx_word' id='word_1_314' title='bbox 3106 2387 3180 2448; x_wconf 86' lang='grc' dir='ltr'>εἷς</span> <span class='ocrx_word' id='word_1_315' title='bbox 3228 2386 3456 2459; x_wconf 79' lang='grc' dir='ltr'>ἐμαυτὸν</span> <span class='ocrx_word' id='word_1_316' title='bbox 3524 2387 3782 2463; x_wconf 75' lang='grc' dir='ltr'>βλέποντι</span> <span class='ocrx_word' id='word_1_317' title='bbox 3837 2388 3936 2462; x_wconf 74' lang='grc' dir='ltr'>ζῇν</span> 
     </span>
    </p>
   </div>
   <div class='ocr_carea' id='block_1_50' title="bbox 2281 2473 3942 2553">
    <p class='ocr_par' dir='ltr' id='par_1_50' title="bbox 2281 2473 3942 2553">
     <span class='ocr_line' id='line_1_50' title="bbox 2281 2473 3942 2553; baseline 0.001 -23"><span class='ocrx_word' id='word_1_318' title='bbox 2281 2476 2476 2546; x_wconf 75' lang='grc' dir='ltr'>οὕτως,</span> <span class='ocrx_word' id='word_1_319' title='bbox 2509 2474 2657 2538; x_wconf 81' lang='grc' dir='ltr'>ὅπως</span> <span class='ocrx_word' id='word_1_320' title='bbox 2690 2474 2749 2529; x_wconf 79' lang='grc' dir='ltr'>ἂν</span> <span class='ocrx_word' id='word_1_321' title='bbox 2803 2473 3067 2548; x_wconf 83' lang='grc' dir='ltr'>δύνωμαι,</span> <span class='ocrx_word' id='word_1_322' title='bbox 3116 2477 3354 2551; x_wconf 81' lang='grc' dir='ltr'>καθάπερ</span> <span class='ocrx_word' id='word_1_323' title='bbox 3414 2475 3502 2531; x_wconf 74' lang='grc' dir='ltr'>ἐπὶ</span> <span class='ocrx_word' id='word_1_324' title='bbox 3554 2484 3759 2546; x_wconf 80' lang='grc' dir='ltr'>Λεπτῆς</span> <span class='ocrx_word' id='word_1_325' title='bbox 3807 2498 3942 2553; x_wconf 81' lang='grc' dir='ltr'>σχε-</span> 
     </span>
    </p>
   </div>
   <div class='ocr_carea' id='block_1_51' title="bbox 2280 2563 3936 2641">
    <p class='ocr_par' dir='ltr' id='par_1_51' title="bbox 2280 2563 3936 2641">
     <span class='ocr_line' id='line_1_51' title="bbox 2280 2563 3936 2641; baseline 0 -22"><span class='ocrx_word' id='word_1_326' title='bbox 2280 2563 2397 2626; x_wconf 83' lang='grc' dir='ltr'>δίας</span> <span class='ocrx_word' id='word_1_327' title='bbox 2427 2563 2896 2638; x_wconf 78' lang='grc' dir='ltr'>διαπεραιουμὲνῳ</span> <span class='ocrx_word' id='word_1_328' title='bbox 2931 2564 3120 2639; x_wconf 87' lang='grc' dir='ltr'>μικρόν</span> <span class='ocrx_word' id='word_1_329' title='bbox 3168 2585 3220 2618; x_wconf 91' lang='grc' dir='ltr'>τι</span> <span class='ocrx_word' id='word_1_330' title='bbox 3270 2563 3543 2640; x_wconf 69' lang='grc' dir='ltr'>πέλαγος·</span> <span class='ocrx_word' id='word_1_331' title='bbox 3594 2567 3685 2619; x_wconf 84' lang='grc' dir='ltr'>καὶ</span> <span class='ocrx_word' id='word_1_332' title='bbox 3738 2566 3936 2641; x_wconf 79' lang='grc' dir='ltr'>μικρὸν</span> 
     </span>
    </p>
   </div>
   <div class='ocr_carea' id='block_1_52' title="bbox 2276 2652 3943 2728">
    <p class='ocr_par' dir='ltr' id='par_1_52' title="bbox 2276 2652 3943 2728">
     <span class='ocr_line' id='line_1_52' title="bbox 2276 2652 3943 2728; baseline 0.002 -20"><span class='ocrx_word' id='word_1_333' title='bbox 2276 2655 2375 2722; x_wconf 75' lang='grc' dir='ltr'>τὴν</span> <span class='ocrx_word' id='word_1_334' title='bbox 2409 2652 2605 2707; x_wconf 77' lang='grc' dir='ltr'>ἐκεῖθεν</span> <span class='ocrx_word' id='word_1_335' title='bbox 2643 2653 2833 2725; x_wconf 81' lang='grc' dir='ltr'>μονὴν,</span> <span class='ocrx_word' id='word_1_336' title='bbox 2864 2655 2943 2723; x_wconf 80' lang='grc' dir='ltr'>τῷ</span> <span class='ocrx_word' id='word_1_337' title='bbox 2991 2657 3239 2728; x_wconf 81' lang='grc' dir='ltr'>πενιχρῷ</span> <span class='ocrx_word' id='word_1_338' title='bbox 3269 2655 3381 2725; x_wconf 88' lang='grc'>(44)</span> <span class='ocrx_word' id='word_1_339' title='bbox 3428 2660 3530 2723; x_wconf 84' lang='grc' dir='ltr'>τῆς</span> <span class='ocrx_word' id='word_1_340' title='bbox 3560 2654 3795 2708; x_wconf 71' lang='grc' dir='ltr'>ἐντεῦθεν</span> <span class='ocrx_word' id='word_1_341' title='bbox 3828 2677 3943 2711; x_wconf 87' lang='grc' dir='ltr'>πο-</span> 
     </span>
    </p>
   </div>
   <div class='ocr_carea' id='block_1_53' title="bbox 2280 2740 3938 2821">
    <p class='ocr_par' dir='ltr' id='par_1_53' title="bbox 2280 2740 3938 2821">
     <span class='ocr_line' id='line_1_53' title="bbox 2280 2740 3938 2821; baseline 0.001 -25"><span class='ocrx_word' id='word_1_342' title='bbox 2280 2741 2482 2803; x_wconf 83' lang='grc' dir='ltr'>λιτείας</span> <span class='ocrx_word' id='word_1_343' title='bbox 2558 2740 2979 2813; x_wconf 80' lang='grc' dir='ltr'>κατακτωμένῳ.</span> <span class='ocrx_word' id='word_1_344' title='bbox 3054 2740 3461 2817; x_wconf 79' lang='grc' dir='ltr'>Ταπεινοτὲρων</span> <span class='ocrx_word' id='word_1_345' title='bbox 3523 2746 3625 2814; x_wconf 68' lang='grc'>(45)</span> <span class='ocrx_word' id='word_1_346' title='bbox 3686 2744 3714 2797; x_wconf 83' lang='grc' dir='ltr'>ὁ</span> <span class='ocrx_word' id='word_1_347' title='bbox 3774 2743 3938 2821; x_wconf 83' lang='grc' dir='ltr'>λογι-</span> 
     </span>
    </p>
   </div>
   <div class='ocr_carea' id='block_1_54' title="bbox 2281 2828 3937 2909">
    <p class='ocr_par' dir='ltr' id='par_1_54' title="bbox 2281 2828 3937 2909">
     <span class='ocr_line' id='line_1_54' title="bbox 2281 2828 3937 2909; baseline 0.002 -24"><span class='ocrx_word' id='word_1_348' title='bbox 2281 2832 2418 2905; x_wconf 90' lang='grc' dir='ltr'>σμὸς</span> <span class='ocrx_word' id='word_1_349' title='bbox 2470 2830 2632 2900; x_wconf 72' lang='grc' dir='ltr'>’ίσως,</span> <span class='ocrx_word' id='word_1_350' title='bbox 2691 2828 2817 2885; x_wconf 84' lang='grc' dir='ltr'>ἀλλ’</span> <span class='ocrx_word' id='word_1_351' title='bbox 2877 2830 2966 2884; x_wconf 84' lang='grc' dir='ltr'>οὗν</span> <span class='ocrx_word' id='word_1_352' title='bbox 3026 2829 3473 2909; x_wconf 57' lang='grc' dir='ltr'>ἀσφαλεστέρων</span> <span class='ocrx_word' id='word_1_353' title='bbox 3518 2829 3638 2886; x_wconf 70' lang='grc' dir='ltr'>’ἶσον</span> <span class='ocrx_word' id='word_1_354' title='bbox 3683 2836 3796 2908; x_wconf 79' lang='grc'>(46)</span> <span class='ocrx_word' id='word_1_355' title='bbox 3830 2834 3937 2888; x_wconf 79' lang='grc' dir='ltr'>ἄπ-</span> 
     </span>
    </p>
   </div>
   <div class='ocr_carea' id='block_1_55' title="bbox 2279 2918 3217 2995">
    <p class='ocr_par' dir='ltr' id='par_1_55' title="bbox 2279 2918 3217 2995">
     <span class='ocr_line' id='line_1_55' title="bbox 2279 2918 3217 2995; baseline 0.001 -20"><span class='ocrx_word' id='word_1_356' title='bbox 2279 2920 2425 2995; x_wconf 75' lang='grc' dir='ltr'>ἑχειν</span> <span class='ocrx_word' id='word_1_357' title='bbox 2458 2921 2547 2975; x_wconf 84' lang='grc' dir='ltr'>καὶ</span> <span class='ocrx_word' id='word_1_358' title='bbox 2581 2920 2750 2995; x_wconf 68' lang='grc' dir='ltr'>ὕψους</span> <span class='ocrx_word' id='word_1_359' title='bbox 2782 2918 2871 2974; x_wconf 85' lang='grc' dir='ltr'>καὶ</span> <span class='ocrx_word' id='word_1_360' title='bbox 2902 2921 3217 2994; x_wconf 74' lang='grc' dir='ltr'>πτώματος.</span> 
     </span>
    </p>
   </div>
   <div class='ocr_carea' id='block_1_56' title="bbox 525 3009 3944 3085">
    <p class='ocr_par' dir='ltr' id='par_1_56' title="bbox 525 3009 3944 3085">
     <span class='ocr_line' id='line_1_56' title="bbox 525 3009 3944 3085; baseline 0 -19"><span class='ocrx_word' id='word_1_361' title='bbox 525 3012 671 3067; x_wconf 90' lang='lat' dir='ltr'>mihi</span> <span class='ocrx_word' id='word_1_362' title='bbox 695 3029 1062 3085; x_wconf 86' lang='lat' dir='ltr'>comparans.</span> <span class='ocrx_word' id='word_1_363' title='bbox 1100 3013 1497 3084; x_wconf 85' lang='lat' dir='ltr'>Abjectiorum</span> <span class='ocrx_word' id='word_1_364' title='bbox 1531 3013 1769 3085; x_wconf 88' lang='lat' dir='ltr'>quidem</span> <span class='ocrx_word' id='word_1_365' title='bbox 1800 3014 2047 3068; x_wconf 85' lang='lat' dir='ltr'>fortasse</span> <span class='ocrx_word' id='word_1_366' title='bbox 2080 3013 2184 3067; x_wconf 88' lang='lat' dir='ltr'>hoc</span> <span class='ocrx_word' id='word_1_367' title='bbox 2235 3012 2570 3080; x_wconf 88' lang='lat' dir='ltr'>consilium,</span> <span class='ocrx_word' id='word_1_368' title='bbox 2600 3027 2781 3068; x_wconf 89' lang='lat' dir='ltr'>verun</span> <span class='ocrx_word' id='word_1_369' title='bbox 2813 3010 3000 3066; x_wconf 88' lang='lat' dir='ltr'>tutius</span> <span class='ocrx_word' id='word_1_370' title='bbox 3031 3009 3139 3067; x_wconf 91' lang='lat' dir='ltr'>sibi</span> <span class='ocrx_word' id='word_1_371' title='bbox 3169 3010 3660 3083; x_wconf 87' lang='lat' dir='ltr'>prospicientium</span> <span class='ocrx_word' id='word_1_372' title='bbox 3704 3028 3718 3067; x_wconf 91' lang='lat'>:</span> <span class='ocrx_word' id='word_1_373' title='bbox 3762 3012 3944 3068; x_wconf 87' lang='lat' dir='ltr'>nimi-</span> 
     </span>
    </p>
   </div>
   <div class='ocr_carea' id='block_1_57' title="bbox 528 3102 2488 3173">
    <p class='ocr_par' dir='ltr' id='par_1_57' title="bbox 528 3102 2488 3173">
     <span class='ocr_line' id='line_1_57' title="bbox 528 3102 2488 3173; baseline 0 -18"><span class='ocrx_word' id='word_1_374' title='bbox 528 3118 659 3155; x_wconf 91' lang='lat' dir='ltr'>rum</span> <span class='ocrx_word' id='word_1_375' title='bbox 692 3118 851 3172; x_wconf 70' lang='lat' dir='ltr'>aaquo</span> <span class='ocrx_word' id='word_1_376' title='bbox 882 3102 1207 3169; x_wconf 90' lang='lat' dir='ltr'>intervallo,</span> <span class='ocrx_word' id='word_1_377' title='bbox 1241 3107 1296 3157; x_wconf 89' lang='lat' dir='ltr'>et</span> <span class='ocrx_word' id='word_1_378' title='bbox 1328 3121 1361 3158; x_wconf 89' lang='lat' dir='ltr'>a</span> <span class='ocrx_word' id='word_1_379' title='bbox 1384 3119 1617 3158; x_wconf 85' lang='lat' dir='ltr'>summo</span> <span class='ocrx_word' id='word_1_380' title='bbox 1650 3102 1901 3173; x_wconf 87' lang='lat' dir='ltr'>fastigio,</span> <span class='ocrx_word' id='word_1_381' title='bbox 1935 3107 1991 3157; x_wconf 90' lang='lat' dir='ltr'>et</span> <span class='ocrx_word' id='word_1_382' title='bbox 2024 3120 2057 3157; x_wconf 88' lang='lat' dir='ltr'>a</span> <span class='ocrx_word' id='word_1_383' title='bbox 2079 3118 2218 3157; x_wconf 84' lang='lat' dir='ltr'>casu</span> <span class='ocrx_word' id='word_1_384' title='bbox 2250 3102 2488 3158; x_wconf 81' lang='lat' dir='ltr'>distare.</span> 
     </span>
    </p>
   </div>
   <div class='ocr_carea' id='block_1_58' title="bbox 590 3189 2244 3263">
    <p class='ocr_par' dir='ltr' id='par_1_58' title="bbox 590 3189 2244 3263">
     <span class='ocr_line' id='line_1_58' title="bbox 590 3189 2244 3263; baseline 0 -18"><span class='ocrx_word' id='word_1_385' title='bbox 590 3190 659 3245; x_wconf 93' lang='grc' dir='ltr'>ΙΙ.</span> <span class='ocrx_word' id='word_1_386' title='bbox 696 3189 825 3244; x_wconf 69' lang='lat' dir='ltr'>Haec</span> <span class='ocrx_word' id='word_1_387' title='bbox 858 3190 981 3262; x_wconf 91' lang='lat' dir='ltr'>ipse</span> <span class='ocrx_word' id='word_1_388' title='bbox 1012 3207 1265 3259; x_wconf 90' lang='lat' dir='ltr'>mecum,</span> <span class='ocrx_word' id='word_1_389' title='bbox 1312 3192 1574 3263; x_wconf 89' lang='lat' dir='ltr'>quandiu</span> <span class='ocrx_word' id='word_1_390' title='bbox 1624 3192 1864 3247; x_wconf 87' lang='lat' dir='ltr'>umbras</span> <span class='ocrx_word' id='word_1_391' title='bbox 1895 3191 2086 3246; x_wconf 90' lang='lat' dir='ltr'>adhuc</span> <span class='ocrx_word' id='word_1_392' title='bbox 2116 3195 2172 3246; x_wconf 92' lang='lat' dir='ltr'>et</span> <span class='ocrx_word' id='word_1_393' title='bbox 2201 3193 2244 3258; x_wconf 74' lang='grc' dir='ltr'>α</span> 
     </span>
    </p>
   </div>
   <div class='ocr_carea' id='block_1_59' title="bbox 514 3278 2170 3352">
    <p class='ocr_par' dir='ltr' id='par_1_59' title="bbox 514 3278 2170 3352">
     <span class='ocr_line' id='line_1_59' title="bbox 514 3278 2170 3352; baseline 0.001 -19"><span class='ocrx_word' id='word_1_394' title='bbox 514 3278 809 3334; x_wconf 90' lang='lat' dir='ltr'>insomnia</span> <span class='ocrx_word' id='word_1_395' title='bbox 839 3280 1280 3352; x_wconf 86' lang='lat' dir='ltr'>pingere,atque</span> <span class='ocrx_word' id='word_1_396' title='bbox 1302 3280 1890 3351; x_wconf 87' lang='lat' dir='ltr'>inanibusfigmentis</span> <span class='ocrx_word' id='word_1_397' title='bbox 1905 3281 2170 3335; x_wconf 90' lang='lat' dir='ltr'>animum</span> 
     </span>
    </p>
   </div>
   <div class='ocr_carea' id='block_1_60' title="bbox 515 3367 2173 3440">
    <p class='ocr_par' dir='ltr' id='par_1_60' title="bbox 515 3367 2173 3440">
     <span class='ocr_line' id='line_1_60' title="bbox 515 3367 2173 3440; baseline 0 -17"><span class='ocrx_word' id='word_1_398' title='bbox 515 3384 754 3440; x_wconf 88' lang='lat' dir='ltr'>pascere</span> <span class='ocrx_word' id='word_1_399' title='bbox 786 3367 1014 3423; x_wconf 88' lang='lat' dir='ltr'>licebat.</span> <span class='ocrx_word' id='word_1_400' title='bbox 1045 3369 1193 3434; x_wconf 88' lang='lat' dir='ltr'>Quid</span> <span class='ocrx_word' id='word_1_401' title='bbox 1252 3374 1447 3423; x_wconf 88' lang='lat' dir='ltr'>autem</span> <span class='ocrx_word' id='word_1_402' title='bbox 1498 3369 1701 3423; x_wconf 87' lang='lat' dir='ltr'>nunc?</span> <span class='ocrx_word' id='word_1_403' title='bbox 1748 3368 2023 3423; x_wconf 84' lang='lat' dir='ltr'>Amicitia</span> <span class='ocrx_word' id='word_1_404' title='bbox 2080 3386 2173 3423; x_wconf 90' lang='lat' dir='ltr'>me</span> 
     </span>
    </p>
   </div>
   <div class='ocr_carea' id='block_1_61' title="bbox 518 3456 2171 3528">
    <p class='ocr_par' dir='ltr' id='par_1_61' title="bbox 518 3456 2171 3528">
     <span class='ocr_line' id='line_1_61' title="bbox 518 3456 2171 3528; baseline -0.001 -16"><span class='ocrx_word' id='word_1_405' title='bbox 518 3456 771 3527; x_wconf 77' lang='lat' dir='ltr'>subegit,</span> <span class='ocrx_word' id='word_1_406' title='bbox 803 3456 987 3527; x_wconf 87' lang='lat' dir='ltr'>patris</span> <span class='ocrx_word' id='word_1_407' title='bbox 1045 3457 1287 3512; x_wconf 87' lang='lat' dir='ltr'>canities</span> <span class='ocrx_word' id='word_1_408' title='bbox 1344 3473 1436 3512; x_wconf 89' lang='lat' dir='ltr'>me</span> <span class='ocrx_word' id='word_1_409' title='bbox 1488 3456 1788 3523; x_wconf 88' lang='lat' dir='ltr'>subdidit;</span> <span class='ocrx_word' id='word_1_410' title='bbox 1827 3458 2171 3528; x_wconf 81' lang='lat' dir='ltr'>prudentiae,</span> 
     </span>
    </p>
   </div>
   <div class='ocr_carea' id='block_1_62' title="bbox 516 3544 2174 3618">
    <p class='ocr_par' dir='ltr' id='par_1_62' title="bbox 516 3544 2174 3618">
     <span class='ocr_line' id='line_1_62' title="bbox 516 3544 2174 3618; baseline 0.001 -19"><span class='ocrx_word' id='word_1_411' title='bbox 516 3545 780 3615; x_wconf 85' lang='lat' dir='ltr'>inquam,</span> <span class='ocrx_word' id='word_1_412' title='bbox 815 3550 1110 3614; x_wconf 89' lang='lat' dir='ltr'>senectus,</span> <span class='ocrx_word' id='word_1_413' title='bbox 1142 3545 1271 3600; x_wconf 75' lang='lat' dir='ltr'>vitas</span> <span class='ocrx_word' id='word_1_414' title='bbox 1298 3544 1491 3616; x_wconf 88' lang='lat' dir='ltr'>limes,</span> <span class='ocrx_word' id='word_1_415' title='bbox 1539 3550 1743 3618; x_wconf 91' lang='lat' dir='ltr'>portus</span> <span class='ocrx_word' id='word_1_416' title='bbox 1774 3546 1975 3617; x_wconf 84' lang='lat' dir='ltr'>tutior,</span> <span class='ocrx_word' id='word_1_417' title='bbox 2000 3550 2174 3617; x_wconf 84' lang='lat' dir='ltr'>atque</span> 
     </span>
    </p>
   </div>
   <div class='ocr_carea' id='block_1_63' title="bbox 518 3633 2174 3707">
    <p class='ocr_par' dir='ltr' id='par_1_63' title="bbox 518 3633 2174 3707">
     <span class='ocr_line' id='line_1_63' title="bbox 518 3633 2174 3707; baseline 0.001 -19"><span class='ocrx_word' id='word_1_418' title='bbox 518 3633 678 3689; x_wconf 89' lang='lat' dir='ltr'>illius</span> <span class='ocrx_word' id='word_1_419' title='bbox 708 3633 991 3702; x_wconf 90' lang='lat' dir='ltr'>amicitia,</span> <span class='ocrx_word' id='word_1_420' title='bbox 1025 3634 1125 3706; x_wconf 93' lang='lat' dir='ltr'>qui</span> <span class='ocrx_word' id='word_1_421' title='bbox 1157 3642 1212 3690; x_wconf 90' lang='lat' dir='ltr'>et</span> <span class='ocrx_word' id='word_1_422' title='bbox 1245 3636 1398 3707; x_wconf 90' lang='lat' dir='ltr'>apud</span> <span class='ocrx_word' id='word_1_423' title='bbox 1430 3635 1613 3690; x_wconf 91' lang='lat' dir='ltr'>Deum</span> <span class='ocrx_word' id='word_1_424' title='bbox 1645 3633 1805 3690; x_wconf 90' lang='lat' dir='ltr'>dives</span> <span class='ocrx_word' id='word_1_425' title='bbox 1834 3639 2005 3705; x_wconf 89' lang='lat' dir='ltr'>est,et</span> <span class='ocrx_word' id='word_1_426' title='bbox 2027 3634 2174 3691; x_wconf 90' lang='lat' dir='ltr'>alios</span> 
     </span>
    </p>
   </div>
   <div class='ocr_carea' id='block_1_64' title="bbox 519 3722 2175 3795">
    <p class='ocr_par' dir='ltr' id='par_1_64' title="bbox 519 3722 2175 3795">
     <span class='ocr_line' id='line_1_64' title="bbox 519 3722 2175 3795; baseline 0.002 -18"><span class='ocrx_word' id='word_1_427' title='bbox 519 3722 686 3779; x_wconf 86' lang='lat' dir='ltr'>ditat.</span> <span class='ocrx_word' id='word_1_428' title='bbox 711 3722 843 3778; x_wconf 87' lang='lat' dir='ltr'>Jam</span> <span class='ocrx_word' id='word_1_429' title='bbox 877 3723 1034 3779; x_wconf 90' lang='lat' dir='ltr'>enim</span> <span class='ocrx_word' id='word_1_430' title='bbox 1084 3723 1232 3779; x_wconf 90' lang='lat' dir='ltr'>iram</span> <span class='ocrx_word' id='word_1_431' title='bbox 1294 3724 1503 3795; x_wconf 83' lang='lat' dir='ltr'>abjicio</span> <span class='ocrx_word' id='word_1_432' title='bbox 1535 3726 2098 3794; x_wconf 78' lang='lat' dir='ltr'>(audiantmansueti</span> <span class='ocrx_word' id='word_1_433' title='bbox 2125 3730 2175 3780; x_wconf 88' lang='lat' dir='ltr'>et</span> 
     </span>
    </p>
   </div>
   <div class='ocr_carea' id='block_1_65' title="bbox 518 3813 2172 3885">
    <p class='ocr_par' dir='ltr' id='par_1_65' title="bbox 518 3813 2172 3885">
     <span class='ocr_line' id='line_1_65' title="bbox 518 3813 2172 3885; baseline -0.001 -15"><span class='ocrx_word' id='word_1_434' title='bbox 518 3814 779 3870; x_wconf 59' lang='lat' dir='ltr'>laetentur</span> <span class='ocrx_word' id='word_1_435' title='bbox 794 3814 857 3883; x_wconf 75' lang='grc' dir='ltr'>⁵ο)</span> <span class='ocrx_word' id='word_1_436' title='bbox 888 3829 901 3867; x_wconf 91' lang='lat'><strong>:</strong></span> <span class='ocrx_word' id='word_1_437' title='bbox 935 3814 1617 3885; x_wconf 71' lang='lat' dir='ltr'>manumquehanc,quaa</span> <span class='ocrx_word' id='word_1_438' title='bbox 1641 3813 1786 3869; x_wconf 92' lang='lat' dir='ltr'>mihi</span> <span class='ocrx_word' id='word_1_439' title='bbox 1808 3814 1924 3869; x_wconf 92' lang='lat' dir='ltr'>vim</span> <span class='ocrx_word' id='word_1_440' title='bbox 1958 3813 2172 3882; x_wconf 87' lang='lat' dir='ltr'>attulit,</span> 
     </span>
    </p>
   </div>
   <div class='ocr_carea' id='block_1_66' title="bbox 518 3900 2176 3975">
    <p class='ocr_par' dir='ltr' id='par_1_66' title="bbox 518 3900 2176 3975">
     <span class='ocr_line' id='line_1_66' title="bbox 518 3900 2176 3975; baseline 0.001 -19"><span class='ocrx_word' id='word_1_441' title='bbox 518 3900 747 3972; x_wconf 90' lang='lat' dir='ltr'>placido</span> <span class='ocrx_word' id='word_1_442' title='bbox 778 3900 944 3957; x_wconf 90' lang='lat' dir='ltr'>vultu</span> <span class='ocrx_word' id='word_1_443' title='bbox 973 3901 1372 3973; x_wconf 87' lang='lat' dir='ltr'>conspicio,ac</span> <span class='ocrx_word' id='word_1_444' title='bbox 1403 3903 1625 3975; x_wconf 88' lang='lat' dir='ltr'>Spiritu</span> <span class='ocrx_word' id='word_1_445' title='bbox 1656 3902 2176 3974; x_wconf 89' lang='lat' dir='ltr'>arrideo,mihique</span> 
     </span>
    </p>
   </div>
   <div class='ocr_carea' id='block_1_67' title="bbox 521 3992 2178 4062">
    <p class='ocr_par' dir='ltr' id='par_1_67' title="bbox 521 3992 2178 4062">
     <span class='ocr_line' id='line_1_67' title="bbox 521 3992 2178 4062; baseline 0.001 -17"><span class='ocrx_word' id='word_1_446' title='bbox 521 3995 883 4045; x_wconf 89' lang='lat' dir='ltr'>commotum</span> <span class='ocrx_word' id='word_1_447' title='bbox 926 3996 1133 4061; x_wconf 91' lang='lat' dir='ltr'>pectus</span> <span class='ocrx_word' id='word_1_448' title='bbox 1165 3992 1427 4056; x_wconf 88' lang='lat' dir='ltr'>sedatur,</span> <span class='ocrx_word' id='word_1_449' title='bbox 1462 3992 1729 4062; x_wconf 84' lang='lat' dir='ltr'>reditque</span> <span class='ocrx_word' id='word_1_450' title='bbox 1782 3992 1968 4057; x_wconf 88' lang='lat' dir='ltr'>ratio;</span> <span class='ocrx_word' id='word_1_451' title='bbox 2002 3997 2178 4062; x_wconf 89' lang='lat' dir='ltr'>atque</span> 
     </span>
    </p>
   </div>
   <div class='ocr_carea' id='block_1_68' title="bbox 522 4079 2173 4152">
    <p class='ocr_par' dir='ltr' id='par_1_68' title="bbox 522 4079 2173 4152">
     <span class='ocr_line' id='line_1_68' title="bbox 522 4079 2173 4152; baseline 0.001 -19"><span class='ocrx_word' id='word_1_452' title='bbox 522 4079 797 4143; x_wconf 89' lang='lat' dir='ltr'>amicitia,</span> <span class='ocrx_word' id='word_1_453' title='bbox 821 4079 979 4134; x_wconf 90' lang='lat' dir='ltr'>velut</span> <span class='ocrx_word' id='word_1_454' title='bbox 993 4080 1231 4135; x_wconf 87' lang='lat' dir='ltr'>ﬂamma</span> <span class='ocrx_word' id='word_1_455' title='bbox 1243 4081 1505 4152; x_wconf 67' lang='lat' dir='ltr'>quaedam</span> <span class='ocrx_word' id='word_1_456' title='bbox 1518 4124 1530 4146; x_wconf 91' lang='lat'>,</span> <span class='ocrx_word' id='word_1_457' title='bbox 1548 4081 1855 4152; x_wconf 90' lang='lat' dir='ltr'>consopita</span> <span class='ocrx_word' id='word_1_458' title='bbox 1884 4086 1941 4135; x_wconf 89' lang='lat' dir='ltr'>et</span> <span class='ocrx_word' id='word_1_459' title='bbox 1956 4082 2173 4135; x_wconf 86' lang='lat' dir='ltr'>exstin-</span> 
     </span>
    </p>
   </div>
   <div class='ocr_carea' id='block_1_69' title="bbox 522 4169 2173 4239">
    <p class='ocr_par' dir='ltr' id='par_1_69' title="bbox 522 4169 2173 4239">
     <span class='ocr_line' id='line_1_69' title="bbox 522 4169 2173 4239; baseline 0.002 -19"><span class='ocrx_word' id='word_1_460' title='bbox 522 4169 847 4231; x_wconf 90' lang='lat' dir='ltr'>cta,rursus</span> <span class='ocrx_word' id='word_1_461' title='bbox 878 4185 944 4222; x_wconf 88' lang='lat' dir='ltr'>ex</span> <span class='ocrx_word' id='word_1_462' title='bbox 975 4185 1149 4239; x_wconf 89' lang='lat' dir='ltr'>parvo</span> <span class='ocrx_word' id='word_1_463' title='bbox 1182 4169 1434 4239; x_wconf 86' lang='lat' dir='ltr'>igniculo</span> <span class='ocrx_word' id='word_1_464' title='bbox 1468 4170 1759 4225; x_wconf 88' lang='lat' dir='ltr'>reviviscit</span> <span class='ocrx_word' id='word_1_465' title='bbox 1790 4174 1846 4224; x_wconf 89' lang='lat' dir='ltr'>et</span> <span class='ocrx_word' id='word_1_466' title='bbox 1866 4169 2173 4224; x_wconf 82' lang='lat' dir='ltr'>excitatur.</span> 
     </span>
    </p>
   </div>
   <div class='ocr_carea' id='block_1_70' title="bbox 522 4253 2175 4328">
    <p class='ocr_par' dir='ltr' id='par_1_70' title="bbox 522 4253 2175 4328">
     <span class='ocr_line' id='line_1_70' title="bbox 522 4253 2175 4328; baseline 0.004 -21"><span class='ocrx_word' id='word_1_467' title='bbox 522 4253 813 4308; x_wconf 80' lang='lat' dir='ltr'>Renuerat</span> <span class='ocrx_word' id='word_1_468' title='bbox 841 4257 1126 4311; x_wconf 91' lang='lat' dir='ltr'>consolari</span> <span class='ocrx_word' id='word_1_469' title='bbox 1156 4257 1353 4312; x_wconf 85' lang='lat' dir='ltr'>anima</span> <span class='ocrx_word' id='word_1_470' title='bbox 1384 4273 1532 4328; x_wconf 84' lang='lat' dir='ltr'>mea,</span> <span class='ocrx_word' id='word_1_471' title='bbox 1561 4262 1615 4313; x_wconf 90' lang='lat' dir='ltr'>et</span> <span class='ocrx_word' id='word_1_472' title='bbox 1646 4258 1931 4312; x_wconf 86' lang='lat' dir='ltr'>anxietate</span> <span class='ocrx_word' id='word_1_473' title='bbox 1962 4258 2175 4313; x_wconf 80' lang='lat' dir='ltr'>afﬁcie-</span> 
     </span>
    </p>
   </div>
   <div class='ocr_carea' id='block_1_71' title="bbox 525 4342 2174 4419">
    <p class='ocr_par' dir='ltr' id='par_1_71' title="bbox 525 4342 2174 4419">
     <span class='ocr_line' id='line_1_71' title="bbox 525 4342 2174 4419; baseline 0.004 -24"><span class='ocrx_word' id='word_1_474' title='bbox 525 4342 699 4397; x_wconf 89' lang='lat' dir='ltr'>batur</span> <span class='ocrx_word' id='word_1_475' title='bbox 721 4342 779 4395; x_wconf 90' lang='lat' dir='ltr'>in</span> <span class='ocrx_word' id='word_1_476' title='bbox 805 4360 895 4398; x_wconf 91' lang='lat' dir='ltr'>me</span> <span class='ocrx_word' id='word_1_477' title='bbox 918 4344 1158 4415; x_wconf 90' lang='lat' dir='ltr'>spiritus</span> <span class='ocrx_word' id='word_1_478' title='bbox 1187 4363 1352 4402; x_wconf 91' lang='lat' dir='ltr'>meus</span> <span class='ocrx_word' id='word_1_479' title='bbox 1379 4349 1444 4401; x_wconf 68' lang='grc' dir='ltr'>δι.</span> <span class='ocrx_word' id='word_1_480' title='bbox 1470 4348 1617 4417; x_wconf 81' lang='lat' dir='ltr'>Dixi,</span> <span class='ocrx_word' id='word_1_481' title='bbox 1641 4348 1950 4419; x_wconf 90' lang='lat' dir='ltr'>Nunquam</span> <span class='ocrx_word' id='word_1_482' title='bbox 1984 4346 2040 4400; x_wconf 92' lang='lat' dir='ltr'>in</span> <span class='ocrx_word' id='word_1_483' title='bbox 2075 4365 2174 4416; x_wconf 88' lang='lat' dir='ltr'>po-</span> 
     </span>
    </p>
   </div>
   <div class='ocr_carea' id='block_1_72' title="bbox 523 4433 2174 4491">
    <p class='ocr_par' dir='ltr' id='par_1_72' title="bbox 523 4433 2174 4491">
     <span class='ocr_line' id='line_1_72' title="bbox 523 4433 2174 4491; baseline 0.004 -6"><span class='ocrx_word' id='word_1_484' title='bbox 523 4435 747 4486; x_wconf 85' lang='lat' dir='ltr'>sterum</span> <span class='ocrx_word' id='word_1_485' title='bbox 780 4433 1046 4487; x_wconf 79' lang='lat' dir='ltr'>amicitiae</span> <span class='ocrx_word' id='word_1_486' title='bbox 1079 4436 1252 4489; x_wconf 80' lang='lat' dir='ltr'>fidem</span> <span class='ocrx_word' id='word_1_487' title='bbox 1290 4437 1535 4491; x_wconf 91' lang='lat' dir='ltr'>habebo.</span> <span class='ocrx_word' id='word_1_488' title='bbox 1576 4437 1643 4491; x_wconf 89' lang='lat' dir='ltr'>Et</span> <span class='ocrx_word' id='word_1_489' title='bbox 1688 4453 1792 4490; x_wconf 91' lang='lat' dir='ltr'>cur</span> <span class='ocrx_word' id='word_1_490' title='bbox 1834 4437 2070 4490; x_wconf 92' lang='lat' dir='ltr'>tandem</span> <span class='ocrx_word' id='word_1_491' title='bbox 2116 4436 2174 4491; x_wconf 91' lang='lat' dir='ltr'>in</span> 
     </span>
    </p>
   </div>
   <div class='ocr_carea' id='block_1_73' title="bbox 2354 3186 3938 3265">
    <p class='ocr_par' dir='ltr' id='par_1_73' title="bbox 2354 3186 3938 3265">
     <span class='ocr_line' id='line_1_73' title="bbox 2354 3186 3938 3265; baseline 0 -23"><span class='ocrx_word' id='word_1_492' title='bbox 2354 3190 2431 3246; x_wconf 87' lang='lat' dir='ltr'>B&#39;.</span> <span class='ocrx_word' id='word_1_493' title='bbox 2472 3193 2645 3243; x_wconf 77' lang='grc' dir='ltr'>Ταῦτα</span> <span class='ocrx_word' id='word_1_494' title='bbox 2671 3187 2775 3249; x_wconf 84' lang='grc' dir='ltr'>ἓως</span> <span class='ocrx_word' id='word_1_495' title='bbox 2821 3188 2939 3258; x_wconf 80' lang='grc' dir='ltr'>ἐξῆν</span> <span class='ocrx_word' id='word_1_496' title='bbox 2995 3188 3217 3265; x_wconf 81' lang='grc' dir='ltr'>γράφειν</span> <span class='ocrx_word' id='word_1_497' title='bbox 3264 3186 3341 3242; x_wconf 68' lang='grc' dir='ltr'>ἔτι</span> <span class='ocrx_word' id='word_1_498' title='bbox 3390 3188 3541 3250; x_wconf 77' lang='grc' dir='ltr'>σκιὰς</span> <span class='ocrx_word' id='word_1_499' title='bbox 3591 3187 3683 3242; x_wconf 79' lang='grc' dir='ltr'>καὶ</span> <span class='ocrx_word' id='word_1_500' title='bbox 3728 3187 3938 3260; x_wconf 85' lang='grc' dir='ltr'>ὀνείρα-</span> 
     </span>
    </p>
   </div>
   <div class='ocr_carea' id='block_1_74' title="bbox 2278 3275 3937 3350">
    <p class='ocr_par' dir='ltr' id='par_1_74' title="bbox 2278 3275 3937 3350">
     <span class='ocr_line' id='line_1_74' title="bbox 2278 3275 3937 3350; baseline -0.001 -19"><span class='ocrx_word' id='word_1_501' title='bbox 2278 3298 2365 3349; x_wconf 84' lang='grc' dir='ltr'>τα,</span> <span class='ocrx_word' id='word_1_502' title='bbox 2408 3278 2497 3331; x_wconf 83' lang='grc' dir='ltr'>καὶ</span> <span class='ocrx_word' id='word_1_503' title='bbox 2545 3282 2658 3338; x_wconf 87' lang='grc' dir='ltr'>τοῖς</span> <span class='ocrx_word' id='word_1_504' title='bbox 2714 3277 2960 3349; x_wconf 76' lang='grc' dir='ltr'>ματαίοις</span> <span class='ocrx_word' id='word_1_505' title='bbox 3011 3276 3388 3350; x_wconf 85' lang='grc' dir='ltr'>ἀναπλασμοῖς</span> <span class='ocrx_word' id='word_1_506' title='bbox 3438 3276 3612 3347; x_wconf 79' lang='grc' dir='ltr'>ἐστιᾷν</span> <span class='ocrx_word' id='word_1_507' title='bbox 3665 3278 3765 3345; x_wconf 83' lang='grc' dir='ltr'>τήν</span> <span class='ocrx_word' id='word_1_508' title='bbox 3817 3275 3937 3331; x_wconf 58' lang='grc' dir='ltr'>διά-</span> 
     </span>
    </p>
   </div>
   <div class='ocr_carea' id='block_1_75' title="bbox 2280 3363 3935 3442">
    <p class='ocr_par' dir='ltr' id='par_1_75' title="bbox 2280 3363 3935 3442">
     <span class='ocr_line' id='line_1_75' title="bbox 2280 3363 3935 3442; baseline -0.001 -22"><span class='ocrx_word' id='word_1_509' title='bbox 2280 3386 2466 3420; x_wconf 86' lang='grc' dir='ltr'>νοιαν·</span> <span class='ocrx_word' id='word_1_510' title='bbox 2530 3370 2620 3420; x_wconf 77' lang='grc' dir='ltr'>νῦν</span> <span class='ocrx_word' id='word_1_511' title='bbox 2684 3363 2741 3421; x_wconf 69' lang='grc' dir='ltr'>δὲ</span> <span class='ocrx_word' id='word_1_512' title='bbox 2771 3366 2859 3435; x_wconf 73' lang='grc' dir='ltr'>τίς</span> <span class='ocrx_word' id='word_1_513' title='bbox 2918 3365 3085 3420; x_wconf 80' lang='grc' dir='ltr'>Φιλία</span> <span class='ocrx_word' id='word_1_514' title='bbox 3133 3366 3506 3442; x_wconf 72' lang='grc' dir='ltr'>παρεστήσατο</span> <span class='ocrx_word' id='word_1_515' title='bbox 3548 3368 3664 3438; x_wconf 76' lang='grc'>(47)</span> <span class='ocrx_word' id='word_1_516' title='bbox 3698 3388 3784 3440; x_wconf 83' lang='grc' dir='ltr'>με,</span> <span class='ocrx_word' id='word_1_517' title='bbox 3844 3366 3935 3420; x_wconf 81' lang='grc' dir='ltr'>καὶ</span> 
     </span>
    </p>
   </div>
   <div class='ocr_carea' id='block_1_76' title="bbox 2280 3454 3935 3532">
    <p class='ocr_par' dir='ltr' id='par_1_76' title="bbox 2280 3454 3935 3532">
     <span class='ocr_line' id='line_1_76' title="bbox 2280 3454 3935 3532; baseline 0 -23"><span class='ocrx_word' id='word_1_518' title='bbox 2280 3454 2451 3510; x_wconf 84' lang='grc' dir='ltr'>πολιὰ</span> <span class='ocrx_word' id='word_1_519' title='bbox 2478 3456 2681 3531; x_wconf 77' lang='grc' dir='ltr'>πατρὸς</span> <span class='ocrx_word' id='word_1_520' title='bbox 2739 3455 3111 3531; x_wconf 76' lang='grc' dir='ltr'>ἐχειρώσατο·</span> <span class='ocrx_word' id='word_1_521' title='bbox 3168 3461 3342 3531; x_wconf 84' lang='grc' dir='ltr'>γῆρας</span> <span class='ocrx_word' id='word_1_522' title='bbox 3401 3457 3742 3532; x_wconf 75' lang='grc' dir='ltr'>φρονήσεως,</span> <span class='ocrx_word' id='word_1_523' title='bbox 3794 3476 3935 3530; x_wconf 84' lang='grc' dir='ltr'>προ-</span> 
     </span>
    </p>
   </div>
   <div class='ocr_carea' id='block_1_77' title="bbox 2283 3542 3938 3623">
    <p class='ocr_par' dir='ltr' id='par_1_77' title="bbox 2283 3542 3938 3623">
     <span class='ocr_line' id='line_1_77' title="bbox 2283 3542 3938 3623; baseline -0.001 -23"><span class='ocrx_word' id='word_1_524' title='bbox 2283 3545 2477 3619; x_wconf 87' lang='grc' dir='ltr'>θεσμία</span> <span class='ocrx_word' id='word_1_525' title='bbox 2524 3546 2667 3621; x_wconf 87' lang='grc' dir='ltr'>βίου,</span> <span class='ocrx_word' id='word_1_526' title='bbox 2730 3544 2899 3619; x_wconf 78' lang='grc' dir='ltr'>λιμὴν</span> <span class='ocrx_word' id='word_1_527' title='bbox 2961 3545 3373 3621; x_wconf 71' lang='grc' dir='ltr'>ἀσφαλίστερος,</span> <span class='ocrx_word' id='word_1_528' title='bbox 3433 3545 3522 3599; x_wconf 83' lang='grc' dir='ltr'>καὶ</span> <span class='ocrx_word' id='word_1_529' title='bbox 3562 3542 3723 3623; x_wconf 77' lang='grc' dir='ltr'>φιλία</span> <span class='ocrx_word' id='word_1_530' title='bbox 3766 3543 3938 3599; x_wconf 87' lang='grc' dir='ltr'>πλου-</span> 
     </span>
    </p>
   </div>
   <div class='ocr_carea' id='block_1_78' title="bbox 2281 3631 3936 3709">
    <p class='ocr_par' dir='ltr' id='par_1_78' title="bbox 2281 3631 3936 3709">
     <span class='ocr_line' id='line_1_78' title="bbox 2281 3631 3936 3709; baseline -0.002 -19"><span class='ocrx_word' id='word_1_531' title='bbox 2281 3640 2502 3697; x_wconf 74' lang='grc' dir='ltr'>τοῦντος</span> <span class='ocrx_word' id='word_1_532' title='bbox 2534 3634 2670 3708; x_wconf 79' lang='grc' dir='ltr'>Θεῷ,</span> <span class='ocrx_word' id='word_1_533' title='bbox 2703 3635 2791 3689; x_wconf 81' lang='grc' dir='ltr'>καὶ</span> <span class='ocrx_word' id='word_1_534' title='bbox 2823 3634 3229 3703; x_wconf 87' lang='grc' dir='ltr'>πλουτίζοντος.</span> <span class='ocrx_word' id='word_1_535' title='bbox 3264 3631 3405 3705; x_wconf 81' lang='grc' dir='ltr'>’Πδη</span> <span class='ocrx_word' id='word_1_536' title='bbox 3454 3634 3558 3709; x_wconf 78' lang='grc' dir='ltr'>γὰρ</span> <span class='ocrx_word' id='word_1_537' title='bbox 3605 3634 3936 3706; x_wconf 75' lang='grc' dir='ltr'>ἀποπεμπο-</span> 
     </span>
    </p>
   </div>
   <div class='ocr_carea' id='block_1_79' title="bbox 2288 3722 3937 3799">
    <p class='ocr_par' dir='ltr' id='par_1_79' title="bbox 2288 3722 3937 3799">
     <span class='ocr_line' id='line_1_79' title="bbox 2288 3722 3937 3799; baseline -0.001 -21"><span class='ocrx_word' id='word_1_538' title='bbox 2288 3745 2381 3798; x_wconf 88' lang='grc' dir='ltr'>μαι</span> <span class='ocrx_word' id='word_1_539' title='bbox 2470 3725 2567 3793; x_wconf 74' lang='grc' dir='ltr'>τὴν</span> <span class='ocrx_word' id='word_1_540' title='bbox 2658 3724 2828 3799; x_wconf 78' lang='grc' dir='ltr'>ὀργήν</span> <span class='ocrx_word' id='word_1_541' title='bbox 2912 3722 3314 3795; x_wconf 82' lang='grc' dir='ltr'>(ἀκουσάτωσαν</span> <span class='ocrx_word' id='word_1_542' title='bbox 3390 3728 3604 3796; x_wconf 83' lang='grc' dir='ltr'>πραεῖς,</span> <span class='ocrx_word' id='word_1_543' title='bbox 3684 3722 3777 3777; x_wconf 81' lang='grc' dir='ltr'>καὶ</span> <span class='ocrx_word' id='word_1_544' title='bbox 3849 3722 3937 3777; x_wconf 72' lang='grc' dir='ltr'>εὖ·</span> 
     </span>
    </p>
   </div>
   <div class='ocr_carea' id='block_1_80' title="bbox 2285 3810 3937 3891">
    <p class='ocr_par' dir='ltr' id='par_1_80' title="bbox 2285 3810 3937 3891">
     <span class='ocr_line' id='line_1_80' title="bbox 2285 3810 3937 3891; baseline -0.001 -24"><span class='ocrx_word' id='word_1_545' title='bbox 2285 3814 2714 3891; x_wconf 77' lang='grc' dir='ltr'>φρανθήτωσαν)’</span> <span class='ocrx_word' id='word_1_546' title='bbox 2769 3812 2859 3867; x_wconf 89' lang='grc' dir='ltr'>καὶ</span> <span class='ocrx_word' id='word_1_547' title='bbox 2906 3812 3042 3887; x_wconf 84' lang='grc' dir='ltr'>πρὸς</span> <span class='ocrx_word' id='word_1_548' title='bbox 3098 3813 3197 3881; x_wconf 79' lang='grc' dir='ltr'>τήν</span> <span class='ocrx_word' id='word_1_549' title='bbox 3248 3816 3411 3886; x_wconf 88' lang='grc' dir='ltr'>χεῖρα</span> <span class='ocrx_word' id='word_1_550' title='bbox 3475 3810 3681 3883; x_wconf 80' lang='grc' dir='ltr'>ἥμερον</span> <span class='ocrx_word' id='word_1_551' title='bbox 3745 3810 3937 3885; x_wconf 67' lang='grc' dir='ltr'>βλέπω</span> 
     </span>
    </p>
   </div>
   <div class='ocr_carea' id='block_1_81' title="bbox 2282 3898 3939 3977">
    <p class='ocr_par' dir='ltr' id='par_1_81' title="bbox 2282 3898 3939 3977">
     <span class='ocr_line' id='line_1_81' title="bbox 2282 3898 3939 3977; baseline -0.002 -21"><span class='ocrx_word' id='word_1_552' title='bbox 2282 3904 2381 3970; x_wconf 77' lang='grc' dir='ltr'>τὴν</span> <span class='ocrx_word' id='word_1_553' title='bbox 2440 3903 2859 3977; x_wconf 77' lang='grc' dir='ltr'>τυραννήσασαν,</span> <span class='ocrx_word' id='word_1_554' title='bbox 2915 3901 3002 3955; x_wconf 82' lang='grc' dir='ltr'>καὶ</span> <span class='ocrx_word' id='word_1_555' title='bbox 3059 3898 3349 3977; x_wconf 87' lang='grc' dir='ltr'>προσγελῶ</span> <span class='ocrx_word' id='word_1_556' title='bbox 3404 3904 3483 3973; x_wconf 79' lang='grc' dir='ltr'>τῷ</span> <span class='ocrx_word' id='word_1_557' title='bbox 3514 3899 3813 3973; x_wconf 78' lang='grc' dir='ltr'>Πνεύματι,</span> <span class='ocrx_word' id='word_1_558' title='bbox 3846 3899 3939 3954; x_wconf 82' lang='grc' dir='ltr'>καὶ</span> 
     </span>
    </p>
   </div>
   <div class='ocr_carea' id='block_1_82' title="bbox 2284 3986 3939 4065">
    <p class='ocr_par' dir='ltr' id='par_1_82' title="bbox 2284 3986 3939 4065">
     <span class='ocr_line' id='line_1_82' title="bbox 2284 3986 3939 4065; baseline -0.002 -21"><span class='ocrx_word' id='word_1_559' title='bbox 2284 3993 2318 4059; x_wconf 80' lang='grc' dir='ltr'><strong>ἡ</strong></span> <span class='ocrx_word' id='word_1_560' title='bbox 2350 3988 2545 4065; x_wconf 82' lang='grc' dir='ltr'>καρδία</span> <span class='ocrx_word' id='word_1_561' title='bbox 2572 3990 2883 4053; x_wconf 75' lang='grc' dir='ltr'>καθίσταται</span> <span class='ocrx_word' id='word_1_562' title='bbox 2928 4010 3042 4061; x_wconf 91' lang='grc' dir='ltr'>μοι,</span> <span class='ocrx_word' id='word_1_563' title='bbox 3092 3990 3180 4043; x_wconf 84' lang='grc' dir='ltr'>καὶ</span> <span class='ocrx_word' id='word_1_564' title='bbox 3239 3990 3267 4043; x_wconf 81' lang='grc' dir='ltr'>ὁ</span> <span class='ocrx_word' id='word_1_565' title='bbox 3324 3986 3590 4064; x_wconf 84' lang='grc' dir='ltr'>λογισμός</span> <span class='ocrx_word' id='word_1_566' title='bbox 3640 3988 3939 4063; x_wconf 71' lang='grc' dir='ltr'>ἐπανέρχε-</span> 
     </span>
    </p>
   </div>
   <div class='ocr_carea' id='block_1_83' title="bbox 2283 4071 3938 4155">
    <p class='ocr_par' dir='ltr' id='par_1_83' title="bbox 2283 4071 3938 4155">
     <span class='ocr_line' id='line_1_83' title="bbox 2283 4071 3938 4155; baseline -0.001 -23"><span class='ocrx_word' id='word_1_567' title='bbox 2283 4099 2391 4147; x_wconf 84' lang='grc' dir='ltr'>ται,</span> <span class='ocrx_word' id='word_1_568' title='bbox 2448 4078 2537 4132; x_wconf 88' lang='grc' dir='ltr'>καὶ</span> <span class='ocrx_word' id='word_1_569' title='bbox 2594 4081 2629 4147; x_wconf 74' lang='grc' dir='ltr'>ἡ</span> <span class='ocrx_word' id='word_1_570' title='bbox 2676 4077 2850 4154; x_wconf 79' lang='grc' dir='ltr'>φιλία,</span> <span class='ocrx_word' id='word_1_571' title='bbox 2910 4079 3148 4153; x_wconf 80' lang='grc' dir='ltr'>καθάπερ</span> <span class='ocrx_word' id='word_1_572' title='bbox 3195 4098 3278 4139; x_wconf 89' lang='grc' dir='ltr'>τις</span> <span class='ocrx_word' id='word_1_573' title='bbox 3320 4075 3479 4155; x_wconf 72' lang='grc' dir='ltr'>φλὸξ,</span> <span class='ocrx_word' id='word_1_574' title='bbox 3512 4071 3938 4131; x_wconf 69' lang='grc' dir='ltr'>κατασϐεσθεῖσα</span> 
     </span>
    </p>
   </div>
   <div class='ocr_carea' id='block_1_84' title="bbox 2284 4166 3939 4241">
    <p class='ocr_par' dir='ltr' id='par_1_84' title="bbox 2284 4166 3939 4241">
     <span class='ocr_line' id='line_1_84' title="bbox 2284 4166 3939 4241; baseline -0.002 -19"><span class='ocrx_word' id='word_1_575' title='bbox 2284 4166 2371 4222; x_wconf 72' lang='grc' dir='ltr'>καὶ</span> <span class='ocrx_word' id='word_1_576' title='bbox 2425 4168 2881 4241; x_wconf 84' lang='grc' dir='ltr'>ἀπομαρανθεῖσα,</span> <span class='ocrx_word' id='word_1_577' title='bbox 2936 4166 3099 4221; x_wconf 80' lang='grc' dir='ltr'>πάλιν</span> <span class='ocrx_word' id='word_1_578' title='bbox 3153 4166 3212 4221; x_wconf 81' lang='grc' dir='ltr'>ἐκ</span> <span class='ocrx_word' id='word_1_579' title='bbox 3257 4170 3453 4241; x_wconf 77' lang='grc' dir='ltr'>μικροῦ</span> <span class='ocrx_word' id='word_1_580' title='bbox 3483 4168 3775 4241; x_wconf 82' lang='grc' dir='ltr'>σπινθῆρος</span> <span class='ocrx_word' id='word_1_581' title='bbox 3810 4166 3939 4219; x_wconf 69' lang='grc' dir='ltr'>ἀνα-</span> 
     </span>
    </p>
   </div>
   <div class='ocr_carea' id='block_1_85' title="bbox 2287 4253 3941 4331">
    <p class='ocr_par' dir='ltr' id='par_1_85' title="bbox 2287 4253 3941 4331">
     <span class='ocr_line' id='line_1_85' title="bbox 2287 4253 3941 4331; baseline -0.004 -18"><span class='ocrx_word' id='word_1_582' title='bbox 2287 4261 2349 4331; x_wconf 84' lang='grc' dir='ltr'>ζῇ</span> <span class='ocrx_word' id='word_1_583' title='bbox 2382 4258 2471 4311; x_wconf 83' lang='grc' dir='ltr'>καὶ</span> <span class='ocrx_word' id='word_1_584' title='bbox 2521 4255 2827 4312; x_wconf 77' lang='grc' dir='ltr'>ἀνάπτεται.</span> <span class='ocrx_word' id='word_1_585' title='bbox 2887 4257 3229 4326; x_wconf 81' lang='grc' dir='ltr'>Ἀπηνήνατο</span> <span class='ocrx_word' id='word_1_586' title='bbox 3286 4253 3704 4330; x_wconf 78' lang='grc' dir='ltr'>παρακληθῆναι</span> <span class='ocrx_word' id='word_1_587' title='bbox 3762 4256 3797 4321; x_wconf 79' lang='grc' dir='ltr'>ἡ</span> <span class='ocrx_word' id='word_1_588' title='bbox 3841 4258 3941 4326; x_wconf 67' lang='grc' dir='ltr'>ψυ-</span> 
     </span>
    </p>
   </div>
   <div class='ocr_carea' id='block_1_86' title="bbox 2284 4341 3935 4421">
    <p class='ocr_par' dir='ltr' id='par_1_86' title="bbox 2284 4341 3935 4421">
     <span class='ocr_line' id='line_1_86' title="bbox 2284 4341 3935 4421; baseline -0.004 -21"><span class='ocrx_word' id='word_1_589' title='bbox 2284 4350 2359 4421; x_wconf 71' lang='grc' dir='ltr'>χή</span> <span class='ocrx_word' id='word_1_590' title='bbox 2421 4368 2545 4419; x_wconf 90' lang='grc' dir='ltr'>μου,</span> <span class='ocrx_word' id='word_1_591' title='bbox 2603 4346 2691 4401; x_wconf 80' lang='grc' dir='ltr'>καὶ</span> <span class='ocrx_word' id='word_1_592' title='bbox 2748 4345 3038 4415; x_wconf 79' lang='grc' dir='ltr'>ἠκηδίασεν</span> <span class='ocrx_word' id='word_1_593' title='bbox 3092 4345 3173 4400; x_wconf 72' lang='grc' dir='ltr'>ἐπ’</span> <span class='ocrx_word' id='word_1_594' title='bbox 3205 4344 3301 4417; x_wconf 76' lang='grc' dir='ltr'>ἐμὲ</span> <span class='ocrx_word' id='word_1_595' title='bbox 3322 4341 3383 4397; x_wconf 84' lang='grc' dir='ltr'>τὸ</span> <span class='ocrx_word' id='word_1_596' title='bbox 3413 4342 3769 4416; x_wconf 76' lang='grc' dir='ltr'>πνεῦμά</span> <span class='ocrx_word' id='word_1_597' title='bbox 3806 4361 3935 4415; x_wconf 77' lang='grc' dir='ltr'>μου·</span> 
     </span>
    </p>
   </div>
   <div class='ocr_carea' id='block_1_87' title="bbox 2284 4429 3941 4509">
    <p class='ocr_par' dir='ltr' id='par_1_87' title="bbox 2284 4429 3941 4509">
     <span class='ocr_line' id='line_1_87' title="bbox 2284 4429 3941 4509; baseline -0.004 -19"><span class='ocrx_word' id='word_1_598' title='bbox 2284 4436 2457 4490; x_wconf 74' lang='grc' dir='ltr'>Εἶπα·</span> <span class='ocrx_word' id='word_1_599' title='bbox 2515 4434 2591 4491; x_wconf 75' lang='grc' dir='ltr'>Οὐ</span> <span class='ocrx_word' id='word_1_600' title='bbox 2656 4436 2730 4507; x_wconf 82' lang='grc' dir='ltr'>μή</span> <span class='ocrx_word' id='word_1_601' title='bbox 2790 4436 3011 4509; x_wconf 89' lang='grc' dir='ltr'>προσθῶ</span> <span class='ocrx_word' id='word_1_602' title='bbox 3068 4431 3145 4488; x_wconf 84' lang='grc' dir='ltr'>ἔτι</span> <span class='ocrx_word' id='word_1_603' title='bbox 3175 4436 3452 4487; x_wconf 72' lang='grc' dir='ltr'>πιστεῦσαι</span> <span class='ocrx_word' id='word_1_604' title='bbox 3483 4429 3661 4509; x_wconf 78' lang='grc' dir='ltr'>φιλίᾳ.</span> <span class='ocrx_word' id='word_1_605' title='bbox 3727 4432 3823 4488; x_wconf 80' lang='grc' dir='ltr'>Καὶ</span> <span class='ocrx_word' id='word_1_606' title='bbox 3846 4429 3941 4483; x_wconf 68' lang='grc' dir='ltr'>’ἕνα</span> 
     </span>
    </p>
   </div>
   <div class='ocr_carea' id='block_1_88' title="bbox 531 4517 2173 4621">
    <p class='ocr_par' dir='ltr' id='par_1_88' title="bbox 531 4520 2173 4595">
     <span class='ocr_line' id='line_1_88' title="bbox 531 4520 2173 4595; baseline 0.002 -18"><span class='ocrx_word' id='word_1_607' title='bbox 531 4521 686 4577; x_wconf 71' lang='grc'>241)</span> <span class='ocrx_word' id='word_1_608' title='bbox 707 4520 945 4577; x_wconf 87' lang='lat' dir='ltr'>homine</span> <span class='ocrx_word' id='word_1_609' title='bbox 975 4539 1137 4595; x_wconf 93' lang='lat' dir='ltr'>spem</span> <span class='ocrx_word' id='word_1_610' title='bbox 1197 4542 1388 4580; x_wconf 90' lang='lat' dir='ltr'>meam</span> <span class='ocrx_word' id='word_1_611' title='bbox 1445 4524 1765 4581; x_wconf 81' lang='lat' dir='ltr'>collocem‘?</span> <span class='ocrx_word' id='word_1_612' title='bbox 1797 4542 1929 4581; x_wconf 93' lang='lat' dir='ltr'>cum</span> <span class='ocrx_word' id='word_1_613' title='bbox 1981 4527 2173 4582; x_wconf 87' lang='lat' dir='ltr'>omnis</span> 
     </span>
    </p>
   </div>
   <div class='ocr_carea' id='block_1_89' title="bbox 2281 4517 3937 4621">
    <p class='ocr_par' dir='ltr' id='par_1_89' title="bbox 2282 4517 3937 4597">
     <span class='ocr_line' id='line_1_89' title="bbox 2282 4517 3937 4597; baseline -0.003 -19"><span class='ocrx_word' id='word_1_614' title='bbox 2282 4525 2332 4579; x_wconf 87' lang='grc' dir='ltr'>τί</span> <span class='ocrx_word' id='word_1_615' title='bbox 2367 4546 2460 4597; x_wconf 91' lang='grc' dir='ltr'>μοι</span> <span class='ocrx_word' id='word_1_616' title='bbox 2494 4522 2728 4592; x_wconf 77' lang='grc' dir='ltr'>ἐλπίζειν</span> <span class='ocrx_word' id='word_1_617' title='bbox 2759 4522 2839 4577; x_wconf 72' lang='grc' dir='ltr'>ἐπ’</span> <span class='ocrx_word' id='word_1_618' title='bbox 2873 4522 3192 4597; x_wconf 79' lang='grc' dir='ltr'>ἄνθρωπον;</span> <span class='ocrx_word' id='word_1_619' title='bbox 3225 4523 3308 4577; x_wconf 73' lang='grc' dir='ltr'>’ὁτι</span> <span class='ocrx_word' id='word_1_620' title='bbox 3338 4526 3443 4583; x_wconf 79' lang='grc' dir='ltr'>πᾶς</span> <span class='ocrx_word' id='word_1_621' title='bbox 3502 4518 3785 4596; x_wconf 80' lang='grc' dir='ltr'>ἅνθρωπος</span> <span class='ocrx_word' id='word_1_622' title='bbox 3843 4517 3937 4573; x_wconf 78' lang='grc' dir='ltr'>δο-</span> 
     </span>
    </p>
   </div>
   <div class='ocr_carea' id='block_1_90' title="bbox 522 4607 2173 4686">
    <p class='ocr_par' dir='ltr' id='par_1_90' title="bbox 522 4607 2173 4686">
     <span class='ocr_line' id='line_1_90' title="bbox 522 4607 2173 4686; baseline 0.005 -24"><span class='ocrx_word' id='word_1_623' title='bbox 522 4607 701 4664; x_wconf 92' lang='lat' dir='ltr'>homo</span> <span class='ocrx_word' id='word_1_624' title='bbox 743 4609 1143 4667; x_wconf 82' lang='lat' dir='ltr'>fraudulenter</span> <span class='ocrx_word' id='word_1_625' title='bbox 1176 4613 1427 4681; x_wconf 87' lang='lat' dir='ltr'>incedat,</span> <span class='ocrx_word' id='word_1_626' title='bbox 1460 4631 1525 4669; x_wconf 91' lang='lat' dir='ltr'>ac</span> <span class='ocrx_word' id='word_1_627' title='bbox 1555 4614 1735 4670; x_wconf 84' lang='lat' dir='ltr'>frater</span> <span class='ocrx_word' id='word_1_628' title='bbox 1764 4615 1957 4670; x_wconf 89' lang='lat' dir='ltr'>omnis</span> <span class='ocrx_word' id='word_1_629' title='bbox 1988 4616 2173 4686; x_wconf 85' lang='lat' dir='ltr'>proxi-</span> 
     </span>
    </p>
   </div>
   <div class='ocr_carea' id='block_1_91' title="bbox 524 4700 2175 4775">
    <p class='ocr_par' dir='ltr' id='par_1_91' title="bbox 524 4700 2175 4775">
     <span class='ocr_line' id='line_1_91' title="bbox 524 4700 2175 4775; baseline 0.004 -21"><span class='ocrx_word' id='word_1_630' title='bbox 524 4713 689 4754; x_wconf 91' lang='lat' dir='ltr'>mum</span> <span class='ocrx_word' id='word_1_631' title='bbox 720 4714 897 4754; x_wconf 87' lang='lat' dir='ltr'>suum</span> <span class='ocrx_word' id='word_1_632' title='bbox 927 4700 1087 4755; x_wconf 91' lang='lat' dir='ltr'>omni</span> <span class='ocrx_word' id='word_1_633' title='bbox 1110 4705 1234 4757; x_wconf 90' lang='lat' dir='ltr'>arte</span> <span class='ocrx_word' id='word_1_634' title='bbox 1265 4702 1859 4775; x_wconf 73' lang='lat' dir='ltr'>supplantet&quot;,atque</span> <span class='ocrx_word' id='word_1_635' title='bbox 1891 4720 2175 4761; x_wconf 87' lang='lat' dir='ltr'>omnesex</span> 
     </span>
    </p>
   </div>
   <div class='ocr_carea' id='block_1_92' title="bbox 2288 4609 3943 4689">
    <p class='ocr_par' dir='ltr' id='par_1_92' title="bbox 2288 4609 3943 4689">
     <span class='ocr_line' id='line_1_92' title="bbox 2288 4609 3943 4689; baseline -0.004 -21"><span class='ocrx_word' id='word_1_636' title='bbox 2288 4614 2422 4675; x_wconf 84' lang='grc' dir='ltr'>λίως</span> <span class='ocrx_word' id='word_1_637' title='bbox 2481 4613 2791 4688; x_wconf 84' lang='grc' dir='ltr'>πορεύεται,</span> <span class='ocrx_word' id='word_1_638' title='bbox 2848 4612 2936 4667; x_wconf 85' lang='grc' dir='ltr'>καὶ</span> <span class='ocrx_word' id='word_1_639' title='bbox 2990 4618 3093 4675; x_wconf 85' lang='grc' dir='ltr'>πᾶς</span> <span class='ocrx_word' id='word_1_640' title='bbox 3153 4609 3385 4689; x_wconf 79' lang='grc' dir='ltr'>ἀδελφὸς</span> <span class='ocrx_word' id='word_1_641' title='bbox 3440 4612 3640 4686; x_wconf 66' lang='grc' dir='ltr'>πτέρνῃ</span> <span class='ocrx_word' id='word_1_642' title='bbox 3697 4615 3943 4684; x_wconf 82' lang='grc' dir='ltr'>πτερνιεῖ</span> 
     </span>
    </p>
   </div>
   <div class='ocr_carea' id='block_1_93' title="bbox 2281 4699 3938 4775">
    <p class='ocr_par' dir='ltr' id='par_1_93' title="bbox 2281 4699 3938 4775">
     <span class='ocr_line' id='line_1_93' title="bbox 2281 4699 3938 4775; baseline -0.003 -18"><span class='ocrx_word' id='word_1_643' title='bbox 2281 4704 2373 4758; x_wconf 87' lang='grc' dir='ltr'>τὸν</span> <span class='ocrx_word' id='word_1_644' title='bbox 2404 4701 2636 4773; x_wconf 80' lang='grc' dir='ltr'>πλησίον</span> <span class='ocrx_word' id='word_1_645' title='bbox 2671 4702 2856 4775; x_wconf 74' lang='grc' dir='ltr'>αὐτοῦ,</span> <span class='ocrx_word' id='word_1_646' title='bbox 2886 4702 2976 4757; x_wconf 84' lang='grc' dir='ltr'>καὶ</span> <span class='ocrx_word' id='word_1_647' title='bbox 3006 4700 3198 4765; x_wconf 85' lang='grc' dir='ltr'>πάντες</span> <span class='ocrx_word' id='word_1_648' title='bbox 3247 4704 3385 4774; x_wconf 74' lang='grc' dir='ltr'>ἧμιν</span> <span class='ocrx_word' id='word_1_649' title='bbox 3444 4702 3556 4774; x_wconf 78' lang='grc'>(49)</span> <span class='ocrx_word' id='word_1_650' title='bbox 3612 4703 3711 4755; x_wconf 78' lang='grc' dir='ltr'>τοῦ</span> <span class='ocrx_word' id='word_1_651' title='bbox 3767 4699 3938 4753; x_wconf 72' lang='grc' dir='ltr'>αὐτοῦ</span> 
     </span>
    </p>
   </div>
   <div class='ocr_carea' id='block_1_94' title="bbox 589 4866 2173 4943">
    <p class='ocr_par' dir='ltr' id='par_1_94' title="bbox 589 4866 2173 4943">
     <span class='ocr_line' id='line_1_94' title="bbox 589 4866 2173 4943; baseline 0.006 -22"><span class='ocrx_word' id='word_1_652' title='bbox 589 4867 635 4902; x_wconf 73' lang='grc'><strong>⁸⁸</strong></span> <span class='ocrx_word' id='word_1_653' title='bbox 661 4866 872 4937; x_wconf 83' lang='lat' dir='ltr'>Ephes.</span> <span class='ocrx_word' id='word_1_654' title='bbox 895 4885 973 4937; x_wconf 79' lang='lat' dir='ltr'>xv,</span> <span class='ocrx_word' id='word_1_655' title='bbox 996 4870 1053 4925; x_wconf 90' lang='lat'>5.</span> <span class='ocrx_word' id='word_1_656' title='bbox 1084 4870 1131 4905; x_wconf 76' lang='grc' dir='ltr'>⁸ο</span> <span class='ocrx_word' id='word_1_657' title='bbox 1160 4870 1313 4927; x_wconf 89' lang='lat' dir='ltr'>Psal.</span> <span class='ocrx_word' id='word_1_658' title='bbox 1345 4888 1541 4943; x_wconf 65' lang='grc' dir='ltr'>χχχιιι,</span> <span class='ocrx_word' id='word_1_659' title='bbox 1579 4872 1630 4927; x_wconf 88' lang='grc'><strong>3.</strong></span> <span class='ocrx_word' id='word_1_660' title='bbox 1687 4872 1730 4908; x_wconf 69' lang='grc'>⁸1</span> <span class='ocrx_word' id='word_1_661' title='bbox 1764 4872 1915 4929; x_wconf 84' lang='lat' dir='ltr'>Psal.</span> <span class='ocrx_word' id='word_1_662' title='bbox 1951 4890 2132 4941; x_wconf 78' lang='lat' dir='ltr'>LXXVI,</span> <span class='ocrx_word' id='word_1_663' title='bbox 2164 4896 2173 4917; x_wconf 71' lang='grc' dir='ltr'>ι</span> 
     </span>
    </p>
   </div>
   <div class='ocr_carea' id='block_1_95' title="bbox 2281 4866 2659 4943">
    <p class='ocr_par' dir='ltr' id='par_1_95' title="bbox 2281 4873 2659 4943">
     <span class='ocr_line' id='line_1_95' title="bbox 2281 4873 2659 4943; baseline -0.013 -12"><span class='ocrx_word' id='word_1_664' title='bbox 2281 4874 2293 4908; x_wconf 86' lang='grc'>¹</span> <span class='ocrx_word' id='word_1_665' title='bbox 2321 4873 2440 4931; x_wconf 84' lang='lat' dir='ltr'>Jer.</span> <span class='ocrx_word' id='word_1_666' title='bbox 2473 4890 2552 4943; x_wconf 77' lang='lat' dir='ltr'>1x,</span> <span class='ocrx_word' id='word_1_667' title='bbox 2605 4873 2659 4927; x_wconf 90' lang='grc'>4.</span> 
     </span>
    </p>
   </div>
   <div class='ocr_carea' id='block_1_96' title="bbox 522 5037 2176 5169">
    <p class='ocr_par' dir='ltr' id='par_1_96' title="bbox 522 5037 2176 5169">
     <span class='ocr_line' id='line_1_96' title="bbox 596 5037 2176 5112; baseline 0.006 -20"><span class='ocrx_word' id='word_1_668' title='bbox 596 5038 674 5109; x_wconf 90' lang='lat' dir='ltr'>(a)</span> <span class='ocrx_word' id='word_1_669' title='bbox 713 5037 870 5093; x_wconf 84' lang='lat' dir='ltr'>Alias</span> <span class='ocrx_word' id='word_1_670' title='bbox 897 5040 951 5105; x_wconf 86' lang='lat'>5,</span> <span class='ocrx_word' id='word_1_671' title='bbox 986 5056 1111 5112; x_wconf 73' lang='lat' dir='ltr'>quae</span> <span class='ocrx_word' id='word_1_672' title='bbox 1147 5046 1341 5097; x_wconf 88' lang='lat' dir='ltr'>autem</span> <span class='ocrx_word' id='word_1_673' title='bbox 1396 5042 1462 5095; x_wconf 88' lang='grc'>10</span> <span class='ocrx_word' id='word_1_674' title='bbox 1509 5048 1651 5110; x_wconf 90' lang='lat' dir='ltr'>erat,</span> <span class='ocrx_word' id='word_1_675' title='bbox 1696 5060 1852 5100; x_wconf 91' lang='lat' dir='ltr'>nunc</span> <span class='ocrx_word' id='word_1_676' title='bbox 1881 5046 1935 5101; x_wconf 90' lang='lat'>7.</span> <span class='ocrx_word' id='word_1_677' title='bbox 1970 5078 2037 5085; x_wconf 95' lang='lat'>—</span> <span class='ocrx_word' id='word_1_678' title='bbox 2067 5051 2176 5103; x_wconf 89' lang='lat' dir='ltr'>Ha-</span> 
     </span>
     <span class='ocr_line' id='line_1_97' title="bbox 522 5110 1458 5169; baseline 0.003 -5"><span class='ocrx_word' id='word_1_679' title='bbox 522 5110 646 5165; x_wconf 89' lang='lat' dir='ltr'>bita</span> <span class='ocrx_word' id='word_1_680' title='bbox 668 5110 861 5165; x_wconf 86' lang='lat' dir='ltr'>medio</span> <span class='ocrx_word' id='word_1_681' title='bbox 892 5111 1121 5167; x_wconf 84' lang='lat' dir='ltr'>circiter</span> <span class='ocrx_word' id='word_1_682' title='bbox 1151 5130 1304 5169; x_wconf 87' lang='lat' dir='ltr'>anno</span> <span class='ocrx_word' id='word_1_683' title='bbox 1335 5115 1458 5168; x_wconf 83' lang='lat'>372.</span> 
     </span>
    </p>
   </div>
   <div class='ocr_carea' id='block_1_97' title="bbox 593 5180 2170 5253">
    <p class='ocr_par' dir='ltr' id='par_1_97' title="bbox 593 5180 2170 5253">
     <span class='ocr_line' id='line_1_98' title="bbox 593 5180 2170 5253; baseline 0.003 -18"><span class='ocrx_word' id='word_1_684' title='bbox 593 5182 705 5253; x_wconf 67' lang='lat'>(112)</span> <span class='ocrx_word' id='word_1_685' title='bbox 737 5180 830 5243; x_wconf 82' lang='grc' dir='ltr'>Εἰς</span> <span class='ocrx_word' id='word_1_686' title='bbox 861 5181 1069 5238; x_wconf 69' lang='grc' dir='ltr'>ἑαυτόν.</span> <span class='ocrx_word' id='word_1_687' title='bbox 1108 5186 1167 5239; x_wconf 90' lang='lat' dir='ltr'>In</span> <span class='ocrx_word' id='word_1_688' title='bbox 1200 5186 1319 5243; x_wconf 86' lang='lat' dir='ltr'>Jes.</span> <span class='ocrx_word' id='word_1_689' title='bbox 1354 5187 1481 5241; x_wconf 92' lang='lat' dir='ltr'>cod.</span> <span class='ocrx_word' id='word_1_690' title='bbox 1518 5186 1601 5241; x_wconf 91' lang='lat' dir='ltr'>sic</span> <span class='ocrx_word' id='word_1_691' title='bbox 1650 5187 1895 5244; x_wconf 87' lang='lat' dir='ltr'>titulus:</span> <span class='ocrx_word' id='word_1_692' title='bbox 1957 5186 2049 5249; x_wconf 71' lang='grc' dir='ltr'>Εἷς</span> <span class='ocrx_word' id='word_1_693' title='bbox 2080 5188 2170 5242; x_wconf 86' lang='grc' dir='ltr'>τὸν</span> 
     </span>
    </p>
   </div>
   <div class='ocr_carea' id='block_1_98' title="bbox 518 5250 2174 5332">
    <p class='ocr_par' dir='ltr' id='par_1_98' title="bbox 518 5250 2174 5332">
     <span class='ocr_line' id='line_1_99' title="bbox 518 5250 2174 5332; baseline 0.004 -27"><span class='ocrx_word' id='word_1_694' title='bbox 518 5250 722 5332; x_wconf 53' lang='grc' dir='ltr'>πατέρα</span> <span class='ocrx_word' id='word_1_695' title='bbox 772 5254 981 5325; x_wconf 68' lang='grc' dir='ltr'>ἑαυτοῦ,</span> <span class='ocrx_word' id='word_1_696' title='bbox 1015 5254 1103 5309; x_wconf 76' lang='grc' dir='ltr'>καὶ</span> <span class='ocrx_word' id='word_1_697' title='bbox 1164 5256 1241 5332; x_wconf 78' lang='grc' dir='ltr'>εἷς</span> <span class='ocrx_word' id='word_1_698' title='bbox 1300 5256 1405 5332; x_wconf 40' lang='grc' dir='ltr'>τὸν.</span> <span class='ocrx_word' id='word_1_699' title='bbox 1437 5255 1720 5332; x_wconf 76' lang='grc' dir='ltr'>Βασίλειον</span> <span class='ocrx_word' id='word_1_700' title='bbox 1774 5260 1955 5332; x_wconf 76' lang='grc' dir='ltr'>μεγαν,</span> <span class='ocrx_word' id='word_1_701' title='bbox 2014 5260 2174 5327; x_wconf 81' lang='grc' dir='ltr'>ἡνίκα</span> 
     </span>
    </p>
   </div>
   <div class='ocr_carea' id='block_1_99' title="bbox 519 5320 2171 5401">
    <p class='ocr_par' dir='ltr' id='par_1_99' title="bbox 519 5320 2171 5401">
     <span class='ocr_line' id='line_1_100' title="bbox 519 5320 2171 5401; baseline 0.004 -23"><span class='ocrx_word' id='word_1_702' title='bbox 519 5320 753 5396; x_wconf 75' lang='grc' dir='ltr'>ἔμελλον</span> <span class='ocrx_word' id='word_1_703' title='bbox 818 5320 1147 5401; x_wconf 75' lang='grc' dir='ltr'>χειροτονεῖν</span> <span class='ocrx_word' id='word_1_704' title='bbox 1185 5327 1341 5383; x_wconf 78' lang='grc' dir='ltr'>αὐτὸν</span> <span class='ocrx_word' id='word_1_705' title='bbox 1390 5327 1705 5385; x_wconf 70' lang='grc' dir='ltr'>ἐπίσκοπον.</span> <span class='ocrx_word' id='word_1_706' title='bbox 1734 5320 1783 5379; x_wconf 76' lang='grc'>‹‹’</span> <span class='ocrx_word' id='word_1_707' title='bbox 1822 5320 1903 5385; x_wconf 68' lang='grc' dir='ltr'>Ᾰά</span> <span class='ocrx_word' id='word_1_708' title='bbox 1944 5320 2171 5401; x_wconf 71' lang='lat' dir='ltr'>patrem</span> 
     </span>
    </p>
   </div>
   <div class='ocr_carea' id='block_1_100' title="bbox 521 5401 2170 5475">
    <p class='ocr_par' dir='ltr' id='par_1_100' title="bbox 521 5401 2170 5475">
     <span class='ocr_line' id='line_1_101' title="bbox 521 5401 2170 5475; baseline 0.002 -24"><span class='ocrx_word' id='word_1_709' title='bbox 521 5402 781 5463; x_wconf 91' lang='lat' dir='ltr'>suum,et</span> <span class='ocrx_word' id='word_1_710' title='bbox 812 5401 881 5454; x_wconf 90' lang='lat' dir='ltr'>ad</span> <span class='ocrx_word' id='word_1_711' title='bbox 898 5401 1177 5475; x_wconf 86' lang='lat' dir='ltr'>Basilium</span> <span class='ocrx_word' id='word_1_712' title='bbox 1208 5419 1507 5475; x_wconf 88' lang='lat' dir='ltr'>magnum,</span> <span class='ocrx_word' id='word_1_713' title='bbox 1529 5419 1662 5456; x_wconf 89' lang='lat' dir='ltr'>cum</span> <span class='ocrx_word' id='word_1_714' title='bbox 1686 5402 2170 5472; x_wconf 88' lang='lat' dir='ltr'>episcopumeum</span> 
     </span>
    </p>
   </div>
   <div class='ocr_carea' id='block_1_101' title="bbox 521 5474 1202 5526">
    <p class='ocr_par' dir='ltr' id='par_1_101' title="bbox 521 5474 1202 5526">
     <span class='ocr_line' id='line_1_102' title="bbox 521 5474 1202 5526; baseline -0.001 -3"><span class='ocrx_word' id='word_1_715' title='bbox 521 5475 720 5524; x_wconf 88' lang='lat' dir='ltr'>essent</span> <span class='ocrx_word' id='word_1_716' title='bbox 741 5474 1154 5526; x_wconf 88' lang='lat' dir='ltr'>consecraturi.</span> <span class='ocrx_word' id='word_1_717' title='bbox 1182 5498 1202 5522; x_wconf 74' lang='grc' dir='ltr'>ι</span> 
     </span>
    </p>
   </div>
   <div class='ocr_carea' id='block_1_102' title="bbox 594 5540 1520 5613">
    <p class='ocr_par' dir='ltr' id='par_1_102' title="bbox 594 5540 1520 5613">
     <span class='ocr_line' id='line_1_103' title="bbox 594 5540 1520 5613; baseline 0.002 -20"><span class='ocrx_word' id='word_1_718' title='bbox 594 5542 706 5608; x_wconf 84' lang='grc'>(43)</span> <span class='ocrx_word' id='word_1_719' title='bbox 748 5541 997 5613; x_wconf 63' lang='grc' dir='ltr'>’βμαυτῷ</span> <span class='ocrx_word' id='word_1_720' title='bbox 1052 5540 1126 5596; x_wconf 73' lang='grc' dir='ltr'>δὲ.</span> <span class='ocrx_word' id='word_1_721' title='bbox 1192 5545 1284 5599; x_wconf 89' lang='lat' dir='ltr'>Sic</span> <span class='ocrx_word' id='word_1_722' title='bbox 1343 5545 1520 5613; x_wconf 78' lang='lat' dir='ltr'>Regg.</span> 
     </span>
    </p>
   </div>
   <div class='ocr_carea' id='block_1_103' title="bbox 524 5609 1187 5669">
    <p class='ocr_par' dir='ltr' id='par_1_103' title="bbox 524 5609 1187 5669">
     <span class='ocr_line' id='line_1_104' title="bbox 524 5609 1187 5669; baseline 0.005 -5"><span class='ocrx_word' id='word_1_723' title='bbox 524 5610 699 5665; x_wconf 86' lang='lat' dir='ltr'>Deest</span> <span class='ocrx_word' id='word_1_724' title='bbox 756 5609 812 5663; x_wconf 78' lang='grc' dir='ltr'>δέ</span> <span class='ocrx_word' id='word_1_725' title='bbox 843 5613 903 5667; x_wconf 89' lang='lat' dir='ltr'>in</span> <span class='ocrx_word' id='word_1_726' title='bbox 935 5614 1063 5669; x_wconf 87' lang='lat' dir='ltr'>Par.</span> <span class='ocrx_word' id='word_1_727' title='bbox 1096 5615 1187 5669; x_wconf 86' lang='lat' dir='ltr'>ed.</span> 
     </span>
    </p>
   </div>
   <div class='ocr_carea' id='block_1_104' title="bbox 597 5681 2170 5760">
    <p class='ocr_par' dir='ltr' id='par_1_104' title="bbox 597 5681 2170 5760">
     <span class='ocr_line' id='line_1_105' title="bbox 597 5681 2170 5760; baseline 0.008 -26"><span class='ocrx_word' id='word_1_728' title='bbox 597 5682 709 5750; x_wconf 76' lang='grc'>(44)</span> <span class='ocrx_word' id='word_1_729' title='bbox 756 5681 842 5751; x_wconf 81' lang='grc' dir='ltr'>Τῷ</span> <span class='ocrx_word' id='word_1_730' title='bbox 872 5686 1136 5757; x_wconf 80' lang='grc' dir='ltr'>πενιχρῷ,</span> <span class='ocrx_word' id='word_1_731' title='bbox 1177 5689 1287 5740; x_wconf 90' lang='lat' dir='ltr'>etc.</span> <span class='ocrx_word' id='word_1_732' title='bbox 1320 5682 1578 5740; x_wconf 85' lang='lat' dir='ltr'>Combef.</span> <span class='ocrx_word' id='word_1_733' title='bbox 1610 5705 1639 5733; x_wconf 82' lang='lat'><strong>«</strong></span> <span class='ocrx_word' id='word_1_734' title='bbox 1686 5683 1816 5741; x_wconf 73' lang='lat' dir='ltr'>vitae</span> <span class='ocrx_word' id='word_1_735' title='bbox 1874 5684 1969 5743; x_wconf 90' lang='lat' dir='ltr'>hic</span> <span class='ocrx_word' id='word_1_736' title='bbox 2022 5703 2170 5760; x_wconf 85' lang='lat' dir='ltr'>pau-</span> 
     </span>
    </p>
   </div>
   <div class='ocr_carea' id='block_1_105' title="bbox 1578 5542 2168 5613">
    <p class='ocr_par' dir='ltr' id='par_1_105' title="bbox 1578 5542 2168 5613">
     <span class='ocr_line' id='line_1_106' title="bbox 1578 5542 2168 5613; baseline 0.002 -18"><span class='ocrx_word' id='word_1_737' title='bbox 1578 5544 1696 5609; x_wconf 80' lang='lat' dir='ltr'>bm,</span> <span class='ocrx_word' id='word_1_738' title='bbox 1759 5543 1857 5610; x_wconf 89' lang='lat' dir='ltr'>bu,</span> <span class='ocrx_word' id='word_1_739' title='bbox 1902 5547 1957 5596; x_wconf 90' lang='lat' dir='ltr'>et</span> <span class='ocrx_word' id='word_1_740' title='bbox 1987 5542 2082 5597; x_wconf 90' lang='lat' dir='ltr'>Or.</span> <span class='ocrx_word' id='word_1_741' title='bbox 2115 5545 2168 5613; x_wconf 80' lang='lat'>2,</span> 
     </span>
    </p>
   </div>
   <div class='ocr_carea' id='block_1_106' title="bbox 2284 5042 3133 5118">
    <p class='ocr_par' dir='ltr' id='par_1_106' title="bbox 2284 5042 3133 5118">
     <span class='ocr_line' id='line_1_107' title="bbox 2284 5042 3133 5118; baseline -0.002 -18"><span class='ocrx_word' id='word_1_742' title='bbox 2284 5060 2419 5118; x_wconf 90' lang='lat' dir='ltr'>pere</span> <span class='ocrx_word' id='word_1_743' title='bbox 2449 5044 2610 5100; x_wconf 91' lang='lat' dir='ltr'>cultu</span> <span class='ocrx_word' id='word_1_744' title='bbox 2641 5060 2708 5099; x_wconf 87' lang='lat' dir='ltr'>ac</span> <span class='ocrx_word' id='word_1_745' title='bbox 2737 5042 3079 5118; x_wconf 66' lang='lat' dir='ltr'>discipline.</span> <span class='ocrx_word' id='word_1_746' title='bbox 3104 5064 3133 5091; x_wconf 83' lang='lat'><strong>»</strong></span> 
     </span>
    </p>
   </div>
   <div class='ocr_carea' id='block_1_107' title="bbox 2355 5109 3755 5189">
    <p class='ocr_par' dir='ltr' id='par_1_107' title="bbox 2355 5109 3755 5189">
     <span class='ocr_line' id='line_1_108' title="bbox 2355 5109 3755 5189; baseline -0.002 -19"><span class='ocrx_word' id='word_1_747' title='bbox 2355 5117 2466 5189; x_wconf 88' lang='grc'>(45)</span> <span class='ocrx_word' id='word_1_748' title='bbox 2508 5109 2947 5189; x_wconf 45' lang='grc' dir='ltr'>λΤαπεινοτὲρων.</span> <span class='ocrx_word' id='word_1_749' title='bbox 2981 5115 3106 5189; x_wconf 79' lang='lat' dir='ltr'>Duo</span> <span class='ocrx_word' id='word_1_750' title='bbox 3138 5113 3320 5184; x_wconf 83' lang='lat' dir='ltr'>Regg.</span> <span class='ocrx_word' id='word_1_751' title='bbox 3349 5109 3755 5187; x_wconf 76' lang='grc' dir='ltr'>ταπεινότερον.</span> 
     </span>
    </p>
   </div>
   <div class='ocr_carea' id='block_1_108' title="bbox 2354 5184 3149 5258">
    <p class='ocr_par' dir='ltr' id='par_1_108' title="bbox 2354 5184 3149 5258">
     <span class='ocr_line' id='line_1_109' title="bbox 2354 5184 3149 5258; baseline -0.006 -15"><span class='ocrx_word' id='word_1_752' title='bbox 2354 5184 2469 5257; x_wconf 81' lang='grc'>(46)</span> <span class='ocrx_word' id='word_1_753' title='bbox 2510 5187 2670 5243; x_wconf 85' lang='grc' dir='ltr'>Ἳσον.</span> <span class='ocrx_word' id='word_1_754' title='bbox 2696 5184 2838 5258; x_wconf 67' lang='lat' dir='ltr'>Reg.</span> <span class='ocrx_word' id='word_1_755' title='bbox 2872 5187 2973 5258; x_wconf 89' lang='lat' dir='ltr'>hu,</span> <span class='ocrx_word' id='word_1_756' title='bbox 3005 5184 3149 5258; x_wconf 74' lang='grc' dir='ltr'>ὅσον.</span> 
     </span>
    </p>
   </div>
   <div class='ocr_carea' id='block_1_109' title="bbox 2354 5250 3940 5331">
    <p class='ocr_par' dir='ltr' id='par_1_109' title="bbox 2354 5250 3940 5331">
     <span class='ocr_line' id='line_1_110' title="bbox 2354 5250 3940 5331; baseline -0.005 -18"><span class='ocrx_word' id='word_1_757' title='bbox 2354 5250 2465 5331; x_wconf 86' lang='grc'>(47)</span> <span class='ocrx_word' id='word_1_758' title='bbox 2531 5250 3163 5331; x_wconf 57' lang='grc' dir='ltr'>Παρεστήσατο.’Βᾷεὶι.</span> <span class='ocrx_word' id='word_1_759' title='bbox 3238 5252 3393 5331; x_wconf 49' lang='grc' dir='ltr'>τουτί</span> <span class='ocrx_word' id='word_1_760' title='bbox 3441 5251 3607 5331; x_wconf 79' lang='grc' dir='ltr'>ἔστιν,</span> <span class='ocrx_word' id='word_1_761' title='bbox 3662 5250 3940 5328; x_wconf 75' lang='grc' dir='ltr'>ᾐχμαλώ-</span> 
     </span>
    </p>
   </div>
   <div class='ocr_carea' id='block_1_110' title="bbox 2280 5326 3611 5402">
    <p class='ocr_par' dir='ltr' id='par_1_110' title="bbox 2280 5326 3611 5402">
     <span class='ocr_line' id='line_1_111' title="bbox 2280 5326 3611 5402; baseline -0.001 -20"><span class='ocrx_word' id='word_1_762' title='bbox 2280 5326 2458 5400; x_wconf 75' lang='grc' dir='ltr'>τευσε,</span> <span class='ocrx_word' id='word_1_763' title='bbox 2478 5332 2535 5386; x_wconf 94' lang='lat' dir='ltr'>id</span> <span class='ocrx_word' id='word_1_764' title='bbox 2568 5326 2677 5397; x_wconf 85' lang='lat' dir='ltr'>est,</span> <span class='ocrx_word' id='word_1_765' title='bbox 2704 5354 2731 5381; x_wconf 87' lang='grc'><em>‹‹</em></span> <span class='ocrx_word' id='word_1_766' title='bbox 2764 5326 2823 5387; x_wconf 88' lang='lat' dir='ltr'>in</span> <span class='ocrx_word' id='word_1_767' title='bbox 2857 5330 3251 5402; x_wconf 64' lang='lat' dir='ltr'>captivitatem</span> <span class='ocrx_word' id='word_1_768' title='bbox 3287 5326 3545 5402; x_wconf 71' lang='lat' dir='ltr'>abduxit.</span> <span class='ocrx_word' id='word_1_769' title='bbox 3582 5349 3611 5375; x_wconf 84' lang='lat'><strong><em>»</em></strong></span> 
     </span>
    </p>
   </div>
   <div class='ocr_carea' id='block_1_111' title="bbox 2353 5394 3931 5475">
    <p class='ocr_par' dir='ltr' id='par_1_111' title="bbox 2353 5394 3931 5475">
     <span class='ocr_line' id='line_1_112' title="bbox 2353 5394 3931 5475; baseline -0.005 -20"><span class='ocrx_word' id='word_1_770' title='bbox 2353 5394 2465 5475; x_wconf 71' lang='grc'>(48⁷)</span> <span class='ocrx_word' id='word_1_771' title='bbox 2489 5402 2557 5457; x_wconf 87' lang='grc' dir='ltr'>Τὸ</span> <span class='ocrx_word' id='word_1_772' title='bbox 2587 5394 2814 5475; x_wconf 70' lang='grc' dir='ltr'>πνεῦμα.</span> <span class='ocrx_word' id='word_1_773' title='bbox 2862 5394 2955 5458; x_wconf 73' lang='lat' dir='ltr'>Sic</span> <span class='ocrx_word' id='word_1_774' title='bbox 3013 5403 3127 5459; x_wconf 92' lang='lat' dir='ltr'>duo</span> <span class='ocrx_word' id='word_1_775' title='bbox 3182 5400 3364 5471; x_wconf 83' lang='lat' dir='ltr'>Regg.</span> <span class='ocrx_word' id='word_1_776' title='bbox 3415 5404 3471 5455; x_wconf 87' lang='lat' dir='ltr'>et</span> <span class='ocrx_word' id='word_1_777' title='bbox 3498 5400 3618 5456; x_wconf 87' lang='lat' dir='ltr'>Jes.</span> <span class='ocrx_word' id='word_1_778' title='bbox 3652 5399 3819 5454; x_wconf 81' lang='lat' dir='ltr'>Deest</span> <span class='ocrx_word' id='word_1_779' title='bbox 3861 5394 3931 5448; x_wconf 78' lang='grc' dir='ltr'>τό</span> 
     </span>
    </p>
   </div>
   <div class='ocr_carea' id='block_1_112' title="bbox 2281 5474 3641 5531">
    <p class='ocr_par' dir='ltr' id='par_1_112' title="bbox 2281 5474 3641 5531">
     <span class='ocr_line' id='line_1_113' title="bbox 2281 5474 3641 5531; baseline 0.003 -4"><span class='ocrx_word' id='word_1_780' title='bbox 2281 5474 2337 5527; x_wconf 89' lang='lat' dir='ltr'>in</span> <span class='ocrx_word' id='word_1_781' title='bbox 2370 5475 2460 5527; x_wconf 85' lang='lat' dir='ltr'>ed.</span> <span class='ocrx_word' id='word_1_782' title='bbox 2728 5474 2731 5475; x_wconf 16' lang='grc' dir='ltr'><em>ν</em></span> <span class='ocrx_word' id='word_1_783' title='bbox 3638 5526 3641 5531; x_wconf 87' lang='grc'><strong>.</strong></span> 
     </span>
    </p>
   </div>
   <div class='ocr_carea' id='block_1_113' title="bbox 2350 5535 3933 5616">
    <p class='ocr_par' dir='ltr' id='par_1_113' title="bbox 2350 5535 3933 5616">
     <span class='ocr_line' id='line_1_114' title="bbox 2350 5535 3933 5616; baseline -0.012 -7"><span class='ocrx_word' id='word_1_784' title='bbox 2350 5546 2460 5616; x_wconf 68' lang='grc'>(49)</span> <span class='ocrx_word' id='word_1_785' title='bbox 2488 5546 2687 5616; x_wconf 3' lang='grc' dir='ltr'>(Ἦμεν,</span> <span class='ocrx_word' id='word_1_786' title='bbox 2718 5550 2826 5601; x_wconf 87' lang='lat' dir='ltr'>etc.</span> <span class='ocrx_word' id='word_1_787' title='bbox 2866 5545 3043 5601; x_wconf 87' lang='lat' dir='ltr'>Coisl.</span> <span class='ocrx_word' id='word_1_788' title='bbox 3095 5547 3145 5615; x_wconf 92' lang='grc'>1,</span> <span class='ocrx_word' id='word_1_789' title='bbox 3172 5542 3329 5616; x_wconf 72' lang='grc' dir='ltr'>ἐσμὲν</span> <span class='ocrx_word' id='word_1_790' title='bbox 3380 5544 3476 5596; x_wconf 77' lang='grc' dir='ltr'>τοῦ</span> <span class='ocrx_word' id='word_1_791' title='bbox 3532 5540 3697 5594; x_wconf 77' lang='grc' dir='ltr'>αὑτοῦ</span> <span class='ocrx_word' id='word_1_792' title='bbox 3743 5535 3933 5604; x_wconf 79' lang='grc' dir='ltr'>πηλοῦ</span> 
     </span>
    </p>
   </div>
   <div class='ocr_carea' id='block_1_114' title="bbox 2280 5611 3937 5746">
    <p class='ocr_par' dir='ltr' id='par_1_114' title="bbox 2280 5611 3937 5746">
     <span class='ocr_line' id='line_1_115' title="bbox 2280 5611 3937 5746; baseline -0.008 -64"><span class='ocrx_word' id='word_1_793' title='bbox 2280 5611 2368 5668; x_wconf 76' lang='grc' dir='ltr'>κάἱ</span> <span class='ocrx_word' id='word_1_794' title='bbox 2400 5611 2697 5746; x_wconf 53' lang='grc' dir='ltr'>κράὲάτος,</span> <span class='ocrx_word' id='word_1_795' title='bbox 2729 5637 2752 5670; x_wconf 72' lang='grc' dir='ltr'>ι</span> <span class='ocrx_word' id='word_1_796' title='bbox 2799 5634 3008 5680; x_wconf 72' lang='lat' dir='ltr'>sumus</span> <span class='ocrx_word' id='word_1_797' title='bbox 3066 5611 3139 5677; x_wconf 62' lang='lat' dir='ltr'>ex</span> <span class='ocrx_word' id='word_1_798' title='bbox 3178 5611 3385 5678; x_wconf 76' lang='lat' dir='ltr'>eodem</span> <span class='ocrx_word' id='word_1_799' title='bbox 3458 5616 3582 5673; x_wconf 87' lang='lat' dir='ltr'>luto</span> <span class='ocrx_word' id='word_1_800' title='bbox 3628 5617 3687 5672; x_wconf 81' lang='lat' dir='ltr'>et</span> <span class='ocrx_word' id='word_1_801' title='bbox 3730 5626 3937 5671; x_wconf 67' lang='lat' dir='ltr'>massa</span> 
     </span>
     <span class='ocr_line' id='line_1_116' title="bbox 2280 5702 2618 5746; baseline 0.003 -1"><span class='ocrx_word' id='word_1_802' title='bbox 2280 5702 2489 5746; x_wconf 87' lang='lat' dir='ltr'>concre</span> <span class='ocrx_word' id='word_1_803' title='bbox 2542 5731 2557 5746; x_wconf 93' lang='lat'>.</span> <span class='ocrx_word' id='word_1_804' title='bbox 2590 5716 2618 5746; x_wconf 66' lang='grc' dir='ltr'><strong>ρ</strong></span> 
     </span>
    </p>
   </div>
   <div class='ocr_carea' id='block_1_115' title="bbox 2280 5702 2618 5749">
    <p class='ocr_par' dir='ltr' id='par_1_115' title="bbox 2280 5702 2618 5749">
     <span class='ocr_line' id='line_1_117' title="bbox 2280 5702 2618 5749; baseline 0 -3"><span class='ocrx_word' id='word_1_805' title='bbox 2280 5702 2557 5749; x_wconf 68' lang='grc' dir='ltr'>ΟΟΠΟΓΘΠ.</span> <span class='ocrx_word' id='word_1_806' title='bbox 2590 5716 2618 5746; x_wconf 63' lang='grc' dir='ltr'><strong>ρ</strong></span> 
     </span>
    </p>
   </div>
  </div>
