4244 6216
123 98 430 138 μενέεις(
481 99 508 114 ·’

149 135 170 142 ς.
255 135 266 150 δ
356 135 386 142 ί-

325 373 443 435 899

1520 365 1814 428 ORATIO
1857 366 1934 427 X.
1968 399 2045 413 -
2075 366 2154 428 IN
2199 367 2564 431 SEIPSUM.

3622 369 3743 431 830

327 507 462 582 χοὸς
488 504 576 559 καὶ
633 523 967 580 φυραματος,
1023 501 1112 556 καὶ
1169 505 1264 555 τοῦ
1322 500 1484 555 αὐτοῦ
1534 499 1697 571 ξύλου
1729 502 1823 568 τῆς
1882 520 1980 554 κα-

2094 503 2297 558 eadem
2329 507 2483 574 terra
2515 507 2570 558 et
2600 519 2797 560 massa
2814 503 3201 576 coagmentati
3219 502 3427 570 simus,
3447 504 3745 558 eamdem-

325 595 445 656 κίας
495 591 795 669 γεγεύμεθα
841 593 988 665 (50)·
1043 592 1246 658 σκηνὴν
1283 587 1339 644 δὲ
1371 588 1540 651 ἄλλος
1583 588 1761 658 ἄλλην
1795 589 1980 665 εὐπρε-

327 683 583 756 πεστέραν
618 675 1030 758 προϐέϐληταις
1061 681 1150 734 καὶ
1180 679 1231 733 τί
1267 700 1357 752 μοι
1392 686 1492 749 τῆς
1526 677 1711 756 φιλίας
1773 677 1981 748 ἐκείνης

335 770 554 850 ὄφελος,
587 768 802 844 ἔλεγον,
855 776 957 838 τῆς
1019 767 1272 837 ζηλωτῆς
1332 770 1444 840 (51)
1501 767 1590 822 καὶ
1622 763 1978 842 περιϐοήτου,

327 860 626 936 ἀρξαμένης
673 859 776 912 ἀπὸ
823 858 1052 928 κόσμου,
1106 857 1194 910 καὶ
1252 854 1630 932 προελθούσης
1690 855 1767 917 εἷς
1822 859 1980 909 πνεῦ-

330 969 436 1022 μα;
468 948 529 1003 Τί
581 946 665 1002 δαὶ
715 950 828 1020 (52)
879 953 978 1016 τῆς
1033 951 1157 1018 μιᾶς
1209 947 1402 1021 στέγης
1452 967 1510 1000 τε
1546 946 1635 999 καὶ
1665 943 1974 1019 τραπέζης;

323 1039 358 1108 ἢ
394 1037 447 1092 τί
485 1042 588 1092 τῶν
636 1041 833 1091 κοινῶν
883 1033 1186 1090 παιδευτῶν
1233 1056 1292 1089 τε
1343 1035 1431 1088 καὶ
1476 1033 1855 1107 παιδευμάτων
1882 1052 1896 1103 ;
1926 1034 1978 1088 τί

327 1127 414 1183 δαὶ
465 1133 564 1196 τῆς
627 1126 758 1200 ὑπὲρ
808 1122 1077 1204 ἀδελφοὺς
1139 1123 1500 1200 ἀνακράσεως,
1550 1125 1586 1193 ἢ
1627 1130 1728 1193 τῆς
1755 1122 1977 1199 γνησίας

324 1214 627 1291 συμπνοίας
659 1214 900 1290 ὕστερον,
936 1214 980 1268 εί
1015 1210 1156 1287 μηδὲ
1182 1219 1439 1268 τοσοῦτον
1483 1214 1686 1289 ὑπῆρξέ
1739 1234 1831 1286 μοι
1877 1214 1973 1267 κά-

324 1327 402 1360 τω
437 1304 607 1379 μένειν
668 1304 720 1358 ἐν
769 1308 943 1378 καιρῷ
991 1300 1298 1364 δυναστείας
1357 1301 1445 1356 καὶ
1495 1300 1686 1376 ὕψους,
1720 1301 1883 1356 ὁπότε
1909 1302 1973 1356 τὸ

325 1397 438 1466 (53)
468 1391 705 1448 ἐναντίον
731 1392 848 1454 τοίς
878 1390 1114 1453 πολλοῖς
1147 1389 1502 1459 σπουδάζεται
1543 1391 1633 1445 καὶ
1679 1389 1971 1466 ἐπιτυγχά-

325 1505 492 1553 νεται,
523 1484 585 1536 τὸ
615 1479 1098 1557 παραὸυναστεύειν
1129 1478 1298 1555 λέγω,
1333 1481 1421 1534 καὶ
1470 1487 1571 1549 τῆς
1627 1484 1734 1533 τῶν
1793 1479 1966 1557 φίλων

331 1574 576 1647 μετέχειν
612 1569 903 1645 εὐημερίας
934 1572 1077 1643 (54),

395 1839 554 1898 Γ’.Τί
607 1859 698 1913 μοι
760 1839 932 1892 πάντα
992 1835 1168 1912 λέγειν
1221 1836 1285 1890 τὰ
1339 1843 1437 1906 τῆς
1490 1837 1669 1906 λύπης
1726 1837 1813 1891 καὶ
1866 1844 1966 1907 τῆς
2000 1873 2047 1938 Β

323 1927 571 2000 ἆκηδίας,
599 1930 664 1996 ἣν
700 1927 861 2005 ζόφον
893 1927 1001 2001 ἐγὼ
1031 1923 1206 1998 καλῶ,
1236 1931 1332 1980 τοῦ
1361 1930 1459 1979 νοῦ
1493 1925 1620 1999 εὐρή
1633 1947 1773 1998 ματα
1817 1929 1965 2000 (55);

325 2020 427 2077 Καὶ
455 2018 556 2094 γὰρ
586 2021 773 2088 ταῦτα,
811 2017 900 2070 καὶ
946 2014 1153 2069 τούτων
1201 2016 1268 2084 ἦν
1324 2014 1676 2090 ἀτοπώτερα·
1736 2036 1973 2091 κατηγο-

326 2111 478 2183 ρήσω
533 2107 634 2181 γάρ
677 2105 834 2167 αὐτὸς
895 2104 999 2180 ἐγὼ
1055 2111 1156 2172 τῆς
1215 2103 1352 2175 ἐμῆς
1412 2101 1517 2158 εἴτε
1562 2104 1816 2167 ἀπονοίας
1867 2103 1972 2160 ετίτε

324 2198 530 2258 ἀνοίας.
583 2193 759 2250 Ἀλλὰ
821 2198 912 2248 νῦν
967 2187 1368 2266 μεταλαμϐάνω
1417 2194 1506 2246 καὶ
1559 2193 1972 2266 μεθαρμόζομαι

323 2287 396 2347 ὡς
426 2283 571 2340 πολὺ
598 2283 805 2339 τούτων
837 2284 926 2336 καὶ
975 2280 1329 2356 ἀληθέστερα,
1372 2283 1461 2335 καὶ
1506 2282 1640 2353 ἡμῖν
1689 2279 1972 2357 πρεπωδέ-

321 2395 502 2450 στερα.
561 2374 657 2428 Καὶ
699 2370 791 2426 τίνα
840 2368 990 2444 εἰδῇς
1037 2373 1147 2444 (56)
1195 2372 1258 2425 τὸ
1305 2372 1526 2446 γνήσιον
1573 2377 1670 2440 τῆς
1701 2373 1970 2448 ἡμετέρας

322 2460 656 2536 μεταϐολῆς,
709 2462 754 2514 ὦ
807 2462 1069 2533 θαυμάσιε
1127 2461 1187 2513 ού
1235 2458 1385 2520 λύεις
1438 2459 1602 2532 μόνον
1633 2461 1729 2528 τὴν
1759 2462 1969 2530 σιωπὴν

316 2555 376 2621 ἣν
410 2549 661 2625 ἐμέμψω,
695 2550 783 2604 καὶ
817 2552 879 2618 ἧς
910 2547 1096 2604 πολλὰ
1125 2543 1481 2618 κατεϐόησας,
1517 2547 1662 2604 ἀλλὰ
1707 2551 1796 2603 καὶ
1853 2571 1971 2604 συν-

317 2639 556 2715 ηγόρους
588 2636 735 2714 ἔχεις
763 2636 889 2699 τοὺς
913 2631 1310 2711 λόγους.Τοῢτο
1338 2637 1430 2710 μὲν
1453 2635 1562 2707 ἤδη
1581 2644 1681 2707 τῆς
1702 2637 1970 2715 ἡμετέρας

320 2729 505 2808 φιλίας
531 2732 802 2804 καθαρῶς,
836 2727 925 2782 καὶ
956 2731 1053 2782 τοῦ
1085 2726 1136 2780 έν
1169 2729 1304 2800 ἡμῖν
1331 2727 1661 2801 [Ινεύματος.
1695 2725 1870 2783 Ἀλλὰ
1889 2728 1973 2791 τίς

318 2822 354 2888 ἡ
389 2817 724 2895 συνηγορία;
758 2816 845 2871 καὶ
879 2814 932 2870 εἷ’
955 2835 1006 2869 τι
1040 2817 1329 2892 ἁμαρτάνω
1361 2819 1494 2889 (57),
1535 2815 1694 2878 αὐτὸς
1742 2813 1969 2894 ἐπανόρ-

323 2911 442 2980 θου,
475 2906 654 2978 ὣσπερ
685 2906 774 2960 καὶ
804 2903 984 2960 τᾶλλα
1014 2903 1232 2968 ετίωθας.
1291 2905 1399 2959 Οὐκ
1427 2903 1660 2980 ἤνεγκας
1704 2906 1767 2960 τὸ
1813 2912 1972 2962 πνεῦ-

326 3018 403 3070 μα
429 3000 529 3065 τῆς
562 2997 746 3074 φιλίας
771 3002 999 3064 ποιῆσαι
1031 2993 1275 3069 δεύτερον
1300 3013 1311 3026 °
1347 2994 1461 3049 ἐπεὶ
1500 2999 1606 3049 τῶν
1645 2996 1738 3068 μὲν
1785 2993 1970 3052 ἄλλων

317 3085 457 3147 ⁹ίσως
489 3088 674 3158 ἡμεῖς,
706 3087 865 3158 ἡμῶν
903 3081 959 3138 δὲ
986 3083 1047 3137 τὸ
1094 3084 1310 3156 Ηνεῦμά
1348 3103 1431 3136 σοι
1480 3086 1591 3155 (58)
1639 3081 1837 3156 πολλῷ
1892 3106 1974 3139 τι-

323 3175 614 3248 μιώτερον.
662 3171 776 3229 Ούκ
817 3171 1046 3246 ἤνεγκας
1095 3170 1146 3224 έν
1195 3175 1263 3244 τῇ
1303 3174 1376 3244 γῇ
1407 3172 1834 3250 κατακεκρύφθαι
1881 3173 1970 3228 καὶ

317 3261 671 3337 κατωρύχθαι
723 3264 832 3334 (59)
874 3261 936 3314 τὸ
978 3261 1241 3315 τάλαντον
1269 3279 1283 3292 ο
1319 3259 1416 3314 οὐκ
1444 3257 1678 3334 ἤνεγκας
1710 3261 1796 3316 ἐπὶ
1826 3259 1969 3316 πολὺ
2001 3237 2043 3304 C

315 3353 409 3406 τὸν
445 3350 648 3425 λύχνον
678 3354 758 3422 τῷ
794 3347 974 3422 μοδίῳ
1000 3348 1514 3425 περικαλύπτεσθαι,
1567 3350 1649 3404 ὅτι
1691 3347 1757 3418 δὴ
1813 3355 1974 3406 τοῦτο

315 3444 380 3495 τὸ
413 3440 544 3513 ἐμὸν
578 3443 714 3517 φῶς,
763 3439 853 3493 καὶ
899 3439 999 3507 τήν
1052 3437 1188 3512 ἐμὴν
1243 3437 1489 3514 ἐργασίαν
1543 3435 1972 3513 ὑπολαμϐάνεις.

319 3531 620 3599 Ἐζήτησας
695 3532 774 3599 τῷ
853 3525 1054 3600 Παύλῳ
1131 3548 1213 3580 σοι
1285 3528 1644 3602 προστεθῆναι
1717 3537 1806 3583 και
1882 3530 1973 3584 τὸν

319 3612 635 3693 Βαρνάϐαν·
699 3616 963 3687 ἐζήτησας
1037 3613 1316 3688 Σιλουανῷ
1374 3617 1461 3671 καὶ
1518 3618 1767 3690 Τιμοθέῳ
1813 3638 1978 3692 προσ-

319 3707 566 3782 γενέσθαι
599 3705 688 3760 καὶ
718 3705 870 3760 Τίτον
907 3708 1044 3779 (60),
1072 3705 1162 3758 ἳνα
1193 3727 1280 3759 σοι
1307 3705 1478 3780 τρέχῃ
1518 3706 1579 3760 τὸ
1611 3707 1860 3782 χάρισμα
1890 3705 1979 3761 διὰ

319 3801 430 3850 τῶν
463 3794 702 3870 γνησίως
738 3794 869 3869 ὑπὲρ
902 3797 997 3848 σοῦ
1041 3794 1456 3868 μεριμνώντων,
1488 3793 1577 3848 καὶ
1626 3793 1814 3866 κύκλῳ
1874 3795 1978 3850 ἀπὸ

319 3881 690 3959 Ἰερουσαλήμ
739 3883 902 3958 μέχρι
954 3886 1048 3937 τοῦ
1103 3879 1415 3958 Ἰλλυρικοῦ
1454 3881 1752 3957 πληρώσῃς
1782 3884 1846 3938 τὸ
1873 3884 1980 3938 E6-

324 3971 609 4050 αγγέλιον.

2093 607 2205 663 que
2234 592 2358 646 vitii
2419 593 2686 648 arborem
2737 592 3209 665 gustaverimus:
3244 596 3541 663 utcunque
3589 591 3741 648 alius

2094 679 2206 734 alio
2257 680 2669 751 speciosiorem
2731 681 2954 737 larvam
3009 681 3322 751 praeferat?
3377 681 3524 744 Quid
3583 697 3736 751 vero,

2093 769 2382 837 dicebam,
2401 769 2546 824 mihi
2574 770 2763 824 fructu
2796 770 3055 826 attulerit
3075 769 3353 842 praeclara
3381 768 3483 824 illa
3511 773 3566 824 et
3591 768 3738 826 cele-

2087 859 2210 916 bris
2243 859 2521 928 amicitia,
2555 877 2684 932 quae
2716 879 2749 916 a
2795 862 3016 916 mundo
3068 877 3292 928 exorsa,
3349 861 3419 915 ad
3465 860 3737 932 spiritum

2093 964 2402 1020 progressa
2423 951 2555 1005 est?
2576 949 2721 1015 Quid
2745 950 2902 1006 idem
2917 954 3159 1019 tectum,
3183 950 3445 1006 eamdem
3473 965 3738 1005 mensam

2088 1036 2367 1093 habuisse
2385 1038 2413 1092 ?
2443 1038 2590 1102 Quid
2624 1039 2860 1094 eosdem
2892 1044 3303 1112 praeceptores,
3329 1039 3564 1094 easdem
3584 1043 3739 1094 artes

2088 1129 2144 1180 et
2175 1126 2520 1200 disciplinas
2542 1127 2569 1182 ?
2595 1127 2743 1194 Quid
2767 1129 3020 1200 denique
3052 1127 3152 1184 illa
3183 1132 3386 1185 nostra
3415 1128 3736 1184 fraternum

2086 1232 2349 1272 amorem
2377 1234 2668 1288 superans
2697 1219 3066 1290 temperatio,
3104 1222 3209 1274 aut
3238 1217 3358 1273 haao
3388 1218 3586 1287 etiam,
3619 1235 3742 1288 quae

2086 1310 2290 1377 postea
2318 1311 2522 1362 secuta
2552 1311 2662 1374 est,
2689 1307 2917 1375 sincera
2962 1307 3297 1363 animorum
3331 1307 3661 1372 consensio,
3695 1308 3742 1362 si

2082 1410 2154 1449 ne
2175 1394 2284 1450 hoc
2316 1394 2555 1466 quidem
2591 1395 2734 1450 mihi
2764 1395 2951 1463 licuit,
2988 1400 3049 1452 ut
3069 1395 3300 1468 imperii
3331 1395 3740 1451 sublimitatis-

2080 1497 2193 1551 que
2222 1486 2484 1553 tempore
2505 1482 2716 1538 humili
2741 1483 2865 1538 loco
2884 1499 3180 1540 manerem
3209 1499 3377 1551 ;cum
3418 1481 3741 1553 praesertim

2080 1571 2140 1625 in
2163 1571 2519 1627 contrarium
2543 1571 2714 1626 multi
2730 1573 3119 1639 incumbamt,
3137 1573 3376 1643 votique
3399 1571 3491 1628 sui
3514 1584 3748 1642 compO'

2082 1663 2166 1713 tes
2195 1659 2361 1730 ﬁant,
2394 1659 2503 1716 hoc
2533 1665 2642 1732 est,
2675 1664 2737 1716 ut
2759 1661 3085 1734 proximam
3109 1664 3460 1733 potestatem
3481 1660 3742 1716 habeant

2079 1753 2252 1819 atque
2285 1749 2343 1803 in
2376 1751 2700 1805 amicorum
2726 1749 3022 1806 felicitatis
3053 1754 3281 1822 partem
3302 1748 3586 1806 veniant?

2151 1838 2247 1892 III.
2281 1839 2428 1906 Quid
2487 1843 2699 1894 cuncta
2746 1857 2813 1896 ea
2843 1839 3056 1896 referre
3085 1840 3315 1909 attinet,
3366 1855 3492 1911 quae
3524 1855 3740 1894 mceror

2078 1926 2378 1998 animique
2400 1927 2813 1996 consternatio,
2849 1945 3026 2000 quam
3059 1945 3162 2002 ego
3203 1928 3417 1984 mentis
3464 1927 3736 1983 tenebras

2077 2015 2329 2087 appello,
2361 2016 2763 2089 excogitabat?
2792 2021 2924 2072 Haec
2945 2019 3102 2074 enim
3126 2021 3310 2085 erant,
3343 2021 3519 2088 atque
3557 2015 3734 2072 etiam

2080 2105 2174 2161 bis
2199 2106 2584 2165 absurdiora:
2607 2123 2794 2163 meam
2819 2106 2974 2162 enim
3007 2108 3254 2178 ipsemet
3275 2107 3583 2172 accusabo,
3617 2105 3738 2160 sive

2080 2196 2510 2250 contumaciam
2542 2212 2670 2250 eam
2705 2196 2894 2252 dicere
2925 2201 3173 2269 oportet,
3198 2196 3319 2252 sive
3355 2194 3736 2249 dementiam.

2079 2283 2246 2338 Nunc
2276 2300 2410 2340 vero
2441 2284 2766 2340 orationem
2794 2291 3011 2353 retexo,
3042 2301 3108 2339 ac
3152 2283 3524 2352 reconcinno,
3554 2297 3736 2352 eaque

2081 2371 2292 2439 dicam,
2353 2389 2481 2444 qua?
2536 2378 2593 2428 et
2621 2372 2715 2428 his
2765 2373 2951 2428 multo
2980 2373 3207 2428 veriora
3256 2376 3414 2439 sunt,
3465 2375 3523 2426 et
3560 2371 3732 2426 nobis

2081 2461 2364 2532 digniora.
2398 2465 2591 2533 Atque
2620 2466 2684 2517 ut
2716 2461 3029 2535 intelligas,
3088 2461 3178 2516 vir
3216 2461 3509 2534 praeclare,
3551 2476 3731 2532 quam

2081 2549 2314 2605 sincera
2346 2550 2424 2606 sit
2451 2550 2574 2606 haec
2605 2555 2806 2607 nostra
2850 2550 3131 2619 mutatio;
3183 2567 3299 2606 non
3347 2550 3405 2604 id
3450 2550 3734 2604 duntaxat

2080 2644 2429 2714 consecutus
2442 2657 2526 2706 es,
2545 2645 2609 2696 ut
2629 2641 2928 2696 silentium
2951 2644 3215 2696 nostrum
3253 2639 3524 2704 solveres,
3563 2638 3732 2709 cujus

2080 2729 2318 2784 nomine
2349 2729 2579 2801 magnis
2602 2745 2696 2785 me
2718 2729 3075 2786 clamoribus
3114 2728 3484 2801 exagitabas:
3526 2743 3728 2782 verum

2079 2834 2378 2874 sermones
2405 2834 2634 2890 quoque
2665 2819 2824 2890 ipsos
2861 2819 3196 2874 defensores
3245 2817 3449 2874 babes.
3480 2815 3540 2871 ld
3578 2815 3731 2887 quod

2081 2908 2350 2962 amicitiae
2385 2913 2614 2963 nostris.
2675 2908 3050 2980 Spiritusque
3080 2908 3140 2962 in
3173 2907 3343 2963 nobis
3386 2905 3729 2972 habitantis,

2081 2997 2476 3052 certissimum
2499 3001 2586 3052 est
2602 3003 3038 3069 argumentum.
3063 2995 3406 3067 Cujusmodi
3425 2999 3623 3052 autem
3645 2998 3735 3050 est

2081 3085 2190 3141 hoc
2222 3085 2663 3157 patrocinium?
2719 3092 2799 3142 Ac
2845 3087 2894 3141 si
2927 3086 3070 3142 forte
3128 3101 3414 3151 erravero,
3473 3088 3733 3140 erratum

2080 3173 2212 3243 hoc,
2245 3178 2309 3228 ut
2356 3179 2564 3229 caetera
2619 3173 2790 3241 soles,
2825 3174 3071 3247 corrige.
3117 3174 3403 3246 Spiritum
3462 3173 3733 3229 amicitias

2086 3263 2428 3335 postbaberc
2458 3264 2697 3319 minime
2737 3263 3106 3320 sustinuisti:
3153 3263 3630 3335 quandoquidem
3671 3267 3736 3318 ut

2087 3368 2194 3407 nos
2225 3351 2411 3423 pluris
2470 3353 2741 3418 fortasse,
2789 3369 2966 3424 quam
2998 3352 3144 3408 alios
3196 3368 3401 3408 omnes
3433 3352 3619 3419 ducis,
3654 3351 3737 3406 ita

2086 3458 2292 3496 rursus
2319 3440 2604 3513 Spiritum
2637 3442 2806 3498 nobis
2829 3443 2998 3515 longe
3029 3441 3357 3513 anteponis.
3381 3441 3506 3497 Non
3525 3455 3737 3513 passus

2085 3546 2146 3585 es
2172 3529 2458 3585 talentum
2479 3531 2538 3586 in
2564 3535 2720 3587 terra
2746 3532 2815 3586 de
2840 3532 3063 3587 fessum
3086 3535 3260 3603 atque
3290 3531 3566 3586 obrutum
3592 3529 3735 3586 late-

2087 3635 2151 3674 re
2172 3619 2234 3671 ⁸³.
2269 3620 2394 3676 Non
2431 3637 2642 3692 passus
2671 3637 2734 3677 es
2765 3620 3063 3676 lucernam
3090 3621 3262 3677 modo
3293 3620 3516 3676 diutius
3552 3620 3740 3675 obdu-

2088 3708 2140 3762 ci
2165 3709 2245 3763 5‘:
2278 3708 2386 3764 hoc
2409 3709 2566 3764 enim
2612 3709 2813 3765 lumen
2846 3727 3042 3766 meum
3067 3725 3378 3780 meamquc
3399 3707 3738 3780 negotiatio-

2088 3813 2224 3852 nem
2256 3812 2384 3853 esse
2418 3798 2744 3854 existimas.
2767 3799 2832 3853 Id
2865 3798 3170 3864 studuisti,
3193 3802 3256 3853 ut
3285 3796 3391 3852 tibi
3417 3795 3595 3851 Paulo
3609 3796 3739 3850 Bar-

2089 3886 2274 3942 nabas
2304 3887 2723 3957 adjungeretur
2741 3887 2805 3942 ‘5.
2868 3887 2930 3941 Id
2961 3885 3268 3949 studuisti,
3322 3889 3387 3938 ut
3415 3883 3647 3940 Silvano
3679 3887 3734 3938 et

2090 3973 2392 4030 Timotheo
2409 3975 2618 4030 tertius
2633 3975 2934 4031 accederet
2950 3973 3436 4039 Titus,nimirum
3453 3976 3669 4027 uteoru
3681 3989 3735 4027 m

322 4081 522 4138 opera,
557 4063 658 4136 qui
688 4068 791 4119 tua
841 4079 1019 4118 causa
1074 4061 1535 4118 sollicitudinem
1593 4079 1709 4118 non
1761 4063 1956 4118 ﬁctam
2000 4063 2351 4135 suscipiunt,
2383 4063 2580 4118 divina
2629 4064 2818 4136 gratia
2846 4062 3080 4135 longius
3121 4061 3416 4134 latiusque
3447 4065 3560 4118 ate
3583 4063 3728 4118 241

322 4158 714 4227 propagetur:
753 4158 927 4224 atque
959 4152 1030 4208 ab
1065 4151 1481 4224 Hierosolymis
1512 4152 1584 4206 ad
1612 4151 1903 4223 Illyricum
1935 4169 2122 4226 usque
2174 4169 2276 4225 per
2305 4153 2619 4208 circuitum
2652 4152 3026 4226 Evangelium
3057 4151 3303 4225 impleas
3329 4152 3394 4206 5°.

400 4244 471 4296 A'.
525 4242 621 4295 Διά
675 4245 836 4295 τοῦτο
897 4239 972 4301 εἷς
1033 4237 1192 4313 μέσον
1253 4236 1422 4315 ἄγεις,
1476 4239 1564 4293 καὶ
1627 4240 2064 4316 ὑποχωροῦν-Ι)

321 4353 418 4393 τος
449 4326 704 4405 λαμϐάνῃ
732 4333 866 4402 (61),
899 4329 986 4385 καὶ
1027 4329 1172 4405 παρὰ
1219 4330 1438 4383 σεαυτὸν
1488 4328 1723 4398 καθίζεις
1753 4350 1765 4362 ·
1825 4335 1986 4385 τοῦτο

321 4423 387 4476 τὸ
434 4420 562 4493 έμὸν
617 4417 884 4492 ἀδίκημα,
929 4418 1092 4495 φαίης
1144 4417 1227 4488 ἂν,
1277 4416 1366 4472 καί
1409 4419 1669 4473 κοινωνὸν
1714 4423 1848 4493 ποιῇ
1876 4424 1984 4474 τῶν

327 4506 634 4588 φροντίδων
675 4509 765 4562 καὶ
817 4512 923 4562 τῶν
977 4509 1274 4585 στεφάνων.
1326 4509 1424 4561 Διά
1466 4512 1626 4562 τοῦτο
1657 4507 1833 4584 χρίεις
1886 4508 1987 4585 ἀρ-

327 4597 519 4676 χιερέα
575 4601 708 4671 (62),
768 4598 856 4652 καὶ
914 4591 1268 4673 περιϐάλλεις
1327 4597 1418 4652 τὸν
1473 4594 1692 4672 ποδήρη
1743 4597 1832 4652 καὶ
1862 4617 1985 4674 περι

323 4690 486 4755 τίθης
535 4690 648 4762 (63)
694 4688 793 4755 τὴν
843 4684 1074 4760 κίδαριν,
1126 4686 1214 4740 καὶ
1260 4687 1551 4761 προσάγεις
1599 4690 1678 4758 τῷ
1706 4688 1988 4757 Θυσιαστη-

329 4779 438 4854 ρίῳ
485 4783 586 4845 τῆς
629 4778 999 4848 πνευματικῆς
1049 4774 1493 4846 ὁλοκαυτώσεως,
1543 4775 1633 4830 καὶ
1693 4774 1839 4840 θύεις
1891 4777 1982 4833 τὸν

2169 4243 2260 4298 IV.
2288 4243 2505 4299 Idcirco
2525 4260 2616 4299 me
2634 4243 2692 4298 in
2717 4242 2975 4299 medium
2996 4242 3292 4315 producis,
3312 4245 3368 4296 et
3397 4241 3734 4314 sull'ugienti

2098 4348 2341 4387 manum
2375 4333 2630 4404 indjicis,
2665 4349 2730 4388 ac
2757 4334 2990 4404 juxtate
3020 4331 3305 4388 collocas:
3331 4331 3450 4386 haec
3473 4329 3739 4387 videlicet

2096 4426 2185 4478 est
2214 4421 2318 4477 illa
2363 4422 2469 4478 tibi
2501 4439 2534 4478 a
2566 4439 2660 4477 me
2691 4423 2946 4495 irrogata
2975 4421 3216 4494 injuria,
3261 4420 3516 4492 inquies,
3565 4425 3742 4491 atque

2095 4527 2370 4568 curarum
2433 4511 2613 4567 simul
2671 4517 2731 4567 et
2789 4528 3136 4568 coronarum
3195 4511 3421 4567 socium
3481 4510 3739 4566 asciscis.

2099 4601 2284 4656 Idciro
2315 4617 2408 4657 me
2439 4601 2776 4673 pontiﬁcem
2812 4601 3009 4673 ungis,
3042 4617 3108 4656 ac
3141 4600 3353 4672 podere
3383 4598 3571 4672 cingis
3591 4599 3743 4670 capi-

2093 4689 2255 4760 tique
2302 4691 2547 4746 cidarim
2607 4690 2866 4762 imponis
2885 4691 2948 4760 ⁵⁷,
2984 4694 3158 4761 atque
3188 4687 3519 4744 holocausti
3566 4687 3740 4759 spiri-

2094 4777 2272 4834 tualis
2289 4779 2458 4835 altari
2475 4780 2772 4845 admoves,
2789 4783 2846 4834 et
2861 4777 3210 4834 initiationis
3221 4777 3476 4833 vitulum
3493 4781 3739 4845 mactas,

404 4895 450 4930 ⁵³
483 4894 685 4950 Matth.
717 4911 850 4962 xxv,
879 4894 962 4948 18.
997 4893 1043 4926 5"
1089 4893 1220 4947 Luc.
1253 4910 1332 4959 x1,
1362 4893 1453 4948 33.
1486 4893 1528 4928 ³⁵
1560 4892 1686 4950 Gal.
1718 4910 1783 4963 ιι,
1819 4895 1870 4951 1.
1903 4895 1946 4930 ⁶⁶
1976 4894 1980 4949 ξ

2086 4909 2143 4950 n.
2166 4911 2256 4965 xv,
2293 4895 2380 4950 19.
2404 4896 2446 4928 ⁵⁷
2478 4895 2655 4950 Exod.
2679 4911 2832 4966 χχιχ,
2865 4895 2890 4948 1
2926 4910 3092 4966 seqq.

404 5009 520 5080 (50)
542 5005 866 5080 Γεγεύμεθα.
891 5004 1367 5080 δειγεγεύσμιθα.

411 5077 530 5150 (51)
557 5077 664 5150 Τῆς
699 5077 980 5149 ζηλωτῆς.
1014 5077 1044 5130 ‹ὲ
1071 5077 1410 5150 Ιηνὶᾶεηάᾳ.

427 5146 522 5224 52)
553 5146 760 5224 Τίδαί.
784 5152 924 5224 Reg.
956 5151 1081 5224 bm,
1110 5150 1232 5208 Jes.
1265 5149 1324 5204 Τί
1357 5146 1432 5206 δέ.

426 5220 778 5310 '53)J03:613‘
800 5220 897 5310 16‘.—
944 5221 1032 5310 Sic
1063 5220 1079 5310 ⁷,
1094 5227 1214 5279 tres
1263 5227 1443 5295 Regg.
1495 5227 1552 5280 et
1580 5225 1698 5279 Jes.
1730 5223 1902 5281 Coisl.
1931 5226 1986 5292 1,

335 5290 511 5348 ὁπότε
535 5290 584 5350 8.
615 5295 678 5350 In
712 5296 803 5350 ed.
837 5295 999 5350 deest
1019 5290 1103 5347 τό.

549 5364 884 5457 τῐξξῖημερίας.
914 5366 1008 5457 git:
1039 5370 1158 5457 tr‘eS
1191 5365 1369 5457 Regg'.
1402 5365 1634 5422 sublato
1655 5370 1778 5433 τῆς.

336 5477 338 5480 μ
405 5436 515 5512 (55)
549 5436 693 5512 Εύρῆ
707 5436 872 5512 ματα.
896 5437 1055 5512 _Reg.
1091 5436 1194 5512 hu,
1243 5436 1527 5512 eépéga'ta.

405 5454 515 5508 (eo)
550 5454 872 5512 ωυρηματα.
921 5454 1055 5563 ueg.
1091 5454 1194 5503 nu,
1243 5454 1297 5491 εο
1340 5454 1527 5506 εματα.

403 5511 521 5580 (56)
547 5511 662 5563 Ἵνα
694 5507 858 5580 εἰδῇς.
896 5509 980 5564 Ita
1043 5525 1124 5564 es.
1158 5510 1222 5564 In
1254 5456 1344 5565 edo.
1373 5507 1447 5561 ’ἐν’
1478 5505 1643 5581 εῗδῇς.

405 5576 521 5651 (57)
553 5582 650 5634 Καὶ
703 5582 750 5636 εἰ
779 5576 831 5636 τι
867 5580 1183 5653 ἁμαρτάνω.
1239 5582 1378 5653 Reg.
1415 5581 1514 5651 hu,
1546 5576 1636 5634 καὶ
1691 5576 1727 5648 ἤ
1757 5600 1829 5635 τι.
1861 5581 1981 5636 Jes.

335 5647 712 5725 διαμαρτάνω.

409 5723 523 5799 (58)
557 5731 676 5791 2m,
715 5725 854 5800 Reg.
889 5723 994 5795 hu,
1023 5742 1142 5780 σου.

2168 5010 2282 5082 (59)
2315 5006 2702 5136 Κατωρύχθαι.
2737 5009 2877 5080 Reg.
2909 5007 3010 5078 hu,
3062 5012 3119 5064 et
3145 5008 3265 5064 Jes.
3296 5005 3738 5093 κατορωρύχθαι.

2168 5083 2282 5136 (60)
2318 5085 2403 5136 Τω
2443 5080 2556 5136 Παύ
2601 5103 2714 5136 ω...
2774 5073 3120 5136 Βαρνάϐαν...
3179 5075 3512 5136 Σιλουανω..
3566 5083 3738 5136 Τιμο-

2167 5073 2282 5152 (60)
2318 5085 2403 5152 Τῷ
2443 5073 2714 5152 Παύλῳ...
2774 5073 3120 5152 Βαρνάϐαν...
3179 5073 3528 5150 Σιλουανῷ..’
3566 5073 3741 5150 Τῖμο-

2096 5151 2269 5225 βὲῳ...
2300 5151 2476 5210 Τίτον.
2502 5151 2817 5225 Gregorius
2849 5151 3151 5222 hic,juxta
3170 5152 3354 5208 Eliam
3395 5169 3501 5225 per
3527 5171 3555 5200 «
3585 5155 3733 5225 Pau-

2094 5222 2217 5279 lum
2238 5248 2267 5297 ι(
2297 5225 2574 5297 intelligit
2599 5222 2877 5281 Basilium
2903 5239 3206 5297 magnum,
3225 5239 3329 5296 per
3350 5247 3377 5274 (ς
3397 5222 3734 5297 ’Βειωειιιεω

2093 5301 2151 5380 et
2182 5296 2404 5369 Titum,
2431 5321 2458 5346 »
2482 5294 2544 5380 se
2570 5298 2912 5380 ipsumLper
2938 5294 3307 5380 aSilvanum‘,
3336 5320 3364 5380 ¹ι»
3393 5294 3738 5380 Gregorium

2093 5366 2444 5441 l‘lyssenum,
2479 5373 2535 5424 et
2562 5366 2665 5441 p'er
2695 5391 2723 5420 «
2764 5366 3157 5437 Timotheum,
3196 5391 3223 5417 »
3255 5366 3532 5436 Petrum;
3564 5366 3735 5422 ambo

2093 5439 2291 5495 Basilii
2314 5443 2543 5496 fratres.

2186 5513 2277 5583 61)
2312 5511 2592 5584 Λαμοάνῃ.
2627 5511 2801 5584 Goisl.
2836 5511 2884 5564 1.
2913 5502 3238 5584 λαμϐάνεις.

2184 5567 2276 5660 62)
2308 5567 2615 5713 Ἀρχιεὲέα.
2649 5583 2744 5638 Sic
2775 5583 2881 5637 deo
2913 5567 3090 5653 Regg.
3125 5567 3358 5666 sublato
3386 5578 3499 5634 τόν.

2185 5657 2273 5713 63)
2307 5655 2492 5713 Περιτί
2528 5676 2616 5713 ης.
2650 5656 2787 5713 Reg.
2820 5655 2939 5712 bm.
2973 5653 3286 5713 περιτιθεις.

2164 5656 2273 5727 (63)
2307 5653 2616 5733 nepetam.
2650 5656 2787 5728 Reg.
2820 5655 2939 5712 bm.
2973 5653 3286 5728 περιτιθεῖς.
