4244 6216
355 364 473 426 833

434 496 505 548 B"
553 495 675 569 ’Ἆρ’
718 491 809 548 οὗν
859 491 1015 547 ίκανὰ
1062 496 1246 566 ταῦτα,
1294 495 1384 549 καὶ
1436 494 1669 571 μετρίως
1719 496 1831 568 (75)
1883 494 2008 567 ὑμῖν
2040 497 2097 563 Α

357 584 454 639 τὸν
480 579 643 659 ἄνδρα
691 582 719 636 6
776 580 938 659 λόγος
995 582 1256 658 ἔγραψεν;
1317 584 1382 642 Ἠ
1441 582 1541 654 δεῖ,
1591 586 1827 661 καθάπερ
1884 583 2009 645 τοὺς

363 671 647 745 ἐπιμελεῖς
693 674 801 726 τῶν
857 673 1180 749 ζωγράφων,
1250 672 1521 735 πολλάκις
1575 668 1889 728 ἐπιϐάλλειν
1944 672 2011 727 τὰ

361 762 657 838 χρώματα,
691 758 784 815 ἵνα
838 760 1167 839 τελεωτέραν
1228 762 1353 835 ὑμῖν
1401 765 1512 837 (76)
1559 764 1658 831 τήν
1686 766 1782 817 τοῦ
1842 761 2008 838 λόγου

354 851 570 927 γραφὴν
615 853 1088 925 παραστήσωμενς
1139 850 1237 905 Καὶ
1296 850 1364 919 δὴ
1412 851 1690 927 γράψομεν
1737 854 1851 924 (77)
1883 851 2009 922 ὑμῖν

354 937 689 1011 τελεώτερον
736 959 796 994 τε
852 937 941 993 καὶ
1001 940 1343 1017 σαφέστερον.
1393 939 1482 1001 Τίς
1528 941 1838 1012 νομοθετῶν
1890 939 2008 993 ἐπι-

361 1027 724 1106 φανέστατος;
773 1030 1034 1097 Μωϋσῆς.
1090 1027 1181 1090 Τίς
1237 1028 1426 1104 ἱερέων
1486 1029 1820 1107 ἀγιώτατος;
1880 1028 2007 1083 Ἀα-

362 1117 468 1191 ρών
495 1137 509 1149 ·
544 1116 652 1192 οὐχ
678 1116 842 1185 ἧττον
884 1113 1111 1195 ἀδελφοὶ
1156 1117 1255 1186 τήν
1288 1112 1555 1172 εὐσέϐειαν
1585 1119 1619 1186 ἢ
1647 1118 1714 1172 τὰ
1744 1117 1969 1190 σώματα
1992 1136 2004 1149 ·

363 1204 577 1280 μᾶλλον
610 1202 668 1261 δὶ
699 1206 727 1260 6
761 1206 856 1279 μὲν
888 1206 1016 1268 Θεὸς
1061 1207 1283 1282 Φαραὼ,
1328 1206 1417 1261 καὶ
1464 1210 1559 1261 τοῦ
1608 1204 1825 1281 Ἰσραὴλ
1870 1226 2008 1281 προ-

353 1294 554 1367 στάτης
612 1296 727 1370 (78)
783 1293 872 1350 καὶ
928 1294 1252 1369 νομοθέτης,
1302 1294 1390 1350 καὶ
1446 1302 1548 1365 τῆς
1605 1294 1835 1374 νεφέλης
1880 1293 2007 1350 εἷ’σω

352 1388 579 1461 χωρῶν,
635 1383 725 1439 καὶ
781 1383 937 1439 θείων
999 1382 1311 1461 μυστηρίων
1372 1383 1615 1455 ἐπόπτης
1656 1406 1713 1439 τε
1758 1384 1848 1440 καὶ
1906 1406 2010 1458 μυ-

355 1474 639 1547 σταγωγὸς
671 1474 804 1547 (79),
837 1473 927 1528 καὶ
955 1476 1053 1543 τῆς
1086 1480 1291 1545 σκηνῆς
1316 1481 1413 1544 τῆς
1436 1472 1714 1549 ,ἀληθινῆς
1728 1472 2007 1549 τεχνίτης,

354 1563 418 1631 ἢν
450 1540 641 1631 ἔπηξεν
681 1540 723 1616 ’ὁ
766 1540 1020 1637 ἶῶριος,
1055 1563 1146 1617 καὶ
1176 1540 1305 1618 ὀδκ
1351 1540 1633 1637 ἅνθρωττος
1657 1540 1680 1596 ’ὴ
1729 1540 1893 1636 ἱερεῖς
1937 1540 2009 1616 δέ

358 1648 569 1722 ὁμοίως
623 1649 943 1727 ἀμφότεροι.
1001 1656 1204 1720 Μωσῆς
1260 1652 1386 1727 γὰρ,
1444 1651 1598 1729 φησὶ,
1656 1651 1745 1707 καὶ
1795 1652 2006 1727 ’Δαρὼν

359 1737 411 1793 ἰν
442 1742 560 1800 τοῖς
595 1740 702 1810 (80)
750 1739 979 1815 ἱερεῦσιν
1029 1739 1232 1795 αὐτοῦ’
1285 1741 1313 1793 ὁ
1363 1741 1457 1813 μὲν
1488 1740 1674 1816 ἄρχων
1726 1740 2007 1817 ἀρχόντων

352 1826 443 1932 καὶ
503 1825 937 1932 Ῑιερεὺς’ἱερὲων,
996 1829 1286 1904 χρώμενος
1351 1830 1445 1901 μὲν
1501 1830 1600 1884 ὃσα
1652 1826 1873 1905 γλώσσῃ
1926 1833 2006 1902 τῷ
2040 1869 2086 1932 Β

350 1916 584 1991 ’Δαρὼν,
640 1915 802 1981 αὐτὸς
860 1914 918 1972 δὲ
970 1918 1038 1972 τὰ
1080 1921 1215 1991 πρὸς
1253 1919 1381 1973 Θεὸν
1413 1917 1595 1991 ἐκείνῳ
1625 1918 1942 1994 γινόμενος⁶
1978 1919 2006 1973 6

355 2001 412 2059 δὲ
447 2006 560 2077 μετ’
612 2004 810 2060 ἐκεῖνον
860 2005 955 2078 μὶν
1013 2005 1191 2079 εὐθὺς,
1248 2004 1393 2062 πολὺ
1444 2004 1501 2062 δὲ
1544 2007 1650 2081 πρὸ
1679 2012 1786 2062 τῶν
1817 2005 2001 2063 ἄλλων

357 2092 476 2164 ἀξίᾳ
502 2114 562 2148 τε
589 2093 679 2148 καὶ
709 2097 777 2167 τῇ
826 2096 962 2171 πρὸς
994 2095 1119 2150 Θεὸν
1166 2094 1441 2172 έγγύτήτι.
1478 2096 1804 2175 Ἀμφότεροι
1840 2098 2004 2172 βασα-

355 2181 589 2251 νίζοντες
636 2178 937 2257 Δῗγυπτον,
984 2181 1251 2238 θάλασσαν
1299 2183 1612 2257 τέμνοντες,
1656 2186 1747 2239 τὸν
1785 2184 2003 2261 Ἰσραὴλ

355 2267 706 2347 διεξάγοντες,
737 2271 863 2333 τοὺς
894 2272 1125 2348 ἐχθροὺς
1179 2273 1550 2349 βαπτίζοντες,
1595 2272 1754 2349 ἄρτον
1803 2271 2002 2329 ἄνωθεν

353 2357 626 2429 ἕλκοντες,
653 2356 800 2436 ὕδωρ
830 2358 1052 2416 ἄπιστον
1087 2359 1139 2415 ἐν
1170 2361 1385 2437 ἐρήμῳ,
1424 2363 1487 2417 τὸ
1538 2362 1632 2435 μὲν
1680 2361 2003 2432 ἐκδιδόντες,

347 2449 415 2502 τὸ
447 2445 505 2502 δὲ
548 2446 925 2524 γλυκαίνοντες
949 2467 962 2480 ·
1011 2449 1309 2528 ἀμφότεροι
1359 2451 1860 2524 καταπολεμοῦντες
1893 2454 2007 2525 (81)

351 2537 446 2593 τὸν
481 2536 739 2610 Ἀμαλὴκ
784 2537 989 2593 ἐκτάσει
1039 2558 1242 2615 χειρων
1289 2539 1431 2616 ἁγίᾳ,
1482 2540 1571 2595 καὶ
1609 2540 1766 2613 τύπῳ
1800 2563 2006 2615 μυστη-

358 2623 480 2701 ρίου
514 2625 759 2698 μείζονος
783 2645 796 2658 ·
849 2626 1145 2706 ἆπφότεροι
1192 2628 1331 2702 πρὸς
1375 2631 1475 2698 τὴν
1516 2636 1619 2704 γῆς
1647 2636 1748 2699 τῆς
1780 2628 2007 2707 ἐπαγγε-

355 2712 502 2782 λίας,
549 2716 639 2769 καὶ
687 2712 1014 2791 ὁδηγοῦντες
1064 2716 1154 2771 καὶ
1212 2714 1551 2781 σπεύδοντες.
1598 2720 1685 2791 Μή
1718 2740 1771 2773 τι
1799 2740 2005 2795 γνωρι-

358 2804 605 2878 μώτερον
632 2806 745 2878 (82)
772 2811 871 2875 τῆς
904 2804 1111 2869 εἰκόνος
1137 2825 1151 2877 ;
1183 2806 1256 2861 Οὐ
1295 2811 1477 2886 σαφῶς
1530 2806 1657 2881 ὑμῖν
1704 2807 1798 2862 τὸν
1855 2809 2005 2881 ὁμώ-

353 2912 526 2965 νυμον
550 2894 664 2966 (83)
692 2892 820 2967 ἐμοὶ
850 2895 939 2950 καὶ
981 2894 1267 2971 ὁμόψυχον
1304 2900 1411 2970 (84)
1459 2896 1487 2950 6
1529 2897 1809 2975 ζωγράφος
1838 2894 2005 2974 λόγος

350 2980 753 3041 ἀνετυπώσατο.

1345 360 1634 427 ORATIO
1678 364 1785 427 XI.
1817 398 1894 407 —
1922 362 2029 425 AD
2075 361 2416 425 GREGOR.
2462 362 2791 425 NYSSEN.

3645 371 3765 431 834

2200 497 2267 550 ll.
2297 497 2375 550 An
2406 511 2536 551 vero
2568 496 2688 551 haec
2735 496 3056 564 sufﬁciunt,
3103 502 3276 571 atque
3335 501 3567 558 abunde
3597 504 3765 560 vobis

2118 584 2274 639 hunc
2304 584 2494 639 virum
2526 583 2710 639 oratio
2742 584 3040 656 depinxit!
3070 588 3155 640 An
3180 587 3349 643 nobis
3367 588 3559 660 potius
3591 591 3764 646 sedu-

2117 672 2205 729 los
2236 689 2301 727 ac
2336 672 2641 745 diligentes
2669 673 2919 744 pictores
2964 673 3181 729 imitari
3212 678 3498 748 convenit,
3547 681 3765 752 saepius

2118 778 2232 834 que
2262 761 2484 817 colores
2514 761 2815 829 inducere,
2846 778 2961 832 quo
2999 764 3400 834 perfectiorem
3431 768 3593 824 vobis
3639 787 3761 827 ser-

2119 853 2309 908 monis
2344 854 2632 924 picturam
2664 853 2735 907 ob
2765 852 2964 908 oculos
2999 856 3328 924 ponamus?
3375 857 3443 911 Et
3472 875 3605 915 vero
3638 861 3760 917 cla-

2117 942 2241 997 rius
2269 942 2648 1013 exactiusque
2676 941 2838 996 vobis
2859 941 3154 997 hominem
3178 944 3598 1003 describemus.
3621 950 3763 1014 Quis

2119 1031 2521 1103 legislatorum
2546 1029 2991 1085 illustrissimus
3011 1031 3038 1084 ?
3068 1031 3281 1102 Moyse.
3314 1034 3454 1098 Quis
3495 1040 3762 1095 sacerdo-

2117 1124 2243 1175 tum
2295 1118 2756 1174 sanctissimus?
2812 1119 3042 1173 Aaron:
3102 1136 3215 1175 non
3279 1121 3476 1179 minus
3525 1125 3763 1196 pietate.

2117 1225 2296 1279 quam
2352 1206 2695 1279 corporibus
2720 1206 2929 1262 fratres
2962 1224 2975 1274 ;
3008 1207 3096 1262 vel
3130 1209 3347 1279 potius,
3393 1211 3491 1266 ille
3521 1215 3759 1284 quidem

2118 1296 2439 1352 Pharaonis
2499 1296 2649 1351 Deus
2699 1296 2763 1362 ⁸ο,
2824 1299 2879 1350 et
2926 1295 3326 1352 Israelitarum
3387 1300 3632 1359 antistes
3707 1308 3764 1361 et

2117 1384 2433 1457 legislator,
2496 1388 2552 1439 et
2617 1383 2834 1439 nubem
2905 1382 3262 1457 ingrediens,
3319 1391 3376 1443 et
3431 1388 3761 1449 divinorum

2118 1474 2530 1546 mysteriorum
2571 1477 2865 1544 spectator
2921 1482 2973 1528 et
3023 1474 3256 1545 praesul,
3289 1479 3347 1532 et
3396 1478 3761 1537 tabernaculi

2118 1562 2281 1619 illius
2318 1562 2437 1618 veri
2486 1562 2819 1628 fabricator,
2854 1563 3008 1633 quod
3042 1580 3075 1618 a
3109 1565 3240 1629 Deo,
3275 1582 3389 1621 non
3421 1568 3494 1623 ab
3524 1568 3763 1628 homine

2117 1655 2521 1708 constructum
2554 1655 2644 1706 est
2671 1652 2741 1705 τοι
2766 1651 2940 1706 ambo
2989 1657 3184 1707 autem
3215 1670 3377 1725 isque
3408 1659 3761 1717 sacerdotes.

2116 1740 2305 1795 Moses
2335 1740 2513 1809 enim,
2547 1738 2628 1793 ait
2674 1738 2792 1801 ille,
2850 1744 2908 1794 et
2949 1746 3162 1806 Aaron,
3223 1742 3374 1797 inter
3430 1748 3761 1805 sacerdotes

2115 1829 2329 1899 ejus“.
2354 1827 2455 1883 Ille
2480 1827 2808 1899 principum
2841 1826 3131 1899 princeps,
3165 1833 3220 1885 et
3250 1833 3619 1890 sacerdotum
3667 1853 3760 1891 sa-

2116 1918 2338 1978 cerdos.
2374 1923 2596 1973 Aarone
2626 1932 2729 1987 pro
2750 1915 2949 1987 lingua
2996 1921 3191 1983 utens,
3223 1919 3452 1991 ipsique
3498 1923 3758 1982 vicissim

2117 2006 2177 2060 in
2208 2005 2280 2060 iis
2303 2006 2473 2060 rebus
2505 2020 2739 2075 operam
2773 2021 3012 2072 navans,
3047 2022 3175 2077 qum
3196 2009 3267 2061 ad
3303 2013 3480 2065 Deum
3513 2013 3760 2083 pertine-

2115 2095 2257 2150 bant
2286 2094 2360 2150 ⁷²ε
2395 2093 2486 2149 hic
2510 2092 2593 2147 illi
2616 2092 2813 2148 statim
2845 2095 3163 2160 secundus,
3187 2095 3332 2153 alios
3355 2104 3545 2156 autem
3566 2102 3758 2175 digni-

2116 2187 2233 2239 tate
2264 2188 2320 2239 et
2370 2183 2802 2254 propinquitate
2833 2184 2898 2237 ad
2950 2183 3132 2238 Deum
3165 2183 3333 2257 longe
3388 2191 3756 2247 antecedens.

2114 2274 2299 2327 Ambo
2330 2273 2638 2344 {Egyptum
2672 2277 2964 2339 vexantes,
3000 2290 3159 2328 mare
3190 2275 3542 2349 scindentes,
3568 2279 3757 2337 Israe-

2116 2360 2229 2416 lem
2246 2361 2618 2432 trajicientes,
2638 2360 2835 2416 hostes
2852 2361 3274 2433 demergentes,
3282 2381 3487 2435 panem
3509 2384 3574 2423 su
3587 2385 3759 2439 perne

2113 2449 2433 2517 trahentes,
2465 2465 2678 2519 aquam
2703 2447 3011 2503 hominum
3064 2450 3238 2505 ﬁdem
3270 2460 3645 2525 superantem
3696 2456 3756 2513 in

2116 2538 2348 2592 deserto
2380 2537 2592 2607 partim
2637 2537 3074 2608 profundentes,
3116 2540 3328 2608 partim
3375 2542 3755 2603 edulcantes:

2116 2626 2289 2681 ambo
2320 2642 2422 2696 per
2451 2630 2715 2681 sanctam
2746 2641 3030 2680 manuum
3054 2628 3450 2685 extensionem
3473 2631 3540 2697 ⁷³,
3573 2634 3757 2689 subli-

2117 2713 2433 2784 miorisque
2455 2714 2713 2785 mysterii
2744 2715 3014 2785 figuram,
3056 2715 3404 2773 Amalecitas
3424 2721 3758 2791 opprimen-

2116 2811 2200 2858 tes
2227 2820 2239 2859 :
2274 2803 2447 2858 ambo
2468 2803 2539 2857 ad
2572 2802 2923 2874 promissam
2950 2806 3163 2859 terram
3186 2806 3365 2862 duces
3393 2808 3496 2863 visa
3519 2826 3581 2866 se
3607 2828 3709 2882 pra
3735 2842 3758 2853 -

2116 2892 2338 2962 bentes,
2372 2908 2437 2946 ac
2464 2895 2861 2963 properantes.
2888 2891 3110 2963 Ecquid
3138 2892 3246 2948 hac
3275 2893 3529 2968 imagine
3561 2900 3759 2958 notius

2117 2980 2491 3052 apertiusque
2509 2980 2749 3052 cogitari
2762 2980 2992 3052 potest?
3008 2984 3211 3038 Nonne
3230 2985 3536 3057 perspicue
3552 3004 3760 3061 cogno-

2118 3070 2337 3125 minem
2407 3085 2602 3123 meum
2650 3068 2894 3141 parique
2934 3069 3130 3126 animo
3191 3072 3499 3144 prmditum
3547 3076 3761 3149 pictrix

2116 3159 2299 3215 oratio
2330 3157 2555 3214 efﬁnxit
2573 3158 2601 3212 ‘I

424 3248 497 3302 I".
532 3247 813 3304 Τοότώνδ
856 3246 951 3320 μὶν
984 3244 1197 3323 ἔχρισεν
1246 3250 1418 3322 ἡμᾶς,
1467 3250 1556 3304 καὶ
1602 3251 2005 3327 κρυπτομένους

2190 3249 2286 3303 ΙΙΙ.
2331 3248 2549 3303 Horum
2599 3245 2746 3302 alter
2794 3264 2900 3303 nos
2933 3248 3118 3315 unxit,
3176 3266 3243 3305 ac
3299 3250 3550 3310 latentes
3603 3255 3757 3313 248

354 3335 430 3399 εἷς
468 3336 627 3410 μέσον
657 3335 863 3412 ἤγαγεν
891 3356 903 3370 ·
936 3336 1035 3392 οὐκ
1084 3335 1188 3392 οἷδ’
1237 3337 1268 3392 8
1308 3359 1360 3393 τι
1405 3339 1613 3408 παθὼν,
1643 3341 1676 3409 ἢ
1701 3344 1815 3403 πῶς
1844 3362 2006 3412 κινη-

314 3424 468 3486 εθεὶς
524 3423 750 3495 ἀναξίως
787 3430 885 3480 τοῦ
944 3424 995 3479 έν
1050 3425 1197 3498 αὕτῷ
1251 3425 1591 3499 πνεύματος·
1648 3427 1738 3483 καὶ
1796 3429 1899 3505 γὰρ
1959 3430 2005 3485 εἰ

351 3513 689 3589 τραχύτερος
745 3515 773 3569 6
832 3512 1021 3591 λόγος,
1080 3513 1233 3588 ὅμως
1301 3518 1408 3589 (85)
1469 3515 1776 3592 εῗρήσεταιδ
1832 3516 2005 3575 πάντα

352 3598 509 3656 οἷ’σειο
543 3601 699 3680 φιλία
726 3603 815 3657 καί
846 3608 1133 3679 πάσχουσα
1159 3604 1250 3658 καὶ
1288 3602 1576 3661 ἀκούουσα.
1623 3606 1683 3662 Ὁ
1733 3603 1791 3661 δὲ
1837 3628 2005 3682 παρα-

348 3686 597 3744 καλέσων
656 3686 800 3764 ἥκει,
870 3690 960 3745 καὶ
1035 3684 1410 3763 συμϐιϐάσων,
1473 3693 1562 3747 καὶ
1637 3697 2003 3770 προσημερώ-

350 3798 461 3832 σων
637 3779 715 3852 τῷ
746 3778 1036 3853 Πνεύματι.
1069 3779 1222 3854 Μέγα
1254 3779 1367 3853 μὲν,
1421 3778 1502 3835 ὅτι
1561 3780 1650 3836 καὶ
1705 3787 1817 3853 νῦν,
1878 3782 2003 3857 ἐμοὶ

350 3868 493 3939 (πῶς
555 3864 612 3921 δὲ
660 3867 722 3922 οὗ
785 3868 1075 3943 μέγιστυν;
1134 3867 1195 3931 ὅς
1250 3889 1310 3945 γε
1351 3868 1547 3931 παντὸς
1581 3870 1720 3943 ὒμᾶς
1747 3875 1844 3926 τοῦ
1880 3872 2002 3948 βίου

347 3956 796 4029 προεστησάμην)
825 3975 841 3993 ⁸
883 3958 1169 4035 μέμφομαι
1223 3954 1299 4029 δὲ,
1344 3956 1426 4012 ὅτι
1474 3965 1574 4028 τῆς
1618 3959 1810 4035 χρείας
1857 3960 2003 4017 ὕστε-

347 4063 444 4117 ρος
504 4047 635 4118 (87).
692 4050 814 4108 Πῶς
877 4046 1010 4119 μετὰ
1061 4046 1161 4115 τὴν
1220 4047 1385 4115 ἧτταν
1439 4047 1528 4101 καὶ
1563 4046 1911 4123 καταδρομὴν
1964 4054 1998 4121 ἡ

348 4133 667 4209 συμμαχία,
698 4136 743 4189 ὧ
773 4133 948 4211 φίλων
983 4131 1165 4210 ἄριστε
1193 4134 1283 4190 καὶ
1335 4135 1680 4212 συμμάχων;
1731 4138 1819 4192 καὶ
1870 4140 2002 4211 μετὰ

344 4222 448 4289 τὴν
485 4221 652 4293 ζάλην
686 4224 714 4277 6
744 4219 1102 4298 κυϐερνήτης,
1129 4223 1219 4278 καὶ
1254 4226 1387 4298 μετὰ
1413 4225 1513 4293 τήν
1545 4224 1717 4295 οὐλὴν
1760 4227 1823 4281 τὸ
1871 4227 2001 4305 φάρ-

348 4330 521 4381 μακον
550 4310 777 4388 Πότερον
811 4312 885 4374 ὡς
945 4308 1283 4391 φιλάδελφος
1338 4312 1619 4389 ᾐσχύνθης
1676 4317 1775 4385 τήν
1806 4336 1999 4392 τυραν-

341 4396 507 4467 νίδα;
539 4402 609 4455 ’Ἥ
638 4402 726 4455 καὶ
758 4400 918 4464 αὐτὸς
948 4402 1021 4463 ὡς
1052 4398 1312 4472 δυνάστης
1341 4400 1697 4480 ἐδυσχέρανας
1725 4406 1823 4473 τὴν
1848 4405 1999 4461 ἀπει-

342 4484 531 4575 Θείαν;
567 4489 786 4566 Ποτέρῳ
831 4494 937 4545 τῶν
993 4488 1243 4575 άδελφῶν
1293 4489 1562 4565 ἐγκαλεῖς,
1622 4492 1712 4548 καὶ
1768 4494 1995 4567 πότερον

2116 3336 2175 3390 in
2208 3336 2466 3391 medium
2500 3335 2808 3407 produxit:
2861 3338 3038 3406 quod,
3091 3338 3229 3408 quid
3280 3339 3331 3396 ei
3363 3342 3657 3415 acciderit,
3691 3351 3758 3403 ut

2115 3425 2352 3495 faceret,
2377 3430 2479 3480 aut
2500 3424 2640 3495 quid
2671 3440 2804 3480 eum
2839 3426 2908 3479 ad
2943 3425 3090 3480 hanc
3118 3444 3241 3483 rem
3272 3429 3573 3502 impulerit
3597 3434 3757 3491 haud

2115 3515 2256 3582 scio,
2290 3517 2463 3579 certe,
2495 3530 2610 3569 non
2643 3519 2710 3569 ut
2739 3514 2978 3586 dignum
3018 3521 3141 3571 erat
3189 3534 3254 3573 eo
3285 3520 3521 3591 spiritu,
3554 3524 3655 3594 qui
3696 3525 3756 3580 in

2113 3604 2239 3675 ipso
2256 3606 2345 3658 est
2368 3621 2381 3671 ;
2408 3603 2598 3658 dicam
2629 3603 2806 3667 enim,
2852 3604 2962 3659 etsi
2995 3606 3256 3677 asperior
3286 3608 3376 3663 hic
3418 3626 3610 3667 sermo
3642 3612 3754 3682 sit;

2115 3693 2314 3748 omnia
2326 3693 2487 3763 feret,
2508 3691 2787 3760 amicitia,
2817 3696 2942 3747 tum
2965 3696 3314 3767 perpetiens,
3336 3700 3464 3752 tum
3486 3699 3753 3755 audiens.

2111 3781 2273 3837 Alter
2302 3781 2450 3836 hanc
2493 3797 2730 3836 causam
2776 3780 2891 3836 huc
2929 3782 3201 3837 veniendi
3254 3784 3481 3851 habuit,
3532 3792 3596 3841 ut
3649 3803 3756 3843 nos

2112 3869 2465 3938 consoletur,
2497 3885 2562 3924 ac
2592 3870 2919 3935 conﬁrmet,
2942 3869 3279 3941 Spirituque
3307 3874 3753 3931 mansuefaciat.

2112 3961 2294 4025 Quem
2325 3957 2561 4029 quidem
2594 3957 2701 4012 etsi
2734 3974 2890 4011 nunc
2932 3973 3163 4027 quoque
3206 3958 3458 4028 venisse,
3515 3960 3756 4033 plurimi

2111 4048 2262 4102 duco
2294 4048 2420 4116 (nec
2443 4045 2682 4112 mirum,
2716 4061 2845 4099 cum
2868 4061 2971 4100 vos
3003 4045 3133 4101 vita;
3163 4062 3305 4101 mea;
3335 4050 3493 4103 omni
3526 4066 3758 4122 semper

2111 4134 2569 4208 proposuerim):
2598 4134 2707 4188 hoc
2718 4138 2913 4189 tamen
2938 4133 3252 4190 molestum
3266 4141 3373 4201 est,
3394 4137 3551 4207 quod
3565 4138 3756 4194 serius

2110 4241 2288 4296 quam
2338 4240 2429 4278 res
2479 4222 2819 4294 postularet,
2874 4226 3200 4278 accesserit.
3261 4226 3523 4289 Quonam
3582 4226 3757 4281 modo

2110 4317 2241 4385 post
2270 4311 2494 4366 cladem
2518 4315 2575 4366 et
2606 4310 2874 4366 hostilem
2912 4311 3221 4383 impetum,
3254 4313 3557 4384 suppetiae,
3603 4314 3754 4371 ami-

2109 4416 2309 4458 corum
2340 4403 2396 4454 et
2424 4398 2891 4455 commilitonum
2926 4400 3450 4471 praestantissime?
3490 4404 3753 4469 Quonam

2108 4491 2280 4546 modo
2310 4492 2443 4561 post
2461 4492 2896 4559 tempestatem,
2927 4488 3304 4560 gubernator,
3338 4493 3472 4562 post
3522 4491 3752 4547 cicatri-

341 4573 525 4653 ἀφιεὶς
558 4579 667 4652 (88)
694 4585 795 4649 τῆς
830 4573 1126 4653 μέμψεώς
1158 4578 1470 4654 Φθὲγξομαί
1498 4601 1550 4635 τι
1603 4582 1714 4656 (89)
1764 4582 1900 4657 πρὸς
1939 4584 1998 4638 σε

2114 4595 2253 4651 cem,
2279 4577 2570 4633 medicina
2590 4576 2617 4632 ‘?
2646 4576 2855 4633 Utrum
2881 4581 2959 4649 te,
2994 4582 3058 4633 ut
3088 4578 3286 4635 fratris
3317 4583 3635 4649 amantem,
3665 4578 3753 4635 vis

414 4684 465 4719 ⁶⁹
482 4683 659 4741 Exod.
689 4703 789 4755 vn,
817 4688 867 4742 1.
898 4689 944 4727 ⁷ο
975 4676 1148 4743 Hebr.
1179 4703 1304 4754 VIII,
1335 4688 1390 4742 2.
1424 4688 1469 4725 τί
1497 4688 1651 4745 Psal.
1682 4705 1875 4757 xcvm,
1907 4692 1961 4748 6.
1995 4692 2008 4727 π

2116 4685 2248 4741 xod.
2282 4701 2357 4752 xv,
2381 4684 2467 4740 16.
2501 4685 2546 4724 ⁷³
2574 4684 2750 4739 Exod.
2782 4700 2921 4753 xvu,
2956 4685 3042 4741 12.

439 4853 532 4929 ἶρ)
572 4853 759 4929 Ὑμῖν.
794 4859 933 4929 Reg.
966 4858 1087 4911 hm.
1147 4857 1305 4927 ἡμῖν.

562 4924 1038 5011 ,Ῑξράψοι-ιενῘΒΕΟ
1069 4924 1244 5011 gegg‘.
1280 4925 1598 5011 γράψωμεν,

562 4996 921 5073 ῌρῗοστάτηςν
946 4998 1043 5054 0r.
1073 5000 1128 5054 2.
1157 4996 1527 5073 Ῑτᾶράστάτης.

578 5066 881 5144 "Emimus
963 5090 1022 5123 τε
1097 5068 1187 5123 καὶ
1242 5066 1654 5144 ’-μυσταγωγός
1730 5074 1988 5132 Combef.

337 5164 369 5194 (ε
401 5139 812 5212 Mysteriorum
846 5142 1140 5212 inspector
1168 5146 1224 5199 et
1254 5139 1600 5199 initiatorﬁ»

414 5210 534 5286 (80)
578 5210 664 5264 Ἐν
693 5216 832 5286 τοῖς.
865 5210 960 5269 Sic
988 5214 1163 5286 Regg.
1197 5217 1449 5285 quatuor
1478 5218 1535 5269 et
1562 5214 1724 5271 Pass.
1787 5217 1852 5271 In
1897 5218 1990 5273 ed.

335 5286 474 5338 Par.
504 5282 670 5338 deest
717 5282 789 5338 ὲν.

334 5424 355 5481 1
409 5354 524 5480 (ﬁt)
578 5353 1109 5428 Καταπολεμοῦντες.
1176 5376 1206 5408 α
1265 5355 1718 5427 Expugnantes,
1804 5357 1991 5414 debel-

359 5442 437 5481 an
468 5440 551 5479 es.
588 5446 617 5473 ι)

359 5440 551 5482 antes.
588 5446 617 5473 ι)

558 5498 1006 5573 Ιῖνωριμώτερον.
1030 5503 1195 5573 Pass.
1227 5497 1415 5573 addit.
1474 5495 1626 5573 ὑμῖν.

335 5566 689 5696 ἰηέὲιῑίέαὶἶὸν,
742 5566 1057 5645 δμώνύμοἉ
1115 5569 1459 5644 Gregorium
1514 5566 1847 5642 Nyssenum
1896 5570 1991 5628 hic

332 5655 637 5696 ωιθωαιε.

404 5654 668 5786 (ἓιὸεὲάὶ
695 5711 1011 5791 ὁμόψοχον.
1041 5711 1216 5774 00181.
1248 5712 1305 5783 3,
1349 5703 1645 5790 δμὸζυγον,
1678 5737 1709 5769 ι(
1741 5718 1802 5776 et
1829 5714 1989 5775 hunc

438 4781 513 4835 75
562 4780 829 4855 Μετρίως.
862 4807 891 4835 α
923 4785 1310 4851 Mediocriter,
1339 4785 1592 4856 parcius.
1616 4808 1646 4838 »

586 4857 759 4925 Ὑμῖν.
794 4859 933 4929 Reg.
966 4858 1087 4911 bm.
1147 4857 1305 4927 ἡμῖν.

447 4926 479 4976 7
522 4928 535 4976 ὶ
571 4924 878 4976 Γοάὼοιεεν-
919 4932 1038 4976 Duo
1069 4931 1244 4976 Rana.
1280 4925 1597 4976 νοάὼωιιεν-

2104 4782 2300 4840 animo
2331 4781 2476 4837 mihi
2494 4782 3068 4852 conjunctissimum,
3092 4783 3465 4839 unanimum.
3500 4805 3530 4835 ››
3560 4785 3754 4843 Credi-

2103 4855 2296 4927 derim
2320 4852 2435 4927 hac
2469 4869 2603 4927 voce
2642 4853 2959 4927 signiﬁcari
2991 4853 3269 4927 Basilium
3328 4871 3630 4927 magnum,
3678 4858 3751 4914 ob

2103 4923 2593 5001 superioraistius
2614 4942 2671 4979 n.
2696 4923 2891 4995 verba,
2916 4948 2943 4977 (ι
2969 4941 3086 4982 non
3114 4926 3312 4983 minus
3333 4923 3547 4999 pietate
3571 4923 3751 5001 quam

2104 4995 2446 5055 corporibus
2476 4995 2703 5051 fratres.
2739 5018 2767 5046 »

2174 5064 2285 5211 (85)
2306 5069 2516 5138 Ὅμως.
2551 5068 2808 5123 Combef.
2843 5065 2970 5121 ἀλλ’
2992 5064 3165 5139 ὅμως.

2174 5142 2263 5211 (86
2344 5138 2439 5191 Καὶ
2497 5139 2968 5211 προγσημερώσων.
3047 5141 3140 5195 Sic

2344 5138 2441 5213 Kai
2497 5139 2979 5213 npog'quepdiamv.
3032 5138 3140 5195 ’Sic
3184 5140 3555 5213 restituimus
3611 5158 3748 5197 auc.

2102 5210 2548 5292 toritatehtrium'
2604 5210 2780 5292 Regg.
2835 5212 3039 5292 codd?
3068 5211 3433 5292 Qoisl.ﬁ1ﬂ,._et
3463 5214 3517 5283 2,
3564 5218 3655 5268 Or.
3688 5213 3746 5281 2,

2098 5284 2218 5339 Jes.
2255 5287 2311 5336 et
2333 5281 2468 5355 ‘Par.
2502 5281 2773 5350 Agnos'cit
2796 5288 2850 5336 et
2879 5283 3195 5355 vertitipse
3235 5283 3462 5338 Billius.

2172 5355 2286 5425 (87)
2330 5353 2604 5425 Ὕστερος.
2660 5355 2839 5425 Regg.
2892 5356 2949 5420 d,
3000 5353 3107 5426 ph,
3160 5360 3216 5410 et
3275 5356 3532 5426 quinque
3585 5354 3745 5411 Colb.

2101 5421 2342 5499 ὕστερον.

2194 5498 2265 5551 88

2318 5492 2543 5571 ’ᾼφιεμίᾳ
2569 5497 2713 5571 Tres
2744 5496 2921 5571 Regg.
2948 5494 3133 5571 ἀφίης.

2194 5498 2265 5551 88
2318 5498 2543 5557 ’Δφιείς.
2569 5498 2713 5550 Tres
2744 5498 2921 5568 Regg.
2948 5498 3133 5571 ἀφίης.

2316 5564 2621 5651 Ιξθέγξομαί
2651 5586 2724 5651 ρ.
2778 5569 3032 5651 itantres
3082 5566 3291 5651 Regii,_
3319 5565 3515 5638 plures
3562 5564 3747 5635 Colb.,

2099 5638 2274 5698 Coisl.
2304 5638 2548 5711 uterque
2572 5644 2629 5695 et
2660 5638 2755 5695 Or.
2778 5641 2833 5695 2.
2869 5641 3040 5696 Deest
3060 5659 3112 5693 τι
3145 5638 3203 5694 in
3227 5640 3319 5695 ed.
