  <div class='ocr_page' id='page_1' title='image "/cluster/home/n/w/nwhite01/storage/ocr_20150623/35/hvd.32044054100326/423.png"; bbox 0 0 2122 3108; ppageno 0'>
   <div class='ocr_carea' id='block_1_1' title="bbox 317 234 378 264">
    <p class='ocr_par' dir='ltr' id='par_1_1' title="bbox 317 234 378 264">
     <span class='ocr_line' id='line_1_1' title="bbox 317 234 378 264; baseline 0.016 -1"><span class='ocrx_word' id='word_1_1' title='bbox 317 234 378 264; x_wconf 83' lang='grc'><strong>835</strong></span> 
     </span>
    </p>
   </div>
   <div class='ocr_carea' id='block_1_2' title="bbox 946 232 1407 275">
    <p class='ocr_par' dir='ltr' id='par_1_2' title="bbox 946 232 1407 275">
     <span class='ocr_line' id='line_1_2' title="bbox 946 232 1407 275; baseline -0.002 -11"><span class='ocrx_word' id='word_1_2' title='bbox 946 233 979 264; x_wconf 91' lang='lat' dir='ltr'><strong>S.</strong></span> <span class='ocrx_word' id='word_1_3' title='bbox 1003 232 1188 275; x_wconf 79' lang='lat' dir='ltr'><strong>GREGORII</strong></span> <span class='ocrx_word' id='word_1_4' title='bbox 1211 233 1407 264; x_wconf 85' lang='lat' dir='ltr'><strong>THEOLOGI</strong></span> 
     </span>
    </p>
   </div>
   <div class='ocr_carea' id='block_1_3' title="bbox 1979 122 2013 134">
    <p class='ocr_par' dir='ltr' id='par_1_3' title="bbox 1979 122 2013 134">
     <span class='ocr_line' id='line_1_3' title="bbox 1979 122 2013 134; baseline 0.029 -1"><span class='ocrx_word' id='word_1_5' title='bbox 1979 122 2013 134; x_wconf 54' lang='grc' dir='ltr'>ἒξ</span> 
     </span>
    </p>
   </div>
   <div class='ocr_carea' id='block_1_4' title="bbox 1965 237 2029 268">
    <p class='ocr_par' dir='ltr' id='par_1_4' title="bbox 1965 237 2029 268">
     <span class='ocr_line' id='line_1_4' title="bbox 1965 237 2029 268; baseline 0 -1"><span class='ocrx_word' id='word_1_6' title='bbox 1965 237 2029 268; x_wconf 69' lang='lat'><strong>8&#39;36</strong></span> 
     </span>
    </p>
   </div>
   <div class='ocr_carea' id='block_1_5' title="bbox 320 296 1130 339">
    <p class='ocr_par' dir='ltr' id='par_1_5' title="bbox 320 299 1130 336">
     <span class='ocr_line' id='line_1_5' title="bbox 320 299 1130 336; baseline 0 -9"><span class='ocrx_word' id='word_1_7' title='bbox 320 301 405 328; x_wconf 88' lang='lat' dir='ltr'><strong>nobis</strong></span> <span class='ocrx_word' id='word_1_8' title='bbox 421 300 507 328; x_wconf 67' lang='lat' dir='ltr'><strong>illata:</strong></span> <span class='ocrx_word' id='word_1_9' title='bbox 523 300 628 336; x_wconf 88' lang='lat' dir='ltr'><strong>puduit</strong></span> <span class='ocrx_word' id='word_1_10' title='bbox 640 301 651 327; x_wconf 75' lang='grc' dir='ltr'><strong><em>Ρ</em></strong></span> <span class='ocrx_word' id='word_1_11' title='bbox 663 301 706 327; x_wconf 88' lang='lat' dir='ltr'><strong>Au</strong></span> <span class='ocrx_word' id='word_1_12' title='bbox 722 299 784 336; x_wconf 87' lang='lat' dir='ltr'><strong>ipse</strong></span> <span class='ocrx_word' id='word_1_13' title='bbox 801 309 928 336; x_wconf 86' lang='lat' dir='ltr'><strong>quoque,</strong></span> <span class='ocrx_word' id='word_1_14' title='bbox 946 303 978 328; x_wconf 90' lang='lat' dir='ltr'><strong>ut</strong></span> <span class='ocrx_word' id='word_1_15' title='bbox 988 301 1130 336; x_wconf 87' lang='lat' dir='ltr'><strong>imperiun</strong></span> 
     </span>
    </p>
   </div>
   <div class='ocr_carea' id='block_1_6' title="bbox 1186 296 2024 339">
    <p class='ocr_par' dir='ltr' id='par_1_6' title="bbox 1199 296 2024 339">
     <span class='ocr_line' id='line_1_6' title="bbox 1199 296 2024 339; baseline 0.004 -13"><span class='ocrx_word' id='word_1_16' title='bbox 1199 311 1252 327; x_wconf 79' lang='grc' dir='ltr'>των</span> <span class='ocrx_word' id='word_1_17' title='bbox 1268 302 1316 327; x_wconf 80' lang='grc' dir='ltr'>τοῦ</span> <span class='ocrx_word' id='word_1_18' title='bbox 1328 296 1388 326; x_wconf 73' lang='grc' dir='ltr'><strong>Ἰὼϐ</strong></span> <span class='ocrx_word' id='word_1_19' title='bbox 1405 299 1546 337; x_wconf 75' lang='grc' dir='ltr'><strong>ῥημάτων,</strong></span> <span class='ocrx_word' id='word_1_20' title='bbox 1564 300 1607 327; x_wconf 72' lang='grc' dir='ltr'><strong>καὶ</strong></span> <span class='ocrx_word' id='word_1_21' title='bbox 1623 300 1702 330; x_wconf 73' lang='grc' dir='ltr'>αὐτὸς</span> <span class='ocrx_word' id='word_1_22' title='bbox 1717 299 1819 337; x_wconf 74' lang='grc' dir='ltr'>ἀλγῶν,</span> <span class='ocrx_word' id='word_1_23' title='bbox 1831 302 1874 328; x_wconf 71' lang='grc' dir='ltr'><strong>καὶ</strong></span> <span class='ocrx_word' id='word_1_24' title='bbox 1886 303 1953 339; x_wconf 70' lang='grc' dir='ltr'>πρὸς</span> 
     </span>
    </p>
   </div>
   <div class='ocr_carea' id='block_1_7' title="bbox 320 344 1143 380">
    <p class='ocr_par' dir='ltr' id='par_1_7' title="bbox 320 344 1143 380">
     <span class='ocr_line' id='line_1_7' title="bbox 320 344 1143 380; baseline 0 -8"><span class='ocrx_word' id='word_1_25' title='bbox 320 353 434 380; x_wconf 84' lang='lat' dir='ltr'><strong>gerens,</strong></span> <span class='ocrx_word' id='word_1_26' title='bbox 456 344 683 372; x_wconf 83' lang='lat' dir='ltr'><strong>inobedientiam</strong></span> <span class='ocrx_word' id='word_1_27' title='bbox 713 346 843 372; x_wconf 85' lang='lat' dir='ltr'><strong>nostram</strong></span> <span class='ocrx_word' id='word_1_28' title='bbox 872 348 901 372; x_wconf 88' lang='lat' dir='ltr'><strong>et</strong></span> <span class='ocrx_word' id='word_1_29' title='bbox 928 345 1143 373; x_wconf 82' lang='lat' dir='ltr'><strong>contumaciam</strong></span> 
     </span>
    </p>
   </div>
   <div class='ocr_carea' id='block_1_8' title="bbox 319 388 1145 423">
    <p class='ocr_par' dir='ltr' id='par_1_8' title="bbox 319 388 1145 423">
     <span class='ocr_line' id='line_1_8' title="bbox 319 388 1145 423; baseline 0.001 -8"><span class='ocrx_word' id='word_1_30' title='bbox 319 389 419 423; x_wconf 88' lang='lat' dir='ltr'><strong>iniquo</strong></span> <span class='ocrx_word' id='word_1_31' title='bbox 434 388 532 416; x_wconf 86' lang='lat' dir='ltr'><strong>animo</strong></span> <span class='ocrx_word' id='word_1_32' title='bbox 548 388 664 416; x_wconf 82' lang='lat' dir='ltr'><strong>tulisti?</strong></span> <span class='ocrx_word' id='word_1_33' title='bbox 678 389 778 416; x_wconf 82' lang='lat' dir='ltr'><strong>Utrum</strong></span> <span class='ocrx_word' id='word_1_34' title='bbox 792 390 910 417; x_wconf 78' lang='lat' dir='ltr'><strong>tandem</strong></span> <span class='ocrx_word' id='word_1_35' title='bbox 924 390 1045 416; x_wconf 83' lang='lat' dir='ltr'><strong>fratrum</strong></span> <span class='ocrx_word' id='word_1_36' title='bbox 1062 398 1145 417; x_wconf 85' lang='lat' dir='ltr'><strong>accu-</strong></span> 
     </span>
    </p>
   </div>
   <div class='ocr_carea' id='block_1_9' title="bbox 320 432 1142 469">
    <p class='ocr_par' dir='ltr' id='par_1_9' title="bbox 320 432 1142 469">
     <span class='ocr_line' id='line_1_9' title="bbox 320 432 1142 469; baseline 0 -8"><span class='ocrx_word' id='word_1_37' title='bbox 320 441 380 466; x_wconf 81' lang='lat' dir='ltr'><strong>sas,</strong></span> <span class='ocrx_word' id='word_1_38' title='bbox 392 435 490 460; x_wconf 90' lang='lat' dir='ltr'><strong>utrum</strong></span> <span class='ocrx_word' id='word_1_39' title='bbox 508 432 733 468; x_wconf 84' lang='lat' dir='ltr'><strong>culpaliberas?</strong></span> <span class='ocrx_word' id='word_1_40' title='bbox 750 435 852 469; x_wconf 82' lang='lat' dir='ltr'><strong>Atque,</strong></span> <span class='ocrx_word' id='word_1_41' title='bbox 870 436 903 461; x_wconf 90' lang='lat' dir='ltr'><strong>ut</strong></span> <span class='ocrx_word' id='word_1_42' title='bbox 916 433 980 461; x_wconf 86' lang='lat' dir='ltr'><strong>Jobi</strong></span> <span class='ocrx_word' id='word_1_43' title='bbox 995 434 1091 461; x_wconf 83' lang='lat' dir='ltr'><strong>verbis</strong></span> <span class='ocrx_word' id='word_1_44' title='bbox 1106 434 1142 461; x_wconf 90' lang='lat' dir='ltr'><strong>ad</strong></span> 
     </span>
    </p>
   </div>
   <div class='ocr_carea' id='block_1_10' title="bbox 319 477 1141 513">
    <p class='ocr_par' dir='ltr' id='par_1_10' title="bbox 319 477 1141 513">
     <span class='ocr_line' id='line_1_10' title="bbox 319 477 1141 513; baseline 0.001 -9"><span class='ocrx_word' id='word_1_45' title='bbox 319 479 346 505; x_wconf 80' lang='lat' dir='ltr'><strong>te</strong></span> <span class='ocrx_word' id='word_1_46' title='bbox 359 479 435 511; x_wconf 90' lang='lat' dir='ltr'><strong>utar,</strong></span> <span class='ocrx_word' id='word_1_47' title='bbox 452 477 593 504; x_wconf 79' lang='lat' dir='ltr'><strong>nimirum</strong></span> <span class='ocrx_word' id='word_1_48' title='bbox 608 477 672 513; x_wconf 88' lang='lat' dir='ltr'><strong>ipse</strong></span> <span class='ocrx_word' id='word_1_49' title='bbox 682 485 799 513; x_wconf 88' lang='lat' dir='ltr'><strong>quoque</strong></span> <span class='ocrx_word' id='word_1_50' title='bbox 810 477 907 505; x_wconf 89' lang='lat' dir='ltr'><strong>dolore</strong></span> <span class='ocrx_word' id='word_1_51' title='bbox 922 477 1053 511; x_wconf 73' lang='lat' dir='ltr'><strong>aﬂ&#39;ectus;</strong></span> <span class='ocrx_word' id='word_1_52' title='bbox 1071 480 1098 505; x_wconf 85' lang='lat' dir='ltr'><strong>et</strong></span> <span class='ocrx_word' id='word_1_53' title='bbox 1106 478 1141 505; x_wconf 86' lang='lat' dir='ltr'><strong>ad</strong></span> 
     </span>
    </p>
   </div>
   <div class='ocr_carea' id='block_1_11' title="bbox 318 521 1141 557">
    <p class='ocr_par' dir='ltr' id='par_1_11' title="bbox 318 521 1141 557">
     <span class='ocr_line' id='line_1_11' title="bbox 318 521 1141 557; baseline 0 -7"><span class='ocrx_word' id='word_1_54' title='bbox 318 522 446 550; x_wconf 86' lang='lat' dir='ltr'><strong>amicum</strong></span> <span class='ocrx_word' id='word_1_55' title='bbox 464 521 599 557; x_wconf 89' lang='lat' dir='ltr'><strong>loquens,</strong></span> <span class='ocrx_word' id='word_1_56' title='bbox 620 522 674 549; x_wconf 88' lang='lat' dir='ltr'><strong>etsi</strong></span> <span class='ocrx_word' id='word_1_57' title='bbox 695 530 751 550; x_wconf 91' lang='lat' dir='ltr'><strong>non</strong></span> <span class='ocrx_word' id='word_1_58' title='bbox 777 522 875 557; x_wconf 89' lang='lat' dir='ltr'><strong>talem,</strong></span> <span class='ocrx_word' id='word_1_59' title='bbox 893 531 945 551; x_wconf 90' lang='lat' dir='ltr'><strong>nec</strong></span> <span class='ocrx_word' id='word_1_60' title='bbox 960 523 996 550; x_wconf 90' lang='lat' dir='ltr'><strong>ob</strong></span> <span class='ocrx_word' id='word_1_61' title='bbox 1025 523 1141 550; x_wconf 86' lang='lat' dir='ltr'><strong>easdem</strong></span> 
     </span>
    </p>
   </div>
   <div class='ocr_carea' id='block_1_12' title="bbox 318 566 1142 603">
    <p class='ocr_par' dir='ltr' id='par_1_12' title="bbox 318 566 1142 603">
     <span class='ocr_line' id='line_1_12' title="bbox 318 566 1142 603; baseline 0.001 -9"><span class='ocrx_word' id='word_1_62' title='bbox 318 566 519 594; x_wconf 83' lang='lat' dir='ltr'><strong>calamitates:</strong></span> <span class='ocrx_word' id='word_1_63' title='bbox 536 566 573 594; x_wconf 91' lang='lat' dir='ltr'><strong>Ut</strong></span> <span class='ocrx_word' id='word_1_64' title='bbox 583 566 740 595; x_wconf 70' lang='lat' dir='ltr'><strong>riadhaares</strong></span> <span class='ocrx_word' id='word_1_65' title='bbox 750 567 764 595; x_wconf 71' lang='lat'><strong>7</strong></span> <span class='ocrx_word' id='word_1_66' title='bbox 778 569 837 595; x_wconf 78' lang='lat' dir='ltr'><strong>Aut</strong></span> <span class='ocrx_word' id='word_1_67' title='bbox 852 568 899 595; x_wconf 89' lang='lat' dir='ltr'><strong>cui</strong></span> <span class='ocrx_word' id='word_1_68' title='bbox 927 576 1010 603; x_wconf 85' lang='lat' dir='ltr'><strong>opem</strong></span> <span class='ocrx_word' id='word_1_69' title='bbox 1040 567 1142 595; x_wconf 64' lang='lat' dir='ltr'><strong>afferre</strong></span> 
     </span>
    </p>
   </div>
   <div class='ocr_carea' id='block_1_13' title="bbox 318 611 1141 648">
    <p class='ocr_par' dir='ltr' id='par_1_13' title="bbox 318 611 1141 648">
     <span class='ocr_line' id='line_1_13' title="bbox 318 611 1141 648; baseline -0.001 -9"><span class='ocrx_word' id='word_1_70' title='bbox 318 611 427 647; x_wconf 85' lang='lat' dir='ltr'><strong>paras?</strong></span> <span class='ocrx_word' id='word_1_71' title='bbox 449 612 493 638; x_wconf 81' lang='lat' dir='ltr'><strong>An</strong></span> <span class='ocrx_word' id='word_1_72' title='bbox 509 620 567 639; x_wconf 87' lang='lat' dir='ltr'><strong>non</strong></span> <span class='ocrx_word' id='word_1_73' title='bbox 592 611 629 645; x_wconf 87' lang='lat' dir='ltr'><strong>ei,</strong></span> <span class='ocrx_word' id='word_1_74' title='bbox 645 612 696 647; x_wconf 88' lang='lat' dir='ltr'><strong>qui</strong></span> <span class='ocrx_word' id='word_1_75' title='bbox 710 612 822 639; x_wconf 87' lang='lat' dir='ltr'><strong>viribus</strong></span> <span class='ocrx_word' id='word_1_76' title='bbox 837 612 947 648; x_wconf 86' lang='lat' dir='ltr'><strong>pollet?</strong></span> <span class='ocrx_word' id='word_1_77' title='bbox 961 613 1004 639; x_wconf 84' lang='lat' dir='ltr'><strong>An</strong></span> <span class='ocrx_word' id='word_1_78' title='bbox 1030 620 1087 639; x_wconf 89' lang='lat' dir='ltr'><strong>non</strong></span> <span class='ocrx_word' id='word_1_79' title='bbox 1104 611 1141 644; x_wconf 89' lang='lat' dir='ltr'><strong>ei,</strong></span> 
     </span>
    </p>
   </div>
   <div class='ocr_carea' id='block_1_14' title="bbox 318 656 1140 693">
    <p class='ocr_par' dir='ltr' id='par_1_14' title="bbox 318 656 1140 693">
     <span class='ocr_line' id='line_1_14' title="bbox 318 656 1140 693; baseline 0 -9"><span class='ocrx_word' id='word_1_80' title='bbox 318 657 369 693; x_wconf 88' lang='lat' dir='ltr'><strong>qui</strong></span> <span class='ocrx_word' id='word_1_81' title='bbox 398 656 543 692; x_wconf 82' lang='lat' dir='ltr'><strong>sapientia</strong></span> <span class='ocrx_word' id='word_1_82' title='bbox 568 658 597 684; x_wconf 85' lang='lat' dir='ltr'><strong>et</strong></span> <span class='ocrx_word' id='word_1_83' title='bbox 620 656 753 684; x_wconf 77' lang='lat' dir='ltr'><strong>doctrina</strong></span> <span class='ocrx_word' id='word_1_84' title='bbox 776 657 934 685; x_wconf 73' lang='lat' dir='ltr'><strong>abundat&quot;</strong></span> <span class='ocrx_word' id='word_1_85' title='bbox 948 657 961 684; x_wconf 86' lang='lat'><strong>?</strong></span> <span class='ocrx_word' id='word_1_86' title='bbox 982 657 1041 684; x_wconf 87' lang='lat' dir='ltr'><strong>Hoc</strong></span> <span class='ocrx_word' id='word_1_87' title='bbox 1061 657 1140 685; x_wconf 90' lang='lat' dir='ltr'><strong>enim</strong></span> 
     </span>
    </p>
   </div>
   <div class='ocr_carea' id='block_1_15' title="bbox 318 700 1140 736">
    <p class='ocr_par' dir='ltr' id='par_1_15' title="bbox 318 700 1140 736">
     <span class='ocr_line' id='line_1_15' title="bbox 318 700 1140 736; baseline -0.001 -7"><span class='ocrx_word' id='word_1_88' title='bbox 318 701 472 736; x_wconf 81' lang='lat' dir='ltr'><strong>permultis</strong></span> <span class='ocrx_word' id='word_1_89' title='bbox 487 700 580 728; x_wconf 69' lang='lat' dir='ltr'><strong>aetatis</strong></span> <span class='ocrx_word' id='word_1_90' title='bbox 596 703 702 728; x_wconf 71' lang='lat' dir='ltr'><strong>nostra:</strong></span> <span class='ocrx_word' id='word_1_91' title='bbox 714 701 866 736; x_wconf 88' lang='lat' dir='ltr'><strong>judicibus</strong></span> <span class='ocrx_word' id='word_1_92' title='bbox 889 709 944 729; x_wconf 89' lang='lat' dir='ltr'><strong>usu</strong></span> <span class='ocrx_word' id='word_1_93' title='bbox 959 700 1057 728; x_wconf 90' lang='lat' dir='ltr'><strong>venire</strong></span> <span class='ocrx_word' id='word_1_94' title='bbox 1072 709 1140 728; x_wconf 93' lang='lat' dir='ltr'><strong>con-</strong></span> 
     </span>
    </p>
   </div>
   <div class='ocr_carea' id='block_1_16' title="bbox 315 744 1141 781">
    <p class='ocr_par' dir='ltr' id='par_1_16' title="bbox 315 744 1141 781">
     <span class='ocr_line' id='line_1_16' title="bbox 315 744 1141 781; baseline 0 -9"><span class='ocrx_word' id='word_1_95' title='bbox 315 745 418 781; x_wconf 82' lang='lat' dir='ltr'><strong>spicio,</strong></span> <span class='ocrx_word' id='word_1_96' title='bbox 434 745 484 781; x_wconf 90' lang='lat' dir='ltr'><strong>qui</strong></span> <span class='ocrx_word' id='word_1_97' title='bbox 496 744 611 780; x_wconf 82' lang='lat' dir='ltr'><strong>magnis</strong></span> <span class='ocrx_word' id='word_1_98' title='bbox 627 747 655 773; x_wconf 91' lang='lat' dir='ltr'><strong>et</strong></span> <span class='ocrx_word' id='word_1_99' title='bbox 670 745 791 773; x_wconf 78' lang='lat' dir='ltr'><strong>excelsis</strong></span> <span class='ocrx_word' id='word_1_100' title='bbox 802 745 872 772; x_wconf 87' lang='lat' dir='ltr'><strong>viris</strong></span> <span class='ocrx_word' id='word_1_101' title='bbox 883 745 1058 781; x_wconf 87' lang='lat' dir='ltr'><strong>gravissima</strong></span> <span class='ocrx_word' id='word_1_102' title='bbox 1066 754 1141 781; x_wconf 74' lang='lat' dir='ltr'><strong>quea-</strong></span> 
     </span>
    </p>
   </div>
   <div class='ocr_carea' id='block_1_17' title="bbox 314 789 1140 825">
    <p class='ocr_par' dir='ltr' id='par_1_17' title="bbox 314 789 1140 825">
     <span class='ocr_line' id='line_1_17' title="bbox 314 789 1140 825; baseline 0 -8"><span class='ocrx_word' id='word_1_103' title='bbox 314 798 371 825; x_wconf 90' lang='lat' dir='ltr'><strong>que</strong></span> <span class='ocrx_word' id='word_1_104' title='bbox 380 789 495 817; x_wconf 85' lang='lat' dir='ltr'><strong>facilius</strong></span> <span class='ocrx_word' id='word_1_105' title='bbox 502 789 800 825; x_wconf 86' lang='lat' dir='ltr'><strong>condonarint,quam</strong></span> <span class='ocrx_word' id='word_1_106' title='bbox 810 789 973 817; x_wconf 87' lang='lat' dir='ltr'><strong>humilibus</strong></span> <span class='ocrx_word' id='word_1_107' title='bbox 981 792 1008 817; x_wconf 88' lang='lat' dir='ltr'><strong>et</strong></span> <span class='ocrx_word' id='word_1_108' title='bbox 1018 789 1140 825; x_wconf 85' lang='lat' dir='ltr'><strong>abjectis</strong></span> 
     </span>
    </p>
   </div>
   <div class='ocr_carea' id='block_1_18' title="bbox 314 834 1138 870">
    <p class='ocr_par' dir='ltr' id='par_1_18' title="bbox 314 834 1138 870">
     <span class='ocr_line' id='line_1_18' title="bbox 314 834 1138 870; baseline 0 -8"><span class='ocrx_word' id='word_1_109' title='bbox 314 835 477 870; x_wconf 88' lang='lat' dir='ltr'><strong>quidquam</strong></span> <span class='ocrx_word' id='word_1_110' title='bbox 491 834 535 862; x_wconf 87' lang='lat' dir='ltr'><strong>vel</strong></span> <span class='ocrx_word' id='word_1_111' title='bbox 551 834 692 862; x_wconf 79' lang='lat' dir='ltr'><strong>levissimi</strong></span> <span class='ocrx_word' id='word_1_112' title='bbox 708 834 860 862; x_wconf 87' lang='lat' dir='ltr'><strong>momenti.</strong></span> <span class='ocrx_word' id='word_1_113' title='bbox 878 835 933 862; x_wconf 86' lang='lat' dir='ltr'><strong>Sed</strong></span> <span class='ocrx_word' id='word_1_114' title='bbox 949 834 1003 862; x_wconf 85' lang='lat' dir='ltr'><strong>hoc</strong></span> <span class='ocrx_word' id='word_1_115' title='bbox 1019 834 1138 870; x_wconf 89' lang='lat' dir='ltr'><strong>quidem</strong></span> 
     </span>
    </p>
   </div>
   <div class='ocr_carea' id='block_1_19' title="bbox 314 878 1139 915">
    <p class='ocr_par' dir='ltr' id='par_1_19' title="bbox 314 878 1139 915">
     <span class='ocr_line' id='line_1_19' title="bbox 314 878 1139 915; baseline -0.001 -8"><span class='ocrx_word' id='word_1_116' title='bbox 314 880 377 915; x_wconf 85' lang='lat' dir='ltr'><strong>ipse</strong></span> <span class='ocrx_word' id='word_1_117' title='bbox 386 879 505 907; x_wconf 89' lang='lat' dir='ltr'><strong>videris.</strong></span> <span class='ocrx_word' id='word_1_118' title='bbox 523 881 621 914; x_wconf 86' lang='lat' dir='ltr'><strong>Neque</strong></span> <span class='ocrx_word' id='word_1_119' title='bbox 637 878 715 906; x_wconf 91' lang='lat' dir='ltr'><strong>enim</strong></span> <span class='ocrx_word' id='word_1_120' title='bbox 733 878 805 906; x_wconf 89' lang='lat' dir='ltr'><strong>mihi</strong></span> <span class='ocrx_word' id='word_1_121' title='bbox 822 879 858 906; x_wconf 91' lang='lat' dir='ltr'><strong>de</strong></span> <span class='ocrx_word' id='word_1_122' title='bbox 873 881 911 912; x_wconf 90' lang='lat' dir='ltr'><strong>te,</strong></span> <span class='ocrx_word' id='word_1_123' title='bbox 937 887 1022 914; x_wconf 88' lang='lat' dir='ltr'><strong>quem</strong></span> <span class='ocrx_word' id='word_1_124' title='bbox 1045 879 1139 906; x_wconf 88' lang='lat' dir='ltr'><strong>virtu—</strong></span> 
     </span>
    </p>
   </div>
   <div class='ocr_carea' id='block_1_20' title="bbox 316 922 1138 959">
    <p class='ocr_par' dir='ltr' id='par_1_20' title="bbox 316 922 1138 959">
     <span class='ocr_line' id='line_1_20' title="bbox 316 922 1138 959; baseline 0 -9"><span class='ocrx_word' id='word_1_125' title='bbox 316 926 380 951; x_wconf 85' lang='lat' dir='ltr'><strong>tum</strong></span> <span class='ocrx_word' id='word_1_126' title='bbox 394 923 528 951; x_wconf 91' lang='lat' dir='ltr'><strong>omnium</strong></span> <span class='ocrx_word' id='word_1_127' title='bbox 540 931 673 950; x_wconf 85' lang='lat' dir='ltr'><strong>normam</strong></span> <span class='ocrx_word' id='word_1_128' title='bbox 687 925 775 958; x_wconf 86' lang='lat' dir='ltr'><strong>atque</strong></span> <span class='ocrx_word' id='word_1_129' title='bbox 786 922 935 959; x_wconf 79' lang='lat' dir='ltr'><strong>exemplar</strong></span> <span class='ocrx_word' id='word_1_130' title='bbox 946 931 1010 951; x_wconf 91' lang='lat' dir='ltr'><strong>esse</strong></span> <span class='ocrx_word' id='word_1_131' title='bbox 1028 925 1138 957; x_wconf 87' lang='lat' dir='ltr'><strong>statuo,</strong></span> 
     </span>
    </p>
   </div>
   <div class='ocr_carea' id='block_1_21' title="bbox 312 967 1136 1004">
    <p class='ocr_par' dir='ltr' id='par_1_21' title="bbox 312 967 1136 1004">
     <span class='ocr_line' id='line_1_21' title="bbox 312 967 1136 1004; baseline -0.001 -8"><span class='ocrx_word' id='word_1_132' title='bbox 312 968 486 1004; x_wconf 86' lang='lat' dir='ltr'><strong>quidquam,</strong></span> <span class='ocrx_word' id='word_1_133' title='bbox 503 968 579 1004; x_wconf 91' lang='lat' dir='ltr'><strong>quod</strong></span> <span class='ocrx_word' id='word_1_134' title='bbox 597 968 632 995; x_wconf 87' lang='lat' dir='ltr'><strong>ab</strong></span> <span class='ocrx_word' id='word_1_135' title='bbox 648 968 772 995; x_wconf 86' lang='lat' dir='ltr'><strong>honesto</strong></span> <span class='ocrx_word' id='word_1_136' title='bbox 789 967 918 995; x_wconf 89' lang='lat' dir='ltr'><strong>alienum</strong></span> <span class='ocrx_word' id='word_1_137' title='bbox 934 968 981 1001; x_wconf 88' lang='lat' dir='ltr'><strong>sit,</strong></span> <span class='ocrx_word' id='word_1_138' title='bbox 1007 976 1136 1003; x_wconf 89' lang='lat' dir='ltr'><strong>pronun-</strong></span> 
     </span>
    </p>
   </div>
   <div class='ocr_carea' id='block_1_22' title="bbox 312 1012 1137 1048">
    <p class='ocr_par' dir='ltr' id='par_1_22' title="bbox 312 1012 1137 1048">
     <span class='ocr_line' id='line_1_22' title="bbox 312 1012 1137 1048; baseline -0.001 -8"><span class='ocrx_word' id='word_1_139' title='bbox 312 1013 385 1040; x_wconf 84' lang='lat' dir='ltr'><strong>tiare</strong></span> <span class='ocrx_word' id='word_1_140' title='bbox 399 1013 442 1040; x_wconf 87' lang='lat' dir='ltr'><strong>fas</strong></span> <span class='ocrx_word' id='word_1_141' title='bbox 452 1015 506 1040; x_wconf 89' lang='lat' dir='ltr'><strong>est.</strong></span> <span class='ocrx_word' id='word_1_142' title='bbox 523 1015 563 1039; x_wconf 86' lang='lat' dir='ltr'><strong>Ac</strong></span> <span class='ocrx_word' id='word_1_143' title='bbox 578 1014 726 1047; x_wconf 67' lang='lat' dir='ltr'><strong>praeterea,</strong></span> <span class='ocrx_word' id='word_1_144' title='bbox 746 1020 783 1040; x_wconf 91' lang='lat' dir='ltr'><strong>ne</strong></span> <span class='ocrx_word' id='word_1_145' title='bbox 797 1020 978 1048; x_wconf 67' lang='lat' dir='ltr'><strong>praepropere</strong></span> <span class='ocrx_word' id='word_1_146' title='bbox 994 1012 1137 1047; x_wconf 87' lang='lat' dir='ltr'><strong>judicem,</strong></span> 
     </span>
    </p>
   </div>
   <div class='ocr_carea' id='block_1_23' title="bbox 313 1056 1137 1093">
    <p class='ocr_par' dir='ltr' id='par_1_23' title="bbox 313 1056 1137 1093">
     <span class='ocr_line' id='line_1_23' title="bbox 313 1056 1137 1093; baseline -0.001 -8"><span class='ocrx_word' id='word_1_147' title='bbox 313 1057 469 1093; x_wconf 71' lang='lat' dir='ltr'><strong>Scriptum</strong></span> <span class='ocrx_word' id='word_1_148' title='bbox 484 1056 548 1092; x_wconf 85' lang='lat' dir='ltr'><strong>lege</strong></span> <span class='ocrx_word' id='word_1_149' title='bbox 563 1056 636 1083; x_wconf 92' lang='lat' dir='ltr'><strong>mihi</strong></span> <span class='ocrx_word' id='word_1_150' title='bbox 661 1056 849 1084; x_wconf 90' lang='lat' dir='ltr'><strong>interdictum</strong></span> <span class='ocrx_word' id='word_1_151' title='bbox 874 1058 918 1083; x_wconf 86' lang='lat' dir='ltr'><strong>est</strong></span> <span class='ocrx_word' id='word_1_152' title='bbox 936 1057 967 1083; x_wconf 75' lang='grc'><strong>⁷⁵.</strong></span> <span class='ocrx_word' id='word_1_153' title='bbox 985 1056 1042 1092; x_wconf 80' lang='lat' dir='ltr'><strong>Ego</strong></span> <span class='ocrx_word' id='word_1_154' title='bbox 1072 1064 1137 1084; x_wconf 91' lang='lat' dir='ltr'><strong>vero</strong></span> 
     </span>
    </p>
   </div>
   <div class='ocr_carea' id='block_1_24' title="bbox 313 1100 1138 1137">
    <p class='ocr_par' dir='ltr' id='par_1_24' title="bbox 313 1100 1138 1137">
     <span class='ocr_line' id='line_1_24' title="bbox 313 1100 1138 1137; baseline -0.002 -8"><span class='ocrx_word' id='word_1_155' title='bbox 313 1109 364 1137; x_wconf 89' lang='lat' dir='ltr'><strong>pro</strong></span> <span class='ocrx_word' id='word_1_156' title='bbox 380 1101 605 1135; x_wconf 74' lang='lat' dir='ltr'><strong>amicitiaajure,</strong></span> <span class='ocrx_word' id='word_1_157' title='bbox 631 1104 659 1128; x_wconf 87' lang='lat' dir='ltr'><strong>et</strong></span> <span class='ocrx_word' id='word_1_158' title='bbox 674 1100 739 1134; x_wconf 88' lang='lat' dir='ltr'><strong>tibi,</strong></span> <span class='ocrx_word' id='word_1_159' title='bbox 753 1102 781 1128; x_wconf 94' lang='lat' dir='ltr'><strong>et</strong></span> <span class='ocrx_word' id='word_1_160' title='bbox 806 1100 960 1136; x_wconf 89' lang='lat' dir='ltr'><strong>quibusvis</strong></span> <span class='ocrx_word' id='word_1_161' title='bbox 980 1100 1056 1134; x_wconf 90' lang='lat' dir='ltr'><strong>aliis,</strong></span> <span class='ocrx_word' id='word_1_162' title='bbox 1078 1101 1138 1128; x_wconf 85' lang='lat' dir='ltr'><strong>sive</strong></span> 
     </span>
    </p>
   </div>
   <div class='ocr_carea' id='block_1_25' title="bbox 312 1145 1136 1180">
    <p class='ocr_par' dir='ltr' id='par_1_25' title="bbox 312 1145 1136 1180">
     <span class='ocr_line' id='line_1_25' title="bbox 312 1145 1136 1180; baseline -0.001 -7"><span class='ocrx_word' id='word_1_163' title='bbox 312 1145 515 1174; x_wconf 68' lang='lat' dir='ltr'><strong>inobedientiaa</strong></span> <span class='ocrx_word' id='word_1_164' title='bbox 541 1153 623 1180; x_wconf 63' lang='lat' dir='ltr'><strong>mea,</strong></span> <span class='ocrx_word' id='word_1_165' title='bbox 641 1147 672 1172; x_wconf 92' lang='lat' dir='ltr'><strong>ut</strong></span> <span class='ocrx_word' id='word_1_166' title='bbox 688 1145 823 1172; x_wconf 85' lang='lat' dir='ltr'><strong>nonnulli</strong></span> <span class='ocrx_word' id='word_1_167' title='bbox 852 1145 977 1173; x_wconf 78' lang='lat' dir='ltr'><strong>fortasse</strong></span> <span class='ocrx_word' id='word_1_168' title='bbox 1000 1145 1136 1179; x_wconf 82' lang='lat' dir='ltr'><strong>dixerint,</strong></span> 
     </span>
    </p>
   </div>
   <div class='ocr_carea' id='block_1_26' title="bbox 1199 343 2026 382">
    <p class='ocr_par' dir='ltr' id='par_1_26' title="bbox 1199 343 2026 382">
     <span class='ocr_line' id='line_1_26' title="bbox 1199 343 2026 382; baseline 0.004 -12"><span class='ocrx_word' id='word_1_169' title='bbox 1199 343 1289 382; x_wconf 70' lang='grc' dir='ltr'>φίλον,</span> <span class='ocrx_word' id='word_1_170' title='bbox 1306 344 1330 370; x_wconf 73' lang='grc' dir='ltr'>εἴ</span> <span class='ocrx_word' id='word_1_171' title='bbox 1345 343 1389 370; x_wconf 80' lang='grc' dir='ltr'><strong>καὶ</strong></span> <span class='ocrx_word' id='word_1_172' title='bbox 1406 344 1443 380; x_wconf 77' lang='grc' dir='ltr'>μὴ</span> <span class='ocrx_word' id='word_1_173' title='bbox 1460 346 1593 377; x_wconf 75' lang='grc' dir='ltr'>τοιοῦτον,</span> <span class='ocrx_word' id='word_1_174' title='bbox 1613 343 1682 380; x_wconf 68' lang='grc' dir='ltr'>μηδέ</span> <span class='ocrx_word' id='word_1_175' title='bbox 1699 344 1738 382; x_wconf 67' lang='grc' dir='ltr'><strong>ἐφ’</strong></span> <span class='ocrx_word' id='word_1_176' title='bbox 1754 345 1862 380; x_wconf 75' lang='grc' dir='ltr'><strong>ὁμοίοις</strong></span> <span class='ocrx_word' id='word_1_177' title='bbox 1887 349 1946 377; x_wconf 78' lang='grc' dir='ltr'>τοῖς</span> <span class='ocrx_word' id='word_1_178' title='bbox 1970 348 2026 373; x_wconf 75' lang='grc' dir='ltr'>πά-</span> 
     </span>
    </p>
   </div>
   <div class='ocr_carea' id='block_1_27' title="bbox 1198 388 2025 427">
    <p class='ocr_par' dir='ltr' id='par_1_27' title="bbox 1198 388 2025 427">
     <span class='ocr_line' id='line_1_27' title="bbox 1198 388 2025 427; baseline 0.002 -12"><span class='ocrx_word' id='word_1_179' title='bbox 1198 389 1280 417; x_wconf 84' lang='grc' dir='ltr'>θεσιν.</span> <span class='ocrx_word' id='word_1_180' title='bbox 1305 388 1415 425; x_wconf 72' lang='grc' dir='ltr'>Ποτίρῳ</span> <span class='ocrx_word' id='word_1_181' title='bbox 1437 388 1613 425; x_wconf 73' lang='grc' dir='ltr'>πρόσκεισαι;</span> <span class='ocrx_word' id='word_1_182' title='bbox 1638 389 1672 415; x_wconf 80' lang='grc' dir='ltr'><strong>Ἦ</strong></span> <span class='ocrx_word' id='word_1_183' title='bbox 1696 389 1747 415; x_wconf 83' lang='grc' dir='ltr'>τίνι</span> <span class='ocrx_word' id='word_1_184' title='bbox 1765 389 1874 424; x_wconf 79' lang='grc' dir='ltr'>μέλλεις</span> <span class='ocrx_word' id='word_1_185' title='bbox 1892 391 2025 427; x_wconf 80' lang='grc' dir='ltr'>βοηΘεῐν;</span> 
     </span>
    </p>
   </div>
   <div class='ocr_carea' id='block_1_28' title="bbox 1197 432 2025 474">
    <p class='ocr_par' dir='ltr' id='par_1_28' title="bbox 1197 432 2025 474">
     <span class='ocr_line' id='line_1_28' title="bbox 1197 432 2025 474; baseline 0.004 -15"><span class='ocrx_word' id='word_1_186' title='bbox 1197 433 1258 469; x_wconf 63' lang='grc' dir='ltr'><strong>Ἆρ’</strong></span> <span class='ocrx_word' id='word_1_187' title='bbox 1283 432 1336 470; x_wconf 80' lang='grc' dir='ltr'><strong>οὐχ</strong></span> <span class='ocrx_word' id='word_1_188' title='bbox 1359 432 1382 468; x_wconf 83' lang='grc' dir='ltr'>ᾦ</span> <span class='ocrx_word' id='word_1_189' title='bbox 1409 432 1501 466; x_wconf 86' lang='grc' dir='ltr'>πολλὴ</span> <span class='ocrx_word' id='word_1_190' title='bbox 1529 432 1607 470; x_wconf 62' lang='grc' dir='ltr'>ἰσχύς</span> <span class='ocrx_word' id='word_1_191' title='bbox 1632 434 1705 468; x_wconf 83' lang='lat'>(91);</span> <span class='ocrx_word' id='word_1_192' title='bbox 1723 433 1817 470; x_wconf 67' lang='grc' dir='ltr'><strong>Οὖχῷ</strong></span> <span class='ocrx_word' id='word_1_193' title='bbox 1833 434 1927 468; x_wconf 84' lang='grc' dir='ltr'>πολλή</span> <span class='ocrx_word' id='word_1_194' title='bbox 1942 436 2025 474; x_wconf 55' lang='grc' dir='ltr'>σοφία</span> 
     </span>
    </p>
   </div>
   <div class='ocr_carea' id='block_1_29' title="bbox 1196 477 2020 515">
    <p class='ocr_par' dir='ltr' id='par_1_29' title="bbox 1196 477 2020 515">
     <span class='ocr_line' id='line_1_29' title="bbox 1196 477 2020 515; baseline 0.002 -11"><span class='ocrx_word' id='word_1_195' title='bbox 1196 477 1241 504; x_wconf 77' lang='grc' dir='ltr'><strong>καὶ</strong></span> <span class='ocrx_word' id='word_1_196' title='bbox 1270 477 1428 513; x_wconf 74' lang='grc' dir='ltr'>ἐπιστήμη;</span> <span class='ocrx_word' id='word_1_197' title='bbox 1466 479 1550 504; x_wconf 71' lang='grc' dir='ltr'>Τοῦτο</span> <span class='ocrx_word' id='word_1_198' title='bbox 1579 478 1629 513; x_wconf 68' lang='grc' dir='ltr'>γὰρ</span> <span class='ocrx_word' id='word_1_199' title='bbox 1658 478 1713 515; x_wconf 83' lang='grc' dir='ltr'><strong>ὁρῶ</strong></span> <span class='ocrx_word' id='word_1_200' title='bbox 1739 477 1862 509; x_wconf 71' lang='grc' dir='ltr'>πολλοὺς</span> <span class='ocrx_word' id='word_1_201' title='bbox 1891 481 1943 506; x_wconf 80' lang='grc' dir='ltr'><strong>τῶν</strong></span> <span class='ocrx_word' id='word_1_202' title='bbox 1976 481 2020 506; x_wconf 73' lang='grc' dir='ltr'>νῦν</span> 
     </span>
    </p>
   </div>
   <div class='ocr_carea' id='block_1_30' title="bbox 1196 520 2024 561">
    <p class='ocr_par' dir='ltr' id='par_1_30' title="bbox 1196 520 2024 561">
     <span class='ocr_line' id='line_1_30' title="bbox 1196 520 2024 561; baseline 0.004 -13"><span class='ocrx_word' id='word_1_203' title='bbox 1196 524 1294 559; x_wconf 79' lang='grc' dir='ltr'><strong>κριτῶν</strong></span> <span class='ocrx_word' id='word_1_204' title='bbox 1319 521 1485 559; x_wconf 67' lang='grc' dir='ltr'>πάσχοντας,</span> <span class='ocrx_word' id='word_1_205' title='bbox 1503 520 1532 548; x_wconf 39' lang='grc' dir='ltr'><strong>οἱ]</strong></span> <span class='ocrx_word' id='word_1_206' title='bbox 1543 521 1605 559; x_wconf 79' lang='grc' dir='ltr'>ῥᾷον</span> <span class='ocrx_word' id='word_1_207' title='bbox 1626 524 1684 553; x_wconf 82' lang='grc' dir='ltr'>τοῖς</span> <span class='ocrx_word' id='word_1_208' title='bbox 1709 521 1824 559; x_wconf 72' lang='grc' dir='ltr'>ὑψηλοῖς</span> <span class='ocrx_word' id='word_1_209' title='bbox 1847 523 1880 550; x_wconf 78' lang='grc' dir='ltr'><strong>τὰ</strong></span> <span class='ocrx_word' id='word_1_210' title='bbox 1907 523 2024 561; x_wconf 75' lang='grc' dir='ltr'>μέγιστα</span> 
     </span>
    </p>
   </div>
   <div class='ocr_carea' id='block_1_31' title="bbox 1197 566 2021 605">
    <p class='ocr_par' dir='ltr' id='par_1_31' title="bbox 1197 566 2021 605">
     <span class='ocr_line' id='line_1_31' title="bbox 1197 566 2021 605; baseline 0.001 -12"><span class='ocrx_word' id='word_1_211' title='bbox 1197 567 1403 604; x_wconf 72' lang='grc' dir='ltr'>συγχωρήσαιεν</span> <span class='ocrx_word' id='word_1_212' title='bbox 1433 567 1450 601; x_wconf 85' lang='grc' dir='ltr'>ἣ</span> <span class='ocrx_word' id='word_1_213' title='bbox 1480 569 1538 597; x_wconf 86' lang='grc' dir='ltr'>τοῖς</span> <span class='ocrx_word' id='word_1_214' title='bbox 1566 569 1699 596; x_wconf 75' lang='grc' dir='ltr'>ταπεινοῖς</span> <span class='ocrx_word' id='word_1_215' title='bbox 1726 567 1759 593; x_wconf 74' lang='grc' dir='ltr'><strong>τὰ</strong></span> <span class='ocrx_word' id='word_1_216' title='bbox 1775 566 2021 605; x_wconf 74' lang='grc' dir='ltr'>ἐλάχιστα,Τοῦτο</span> 
     </span>
    </p>
   </div>
   <div class='ocr_carea' id='block_1_32' title="bbox 1197 608 2022 650">
    <p class='ocr_par' dir='ltr' id='par_1_32' title="bbox 1197 608 2022 650">
     <span class='ocr_line' id='line_1_32' title="bbox 1197 608 2022 650; baseline 0.001 -13"><span class='ocrx_word' id='word_1_217' title='bbox 1197 611 1245 646; x_wconf 75' lang='grc' dir='ltr'>μὲν</span> <span class='ocrx_word' id='word_1_218' title='bbox 1262 610 1307 637; x_wconf 78' lang='grc' dir='ltr'>οὖν</span> <span class='ocrx_word' id='word_1_219' title='bbox 1323 610 1402 641; x_wconf 77' lang='grc' dir='ltr'>αὐτὸς</span> <span class='ocrx_word' id='word_1_220' title='bbox 1419 610 1448 637; x_wconf 77' lang='grc' dir='ltr'>ἂν</span> <span class='ocrx_word' id='word_1_221' title='bbox 1463 608 1563 645; x_wconf 69' lang='grc' dir='ltr'>εἰδείης</span> <span class='ocrx_word' id='word_1_222' title='bbox 1576 619 1582 625; x_wconf 87' lang='grc'><strong>”</strong></span> <span class='ocrx_word' id='word_1_223' title='bbox 1599 610 1630 637; x_wconf 80' lang='grc' dir='ltr'>οὐ</span> <span class='ocrx_word' id='word_1_224' title='bbox 1656 610 1707 648; x_wconf 82' lang='grc' dir='ltr'>γὰρ</span> <span class='ocrx_word' id='word_1_225' title='bbox 1732 610 1793 647; x_wconf 80' lang='grc' dir='ltr'>ἐμοί</span> <span class='ocrx_word' id='word_1_226' title='bbox 1806 622 1831 638; x_wconf 85' lang='grc' dir='ltr'><strong>τι</strong></span> <span class='ocrx_word' id='word_1_227' title='bbox 1856 611 1932 648; x_wconf 67' lang='grc' dir='ltr'>θέμις</span> <span class='ocrx_word' id='word_1_228' title='bbox 1957 613 2022 650; x_wconf 78' lang='grc' dir='ltr'><strong>περί</strong></span> 
     </span>
    </p>
   </div>
   <div class='ocr_carea' id='block_1_33' title="bbox 1196 654 2023 693">
    <p class='ocr_par' dir='ltr' id='par_1_33' title="bbox 1196 654 2023 693">
     <span class='ocr_line' id='line_1_33' title="bbox 1196 654 2023 693; baseline 0.002 -12"><span class='ocrx_word' id='word_1_229' title='bbox 1196 657 1244 681; x_wconf 75' lang='grc' dir='ltr'><strong>σοῦ</strong></span> <span class='ocrx_word' id='word_1_230' title='bbox 1259 657 1312 682; x_wconf 78' lang='grc' dir='ltr'>τῶν</span> <span class='ocrx_word' id='word_1_231' title='bbox 1328 654 1358 682; x_wconf 73' lang='grc' dir='ltr'>οὗ</span> <span class='ocrx_word' id='word_1_232' title='bbox 1383 654 1473 682; x_wconf 78' lang='grc' dir='ltr'>καλῶν</span> <span class='ocrx_word' id='word_1_233' title='bbox 1498 654 1699 693; x_wconf 77' lang='grc' dir='ltr'>ἀποφαίνεσθαι,</span> <span class='ocrx_word' id='word_1_234' title='bbox 1726 654 1755 685; x_wconf 73' lang='grc' dir='ltr'><strong>ὅς</strong></span> <span class='ocrx_word' id='word_1_235' title='bbox 1776 666 1804 682; x_wconf 82' lang='grc' dir='ltr'><strong>σε</strong></span> <span class='ocrx_word' id='word_1_236' title='bbox 1819 655 1904 682; x_wconf 80' lang='grc' dir='ltr'>καλοῦ</span> <span class='ocrx_word' id='word_1_237' title='bbox 1919 657 2023 687; x_wconf 80' lang='grc' dir='ltr'>παντὸς</span> 
     </span>
    </p>
   </div>
   <div class='ocr_carea' id='block_1_34' title="bbox 1195 698 2022 737">
    <p class='ocr_par' dir='ltr' id='par_1_34' title="bbox 1195 698 2022 737">
     <span class='ocr_line' id='line_1_34' title="bbox 1195 698 2022 737; baseline 0.004 -12"><span class='ocrx_word' id='word_1_238' title='bbox 1195 698 1257 736; x_wconf 74' lang='grc' dir='ltr'>ὅρον</span> <span class='ocrx_word' id='word_1_239' title='bbox 1273 698 1318 726; x_wconf 87' lang='grc' dir='ltr'><strong>καὶ</strong></span> <span class='ocrx_word' id='word_1_240' title='bbox 1333 698 1432 726; x_wconf 85' lang='grc' dir='ltr'>κανόνα</span> <span class='ocrx_word' id='word_1_241' title='bbox 1448 699 1555 735; x_wconf 82' lang='grc' dir='ltr'><strong>τίθεμαι</strong></span> <span class='ocrx_word' id='word_1_242' title='bbox 1568 710 1574 715; x_wconf 93' lang='grc'><strong>·</strong></span> <span class='ocrx_word' id='word_1_243' title='bbox 1590 699 1636 726; x_wconf 85' lang='grc' dir='ltr'><strong>καὶ</strong></span> <span class='ocrx_word' id='word_1_244' title='bbox 1650 699 1705 735; x_wconf 76' lang='grc' dir='ltr'><strong>ἅμα</strong></span> <span class='ocrx_word' id='word_1_245' title='bbox 1723 700 1760 735; x_wconf 81' lang='grc' dir='ltr'>μὴ</span> <span class='ocrx_word' id='word_1_246' title='bbox 1776 699 1860 737; x_wconf 78' lang='grc' dir='ltr'>ταχὺς</span> <span class='ocrx_word' id='word_1_247' title='bbox 1876 700 1943 727; x_wconf 78' lang='grc' dir='ltr'>εἶναι</span> <span class='ocrx_word' id='word_1_248' title='bbox 1960 702 2022 737; x_wconf 82' lang='grc'>(92)</span> 
     </span>
    </p>
   </div>
   <div class='ocr_carea' id='block_1_35' title="bbox 1195 743 2022 782">
    <p class='ocr_par' dir='ltr' id='par_1_35' title="bbox 1195 743 2022 782">
     <span class='ocr_line' id='line_1_35' title="bbox 1195 743 2022 782; baseline 0.004 -12"><span class='ocrx_word' id='word_1_249' title='bbox 1195 743 1232 774; x_wconf 80' lang='grc' dir='ltr'>εἷς</span> <span class='ocrx_word' id='word_1_250' title='bbox 1246 743 1344 780; x_wconf 85' lang='grc' dir='ltr'>κρίσιν,</span> <span class='ocrx_word' id='word_1_251' title='bbox 1373 743 1426 770; x_wconf 73' lang='grc' dir='ltr'>ὐπὸ</span> <span class='ocrx_word' id='word_1_252' title='bbox 1449 747 1499 778; x_wconf 82' lang='grc' dir='ltr'><strong>τῆς</strong></span> <span class='ocrx_word' id='word_1_253' title='bbox 1524 746 1633 782; x_wconf 83' lang='grc' dir='ltr'>Γραφῆς</span> <span class='ocrx_word' id='word_1_254' title='bbox 1659 745 1712 780; x_wconf 85' lang='grc'>(93)</span> <span class='ocrx_word' id='word_1_255' title='bbox 1741 744 1931 781; x_wconf 77' lang='grc' dir='ltr'>νενουτὲθημτιι</span> <span class='ocrx_word' id='word_1_256' title='bbox 1950 746 2022 781; x_wconf 71' lang='grc'>(94).</span> 
     </span>
    </p>
   </div>
   <div class='ocr_carea' id='block_1_36' title="bbox 1195 786 2023 826">
    <p class='ocr_par' dir='ltr' id='par_1_36' title="bbox 1195 786 2023 826">
     <span class='ocr_line' id='line_1_36' title="bbox 1195 786 2023 826; baseline 0.001 -11"><span class='ocrx_word' id='word_1_257' title='bbox 1195 788 1266 824; x_wconf 82' lang='grc' dir='ltr'><strong>Ἐγὼ</strong></span> <span class='ocrx_word' id='word_1_258' title='bbox 1291 786 1320 815; x_wconf 75' lang='grc' dir='ltr'><strong>δὲ</strong></span> <span class='ocrx_word' id='word_1_259' title='bbox 1341 789 1386 815; x_wconf 83' lang='grc' dir='ltr'>τὸν</span> <span class='ocrx_word' id='word_1_260' title='bbox 1410 787 1490 825; x_wconf 87' lang='grc' dir='ltr'>λόγον</span> <span class='ocrx_word' id='word_1_261' title='bbox 1517 788 1646 826; x_wconf 84' lang='grc' dir='ltr'>ὑποσχεῖν</span> <span class='ocrx_word' id='word_1_262' title='bbox 1670 787 1791 825; x_wconf 70' lang='grc' dir='ltr'>ἕτοιμος,</span> <span class='ocrx_word' id='word_1_263' title='bbox 1820 789 1864 816; x_wconf 84' lang='grc' dir='ltr'><strong>καί</strong></span> <span class='ocrx_word' id='word_1_264' title='bbox 1889 800 1944 824; x_wconf 77' lang='grc' dir='ltr'>σοι,</span> <span class='ocrx_word' id='word_1_265' title='bbox 1975 789 2023 816; x_wconf 73' lang='grc' dir='ltr'>καὶ</span> 
     </span>
    </p>
   </div>
   <div class='ocr_carea' id='block_1_37' title="bbox 1194 831 2021 871">
    <p class='ocr_par' dir='ltr' id='par_1_37' title="bbox 1194 831 2021 871">
     <span class='ocr_line' id='line_1_37' title="bbox 1194 831 2021 871; baseline 0.001 -12"><span class='ocrx_word' id='word_1_266' title='bbox 1194 832 1272 859; x_wconf 81' lang='grc' dir='ltr'>παντὶ</span> <span class='ocrx_word' id='word_1_267' title='bbox 1287 832 1326 868; x_wconf 85' lang='grc' dir='ltr'><strong>τῷ</strong></span> <span class='ocrx_word' id='word_1_268' title='bbox 1343 831 1503 869; x_wconf 77' lang='grc' dir='ltr'>βουλομένῳ</span> <span class='ocrx_word' id='word_1_269' title='bbox 1518 833 1574 869; x_wconf 88' lang='grc'><strong>(95)</strong></span> <span class='ocrx_word' id='word_1_270' title='bbox 1591 831 1635 865; x_wconf 62' lang='grc' dir='ltr'>διὰ</span> <span class='ocrx_word' id='word_1_271' title='bbox 1654 832 1758 871; x_wconf 75' lang='grc' dir='ltr'>φιλίαν,</span> <span class='ocrx_word' id='word_1_272' title='bbox 1782 834 1830 867; x_wconf 75' lang='grc' dir='ltr'>τῆς</span> <span class='ocrx_word' id='word_1_273' title='bbox 1855 833 1933 869; x_wconf 69' lang='grc' dir='ltr'>ἐμῆς,</span> <span class='ocrx_word' id='word_1_274' title='bbox 1956 832 2021 860; x_wconf 60' lang='grc' dir='ltr'>ἐἴτε</span> 
     </span>
    </p>
   </div>
   <div class='ocr_carea' id='block_1_38' title="bbox 1194 876 2022 914">
    <p class='ocr_par' dir='ltr' id='par_1_38' title="bbox 1194 876 2022 914">
     <span class='ocr_line' id='line_1_38' title="bbox 1194 876 2022 914; baseline 0.001 -10"><span class='ocrx_word' id='word_1_275' title='bbox 1194 876 1341 911; x_wconf 77' lang='grc' dir='ltr'>ἀπειθείας,</span> <span class='ocrx_word' id='word_1_276' title='bbox 1365 877 1403 908; x_wconf 86' lang='grc' dir='ltr'><strong>ὡς</strong></span> <span class='ocrx_word' id='word_1_277' title='bbox 1427 877 1457 904; x_wconf 66' lang='grc' dir='ltr'><strong>ἂν</strong></span> <span class='ocrx_word' id='word_1_278' title='bbox 1481 887 1552 907; x_wconf 84' lang='grc' dir='ltr'>τινες</span> <span class='ocrx_word' id='word_1_279' title='bbox 1579 877 1748 913; x_wconf 78' lang='grc' dir='ltr'>ὀνομάσαιεν,</span> <span class='ocrx_word' id='word_1_280' title='bbox 1772 877 1823 905; x_wconf 65' lang='grc' dir='ltr'>εἴτε</span> <span class='ocrx_word' id='word_1_281' title='bbox 1848 878 2022 914; x_wconf 75' lang='grc' dir='ltr'>προμηθείας</span> 
     </span>
    </p>
   </div>
   <div class='ocr_carea' id='block_1_39' title="bbox 1193 921 2022 960">
    <p class='ocr_par' dir='ltr' id='par_1_39' title="bbox 1193 921 2022 960">
     <span class='ocr_line' id='line_1_39' title="bbox 1193 921 2022 960; baseline 0.001 -12"><span class='ocrx_word' id='word_1_282' title='bbox 1193 921 1229 952; x_wconf 86' lang='grc' dir='ltr'>ὡς</span> <span class='ocrx_word' id='word_1_283' title='bbox 1245 921 1360 958; x_wconf 79' lang='grc' dir='ltr'>ἐμαυτὸν</span> <span class='ocrx_word' id='word_1_284' title='bbox 1375 921 1469 956; x_wconf 75' lang='grc' dir='ltr'>πείθω,</span> <span class='ocrx_word' id='word_1_285' title='bbox 1486 922 1530 948; x_wconf 81' lang='grc' dir='ltr'><strong>καὶ</strong></span> <span class='ocrx_word' id='word_1_286' title='bbox 1547 921 1703 960; x_wconf 68' lang='grc' dir='ltr'>ἀσιραλείας,</span> <span class='ocrx_word' id='word_1_287' title='bbox 1731 922 1768 952; x_wconf 88' lang='grc' dir='ltr'><strong>ὡς</strong></span> <span class='ocrx_word' id='word_1_288' title='bbox 1792 921 1820 948; x_wconf 66' lang='grc' dir='ltr'><strong>ἃν</strong></span> <span class='ocrx_word' id='word_1_289' title='bbox 1845 921 1944 957; x_wconf 75' lang='grc' dir='ltr'>εἰδείης</span> <span class='ocrx_word' id='word_1_290' title='bbox 1977 923 2022 959; x_wconf 80' lang='grc' dir='ltr'>μὴ</span> 
     </span>
    </p>
   </div>
   <div class='ocr_carea' id='block_1_40' title="bbox 1192 965 2025 1004">
    <p class='ocr_par' dir='ltr' id='par_1_40' title="bbox 1192 965 2025 1004">
     <span class='ocr_line' id='line_1_40' title="bbox 1192 965 2025 1004; baseline 0.002 -12"><span class='ocrx_word' id='word_1_291' title='bbox 1192 965 1278 1001; x_wconf 78' lang='grc' dir='ltr'>πάντη</span> <span class='ocrx_word' id='word_1_292' title='bbox 1296 967 1353 1002; x_wconf 81' lang='lat'>(96)</span> <span class='ocrx_word' id='word_1_293' title='bbox 1369 966 1462 1002; x_wconf 71' lang='grc' dir='ltr'>ἀτόπῳ</span> <span class='ocrx_word' id='word_1_294' title='bbox 1482 965 1556 1004; x_wconf 71' lang='grc' dir='ltr'>φίλῳ</span> <span class='ocrx_word' id='word_1_295' title='bbox 1581 967 1723 1003; x_wconf 83' lang='grc' dir='ltr'>χρώμενος</span> <span class='ocrx_word' id='word_1_296' title='bbox 1746 966 1790 993; x_wconf 72' lang='grc' dir='ltr'><strong>καὶ</strong></span> <span class='ocrx_word' id='word_1_297' title='bbox 1815 966 1904 1002; x_wconf 81' lang='grc' dir='ltr'>ἀμαθεὶ</span> <span class='ocrx_word' id='word_1_298' title='bbox 1917 976 1923 982; x_wconf 94' lang='grc'><strong>·</strong></span> <span class='ocrx_word' id='word_1_299' title='bbox 1949 966 2025 994; x_wconf 84' lang='grc' dir='ltr'>ἀλλ’</span> 
     </span>
    </p>
   </div>
   <div class='ocr_carea' id='block_1_41' title="bbox 1194 1009 2025 1047">
    <p class='ocr_par' dir='ltr' id='par_1_41' title="bbox 1194 1009 2025 1047">
     <span class='ocr_line' id='line_1_41' title="bbox 1194 1009 2025 1047; baseline 0.001 -10"><span class='ocrx_word' id='word_1_300' title='bbox 1194 1009 1262 1037; x_wconf 77' lang='grc' dir='ltr'>ἔστιν</span> <span class='ocrx_word' id='word_1_301' title='bbox 1281 1010 1296 1037; x_wconf 78' lang='grc' dir='ltr'>ἃ</span> <span class='ocrx_word' id='word_1_302' title='bbox 1310 1011 1355 1037; x_wconf 75' lang='grc' dir='ltr'><strong>καὶ</strong></span> <span class='ocrx_word' id='word_1_303' title='bbox 1378 1013 1489 1047; x_wconf 81' lang='grc' dir='ltr'>συνορᾴν</span> <span class='ocrx_word' id='word_1_304' title='bbox 1516 1009 1656 1047; x_wconf 77' lang='grc' dir='ltr'>δυναμένῳ</span> <span class='ocrx_word' id='word_1_305' title='bbox 1680 1013 1733 1038; x_wconf 85' lang='grc' dir='ltr'>τῶν</span> <span class='ocrx_word' id='word_1_306' title='bbox 1755 1010 1864 1038; x_wconf 81' lang='grc' dir='ltr'>πολλῶν</span> <span class='ocrx_word' id='word_1_307' title='bbox 1890 1012 2025 1047; x_wconf 69' lang='grc' dir='ltr'>ἄμεινον,</span> 
     </span>
    </p>
   </div>
   <div class='ocr_carea' id='block_1_42' title="bbox 1192 1053 2025 1094">
    <p class='ocr_par' dir='ltr' id='par_1_42' title="bbox 1192 1053 2025 1094">
     <span class='ocr_line' id='line_1_42' title="bbox 1192 1053 2025 1094; baseline 0.001 -13"><span class='ocrx_word' id='word_1_308' title='bbox 1192 1055 1236 1081; x_wconf 81' lang='grc' dir='ltr'>καὶ</span> <span class='ocrx_word' id='word_1_309' title='bbox 1269 1054 1410 1093; x_wconf 72' lang='grc' dir='ltr'>θαρροῦντι</span> <span class='ocrx_word' id='word_1_310' title='bbox 1442 1055 1489 1091; x_wconf 72' lang='grc' dir='ltr'>μὲν</span> <span class='ocrx_word' id='word_1_311' title='bbox 1518 1055 1533 1082; x_wconf 81' lang='grc' dir='ltr'>ἃ</span> <span class='ocrx_word' id='word_1_312' title='bbox 1562 1055 1668 1093; x_wconf 73' lang='grc' dir='ltr'>Θαῤῥεῖν</span> <span class='ocrx_word' id='word_1_313' title='bbox 1694 1053 1956 1094; x_wconf 67' lang='grc' dir='ltr'>ἁξιον,ιροϐουμένῳ</span> <span class='ocrx_word' id='word_1_314' title='bbox 1990 1055 2025 1083; x_wconf 72' lang='grc' dir='ltr'><strong>δὲ</strong></span> 
     </span>
    </p>
   </div>
   <div class='ocr_carea' id='block_1_43' title="bbox 1193 1097 2022 1138">
    <p class='ocr_par' dir='ltr' id='par_1_43' title="bbox 1193 1097 2022 1138">
     <span class='ocr_line' id='line_1_43' title="bbox 1193 1097 2022 1138; baseline 0.001 -12"><span class='ocrx_word' id='word_1_315' title='bbox 1193 1098 1224 1126; x_wconf 74' lang='grc' dir='ltr'><strong>οὗ</strong></span> <span class='ocrx_word' id='word_1_316' title='bbox 1240 1099 1294 1126; x_wconf 77' lang='grc' dir='ltr'>ἐστι</span> <span class='ocrx_word' id='word_1_317' title='bbox 1311 1097 1406 1138; x_wconf 70' lang='grc' dir='ltr'>φόϐος,</span> <span class='ocrx_word' id='word_1_318' title='bbox 1422 1100 1466 1126; x_wconf 80' lang='grc' dir='ltr'>καὶ</span> <span class='ocrx_word' id='word_1_319' title='bbox 1482 1099 1497 1126; x_wconf 71' lang='grc' dir='ltr'>ἃ</span> <span class='ocrx_word' id='word_1_320' title='bbox 1514 1098 1584 1135; x_wconf 72' lang='grc' dir='ltr'>μηδὲ</span> <span class='ocrx_word' id='word_1_321' title='bbox 1599 1097 1737 1138; x_wconf 75' lang='grc' dir='ltr'>φοϐεῖσθαι</span> <span class='ocrx_word' id='word_1_322' title='bbox 1753 1103 1809 1131; x_wconf 81' lang='grc' dir='ltr'>τοῖς</span> <span class='ocrx_word' id='word_1_323' title='bbox 1832 1102 1891 1127; x_wconf 73' lang='grc' dir='ltr'>νοῦν</span> <span class='ocrx_word' id='word_1_324' title='bbox 1916 1099 2022 1138; x_wconf 72' lang='grc' dir='ltr'>ἔχουσι</span> 
     </span>
    </p>
   </div>
   <div class='ocr_carea' id='block_1_44' title="bbox 1192 1140 1390 1182">
    <p class='ocr_par' dir='ltr' id='par_1_44' title="bbox 1192 1140 1390 1182">
     <span class='ocr_line' id='line_1_44' title="bbox 1192 1140 1390 1182; baseline 0 -12"><span class='ocrx_word' id='word_1_325' title='bbox 1192 1140 1390 1182; x_wconf 74' lang='grc' dir='ltr'>φοϐερώτερον.</span> 
     </span>
    </p>
   </div>
   <div class='ocr_carea' id='block_1_45' title="bbox 312 1189 2024 1225">
    <p class='ocr_par' dir='ltr' id='par_1_45' title="bbox 312 1189 2024 1225">
     <span class='ocr_line' id='line_1_45' title="bbox 312 1189 2024 1225; baseline 0.001 -7"><span class='ocrx_word' id='word_1_326' title='bbox 312 1190 383 1224; x_wconf 79' lang='lat' dir='ltr'><strong>sive,</strong></span> <span class='ocrx_word' id='word_1_327' title='bbox 411 1192 444 1217; x_wconf 92' lang='lat' dir='ltr'><strong>ut</strong></span> <span class='ocrx_word' id='word_1_328' title='bbox 467 1189 540 1217; x_wconf 86' lang='lat' dir='ltr'><strong>mibi</strong></span> <span class='ocrx_word' id='word_1_329' title='bbox 570 1189 743 1225; x_wconf 81' lang='lat' dir='ltr'><strong>persuadeo,</strong></span> <span class='ocrx_word' id='word_1_330' title='bbox 773 1189 933 1225; x_wconf 62' lang='lat' dir='ltr'><strong>prudentiae</strong></span> <span class='ocrx_word' id='word_1_331' title='bbox 963 1191 991 1216; x_wconf 89' lang='lat' dir='ltr'><strong>et</strong></span> <span class='ocrx_word' id='word_1_332' title='bbox 1019 1189 1164 1217; x_wconf 80' lang='lat' dir='ltr'><strong>cautionis</strong></span> <span class='ocrx_word' id='word_1_333' title='bbox 1190 1190 1333 1217; x_wconf 88' lang='lat' dir='ltr'><strong>rationem</strong></span> <span class='ocrx_word' id='word_1_334' title='bbox 1362 1189 1481 1217; x_wconf 90' lang='lat' dir='ltr'><strong>reddere</strong></span> <span class='ocrx_word' id='word_1_335' title='bbox 1510 1191 1627 1225; x_wconf 84' lang='lat' dir='ltr'><strong>paratus</strong></span> <span class='ocrx_word' id='word_1_336' title='bbox 1646 1198 1723 1223; x_wconf 84' lang='lat' dir='ltr'><strong>sum,</strong></span> <span class='ocrx_word' id='word_1_337' title='bbox 1752 1192 1783 1217; x_wconf 91' lang='lat' dir='ltr'><strong>ut</strong></span> <span class='ocrx_word' id='word_1_338' title='bbox 1812 1189 1960 1225; x_wconf 86' lang='lat' dir='ltr'><strong>intelligas</strong></span> <span class='ocrx_word' id='word_1_339' title='bbox 1990 1193 2024 1219; x_wconf 85' lang='lat' dir='ltr'><strong>te</strong></span> 
     </span>
    </p>
   </div>
   <div class='ocr_carea' id='block_1_46' title="bbox 315 1233 2023 1270">
    <p class='ocr_par' dir='ltr' id='par_1_46' title="bbox 315 1233 2023 1270">
     <span class='ocr_line' id='line_1_46' title="bbox 315 1233 2023 1270; baseline 0 -8"><span class='ocrx_word' id='word_1_340' title='bbox 315 1234 444 1262; x_wconf 86' lang='lat' dir='ltr'><strong>amicum</strong></span> <span class='ocrx_word' id='word_1_341' title='bbox 474 1233 588 1267; x_wconf 85' lang='lat' dir='ltr'><strong>habere,</strong></span> <span class='ocrx_word' id='word_1_342' title='bbox 618 1233 668 1269; x_wconf 89' lang='lat' dir='ltr'><strong>qui</strong></span> <span class='ocrx_word' id='word_1_343' title='bbox 694 1241 751 1261; x_wconf 89' lang='lat' dir='ltr'><strong>non</strong></span> <span class='ocrx_word' id='word_1_344' title='bbox 780 1233 900 1261; x_wconf 88' lang='lat' dir='ltr'><strong>omnino</strong></span> <span class='ocrx_word' id='word_1_345' title='bbox 928 1236 1104 1269; x_wconf 66' lang='lat' dir='ltr'><strong>praepostere</strong></span> <span class='ocrx_word' id='word_1_346' title='bbox 1119 1235 1147 1261; x_wconf 90' lang='lat' dir='ltr'><strong>et</strong></span> <span class='ocrx_word' id='word_1_347' title='bbox 1161 1233 1266 1261; x_wconf 81' lang='lat' dir='ltr'><strong>inscite</strong></span> <span class='ocrx_word' id='word_1_348' title='bbox 1281 1236 1366 1269; x_wconf 83' lang='lat' dir='ltr'><strong>agat;</strong></span> <span class='ocrx_word' id='word_1_349' title='bbox 1383 1234 1433 1261; x_wconf 90' lang='lat' dir='ltr'><strong>sed</strong></span> <span class='ocrx_word' id='word_1_350' title='bbox 1450 1233 1499 1269; x_wconf 87' lang='lat' dir='ltr'><strong>qui</strong></span> <span class='ocrx_word' id='word_1_351' title='bbox 1514 1233 1606 1270; x_wconf 88' lang='lat' dir='ltr'><strong>possit</strong></span> <span class='ocrx_word' id='word_1_352' title='bbox 1635 1234 1764 1269; x_wconf 60' lang='lat' dir='ltr'><strong>quaedam</strong></span> <span class='ocrx_word' id='word_1_353' title='bbox 1780 1233 1904 1267; x_wconf 85' lang='lat' dir='ltr'><strong>acutius,</strong></span> <span class='ocrx_word' id='word_1_354' title='bbox 1922 1242 2023 1269; x_wconf 81' lang='lat' dir='ltr'><strong>quam</strong></span> 
     </span>
    </p>
   </div>
   <div class='ocr_carea' id='block_1_47' title="bbox 311 1277 2022 1316">
    <p class='ocr_par' dir='ltr' id='par_1_47' title="bbox 311 1277 2022 1316">
     <span class='ocr_line' id='line_1_47' title="bbox 311 1277 2022 1316; baseline -0.001 -9"><span class='ocrx_word' id='word_1_355' title='bbox 311 1278 658 1316; x_wconf 36' lang='lat' dir='ltr'><strong>pleriquegperspicere,</strong></span> <span class='ocrx_word' id='word_1_356' title='bbox 688 1286 721 1305; x_wconf 80' lang='lat' dir='ltr'><strong>ac</strong></span> <span class='ocrx_word' id='word_1_357' title='bbox 749 1277 778 1305; x_wconf 92' lang='lat' dir='ltr'><strong>in</strong></span> <span class='ocrx_word' id='word_1_358' title='bbox 807 1277 843 1305; x_wconf 89' lang='lat' dir='ltr'><strong>iis</strong></span> <span class='ocrx_word' id='word_1_359' title='bbox 872 1278 991 1314; x_wconf 89' lang='lat' dir='ltr'><strong>quidem</strong></span> <span class='ocrx_word' id='word_1_360' title='bbox 1009 1278 1105 1312; x_wconf 88' lang='lat' dir='ltr'><strong>rebus,</strong></span> <span class='ocrx_word' id='word_1_361' title='bbox 1135 1278 1166 1305; x_wconf 93' lang='lat' dir='ltr'><strong>in</strong></span> <span class='ocrx_word' id='word_1_362' title='bbox 1196 1278 1303 1314; x_wconf 88' lang='lat' dir='ltr'><strong>quibus</strong></span> <span class='ocrx_word' id='word_1_363' title='bbox 1332 1278 1439 1305; x_wconf 87' lang='lat' dir='ltr'><strong>ﬁducia</strong></span> <span class='ocrx_word' id='word_1_364' title='bbox 1468 1278 1521 1305; x_wconf 91' lang='lat' dir='ltr'><strong>niti</strong></span> <span class='ocrx_word' id='word_1_365' title='bbox 1545 1278 1688 1312; x_wconf 84' lang='lat' dir='ltr'><strong>convenit,</strong></span> <span class='ocrx_word' id='word_1_366' title='bbox 1716 1278 1851 1306; x_wconf 83' lang='lat' dir='ltr'><strong>ﬁdentem</strong></span> <span class='ocrx_word' id='word_1_367' title='bbox 1878 1279 2022 1306; x_wconf 86' lang='lat' dir='ltr'><strong>animum</strong></span> 
     </span>
    </p>
   </div>
   <div class='ocr_carea' id='block_1_48' title="bbox 309 1321 2023 1360">
    <p class='ocr_par' dir='ltr' id='par_1_48' title="bbox 309 1321 2023 1360">
     <span class='ocr_line' id='line_1_48' title="bbox 309 1321 2023 1360; baseline -0.001 -9"><span class='ocrx_word' id='word_1_368' title='bbox 309 1325 401 1360; x_wconf 84' lang='lat' dir='ltr'><strong>gerat,</strong></span> <span class='ocrx_word' id='word_1_369' title='bbox 418 1323 520 1351; x_wconf 88' lang='lat' dir='ltr'><strong>timeat</strong></span> <span class='ocrx_word' id='word_1_370' title='bbox 531 1330 597 1350; x_wconf 90' lang='lat' dir='ltr'><strong>vero</strong></span> <span class='ocrx_word' id='word_1_371' title='bbox 620 1321 669 1349; x_wconf 91' lang='lat' dir='ltr'><strong>ubi</strong></span> <span class='ocrx_word' id='word_1_372' title='bbox 685 1323 730 1349; x_wconf 88' lang='lat' dir='ltr'><strong>est</strong></span> <span class='ocrx_word' id='word_1_373' title='bbox 744 1321 843 1357; x_wconf 89' lang='lat' dir='ltr'><strong>timor,</strong></span> <span class='ocrx_word' id='word_1_374' title='bbox 860 1324 889 1349; x_wconf 91' lang='lat' dir='ltr'><strong>et</strong></span> <span class='ocrx_word' id='word_1_375' title='bbox 903 1330 936 1350; x_wconf 92' lang='lat' dir='ltr'><strong>eo</strong></span> <span class='ocrx_word' id='word_1_376' title='bbox 965 1323 1137 1358; x_wconf 65' lang='lat' dir='ltr'><strong>praesertim,</strong></span> <span class='ocrx_word' id='word_1_377' title='bbox 1166 1331 1228 1358; x_wconf 70' lang='lat' dir='ltr'><strong>qua:</strong></span> <span class='ocrx_word' id='word_1_378' title='bbox 1251 1331 1308 1350; x_wconf 90' lang='lat' dir='ltr'><strong>non</strong></span> <span class='ocrx_word' id='word_1_379' title='bbox 1324 1321 1428 1350; x_wconf 85' lang='lat' dir='ltr'><strong>timere</strong></span> <span class='ocrx_word' id='word_1_380' title='bbox 1454 1322 1565 1350; x_wconf 83' lang='lat' dir='ltr'><strong>cordati</strong></span> <span class='ocrx_word' id='word_1_381' title='bbox 1593 1323 1647 1350; x_wconf 87' lang='lat' dir='ltr'><strong>viri</strong></span> <span class='ocrx_word' id='word_1_382' title='bbox 1674 1330 1858 1358; x_wconf 83' lang='lat' dir='ltr'><strong>summopere</strong></span> <span class='ocrx_word' id='word_1_383' title='bbox 1874 1323 2023 1351; x_wconf 87' lang='lat' dir='ltr'><strong>reformi-</strong></span> 
     </span>
    </p>
   </div>
   <div class='ocr_carea' id='block_1_49' title="bbox 309 1367 391 1400">
    <p class='ocr_par' dir='ltr' id='par_1_49' title="bbox 309 1367 391 1400">
     <span class='ocr_line' id='line_1_49' title="bbox 309 1367 391 1400; baseline 0 -5"><span class='ocrx_word' id='word_1_384' title='bbox 309 1367 391 1400; x_wconf 85' lang='lat' dir='ltr'><strong>dant,</strong></span> 
     </span>
    </p>
   </div>
   <div class='ocr_carea' id='block_1_50' title="bbox 347 1409 1133 1447">
    <p class='ocr_par' dir='ltr' id='par_1_50' title="bbox 347 1409 1133 1447">
     <span class='ocr_line' id='line_1_50' title="bbox 347 1409 1133 1447; baseline -0.001 -8"><span class='ocrx_word' id='word_1_385' title='bbox 347 1411 392 1439; x_wconf 86' lang='lat' dir='ltr'><strong>1V.</strong></span> <span class='ocrx_word' id='word_1_386' title='bbox 405 1412 550 1445; x_wconf 87' lang='lat' dir='ltr'><strong>Quidnam</strong></span> <span class='ocrx_word' id='word_1_387' title='bbox 574 1410 664 1447; x_wconf 82' lang='lat' dir='ltr'><strong>igitur</strong></span> <span class='ocrx_word' id='word_1_388' title='bbox 687 1410 792 1446; x_wconf 81' lang='lat' dir='ltr'><strong>placet,</strong></span> <span class='ocrx_word' id='word_1_389' title='bbox 808 1412 837 1437; x_wconf 84' lang='lat' dir='ltr'><strong>et</strong></span> <span class='ocrx_word' id='word_1_390' title='bbox 865 1409 1004 1445; x_wconf 84' lang='lat' dir='ltr'><strong>quidnam</strong></span> <span class='ocrx_word' id='word_1_391' title='bbox 1034 1410 1133 1446; x_wconf 85' lang='lat' dir='ltr'><strong>potius</strong></span> 
     </span>
    </p>
   </div>
   <div class='ocr_carea' id='block_1_51' title="bbox 310 1454 1130 1492">
    <p class='ocr_par' dir='ltr' id='par_1_51' title="bbox 310 1454 1130 1492">
     <span class='ocr_line' id='line_1_51' title="bbox 310 1454 1130 1492; baseline -0.001 -9"><span class='ocrx_word' id='word_1_392' title='bbox 310 1456 444 1492; x_wconf 80' lang='lat' dir='ltr'><strong>expedit?</strong></span> <span class='ocrx_word' id='word_1_393' title='bbox 464 1457 505 1483; x_wconf 83' lang='lat' dir='ltr'><strong>An</strong></span> <span class='ocrx_word' id='word_1_394' title='bbox 536 1457 567 1483; x_wconf 89' lang='lat' dir='ltr'><strong>ut</strong></span> <span class='ocrx_word' id='word_1_395' title='bbox 580 1455 661 1482; x_wconf 88' lang='lat' dir='ltr'><strong>vobis</strong></span> <span class='ocrx_word' id='word_1_396' title='bbox 678 1455 745 1482; x_wconf 89' lang='lat' dir='ltr'><strong>facti</strong></span> <span class='ocrx_word' id='word_1_397' title='bbox 771 1454 828 1482; x_wconf 88' lang='lat' dir='ltr'><strong>mei</strong></span> <span class='ocrx_word' id='word_1_398' title='bbox 844 1454 970 1482; x_wconf 87' lang='lat' dir='ltr'><strong>rationes</strong></span> <span class='ocrx_word' id='word_1_399' title='bbox 999 1455 1130 1490; x_wconf 86' lang='lat' dir='ltr'><strong>reddam,</strong></span> 
     </span>
    </p>
   </div>
   <div class='ocr_carea' id='block_1_52' title="bbox 306 1499 1131 1536">
    <p class='ocr_par' dir='ltr' id='par_1_52' title="bbox 306 1499 1131 1536">
     <span class='ocr_line' id='line_1_52' title="bbox 306 1499 1131 1536; baseline -0.004 -8"><span class='ocrx_word' id='word_1_400' title='bbox 306 1501 431 1536; x_wconf 89' lang='lat' dir='ltr'><strong>jubetis,</strong></span> <span class='ocrx_word' id='word_1_401' title='bbox 444 1508 496 1528; x_wconf 89' lang='lat' dir='ltr'><strong>nec</strong></span> <span class='ocrx_word' id='word_1_402' title='bbox 516 1502 632 1535; x_wconf 88' lang='lat' dir='ltr'><strong>tempus</strong></span> <span class='ocrx_word' id='word_1_403' title='bbox 661 1499 715 1526; x_wconf 89' lang='lat' dir='ltr'><strong>hoc</strong></span> <span class='ocrx_word' id='word_1_404' title='bbox 742 1499 797 1533; x_wconf 88' lang='lat' dir='ltr'><strong>(est</strong></span> <span class='ocrx_word' id='word_1_405' title='bbox 826 1500 925 1526; x_wconf 86' lang='lat' dir='ltr'><strong>autem</strong></span> <span class='ocrx_word' id='word_1_406' title='bbox 953 1499 1049 1526; x_wconf 85' lang='lat' dir='ltr'><strong>festivi</strong></span> <span class='ocrx_word' id='word_1_407' title='bbox 1075 1507 1131 1526; x_wconf 77' lang='lat' dir='ltr'><strong>coe-</strong></span> 
     </span>
    </p>
   </div>
   <div class='ocr_carea' id='block_1_53' title="bbox 306 1542 1130 1579">
    <p class='ocr_par' dir='ltr' id='par_1_53' title="bbox 306 1542 1130 1579">
     <span class='ocr_line' id='line_1_53' title="bbox 306 1542 1130 1579; baseline -0.001 -7"><span class='ocrx_word' id='word_1_408' title='bbox 306 1546 366 1577; x_wconf 87' lang='lat' dir='ltr'><strong>tus,</strong></span> <span class='ocrx_word' id='word_1_409' title='bbox 383 1553 441 1572; x_wconf 92' lang='lat' dir='ltr'><strong>non</strong></span> <span class='ocrx_word' id='word_1_410' title='bbox 462 1544 586 1572; x_wconf 81' lang='lat' dir='ltr'><strong>forensis</strong></span> <span class='ocrx_word' id='word_1_411' title='bbox 599 1542 841 1579; x_wconf 82' lang='lat' dir='ltr'><strong>disceptationis),</strong></span> <span class='ocrx_word' id='word_1_412' title='bbox 872 1545 1013 1578; x_wconf 85' lang='lat' dir='ltr'><strong>tanquam</strong></span> <span class='ocrx_word' id='word_1_413' title='bbox 1025 1551 1130 1578; x_wconf 88' lang='lat' dir='ltr'><strong>parum</strong></span> 
     </span>
    </p>
   </div>
   <div class='ocr_carea' id='block_1_54' title="bbox 306 1586 1130 1623">
    <p class='ocr_par' dir='ltr' id='par_1_54' title="bbox 306 1586 1130 1623">
     <span class='ocr_line' id='line_1_54' title="bbox 306 1586 1130 1623; baseline -0.001 -8"><span class='ocrx_word' id='word_1_414' title='bbox 306 1588 456 1622; x_wconf 91' lang='lat' dir='ltr'><strong>idoneum,</strong></span> <span class='ocrx_word' id='word_1_415' title='bbox 473 1589 550 1616; x_wconf 68' lang='lat'><strong>244</strong></span> <span class='ocrx_word' id='word_1_416' title='bbox 578 1587 767 1623; x_wconf 85' lang='lat' dir='ltr'><strong>repudiatis?</strong></span> <span class='ocrx_word' id='word_1_417' title='bbox 795 1589 838 1613; x_wconf 83' lang='lat' dir='ltr'><strong>An</strong></span> <span class='ocrx_word' id='word_1_418' title='bbox 869 1586 976 1622; x_wconf 86' lang='lat' dir='ltr'><strong>potius,</strong></span> <span class='ocrx_word' id='word_1_419' title='bbox 994 1589 1026 1614; x_wconf 87' lang='lat' dir='ltr'><strong>ut</strong></span> <span class='ocrx_word' id='word_1_420' title='bbox 1053 1587 1130 1614; x_wconf 88' lang='lat' dir='ltr'><strong>hanc</strong></span> 
     </span>
    </p>
   </div>
   <div class='ocr_carea' id='block_1_55' title="bbox 303 1630 1129 1667">
    <p class='ocr_par' dir='ltr' id='par_1_55' title="bbox 303 1630 1129 1667">
     <span class='ocr_line' id='line_1_55' title="bbox 303 1630 1129 1667; baseline 0 -8"><span class='ocrx_word' id='word_1_421' title='bbox 303 1641 424 1660; x_wconf 89' lang='lat' dir='ltr'><strong>causam</strong></span> <span class='ocrx_word' id='word_1_422' title='bbox 439 1632 469 1659; x_wconf 88' lang='lat' dir='ltr'><strong>in</strong></span> <span class='ocrx_word' id='word_1_423' title='bbox 485 1635 602 1667; x_wconf 89' lang='lat' dir='ltr'><strong>tempus</strong></span> <span class='ocrx_word' id='word_1_424' title='bbox 612 1630 691 1659; x_wconf 88' lang='lat' dir='ltr'><strong>aliud</strong></span> <span class='ocrx_word' id='word_1_425' title='bbox 707 1630 923 1667; x_wconf 82' lang='lat' dir='ltr'><strong>conciliumque</strong></span> <span class='ocrx_word' id='word_1_426' title='bbox 937 1631 1129 1666; x_wconf 84' lang='lat' dir='ltr'><strong>rejiciamus?</strong></span> 
     </span>
    </p>
   </div>
   <div class='ocr_carea' id='block_1_56' title="bbox 303 1675 1126 1712">
    <p class='ocr_par' dir='ltr' id='par_1_56' title="bbox 303 1675 1126 1712">
     <span class='ocr_line' id='line_1_56' title="bbox 303 1675 1126 1712; baseline -0.001 -8"><span class='ocrx_word' id='word_1_427' title='bbox 303 1677 477 1712; x_wconf 88' lang='lat' dir='ltr'><strong>Longiorem</strong></span> <span class='ocrx_word' id='word_1_428' title='bbox 489 1676 568 1704; x_wconf 87' lang='lat' dir='ltr'><strong>enim</strong></span> <span class='ocrx_word' id='word_1_429' title='bbox 584 1675 745 1704; x_wconf 88' lang='lat' dir='ltr'><strong>orationem</strong></span> <span class='ocrx_word' id='word_1_430' title='bbox 760 1683 793 1703; x_wconf 84' lang='lat' dir='ltr'><strong>ea</strong></span> <span class='ocrx_word' id='word_1_431' title='bbox 813 1683 859 1703; x_wconf 91' lang='lat' dir='ltr'><strong>res</strong></span> <span class='ocrx_word' id='word_1_432' title='bbox 881 1675 1021 1711; x_wconf 85' lang='lat' dir='ltr'><strong>postulat,</strong></span> <span class='ocrx_word' id='word_1_433' title='bbox 1037 1684 1126 1711; x_wconf 89' lang='lat' dir='ltr'><strong>quam</strong></span> 
     </span>
    </p>
   </div>
   <div class='ocr_carea' id='block_1_57' title="bbox 301 1719 1126 1756">
    <p class='ocr_par' dir='ltr' id='par_1_57' title="bbox 301 1719 1126 1756">
     <span class='ocr_line' id='line_1_57' title="bbox 301 1719 1126 1756; baseline -0.001 -8"><span class='ocrx_word' id='word_1_434' title='bbox 301 1721 456 1756; x_wconf 69' lang='lat' dir='ltr'><strong>praesentis</strong></span> <span class='ocrx_word' id='word_1_435' title='bbox 469 1720 608 1756; x_wconf 88' lang='lat' dir='ltr'><strong>temporis</strong></span> <span class='ocrx_word' id='word_1_436' title='bbox 620 1720 692 1748; x_wconf 82' lang='lat' dir='ltr'><strong>ratio</strong></span> <span class='ocrx_word' id='word_1_437' title='bbox 710 1719 846 1755; x_wconf 87' lang='lat' dir='ltr'><strong>patiatur.</strong></span> <span class='ocrx_word' id='word_1_438' title='bbox 861 1719 935 1752; x_wconf 90' lang='lat' dir='ltr'><strong>Quid</strong></span> <span class='ocrx_word' id='word_1_439' title='bbox 956 1720 1046 1756; x_wconf 85' lang='lat' dir='ltr'><strong>igitur</strong></span> <span class='ocrx_word' id='word_1_440' title='bbox 1072 1719 1126 1747; x_wconf 92' lang='lat' dir='ltr'><strong>hoc</strong></span> 
     </span>
    </p>
   </div>
   <div class='ocr_carea' id='block_1_58' title="bbox 301 1763 1125 1800">
    <p class='ocr_par' dir='ltr' id='par_1_58' title="bbox 301 1763 1125 1800">
     <span class='ocr_line' id='line_1_58' title="bbox 301 1763 1125 1800; baseline -0.001 -8"><span class='ocrx_word' id='word_1_441' title='bbox 301 1765 375 1792; x_wconf 87' lang='lat' dir='ltr'><strong>festo</strong></span> <span class='ocrx_word' id='word_1_442' title='bbox 391 1767 477 1800; x_wconf 88' lang='lat' dir='ltr'><strong>atque</strong></span> <span class='ocrx_word' id='word_1_443' title='bbox 493 1764 547 1792; x_wconf 87' lang='lat' dir='ltr'><strong>bac</strong></span> <span class='ocrx_word' id='word_1_444' title='bbox 562 1764 715 1792; x_wconf 87' lang='lat' dir='ltr'><strong>hominum</strong></span> <span class='ocrx_word' id='word_1_445' title='bbox 730 1763 894 1799; x_wconf 80' lang='lat' dir='ltr'><strong>frequentia</strong></span> <span class='ocrx_word' id='word_1_446' title='bbox 914 1764 1036 1800; x_wconf 89' lang='lat' dir='ltr'><strong>dignum</strong></span> <span class='ocrx_word' id='word_1_447' title='bbox 1059 1772 1125 1799; x_wconf 83' lang='lat' dir='ltr'><strong>pro-</strong></span> 
     </span>
    </p>
   </div>
   <div class='ocr_carea' id='block_1_59' title="bbox 301 1807 1123 1844">
    <p class='ocr_par' dir='ltr' id='par_1_59' title="bbox 301 1807 1123 1844">
     <span class='ocr_line' id='line_1_59' title="bbox 301 1807 1123 1844; baseline 0 -8"><span class='ocrx_word' id='word_1_448' title='bbox 301 1809 440 1844; x_wconf 87' lang='lat' dir='ltr'><strong>feremus,</strong></span> <span class='ocrx_word' id='word_1_449' title='bbox 457 1818 493 1837; x_wconf 92' lang='lat' dir='ltr'><strong>ne</strong></span> <span class='ocrx_word' id='word_1_450' title='bbox 505 1817 555 1836; x_wconf 93' lang='lat' dir='ltr'><strong>vos</strong></span> <span class='ocrx_word' id='word_1_451' title='bbox 566 1808 664 1836; x_wconf 88' lang='lat' dir='ltr'><strong>inedia</strong></span> <span class='ocrx_word' id='word_1_452' title='bbox 676 1807 842 1836; x_wconf 84' lang='lat' dir='ltr'><strong>laborantes</strong></span> <span class='ocrx_word' id='word_1_453' title='bbox 857 1808 1123 1842; x_wconf 84' lang='lat' dir='ltr'><strong>dimittamus,cum</strong></span> 
     </span>
    </p>
   </div>
   <div class='ocr_carea' id='block_1_60' title="bbox 299 1853 1123 1889">
    <p class='ocr_par' dir='ltr' id='par_1_60' title="bbox 299 1853 1123 1889">
     <span class='ocr_line' id='line_1_60' title="bbox 299 1853 1123 1889; baseline -0.001 -8"><span class='ocrx_word' id='word_1_454' title='bbox 299 1854 462 1889; x_wconf 74' lang='lat' dir='ltr'><strong>prazsertim</strong></span> <span class='ocrx_word' id='word_1_455' title='bbox 477 1853 670 1881; x_wconf 86' lang='lat' dir='ltr'><strong>convivatoris</strong></span> <span class='ocrx_word' id='word_1_456' title='bbox 686 1861 806 1880; x_wconf 91' lang='lat' dir='ltr'><strong>munere</strong></span> <span class='ocrx_word' id='word_1_457' title='bbox 821 1853 979 1889; x_wconf 84' lang='lat' dir='ltr'><strong>fungamur</strong></span> <span class='ocrx_word' id='word_1_458' title='bbox 993 1853 1006 1880; x_wconf 78' lang='lat' dir='ltr'><strong>‘I</strong></span> <span class='ocrx_word' id='word_1_459' title='bbox 1022 1853 1123 1881; x_wconf 81' lang='lat' dir='ltr'><strong>Purifi-</strong></span> 
     </span>
    </p>
   </div>
   <div class='ocr_carea' id='block_1_61' title="bbox 298 1897 1121 1933">
    <p class='ocr_par' dir='ltr' id='par_1_61' title="bbox 298 1897 1121 1933">
     <span class='ocr_line' id='line_1_61' title="bbox 298 1897 1121 1933; baseline 0 -8"><span class='ocrx_word' id='word_1_460' title='bbox 298 1906 401 1926; x_wconf 80' lang='lat' dir='ltr'><strong>camus</strong></span> <span class='ocrx_word' id='word_1_461' title='bbox 435 1898 630 1933; x_wconf 84' lang='lat' dir='ltr'><strong>nosmetipsos</strong></span> <span class='ocrx_word' id='word_1_462' title='bbox 664 1897 852 1933; x_wconf 78' lang='lat' dir='ltr'><strong>martyribus,</strong></span> <span class='ocrx_word' id='word_1_463' title='bbox 882 1898 999 1932; x_wconf 82' lang='lat' dir='ltr'><strong>fratres,</strong></span> <span class='ocrx_word' id='word_1_464' title='bbox 1027 1898 1071 1925; x_wconf 92' lang='lat' dir='ltr'><strong>vel</strong></span> <span class='ocrx_word' id='word_1_465' title='bbox 1095 1898 1121 1926; x_wconf 92' lang='lat' dir='ltr'><strong>ei</strong></span> 
     </span>
    </p>
   </div>
   <div class='ocr_carea' id='block_1_62' title="bbox 297 1942 1120 1979">
    <p class='ocr_par' dir='ltr' id='par_1_62' title="bbox 297 1942 1120 1979">
     <span class='ocr_line' id='line_1_62' title="bbox 297 1942 1120 1979; baseline 0 -9"><span class='ocrx_word' id='word_1_466' title='bbox 297 1943 405 1978; x_wconf 89' lang='lat' dir='ltr'><strong>potius,</strong></span> <span class='ocrx_word' id='word_1_467' title='bbox 420 1943 465 1970; x_wconf 90' lang='lat' dir='ltr'><strong>cui</strong></span> <span class='ocrx_word' id='word_1_468' title='bbox 478 1943 533 1979; x_wconf 78' lang='lat' dir='ltr'><strong>ipsi</strong></span> <span class='ocrx_word' id='word_1_469' title='bbox 548 1950 663 1978; x_wconf 91' lang='lat' dir='ltr'><strong>quoque</strong></span> <span class='ocrx_word' id='word_1_470' title='bbox 673 1942 786 1969; x_wconf 85' lang='lat' dir='ltr'><strong>cruoris</strong></span> <span class='ocrx_word' id='word_1_471' title='bbox 801 1950 834 1969; x_wconf 88' lang='lat' dir='ltr'><strong>ac</strong></span> <span class='ocrx_word' id='word_1_472' title='bbox 850 1942 979 1970; x_wconf 87' lang='lat' dir='ltr'><strong>veritatis</strong></span> <span class='ocrx_word' id='word_1_473' title='bbox 1007 1943 1120 1970; x_wconf 85' lang='lat' dir='ltr'><strong>confes-</strong></span> 
     </span>
    </p>
   </div>
   <div class='ocr_carea' id='block_1_63' title="bbox 297 1986 1119 2023">
    <p class='ocr_par' dir='ltr' id='par_1_63' title="bbox 297 1986 1119 2023">
     <span class='ocr_line' id='line_1_63' title="bbox 297 1986 1119 2023; baseline -0.001 -8"><span class='ocrx_word' id='word_1_474' title='bbox 297 1987 379 2015; x_wconf 88' lang='lat' dir='ltr'><strong>sione</strong></span> <span class='ocrx_word' id='word_1_475' title='bbox 394 1987 539 2023; x_wconf 86' lang='lat' dir='ltr'><strong>puriﬁcati</strong></span> <span class='ocrx_word' id='word_1_476' title='bbox 555 1989 583 2015; x_wconf 88' lang='lat' dir='ltr'><strong>et</strong></span> <span class='ocrx_word' id='word_1_477' title='bbox 597 1986 706 2022; x_wconf 83' lang='lat' dir='ltr'><strong>expiati</strong></span> <span class='ocrx_word' id='word_1_478' title='bbox 720 1988 798 2013; x_wconf 88' lang='lat' dir='ltr'><strong>sunt.</strong></span> <span class='ocrx_word' id='word_1_479' title='bbox 811 1986 987 2014; x_wconf 88' lang='lat' dir='ltr'><strong>Mundemur</strong></span> <span class='ocrx_word' id='word_1_480' title='bbox 995 1987 1030 2014; x_wconf 88' lang='lat' dir='ltr'><strong>ab</strong></span> <span class='ocrx_word' id='word_1_481' title='bbox 1039 1987 1119 2015; x_wconf 90' lang='lat' dir='ltr'><strong>omni</strong></span> 
     </span>
    </p>
   </div>
   <div class='ocr_carea' id='block_1_64' title="bbox 294 2030 1119 2067">
    <p class='ocr_par' dir='ltr' id='par_1_64' title="bbox 294 2030 1119 2067">
     <span class='ocr_line' id='line_1_64' title="bbox 294 2030 1119 2067; baseline 0.001 -9"><span class='ocrx_word' id='word_1_482' title='bbox 294 2031 518 2067; x_wconf 86' lang='lat' dir='ltr'><strong>inquinamento</strong></span> <span class='ocrx_word' id='word_1_483' title='bbox 534 2031 629 2060; x_wconf 89' lang='lat' dir='ltr'><strong>carnis</strong></span> <span class='ocrx_word' id='word_1_484' title='bbox 645 2033 674 2059; x_wconf 91' lang='lat' dir='ltr'><strong>et</strong></span> <span class='ocrx_word' id='word_1_485' title='bbox 688 2030 847 2067; x_wconf 66' lang='lat' dir='ltr'><strong>spiritus“.</strong></span> <span class='ocrx_word' id='word_1_486' title='bbox 862 2031 1119 2066; x_wconf 86' lang='lat' dir='ltr'><strong>Lavemur,mundi</strong></span> 
     </span>
    </p>
   </div>
   <div class='ocr_carea' id='block_1_65' title="bbox 296 2075 1120 2111">
    <p class='ocr_par' dir='ltr' id='par_1_65' title="bbox 296 2075 1120 2111">
     <span class='ocr_line' id='line_1_65' title="bbox 296 2075 1120 2111; baseline 0.001 -8"><span class='ocrx_word' id='word_1_487' title='bbox 296 2076 499 2110; x_wconf 74' lang='lat' dir='ltr'><strong>efficiamur”,</strong></span> <span class='ocrx_word' id='word_1_488' title='bbox 511 2076 701 2105; x_wconf 86' lang='lat' dir='ltr'><strong>exbibeamus</strong></span> <span class='ocrx_word' id='word_1_489' title='bbox 712 2083 766 2103; x_wconf 88' lang='lat' dir='ltr'><strong>nos</strong></span> <span class='ocrx_word' id='word_1_490' title='bbox 780 2075 868 2103; x_wconf 90' lang='lat' dir='ltr'><strong>etiam</strong></span> <span class='ocrx_word' id='word_1_491' title='bbox 885 2084 1006 2111; x_wconf 89' lang='lat' dir='ltr'><strong>corpora</strong></span> <span class='ocrx_word' id='word_1_492' title='bbox 1020 2078 1120 2104; x_wconf 87' lang='lat' dir='ltr'><strong>nostra</strong></span> 
     </span>
    </p>
   </div>
   <div class='ocr_carea' id='block_1_66' title="bbox 296 2120 1118 2156">
    <p class='ocr_par' dir='ltr' id='par_1_66' title="bbox 296 2120 1118 2156">
     <span class='ocr_line' id='line_1_66' title="bbox 296 2120 1118 2156; baseline 0.002 -10"><span class='ocrx_word' id='word_1_493' title='bbox 296 2121 325 2146; x_wconf 90' lang='lat' dir='ltr'><strong>et</strong></span> <span class='ocrx_word' id='word_1_494' title='bbox 339 2120 463 2154; x_wconf 87' lang='lat' dir='ltr'><strong>animas,</strong></span> <span class='ocrx_word' id='word_1_495' title='bbox 480 2121 607 2149; x_wconf 79' lang='lat' dir='ltr'><strong>hostiam</strong></span> <span class='ocrx_word' id='word_1_496' title='bbox 626 2121 779 2153; x_wconf 88' lang='lat' dir='ltr'><strong>viventem,</strong></span> <span class='ocrx_word' id='word_1_497' title='bbox 811 2122 954 2155; x_wconf 86' lang='lat' dir='ltr'><strong>sanctam,</strong></span> <span class='ocrx_word' id='word_1_498' title='bbox 977 2122 1032 2148; x_wconf 90' lang='lat' dir='ltr'><strong>Deo</strong></span> <span class='ocrx_word' id='word_1_499' title='bbox 1057 2120 1118 2156; x_wconf 88' lang='lat' dir='ltr'><strong>pla-</strong></span> 
     </span>
    </p>
   </div>
   <div class='ocr_carea' id='block_1_67' title="bbox 298 2164 1120 2200">
    <p class='ocr_par' dir='ltr' id='par_1_67' title="bbox 298 2164 1120 2200">
     <span class='ocr_line' id='line_1_67' title="bbox 298 2164 1120 2200; baseline 0.002 -9"><span class='ocrx_word' id='word_1_500' title='bbox 298 2166 425 2199; x_wconf 84' lang='lat' dir='ltr'><strong>centem,</strong></span> <span class='ocrx_word' id='word_1_501' title='bbox 448 2165 650 2193; x_wconf 85' lang='lat' dir='ltr'><strong>rationabilem</strong></span> <span class='ocrx_word' id='word_1_502' title='bbox 667 2167 798 2192; x_wconf 88' lang='lat' dir='ltr'><strong>nostram</strong></span> <span class='ocrx_word' id='word_1_503' title='bbox 810 2164 1006 2200; x_wconf 86' lang='lat' dir='ltr'><strong>precationem</strong></span> <span class='ocrx_word' id='word_1_504' title='bbox 1019 2165 1051 2191; x_wconf 79' lang='grc'><strong>⁷⁸.</strong></span> <span class='ocrx_word' id='word_1_505' title='bbox 1067 2167 1120 2193; x_wconf 87' lang='lat' dir='ltr'><strong>Ne-</strong></span> 
     </span>
    </p>
   </div>
   <div class='ocr_carea' id='block_1_68' title="bbox 295 2209 1118 2246">
    <p class='ocr_par' dir='ltr' id='par_1_68' title="bbox 295 2209 1118 2246">
     <span class='ocr_line' id='line_1_68' title="bbox 295 2209 1118 2246; baseline 0.002 -11"><span class='ocrx_word' id='word_1_506' title='bbox 295 2216 351 2243; x_wconf 88' lang='lat' dir='ltr'><strong>que</strong></span> <span class='ocrx_word' id='word_1_507' title='bbox 366 2209 443 2236; x_wconf 89' lang='lat' dir='ltr'><strong>enim</strong></span> <span class='ocrx_word' id='word_1_508' title='bbox 460 2218 551 2245; x_wconf 91' lang='lat' dir='ltr'><strong>purus</strong></span> <span class='ocrx_word' id='word_1_509' title='bbox 571 2212 652 2238; x_wconf 86' lang='lat' dir='ltr'><strong>tanto</strong></span> <span class='ocrx_word' id='word_1_510' title='bbox 672 2209 703 2237; x_wconf 90' lang='lat' dir='ltr'><strong>in</strong></span> <span class='ocrx_word' id='word_1_511' title='bbox 718 2209 811 2245; x_wconf 89' lang='lat' dir='ltr'><strong>pretio</strong></span> <span class='ocrx_word' id='word_1_512' title='bbox 832 2209 994 2244; x_wconf 92' lang='lat' dir='ltr'><strong>quidquam</strong></span> <span class='ocrx_word' id='word_1_513' title='bbox 1020 2209 1118 2246; x_wconf 86' lang='lat' dir='ltr'><strong>habet,</strong></span> 
     </span>
    </p>
   </div>
   <div class='ocr_carea' id='block_1_69' title="bbox 294 2252 1120 2290">
    <p class='ocr_par' dir='ltr' id='par_1_69' title="bbox 294 2252 1120 2290">
     <span class='ocr_line' id='line_1_69' title="bbox 294 2252 1120 2290; baseline 0.002 -10"><span class='ocrx_word' id='word_1_514' title='bbox 294 2260 383 2288; x_wconf 88' lang='lat' dir='ltr'><strong>quam</strong></span> <span class='ocrx_word' id='word_1_515' title='bbox 393 2254 616 2289; x_wconf 87' lang='lat' dir='ltr'><strong>puritatem,aut</strong></span> <span class='ocrx_word' id='word_1_516' title='bbox 623 2252 838 2290; x_wconf 79' lang='lat' dir='ltr'><strong>purgationem.</strong></span> <span class='ocrx_word' id='word_1_517' title='bbox 848 2255 997 2281; x_wconf 84' lang='lat' dir='ltr'><strong>Certemus</strong></span> <span class='ocrx_word' id='word_1_518' title='bbox 1004 2257 1120 2290; x_wconf 88' lang='lat' dir='ltr'><strong>propter</strong></span> 
     </span>
    </p>
   </div>
   <div class='ocr_carea' id='block_1_70' title="bbox 296 2296 1119 2334">
    <p class='ocr_par' dir='ltr' id='par_1_70' title="bbox 296 2296 1119 2334">
     <span class='ocr_line' id='line_1_70' title="bbox 296 2296 1119 2334; baseline 0.002 -10"><span class='ocrx_word' id='word_1_519' title='bbox 296 2296 421 2326; x_wconf 85' lang='lat' dir='ltr'><strong>athletas</strong></span> <span class='ocrx_word' id='word_1_520' title='bbox 430 2307 443 2330; x_wconf 91' lang='lat'><em>;</em></span> <span class='ocrx_word' id='word_1_521' title='bbox 451 2298 605 2327; x_wconf 87' lang='lat' dir='ltr'><strong>vincamus</strong></span> <span class='ocrx_word' id='word_1_522' title='bbox 616 2300 735 2334; x_wconf 90' lang='lat' dir='ltr'><strong>propter</strong></span> <span class='ocrx_word' id='word_1_523' title='bbox 762 2297 886 2325; x_wconf 89' lang='lat' dir='ltr'><strong>victores</strong></span> <span class='ocrx_word' id='word_1_524' title='bbox 898 2306 904 2331; x_wconf 83' lang='lat'><strong>;</strong></span> <span class='ocrx_word' id='word_1_525' title='bbox 918 2298 1119 2326; x_wconf 90' lang='lat' dir='ltr'><strong>testimonium</strong></span> 
     </span>
    </p>
   </div>
   <div class='ocr_carea' id='block_1_71' title="bbox 1224 1409 2026 1449">
    <p class='ocr_par' dir='ltr' id='par_1_71' title="bbox 1224 1409 2026 1449">
     <span class='ocr_line' id='line_1_71' title="bbox 1224 1409 2026 1449; baseline 0.001 -11"><span class='ocrx_word' id='word_1_526' title='bbox 1224 1414 1259 1439; x_wconf 84' lang='lat' dir='ltr'><strong>A&#39;.</strong></span> <span class='ocrx_word' id='word_1_527' title='bbox 1274 1410 1304 1437; x_wconf 87' lang='grc' dir='ltr'>Τί</span> <span class='ocrx_word' id='word_1_528' title='bbox 1329 1410 1374 1437; x_wconf 77' lang='grc' dir='ltr'>οὖν</span> <span class='ocrx_word' id='word_1_529' title='bbox 1401 1409 1484 1446; x_wconf 71' lang='grc' dir='ltr'>δοκεῖ,</span> <span class='ocrx_word' id='word_1_530' title='bbox 1507 1411 1552 1438; x_wconf 86' lang='grc' dir='ltr'><strong>καὶ</strong></span> <span class='ocrx_word' id='word_1_531' title='bbox 1576 1410 1603 1437; x_wconf 89' lang='grc' dir='ltr'><strong>τί</strong></span> <span class='ocrx_word' id='word_1_532' title='bbox 1628 1410 1749 1449; x_wconf 71' lang='grc' dir='ltr'>βέλτιονς</span> <span class='ocrx_word' id='word_1_533' title='bbox 1773 1413 1825 1438; x_wconf 75' lang='grc' dir='ltr'>Νῦν</span> <span class='ocrx_word' id='word_1_534' title='bbox 1843 1411 2026 1449; x_wconf 75' lang='grc' dir='ltr'>ὑπόσχωμεν</span> 
     </span>
    </p>
   </div>
   <div class='ocr_carea' id='block_1_72' title="bbox 1186 1454 2026 1491">
    <p class='ocr_par' dir='ltr' id='par_1_72' title="bbox 1186 1454 2026 1491">
     <span class='ocr_line' id='line_1_72' title="bbox 1186 1454 2026 1491; baseline 0.001 -9"><span class='ocrx_word' id='word_1_535' title='bbox 1186 1456 1233 1485; x_wconf 75' lang='grc' dir='ltr'><strong>τὰς</strong></span> <span class='ocrx_word' id='word_1_536' title='bbox 1255 1454 1364 1487; x_wconf 67' lang='grc' dir='ltr'>εὐθύνας</span> <span class='ocrx_word' id='word_1_537' title='bbox 1387 1455 1460 1491; x_wconf 81' lang='grc' dir='ltr'>ὑμῖν,</span> <span class='ocrx_word' id='word_1_538' title='bbox 1484 1457 1564 1481; x_wconf 70' lang='grc' dir='ltr'>τοῦτο</span> <span class='ocrx_word' id='word_1_539' title='bbox 1587 1454 1718 1490; x_wconf 76' lang='grc' dir='ltr'>κελεύετε,</span> <span class='ocrx_word' id='word_1_540' title='bbox 1742 1455 1786 1481; x_wconf 79' lang='grc' dir='ltr'><strong>καὶ</strong></span> <span class='ocrx_word' id='word_1_541' title='bbox 1809 1455 1858 1482; x_wconf 67' lang='grc' dir='ltr'>οὐκ</span> <span class='ocrx_word' id='word_1_542' title='bbox 1882 1454 2026 1483; x_wconf 74' lang='grc' dir='ltr'>ἀποδοκι-</span> 
     </span>
    </p>
   </div>
   <div class='ocr_carea' id='block_1_73' title="bbox 1188 1497 2021 1537">
    <p class='ocr_par' dir='ltr' id='par_1_73' title="bbox 1188 1497 2021 1537">
     <span class='ocr_line' id='line_1_73' title="bbox 1188 1497 2021 1537; baseline 0.002 -11"><span class='ocrx_word' id='word_1_543' title='bbox 1188 1500 1284 1535; x_wconf 77' lang='grc' dir='ltr'>μάζετε</span> <span class='ocrx_word' id='word_1_544' title='bbox 1312 1499 1358 1526; x_wconf 78' lang='grc' dir='ltr'>τὸν</span> <span class='ocrx_word' id='word_1_545' title='bbox 1388 1499 1497 1537; x_wconf 83' lang='grc' dir='ltr'>καιρόν;</span> <span class='ocrx_word' id='word_1_546' title='bbox 1528 1500 1573 1534; x_wconf 90' lang='grc' dir='ltr'><strong>(”Ο</strong></span> <span class='ocrx_word' id='word_1_547' title='bbox 1598 1497 1626 1526; x_wconf 74' lang='grc' dir='ltr'><strong>δὲ</strong></span> <span class='ocrx_word' id='word_1_548' title='bbox 1650 1499 1704 1526; x_wconf 74' lang='grc' dir='ltr'>ἐστι</span> <span class='ocrx_word' id='word_1_549' title='bbox 1720 1501 1881 1536; x_wconf 78' lang='grc' dir='ltr'>πανήγυρις,</span> <span class='ocrx_word' id='word_1_550' title='bbox 1899 1499 1967 1526; x_wconf 77' lang='grc' dir='ltr'>ἀλλ’</span> <span class='ocrx_word' id='word_1_551' title='bbox 1984 1501 2021 1528; x_wconf 71' lang='grc' dir='ltr'>οὗ</span> 
     </span>
    </p>
   </div>
   <div class='ocr_carea' id='block_1_74' title="bbox 1186 1542 2021 1581">
    <p class='ocr_par' dir='ltr' id='par_1_74' title="bbox 1186 1542 2021 1581">
     <span class='ocr_line' id='line_1_74' title="bbox 1186 1542 2021 1581; baseline 0.001 -10"><span class='ocrx_word' id='word_1_552' title='bbox 1186 1542 1381 1580; x_wconf 82' lang='grc' dir='ltr'>δικαστήριον.’</span> <span class='ocrx_word' id='word_1_553' title='bbox 1399 1544 1435 1572; x_wconf 87' lang='grc' dir='ltr'><strong><em>Ἦ</em></strong></span> <span class='ocrx_word' id='word_1_554' title='bbox 1449 1546 1529 1571; x_wconf 73' lang='grc' dir='ltr'>τοῦτο</span> <span class='ocrx_word' id='word_1_555' title='bbox 1547 1544 1594 1580; x_wconf 77' lang='grc' dir='ltr'>μὶν</span> <span class='ocrx_word' id='word_1_556' title='bbox 1611 1544 1647 1574; x_wconf 87' lang='grc' dir='ltr'><strong>εἰς</strong></span> <span class='ocrx_word' id='word_1_557' title='bbox 1671 1543 1755 1571; x_wconf 76' lang='grc' dir='ltr'>ἄλλον</span> <span class='ocrx_word' id='word_1_558' title='bbox 1772 1544 1864 1581; x_wconf 84' lang='grc' dir='ltr'>καιρὸν</span> <span class='ocrx_word' id='word_1_559' title='bbox 1881 1543 1926 1571; x_wconf 73' lang='grc' dir='ltr'><strong>καὶ</strong></span> <span class='ocrx_word' id='word_1_560' title='bbox 1943 1544 2021 1572; x_wconf 68' lang='grc' dir='ltr'>σύλ-</span> 
     </span>
    </p>
   </div>
   <div class='ocr_carea' id='block_1_75' title="bbox 1186 1587 2020 1626">
    <p class='ocr_par' dir='ltr' id='par_1_75' title="bbox 1186 1587 2020 1626">
     <span class='ocr_line' id='line_1_75' title="bbox 1186 1587 2020 1626; baseline 0 -11"><span class='ocrx_word' id='word_1_561' title='bbox 1186 1587 1266 1626; x_wconf 89' lang='grc' dir='ltr'>λογον</span> <span class='ocrx_word' id='word_1_562' title='bbox 1296 1588 1480 1624; x_wconf 79' lang='grc' dir='ltr'>ἀποθώμεθα;</span> <span class='ocrx_word' id='word_1_563' title='bbox 1503 1588 1555 1616; x_wconf 81' lang='grc' dir='ltr'><strong>Καὶ</strong></span> <span class='ocrx_word' id='word_1_564' title='bbox 1578 1587 1629 1626; x_wconf 85' lang='grc' dir='ltr'>γάρ</span> <span class='ocrx_word' id='word_1_565' title='bbox 1660 1588 1713 1615; x_wconf 81' lang='grc' dir='ltr'>ἐστι</span> <span class='ocrx_word' id='word_1_566' title='bbox 1745 1588 1911 1626; x_wconf 77' lang='grc' dir='ltr'>μακρότερος</span> <span class='ocrx_word' id='word_1_567' title='bbox 1939 1591 2020 1625; x_wconf 77' lang='grc'>(97),</span> 
     </span>
    </p>
   </div>
   <div class='ocr_carea' id='block_1_76' title="bbox 1183 1630 2021 1670">
    <p class='ocr_par' dir='ltr' id='par_1_76' title="bbox 1183 1630 2021 1670">
     <span class='ocr_line' id='line_1_76' title="bbox 1183 1630 2021 1670; baseline 0.001 -10"><span class='ocrx_word' id='word_1_568' title='bbox 1183 1633 1201 1666; x_wconf 79' lang='grc' dir='ltr'><strong>ἢ</strong></span> <span class='ocrx_word' id='word_1_569' title='bbox 1217 1633 1284 1660; x_wconf 74' lang='grc' dir='ltr'>κατὰ</span> <span class='ocrx_word' id='word_1_570' title='bbox 1310 1633 1355 1660; x_wconf 79' lang='grc' dir='ltr'><strong>τὸν</strong></span> <span class='ocrx_word' id='word_1_571' title='bbox 1385 1632 1505 1670; x_wconf 78' lang='grc' dir='ltr'>παρόντα</span> <span class='ocrx_word' id='word_1_572' title='bbox 1530 1633 1622 1670; x_wconf 83' lang='grc' dir='ltr'>καιρὸν</span> <span class='ocrx_word' id='word_1_573' title='bbox 1651 1633 1664 1659; x_wconf 83' lang='grc' dir='ltr'>ὁ</span> <span class='ocrx_word' id='word_1_574' title='bbox 1693 1630 1787 1669; x_wconf 85' lang='grc' dir='ltr'>λόγος.</span> <span class='ocrx_word' id='word_1_575' title='bbox 1813 1634 1908 1669; x_wconf 78' lang='grc' dir='ltr'>Ἡμεῖς</span> <span class='ocrx_word' id='word_1_576' title='bbox 1925 1631 1955 1660; x_wconf 71' lang='grc' dir='ltr'>δὲ</span> <span class='ocrx_word' id='word_1_577' title='bbox 1989 1634 2021 1661; x_wconf 80' lang='grc' dir='ltr'><strong>τί</strong></span> 
     </span>
    </p>
   </div>
   <div class='ocr_carea' id='block_1_77' title="bbox 1183 1675 2020 1715">
    <p class='ocr_par' dir='ltr' id='par_1_77' title="bbox 1183 1675 2020 1715">
     <span class='ocr_line' id='line_1_77' title="bbox 1183 1675 2020 1715; baseline 0 -11"><span class='ocrx_word' id='word_1_578' title='bbox 1183 1677 1351 1715; x_wconf 75' lang='grc' dir='ltr'>φθεγξόμεϐα</span> <span class='ocrx_word' id='word_1_579' title='bbox 1376 1677 1444 1714; x_wconf 88' lang='grc' dir='ltr'>πρὸς</span> <span class='ocrx_word' id='word_1_580' title='bbox 1473 1676 1541 1713; x_wconf 73' lang='grc' dir='ltr'><strong>ῧμᾶς</strong></span> <span class='ocrx_word' id='word_1_581' title='bbox 1569 1680 1620 1711; x_wconf 81' lang='grc' dir='ltr'><strong>τῆς</strong></span> <span class='ocrx_word' id='word_1_582' title='bbox 1648 1675 1822 1715; x_wconf 75' lang='grc' dir='ltr'>πανηγύρεως</span> <span class='ocrx_word' id='word_1_583' title='bbox 1848 1676 1933 1711; x_wconf 74' lang='grc' dir='ltr'>ἄξιον,</span> <span class='ocrx_word' id='word_1_584' title='bbox 1966 1677 2020 1705; x_wconf 72' lang='grc' dir='ltr'>ἵνα</span> 
     </span>
    </p>
   </div>
   <div class='ocr_carea' id='block_1_78' title="bbox 1184 1719 2020 1757">
    <p class='ocr_par' dir='ltr' id='par_1_78' title="bbox 1184 1719 2020 1757">
     <span class='ocr_line' id='line_1_78' title="bbox 1184 1719 2020 1757; baseline 0.002 -10"><span class='ocrx_word' id='word_1_585' title='bbox 1184 1722 1221 1757; x_wconf 75' lang='grc' dir='ltr'>μὴ</span> <span class='ocrx_word' id='word_1_586' title='bbox 1238 1722 1344 1756; x_wconf 78' lang='grc' dir='ltr'>νήστεις</span> <span class='ocrx_word' id='word_1_587' title='bbox 1361 1721 1431 1757; x_wconf 80' lang='grc' dir='ltr'>ὑμᾶς</span> <span class='ocrx_word' id='word_1_588' title='bbox 1446 1719 1626 1757; x_wconf 78' lang='grc' dir='ltr'>ἀπολύσωμεν</span> <span class='ocrx_word' id='word_1_589' title='bbox 1644 1720 1730 1757; x_wconf 77' lang='grc' dir='ltr'>αὐτοὶ,</span> <span class='ocrx_word' id='word_1_590' title='bbox 1754 1722 1799 1748; x_wconf 80' lang='grc' dir='ltr'><strong>καὶ</strong></span> <span class='ocrx_word' id='word_1_591' title='bbox 1822 1724 1906 1748; x_wconf 68' lang='grc' dir='ltr'>ταῦτα</span> <span class='ocrx_word' id='word_1_592' title='bbox 1929 1721 2020 1753; x_wconf 70' lang='grc' dir='ltr'>ὄντες</span> 
     </span>
    </p>
   </div>
   <div class='ocr_carea' id='block_1_79' title="bbox 1181 1763 2017 1803">
    <p class='ocr_par' dir='ltr' id='par_1_79' title="bbox 1181 1763 2017 1803">
     <span class='ocr_line' id='line_1_79' title="bbox 1181 1763 2017 1803; baseline 0 -12"><span class='ocrx_word' id='word_1_593' title='bbox 1181 1764 1206 1791; x_wconf 78' lang='grc' dir='ltr'>οἱ</span> <span class='ocrx_word' id='word_1_594' title='bbox 1237 1765 1405 1802; x_wconf 56' lang='lat' dir='ltr'><strong>terrai-topic;</strong></span> <span class='ocrx_word' id='word_1_595' title='bbox 1434 1764 1601 1801; x_wconf 81' lang='grc' dir='ltr'>Ἀγνίσωμιν</span> <span class='ocrx_word' id='word_1_596' title='bbox 1638 1765 1711 1800; x_wconf 76' lang='grc' dir='ltr'>ἡμᾶς</span> <span class='ocrx_word' id='word_1_597' title='bbox 1739 1764 1846 1801; x_wconf 74' lang='grc' dir='ltr'>αὐτοὺς,</span> <span class='ocrx_word' id='word_1_598' title='bbox 1876 1763 2017 1803; x_wconf 54' lang='grc' dir='ltr'>ἀδελφοὶ,</span> 
     </span>
    </p>
   </div>
   <div class='ocr_carea' id='block_1_80' title="bbox 1179 1807 2019 1846">
    <p class='ocr_par' dir='ltr' id='par_1_80' title="bbox 1179 1807 2019 1846">
     <span class='ocr_line' id='line_1_80' title="bbox 1179 1807 2019 1846; baseline 0 -10"><span class='ocrx_word' id='word_1_599' title='bbox 1179 1811 1237 1840; x_wconf 82' lang='grc' dir='ltr'>τοῖς</span> <span class='ocrx_word' id='word_1_600' title='bbox 1255 1809 1369 1846; x_wconf 79' lang='grc' dir='ltr'>μάρτυσι</span> <span class='ocrx_word' id='word_1_601' title='bbox 1383 1817 1389 1824; x_wconf 74' lang='grc'><strong><em>⁸</em></strong></span> <span class='ocrx_word' id='word_1_602' title='bbox 1408 1808 1514 1845; x_wconf 78' lang='grc' dir='ltr'>μᾶλλον</span> <span class='ocrx_word' id='word_1_603' title='bbox 1532 1808 1571 1845; x_wconf 76' lang='grc' dir='ltr'><strong>δὲ,</strong></span> <span class='ocrx_word' id='word_1_604' title='bbox 1590 1809 1612 1844; x_wconf 83' lang='grc' dir='ltr'>ᾦ</span> <span class='ocrx_word' id='word_1_605' title='bbox 1635 1809 1754 1835; x_wconf 77' lang='grc' dir='ltr'>κάκεῖνοι</span> <span class='ocrx_word' id='word_1_606' title='bbox 1771 1807 1805 1835; x_wconf 85' lang='grc' dir='ltr'><strong>δι’</strong></span> <span class='ocrx_word' id='word_1_607' title='bbox 1829 1807 1947 1844; x_wconf 66' lang='grc' dir='ltr'>αἵματος</span> <span class='ocrx_word' id='word_1_608' title='bbox 1966 1810 2019 1836; x_wconf 71' lang='grc' dir='ltr'><strong>καὶ</strong></span> 
     </span>
    </p>
   </div>
   <div class='ocr_carea' id='block_1_81' title="bbox 1176 1852 2020 1891">
    <p class='ocr_par' dir='ltr' id='par_1_81' title="bbox 1176 1852 2020 1891">
     <span class='ocr_line' id='line_1_81' title="bbox 1176 1852 2020 1891; baseline 0 -11"><span class='ocrx_word' id='word_1_609' title='bbox 1176 1856 1225 1888; x_wconf 84' lang='grc' dir='ltr'><strong>τῆς</strong></span> <span class='ocrx_word' id='word_1_610' title='bbox 1240 1852 1369 1887; x_wconf 78' lang='grc' dir='ltr'>ἀληθείας</span> <span class='ocrx_word' id='word_1_611' title='bbox 1388 1853 1563 1890; x_wconf 76' lang='grc' dir='ltr'>ἡγνίσθησαν.</span> <span class='ocrx_word' id='word_1_612' title='bbox 1585 1852 1825 1891; x_wconf 76' lang='grc' dir='ltr'>Ἐλευθερωοῶμεν</span> <span class='ocrx_word' id='word_1_613' title='bbox 1853 1854 1912 1888; x_wconf 83' lang='grc'>(98)</span> <span class='ocrx_word' id='word_1_614' title='bbox 1935 1864 2020 1881; x_wconf 60' lang='grc' dir='ltr'>παλ.-</span> 
     </span>
    </p>
   </div>
   <div class='ocr_carea' id='block_1_82' title="bbox 1175 1897 2016 1935">
    <p class='ocr_par' dir='ltr' id='par_1_82' title="bbox 1175 1897 2016 1935">
     <span class='ocr_line' id='line_1_82' title="bbox 1175 1897 2016 1935; baseline 0 -10"><span class='ocrx_word' id='word_1_615' title='bbox 1175 1897 1222 1928; x_wconf 81' lang='grc' dir='ltr'>τὸς</span> <span class='ocrx_word' id='word_1_616' title='bbox 1249 1897 1392 1933; x_wconf 83' lang='grc' dir='ltr'>μολυσμοῦ</span> <span class='ocrx_word' id='word_1_617' title='bbox 1417 1897 1515 1935; x_wconf 86' lang='grc' dir='ltr'>σαρκὸς</span> <span class='ocrx_word' id='word_1_618' title='bbox 1538 1897 1582 1924; x_wconf 78' lang='grc' dir='ltr'><strong>καὶ</strong></span> <span class='ocrx_word' id='word_1_619' title='bbox 1597 1897 1748 1934; x_wconf 81' lang='grc' dir='ltr'>πνεύματος</span> <span class='ocrx_word' id='word_1_620' title='bbox 1762 1906 1768 1913; x_wconf 79' lang='lat'>&#39;</span> <span class='ocrx_word' id='word_1_621' title='bbox 1785 1897 1940 1934; x_wconf 73' lang='grc' dir='ltr'>νιψώμεθα,</span> <span class='ocrx_word' id='word_1_622' title='bbox 1962 1903 2016 1925; x_wconf 62' lang='grc' dir='ltr'><strong>κά-</strong></span> 
     </span>
    </p>
   </div>
   <div class='ocr_carea' id='block_1_83' title="bbox 1174 1941 2014 1979">
    <p class='ocr_par' dir='ltr' id='par_1_83' title="bbox 1174 1941 2014 1979">
     <span class='ocr_line' id='line_1_83' title="bbox 1174 1941 2014 1979; baseline 0.001 -10"><span class='ocrx_word' id='word_1_623' title='bbox 1174 1942 1251 1979; x_wconf 81' lang='grc' dir='ltr'>Θαροὶ</span> <span class='ocrx_word' id='word_1_624' title='bbox 1266 1942 1416 1979; x_wconf 78' lang='grc' dir='ltr'>γενώμεθα·</span> <span class='ocrx_word' id='word_1_625' title='bbox 1432 1942 1647 1979; x_wconf 72' lang='grc' dir='ltr'>παραστήσωμεν</span> <span class='ocrx_word' id='word_1_626' title='bbox 1668 1942 1712 1968; x_wconf 91' lang='grc' dir='ltr'>καὶ</span> <span class='ocrx_word' id='word_1_627' title='bbox 1728 1941 1803 1968; x_wconf 68' lang='grc' dir='ltr'>αὐτοὶ</span> <span class='ocrx_word' id='word_1_628' title='bbox 1827 1941 1860 1968; x_wconf 72' lang='grc' dir='ltr'><strong>τὰ</strong></span> <span class='ocrx_word' id='word_1_629' title='bbox 1884 1942 2014 1977; x_wconf 76' lang='grc' dir='ltr'>σώματα</span> 
     </span>
    </p>
   </div>
   <div class='ocr_carea' id='block_1_84' title="bbox 1174 1985 2010 2023">
    <p class='ocr_par' dir='ltr' id='par_1_84' title="bbox 1174 1985 2010 2023">
     <span class='ocr_line' id='line_1_84' title="bbox 1174 1985 2010 2023; baseline 0.001 -10"><span class='ocrx_word' id='word_1_630' title='bbox 1174 1987 1255 2022; x_wconf 80' lang='grc' dir='ltr'>ἡμῶν</span> <span class='ocrx_word' id='word_1_631' title='bbox 1269 1986 1313 2013; x_wconf 78' lang='grc' dir='ltr'><strong>καὶ</strong></span> <span class='ocrx_word' id='word_1_632' title='bbox 1325 1986 1373 2016; x_wconf 69' lang='grc' dir='ltr'><strong>τὰς</strong></span> <span class='ocrx_word' id='word_1_633' title='bbox 1388 1986 1488 2023; x_wconf 74' lang='grc' dir='ltr'>ψυχὰς,</span> <span class='ocrx_word' id='word_1_634' title='bbox 1505 1985 1595 2017; x_wconf 79' lang='grc' dir='ltr'>θυσίαν</span> <span class='ocrx_word' id='word_1_635' title='bbox 1618 1988 1714 2021; x_wconf 76' lang='grc' dir='ltr'>ζῶσαν,</span> <span class='ocrx_word' id='word_1_636' title='bbox 1740 1985 1827 2023; x_wconf 77' lang='grc' dir='ltr'>ἁγίαν,</span> <span class='ocrx_word' id='word_1_637' title='bbox 1853 1985 2010 2023; x_wconf 71' lang='grc' dir='ltr'>εὐάρεστον</span> 
     </span>
    </p>
   </div>
   <div class='ocr_carea' id='block_1_85' title="bbox 1172 2029 2014 2068">
    <p class='ocr_par' dir='ltr' id='par_1_85' title="bbox 1172 2029 2014 2068">
     <span class='ocr_line' id='line_1_85' title="bbox 1172 2029 2014 2068; baseline 0 -10"><span class='ocrx_word' id='word_1_638' title='bbox 1172 2033 1212 2066; x_wconf 86' lang='grc' dir='ltr'>τῷ</span> <span class='ocrx_word' id='word_1_639' title='bbox 1226 2032 1294 2066; x_wconf 84' lang='grc' dir='ltr'><strong>Θεῷ,</strong></span> <span class='ocrx_word' id='word_1_640' title='bbox 1308 2031 1357 2064; x_wconf 81' lang='grc' dir='ltr'>τὴν</span> <span class='ocrx_word' id='word_1_641' title='bbox 1372 2029 1485 2067; x_wconf 83' lang='grc' dir='ltr'>λογικὴν</span> <span class='ocrx_word' id='word_1_642' title='bbox 1500 2029 1623 2068; x_wconf 82' lang='grc' dir='ltr'>λατρείαν</span> <span class='ocrx_word' id='word_1_643' title='bbox 1645 2031 1700 2066; x_wconf 77' lang='grc'>(99)</span> <span class='ocrx_word' id='word_1_644' title='bbox 1722 2029 1822 2065; x_wconf 70' lang='grc' dir='ltr'>ταύτην</span> <span class='ocrx_word' id='word_1_645' title='bbox 1845 2031 1927 2066; x_wconf 72' lang='grc' dir='ltr'>ἡμῶν</span> <span class='ocrx_word' id='word_1_646' title='bbox 1960 2032 2014 2058; x_wconf 70' lang='grc' dir='ltr'><strong>καὶ</strong></span> 
     </span>
    </p>
   </div>
   <div class='ocr_carea' id='block_1_86' title="bbox 1174 2073 2013 2112">
    <p class='ocr_par' dir='ltr' id='par_1_86' title="bbox 1174 2073 2013 2112">
     <span class='ocr_line' id='line_1_86' title="bbox 1174 2073 2013 2112; baseline 0 -10"><span class='ocrx_word' id='word_1_647' title='bbox 1174 2074 1299 2110; x_wconf 79' lang='grc' dir='ltr'>ἔντευξιν.</span> <span class='ocrx_word' id='word_1_648' title='bbox 1331 2073 1412 2101; x_wconf 73' lang='grc' dir='ltr'>Οὐδὲν</span> <span class='ocrx_word' id='word_1_649' title='bbox 1438 2075 1488 2112; x_wconf 67' lang='grc' dir='ltr'><strong>γὰρ</strong></span> <span class='ocrx_word' id='word_1_650' title='bbox 1512 2074 1583 2101; x_wconf 79' lang='grc' dir='ltr'>οὕτω</span> <span class='ocrx_word' id='word_1_651' title='bbox 1603 2075 1643 2110; x_wconf 82' lang='grc' dir='ltr'>τῷ</span> <span class='ocrx_word' id='word_1_652' title='bbox 1658 2075 1768 2112; x_wconf 74' lang='grc' dir='ltr'>καθαρῷ</span> <span class='ocrx_word' id='word_1_653' title='bbox 1784 2075 1822 2110; x_wconf 88' lang='grc'>(1)</span> <span class='ocrx_word' id='word_1_654' title='bbox 1837 2074 1947 2110; x_wconf 84' lang='grc' dir='ltr'>τίμιον,</span> <span class='ocrx_word' id='word_1_655' title='bbox 1968 2077 2013 2107; x_wconf 79' lang='grc' dir='ltr'>ὡς</span> 
     </span>
    </p>
   </div>
   <div class='ocr_carea' id='block_1_87' title="bbox 1173 2117 2016 2158">
    <p class='ocr_par' dir='ltr' id='par_1_87' title="bbox 1173 2117 2016 2158">
     <span class='ocr_line' id='line_1_87' title="bbox 1173 2117 2016 2158; baseline 0 -11"><span class='ocrx_word' id='word_1_656' title='bbox 1173 2119 1325 2158; x_wconf 77' lang='grc' dir='ltr'>καθαρότης</span> <span class='ocrx_word' id='word_1_657' title='bbox 1342 2119 1359 2153; x_wconf 74' lang='grc' dir='ltr'><strong>ἢ</strong></span> <span class='ocrx_word' id='word_1_658' title='bbox 1380 2119 1517 2156; x_wconf 74' lang='grc' dir='ltr'>κάθαρσις.</span> <span class='ocrx_word' id='word_1_659' title='bbox 1544 2118 1718 2154; x_wconf 79' lang='grc' dir='ltr'>Ἀθλήσωμεν</span> <span class='ocrx_word' id='word_1_660' title='bbox 1749 2117 1793 2145; x_wconf 71' lang='grc' dir='ltr'><strong>διὰ</strong></span> <span class='ocrx_word' id='word_1_661' title='bbox 1820 2118 1883 2149; x_wconf 69' lang='grc' dir='ltr'>τοὺς</span> <span class='ocrx_word' id='word_1_662' title='bbox 1915 2119 2016 2156; x_wconf 74' lang='grc' dir='ltr'>ἀθλη-</span> 
     </span>
    </p>
   </div>
   <div class='ocr_carea' id='block_1_88' title="bbox 1173 2162 2015 2201">
    <p class='ocr_par' dir='ltr' id='par_1_88' title="bbox 1173 2162 2015 2201">
     <span class='ocr_line' id='line_1_88' title="bbox 1173 2162 2015 2201; baseline -0.002 -10"><span class='ocrx_word' id='word_1_663' title='bbox 1173 2164 1220 2195; x_wconf 83' lang='grc' dir='ltr'><strong>τάς</strong></span> <span class='ocrx_word' id='word_1_664' title='bbox 1237 2166 1294 2199; x_wconf 85' lang='grc'>(2)·</span> <span class='ocrx_word' id='word_1_665' title='bbox 1310 2164 1464 2199; x_wconf 76' lang='grc' dir='ltr'>νικήσωμεν</span> <span class='ocrx_word' id='word_1_666' title='bbox 1482 2162 1526 2190; x_wconf 79' lang='grc' dir='ltr'>διὰ</span> <span class='ocrx_word' id='word_1_667' title='bbox 1539 2162 1602 2194; x_wconf 82' lang='grc' dir='ltr'>τοὺς</span> <span class='ocrx_word' id='word_1_668' title='bbox 1619 2163 1729 2198; x_wconf 82' lang='grc' dir='ltr'>νικητάς</span> <span class='ocrx_word' id='word_1_669' title='bbox 1745 2173 1751 2179; x_wconf 82' lang='grc'><em>’</em></span> <span class='ocrx_word' id='word_1_670' title='bbox 1780 2164 2015 2201; x_wconf 79' lang='grc' dir='ltr'>μαρτυρήσωμεν</span> 
     </span>
    </p>
   </div>
   <div class='ocr_carea' id='block_1_89' title="bbox 1172 2206 2016 2245">
    <p class='ocr_par' dir='ltr' id='par_1_89' title="bbox 1172 2206 2016 2245">
     <span class='ocr_line' id='line_1_89' title="bbox 1172 2206 2016 2245; baseline -0.005 -9"><span class='ocrx_word' id='word_1_671' title='bbox 1172 2210 1208 2245; x_wconf 75' lang='grc' dir='ltr'><strong>τῇ</strong></span> <span class='ocrx_word' id='word_1_672' title='bbox 1224 2208 1340 2243; x_wconf 78' lang='grc' dir='ltr'>ἀληθείᾳ</span> <span class='ocrx_word' id='word_1_673' title='bbox 1354 2206 1398 2234; x_wconf 78' lang='grc' dir='ltr'><strong>διὰ</strong></span> <span class='ocrx_word' id='word_1_674' title='bbox 1411 2207 1474 2238; x_wconf 82' lang='grc' dir='ltr'>τοὺς</span> <span class='ocrx_word' id='word_1_675' title='bbox 1492 2207 1638 2245; x_wconf 80' lang='grc' dir='ltr'>μάρτυρας.</span> <span class='ocrx_word' id='word_1_676' title='bbox 1654 2210 1738 2234; x_wconf 74' lang='grc' dir='ltr'>Τοῦτο</span> <span class='ocrx_word' id='word_1_677' title='bbox 1752 2210 1810 2237; x_wconf 87' lang='grc' dir='ltr'>τοῖς</span> <span class='ocrx_word' id='word_1_678' title='bbox 1834 2207 1929 2238; x_wconf 76' lang='grc' dir='ltr'>ἄθλοις</span> <span class='ocrx_word' id='word_1_679' title='bbox 1963 2209 2016 2236; x_wconf 71' lang='grc' dir='ltr'><strong>αὖ-</strong></span> 
     </span>
    </p>
   </div>
   <div class='ocr_carea' id='block_1_90' title="bbox 1172 2251 2017 2290">
    <p class='ocr_par' dir='ltr' id='par_1_90' title="bbox 1172 2251 2017 2290">
     <span class='ocr_line' id='line_1_90' title="bbox 1172 2251 2017 2290; baseline 0 -10"><span class='ocrx_word' id='word_1_680' title='bbox 1172 2255 1226 2280; x_wconf 80' lang='grc' dir='ltr'>τῶν</span> <span class='ocrx_word' id='word_1_681' title='bbox 1251 2252 1439 2290; x_wconf 75' lang='grc' dir='ltr'>χαρισώμεθα,</span> <span class='ocrx_word' id='word_1_682' title='bbox 1463 2252 1494 2279; x_wconf 85' lang='grc' dir='ltr'>τὸ</span> <span class='ocrx_word' id='word_1_683' title='bbox 1517 2251 1562 2279; x_wconf 72' lang='grc' dir='ltr'><strong>καὶ</strong></span> <span class='ocrx_word' id='word_1_684' title='bbox 1587 2251 1662 2279; x_wconf 74' lang='grc' dir='ltr'>αὐτοὶ</span> <span class='ocrx_word' id='word_1_685' title='bbox 1687 2254 1840 2290; x_wconf 62' lang='grc' dir='ltr'>στεφανῖται</span> <span class='ocrx_word' id='word_1_686' title='bbox 1863 2252 2017 2289; x_wconf 65' lang='grc' dir='ltr'>γενέσθαι,</span> 
     </span>
    </p>
   </div>
   <div class='ocr_carea' id='block_1_91' title="bbox 1173 2295 2018 2335">
    <p class='ocr_par' dir='ltr' id='par_1_91' title="bbox 1173 2295 2018 2335">
     <span class='ocr_line' id='line_1_91' title="bbox 1173 2295 2018 2335; baseline 0 -11"><span class='ocrx_word' id='word_1_687' title='bbox 1173 2298 1218 2325; x_wconf 87' lang='grc' dir='ltr'><strong>καὶ</strong></span> <span class='ocrx_word' id='word_1_688' title='bbox 1246 2300 1295 2331; x_wconf 84' lang='grc' dir='ltr'>τῆς</span> <span class='ocrx_word' id='word_1_689' title='bbox 1322 2296 1406 2330; x_wconf 77' lang='grc' dir='ltr'>αὐτῆς</span> <span class='ocrx_word' id='word_1_690' title='bbox 1443 2295 1615 2333; x_wconf 83' lang='grc' dir='ltr'>κληρονόμοι</span> <span class='ocrx_word' id='word_1_691' title='bbox 1654 2295 1745 2331; x_wconf 77' lang='grc' dir='ltr'>δόξης,</span> <span class='ocrx_word' id='word_1_692' title='bbox 1782 2299 1832 2330; x_wconf 80' lang='grc' dir='ltr'>τῆς</span> <span class='ocrx_word' id='word_1_693' title='bbox 1866 2305 1897 2322; x_wconf 81' lang='grc' dir='ltr'><strong>τε</strong></span> <span class='ocrx_word' id='word_1_694' title='bbox 1939 2298 2018 2335; x_wconf 70' lang='grc' dir='ltr'>παρ’</span> 
     </span>
    </p>
   </div>
   <div class='ocr_carea' id='block_1_92' title="bbox 331 2354 1130 2392">
    <p class='ocr_par' dir='ltr' id='par_1_92' title="bbox 331 2355 1120 2392">
     <span class='ocr_line' id='line_1_92' title="bbox 331 2355 1120 2392; baseline 0.001 -8"><span class='ocrx_word' id='word_1_695' title='bbox 331 2355 353 2373; x_wconf 83' lang='grc'><strong>⁷⁵</strong></span> <span class='ocrx_word' id='word_1_696' title='bbox 367 2355 423 2384; x_wconf 84' lang='lat' dir='ltr'><strong>Job</strong></span> <span class='ocrx_word' id='word_1_697' title='bbox 437 2365 513 2391; x_wconf 77' lang='lat' dir='ltr'><strong>xxvx,</strong></span> <span class='ocrx_word' id='word_1_698' title='bbox 528 2359 546 2385; x_wconf 88' lang='lat'><strong>2</strong></span> <span class='ocrx_word' id='word_1_699' title='bbox 560 2365 642 2392; x_wconf 91' lang='lat' dir='ltr'><strong>seqq.</strong></span> <span class='ocrx_word' id='word_1_700' title='bbox 658 2356 681 2373; x_wconf 77' lang='grc'><strong>⁷⁵</strong></span> <span class='ocrx_word' id='word_1_701' title='bbox 697 2356 799 2384; x_wconf 80' lang='lat' dir='ltr'><strong>Matth.</strong></span> <span class='ocrx_word' id='word_1_702' title='bbox 827 2364 879 2391; x_wconf 77' lang='lat' dir='ltr'><strong>v11,</strong></span> <span class='ocrx_word' id='word_1_703' title='bbox 897 2356 933 2387; x_wconf 88' lang='grc'><strong>1;</strong></span> <span class='ocrx_word' id='word_1_704' title='bbox 962 2356 973 2384; x_wconf 95' lang='lat' dir='ltr'><strong>I</strong></span> <span class='ocrx_word' id='word_1_705' title='bbox 987 2356 1052 2385; x_wconf 88' lang='lat' dir='ltr'><strong>Cor.</strong></span> <span class='ocrx_word' id='word_1_706' title='bbox 1081 2365 1120 2392; x_wconf 91' lang='lat' dir='ltr'><strong>1v,</strong></span> 
     </span>
    </p>
   </div>
   <div class='ocr_carea' id='block_1_93' title="bbox 1186 2354 2017 2392">
    <p class='ocr_par' dir='ltr' id='par_1_93' title="bbox 1199 2354 2017 2391">
     <span class='ocr_line' id='line_1_93' title="bbox 1199 2354 2017 2391; baseline -0.001 -7"><span class='ocrx_word' id='word_1_707' title='bbox 1199 2357 1220 2374; x_wconf 78' lang='grc'>⁷⁸</span> <span class='ocrx_word' id='word_1_708' title='bbox 1236 2356 1261 2384; x_wconf 88' lang='lat' dir='ltr'><strong>II</strong></span> <span class='ocrx_word' id='word_1_709' title='bbox 1288 2356 1353 2383; x_wconf 81' lang='lat' dir='ltr'><strong>Cor.</strong></span> <span class='ocrx_word' id='word_1_710' title='bbox 1382 2364 1432 2389; x_wconf 84' lang='lat' dir='ltr'><strong>vn,</strong></span> <span class='ocrx_word' id='word_1_711' title='bbox 1464 2356 1490 2382; x_wconf 84' lang='lat'><strong>1.</strong></span> <span class='ocrx_word' id='word_1_712' title='bbox 1520 2355 1541 2373; x_wconf 75' lang='lat'><strong>&quot;7</strong></span> <span class='ocrx_word' id='word_1_713' title='bbox 1565 2355 1620 2383; x_wconf 90' lang='lat' dir='ltr'><strong>Isa.</strong></span> <span class='ocrx_word' id='word_1_714' title='bbox 1642 2363 1661 2390; x_wconf 85' lang='grc' dir='ltr'>ι,</span> <span class='ocrx_word' id='word_1_715' title='bbox 1690 2355 1735 2382; x_wconf 81' lang='grc'><strong>16.</strong></span> <span class='ocrx_word' id='word_1_716' title='bbox 1766 2354 1787 2371; x_wconf 77' lang='grc'><strong>⁷⁸</strong></span> <span class='ocrx_word' id='word_1_717' title='bbox 1802 2354 1887 2382; x_wconf 85' lang='lat' dir='ltr'><strong>Rom.</strong></span> <span class='ocrx_word' id='word_1_718' title='bbox 1903 2363 1968 2391; x_wconf 68' lang='grc' dir='ltr'>χιι,</span> <span class='ocrx_word' id='word_1_719' title='bbox 1989 2359 2017 2385; x_wconf 79' lang='grc'><strong>1.</strong></span> 
     </span>
    </p>
   </div>
   <div class='ocr_carea' id='block_1_94' title="bbox 329 2412 1130 2455">
    <p class='ocr_par' dir='ltr' id='par_1_94' title="bbox 329 2413 1115 2455">
     <span class='ocr_line' id='line_1_94' title="bbox 329 2413 1115 2455; baseline -0.003 -12"><span class='ocrx_word' id='word_1_720' title='bbox 329 2414 385 2455; x_wconf 71' lang='lat'>(99)</span> <span class='ocrx_word' id='word_1_721' title='bbox 412 2415 463 2443; x_wconf 79' lang='grc' dir='ltr'>Καὶ</span> <span class='ocrx_word' id='word_1_722' title='bbox 491 2414 571 2453; x_wconf 82' lang='grc' dir='ltr'>πρός.</span> <span class='ocrx_word' id='word_1_723' title='bbox 601 2414 646 2443; x_wconf 86' lang='lat' dir='ltr'><strong>Sic</strong></span> <span class='ocrx_word' id='word_1_724' title='bbox 672 2413 807 2450; x_wconf 85' lang='lat' dir='ltr'><strong>plerique</strong></span> <span class='ocrx_word' id='word_1_725' title='bbox 849 2414 935 2442; x_wconf 89' lang='lat' dir='ltr'><strong>codd.</strong></span> <span class='ocrx_word' id='word_1_726' title='bbox 959 2414 1047 2443; x_wconf 82' lang='lat' dir='ltr'><strong>Deest</strong></span> <span class='ocrx_word' id='word_1_727' title='bbox 1070 2414 1115 2442; x_wconf 85' lang='grc' dir='ltr'><strong>καί</strong></span> 
     </span>
    </p>
   </div>
   <div class='ocr_carea' id='block_1_95' title="bbox 1186 2412 2017 2455">
    <p class='ocr_par' dir='ltr' id='par_1_95' title="bbox 1208 2412 2017 2455">
     <span class='ocr_line' id='line_1_95' title="bbox 1208 2412 2017 2455; baseline 0.001 -14"><span class='ocrx_word' id='word_1_728' title='bbox 1208 2414 1264 2450; x_wconf 86' lang='grc'>(98)</span> <span class='ocrx_word' id='word_1_729' title='bbox 1294 2412 1547 2455; x_wconf 62' lang='grc' dir='ltr'>Ῥλευθερωθῶμιν.</span> <span class='ocrx_word' id='word_1_730' title='bbox 1570 2424 1600 2455; x_wconf 41' lang='lat'><strong>_‘«</strong></span> <span class='ocrx_word' id='word_1_731' title='bbox 1619 2415 1780 2455; x_wconf 43' lang='lat' dir='ltr'><strong>.lmmunes</strong></span> <span class='ocrx_word' id='word_1_732' title='bbox 1808 2420 1860 2440; x_wconf 80' lang='lat' dir='ltr'><strong>nos</strong></span> <span class='ocrx_word' id='word_1_733' title='bbox 1891 2414 2017 2443; x_wconf 79' lang='lat' dir='ltr'><strong>redda-</strong></span> 
     </span>
    </p>
   </div>
   <div class='ocr_carea' id='block_1_96' title="bbox 294 2451 1117 2530">
    <p class='ocr_par' dir='ltr' id='par_1_96' title="bbox 294 2451 1117 2530">
     <span class='ocr_line' id='line_1_96' title="bbox 294 2451 1117 2530; baseline -0.002 -16"><span class='ocrx_word' id='word_1_734' title='bbox 294 2451 383 2530; x_wconf 39' lang='grc' dir='ltr'><strong>Ἠξίίῇ</strong></span> <span class='ocrx_word' id='word_1_735' title='bbox 409 2485 507 2521; x_wconf 86' lang='grc' dir='ltr'>Πολλὴ</span> <span class='ocrx_word' id='word_1_736' title='bbox 536 2485 626 2523; x_wconf 77' lang='grc' dir='ltr'>ἰσχύς.</span> <span class='ocrx_word' id='word_1_737' title='bbox 658 2486 729 2522; x_wconf 84' lang='lat' dir='ltr'><strong>Reg.</strong></span> <span class='ocrx_word' id='word_1_738' title='bbox 750 2493 775 2513; x_wconf 82' lang='grc' dir='ltr'>ο.</span> <span class='ocrx_word' id='word_1_739' title='bbox 798 2486 827 2513; x_wconf 86' lang='lat' dir='ltr'><strong>et</strong></span> <span class='ocrx_word' id='word_1_740' title='bbox 850 2485 898 2513; x_wconf 68' lang='grc' dir='ltr'><strong>ορ.</strong></span> <span class='ocrx_word' id='word_1_741' title='bbox 923 2485 952 2520; x_wconf 84' lang='lat'><strong>2,</strong></span> <span class='ocrx_word' id='word_1_742' title='bbox 976 2484 1070 2520; x_wconf 84' lang='grc' dir='ltr'>πολλὴ</span> <span class='ocrx_word' id='word_1_743' title='bbox 1099 2486 1117 2520; x_wconf 82' lang='grc' dir='ltr'><strong>ἡ</strong></span> 
     </span>
    </p>
   </div>
   <div class='ocr_carea' id='block_1_97' title="bbox 297 2530 1117 2595">
    <p class='ocr_par' dir='ltr' id='par_1_97' title="bbox 297 2530 1117 2595">
     <span class='ocr_line' id='line_1_97' title="bbox 297 2530 1117 2595; baseline 0.001 -10"><span class='ocrx_word' id='word_1_744' title='bbox 414 2558 461 2592; x_wconf 78' lang='grc' dir='ltr'>Μή</span> <span class='ocrx_word' id='word_1_745' title='bbox 491 2557 576 2595; x_wconf 82' lang='grc' dir='ltr'>ταχὺς</span> <span class='ocrx_word' id='word_1_746' title='bbox 603 2558 762 2595; x_wconf 37' lang='grc' dir='ltr'>εἶναιηοῒο.</span> <span class='ocrx_word' id='word_1_747' title='bbox 789 2567 802 2580; x_wconf 78' lang='grc' dir='ltr'><strong>α</strong></span> <span class='ocrx_word' id='word_1_748' title='bbox 829 2556 869 2584; x_wconf 91' lang='lat' dir='ltr'><strong>Ne</strong></span> <span class='ocrx_word' id='word_1_749' title='bbox 894 2557 951 2585; x_wconf 88' lang='lat' dir='ltr'><strong>sim</strong></span> <span class='ocrx_word' id='word_1_750' title='bbox 976 2557 1058 2586; x_wconf 89' lang='lat' dir='ltr'><strong>velox</strong></span> <span class='ocrx_word' id='word_1_751' title='bbox 1080 2558 1117 2586; x_wconf 91' lang='lat' dir='ltr'><strong>ad</strong></span> 
     </span>
    </p>
   </div>
   <div class='ocr_carea' id='block_1_98' title="bbox 290 2593 838 2627">
    <p class='ocr_par' dir='ltr' id='par_1_98' title="bbox 290 2593 838 2627">
     <span class='ocr_line' id='line_1_98' title="bbox 290 2593 838 2627; baseline -0.005 -7"><span class='ocrx_word' id='word_1_752' title='bbox 290 2593 484 2626; x_wconf 86' lang='lat' dir='ltr'><strong>judicandum</strong></span> <span class='ocrx_word' id='word_1_753' title='bbox 496 2593 645 2627; x_wconf 76' lang='lat' dir='ltr'><strong>Scriptura</strong></span> <span class='ocrx_word' id='word_1_754' title='bbox 661 2593 808 2620; x_wconf 90' lang='lat' dir='ltr'><strong>admonet.</strong></span> <span class='ocrx_word' id='word_1_755' title='bbox 824 2603 838 2617; x_wconf 75' lang='grc' dir='ltr'><strong>η</strong></span> 
     </span>
    </p>
   </div>
   <div class='ocr_carea' id='block_1_99' title="bbox 333 2628 1117 2674">
    <p class='ocr_par' dir='ltr' id='par_1_99' title="bbox 333 2628 1117 2674">
     <span class='ocr_line' id='line_1_99' title="bbox 333 2628 1117 2674; baseline -0.01 -12"><span class='ocrx_word' id='word_1_756' title='bbox 333 2630 389 2674; x_wconf 61' lang='grc'>(93)</span> <span class='ocrx_word' id='word_1_757' title='bbox 429 2630 492 2657; x_wconf 85' lang='grc' dir='ltr'>Ὑπὸ</span> <span class='ocrx_word' id='word_1_758' title='bbox 532 2633 584 2664; x_wconf 87' lang='grc' dir='ltr'><strong>τῆς</strong></span> <span class='ocrx_word' id='word_1_759' title='bbox 623 2628 741 2667; x_wconf 74' lang='grc' dir='ltr'>Γραφῆς,</span> <span class='ocrx_word' id='word_1_760' title='bbox 781 2628 850 2664; x_wconf 82' lang='lat' dir='ltr'><strong>Reg.</strong></span> <span class='ocrx_word' id='word_1_761' title='bbox 894 2636 920 2663; x_wconf 88' lang='lat' dir='ltr'><strong>c,</strong></span> <span class='ocrx_word' id='word_1_762' title='bbox 959 2628 1032 2665; x_wconf 79' lang='grc' dir='ltr'>παρὰ</span> <span class='ocrx_word' id='word_1_763' title='bbox 1068 2631 1117 2662; x_wconf 86' lang='grc' dir='ltr'><strong>τῆς</strong></span> 
     </span>
    </p>
   </div>
   <div class='ocr_carea' id='block_1_100' title="bbox 294 2670 1000 2738">
    <p class='ocr_par' dir='ltr' id='par_1_100' title="bbox 294 2670 1000 2738">
     <span class='ocr_line' id='line_1_100' title="bbox 294 2670 1000 2738; baseline -0.003 -10"><span class='ocrx_word' id='word_1_764' title='bbox 294 2670 632 2738; x_wconf 34' lang='grc' dir='ltr'>Γίἔιὲόςάενουτέοημαι.</span> <span class='ocrx_word' id='word_1_765' title='bbox 653 2700 701 2738; x_wconf 76' lang='lat' dir='ltr'><strong>Qr.</strong></span> <span class='ocrx_word' id='word_1_766' title='bbox 772 2698 1000 2738; x_wconf 60' lang='grc' dir='ltr'>νενομοτὲῡημαι.</span> 
     </span>
    </p>
   </div>
   <div class='ocr_carea' id='block_1_101' title="bbox 326 2734 1116 2774">
    <p class='ocr_par' dir='ltr' id='par_1_101' title="bbox 326 2734 1116 2774">
     <span class='ocr_line' id='line_1_101' title="bbox 326 2734 1116 2774; baseline -0.001 -10"><span class='ocrx_word' id='word_1_767' title='bbox 326 2739 336 2771; x_wconf 92' lang='grc'><strong>(</strong></span> <span class='ocrx_word' id='word_1_768' title='bbox 354 2734 383 2774; x_wconf 86' lang='grc'>5)</span> <span class='ocrx_word' id='word_1_769' title='bbox 420 2736 470 2763; x_wconf 82' lang='grc' dir='ltr'>Καὶ</span> <span class='ocrx_word' id='word_1_770' title='bbox 496 2734 579 2764; x_wconf 78' lang='grc' dir='ltr'>παντῖ</span> <span class='ocrx_word' id='word_1_771' title='bbox 605 2734 777 2773; x_wconf 67' lang='grc' dir='ltr'>βουλομένῳ.</span> <span class='ocrx_word' id='word_1_772' title='bbox 795 2746 808 2759; x_wconf 87' lang='grc'><strong>‹(</strong></span> <span class='ocrx_word' id='word_1_773' title='bbox 830 2735 864 2761; x_wconf 86' lang='lat' dir='ltr'><strong>Et</strong></span> <span class='ocrx_word' id='word_1_774' title='bbox 877 2734 1030 2769; x_wconf 88' lang='lat' dir='ltr'><strong>quibusvis</strong></span> <span class='ocrx_word' id='word_1_775' title='bbox 1050 2734 1116 2763; x_wconf 87' lang='lat' dir='ltr'><strong>aliis</strong></span> 
     </span>
    </p>
   </div>
   <div class='ocr_carea' id='block_1_102' title="bbox 292 2773 522 2809">
    <p class='ocr_par' dir='ltr' id='par_1_102' title="bbox 292 2773 522 2809">
     <span class='ocr_line' id='line_1_102' title="bbox 292 2773 522 2809; baseline -0.017 -7"><span class='ocrx_word' id='word_1_776' title='bbox 292 2773 491 2809; x_wconf 85' lang='lat' dir='ltr'><strong>poscentibus.</strong></span> <span class='ocrx_word' id='word_1_777' title='bbox 509 2784 522 2799; x_wconf 83' lang='lat'><strong>»</strong></span> 
     </span>
    </p>
   </div>
   <div class='ocr_carea' id='block_1_103' title="bbox 326 2803 1018 2845">
    <p class='ocr_par' dir='ltr' id='par_1_103' title="bbox 326 2803 1018 2845">
     <span class='ocr_line' id='line_1_103' title="bbox 326 2803 1018 2845; baseline -0.009 -9"><span class='ocrx_word' id='word_1_778' title='bbox 326 2810 382 2845; x_wconf 86' lang='lat'>(96)</span> <span class='ocrx_word' id='word_1_779' title='bbox 412 2809 512 2845; x_wconf 46' lang='lat' dir='ltr'><strong>nivei}.</strong></span> <span class='ocrx_word' id='word_1_780' title='bbox 531 2809 620 2845; x_wconf 78' lang='lat' dir='ltr'><strong>Regg.</strong></span> <span class='ocrx_word' id='word_1_781' title='bbox 633 2816 662 2845; x_wconf 9' lang='lat' dir='ltr'><strong>pc,</strong></span> <span class='ocrx_word' id='word_1_782' title='bbox 679 2807 707 2845; x_wconf 76' lang='lat' dir='ltr'><strong>d,</strong></span> <span class='ocrx_word' id='word_1_783' title='bbox 724 2808 753 2833; x_wconf 91' lang='lat' dir='ltr'><strong>et</strong></span> <span class='ocrx_word' id='word_1_784' title='bbox 766 2804 853 2845; x_wconf 60' lang='lat' dir='ltr'><strong>Coisl.</strong></span> <span class='ocrx_word' id='word_1_785' title='bbox 872 2805 897 2831; x_wconf 87' lang='lat' dir='ltr'><strong>t.</strong></span> <span class='ocrx_word' id='word_1_786' title='bbox 922 2803 1018 2845; x_wconf 63' lang='grc' dir='ltr'>πάντα,</span> 
     </span>
    </p>
   </div>
   <div class='ocr_carea' id='block_1_104' title="bbox 331 2840 1116 2906">
    <p class='ocr_par' dir='ltr' id='par_1_104' title="bbox 331 2840 1116 2906">
     <span class='ocr_line' id='line_1_104' title="bbox 331 2840 1116 2906; baseline -0.003 -35"><span class='ocrx_word' id='word_1_787' title='bbox 331 2840 395 2906; x_wconf 51' lang='grc'>(97))</span> <span class='ocrx_word' id='word_1_788' title='bbox 415 2840 657 2880; x_wconf 61' lang='grc' dir='ltr'>Μαχρότεροξῗδίο</span> <span class='ocrx_word' id='word_1_789' title='bbox 678 2842 776 2880; x_wconf 80' lang='lat' dir='ltr'><strong>plures</strong></span> <span class='ocrx_word' id='word_1_790' title='bbox 791 2840 906 2880; x_wconf 37' lang='lat' dir='ltr'><strong>.Regg“</strong></span> <span class='ocrx_word' id='word_1_791' title='bbox 923 2840 1010 2868; x_wconf 84' lang='lat' dir='ltr'><strong>Cois].</strong></span> <span class='ocrx_word' id='word_1_792' title='bbox 1036 2843 1116 2870; x_wconf 88' lang='lat' dir='ltr'><strong>uter-</strong></span> 
     </span>
     <span class='ocr_line' id='line_1_105' title="bbox 331 2876 1115 2906; baseline -0.009 1"><span class='ocrx_word' id='word_1_793' title='bbox 331 2888 357 2906; x_wconf 89' lang='lat' dir='ltr'><strong>e.</strong></span> <span class='ocrx_word' id='word_1_794' title='bbox 396 2887 467 2906; x_wconf 82' lang='lat' dir='ltr'><strong>ass..</strong></span> <span class='ocrx_word' id='word_1_795' title='bbox 482 2880 554 2906; x_wconf 85' lang='lat' dir='ltr'><strong>Jes..</strong></span> <span class='ocrx_word' id='word_1_796' title='bbox 570 2881 636 2906; x_wconf 82' lang='lat' dir='ltr'><strong>Par.</strong></span> <span class='ocrx_word' id='word_1_797' title='bbox 652 2881 706 2905; x_wconf 88' lang='lat' dir='ltr'><strong>etc.</strong></span> <span class='ocrx_word' id='word_1_798' title='bbox 722 2876 799 2903; x_wconf 79' lang='lat' dir='ltr'><strong>Editi</strong></span> <span class='ocrx_word' id='word_1_799' title='bbox 823 2885 993 2906; x_wconf 78' lang='grc' dir='ltr'>μικροτερος,</span> <span class='ocrx_word' id='word_1_800' title='bbox 1009 2889 1023 2903; x_wconf 82' lang='grc'><em>‹‹</em></span> <span class='ocrx_word' id='word_1_801' title='bbox 1048 2878 1115 2906; x_wconf 73' lang='grc' dir='ltr'><strong>ιπε-</strong></span> 
     </span>
    </p>
   </div>
   <div class='ocr_carea' id='block_1_105' title="bbox 291 2876 1115 2918">
    <p class='ocr_par' dir='ltr' id='par_1_105' title="bbox 291 2876 1115 2918">
     <span class='ocr_line' id='line_1_106' title="bbox 291 2876 1115 2918; baseline -0.008 -11"><span class='ocrx_word' id='word_1_802' title='bbox 291 2876 357 2918; x_wconf 78' lang='lat' dir='ltr'><strong>que,</strong></span> <span class='ocrx_word' id='word_1_803' title='bbox 374 2876 554 2913; x_wconf 70' lang='lat' dir='ltr'><strong>Pass.,&#39;Jes.&#39;,</strong></span> <span class='ocrx_word' id='word_1_804' title='bbox 570 2881 636 2906; x_wconf 80' lang='lat' dir='ltr'><strong>Par.</strong></span> <span class='ocrx_word' id='word_1_805' title='bbox 652 2876 706 2905; x_wconf 78' lang='lat' dir='ltr'><strong>etc.</strong></span> <span class='ocrx_word' id='word_1_806' title='bbox 722 2876 799 2903; x_wconf 86' lang='lat' dir='ltr'><strong>Editi</strong></span> <span class='ocrx_word' id='word_1_807' title='bbox 822 2885 993 2914; x_wconf 68' lang='grc' dir='ltr'>μικροτερος,</span> <span class='ocrx_word' id='word_1_808' title='bbox 1009 2889 1023 2903; x_wconf 82' lang='grc'><em>‹‹</em></span> <span class='ocrx_word' id='word_1_809' title='bbox 1048 2878 1115 2907; x_wconf 73' lang='grc' dir='ltr'>ιπε-</span> 
     </span>
    </p>
   </div>
   <div class='ocr_carea' id='block_1_106' title="bbox 290 2919 437 2946">
    <p class='ocr_par' dir='ltr' id='par_1_106' title="bbox 290 2919 437 2946">
     <span class='ocr_line' id='line_1_107' title="bbox 290 2919 437 2946; baseline -0.014 -2"><span class='ocrx_word' id='word_1_810' title='bbox 290 2919 412 2946; x_wconf 84' lang='lat' dir='ltr'><strong>viorem.</strong></span> <span class='ocrx_word' id='word_1_811' title='bbox 424 2925 437 2941; x_wconf 74' lang='grc' dir='ltr'>ι</span> 
     </span>
    </p>
   </div>
   <div class='ocr_carea' id='block_1_107' title="bbox 1175 2448 2015 2486">
    <p class='ocr_par' dir='ltr' id='par_1_107' title="bbox 1175 2448 2015 2486">
     <span class='ocr_line' id='line_1_108' title="bbox 1175 2448 2015 2486; baseline 0.002 -9"><span class='ocrx_word' id='word_1_812' title='bbox 1175 2448 1280 2478; x_wconf 63' lang='lat' dir='ltr'><strong>mus.&#39;»</strong></span> <span class='ocrx_word' id='word_1_813' title='bbox 1294 2448 1451 2486; x_wconf 83' lang='lat' dir='ltr'><strong>Gregorius</strong></span> <span class='ocrx_word' id='word_1_814' title='bbox 1467 2448 1592 2486; x_wconf 79' lang='lat' dir='ltr'><strong>mutavit</strong></span> <span class='ocrx_word' id='word_1_815' title='bbox 1611 2448 1741 2485; x_wconf 88' lang='lat' dir='ltr'><strong>Apostoli</strong></span> <span class='ocrx_word' id='word_1_816' title='bbox 1769 2456 1882 2483; x_wconf 88' lang='lat' dir='ltr'><strong>vocem,</strong></span> <span class='ocrx_word' id='word_1_817' title='bbox 1908 2458 2015 2486; x_wconf 86' lang='lat' dir='ltr'><strong>quam</strong></span> 
     </span>
    </p>
   </div>
   <div class='ocr_carea' id='block_1_108' title="bbox 1175 2484 1614 2514">
    <p class='ocr_par' dir='ltr' id='par_1_108' title="bbox 1175 2484 1614 2514">
     <span class='ocr_line' id='line_1_109' title="bbox 1175 2484 1614 2514; baseline -0.007 0"><span class='ocrx_word' id='word_1_818' title='bbox 1175 2486 1277 2514; x_wconf 90' lang='lat' dir='ltr'><strong>Billius</strong></span> <span class='ocrx_word' id='word_1_819' title='bbox 1292 2485 1322 2512; x_wconf 92' lang='lat' dir='ltr'><strong>in</strong></span> <span class='ocrx_word' id='word_1_820' title='bbox 1338 2484 1471 2512; x_wconf 81' lang='lat' dir='ltr'><strong>versione</strong></span> <span class='ocrx_word' id='word_1_821' title='bbox 1484 2484 1614 2512; x_wconf 89' lang='lat' dir='ltr'><strong>retinuit.</strong></span> 
     </span>
    </p>
   </div>
   <div class='ocr_carea' id='block_1_109' title="bbox 1210 2520 2018 2557">
    <p class='ocr_par' dir='ltr' id='par_1_109' title="bbox 1210 2520 2018 2557">
     <span class='ocr_line' id='line_1_110' title="bbox 1210 2520 2018 2557; baseline 0.002 -10"><span class='ocrx_word' id='word_1_822' title='bbox 1210 2522 1262 2557; x_wconf 83' lang='lat'>(99)</span> <span class='ocrx_word' id='word_1_823' title='bbox 1287 2524 1427 2557; x_wconf 79' lang='grc' dir='ltr'>Λατρειαν.</span> <span class='ocrx_word' id='word_1_824' title='bbox 1450 2520 1547 2548; x_wconf 85' lang='lat' dir='ltr'><strong>Malim</strong></span> <span class='ocrx_word' id='word_1_825' title='bbox 1576 2528 1650 2557; x_wconf 14' lang='lat' dir='ltr'><strong>cum?</strong></span> <span class='ocrx_word' id='word_1_826' title='bbox 1668 2520 1794 2557; x_wconf 78' lang='lat' dir='ltr'><strong>Vulgata</strong></span> <span class='ocrx_word' id='word_1_827' title='bbox 1813 2528 1844 2547; x_wconf 71' lang='grc' dir='ltr'><strong>ια</strong></span> <span class='ocrx_word' id='word_1_828' title='bbox 1869 2520 2018 2557; x_wconf 58' lang='lat' dir='ltr'><strong>ratione-</strong></span> 
     </span>
    </p>
   </div>
   <div class='ocr_carea' id='block_1_110' title="bbox 1172 2555 2015 2589">
    <p class='ocr_par' dir='ltr' id='par_1_110' title="bbox 1172 2555 2015 2589">
     <span class='ocr_line' id='line_1_111' title="bbox 1172 2555 2015 2589; baseline -0.001 -5"><span class='ocrx_word' id='word_1_829' title='bbox 1172 2555 1231 2585; x_wconf 85' lang='lat' dir='ltr'><strong>bile</strong></span> <span class='ocrx_word' id='word_1_830' title='bbox 1247 2555 1420 2589; x_wconf 71' lang='lat' dir='ltr'><strong>Obsequium</strong></span> <span class='ocrx_word' id='word_1_831' title='bbox 1446 2559 1591 2584; x_wconf 84' lang='lat' dir='ltr'><strong>nostrum.</strong></span> <span class='ocrx_word' id='word_1_832' title='bbox 1609 2567 1623 2580; x_wconf 83' lang='lat'>»</span> <span class='ocrx_word' id='word_1_833' title='bbox 1638 2555 1739 2583; x_wconf 37' lang='lat' dir='ltr'><strong>Coisl.’</strong></span> <span class='ocrx_word' id='word_1_834' title='bbox 1757 2557 1782 2587; x_wconf 88' lang='grc'><strong>1,</strong></span> <span class='ocrx_word' id='word_1_835' title='bbox 1812 2555 1933 2589; x_wconf 75' lang='grc' dir='ltr'>εντευξιν</span> <span class='ocrx_word' id='word_1_836' title='bbox 1965 2557 2015 2584; x_wconf 65' lang='grc' dir='ltr'><strong>κεῖ</strong></span> 
     </span>
    </p>
   </div>
   <div class='ocr_carea' id='block_1_111' title="bbox 1173 2591 2017 2630">
    <p class='ocr_par' dir='ltr' id='par_1_111' title="bbox 1173 2591 2017 2630">
     <span class='ocr_line' id='line_1_112' title="bbox 1173 2591 2017 2630; baseline 0.002 -11"><span class='ocrx_word' id='word_1_837' title='bbox 1173 2592 1308 2630; x_wconf 68' lang='grc' dir='ltr'>λατρείαν.</span> <span class='ocrx_word' id='word_1_838' title='bbox 1325 2591 1411 2620; x_wconf 88' lang='lat' dir='ltr'><strong>Deest</strong></span> <span class='ocrx_word' id='word_1_839' title='bbox 1422 2591 1561 2630; x_wconf 62' lang='grc' dir='ltr'>λατρεία.νὲ</span> <span class='ocrx_word' id='word_1_840' title='bbox 1574 2592 1604 2618; x_wconf 89' lang='lat' dir='ltr'><strong>in</strong></span> <span class='ocrx_word' id='word_1_841' title='bbox 1633 2592 1728 2630; x_wconf 78' lang='lat' dir='ltr'><strong>tribus</strong></span> <span class='ocrx_word' id='word_1_842' title='bbox 1743 2591 1833 2626; x_wconf 83' lang='lat' dir='ltr'><strong>Regg.</strong></span> <span class='ocrx_word' id='word_1_843' title='bbox 1850 2593 1881 2630; x_wconf 64' lang='lat' dir='ltr'><strong>et</strong></span> <span class='ocrx_word' id='word_1_844' title='bbox 1899 2592 2017 2630; x_wconf 76' lang='lat' dir='ltr'><strong>decem</strong></span> 
     </span>
    </p>
   </div>
   <div class='ocr_carea' id='block_1_112' title="bbox 1172 2625 2011 2663">
    <p class='ocr_par' dir='ltr' id='par_1_112' title="bbox 1172 2625 2011 2663">
     <span class='ocr_line' id='line_1_113' title="bbox 1172 2625 2011 2663; baseline -0.002 -7"><span class='ocrx_word' id='word_1_845' title='bbox 1172 2625 1252 2657; x_wconf 87' lang='lat' dir='ltr'><strong>Colb.</strong></span> <span class='ocrx_word' id='word_1_846' title='bbox 1271 2628 1411 2656; x_wconf 83' lang='lat' dir='ltr'><strong>Observat</strong></span> <span class='ocrx_word' id='word_1_847' title='bbox 1421 2625 1536 2663; x_wconf 78' lang='lat' dir='ltr'><strong>Nicetes</strong></span> <span class='ocrx_word' id='word_1_848' title='bbox 1548 2625 1719 2663; x_wconf 86' lang='lat' dir='ltr'><strong>Gregorium</strong></span> <span class='ocrx_word' id='word_1_849' title='bbox 1735 2625 1844 2660; x_wconf 73' lang='lat' dir='ltr'><strong>vocem,</strong></span> <span class='ocrx_word' id='word_1_850' title='bbox 1869 2625 2011 2663; x_wconf 72' lang='grc' dir='ltr'>ἔντευξιν,</span> 
     </span>
    </p>
   </div>
   <div class='ocr_carea' id='block_1_113' title="bbox 1173 2662 2013 2700">
    <p class='ocr_par' dir='ltr' id='par_1_113' title="bbox 1173 2662 2013 2700">
     <span class='ocr_line' id='line_1_114' title="bbox 1173 2662 2013 2700; baseline -0.004 -8"><span class='ocrx_word' id='word_1_851' title='bbox 1173 2665 1348 2700; x_wconf 83' lang='lat' dir='ltr'><strong>subrogasse</strong></span> <span class='ocrx_word' id='word_1_852' title='bbox 1363 2663 1435 2697; x_wconf 89' lang='lat' dir='ltr'><strong>voci,</strong></span> <span class='ocrx_word' id='word_1_853' title='bbox 1458 2662 1593 2700; x_wconf 75' lang='grc' dir='ltr'>λατρείαν,</span> <span class='ocrx_word' id='word_1_854' title='bbox 1610 2662 1673 2698; x_wconf 62' lang='lat' dir='ltr'><strong>qua</strong></span> <span class='ocrx_word' id='word_1_855' title='bbox 1696 2663 1729 2700; x_wconf 18' lang='lat' dir='ltr'><strong>in,</strong></span> <span class='ocrx_word' id='word_1_856' title='bbox 1742 2663 1832 2698; x_wconf 87' lang='lat' dir='ltr'><strong>Epist.</strong></span> <span class='ocrx_word' id='word_1_857' title='bbox 1850 2663 1898 2700; x_wconf 86' lang='lat' dir='ltr'><strong>ad_</strong></span> <span class='ocrx_word' id='word_1_858' title='bbox 1913 2662 2013 2692; x_wconf 59' lang='lat' dir='ltr'><strong>an;</strong></span> 
     </span>
    </p>
   </div>
   <div class='ocr_carea' id='block_1_114' title="bbox 1172 2698 2014 2735">
    <p class='ocr_par' dir='ltr' id='par_1_114' title="bbox 1172 2698 2014 2735">
     <span class='ocr_line' id='line_1_115' title="bbox 1172 2698 2014 2735; baseline 0.001 -8"><span class='ocrx_word' id='word_1_859' title='bbox 1172 2709 1197 2727; x_wconf 88' lang='lat' dir='ltr'><strong>c.</strong></span> <span class='ocrx_word' id='word_1_860' title='bbox 1213 2698 1306 2733; x_wconf 49' lang='lat' dir='ltr'><strong>xnﬂl,</strong></span> <span class='ocrx_word' id='word_1_861' title='bbox 1323 2699 1439 2735; x_wconf 87' lang='lat' dir='ltr'><strong>legitur.</strong></span> <span class='ocrx_word' id='word_1_862' title='bbox 1451 2698 1646 2734; x_wconf 35' lang='lat' dir='ltr'><strong>Sed‘utraque</strong></span> <span class='ocrx_word' id='word_1_863' title='bbox 1656 2707 1708 2726; x_wconf 87' lang='lat' dir='ltr'><strong>vox</strong></span> <span class='ocrx_word' id='word_1_864' title='bbox 1724 2698 1899 2735; x_wconf 21' lang='lat' dir='ltr'><strong>iniGregorii</strong></span> <span class='ocrx_word' id='word_1_865' title='bbox 1918 2701 2014 2728; x_wconf 76' lang='lat' dir='ltr'><strong>textu</strong></span> 
     </span>
    </p>
   </div>
   <div class='ocr_carea' id='block_1_115' title="bbox 1173 2733 2014 2772">
    <p class='ocr_par' dir='ltr' id='par_1_115' title="bbox 1173 2733 2014 2772">
     <span class='ocr_line' id='line_1_116' title="bbox 1173 2733 2014 2772; baseline 0 -9"><span class='ocrx_word' id='word_1_866' title='bbox 1173 2737 1276 2772; x_wconf 83' lang='lat' dir='ltr'><strong>exstat,</strong></span> <span class='ocrx_word' id='word_1_867' title='bbox 1293 2743 1344 2762; x_wconf 88' lang='lat' dir='ltr'><strong>seu</strong></span> <span class='ocrx_word' id='word_1_868' title='bbox 1353 2733 1506 2772; x_wconf 68' lang='lat' dir='ltr'><strong>glossema</strong></span> <span class='ocrx_word' id='word_1_869' title='bbox 1519 2733 1679 2772; x_wconf 70' lang='lat' dir='ltr'><strong>irrepserit,</strong></span> <span class='ocrx_word' id='word_1_870' title='bbox 1692 2742 1742 2762; x_wconf 85' lang='lat' dir='ltr'><strong>seu</strong></span> <span class='ocrx_word' id='word_1_871' title='bbox 1754 2733 1914 2770; x_wconf 84' lang='lat' dir='ltr'><strong>Gregorius</strong></span> <span class='ocrx_word' id='word_1_872' title='bbox 1923 2737 2014 2772; x_wconf 69' lang='lat' dir='ltr'><strong>Apo~</strong></span> 
     </span>
    </p>
   </div>
   <div class='ocr_carea' id='block_1_116' title="bbox 1173 2770 1689 2806">
    <p class='ocr_par' dir='ltr' id='par_1_116' title="bbox 1173 2770 1689 2806">
     <span class='ocr_line' id='line_1_117' title="bbox 1173 2770 1689 2806; baseline -0.004 -7"><span class='ocrx_word' id='word_1_873' title='bbox 1173 2771 1238 2800; x_wconf 89' lang='lat' dir='ltr'><strong>stoli</strong></span> <span class='ocrx_word' id='word_1_874' title='bbox 1256 2774 1383 2798; x_wconf 84' lang='lat' dir='ltr'><strong>mentem</strong></span> <span class='ocrx_word' id='word_1_875' title='bbox 1399 2771 1542 2806; x_wconf 85' lang='lat' dir='ltr'><strong>explicare</strong></span> <span class='ocrx_word' id='word_1_876' title='bbox 1557 2770 1689 2798; x_wconf 87' lang='lat' dir='ltr'><strong>voluerit.</strong></span> 
     </span>
    </p>
   </div>
   <div class='ocr_carea' id='block_1_117' title="bbox 1207 2804 2013 2843">
    <p class='ocr_par' dir='ltr' id='par_1_117' title="bbox 1207 2804 2013 2843">
     <span class='ocr_line' id='line_1_118' title="bbox 1207 2804 2013 2843; baseline -0.004 -9"><span class='ocrx_word' id='word_1_877' title='bbox 1207 2808 1245 2843; x_wconf 87' lang='grc'>(1)</span> <span class='ocrx_word' id='word_1_878' title='bbox 1259 2808 1302 2841; x_wconf 85' lang='grc' dir='ltr'><strong>Τῷ</strong></span> <span class='ocrx_word' id='word_1_879' title='bbox 1316 2804 1467 2842; x_wconf 51' lang='lat' dir='ltr'><strong>x10api&gt;f&lt;&lt;</strong></span> <span class='ocrx_word' id='word_1_880' title='bbox 1485 2807 1590 2843; x_wconf 85' lang='lat' dir='ltr'><strong>Purus,</strong></span> <span class='ocrx_word' id='word_1_881' title='bbox 1606 2817 1620 2832; x_wconf 85' lang='lat'>»</span> <span class='ocrx_word' id='word_1_882' title='bbox 1647 2814 1753 2841; x_wconf 90' lang='lat' dir='ltr'><strong>nempe</strong></span> <span class='ocrx_word' id='word_1_883' title='bbox 1763 2816 1777 2830; x_wconf 85' lang='lat'><strong>«</strong></span> <span class='ocrx_word' id='word_1_884' title='bbox 1793 2804 1882 2839; x_wconf 88' lang='lat' dir='ltr'><strong>Deus,</strong></span> <span class='ocrx_word' id='word_1_885' title='bbox 1900 2816 1918 2829; x_wconf 83' lang='lat'>»</span> <span class='ocrx_word' id='word_1_886' title='bbox 1953 2808 2013 2843; x_wconf 80' lang='lat' dir='ltr'><strong>qui</strong></span> 
     </span>
    </p>
   </div>
   <div class='ocr_carea' id='block_1_118' title="bbox 1170 2842 1432 2879">
    <p class='ocr_par' dir='ltr' id='par_1_118' title="bbox 1170 2842 1432 2879">
     <span class='ocr_line' id='line_1_119' title="bbox 1170 2842 1432 2879; baseline 0 -9"><span class='ocrx_word' id='word_1_887' title='bbox 1170 2842 1236 2879; x_wconf 86' lang='lat' dir='ltr'><strong>ipsa</strong></span> <span class='ocrx_word' id='word_1_888' title='bbox 1250 2845 1300 2879; x_wconf 74' lang='lat' dir='ltr'><strong>est</strong></span> <span class='ocrx_word' id='word_1_889' title='bbox 1309 2843 1432 2879; x_wconf 79' lang='lat' dir='ltr'><strong>puritas.</strong></span> 
     </span>
    </p>
   </div>
   <div class='ocr_carea' id='block_1_119' title="bbox 1206 2876 2012 2915">
    <p class='ocr_par' dir='ltr' id='par_1_119' title="bbox 1206 2876 2012 2915">
     <span class='ocr_line' id='line_1_120' title="bbox 1206 2876 2012 2915; baseline -0.004 -9"><span class='ocrx_word' id='word_1_890' title='bbox 1206 2878 1245 2915; x_wconf 89' lang='lat'><strong>(2)</strong></span> <span class='ocrx_word' id='word_1_891' title='bbox 1258 2876 1383 2909; x_wconf 56' lang='grc' dir='ltr'>Διὰ-τοὺς</span> <span class='ocrx_word' id='word_1_892' title='bbox 1398 2876 1527 2913; x_wconf 67' lang='grc' dir='ltr'>ἀθλητάς.</span> <span class='ocrx_word' id='word_1_893' title='bbox 1546 2889 1560 2904; x_wconf 77' lang='grc' dir='ltr'><strong>α</strong></span> <span class='ocrx_word' id='word_1_894' title='bbox 1576 2878 1610 2906; x_wconf 89' lang='lat' dir='ltr'><strong>In</strong></span> <span class='ocrx_word' id='word_1_895' title='bbox 1622 2877 1809 2915; x_wconf 33' lang='lat' dir='ltr'><strong>athletarum.</strong></span> <span class='ocrx_word' id='word_1_896' title='bbox 1825 2876 1974 2912; x_wconf 79' lang='lat' dir='ltr'><strong>gratiam.</strong></span> <span class='ocrx_word' id='word_1_897' title='bbox 1995 2890 2012 2903; x_wconf 81' lang='grc'><strong>-</strong></span> 
     </span>
    </p>
   </div>
  </div>
