4244 6216
120 5756 139 5785 δν

120 5792 143 5817 ις

120 5818 283 6103 L

122 98 635 129 ἷἼτῖΜὲὟνῘ”³ἠΐῖ“ς⁴
700 98 838 121 ’“““¹“ι

128 98 197 139 εἰτ’
214 98 469 199 τῖ’ῗεῑν
542 108 555 133 ς
570 98 591 131 πῖ

128 154 139 159 -
242 142 269 169 ηδ
320 138 353 153 η*
396 158 403 161 .

204 174 317 207 ,‘v;
372 184 375 191 ,

260 206 271 219 .
360 212 365 215 Α

295 402 415 471 837
1285 406 1576 469 ORATIO
1618 402 1724 468 ΧΙ.
1758 441 1831 451 --
1860 407 1962 468 AD
2011 410 2347 470 GREGOR.
2396 413 2723 472 NYSSEN.
3588 418 3707 481 838

297 542 461 613 ἡμῶν
517 542 592 613 (3)
652 537 1003 616 ύπαρχούσης
1058 540 1243 603 αὐτοῖς
1300 542 1388 594 καὶ
1445 548 1543 610 τῆς
1597 541 1646 595 ἐν
1696 541 1945 617 οὐρανοῖς

2076 544 2327 599 licamus
2386 545 2611 600 veritati
2660 552 2891 617 prepter
2940 554 3244 621 martyres.
3301 551 3418 606 Hoc
3468 552 3705 609 illorum

300 627 690 701 ἀποκειμένης,
726 632 789 698 ἧς
822 630 1190 703 ὑπομνήματα
1227 630 1316 683 καὶ
1368 633 1708 705 χαρακτῆρες
1765 630 1950 706 μικροί

298 738 441 778 τινες
489 718 555 771 τὰ
604 719 878 793 ὁρώμενα.
932 718 1075 793 Πρὸς
1125 717 1219 779 τὰς
1272 718 1468 794 ἀρχὰς,
1519 719 1653 793 πρὸς
1685 720 1779 779 τὰς
1812 719 1953 788 ἐξου-

300 805 416 868 σίας
477 805 892 881 ἀγωνισώμεθα,
965 807 1103 883 πρὸς
1158 806 1284 868 τοὺς
1344 807 1562 883 ἀφανεῖς
1619 804 1849 869 διώκτας
1894 829 1953 862 τε

298 894 389 949 καὶ
418 896 730 969 τυράννους,
762 896 899 967 πρὸς
931 895 1058 957 τοὺς
1089 895 1535 970 κοσμοκράτορας
1580 900 1678 949 τοῦ
1728 896 1951 957 σκότους

297 987 395 1037 τοῦ
425 982 622 1045 αἰῶνος
671 985 746 1056 (4)
794 984 1010 1055 τούτου,
1056 985 1191 1059 πρὸς
1241 986 1306 1038 τά
1336 986 1671 1057 πνευματικά
1695 991 1794 1053 τῆς
1854 1005 1953 1038 πο-

297 1071 487 1146 νηρίας
535 1071 583 1125 ἐν
632 1077 749 1133 τοῖς
807 1072 1168 1148 ἐπουρανίοις,
1207 1072 1296 1127 καὶ
1322 1073 1445 1147 περὶ
1475 1074 1541 1127 τὰ
1572 1072 1793 1147 οὒράνια
1819 1074 1953 1148 πρὸς

297 1161 390 1216 τὸν
415 1157 566 1215 ἔνδον
597 1160 687 1216 καὶ
719 1160 771 1216 ἐν
815 1163 953 1234 ἡμῖν
982 1162 1165 1224 αὐτοῖς
1206 1162 1292 1217 τὸν
1327 1162 1377 1217 ἐν
1409 1167 1524 1224 τοῖς
1558 1162 1745 1225 πάθεσι
1788 1161 1955 1217 πόλε-

306 1270 429 1323 μον,
480 1251 618 1325 πρὸς
664 1249 761 1312 τὰς
807 1252 924 1306 καθ’
963 1252 1189 1323 ἑκάστην
1222 1253 1430 1328 ἡμέραν
1462 1256 1567 1306 τῶν
1602 1251 1789 1324 ἔξωθεν
1819 1273 1956 1325 συμ-

300 1337 611 1393 πιπτόντων
645 1336 1048 1402 ἐπαναστάσεις.

2061 634 2479 689 certaminibus
2510 636 2739 701 demus,
2772 642 2835 690 ut
2864 637 2975 708 ipsi
3008 655 3238 711 quoque
3267 639 3518 711 palmam
3548 660 3707 699 asse-

2062 737 2336 791 quamur,
2371 726 2544 792 atque
2565 725 2825 792 ejusdem
2851 724 3045 795 glorias
3072 727 3327 783 hazredes
3356 728 3565 795 simus,
3586 735 3707 786 tam

2062 809 2221 864 illius
2250 827 2424 880 quam
2458 829 2491 864 a
2522 810 2692 866 nobis
2724 814 3036 884 accipiunt,
3071 832 3249 885 quam
3304 816 3465 873 illius
3493 836 3617 888 quae
3650 822 3707 875 in

2064 898 2223 953 ccelis
2256 900 2553 953 recondita
2599 906 2708 965 est,
2740 903 2909 970 cujus
2965 903 3325 959 monimenta
3355 907 3621 976 quadam
3654 913 3711 963 et

2062 988 2271 1059 exigua
2302 986 2469 1057 signa
2490 994 2647 1054 sunt,
2677 1006 2802 1059 quas
2828 991 3013 1045 oculis
3045 998 3382 1048 cernuntur.
3403 997 3708 1052 Certamen

2064 1076 2329 1130 ineamus
2353 1077 2632 1131 adversus
2655 1078 3015 1148 principatus
3042 1083 3098 1134 et
3131 1086 3473 1151 potestates,
3508 1086 3709 1140 adver-

2067 1183 2164 1221 sus
2221 1165 2545 1221 invisibiles
2624 1165 2753 1221 illos
2829 1173 3228 1238 persecutores
3293 1175 3351 1226 et
3407 1176 3708 1244 tyrannos,

2067 1254 2345 1309 adversus
2380 1256 2581 1309 mundi
2612 1259 2865 1310 rectores
2890 1257 3262 1313 tenebrarum
3286 1259 3465 1330 hujus
3492 1263 3709 1334 saeculi,

2068 1343 2349 1398 adversus
2394 1344 2726 1415 spiritualia
2769 1345 3039 1416 nequities
3092 1346 3149 1401 in
3201 1347 3532 1405 cmlestibus
3561 1351 3626 1421 7°,
3658 1355 3717 1408 et

306 1448 434 1503 quae
461 1430 615 1487 circa
644 1430 901 1488 caelestia
958 1432 1245 1500 feruntur,
1278 1432 1558 1488 adversus
1604 1432 1993 1488 domesticum
2028 1436 2203 1503 atque
2232 1432 2579 1488 intestinum
2629 1433 2869 1501 bellum,
2920 1436 3073 1505 quod
3105 1435 3163 1490 in
3196 1437 3378 1492 animi
3413 1440 3715 1509 perturba-

301 1520 562 1576 tionibus
595 1520 774 1576 situm
798 1524 905 1591 est,
940 1521 1219 1576 adversus
1252 1522 1624 1592 quotidianos
1653 1538 1875 1588 earum,
1911 1538 2039 1592 quae
2069 1526 2305 1577 externa
2335 1523 2628 1585 accidunt,
2663 1541 2858 1579 rerum
2890 1524 3161 1595 impetus.

379 1613 449 1665 E'.
511 1609 844 1683 Ἐνέγκωμεν
918 1608 1087 1681 θυμὸν
1152 1610 1228 1670 ὦς
1285 1610 1492 1683 θηρίον,
1551 1609 1640 1663 καὶ
1706 1606 1955 1685 γλωσσαν

2138 1614 2205 1663 V.
2236 1610 2410 1677 Iram,
2434 1610 2590 1665 velut
2612 1611 2863 1666 belluam
2885 1614 3225 1683 quamdam,
3251 1614 3533 1687 linguam,
3559 1616 3719 1672 velut

304 1697 377 1758 ὡς
410 1698 577 1770 τομὸν
613 1696 687 1770 (5)
720 1697 890 1775 ξίφος,
920 1698 1010 1752 καὶ
1069 1695 1270 1767 ἡδονὴν
1329 1699 1403 1759 ὡς
1459 1703 1565 1772 πῦρ
1618 1692 1959 1753 κατασϐέσω-

309 1807 426 1856 μεν.
461 1786 693 1857 Θώμεθα
720 1792 838 1843 ταῖς
887 1786 1074 1849 ἀκοαῖς
1134 1787 1321 1859 θύρας,
1380 1790 1563 1847 καλῶς
1609 1787 1962 1861 ἀνοιγομένας

304 1874 392 1928 καὶ
432 1872 755 1946 κλειομένας
783 1893 796 1907 ·
854 1876 943 1929 καὶ
991 1876 1082 1929 τὸν
1149 1874 1434 1948 ὀφθαλμὸν
1496 1874 1918 1951 σωφρονίσωμεν
1946 1894 1958 1906 θ

306 1961 821 2036 παιδαγωγήσωμεν
883 1965 1023 2032 ἁφὴν
1084 1963 1387 2037 λυσσῶσαν,
1446 1965 1534 2019 καὶ
1595 1969 1774 2038 γεῦσιν
1833 1984 1963 2018 σπα-

309 2051 624 2127 ράττουσαν,
661 2053 736 2125 μή
764 2054 990 2115 θάνατος
1024 2049 1195 2126 ἀναϐῇ
1231 2051 1317 2107 διὰ
1346 2058 1453 2109 τῶν
1504 2050 1733 2127 θυρίδων
1782 2054 1959 2125 ἡμῶν·

308 2139 452 2195 οὕτω
511 2142 615 2218 γὰρ
673 2144 915 2217 ἡγοῦμαι
971 2142 1250 2197 καλεῖσθαί
1308 2142 1376 2197 τὰ
1449 2141 1808 2215 αἲσθητήρια·
1872 2138 1961 2193 καὶ

306 2230 549 2306 γέλωτος
608 2230 865 2305 ἀμετρίας
919 2229 1371 2308 καταγελάσωμεν
1584 2232 1671 2299 Μὴ
1731 2232 1962 2302 κάμψω-

311 2340 406 2391 μεν
437 2318 562 2395 γόνυ
590 2322 659 2392 τῇ
691 2318 834 2374 Βαὰλ
869 2317 959 2374 διὰ
983 2320 1082 2388 τήν
1116 2319 1328 2395 χρείαν,
1366 2316 1504 2391 μηδὲ
1546 2315 1634 2372 διὰ
1685 2312 1851 2395 φόϐον
1884 2318 1963 2390 (7)

303 2411 373 2481 τῇ
406 2403 574 2462 εἰκόνι
616 2412 685 2482 τῇ
734 2415 913 2483 χρυσῆ
963 2410 1450 2484 προσκυνήσωμεν.
1500 2410 1595 2464 Ἕν
1631 2402 1960 2484 φοϐηθῶμεν

309 2496 499 2570 μόνον,
546 2496 608 2551 τὸ
658 2495 963 2575 φοϐηθῆναί
1020 2519 1072 2552 τι
1120 2502 1253 2551 Θεοῦ
1296 2496 1488 2563 πλέον,
1520 2497 1608 2550 καὶ
1642 2490 1963 2569 καθυϐρίσαι

304 2587 406 2655 τήν
469 2584 645 2640 εἰκόνα
703 2583 793 2640 διὰ
847 2586 1057 2648 κακίας.
1116 2588 1205 2640 Ἐν
1264 2591 1393 2640 πᾶσι
1464 2584 1556 2639 τὸν
1616 2584 1801 2659 θυρεὸν
1862 2589 1963 2651 τῆς

305 2672 541 2736 πίστεως
600 2669 983 2749 ἀναλάϐωμεν,
1043 2672 1133 2728 καὶ
1183 2673 1357 2728 πάντα
1401 2673 1467 2727 τὰ
1501 2671 1637 2748 βέλη
1670 2676 1765 2726 τοῦ
1796 2692 1964 2740 πονη-

311 2767 412 2838 ροῦ
514 2760 883 2841 διάφύγωμεν.
983 2762 1083 2818 Καὶ
1190 2762 1349 2825 οὗτος
1435 2760 1605 2824 δεινὸς
1690 2763 1717 2815 ὁ
1799 2759 1966 2815 πόλε-

313 2872 448 2924 μος,
534 2851 623 2905 καὶ
710 2851 845 2922 αὕτη
932 2850 1225 2928 παράταξις
1314 2850 1551 2927 μεγάλη,
1631 2851 1722 2905 καὶ
1804 2853 1964 2903 τοῦτο

314 2941 456 3014 μέγα
556 2940 831 3016 τρόπαιον.
928 2941 990 2995 Εἰ
1072 2940 1245 3003 οὕτως
1337 2938 1776 3013 συνεληλύθαμεν
1868 2941 2039 3049 (8),Cl

316 3030 338 3049 η
570 3028 581 3049 r
842 3028 868 3049 ει
1174 3029 1188 3048 κ
1254 3033 1293 3049 ν
1429 3030 1441 3047 η
1557 3031 1570 3049 ι
1768 3029 1781 3049 1
1872 3047 1941 3049 __

310 3030 344 3097 ἢ
403 3028 787 3105 συντρέχομεν,
837 3028 1009 3091 ὅντως
1062 3029 1198 3085 κατὰ
1254 3030 1480 3106 Χριστὸν
1547 3031 1581 3098 ἡ
1640 3029 1966 3102 πανήγυρις,

313 3115 485 3179 ὅντως
530 3119 659 3179 τοὺς
714 3120 987 3193 μάρτυρας
1034 3121 1428 3191 τετιμήκαμεν,
1527 3119 1832 3190 τιμήσομεν
1866 3117 1966 3189 (9),

311 3204 484 3267 eius:
542 3206 846 3282 χορεύομεν
908 3206 1164 3264 ἐπινίκια.
1220 3208 1285 3262 Εἰ
1343 3205 1401 3261 δὲ
1458 3206 1690 3281 γαστρὸς
1746 3203 1968 3275 ἡδοναῖς

309 3292 691 3370 χαριούμενοι,
724 3295 813 3350 καί
857 3299 1222 3373 τρυφήσοντες
1269 3296 1593 3372 πρόσκαιρα,
1656 3295 1743 3349 καὶ
1806 3293 1967 3348 εἰσοί-

312 3403 496 3445 σοντες
554 3385 621 3438 τὰ
675 3385 973 3458 κενούμενα
1027 3387 1162 3459 (10),
1239 3386 1328 3439 καὶ
1403 3383 1713 3459 κραιπάλης
1786 3380 1969 3459 χωρία

308 3476 498 3543 ταῦτα,
550 3473 612 3527 ού
670 3474 1025 3551 σωφροσύνης
1085 3470 1587 3547 ὑπολαμϐάνοντες,
1667 3473 1757 3527 καὶ
1831 3492 1969 3546 πρα-

311 3566 586 3635 γματειῶν
619 3564 841 3639 καιροὺς
884 3563 974 3618 καὶ
1022 3562 1383 3641 πραγμάτων,
1442 3561 1566 3618 ἀλλ’
1624 3560 1723 3615 ούκ
1780 3556 1972 3614 ἀναϐάο

314 3669 452 3712 σεως
482 3652 516 3718 ἣ
542 3652 785 3714 θεώσεως
818 3651 1045 3725 (11),“ίν’
1104 3652 1279 3716 οὕτως
1339 3652 1505 3707 εἰπεῖν
1564 3650 1855 3723 τολμήσω,
1899 3650 1967 3717 ἧς

314 3738 367 3791 οἱ
404 3739 666 3816 μάρτυρες
716 3742 1052 3814 μεσιτεύουσι
1102 3745 1240 3815 (12),
1286 3745 1499 3817 πρῶτον
1554 3740 1647 3812 μὲν
1706 3736 1829 3793 οὐδὲ
1876 3739 1965 3792 τὸν

313 3827 503 3903 καιρὸν
533 3828 898 3905 ἐπιγινώσκω.
932 3830 992 3884 Τί
1022 3832 1124 3906 γάρ
1154 3831 1221 3885 τὰ
1251 3827 1431 3905 ἄχυρα
1458 3830 1593 3903 πρὸς
1635 3829 1726 3883 τὸν
1781 3833 1925 3881 σῖτον
1952 3846 1967 3896 ;

312 3916 374 3970 Τί
408 3914 465 3971 δὲ
494 3920 607 3989 (13)
638 3919 831 3994 θρύψις
882 3920 1077 3995 σαρκὸς
1116 3921 1252 3994 πρὸς
1315 3918 1600 3995 μαρτύρων
1655 3915 1967 3988 παλαίσμα-

312 4025 420 4074 τα;
454 4008 664 4062 Ἐκεῖνα
717 4012 823 4062 τῶν
887 4012 1145 4083 θεάτρων,
1203 4012 1371 4062 ταῦτα
1419 4012 1527 4062 τῶν
1572 4005 1717 4078 ἐμῶν
1768 4003 1969 4059 συλλό-

312 4115 462 4171 γων’
514 4094 687 4150 ἐκεῖνα
736 4102 841 4152 τῶν
898 4097 1236 4168 ἀκολάστων,
1286 4100 1454 4151 ταῦτα
1499 4098 1606 4149 τῶν
1636 4094 1973 4172 σωφρονούν-

308 4203 442 4238 των·
503 4184 679 4239 ἐκεῖνα
731 4190 839 4240 τῶν
888 4185 1254 4263 φιλοσάρκων,
1301 4189 1470 4239 ταῦτα
1525 4188 1633 4238 τῶν
1693 4182 1971 4255 λυομένων

310 4273 423 4327 ἀπὸ
470 4276 582 4346 (14)
623 4278 720 4329 τοῦ
766 4275 1041 4347 σώματος.
1090 4280 1313 4329 Ἔπειτα
1363 4271 1639 4348 βούλομαι
1677 4272 1769 4344 μὲν
1802 4271 1971 4326 εἰπεῖν

2072 1704 2427 1769 praesentum
2469 1699 2730 1769 gladium
2780 1702 3201 1767 sustineamus,
3253 1709 3308 1756 et
3336 1702 3715 1774 voluptatem,

2069 1785 2227 1840 velut
2257 1787 2449 1857 ignem
2482 1786 2947 1858 exstingnamus.
2978 1790 3229 1845 Auribus
3261 1792 3477 1846 nostris
3499 1794 3719 1862 januas

2072 1891 2457 1946 apponamus,
2491 1892 2618 1946 quae
2642 1878 2981 1948 tempestive
3012 1880 3346 1949 aperiantur
3361 1884 3416 1934 et
3438 1880 3717 1937 claudan-

2072 1968 2203 2017 tur:
2237 1963 2424 2018 oculis
2457 1964 2683 2018 frenum
2716 1964 3087 2035 injiciamus:
3123 1971 3344 2022 tactum
3378 1969 3536 2024 rabie
3558 1969 3720 2026 labo-

2072 2056 2321 2122 rantem,
2377 2057 2431 2107 et
2480 2058 2718 2123 gustum
2780 2054 3143 2110 vellicantcm
3198 2074 3587 2125 coerceamus,
3648 2076 3722 2115 ne

2072 2140 2290 2211 alioqui
2318 2158 2475 2197 mors
2496 2159 2599 2213 per
2629 2143 2913 2197 fenestras
2940 2149 3168 2200 nostras
3197 2147 3474 2201 ascendat
3500 2148 3578 2216 3°;
3610 2148 3721 2203 hoc

2073 2229 2228 2284 enim
2263 2231 2499 2285 nomine
2529 2247 2808 2285 sensuum
2832 2233 3002 2287 sedes
3026 2233 3216 2287 vocari
3248 2233 3535 2289 existimo.
3561 2236 3721 2290 Eﬂ‘u-

2074 2334 2205 2373 sum
2237 2324 2293 2374 et
2323 2320 2681 2389 petulantem
2708 2319 2892 2374 risum
2925 2320 3298 2376 irrideamus.
3322 2321 3402 2377 Ne
3433 2323 3504 2378 ob
3529 2339 3723 2380 rerum

2074 2408 2379 2478 penuriam
2413 2413 2546 2463 ante
2578 2408 2715 2463 Baal
2746 2426 2897 2479 genu
2931 2410 3238 2465 flectamus
3268 2411 3335 2478 3‘,
3371 2428 3473 2467 nec
3505 2412 3578 2467 ob
3601 2430 3722 2468 ms-

2074 2501 2199 2550 tum
2231 2513 2468 2550 auream
2527 2497 2843 2568 imaginem
2897 2498 3210 2554 adoremus
3265 2500 3332 2553 ‘2.
3392 2500 3508 2555 Hoc
3533 2518 3720 2556 unum

2074 2586 2409 2654 timeamus,
2444 2602 2515 2640 ne
2545 2585 2682 2656 quid
2718 2586 2908 2657 magis
2939 2603 3115 2657 quam
3166 2586 3347 2643 Deum
3381 2589 3721 2660 timeamus,

2075 2674 2401 2744 divinaeque
2432 2672 2675 2745 imagini
2699 2690 2800 2746 per
2831 2675 3158 2745 improbam
3181 2675 3409 2730 vivendi
3434 2677 3719 2732 rationem

2076 2763 2355 2834 probrum
2386 2761 2728 2817 inferamus.
2754 2764 2817 2816 In
2848 2763 3123 2817 omnibus
3147 2763 3278 2818 fidei
3311 2765 3459 2821 245
3486 2770 3721 2820 scutum

2077 2867 2473 2919 assumamus,
2498 2854 2671 2921 atque
2697 2850 2894 2905 omnia
2915 2849 3130 2905 diaboli
3152 2851 3267 2906 tela
3283 2852 3632 2923 effugiamus
3653 2853 3722 2908 ⁸³.

2076 2939 2220 2994 Nam
2255 2939 2362 2994 hoc
2392 2956 2620 3011 quoque
2650 2939 2865 2995 bellum
2896 2956 3067 3011 grave
3089 2957 3155 2995 ac
3184 2941 3579 3011 periculosum
3612 2946 3721 3009 est,

2077 3028 2197 3083 hmo
2228 3045 2460 3100 quoque
2491 3028 2789 3084 dimicatio
2823 3046 3055 3101 magna,
3088 3034 3143 3085 et
3172 3029 3435 3101 amplum
3467 3031 3576 3086 hoc
3608 3036 3723 3086 tro-

2078 3118 2330 3190 phaaum.
2373 3118 2430 3172 Si
2447 3118 2525 3172 ita
2548 3118 2946 3185 convenimus,
2967 3124 3067 3173 aut
3083 3119 3510 3187 concurrimus,
3527 3137 3725 3176 revera

2080 3206 2294 3261 festum
2326 3206 2482 3261 hunc
2514 3208 2692 3271 diem,
2728 3211 2789 3260 ut
2820 3206 3051 3262 Christo
3082 3213 3315 3280 gratum
3354 3212 3444 3263 est
3474 3208 3729 3264 celebra-

2079 3312 2233 3364 mus,
2289 3312 2485 3350 revera
2534 3299 2818 3367 martyres
2850 3296 3068 3351 honore
3110 3297 3432 3363 atl‘ecimus,
3467 3303 3567 3353 aut
3598 3298 3731 3353 affi-

2078 3384 2322 3450 ciemus,
2355 3401 2554 3439 revera
2582 3384 2998 3455 triumphalem
3037 3385 3304 3441 choream
3342 3386 3594 3458 agimus.
3628 3387 3731 3442 Sin

2080 3478 2275 3528 autem
2334 3489 2399 3528 eo
2458 3474 2859 3541 convenimus,
2922 3479 2986 3528 ut
3062 3475 3279 3529 ventris
3337 3474 3736 3547 voluptatibus

2078 3560 2515 3633 indulgeamus,
2564 3567 2619 3616 et
2653 3562 2822 3616 ﬂuxis
2879 3578 2945 3617 ac
2994 3562 3147 3617 brevi
3195 3564 3469 3635 perituris
3507 3564 3733 3620 deliciis

2080 3649 2364 3719 fruamur,
2390 3666 2593 3721 eaque,
2628 3667 2754 3721 quas
2788 3667 2922 3705 mox
2952 3657 3329 3721 evacuantur,
3363 3652 3727 3720 inferamus;

2079 3742 2254 3809 atque
2283 3738 2401 3792 haec
2434 3738 2575 3807 loca,
2614 3756 2727 3794 non
2779 3740 3197 3809 temperantia),
3235 3740 3334 3795 sed
3367 3740 3640 3811 crapulae,
3674 3742 3733 3795 et

2080 3827 2203 3882 haec
2232 3831 2515 3899 tempora,
2550 3844 2663 3882 non
2688 3827 3011 3898 spiritualis
3035 3845 3333 3895 ascensus,
3366 3845 3431 3882 ac
3462 3828 3596 3899 (nisi
3620 3826 3729 3882 hoc

2080 3934 2113 3971 a
2148 3934 2237 3971 me
2268 3917 2546 3971 audacius
2577 3917 2798 3970 dictum
2830 3916 3139 3987 videatur),
3173 3916 3493 3971 divinitatis
3524 3933 3727 3972 conse-

2082 4006 2348 4076 quendze,
2367 4007 2535 4075 cujus
2560 4007 2908 4060 mediatores
2926 4011 3066 4060 sunt
3089 4009 3391 4076 martyres,
3412 4005 3512 4060 sed
3531 4022 3727 4061 rerum

2079 4094 2468 4165 gerendarum
2496 4096 2552 4147 et
2574 4092 3032 4163 negotiationum
3056 4097 3320 4164 tempora
3339 4110 3465 4149 esse
3487 4094 3729 4149 arbitre-

2082 4200 2255 4248 mur;
2291 4181 2543 4252 primum
2569 4181 2823 4250 quidem.
2850 4182 3002 4250 quod
3035 4181 3092 4236 id
3114 4181 3219 4236 hoc
3241 4182 3488 4251 tempori
3522 4197 3729 4236 conve-

2081 4271 2223 4339 niat,
2254 4270 2409 4323 haud
2442 4285 2712 4341 agnosco.
2748 4269 2889 4331 Quid
2927 4269 3081 4323 enim
3116 4269 3291 4340 palam
3323 4286 3455 4324 cum
3492 4270 3732 4325 tritico?

303 4382 359 4417 τι
394 4361 484 4416 καὶ
540 4360 975 4440 τολμηρότερον,
1034 4360 1289 4440 φείδομαι
1348 4360 1405 4416 δὲ
1460 4369 1560 4430 τῆς
1611 4358 1963 4439 βλασφημίας

2076 4359 2221 4425 Quid
2244 4358 2437 4413 carnis
2453 4356 2737 4427 voluptati
2760 4374 2895 4411 cum
2922 4361 3243 4428 martyrum
3264 4359 3684 4415 certaminibus
3700 4359 3729 4413 Ῡ

305 4448 461 4505 αἰδοῖ
507 4458 607 4522 τῆς
659 4451 867 4528 ἡμέρας
896 4472 908 4485 ·
968 4452 1115 4522 πλὴν
1163 4451 1226 4507 ού
1280 4454 1448 4506 ταῦτα
1492 4450 1775 4504 ἀπαιτοῦσι
1834 4450 1961 4526 παρ’

2071 4448 2176 4504 Illa
2206 4446 2451 4504 theatris
2482 4450 2835 4517 congruunt,
2868 4446 2985 4499 haec
3011 4446 3155 4501 meis
3180 4447 3563 4503 conventibus
3590 4472 3604 4516 ;
3627 4446 3729 4503 illa

394 4682 443 4716 ⁷⁸
471 4683 616 4757 Eph.
648 4700 727 4752 v1,
763 4684 849 4739 12.
882 4684 927 4719 ⁸ο
950 4684 1068 4740 Jer.
1101 4700 1179 4752 Ix,
1210 4683 1299 4739 2|.
1332 4684 1376 4719 ⁸1
1410 4682 1489 4738 ΙΙΙ
1522 4682 1660 4753 Reg.
1692 4699 1806 4751 XIX,
1842 4682 1931 4735 18.

2076 4687 2185 4733 ιδῃ.
2221 4694 2305 4743 In,
2342 4676 2427 4730 18.
2461 4674 2505 4709 ⁸⁸
2537 4674 2681 4746 Eph.
2705 4691 2784 4740 VI,
2833 4675 2921 4730 46.

388 4897 632 4973 (3)ῐ1αρ’
662 4897 845 4973 ἠμῷν.
878 4897 1137 4973 Sictres
1189 4898 1392 4970 Regg,,
1440 4896 1684 4953 totidem
1727 4895 1886 4951 Colb.
1920 4911 1969 4949 c.

311 4968 414 5031 Or‘.
448 4968 503 5027 2.
540 4968 679 5041 ΡΜ.Δ
699 4969 790 5025 ed.
826 4969 948 5041 παρ’
979 4968 1155 5041 ὑμῶν.

387 5044 473 5168 (.3
496 5044 601 5168 T105
631 5038 845 5100 αἰῶνος.
895 5037 1068 5097 Deest
1119 5040 1180 5095 in
1229 5040 1412 5111 Regg.
1469 5039 1593 5107 bm,
1634 5038 1735 5110 ph,
1790 5037 1885 5094 Or.
1916 5039 1970 5106 2,

387 5134 414 5168 ιι
482 5157 493 5168 .
568 5154 581 5168 .

309 5120 582 5257 Οοὲἒ)”ὲέ
612 5180 805 5257 τομᾷνε
863 5183 1001 5256 Reg.
1047 5184 1150 5255 ph,
1207 5180 1382 5237 Coisl.
1436 5183 1488 5251 1,
1549 5186 1606 5237 et
1655 5180 1853 5237 Comb.
1890 5176 1971 5232 δί-

306 5278 409 5314 στο
420 5256 540 5326 μον,
576 5279 611 5326 ((7
636 5256 970 5326 anticipem.
1012 5277 1038 5304 »

382 5278 409 5311 ο
464 5277 540 5324 ον,
576 5279 602 5305 ‹‹
636 5277 970 5326 αηιιοιροω.
1012 5277 1038 5304 ››

382 5277 465 5402 (ἑ)
516 5325 621 5409 ,Καὶ
678 5324 920 5409 χὲλωτης
966 5323 1267 5409 ,ἀμετρίαςη
1299 5321 1783 5409 καταχελάστημεν.
1846 5322 1974 5409 Ηξῑξο

304 5391 534 5458 desunt
565 5401 647 5471 _in
681 5391 910 5471 duobus
966 5391 1186 5471 Regiis.
1229 5396 1402 5451 Coisl.
1452 5391 1508 5462 1,
1564 5391 1673 5467 pro
1714 5391 1971 5465 ἀμετρίας

304 5474 520 5537 habet,
555 5468 832 5543 ἀμετρίαν.

500 5532 604 5643 ὲιᾶί
628 5532 817 5643 ιξόξογά
854 5542 947 5597 Or.
1184 5538 1275 5593 τὸν
1304 5532 1495 5621 φόβον,

413 5546 445 5596 7
500 5545 598 5595 Διὰ
628 5545 817 5618 φόὸον.
854 5545 947 5597 0r.
979 5545 1014 5595 2
1069 5545 1157 5593 διὰ
1184 5545 1275 5593 τὸν
1304 5545 1495 5615 φόὸον.

413 5545 469 5686 8)
500 5613 974 5686 Συνιληλύθαμεν,
1008 5586 1237 5683 Dillius,
1279 5634 1307 5660 «
1340 5610 1390 5667 si
1440 5610 1512 5665 ad
1546 5609 1703 5666 hunc
1735 5609 1973 5664 modum

309 5685 596 5755 colimus,
629 5691 730 5741 aut
759 5685 1132 5744 conﬂuimus.
1161 5704 1190 5734 ››

390 5758 473 5833 (9)
528 5752 865 5833 Τιμήσομεν.
926 5758 1066 5831 Reg.
1126 5754 1228 5829 ph,
1285 5752 1461 5813 Coisl.
1517 5754 1568 5810 1.
1626 5753 1971 5828 τιμήσωμεν.

2152 4892 2259 4961 (10)
2322 4886 2645 4962 Κενούμενα.
2707 4889 2819 4962 S_ic.
2881 4889 3058 4960 Regg.
3119 4894 3174 4944 et
3229 4888 3388 4944 Colb.
3446 4889 3725 4962 plerique.

2082 4958 2325 5018 Male'in
2357 4958 2530 5016 editis
2559 4958 2902 5030 καινούμενα,
2938 4958 3328 5030 (innovatur.
3364 4982 3394 5010 »

2155 5033 2262 5104 (11)
2294 5032 2363 5087 Ἥ
2391 5029 2823 5104 θεώσεωςαίὶοε.
2855 5032 2976 5099 bm,
3006 5029 3094 5084 καὶ
3127 5031 3391 5104 θεώσεως.

2153 5102 2264 5176 (12)
2323 5104 2424 5186 Ἦς
2483 5103 2569 5191 ovi"
2614 5102 2875 5187 μαρτυρες
2956 5102 3312 5191 μεσιτεύουισιη.
3397 5103 3456 5158 Id
3497 5104 3728 5191 N‘icetas

2083 5174 2167 5248 sic
2198 5174 2467 5246 eXponit:
2498 5176 2600 5248 ξΠς
2657 5174 2868 5248 μεσῖται
2894 5174 3151 5248 Λγί-νονται
3201 5176 3252 5248 ο).
3283 5174 3453 5248 ἃγιοι,
3503 5174 3593 5228 τὸν
3632 5176 3725 5248 μὲν

2084 5245 2211 5319 λαὸν
2270 5240 2728 5319 ’παρακαλοῦντες
2788 5240 3085 5319 ἀναϐαίνειν
3159 5240 3581 5319 καὶῗθεοῦσθαι,
3632 5240 3729 5319 ίτὸν

2085 5316 2141 5371 δὲ
2171 5318 2297 5371 Θεὸν
2346 5314 2667 5375 ἱκετεύοντες
2714 5314 3075 5379 ἐπικλίνεσθαι
3126 5319 3212 5370 καὶ
3267 5318 3585 5391 βοηθείνηα
3618 5318 3727 5372 Cn-

2075 5392 2179 5462 jus
2214 5393 2559 5446 mediatores
2581 5394 2718 5445 sunt
2738 5393 2923 5443 sancti
2959 5389 3273 5462 martyres,
3297 5389 3579 5462 hortando
3597 5390 3726 5458 qui-

2084 5461 2218 5517 dem
2252 5462 2533 5534 populum
2560 5468 2621 5515 ut
2643 5462 2919 5515 ascendat
2942 5479 3006 5516 ac
3029 5462 3202 5534 veluti
3226 5463 3379 5516 Deus
3402 5461 3723 5525 efficiatur;

2086 5533 2268 5588 Deum
2301 5533 2494 5590 autem
2529 5533 2807 5605 rogando,
2844 5540 2905 5587 ut
2952 5533 3211 5589 inclinet.
3248 5550 3308 5588 se
3354 5537 3527 5602 atque
3556 5545 3726 5601 opem

2086 5607 2313 5662 fcrat.)i

2157 5675 2351 5755 (13)Τέ
2383 5672 2457 5755 δξο
2491 5676 2710 5755 see
2740 5670 2947 5755 T150“-

2157 5678 2247 5749 (13
2292 5678 2351 5728 Τί
2383 5678 2457 5728 δὲ.
2495 5678 2627 5745 Reg.
2661 5692 2710 5755 z,
2740 5678 2799 5724 Τί
2841 5678 2947 5727 dat.

2157 5678 2271 5820 (14)
2302 5746 2456 5802 Ἀπό.
2490 5747 2665 5803 Deest
2693 5762 2754 5801 1n
2780 5745 2920 5815 Reg.
2953 5760 3006 5815 ει,
3040 5747 3096 5800 et
3125 5744 3218 5799 0r.
3249 5746 3301 5800 2.
3710 5758 3807 5815 ‘-
