4244 6216
3622 138 3629 145 ι
3632 99 4170 239 qv
3780 158 3785 161 Δ

3952 198 3991 209 ..ι-

3952 198 3991 209 ..ι-

510 336 629 397 839
1754 344 1819 405 s.
1869 324 2239 389 GBEGORII
2285 329 2678 392 THEOLOGI
3804 337 3928 398 840

512 464 863 536 libidinosis,
887 463 1008 519 hmo
1030 460 1318 518 castitatis
1340 464 1398 516 et
1414 460 1808 531 temperantiae
1831 459 2115 515 studiosis

2271 460 2429 530 ἡμῶν
2466 461 2575 533 (15)
2632 461 2684 514 οἱ
2746 463 3008 538 μάρτυρες
3040 481 3052 494 ·
3112 459 3255 517 οῧτω
3306 484 3409 537 γαρ
3466 462 3634 519 εἰπεῖν
3691 468 3927 541 μετριώο

512 558 611 613 illa
640 556 798 612 carni
847 551 1117 621 addictis,
1169 551 1291 605 haec
1338 549 1411 605 iis
1462 549 1563 621 qui
1611 549 1870 621 corporis
1915 548 2161 604 vinculis
2270 568 2444 622 τερον.

510 646 838 703 solvuntur.
868 641 1109 706 Deinde,
1166 639 1343 712 gestit
1398 640 1635 710 quidem
1694 639 1928 693 animus
1958 638 2240 694 audacius
2272 638 2491 710 aliquid
2522 640 2800 711 proferre,
2833 643 2933 697 sed
2962 643 3073 697 diei
3111 642 3286 712 hujus
3319 645 3577 699 reventia
3622 645 3922 716 cohibeor,

510 752 583 791 ne
613 733 752 806 quid
782 731 980 787 infesti
1010 734 1187 801 atque
1217 730 1403 800 asperi
1439 728 1653 783 dicam.
1700 731 2002 791 Caeterum,
2055 732 2123 781 ut
2151 727 2356 783 mitius
2418 729 2644 799 loquar,
2703 728 3165 801 haudquaquam
3199 730 3318 786 haec
3349 748 3383 785 a
3425 732 3595 788 nobis
3635 738 3925 804 martyres

508 825 849 895 exposcunt.

576 911 672 967 Vl.
710 915 921 966 Demus
951 908 1133 981 igitur
1159 922 1418 978 operam,
1451 907 1679 973 fratres,
1714 921 1786 960 ne
1817 907 2019 959 sancta
2045 903 2153 958 im-

505 1016 672 1074 pure,
704 1003 760 1056 et
787 996 1066 1054 sublimia
1097 996 1370 1062 demisse,
1405 998 1462 1051 et
1503 996 1723 1051 honore
1753 994 1931 1066 digna
1970 992 2154 1064 turpi-

503 1094 612 1159 ter,
646 1092 721 1159 et,
755 1092 819 1143 ut
867 1103 983 1143 uno
1027 1086 1199 1142 verbo
1248 1084 1621 1155 complectar,
1664 1082 1994 1155 spiritualia
2035 1085 2152 1137 ter-

504 1196 641 1236 rene
671 1176 1051 1234 celebremus.
1083 1175 1252 1230 Festo
1285 1174 1524 1246 quidem
1556 1173 1679 1229 dies
1708 1172 1946 1229 Judaaus
1977 1171 2153 1227 etiam

505 1268 691 1343 agitat
724 1281 927 1322 verum
958 1264 1283 1322 secundum
1314 1261 1569 1318 litteram
1595 1287 1610 1331 ;
1644 1262 1821 1317 festos
1858 1260 1983 1316 dies
2013 1260 2152 1316 item

505 1356 761 1431 gentilis,
810 1370 1013 1410 verum
1057 1357 1124 1409 ut
1174 1352 1540 1408 daemonibus
1589 1350 1798 1423 placet.
1847 1354 1923 1405 At
1961 1350 2152 1416 nobis,

502 1444 1004 1518 quemadmodum
1018 1441 1349 1515 spiritualia
1364 1440 1563 1496 omnia
1574 1446 1731 1507 sunt,
1748 1439 1921 1505 actio,
1936 1444 2150 1507 motus,

502 1534 794 1601 voluntas,
828 1548 1041 1598 sermo,
1075 1531 1341 1585 incessus
1371 1529 1625 1599 denique
1654 1533 1713 1583 et
1747 1528 1945 1594 vestis,
1979 1532 2154 1599 atque

500 1624 643 1679 adeo
672 1622 799 1693 ipse
829 1619 1133 1676 oculorum
1154 1622 1353 1685 nutus,
1379 1617 1602 1672 ratione
1622 1616 1842 1673 scilicet
1862 1616 1933 1671 ad
1957 1616 2155 1672 omnia

500 1712 884 1785 pertingente,
933 1712 1106 1779 atque
1152 1707 1472 1773 hominem,
1505 1722 1639 1761 eum
1689 1706 1787 1776 qui
1828 1705 2149 1761 secundum

502 1800 685 1856 Deum
718 1802 828 1868 est,
881 1800 1266 1869 componente
1309 1812 1375 1852 ac
1433 1796 1805 1864 moderante;
1865 1794 1947 1849 sic
1973 1794 2149 1849 etiam

500 1887 827 1962 spiritualis
858 1891 948 1944 est
978 1887 1259 1942 festorum
1281 1884 1762 1941 celebrandarum
1793 1884 2153 1939 animorum-

501 1994 616 2050 que
646 1976 1127 2033 oblectandoxum
1159 1975 1324 2030 ratio.
1358 1975 1483 2030 Non
1530 1975 1687 2030 enim
1717 1973 1897 2030 animi
1929 1972 2149 2029 relaxa-

498 2067 721 2123 tionem
754 2066 1124 2121 interdictam
1156 2064 1303 2131 volo,
1336 2065 1437 2120 sed
1478 2062 1862 2136 petulantiam
1894 2078 2147 2118 ooerceo.

499 2156 557 2211 Si
586 2173 691 2211 nos
723 2156 795 2211 ad
828 2155 987 2210 hunc
1011 2154 1249 2209 modum
1283 2153 1725 2218 conveniamus,
1779 2168 1843 2207 ac
1878 2151 2023 2206 festa
2053 2167 2148 2205 ce—

496 2244 813 2310 lebremus,
856 2260 1138 2315 magnum
1188 2243 1427 2314 quidem
1473 2242 1649 2297 fuerit
1698 2242 2013 2305 afﬁrmare,
2046 2257 2151 2295 nos

494 2335 699 2391 eadem
724 2332 963 2406 praemia
992 2337 1047 2388 et
1076 2332 1341 2403 ejusdem
1374 2331 1568 2405 gloriae
1598 2330 1993 2386 hazreditatem
2026 2345 2151 2400 per-

496 2427 804 2497 cepturos:
841 2440 967 2495 quae
1018 2422 1175 2478 enim
1228 2438 1330 2477 nec
1378 2422 1583 2477 oculus
1638 2420 1802 2487 vidit,
1854 2435 1960 2475 nec
1992 2418 2150 2474 auris

495 2513 739 2582 audivit,
772 2527 878 2568 nec
908 2511 1207 2566 humanus
1237 2509 1570 2565 intellectus
1610 2526 1714 2582 pro
1746 2512 2030 2581 potestate
2061 2512 2146 2562 at-

495 2618 607 2674 que
635 2600 877 2657 arbitrio
911 2601 1065 2656 246
1123 2598 1548 2655 beatitudinem
1583 2599 1832 2671 ﬁngens,
1881 2614 2145 2669 unquam

494 2690 833 2746 informavit
858 2690 926 2758 ⁸⁸,
978 2689 1097 2744 ιιωο
1140 2705 1262 2754 eos,
1313 2687 1410 2759 qui
1460 2704 1563 2760 per
1607 2704 1873 2742 cruorem
1911 2687 2148 2759 purgati

494 2778 729 2846 fuerint,
762 2776 1097 2849 Christique
1126 2777 1480 2833 sacriﬁcium
1504 2775 1616 2833 sibi
1635 2775 1987 2831 imitandum
2011 2791 2147 2847 pro-

496 2867 822 2940 posuerint,
854 2882 1090 2922 manere
1111 2866 1487 2937 judicamus:
1524 2870 1585 2921 at
1614 2864 1758 2920 illud
1791 2872 1943 2920 certe
1976 2865 2146 2921 nobis

496 2957 814 3029 continget,
874 2961 939 3010 ut
997 2960 1336 3011 sanctorum
1393 2960 1716 3027 martyrum
1772 2954 2144 3026 splendorem

496 3060 828 3110 cernamus,
866 3044 1022 3116 quod
1055 3044 1315 3115 quidem,
1350 3060 1480 3099 mea
1515 3044 1825 3113 sententia,
1858 3042 1981 3098 leve
2010 3059 2144 3098 cen-

2336 904 2395 972 ζ’.
2454 906 2542 973 Μὴ
2612 904 2791 959 τοίνυν
2865 904 3104 980 ἀνάγνως
3177 905 3446 979 τελῶμεν,
3528 904 3781 984 ἀδελφοὶ,
3849 910 3921 963 τὰ

2264 992 2412 1066 ἅγια,
2467 991 2608 1066 μηδὲ
2663 995 2729 1049 τὰ
2770 993 2956 1068 ὑψηλὰ
3000 999 3281 1064 ταπεινῶς,
3337 994 3467 1068 μηδ’
3499 996 3708 1071 ἀτίμως
3736 997 3807 1051 τὰ
3835 998 3919 1051 τί·

2267 1104 2383 1155 μια,
2416 1080 2577 1156 μηδὲ,
2634 1080 2924 1138 συνελόντα
2979 1082 3165 1156 εἰπεῖν,
3225 1089 3437 1159 χοῖκῶς
3494 1088 3561 1139 τὰ
3615 1090 3712 1140 τοῦ
3752 1086 3919 1141 πνεύ-

2267 1192 2455 1245 ματος.
2517 1172 2879 1247 Πατηγυρίζει
2936 1171 3025 1227 καί
3077 1170 3359 1244 Ἰουδαῖος,
3428 1173 3573 1230 ἀλλᾶ
3642 1177 3780 1229 κατὰ
3853 1178 3918 1231 τὸ

2260 1259 2523 1335 γράμμα·
2556 1262 2793 1336 ἑορτάζει
2825 1262 2915 1316 καὶ
2956 1260 3187 1332 Ἕλλην.
3237 1260 3365 1317 ἀλλ’
3417 1264 3491 1324 ὡς
3528 1259 3739 1333 ἀρέσκει
3802 1270 3922 1327 τοῖς

2264 1346 2536 1424 δαίμοσιν,
2596 1351 2757 1423 Ἡμῖν
2820 1348 2896 1422 δὲ,
2940 1350 3014 1413 ὡς
3070 1350 3242 1405 πάντα
3288 1353 3646 1423 πνευματικὰ,
3698 1354 3918 1427 πρᾶξις,

2262 1438 2486 1511 κίνημα,
2546 1436 2823 1514 βούλημα,
2885 1435 3066 1515 λόγος,
3126 1438 3255 1515 ἄχρι
3304 1441 3393 1494 καὶ
3441 1439 3773 1515 βαδίσματος
3826 1442 3919 1496 καὶ

2263 1525 2579 1599 ἰνδύματος,
2613 1526 2743 1602 ἄχρι
2776 1528 2863 1582 καὶ
2903 1527 3189 1601 νεύματος,
3237 1528 3312 1590 εἷς
3368 1529 3539 1583 πάντα
3592 1534 3690 1584 τοῦ
3742 1531 3918 1604 Λόγου

2262 1616 2554 1693 φθάνοντος
2608 1617 2698 1670 καὶ
2752 1615 3105 1692 ῥυθμίζοντος
3144 1618 3279 1672 κατὰ
3306 1616 3398 1672 τὸν
3443 1619 3570 1673 Θεὸν
3604 1617 3919 1694 ἄνθρωπον⁸

2262 1704 2405 1759 οὕτω
2436 1704 2523 1759 καὶ
2568 1707 2681 1777 (16)
2727 1706 2789 1759 τὸ
2837 1704 3236 1781 πανηγυρίζειν,
3290 1706 3379 1761 καὶ
3419 1708 3481 1761 τὸ
3510 1704 3918 1785 φαιδρύνεσθαι.

2185 1761 2336 1851 ΒΟὖ
2367 1795 2467 1871 γὰρ
2524 1761 2725 1848 γωλόω
2781 1795 2880 1863 τήν
2940 1761 3140 1864 hyade
3195 1761 3339 1849 ἀλλὰ
3395 1761 3917 1869 κολὲζωιτὴνάυμεζ

2258 1883 2409 1960 τρίαν
2446 1886 2578 1956 (17).
2613 1884 2711 1936 "Av
2747 1882 2889 1938 οὕτω
2920 1888 3208 1957 συνιῶμεν,
3238 1885 3328 1939 καὶ
3360 1884 3502 1940 οὕτω
3533 1888 3915 1963 πανηγυρίζω-

2263 1997 2383 2049 μεν,
2414 1976 2551 2049 μέγα
2594 1975 2708 2047 μὶν,
2750 1973 2831 2029 ὅτι
2880 1976 2970 2028 καὶ
3018 1974 3168 2029 αὐτοὶ
3217 1974 3511 2049 τευξόμεθα
3566 1981 3673 2031 τῶν
3735 1977 3907 2032 αὐτῶν

2259 2063 2459 2135 ἄθλων,
2516 2064 2707 2135 εἰπεῖν,
2747 2064 2835 2117 καὶ
2892 2070 2991 2133 τῆς
3056 2063 3224 2133 αὐτῆς
3266 2062 3426 2137 δόξης
3476 2062 3911 2139 κληρονομήσο-

2262 2174 2356 2226 μεν
2384 2172 2397 2184 ’
2432 2152 2463 2207 ἃ
2490 2153 2589 2228 γὰρ
2622 2152 2744 2207 οὔτε
2774 2155 2882 2225 (18)
2917 2150 3199 2229 ὀφθαλμὸς
3226 2151 3383 2221 εἶδεν,
3420 2151 3541 2209 οὔτε
3590 2153 3682 2216 οὖς
3734 2154 3914 2223 ἤκου-

2259 2263 2367 2312 σεν,
2402 2240 2523 2295 οὕτε
2580 2240 2913 2316 ἀνθρώπινός
2973 2262 3105 2295 πυτε
3158 2244 3270 2313 (19)
3326 2246 3451 2304 νοῦς
3506 2244 3909 2301 ἀνετυπώσατο.

2256 2332 2372 2385 κατ’
2405 2329 2650 2403 ἐξουσῖακ
2696 2329 2948 2385 πλάττων
3012 2330 3405 2405 μακαριότητα,
3460 2336 3624 2386 ταῦτα
3680 2334 3911 2406 νομίζο-

2262 2440 2355 2491 μεν
2405 2422 2517 2493 (20)
2568 2420 2880 2473 ἀποκεῖσθκι
2935 2424 3052 2481 τοῖς
3102 2419 3490 2495 καθῃραμένοις
3538 2418 3607 2474 δι’
3650 2420 3911 2495 α’ἰματος,

2256 2510 2345 2563 καὶ
2373 2509 2472 2577 τὴν
2523 2511 2761 2579 Χριστοῦ
2809 2507 2990 2562 θυσίαν
3046 2508 3450 2581 μιμησαμένοις
3476 2529 3488 2542 °
3541 2509 3686 2565 ἀλλὰ
3714 2512 3813 2579 τήν
3846 2534 3911 2588 γε

2256 2596 2620 2674 λαμπρότητα
2692 2600 2799 2652 τῶν
2880 2596 3046 2672 ἁγίων
3112 2598 3399 2675 μαρτύρων
3458 2598 3723 2672 ὀψόμεθα,
3783 2599 3911 2657 οὐδὲ

2256 2687 2359 2763 γὰρ
2388 2685 2548 2742 τοῦτο
2580 2686 2794 2761 μικρὸν,
2850 2686 2925 2748 ὡς
2957 2686 2983 2739 6
3031 2684 3160 2759 ἐμὸς
3210 2685 3396 2763 λόγος,
3447 2688 3535 2741 καὶ
3568 2688 3643 2750 εἰς
3673 2690 3774 2759 τήν
3800 2710 3912 2765 χα-

2257 2777 2350 2853 ρὰν
2399 2780 2497 2831 τοῦ
2554 2775 2718 2831 αὐτοῦ
2776 2774 2973 2851 Κυρίου
3014 2772 3445 2849 εἲσελευσόμεθα,
3492 2778 3583 2831 καὶ
3637 2782 3715 2848 τῷ
3760 2778 3903 2854 φωτὶ

2252 2873 2353 2935 τῆς
2415 2864 2678 2939 μακαρίας
2734 2865 2822 2919 καὶ
2881 2864 3116 2940 ἀρχικῆς
3160 2866 3268 2939 (21)
3315 2863 3564 2939 Τριάδος,
3594 2864 3650 2920 εὗ
3682 2865 3786 2921 οἷδ’
3817 2869 3903 2922 ὃτι

2256 2953 2759 3031 ἆλλαμφθησόμεθα
2812 2952 3126 3029 τρανόνερόν
3186 2974 3244 3008 τε
3302 2956 3413 3024 (22)
3474 2954 3906 3031 καὶκαθαρώτε-

2256 3064 2369 3118 ρον,
2430 3043 2505 3105 εἷς
2563 3045 2627 3112 ἣν
2686 3041 3137 3115 πεπιστεύκαμεν,
3192 3042 3281 3097 καὶ
3323 3042 3360 3116 ᾖ
3402 3041 3731 3119 λατρεύωμεν
3766 3047 3908 3118 (23),

494 3134 606 3190 seri
642 3150 755 3189 non
786 3133 978 3200 debet,
1010 3138 1185 3205 atque
1215 3132 1273 3186 in
1296 3133 1559 3202 ejusdem
1598 3132 1825 3187 Domini
1856 3132 2144 3204 gaudium

2254 3133 2341 3187 καὶ
2374 3136 2437 3203 ἣν
2474 3131 2858 3207 ὁμολογοῦμεν
2905 3129 3205 3207 ἔμπροσθεν
3257 3136 3391 3187 θεοῦ
3443 3132 3531 3187 καὶ
3582 3131 3907 3209 ἅνθρώπων,

496 3222 804 3289 intremus,
837 3221 1169 3291 clariusque
1198 3224 1255 3275 et
1303 3222 1507 3291 purius
1541 3222 1718 3275 beatas
1764 3238 1831 3276 ac
1864 3222 2146 3294 principis

496 3308 1035 3365 Trinitatislumine
1048 3308 1481 3375 collustremur,
1496 3309 1552 3363 in
1570 3325 1747 3381 quam
1763 3310 2143 3378 credidimus,

495 3414 673 3469 quam
706 3395 977 3466 colimus,
999 3401 1054 3451 et
1085 3413 1279 3452 coram
1305 3402 1414 3451 Deo
1442 3401 1618 3468 atque
1638 3398 1977 3454 hominibus
2000 3416 2145 3454 con-

493 3486 747 3555 fitemur,
780 3484 927 3539 nihil
960 3484 1252 3553 timentes,
1276 3484 1566 3541 neminem
1600 3491 1887 3556 verentes,
1910 3505 2023 3543 non
2046 3505 2141 3544 ex-

491 3578 689 3630 ternos
720 3574 938 3645 hostes,
972 3591 1086 3629 non
1116 3590 1235 3642 eos,
1268 3574 1366 3646 qui
1399 3575 1552 3630 inter
1582 3592 1687 3631 nos
1725 3582 1928 3648 agunt,
1962 3577 2143 3636 falsos

488 3662 871 3730 Christianos,
892 3664 1193 3734 sanctique
1210 3663 1461 3735 Spiritus
1479 3662 1894 3735 hostes.Atque
1912 3668 2140 3723 utinam

488 3751 561 3808 ad
592 3757 918 3808 extremum
951 3768 1137 3823 usque
1168 3752 1293 3807 vita:
1342 3753 1615 3823 spiritum
1654 3770 1788 3808 cum
1822 3771 2037 3827 magna
2064 3756 2139 3811 li-

487 3842 709 3897 bertate
729 3841 1117 3896 confiteamur
1138 3842 1478 3913 praeclarum
1500 3840 1643 3896 illud
1670 3848 2005 3899 sanctorum
2031 3848 2136 3900 Pa-

487 3934 666 3996 trum,
701 3930 800 4003 qui
832 3929 1083 3997 Christo,
1118 3931 1498 4001 nascentique
1528 3930 1661 3985 ﬁdei
1688 3933 2138 4004 propinquiores

2260 3219 2427 3295 μηδὲν
2475 3219 2798 3289 δεδοικότες,
2854 3217 3019 3293 μηδὲν
3066 3222 3177 3292 (24)
3225 3220 3629 3295 αἰσχυνόμενοι,
3666 3223 3742 3295 μὴ
3772 3223 3907 3286 τοὺς

2255 3310 2442 3382 ἔξωθεν
2490 3309 2738 3385 ἐχθροὺς,
2796 3311 2870 3383 μή
3082 3308 3209 3372 τοὺς
3254 3308 3304 3363 ὲν
3338 3312 3472 3383 ἡμῖν
3506 3310 3689 3373 αὐτοῖς
3772 3316 3910 3386 ψευ-

2255 3398 2579 3476 δοχρίστους
2627 3406 2717 3453 καί
2761 3397 3061 3471 πολεμίους
3116 3402 3213 3453 τοῦ
3262 3398 3595 3471 Πνεῦματος.
3632 3400 3725 3454 Καὶ
3762 3404 3906 3475 ὁμο-

2254 3488 2559 3565 λογοίημεν
2598 3489 2763 3563 μέχρι
2786 3495 2887 3557 τῆς
2919 3487 3151 3563 ἐσχάτης
3324 3488 3596 3558 ἀναπνοῆς
3629 3489 3679 3543 ἰν
3710 3488 3906 3564 πελλῇ

2252 3577 2529 3654 παρρησίᾳ
2575 3578 2673 3645 τὴν
2716 3574 2890 3643 καλὴν
2944 3576 3398 3650 παρακαταθήκην
3448 3582 3555 3631 τῶν
3603 3577 3765 3652 ἁγίων
3819 3584 3907 3633 Πα

2248 3669 2417 3743 τὲρων
2466 3671 2572 3721 τῶν
2624 3664 2893 3741 ἐγγυτέρω
2948 3669 3203 3739 Χριστοῦ,
3260 3665 3348 3719 καὶ
3396 3673 3495 3735 τῆς
3543 3668 3769 3741 πρώτης
3802 3668 3908 3721 πί-

2248 3778 2437 3827 στεως,
2482 3757 2578 3823 τὴν
2637 3754 2932 3829 σύντροφον
2973 3756 3107 3825 ἡμῖν
3149 3752 3207 3807 ἐκ
3236 3751 3441 3808 παίδων
3476 3753 3796 3831 ὁμολογίαν,
3832 3757 3904 3825 ἣν

2248 3846 2472 3921 πρώτην
2504 3847 2612 3917 (27)
2646 3842 3030 3919 ἐφθεγξάμεθα,
3061 3841 3149 3895 καὶ
3194 3842 3230 3916 ᾖ
3272 3843 3583 3897 τελευταῖον
3630 3845 3910 3901 συναπελ-

2247 3946 2461 4007 θοιμεν,
2490 3938 2671 4003 τοῦτο,
2705 3932 2750 3986 εἰ
2782 3934 2855 4005 μή
2890 3952 2942 3986 τι
2972 3928 3135 4003 ἄλλο,
3191 3930 3426 3987 ἐντεῦθεν
3472 3932 3905 4010 ἀποφερόμενοι,

486 4019 852 4089 exstiterunt,
884 4020 1238 4092 depositum,
1271 4018 1698 4075 confessionem
1748 4019 1908 4076 illam
1954 4038 2132 4093 quam

2254 4025 2340 4092 τὴν
2374 4016 2663 4077 εὐσέϐειαν.

484 4107 662 4163 simul
693 4124 825 4162 cum
884 4108 1030 4165 lacte
1087 4108 1453 4176 imbibimus,
1507 4124 1683 4179 quam
1740 4108 1991 4180 primam
2047 4113 2333 4183 prolocuti
2392 4128 2622 4177 sumus,
2678 4113 2737 4165 et
2778 4126 2908 4164 cum
2956 4126 3072 4180 qua
3098 4110 3324 4165 utinam
3356 4116 3649 4183 postremo
3680 4129 3749 4168 ex
3789 4113 3907 4170 hac

482 4196 603 4251 vita
632 4195 975 4267 migremus,
1010 4196 1058 4252 si
1092 4196 1237 4252 nihil
1271 4196 1450 4268 aliud,
1483 4196 1617 4252 hinc
1651 4201 1804 4253 certe
1835 4198 2113 4270 pietatem
2146 4203 2456 4260 nobiscum
2487 4200 2814 4256 efferentes.

556 4282 681 4338 VIl.
712 4282 865 4338 Deus
895 4289 1091 4341 autem
1122 4284 1306 4357 pacis,
1339 4285 1440 4357 qui
1472 4302 1577 4341 nos
1608 4286 1720 4341 sibi
1767 4302 1870 4359 per
1900 4304 2131 4345 crucem

482 4370 879 4428 reconciliavit
906 4373 973 4440 ⁸⁵,
1005 4390 1139 4428 cum
1170 4374 1334 4445 prius
1376 4391 1478 4445 per
1507 4379 1809 4447 peccatum
1851 4376 2050 4434 hostes
2080 4380 2133 4435 ei

483 4460 619 4516 facti
649 4475 911 4516 essemus
936 4479 950 4529 ;
976 4462 1074 4533 qui
1100 4463 1359 4518 faustum
1392 4463 1550 4534 pacis
1574 4464 1867 4533 nuntium,
1890 4472 2017 4521 tum
2039 4468 2133 4523 his

2314 4294 2383 4347 Z'.
2413 4291 2473 4343 ’0
2529 4284 2586 4341 δὲ
2634 4286 2762 4347 Θεὸς
2815 4291 2915 4354 τῆς
2970 4283 3217 4360 εἰρήνης,
3273 4287 3300 4341 6
3346 4283 3685 4358 καταλλάξας
3747 4290 3904 4360 ἡμᾶς

2244 4377 2417 4451 ἑαυτῷ
2449 4374 2537 4432 διὰ
2564 4379 2658 4430 τοῦ
2698 4378 2949 4447 σταυροῦ,
3010 4371 3099 4429 διὰ
3152 4382 3252 4444 τῆς
3313 4376 3575 4453 ἁμαρτίας
3628 4374 3900 4451 πολεμω-

2244 4468 2427 4528 θέντας
2457 4485 2468 4497 ·
2503 4466 2530 4519 ὁ
2592 4463 3081 4539 εὐαγγελισάμενος
3141 4463 3363 4539 εἰρήνην
3408 4472 3524 4527 τοῖς
3583 4464 3773 4540 ἔγγὺς,
3804 4467 3902 4522 καὶ

483 4548 583 4623 qui
614 4564 793 4622 prope
822 4555 1007 4616 erant,
1041 4555 1167 4607 tum
1203 4550 1293 4607 his
1323 4551 1425 4623 qui
1452 4551 1623 4624 longe
1651 4553 1716 4618 ⁸⁸,
1749 4552 1858 4608 hoc
1888 4558 1978 4609 est
2005 4559 2134 4611 tum

2254 4560 2358 4618 τοῖς
2392 4554 2622 4629 μακρὰν,
2677 4557 2796 4613 τοῖς
2844 4572 2903 4606 τε
2948 4551 3051 4606 ὑπὸ
3080 4551 3247 4624 νόμον
3290 4554 3380 4608 καὶ
3410 4559 3529 4615 τοῖς
3562 4552 3662 4627 ἔξω
3693 4555 3897 4628 νόμου·

548 4747 595 4784 ⁸⁸
623 4747 735 4804 Isa.
768 4763 916 4819 Lxrx,
948 4748 1018 4817 4;
1054 4748 1076 4805 Ι
1105 4752 1230 4805 Cor.
1262 4765 1325 4819 ιι,
1356 4748 1411 4804 9.
1444 4748 1489 4783 ⁸⁸
1517 4747 1565 4803 lI
1595 4747 1723 4804 Cor.
1747 4764 1806 4817 v,
1839 4749 1923 4804 18.
1960 4748 2004 4785 ⁸⁸
2033 4750 2144 4823 Ept

2280 4769 2345 4820 ιι,
2380 4753 2466 4807 17.

554 4944 668 5067 (15)
693 4943 827 5028 Ιξαρ’
872 4944 1053 5016 ἡμῶν.
1088 4946 1196 5029 ,8ἰο
1243 4950 1365 5002 tres
1414 4945 1594 5017 Regg.
1641 4944 1705 4999 In
1751 4943 2133 5017 quibusdam,

554 5032 590 5067 ,o
678 5034 812 5067 μων.
848 5038 877 5066 (ι
908 5034 942 5067 a
971 5017 1155 5067 VOblB.
1192 5040 1221 5067 ››

480 5017 608 5084 παρ’
640 5017 812 5084 ὑμῶν,
848 5038 877 5066 (ι
908 5034 942 5072 a
971 5017 1155 5074 vobis.
1192 5040 1221 5067 υ

553 5080 851 5157 (16)Ἶοὅτω
898 5087 1007 5144 καί.
1064 5089 1237 5146 Coisl.
1298 5089 1347 5153 1,
1399 5084 1587 5147 Οὕτως
1636 5080 1810 5139 ἔνθεον
1859 5081 1995 5139 ἔστω
2042 5085 2133 5141 καὶ

480 5155 543 5232 τὸ
590 5155 989 5232 πανηγυρίζειν·
1025 5183 1053 5210 ‹‹
1115 5160 1208 5217 Sic
1264 5159 1437 5216 etiam
1493 5158 1690 5232 divina
1740 5162 1819 5232 et,
1850 5176 2015 5232 sacra
2058 5161 2136 5215 sit

481 5228 1280 5301 festorumcelebrandorum
1302 5232 1482 5301 ratio.
1523 5254 1542 5278 ιι
1571 5229 1851 5301 _Concinit
1879 5231 2131 5301 Nicetes,

484 5297 627 5383 οξίτω
654 5299 823 5383 καὶέν
856 5307 977 5383 ταῖς
1000 5304 1236 5383 ,ἑορταῖς
1282 5300 1419 5356 ἔστω
1467 5298 1783 5378 φαιδρότης,
1818 5324 1845 5351 ‹‹
1896 5302 2032 5358 talis
2062 5297 2136 5358 sit

483 5376 539 5426 et
568 5373 627 5425 in
660 5373 823 5429 festis
855 5373 1141 5431 latitiaﬁ»

528 5444 662 5525 “(17)
707 5444 1017 5525 Ἀμωρέαν.
1074 5467 1096 5495 ι
1143 5447 1253 5503 Sed
1304 5462 1455 5515 eam,
1506 5460 1637 5516 quae
1690 5443 1928 5499 modum
1969 5460 2124 5501 exce-

483 5513 597 5586 dit,
623 5513 1006 5586 reprehendo.
1039 5542 1061 5570 ι

552 5585 667 5728 (18)
692 5584 851 5641 Ουτε.
883 5593 1022 5661 Reg.
1054 5589 1153 5661 ph,
1186 5584 1323 5643 οὔτ’.

582 5656 647 5711 19
696 5660 854 5712 llo-cc.
886 5658 1058 5717 Deest
1084 5659 1146 5716 in
1176 5660 1272 5718 Or.
1301 5660 1323 5715 ξ

582 5656 667 5718 19)
696 5660 854 5712 Ilo-ra.
886 5656 1149 5717 Desst'in
1176 5660 1272 5718 Or.
1301 5660 1356 5715 2.

2313 4948 2426 5028 (20)
2456 4942 2795 5028 Νομίζομεν.
2862 4947 3000 5017 Reg.
3061 4946 3161 5028 ph,
3211 4945 3545 5019 νομίζωμεν.
3594 4969 3623 5001 ι
3678 4949 3901 5005 Creda-

2244 5036 2379 5075 mus
2408 5022 2531 5075 hasc
2561 5022 2817 5089 reposita
2844 5035 2994 5085 esse,
3022 5038 3049 5069 ι
3086 5023 3195 5074 etc.

2314 5092 2425 5162 (21)
2515 5086 2789 5164 Max—apta:
2873 5089 2962 5143 καὶ
3064 5089 3300 5164 ἀρχικῆς
3366 5086 3619 5164 Τριάδος.

2243 5159 2425 5230 addit,
2457 5161 2547 5214 καὶ
2581 5159 2757 5234 ἁγίας..

2453 5226 2775 5305 Τρανόίτερόν
2800 5250 2880 5295 τε,
2904 5231 3008 5305 ὈΓ.
3040 5232 3094 5302 2,
3125 5231 3481 5305 τρανώτερον.

2313 5300 2425 5378 (23)
2483 5300 2580 5359 Καὶ
2634 5300 3088 5377 ᾖς’λατρεύομενζ
3130 5304 3260 5359 Haec
3326 5300 3542 5360 desunt
3597 5303 3656 5357 in
3713 5302 3900 5375 Regg.

2243 5393 2296 5446 a,
2330 5394 2381 5432 ο.

2334 5450 2422 5519 24)
2451 5442 2653 5519 Μηδὲν.
2686 5446 2829 5519 Tres
2859 5445 3036 5519 Regg.
3068 5449 3126 5503 et
3154 5451 3281 5503 octo
3312 5446 3468 5502 Colb.
3504 5440 3734 5519 μηδένα.

2332 5450 2423 5591 Ξίι)
2451 5450 2653 5516 Μηδὲν.
2686 5450 2829 5500 Tres
2860 5450 3017 5571 Reg?

2333 5522 2403 5573 .5
2451 5519 2561 5587 Μή.
2595 5518 2736 5591 Reg.
2763 5517 2935 5591 (ἰημη
3008 5560 3022 5572 .

2311 5588 2426 5680 es
2454 5588 2954 5680 Euctus-.3951“
2976 5591 3089 5674 19.9-
3122 5590 3305 5662 ἡμῶν.

2311 5663 2420 5736 (27)
2453 5663 2706 5737 Πρώτην.
2738 5664 2906 5721 Pass.
2934 5663 3172 5740 πρῶτον.

3718 5094 3894 5147 Pass.
