4244 6216
376 400 491 465 841

1527 402 1816 464 ORATIO
1861 404 1991 464 XlI.
2030 439 2104 449 —
2144 406 2247 465 AD
2297 407 2639 468 PATREM.

3673 412 3791 471 842

377 538 405 591 6
434 537 534 604 τῆς
578 534 790 610 ἀγάπης
837 533 1038 606 πατὴρ,
1070 533 1103 600 ἡ
1137 530 1343 605 ἀγάπη’
1390 535 1555 585 ταῦτα
1605 532 1707 606 γὰρ
1754 536 1859 610 πρὸ
1912 539 2016 589 τῶν

2134 536 2207 592 iis
2230 537 2324 608 qui
2349 536 2459 609 legi
2483 539 2752 609 subjecti,
2778 544 2903 593 tum
2926 537 3185 611 illis,qui
3210 555 3243 594 a
3262 538 3387 610 lege
3409 538 3583 595 alieni
3604 544 3790 612 erant,

376 622 562 679 ἄλλων
614 621 794 698 χαίρει
846 619 1203 692 καλούμενος,
1251 618 1337 674 ἵνα
1386 622 1727 695 νομοθετήσῃ
1776 626 1887 695 (28)
1936 624 2023 677 καὶ

373 719 488 775 τοῖς
540 711 767 785 ὀνόμασι
811 711 873 766 τὸ
920 707 1277 788 φιλάδελφον,
1327 711 1355 764 6
1400 711 1500 779 τὴν
1552 712 1743 780 καινὴν
1796 709 2021 781 ἐντολὴν

375 801 501 865 δοὺς
547 801 600 857 ἐν
627 806 706 873 τῷ
735 804 989 855 τοσοῦτον
1021 800 1230 875 ἀγαπᾷν
1262 797 1567 869 ἀλλήλους,
1609 800 1733 854 ὅσον
1775 801 1863 855 καὶ
1895 803 2026 877 ἠγα-

372 894 613 964 πήμεθα*
667 892 695 946 6
754 888 881 952 δοὺς
939 890 1029 944 καὶ
1084 893 1355 964 τυραννεῖν
1415 888 1637 961 καλῶς,
1696 889 1785 944 καὶ
1839 910 2025 965 τυραν-

368 983 572 1036 νεῖσθαι
608 977 697 1034 διὰ
723 979 816 1034 τὸν
850 972 1042 1055 φόϐον,
1087 976 1176 1032 καὶ
1208 974 1525 1032 ἀναδύεσθαι
1578 976 1669 1032 σὺν
1706 975 1855 1053 λόγῳ
1886 981 2019 1051 (29),

368 1070 456 1126 καὶ
490 1068 702 1145 θαρρεῖν
752 1064 917 1122 πάλιν
972 1064 1061 1120 διὰ
1104 1068 1194 1121 τὸν
1246 1064 1434 1140 λόγον’
1483 1066 1511 1119 6
1560 1066 1647 1120 καὶ
1695 1067 1761 1119 τὰ
1813 1066 2022 1142 μεγάλα

368 1161 599 1233 ποίμνια
656 1155 1011 1233 καταρτίζων,
1061 1155 1150 1210 καὶ
1199 1156 1265 1211 τὰ
1327 1156 1497 1231 μικρά
1557 1152 1874 1230 μεγαλύνων
1933 1153 2021 1209 διὰ

367 1256 466 1319 τῆς
490 1249 741 1323 χάριτος,
774 1246 958 1313 αὐτὸς,
982 1247 1118 1299 κατὰ
1146 1245 1208 1300 τὸ
1240 1243 1454 1314 πλῆθος
1494 1251 1595 1314 τῆς
1642 1246 1834 1299 ἑαυτοῦ
1882 1265 2022 1320 χρη-

369 1334 652 1409 στότητος,
685 1339 833 1409 ἡμᾶς
871 1335 964 1408 μὲν
1014 1334 1385 1411 παρακαλέσαι
1430 1332 1771 1409 παρακλήσει
1806 1332 2017 1408 πολλῇ,

366 1429 454 1482 καὶ
508 1427 581 1488 εἷς
629 1428 695 1480 τὰ
744 1422 1042 1500 ἔμπροσθεν
1109 1427 1220 1498 (30)
1276 1422 1393 1500 ἄγοι
1453 1423 1871 1496 συμποιμαίνων
1929 1424 2018 1477 καὶ

368 1515 647 1585 ὃιασώζων
676 1516 738 1569 τὸ
768 1513 1045 1587 ποίμνιον·
1091 1514 1227 1586 ὑμᾶς
1276 1510 1334 1566 δὲ
1380 1512 1743 1588 καταρτίσειεν
1790 1513 1865 1574 εἰς
1914 1518 2015 1567 πᾶν

365 1605 520 1683 ἔργον
584 1604 777 1681 ἀγαθὸν
807 1649 820 1675 ,
874 1604 965 1657 καὶ
1024 1607 1404 1674 πνευματικῶς
1465 1601 1844 1677 πανηγυρίζειν
1904 1608 2019 1663 τοῖς

370 1701 597 1770 μάρτυσι
653 1693 883 1763 πείσειε,
941 1692 1031 1747 καὶ
1086 1698 1187 1761 τῆς
1237 1690 1433 1745 ἐκεῖθεν
1489 1692 1694 1767 τρυρῆς
1750 1690 2017 1759 καταξιώ-

366 1806 526 1856 σειεν,
576 1779 701 1847 ἔνθα
756 1783 865 1855 (31)
904 1781 1116 1835 πάντων
1168 1777 1601 1857 εὐφραινομένων
1650 1780 1683 1848 ἡ
1728 1778 2013 1850 κατοικία,

2139 626 2336 681 attulit
2368 645 2380 681 :
2416 626 2531 695 ille,
2576 628 2839 698 inquam,
2873 628 3174 684 charitatis
3227 645 3461 701 parens,
3496 629 3613 684 imo
3668 629 3795 700 ipsa

2136 717 2388 771 Charitas
2409 717 2481 783 87;
2508 716 2599 773 his
2632 717 2789 771 enim
2822 717 3097 773 omnibus
3128 718 3418 790 praecipue
3449 717 3790 785 delectatur,

2134 808 2199 858 ut
2222 820 2323 875 per
2345 804 2473 875 ipsa
2491 822 2720 876 quoque
2738 806 3018 862 vocabula
3039 812 3314 862 mutuum
3340 823 3597 863 amorem
3622 807 3792 879 quasi

2132 892 2251 949 lata
2281 893 2405 965 lege
2455 894 2805 967 promulget,
2833 896 2931 967 qui
2965 913 3180 952 novum
3233 896 3578 951 mandatum
3608 896 3787 968 dedit,

2131 986 2195 1037 ut
2224 988 2455 1038 tantum
2488 1000 2592 1038 nos
2622 983 2782 1055 ipsos
2814 989 3019 1040 mutuo
3051 985 3369 1057 diligamus
3389 985 3454 1053 ⁸⁸,
3479 1001 3657 1055 quam
3690 985 3784 1040 di-

2129 1070 2265 1127 lecti
2297 1088 2534 1139 sumus;
2572 1073 2670 1144 qui
2716 1072 2877 1127 dedit
2906 1079 2963 1128 et
2993 1078 3144 1128 recte
3183 1077 3360 1145 atque
3390 1073 3639 1129 honeste
3668 1073 3785 1129 vim

2129 1160 2356 1230 afferre,
2381 1166 2437 1216 et
2470 1166 2623 1216 recte
2653 1160 2789 1216 item
2812 1166 3049 1233 propter
3073 1166 3295 1217 metum
3326 1162 3548 1230 cedere,
3575 1179 3643 1218 ac
3666 1163 3782 1218 vim

2131 1250 2373 1321 perpeti,
2408 1254 2464 1304 et
2511 1265 2645 1304 cum
2704 1250 2928 1305 ratione
2977 1250 3261 1315 cunctari,
3294 1265 3361 1304 ac
3411 1252 3693 1322 refugere,
3727 1255 3784 1305 et

2130 1355 2338 1395 rursus
2368 1355 2499 1394 cum
2530 1337 2752 1393 ratione
2784 1338 3056 1394 ﬁduciam
3090 1336 3422 1409 concipere;
3453 1339 3552 1409 qui
3584 1342 3639 1395 et
3660 1356 3782 1395 ma-

2129 1443 2277 1499 gnos
2307 1444 2512 1499 greges
2544 1426 2789 1499 perlicit,
2816 1432 2873 1483 et
2908 1443 3115 1499 parvos
3156 1443 3260 1499 per
3302 1427 3553 1499 gratiam
3587 1434 3780 1501 auget,

2127 1514 2252 1587 ipse
2283 1516 2517 1585 quidem
2571 1533 2672 1587 pro
2722 1514 3091 1587 amplissima
3139 1532 3247 1571 sua
3295 1515 3655 1588 benignitate
3688 1532 3781 1571 co-

2127 1605 2289 1677 piose
2323 1620 2415 1659 me
2448 1604 2799 1677 consoletur,
2824 1610 2993 1675 atque
3023 1604 3300 1661 interiora
3325 1605 3520 1673 ducat,
3545 1620 3783 1678 gregem

2127 1710 2357 1750 mecum
2389 1710 2635 1766 pascens
2684 1699 2858 1766 atque
2899 1710 3250 1750 conservans
3282 1713 3296 1751 :
3330 1711 3430 1750 vos
3478 1700 3674 1750 autem
3708 1696 3780 1750 ad

2126 1799 2299 1839 omne
2330 1784 2552 1839 bonum
2577 1800 2725 1855 opus
2745 1782 3010 1855 perficiat
3029 1783 3094 1854 ⁸⁸,
3117 1783 3399 1856 vobisque
3432 1783 3490 1838 in
3514 1782 3779 1839 animum

280 1876 283 1881 ί
366 1872 454 1929 καὶ
504 1870 762 1952 ὀφθέντας
811 1870 864 1924 ἐν
909 1867 1216 1942 δικαιοσύνῃ
1261 1875 1363 1939 τῆς
1413 1868 1604 1922 ἑαυτοῦ
1649 1865 1809 1939 δόξης
1855 1869 2009 1943 κορὲ-

2128 1872 2388 1941 inducat,
2413 1877 2479 1927 ut
2526 1877 2850 1945 martyrum
2894 1872 3040 1927 festa
3070 1871 3363 1945 spirituali
3414 1872 3585 1928 modo
3633 1870 3779 1928 cele-

365 1983 523 2031 σειεν,
558 1957 883 2037 ὲποιρθεῖσης
941 1956 991 2012 ἐν
1050 1959 1266 2031 Χριστῷ
1316 1956 1494 2023 Ἰησοῦ
1544 1958 1653 2029 (32)
1699 1955 1779 2029 τῷ
1828 1957 2010 2033 Κυρίῳ

2128 1960 2320 2030 bretis,
2345 1960 2795 2031 cmlestibusque
2818 1958 2933 2017 illis
2965 1959 3208 2030 deliciis,
3236 1961 3294 2016 in
3327 1960 3541 2033 quibus
3572 1959 3777 2017 laten-

362 2053 547 2124 ἡμῶν,
580 2049 625 2121 ᾦ
656 2050 690 2117 ἡ
725 2045 852 2117 δόξα
881 2046 970 2101 καὶ
999 2046 1061 2100 τὸ
1091 2046 1311 2120 κράτος,
1344 2047 1379 2114 ἡ
1406 2046 1541 2118 τιμή
1578 2045 1665 2099 καὶ
1697 2047 1731 2115 ἡ
1773 2044 2009 2120 προσκύ-

2128 2050 2271 2105 tium
2315 2050 2580 2104 omnium
2632 2048 2915 2104 habitatio
2964 2052 3053 2105 est
3072 2050 3135 2117 9°,
3161 2066 3260 2106 vos
3308 2049 3504 2116 donet,
3537 2053 3593 2104 et
3641 2065 3774 2104 curn

361 2160 517 2208 νησις
548 2137 623 2200 εἷς
654 2136 782 2198 τοὺς
816 2135 1017 2197 αἰῶνας
1045 2139 1153 2189 τῶν
1186 2133 1423 2190 αἰώνων.
1459 2135 1658 2207 Ἀμήν.

2128 2138 2347 2210 iustitia
2375 2142 2724 2211 apparentes
2753 2137 2937 2210 gloria
2969 2155 3077 2194 sua
3102 2138 3275 2194 satiet
3296 2139 3362 2210 οι,
3386 2155 3516 2210 quae
3535 2137 3772 2209 quidem

364 2230 623 2286 cernitur
652 2228 709 2283 in
743 2226 973 2283 Christo
1002 2226 1140 2283 Jesu
1186 2224 1429 2282 Domino
1460 2230 1679 2297 nostro,
1712 2225 1804 2281 cui
1836 2225 2039 2297 gloria,
2070 2231 2125 2283 et
2156 2227 2435 2301 potentia,
2466 2233 2526 2284 et
2554 2227 2760 2295 honor,
2792 2231 2848 2283 et
2885 2228 3146 2285 adoratio
3176 2227 3236 2284 in
3268 2226 3482 2284 saecula
3529 2226 3775 2282 seculo-

362 2337 518 2377 rum.
549 2322 753 2375 Amen.

422 2448 468 2482 ⁸⁷
504 2448 523 2502 Ι
553 2450 725 2503 Joan.
758 2462 835 2513 1v,
868 2445 953 2501 16.
1028 2444 1073 2479 ⁸⁸
1099 2443 1269 2499 Joan.
1304 2460 1431 2511 xm,
1463 2444 1554 2500 34.
1629 2444 1675 2480 ⁸9
1703 2443 1959 2518 Philipp.
1992 2462 2010 2500 ι

2195 2447 2240 2482 ⁹⁰
2270 2446 2421 2503 Psal.
2456 2462 2681 2513 LXXXVI,
2710 2446 2767 2502 7.
2844 2447 2887 2483 οι
2919 2445 3073 2503 Psal.
3106 2462 3224 2513 xvr,
3257 2447 3344 2502 15.

2194 2572 2303 2643 (32)
2331 2570 2687 2644 Ἐποφθείσης
2726 2568 2777 2645 ἐν
2826 2566 3272 2645 Χριστῷ-Ἰησοῦ.
3306 2573 3461 2645 Qum,
3492 2570 3551 2645 in
3601 2571 3775 2628 editis

2120 2642 2710 2714 sequuntur,'desunt
2732 2644 2792 2716 in
2823 2642 3013 2699 tribus
3046 2642 3372 2716 Regg.,_qui
3398 2643 3623 2716 addunt
3650 2650 3777 2716 tan:

2118 2719 2247 2770 tum
2285 2715 2339 2769 Ἀ
2353 2716 2482 2787 μήν.
2514 2716 2617 2787 Ita
2644 2715 2817 2787 Coisl.
2846 2719 2902 2787 2,
2935 2714 3156 2787 resecto
3178 2714 3382 2787 etiam
3430 2715 3627 2787 Ἀμήν.
3659 2715 3771 2787 Alii

2120 2783 2364 2859 addunt,
2398 2785 2443 2859 ᾦ
2472 2788 2507 2855 ἡ
2542 2783 2668 2855 δόξα
2696 2785 2774 2849 εἷς
2810 2784 2937 2847 τοὺς
2976 2785 3195 2847 αἰῶνας.
3221 2786 3422 2858 Ἀμήν,
3456 2783 3611 2843 «chi
3642 2786 3771 2859 glo-

2118 2859 2205 2915 ria
2235 2858 2293 2914 in
2324 2859 2555 2916 saecula.
2587 2860 2791 2916 Amen.

426 2572 543 2645 (28)
572 2569 945 2645 Nopoﬂanﬁo-n.
973 2590 1001 2619 «
1034 2567 1107 2624 Ut
1144 2568 1482 2639 fraternam,
1516 2573 1785 2625 mutuam
1817 2569 2005 2626 chari-

356 2642 542 2701 tatem
575 2642 818 2698 sanciat.
848 2663 869 2691 ι

428 2715 544 2787 (29)
577 2712 681 2787 Σὺν
714 2710 891 2787 1.67s?-
924 2712 1066 2787 βεδε·
1100 2710 1201 2783 ph,
1228 2707 1509 2787 συλλέγφε

429 2716 523 2787 (29
577 2715 681 2768 Σὺν
715 2715 891 2787 λόγῳ.
927 2715 1066 2783 Reg.
1100 2715 1201 2783 ph,
1228 2715 1509 2784 συλλόγῳ.

429 2715 544 2859 (30)
574 2784 673 2839 Καὶ
706 2783 783 2846 εἰς
811 2784 880 2838 τὰ
923 2780 1245 2857 ἔμπροσθεν.
1279 2782 1486 2839 Billius
1510 2800 1523 2839 :
1549 2806 1576 2833 (ι
1603 2784 1674 2839 ad
1708 2799 1773 2840 ea
1820 2801 1945 2857 qua:
1976 2802 2010 2841 8.

357 2860 547 2915 fronte
575 2862 736 2924 sunt,
759 2876 785 2908 ιι
822 2861 931 2913 etc.

429 2930 545 3003 (31)
577 2929 760 2990 Ἔνθα.
796 2952 823 2979 ‹‹
859 2927 1041 2983 Ubi.»

1109 3164 1257 3220 ²⁴⁷
1302 3171 1855 3263 MONlTUM
1908 3177 2024 3261 IN
2081 3174 2761 3266 ORATIONEM
2817 3178 3013 3264 XH.

437 3456 487 3515 Ι.
550 3453 1069 3533 Inaugurantium
1127 3450 1414 3533 manibus
1489 3473 1519 3506 «
1569 3449 1894 3525 cervicem,
1942 3469 2109 3533 non;
2141 3452 2421 3513 animum
2482 3453 2742 3513 ﬂexerat
2796 3472 2826 3509 ι
2919 3452 3253 3532 Gregorius
3311 3451 3456 3533 (33).
3515 3453 3757 3533 Itaque,

358 3531 1082 3614 postquam—ordinatus
1137 3536 1229 3593 est
1286 3532 1637 3614 episcopus,
1688 3531 2223 3610 quemadmodum
2278 3534 2412 3611 jam
2473 3540 2655 3594 antea
2714 3538 2856 3613 post
2893 3534 3203 3614 collatum
3252 3531 3370 3594 sibi
3426 3532 3765 3593 sacerdotii

358 3611 687 3690 ordinem,
769 3616 1024 3693 fugam,
1101 3631 1289 3691 quam
1348 3612 1462 3672 sub
1520 3611 1873 3693 ipsaqpene
1932 3630 2230 3673 manuum
2290 3611 2732 3692 impositioneﬁ
2769 3613 3229 3688 meditabatur,
3275 3614 3559 3691 arripuit.
3625 3615 3761 3693 Non

361 3702 607 3757 tantum
663 3691 1018 3756 solitudinis
1072 3711 1280 3764 amor,
1342 3710 1558 3751 verum
1617 3691 1805 3751 etiam
1865 3694 2337 3754 contentionum
2387 3691 2619 3767 timor,
2684 3694 2845 3755 hanc
2900 3695 3018 3772 ipsi
3074 3696 3286 3772 fugam
3344 3694 3560 3754 suasit.
3620 3692 3762 3752 Jam

356 3777 526 3838 enim
588 3794 885 3855 magnum
946 3779 1240 3855 eruperat
1294 3771 1840 3855 dissidium_inter
1884 3773 2225 3855 Basiliam
2266 3782 2326 3834 et
2387 3775 2827 3855 Anthimum,
2877 3771 3167 3851 quorum,
3205 3776 3366 3835 alter
3418 3776 3758 3855 Caesareae,

354 3858 519 3918 alter
573 3852 806 3935 Tyahaa
861 3862 997 3916 erat
1054 3854 1331 3914 antistes.
1395 3852 1795 3935 Cappadocia
1847 3853 2156 3935 siquidem
2214 3853 2277 3912 in
2337 3855 2494 3935 duas
2554 3854 2944 3935 provincias,
3009 3873 3161 3926 seu,
3239 3855 3302 3914 in
3381 3853 3769 3935 primam_et

352 3929 695 3998 secundam
748 3934 1128 4015 Cappociam
1187 3929 1544 4015 nuperrime
1602 3932 1829 4015 divisa,
1882 3929 2116 4015 factum
2149 3940 2286 4015 est,
2353 3941 2419 3994 ut
2482 3929 2572 3993 in'
2603 3934 2785 4015 duas,
2816 3951 3069 4012 quoque
3124 3929 3509 4015 metropoles
3556 3929 3764 4015 (divisa

354 4019 435 4078 sit
492 4011 855 4097 spiritualisf
885 4011 1191 4097 potestas.
1252 4013 1476 4097 Prima:
1536 4018 1756 4097 autem
1806 4012 2219 4097 Cappadociae
2278 4019 2545 4097 prmerat
2604 4013 2909 4097 Basilius,
2968 4011 3274 4097 secunda:
3335 4031 3479 4097 vero
3535 4011 3763 4097 Anthi-

354 4091 543 4159 musf
582 4097 738 4158 Hinc
794 4091 1194 4157 dissidiorum
1253 4093 1452 4171 origo.
1502 4116 1549 4173 ν‹‹
1590 4091 1866 4173 Plurima
1894 4116 1940 4173 ί»
2003 4092 2168 4153 enim
2210 4091 2389 4173 {ex
2444 4094 2638 4172 priori
2694 4112 2870 4155 novae
2932 4093 3265 4173 metropoli
3320 4092 3759 4173 adjungeban-

356 4185 462 4240 tur
516 4178 661 4257 (34).
726 4200 755 4233 »
839 4177 927 4238 De
998 4174 1254 4257 Sasimis
1328 4172 1641 4257 praecipue
1712 4170 2043 4257 litigabant
2100 4172 2288 4233 ambo
2347 4170 2666 4257 praesules.
2727 4174 2966 4257 Idcirco
3024 4192 3062 4235 a
3120 4170 3349 4257 Basilio
3398 4170 3760 4250 Theologus

354 4252 573 4319 noster
619 4252 873 4318 creatus
932 4262 1024 4316 est
1083 4254 1469 4316 Sasimorum
1542 4252 1896 4331 episcopus.
1960 4256 2114 4315 Cum
2173 4260 2381 4313 autem
2457 4255 2551 4314 vir
2624 4254 2796 4333 pacis
2874 4272 3095 4315 amans
3169 4256 3417 4316 timeret
3492 4271 3570 4313 ne
3642 4270 3757 4332 pro

359 4338 702 4401 Sasimensi
758 4336 901 4397 sede
961 4335 1189 4396 bellum
1252 4351 1470 4412 gerere
1526 4333 1861 4404 videretur,
1922 4356 1948 4387 α
1985 4332 2266 4394 concitus
2320 4334 2383 4393 in
2442 4332 2724 4396 montem
2784 4335 2964 4412 fugit,
3019 4342 3089 4396 ut
3143 4336 3351 4396 chara:
3409 4333 3764 4395 solitudinis

355 4418 600 4480 deliciis
654 4419 1001 4492 frueretur,
1082 4433 1273 4495 seque
1328 4419 1531 4475 totum
1600 4412 2018 4492 philosophiae
2074 4413 2266 4494 (35),
2326 4438 2356 4469 »
2443 4415 2507 4475 id
2565 4422 2659 4476 est
2729 4415 3026 4476 solitariaa
3082 4422 3144 4476 et
3205 4413 3565 4476 monasticaa
3618 4413 3762 4473 vitae

354 4498 791 4563 exercitationi
849 4520 879 4553 α
932 4496 1129 4557 daret.
1176 4519 1206 4551 »

439 4580 515 4641 II.
562 4580 787 4640 Verum
848 4576 1203 4655 Gregorius,
1266 4597 1294 4630 α
1346 4573 1488 4655 aliis
1539 4571 1846 4655 in‘rebus
1901 4578 2217 4646 constans,
2269 4598 2300 4629 »
2363 4581 2433 4634 ut
2488 4575 2566 4635 de
2623 4574 2877 4655 seipse
2930 4579 3197 4635 testatur
3253 4572 3417 4654 (36),
3485 4595 3517 4631 σι
3564 4571 3639 4655 ίῑιΔ
3685 4589 3760 4633 eo

356 4660 853 4748 erat__igr_1_avus,
914 4652 1336 4748 quodhpatris
1391 4653 1549 4748 iram
1609 4653 1770 4748 ferre
1826 4660 2257 4748 nonnposset.‘
2289 4678 2320 4710 »
2385 4656 2579 4748 Cessit
2632 4654 2825 4748 igitur
2879 4655 3168 4748 parenti,
3227 4652 3468 4748 et‘cirto
3505 4670 3558 4745 ,θ
3613 4652 3763 4745 fuga

353 4732 779 4802 rediit."l‘um
855 4732 1035 4817 pater
1090 4732 1319 4797 iterum
1374 4741 1564 4814 atque
1620 4734 1845 4794 iterum
1906 4732 2106 4795 ﬁlium
2166 4735 2598 4817 vehementius
2652 4732 2903 4817 hortari
2951 4736 3179 4814 coepit,
3262 4738 3333 4795 ut
3388 4732 3760 4795 Sasimensis

353 4820 653 4884 Ecclesia!
710 4816 987 4898 regimen
1044 4817 1406 4896 susciperet.
1466 4818 1604 4893 lpse
1660 4832 1827 4898 vero,
1877 4816 2355 4898 constanterin
2409 4816 2734 4897 prOposito
2789 4833 3214 4898 perseverans,
3276 4832 3533 4898 prorsus
3574 4830 3761 4898 recu-

354 4902 540 4963 savit.
602 4892 1087 4961 Tunc'demum
1144 4892 1345 4976 pater,
1406 4892 1538 4955 tum
1597 4894 1924 4976 precibus,
2001 4901 2135 4955 tum
2196 4892 2430 4972 minis,
2454 4892 2627 4975 ,tum
2685 4892 3099 4968 auctoritate,
3172 4892 3304 4955 tum
3364 4892 3753 4976 rationibus,

356 4980 654 5053 obtinuit,
716 4985 785 5040 ut
838 4979 1004 5039 ﬁlius
1062 4974 1187 5039 una
1237 4994 1445 5038 secum
1514 4998 1542 5033 ‹‹
1585 4974 1980 5035 collaborans
2038 4974 2459 5037 Nazianzenaa'
2495 4976 2786 5037 Ecclesiae
2843 4993 3059 5036 curam
3115 4981 3394 5054 gereret,
3457 4993 3530 5035 ac
3586 4975 3757 5034 velut

355 5080 611 5141 magna:
659 5060 907 5120 cuidam
958 5058 1209 5137 aquilas,
1258 5064 1321 5119 et
1367 5056 1663 5141 altissime
1713 5055 1969 5126 volanti,
2023 5056 2231 5141 pullus
2279 5076 2404 5141 non
2454 5057 2690 5141 inutilis
2738 5074 2772 5116 e
2818 5056 3459 5141 propi_nquo_circum
3509 5054 3758 5141 assidue

353 5135 602 5204 volaret
648 5141 822 5233 (3?);
874 5162 904 5233 3)-
980 5135 1052 5233 ορ
1112 5145 1319 5233 tamen
1378 5136 1759 5233 conditione,
1820 5141 1887 5195 ut
1943 5153 2020 5233 ne
2076 5135 2307 5233 invitus
2360 5137 2505 5233 huic
2551 5137 2927 5233 alligare-tur
2982 5136 3294 5210 Ecclesiae,
3352 5142 3435 5213 et,
3497 5140 3759 5216 parente

351 5213 1076 5293 mortuofdiscedendi,
1140 5225 1202 5279 et
1257 5235 1382 5297 quo
1441 5216 1626 5297 vellet
1681 5213 1944 5297 liberam
2005 5215 2262 5277 haberet
2321 5217 2595 5277 abeundi
2651 5215 3037 5277 facultatem.

433 5305 540 5365 ΙΙΙ.
588 5302 716 5361 Hac
760 5300 954 5379 igitur
1007 5295 1355 5369 occasione,
1405 5302 1468 5356 et
1522 5296 1643 5379 hoc
1673 5295 1834 5379 ipso
1861 5300 2191 5379 ‘tempore,
2248 5306 2514 5379 exeunte
2559 5297 2885 5379 nimirum
2915 5316 3079 5357 anno
3126 5296 3758 5379 372,)duodecimam

348 5384 521 5444 hanc
574 5374 923 5443 orationem
984 5380 1226 5440 habuit.
1287 5379 1355 5438 In
1414 5393 1495 5456 ea
1546 5374 1813 5456 debitas
1849 5376 2146 5451 Gregorio
2204 5378 2369 5455 patri
2430 5377 2644 5437 laudes
2702 5376 2943 5449 tribuit,
3002 5379 3134 5456 qui,
3188 5377 3301 5439 etsi
3359 5377 3581 5455 quovis
3636 5376 3760 5456 alio

349 5490 383 5523 ι(
435 5463 748 5525 valentior
804 5480 877 5523 ac
922 5460 1222 5521 fervidior
1272 5458 1375 5538 (n.
1436 5454 1553 5535 3),
1602 5478 1633 5509 »
1715 5452 2069 5532 adjutorem
2139 5452 2344 5518 tamen
2406 5457 2525 5517 sibi
2583 5463 2913 5536 quaereret,
2974 5452 3088 5518 nec
3145 5452 3472 5519 hominum
3522 5455 3763 5536 judicia

2185 5604 2297 5675 (36)
2330 5604 2496 5670 Ibid.,
2529 5621 2678 5660 vers.
2709 5605 2830 5661 493.

420 5615 540 5686 (33)
568 5613 759 5686 Carm.
792 5612 847 5681 2,
878 5625 1039 5686 vers:
1060 5609 1187 5667 487.

2185 5676 2300 5749 (37)
2327 5676 2421 5731 Or.
2454 5693 2556 5745 xn,
2588 5693 2644 5730 n.
2677 5677 2731 5733 5.

443 5689 534 5754 34)
565 5685 661 5741 Or.
696 5700 855 5754 XLIII,
889 5699 946 5737 n.
978 5682 1069 5738 58.

442 5752 535 5830 35)
567 5757 760 5815 Carm.
790 5752 849 5825 2,
878 5769 1028 5810 vers.
1064 5752 1187 5807 490.

679 5910 945 5975 Panos.
991 5907 1101 5969 Gn.
1147 5901 1389 5983 XXXV,

3361 5905 3397 5961 Ξ

3402 5904 3431 5965 ’ῑ
