4244 6216
436 407 554 468 845

1575 409 1866 471 ORATIO
1911 409 2041 469 XII.
2095 441 2164 454 —-—
2198 411 2300 470 AD
2346 409 2695 472 PATREM.

3727 413 3846 474 846

438 541 546 617 ρών
573 559 586 608 ;
617 539 708 594 τὸν
742 539 845 615 γὰρ
877 534 1058 594 Ναδὰὸ
1083 540 1171 594 καὶ
1222 535 1439 596 Ἀϐιοὺδ
1491 539 1623 594 ἑκὼν
1676 537 2076 616 ὑπερϐήσομαι,

2196 544 2366 598 eiiam
2400 548 2457 598 et
2486 544 2849 599 Ithamarum
2902 544 3150 600 Aaronis
3185 545 3334 601 filios
3383 547 3691 602 sacerdotii
3722 547 3847 605 oleo

439 627 542 684 δέει
587 637 686 698 τῆς
739 628 1132 707 βλασφημίαςο
1180 630 1266 683 καὶ
1317 637 1550 699 Μωυσῆς
1597 630 1712 693 ἀνθ’
1759 631 1950 684 ἑαυτοῦ
1995 630 2087 684 τὸν

439 721 645 789 Ἰησοῦν
708 716 1060 773 ἀναδείκνυσιν
1129 718 1207 773 ἔτι
1274 723 1377 787 ζῶν
1447 719 1562 773 ἀντὶ
1629 719 1926 792 νομοθέτου
1998 720 2086 773 καὶ

438 812 749 884 στρατηγοῦ
797 811 930 881 (45),
981 813 1096 869 τοῖς
1147 807 1231 862 ἐπὶ
1279 809 1377 876 τὴν
1437 816 1540 883 γῆν
1599 816 1700 876 τῆς
1765 806 2086 884 ἐπαγγελίας

436 896 846 974 ἐπειγομένοις;
899 897 994 951 Καὶ
1039 897 1100 950 τὸ
1156 897 1250 969 μὲν
1299 897 1399 973 γὰρ
1455 900 1568 970 (46)
1618 901 1714 951 τοῦ
1759 898 1966 970 Ἀαρὼν
1999 896 2086 950 καὶ

434 991 532 1041 τοῦ
579 989 681 1061 ’Ώρ
732 985 1198 1061 ὑποστηριζὸντων
1260 988 1355 1047 τὰς
1422 991 1611 1060 χεῖρας
1664 985 1932 1046 Μωυσέως
2002 985 2087 1038 ἐπὶ

434 1081 533 1130 τοῦ
564 1074 742 1150 ὅρους,
770 1074 843 1128 ’ἶν’
867 1077 980 1148 (47)
1009 1077 1036 1129 ὁ
1068 1073 1238 1148 Ἀμα)
1255 1075 1325 1142 ἢκ
1372 1075 1805 1148 καταπολεμηθῇ
1861 1077 1971 1146 (48)
2009 1077 2088 1144 τῷ

438 1169 670 1242 σταυρῷ,
721 1163 1000 1240 πόρρωθεν
1061 1162 1548 1241 σκιαγραφουμένῳ
1605 1165 1690 1218 καὶ
1738 1164 2084 1234 τυπουμένῳ,

438 1251 583 1310 δοκῶ
616 1256 730 1327 (49)
766 1275 858 1327 μοι
889 1255 1148 1330 παρήσειν
1191 1253 1349 1323 ἑκὼν,
1401 1254 1474 1315 ὡς
1524 1253 1584 1308 οὐ
1635 1250 1840 1330 σφόδρα
1887 1252 2084 1306 οἰκεῖον

435 1348 570 1417 ἡμῖν
603 1345 693 1399 καὶ
723 1343 1036 1423 πρόσφορον
1063 1363 1074 1376 ·
1111 1343 1172 1398 οὐ
1202 1345 1302 1419 γὰρ
1336 1343 1728 1417 συννομοθέτας
1761 1344 1948 1417 ᾑρεῖτο
1975 1341 2086 1414 (50)

432 1434 659 1496 τούτους
689 1436 948 1506 Μωυσῆς,
979 1431 1103 1488 ἀλλ’
1159 1433 1329 1508 εὐχῆς
1385 1432 1644 1508 βοηθοὺς,
1705 1433 1794 1487 καὶ
1842 1431 2087 1506 καμάτου

437 1530 640 1599 χειρῶν
670 1523 975 1600 ἐρείσματα.

510 1792 580 1848 Γ’.
617 1791 713 1846 Σοὶ
747 1787 804 1846 δὲ
833 1789 884 1844 τί
914 1790 1154 1866 πάσχει;
1187 1789 1240 1844 τί
1283 1790 1475 1862 κάμνει
1503 1806 1515 1845 :
1565 1789 1634 1842 Τὸ
1685 1793 1878 1861 σῶμα;
1928 1789 2086 1842 Ὑπο-

437 1880 702 1956 στηρίζειν
745 1879 968 1954 ’ὲτοιμος
1014 1882 1162 1953 (51)·
1235 1876 1379 1933 ἀλλᾶ
1440 1878 1529 1932 καὶ
1598 1876 1943 1953 ὑπεστήριξα,
1995 1877 2082 1932 καὶ

436 1968 791 2046 ἐστηρίχθην,
846 1968 920 2030 ὡς
972 1969 999 2022 ὁ
1054 1961 1244 2021 Ἰακὼϐ
1294 1965 1514 2038 ἐκεῖνος,
1565 1971 1850 2041 πατρικαῖς
1917 1963 2077 2020 εὐλο-

434 2059 599 2135 γίαις.
651 2056 827 2114 Ἀλλᾶ
873 2059 934 2112 τὸ
965 2061 1215 2130 πνεῦμα;
1266 2055 1358 2117 Τίς
1409 2055 1758 2132 ἰσχυρότερος
1799 2057 1933 2128 (52),
1992 2054 2082 2109 καὶ

437 2147 788 2224 θερμότερος,
840 2147 928 2202 καὶ
977 2151 1067 2200 νῦν
1131 2144 1386 2219 μάλιστα,
1448 2143 1558 2216 ὅσῳ
1615 2147 1680 2198 τὰ
1737 2151 1836 2213 τῆς
1887 2145 2081 2220 σαρκὸς

439 2232 718 2292 ὑποϐαίνει
767 2242 858 2291 καὶ
909 2235 1246 2306 ὑπεξίσταται
1455 2232 1635 2308 ὥσπερ
1686 2233 1846 2310 φωτὶ,
1884 2234 1945 2288 τὸ
1994 2234 2084 2287 ἀν-

434 2325 724 2404 τιφράττον
766 2325 854 2380 καὶ
904 2324 1291 2398 ἀντικείμενον,
1342 2323 1432 2378 καὶ
1479 2321 1694 2377 κωλύον
1734 2323 1833 2392 τήν
1863 2320 2086 2395 λαμπη-

438 2413 570 2470 δόνα
594 2442 608 2483 ;
641 2412 804 2469 Φιλεῖ
825 2414 925 2490 γὰρ
959 2415 1032 2476 ὡς
1061 2415 1127 2468 τὰ
1150 2411 1338 2467 πολλὰ
1373 2411 1756 2483 ἀντιπολεμεῖν
1787 2409 1954 2466 ταῦτα
1983 2413 2084 2466 ἀλ-

437 2502 640 2575 λήλοις
696 2503 786 2558 καὶ
835 2503 1264 2572 ἀντικαθέζεσθαι
1315 2503 1464 2576 (54)’
1517 2501 1606 2555 καὶ
1658 2504 1814 2572 σῶμα
1867 2501 1959 2574 μὲν
2007 2500 2089 2555 εὖ-

437 2597 634 2662 εκτεῖν,
661 2590 974 2665 καμνούσης
1005 2594 1210 2664 ψυχῆς,
1241 2591 1426 2664 ψυχὴν
1459 2586 1516 2643 δὲ
1728 2587 1948 2653 θάλλειν
1997 2587 2086 2643 καὶ

438 2683 550 2737 ἄνω
584 2680 827 2758 βλέπειν,
857 2685 963 2735 τῶν
1004 2677 1217 2749 ἡδονῶν
1273 2673 1676 2733 ὑποϐαινουσῶν
1727 2680 1816 2732 καὶ
1865 2699 2091 2733 συναπο-

725 2769 745 2802 1
941 2775 966 2784 υ
1084 2770 1095 2788 1
1395 2773 1422 2783 η’
1501 2769 1516 2788 \
1649 2767 1664 2788 κ
1712 2767 1736 2784 ν
1873 2789 1893 2802 ,
1936 2768 1950 2788 7
2041 2767 2053 2788 Ι

441 2783 856 2847 μαραινομενων
900 2792 979 2842 τῳ
1029 2790 1263 2843 σωμααι.
1318 2776 1425 2822 Σου
1471 2766 1528 2822 δε
1576 2789 1666 2822 και
1707 2766 1891 2829 αλλωι,
1933 2780 2088 2831 εθαυ-

441 2882 584 2934 μασα
611 2862 673 2916 τὸ
721 2860 986 2935 ἀρχαῖκὸν
1188 2857 1276 2913 καί
1322 2863 1587 2933 γενναῖον,
1621 2862 1737 2920 πῶς
1773 2855 1898 2912 οὐδὲ
1925 2862 2085 2911 τοῦτο

437 2946 645 3011 ἔδεισας
694 2951 827 3023 (57),
878 2944 1084 3025 σφόδρα
1132 2950 1235 3001 τῶν
1284 2952 1372 3001 νῦν
1417 2945 1662 3021 ὑπάρχον
1707 2950 1909 3022 καιρῶν
1953 2949 2084 3019 (58),

440 3040 516 3111 μή
571 3058 654 3092 σοι
701 3037 764 3092 τὸ
812 3041 1025 3109 πνεῦμα
1067 3035 1334 3113 πρόφασις
1384 3039 1640 3108 νομισθῇ,
1689 3035 1779 3090 καὶ
1820 3039 2089 3110 σαρκικῶς

433 3132 602 3182 ταῦτα
662 3121 957 3199 λαμϐάνειν
1019 3123 1263 3197 δοκῶμεν
1314 3129 1430 3185 τοῖς
1485 3121 1738 3194 πολλοῖς,
1798 3145 2088 3195 πνευματι-

434 3215 547 3278 κῶς
587 3213 1072 3292 προσποιούμενοι.
1126 3209 1346 3281 Ἐπειδὴ
1401 3211 1538 3287 μέγα
1584 3213 1645 3266 τὸ
1711 3218 1934 3289 πρᾶγμα
1999 3213 2089 3266 καὶ

2117 1925 2166 1990 Β

2199 633 2378 687 fuisse
2410 633 2699 688 delibulos
2722 634 2801 688 95‘?
2823 635 3023 689 Nadab
3055 635 3209 690 enim
3232 641 3289 690 et
3310 635 3499 690 Abiud
3523 638 3586 705 9°,
3610 654 3682 692 ne
3705 639 3845 708 quid

2198 721 2335 775 mali
2388 723 2600 778 ominis
2648 724 2924 794 importet
2970 724 3173 789 oratio,
3199 723 3466 780 consulto
3519 726 3845 797 praeteribo.

2196 811 2450 878 Moysom
2485 811 2745 882 insuper,
2777 830 2908 866 cum
2944 814 3136 868 adhuc
3166 814 3294 869 vitae
3327 831 3507 869 usura
3538 813 3845 887 frueretur,

2197 918 2301 954 suo
2337 901 2460 956 loco
2490 903 2691 956 Jesum
2727 903 3086 975 designasse,
3113 904 3211 974 qui
3245 903 3462 959 Judasis
3494 904 3563 958 ad
3596 905 3846 976 promis-

2198 990 2382 1044 sionis
2414 995 2625 1043 terram
2677 991 3127 1060 properantibus
3159 1010 3261 1062 pro
3311 992 3641 1063 legislatore
3671 1010 3737 1048 ac
3768 992 3850 1048 rei

2198 1078 2467 1132 militaris
2501 1080 2765 1150 praefecto
2797 1085 2988 1133 esset?
3021 1080 3187 1149 (Nam
3222 1080 3364 1134 illud
3400 1081 3645 1136 Aaronis
3675 1087 3851 1154 atque

2198 1167 2336 1236 Hur,
2371 1168 2464 1235 qui
2526 1167 2738 1238 Moysis
2786 1184 2995 1222 manus
3024 1169 3082 1221 in
3119 1175 3312 1223 monte
3346 1169 3496 1224 249
3548 1169 3849 1225 suffulcie-

2198 1257 2358 1321 bant,
2398 1265 2456 1309 ut
2488 1272 2590 1325 per
2621 1273 2848 1310 crucem
2880 1260 3041 1310 tanto
3066 1263 3198 1311 ante
3223 1257 3652 1324 adumbratam,
3676 1261 3847 1314 Ama-

2197 1344 2283 1398 lec
2316 1344 2744 1415 Opprimeretur
2766 1347 2828 1410 επ,
2864 1362 2976 1399 non
3021 1345 3236 1400 invitus
3267 1347 3847 1417 prietermittam,ve-

2198 1433 2284 1487 lut
2317 1433 2484 1488 nobis
2517 1434 2973 1504 haudquaquam
3014 1440 3216 1505 aptum
3268 1440 3442 1505 atque
3491 1435 3846 1507 appositum.

2197 1523 2571 1593 Neque-enim
2605 1540 2702 1578 eos
2722 1523 2780 1577 in
2805 1522 3000 1594 legum
3027 1525 3391 1579 institutione
3413 1525 3602 1579 socios
3623 1525 3850 1597 Moyses

2197 1611 2466 1681 habebat,
2498 1613 2599 1667 sed
2651 1613 2710 1667 in
2763 1612 3042 1668 orationis
3092 1614 3522 1685 adjumentum,
3563 1613 3849 1686 languen-

2196 1701 2463 1772 tiumquc
2496 1719 2778 1757 manuum
2813 1702 3077 1758 levamen
3108 1703 3472 1772 asciscebat.)

2271 1790 2361 1844 Ill.
2389 1791 2530 1853 Quid
2558 1796 2754 1846 autem
2779 1791 2881 1845 tibi
2908 1791 3213 1847 condolet?
3235 1792 3374 1863 quid
3400 1792 3656 1847 fatiscit?
3684 1795 3850 1849 Anne

2198 1881 2450 1951 corpus?
2481 1880 2724 1935 Paratus
2758 1881 2992 1952 quidem
3017 1898 3121 1953 ego
3156 1886 3219 1936 ut
3245 1881 3388 1936 illud
3421 1880 3697 1936 fulciam?
3729 1881 3848 1936 imo

2188 1969 2314 2038 jam
2348 1968 2566 2037 fulcivi,
2591 1975 2764 2040 atque
2797 1970 2918 2041 ipse
2942 1971 3218 2039 vicissim,
3246 1989 3360 2027 non
3390 1988 3559 2027 secus
3582 1987 3648 2027 ac
3668 1970 3848 2026 Jacob

2194 2057 2311 2123 ille,
2362 2060 2619 2129 paternis
2679 2059 3184 2115 benedictionibus
3246 2060 3431 2116 fultus
3488 2078 3619 2116 sum
3643 2061 3707 2114 ⁸⁸.
3758 2063 3846 2115 An

2194 2146 2481 2218 spiritus?
2511 2148 2648 2210 Quis
2680 2148 2994 2219 valentior,
3019 2155 3191 2220 atque
3222 2149 3512 2217 fervidior,
3543 2150 3651 2204 hac
3699 2165 3845 2221 pra;-

2196 2235 2396 2290 sertim
2429 2242 2750 2307 aztate,qua
2773 2238 2964 2292 carnis
2991 2239 3232 2294 affectus
3261 2238 3843 2308 subsidit,ceditque,

2196 2324 2349 2379 velut
2375 2325 2603 2393 lumini,
2628 2326 2685 2380 id
2711 2327 2864 2397 quod
2891 2328 3115 2397 objeclu
3145 2344 3250 2383 suo
3275 2328 3633 2399 adversatur,
3653 2325 3847 2399 splen-

2196 2412 2438 2484 dorique
2468 2414 2951 2485 impedimentum
3002 2415 3209 2471 affert?
3248 2415 3377 2470 Haec
3425 2416 3582 2472 enim
3631 2415 3848 2472 bellum

2197 2503 2351 2557 inter
2381 2519 2441 2557 se
2476 2509 2536 2557 ut
2570 2505 2886 2574 plurimum
2913 2509 3143 2575 gerunt,
3167 2510 3476 2576 castraque
3508 2521 3576 2559 ex
3607 2505 3850 2561 adverso

2199 2591 2449 2646 habent:
2478 2597 2533 2647 et
2581 2609 2792 2664 corpus
2823 2593 3058 2663 quidem
3091 2599 3403 2665 aegrotante
3454 2594 3653 2649 anima
3701 2592 3852 2649 belle

2199 2679 2404 2747 habet;
2440 2681 2638 2735 anima
2667 2685 2861 2736 autem
2896 2682 3079 2749 ﬂoret,
3106 2687 3280 2753 atque
3307 2686 3528 2738 erectos
3550 2682 3609 2737 in
3633 2681 3847 2738 ccelum

2199 2768 2398 2825 oculos
2430 2770 2622 2838 habet,
2650 2787 2782 2824 cum
2828 2770 3150 2842 voluptates
3191 2771 3502 2838 decedunt,
3526 2775 3704 2842 atque
3737 2785 3855 2825 una

2200 2875 2330 2912 cum
2371 2875 2607 2930 corpore
2645 2865 3028 2914 marcescunt.
3057 2858 3203 2921 Quin
3240 2864 3402 2915 tuam
3436 2876 3673 2931 quoque
3704 2864 3856 2915 vete-

2200 2962 2319 3000 rem
2355 2947 2791 3019 simplicitatem
2835 2948 3134 3019 animique
3167 2948 3616 3019 generositatem
3665 2947 3855 3004 demi-

2199 3036 2310 3090 rari
2346 3037 2488 3090 mihi
2514 3037 2711 3103 subiit,
2738 3037 2837 3108 qui
2871 3054 2940 3092 ne
2970 3037 3077 3092 hoc
3108 3037 3365 3108 quidem,
3392 3037 3546 3108 quod
3578 3036 3671 3094 his
3701 3041 3852 3094 tem-

2199 3124 2436 3195 qoribus
2470 3127 2788 3181 admodum
2836 3127 3107 3198 frequens
3147 3130 3254 3195 est,
3289 3127 3711 3199 providendum
3743 3126 3850 3181 tibi

2199 3214 2453 3284 duxeris,
2488 3233 2558 3269 ne
2607 3215 2869 3286 spiritus,
2901 3232 3012 3286 quo
3074 3216 3343 3285 moveris,
3379 3217 3548 3271 fucus
3605 3215 3848 3286 quidam

433 3306 770 3380 τυραννικὸν,
818 3305 907 3358 καὶ
959 3301 1253 3375 θαυμασίαν
1307 3299 1419 3356 οἵαν
1471 3298 1598 3376 ἔχον
1660 3301 1981 3370 ἀπόλαυσιν,
2033 3301 2084 3355 οἱ

2197 3318 2324 3358 esse
2356 3303 2739 3367 existimetur,
2763 3320 2829 3360 ac
2858 3321 2964 3359 nos
2995 3304 3254 3376 plerique
3277 3304 3494 3359 carnali
3527 3305 3698 3360 modo
3728 3305 3851 3360 ham

435 3393 642 3448 πολλοὶ
698 3392 1010 3466 νομίζεσθαι
1061 3393 1461 3462 πεποιήκασινο
1512 3391 1606 3445 κᾶν
1659 3388 1735 3445 ἔτι
1781 3391 2087 3466 στενοτέρας

433 3503 516 3545 τις
549 3484 664 3556 (59)
772 3483 909 3537 κατά
953 3481 1152 3550 ταύτην
1205 3483 1480 3554 προστατῇ
1524 3479 1612 3534 καὶ
1664 3478 1920 3554 ἐξηγῆται
1972 3480 2090 3534 ποί-

440 3593 600 3645 μνης,
642 3571 733 3626 καὶ
783 3569 952 3626 πλέον
999 3568 1268 3647 φερούσης
1315 3574 1420 3623 τῶν
1471 3566 1645 3638 ἡδέων
1696 3569 1763 3622 τὰ
1809 3568 2082 3644 μοχθηρά.

436 3665 606 3714 Τοῦιο
658 3661 751 3732 μὲν
803 3656 870 3728 δὴ
916 3665 1016 3728 τῆς
1067 3665 1165 3727 σῆς
1219 3655 1323 3712 εἴτε
1372 3657 1682 3727 ἁπλότητος
1731 3654 1836 3711 εἷίτε
1865 3655 2086 3734 φιλοτε-

437 3748 591 3811 κνίας
631 3751 766 3823 (60),
821 3748 906 3824 ὑφ’
952 3750 1020 3816 ἧς
1069 3747 1191 3801 οὕτε
1232 3767 1282 3802 τι
1326 3750 1434 3800 τῶν
1466 3750 1742 3820 πονηρῶν,
1777 3741 1898 3799 οὔτε
1926 3745 2084 3807 αὐτὸς

432 3835 743 3914 παραδέχῃ,
793 3835 916 3892 οὔτε
963 3836 1086 3910 περὶ
1134 3841 1240 3891 τῶν
1293 3834 1478 3890 ἄλλων
1529 3833 1727 3911 ῥᾳδίως
1762 3829 2084 3906 ὖπολαμϐά-

429 3947 558 3989 νεις’
615 3925 811 4004 (βραδὺ
858 3927 959 4002 γὰρ
1012 3926 1088 3987 εἰς
1157 3925 1413 3980 ὑπόνοιαν
1462 3928 1630 3979 κακοῦ
1678 3924 1740 3977 τὸ
1788 3924 1924 3998 πρὸς
1989 3945 2083 3976 κα-

423 4017 544 4072 κίαν
613 4014 974 4089 δυσκίνητονο)
1031 4014 1156 4089 ἐμοὶ
1229 4012 1285 4069 δὲ
1349 4015 1438 4068 καὶ
1494 4011 1740 4086 δεύτερον
1798 4011 1934 4086 πρὸς
1993 4013 2082 4066 τὸν

425 4103 533 4161 εἴτε
563 4107 652 4161 σὸν
688 4103 793 4160 εἷ’τε
823 4104 912 4160 καὶ
945 4103 1074 4178 ἐμὸν
1111 4104 1242 4159 λαὸν
1289 4106 1479 4158 τοῦτον
1535 4103 1743 4179 βραχέα
1793 4099 2082 4178 διαλεγθῆ-

425 4216 533 4252 ναι.

2199 3391 2457 3462 accipere
2488 3393 2810 3459 videamur,
2844 3393 3071 3446 tametsi
3106 3392 3398 3465 spirituali
3430 3393 3710 3465 accipere,
3734 3409 3850 3467 pra

2199 3480 2365 3535 nobis
2406 3481 2679 3536 feramus.
2708 3481 3198 3553 Quandoquidem
3244 3483 3562 3537 multorum
3596 3483 3734 3538 vitio
3767 3483 3852 3539 fa-

2198 3577 2353 3624 ctum
2387 3574 2493 3637 est,
2513 3574 2573 3623 ut
2604 3571 2723 3624 hinc
2746 3571 3022 3641 dignitas,
3047 3571 3242 3642 ampla
3274 3578 3330 3626 et
3361 3572 3536 3641 regia,
3560 3572 3849 3626 mirificis-

2198 3677 2309 3731 quc
2363 3662 2673 3730 cujusdam
2725 3661 3040 3732 voluptatis
3099 3662 3269 3732 plena
3327 3679 3454 3717 esse
3506 3661 3851 3731 judicetur:

2197 3749 2521 3820 quamlibet
2565 3750 2739 3804 etiam
2792 3750 3137 3821 angustiori,
3171 3767 3348 3821 quam
3383 3749 3458 3805 sit
3493 3750 3582 3804 hic
3630 3754 3851 3816 noster,

2195 3838 2352 3908 gregi
2382 3838 2673 3908 quispiam
2704 3839 2917 3908 praesit,
2948 3838 3202 3909 plusque
3235 3838 3639 3893 molestiarum
3670 3853 3852 3908 quam

2195 3924 2560 3996 voluptatum
2595 3926 2876 3981 efferenti.
2910 3929 2986 3979 Ac
3018 3927 3088 3980 de
3119 3932 3218 3980 tua
3247 3926 3484 3997 quidem
3516 3925 3636 3980 sive
3667 3923 3850 3980 animi

2194 4014 2593 4085 simplicitate,
2619 4015 2736 4069 sive
2770 4019 3012 4085 paterna
3060 4013 3388 4080 dilectione,
3411 4030 3526 4085 qua
3557 4014 3622 4068 ﬁt
3652 4018 3715 4068 ut
3743 4028 3849 4068 nec

2193 4103 2317 4175 ipsc
2348 4103 2664 4174 quidquam
2699 4109 2867 4175 turpe
2899 4103 3194 4168 admittas,
3231 4118 3334 4157 nec
3368 4103 3436 4157 de
3467 4101 3599 4158 aliis
3631 4106 3849 4158 temere

2193 4192 2510 4264 suspiceris
2535 4196 2663 4262 (nec
2693 4192 2848 4247 enim
2884 4193 2934 4246 is
2969 4192 3136 4248 facile
3159 4193 3228 4247 de
3258 4191 3369 4247 alio
3402 4191 3621 4247 malum
3654 4188 3850 4263 suspi-

426 4291 614 4357 catur,
641 4286 739 4358 qui
773 4302 895 4352 non
920 4283 1089 4341 facile
1120 4285 1193 4341 ad
1225 4283 1447 4340 malum
1479 4281 1842 4354 impellitur),
1868 4281 1988 4336 haec
2018 4279 2163 4337 mihi
2197 4282 2350 4336 dicta
2381 4281 2698 4337 sufﬁciant.
2725 4281 3000 4353 Sequitur
3022 4282 3169 4352 jam,
3199 4286 3263 4336 ut
3289 4281 3520 4336 brevem
3552 4280 3626 4337 ad
3655 4283 3824 4336 tuum

425 4374 515 4431 vel
547 4376 716 4431 etiam
752 4391 972 4438 meum.
1005 4375 1160 4430 hunc
1187 4373 1474 4446 populum
1507 4373 1828 4428 orationem
1860 4371 2129 4426 habeam.

505 4468 575 4520 A’.
628 4463 1090 4539 Τετυραννήμεθα,
1171 4471 1216 4515 ὼ
1273 4458 1426 4539 φίλοι
1480 4459 1570 4514 καὶ
1628 4456 1887 4537 ἀδελφοί.
1951 4459 2169 4531 ὑμΞςΙ)

426 4552 557 4628 γὰρ,
600 4551 764 4607 εἶκαὶ
814 4553 892 4626 μὴ
936 4551 1080 4624 τότε,
1124 4549 1270 4606 ἀλλὰ
1297 4554 1388 4606 νῦν
1423 4543 1830 4623 ἐπιϐοησόμεθα
1863 4567 1874 4580 ’
1938 4568 2094 4603 τετυ-

2274 4461 2362 4515 IV.
2400 4461 2497 4515 Vis
2549 4461 2718 4516 nobis
2770 4459 2944 4516 allata
2991 4463 3100 4527 est,
3147 4461 3355 4514 fratres
3404 4463 3461 4514 et
3506 4457 3711 4527 amici;
3759 4470 3851 4513 ve-

2205 4555 2385 4606 stram
2410 4550 2565 4605 enim
2599 4550 2798 4613 ﬁdem,
2820 4549 2868 4605 si
2903 4566 3017 4605 non
3040 4566 3104 4604 eo
3135 4554 3420 4620 tempore,
3438 4564 3595 4604 nunc
3615 4546 3854 4620 quidem

505 4724 550 4762 ⁹⁸
581 4724 760 4782 Levit.
792 4741 917 4794 vm,
949 4725 1006 4780 2.
1082 4725 1126 4760 95
1156 4723 1336 4780 Levit.
1364 4740 1421 4792 x,
1455 4723 1503 4778 1.
1581 4722 1623 4758 9"
1654 4722 1833 4778 Exod.
1864 4737 2004 4791 xvn,
2039 4722 2126 4776 12.
2203 4720 2247 4756 9°
2278 4719 2421 4776 Gen.
2450 4737 2626 4789 xxvn,
2655 4721 2743 4775 28.

500 4896 614 4969 (45)
645 4897 790 4951 Ἀντι
819 4892 1122 4970 νομοθέτου
1151 4896 1241 4949 καὶ
1287 4896 1613 4970 στρατηγοῦ.
1649 4915 1672 4946 (ι
1706 4894 1812 4960 Qui
1845 4893 2081 4966 legisla-

425 4967 1056 5056 torilset'imperatoris
1086 4974 1284 5056 partes
1314 4967 1636 5056 eigpleret.‘»

497 5041 612 5114 (46)
642 5039 740 5094 Καὶ
772 5037 842 5093 τὸ
895 5040 987 5114 μὲν
1036 5037 1156 5114 γάρ.
1206 5042 1294 5114 Ita
1349 5037 1527 5114 R’egg,
1560 5040 1711 5114 _bm_
1749 5041 1805 5093 et
1861 5037 1963 5092 hu.
2014 5038 2077 5092 In

497 5061 612 5114 (4ο)
643 5061 740 5094 na:
780 5061 842 5124 το
894 5061 987 5166 μεν
1036 5061 1294 5124 γαρ.-ιῐ.8.
1351 5061 1527 5127 negg;
1559 5061 1690 5122 .um

424 5111 598 5186 Coisl.
632 5114 685 5186 17.
715 5117 820 5186 Του
854 5132 893 5182 μ
923 5132 949 5166 ν
977 5115 1080 5186 γᾷρ
1111 5131 1224 5170 του.
1259 5113 1432 5167 Deest
1462 5131 1525 5164 το
1557 5127 1615 5166 In
1646 5109 1737 5165 ed.

521 5185 611 5253 47)
641 5183 757 5239 ”Ιν’.
790 5181 971 5253 013,1,
991 5181 1138 5238 Ἰίνά..

521 5185 588 5239 47
641 5185 757 5239 ”Ιν’.
790 5185 886 5239 Or.
921 5186 971 5253 1,
1002 5185 1138 5238 ἵνα..

496 5185 611 5328 (48)
671 5251 1135 5327 Καταπολεμηοῇ.
1193 5277 1221 5306 α
1277 5254 1653 5320 Vinceretur,
1715 5266 2078 5322 expugnare-

427 5330 599 5382 tur.»

493 5399 608 5472 (49)
640 5400 813 5472 domi).
845 5395 1121 5472 Nonnulli
1152 5397 1402 5464 codices,
1433 5391 1582 5447 δοκεῖ
1615 5411 1730 5464 μοι.

516 5471 609 5560 gl)?
638 5469 872 5558 :Hpsi’ro.
912 5469 1251 5560 achle'geral.
1284 5491 1311 5518 ››
1335 5536 1462 5560 ΝΗ,
1677 5538 1694 5560 ⁸
1769 5533 1844 5560 ,μ’

516 5533 608 5614 51)
639 5533 1042 5615 Ὑποστηρίζειν
1064 5533 1310 5615 ἕτοιμος.
1335 5536 1562 5605 Billius,
1590 5558 1616 5585 ‹‹
1641 5538 1700 5591 at
1725 5533 1868 5588 nihil
1895 5551 2079 5590 causa:

424 5612 1101 5684 dico,'quominusillud
1135 5613 1394 5668 fulciam.
1423 5632 1450 5657 »

493 5677 607 5760 (ξιξ)
626 5677 724 5760 ’Τίς
757 5682 1132 5760 ἰσχυρότερα·
1166 5683 1306 5756 Res-
1331 5700 1402 5760 ἢ».
1420 5677 1508 5732 καὶ
1540 5677 1620 5730 τά·

494 5703 587 5752 (ΟΖ
648 5703 724 5745 ιἰς
759 5703 810 5738 ῑσ
857 5703 1132 5760 υροτερος.
1167 5703 1306 5756 “Bg.
1335 5703 1388 5747 8.,
1420 5703 1508 5732 και
1540 5703 1614 5730 το.

494 5703 609 5832 (53)
640 5703 1026 5828 ἰ’πεξῶταται.
1063 5758 1200 5829 Reg.
1234 5772 1288 5824 a,
1328 5751 1614 5824 ἐξίσταται.

2265 4892 2376 4963 (54)
2439 4891 2919 4959 Ἀντικαθὲζεσθαι.
2982 4891 3119 4962 Reg.
3181 4891 3283 4961 hu,
3355 4887 3840 4944 ἀντικαθιστασθαι.

2187 4965 2271 5019 Ad
2306 4979 2490 5034 marg.
2523 4983 2608 5037 γρ.
2634 4963 3090 5037 καὶῗκαθέζεσθαι.

2399 5028 2596 5122 ξξσχῆν
2631 5032 2882 5122 δεηῐὶεξξ.
2906 5028 2995 5122 ξὴμ
3031 5038 3087 5122 et
3114 5037 3206 5116 (ρι’.
3240 5032 3475 5120 incum
3509 5028 3584 5086 δέ.

2261 5051 2373 5106 (οδ)
2403 5051 2596 5122 ψυχην
2631 5051 2706 5090 οε.
2745 5051 2882 5162 neE.
2920 5051 2995 5088 nu
3031 5051 3087 5089 et
3114 5051 3206 5088 ur.
3240 5051 3290 5099 1,
3323 5051 3360 5103 ψ

2402 5106 2485 5197 Ξὺν
2504 5106 2805 5197 αρχοξςκόνζ
2845 5106 2996 5197 ³οἰξ1.
3033 5107 3082 5171 1,
3114 5102 3361 5197 ἀρχῖξκένέ

2261 5174 2374 5250 (57)
2408 5174 2684 5238 ΙΙῶςοῦδὶ
2714 5181 2874 5232 τοῦτο
2907 5174 3130 5236 εδεισας.
3153 5174 3320 5239 aQui
3344 5175 3452 5232 hoc
3473 5174 3689 5231 veritus
3722 5189 3837 5230 non

2191 5251 2293 5317 sis,
2327 5266 2399 5304 ne
2421 5272 2447 5299 ››
2482 5255 2591 5305 etc.

2262 5314 2374 5391 (58)
2405 5324 2519 5373 Τῶν
2550 5325 2710 5393 νῦν...
2757 5323 2982 5393 καιρῶν.
3015 5318 3190 5393 Coisl.
3227 5314 3387 5393 1,-τῷ
3416 5319 3577 5375 νῦν...
3610 5317 3804 5389 καιρῷ.

2262 5390 2372 5464 (59)
2408 5392 2726 5467 Στενοτέρας
2755 5390 2860 5452 τεςζ
2891 5393 2984 5446 Sic
3012 5392 3132 5467 duo
3152 5390 3356 5467 _Qoisl.,
3384 5405 3633 5460 quorum
3667 5402 3842 5454 unus,

2189 5462 2514 5537 στενωτέρας
2544 5462 2645 5524 τιςξ
2678 5470 2861 5537 Deest.
2894 5483 2976 5537 fit:
3010 5462 3068 5537 it]
3094 5462 3293 5537 peditis.

2261 5525 2987 5612 (60)-Ἐῖξτευιριλοτεκνίας,
3046 5531 3368 5612 Sicﬁoigl.
3517 5535 3575 5612 et
3746 5525 3843 5612 βία

2189 5593 2366 5680 etiam
2399 5606 2541 5678 legit
2572 5593 2802 5674 Billius,
2827 5593 3092 5679 quamvis
3123 5604 3259 5662 edit.
3294 5603 3419 5658 Par.
3445 5602 3654 5657 habeat
3683 5593 3840 5680 φιλο·

2185 5677 2423 5753 τεχνίας,

3779 5755 3935 5871 .9"

4153 2945 4155 3046 ι

4150 4085 4155 4264 γ

4150 4715 4155 4842 ι
