4244 6216
40 186 75 207 νη,
114 188 151 207 .ι

8 208 93 295 λι
142 236 145 239 λ

20 326 29 361 1
84 324 87 333 .

145 1097 156 1110 η

100 1574 101 1583 “
139 1589 158 1624 '.

100 2058 105 2073 ι
139 2065 142 2070 .

0 3195 35 3249 .
131 3225 140 3230 Ξ

2 3376 43 3445 τι

18 3470 47 3499 ὅ

26 3588 93 3625 ⁷λί

0 3636 109 3779 ἒ,
163 3747 166 3758 .

0 3919 113 4012 ξύ,
193 3964 196 3970 λ

0 4161 87 4272 τ

0 4234 113 4315 ,τιδι’

4 4402 93 4471 .rs',

10 4524 57 4563 δελ
102 4524 109 4563 ἶ

0 4573 20 4614 ι’
70 4582 105 4621 t1

14 4636 109 4733 ξιξ

12 4782 13 4785 η
100 4764 107 4791 ἑ

10 4918 105 5039 ξιτ)

7 5065 10 5072 -
44 5034 105 5103 "at?

8 5192 103 5247 ’~’.'
137 5229 148 5246 ι

0 5344 63 5410 IV»
85 5377 108 5418 ε,

0 5419 70 5520 δέ
113 5535 116 5538 .

0 5651 4 5678 :
109 5641 138 5726 ,ζ

135 5871 191 5896 ἠτ.

578 442 691 499 84⁸7

1789 433 1852 491 S.
1902 435 1944 492 G
1959 432 2268 492 REGOBII
2316 430 2730 491 THEOLOGI.

3869 432 3988 491 848

579 579 731 629 certe
763 571 1115 642 implorabo;
1158 569 1295 634 vim,
1331 568 1588 637 inquam,
1623 567 1790 621 nobis
1845 566 2058 630 attulit,
2101 570 2213 619 tuni

2344 563 2650 638 ραννήμεθα
2680 565 2824 636 γήρᾳ
2853 562 3055 638 πατρὸς
3083 564 3173 616 καὶ
3226 562 3391 638 φίλου
3441 564 3574 635 (61),
3617 559 3704 615 ’ίνα
3757 563 3990 638 μετρίως

579 663 764 735 patris
795 665 1089 724 senectus,
1127 664 1248 713 tum
1281 658 1474 723 amici,
1502 662 1566 711 ut
1595 655 1799 711 leniter
1829 657 2041 722 dicam,
2067 655 2224 709 boui-

578 751 792 823 gnitas.
815 752 894 804 Ac
925 748 1093 812 mihi,
1117 764 1337 818 quaeso,
1375 765 1472 816 pro
1524 751 1715 799 vestra
1760 745 2009 814 quisque
2044 743 2226 797 facul-

577 846 716 906 tate,
741 855 911 910 opem
960 839 1178 902 afferte,
1206 851 1272 890 ac
1323 852 1563 889 manum
1621 833 1895 905 porrigite
1925 849 2222 903 oppresso,

579 933 755 999 atque
787 945 822 983 a
849 927 1165 998 cupiditate
1207 929 1263 980 et
1305 923 1514 995 spiritu
1545 923 1698 977 varie
1731 923 1883 978 250
1924 922 2221 976 distracto.

577 1016 684 1072 Illa
727 1017 947 1089 fugam,
974 1019 1032 1070 et
1080 1018 1326 1078 montes,
1361 1017 1418 1067 et
1465 1011 1832 1076 solitudines,
1859 1016 1916 1064 et
1967 1010 2226 1080 corporis

577 1109 754 1176 atque
792 1104 972 1159 animi
1005 1102 1282 1174 quietem,
1317 1100 1615 1169 mentique
1644 1099 1702 1152 in
1735 1099 1988 1169 seipsam
2035 1115 2222 1153 seces-

577 1193 825 1261 sionem,
848 1197 904 1246 et
924 1209 956 1246 a
979 1190 1249 1246 sensibus
1281 1187 1676 1243 collectionem
1700 1189 1926 1255 suadet,
1952 1193 2015 1241 ut
2036 1189 2224 1241 omni-

576 1282 688 1335 bus
721 1281 966 1335 maculis
998 1295 1213 1333 vacuus
1258 1277 1738 1332 consuetudinem
1770 1293 1901 1330 cum
1960 1276 2072 1329 Deo
2122 1277 2223 1330 ha-

577 1360 768 1434 beam,
809 1369 1176 1440 Spiritusque
1206 1366 1514 1438 splendore
1544 1382 1687 1436 pure
1717 1365 2039 1429 collustrer,
2066 1365 2226 1419 nulla

573 1458 796 1514 scilicet
825 1463 1055 1512 terrena
1085 1461 1142 1510 et
1185 1455 1418 1510 turbida
1450 1471 1510 1508 re
1541 1471 1602 1508 se
1647 1455 2024 1521 admiscente,
2050 1458 2223 1524 atque

571 1547 632 1600 in
664 1546 863 1601 lumen
896 1545 1157 1599 divinum
1208 1544 1516 1610 incidente,
1551 1559 1856 1613 quousque
1905 1544 1974 1596 ad
2027 1543 2222 1613 ipsum

573 1637 810 1690 tandem
841 1634 1137 1689 radiorum
1174 1632 1351 1699 hujus
1382 1631 1510 1686 vitae
1544 1636 1758 1686 fontem
1793 1633 2222 1702 perveniamus,

575 1741 640 1778 ac
670 1723 931 1794 depulsis
964 1739 998 1776 a
1027 1721 1264 1776 veritate
1290 1719 1566 1790 speculis,
1590 1720 1877 1775 desiderio
1909 1725 2105 1775 nostro
2128 1737 2224 1774 cu-

573 1812 921 1884 piditatique
951 1811 1127 1865 finem
1159 1810 1555 1880 imponamus.
1580 1809 1681 1863 Hic
1712 1815 1931 1878 contra,
1958 1809 2224 1864 hortatur

574 1907 639 1956 ut
668 1902 726 1956 in
758 1900 1016 1956 medium
1042 1899 1340 1970 prodeam,
1365 1897 1725 1967 publicasque
1757 1897 1993 1952 utilitati
2015 1914 2222 1952 consu-

573 1991 713 2058 lam,
737 1994 913 2061 atque
937 1987 1358 2057 aliosjuvando
1382 1987 1669 2056 meipsum
1700 1988 1909 2056 iuvem,
1935 1987 2221 2042 divinum-

573 2097 684 2150 que
717 2078 1087 2150 splendorem
1111 2077 1170 2129 in
1194 2074 1492 2146 publicum
1527 2076 1838 2145 proferam,
1863 2083 1920 2130 et
1941 2077 2010 2129 ad
2035 2077 2217 2130 Deum

571 2170 858 2224 adducam
890 2166 1168 2222 eximium
1210 2164 1513 2235 populum,
1547 2171 1778 2235 gentem
1811 2171 2096 2229 sanctam,
2130 2182 2217 2219 re-

567 2257 697 2329 gale
728 2255 1118 2312 sacerdotium
1145 2255 1209 2320 9°,
1256 2257 1430 2323 atque
1478 2254 1791 2324 imaginem
1841 2254 1900 2307 in
1951 2252 2217 2324 pluribus

568 2348 1004 2417 perpurgatam.
1032 2342 1103 2397 Ut
1125 2341 1279 2396 enim
1303 2341 1508 2396 hortus
1543 2342 1904 2412 praestantior
1926 2347 2013 2396 est
2039 2359 2216 2412 quam

567 2436 747 2505 stirps
773 2450 912 2499 una,
933 2438 989 2486 et
1010 2430 1222 2486 coelum
1247 2431 1586 2485 universum
1610 2447 1743 2484 cum
1767 2432 1890 2485 suis
1913 2448 2218 2485 ornamen-

566 2525 664 2591 tis,
689 2539 866 2594 quam
927 2520 1100 2575 unica
1155 2518 1346 2584 stella,
1369 2524 1425 2574 et
1476 2536 1685 2590 corpus
1736 2537 1914 2590 quam
1978 2521 2216 2575 unicum

567 2613 930 2677 membrum;
990 2610 1073 2663 ita
1120 2609 1273 2679 apud
1327 2608 1508 2664 Deum
1560 2607 2038 2678 praestabiliorem
2091 2626 2216 2664 esse

567 2703 744 2756 istam
788 2697 1102 2754 Ecclesiam
1153 2702 1304 2751 recte
1354 2695 1758 2767 compositam,
1795 2714 1909 2751 uno
1958 2698 2213 2764 homine,

570 2790 670 2860 qui
704 2787 892 2843 ofﬁcio
923 2803 1028 2843 suo
1063 2786 1239 2857 probe
1273 2785 1534 2857 fungitur
1567 2803 1579 2839 :
1614 2791 1788 2856 atque
1836 2787 2012 2841 etiam
2047 2804 2214 2858 opor-

569 2885 710 2944 tere,
735 2894 850 2932 non
877 2893 982 2930 sua
1000 2891 1292 2947 quemque
1313 2874 1593 2928 duntaxat
1611 2877 1916 2928 commoda
1938 2881 2216 2946 spectare,

571 2969 672 3024 sed
705 2972 761 3022 et
790 2965 1041 3021 aliorum
1073 2963 1357 3018 rationem
1390 2962 1622 3017 habere.
1645 2962 1789 3017 Nam
1821 2964 1944 3034 ipse
1988 2981 2220 3035 quoque

573 3053 970 3120 Christus,cui
1007 3070 1140 3109 cum
1173 3052 1231 3106 in
1263 3068 1368 3106 suo
1401 3051 1617 3106 honore
1648 3069 1713 3106 ac
1745 3053 1956 3107 deitate
1987 3070 2221 3109 manere

574 3146 808 3211 diceret,
836 3160 949 3198 non
982 3142 1172 3197 solum
1198 3157 1385 3212 usque
1412 3141 1481 3196 ad
1512 3141 1660 3195 servi
1684 3141 1930 3196 formam
1960 3143 2221 3214 seipsum

573 3233 890 3289 exinanivit
907 3234 946 3299 ¹,
972 3231 1072 3286 sed
1094 3231 1295 3297 etiam,
1319 3234 1652 3300 contempta
1675 3231 2015 3301 ignominia,
2033 3233 2221 3287 crucis

2338 651 2492 722 εἷ’πω,
2527 653 2882 728 χρηστότητι.
2919 651 3016 705 Καί
3053 674 3142 725 μοι
3179 653 3450 724 βοηθεῖτε,
3488 650 3634 712 ὅστις
3668 651 3724 705 ἂν
3768 652 3879 713 οἶός
3935 675 3990 707 τε

2334 741 2394 814 ᾖ,
2443 743 2530 795 καὶ
2581 739 2701 795 δότε
2750 748 2909 817 χεῖρα
2961 742 3292 814 πιεζομένῳ,
3338 741 3426 796 καὶ
3487 738 3827 813 διελκομένῳ
3881 741 3986 795 ὑπὸ

2334 830 2505 893 πόθου
2563 830 2650 884 καὶ
2695 833 3035 903 πνεύματος·
3090 832 3117 883 ὁ
3182 831 3273 903 μὲν
3329 830 3619 904 εἰσηγεῖται
3693 828 3988 904 δρασμοὺς,

2333 921 2422 972 καὶ
2452 915 2578 994 ὄρη,
2623 921 2709 973 καὶ
2760 919 3013 993 ἐρημίας,
3066 920 3154 973 καὶ
3203 919 3432 995 ’ἡσυχίαν
3464 923 3647 994 ψυχῆς
3677 919 3766 973 καὶ
3797 921 3986 992 σώμα-

2332 1030 2446 1074 τος,
2497 1009 2585 1062 καὶ
2634 1010 2721 1062 τὸν
2771 1014 2890 1062 νοῦν
2941 1009 3018 1070 εἷς
3089 1009 3272 1063 ἑαυτὸν
3323 1009 3697 1084 ἀναχωρῆσαι,
3755 1009 3844 1062 καὶ
3896 1031 3988 1063 συ-

2335 1105 2627 1174 στραφῆναι
2676 1098 2780 1151 ἀπὸ
2825 1103 2930 1152 τῶν
2981 1097 3305 1168 αῗσθήσεων,
3357 1097 3494 1151 ὥστε
3547 1095 3761 1170 ὁμιλεῖν
3797 1097 3965 1167 ἀκηλι

2335 1184 2523 1248 δώτως
2555 1192 2686 1258 Θεῷ,
2708 1188 2794 1240 καὶ
2845 1193 2964 1248 ταῖς
3011 1191 3107 1241 τοῦ
3158 1186 3467 1259 ΙΙνεῦματος
3514 1186 3703 1262 αὐγαῖς
3743 1189 3988 1259 καθαρῶς

2333 1275 2797 1350 ἐναστράτττεσθαι,
2865 1274 3094 1348 μηδενὸς
3178 1275 3598 1350 ἐπιμιγνυμένου
3668 1281 3772 1330 τῶν
3841 1276 3987 1330 κάτω

2333 1367 2418 1417 καὶ
2469 1366 2728 1439 θολερῶν,
2788 1363 2924 1436 μηδὲ
2978 1370 3055 1434 τῷ
3102 1365 3229 1436 θείῳ
3279 1367 3414 1442 φωτὶ
3483 1364 3985 1439 παρεμπίπτοντος,

2331 1449 2433 1512 ἕως
2465 1452 2522 1506 ἂν
2556 1452 2639 1506 ἐπὶ
2672 1454 2767 1521 τὴν
2801 1455 2981 1526 πηγὴν
3017 1448 3263 1526 ἔλθωμεν
3288 1458 3394 1506 τῶν
3444 1451 3576 1528 τῇδε
3626 1454 3986 1529 ἀπαυγασμά-

2331 1563 2459 1612 των,
2493 1543 2580 1595 καὶ
2613 1547 2823 1614 στῶμεν
2855 1540 2950 1596 τοῦ
2990 1542 3158 1596 πόθου
3205 1544 3294 1596 καὶ
3344 1549 3441 1610 τῆς
3496 1541 3746 1619 ἐφέσεως,
3803 1541 3988 1596 λυθέν-

2331 1651 2436 1683 των
2483 1636 2587 1683 τῶν
2641 1630 2914 1705 ἐσόπτρων
2965 1635 3032 1704 τῇ
3085 1629 3327 1700 ἀληθείᾲ.
3380 1629 3641 1686 Βούλεται
3694 1633 3805 1703 (62)
3835 1633 3897 1683 τὸ
3931 1628 3986 1684 δὲ

2333 1719 2405 1779 εἷς
2459 1721 2617 1791 μέσον
2666 1722 2833 1794 ἄγειν,
2880 1720 2967 1774 καὶ
2999 1726 3360 1797 καρποφορεῖν
3394 1725 3473 1791 τῷ
3503 1724 3669 1790 κοινῷ
3707 1719 3984 1792 βούλεται,

2330 1809 2418 1861 καὶ
2450 1814 2608 1863 τοῦτο
2641 1808 2990 1886 ὠφελεῖσθαι,
3021 1810 3082 1863 τὸ
3115 1809 3346 1886 ὠφελεῖν
3381 1807 3687 1879 ἀλλήλους,
3739 1808 3828 1862 καὶ
3879 1805 3944 1877 δη
3967 1840 3984 1849 -

2335 1898 2600 1970 μοσιεύειν
2645 1900 2742 1966 τὴν
2797 1893 3096 1971 ἔλλαμψιν,
3143 1898 3233 1952 καὶ
3260 1896 3546 1973 προσάγειν
3583 1901 3698 1968 Θεῷ
3731 1895 3860 1951 λαὸν
3893 1917 3988 1950 πε-

2331 1987 2588 2060 ριοῦσιον,
2691 1984 2840 2048 ἔθνος
2929 1987 3104 2061 ἃγιον,
3187 1986 3460 2061 βασίλειον
3544 1986 3857 2060 ἱεράτευμα,
3931 1985 3982 2039 ἐν

2328 2075 2543 2129 πλείοσι
2609 2076 2788 2130 εἰκόνα
2856 2077 3282 2150 κεκαθαρμένην.
3354 2081 3608 2149 Κρεῖσσον
3682 2075 3784 2149 γὰρ
3850 2074 3984 2128 εἶναι

2327 2165 2414 2217 καὶ
2465 2164 2682 2231 πλεῖον,
2733 2165 2913 2240 ὣσπερ
2967 2170 3134 2240 φυτοῦ
3199 2162 3544 2239 παράδεισον,
3609 2164 3698 2217 καὶ
3763 2165 3986 2239 ἀστέρος

2329 2253 2442 2312 ένὸς
2496 2252 2718 2325 οὐρανὸν
2770 2253 2898 2306 ὅλον
2951 2253 3040 2306 σὺν
3080 2258 3194 2314 τοῖς
3244 2255 3434 2307 ἑαυτοῦ
3466 2252 3714 2321 κάλλεσι,
3763 2254 3853 2306 καὶ
3899 2254 3990 2323 μέ-

2329 2340 2459 2402 λους
2500 2347 2677 2414 σῶμα,
2729 2342 2870 2395 οὕτω
2920 2343 3008 2396 καὶ
3070 2340 3185 2414 Θεῷ
3234 2347 3626 2416 κατορθοῦντος
3677 2341 3795 2402 ἑνὸς
3846 2342 3982 2411 ’ὀλην

2328 2429 2653 2499 Ἐκκλησίαν
2705 2431 3137 2508 κατηρτισμένην
3169 2453 3179 2463 ν
3232 2431 3320 2484 καὶ
3373 2437 3572 2506 χρῆναι
3626 2432 3700 2502 μῆ
3753 2431 3812 2483 τὸ
3865 2431 3984 2484 ἑαυ-

2324 2524 2420 2572 τοῦ
2457 2519 2616 2590 μόνον
2654 2525 2895 2590 σκοπεῖν,
2927 2518 3071 2573 ἀλλά
3100 2522 3187 2573 καί
3217 2521 3279 2573 τὸ
3309 2524 3415 2574 τῶν
3450 2517 3658 2575 ἄλλων.
3694 2520 3842 2573 Ἐπεὶ
3892 2519 3979 2572 καὶ

2326 2609 2552 2682 Χριστὸς
2612 2608 2801 2673 οὕτως,
2866 2610 2910 2680 ᾧ
2964 2610 3133 2681 μένειν
3185 2608 3298 2679 ἐξὸν
3347 2608 3430 2662 ἐπὶ
3475 2615 3576 2677 τῆς
3626 2606 3767 2670 ἱδίας
3808 2611 3976 2678 τιμῆς

2326 2697 2413 2750 καὶ
2464 2696 2735 2766 θεότητος,
2783 2697 2844 2751 οὐ
2895 2697 3055 2770 μόνον
3107 2697 3360 2752 ἐκένωσεν
3413 2698 3597 2751 ἑαυτὸν
3667 2698 3827 2773 μέχρι
3880 2704 3978 2765 τῆς

2325 2791 2422 2840 τοῦ
2454 2783 2652 2840 δούλου
2688 2793 2923 2862 μορφῆς,
2970 2786 3114 2842 ἀλλά
3161 2787 3248 2841 καὶ
3295 2787 3518 2861 σταυρὸν
3572 2787 3851 2858 ὑπέμεινεν
3897 2786 3977 2839 αἱ·

2330 2873 2534 2949 σχυνης
2594 2878 3023 2952 καταφρονήσας,
3076 2874 3144 2929 ’ἶν’
3203 2875 3256 2930 έν
3312 2881 3427 2938 τοῖς
3487 2876 3675 2929 ἑαυτοῦ
3755 2876 3971 2929 πάθεσιν

2330 2962 2581 3030 ἀναλώση
2628 2965 2723 3032 τὴν
2786 2965 3066 3038 ἁμαρτίαν,
3124 2964 3212 3019 καὶ
3281 2965 3569 3037 ἀποκτείνῃ
3631 2968 3710 3035 τῷ
3764 2965 3975 3034 Θανάτῳ

2327 3055 2417 3107 τὸν
2443 3053 2686 3110 θάνατον.
2739 3055 2943 3107 Ἐκεῖνα
2994 3055 3086 3126 μὲν
3141 3052 3206 3122 δὴ
3238 3057 3335 3122 τῆς
3385 3053 3673 3126 ἐπιθυμίας
3719 3053 3787 3107 rei
3832 3052 3976 3107 πλά-

2331 3164 2508 3214 σματα
2556 3145 2667 3215 (63)
2714 3147 2880 3196 ταῦτα
2924 3140 2979 3196 δὲ
3029 3147 3124 3197 τοῦ
3174 3143 3488 3215 Πνεῦματος
3539 3145 3606 3196 τά
3652 3139 3973 3218 διδάγματα.

2330 3233 2505 3292 Μέσος
2538 3229 2595 3285 δὲ
2626 3231 2697 3284 ὢν
2728 3232 2898 3294 πόθου
2927 3231 3015 3284 καὶ
3048 3231 3371 3304 πνεύματος,
3404 3231 3493 3285 καὶ
3543 3231 3641 3284 οὐκ
3688 3229 3831 3305 ἔχων
3871 3230 3976 3285 τίνι

573 3319 932 3391 supplicium
954 3319 1154 3386 subiit,
1179 3324 1242 3373 ut
1271 3333 1374 3388 per
1401 3334 1468 3372 ea
1496 3335 1618 3388 quae
1644 3319 1986 3388 perferebat,
2017 3336 2213 3389 pecca-

2327 3319 2388 3374 τό
2412 3320 2576 3376 πλέον
2610 3322 2905 3396 χαρίσομαι
2939 3322 3074 3393 (6-1),
3107 3320 3136 3373 ὅ
3169 3341 3259 3392 μοι
3295 3318 3442 3374 δοκῶ
3492 3318 3787 3374 κάλλιστον
3817 3320 3979 3394 εὑρη-

570 3414 698 3466 tum
732 3407 967 3477 deleret,
999 3423 1064 3462 ac
1097 3412 1282 3462 morte
1329 3424 1436 3461 sua
1485 3411 1730 3461 mortem
1764 3408 1834 3462 de
1866 3409 2058 3463 medio
2105 3409 2213 3464 tol-

566 3498 710 3554 leret
729 3499 768 3531 ²·
795 3496 898 3551 Illa
927 3494 1265 3566 cupiditatis
1305 3496 1585 3566 ﬁgmenta
1624 3500 1782 3562 sunt,
1808 3496 1928 3551 haec
1961 3497 2213 3568 Spiritus

565 3589 934 3643 documenta.
968 3585 1141 3639 Porro
1190 3584 1344 3638 inter
1390 3583 1768 3655 cupiditatem
1820 3586 2212 3659 spiritumque

2324 3409 2470 3463 κέναι
2527 3409 2614 3463 καὶ
2658 3409 3080 3485 ἀσφαλέστατον,
3121 3409 3457 3481 κοινώσομαι
3520 3409 3610 3462 καὶ
3677 3408 3824 3480 ὑμῖν,
3890 3406 3977 3460 ’ἕνα

2328 3519 2420 3571 μοι
2472 3497 2903 3572 συνδοκιμάσητε
2948 3498 3036 3551 καὶ
3088 3493 3430 3567 συλλάϐησθε
3462 3499 3569 3570 (65)
3601 3500 3696 3550 τοῦ
3743 3495 3972 3571 βουλεύ-

2326 3608 2513 3660 ματος.

564 3668 940 3744 constitutus,
974 3679 1147 3744 atque
1177 3673 1531 3728 addubitans
1563 3674 1676 3728 utri
1725 3675 1917 3744 potius
1949 3677 2135 3732 f'avere
2165 3678 2430 3744 debeam,
2465 3679 2618 3748 quod
2652 3677 2795 3732 mihi
2827 3677 3113 3748 optimum
3165 3676 3651 3746 tutissimumque
3684 3676 3971 3747 reperisse

562 3768 780 3834 videor,
812 3763 974 3819 vobis
1007 3779 1317 3833 exponam,
1350 3767 1414 3816 ut
1442 3761 1501 3816 id
1533 3762 1701 3832 quale
1735 3765 1827 3828 sit,
1863 3780 2090 3820 mecum
2124 3768 2484 3838 expendatis,
2521 3783 2834 3837 meumque
2864 3766 3176 3821 consilium
3210 3765 3384 3820 simul
3418 3765 3726 3835 adjuvetis.

633 3861 700 3912 V.
732 3853 872 3909 Mihi
896 3852 1074 3925 igitur
1094 3851 1382 3923 optimum
1407 3856 1575 3922 atque
1602 3870 1635 3906 a
1667 3853 1922 3923 periculo
1946 3858 2210 3912 remotis-

561 3947 779 4003 simum
808 3943 999 3997 visum
1023 3947 1132 4009 est,
1160 3942 1414 3995 medium
1449 3942 1744 4011 quoddam
1778 3943 1904 4008 iter,
1930 3945 2211 4015 cupidita-

560 4041 678 4090 tem
728 4033 876 4087 inter
905 4037 962 4086 et
992 4030 1260 4085 timorem
1302 4030 1489 4100 sequi,
1527 4046 1592 4084 ac
1645 4031 1855 4101 partim
1907 4034 2207 4104 cupiditati

560 4123 772 4194 partim
804 4120 1033 4191 spiritui
1064 4118 1418 4174 satisfacere.
1442 4119 1500 4173 Id
1530 4125 1724 4175 autem
1754 4120 1834 4175 sic
1867 4122 1986 4176 fieri
2013 4140 2202 4193 posse,

561 4212 610 4267 si
642 4226 748 4265 nec
778 4225 1010 4265 sacrum
1060 4224 1278 4262 munus
1317 4207 1554 4263 omnino
1585 4209 1901 4280 defugiam,
1927 4227 2016 4280 ne,
2050 4214 2202 4282 quod

559 4298 952 4371 periculosum
1015 4301 1121 4365 est,
1170 4296 1421 4366 gratiam
1468 4297 1726 4362 rejiciam
1762 4314 1773 4351 :
1811 4316 1914 4353 nec
1975 4317 2200 4368 rursus,

557 4388 714 4461 quod
747 4384 1060 4441 molestum
1108 4389 1166 4438 et
1215 4385 1488 4439 acerbum
1521 4391 1626 4452 est,
1652 4385 1974 4457 graviorem
2025 4406 2201 4459 quam

551 4480 704 4533 vires
734 4476 940 4544 ferant,
964 4472 1253 4528 sarcinam
1295 4473 1557 4527 humeris
1607 4474 1828 4530 tollam.
1865 4476 2011 4531 Illud
2044 4479 2200 4532 enim

551 4566 792 4624 alterius
849 4560 1057 4632 capitis
1118 4576 1267 4628 esse,
1319 4560 1427 4616 hoc
1485 4562 1732 4618 aliarum
1780 4565 2036 4622 virium:
2083 4567 2200 4622 imo

547 4661 866 4725 utrumque
914 4649 1094 4704 animi
1153 4665 1360 4721 parum
1411 4651 1559 4705 sani.
1593 4652 1680 4706 Pii
1729 4659 1923 4709 autem
1954 4656 2084 4724 viri,
2118 4658 2196 4711 si-

545 4744 786 4816 mulque
832 4739 1129 4796 securitati
1189 4754 1311 4794 suae
1359 4740 1719 4796 consulentis
1766 4759 1914 4811 esse,
1942 4744 2193 4800 functio-

541 4851 674 4892 nem
706 4845 934 4889 sacram
957 4828 1180 4886 viribus
1205 4827 1424 4895 metiri;
1460 4834 1524 4884 ut
1555 4828 1792 4899 scilicet,
1821 4837 2098 4903 tanquam
2131 4834 2190 4890 in

609 5018 653 5052 ⁹⁹
682 5018 703 5072 Ι
731 5016 883 5071 Petr.
915 5027 977 5083 ιι,
1009 5012 1062 5067 9.

1141 5010 1155 5045 ¹
1193 5008 1444 5082 Philipp.
1475 5026 1553 5082 χι,
1585 5012 1640 5068 7.
1719 5014 1739 5048 ³
1772 5014 1942 5070 Hebr.
1977 5033 2080 5084 xu,
2110 5018 2164 5071 2.

606 5197 866 5274 (61)_Ka‘i_
895 5192 1426 5274 φίλου.-Βειεὶ11“υῐῃῚ
1459 5194 1746 5274 intelligit.
1784 5197 1944 5255 unde
1986 5200 2183 5274 Scho]_

532 5264 625 5328 τὸς)
659 5264 816 5349 φζλον
852 5264 1030 5341 λέγειν
1060 5264 1233 5334 οἶμαι,
1265 5264 1354 5316 τὸν
1390 5264 1675 5319 Βασίλειον
1699 5273 2179 5342 χειροτονήσαντα.

532 5368 561 5395 ‹‹
594 5346 883 5400 Amicum.
919 5345 984 5395 ut
1014 5338 1282 5400 arbitror,
1316 5338 1573 5400 appellat
1607 5342 1906 5400 Basilium.
1940 5345 2038 5400 uui
2073 5345 2180 5400 ipsi

532 5368 561 5395 «
594 5355 883 5411 Amicum,
919 5355 984 5395 ut
1014 5355 1282 5404 arbitror,
1312 5355 1573 5417 appellat
1607 5355 1906 5410 uasmum,
1940 5362 2038 5414 qui
2073 5361 2180 5414 ips:

531 5418 602 5472 ad
632 5417 1033 5517 episcopatum
1067 5424 1277 5490 manus
1309 5417 1741 5494 imposuerat...»

599 5488 672 5517 [Αἵ
698 5490 711 5517 \
768 5483 905 5517 ΗΑΛ)
922 5500 1027 5517 εει-ηρ
1108 5480 1201 5517 Rm
1261 5478 1522 5517 nlnr‘lnna
1581 5485 1807 5517 anAn-na
1891 5485 2056 5517 nona}
2121 5485 2174 5517 ἶη

768 5478 1053 5539 Βᾰύλεται.
1108 5479 1202 5534 Sic
1261 5478 1522 5551 plerique
1581 5484 1829 5539 codices.
1891 5485 2062 5539 Deest
2121 5485 2177 5537 in

523 5560 708 5698 Θὰξθθ)
743 5623 1055 5693 ΙΙλάσματα.
1117 5620 1284 5674 Herv.
1335 5619 1706 5692 παλαίσματα,
1765 5648 1788 5669 α

523 5698 890 5754 luctationes.
921 5717 939 5740 «

593 5769 704 5852 (64)
738 5762 1066 5837 Χαρίσομαι,
1103 5760 1241 5828 Reg.
1278 5757 1375 5812 bm
1407 5765 1464 5813 et
1494 5761 1588 5814 Or.
1628 5766 1675 5830 1,
1711 5765 2047 5838 χαρίσωμαι.

1847 5625 2174 5679 artificiosa}

2396 3858 2446 3911 E'
2493 3853 2680 3926 Ἔδοξέ
2733 3877 2823 3927 μοι
2882 3860 3162 3929 κράτιστον
3216 3855 3350 3908 εἶναι
3399 3853 3487 3907 καὶ
3531 3851 3967 3922 ἀκινδυνότατον,

2324 3945 2490 4017 μέσην
2517 3946 2637 3999 τινά
2665 3944 2956 4017 τραπέσθαι
2983 3942 3078 3998 τοῦ
3109 3943 3277 3996 πόθου
3309 3943 3397 3996 καὶ
3445 3949 3546 4010 τῆς
3599 3939 3826 4014 δειλίας,
3879 3942 3966 3996 καὶ

2315 4035 2377 4088 τὸ
2413 4035 2506 4106 μὲν
2535 4038 2601 4106 τῇ
2632 4032 2890 4106 ἐπιθυμίᾳ
2923 4031 3121 4104 δοῦναι,
3153 4035 3214 4084 τὸ
3264 4029 3321 4085 δὲ
3367 4036 3444 4102 τῷ
3485 4030 3750 4102 πνεύματι
3786 4050 3798 4061 ·
3847 4035 3971 4084 τοῦ-

2313 4144 2374 4176 το
2408 4121 2463 4176 δὲ
2492 4122 2549 4176 ἂν
2580 4124 2840 4196 γενέσθαι,
2879 4125 3017 4195 μήτε
3047 4123 3215 4194 πάντῃ
3261 4121 3519 4198 φυγόντος
3568 4121 3668 4188 τὴν
3716 4119 3964 4196 λειτουρ-

2314 4212 2451 4286 γίαν,
2506 4211 2641 4265 ὥστε
2689 4212 2944 4280 ἀθετῆσαι
2998 4212 3097 4280 τὴν
3149 4209 3333 4285 χάριν,
3376 4208 3665 4285 ἐπισφαλὲς
3697 4210 3822 4283 γὰρ,
3863 4213 3964 4282 μή-

2311 4321 2367 4353 τε
2403 4306 2584 4372 μεῖζον
2616 4301 2648 4368 ἢ
2683 4303 2799 4354 κατ’
2831 4299 3060 4371 ἐμαυτὸν
3099 4298 3370 4373 ἀραμένου
3417 4301 3529 4371 (66)
3577 4297 3816 4374 φορτίον,
3872 4299 3962 4372 βα-

2313 4389 2375 4464 ρὺ
2404 4391 2503 4464 γὰρ
2531 4431 2542 4442 .
2575 4389 2662 4443 καὶ
2693 4389 2755 4442 τὸ
2791 4390 2884 4461 μὲν
2913 4386 3157 4465 κεφαλῆς
3210 4385 3383 4441 ἄλλου
3408 4388 3542 4459 (67),
3591 4386 3652 4440 τὸ
3704 4383 3762 4440 δὲ
3809 4384 3963 4440 δυνά-

2315 4498 2492 4550 μεως’
2549 4475 2759 4550 μᾶλλον
2813 4475 2869 4531 δὲ
2911 4476 3169 4538 ἀπονοίας
3215 4475 3512 4552 ἀμφότερα.
3565 4469 3855 4537 Εὖσεῦείας
3903 4474 3959 4529 δὲ

2312 4568 2445 4621 εἶναι
2494 4569 2603 4639 ἅμα
2651 4568 2738 4620 καὶ
2787 4566 3080 4641 ἀσφαλείας
3135 4567 3246 4638 (68)
3305 4571 3564 4639 μετρῆσαι
3612 4568 3680 4637 τῇ
3731 4561 3954 4636 δυνάμει

2308 4657 2404 4724 τὴν
2435 4655 2772 4730 λειτουργίαν
2802 4675 2812 4686 ·
2866 4654 2954 4709 καὶ
2985 4653 3164 4731 ὣσπερ
3203 4660 3411 4731 τροφῆς
3440 4655 3537 4722 τὴν
3574 4653 3667 4726 μὲν
3695 4654 3834 4707 κατά
3867 4651 3959 4707 δύ-

2301 4766 2456 4817 ναμιν
2505 4744 2840 4818 προσίεσθαι,
2883 4744 2982 4811 τήν
3034 4741 3090 4797 δὲ
3141 4743 3271 4817 ὑπὲρ
3323 4739 3549 4814 δύναμιν
3621 4741 3954 4815 ἀποπέμψαι

2301 4845 2472 4897 σθαι·
2521 4833 2662 4887 οὕτω
2710 4834 2810 4908 γὰρ
2868 4832 2980 4905 (69)
3048 4832 3258 4905 σώματι
3315 4832 3408 4904 μὲν
3465 4829 3664 4901 εὐεξίαν
3720 4830 3950 4905 παραγί-

2365 5201 2476 5272 (65)
2513 5194 2891 5267 Συλλάόησθε,
2921 5203 3028 5272 etc.
3066 5199 3205 5270 Reg.
3239 5196 3491 5272 a,ACoisl.
3529 5196 3576 5264 1,
3612 5186 3944 5272 συλλάὅῃτε.

2297 5295 2323 5320 ‹‹
2361 5268 2615 5343 Mihique
2646 5273 2715 5325 ad
2749 5271 3069 5326 ineundum
3117 5268 3428 5325 consilium
3459 5285 3626 5340 opem
3673 5268 3892 5322 feratis.
3923 5291 3946 5310 »-

2294 5345 2552 5429 Billifus'i
2576 5368 2595 5391 α
2631 5343 2958 5429 exploretis.
2993 5366 3018 5429 ι)

2364 5419 2476 5486 ((36)
2510 5409 2961 5487 'Apaugvou.0_r.
2997 5415 3048 5479 1,
3079 5409 3357 5487 ἀραμένῳ.

2525 5477 2783 5561 κεφαλῆς,
2823 5477 3041 5561 ἀλλου.
3085 5477 3344 5538 Combel'.
3406 5479 3651 5556 κεφαλῆς
3708 5477 3940 5557 φαύλου,

2289 5577 2314 5604 ‹‹
2351 5557 2626 5611 imbecilli
2662 5558 2889 5628 capitis.
2918 5579 2945 5604 η

2359 5630 2463 5695 (68)
2501 5622 2842 5695 'Aoeale'iac.
2902 5647 2922 5675 ι
2975 5626 3121 5681 Tuto
3178 5642 3243 5680 ac
3301 5630 3469 5680 caute
3529 5622 3873 5682 incedentis.
3913 5647 3938 5669 η

2283 5687 2509 5774 Bittius,
2534 5723 2561 5774 (ι
2591 5687 3002 5774 tranquillitati
3033 5697 3414 5774 consulentis.
3441 5720 3469 5746 »

2352 5772 2464 5842 (69)
2495 5771 2620 5845 Γάρ.
2657 5769 2823 5829 Deest
2852 5772 2910 5827 in
2943 5770 3172 5827 duobus
3201 5769 3377 5840 Regg.
