4244 6216
411 393 531 456 849
1559 399 1855 460 ORATIO
1903 402 2023 460 ΧΙι⁴

2131 434 2145 444 -
2173 403 2279 461 AD
2326 402 2669 464 PATREM.
3713 402 3833 466 850

411 526 612 592 νεσθαι,
671 523 827 599 ψυχῇ
887 522 944 580 δὲ
1003 523 1297 603 ἀσφάλειαν
1359 530 1471 600 (70)
1526 533 1605 600 τῷ
1663 530 1964 604 μετριάζειν
2016 530 2023 584 ἐ

2131 554 2154 600 ι
2185 533 2351 601 cibis,
2386 550 2512 588 eam
2547 535 2950 605 admittamus,
2989 536 3081 589 cui
3115 551 3285 607 pares
3334 551 3461 590 esse
3491 552 3831 608 possumus,

411 611 766 690 ἀμφοτέροις.
801 615 898 667 Διὰ
928 618 1088 669 τοῦτο
1135 619 1225 669 νῦν
1267 616 1359 687 μὶν
1397 614 1631 692 δέχομαι
1671 623 1750 689 τῷ
1777 617 1932 690 καλῷ
1962 641 2023 673 πο

2180 638 2308 676 eam
2342 626 2555 689 autem,
2593 639 2719 693 quae
2753 625 2903 677 vires
2960 626 3193 678 nostras
3251 628 3510 695 superat,
3562 625 3828 695 repudie-

410 703 496 775 τρὶ
537 698 903 778 συνδιαφέρειν
955 704 1052 771 τὴν
1096 702 1433 776 ἐπιμέλειαν,
1486 706 1665 783 ὥσπερ
1715 707 1853 779 ἀετῷ
1903 729 2023 782 μεγε

2180 726 2332 764 mus.
2371 711 2464 765 Sic
2496 711 2651 765 enim
2704 712 2849 767 251
2891 712 3032 778 fore,
3096 716 3160 767 ut
3189 716 3246 767 et
3302 712 3529 783 corpori
3580 713 3828 782 sanitas,

412 792 496 864 λῳ
524 790 615 845 καί
646 790 879 865 ὑψιπέτη
932 794 1045 865 (71)
1078 793 1293 855 νεοσσὸς
1342 794 1440 848 οὐκ
1492 792 1768 871 ἄχρηστος
1820 800 1928 868 (72)
1974 796 2023 872 ἐν

2175 803 2232 851 et
2262 798 2469 852 animis
2501 798 2900 869 tranquillitas
2931 806 3178 865 constet,
3215 800 3262 854 si
3318 800 3376 854 in
3409 800 3675 870 utrisque
3704 818 3825 857 me-

406 880 561 955 γύθεν
617 879 1138 957 συμπαριπτάμενος
1171 901 1184 914 ·
1248 885 1381 955 μετὰ
1433 881 1489 937 δὲ
1548 889 1710 939 τοῦτο
1769 881 1929 939 δώσω
1986 907 2023 939 τ‹

2174 888 2451 942 diocritas
2487 892 2776 942 teneatur.
2814 895 2893 942 Ac
2944 888 3187 959 proinde
3222 906 3377 944 nunc
3423 888 3658 960 quidem
3690 907 3823 946 cum

407 969 680 1043 Πνεύματι
710 970 812 1038 τὴν
860 968 996 1043 ἐμὴν
1049 968 1289 1046 πτέρυγα
1338 973 1514 1047 φέρειν
1646 970 1922 1047 βούλεται,
1970 995 2023 1027 κε

2173 975 2445 1046 praeclaro
2468 982 2707 1046 parente
2730 994 2929 1032 curam
2957 978 3107 1032 hanc
3130 977 3430 1048 suscipere
3452 995 3567 1033 non
3592 994 3818 1045 recuso,

2168 1063 2323 1118 velut
2353 1080 2576 1136 magnae
2607 1065 2813 1134 aquilae
2846 1070 2904 1120 et
2934 1066 3222 1121 altissime
3242 1066 3457 1122 volanti
3479 1067 3677 1139 pullus
3698 1085 3817 1125 non

2166 1152 2397 1208 inutilis
2428 1170 2458 1208 e
2491 1154 2819 1226 propinquo
2842 1154 3141 1209 advolans.
3167 1154 3374 1211 Postea
3403 1173 3535 1212 vero
3566 1174 3815 1228 pennam

2166 1258 2358 1297 meam
2390 1242 2651 1314 Spiritui,
2688 1260 2802 1315 quo
2850 1242 3025 1311 volet,
3055 1247 3113 1298 et
3155 1259 3384 1315 quoquo
3434 1246 3607 1300 modo
3636 1246 3807 1314 volet,

403 1058 481 1120 ὡς
517 1057 812 1132 βούλεται·
864 1059 955 1113 καὶ
1006 1056 1183 1122 οὐδεὶς
1215 1061 1243 1114 ὁ
1298 1060 1638 1135 βιασόμενος,
1672 1059 1800 1116 οὐδὲ
1843 1062 2057 1133 ἀπάξων

402 1146 649 1222 ἑτέρωθι,
716 1146 851 1221 μετὰ
899 1146 1095 1201 τούτου
1146 1146 1546 1223 βουλευόμενον
1584 1194 1594 1207 .
1629 1148 1757 1205 Ἡδὺ
1813 1152 1905 1224 μὲν
1955 1152 2055 1227 γὰρ

396 1236 601 1311 πατρὸς
646 1234 806 1289 πόνοι
856 1234 1393 1311 κληρονομούμενοι,
1445 1238 1532 1291 καὶ
1563 1239 1626 1293 τὸ
1672 1240 2052 1315 συνηθέστερον

396 1323 655 1397 ποίμνιον
688 1328 785 1379 τοῦ
835 1323 984 1395 ξένου
1033 1325 1123 1379 καὶ
1178 1324 1498 1402 ἀλλοτρίου·
1547 1327 1835 1401 προσθείην
1879 1325 1923 1381 δ’
1973 1328 2023 1383 ἃν

2162 1331 2461 1386 ferendam
2493 1332 2644 1387 dabo
2669 1350 2681 1387 :
2708 1348 2813 1387 nec
2841 1332 3153 1403 quisquam
3174 1332 3302 1398 erit,
3329 1332 3427 1403 qui
3460 1348 3554 1387 me
3584 1350 3808 1405 cogere,

396 1412 479 1469 ὅτι
512 1414 600 1469 καὶ
631 1418 748 1486 Θεῷ
776 1414 1130 1489 τιμιώτερον,
1163 1413 1208 1467 εί
1261 1416 1334 1487 μή
1392 1435 1459 1487 με
1490 1415 1667 1486 ἀπατᾷ
1707 1417 1768 1470 τὸ
1799 1415 2023 1493 φίλτρον

2160 1425 2261 1475 aut
2290 1420 2567 1475 aliorsum
2605 1422 2907 1476 traducere
2952 1421 3159 1492 possit,
3191 1437 3323 1476 cum
3356 1437 3423 1477 eo
3468 1422 3806 1479 consultan-

392 1502 483 1558 καὶ
512 1500 735 1558 κλέπτει
783 1503 881 1572 τὴν
931 1501 1181 1573 αἶ’σθησιν
1232 1504 1266 1572 ἡ
1319 1505 1592 1572 συνήθεια·
1637 1501 1789 1559 οὔπω
1841 1503 1897 1559 δὲ
1937 1509 2023 1580 (73

2160 1514 2296 1565 tem.
2330 1510 2475 1564 Nam
2507 1509 2613 1565 etsi
2648 1513 2906 1581 paternis
2952 1510 3252 1565 laboribus
3299 1511 3610 1567 succedere
3640 1512 3808 1569 dulce

392 1591 814 1667 χρησιμώτερον
891 1594 988 1646 τοῦ
1048 1590 1263 1653 ἑκόντας
1333 1591 1564 1647 ἑκόντων
1625 1594 1813 1668 ἄρχειν
1848 1638 1861 1662 ,
1922 1593 2023 1649 οὐδ

2156 1599 2252 1668 sit,
2285 1616 2349 1653 ac
2382 1603 2519 1654 noto
2551 1604 2603 1654 et
2652 1599 2923 1654 familiari
2956 1600 3118 1673 gregi
3170 1616 3421 1671 praeesse
3460 1601 3806 1671 jucundius,

392 1678 809 1758 ἀσφαλέστερον
840 1679 1029 1749 ἐπειδὴ
1065 1682 1140 1753 μὴ
1191 1680 1328 1755 πρὸς
1373 1679 1492 1755 βίαν
1539 1678 1684 1755 ἄγειν
1714 1686 1816 1736 τοῦ
1846 1682 2023 1754 ἡμετέη

2152 1704 2331 1758 quam
2363 1692 2599 1743 externo
2631 1693 2687 1743 et
2717 1688 2930 1756 alieno;
2965 1690 3179 1745 addam
3209 1688 3386 1744 etiam
3415 1694 3524 1745 Deo
3548 1689 3805 1762 charius,

389 1789 487 1843 pou
543 1769 712 1841 νόμου
769 1772 904 1844 (74),
956 1767 1097 1843 μηδὲ
1146 1771 1511 1845 ἀναγκαστῶς,
1564 1770 1689 1826 ἀλλ’
1735 1771 1993 1831 ἑκουσίως

2153 1778 2265 1833 nisi
2301 1795 2393 1833 me
2425 1777 2575 1832 fallit
2604 1783 2854 1845 amor,et
2877 1796 3119 1834 sensum
3144 1779 3391 1850 surripit
3414 1783 3807 1838 consuetudo;

387 1864 557 1914 Τοϋτο
592 1860 687 1932 μὲν
719 1859 821 1935 γὰρ
854 1861 966 1931 (75)
998 1855 1114 1913 οὐδ’
1144 1858 1203 1913 ἃν
1256 1857 1435 1928 ἄλλην
1485 1860 1661 1935 ἀρχὴν
1707 1863 2013 1931 συστήσειεν

2152 1883 2266 1921 non
2296 1872 2491 1921 tamen
2525 1867 2956 1922 conducibilius
2986 1871 3093 1933 est,
3129 1882 3235 1922 nec
3284 1872 3345 1921 tu
3360 1868 3500 1935 tius,
3534 1885 3710 1939 quam
3744 1874 3807 1924 ut

386 1945 574 2018 ἐπειδὴ
625 1947 777 2026 φιλεῖ
822 1948 885 2002 τὸ
937 1948 1028 2031 βίᾳ
1069 1948 1440 2023 κρατούμενον
1498 1947 1887 2026 ἐλευθεριάζειν
1938 1971 2023 2004 πο·

2149 1956 2407 2012 volentes
2456 1956 2787 2011 volentibus
2837 1955 3098 2027 praesint.
3130 1956 3612 2029 Quandoquidem
3654 1957 3804 2031 legis

384 2037 439 2092 τὶ
472 2038 584 2110 (76)
616 2040 808 2110 καιροῦ
856 2030 1185 2108 λαϐόμενον·
1218 2038 1318 2105 τήν
1377 2034 1434 2091 δὲ
1485 2038 1752 2113 ἡμετέραν
1810 2040 1908 2094 οὐκ
1938 2041 2023 2115 ἀρ-

2148 2050 2357 2099 nostrae
2390 2062 2503 2100 non
2527 2050 2635 2111 est,
2668 2045 2720 2099 vi
2756 2050 2811 2100 et
2840 2049 3057 2111 coacte,
3091 2045 3190 2100 sed
3224 2048 3433 2118 sponte
3463 2045 3799 2117 gubernari,

385 2127 515 2200 χὴν,
573 2124 719 2181 ἀλλά
772 2123 1172 2201 παιδαγωγίαν,
1230 2126 1319 2181 καὶ
1378 2126 1592 2181 πάντων
1640 2130 1750 2200 (77)
1800 2127 2023 2200 μάλιστα

2146 2137 2265 2189 Hoc
2285 2135 2442 2188 enim
2474 2151 2545 2189 ne
2573 2133 2729 2189 aliud
2754 2133 2991 2204 quidem
3016 2134 3326 2205 imperium
3348 2135 3644 2191 continere
3662 2153 3795 2208 pos-

383 2219 640 2290 συντηρεῖ
662 2214 723 2269 τὸ
755 2214 1022 2272 ἑκούσιον.
1070 2213 1435 2288 Βουλομένων
1485 2217 1611 2291 γὰρ,
1644 2216 1705 2271 οὐ
1743 2238 2023 2293 τυραννου-

2145 2222 2241 2285 sit,
2274 2224 2751 2295 quandoquidem
2787 2224 2942 2295 quod
2974 2224 3027 2277 vi
3059 2224 3505 2295 cogitur,oblata
3535 2226 3789 2281 occasio-

385 2303 584 2377 μένων,
615 2304 678 2359 τὸ
703 2310 804 2373 τῆς
837 2298 1107 2365 εὐσεϐείας
1138 2306 1252 2377 (78)
1286 2307 1605 2381 μυστήριον.

2144 2327 2233 2379 ne,
2258 2312 2328 2366 ad
2353 2311 2684 2367 libertatem
2707 2313 2897 2368 redire
2918 2313 3463 2379 consuevit,nedum
3490 2319 3785 2381 nostrum,

382 2411 501 2451 non
529 2394 719 2450 dicam
752 2394 1090 2466 imperium,
1124 2395 1224 2450 sed
1258 2396 1686 2466 magisterium,
1721 2398 1876 2468 quod
1907 2397 2070 2455 nulla
2098 2415 2161 2455 re
2205 2416 2367 2472 aeque
2399 2418 2464 2456 ac
2500 2400 2819 2457 voluntatis
2869 2401 3134 2457 libertate
3162 2406 3560 2458 conservatur.
3593 2403 3793 2460 Volen-

379 2484 529 2539 tium
562 2483 743 2547 enim.
776 2499 890 2539 non
922 2487 1276 2550 coactorum,
1312 2484 1545 2554 pietatis
1577 2490 2009 2542 sacramentum
2041 2493 2150 2544 est.

445 2571 507 2639 ζ’.
540 2569 706 2633 Οὗτος
738 2570 765 2624 ὁ
798 2576 923 2646 παρ’
952 2569 1088 2643 ἐμοῦ
1123 2568 1288 2645 λόγος
1322 2571 1471 2644 ὑμῖν,
1504 2573 1550 2626 ὧ
1581 2569 1787 2648 ἄνδρες,
1835 2571 2026 2637 ἅπλῶς

366 2680 426 2715 τε
458 2662 567 2734 (79)
598 2659 688 2714 καὶ
743 2659 878 2732 μετὰ
924 2660 1102 2729 πάσης
1153 2658 1359 2722 εὐνοίας
1411 2660 1721 2733 εἰρημένος,
1768 2662 1857 2716 καὶ
1899 2668 2025 2717 τοῦ-

368 2771 431 2803 το
460 2750 522 2803 τὸ
551 2755 653 2818 τῆς
688 2748 825 2821 ἐμῆς
864 2746 1100 2810 διανοίας
1155 2751 1476 2825 μυστήριον.
1520 2752 1705 2825 Νικώῃ
1737 2748 1793 2805 δὲ
1824 2751 1853 2805 δ
1880 2773 1931 2807 τι
1966 2753 2023 2806 ἂν

368 2838 459 2892 καί
494 2838 620 2909 ὑμῖν
674 2837 763 2892 καὶ
806 2839 942 2910 ἡμῖν
996 2836 1174 2911 μέλλῃ
1224 2838 1507 2910 συνοίσειν,
1560 2844 1658 2893 τοῦ
1712 2840 2027 2914 Πνεύματος

372 2926 606 3001 ἄγοντος
651 2926 719 2981 τὰ
766 2926 1007 3001 ἡμέτερα
1059 2924 1246 2999 (πάλιν
1300 2927 1403 3001 γὰρ
1450 2928 1525 2989 εὶς
1572 2926 1763 2983 ταυτὸν
1796 2931 1823 2984 ὁ
1858 2928 2023 3005 λόγος

376 3015 857 3091 ἀνέρχεται
890 3016 936 3087 ᾧ
990 3012 1299 3089 δεδώκαμεν
1346 3018 1495 3089 ἡμᾶς
1546 3017 1762 3090 αὐτοὺς,
1794 3020 1881 3073 καὶ
1929 3022 2026 3089 τὴν

373 3106 687 3181 χρισθεῖσαν
718 3103 962 3181 κεφαλὴν
992 3107 1072 3176 τῷ
1101 3102 1272 3177 ἐλαίῳ
1317 3108 1416 3175 τῆς
1462 3104 1797 3170 τελειώσεως
1838 3108 1887 3162 ἐν
1923 3116 2026 3164 Πα-

369 3194 460 3270 τρὶ
509 3192 928 3269 παντοκράτορι,
978 3192 1068 3247 καὶ
1114 3198 1192 3265 τῷ
1240 3200 1524 3269 μονογενεῖ
1572 3195 1755 3270 Λόγῳ,
1805 3197 1895 3252 καὶ
1944 3203 2025 3270 τῷ

371 3282 513 3358 ἁγίῳ
542 3282 812 3355 Πνεύματι
862 3281 951 3336 καὶ
984 3287 1118 3353 Θεῷ.
1151 3278 1332 3358 Μέχρι
1381 3288 1482 3359 γὰρ
1529 3284 1675 3346 τίνος
1715 3290 1794 3357 τῷ
1846 3284 2021 3359 μοδίῳ
2052 3326 2094 3394 C

406 3372 419 3391 ς
493 3370 601 3394 νη
649 3392 660 3394 4
747 3369 1069 3394 ﬁam“..-
1115 3392 1148 3394 γε
1217 3374 1323 3394 ιοη
1453 3373 1466 3394 ι
1558 3375 1585 3394 ι.
1671 3376 1684 3394 1
1972 3382 1994 3392 η

364 3372 459 3427 τὸν
493 3370 699 3447 λύχνον
738 3369 1184 3446 περικαλύψομεν
1215 3374 1347 3445 (81),
1380 3373 1468 3427 καὶ
1519 3375 1856 3449 φθονήσομεν
1905 3382 2021 3438 τοῖς

368 3460 566 3523 ἄλλοις
595 3468 696 3530 τῆς
734 3459 948 3523 τελείας
991 3461 1291 3533 θειότητος,
1339 3459 1458 3516 δέον
1507 3461 1592 3517 ἐπὶ
1638 3464 1739 3531 τήν
1791 3462 2016 3540 λυχνίαν

363 3547 474 3620 ἤδη
508 3551 714 3606 τιθέναι
761 3549 850 3605 καὶ
898 3548 1134 3623 λάμπειν
1185 3551 1381 3612 πάσαις
1433 3550 1778 3617 Ἐκκλησίαις
1827 3575 1885 3607 τε
1928 3554 2017 3608 καὶ

362 3644 594 3717 ψυχαῖς,
626 3639 714 3695 καὶ
744 3639 901 3695 παντὶ
930 3644 1010 3712 τῷ
1056 3642 1154 3709 τῆς
1210 3640 1538 3714 οἰκουμένης
1571 3644 1682 3715 (82)
1714 3641 2019 3718 πληρώμα-

361 3751 437 3802 τι,
499 3731 695 3803 μηκέτι
747 3728 1133 3801 εἰκαζόμενον,
1190 3726 1330 3803 μηδέ
1376 3731 1445 3800 τῇ
1499 3727 1707 3801 διανοίᾳ
1762 3752 2015 3806 σκιαγρα-

362 3817 656 3897 φούμενον,
711 3816 859 3873 ἀλλὰ
905 3818 995 3872 καὶ
1038 3822 1283 3896 φανερῶς
1332 3816 1733 3891 ἐκλαλούμενον
1774 3838 1788 3887 ;
1839 3824 2013 3895 Ἤπερ

364 3905 432 3977 δὴ
481 3906 788 3978 τελεωτάτη
837 3913 936 3976 τῆς
988 3905 1273 3981 θεολογίας
1325 3904 1594 3977 ἀπόδειξις
1643 3913 1761 3969 τοῖς
1812 3908 2012 3979 ταύτης

363 3998 692 4070 ἠξιωμένοις
737 3998 835 4065 τῆς
883 3995 1108 4071 χάριτος
1157 3995 1207 4050 ἐν
1255 3994 1401 4067 αὐτῷ
1449 4000 1662 4070 Χριστῷ
1712 4002 1885 4066 Ἰησοῦ
1931 4004 2011 4070 τῷ

364 4086 550 4163 Κυρίῳ
579 4088 766 4159 ἡμῶν,
797 4086 842 4158 ᾧ
872 4087 907 4154 ἡ
941 4082 1087 4157 δόξα,
1114 4086 1278 4158 τιμὴ,
1299 4083 1495 4159 κράτος
1527 4084 1603 4147 εἷς
1633 4084 1759 4148 τοὺς
1793 4086 2007 4149 αἰῶνας.

361 4178 563 4250 Ἀμήν.

430 4376 540 4451 (Ἱρ)
585 4371 930 4451 Ἀσφάλειαντ
990 4374 1130 4447 Reg.
1193 4392 1247 4431 a.
1280 4378 1401 4431 tres
1458 4374 1618 4431 Colb.
1666 4380 1723 4432 et
1753 4376 1924 4432 Coisl.
1954 4381 2006 4448 1,

358 4444 642 4514 dapsilem,
678 4444 707 4496 ‹ἱ
740 4446 1044 4501 securitas.
1079 4444 1108 4494 ἦ

450 4521 544 4590 71)
573 4516 848 4590 Ὑψιπέτῃ.
886 4517 1024 4589 Reg.
1059 4521 1179 4590 act
1210 4516 1304 4574 Or.
1336 4518 1390 4583 2,
1425 4516 1689 4590 ὑψιπιτεῖ.

450 4522 512 4574 71
573 4522 848 4590 Ὑψιπέτῃ.
886 4522 1024 4589 Reg.
1059 4534 1092 4572 a
1123 4522 1179 4571 et
1210 4522 1304 4574 Ur.
1336 4522 1390 4583 2,
1425 4522 1689 4590 ὑψιπιτεῖ.

448 4522 544 4657 72)
576 4589 689 4646 Οὐκ
718 4588 1017 4657 ἄχρηστος.
1053 4588 1283 4655 Billius,
1316 4604 1430 4643 non
1463 4589 1891 4645 incommodus.
1925 4613 1946 4641 ι

449 4607 544 4657 '12)
576 4607 689 4646 υυκ
718 4607 751 4642 α
830 4608 1017 4657 ηστος.
1054 4607 1283 4655 minus,
1316 4607 1430 4643 non
1463 4607 1891 4645 incommouus.
1925 4613 1946 4641 ι

449 4663 544 4731 73)
563 4658 732 4742 ρύπω
753 4607 841 4727 δῖ,
866 4666 978 4717 etc.
1001 4681 1029 4710 «
1060 4660 1183 4742 Non
1217 4665 1408 4742 tamen
1441 4660 1868 4716 conducibilius
1894 4664 2001 4729 est,

359 4734 694 4791 volentibus
725 4748 992 4805 praeesse,
1025 4748 1132 4805 nec
1162 4734 1425 4805 tutiustp

424 4807 539 4877 (74)
567 4808 674 4878 Τοῦ
696 4876 702 4878 Α
726 4801 1007 4878 ἦμετὲρου
1038 4801 1233 4875 νόμου.
1292 4802 1520 4872 Billius,
1574 4826 1601 4853 «
1632 4803 1926 4859 neminem
1956 4803 2010 4857 vi

370 4878 507 4933 duci
535 4877 663 4933 vult
691 4876 785 4934 lex'
811 4879 1032 4943 nostra,
1065 4878 1375 4946 coacteque
1422 4891 1489 4947 ac
1522 4892 1635 4930 non
1667 4881 1874 4945 sponte
1904 4891 2011 4947 gu-

355 4948 613 5005 bernari.
647 4970 676 4999 »
707 4948 929 5004 Alludit
971 4947 1284 5019 Gregorius
1316 4948 1387 5002 ad
1419 4946 1539 5002 haec
1587 4947 1765 5019 verba
1794 4949 1814 5001 Ι
1848 4947 1999 5002 Petr.

357 5038 411 5089 ν,
434 5024 492 5093 2.,
528 5020 808 5089 «Pascite,
842 5019 941 5091 qui
972 5019 1030 5073 in
1069 5018 1234 5093 vobis
1264 5022 1373 5085 est,
1407 5034 1639 5090 gregem
1676 5018 1794 5089 Dei,
1820 5019 2003 5090 provi-

357 5090 563 5148 dentes
594 5110 708 5148 non
741 5090 956 5158 coacto,
992 5090 1089 5144 sed
1115 5095 1454 5161 spontanee.
1491 5113 1518 5139 ››

426 5165 541 5247 (Ἱξ)
570 5163 868 5247 Τοῦτο-μὲν
904 5161 1028 5246 ⁸χεὶρ,
1058 5167 1169 5244 etc.
1204 5161 1424 5247 Billius,
1460 5184 1491 5243 (ε
1514 5161 1621 5215 hoc
1651 5161 1805 5217 enim
1833 5162 2003 5243 modo

2036 4698 2083 4762 D

2207 2579 2299 2632 Vl.
2339 2580 2462 2634 Haec
2519 2579 2719 2645 habui,
2754 2580 2861 2634 viri
2921 2580 3288 2648 Nazianzeni,
3343 2597 3469 2652 quae
3528 2580 3783 2652 simplici

2138 2668 2333 2722 animo
2368 2668 2897 2739 benevolentiaque
2928 2668 3098 2739 pleno
3129 2669 3200 2723 ad
3234 2686 3337 2726 vos
3369 2668 3620 2725 dicerem
3649 2689 3661 2739 ;
3695 2676 3785 2727 at-

2138 2773 2249 2828 que
2280 2756 2389 2812 hoc
2419 2762 2501 2812 est
2536 2756 2716 2812 animi
2747 2757 2860 2813 mei
2890 2774 3191 2813 arcanum.
3222 2758 3433 2813 Vincat
3462 2763 3656 2814 autem
3687 2777 3786 2815 ve-

2136 2845 2260 2911 lim,
2295 2847 2449 2916 quod
2484 2846 2646 2901 vobis
2679 2846 2945 2917 mihique
2995 2848 3367 2918 profuturum
3416 2853 3525 2917 est,
3559 2848 3783 2920 Spiritu

2138 2934 2417 2990 nimirum
2444 2952 2535 2990 res
2558 2940 2789 2991 nostras
2814 2936 3151 2990 moderante
3171 2936 3330 3007 (nam
3354 2937 3557 2991 eodem
3577 2953 3784 2993 rursus

2136 3025 2399 3078 ascendit
2424 3025 2651 3095 oratio),
2703 3024 2796 3080 cui
2846 3041 2952 3079 nos
3002 3025 3162 3095 ipsos
3194 3024 3347 3080 dono
3403 3025 3694 3096 dedimus,
3728 3030 3787 3081 et

2136 3117 2311 3183 caput
2338 3129 2515 3168 sacrae
2574 3113 2922 3169 initiationis
2979 3113 3104 3168 oleo
3146 3115 3470 3184 perfusum,
3498 3113 3557 3168 in
3617 3115 3783 3171 Patre

2135 3202 2556 3272 omnipotente,
2589 3208 2646 3257 et
2677 3202 2818 3258 Filio
2867 3202 3188 3274 unigenito,
3221 3207 3279 3258 et
3324 3202 3543 3274 Spiritu
3576 3209 3780 3260 sancto

2135 3307 2202 3345 ac
2233 3291 2369 3346 Deo.
2403 3292 2717 3362 Quousque
2746 3292 2904 3347 enim
2937 3291 3234 3347 lucernam
3282 3290 3474 3348 modio
3508 3298 3779 3364 contege-

2132 3395 2360 3446 mus,ao
2392 3379 2625 3451 plenam
2650 3381 3030 3452 numerisque
3059 3379 3390 3436 absolutam
3413 3380 3776 3438 divinitatem

2131 3468 2261 3523 aliis
2288 3469 2981 3541 invidebimus,cumjam
3006 3486 3186 3541 supra
3215 3469 3631 3526 candelabrum
3656 3469 3777 3526 col-

2128 3557 2375 3613 locanda
2405 3559 2502 3623 sit,
2541 3563 2601 3613 ut
2649 3559 2876 3613 cunctis
2905 3558 3000 3614 ille
3051 3558 3323 3615 Ecclesiis
3355 3562 3411 3614 et
3439 3559 3675 3628 animis,
3709 3577 3776 3615 ac

2127 3647 2378 3717 denique
2400 3647 2669 3702 universo
2692 3648 2816 3701 orbi
2843 3646 3176 3713 luceat,non
3201 3648 3324 3717 jam
3351 3647 3607 3719 imagine
3628 3665 3772 3720 qua-

2126 3736 2259 3790 dam
2296 3740 2552 3801 notatus,
2579 3752 2644 3790 ac
2676 3736 3027 3808 cogitatione
3059 3735 3574 3801 adumbratas,sed
3600 3735 3774 3807 plane

2127 3829 2437 3895 aperteque
2470 3824 2860 3895 praedicatus?
2910 3824 3071 3887 Quod
3127 3823 3363 3895 quidem
3414 3824 3770 3895 perfectissi-

2125 3927 2287 3966 mum
2320 3911 2622 3983 theologiae
2657 3918 3065 3983 argumentum
3092 3916 3202 3978 est,
3230 3912 3383 3983 apud
3408 3928 3506 3967 eos
3538 3911 3768 3983 utique,

2122 4000 2221 4070 qui
2250 4000 2400 4055 hanc
2431 4000 2681 4071 gratiam
2715 3999 3011 4055 consecuti
3041 4004 3181 4055 sunt
3210 3999 3269 4053 in
3299 3998 3501 4054 eodem
3536 3999 3768 4056 Christo

2118 4090 2251 4144 Jesu
2286 4088 2533 4143 Domino
2566 4088 2885 4157 nostro,cui
2910 4087 3116 4159 gloria,
3149 4088 3337 4144 honor
3366 4091 3422 4143 et
3453 4088 3766 4161 imperium

2118 4177 2178 4232 in
2208 4176 2420 4233 saecula
2451 4176 2820 4232 saeculorum.
2853 4180 3061 4232 Amen.

2187 4372 2299 4446 (79)
2332 4366 2573 4446 ξΑπλῶς.
2606 4371 2859 4446 Coislat,
2894 4368 3126 4446 ἁπλοῦς.

2187 4442 2297 4515 (80)
2331 4444 2666 4518 ’Δνέρχεται.
2700 4443 2873 4499 Coisl.
2910 4442 3367 4518 i,_&navspx£tat.

2331 4512 2805 4589 ΙΙερικάλύψομεν,
2837 4512 2953 4571 etc.
2977 4516 3115 4589 Reg.
3150 4512 3270 4587 biit,
3301 4512 3759 4588 περικαλύψωμιν

2185 4518 2300 4639 ίδέἐ

2114 4588 2199 4642 καὶ
2220 4588 2617 4662 φθονήσωμεν.

2187 4655 2298 4732 (82)
2328 4663 2434 4725 Τῆς
2467 4655 2818 4732 οἰκουμένης.
2873 4657 3045 4732 Coisl.
3103 4660 3134 4732 ,1
3193 4658 3366 4732 addit
3396 4655 3759 4732 _’Exxl_'qoiac,

2128 4754 2147 4781 ι
2186 4729 2454 4786 universo
2488 4730 2751 4786 Ecclesiae
2783 4731 2976 4784 cmtui.
3013 4752 3039 4802 ›ί›
3090 4731 3224 4794 Quae
3273 4729 3505 4802 quidem
3536 4730 3759 4785 theolo-

2162 4803 2248 4867 iae,
2277 4803 2510 4858 dcitatis
2544 4802 2822 4856 nimirum
2855 4801 3127 4857 doctrinae
3158 4820 3223 4857 ac
3252 4801 3554 4867 trinitatis,
3588 4802 3756 4856 abso-

2147 4870 2420 4956 utissirna
2450 4874 2731 4956 professio
2781 4877 2888 4929 est.
2924 4875 3091 4956 Apud
3142 4875 3393 4956 Graecos,
3417 4876 3543 4956 pater
3571 4870 3756 4956 λόγια,

2113 4964 2331 5019 «sacra
2355 4944 2673 5019 Scriptura,
2708 4966 2735 4995 ››
2788 4944 3166 5019 nuncupatur
3216 4968 3244 4995 «
3278 4944 3604 5019 theologia;
3642 4944 3757 5019 {iet

2115 5041 2141 5069 ‹‹
2174 5018 2426 5088 theologi
2456 5016 2805 5088 adicuntur,
2841 5016 2941 5088 qui
2973 5016 3108 5072 huic
3137 5016 3501 5071 incumbunt,
3536 5016 3753 5081 studio,

2113 5106 2322 5161 nempe
2352 5090 2451 5158 qui
2503 5089 2591 5143 vel
2623 5087 2837 5158 scripto
2862 5087 2868 5088 ⁷
2896 5088 2978 5142 vel
3040 5104 3307 5161 sermone
3369 5111 3397 5138 ‹‹
3429 5088 3755 5143 divinitatis

2114 5160 2437 5217 doctrinam
2470 5183 2496 5208 ››
2530 5165 2980 5231 prosequuntur.
3036 5160 3181 5215 Hinc
3227 5160 3560 5231 Gregorius,
3594 5160 3756 5216 solus

356 5230 601 5314 nealiag
632 5230 875 5314 quidem
917 5230 1171 5314 imperia
1214 5232 1495 5314 contineri
1553 5250 1618 5287 ac
1651 5232 2005 5314 _conscrvari
2114 5230 2543 5314 eanatribus,’
2568 5256 2593 5282 ‹‹
2630 5232 2957 5314 Theologus
2982 5251 3015 5314 ε
3069 5230 3753 5314 οεῐβιρρουαῐᾳεκιιιιοά

358 5311 630 5380 possunt,
649 5304 814 5378 'quod
838 5306 922 5362 ita
951 5309 1161 5360 natura
1192 5309 1591 5380 comparatum
1617 5304 1714 5380 sit,
1743 5309 1808 5358 ut
1834 5304 2003 5380 quid-

360 5374 503 5450 quid
534 5379 592 5433 vi
624 5374 874 5447 tenetur,
909 5381 1140 5448 arrepta
1180 5374 1481 5432 occasione
1530 5375 1729 5431 statim
1763 5391 1823 5430 se
1845 5374 1903 5429 in
1937 5375 2004 5428 li-

360 5452 1044 5527 beneteanssseratyz.
1112 5520 1121 5527 .
1192 5523 1221 5527 _
1342 5518 1396 5527 ..

434 5523 547 5593 (76)
582 5518 745 5577 ΙΙοτέ.
776 5522 867 5577 Sic
897 5518 1075 5593 Coifsl.
1103 5520 1153 5593 1.
1189 5522 1359 5593 Deest
1385 5518 1442 5593 in
1476 5517 1669 5593 editis.

580 5593 678 5646 Καὶ
712 5594 947 5646 πάντων.
981 5590 1156 5646 Coisl.
1190 5591 1243 5656 1,
1274 5587 1303 5643 ὅ
1329 5589 1415 5642 καὶ
1449 5588 1686 5644 πάντων.

437 5665 551 5735 (78)
582 5658 885 5725 Εὗσεϐείας.
918 5667 1094 5735 Regg.
1129 5680 1183 5727 a,
1216 5662 1317 5729 hu,
1352 5665 1602 5735 quatuor
1647 5659 1803 5735 Colb.
1836 5659 2003 5716 Coisl.

366 5737 395 5792 1
427 5733 487 5794 et
506 5733 564 5809 2,
596 5736 693 5795 0r.
724 5740 775 5805 1,
807 5733 1104 5810 σωτηρίας,
1140 5755 1170 5786 (ι
1197 5734 1406 5791 salutis
1437 5733 1801 5804 mysterium.
1838 5754 1866 5781 ››

2117 5304 2314 5359 nullus
2347 5305 2495 5359 hanc
2529 5303 2833 5359 materiam
2864 5303 3190 5376 sublimiori
3239 5308 3295 5358 et
3325 5303 3577 5376 graviori
3607 5304 3754 5376 stylo

2118 5376 2504 5447 pertractarit.
2564 5377 2762 5444 Itaque
2786 5376 2971 5447 quis
3014 5377 3083 5431 de
3131 5374 3349 5432 Christi
3395 5374 3695 5431 divinitate
3715 5395 3754 5447 4»

2119 5445 2447 5503 sermonem
2473 5448 2748 5513 instituit,
2780 5445 2831 5503 is
2860 5468 2887 5497 ι(
2910 5446 2969 5501 in
3000 5447 3293 5518 theologia
3319 5447 3585 5503 versari»
3617 5445 3757 5501 dici-

2117 5524 2231 5573 tur.
2266 5520 2320 5573 Si
2356 5526 2548 5573 autem
2582 5542 2607 5567 ‹‹
2644 5519 2713 5572 de
2744 5519 2955 5573 Christi
2998 5520 3361 5574 humanitate
3393 5525 3451 5574 et
3498 5518 3760 5571 incarna-

2118 5590 2275 5646 tione
2310 5614 2336 5639 ››
2368 5608 2558 5645 sermo
2609 5591 2727 5659 ﬁat,
2774 5612 2801 5639 ‹‹
2831 5592 3152 5660 ωοοηοῐῐιίε.
3177 5613 3211 5660 ξ»
3264 5592 3610 5660 appellatur.
3643 5588 3754 5660 Τὴν

2120 5661 2519 5736 ένανθρώπησιν
2548 5665 2644 5714 τοῦ
2701 5656 2833 5736 ῥεοῦ
2869 5656 3047 5736 Λόγου
3106 5656 3379 5736 καλοῦμεν
3425 5656 3758 5736 οἰκονομίαν,

2121 5730 2622 5791 «Incarnationem
2641 5733 2738 5789 Dei
2753 5730 3133 5790 oeconomiam
3146 5730 3316 5789 Verbi
3336 5730 3761 5804 appellamus.»
