4244 6216
3653 99 4188 457 '2'"

449 395 561 456 851
1695 399 1757 459 5.
1808 399 2099 459 GBEGOE

2219 400 2322 458 ΤΗ
2336 398 2617 459 EOLOGI

1166 668 1319 724 ’52
1380 678 1937 766 MONl'l‘UM
1993 680 2104 766 IN
2163 679 2858 767 ORATIONEM
2913 677 3152 763 XIII.

535 996 581 1056 Ι.
644 996 693 1055 Ε
750 994 1053 1075 Doarensi
1109 994 1254 1054 sede
1313 995 1460 1075 (83),
1512 994 1696 1072 juxta
1752 995 2221 1055 Tillemontium
2279 994 2425 1075 (84),
2488 1014 2527 1054 a
2582 994 2919 1075 Catholicis
2976 993 3212 1072 ejectus
3270 994 3478 1055 fuerat
3512 993 3871 1075 haereticus

455 1076 754 1149 antistes,
833 1074 1011 1155 cujus
1087 1074 1331 1135 nomen
1391 1076 1741 1153 ignoratur.
1803 1078 1873 1136 In
1931 1095 2004 1135 ea
2062 1074 2395 1153 Gregorius
2469 1082 2731 1153 uterque
2808 1074 3166 1146 Eulalium,
3247 1075 3447 1134 virum
3504 1074 3873 1153 integritate

456 1173 735 1225 morum,
796 1175 868 1216 ac
924 1157 1049 1216 vita
1108 1158 1727 1235 praestantissimum,
1786 1157 1924 1234 qui,
1987 1158 2383 1235 pertractatis
2442 1163 2627 1215 antea
2686 1173 2825 1215 cum
2888 1155 3073 1215 laude
3130 1156 3538 1215 smcularibus
3595 1156 3873 1232 negotiis

453 1255 752 1315 magnam
828 1236 946 1296 sibi
1001 1236 1266 1314 gloriam
1327 1237 1789 1317 conquisierat,
1872 1236 2281 1297 collocarunt.
2342 1239 2428 1296 De
2498 1236 2617 1296 hoc
2696 1235 2935 1295 Eulalio
2992 1237 3155 1295 inter
3212 1254 3275 1295 se
3333 1235 3709 1295 dissentiunt
3768 1236 3871 1317 in:

457 1324 786 1396 terpretes.
866 1317 1303 1378 Hallucinatur
1376 1316 1588 1390 Elias,
1665 1316 1767 1394 qui
1850 1336 1993 1377 eum
2069 1336 2201 1377 esse
2277 1324 2505 1395 putat,
2584 1317 2660 1376 ad
2738 1334 2928 1394 quem
3010 1317 3226 1396 plures
3280 1322 3530 1376 exstant
3587 1316 3872 1394 Gregorii

464 1395 765 1477 epistolae.
829 1399 885 1457 Is
941 1398 1104 1457 enim
1164 1397 1443 1458 Eulalius
1499 1398 1689 1474 longo
1748 1406 1888 1475 post
1947 1406 2231 1476 tempore
2290 1396 2578 1456 Nazianzi
2634 1397 2965 1475 episcopus
3021 1414 3057 1455 a
3126 1395 3450 1473 Theologo
3517 1395 3650 1475 jam
3724 1415 3874 1458 sene

463 1486 558 1539 est
613 1478 962 1539 ordinatus.
1021 1480 1191 1538 Alter
1265 1496 1454 1551 vero,
1532 1478 1608 1537 de
1663 1497 1788 1555 quo
1866 1478 1969 1537 hic
2045 1478 2288 1555 agitur,
2370 1482 2748 1537 Doarensem
2807 1478 3017 1536 sedem
3077 1480 3447 1555 occupavit,
3519 1495 3663 1537 cum
3736 1477 3876 1555 ipse

464 1559 824 1635 Theologus
901 1564 1111 1618 noster
1186 1576 1401 1619 recens
1459 1558 1843 1619 Sasimorum
1912 1558 2141 1636 praesul
2199 1564 2357 1617 esset
2412 1565 2677 1618 creatus.
2737 1558 2894 1617 Huic
2963 1556 3191 1616 Eulalii
3247 1556 3627 1618 ordinationi
3678 1556 3876 1618 inter-

460 1640 717 1699 fuerunt
772 1640 1106 1715 Gregorius
1162 1640 1404 1711 senior,
1464 1639 1695 1716 aliique
1754 1639 2039 1697 nonnulli
2096 1637 2391 1717 episcopi.
2457 1642 2591 1697 Non
2648 1638 2931 1697 interfuit
2988 1637 3286 1709 Basilius,
3347 1656 3421 1697 ac
3476 1656 3553 1698 ne
3608 1637 3869 1716 quidem

460 1718 707 1779 videtur
762 1726 1176 1796 expectatus;
1239 1738 1439 1797 neque
1498 1721 1664 1778 enim
1728 1720 1884 1778 forte
1941 1725 2189 1796 tempus
2248 1718 2511 1789 sinebat,
2561 1737 2703 1777 cum
2764 1718 3108 1797 periculum
3162 1724 3324 1778 esset
3380 1736 3456 1778 ne
3513 1720 3872 1779 cunctando

462 1799 598 1859 haec
653 1799 963 1859 ordinatio
1021 1800 1100 1859 ab
1157 1800 1402 1859 Arianis
1460 1800 1836 1860 turbaretur.
1898 1798 2055 1858 Hinc
2112 1799 2445 1876 Gregorius
2506 1799 2567 1857 in
2627 1798 2745 1858 hac
2801 1798 3083 1858 oratione
3132 1797 3209 1857 de
3262 1798 3492 1858 Basilio
3550 1798 3869 1877 loquens:

471 1903 499 1933 ‹‹
532 1882 664 1939 Non
722 1879 1040 1952 venimus,
1098 1879 1337 1957 inquit,
1400 1886 1467 1939 ut
1524 1880 1845 1939 mittamus
1905 1879 2223 1956 gladium,
2285 1879 2391 1938 sed
2461 1896 2731 1956 pacem;
2794 1897 2915 1937 non
2975 1876 3256 1937 venimus
3311 1879 3374 1936 in
3436 1876 3649 1956 magni
3703 1879 3875 1939 illius

467 1958 738 2038 pastoris
790 1964 1216 2037 contemptum
1276 1966 1337 2019 et
1392 1960 1823 2037 ignominiam,
1885 1960 1992 2036 qui
2048 1959 2391 2037 splendidae
2449 1959 2685 2018 civitati
2746 1959 3055 2037 prmsiilet.
3109 1958 3555 2018 Honorabilem
3611 1959 3871 2031 scimus,

465 2046 655 2118 caput
710 2040 1146 2117 agnoscimus,
1225 2046 1511 2100 sanctum
1568 2058 1992 2100 vocamus.....
2072 2040 2427 2099 sacerdotes
2485 2044 2545 2099 et
2620 2040 2919 2117 praesules
2995 2057 3225 2115 augere
3283 2039 3673 2112 studuimus,
3743 2058 3875 2100 non

463 2120 834 2180 subtrahere
889 2137 903 2191 ;
982 2121 1310 2180 haereticos
1366 2132 1686 2193 evertere,
1764 2139 1887 2179 non
1947 2120 2335 2180 orlhodoxos
2388 2120 2778 2179 imminuere.
2832 2142 2861 2173 »
2952 2119 3241 2178 Nondum
3318 2120 3480 2180 enim
3540 2120 3872 2180 dissidium

458 2200 622 2260 inter
680 2200 973 2261 Basilium
1032 2207 1094 2260 et
1151 2200 1550 2275 Anthimum,
1612 2202 1690 2261 de
1746 2200 2159 2278 Cappadociae
2214 2200 2278 2258 in
2338 2200 2494 2259 duas
2548 2200 2901 2277 provincias
2959 2198 3298 2271 divisione,
3358 2206 3493 2259 erat
3548 2201 3875 2278 composi-

456 2285 612 2341 tum.
672 2280 937 2341 Basilius
995 2300 1267 2359 namque
1321 2282 1513 2342 totius
1575 2282 1940 2358 provinciae,
2000 2280 2063 2339 id
2131 2288 2223 2340 est
2280 2281 2603 2357 utriusque
2658 2279 3106 2358 Cappadociae,
3170 2286 3359 2358 caput
3416 2280 3635 2340 haberi
3691 2282 3871 2341 vole-

455 2360 583 2420 bat.
646 2361 713 2421 Id
774 2379 899 2421 non
960 2380 1126 2439 aegre
1183 2364 1467 2439 agnoscit
1520 2362 1914 2439 Gregorius;
1990 2360 2259 2439 ideoque
2331 2369 2558 2439 purgat
2614 2379 2678 2419 se
2737 2362 2905 2436 quod
2961 2360 3170 2419 Basilii
3234 2360 3672 2439 praesentiam,
3753 2369 3873 2422 aut

455 2441 677 2501 saltem
736 2440 815 2501 ab
873 2459 945 2501 eo
1006 2442 1233 2502 Eulalii
1287 2443 1700 2503 ordinationis
1756 2442 2298 2501 conﬁrmationem
2355 2461 2477 2501 non
2532 2440 3006 2519 exspectaverit.

530 2522 604 2582 ΙΙ.
655 2521 910 2597 Doaris,
968 2522 1032 2581 in
1091 2523 1379 2583 secundae
1438 2522 1853 2602 Cappadociae
1910 2521 2179 2598 oppido,
2243 2521 2459 2581 habita
2515 2526 2608 2602 est
2668 2521 2802 2581 haec
2854 2520 3096 2582 decima
3152 2520 3339 2579 tertia
3395 2522 3627 2602 oratio,
3692 2523 3868 2583 circa

450 2619 685 2683 annum
750 2603 1242 2683 3735Maxima
1316 2600 1589 2683 namque
1661 2601 2111 2682 persecutionis
2182 2602 2461 2683 procella
2530 2600 2772 2683 jactata
2846 2601 3475 2683 fueratADoarensis
3524 2602 3853 2676 Ecclesia,

450 2681 847 2760 multumque
918 2681 1214 2743 intestino
1289 2680 1866 2761 bello'exagitata.
1936 2681 2351 2752 Quamobrem
2434 2702 2471 2741 a
2546 2682 2888 2758 gratiarum
2970 2680 3216 2741 actione
3292 2682 3515 2759 incipit
3587 2688 3858 2760 orator,

449 2767 512 2821 et
567 2762 801 2842 populo
859 2762 935 2822 de
993 2762 1223 2823 sedatis
1278 2764 1581 2824 fluctuum
1641 2762 2063 2823 voluminibus
2118 2768 2180 2821 et
2237 2761 2417 2821 bellis
2472 2762 2848 2837 gratulatur.
2910 2763 3109 2831 Tum,
3176 2762 3391 2839 paucis
3448 2762 3524 2822 de
3581 2763 3859 2835 Basilio,

450 2848 512 2901 et
565 2843 629 2902 in
700 2843 1030 2903 haereticos
1085 2862 1157 2903 ac
1236 2846 1701 2922 perturbatores
1758 2843 2031 2921 ejectos,
2116 2842 2414 2920 prolatis,
2477 2842 2557 2901 ad
2617 2860 2846 2902 novum
2920 2848 3235 2918 pastorem
3293 2842 3643 2901 orationem
3703 2863 3860 2903 con-

450 2924 673 2991 vertit,
732 2941 916 3002 quem
977 2931 1039 2984 et
1095 2926 1346 2985 monitis
1399 2925 1689 2994 instruit,
1767 2930 1827 2983 et
1883 2922 2106 2983 debitis
2165 2922 2456 2981 laudibus
2508 2929 2791 2982 exornat.
2856 2922 3158 3002 Caeterum
3220 2923 3556 3000 Gregorius
3609 2923 3675 2982 in
3738 2924 3867 2985 hac

450 3001 1156 3083 oratione’episcopum
1216 3007 1553 3083 quemdam
1610 3004 2014 3064 vehementer
2066 3002 2383 3079 exagitat,
2466 3026 2493 3055 «
2545 3021 2685 3061 eum
2745 3001 3049 3083 Dathanis
3105 3007 3175 3083 et
3221 3002 3513 3083 Abironis
3572 3004 3777 3063 ﬁlium
3831 3028 3865 3059 ››

450 3082 777 3159 appellans
837 3083 936 3162 (n.
997 3081 1064 3165 3)
1139 3081 1360 3146 Censet
1432 3086 1595 3146 Elias
1665 3086 1742 3145 de
1800 3085 2095 3143 Anthimo
2152 3083 2463 3165 Tyanensi
2521 3083 2813 3165 episcopo
2878 3082 3054 3165 loqui
3108 3081 3523 3165 Theologum.
3586 3085 3860 3159 Verum,

450 3169 522 3221 ut
595 3170 763 3223 recte
837 3161 1128 3225 observat
1206 3167 1463 3235 Billius,
1550 3190 1578 3221 ς(
1625 3166 1687 3225 id
1749 3184 1873 3223 non
1932 3165 2083 3224 satis
2140 3181 2215 3222 ex
2276 3163 2463 3240 hujus
2519 3163 2821 3223 orationis
2876 3162 3079 3222 verbis
3150 3161 3360 3241 colligi
3439 3169 3665 3241 potest.
3728 3166 3867 3224 Imo

449 3243 744 3319 quaedam
822 3253 1008 3316 sunt,
1089 3264 1231 3323 quae
1310 3246 1474 3305 hanc
1549 3245 2001 3324 expositionem
2059 3261 2356 3321 respuere
2399 3243 2767 3324 videantur.
2801 3244 2973 3324 Haec
3028 3242 3193 3303 enim
3251 3244 3445 3303 verba
3504 3264 3519 3305 :
3608 3246 3732 3304 οὕτε
3784 3255 3869 3321 τῷ

451 3325 673 3417 ποιμένι
723 3332 801 3400 τῷ
829 3334 918 3417 Et"?
975 3334 1125 3416 μέγα.
1153 3352 1203 3385 τι
1266 3331 1530 3417 Excipiam,
1586 3323 1648 3385 iri
1706 3343 1847 3385 eum
1908 3324 2099 3416 quad!

2212 3323 2413 3417 ;,‘qui
2469 3326 2701 3416 frustra
2756 3323 3062 3417 aliquem‘
3092 3341 3318 3417 vexare
3376 3324 3638 3417 studuit,
3698 3329 3769 3384 ut
3825 3344 3868 3386 a

450 3401 727 3483 quodam
786 3401 909 3483 alio
967 3401 1234 3480 gratiam
1292 3401 1498 3477 iniret,
1561 3424 1686 3465 non
1744 3411 1952 3464 autem
2014 3405 2076 3463 in
2134 3404 2527 3476 Anthimum,
2597 3403 2705 3483 qui
2763 3423 2907 3463 cum
2966 3403 3434 3463 infestissimum
3494 3423 3558 3463 se
3617 3404 3864 3465 hostem

446 3481 677 3563 Basilio
734 3482 1117 3559 praebuerit,
1194 3502 1319 3544 non
1378 3485 1558 3545 video
1615 3503 1888 3563 quonam
1969 3490 2151 3562 pacto
2210 3484 2344 3544 haec
2406 3481 2707 3543 verba‘ei
2765 3484 3099 3544 convenire
3170 3484 3435 3561 possint.
3507 3485 3865 3545 Dicendum

449 3562 616 3644 enim
674 3562 884 3644 potius
942 3569 1100 3624 253
1160 3565 1408 3635 fuisset,
1472 3568 1593 3626 οὔτε
1638 3562 1737 3625 Ῠτὸν
1787 3571 2019 3641 ποιμένα
2074 3593 2099 3624 τ

2222 3572 2310 3624 σὸν
2370 3569 2506 3644 μέγα
2554 3592 2605 3624 τι
2666 3565 2929 3644 ἔϐλαψας,
2988 3583 3090 3623 nec
3142 3565 3372 3640 pastori
3428 3574 3523 3624 tuo
3579 3583 3864 3644 magnum

447 3641 695 3723 aliquod
745 3641 1157 3728 detrimentum
1216 3644 1486 3728 attulisti,
1519 3664 1763 3728 quam,
1824 3650 1944 3728 οὔτε
1988 3658 2067 3725 τῷ

2219 3652 2335 3725 μένι
2514 3651 2591 3724 σῷ
2644 3652 2777 3728 μέγα
2819 3641 2871 3706 Ἴτι
2916 3641 3183 3727 Excipiam,
3217 3665 3321 3728 nec
3376 3664 3436 3728 αῖ
3464 3641 3703 3728 pastore
3762 3656 3861 3706 tua

449 3722 760 3805 ingentem‘
797 3722 1061 3804 aliquam
1118 3726 1378 3804 gratiam
1437 3722 1647 3785 iniisti.
1701 3752 1730 3782 »
1805 3722 2121 3787 Addem'us
2176 3722 2253 3786 ne
2308 3722 2571 3804 quidem
2618 3722 2740 3786 dici
2800 3722 2991 3804 posse
3031 3722 3095 3787 in
3156 3726 3361 3805 priore
3419 3722 3585 3786 B'illii
3644 3744 3856 3798 sensu,

449 3825 477 3885 ᾳ
525 3802 766 3883 pastori
822 3802 951 3875 tuo,
1000 3826 1028 3860 ι)
1097 3802 1283 3884 quem
1349 3830 1378 3861 «
1422 3826 1603 3867 suum
1652 3832 1678 3861 »
1734 3808 1869 3885 jam
1927 3808 2259 3868 Anthimus
2315 3802 2437 3867 non
2497 3802 2901 3885 agnoscebat,
2960 3826 3035 3867 ex
3093 3802 3217 3885 quo
3272 3806 3617 3884 Tyanensis
3675 3807 3860 3867 sedes

448 3883 511 3943 in
566 3885 963 3963 metropolim
1023 3883 1231 3946 erecta
1285 3893 1466 3947 esset.

523 4042 639 4113 (83)
667 4044 1065 4117 Auctornovaa
1100 4045 1303 4117 ed.0p.
1339 4047 1525 4101 sancti
1559 4046 1757 4101 Basilii
1779 4047 2100 4115 contendit,

451 4114 734 4190 adversus
792 4114 1264 4190 Tillemontium,
1289 4122 1428 4173 tunc
1463 4119 1720 4189 primum
1755 4114 2100 4174 Doarensem
2215 4120 2337 4175 416.

450 4185 644 4264 sedem
680 4187 1060 4264 constitutam
1099 4185 1575 4264 fuisse,nec,ante
1597 4190 2105 4264 Eulalium,ullum
2290 4192 2396 4259 (8-4)
2428 4191 2717 4247 Orationis
2784 4196 3219 4263 argumentum.
3278 4191 3503 4247 Tillem.
3565 4196 3711 4247 tom.
3762 4193 3863 4259 IX,

453 4255 635 4311 alium
682 4258 1024 4330 episcopum
1078 4260 1279 4316 Doaris
1323 4255 1505 4317 fuisse
1554 4255 1910 4317 ordinatum.
1960 4262 2107 4317 Vide
2219 4255 2309 4333 ag.
2344 4255 2467 4325 394.

2214 4048 2417 4103 Basilii
2448 4050 2651 4117 Vitam,
2692 4054 2835 4104 tom.
2872 4048 2941 4104 Ill
2976 4065 3138 4104 novae
3171 4047 3332 4115 edit.,
3366 4063 3417 4104 c.
3447 4048 3538 4112 24,
3570 4064 3632 4102 n.
3663 4048 3862 4120 3,pag.

854 4490 1318 4590 ORATIO
1387 4496 1615 4589 ΧΙΙΙ
1646 4508 1695 4589 ⁸.

586 4649 786 4705 Ila-bitu
830 4652 890 4707 in
920 4656 1327 4739 consecratione
1356 4656 1568 4739 Eulalii
1598 4658 1959 4713 Doarensium

1145 4743 1402 4799 episcopi.

2688 4522 3089 4620 ΛΟΓΟΣ
3194 4526 3370 4618 Il".

2676 4658 3281 4733 xsipo'royiav_Aoapth
3338 4657 3534 4733 ὁμιλία
3581 4657 3867 4718 ἐκδοθεῖσα

2211 4659 2303 4717 Εἷς
2348 4659 2446 4725 τὴν
2504 4659 2617 4730 (85)
2676 4659 3016 4733 χειροτονίαν
3065 4664 3281 4733 Anapch

2746 4728 3002 4803 Εὐλαλίῳ
3030 4730 3327 4804 ἐπισκόπῳ.

526 4829 567 4882 Ι.
603 4829 853 4897 Fratres,
886 4831 1208 4889 orationem
1242 4838 1502 4890 nostram
1535 4834 1797 4906 accipite,
1832 4836 2101 4906 quamvis

452 4918 850 4989 perexiguam,
884 4928 1055 4991 atque
1087 4940 1119 4975 a
1170 4923 1452 4993 dignitate
1502 4924 1754 4979 materia:
1784 4925 1983 4995 procul
2019 4942 2102 4980 re-

450 5011 713 5075 motam;
747 5009 846 5063 sed
883 5014 1078 5065 tamen
1142 5012 1424 5067 Dominus
1485 5017 1633 5068 Deus
1674 5015 1840 5084 justo
1876 5014 2101 5085 judicio

450 5096 913 5153 misericordiam
948 5101 1275 5171 expendere
1306 5102 1646 5157 solet3.Nam
1672 5109 1729 5157 et
1744 5103 1903 5158 Pauli
1934 5104 2099 5176 plan-

449 5185 729 5242 tationem
762 5187 995 5259 accipit,
1034 5194 1096 5243 ut
1144 5190 1327 5258 Pauli,
1360 5195 1415 5246 et
1448 5191 1794 5264 rigationem
1830 5192 2033 5265 Apollo
2057 5195 2098 5261 ‘,

520 5314 542 5345 ⁸
569 5313 682 5368 Isa.
712 5330 910 5380 xxvm,
948 5314 1030 5367 17.
1111 5316 1130 5346 ’⁸
1167 5319 1185 5369 l
1216 5321 1341 5370 Cor.
1376 5334 1459 5380 Ill,
1490 5318 1543 5372 6.

519 5454 555 5510 a
585 5436 744 5510 Alias
778 5436 954 5504 XXX;
1014 5454 1141 5507 qua:
1174 5446 1364 5495 autem
1432 5442 1496 5495 13
1525 5446 1669 5496 erat.
1722 5458 1879 5495 nunc
1908 5442 1999 5510 ‘33,
2030 5470 2095 5481 —

449 5508 664 5563 Habita
695 5509 845 5562 circa
870 5526 1087 5565 annum
1119 5514 1241 5565 373.

522 5578 757 5656 ς8ξῌῖῖς
790 5580 907 5656 ξῑῆγ,
968 5588 1076 5656 etc.
1139 5585 1198 5636 In
1258 5584 1669 5656 quibusdam}.
1709 5581 2100 5656 Προσφώνῃσις

451 5646 732 5725 ἑκδοθᾼξῖσα
930 5652 1029 5725 τῇέ
1065 5646 1377 5725 χειροτονίᾳ
1464 5646 1770 5705 Εὐλαλέου’
1804 5646 2098 5707 ἐπὶσκόᾶτου

456 5722 692 5790 Magaw.
731 5739 752 5765 κ
785 5720 1167 5777 ΑΙΙοουῐὶοἶο
1192 5720 1397 5779 Eulalii
1435 5724 1816 5779 Doarensium
1842 5726 2096 5799 episcopi

2286 4840 2359 4888 A'.
2395 4835 2618 4904 Δέξασθε
2647 4837 2736 4890 τὸν
2784 4836 3049 4911 ἡμέτερον
3096 4836 3277 4912 λόγον,
3327 4836 3693 4916 ἀδελφοὶ,κᾶν
3737 4838 3863 4894 ἑλά-

2211 4943 2401 4997 ’χιστος
2459 4924 2515 4997 ᾖ,
2575 4924 2670 4978 κᾶν
2730 4926 2875 5000 παρὰ
2930 4925 3073 4980 πολὺ
3129 4935 3230 4997 τῆς
3287 4927 3433 4997 ἀξίας
3492 4928 3864 5001 λειπόμενοςο

2211 5012 2358 5081 πλὴν
2392 5012 2544 5085 ὅμως
2575 5016 2883 5087 σταθμίζειν
2928 5015 3067 5071 οἶδεν
3103 5016 3129 5070 ὁ
3176 5017 3451 5087 Δεσπότης
3499 5019 3629 5080 Θεὸς
3782 5017 3868 5074 δι-

2211 5101 2339 5173 καίᾳ
2392 5102 2561 5176 κρίσει
2620 5106 2711 5158 τὸν
2768 5103 2919 5160 ἔλεον
3167 5104 3382 5183 δέχεται
3428 5108 3527 5183 γὰρ
3574 5109 3664 5162 καὶ
3716 5110 3863 5164 Παῦο

2212 5188 2312 5245 λου
2343 5194 2455 5266 (87)
2484 5194 2582 5261 τὴν
2627 5193 2865 5272 φυτείαν,
2902 5195 2975 5257 ὡς
3032 5193 3274 5266 Παύλου,
3317 5196 3405 5250 καὶ
3457 5196 3719 5254 Ἀπολλὼ
3765 5201 3869 5267 τὴν

2212 5442 2577 5497 ordinatione
2605 5444 2822 5499 habita.

2281 5516 2393 5583 (86)
2422 5514 2518 5566 Τὸν
2556 5510 2728 5570 ἔλεον.
2768 5540 2793 5565 ((
2829 5517 3307 5574 misericordiam.
3346 5543 3371 5567 n
3415 5520 3732 5583 Gregorius
3764 5522 3857 5577 hic

2213 5602 2312 5657 per
2345 5610 2371 5635 ι(
2405 5586 2893 5662 misericordiam,
2925 5611 2952 5639 ››
3005 5590 3281 5662 intelligit
3331 5586 3657 5648 mercedem
3691 5592 3853 5649 illam

2210 5674 2387 5727 quam
2420 5657 2571 5712 Deus
2605 5660 2770 5715 nobis
2802 5661 3086 5727 rependit.

2283 5679 2387 5710 iam
2420 5679 2571 5712 unus
2605 5679 2770 5715 DODIB
2802 5679 2860 5715 re
2905 5679 3086 5717 θηαιι.

2283 5728 2509 5796 (sum
2560 5728 2799 5787 Παύλου.
2832 5679 2959 5789 trace
3006 5734 3064 5789 in
3121 5732 3476 5806 quibusdam
3531 5733 3859 5792 Germaniae
