4244 6216
451 383 571 446 855

1698 388 1763 447 S.
1812 386 2185 447 GREGOHII
2228 386 2624 447 THEOLOGI

3745 384 3864 448 856

450 518 642 573 litaris
675 519 1008 587 contumax,
1035 517 1134 589 qui
1181 519 1458 574 adversus
1506 518 1759 591 Moysem
1807 518 2106 591 insurgere

2220 519 2487 593 στρατηγὲ
2534 517 2919 595 ἀσωφρόνιστε,
2970 517 2998 571 ὁ
3046 519 3182 572 κατᾶ
3230 518 3501 580 Μωϋσέως
3552 517 3867 591 τολμήσας,

452 623 633 662 ausus
664 623 724 661 es
750 606 812 671 η,
836 605 937 677 qui
972 623 1183 662 manus
1230 607 1288 662 in
1340 624 1467 676 nos,
1492 609 1988 679 quemadmodum
2022 608 2103 663 illi

454 695 687 768 linguas
719 695 775 749 in
811 712 1092 768 magnum
1137 695 1303 752 illum
1347 697 1447 752 Dei
1481 714 1735 765 servum,
1768 697 2111 754 immisisti?

451 785 579 842 Non
613 784 963 839 cohorruisti
981 783 1009 838 ?
1030 785 1153 839 Non
1180 786 1398 856 pudore
1422 788 1683 843 suffusus
1709 786 1811 842 es?
1840 787 1963 842 Non
1987 787 2109 842 haec

462 873 659 928 anima
690 873 932 945 agitanti
968 891 1172 931 carnes
1203 875 1259 930 in
1291 878 1502 932 terram
1536 875 1802 949 collapsas
1833 879 2014 931 sunt?
2040 876 2111 932 Et

454 968 659 1035 postea
684 982 897 1021 manus
926 965 1034 1021 bas
1065 982 1302 1022 sursum
1328 968 1398 1022 ad
1425 968 1605 1023 Deum
1628 968 1878 1023 tendes?
1903 969 2109 1023 Postea

452 1055 606 1110 dona
636 1054 884 1111 offeres?
915 1055 1122 1111 Postea
1151 1057 1442 1112 orationes
1472 1073 1574 1129 pro
1607 1056 1819 1129 populo
1851 1057 2058 1112 fundes
2083 1057 2111 1111 ?

445 1143 663 1199 Vereor
691 1143 966 1215 equidem
999 1161 1072 1200 ne
1105 1144 1201 1200 Dei
1244 1144 1478 1217 gladius
1519 1146 1745 1201 tamdiu
1778 1145 2107 1218 rubiginem

450 1232 778 1298 contrahat,
798 1237 855 1289 et
885 1234 1418 1305 conquiescatNeo
1451 1251 1484 1289 a
1514 1238 1743 1307 pastore
1772 1240 1872 1291 tuo
1902 1235 2107 1307 ingen-

448 1328 570 1379 tem
604 1321 862 1393 aliquam
913 1322 1163 1395 gratiam
1198 1323 1401 1390 iniisti,
1434 1327 1490 1379 et
1519 1328 1575 1380 te
1626 1323 1822 1397 ipsum
1855 1323 2108 1380 maximo

451 1412 803 1469 detrimento
833 1412 1156 1481 mulctasti,
1182 1417 1238 1469 te
1267 1412 1463 1486 ipsum
1484 1412 1755 1469 videlicet
1785 1430 1818 1469 a
1845 1413 1945 1470 Dei
1977 1429 2109 1486 gra-

449 1502 531 1557 tia
559 1505 901 1557 extraneum
929 1502 1203 1558 reddens.

520 1590 611 1646 IV.
647 1593 726 1647 Ac
757 1608 934 1661 nunc,
967 1608 999 1647 ο
1035 1595 1334 1663 pastorum
1367 1592 1588 1665 optime
1640 1597 1699 1649 et
1748 1593 2108 1665 prmstantis-

449 1681 615 1749 sime,
634 1681 943 1749 adesdum,
960 1696 1027 1736 ac
1050 1680 1381 1750 nobiscum,
1398 1681 1516 1737 imo
1540 1686 1677 1737 ante
1698 1699 1804 1738 nos
1826 1682 2109 1754 populum

450 1775 621 1826 tuum
653 1769 871 1841 accipe,
892 1786 1066 1841 quem
1100 1769 1354 1842 Spiritus
1380 1775 1623 1826 sanctus
1657 1771 1759 1826 tibi
1792 1771 2109 1839 commisit,

452 1876 627 1931 quem
665 1858 854 1929 angeli
885 1859 1158 1928 offerunt,
1183 1875 1355 1931 quem
1391 1863 1446 1914 et
1471 1858 1608 1926 vita,
1633 1864 1689 1915 et
1719 1876 1944 1915 morum
1982 1877 2110 1932 pro-

454 1948 632 2014 bitas,
657 1947 791 2003 fidei
822 1952 936 2002 tuae
968 1948 1237 2003 credidit.
1272 1949 1433 2014 Quod
1466 1948 1515 2004 si
1546 1964 1649 2021 per
1675 1950 2025 2004 tentationes
2056 1954 2115 2004 et

454 2035 877 2107 impedimenta
904 2035 1101 2091 throni
1134 2037 1535 2092 hereditatem
1567 2038 1968 2109 consequeris,
1997 2054 2112 2093 non

454 2128 545 2180 est
593 2141 698 2179 cur
746 2125 853 2180 tibi
913 2125 1021 2181 hoc
1070 2125 1289 2180 mirum
1320 2125 1501 2181 videri
1532 2126 1757 2181 debeat.
1792 2125 1964 2181 Nulla
2022 2143 2113 2183 res

457 2229 674 2285 magna
704 2213 1065 2287 probationis
1095 2219 1153 2269 et
1184 2214 1496 2271 anxietatis
1526 2220 1615 2270 est
1642 2232 1866 2287 expers.
1891 2219 2112 2271 Natura

457 2302 613 2359 enim
644 2302 727 2358 ita
751 2307 1158 2374 comparatum
1181 2307 1289 2375 est,
1314 2308 1378 2359 ut
1408 2321 1501 2359 res
1521 2303 1775 2360 humiles
1799 2308 1855 2359 et
1877 2305 2111 2376 abjectaa

456 2391 611 2447 facili
643 2391 875 2463 negotio
908 2394 1206 2464 parentur,
1238 2408 1331 2447 res
1363 2396 1555 2448 autem
1589 2392 1873 2448 sublimes
1917 2398 1973 2447 et
2014 2410 2113 2447 ex-

456 2480 646 2549 celsae,
673 2498 787 2536 non
811 2480 919 2536 nisi
944 2497 1177 2537 summo
1195 2481 1389 2537 studio
1411 2485 1467 2537 et
1489 2480 1854 2537 difficultate.
1882 2482 2111 2537 Audisti

457 2569 704 2625 Paulum
737 2568 1024 2625 dicentem
1061 2586 1074 2624 :
1111 2570 1260 2627 255
1299 2570 1554 2641 Oportere
1604 2586 1704 2626 nos
1756 2586 1859 2639 per
1911 2574 2113 2625 multas

456 2659 841 2715 tribulatione:
870 2660 1105 2714 introire
1134 2661 1194 2713 in
1221 2673 1451 2729 regnum
1480 2660 1742 2714 castorum
1766 2659 1829 2713 ²⁰.
1856 2659 1956 2714 Dic
1988 2660 2111 2731 ipse

457 2762 692 2818 quoque
753 2764 766 2802 :
832 2748 1207 2802 Transivimus
1261 2763 1360 2819 per
1417 2750 1602 2816 ignem
1662 2753 1710 2803 et
1767 2765 2003 2821 aquam,
2061 2756 2112 2804 et

453 2835 697 2891 eduxisti
720 2851 817 2890 nos
838 2835 898 2891 in
917 2837 1279 2907 refrigerium
1301 2837 1368 2891 ²¹.
1393 2837 1439 2891 Ο
1461 2836 1692 2908 insigne
1715 2836 2064 2892 miraculum
2092 2854 2105 2890 :

453 2925 534 2980 Ad
562 2941 844 2996 vesperam
890 2924 1202 2981 demoratus
1232 2930 1310 2980 est
1340 2927 1524 2995 ﬂetus,
1554 2929 1605 2981 et
1654 2926 1723 2980 ad
1769 2928 2111 2981 matutinum

453 3014 651 3071 ιιτιιίἰα
672 3015 740 3068 ³³.
765 3013 899 3070 Sine
920 3030 1042 3082 eos,
1069 3014 1168 3087 qui
1202 3013 1419 3070 bellum
1446 3019 1679 3086 gerunt,
1703 3016 1909 3087 nugari
1935 3019 2111 3087 atque

452 3103 723 3174 ineptire,
743 3120 809 3159 ac
856 3104 1093 3159 diducto
1144 3103 1292 3159 rictu
1340 3103 1527 3171 hiare,
1556 3108 1620 3159 ut
1668 3120 1840 3160 canes
1892 3105 2109 3160 frustra

444 3190 802 3248 oblatrantes
846 3210 860 3247 :
906 3210 1012 3248 nos
1061 3197 1257 3249 autem
1308 3210 1379 3250 ne
1430 3192 1582 3249 bello
1630 3209 1924 3248 vexemur.
1957 3194 2107 3249 Doce

448 3281 692 3336 adorare
722 3280 905 3336 Deum
938 3283 1189 3353 Patrem,
1226 3282 1410 3338 Deum
1444 3282 1676 3350 Filium,
1705 3281 1889 3337 Deum
1920 3282 2103 3353 Spiri-
2136 3264 2178 3331 C

449 3372 575 3423 tum
612 3373 906 3435 sanctum,
939 3370 996 3424 in
1021 3370 1212 3426 tribus
1258 3371 1547 3442 personis,
1578 3371 1639 3425 in
1687 3387 1806 3425 una
1836 3369 2022 3442 gloria
2052 3376 2109 3426 et

452 3457 783 3529 splendore.
825 3458 986 3522 Quod
1038 3460 1233 3530 periit,
1287 3459 1569 3529 exquire:
1604 3460 1759 3531 quod
1805 3459 2104 3514 inﬁrmum

452 3547 877 3613 est,corrobora
907 3563 921 3601 :
956 3549 1111 3619 quod
1143 3549 1380 3603 ﬁrmum
1414 3553 1692 3614 est,serva
1715 3549 1779 3602 2³.
1805 3549 2053 3604 Tantam
2076 3566 2109 3604 a

452 3638 510 3690 te
540 3634 599 3689 in
645 3634 1057 3707 spiritualibus
1100 3636 1277 3692 rebus
1315 3636 1545 3692 laudem
1578 3637 1952 3709 nominisque
1983 3638 2107 3710 glo—

453 3723 601 3779 riam
626 3724 1041 3798 efﬂagitamus,
1068 3727 1347 3796 quantam
1380 3725 1438 3780 in
1464 3724 1713 3782 terrenis
1743 3726 1987 3797 negotiis
2020 3743 2108 3782 co-

449 3812 779 3885 gnovimus.
838 3813 1245 3869 Perfectiorem
1295 3819 1657 3870 armaturam
1690 3832 1723 3871 a
1784 3814 2106 3886 majoribus

449 3902 698 3959 ducibus
726 3901 997 3973 accipies,
1030 3919 1133 3974 per
1180 3919 1357 3974 quam
1411 3904 1629 3974 poteris
1660 3904 1845 3977 ignita
1891 3903 2106 3960 diaboli

446 3991 562 4048 tela
591 3992 957 4065 exstinguere
978 3993 1044 4061 “,
1069 4009 1135 4048 ac
1166 3992 1372 4049 sistere
1398 3993 1642 4049 Domino
1675 3992 1902 4065 plebem
1935 4010 2104 4065 pecu-

2214 606 2303 661 xui
2353 611 2540 683 χεῖρας
2593 605 2811 684 ἐπαφεὶς
2860 609 3019 679 ἡμῖν,
3069 605 3249 678 ὣσπερ
3299 607 3492 661 ἰκεῖνοι
3540 607 3635 669 τὰς
3684 606 3869 683 γλώσ-

2219 718 2312 759 σας
2343 701 2422 768 τῷ
2459 694 2679 772 μεγάλῳ
2710 698 2780 768 (1)
2814 696 3138 772 Θιράποντις
3177 696 3291 754 Οὐκ
3339 695 3590 774 ἔφριξας;
3635 697 3745 752 Οὐκ
3786 696 3871 752 ἐν-

2219 786 2488 860 ετράπης;
2536 785 2644 840 Οὐκ
2691 784 2941 861 ἕρῥευσάν
2991 806 3075 839 σοι
3123 790 3291 840 ταῦτα
3322 784 3699 859 διανοουμένῳ
3737 787 3876 841 κατὰ

2218 882 2320 950 γῆς
2369 876 2421 930 αἱ
2470 874 2699 951 σάρκες;
2758 874 2889 928 Εἶτα
2949 875 3043 937 τὰς
3092 880 3283 950 χεῖρας
3335 877 3529 937 ταύτας
3579 875 3875 938 ἀνατείνεις

2216 970 2295 1037 τῷ
2374 969 2524 1036 Θεῷ;
2602 967 2735 1019 Εἶτα
2808 962 2955 1041 δῶρα
3027 964 3349 1041 προσάξειςς
3397 965 3529 1020 Εἶτα
3607 964 3871 1039 ὑπερεῦξῃ

2219 1052 2392 1122 λαοῦ;
2443 1048 2730 1126 Φοϐοῦμαι
2783 1056 2857 1127 μή
2906 1074 3037 1107 ποτε
3083 1058 3340 1108 τοσοῦτον
3398 1056 3432 1123 ἡ
3486 1053 3727 1131 ῥομφαία
3771 1060 3873 1109 τοῦ

2218 1148 2351 1199 θεοῦ
2397 1148 2638 1216 κατιωθῇ
2690 1146 2787 1217 (2),
2836 1144 2927 1197 καὶ
2974 1144 3320 1218 ἠρεμήσειεν.
3370 1140 3509 1201 Οὔτε
3536 1145 3615 1216 τῷ
3646 1142 3871 1217 ποιμένι

2217 1237 2295 1305 τῷ
2325 1238 2402 1304 σῷ
2436 1233 2575 1307 μέγα
2600 1253 2654 1287 τι
2685 1231 2948 1308 ἐχαρίσω,
2979 1232 3070 1287 xui
3101 1232 3291 1287 σαυτὸν
3338 1233 3406 1287 τὰ
3466 1234 3695 1307 μέγιστα
3743 1232 3873 1302 ἐζη-

2223 1321 2450 1395 μίωσας,
2500 1320 2880 1397 ἀλλοτριώσας
2929 1324 3007 1395 (3)
3056 1322 3274 1377 σεαυτὸν
3321 1328 3420 1391 τῆς
3467 1325 3564 1377 τοῦ
3607 1326 3740 1378 θεοῦ
3772 1322 3875 1397 χά-

2220 1431 2388 1486 ριτος.

2292 1590 2343 1643 Δ¹
2398 1591 2469 1642 N~
2532 1584 2588 1643 δὲ
2648 1589 2678 1607 ν
2860 1588 2883 1643 ἑ
3020 1586 3042 1605 ”
3317 1588 3330 1606 ⁸
3446 1586 3478 1643 λ
3534 1589 3545 1609 ’
3756 1587 3787 1644 δ
3826 1594 3847 1605 ”

2350 1633 2360 1643 .
2444 1609 2503 1642 υν
2596 1632 2609 1657 ,
2641 1610 2686 1642 ω
2715 1608 2858 1661 ποιμ
2885 1608 2992 1642 νων
3021 1608 3204 1663 αριστε
3243 1609 3333 1643 και
3383 1610 3443 1644 τε
3487 1609 3705 1661 εωτατε,
3794 1611 3878 1645 eu-

2222 1677 2284 1754 ρό
2319 1698 2411 1751 μοι
2441 1677 2529 1731 καὶ
2559 1676 2652 1731 τὸν
2699 1678 2788 1731 σὸν
2830 1672 3188 1750 ἀπολάμϐανε
3233 1674 3363 1732 λαὸν
3410 1678 3501 1731 σὺν
3531 1680 3665 1750 ἡμῖν
3693 1698 3751 1732 τε
3781 1679 3876 1732 καὶ

2220 1768 2325 1842 πρὸ
2349 1769 2529 1839 ἡμῶν,
2572 1764 2628 1821 ὅν
2678 1765 2969 1841 ἐνεχείρισὲ
3027 1787 3111 1821 σοι
3167 1765 3229 1820 τὸ
3274 1771 3492 1839 Πνεῦμα
3518 1767 3580 1821 τὸ
3610 1768 3783 1841 ἅγιον,
3813 1766 3875 1821 ὅν

2220 1855 2582 1932 προσάγουσιν
2626 1852 2871 1931 ἄγγελοι,
2922 1854 2979 1910 ὅν
3032 1857 3059 1910 ὁ
3112 1854 3229 1929 βίος
3287 1854 3376 1910 καὶ
3428 1856 3451 1910 ὃ
3497 1855 3701 1930 τρόπος
3756 1855 3876 1911 Ertio

2221 1965 2452 2001 στευσεν.
2502 1945 2567 1999 Εἰ
2622 1941 2680 1999 δὶ
2723 1943 2812 1999 διὰ
2855 1948 3170 2017 πειρασμῶν
3228 1944 3319 1999 xui
3386 1942 3728 2016 κωλυμάτων
3776 1945 3871 1999 τὸν

2220 2034 2402 2109 θρόνον
2430 2033 2821 2107 κληρονομεῖς,
2860 2035 2934 2106 μὴ
2976 2034 3253 2107 θαυμάσῃς
3288 2050 3300 2066 ·
3353 2031 3507 2088 οὐδὲν
3554 2038 3663 2089 τῶν
3699 2034 3871 2108 μεγά-

2221 2122 2334 2178 λων
2363 2120 2646 2195 ἆδόκιμον,
2699 2121 2851 2177 οὐδὲν
2899 2117 3275 2179 ἀϐασάνιστον.
3327 2125 3551 2178 ’Ἐπεται
3582 2123 3682 2198 γὰρ
3714 2123 3873 2200 φύσει

2218 2218 2339 2275 τοῖς
2372 2213 2466 2285 μὲν
2493 2216 2768 2274 ταπεινοῖς
2794 2213 2857 2267 τὸ
2890 2209 3096 2286 ρᾳδιον,
3126 2216 3242 2274 τοῖς
3276 2209 3333 2267 δὲ
3362 2209 3598 2286 ὑψηλοῖς
3624 2212 3689 2266 τὸ
3738 2210 3878 2265 δύσ-

2218 2322 2440 2372 κτητον.
2500 2304 2773 2363 ’Ἤκουσας
2829 2305 2926 2356 τοῦ
2986 2300 3253 2372 εἰπόντος,
3304 2303 3422 2356 Ὅτι
3473 2298 3553 2355 δεῖ
3600 2304 3748 2374 ἡμᾶς
3787 2299 3880 2355 διὰ

2219 2389 2444 2445 πολλῶν
2504 2389 2740 2463 θλίψεων
2812 2388 3068 2453 εἰσελθεῖν
3136 2390 3211 2451 εἷς
3264 2397 3363 2458 τὴν
3429 2389 3705 2465 βασιλείαν
3769 2396 3882 2446 τῶν

2220 2478 2456 2554 οὐρανῶν
2494 2497 2506 2510 ·
2567 2478 2684 2533 sint
2737 2476 2827 2533 xui
2882 2477 3086 2539 αὐτός·
3150 2475 3460 2550 Διήλθομεν
3540 2476 3628 2533 διὰ
3700 2480 3880 2555 πυρὸς

2218 2567 2307 2621 καὶ
2368 2565 2582 2638 ὕδατος,
2640 2566 2729 2621 καὶ
2787 2565 3045 2641 ἐξήγαγες
3090 2568 3238 2638 ἡμᾶς
3296 2566 3371 2627 εἰς
3434 2567 3741 2642 ἀναψυχήν,
3807 2576 3881 2622 ’Ὠ

2218 2659 2313 2710 τοῦ
2387 2655 2699 2727 θαύματοςι
2784 2657 2860 2712 Τὸ
2949 2654 3176 2731 ὲσπὲρας
3256 2655 3489 2725 ηὐλίσθη
3566 2655 3871 2729 κλαυθμὸς,

2219 2746 2309 2800 καὶ
2338 2748 2413 2807 εἷς
2443 2745 2505 2799 τὸ
2561 2742 2707 2821 πρωΐ
2753 2742 3098 2819 ἀγαλλίασις.
3151 2746 3251 2800 Ἔα
3301 2744 3489 2820 ληρεῖν
3530 2744 3661 2806 τοὺς
3698 2744 3873 2800 πολε-

2223 2837 2459 2905 μοῦντας
2536 2832 2626 2887 xui
2700 2833 3073 2908 περιχάσκειν,
3152 2833 3228 2895 ὡς
3287 2832 3449 2895 κύνας
3502 2832 3872 2897 ὑλακτοῦντας

2219 2919 2504 2990 διακενῆς·
2564 2924 2727 2995 ἡμεῖς
2784 2919 2842 2975 δὲ
2891 2922 2965 2994 μὴ
3017 2920 3406 2993 πολεμώμεθα.
3443 2919 3666 2977 Δίδασκε
3696 2944 3871 2999 προσ-

2216 3016 2391 3065 κυνεῖν
2445 3011 2572 3065 Θεὸν
2631 3010 2721 3065 τὸν
2773 3008 3003 3086 Πατέρα,
3065 3010 3193 3065 Θεὸν
3250 3010 3341 3065 τὸν
3392 3011 3536 3084 Υἱὸν,
3605 3012 3734 3066 Θεὸν
3805 3015 3872 3067 τὸ

2220 3103 2435 3173 Ηνεῦμα
2480 3100 2543 3154 τὸ
2598 3100 2775 3175 ἅγιον,
2818 3098 2870 3154 ἐν
2917 3099 3089 3175 τρισὶν
3135 3100 3507 3168 ὑποστάσεσιν,
3561 3100 3611 3154 ἦν
3644 3122 3742 3173 μιᾳ
3773 3098 3871 3155 δό-

2216 3188 2277 3262 ξῃ
2310 3192 2386 3262 (4)
2416 3210 2474 3243 τε
2519 3188 2607 3243 καὶ
2660 3187 3032 3265 λαμπρότητι.
3074 3189 3151 3245 Τὸ
3199 3186 3494 3250 ἀπολωλὸς
3524 3188 3733 3261 ἐκζήτει
3762 3210 3776 3222 ·
3806 3191 3875 3245 τὸ

2216 3277 2429 3341 ἀσθενὶς
2477 3277 2723 3353 ἂνέσχυε·
2779 3278 2841 3332 τὸ
2886 3278 3106 3353 ἰσχυρὸν
3140 3294 3395 3357 φυΛασσε.
3431 3277 3710 3347 Τοσαύτην
3767 3278 3873 3333 ὰπ-

2216 3367 2470 3440 αιτοῦμὲν
2529 3387 2587 3422 σε
2633 3367 2732 3435 τὴν
2775 3366 2826 3421 ἐν
2879 3371 2999 3428 τοῖς
3045 3371 3433 3439 πνευματικοῖς
3492 3364 3872 3440 εὐδοκίμησιν,

2217 3455 2347 3526 ὅσην
2396 3455 2484 3511 ἐπὶ
2533 3460 2639 3511 τῶν
2689 3459 2969 3529 κοσμικῶν
3019 3454 3388 3531 συνὲγνωμεν.
3464 3456 3575 3525 Τήν
3630 3456 3723 3527 μὲν
3776 3455 3873 3511 οὖν

2214 3545 2547 3617 τελεωτέραν
2602 3544 2818 3600 ὅπλισιν
2875 3542 3063 3621 δέχοιο
3114 3548 3192 3617 (5)
3243 3546 3388 3619 παρὰ
3431 3548 3538 3599 τῶν
3602 3544 3874 3617 μειζόνων

2216 3638 2555 3709 στρατηγῶν,
2603 3632 2671 3688 δι’
2718 3636 2784 3701 ἧς
2843 3631 3045 3708 δυνήσῃ
3090 3635 3156 3689 τὰ
3203 3631 3338 3707 βέλη
3379 3637 3477 3688 τοῦ
3517 3638 3763 3706 πονηροῦ
3802 3636 3874 3689 τὰ

2215 3724 2579 3799 πεπυρωμένα
2628 3718 2833 3792 σϐέσαι,
2880 3725 2970 3777 καὶ
3020 3725 3356 3798 παραστῆσαι
3400 3727 3479 3794 τῷ
3516 3723 3697 3799 Κυρίῳ
3730 3723 3871 3780 λαὸν

2213 3813 2545 3889 περιούσιον,
2569 3808 2717 3876 ἔθνος
2748 3811 2922 3887 ἅγιον,
2961 3811 3232 3887 βασίλειον
3265 3813 3576 3888 ἱεράτευμα,
3609 3812 3661 3867 ἐν
3700 3819 3875 3887 Χρισ-

2212 3907 2291 3974 τῴ
2335 3903 2510 3973 Ἰησοῦ
2558 3905 2637 3973 τῷ
2689 3901 2872 3975 Κυρίῳ
2900 3902 3059 3975 ἡμῶν
3093 3904 3192 3975 (6),
3226 3902 3272 3974 ᾦ
3302 3903 3338 3971 ἡ
3371 3899 3497 3972 δόξα
3632 3902 3707 3965 εἷς
3733 3902 3870 3966 τοὺς

2214 3991 2433 4053 αἰῶνας.
2469 3992 2669 4064 ’Δμήν.

443 4080 668 4149 liarem,
701 4088 933 4154 gentem
962 4084 1251 4150 sanctam,
1282 4081 1475 4155 regale
1508 4082 1898 4139 sacerdotium
1926 4084 1987 4151 ’5,
2020 4085 2079 4138 in
2111 4082 2339 4140 Christo
2381 4083 2516 4139 Jesu
2552 4081 2797 4138 Domino
2830 4086 3049 4150 nostro,
3082 4081 3175 4137 cui
3204 4081 3391 4155 gloria
3421 4081 3479 4138 in
3511 4082 3725 4139 sacula
3754 4100 3872 4140 saa-

448 4169 736 4225 culorum.
766 4172 971 4226 Amen.

519 4268 564 4303 ¹⁹
592 4267 775 4344 bium;
790 4285 904 4344 xvi,
940 4269 990 4323 1.
1024 4269 1111 4344 _‘0
1141 4272 1268 4325 Act.
1304 4284 1423 4339 xxv,
1452 4269 1541 4325 21.
1619 4270 1662 4305 ²¹
1697 4269 1847 4326 Psal.
1882 4287 2004 4342 va,
2040 4271 2126 4325 12.
2204 4271 2249 4305 ³³
2278 4268 2433 4327 Psal.
2465 4286 2620 4340 xxxx,
2649 4270 2703 4325 6.
2782 4270 2830 4307 ’3
2862 4270 3063 4326 Ezecb.
3102 4285 3304 4343 xxxrv,
3337 4271 3387 4329 4.
3467 4271 3514 4308 ³⁸
3549 4270 3766 4344 Ephes.
3796 4289 3829 4327 v
3852 4290 3873 4328 ι

450 4338 538 4393 16.
612 4339 657 4373 ³⁵
689 4339 709 4392 Ι
741 4338 896 4393 Petr.
930 4355 992 4403 ιι,
1017 4340 1071 4395 9.

448 4452 556 4491 vus
586 4452 829 4510 operum
863 4436 1154 4510 S.7Basilii
1186 4438 1391 4504 editor,
1424 4438 1482 4493 in
1513 4440 1641 4510 ejus
1670 4438 1801 4494 Vita
1830 4442 1971 4495 tom.
1998 4440 2097 4505 Ill,

450 4524 498 4562 c.
530 4509 621 4576 24,
651 4525 714 4584 _n.
747 4509 889 4584 3,_p.
927 4509 1049 4573 116,
1081 4510 1443 4584 probabilius
1485 4509 1656 4584 certe,
1690 4512 2097 4584 presbyterum

451 4580 773 4656 quemdam
800 4580 1183 4656 Tyanensem,
1208 4581 1543 4656 quiﬂcontra
1565 4580 1846 4656 Basiliam
1871 4580 2098 4656 pugna-

449 4655 630 4717 verat,
660 4655 722 4735 et
756 4650 1057 4735 in‘ip-sum
1089 4650 1944 4735 etiamGregorium'injecerat
1963 4650 2097 4735 ina-

450 4738 582 4795 nus,
614 4727 681 4795 ut
718 4722 791 4777 ab
821 4722 1098 4795 Anthimo
1130 4725 1380 4795 gratiam
1412 4722 1605 4780 iniret.
1633 4726 1777 4781 Huic
1828 4727 1924 4781 Dei
1975 4726 2098 4795 gla-

447 4792 629 4869 dium
668 4792 979 4869 impre_c_ari
1036 4792 1264 4869 videtur
1320 4795 1673 4869 Theologus,
1706 4820 1734 4869 (ι
1769 4802 1833 4852 ut
1879 4797 1936 4852 in
1977 4792 2100 4854 ‘hac

446 4865 583 4940 vita,
616 4865 1019 4940 inquitElias,
1050 4867 1305 4922 audaciae
1336 4884 1458 4925 suae
1489 4865 1690 4940 pcenas
1718 4868 1909 4936 luens,
1933 4874 2097 4925 aeter-

447 4936 541 5009 nis
576 4936 895 5009 suppliciis_
912 4937 1219 4994 eximatur.
1254 4961 1283 4989 »

442 5006 710 5135 ἱηξὲτῷ
740 5006 982 5084 μεγάλῳ.
1018 5010 1112 5066 Sic
1155 5015 1273 5067 tres
1316 5010 1497 5085 Regg.
1530 5014 1587 5067 et
1614 5011 1709 5068 Or.
1746 5012 1791 5069 1.
1824 5011 1996 5068 Deest
2023 5014 2101 5083 τῷ

2279 4441 2357 4523 (2)
2388 4439 2658 4523 Κατιωθῇ.
2698 4441 3179 4523 .Rectius“quam
3238 4440 3385 4523 κᾴτω
3414 4441 3506 4512 Θῇ,
3539 4446 3627 4523 οε
3656 4441 3873 4523 Dillius

2208 4511 2464 4584 primum
2497 4511 2717 4586 legerat
2747 4518 2804 4566 et
2832 4511 3184 4583 reddiderat,
3209 4535 3237 4564 «
3268 4511 3542 4569 deorsum
3588 4513 3689 4569 Dei
3738 4514 3869 4586 gla-

2208 4585 2353 4674 diu‘s‘
2384 4584 2760 4674 prppendeat.
2786 4607 2813 4631 ››

2280 4656 2356 4730 (3)
2387 4652 2815 4730 ᾏλλοτριωσας.
2847 4653 3006 4730 «_Dei
3038 4654 3237 4730 gratia,
3257 4658 3310 4710 te
3341 4656 3674 4712 excludens.
3702 4678 3730 4705 »ι

2278 4722 2357 4795 (4)
2389 4727 2472 4799 Ἐν
2511 4722 2608 4798 μ.ιᾷ
2641 4722 2785 4799 δόξῃ.
2822 4749 2849 4776 ‹‹
2878 4727 2945 4799 In
2978 4722 3095 4783 una
3125 4728 3452 4797 majestate.
3480 4747 3509 4778 ι)

2300 4801 2354 4865 5)
2387 4796 2603 4872 Δέχοιο.
2634 4821 2667 4872 ξ(
2699 4796 2972 4872 Accipite.
3002 4820 3030 4872 υ

2301 4871 2359 4940 6)
2385 4869 2590 4941 Ἣμῶν.
2624 4870 2718 4926 Sic
2764 4869 3145 4943 in'pluribus
3196 4869 3365 4925 codd.
3415 4874 3583 4926 Deest
3626 4871 3686 4925 in
3744 4870 3870 4926 edi-

2208 4941 2306 4996 tis.

2389 5010 2540 5082 Δόξα.
2577 5013 2816 5069 Addunt
2844 5010 3134 5085 nonnulli,
3156 5009 3245 5067 xui
3274 5011 3337 5066 τὸ
3366 5012 3585 5087 κράτος,
3610 5034 3639 5063 ιι
3673 5016 3733 5069 et
3761 5012 3877 5069 im-

2210 5100 2460 5157 perium.
2494 5106 2523 5135 η

1110 5261 1265 5321 ’⁸⁵⁸
1324 5269 1884 5361 MONITUM
1941 5276 2054 5361 IN
2113 5274 2795 5364 ORATIONEM
2852 5276 3093 5362 XIV.

526 5529 576 5588 Ι.
647 5528 945 5615 Quamvis
999 5529 1060 5589 in
1119 5530 1459 5615 plerisque_
1490 5549 1680 5615 manu
1716 5529 2009 5615 _exaratis
2060 5530 2413 5615 codicibus,
2477 5532 2613 5615 haec
2671 5533 2872 5595 oratio
2928 5534 3113 5596 istum
3174 5554 3304 5615 prae
3362 5553 3429 5596 se
3484 5535 3645 5596 ferat
3701 5535 3867 5597 tilu-

449 5608 582 5667 lum
636 5626 650 5666 :

531 5712 609 5781 (8)
642 5712 794 5767 Hier.
827 5713 901 5768 De
927 5716 1115 5785 script.
1148 5717 1301 5785 each,
1333 5717 1425 5772 ed.
1458 5717 1589 5773 Bas.
1625 5718 1783 5786 1529,
1818 5733 1949 5790 pag.
1984 5718 2105 5773 149.

730 5612 857 5689 Περί
914 5610 1355 5694 πτωχοτροφίας,
1419 5612 1501 5672 De
1555 5610 1781 5673 alendis
1829 5610 2108 5691 pauperi!

2222 5633 2246 5681 ;
2319 5614 2713 5694 praetulimus
2788 5620 2999 5677 tamen
3075 5610 3219 5677 cum
3287 5616 3669 5697 Hieronymo
3730 5616 3865 5697 (8),
