4244 6216
474 335 593 399 859
1713 341 1779 399 8.
1828 338 2141 399 GREGOR

2255 337 2644 398 THEOLOGI
3764 339 3884 401 860

477 470 871 542 enim,parvis
903 470 1181 526 adhibitis
1224 471 1535 541 mensuris,
1561 470 1711 526 alius
1756 470 1935 526 alium
1970 477 2128 527 ante-

2255 469 2488 535 Ξὶπαντες,
2530 468 2617 523 καὶ
2656 475 2754 538 τῆς
2806 468 2949 531 θείας
2995 467 3222 543 χάριτος
3269 465 3520 540 ἐπιδεεῖς,
3570 468 3664 523 κᾶν
3713 467 3891 531 ἄλλος

476 560 683 615 cellere
712 560 1000 626 videatur,
1026 575 1313 631 pauperes
1344 565 1540 615 tamen
1573 576 1777 616 omnes
1808 576 2001 616 revera
2032 578 2130 615 su-

477 665 628 715 mus,
654 648 956 719 gratiaque
987 647 1181 702 divina
1228 648 1607 721 indigemus),
1632 650 1779 703 hanc
1807 650 1877 704 de
1909 665 2129 721 paupe-

474 753 605 792 rum
640 752 836 792 amore
878 739 1205 791 orationem
1240 754 1351 791 non
1386 741 1634 809 anguste
1676 743 1731 793 et
1774 738 1995 809 jejune,
2027 739 2129 792 sed

476 825 671 897 ample
701 830 757 880 et
787 826 1095 897 magniﬁce
1123 826 1386 897 accipite,
1412 832 1474 881 ut
1497 827 1657 898 regni
1691 843 1828 897 opes
1860 843 2133 898 assequa-

475 914 620 968 mini
651 932 663 981 ;
698 930 763 968 ac
797 914 973 969 simul
1008 920 1185 979 orate,
1214 921 1421 969 uteam
1448 918 1679 986 copiose
1710 916 1874 970 vobis
1906 916 2130 971 submi-

482 1002 827 1067 nistremus,
860 1009 917 1057 et
948 1020 1215 1057 sermone
1246 1004 1470 1059 animos
1501 1008 1724 1059 vestros
1756 1004 2006 1069 alamus,
2032 1022 2131 1075 pa-

474 1107 727 1163 nemque
758 1091 1127 1162 spiritualem
1157 1093 1309 1147 fame
1339 1093 1743 1149 laborantibus
1766 1094 2131 1165 frangamus,

475 1182 596 1235 sive
639 1180 814 1253 prisci
866 1180 1026 1236 illius
1070 1182 1223 1238 258
1258 1182 1473 1254 Moysis
1504 1182 1561 1236 in
1598 1199 1841 1252 morem,
1875 1183 2067 1238 cibum
2104 1200 2134 1238 ο

471 1270 613 1325 coelo
644 1270 913 1341 pluentes
936 1271 999 1339 ’5,
1026 1275 1201 1341 atque
1251 1271 1591 1343 angelorum
1637 1286 1847 1343 panem
1878 1272 2129 1343 largien-

474 1368 562 1415 tes
585 1361 660 1425 9";
695 1360 815 1414 sive
858 1360 1059 1430 paucis
1092 1360 1343 1431 panibus
1377 1362 1564 1415 multa
1605 1362 1779 1415 etiam
1824 1361 2130 1416 hominum

476 1449 663 1503 millia
692 1447 747 1502 in
775 1449 1003 1503 deserto
1027 1450 1094 1503 ad
1126 1450 1493 1505 saturitatem
1520 1466 1708 1521 usque
1740 1456 2045 1522 pascentes
2066 1453 2130 1521 93,

472 1538 633 1593 velut
664 1541 866 1610 postea
895 1538 1069 1593 Jesus
1102 1538 1253 1608 fecit,
1287 1555 1477 1604 verus,
1512 1540 1774 1611 inquam,
1812 1540 1909 1595 ille
1940 1540 2129 1611 panis,

473 1632 530 1684 et
558 1643 705 1682 verm
733 1626 859 1681 vita:
915 1631 1137 1682 auctor.
1164 1629 1265 1682 Est
1303 1627 1539 1699 quidem
1591 1628 1744 1683 haud
1812 1630 2132 1684 admodum

474 1720 813 1788 promptum
855 1720 912 1771 et
943 1715 1109 1771 facile
1156 1717 1307 1771 inter
1344 1716 1608 1783 virtutes,
1633 1734 1784 1782 eam,
1811 1734 1936 1788 qum
1969 1724 2133 1773 caete-

2242 557 2416 613 ἄλλου
2447 559 2703 634 προέχειν
2753 556 2913 632 δοκῇ,
2958 564 3173 631 μικροῖς
3233 556 3449 630 μέτροις
3503 557 3891 631 μετρούμενος,

2242 645 2456 719 δέξασθε
2477 648 2568 702 τὸν
2594 648 2716 723 περὶ
2739 645 3121 726 φιλοπτωχίας
3145 649 3259 716 (17)
3284 644 3469 720 λόγον,
3492 649 3567 718 μὴ
3590 651 3891 722 πεηῖρῶςν

2241 734 2385 791 ἀλλὰ
2414 736 2742 814 φιλοτίμως,
2770 736 2857 790 ’ίνα
2893 734 3169 811 βασιλείαν
3190 734 3537 806 πλουτήσητε
3566 735 3890 808 (18)·συνεῦ-

2242 826 2394 895 ξασθε
2426 824 2482 880 δὲ
2507 826 2593 880 καὶ
2621 828 2766 897 ἡμᾶς
2796 824 3073 885 πλουσίως
3121 829 3313 879 τοῦτον
3368 826 3492 897 ὑμῖν
3543 832 3889 901 χορηγῆσαι,

2240 914 2328 969 καὶ
2380 916 2566 990 θρέψαι
2612 920 2690 987 τῷ
2740 914 2888 989 λόγῳ
2935 915 3027 975 τὰς
3082 913 3340 987 ὑμετέρας
3386 915 3588 989 ψυχάς,
3632 916 3721 967 καὶ
3775 912 3894 967 δια-

2241 1004 2435 1079 θρύψαι
2484 1009 2702 1058 πεινῶσι
2752 1006 2842 1058 τὸν
2895 1003 3256 1070 πνευματικὸν
3309 1000 3487 1078 ἄρτον
3532 999 3639 1057 εἴτε
3668 1003 3759 1057 ἀπ’
3798 1002 3892 1057 οὐ·

2244 1098 2404 1168 ρανοῦ
2448 1095 2657 1171 τροφὴν
2707 1094 2899 1154 ὕοντας
2950 1095 3083 1165 (19),
3132 1094 3370 1164 καθάπερ
3422 1094 3661 1159 Μωυσῆς
3711 1093 3741 1146 6
3793 1113 3898 1145 πα-

2242 1180 2396 1243 λαιὸς
2425 1182 2765 1248 ἐκεῖνος,καὶ
2816 1183 2972 1256 ἄρτον
3028 1180 3275 1255 ἀγγέλων
3326 1181 3749 1256 χαριζομένους·
3785 1182 3897 1237 εἷπε

2243 1271 2426 1344 ἄρτοις
2460 1269 2672 1345 ὀλίγοις
2708 1269 2758 1324 ἐν
2805 1269 3009 1342 ἐρημίᾳ
3036 1270 3333 1345 τρέφοντας
3382 1268 3547 1343 μέχρι
3588 1268 3755 1342 κόρου
3804 1269 3899 1323 καὶ

2246 1356 2531 1436 μυριάδας,
2562 1360 2797 1432 καθάπερ
2825 1361 3037 1428 Ἰησοῦς
3068 1357 3305 1433 ὕστερον,
3338 1359 3365 1412 ὁ
3398 1357 3660 1428 ἀληθινὸς
3708 1358 3897 1432 ἄρτος,

2241 1449 2329 1503 xui
2362 1452 2457 1517 τῆς
2489 1447 2755 1519 ἀληθινῆς
2790 1454 2935 1517 ζωῆς
2976 1446 3163 1508 αἴτιος.
3199 1450 3348 1501 Ἐστι
3400 1448 3492 1520 μὲν
3543 1445 3632 1501 οὖν
3665 1447 3727 1501 οὐ
3760 1447 3903 1501 πάνυ

2240 1560 2291 1593 τι
2322 1535 2503 1613 ῥᾳδιον
2535 1542 2641 1592 τῶν
2691 1539 2889 1609 ἀρετῶν
2939 1538 3038 1605 την
3085 1539 3317 1590 νικῶσαν
3368 1536 3560 1611 εὑρεῖν,
3592 1535 3683 1589 xui
3730 1535 3903 1609 ταῦτῃ

2245 1624 2429 1681 δουναι
2489 1628 2553 1680 τά
2612 1622 2869 1702 πρεσϐεῖα
2917 1627 3027 1699 (20)
3083 1625 3173 1679 xui
3227 1625 3291 1679 τὰ
3341 1627 3654 1701 νικητήρια·
3713 1624 3901 1700 ὥσπερ

2245 1714 2368 1771 οὐδὲ
2400 1715 2449 1770 έν
2484 1715 2715 1788 λειμῶνι
2924 1714 3221 1776 πολυανοεῖ
3270 1715 3360 1769 καὶ
3411 1712 3622 1785 εὐώδει,
3661 1718 3768 1768 τῶν
3806 1715 3901 1767 άν-

474 1822 569 1861 ras
600 1805 815 1873 vincat,
834 1805 1114 1872 invenire,
1137 1806 1304 1877 eique
1326 1807 1551 1877 primas
1575 1824 1640 1861 ac
1673 1807 1925 1877 palmam
1950 1808 2088 1861 dare
2118 1831 2131 1868 ε

2255 1805 2377 1868 θέων
2408 1806 2470 1859 τὸ
2500 1802 2793 1859 κάλλιστον
2823 1804 2912 1858 xui
2945 1802 3329 1875 εὐωδέστατον,
3364 1802 3563 1858 ἄλλοτε
3593 1801 3771 1856 ἄλλου
3795 1805 3902 1870 τήν

2255 1891 2271 1910 Ἰ
2633 1894 2647 1910 \
2747 1895 2761 1910 ἱ
2855 1890 2915 1910 ν..
3107 1893 3119 1910 \
3204 1894 3216 1910 Ι
3340 1893 3353 1910 \
3466 1890 3544 1910 A'\
3888 1894 3899 1907 κ

2248 1891 2271 1913 Ἰ

473 1894 972 1966 quemadmodum
996 1894 1171 1949 etiam
1206 1895 1266 1948 in
1300 1900 1467 1966 prato
1491 1897 1746 1966 quodam
1780 1896 2049 1967 plurimis
2080 1901 2136 1951 et

473 1983 755 2038 suavibus
782 1981 1027 2038 ﬂoribus
1056 1984 1270 2038 referto
1295 1984 1493 2039 ﬂorem
1526 1986 1791 2041 omnium
1817 1985 2135 2058 pulcherri-

474 2088 641 2127 mum
692 2076 750 2127 et
798 2072 1326 2144 ﬂagrantissimum
1378 2074 1650 2146 reperire,
1684 2074 1797 2130 alio
1853 2074 2134 2129 nimirum

2245 1891 2508 1971 ὄσφρησιν
2558 1894 2648 1947 καὶ
2701 1895 2800 1961 τὴν
2851 1890 2964 1962 ὄζιν
3014 1893 3153 1969 πρὸς
3204 1893 3362 1947 ἑαυτὸ
3398 1890 3774 1964 μεθέλκοντος,
3806 1894 3903 1945 καὶ

2244 1988 2459 2058 πρῶτον
2512 1982 2795 2057 δρέπεσθαι
2844 1982 3147 2043 πείθοντος.
3197 1984 3285 2043 Ὠς
3336 1979 3381 2035 δ’
3431 1980 3520 2035 οὖν
3573 1980 3671 2053 ἐμὲ
3702 2028 3718 2053 ,
3774 1982 3906 2055 περὶ

2243 2071 2449 2126 τούτων
2484 2069 2750 2126 διελέσθαι
2784 2073 2895 2143 (22)
2930 2072 3180 2125 σκεπτέον
3215 2070 3410 2132 οὕτως.

472 2161 621 2217 alias
654 2160 931 2217 olfactum
966 2166 1023 2216 et
1052 2167 1354 2233 aspectum
1388 2164 1455 2217 ad
1492 2180 1554 2218 se
1584 2164 1969 2234 distrahente,
2002 2170 2176 2234 atque
2215 2165 2283 2217 ad
2332 2164 2587 2234 primum
2620 2179 2754 2217 eum
2786 2162 3215 2234 decerpendum
3250 2161 3563 2217 alliciente.
3597 2162 3905 2226 Quantum

473 2254 668 2307 tamen
702 2250 829 2323 ipse
862 2252 1094 2322 assequi
1130 2268 1396 2322 possum,
1426 2253 1509 2307 ita
1539 2269 1631 2307 res
1662 2252 2082 2324 distinguenda
2112 2256 2168 2307 et
2194 2252 2623 2307 consideranda
2653 2256 2758 2307 est.

545 2343 615 2397 ΙΙ.
648 2341 897 2397 Pulchra
952 2359 1045 2397 res
1102 2346 1211 2409 est,
1270 2342 1434 2411 fides,
1481 2359 1635 2413 spes,
1684 2343 1960 2411 charitas,
2018 2342 2131 2397 tria

475 2431 598 2487 haec
615 2432 689 2497 ’9;
722 2448 789 2486 ac
820 2431 951 2485 ﬁdei
986 2431 1223 2503 quidem
1255 2432 1421 2486 testis
1450 2436 1539 2487 est
1566 2431 1880 2501 Abraham,
1915 2432 2013 2504 qui
2037 2433 2132 2502 ju-

479 2520 650 2577 stitise
679 2519 911 2575 laudem
944 2536 1011 2574 ex
1045 2520 1156 2575 fide
1187 2525 1535 2576 consecutus
1566 2522 1742 2588 est”,
1776 2522 1922 2593 spei,
1954 2522 2130 2591 Enos,

479 2609 580 2680 qui
621 2608 849 2680 primus
901 2623 1005 2679 spe
1054 2609 1342 2663 adductus
1391 2614 1500 2676 est,
1538 2613 1600 2664 ut
1646 2610 1872 2665 Domini
1920 2627 2132 2665 nomen

482 2698 860 2767 invocaret“,
910 2696 1179 2768 justique
1239 2698 1415 2752 etiam
1475 2715 1699 2768 omnes,
1742 2699 1843 2769 qui
1902 2703 2137 2769 propter

485 2802 654 2858 Opem
687 2802 979 2841 aerumnas
1011 2786 1334 2852 sufferunt;
1366 2786 1688 2851 charitatis,
1723 2788 1959 2843 divinus
1986 2788 2135 2858 Apo-

487 2874 695 2939 stolus,
729 2874 827 2945 qui
863 2874 1095 2930 Israelis
1127 2891 1305 2930 causa
1343 2875 1576 2947 gravius
1606 2875 1825 2947 aliquid
1858 2877 2140 2931 adversus

493 2980 556 3019 se
586 2962 851 3035 proloqui
883 2979 997 3018 non
1048 2964 1433 3033 dubitavit”;
1475 2982 1538 3019 ac
1568 2964 1721 3021 Deus
1770 2965 1945 3020 etiam
1992 2965 2141 3037 ipse,

496 3053 595 3126 qui
627 3053 878 3108 charitas
910 3052 1236 3125 appellatur
1254 3054 1317 3108 ³².
1345 3053 1596 3109 Pulchra
1619 3071 1712 3110 res
1742 3054 2141 3127 hospitalitas;

495 3158 561 3198 ac
614 3140 779 3197 testis
827 3142 982 3197 inter
1021 3142 1216 3213 justos
1264 3142 1500 3214 quidem
1554 3143 1697 3198 Loth
1760 3143 2145 3209 Sodomita“,

494 3231 758 3286 moribus
780 3233 975 3285 tamen
1000 3230 1459 3302 haudquaquam
1488 3232 1816 3297 Sodomita;
1840 3233 1992 3287 inter
2013 3248 2147 3303 pec-

496 3323 723 3376 catores
753 3322 949 3373 autem
982 3318 1141 3373 Raab
1173 3320 1446 3374 meretrix
1464 3320 1527 3387 ³⁵,
1556 3336 1667 3375 non
1694 3324 1894 3375 tamen
1926 3338 1994 3375 ex
2025 3338 2153 3392 pro-

498 3407 686 3479 posito
734 3406 1028 3469 meretrix,
1076 3407 1167 3461 cui
1214 3407 1357 3462 bene
1400 3410 1469 3462 de
1511 3407 1842 3479 hospitibus
1886 3410 2149 3465 mercndi

499 3496 787 3561 studium,
820 3500 876 3550 et
920 3494 1081 3550 laudi
1125 3496 1255 3561 fuit,
1299 3500 1355 3550 et
1396 3495 1590 3551 saluti.
1627 3496 1875 3551 Pulchra
1912 3514 2004 3552 res
2036 3499 2148 3552 fra-

498 3590 703 3640 ternus
737 3601 923 3651 amor,
956 3585 1203 3655 ejusque
1244 3584 1325 3639 rei
1356 3585 1555 3640 Jesum
1589 3589 1795 3639 testem
1842 3586 2149 3655 habemus,

501 3675 597 3746 qui
634 3689 748 3729 non
781 3674 954 3729 modo
989 3675 1169 3729 frater
1199 3678 1396 3729 noster
1418 3674 1631 3739 vocari,
1656 3675 1755 3729 sed
1787 3675 1962 3730 etiam
1994 3675 2152 3730 salu-

497 3764 574 3818 tis
606 3768 816 3819 nostra:
848 3780 1028 3818 causa
1065 3762 1351 3835 supplicio
1384 3763 1535 3817 afﬁci
1567 3764 1870 3818 sustinuit.
1903 3763 2154 3818 Pulchra

500 3870 591 3908 res
620 3851 1023 3908 benevolentia
1054 3868 1191 3923 erga
1239 3852 1531 3919 homines,
1567 3868 1632 3907 ac
1679 3853 1847 3907 testis
1878 3858 1963 3908 est
1995 3854 2150 3908 idem

498 3944 689 4013 Jesus,
710 3943 810 4012 qui
844 3959 956 3997 non
987 3941 1175 3997 solum
1208 3941 1502 3997 hominem
1536 3946 1770 4014 propter
1799 3959 1973 4013 opera
2002 3944 2155 3997 bona

502 4032 715 4087 creavit
733 4032 798 4102 ³⁸,
822 4037 998 4103 atque
1028 4030 1370 4103 imaginem,
1391 4046 1516 4101 quaa
1552 4032 1619 4085 ad
1656 4032 1879 4102 optima
1909 4048 2154 4104 quaeque

502 4120 619 4173 dux
653 4125 825 4191 esset,
846 4138 911 4176 ac
944 4137 1199 4191 superna
1229 4120 1382 4174 bona
1412 4120 1763 4188 conciliaret,
1786 4121 1942 4176 carni
1975 4137 2154 4193 copu-

501 4208 663 4275 lavit,
688 4210 785 4262 sed
822 4208 1005 4263 nostri
1040 4209 1215 4263 etiam
1250 4224 1426 4263 causa
1456 4208 1629 4263 homo
1662 4209 1848 4264 factus
1879 4215 1985 4265 est.
2017 4211 2154 4265 Pul-

505 4296 645 4351 chra
678 4312 768 4351 res
803 4297 1241 4367 longanimitas,
1275 4298 1775 4368 quemadmodum
1828 4299 1983 4354 idem
2033 4300 2158 4371 ipse

506 4388 778 4455 testatur,
798 4384 898 4457 qui
925 4402 1041 4441 non
1075 4386 1266 4442 solum
1298 4385 1639 4459 angelorum
1667 4386 1923 4459 legiones
1954 4389 2155 4445 adver-

579 4594 623 4628 ²⁶
653 4591 832 4647 Exod.
866 4607 983 4659 xvx,
1035 4591 1099 4644 14
1146 4606 1305 4661 seqq.

503 4666 557 4719 6.
634 4665 675 4698 ³¹
708 4663 850 4720 Gen.
902 4680 978 4731 xv,
1024 4663 1115 4719 26.
1194 4664 1239 4698 ³²

505 4753 565 4807 ιι,
602 4738 686 4791 10.

574 4932 683 4999 (17)
716 4927 843 5002 Περί
896 4926 1296 5002 φιλοπτωχίας.
1335 4930 1417 4984 Ita
1473 4931 1609 5001 Reg.
1644 4932 1774 5002 ‘bm.
1823 4931 1919 4986 Or.
1974 4934 2029 5001 2,
2077 4931 2150 4993 εἷς

504 4999 913 5079 φιλοπτωχίανζ
949 5000 1081 5070 Alii,
1127 4999 1250 5075 περὶ
1292 4999 1737 5078 πτωχοτροιρίας,
1764 5025 1793 5053 ‹‹
1825 5003 1896 5058 de
1928 4999 2154 5060 alendis

507 5074 884 5128 nauneribus.
912 5097 933 5124 ι

548 5090 884 5129 ειυοθτιῡυε.
912 5097 933 5124 ι

507 5092 884 5147 pauperibus.
912 5097 933 5124 ι

507 5144 1095 5267 τίῼξέιῐιλουτήσητε.
1133 5144 1311 5216 Regg.
1362 5144 1481 5211 bm,
1530 5144 1628 5215 ph,
1672 5148 1729 5201 et
1766 5146 1864 5203 Or.
1894 5150 1951 5215 2,
1982 5144 2157 5199 πλου-

506 5238 705 5273 τισητε.

576 5252 961 5360 ίίζῦ.“ὶ“οντ9ις.
997 5286 1187 5360 Gloss.
1226 5283 1547 5360 βρέχοντας,

579 5353 688 5433 ('30)
723 5353 1003 5432 Πρεσῦεῖα.
1030 5353 1471 5433 ξᾘοδοξμπρῶτα.

725 5426 981 5499 Λὲιμῶνι.
1018 5430 1205 5485 Gloss.
1245 5426 1497 5500 λιῦαδίῳ.

576 5510 685 5572 ('32)
716 5502 1012 5563 Διελέσθαι.
1039 5502 1173 5575 Heg.
1195 5502 1268 5556 hu
1294 5499 1671 5575 ἐλεσθάιιτΡιιῖξξζ
1701 5499 2155 5575 ριιμδιοιλὲγεσθαιΓ

508 5570 595 5648 1n;
618 5580 797 5648 Uxop.
828 5576 1058 5648 desunt
1109 5570 1228 5648 huic
1262 5575 1433 5648 verba
1468 5591 1478 5627 :
1513 5573 1601 5631 Ὠς
1624 5570 1709 5623 ⁷δ’⁷
1738 5571 1827 5625 οὖν
1873 5570 1988 5643 ἐμὲ,
2036 5573 2156 5648 περὶ

503 5643 711 5697 τούτῶν
742 5640 1007 5695 διελέσθαι
1042 5642 1290 5695 σκεπτέον
1326 5642 1521 5702 οὕτως.

580 5714 1246 5797 (23)’10“πρῶτος,.θιο.
1289 5737 1316 5762 ‹‹
1369 5715 1475 5797 Qui
1532 5714 1757 5783 primus
1816 5731 1919 5785 spe
1976 5716 2159 5797 adduf

507 5782 757 5848 ctus,'ut
805 5782 1195 5857 Deiﬂn‘omine
1240 5782 1574 5857 vocaretur;
1610 5807 1629 5834 ι
1671 5782 1880 5857 nempe
1915 5808 1943 5835 ι(
1976 5792 2038 5842 ut
2068 5789 2159 5843 sui

510 5858 856 5911 vocarentur
896 5854 1003 5911 ﬁlii
1049 5855 1165 5909 Dei.
1206 5876 1235 5903 ››
1266 5853 1357 5911 Sic
1398 5854 1571 5911 vertit
1596 5853 1979 5917 Combelisius
2028 5875 2160 5931 pas-

2238 2428 2327 2483 xui
2390 2428 2592 2505 μάρτυς
2650 2436 2748 2497 τῆς
2819 2427 3048 2489 πίστεως
3110 2423 3409 2502 Ἀϐραὰμ,

1385 4591 1429 4625 ³⁷
1460 4590 1852 4665 Psal.Lxxv11,
1892 4594 1981 4649 25.
2059 4595 2103 4629 ’3
2134 4595 2335 4651 Matth.
2370 4612 2484 4663 x1v,
2536 4595 2602 4648 15
2658 4609 2819 4665 seqq.

1321 4679 1436 4719 om.
1483 4679 1561 4735 ιχ,
1604 4664 1658 4718 3.
1735 4664 1781 4699 ³³
1824 4668 1848 4718 I
1890 4665 2057 4722 Joan.
2118 4684 2192 4736 ιν,
2249 4668 2303 4720 8.

2310 2342 2381 2396 B'.
2434 2339 2608 2395 Καλὸν
2653 2340 2849 2410 πίστις,
2902 2338 3098 2408 ἐλπὶς,
3146 2340 3326 2413 ἀγάπη
3355 2382 3369 2409 ,
3401 2341 3469 2393 τὰ
3514 2338 3643 2412 τρία
3695 2342 3897 2392 ταῦτα’

3467 2425 3778 2489 δικαιωθεῖς
3842 2427 3906 2481 ἐκ

2241 2518 2491 2580 πίστεωςο
2522 2525 2624 2587 τῆς
2673 2515 2918 2585 ἐλπίδος,
2950 2517 3140 2581 Ἐνὼς,
3172 2518 3232 2579 ’ὀς
3262 2521 3475 2592 πρῶτος
3514 2518 3626 2589 (23)
3658 2515 3899 2585 ἤλπισεν

2244 2606 2614 2670 ἐπικαλεῖσθαι
2661 2608 2751 2660 τὸν
2798 2606 3017 2680 Κύριον,
3064 2607 3153 2660 καὶ
3203 2609 3394 2668 πάντες
3444 2608 3555 2678 (24)
3587 2606 3639 2660 οἱ
3690 2603 3899 2659 δίκαιοι

2247 2695 2335 2752 διὰ
2361 2698 2459 2764 τήν
2511 2694 2703 2751 ἐλπίδα
2749 2700 3203 2758 κακοπαθοῦντες·
3252 2702 3353 2764 τῆς
3400 2695 3639 2769 ἀγάπης,
3673 2696 3701 2748 6
3751 2696 3904 2755 θεῖος

2249 2782 2605 2852 Ἀπόστολος,
2635 2783 2918 2857 τολμήσας
2935 2806 2988 2838 τι
3011 2784 3099 2839 καὶ
3129 2785 3247 2837 καθ’
3278 2785 3467 2838 ἑαυτοῦ
3500 2781 3587 2838 διὰ
3617 2784 3708 2837 τὸν
3730 2785 3909 2858 Ἰσραο

2248 2875 2323 2945 ὴλ
2357 2874 2693 2951 φθέγξασθαιο
2722 2872 2809 2928 καὶ
2843 2874 2869 2927 ὁ
2901 2875 3029 2935 Θεὸς
3062 2872 3243 2941 αὐτὸς,
3299 2872 3481 2947 ἀγάπη
3530 2871 3907 2945 καλούμενος.

2252 2963 2425 3019 Καλὸν
2468 2966 2501 3032 ἡ
2537 2961 2833 3039 φιλοξενία’
2866 2960 2955 3016 xui
3007 2964 3207 3037 μάρτυς
3256 2961 3307 3016 ὲν
3344 2963 3437 3033 μὶν
3486 2958 3741 3030 δικαίοις,
3776 2962 3907 3014 Λὼτ

2254 3054 2282 3108 6
2315 3050 2645 3124 Σοδομίτης,
2691 3050 2779 3105 καὶ
2831 3050 2892 3104 οὐ
2943 3048 3255 3123 Σοδομίτης
3302 3050 3393 3104 τὸν
3444 3045 3683 3125 τρόπον·
3739 3048 3789 3102 ἐν
3846 3046 3912 3103 δε

2258 3139 2630 3215 ἁμαρτωλοῖς,
2664 3134 2825 3193 Ῥαὰϐ
2858 3140 2892 3208 ἡ
2926 3138 3124 3211 πόρνη,
3158 3138 3246 3193 καὶ
3281 3138 3343 3192 οὐ
3375 3138 3546 3214 πόρνη
3579 3139 3677 3206 τὴν
3712 3137 3917 3211 προαί-

2260 3252 2401 3306 ρεσιν
2458 3232 2590 3303 (25),
2652 3226 2740 3282 διὰ
2798 3226 3103 3307 φιλοξενίαν
3163 3227 3496 3282 ἐπαινεθεῖσά
3550 3230 3663 3300 (26)
3709 3247 3770 3281 τε
3814 3226 3920 3280 καὶ

2260 3322 2508 3375 σωθεῖσα.
2568 3316 2743 3372 Καλὸν
2794 3320 2828 3387 ἡ
2882 3314 3233 3394 φιλαδελφία,
3293 3316 3383 3371 καὶ
3438 3318 3638 3390 μάρτυς
3668 3317 3923 3385 Ἰησοῦς,

2260 3408 2358 3463 οὐκ
2386 3405 2616 3483 ἀδελφὸς
2649 3410 2807 3479 ἦμῶν
2854 3404 3124 3476 κληθῆναι
3180 3406 3368 3478 μόνον,
3415 3404 3560 3461 ἀλλὰ
3587 3404 3674 3459 καὶ
3716 3411 3921 3466 παθεῖν

2262 3498 2393 3573 ὑπὲρ
2424 3499 2584 3568 ἡμῶν
2637 3496 3027 3570 ἀνασχόμενος.
3077 3493 3252 3549 Καλὸν
3303 3498 3338 3563 ἡ
3370 3493 3766 3571 φιλανθρωπία’
3820 3495 3924 3547 καὶ

2266 3589 2469 3661 μάρτυς
2502 3587 2530 3640 6
2556 3585 2715 3646 αὐτὸς
2748 3586 2980 3656 Ἰησοῦς,
3013 3584 3073 3638 οὐ
3105 3586 3339 3655 ποιήσας
3391 3584 3552 3657 μόνον
3579 3583 3669 3638 τὸν
3704 3581 3928 3657 ἄνθρω-

2260 3698 2358 3731 πον
2418 3674 2500 3729 ἐπ’
2557 3673 2737 3749 ἔργοις
2797 3674 3061 3749 ἀγαθοῖς,
3118 3674 3207 3727 καὶ
3266 3674 3363 3741 τὴν
3425 3671 3601 3726 εἰκόνα
3658 3674 3771 3743 (27)
3833 3677 3927 3743 τῷ

2260 3763 2355 3841 χοῖ
2414 3764 2664 3835 συζεύξας
2726 3761 2923 3839 ὁδηγὸν
2971 3766 3078 3817 τῶν
3129 3761 3460 3832 καλλίστων,
3506 3762 3593 3815 καὶ
3639 3765 3748 3814 τῶν
3799 3759 3930 3815 ἄνω

2260 3854 2537 3928 πρόξενον,
2570 3850 2713 3907 ἀλλὰ
2743 3852 2829 3907 xui
2881 3852 3174 3925 γενόμενος
3226 3850 3358 3924 ὑπὲρ
3390 3853 3548 3923 ἡμῶν
3600 3851 3929 3924 ἄνθρωπος.

2262 3944 2439 3998 Καλὸν
2493 3945 2526 4011 ἡ
2582 3942 2952 4015 μακροθυμία,
3010 3940 3098 3995 καὶ
3148 3942 3176 3995 ὁ
3223 3940 3380 4002 αὐτὸς
3438 3941 3661 4015 μάρτυς,
3705 3937 3770 3992 οὐ
3828 3940 3937 4001 τὰς

2265 4033 2530 4109 λεγεῶνας
2584 4031 2744 4103 μόνον
2790 4035 2897 4085 τῶν
2946 4028 3193 4105 ἀγγέλων
3248 4030 3720 4105 παραιτησάμενος
3777 4032 3938 4082 κατά

2261 4126 2367 4177 τῶν
2404 4120 2840 4192 ἐπανισταμένων
2886 4120 2974 4173 καὶ
3016 4118 3424 4193 τυραννούντων
3450 4164 3463 4189 ,
3516 4114 3638 4171 οὐδὲ
3681 4117 3765 4187 τῷ
3818 4118 3937 4172 1Ιέ-

2262 4232 2378 4287 τρῳ
2414 4210 2572 4284 μόνον
2613 4209 2939 4281 ἐπιτιμήσας
2989 4207 3266 4283 αἰρομένῳ
3305 4210 3416 4281 (28)
3464 4208 3561 4275 την
3613 4205 3939 4281 μάχαιραν,

2265 4298 2411 4355 ἀλλὰ
2439 4299 2528 4353 καὶ
2557 4298 2620 4353 τὸ
2648 4298 2806 4353 ὠτίον
2860 4297 3310 4368 ἆποκάταστήσας
3337 4302 3416 4368 τῷ
3462 4294 3795 4370 πεπληγότι.
3857 4300 3938 4352 Τὸ

2269 4386 2316 4443 δ’
2346 4388 2477 4444 αὐτὸ
2506 4388 2594 4443 καὶ
2629 4386 2900 4465 Στέφανος
2932 4385 3151 4463 ὕστερον
3181 4388 3209 4442 6
3238 4391 3335 4441 τοῦ
3374 4387 3607 4462 Χριστοῦ
3640 4389 3938 4458 μαθητής,

2900 4592 2996 4648 ²⁹Ι
3041 4592 3167 4647 Cor.
3215 4609 3338 4659 xm,
3388 4592 3471 4646 13.
3551 4591 3597 4626 ³ο
3625 4589 3772 4646 Gen.
3829 4610 3940 4661 xv,

2380 4668 2425 4701 ³⁸
2454 4666 2597 4721 Gen.
2658 4662 2796 4733 xxx,
2833 4666 2886 4719 3.
2963 4665 3007 4698 ³⁸
3031 4663 3152 4720 Jos.
3211 4681 3274 4731 ιι,
3336 4666 3360 4719 1
3423 4680 3555 4735 sqq.
3628 4662 3945 4735 8‘Ephes.

2182 4938 2229 5001 D
2263 4934 2382 5013 sive
2412 4932 2749 5013 accipiendo
2790 4948 2987 5013 vocem
3032 4930 3426 5013 ἐπικαλεῖσθαι.
3460 4930 3604 5013 Huic
3633 4930 3939 5013 interpre-

2264 5005 2492 5071 tationi,
2525 5004 2632 5059 etsi
2680 5004 2973 5075 recedatis
3002 5003 3302 5075 communi
3345 5002 3655 5066 sententia,
3688 5008 3759 5056 ut
3801 5002 3817 5055 i
3830 5022 3944 5075 pse

2270 5076 2506 5145 fatetur,
2544 5076 2737 5130 favent
2769 5074 2979 5145 Aquila
3007 5080 3063 5129 et
3092 5074 3510 5141 Theodoretus,
3540 5091 3643 5129 nec
3668 5091 3788 5129 non
3827 5074 3945 5131 vox

2268 5166 2497 5221 hebrzea
2539 5149 2714 5250 mp5.
2751 5164 2818 5217 Et
2858 5168 3013 5218 certe
3064 5163 3324 5218 Adamus
3374 5162 3658 5218 invocavit
3707 5178 3944 5220 nomen

2272 5253 2528 5320 Domini;
2562 5251 2854 5307 invocavit
2894 5252 3068 5307 etiam
3122 5251 3282 5316 Abel,
3317 5252 3661 5323 priusquam
3694 5252 3943 5308 invoca-

2271 5332 2429 5382 retur
2460 5327 2531 5379 ab
2573 5326 2744 5380 Enos.
2780 5325 2904 5379 Non
2949 5340 3084 5395 ergo
3116 5346 3144 5372 ‹‹
3179 5325 3408 5395 primus
3440 5347 3467 5372 »
3502 5325 3649 5379 Enos
3682 5346 3712 5372 ‹‹
3750 5326 3941 5396 cccpit

2271 5412 2557 5453 anOCEI‘e.
2600 5419 2626 5444 ))

2342 5468 2453 5538 (24)
2486 5466 2580 5521 Kui
2613 5464 2826 5525 πάντες.
2864 5467 3002 5538 Reg.
3036 5483 3092 5531 0,
3124 5463 3317 5524 πάντες
3346 5461 3423 5519 δέ.

2341 5542 2453 5607 (25)
2482 5539 2587 5603 Τὴν
2618 5537 2963 5610 προαίρεσιν,
2984 5538 3187 5592 Billius
3215 5555 3267 5610 :«7
3300 5537 3479 5593 animi
3513 5537 3883 5593 inductione.
3916 5562 3945 5583 ιι

2342 5611 2454 5675 (26)
2489 5609 2877 5672 Ἐπαινεοεῖσα.
2912 5616 3019 5665 etc.
3061 5629 3088 5660 α
3122 5609 3381 5665 Laudata
3408 5614 3467 5664 et
3497 5613 3785 5664 servata.»

2344 5681 2455 5752 (27)
2486 5680 2591 5748 Τήν
2651 5679 2848 5735 εἰκόνα.
2899 5702 2921 5731 ι
2974 5681 3315 5753 Imaginem,
3367 5704 3389 5731 ι
3437 5680 3494 5735 id
3545 5685 3654 5750 est,
3713 5705 3740 5731 ιι
3797 5681 3949 5736 ani-

2274 5768 2452 5807 mam.
2489 5775 2517 5801 ››

2342 5824 2453 5896 (28)
2480 5820 2793 5897 Αίρομένῳ.
2828 5823 2968 5898 Reg.
2997 5824 3097 5898 ph,
3129 5821 3425 5901 αἳρομὶνῳ.
