4244 6216
112 2094 123 2109 μ

108 2562 177 2631 »ΡἾῚ

105 2658 165 2714 ““;

3 2833 30 2850 ..
114 2810 177 2843 *1,

17 3417 56 3486 ξ-
136 3450 139 3451 ί

1 3509 76 3556 ,ιε’τ-
136 3522 143 3527 μ

1 3557 114 3612 τὲ-ἓῗ.

31 3619 50 3638 ὕ
115 3637 118 3642 .

3 3645 120 3722 {ﬁt

95 3725 106 3746 ,
148 3718 159 3727 .

8 3970 37 4019 1;
59 3958 143 4034 (ει

26 4032 33 4041 ι
69 4013 169 4084 ξι

0 4066 33 4151 [ι
93 4075 122 4126 ι

0 4141 120 4230 εις

0 4266 13 4313 ἱ
63 4275 118 4320 ,'.i

184 4384 191 4387 ι

1 4515 145 4624 ἑ
200 4620 205 4623 _

5 4629 22 4696 ’ί
53 4629 122 4706 εει,
174 4670 177 4673 λ

3 4705 66 4782 :‘lf
154 4736 175 4777 ἠ

9 4673 175 4850 τιέξ

11 4848 185 4926 :rJP.‘

13 4915 68 4942 τι*

9 4907 153 5040 ες).
190 4948 195 4951 ⁷

1 5053 12 5070 ς
37 5023 141 5074 ῙΰἸῚ
176 5038 181 5039 γ

19 5091 24 5094 ·
61 5075 110 5164 έέἰ

61 5173 177 5260 ιῖπε

7 5259 181 5370 ι

11 5379 38 5408 ι.
148 5392 163 5395 -

13 5475 58 5520 3:-
87 5473 128 5512 ,Ξῖ
152 5470 171 5517 ῗ-

1 5521 128 5598 ’ὲιέ
162 5556 191 5597 ν,

11 5596 175 5682 ,θήγει

9 5683 24 5752 .·
71 5685 161 5774 ς·

85 5795 132 5854 .;·
164 5804 185 5835 κ

342 5834 495 5941 Ἦ

567 322 689 384 863

1812 330 1880 389 S.
1928 330 2297 391 GREGORII
2341 329 2738 391 THEOLOGI

3866 331 3992 391 864

571 462 879 530 reputatus
908 462 998 515 est
1027 459 1090 525 δί’,
1124 458 1575 532 is,inquam,qui
1616 461 1905 517 mundum
1940 480 1973 516 a
2002 462 2221 534 peccati

2337 458 2540 532 κόσμον
2588 458 2858 535 καθαίρων
2911 467 3011 529 τῆς
3061 460 3346 536 ἁμαρτίας,
3394 457 3541 514 ἀλλά
3584 459 3672 513 καὶ
3723 464 3832 514 τῶν
3885 480 3996 532 μα-

566 547 814 604 maculis
844 548 1138 620 expiabat,
1161 549 1262 604 sed
1295 549 1470 604 etiam
1504 547 1928 622 discipulorum
1961 551 2135 622 pedes
2158 551 2215 606 in

566 635 768 691 habitu
804 636 996 692 servili
1030 637 1216 692 abluit
1245 638 1309 692 ⁸ο.
1331 637 1581 694 Pulchra
1612 655 1701 695 res
1733 639 1930 711 inopia
1960 644 2016 696 et
2047 656 2217 712 pecu-

567 726 799 779 niarum
832 726 1188 798 contemptio
1215 728 1369 782 260
1395 745 1408 794 ;
1442 729 1607 783 testis
1631 732 1717 785 est
1735 729 2219 801 Zachaeus,atque

563 816 739 870 etiam
772 814 1048 870 Dhristus
1083 834 1095 871 :
1133 814 1248 881 ille,
1284 817 1424 871 dum
1470 817 1698 873 Christo
1749 819 1992 874 domum
2045 836 2216 874 suam

570 903 921 976 ingredienti
981 920 1119 959 ones
1181 906 1602 976 propemodum
1662 924 1799 978 opes
1866 924 2007 963 suas
2064 908 2216 963 dono

566 991 781 1048 obtulit
810 992 889 1060 ⁶¹;
924 990 1017 1047 hic
1050 993 1191 1047 dum
1225 994 1389 1049 diviti
1420 993 1503 1049 illi
1544 995 1865 1067 perfectam
1896 996 2076 1051 vitam
2107 996 2217 1051 hac

570 1098 627 1137 re
659 1080 921 1137 deﬁnivit
951 1082 1018 1136 ⁸³.
1049 1082 1260 1154 Atque,
1311 1088 1375 1138 ut
1421 1085 1893 1156 compendiosius
1923 1084 2116 1140 adhuc
2147 1086 2218 1141 de

569 1171 664 1225 his
696 1171 871 1225 rebus
918 1170 1147 1242 loquar,
1210 1170 1452 1243 pulchra
1507 1190 1598 1229 res
1627 1178 1717 1229 est
1776 1173 2213 1246 contemplatio,

571 1258 817 1331 pulchra
843 1258 984 1314 item
1017 1259 1201 1327 actio;
1238 1260 1338 1316 illa
1369 1261 1504 1317 hinc
1553 1278 1873 1335 assurgens
1917 1266 2093 1334 atque
2144 1264 2216 1319 ad

568 1349 782 1403 Sancta
804 1352 1140 1404 sanctorum
1167 1350 1930 1423 contendens,mentemque
1954 1356 2216 1408 nostram

570 1437 640 1491 ad
672 1434 753 1504 id,
789 1436 946 1508 quod
976 1435 1089 1509 ipsi
1121 1443 1436 1511 cognatum
1468 1441 1871 1505 est,reducens
1906 1459 1919 1509 ;
1953 1440 2217 1498 haecvero

568 1525 864 1582 Christum
895 1526 1822 1600 excipiens,eiqueinservisns,ac
1850 1531 1970 1587 vim
2000 1530 2219 1587 amoris

570 1632 673 1688 per
704 1632 881 1688 opera
911 1615 1200 1674 indicans.

640 1705 705 1758 V.
747 1709 969 1761 Horum
1016 1707 1481 1781 unumquodque
1533 1725 1650 1764 una
1708 1710 1975 1781 quaedam
2008 1708 2218 1765 salutis

570 1795 662 1850 via
691 1798 981 1866 est,atque
1012 1796 1084 1851 ad
1116 1794 1372 1867 aliquam
1396 1796 1636 1854 omnino
1655 1798 1959 1857 beatarum
1982 1798 2218 1854 illarum

566 1889 624 1941 et
652 1889 1000 1941 aaternarum
1034 1886 1410 1942 mansionum
1434 1888 1655 1945 ducens
1684 1906 1696 1944 :
1730 1888 2208 1961 quandoquidem

571 1978 634 2029 ut
664 1972 807 2029 varii
840 1973 1089 2029 vitarum
1122 1974 1401 2046 delectus,
1433 1975 1517 2031 ita
1547 1976 1745 2033 multa:
1775 1994 2009 2049 quoque
2052 1978 2209 2050 apud

536 2106 539 2109 .
571 2067 752 2118 Deum
785 2063 1122 2120 mansiones
1153 2068 1293 2120 sunt
1320 2066 1385 2131 ⁸³,
1415 2082 1543 2137 quas
1573 2067 1787 2139 cuique
1844 2083 1947 2139 pro
2006 2068 2212 2122 merito

566 2169 675 2208 suo
705 2156 762 2207 et
788 2152 1070 2224 dignitate
1129 2153 1470 2210 dividuntur
1526 2160 1584 2211 et
1640 2155 2097 2213 distribuuntur.
2132 2162 2212 2211 Ac

569 2240 813 2314 proinde
842 2241 993 2297 alius
1025 2241 1170 2298 hanc
1202 2244 1487 2300 virtutem
1519 2245 1761 2316 excolat,
1817 2245 1969 2302 alius
2026 2244 2210 2315 illam,

573 2330 724 2387 alius
767 2329 986 2403 plures,
1036 2330 1208 2401 alius,
1277 2332 1328 2389 si
1380 2334 1501 2390 fieri
1549 2339 1755 2405 potest,
1818 2352 2021 2392 omnes
2057 2353 2069 2391 :
2105 2336 2214 2392 hoc

574 2425 805 2477 tantum
837 2424 991 2494 agat,
1025 2427 1089 2477 ut
1117 2421 1437 2495 gradiatur,
1472 2428 1647 2495 atque
1668 2424 1914 2481 ulterius
1943 2426 2213 2499 progredi

574 2511 826 2579 studeat,
840 2510 1215 2583 ejusque,qui
1245 2511 1398 2568 viam
1430 2517 1582 2569 recte
1612 2518 2023 2585 praemonstrat
2053 2531 2212 2587 gres-

572 2616 793 2672 susque
837 2604 1067 2656 nostros
1128 2601 1295 2673 regit,
1357 2618 1422 2657 ac
1454 2619 1555 2674 per
1608 2608 1919 2675 augustam
1978 2604 2125 2659 viam
2158 2608 2216 2659 et

575 2694 800 2761 portam
828 2691 901 2746 ad
934 2688 1185 2746 caelestis
1216 2690 1599 2746 beatitudinis
1633 2690 2003 2747 latitudinem
2035 2692 2215 2758 ducit,

575 2779 836 2852 vestigiis
868 2778 1121 2836 insistat.
1157 2780 1216 2836 Si
1249 2784 1466 2847 tamen,
1497 2797 1567 2836 ex
1598 2780 1782 2853 Pauli,
1824 2785 1997 2853 atque
2029 2781 2217 2853 iqsius

575 2872 753 2928 etiam
784 2870 1001 2929 Christi
1030 2872 1321 2928 sententia
1350 2877 1406 2927 et
1434 2873 1798 2939 auctoritate,
1846 2872 2120 2943 charitas,
2157 2878 2222 2929 ut

575 2977 810 3017 summa
836 2960 983 3033 legis
1031 2964 1088 3017 et
1129 2961 1547 3034 prophetarum
1596 2962 1751 3033 ﬁnis,
1797 2968 2220 3035 praeceptorum

573 3050 837 3107 omnium
850 3050 1109 3123 primum
1126 3051 1567 3124 maximumque
1580 3052 1871 3108 censenda
1882 3052 2222 3122 est“,hujus

574 3140 928 3214 praecipuam
962 3144 1189 3212 partem
1218 3140 1276 3196 in
1307 3156 1373 3197 eo
1424 3140 1595 3197 sitam
1643 3158 1773 3198 esse
1804 3141 2120 3213 comperio,
2154 3146 2219 3197 ut

2328 551 2508 617 θητῶν
2547 547 2750 604 νίπτων
2801 548 2926 610 τοὺς
2972 547 3141 611 πόδας
3195 548 3245 604 ἂν
3299 546 3540 619 δουλικῷ
3584 552 3662 619 τῷ
3708 549 3988 624 σχήματι.

2329 637 2506 695 Καλὸν
2560 640 2594 706 ἦ
2646 637 2996 710 ἀκτημοσύνη
3045 638 3134 693 καὶ
3177 639 3483 713 χρημάτων
3534 637 3840 712 ὑπεροψία’
3894 638 3988 691 καὶ

2331 732 2591 802 μαρτυρεῖ
2634 731 2924 802 Ζακχαῖος,
2974 727 3063 781 καὶ
3122 728 3349 801 Χριστὸς
3401 725 3580 787 αὐτός’
3644 726 3672 779 ὁ
3731 726 3851 799 μὲν,
3908 730 3981 798 τῇ

2329 814 2525 888 εἰσόδῳ
2571 818 2826 891 Χριστοῦ,
2881 820 3078 891 μικροῦ
3126 818 3299 871 πάντα
3336 816 3760 893 καρποφορήσας
3795 835 3807 847 ·
3844 816 3871 868 ὁ
3904 813 3987 882 δὲ,

2325 910 2403 976 τῷ
2459 903 2709 977 πλουσίῳ
2761 907 2821 960 τὸ
2874 904 3082 960 τέλειον
3134 904 3184 961 έν
3232 906 3411 977 τούτῳ
3478 902 3815 980 περιορίσας.
3888 904 3991 959 Καὶ

2328 995 2737 1069 συντομώτερον
2764 992 2839 1048 ἔτι
2880 994 3004 1071 περὶ
3051 993 3257 1049 τούτων
3312 994 3501 1064 εἰπεῖν,
3552 992 3719 1048 καλὸν
3765 993 3994 1069 θεωρία,

2328 1083 2417 1137 καὶ
2468 1082 2635 1138 καλὸν
2682 1083 2872 1159 πρᾶξις
2900 1100 2914 1115 ·
2967 1086 3001 1153 ἡ
3052 1083 3170 1156 μὲν,
3224 1082 3458 1147 ἐντεῦθεν
3502 1083 3821 1138 έπανιστᾶσα
3852 1084 3993 1156 (38),

2328 1174 2417 1227 καὶ
2467 1173 2542 1235 εἷς
2585 1172 2653 1226 τὰ
2692 1174 2856 1249 ⁶Αγια
2905 1177 3012 1227 τῶν
3068 1172 3234 1248 ἁγίων
3278 1177 3557 1249 χωροῦσα,
3607 1171 3695 1227 καὶ
3734 1172 3827 1227 τὸν
3860 1176 3991 1225 νοῦν

2326 1263 2487 1334 ἡμῶν
2533 1262 2670 1337 πρὸς
2717 1262 2779 1317 τὸ
2828 1263 3083 1337 συγγενὲς
3116 1261 3458 1337 ἐπανάγουσα
3622 1280 3633 1293 ·
3669 1262 3703 1330 ἡ
3735 1257 3817 1330 δὲ,
3850 1262 3988 1332 Χρι-

2327 1352 2447 1406 στὸν
2497 1348 2904 1427 ὑποδεχομένη,
2956 1351 3045 1406 καὶ
3097 1351 3483 1429 θεραπεύουσα,
3533 1350 3769 1412 καὶτοῖς
3803 1346 3995 1426 ἔργοις

2328 1444 2440 1515 (40)
2472 1442 2532 1496 τὸ
2561 1440 2787 1519 φίλτρον
2823 1438 3146 1519 ἐλέγχουσα.

2396 1715 2471 1766 Ε,
2518 1708 2733 1764 Τούτων
2780 1705 3003 1765 ἕκαστον
3059 1709 3158 1782 μία
3207 1731 3287 1771 τις
3339 1712 3457 1783 (41)
3504 1708 3775 1785 σωτηρίας
3838 1706 3993 1778 ὁδὸς,

2248 1840 2294 1906 Β
2327 1801 2416 1857 καὶ
2472 1799 2609 1874 πρός
2664 1821 2782 1855 τινα
2851 1800 2961 1854 τῶν
3037 1803 3216 1872 μονῶν
3292 1797 3507 1862 πάντως
3580 1799 3818 1877 φέρουσα
3871 1803 3990 1851 τῶν

2362 1892 2375 1906 9
2470 1889 2481 1906 1
2682 1889 2695 1906 ι
2936 1889 2949 1906 Ι
3104 1888 3117 1906 9
3224 1887 3277 1906 h‘
3349 1887 3374 1906 ﬂ
3564 1884 3588 1906 δ
3633 1888 3643 1906 Ι
3847 1886 3904 1906 ΑΙ

2323 1889 2558 1946 αἰωνίων
2608 1889 2699 1945 καὶ
2750 1889 3025 1965 μακαρίων
3058 1914 3066 1921 α
3101 1887 3285 1958 ἐπειδή
3337 1887 3517 1962 ὥσπερ
3561 1884 3813 1965 διάφοροι
3847 1886 3986 1961 βίων

2324 1980 2578 2055 αἶ’ρέσεις,
2636 1977 2778 2034 οὕτω
2839 1976 2928 2033 καί
2991 1979 3149 2051 μοναὶ
3208 1981 3323 2051 (42)
3381 1976 3590 2033 πολλαὶ
3640 1976 3787 2050 παρά
3845 1979 3992 2047 Θεῷ,

2322 2070 2457 2125 κατά
2510 2070 2609 2138 τὴν
2665 2067 2809 2139 ἀξίαν
2869 2066 3075 2140 ἑκάστῳ
3144 2066 3495 2141 μεριζόμεναί
3560 2086 3620 2121 τε
3682 2065 3772 2119 καὶ
3842 2061 3991 2119 διαιο

2324 2157 2617 2234 ρούμεναι’
2666 2157 2755 2212 καὶ
2806 2158 2833 2212 ὁ
2888 2158 2981 2229 μὲν
3026 2154 3189 2227 τήνδε
3232 2154 3579 2231 κατορθούτω
3624 2155 3723 2223 τὴν
3775 2153 3983 2225 ἀρετὴν

2322 2249 2351 2304 ὁ
2383 2245 2439 2303 δὲ
2468 2244 2651 2318 τήνδε,
2686 2248 2713 2301 ὁ
2747 2244 2804 2301 δὲ
2832 2245 3079 2315 πλείους,
3102 2246 3130 2301 ὁ
3162 2243 3219 2302 δὶ
3248 2246 3343 2308 τὰς
3374 2246 3566 2314 πάσας,
3618 2244 3662 2299 si
3713 2242 3829 2297 οἶόν
3884 2263 3947 2297 τε
3974 2260 3989 2274 '

2327 2336 2487 2412 μόνον
2535 2334 2787 2405 ὁδευέτω,
2849 2335 2938 2391 καὶ
3001 2334 3231 2412 ἐφιέσθω
3281 2339 3378 2390 τοῦ
3445 2334 3654 2408 πρόσω,
3703 2333 3794 2387 καὶ
3845 2331 3991 2386 κατὰ

2323 2422 2491 2489 πόδας
2524 2426 2731 2490 ἑπέσθω
2760 2428 2838 2497 τῷ
2865 2422 3050 2487 καλῶς
3082 2422 3392 2501 ὀδηγοῦντι,
3439 2424 3528 2479 καὶ
3575 2421 3986 2485 κατευθύνοντι,

2323 2515 2411 2573 καὶ
2470 2512 2560 2570 διὰ
2603 2519 2699 2584 τῆς
2753 2516 2937 2583 στενῆς
2985 2511 3113 2569 ὁδοῦ
3163 2514 3252 2569 καὶ
3305 2512 3488 2583 πύλης
3542 2512 3631 2567 ἐπὶ
3674 2512 3739 2567 τὸ
3767 2508 3983 2571 πλάτος

2326 2603 2511 2683 ἄγοντι
2559 2607 2656 2674 τῆς
2707 2604 2903 2668 ἐκεῖθεν
2964 2603 3385 2680 μακαριότητος.
3434 2602 3499 2657 Εἴ
3545 2599 3604 2657 δὶ
3643 2598 3725 2657 δεῖ
3775 2598 3988 2670 Παύλῳ

2325 2697 2414 2753 καὶ
2459 2694 2606 2767 αὐτῷ
2657 2698 2872 2770 Χριστῷ
2921 2693 3262 2766 πειθόμενον,
3310 2692 3533 2766 πρώτην
3582 2694 3691 2746 τῶν
3742 2687 3985 2743 ἐντολῶν

2326 2785 2415 2840 καὶ
2467 2782 2746 2859 μεγίστην,
2797 2782 2872 2844 ὡς
2919 2780 3213 2857 κεφάλαιον
3282 2781 3455 2854 νόμου
3522 2778 3612 2834 καὶ
3683 2782 3987 2855 προφητῶν

2326 2877 2423 2943 τὴν
2478 2873 2681 2949 ἀγάπην
2731 2866 3156 2943 ὑπολαμϐάνειν,
3204 2870 3406 2940 ταύτης
3454 2870 3516 2924 τὸ
3563 2867 3851 2944 κράτιστον
3900 2866 3996 2921 εύ-

2331 2963 2497 3040 ρίσκω
2549 2959 2950 3040 ιριλοπτωχίαν,
3002 2960 3090 3016 καὶ
3152 2962 3253 3029 τὴν
3320 2958 3443 3035 περὶ
3486 2957 3549 3013 τὸ
3601 2955 3852 3032 συγγενὲς
3904 2955 3998 3010 εῦ-

2330 3050 2671 3128 σπλαγχνίαν
2725 3071 2784 3107 τε
2835 3051 2924 3106 καὶ
2982 3051 3339 3123 συμπάθειαν.
3395 3044 3583 3103 Οὖδενῖ
3661 3045 3766 3121 γὰρ
3844 3045 3997 3100 οὕτω

2328 3146 2436 3199 τῶν
2494 3140 2706 3198 πάντων
2767 3142 2901 3213 (43),
2960 3140 3035 3202 ὡς
3094 3138 3234 3212 ἐλέῳ
3291 3136 3421 3199 Θεὸς
3480 3134 3853 3214 θεραπεύεται,
3906 3134 3995 3188 δτι

572 3245 858 3303 pauperes
902 3246 1099 3286 amore
1153 3246 1221 3285 ac
1280 3229 1679 3286 benevolentia
1736 3231 2215 3302 complectamur,

2333 3229 2473 3307 μηδὲ
2539 3208 2871 3304 οἰκειότερον.
2919 3226 3060 3283 ἄλλο
3118 3208 3315 3283 τούτου
3372 3224 3510 3299 Θεῷ,
3543 3208 3629 3279 ὀὗ
3680 3221 3837 3287 ἕλεος
3898 3224 3998 3278 καὶ

573 3325 747 3391 atque
778 3336 1003 3391 eorum,
1036 3319 1135 3391 qui
1171 3320 1339 3376 nobis
1368 3320 1713 3393 cognatione
1745 3320 2045 3393 conjuncti
2077 3327 2221 3377 sunt

2329 3319 2559 3391 ἀλήθεια
2586 3317 3017 3395 προπορεύονται
3078 3319 3213 3390 (44),
3270 3316 3361 3371 καὶ
3408 3317 3453 3388 ᾧ
3484 3314 3837 3389 προσοιστέον
3872 3316 3998 3387 (45)

575 3408 1009 3464 calamitatibus
1042 3424 1398 3477 moveamur,
1433 3414 1489 3465 et
1510 3408 2042 3481 doleamus,Neque
2063 3410 2218 3465 enim

2329 3411 2417 3465 τὸν
2454 3407 2606 3463 ἔλεον
2638 3409 2744 3483 πρὸ
2776 3414 2872 3476 τῆς
2904 3406 3133 3481 κρίσεως
3158 3425 3172 3439 ⁸
3205 3403 3331 3460 οὐδὲ
3380 3403 3540 3477 ἄλλῳ
3586 3402 3695 3458 τινὶ
3746 3401 3996 3476 μᾶλλον,

580 3497 733 3552 ullus
785 3496 1024 3553 omnino
1073 3497 1271 3553 cultus
1313 3498 1428 3553 Deo
1460 3497 1701 3570 perinde
1751 3502 1955 3570 gratus
2004 3502 2111 3569 est,
2159 3505 2221 3555 ut

2330 3500 2364 3568 ἢ
2398 3497 2778 3576 φιλανθρωπίᾳ
2820 3497 2883 3551 τὸ
2933 3495 3318 3574 φιλάνθρωπον
3361 3491 3861 3568 ἀντιδίδοταιπαρά
3890 3497 3998 3546 τοῦ

578 3586 977 3643 misericordia
1008 3588 1508 3659 (quandoquidem
1542 3605 1647 3644 nec
1691 3588 1850 3644 aliud
1896 3588 2221 3660 quidquam

2333 3585 2557 3649 δικαίως
2589 3586 3063 3661 ἀντιμετροῦντος,
3094 3585 3180 3640 καὶ
3210 3585 3449 3646 τιθέντος
3482 3581 3533 3638 έν
3570 3587 3716 3658 ζυγῷ
3746 3582 3837 3636 καὶ
3866 3602 4006 3636 στα-

576 3682 681 3734 est.
717 3676 874 3749 quod
905 3676 1021 3732 Deo
1054 3676 1240 3750 magis
1271 3678 2014 3749 conveniat,utpote,quem
2047 3678 2221 3735 mise-

2334 3679 2458 3750 θμῷ
2486 3676 2575 3730 τὸν
2610 3672 2784 3731 ἔλεον.

581 3765 835 3825 ricordia
863 3770 920 3822 et
949 3766 1161 3822 veritas
1194 3767 1525 3839 precedent
1553 3767 1618 3834 “,
1652 3770 1708 3822 et
1733 3767 1824 3822 cui
1859 3766 2261 3823 misericordia
2289 3772 2423 3824 ante
2448 3766 2740 3837 judicium
2772 3766 3069 3822 offerenda
3096 3764 3175 3821 sit
3201 3765 3271 3833 “)
3302 3782 3317 3820 :
3350 3780 3454 3820 nec
3486 3762 3603 3819 ulla
3650 3761 3747 3818 alii
3773 3760 3853 3817 rei
3889 3778 4002 3832 po-

582 3859 723 3925 tius,
757 3873 936 3929 quam
969 3856 1315 3931 benignitati
1344 3856 1677 3929 benignitas
1708 3857 1781 3912 ab
1812 3872 1878 3913 eo
1900 3856 2259 3928 rependitur,
2291 3856 2392 3929 qui
2413 3857 2576 3927 juste
2606 3854 2929 3918 remetitur.
2972 3858 3147 3926 atque
3175 3852 3237 3908 in
3287 3852 3541 3925 pondere
3598 3854 3655 3907 et
3710 3866 4016 3907 mensura

586 3946 1051 4005 misericordiam
1086 3947 1250 4020 ponit
1276 3948 1339 4000 ⁵⁷.

655 4037 751 4090 νι.
780 4042 954 4093 Porro
984 4054 1119 4093 cum
1144 4039 1318 4108 juxta
1365 4039 1719 4109 praeceptum
1769 4033 1936 4103 illud,
1987 4035 2141 4107 quod
2172 4038 2221 4091 el

2416 4034 2473 4101 ζ’.
2512 4036 2648 4087 Πᾶσι
2683 4032 2776 4104 μὶν
2826 4028 2892 4099 δὴ
2949 4034 3197 4106 πτωχοῖς
3250 4027 3519 4085 ἀνοικτέον
3565 4026 3633 4082 τά
3680 4023 4015 4102 σπλάγχνα,

587 4142 719 4180 cum
751 4125 1144 4196 gaudentibus
1176 4125 1452 4197 gaudere.
1503 4129 1561 4181 et
1602 4142 1736 4181 cum
1788 4124 2065 4180 ﬂentibus
2097 4126 2221 4180 ﬂere

2343 4122 2432 4177 καὶ
2478 4126 2594 4183 τοῖς
2651 4121 2770 4185 καθ’
2818 4122 3101 4189 ἡντιναοῦν
3176 4117 3348 4174 αἰτίαν
3412 4118 3803 4187 κακοπαθοῦσι,
3858 4117 4019 4172 κατά

582 4215 754 4285 jubet
782 4214 850 4282 ⁸⁸,
879 4214 1153 4269 omnibus
1184 4214 1924 4286 pauperibus,quacunque
1953 4214 2025 4269 de
2055 4230 2221 4270 causa

2343 4212 2462 4281 τήν,
2514 4208 2725 4287 χαίρειν
2810 4210 2945 4282 μετὰ
3014 4207 3340 4285 χαιρόντων,
3415 4207 3505 4262 καὶ
3576 4204 3780 4262 κλαίειν
3860 4206 4023 4277 μετὰ

591 4301 871 4358 aerumnis
900 4306 958 4359 et
995 4301 1383 4358 incommodis
1434 4307 1798 4374 premantur,
1847 4302 2069 4360 viscera
2099 4319 2221 4374 ape-

2346 4299 2672 4367 κλαιόντων,
2744 4297 3064 4355 κελεύουσαν
3143 4294 3371 4367 ἐντολήν
3403 4315 3417 4329 ⁸
3510 4295 3600 4351 καὶ
3690 4313 4025 4369 προεισεπ-

592 4392 708 4447 rire
740 4408 753 4446 :
787 4395 845 4447 et
888 4406 1021 4447 cum
1072 4390 1338 4447 homines
1397 4390 1511 4463 ipsi
1570 4409 1802 4458 sumus,
1860 4392 2221 4465 benignitati:

2346 4390 2498 4447 κτέον
2531 4390 2644 4463 (46)
2677 4388 2994 4461 ἀνθρώπους
3026 4382 3187 4450 ὂντας
3214 4386 3521 4462 ἀνθρώποις
3549 4386 3639 4440 τὸν
3672 4380 3858 4459 ἔρανον
3894 4388 4026 4455 (4⁸1)

592 4484 808 4555 stipem
838 4480 1179 4538 hominibus
1209 4481 1373 4552 prius
1394 4482 1655 4539 conferre
1682 4482 2146 4547 debeamus,sive
2166 4482 2221 4538 ol

2346 4487 2446 4549 τῆς
2476 4476 2878 4554 χρηστότητος,
2930 4477 3039 4532 εἳτε
3086 4473 3177 4531 διὰ
3222 4474 3451 4552 χηρείαν
3484 4473 3741 4550 χρῄζοιεν
3772 4471 4025 4543 ταύτης,

594 4572 938 4629 viduitatem
971 4587 1037 4627 ea
1067 4588 1216 4643 opus
1248 4570 1481 4642 habeat,
1514 4572 1633 4627 sive
1653 4574 1725 4628 ob
1757 4572 2007 4628 amissos
2029 4586 2221 4643 paren'

2352 4567 2458 4623 εἴτε
2524 4564 2593 4621 δι’
2658 4565 2938 4644 ὀρφανίαν,
3013 4564 3119 4621 εἴτε
3173 4564 3499 4637 ἀποξένωσιν
3555 4558 3841 4636 πατρίδος,
3908 4561 4032 4618 εἴτι

598 4668 705 4728 tes,
740 4660 859 4717 sive
888 4661 962 4716 ob
999 4660 1293 4728 exsilium,
1351 4662 1472 4717 sive
1528 4661 1603 4717 ob
1658 4660 2033 4717 dominorum
2090 4660 2221 4717 201

2354 4656 2618 4731 ὡμότητα
2648 4653 2946 4727 δεσποτῶν,
3000 4650 3108 4710 ci’ts
3153 4652 3431 4729 ἀρχόντων
3482 4652 3700 4728 θράσος,
3750 4648 3859 4706 εἴτε
3917 4672 4028 4727 φο-

668 4844 712 4878 ⁶⁹
744 4847 853 4898 Isa.
879 4859 928 4911 L,
958 4843 1029 4912 6;
1068 4859 1189 4908 Lm,
1228 4841 1310 4896 12.
1410 4842 1457 4877 ⁸ο
1484 4842 1651 4898 Joan.
1684 4857 1805 4896 xm.
1837 4841 1906 4912 5.,
1995 4841 2038 4875 ⁶¹
2076 4840 2215 4896 Luc.
2245 4856 2363 4905 xu,
2384 4839 2447 4912 _8.
2525 4838 2570 4873 ⁸³
2599 4837 2963 4912 Matthlnx,
2980 4836 3070 4912 2_1.
3146 4835 3192 4871 ⁸³
3219 4834 3395 4912 Joan.
3419 4850 3515 4890 XIV
3556 4834 3611 4889 2.
3710 4833 3760 4868 “
3796 4833 4026 4890 Matth.

597 4932 737 4986 χχιι,
767 4915 838 4970 36
869 4907 1026 4987 sqqﬁ
1075 4915 1120 4950 ⁸⁸
1150 4914 1302 4971 Psal.
1338 4930 1606 4982 Lxxxvm,
1641 4914 1725 4969 15.
1802 4912 1846 4948 ⁸⁸
1878 4911 2009 4968 Ose.
2042 4927 2145 4979 xu,
2174 4913 2230 4967 6.
2308 4912 2352 4946 ⁸⁷
2382 4910 2493 4966 Isa.
2527 4926 2726 4977 xxvm,
2760 4908 2847 4965 17.
2922 4908 2966 4945 ⁸⁸
2998 4909 3162 4964 Rom.
3193 4924 3298 4975 xu,
3332 4907 3418 4962 15.

2580 5095 2692 5176 Τίς·
2726 5098 2871 5176 Βθεξ
2904 5097 3025 5176 bri"
3055 5101 3193 5176 τῆἥ
3424 5167 3438 5176 .
3585 5164 3619 5176 ..
3666 5165 3676 5176 .

2436 5164 2546 5242 (42)
2579 5169 2769 5227 Μοναί.
2804 5164 2898 5225 Sic
2929 5164 3126 5241 plures
3159 5168 3362 5240 Regg.,
3407 5167 3524 5222 duo
3580 5164 3760 5222 Coisl.
3794 5170 3855 5222 et
3883 5167 4032 5223 Bas.

2365 5243 2517 5300 Editi
2548 5259 2703 5299 vero.
2741 5243 2940 5313 μονῷν.

2460 5316 2548 5385 43)
2580 5304 2823 5369 Πάντων.
2853 5311 3000 5385 _Reg.
3034 5304 3395 5385 οηάπάντων.

673 5106 788 5176 (38)
820 5104 1196 5160 Ἐπανιστᾶσα.
1229 5104 1435 5161 Plures
1466 5106 1671 5177 Regg.,
1704 5104 1800 5159 Or.
1823 5175 1829 5177 Α
1851 5102 1909 5171 2,
1934 5105 2013 5177 Δοι
2045 5101 2254 5171 Nicet.,
2286 5102 2335 5168 D

603 5174 955 5231 ἐπανιστῶσα.
994 5178 1165 5233 Recte
1196 5178 1455 5247 quidem.
1490 5200 1519 5229 ‹‹
1550 5174 1867 5232 λ’ῐοιιιυοοὶε
1898 5174 2255 5247 abducens,»

607 5256 673 5304 ut
704 5252 785 5306 ait
830 5250 1082 5316 Nicetes,
1136 5244 1231 5302 καῖ
1278 5247 1353 5308 εἷς
1406 5248 1475 5302 τὰ
1533 5252 1699 5321 ’Ἅγια
1754 5267 1862 5301 των
1920 5244 2083 5320 ἅγίων
2136 5265 2253 5321 χω-

639 5323 792 5391 quax,
827 5344 860 5398 (ς
889 5327 948 5377 et
977 5322 1034 5398 ip
1062 5322 1284 5398 _Sancta
1314 5317 1655 5398 sanctorum
1698 5317 2028 5391 penetrans.
2066 5338 2095 5368 »
2125 5317 2251 5383 Alii,
2580 5317 2823 5398 [ξάντων.
2848 5317 3000 5398 Ἠος.
3034 5317 3395 5398 οἎάποΞντων.
3546 5377 3560 5398 1

632 5382 963 5447 navie-tam.
997 5395 1127 5458 Ed.,
1161 5392 1513 5447 ἀπανιστᾶσα.
2046 5460 2060 5465 _
2237 5382 2245 5383 ί
2578 5382 3041 5465 [Ιροπορεύονται.
3074 5382 3172 5465 ΟΞ.
3203 5383 3259 5443 2,
3287 5382 3703 5465 προπορεύιται.

679 5468 792 5536 (39)
822 5453 1607 5539 ἘπανάγοοσαηςςΕνοΙιοοι
1659 5460 1912 5539 elevans,
1965 5460 2215 5515 reducen

2573 5453 2953 5539 Epoeoc'atéovl.
2984 5453 3163 5539 Or.n2,
3195 5453 3549 5539 προσακτέον.

607 5521 1187 5607 ad‘su'periorasquze
1221 5536 1300 5589 illi
1334 5541 1473 5591 sunt
1501 5521 1829 5607 cognatas»
1993 5601 2010 5607 _
2054 5604 2076 5607 __
2166 5596 2189 5607 η

2571 5521 3048 5607 [Ιροεέσενικτέονί.
3068 5521 3207 5597 Reg.
3236 5521 3773 5607 huhnpocrsv-m'féov.

710 5553 1031 5606 superiora.
1066 5554 1187 5606 quae
1221 5547 1300 5589 llll
1334 5547 1473 5591 sunt
1501 5547 1769 5604 cognata.
1803 5554 1829 5580 ››

678 5608 788 5678 (40)
818 5610 939 5665 Τοῖς
969 5602 1173 5679 ἔργοις.
1224 5608 1392 5673 Gab.,
1449 5606 1655 5671 Mont.,
1711 5605 1825 5661 τοῖς
1881 5599 2103 5674 ἀγαθοῖς
2163 5596 2220 5675 ἔρ

2457 5547 2523 5583 ’10
2572 5547 2615 5580 ιι
2657 5547 3030 5582 οεισενικτεον.
3069 5547 3207 5597 neg.
3237 5547 3773 5607 510,.TIPOO'EVIXTSOV.

2430 5547 2546 5672 (47)
2570 5547 2670 5655 Τὲν
2703 5594 2906 5675 ἔρανον.
2946 5622 2969 5648 ι
3003 5597 3401 5655 Humanitatis
3430 5592 3785 5669 symbolum,
3826 5618 3846 5643 ι

607 5698 747 5752 γοις,
785 5700 807 5727 ιι
842 5694 943 5752 per
972 5678 1126 5733 bona
1153 5693 1347 5748 opera.
1385 5698 1413 5726 »
