4244 6216
279 455 382 523 8θὸ
1204 446 1497 512 ORATIO
1541 442 1797 509 XIV.—-
1825 445 1928 507 DE
1974 442 2407 508 PAUPERUM
2453 447 2746 508 AMURE.
3564 450 3683 511 866

283 590 519 669 ρολόγων
552 582 959 660 ἀπανθρωπίαν,
1005 580 1111 639 εἴτε
1159 578 1376 655 λῄστῶν
1433 577 1764 655 μιαιφονίαν,
1813 575 1918 632 εἴτε

2065 578 2333 644 mvitiam,
2396 579 2516 634 sive
2565 580 2638 633 ob
2673 580 2987 651 prresidum
3024 581 3420 650 acerbitatem,
3454 584 3575 640 sive
3607 587 3679 640 ob

281 666 516 736 κλεπτῶν
577 674 906 743 ἀπληστίαν,
966 669 1073 728 εἴτε
1132 669 1413 743 δήμευσιν,
1475 666 1580 722 εἴτε
1628 669 1916 742 ναυάγιον·

282 772 461 831 πάντες
495 768 598 844 γὰρ
646 763 852 839 ὁμοίως
901 759 1150 827 ἐλεεινοί,
1178 759 1270 814 καὶ
1303 758 1444 812 οὕτω
1477 759 1592 831 (48)
1634 754 1924 831 βλέποντες

285 858 350 921 εἷς
378 860 471 917 τὰς
502 855 772 929 ἡμετέρας
822 856 1035 928 χεῖρας,
1089 849 1163 911 ὥς
1211 850 1374 921 ἡμεῖς
1405 846 1478 908 εἷς
1519 844 1614 906 τὰς
1643 847 1739 898 τοῦ
1770 847 1925 909 Θεοῦ,

284 948 397 1024 περὶ
456 947 531 1000 ὧν
592 944 651 998 ἂν
709 940 977 1014 δεώμεθα·
1037 937 1129 993 καὶ
1198 936 1404 991 τούτων
1464 933 1639 989 αὐτῶν
1694 933 1744 986 οὶ
1801 932 1928 1006 παρ’

286 1019 421 1110 ἀξίαν
464 1035 576 1108 (49)
607 1031 1061 1098 κακοπαθοῦντες,
1107 1031 1216 1081 τῶν
1265 1024 1316 1080 ἐν
1368 1022 1475 1078 ἔθει
1504 1027 1601 1078 τοῦ
1643 1019 1926 1096 δυστυχεῖν

289 1123 445 1182 ὄντων
474 1120 850 1196 ἐλεεινότερον
904 1114 1188 1192 ἐξαιρέτως
1241 1112 1298 1168 δὲ
1345 1117 1461 1174 τοῖς
1511 1111 1613 1165 ὑπὸ
1650 1117 1750 1179 τῆς
1781 1110 1929 1183 ἱερᾶς

286 1213 439 1270 νόσου
473 1210 908 1290 διεφθαρμένοις,
958 1204 1047 1261 καὶ
1103 1203 1267 1279 μέχρι
1300 1206 1531 1290 σαρκῶν,
1566 1201 1655 1290 καὶ
1708 1198 1929 1290 ὀστέων,

287 1303 369 1359 καὶ
402 1283 644 1375 μυελῶν,
670 1283 769 1359 ’ὡς
801 1299 836 1366 ἡ
869 1295 1003 1350 κατά
1050 1314 1213 1348 τινων
1262 1288 1487 1359 ἀπειλὴ,
1537 1283 1929 1364 βεϐρωμένοις,

285 1392 365 1447 καὶ
396 1385 826 1466 προδεδομένοις
859 1384 963 1438 ὑπὸ
1008 1386 1106 1436 τοῦ
1163 1383 1474 1455 μοχθηροῦ,
1506 1377 1596 1431 καὶ
1653 1380 1931 1466 ταπεινοῦ,

288 1481 370 1537 καὶ
432 1464 659 1533 ἀπίστου
708 1475 822 1549 (50)
880 1471 1075 1527 τούτου
1131 1472 1403 1542 σώματος’
1457 1469 1501 1538 ᾧ
1550 1470 1667 1527 πῶς
1718 1464 1929 1533 συνεζύ-

289 1592 404 1646 γην,
436 1567 535 1622 οὐκ
567 1562 707 1619 οἶδα·
758 1561 849 1617 καὶ
899 1565 1017 1622 πῶς
1066 1558 1223 1614 εἰκών
1276 1556 1335 1646 τὲ
1385 1556 1497 1629 εἰμι
1538 1559 1692 1646 Θεοῦ,
1724 1554 1812 1608 καὶ
1857 1557 1935 1646 τῶ

290 1641 450 1729 πηλῷ
480 1654 834 1732 συμφύρομαι
863 1652 996 1724 (51)
1049 1648 1078 1702 ὃ
1108 1647 1198 1702 καὶ
1248 1645 1492 1701 εὐεκτοῦν
1544 1641 1800 1715 πολεμεῖ,
1845 1641 1935 1732 καί

292 1750 408 1818 ἀνιᾷ
440 1731 873 1817 πολεμούμενον
906 1740 936 1793 ὃ
984 1737 1073 1793 καὶ
1122 1736 1196 1797 ὡς
1245 1732 1539 1790 σύνδουλον
1588 1733 1799 1809 ἀγαπῶ,
1846 1731 1935 1786 καὶ

293 1839 361 1899 ὡς
392 1834 585 1911 ἐχθρὸν
618 1830 1049 1907 ἀποστρέφομαγ
1100 1828 1130 1881 ὃ
1158 1824 1247 1881 καὶ
1279 1825 1353 1886 ὡς
1400 1819 1695 1911 σύνδουλον
1730 1820 1934 1897 φεύγω,

293 1924 377 1982 καί
408 1910 483 1987 ὧς
527 1918 981 1997 συκγληρονόμον
1030 1914 1382 1992 αἰσχύνομαι·
1414 1912 1571 1983 τῆξαι
1621 1910 1934 1988 φιλονεικῶ,

295 2015 379 2070 καὶ
411 2012 510 2068 οὐκ
538 2008 654 2087 ἔχω
678 2010 785 2065 τίνι
830 2009 1070 2083 συνεργῷ
1117 2003 1253 2080 πρὸς
1289 2002 1356 2057 τὰ
1402 2001 1670 2056 κάλλιστα
1708 2000 1936 2075 χρήσω-

300 2124 389 2178 μαι
421 2104 557 2177 (52),
591 2100 664 2162 ὡς
694 2096 849 2158 εἰδὼς
898 2095 976 2157 εἷς
1004 2094 1034 2149 ’ὸ
1064 2092 1287 2170 γέγονα,
1317 2091 1403 2146 καὶ
1460 2089 1541 2145 ὅτι
1577 2087 1658 2144 δεῖ
1699 2109 1764 2162 με
1802 2088 1939 2161 πρὸς

296 2192 420 2248 Θεόν
453 2184 714 2259 ἀναϐῆναι
750 2185 836 2242 διὰ
864 2189 972 2240 τῶν
999 2182 1243 2259 πράξεων
1275 2183 1405 2253 (53).

2035 684 2256 735 eorum,
2292 668 2388 739 qui
2432 668 2694 741 legendis
2743 670 2982 725 tributis
3040 680 3314 742 praesunt,
3346 673 3681 731 inhumani-

2034 761 2212 810 tatem
2243 760 2300 810 et
2330 757 2849 827 importunitatem,
2874 759 2994 814 sive
3026 760 3096 814 ob
3128 768 3427 817 cruentam
3462 765 3685 834 praedo-

2036 861 2178 899 num
2232 843 2687 914 immanitatem,
2740 848 2858 901 sive
2916 848 2987 902 ob
3047 848 3453 921 inexplebilem
3485 852 3683 908 furum

2038 932 2395 998 aviditatem,
2430 934 2550 989 sive
2589 935 2660 989 ob
2711 934 2993 991 bonorum
3026 939 3533 1011 proscriptionem,
3564 942 3686 998 sive

2038 1022 2111 1077 ob
2147 1021 2516 1094 naufragium
2546 1041 2559 1090 ;
2595 1041 2799 1079 omnes
2832 1026 2986 1080 enim
3019 1025 3291 1084 similiter
3321 1030 3685 1087 miserabiles

2040 1114 2197 1177 sunt,
2224 1109 2425 1182 sicque
2454 1111 2510 1164 in
2544 1128 2754 1167 manus
2788 1119 3016 1169 nostras
3049 1115 3369 1189 intuentur,
3396 1122 3459 1173 ut
3489 1136 3594 1175 nos
3624 1120 3683 1175 in

2041 1200 2140 1255 Dei
2176 1216 2409 1265 manus,
2441 1216 2571 1255 cum
2607 1218 2667 1255 re
2697 1200 2891 1272 aliqua
2920 1219 3196 1275 egemus;
3238 1211 3413 1278 atque
3444 1225 3512 1263 ex
3542 1208 3688 1280 ipsis

2042 1305 2302 1357 rursum,
2336 1289 2373 1343 ii
2423 1289 2517 1359 qui
2562 1289 2800 1362 indigne
2830 1291 3203 1359 afﬂictantur,
3236 1296 3691 1354 miserabiliores

2045 1382 2183 1433 sunt
2213 1395 2387 1449 quam
2429 1379 2464 1432 ii
2498 1379 2595 1450 qui
2632 1378 3069 1436 calamitatibus
3102 1391 3525 1440 assueverunt:
3562 1392 3688 1442 tum

2042 1484 2176 1522 vero
2210 1485 2315 1523 nos
2370 1468 2408 1521 ii
2442 1469 2731 1539 praecipuo
2763 1470 3016 1540 quodam
3051 1472 3447 1529 miserationis
3479 1475 3689 1531 affectu

2045 1572 2381 1628 permovere
2410 1558 2643 1627 debent,
2678 1558 2776 1629 qui
2810 1575 2975 1613 sacro
3009 1562 3210 1616 morbo
3242 1564 3500 1637 corrupti
3531 1571 3691 1635 sunt,

2046 1651 2102 1700 et
2124 1646 2194 1700 ad
2228 1661 2462 1701 carnem
2493 1642 2902 1719 usque,atque
2934 1665 3087 1715 ossa,
3117 1654 3171 1704 et
3202 1652 3489 1709 medullas
3519 1655 3695 1725 (quod

2046 1734 2404 1806 quibusdam
2437 1734 2735 1806 Scriptura
2764 1737 2810 1770 ⁶⁹
2841 1736 3117 1811 minatur)
3148 1741 3300 1795 exesi
3332 1743 3698 1815 consumpti-

2048 1838 2180 1894 que,
2216 1827 2393 1894 atque
2424 1824 2496 1878 ab
2526 1822 2635 1879 hoc
2666 1841 3016 1892 aerumnoso,
3049 1830 3104 1882 et
3133 1829 3382 1899 abjecto,
3414 1848 3480 1886 ac
3516 1832 3696 1889 inﬁdo

2049 1925 2288 1983 corpore
2314 1912 2565 1983 proditi:
2594 1914 2687 1968 cui
2711 1930 2966 1984 quonam
2997 1917 3166 1973 modo
3189 1919 3537 1991 conjunctus
3560 1921 3695 1991 sim,

2048 2000 2204 2056 haud
2237 2001 2507 2071 equidem
2542 2002 2661 2057 scio
2696 2020 2709 2057 :
2745 2020 2848 2058 nec
2883 2021 2997 2076 quo
3029 2006 3200 2061 etiam
3237 2013 3402 2079 pacto
3435 2009 3610 2066 simul
3643 2017 3701 2068 et

2050 2090 2243 2161 imago
2273 2090 2372 2144 Dei
2407 2089 2540 2157 sim,
2587 2096 2645 2145 et
2695 2109 2827 2147 cum
2875 2110 3035 2149 coeno
3084 2095 3356 2152 voluter:
3414 2102 3591 2171 quod,
3642 2106 3701 2157 et

2051 2195 2182 2235 cum
2218 2178 2461 2249 pulchra
2490 2179 2823 2236 valetudine
2854 2184 3086 2253 gaudet,
3124 2185 3273 2241 bello
3307 2204 3399 2243 me
3440 2187 3695 2258 lacessit,

299 2290 514 2339 etcum
546 2279 699 2335 bello
728 2276 1033 2350 premitur,
1069 2288 1309 2327 maerore
1360 2286 1452 2325 me
1501 2268 1728 2324 afﬁcit:
1786 2268 1965 2340 quod,
2010 2271 2067 2323 et
2114 2272 2179 2322 ut
2225 2283 2566 2323 conservum
2621 2286 2771 2335 amo,
2823 2276 2879 2325 et
2932 2276 2994 2325 ut
3046 2273 3349 2329 inimicum
3402 2278 3497 2331 odi
3528 2282 3702 2348 atque

299 2386 577 2428 eversor:
630 2367 807 2439 quod,
841 2369 897 2421 et
928 2369 991 2419 ut
1017 2360 1317 2417 vinculum
1348 2358 1526 2430 fugio,
1578 2363 1635 2412 et
1684 2361 1746 2412 ut
1795 2357 2047 2412 cohaares
2089 2370 2347 2411 veneror.
2401 2356 2461 2412 Si
2508 2356 2809 2413 debilitare
2856 2358 3000 2414 illud
3052 2365 3107 2417 et
3154 2358 3438 2421 conﬁcere
3466 2368 3696 2436 studeo,

293 2463 418 2533 jam
449 2474 564 2513 non
596 2456 801 2524 habeo,
852 2469 968 2525 quo
1016 2450 1173 2507 socio
1222 2452 1280 2503 et
1329 2445 1677 2519 opitulatore
1725 2446 1797 2500 ad
1850 2462 1942 2501 res
1990 2444 2468 2517 praeclarissimas
2517 2449 2669 2516 utar,
2714 2447 2995 2504 nimirum
3029 2449 3181 2507 haud
3212 2451 3489 2525 ignorans
3520 2473 3699 2529 quam

300 2551 372 2605 ob
402 2561 639 2603 causam
672 2546 1010 2617 procreatus
1041 2540 1174 2610 sim,
1207 2537 1481 2609 quodque
1508 2550 1601 2590 me
1631 2550 1733 2607 per
1767 2534 2024 2590 actiones
2052 2534 2123 2589 ad
2155 2534 2339 2588 Deum
2372 2534 2682 2591 ascendere
2711 2542 2989 2607 oporteat.

371 2636 439 2693 Z'.
476 2630 746 2705 Φείδομαι
776 2630 851 2692 ὡς
882 2632 1157 2704 συνεργοῦ,
1190 2624 1279 2680 καὶ
1330 2624 1429 2678 οὐκ
1475 2622 1589 2698 ἔχω
1637 2627 1751 2683 πῶς
1791 2621 1943 2700 φύγω

298 2726 396 2795 τὴν
443 2720 817 2789 ἐπανάστασιν,
849 2719 883 2787 ἢ
925 2721 1044 2778 πῶς
1098 2716 1173 2789 μὴ
1219 2714 1325 2769 ἀπὸ
1386 2716 1519 2768 Θεοῦ
1574 2711 1722 2766 πέσω
1774 2712 1945 2787 βαρη-

299 2814 407 2877 θεὶς
465 2818 582 2874 ταῖς
634 2807 818 2871 πέδαις
873 2805 1253 2866 κατασπώσαις
1288 2846 1302 2871 ,
1360 2802 1395 2872 ἢ
1456 2800 1811 2878 κατεχούσαις
1870 2801 1947 2863 εἷς

302 2901 517 2981 ἔδαφος.
548 2897 780 2976 Ἐχθρός
831 2896 969 2952 ἐστιν
1017 2894 1265 2967 εὐμενὴς,
1292 2891 1380 2981 καὶ
1429 2891 1587 2981 φίλος
1628 2884 1943 2952 ἐπίϐουλος.

302 2996 369 3048 Ὠ
398 2978 510 3067 (54)
538 2996 637 3059 τῆς
677 2985 927 3061 συζυγίας
975 2983 1064 3040 καὶ
1108 2985 1209 3051 τῆς
1252 2978 1673 3067 ἀλλοτριώσεους
1708 2980 1721 3035 ι
1753 2984 1817 3037 Ὀ
1848 3000 1948 3056 φο-

307 3065 510 3154 ϐοῦήμαι
568 3075 807 3151 περιέπω
862 3075 999 3147 (55),
1059 3071 1147 3126 καὶ
1198 3071 1227 3124 ὃ
1283 3069 1489 3145 στέργὼ
1538 3065 1773 3123 δέδοικα*
1824 3067 1950 3142 πρὶν

308 3168 648 3242 πολεμῆσαι,
709 3160 1158 3235 καταλλάσσομαι
1202 3178 1215 3192 ⁸
1271 3158 1360 3213 καὶ
1417 3158 1541 3234 πρὶν
1602 3157 1904 3229 εἶρηνεῦσαι
1941 3200 1957 3227 ,

314 3256 617 3331 διίσταμαι.
668 3253 760 3316 Τίς
820 3254 855 3321 ἡ
911 3250 1035 3325 περὶ
1092 3248 1189 3323 ἐμὲ
1247 3246 1452 3325 copia;
1491 3245 1579 3300 καὶ
1628 3245 1681 3300 τί
1724 3246 1785 3299 τὸ
1824 3244 1959 3321 μέγα

313 3351 476 3404 τοῦτο
512 3345 805 3419 μυστήριον
985 3360 1009 3392 ε
1033 3344 1100 3394 Ἡ
1146 3335 1399 3412 βούλεται
1453 3340 1645 3411 μοῖραν
1692 3337 1838 3408 ἡμᾶς
1870 3331 1960 3389 ὄν-

313 3456 410 3498 τας
467 3431 622 3504 Θεοῦ,
679 3432 769 3486 καὶ
829 3432 1029 3492 ἄνωθεν
1090 3426 1402 3503 ῥεύσαντας,
1451 3422 1546 3478 ’ίνα
1596 3424 1671 3497 μὴ
1728 3420 1816 3478 διὰ
1859 3424 1959 3492 τήν

2124 2622 2247 2677 Vll.
2280 2623 2381 2678 Sin
2415 2627 2619 2680 contra
2648 2628 2713 2680 ut
2742 2642 2875 2681 cum
2909 2627 3064 2685 socio
3097 2634 3152 2685 et
3202 2632 3466 2702 adjutore
3497 2635 3703 2691 mitius

2057 2727 2250 2784 agam,
2301 2711 2466 2767 nulla
2507 2713 2629 2783 jam
2681 2714 2826 2770 ratio
2876 2718 3148 2791 occurrit,
3199 2738 3316 2792 qua
3363 2723 3702 2780 rebellantis

2055 2799 2342 2873 impetum
2368 2800 2608 2873 fugiam,
2634 2805 2808 2875 atque
2830 2821 2863 2859 a
2888 2806 2997 2861 Deo
3022 2824 3135 2862 non
3158 2809 3439 2879 excidam,
3469 2828 3707 2885 compe-

2061 2890 2235 2944 dibus
2266 2890 2637 2962 degravatus,
2668 2890 2756 2947 vel
2788 2892 2848 2947 in
2879 2896 3095 2950 terram
3127 2897 3590 2966 detrahentibus,
3617 2900 3706 2957 vel

2060 2979 2119 3034 in
2151 2994 2218 3033 ea
2247 2978 2665 3035 detinentibus.
2699 2980 2893 3037 Hostis
2925 2986 3013 3038 est
3051 2983 3302 3043 blandus
3333 2993 3389 3043 et
3419 2988 3708 3061 placidus,

2061 3067 2383 3124 insidiosus
2408 3068 2651 3125 amicus.
2675 3073 2720 3124 Ο
2751 3071 2961 3127 miram
2995 3075 3457 3145 conjunctionem
3492 3083 3548 3134 et
3567 3077 3706 3136 alie-

2065 3157 2390 3213 nationem!
2417 3158 2581 3221 Quod
2606 3162 2826 3225 metuo,
2850 3160 3199 3233 amplector;
3227 3167 3381 3237 quod
3405 3184 3559 3235 amo,
3585 3184 3713 3241 per-

2066 3246 2332 3303 timesco.
2366 3250 2693 3318 Antequam
2724 3248 2945 3305 bellum
2989 3254 3292 3324 gesserim,
3346 3256 3405 3311 in
3460 3258 3710 3328 gratiam

2069 3336 2279 3404 redeo;
2312 3339 2626 3407 antequam
2662 3354 2798 3407 pace
2831 3338 3013 3407 fruar,
3045 3342 3116 3397 ab
3154 3359 3220 3399 eo
3251 3344 3530 3401 dissideo.
3562 3347 3712 3411 Qua-

2071 3441 2205 3481 nam
2238 3424 2544 3496 sapientia,
2577 3441 2833 3497 quonam
2864 3444 3076 3501 magno
3124 3436 3182 3487 et
3228 3449 3439 3490 arcano
3471 3435 3713 3493 consilio

316 3496 464 3598 ἀξίαν
526 3496 880 3598 ἐπαιρόμενοι
943 3517 1032 3572 καὶ
1091 3496 1742 3591 ’μετεωριζόμενοιί(57)
1798 3533 1948 3567 κατα-

2074 3514 2221 3569 mihi
2251 3512 2359 3569 hoc
2391 3496 2650 3570 accidere
2697 3515 2937 3572 dicam?
2965 3496 3069 3574 “An
3120 3519 3228 3577 hoc
3275 3522 3430 3579 Deus
3478 3525 3618 3599 agit,
3652 3530 3716 3581 ut

310 3618 597 3691 φρονῶμεν
646 3614 744 3665 τοῦ
791 3608 1093 3679 κτίσαντος,
1145 3605 1196 3661 ἐν
1223 3604 1292 3679 τῇ
1338 3604 1475 3679 πρὸς
1519 3603 1581 3657 τὸ
1613 3607 1772 3675 σῶμα
1814 3601 1962 3676 πάλῃ

304 3702 400 3759 καὶ
434 3699 589 3776 μάχῃ
640 3698 776 3775 πρὸς
825 3696 982 3751 αὐτὸν
1036 3694 1117 3749 ἀεὶ
1171 3691 1416 3768 βλέπειν,
1463 3691 1552 3746 καὶ
1588 3692 1687 3760 τήν
1720 3696 1960 3760 συνεζευ-

301 3793 512 3869 γμένην
564 3790 834 3845 ἀσθένειαν
883 3782 1254 3860 παιδαγωγίαν
1306 3784 1439 3837 εἶναι
1488 3785 1585 3836 τοῦ
1635 3781 1962 3852 ἀξιώματοςο

295 3864 391 3935 ’ἶνα
423 3877 651 3952 εἰδῶμεν
868 3876 918 3929 οἱ
967 3872 1120 3928 αὐτοὶ
1174 3870 1423 3947 μέγιστοί
1470 3891 1527 3924 τε
1572 3864 1718 3929 ὄντες
1748 3867 1837 3922 καὶ
1870 3888 1960 3922 τα-

300 3969 633 4037 πεινότατοι,
698 3966 933 4041 ἐπίγειοι
989 3962 1081 4017 καὶ
1157 3961 1420 4036 οὐράνιοι,
1495 3958 1817 4033 πρόσκαιροι
1874 3956 1963 4012 καὶ

304 4059 584 4129 ἀθάνατοι,
616 4054 959 4131 κληρονομοι
992 4048 1171 4128 φωτός
1201 4048 1289 4103 καὶ
1320 4048 1512 4123 πυρὸς,
1563 4043 1658 4101 εἶτ’
1707 4044 1797 4100 οὖν
1840 4045 1963 4100 σκό-

306 4168 466 4217 τους,
499 4144 770 4222 ὁποτέρῶς
803 4145 915 4218 (59)
936 4141 994 4195 ἂν
1027 4139 1299 4212 νεύσωμεν
1341 4157 1354 4207 ;
1407 4140 1659 4191 Τοιοῦτον
1690 4135 1753 4190 τὸ
1783 4140 1966 4211 κρᾶμα

309 4240 501 4310 ἡμῶν,
557 4234 648 4290 καὶ
698 4231 787 4289 διὰ
829 4236 1017 4298 ταῦτα,
1067 4229 1142 4290 ὡς
1184 4231 1315 4304 γοῦν
1375 4225 1499 4299 ἐμοὶ
1564 4224 1964 4302 καταφαίνεται,

303 4323 383 4380 ’ἶν’
414 4325 540 4379 ὅταν
571 4322 920 4399 ἐπαιρώμεθα
968 4317 1059 4373 διὰ
1102 4318 1202 4386 τὴν
1238 4315 1440 4387 εἰκόνα,
1474 4311 1563 4368 διὰ
1589 4314 1681 4368 τὸν
1710 4317 1845 4388 χοῦν
1880 4333 1967 4367 συ-

309 4412 695 4487 στελλώμεθα.
720 4415 897 4465 Ταῦτα
930 4408 1023 4483 μὶν
1057 4406 1149 4462 οὖν
1183 4407 1212 4461 ὁ
1245 4402 1580 4482 βουλόμενος
1613 4404 1725 4473 (60)
1746 4402 1967 4481 φιλοσο-

308 4503 505 4582 φείτω,
553 4501 643 4557 καὶ
695 4503 857 4574 ἡμεῖς
904 4518 968 4573 γε
1016 4493 1573 4575 συμφιλοσοφήσομεν
1625 4493 1737 4566 (61)
1783 4490 1968 4546 εὐκαι-

314 4592 564 4668 ρότερον.

387 4737 436 4773 ⁸⁹
467 4737 580 4792 Isa.
610 4751 667 4803 x,
700 4734 787 4790 18.

414 4858 708 4939 43999“)-
746 4852 1364 4939 !nrluritasswiwe
1465 4920 1481 4939 .
1580 4921 1595 4939 .
1728 4920 1741 4939 ,

414 4863 505 4932 48)
535 4862 708 4916 Οὕτω.
746 4862 805 4915 In
880 4862 1134 4922 laribus,
1167 4862 1364 4916 οὕτως.
1728 4920 1741 4939 Ι

387 4862 506 5006 ίζι9)
541 4931 608 4989 Οἱ
639 4931 765 5006 παρ’
797 4875 966 4999 ἀξίαν.
1019 4929 1247 5006 Nicetas
1282 4944 1315 5006 :_
1347 4920 1490 4996 παρὰ
1535 4921 1858 5006 τὴντυχην
1904 4919 1971 5003 ᾖς

316 4994 459 5073 ἦσαν
496 4994 659 5071 ποτε,
712 4994 741 5054 ἱ(
774 4994 981 5075 praeter
1026 5016 1155 5056 eam
1211 4994 1467 5075 fortuna;
1487 4994 1879 5075 conditionem
1910 4994 1969 5047 in

312 5066 441 5149 qua
470 5066 1202 5150 quondam-versabantur.
1237 5092 1265 5150 ξ)
1290 5068 1478 5150 _Do_cet
1507 5066 1603 5121 hic
1633 5066 1968 5150 Gregorius,

309 5138 421 5204 éos
443 5138 541 5218 qui
562 5164 630 5221 ex
652 5146 843 5221 altiori
866 5141 1531 5221 dignitatis_et_fortume
1552 5138 1734 5221 gradu
1756 5138 1824 5221 in
1858 5138 1972 5191 mi-

308 5210 537 5276 seriam
592 5218 811 5289 delapsi
863 5210 1285 5291 sunt,_majori
1338 5210 1710 5291 miseratione
1739 5210 1970 5291 dignos,

313 5307 503 5365 quam
531 5306 630 5347 eoa
662 5278 760 5361 qui
795 5292 969 5365 rebus
998 5278 1259 5365 adversis
1290 5288 1429 5365 sunt
1458 5279 1699 5336 assueti.
1754 5302 1782 5329 ‹‹
1810 5278 1971 5333 Nihil

310 5356 481 5419 enim
514 5367 604 5436 est
630 5356 749 5416 tam
783 5359 1139 5436 miserabile,
1174 5380 1200 5436 η
1254 5356 1579 5436 εἰεϐἱοοιιρ,
1632 5373 1659 5400 ‹‹
1696 5367 1875 5422 quam
1907 5366 1975 5406 ex

312 5438 497 5491 beato
528 5433 725 5505 miser.
758 5454 786 5482 »
830 5431 959 5487 Bill.
982 5453 1028 5505 χ(
1063 5425 1278 5505 praeter
1298 5425 1662 5505 dignitatem.
1697 5443 1747 5505 ».
1869 5492 1905 5505 Η

415 5505 505 5573 50)
552 5502 831 5560 ’Δπίστου.
900 5494 1081 5558 ΟοΙὶ).’
1119 5504 1187 5569 1,
1254 5494 1578 5567 ἀπλῆστου,
1648 5515 1676 5543 ‹‹
1736 5494 1977 5547 insatia-

296 5577 457 5632 bili.
489 5596 516 5629 ι

542 5643 961 5721 Συμφύρομαιέ-
990 5641 1460 5721 «ροωφὶεοοᾳς.
1496 5657 1525 5686 »

417 5650 510 5714 51)
542 5650 938 5721 Συμφύρομαι.
990 5667 1017 5696 ‹‹
1048 5650 1460 5721 Commiscear.
1496 5657 1525 5686 »

543 5719 873 5797 pr‘a‘t-upat.
900 5717 1001 5797 §ic
1032 5720 1168 5797 Reg.
1203 5716 1300 5797 hu‘.
1333 5706 1809 5797 Αὶιιηχρήσομαι,

546 5774 777 5847 Δίὰ’τῶν
809 5785 1072 5863 πράξεων.
1105 5774 1246 5858 Heg.
1278 5784 1358 5842 hu
1390 5774 1702 5851 et'Gt‘ibt‘u-
1738 5774 1808 5832 δι’
1836 5774 1974 5855 ἀγα-

2071 3619 2206 3659 cum
2237 3602 2426 3674 ipsius
2457 3619 2593 3674 pars
2624 3603 2836 3672 simus,
2860 3610 3035 3678 atque
3066 3625 3319 3682 superne
3349 3613 3713 3680 ﬂuxerimus,

2072 3706 2145 3746 ne
2166 3691 2238 3747 ob
2270 3691 2616 3762 dignitatem
2642 3697 2899 3749 nostram
2925 3696 3192 3769 nosipsos
3214 3701 3518 3758 efferentes
3541 3707 3715 3775 atque

2073 3780 2425 3850 attollentes,
2459 3780 2789 3837 Creatorem
2822 3789 3287 3857 contemnamus,
3338 3790 3395 3844 in
3447 3808 3533 3861 ea,
3586 3809 3717 3864 quae

2074 3870 2245 3924 nobis
2276 3870 2553 3925 adversus
2581 3887 2793 3943 corpus
2823 3877 2929 3939 est,
2954 3873 3112 3930 lucta
3142 3880 3199 3932 et
3229 3878 3619 3949 dimicatione,
3644 3882 3715 3937 ab

2074 3974 2141 4013 eo
2171 3974 2473 4030 nunquam
2508 3958 2707 4014 oculos
2738 3960 3118 4031 dejiciamus;
3152 3971 3325 4036 atque
3356 3966 3437 4023 ita
3464 3969 3717 4025 infirmi—

2074 4051 2163 4102 tas
2190 4045 2310 4114 illa,
2326 4064 2451 4117 quae
2475 4047 2643 4102 nobis
2665 4048 2934 4118 copulata
2953 4056 3063 4121 est,
3086 4053 3432 4126 dignitatem
3458 4063 3716 4115 nostram

2074 4136 2260 4191 frenet
2280 4139 2451 4205 atque
2473 4141 2733 4192 coerceat
2756 4155 2768 4205 ;
2800 4142 2864 4194 ut
2886 4138 3283 4214 intelligamus
3304 4162 3410 4203 nos
3433 4148 3721 4204 maximos

2075 4224 2252 4280 simul
2286 4228 2461 4295 atque
2511 4225 2662 4281 26?
2713 4227 3144 4297 abjectissimos
3175 4250 3322 4302 esse,
3354 4237 3616 4293 terrenos
3664 4242 3723 4293 et

2075 4313 2356 4382 caelestes,
2380 4314 2630 4369 caducos
2652 4320 2707 4370 et
2730 4316 3110 4388 immortales,
3135 4321 3282 4379 lucis
3312 4328 3369 4379 et
3398 4325 3573 4397 ignis,
3601 4327 3721 4383 sive

2075 4401 2248 4458 etiam
2280 4402 2653 4457 tenebrarum
2688 4402 2969 4475 haaredes,
3003 4412 3176 4479 prout
3211 4411 3269 4466 in
3312 4411 3423 4469 hoc
3451 4413 3541 4470 vel
3572 4414 3720 4472 illud

2075 4489 2244 4546 nobis
2268 4491 2628 4562 propendere
2648 4493 2994 4565 contigerit?
3009 4496 3137 4554 Haec
3162 4506 3362 4559 nostra
3378 4506 3722 4577 temperatio

2075 4585 2183 4650 est,
2236 4583 2412 4651 atque
2460 4581 2533 4637 ob
2581 4580 2689 4638 has
2738 4597 2970 4655 causas,
3003 4594 3292 4658 quantum
3329 4593 3567 4665 quidem
3598 4595 3726 4669 ipse

2081 4848 2205 4927 θῶνμ
2220 4846 2481 4927 πραξεων,
2524 4873 2572 4927 «_
2588 4867 2688 4923 per
2713 4853 2881 4927 bona,
2899 4872 3092 4927 opera.
3124 4881 3152 4909 ι)

2299 4920 2383 4998 ξ’ῼ.
2414 4921 2508 4998 S_ic
2539 4920 2811 4998 Reg._hu.
2845 4920 2995 4982 Editi
3029 4946 3178 4998 vers,
3211 4928 3277 4988 ὦ.

2172 4993 2263 5067 55)
2296 4993 2563 5067 Ηεριξπιο.
2618 4993 2648 5045 ιῐ
2684 4996 2885 5065 Foveo,
2921 5015 3079 5057 curo.
3118 5024 3147 5051 »

2171 5062 2262 5134 56)
2294 5062 2452 5119 Τίτὸ
2487 5062 2630 5145 μέγα.
2652 5069 2812 5145 τοῦτο
2846 5062 3141 5145 μυστήριον
3168 5091 3181 5142 ;
3227 5096 3257 5126 ‹‹
3286 5075 3589 5140 Quodnam
3622 5080 3730 5138 hoc

2080 5137 2736 5208 margnum‘mysterium
2762 5140 2789 5195 ‘?
2823 5163 2844 5189 ι

2294 5204 2392 5293 "limi
2430 5204 2903 5293 ιξεξξωριζόμενοι.
2938 5212 3067 5293 Haec
3099 5213 3397 5293 des‘unt_i_n
3433 5221 3571 5293 Reg.
3605 5241 3656 5279 c.

2174 5230 2266 5275 οι)
2299 5230 2392 5258 ιιαι
2430 5230 2722 5281 μετεωριςο
2774 5230 2903 5265 ενοι.
2938 5230 3067 5267 Πᾶξο
3099 5230 3311 5271 desunt
3341 5235 3397 5273 1n
3436 5230 3548 5293 Heg

2294 5280 2406 5363 ’ςξνα
2437 5230 2861 5363 εξδῶμι;ν.ῆίῖϐξζζ
2897 5290 3172 5363 quatuor,
3196 5284 3269 5340 ’ἶν’
3296 5286 3548 5363 εἰδῶμεν.

2083 5348 2264 5473 (“(53)
2301 5348 2620 5424 Ὀποτὲρως.
2681 5356 2776 5409 0r.
2808 5348 3238 5431 ”2,”ὁπωτέρως
3303 5348 3481 5432 [timid
3532 5379 3730 5420 amen-

2125 5427 2260 5474 atel.

2085 5491 2265 5617 ἱῐι(ἓὲ)
2298 5491 2358 5547 Ὁ
2392 5491 2754 5566 Βουλόμενος.
2806 5496 2901 5552 Sic
2949 5504 3201 5569 quatuor
3250 5504 3430 5575 Regii.
3484 5505 3655 5561 Deest
3703 5506 3731 5558 ὁ

2126 5634 2269 5773 ή(61)
2331 5632 2918 5713 Συμφιλοσοφήσομεν.
2982 5641 3120 5715 Reg.
3184 5643 3315 5714 bm,
3391 5643 3727 5723 σκμφιλοσο-

2168 5724 2366 5773 σωμεν.

2086 5723 2157 5781 φη
2168 5724 2244 5756 σω
2252 5724 2366 5776 μεν.

2150 4922 2170 5134 l

2152 5207 2169 5419 ἓ

4140 2056 4147 2181 ί

4144 2194 4147 2251 1

4128 2258 4147 2353 ί
