4244 6216
635 391 749 451 867
1875 389 1940 449 S.
1989 381 2359 451 GltEGORlI
2404 381 2797 449 THEOLOGI
3919 390 4043 456 868

635 525 964 596 prospicere
1009 535 1271 592 possum,
1327 519 1390 575 ut
1436 536 1570 575 cum
1621 519 1894 592 imaginis
1927 521 2182 593 dignitas
2215 521 2385 577 nobis
2413 521 2645 576 animos
2675 518 2969 588 extulerit,
3001 518 3194 592 pulvis
3224 521 3460 577 eosdem
3493 521 3783 593 deprimat
3812 529 4044 582 contra-

634 615 870 683 hatque.
904 611 1013 665 Sed
1048 610 1119 665 de
1148 609 1241 664 his
1271 609 1370 680 qui
1402 608 1553 664 volet
1585 608 2045 680 philosophetur,
2083 626 2309 682 nosque
2339 610 2516 668 etiam
2550 609 2944 666 commodiore
2974 613 3233 681 tempore
3264 610 3441 665 simul
3476 611 4038 683 philosophabimur.

704 702 850 757 VIII.
883 701 1049 756 Nunc
1081 717 1235 765 vero,
1259 699 1411 771 quod
1444 697 1605 753 carni
1638 716 1801 764 meae,
1827 715 2082 771 meaeque
2111 700 2248 755 inﬂr

2462 699 2540 754 H'.
2575 697 2704 752 Νυνὶ
2764 694 2839 768 δὲ,
2898 696 2930 751 ὅ
2979 718 3072 770 μοι
3126 697 3299 772 λέγειν
3351 700 3379 752 ὁ
3424 697 3590 774 λόγος
3621 699 3870 774 ὥρμησε,
3929 707 4039 759 τῶν

632 790 820 847 mitati
887 790 946 844 in
1007 788 1255 844 aliorum
1323 786 1761 844 calamitatibus
1820 788 2275 857 condolescens,

630 883 821 936 dicere
849 878 1238 944 institueram,
1265 876 1594 930 faciendum
1631 876 1796 932 nobis
1828 883 1936 946 est,
1960 877 2188 943 fratres,
2214 881 2278 932 ut

632 972 947 1040 cognatum
967 972 1023 1021 et
1043 981 1387 1021 conservum
1411 981 1623 1036 corpus
1646 982 1946 1032 curemus;
1981 966 2088 1022 etsi
2116 965 2274 1021 enim

630 1060 773 1113 illud
826 1062 890 1112 ut
937 1056 1241 1110 inimicum
1276 1055 1669 1110 accusaverim
1702 1057 1774 1110 ob
1805 1071 1902 1110 eas
1933 1071 2080 1126 quas
2109 1056 2277 1110 affert

630 1145 811 1202 animi
843 1143 1330 1218 perturbationes,
1363 1148 1559 1198 tamen
1616 1147 1851 1214 propter
1897 1143 2274 1199 connexionis

629 1238 808 1307 hujus
838 1239 1158 1299 auctorem,
1181 1232 1340 1288 velut
1369 1233 1622 1288 amicum
1655 1231 2026 1304 complector.
2052 1234 2121 1288 Et
2149 1232 2275 1303 qui-

628 1329 759 1381 dem
792 1339 1067 1380 curemus
1111 1339 1226 1378 non
1276 1322 1471 1376 minus
1519 1320 1770 1376 aliorum
1799 1338 2061 1394 corpora,
2095 1337 2271 1391 quam

628 1430 803 1470 suum
827 1412 1077 1485 quisque
1098 1427 1332 1483 corpus,
1363 1427 1463 1465 seu
1488 1410 1796 1465 commoda
1824 1409 2152 1466 valetudine
2173 1410 2270 1481 sit,

628 1522 727 1557 seu
761 1503 964 1558 eodem
999 1500 1196 1555 morbo
1229 1502 1629 1555 consumatur.
1657 1501 1858 1556 Omnes
1904 1501 2052 1553 enim
2099 1516 2272 1554 unum

626 1597 683 1647 in
710 1592 942 1647 Domino
963 1605 1171 1656 sumus,
1193 1590 1308 1644 sive
1328 1588 1506 1658 dives,
1532 1588 1647 1642 sive
1663 1603 1895 1659 pauper,
1922 1588 2036 1642 sive
2062 1604 2269 1652 servus,

624 1685 737 1736 sive
771 1679 914 1735 liber
941 1678 1008 1746 7°,
1063 1677 1182 1733 sive
1214 1693 1417 1745 sanus,
1451 1675 1570 1732 sive
1607 1692 1758 1749 aeger
1804 1692 2062 1747 corpore,
2097 1682 2270 1748 atque

626 1785 809 1824 unum
842 1766 1106 1824 omnium
1166 1770 1360 1838 caput,
1409 1782 1478 1822 ex
1531 1782 1646 1836 quo
1707 1765 1924 1836 omnia,
1974 1765 2265 1822 Christus.

625 1860 903 1930 Quodque
924 1856 1190 1912 membra
1218 1855 1370 1910 inter
1398 1871 1461 1912 se
1490 1858 1648 1926 sunt,
1672 1854 1780 1910 hoc
1803 1854 2052 1926 quisque
2079 1854 2266 1923 alteri,

623 1954 798 2020 atque
823 1945 1098 2003 omnibus
1120 1960 1344 2000 omnes.
1368 1949 1451 2000 Ac
1473 1943 1712 2015 proinde
1733 1943 1976 1998 minime
2002 1945 2270 2000 commit-

2389 787 2533 859 ἐμῶν
2577 785 2967 861 περιαλγοῦντι
3017 791 3249 862 σαρκῶν,
3299 786 3389 841 καὶ
3437 795 3537 856 τῆς
3581 789 3719 860 ἐμῆς
3767 789 4041 854 ἀσθενείας

2385 875 2436 930 ἐν
2469 875 2785 951 ἀλλοτρίοις
2816 877 3026 946 πάθεσι,
3068 877 3439 950 θεραπευτέον,
3492 874 3742 955 ἀδελφοὶ,
3801 880 3864 934 τὸ
3917 902 4045 957 συγ-

2383 965 2526 1041 γενὲς
2579 965 2669 1019 καὶ
2718 961 3050 1037 ὁμόδουλον.
3097 963 3159 1018 Εἰ
3203 965 3304 1039 γὰρ
3330 965 3425 1042 καὶ
3457 965 3534 1028 ὡς
3567 964 3766 1042 ἐχθροῦ
3795 970 4040 1043 κατηγό-

2386 1074 2523 1130 ρησα
2553 1052 2641 1108 διὰ
2670 1055 2731 1108 τὸ
2769 1055 2940 1117 πάθος
2990 1055 3122 1125 (62),
3174 1051 3319 1107 ἀλλά
3357 1054 3446 1108 καὶ
3479 1054 3552 1116 ὡς
3583 1055 3744 1132 φίλου
3773 1059 4037 1134 περιέχο-

2387 1164 2480 1214 μαι
2514 1139 2602 1196 διὰ
2641 1143 2732 1196 τὸν
2785 1139 3115 1211 συνδήσαννα
3141 1163 3152 1175 ·
3203 1140 3292 1196 καὶ
3341 1145 3690 1218 θεραπευτέον
3737 1145 3844 1222 οὐχ
3872 1150 4040 1216 ἧττον

2381 1231 2447 1284 τὰ
2472 1236 2579 1285 τῶν
2614 1232 2727 1305 (63)
2755 1231 3011 1301 πκησίον,
3042 1231 3077 1300 ἢ
3105 1227 3327 1286 ἕκαστον
3371 1235 3484 1306 (64)
3533 1234 3596 1288 τὸ
3654 1235 3870 1307 ἑαυτοῦ,
3923 1243 4035 1291 τῶν

2379 1340 2439 1374 τε
2483 1319 2851 1396 ὑγιαινόντων,
2897 1320 2986 1374 καὶ
3041 1324 3149 1374 τῶν
3203 1320 3306 1375 ὑπὸ
3361 1328 3460 1390 τῆς
3509 1322 3818 1398 αὐτῆς
3875 1325 4038 1381 νόσου

2380 1406 2799 1483 δαπανωμένων.
2875 1410 3074 1471 Πάντες
3156 1410 3258 1484 γὰρ
3331 1405 3386 1465 ἓν
3453 1409 3611 1484 ἐσμεν
3696 1411 3748 1467 ἐν
3817 1415 4034 1490 Κυρίῳ,

2380 1495 2483 1552 εἶίτε
2563 1496 2851 1568 πλούσιος,
2947 1496 3051 1552 εἶίτε
3143 1499 3334 1569 πένης,
3430 1497 3536 1554 εἷίτε
3625 1498 3847 1572 δοῦλος,
3927 1503 4037 1558 εἶ’τε

2379 1585 2683 1663 ἐλεύθερος,
2731 1584 2839 1642 εἷ’τε
2905 1585 3186 1662 ὑγιαίνων,
3255 1587 3362 1642 εἴτε
3413 1593 3670 1665 πονηρῶς
3729 1587 3873 1666 ἔχων
3934 1597 4035 1647 τοῦ

2376 1676 2629 1748 σώματος
2653 1693 2665 1706 ⁸
2697 1677 2787 1731 καὶ
2823 1675 2917 1749 μία
2946 1674 3158 1753 κεφαλή
3190 1677 3430 1746 πάντων,
3488 1677 3540 1748 ἐξ
3595 1679 3657 1733 οὗ
3713 1681 3781 1734 τὰ
3836 1681 4030 1753 πάντα,

2378 1763 2640 1839 Χριστός*
2700 1765 2790 1819 καὶ
2839 1763 2964 1826 δπες
3021 1749 3162 1819 ἐστὶν
3214 1763 3491 1836 ἀλλήλοις
3522 1766 3590 1820 τὰ
3639 1766 3807 1841 μέλη,
3863 1749 4031 1826 τοῦτο

2374 1851 2595 1916 ἕκαστος
2653 1852 2882 1926 ἰκάστῳ,
2941 1853 3031 1908 καὶ
3088 1859 3246 1908 πᾶσιν
3309 1856 3538 1918 ἅπαντες
3567 1896 3579 1910 .
3635 1856 3827 1913 οὕκουν
3877 1880 4034 1935 περι-

2375 1943 2586 2013 οπτέον,
2636 1939 2761 1997 οὐδὲ
2806 1939 3106 2015 ἀμελητέον
3161 1945 3773 2020 τῶν-προεμπεσόντων
3817 1946 3894 2009 εἷς
3928 1949 4028 2018 τήν

621 2037 862 2091 tendum
897 2039 1006 2100 est,
1039 2037 1104 2088 ut
1132 2049 1253 2100 eos,
1285 2033 1385 2104 qui
1414 2032 1578 2104 prius
1609 2031 1666 2086 in
1699 2048 2072 2088 communem
2103 2032 2254 2088 inﬁr-

686 2127 719 2142 -.
771 2131 781 2142 .
1304 2127 1740 2142 ___._-_.____-
1779 2127 1825 2142 ,ι
1860 2121 2254 2142 ‘-_.:--__-___.

2375 2033 2560 2100 κοινὴν
2592 2031 2860 2095 ἀσθένειαν
2887 2051 2899 2064 ·
2935 2029 3060 2087 οὐδὲ
3089 2031 3396 2108 ἀγαπητέον
3427 2032 3664 2107 μᾶλλον,
3689 2035 3773 2090 ὅτι
3799 2037 3855 2090 εὗ
3885 2040 4028 2112 ἡμῖν

2376 2116 2410 2142 Ἰ.
2428 2140 2435 2142 Α
2541 2123 2650 2142 ιοηι
2712 2141 2725 2142 γ
2749 2120 2762 2139 \
2875 2121 2885 2141 ν
3123 2121 3148 2142 n
3298 2122 3324 2142 Δ
3410 2122 3421 2142 r
3564 2123 3586 2141 η
3689 2122 3766 2142 nn
3792 2124 3804 2142 ι
3976 2132 3999 2142 ..

2391 2116 2400 2140 Ι

623 2127 884 2181 mitatem
915 2123 1266 2189 inciderunt,
1298 2127 1743 2178 contemnamus
1772 2127 1830 2176 et
1859 2121 2262 2194 negligemus;

621 2233 725 2269 nec
757 2213 948 2286 magis
979 2212 1355 2284 gaudendum
1387 2210 1557 2266 nobis
1596 2216 1704 2280 est,
1755 2211 1907 2282 quod
1957 2212 2264 2267 commoda

617 2303 949 2360 valetudine
983 2300 1225 2370 utimur,
1281 2317 1458 2371 quam
1489 2300 1834 2372 lugendum,
1869 2300 2022 2370 quod
2057 2299 2262 2355 fratres

617 2395 829 2448 misera
861 2396 920 2446 et
951 2390 1186 2446 afflicta.
1212 2389 1361 2455 Quin
1395 2389 1589 2460 potius
1620 2389 1701 2444 ita
1731 2389 2064 2445 existimare
2095 2389 2262 2444 debe—

2374 2119 2491 2195 ἔχει
2705 2120 2773 2175 τὰ
2819 2121 3070 2193 σώματα,
3114 2121 3149 2190 ἢ
3201 2122 3512 2192 πενθητέον,
3564 2123 3647 2178 ’ὁτι
3679 2122 3880 2186 ἀθλίως
3907 2132 4029 2190 τοῖς

2373 2207 2669 2287 ἀδελφοῖς·
2739 2208 2829 2264 καὶ
2885 2210 3133 2284 ἡγεῖσθαι
3193 2210 3318 2282 μίαν
3367 2209 3658 2288 ἀσφάλειαν
3719 2214 3853 2267 εἷται
3915 2221 4027 2270 τῶν

2371 2299 2653 2372 ἡμετέρων
2679 2302 2890 2374 σαρκῶν
2923 2298 3010 2352 καὶ
3051 2301 3270 2374 ψυχῶν,
3297 2299 3396 2368 τήν
3430 2299 3504 2362 εἷς
3534 2299 3766 2364 ἐκείνους
3825 2304 4029 2381 φιλαν-

2375 2387 2616 2462 θρωπίαν
2646 2407 2657 2420 '
2691 2391 2980 2460 σκοπῶμεν
3015 2384 3072 2442 δὲ
3106 2386 3300 2450 οὕτως.

613 2499 768 2548 mus,
799 2479 992 2536 carnis
1021 2484 1078 2535 et
1105 2479 1436 2535 animarum
1466 2484 1796 2534 nostrarum
1829 2477 2078 2534 salutem
2109 2477 2169 2533 in
2202 2478 2309 2535 hoc
2339 2495 2456 2534 uno
2487 2478 2738 2551 positam
2768 2494 2920 2550 esse,
2953 2482 3017 2533 ut
3059 2495 3158 2534 eos
3196 2478 3563 2536 humanitate
3595 2498 3658 2537 ac
3690 2482 4024 2540 misericor»

614 2573 709 2625 dia
742 2584 1185 2642 prosequamur.
1215 2566 1308 2621 Sic
1338 2571 1536 2622 autem
1567 2566 2028 2623 consideremus.

693 2659 776 2714 IX.
815 2658 925 2714 Alii
977 2657 1214 2730 quidem
1273 2655 1381 2712 hoc
1439 2655 1561 2712 solo
1620 2655 1855 2712 nomine
1897 2654 2262 2712 miserabiles

615 2753 772 2818 sunt,
797 2747 951 2818 quod
974 2746 1170 2818 inopia
1193 2745 1478 2816 laborent,
1503 2762 1679 2816 quam
1704 2748 1966 2814 fortasse,
1995 2744 2082 2800 vel
2109 2749 2261 2800 tem-

616 2855 748 2910 pus,
769 2837 859 2894 vel
891 2835 1076 2905 labor,
1097 2834 1184 2891 vel
1208 2834 1457 2899 amicus,
1482 2834 1569 2890 vel
1602 2835 1989 2907 propinquus,
2013 2834 2098 2889 vel
2120 2838 2262 2890 tem-

615 2927 772 2998 poris
804 2925 1052 2981 mutatio
1085 2922 1436 2980 sustulerit:
1491 2922 1585 2978 his
1634 2927 1827 2978 autem
1879 2922 2259 2978 nihilominus

618 3018 734 3071 haec
791 3031 1024 3086 quoque
1079 3013 1273 3086 gravis
1328 3017 1436 3080 est,
1485 3011 1605 3068 imo
1663 3029 1728 3067 eo
1787 3012 1960 3068 etiam
2009 3012 2256 3084 gravior,

613 3105 767 3174 quod
797 3120 916 3157 una
945 3119 1077 3158 cum
1102 3117 1297 3171 carne,
1321 3104 1378 3156 et
1407 3099 1622 3156 laboris
1652 3099 2033 3170 suscipiendi,
2057 3105 2115 3155 et
2146 3100 2257 3156 sibi

615 3195 684 3246 ad
737 3190 1098 3247 necessarios
1147 3191 1274 3243 vitas.
1324 3206 1467 3245 usus
1527 3206 1694 3260 opem
1752 3188 1970 3244 ferendi
2012 3188 2257 3244 facultas

611 3284 807 3352 erepta
837 3281 933 3349 sit,
966 3278 1270 3352 magisque
1317 3294 1544 3349 semper
1576 3279 1727 3348 apud
1761 3278 1919 3349 ipsos
1952 3263 2258 3347 praevaleat

613 3369 798 3424 morbi
822 3373 1036 3435 metus,
1061 3383 1234 3438 quam
1269 3383 1404 3438 spes
1430 3367 1719 3422 sanitatis.
1744 3366 1822 3420 Ex
1843 3383 1957 3438 quo
1979 3366 2252 3434 efficitur,

611 3465 672 3512 ut
706 3473 912 3529 parum
945 3455 1261 3512 admodum
1303 3453 1500 3509 auxilii
1551 3454 1668 3509 illis
1716 3470 1848 3525 spes
1893 3455 2093 3510 afferat
2123 3471 2254 3525 quae

607 3546 838 3601 afﬂictis
885 3549 942 3600 et
992 3542 1350 3599 calamitosis
1401 3558 1586 3596 unum
1635 3547 1724 3598 est
1771 3543 2116 3598 remedium.
2164 3543 2249 3598 Ad

604 3638 1006 3707 paupertatem
1061 3630 1283 3686 accedit
1335 3631 1596 3696 morbus,
1637 3631 1883 3686 alterum
1917 3631 2160 3698 malum,
2193 3636 2252 3688 et

603 3725 841 3794 quidem
873 3720 1332 3786 atrocissimum,
1367 3735 1432 3774 ac
1479 3719 1640 3775 vobis
1670 3720 1948 3776 omnibus
1978 3737 2250 3776 aversan-

603 3816 768 3879 dum,
799 3816 976 3884 atque
1005 3808 1316 3882 ejusmodi,
1351 3812 1416 3863 ut
1459 3809 1611 3864 263
1653 3810 1806 3880 apud
1842 3809 2079 3879 multos,
2112 3827 2248 3866 cum

601 3901 821 3974 aliquid
870 3899 1005 3956 mali
1053 3899 1306 3971 cuipiam
1358 3898 1665 3970 imprecari
1699 3899 1961 3970 cupiunt,
1994 3898 2140 3954 nihil
2173 3902 2250 3956 sit

600 3991 1023 4063 expromptius.
1049 3989 1332 4055 Tertium,
1357 3989 1511 4058 quod
1545 3987 1805 4059 plerique
1835 4004 1934 4043 eos
1965 4005 2069 4044 nec
2088 3990 2248 4044 adire

598 4097 703 4134 nec
735 4079 948 4134 intueri
975 4078 1286 4138 sustinent.
1312 4077 1408 4132 sed
1443 4076 1696 4149 fugiunt,
1724 4076 1985 4141 horrent,
2009 4082 2065 4132 et
2087 4095 2247 4133 aver-

597 4174 800 4222 santur
826 4185 839 4235 ;
872 4173 1045 4237 atque
1077 4166 1133 4220 id
1167 4166 1370 4221 morbo
1389 4165 1517 4236 ipso
1548 4165 1665 4220 illis
1691 4165 1958 4221 acerbius
1981 4171 2087 4236 est,
2113 4183 2244 4222 cum

597 4257 668 4308 ob
694 4254 1081 4309 calamitatem
1106 4270 1312 4309 exosos
1333 4253 1508 4308 etiam
1541 4259 1597 4308 et
1626 4254 1844 4310 invisos
1871 4271 1932 4310 se
1961 4271 2089 4310 esse
2110 4272 2241 4310 sen-

595 4344 767 4396 tiunt.
799 4341 1082 4411 Equidem
1135 4341 1261 4412 ipse
1320 4356 1523 4395 eorum
1584 4342 1881 4398 miseriam
1943 4359 2059 4399 non
2117 4344 2245 4400 sine

595 4429 868 4502 lacrymis
929 4429 1078 4494 fero,
1139 4445 1206 4483 ac
1264 4427 1663 4486 recordatione
1731 4431 1858 4503 ipsa
1912 4434 2238 4504 perturbor.

594 4521 871 4590 Idemque
892 4515 1055 4572 vobis
1079 4515 1322 4582 accidat,
1347 4514 1539 4585 velim,
1564 4521 1630 4572 ut
1655 4517 1929 4592 lacrymis
1953 4519 2243 4594 lacrymas

593 4607 856 4679 fugiatis.
887 4604 1003 4661 Nec
1031 4620 1165 4661 vero
1198 4603 1420 4675 dubito,
1455 4606 1598 4678 quin
1629 4623 1700 4663 ex
1731 4608 1844 4674 his,
1868 4608 1968 4681 qui
2000 4610 2237 4682 adsunt,

663 4726 707 4759 το
735 4728 902 4781 Rom.
933 4737 1036 4789 xu,
1065 4721 1121 4777 5.

663 4851 775 4927 (62)
822 4848 883 4904 Ei
939 4848 1039 4926 γὰρ
1089 4848 1192 4904 καὶ-
1230 4848 1304 4927 ᾡς
1364 4847 1566 4927 ἐχθροῦ
1622 4848 1973 4927 κατηγόρησα
2029 4847 2118 4908 διὰ
2171 4850 2235 4909 τὸ

589 4920 793 4996 πάθος,
810 4927 919 4996 etc.
953 4920 1286 4996 'A'Gregorii
1311 4920 1503 4996 mente
1534 4929 1590 4982 et
1619 4920 1786 4980 textu"
1810 4920 2042 4982 videtur
2070 4928 2233 4983 aber-

590 5009 717 5070 rare
759 4993 990 5070 .Billius,
1042 4993 1169 5067 qui'
1192 4995 1399 5070 locum
1432 4995 1588 5052 hunc
1629 4997 1737 5070 sic
1766 4998 2184 5070 interpretatur
2217 5015 2229 5054 :

589 5089 614 5115 ‹‹
652 5063 773 5120 Etsi
803 5065 973 5141 enim
997 5063 1084 5141 me
1115 5066 1296 5122 animi
1320 5068 1562 5141 affectus
1592 5084 1658 5123 eo
1690 5063 1968 5141 abripuit,
1992 5075 2059 5126 ut
2090 5070 2229 5126 illud

589 5144 864 5212 tanquam
893 5137 1202 5212 inimicum
1234 5143 1291 5212 et
1318 5137 1990 5212 infestumiaccusarem,
2027 5166 2048 5195 ι
2086 5150 2193 5199 etc.

656 5209 769 5284 (Q3)
793 5208 1028 5284 :Fd_'p63v.
1064 5211 1125 5266 In
1155 5209 1535 5284 quibusdam,
1565 5211 1632 5264 τὰ
1660 5213 1780 5284 τοῦ.

792 5280 863 5356 ’_H_
887 5276 1128 5356 ἕκαστον,
1160 5276 1256 5356 0r.
1288 5283 1351 5356 2,
1379 5276 1601 5356 Ηθείο,
1650 5281 1677 5350 ἢ
1711 5282 1941 5355 ἑκάστῳ.

653 5355 762 5421 {05)
793 5350 992 5422 Αὐτῆς.
1026 5354 1198 5422 Deest
1229 5354 1289 5408 in
1319 5350 1415 5409 Or.
1444 5350 1497 5410 2'.

585 5490 604 5506 ν
653 5425 762 5495 (66)
811 5421 886 5477 Εὖ
931 5420 1078 5496 ’ἡμῖν
1138 5420 1274 5499 ἔχει.
1335 5425 1600 5498 Plerique
1657 5426 1918 5491 codices,
1977 5427 2112 5496 ἡμῖν
2169 5422 2225 5478 εὖ

582 5513 717 5550 ε’]Ξῑ,

791 5565 923 5656 Ta’fx’
957 5563 1038 5622 ἂν.
1071 5567 1230 5656 Iret:
1247 5567 1450 5656 R‘egg.,
1483 5565 1623 5639 τάχα
1645 5563 1725 5622 ἄν.

648 5636 760 5707 ((38)
792 5633 1036 5707 ééaalgv.
1070 5636 1164 5690 ΟΡ.
1196 5639 1250 5707 2,
1285 5633 1483 5692 λῦςῖειε.

648 5701 760 5783 (69)
790 5703 904 5760 Οὐκ
953 5701 1193 5783 ἔχουσιν.
1234 5701 1372 5764 Ἠεεο
1414 5710 1629 5764 desunt
1661 5709 1717 5764 in
1754 5709 1932 5781 Regg.
1965 5709 2084 5779 bm,
2118 5710 2219 5782 ph,

2439 2655 2513 2710 6'.
2544 2659 2671 2716 Τοῖς
2705 2655 2798 2726 μὶν
2835 2650 3030 2717 ἄλλοις
3075 2654 3130 2709 ἓν
3177 2653 3340 2728 μόνον
3372 2655 3626 2730 ἐλεεινὸν,
3661 2655 3722 2712 τὸ
3751 2661 3854 2727 τῆς
3886 2660 4024 2715 ἀπο-

2371 2743 2486 2819 ρίας
2509 2762 2521 2774 ·
2555 2741 2586 2797 ὅ
2613 2742 2738 2818 τάχ’
2787 2743 2844 2797 ἃν
2888 2745 3000 2817 (67)
3043 2744 3078 2812 ἢ
3122 2739 3345 2819 χρόνος,
3389 2746 3424 2814 ἣ
3457 2745 3648 2812 πόνος,
3681 2748 3716 2815 ἢ
3749 2747 3932 2825 φίλος,
3981 2751 4020 2819 ἢ

2369 2833 2646 2909 συγγενής,
2690 2833 2724 2901 ἢ
2767 2836 2960 2907 καιροῦ
3014 2827 3291 2905 μεταϐολὴ
3342 2832 3558 2888 λύσαιεν
3796 2842 3920 2900 Τοῖς
3961 2836 4021 2892 δὲ

2365 2924 2525 2974 τοῦτο
2561 2922 2653 2994 μὲν
2688 2917 2905 2982 οὐδενὸς
2935 2921 3120 2992 ἦττον,
3155 2921 3200 2975 εἰ
3237 2922 3312 2994 μὴ
3347 2921 3436 2976 καὶ
3471 2921 3711 2995 μᾶλλον,
3761 2923 3874 2997 ὅσῳ
3920 2932 4020 2980 τοῦ

2366 3015 2548 3064 πονεῖν
2601 3009 2690 3063 καὶ
2745 3009 2965 3084 βοηθεῖν
3013 3011 3223 3072 ἑαυτοῖς
3273 3009 3372 3065 οὐκ
3418 3007 3634 3086 ἔχουσιν
3678 3015 3813 3086 (69),
3844 3015 3926 3076 εἷς
3953 3018 4022 3070 τὰ

2365 3097 2623 3174 ἀναγκαῖα
2683 3100 2815 3171 μετὰ
2861 3102 2966 3153 τῶν
3029 3103 3238 3173 σαρκῶν
3299 3099 3629 3177 ἀφῄρηνται,
3684 3104 3772 3156 καὶ
3818 3103 4022 3175 μείζων

2364 3185 2445 3240 ἀεὶ
2491 3194 2594 3257 τῆς
2643 3187 2909 3250 ασθενείας
2959 3187 3142 3250 αὐτοῖς
3195 3186 3407 3261 μᾶλλον
3453 3189 3480 3244 ὁ
3529 3185 3718 3268 φόϐος,
3919 3196 4021 3262 τῆς

2366 3274 2541 3351 ὑγείας
2571 3277 2680 3350 (70)
2729 3275 2885 3338 ἐλπίς
2912 3295 2924 3308 ⁸
2964 3275 3102 3332 ὥστε
3151 3278 3343 3351 μικρὸν
3384 3282 3512 3354 γοῦν
3557 3299 3616 3334 τε
3645 3281 3754 3352 (74)
3791 3281 4017 3356 βοηθεῖ-

2363 3365 2481 3418 σθαι
2510 3365 2655 3440 παρά
2698 3371 2798 3435 τῆς
2851 3363 3096 3438 ἐλπίδος,
3143 3368 3176 3435 ἣ
3229 3365 3393 3438 μόνον
3427 3369 3538 3442 (72)
3569 3374 3683 3430 τοῖς
3716 3369 4015 3445 ἀτυχοῦσιν

2363 3451 2474 3506 ἐστι
2521 3455 2633 3526 (73)
2681 3455 2989 3530 φάρμακον.
3045 3455 3185 3529 Πρὸς
3229 3451 3285 3509 δὲ
3330 3454 3399 3530 τῇ
3446 3456 3624 3529 πενίᾳ,
3666 3458 3754 3512 καὶ
3786 3461 3820 3528 ἡ
3853 3459 4016 3522 νόσος

2358 3543 2518 3596 κακὸν
2596 3539 2865 3619 δεύτερον,
2931 3543 3018 3598 καὶ
3093 3547 3270 3598 κακῶν
3321 3544 3383 3598 τὸ
3442 3546 3863 3620 ἀπευκτότατον,
3923 3548 4012 3603 καί

2360 3630 2679 3706 βαρύτατον,
2737 3632 2826 3686 καὶ
2880 3631 2956 3694 είς
3011 3632 3242 3709 κατάραν
3308 3638 3424 3696 τοῖς
3490 3633 3725 3697 πολλοῖς
3780 3657 4013 3714 προχει-

2358 3719 2598 3792 ρότατον.
2677 3721 2773 3775 Καὶ
2847 3720 3046 3796 τρίτον,
3116 3723 3178 3776 τὸ
3251 3723 3326 3795 μή
3399 3725 3513 3797 (74)
3568 3725 3860 3800 προσιτοὺς
3915 3727 4010 3781 αὖ·

2353 3807 2478 3871 τοὺς
2533 3811 2688 3881 εἶναι,
2739 3807 2882 3883 μηδὶ
2929 3809 3150 3873 θεατοὺς
3197 3816 3312 3873 τοῖς
3359 3809 3628 3881 πλείοσιν,
3675 3813 3822 3870 ἀλλὰ
3880 3837 4008 3893 (ρευ-

2353 3897 2536 3970 κτοὺς,
2567 3898 2656 3953 καὶ
2700 3897 3051 3975 βδελυκτοὺς,
3100 3899 3188 3955 καὶ
3238 3901 3352 3955 οἷον
3383 3900 3789 3976 ἀποτροπαίους
3815 3923 3827 3935 ·
3864 3905 3897 3959 ὅ
3923 3904 4013 3960 καὶ

2351 3994 2454 4057 τῆς
2485 3986 2646 4042 νόσου
2674 3989 2890 4051 τούτοῖς
2928 3988 3245 4066 βαρύτερον,
3276 3988 3400 4044 ὅταν
3432 3989 3721 4055 αἴσθωνται
3775 3990 3866 4048 διὰ
3913 4007 4011 4063 τήν

2354 4078 2634 4154 συμφορὰν
2683 4077 2772 4132 καὶ
2826 4083 3160 4150 μισοῦμενοι.
3219 4079 3368 4154 Ἐχὼ
3429 4079 3522 4153 μὶν
3577 4078 3703 4136 οὐδὲ
3749 4079 4009 4159 ἀδακρυτῖ

2353 4164 2500 4242 φέρω
2547 4166 2609 4220 τὸ
2656 4165 2864 4221 τούτων
2913 4166 3104 4239 πάθος,
3163 4165 3253 4221 καὶ
3301 4171 3370 4241 τῇ
3416 4170 3601 4242 μνήμῃ
3658 4171 4008 4246 συγχέομαισ

2351 4253 2615 4330 πάσχοιτε
2669 4257 2782 4329 (75)
2832 4253 2889 4310 δὲ
2939 4257 3029 4311 καὶ
3085 4255 3239 4329 ὑμεῖς
3269 4257 3482 4326 ταυτὸν,
3511 4255 3601 4312 ἵνα
3629 4264 3748 4320 τοῖς
3780 4257 4002 4337 δάκρυσι

2348 4343 2416 4397 τὰ
2458 4341 2662 4420 δάκρυα
2707 4343 2948 4422 φύγήτεο
3000 4343 3092 4400 καί
3137 4345 3411 4420 πάσχουσί
3456 4367 3537 4422 γε,
3577 4343 3680 4401 οἷδ’
3739 4347 3847 4418 ὅτι,
3898 4353 4001 4403 τῶν

2349 4432 2629 4507 παρόντων
2663 4431 2779 4488 ὅσοι
2811 4431 3164 4509 φιλόχριστοι
3191 4433 3282 4488 καὶ
3322 4433 3696 4512 φιλόπτωχοι,
3724 4439 3817 4491 καὶ
3847 4442 4000 4508 Θεοῦ,

2348 4521 2437 4576 καὶ
2458 4521 2604 4597 παρὰ
2630 4526 2764 4577 Θεοῦ
2793 4525 2907 4597 (76)
2935 4523 2998 4578 τὸ
3027 4522 3196 4578 ἐλεεῖν
3226 4522 3447 4598 ἔχοντες
3472 4542 3487 4555 ⁸
3521 4524 3792 4602 μάρτῦρες
3828 4524 3888 4582 δὲ
3914 4527 4000 4582 καὶ

2351 4610 2507 4684 ὑμεῖς
2541 4613 2651 4686 (77)
2679 4615 2775 4666 τοῦ
2804 4613 3023 4675 πάθους.

2345 4855 2596 4938 aliisque
2637 4855 2895 4938 melioris
2943 4857 3457 4938 notaa_codici_bus,
3509 4879 3627 4920 non
3675 4860 3870 4932 male;
3904 4863 3989 4920 his

2343 4929 2500 5001 enim
2532 4930 2790 5001 omissis,
2825 4929 3052 5001 planior
3092 4932 3157 4987 ﬁt
3186 4933 3387 4988 oratio.

2553 4997 2781 5077 Ὑγείας.
2815 4997 3016 5077 Plures
3047 5003 3245 5077 codd.,
3272 5001 3498 5077 ὑγιείας.

2413 5071 2525 5148 (ῃ)
2553 5071 2636 5148 Ῑι.
2668 5071 2840 5128 Deest
2872 5074 2930 5148 in
2966 5073 3108 5146 Reg.
3142 5071 3355 5148 a,_"bm',
3389 5076 3489 5148 ph.

2386 5143 2843 5268 ό(ζῗ)[”ἓᾶἳιὲρον.
2892 5145 3031 5218 Reg.
3054 5142 3137 5215 ὀ,
3191 5142 3226 5214 ἥ
3280 5142 3441 5219 μόνὴ.
3493 5147 3557 5203 In
3607 5147 3738 5204 Par.
3788 5149 3903 5217 ed.,
3951 5147 3982 5214 ἦ

2417 5233 2506 5267 νον
2541 5231 2716 5271 Imale
2732 5231 2760 5271 Ι.

2343 5215 2506 5287 μόνον
2540 5215 2760 5306 (male)
2955 5215 3003 5298 ,⁷
3179 5287 3193 5300 ι
3282 5215 3291 5219 ’
3408 5215 3414 5216 ⁷

2550 5285 2924 5378 ,ξςτιλρθξει
2951 5303 3025 5378 1n6
3044 5286 3313 5378 pluribus
3343 5289 3524 5362 Regg.
3557 5293 3614 5345 et
3643 5293 3739 5346 Or.
3769 5291 3826 5345 2.

2428 5359 2518 5429 74)
2549 5358 2660 5426 Μή.
2694 5357 2790 5413 Or.
2821 5361 2876 5424 2,
2913 5353 3075 5429 μηδέ.

2553 5429 2844 5518 ράρχριτε.
2879 5429 3017 5518 Reg.
3051 5431 3172 5517 bm:
3203 5433 3409 5518 Dion-tu
3443 5431 3841 5518 συτμπάσχοιτε.

2407 5498 2520 5582 (76)
2553 5498 2648 5553 Καὶ
2671 5498 2844 5582 ξβιοῦ,
2895 5498 2990 5582 καῖ
3030 5503 3176 5582 παρά
3205 5498 3405 5582 ,βεοέῦξ
3432 5526 3459 5553 ‹‹
3494 5498 3594 5559 Dei
3641 5498 3780 5577 ergo.
3810 5521 3890 5573 se,
3919 5507 3977 5557 et

2333 5567 2603 5648 Deierga
2633 5567 2856 5648 aliosip
2905 5573 3000 5648 _lta
3029 5573 3088 5630 in
3111 5567 3276 5648 notis
3301 5576 3552 5648 Sancyg.

2402 5641 2514 5718 (7})
2543 5647 2740 5715 Ὑμεῖς.
2775 5643 2870 5702 Sic
2905 5645 3043 5718 Reg.
3081 5647 3182 5718 ph,
3214 5647 3309 5702 0r.
3343 5648 3398 5714 2,
3430 5641 3540 5702 etc.
3583 5646 3734 5702 Male
3775 5648 3830 5703 in
3862 5647 3945 5702 ed.

2330 5711 2512 5786 ἡμεῖς.
