4244 6216
316 441 436 512 869

1239 447 1528 512 ORATIO
1571 451 1735 513 xw.
1772 483 1846 494 —
1883 451 1984 512 DE
2029 439 2459 514 PAUPERUM
2510 449 2807 513 amona.

3614 448 3734 515 870

317 581 559 654 perinde
589 581 964 652 afﬂictantur,
998 581 1337 652 quicunque
1367 582 1582 638 Christi
1610 600 1675 637 ac
1715 600 2038 655 pauperum
2073 590 2342 638 amantes
2381 591 2540 647 sunt,
2575 586 2814 655 Deique,
2853 588 2908 638 et
2940 601 2972 638 a
3001 588 3111 639 Deo
3143 579 3602 640 misericordiam
3629 584 3735 641 ha-

319 674 480 726 bent.
511 673 582 724 At
613 669 967 726 calamitatis
997 670 1176 725 etiam
1205 675 1382 726 testes
1415 687 1517 725 vos
1547 671 1660 742 ipsi
1691 673 1853 727 estis.

394 760 448 815 l'.
503 757 785 833 Ιίρόκειται
832 763 949 820 τοῖς
1003 758 1308 835 ὀφθαλμοῖς
1356 762 1517 831 ἡμῶν
1575 759 1748 833 θέαμα
1796 757 1964 815 δεινὸν

2157 762 2218 815 Χ.
2255 763 2608 832 Proponitur
2640 762 2808 816 nobis
2861 763 2932 816 ob
2991 762 3188 816 oculos
3249 778 3420 833 grave
3475 767 3531 817 et
3563 763 3734 819 misc-

321 847 409 902 καῖ
464 847 721 916 ἐλεεινὸν,
777 848 866 900 καὶ
914 853 1065 917 πᾶσι,
1122 846 1266 915 πλὴν
1313 853 1420 901 τῶν
1467 845 1688 902 εἰδότων
1732 850 1976 919 ἄπιστον,

323 938 597 1012 ἄνθρωποι
653 937 830 1008 νεκροὶ
872 937 961 989 καὶ
1015 941 1227 1006 ζῶντες,
1285 937 1796 1012 ἠκρωτηριασμένοι
1866 944 1980 997 τοῖς

323 1023 602 1086 πλείστοις
632 1029 730 1078 τοῦ
763 1026 1015 1097 σώματος
1050 1025 1230 1100 μέρεσι
1266 1028 1398 1098 (78),
1437 1028 1565 1098 μήθ’
1596 1030 1732 1098 (78')
1789 1025 1979 1087 οἳτινές

323 1135 455 1168 ποτε
483 1111 794 1186 ἦσαν,μηδε
833 1112 951 1166 ὅθεν
981 1111 1082 1166 εἰσὶ
1121 1118 1318 1188 μικροῦ
1340 1112 1976 1188 γινωσκόμενονμᾶλλον

325 1201 382 1258 δὲ
411 1208 520 1258 τῶν
551 1224 684 1258 ποτε
723 1202 1020 1277 ἀνθρώπων
1075 1199 1237 1265 ἄθλια
1279 1200 1505 1276 λείψανα
1532 1223 1543 1234 ·
1577 1202 1812 1279 πατέρας
1845 1205 1977 1276 (79),

322 1292 410 1348 κεῖ
493 1291 754 1368 μητέρας,
829 1289 920 1346 καί
995 1288 1284 1368 ἀδελφοὺς,
1354 1293 1443 1346 καὶ
1498 1292 1717 1364 τόπους,
1777 1293 1978 1346 έαυτῶν

323 1381 675 1457 γνωρίσματα
715 1379 983 1457 λέγοντες·
1033 1381 1171 1456 Ἐγὼ
1217 1384 1316 1435 τοῦ
1366 1378 1557 1451 δεῖνος,
1602 1381 1690 1435 καὶ
1736 1383 1770 1451 ἡ
1838 1379 1982 1435 δεῖνά

329 1492 422 1542 μοι
459 1472 665 1543 μήτηρ,
692 1470 780 1523 καὶ
805 1466 929 1524 τόδε
964 1489 1056 1540 μοι
1091 1464 1283 1541 ὄνομα,
1317 1469 1405 1522 καὶ
1436 1469 1498 1522 σύ
1534 1491 1624 1542 μοι
1657 1468 1816 1546 φίλος
1851 1469 1981 1523 ποτε

325 1560 415 1614 καὶ
459 1560 763 1634 γνώριμος.
816 1559 913 1612 Καὶ
964 1562 1126 1612 τοῦτο
1175 1557 1522 1635 πράττουσιν,
1576 1559 1760 1634 οὐγὰρ
1793 1558 1979 1634 ἔχουσι

329 1653 408 1721 τῷ
459 1648 678 1720 παλαιῷ
724 1654 1032 1724 χαρακτῆρι
1082 1647 1439 1721 γινώσκεσθαι
1506 1649 1638 1722 (80)·
1710 1647 1982 1723 ἄνθρωποι

329 1737 815 1815 περικεκομμένοι,
891 1737 981 1794 καὶ
1056 1738 1450 1814 περιῃρημένοι
1527 1739 1790 1814 χρήματα
1847 1740 1980 1811 (81),

339 1827 670 1904 συγγένειαν,
700 1827 916 1903 φίλους,
949 1827 1082 1882 αὐτὰ
1107 1827 1176 1882 τά
1204 1829 1430 1899 σώματα
1453 1849 1465 1862 ·
1500 1827 1796 1903 ἄνθρωποι,
1825 1827 1982 1900 μόνοι

323 1922 430 1973 τῶν
460 1916 673 1972 πάντων
720 1919 833 1990 (82)
887 1914 1165 1978 έλεοῦντές
1205 1936 1265 1971 τε
1297 1914 1545 1986 ἑαυτοὺς,
1577 1916 1669 1970 καὶ
1705 1921 1985 1989 μισοῦντες

331 2007 542 2080 ὁμοίως
566 2027 578 2038 ·
615 2006 714 2060 οὐκ
743 2003 959 2080 ἔχοντες
989 2005 1193 2080 πότερα
1228 2003 1439 2077 μᾶλλον
1491 2005 1802 2080 Θρηνήσωσι
1848 2007 1982 2078 (83),

2090 852 2340 905 randum
2378 851 2796 922 spectaculum,
2834 869 2935 906 nec
2968 852 3080 906 nisi
3113 853 3205 914 iis,
3241 853 3338 922 qui
3367 857 3735 919 norunt,cre-

2090 938 2562 1006 dibile,homines
2598 940 2811 994 mortui
2846 958 2908 992 in?
2943 939 3496 1010 viventes,plurimis
3527 957 3733 1012 corpo-

2091 1027 2169 1081 ris
2202 1028 2465 1098 partibus
2497 1027 2984 1097 mutilati,sicque
3008 1029 3216 1091 affecti,
3248 1036 3308 1084 ut
3341 1031 3587 1100 fere,nec
3613 1030 3736 1101 qui-

2090 1133 2225 1172 nam
2256 1116 2395 1171 olim
2434 1117 2671 1182 fuerint,
2705 1133 2810 1171 nec
2861 1118 3035 1185 unde,
3069 1124 3456 1188 agnoscatur;
3492 1119 3630 1188 imo,
3673 1125 3738 1175 ut

2091 1205 2305 1260 rectius
2335 1205 2792 1276 loquar,miserm
2826 1213 3082 1260 veterum
3111 1207 3418 1261 hominum
3453 1207 3732 1280 reliquias;

2090 1298 2304 1365 patres,
2336 1300 2393 1350 et
2450 1299 2689 1360 matres,
2730 1300 2786 1350 et
2845 1295 3073 1364 fratres,
3121 1311 3185 1349 ac
3243 1293 3370 1350 loca
3400 1311 3467 1350 ex
3521 1297 3735 1367 quibus

2090 1383 2328 1454 agnosci
2370 1388 2606 1454 queant,
2639 1384 3038 1455 proferantes:
3071 1400 3174 1455 ego
3223 1382 3323 1438 illo
3356 1389 3518 1456 patre
3565 1394 3738 1441 natus

2091 1488 2245 1539 sum,
2281 1471 2390 1527 hac
2422 1477 2606 1527 matre
2641 1477 3001 1543 procreatus,
3051 1473 3158 1527 hoc
3190 1472 3334 1526 mihi
3384 1489 3596 1528 nomen
3627 1481 3738 1544 est,

2092 1566 2150 1614 tu
2186 1559 2330 1615 mihi
2363 1562 2658 1632 quondam
2693 1561 2918 1616 amicus
2950 1566 3006 1617 et
3035 1561 3378 1617 familiaris:
3414 1562 3594 1634 idque
3645 1563 3740 1618 id-

2092 1649 2243 1705 circo
2277 1649 2515 1720 faciunt,
2549 1651 2702 1720 quad
2753 1666 2819 1705 ex
2871 1650 3166 1707 veteribus
3222 1651 3339 1707 oris
3368 1650 3740 1709 lineamentis

2085 1742 2210 1811 jam
2243 1742 2477 1811 agnosci
2505 1757 2825 1812 nequeant:
2860 1741 3127 1797 homines
3151 1742 3420 1812 accisi,ac
3450 1744 3736 1815 pecuniis,

2093 1844 2324 1900 genere,
2356 1829 2581 1899 amicis,
2615 1830 2875 1900 adeoque
2916 1829 3261 1901 corporibus
3291 1830 3436 1901 ipsis
3467 1831 3735 1902 spoliati;

2093 1918 2361 1974 homines
2391 1918 2500 1974 soli
2533 1935 2600 1974 ex
2631 1919 2908 1974 omnibus
2940 1919 3286 1974 mortalibus
3333 1937 3495 1990 aeque
3527 1937 3654 1977 sese
3685 1926 3742 1977 et

2094 2007 2494 2062 misericordia
2525 2013 2581 2063 et
2611 2008 2740 2063 odio
2775 2013 3192 2079 prosequentes
3222 2026 3234 2077 ;
3289 2026 3392 2063 nec
3425 2011 3564 2065 satis
3596 2027 3740 2067 con-

331 2095 397 2151 τὰ
447 2096 637 2169 μηκέτ’
695 2089 822 2149 ὄντα
879 2099 976 2148 τοῦ
1025 2095 1302 2166 σώματος,
1351 2094 1385 2162 ἢ
1435 2092 1500 2147 τὰ
1553 2095 1778 2164 μένοντα
1828 2096 1976 2166 (84)’

333 2184 358 2197 ιι
687 2183 725 2197 1‘
963 2185 975 2197 ο
1096 2181 1107 2197 1
1302 2183 1327 2197 01
1403 2176 1426 2197 ’9
1577 2185 1602 2194 υ
1709 2177 1721 2197 Ι
1864 2181 1882 2197 Ἴ
1935 2181 1946 2197 1

2095 2096 2366 2151 stitutum
2414 2097 2716 2161 habentes,
2750 2107 2914 2151 utras
2963 2099 3196 2152 tandem
3251 2098 3510 2169 corporis
3543 2104 3738 2171 partes

329 2184 430 2240 ὅσα
494 2183 878 2260 προανάλωσεν
952 2185 988 2252 ἡ
1053 2181 1231 2250 νόσος,
1399 2176 1498 2235 ὅσα
1537 2185 1606 2254 τῇ
1663 2177 1804 2253 νόσῳ
1864 2181 1975 2235 λεί-

325 2295 502 2330 πεται.
555 2274 628 2327 Τά
679 2273 775 2345 μὲν
815 2273 916 2348 γάρ
969 2271 1244 2341 ἀνήλωται
1297 2273 1408 2343 (85)
1464 2268 1766 2345 δυστυχῶς,
1815 2271 1881 2324 τὰ
1921 2269 1976 2324 δὲ

329 2363 556 2431 σώζεται
609 2359 1027 2435 δυσνυχέστερον
1055 2379 1067 2390 ·
1122 2360 1190 2414 τὰ
1241 2359 1335 2431 μὲν
1371 2356 1582 2432 ο’ίχεται
1612 2359 1718 2433 πρὸ
1754 2363 1861 2412 τῶν
1888 2359 1977 2412 τά.

329 2474 468 2530 φων,
515 2451 580 2506 τὰ
629 2447 686 2504 δὲ
737 2449 834 2504 οὐκ
876 2445 1016 2504 ἔστιν
1064 2450 1092 2504 ὁ
1145 2445 1480 2523 παραδώσων
1512 2450 1654 2524 ταφῇ
1688 2450 1822 2521 (86).
1878 2449 1974 2501 Καὶ

325 2541 427 2617 γὰρ
475 2541 503 2594 ὁ
557 2538 677 2595 λίαν
728 2539 967 2614 χρηστὸς
1012 2537 1100 2593 καὶ
1146 2535 1551 2615 φιλάνθρωπος,
1593 2535 1808 2598 τούτοις
1837 2535 1975 2590 ἔστὶν

327 2628 789 2704 ἀναλγητότατος’
855 2627 1122 2682 κάνταῦθα
1171 2626 1333 2698 μόνον
1403 2623 1779 2698 ἐπελαϐόμεθα
1843 2626 1975 2700 σάρ-

327 2739 415 2780 κες
445 2713 612 2786 ὄντες,
671 2717 760 2771 καὶ
806 2717 868 2770 τὸ
917 2720 1078 2788 σῶμα
1123 2722 1224 2785 τῆς
1263 2715 1637 2776 ταπεινώσεως
1668 2714 1974 2790 περικείμε-

327 2828 408 2863 νοι
437 2827 448 2840 ·
480 2808 570 2861 καὶ
618 2804 880 2860 τοσούτου
930 2801 1122 2877 δέομεν
1175 2807 1284 2878 (87)
1328 2803 1635 2877 θεραπεύειν
1680 2805 1743 2857 τὸ
1791 2824 1978 2879 συγγε-

324 2897 436 2966 νὲς,
495 2895 634 2950 ὥστε
687 2894 776 2949 καὶ
834 2898 943 2948 τῶν
998 2894 1280 2966 ἡμετέρων
1336 2893 1603 2963 σωμάτων
1683 2891 1973 2971 ἀσφάλειαν

324 2987 426 3054 τήν
478 2984 683 3039 τούτων
723 2984 898 3060 φυγὴν
959 2981 1284 3055 νομίζομεν.
1346 2982 1451 3037 Καὶ
1499 2986 1669 3057 νεκρῷ
1723 2982 1815 3053 μὲν
1865 2980 1972 3053 ἤδη

324 3072 603 3149 προσ-ἦλθέ
646 3094 728 3134 τις
780 3072 1024 3144 παλαιῷ,
1055 3071 1144 3126 καὶ
1175 3070 1352 3142 τούτῳ
1397 3068 1565 3145 τυχὸν
1603 3068 1855 3138 ὀδωδότι,
1888 3071 1977 3125 καὶ

329 3165 485 3232 ζώων
517 3159 729 3238 ἀλόγων
764 3160 986 3230 ἤνεγκεν
1033 3157 1278 3214 ὀδωδότα
1306 3160 1553 3232 σώματα,
1584 3160 1672 3213 καὶ
1708 3155 1977 3235 βορϐόρου

324 3251 591 3321 πλησθεὶς
639 3250 940 3326 ἠνέσχετοο
992 3247 1217 3311 τούτους
1269 3245 1326 3303 δὲ
1374 3248 1508 3302 κατά
1553 3249 1749 3322 κράτος
1781 3250 1979 3325 φεύγο-

329 3361 425 3414 μεν
454 3340 523 3414 (ὥ
558 3347 656 3409 τῆς
707 3337 1090 3414 ἀπανθρωπίας
1117 3339 1176 3409 l),
1224 3338 1307 3392 ὃτι
1359 3338 1448 3391 καί
1477 3337 1569 3392 τὸν
1602 3337 1761 3391 αὐτὸν
1791 3337 1976 3400 αὐτοῖς

325 3434 548 3501 σπῶμεν
578 3428 728 3502 ἀέρα,
758 3431 954 3502 μικροῦ
986 3424 1454 3502 δυσχεραίνοντες.

2089 2184 2275 2256 magis
2323 2184 2645 2256 deplorant,
2681 2186 3032 2255 prrecisasne
3089 2191 3145 2240 et
3193 2187 3530 2257 exstinctae,
3565 2205 3638 2242 an
3678 2189 3739 2243 in

2086 2289 2322 2344 corpore
2353 2273 2545 2328 adhuc
2590 2278 2996 2339 remanentes;
3058 2291 3253 2338 easne,
3287 2291 3435 2345 quas
3485 2277 3730 2333 morbus

2085 2361 2439 2432 absumpsit,
2471 2379 2544 2417 an
2575 2379 2692 2430 eas,
2726 2379 2852 2431 quis
2887 2363 3090 2418 morbo
3126 2363 3361 2435 reliquas
3409 2369 3574 2422 sunt.
3617 2365 3732 2421 Illae

2085 2450 2300 2521 quippe
2332 2450 2542 2506 misere
2575 2452 2901 2522 absumptas
2931 2456 3108 2522 atque
3130 2452 3404 2508 confectae
3436 2457 3612 2522 sunt;
3648 2455 3732 2509 ha:

2083 2555 2216 2595 vero
2251 2541 2522 2596 miserius
2553 2547 3009 2596 conservantur:
3063 2541 3173 2596 illa:
3206 2547 3340 2597 ante
3398 2544 3736 2614 sepulcrum

2084 2620 2452 2685 interierunt:
2478 2629 2584 2685 has
2613 2646 2784 2686 nemo
2814 2633 2904 2685 est
2935 2629 3034 2701 qui
3065 2629 3332 2702 sepulcro
3355 2633 3739 2688 condat.Nan1

2086 2717 2346 2788 optimus
2368 2724 2426 2774 et
2446 2718 2918 2775 humanissimus
2941 2720 3315 2791 quisque,his
3347 2720 3736 2776 durissimum

2085 2811 2258 2877 atque
2282 2807 2846 2864 inhumanissimum
2873 2825 2934 2864 se
2958 2809 3192 2881 praebet;
3214 2813 3388 2880 atque
3418 2809 3511 2865 hic
3535 2809 3730 2866 solum

2089 2912 2194 2950 nos
2225 2912 2458 2952 carnem
2499 2913 2627 2952 esse
2657 2899 2724 2964 η,
2758 2903 2814 2952 et
2870 2897 3221 2954 humilitatis
3269 2913 3479 2969 corpus
3533 2914 3734 2970 gerere

2087 2984 2524 3042 obliviscimur:
2572 2991 2920 3059 tantumque
2949 2989 3021 3042 ab
3062 3005 3128 3042 eo
3177 2988 3482 3055 absumus,
3521 2992 3584 3044 ut
3615 3005 3739 3055 eos,

2087 3074 2184 3144 qui
2218 3076 2581 3146 cognationis
2610 3077 2842 3132 vinculo
2903 3077 3208 3132 nobiscum
3243 3077 3551 3148 conjuncti
3584 3083 3748 3146 sunt,

2088 3179 2382 3230 curemus,
2416 3168 2479 3218 ut
2507 3181 2820 3236 corporum
2853 3182 3088 3236 quoque
3122 3171 3452 3222 nostrorum
3487 3167 3739 3223 salutem

2087 3250 2147 3306 in
2179 3267 2376 3307 eorum
2405 3253 2540 3324 fuga
2572 3261 2747 3325 atque
2778 3255 3081 3310 aversione
3104 3254 3354 3325 positam
3393 3271 3520 3310 esse
3551 3256 3745 3311 existi—

2090 3356 2340 3395 memus.
2377 3341 2639 3412 Cumque
2691 3359 2805 3396 non
2853 3342 3068 3411 desint,
3102 3341 3200 3412 qui
3253 3341 3326 3397 ad
3373 3346 3539 3397 vetus
3571 3347 3745 3413 atque

2090 3430 2269 3484 etiam
2304 3431 2551 3485 fortasse
2583 3429 2848 3485 foetidum
2893 3431 3139 3486 cadaver
3185 3432 3458 3486 accedere
3490 3448 3606 3486 non
3645 3447 3745 3486 ve-

325 3525 588 3582 reantur,
623 3521 1047 3588 brutorumque
1077 3516 1473 3572 animantium
1505 3532 1749 3588 corpora
1779 3519 1926 3571 tetro
1958 3516 2132 3572 odore
2164 3518 2336 3588 plena
2365 3520 2681 3590 perferant,
2714 3535 2780 3574 ac
2823 3535 2985 3575 emno
3017 3519 3238 3591 perfusi
3269 3536 3434 3591 aequo
3461 3520 3657 3576 animo
3689 3519 3746 3574 id

326 3609 560 3665 ferant:
593 3622 700 3662 nos
731 3611 931 3662 contra
956 3605 1064 3661 hos
1097 3606 1354 3660 maxima
1381 3602 1676 3660 celeritate
1704 3604 1964 3676 fugimus
1991 3606 2146 3661 264
2176 3607 2231 3676 (o
2263 3606 2557 3678 ingentem
2588 3606 3079 3663 inhumanitatem
3108 3606 3166 3678 !),
3200 3624 3346 3678 pene
3374 3607 3548 3663 etiam
3591 3608 3745 3678 quod

329 3695 608 3751 eumdem
642 3712 774 3750 cum
808 3693 952 3766 ipsis
984 3709 1176 3749 aerem
1209 3694 1536 3759 trahamus,
1571 3693 1809 3763 indigne
1840 3694 2108 3750 ferentes.

401 3785 503 3839 IA'.
533 3781 594 3836 Τί
624 3782 827 3857 πατρὸς
870 3783 1270 3857 γνησιώτερον;
1327 3779 1417 3834 καὶ
1470 3779 1522 3835 τί
1586 3782 1794 3855 μητρὸς
1840 3801 1976 3852 συμ-
2009 3789 2053 3852 C

321 3871 688 3947 παθέστερον;
742 3869 900 3926 Ἀλλ’
949 3869 1276 3939 ἀπεκλείσθη
1324 3891 1387 3944 γε
1435 3868 1650 3930 τούτοις
1700 3868 1789 3922 καὶ
1821 3871 1855 3938 ἡ
1885 3867 1986 3946 φύ-

333 3981 455 4024 σις·
489 3962 577 4018 καὶ
635 3962 814 4037 πατὴρ
863 3958 1029 4015 παῖδα
1073 3959 1164 4014 τὸν
1216 3961 1429 4028 ἑαυτοῦ,
1479 3959 1536 4013 ὅν
1587 3958 1882 4034 ἐγέννησεν,
1928 3958 1985 4012 ὅν

333 4051 641 4127 ἀνέθρεψεν,
701 4051 758 4105 ’ὸν
819 4049 1100 4128 ὀφθαλμὸν
1156 4049 1277 4125 βίου
1330 4049 1494 4122 μόνον
1539 4047 1685 4122 ἔχειν
1719 4046 1988 4120 ἐνόμισεν,

334 4141 471 4214 ὑπὲρ
503 4138 564 4194 οὗ
612 4138 796 4194 πολλά
846 4144 960 4212 Θεῷ
1004 4139 1092 4193 καὶ
1140 4137 1410 4200 πολλάκις
1460 4137 1825 4214 προσηύξατο,
1865 4141 1988 4191 τοῦ·

330 4250 426 4284 τον
460 4226 706 4305 ὀδύρεται
761 4229 874 4302 μὲν,
926 4227 1212 4282 ἀπελαύνει
1268 4223 1344 4297 δὲ,
1396 4229 1456 4281 τὸ
1509 4228 1603 4300 μὶν
1647 4227 1804 4293 ἑκὼν,
1838 4227 1900 4280 τὸ
1933 4223 1990 4280 δὲ

329 4318 780 4393 τυραννούμενος.
815 4318 916 4374 Καὶ
951 4319 1135 4392 μήτηρ
1172 4316 1440 4390 μέμνηται
1476 4317 1569 4389 μὲν
1601 4321 1708 4370 τῶν
1753 4313 1986 4389 ὠδίνων,

331 4409 426 4465 καὶ
496 4409 561 4461 τὰ
647 4405 934 4482 σπλάγχνα
1017 4405 1397 4481 σπαράσσεται,
1476 4405 1563 4460 καὶ
1642 4403 1986 4460 ἀνακαλεῖται

334 4496 458 4553 λίαν
487 4493 758 4565 ἐλεεινῶς,
807 4495 896 4549 καὶ
942 4499 1205 4570 προθεῖσα
1260 4496 1465 4570 Θρηνεῖ,
1519 4495 1755 4567 καθάπερ
1805 4495 1988 4563 τεθνη-

328 4585 468 4640 κότα
514 4585 604 4639 τὸν
655 4589 826 4653 ζῶντα
873 4585 987 4657 (88)
1016 4603 1028 4616 ’
1069 4583 1283 4650 Τέκνον,
1318 4582 1570 4658 λέγουσα,
1605 4579 1866 4657 δυστυχὲς
1897 4581 1986 4636 καὶ

332 4673 528 4736 ἀθλίας
581 4674 810 4750 μητρὸς,
863 4671 892 4728 ὅ
949 4693 1040 4746 μοι
1075 4672 1455 4749 συνεμερίσατο
1485 4677 1693 4748 πικρῶς
1721 4675 1756 4742 ἡ
1787 4671 1944 4734 νόσος
1970 4690 1982 4704 ⁶

330 4765 520 4820 τέκνον
568 4762 821 4834 ἐλεεινὸν,
880 4763 1063 4818 τέκνον
1117 4761 1178 4818 οὐ
1236 4761 1654 4838 γνωριζόμενον,
1703 4762 1909 4832 τέκνον,
1957 4759 1987 4816 ὅ

331 4858 605 4930 κρημνοῖς
637 4851 727 4907 καὶ
767 4847 916 4928 ὄρεσι
963 4852 1053 4907 καὶ
1102 4850 1358 4926 ἰρημίαις
1411 4850 1784 4927 ἀνεθρεψάμην
1831 4852 1982 4922 (89)·

409 5027 453 5063 ⁷¹
486 5026 628 5083 Gen.
660 5041 737 5096 vr,
770 5025 824 5083 3.

408 5177 520 5248 (78)
551 5177 781 5250 Μέρεσι,
804 5177 972 5234 Forte
1008 5174 1215 5241 μέλεσι.
1259 5177 1413 5233 Edit.

407 5245 548 5320 (78")
573 5245 722 5322 Μῆιγ
755 5248 898 5322 Reg.
931 5250 1062 5322 bin,
1087 5250 1188 5322 ph.
1213 5250 1319 5322 ,Or.
1352 5253 1413 5322 2,
1446 5245 1575 5322 μηδ’
1608 5247 1897 5318 [rectius].

429 5318 813 5411 ΖΞ)Π“ατέρας.
843 5318 1018 5411 ςοίει.
1057 5318 1300 5411 ξιιᾶάἰι,
1332 5318 1725 5411 καὶέπάτιπους.

426 5387 520 5463 80)
577 5387 935 5445 Γινώσκεσθαι
972 5434 984 5447 .
1072 5393 1192 5465 Reg
1226 5435 1238 5447 .
1288 5387 1374 5462 Vc,
1436 5393 1663 5459 M0nt.,
1726 5387 1991 5462 γνωρίζε-

333 5464 521 5630 σθέἐ)
552 5534 1013 5630 ᾗρήματαῇἶοξ.
1133 5535 1408 5622 κτήματα,
1441 5556 1467 5582 ‹‹
1505 5531 1760 5605 prasdiis.
1798 5553 1826 5580 »

425 5605 522 5677 82)
558 5605 798 5659 Πάντων.
833 5607 928 5661 ΟΡ.
963 5605 1018 5676 2,
1059 5605 1326 5660 ἀπάντων.

399 5679 518 5751 (83)
576 5679 918 5750 Θρηνήσωσι.
999 5679 1138 5751 Reg.
1202 5695 1256 5746 a,
1310 5678 1405 5732 Or.
1486 5679 1541 5744 2,

328 5749 535 5818 [male.

402 5820 518 5896 (84)
548 5819 810 5876 Μένοντα.
845 5820 940 5877 0r.
972 5821 1028 5890 2,
1064 5817 1338 5893 μείναντα.

1628 5672 1984 5748 θρηνήσουσι,

2016 5159 2064 5227 D

2165 3787 2252 3839 ΧΙ.
2279 3787 2424 3851 Quid
2447 3792 2607 3857 patre
2640 3787 2956 3841 sincerius?
2987 3787 3132 3850 Quid
3169 3790 3354 3839 matre
3387 3785 3454 3840 ad
3493 3785 3735 3838 misera-

2100 3873 2314 3929 tionem
2341 3875 2688 3945 propensius
2704 3875 2731 3929 ?
2751 3877 2822 3929 At
2847 3875 2937 3928 his
2959 3874 3089 3945 ipsa
3112 3889 3342 3945 quoque
3367 3876 3578 3927 natura
3599 3884 3744 3942 prm-

2100 3960 2258 4017 cluss
2295 3969 2420 4020 est:
2471 3980 2536 4018 ac
2571 3968 2733 4035 pater
2790 3963 2972 4018 lilium
3031 3979 3230 4024 suum.
3287 3977 3461 4032 quem
3519 3957 3745 4031 genuit,

2100 4066 2274 4121 quem
2305 4052 2593 4121 educavit,
2625 4069 2800 4123 quem
2832 4068 2893 4108 se
2953 4051 3194 4108 unicum
3225 4049 3352 4104 vitae
3383 4047 3619 4104 oculum
3652 4046 3750 4101 ha-

2099 4139 2234 4194 bere
2259 4139 2632 4204 existimavit,
2661 4158 2760 4211 pro
2786 4157 2900 4210 quo
2927 4141 3142 4195 multas
3165 4139 3234 4194 ad
3267 4138 3451 4194 Deum
3481 4153 3747 4208 saepenu-

2100 4245 2259 4283 mero
2293 4246 2492 4300 preces
2515 4228 2684 4297 fudit;
2722 4227 3336 4300 hunc,inquam,luget
3363 4227 3600 4298 quidem
3623 4224 3744 4292 ille,

2099 4325 2372 4372 caeterum
2405 4318 2606 4389 abigit,
2640 4319 2851 4389 partim
2882 4317 3091 4386 libens,
3127 4316 3340 4389 partim
3394 4315 3632 4370 invitus.
3667 4320 3748 4369 Ae

2099 4424 2333 4462 rursum
2360 4412 2544 4462 mater
2574 4423 2713 4462 suos
2735 4407 2970 4477 quidem
2993 4407 3052 4461 in
3085 4405 3362 4478 pariendo
3392 4403 3622 4460 dolores
3654 4421 3748 4459 re-

2098 4499 2390 4562 cordatur,
2441 4512 2507 4550 ac
2557 4496 2882 4551 visceribus
2932 4495 3270 4564 dilaniatur,
3304 4498 3361 4550 et
3412 4493 3750 4549 miseranda

2097 4585 2415 4640 admodum
2466 4601 2600 4640 voce
2649 4589 2853 4640 natum
2897 4584 3169 4657 appellat,
3220 4589 3395 4655 atque
3441 4583 3513 4638 ob
3545 4581 3747 4638 oculos

2095 4672 2378 4746 positum,
2409 4673 2604 4729 vivum
2635 4677 2918 4746 tanquam
2949 4677 3245 4729 mortuum
3275 4671 3470 4746 luget:
3505 4671 3611 4728 Fili
3640 4671 3747 4726 mi-

2097 4779 2210 4831 ser,
2242 4762 2535 4835 inquiens,
2556 4766 2612 4819 et
2644 4762 2870 4819 misera:
2895 4761 3123 4829 matris,
3156 4777 3328 4834 quem
3361 4760 3599 4816 morbus
3622 4777 3744 4816 me-

2096 4865 2229 4905 cum
2254 4850 2456 4906 acerbe
2485 4849 2737 4920 partitus
2763 4854 2851 4906 est
2874 4867 2887 4906 :
2914 4849 2997 4904 ﬁli
3056 4851 3254 4916 miser,
3278 4847 3504 4919 ﬁlijam
3525 4847 3745 4921 ignota,

2168 5170 2280 5244 (85)
2314 5165 2626 5238 Ανήλωται.
2680 5167 2819 5240 Reg.
2878 5185 2931 5238 a,
2965 5184 3014 5222 ο.
3048 5166 3105 5236 d,
3139 5167 3234 5223 Or.
3268 5167 3324 5236 2,
3357 5169 3494 5230 etc.,
3529 5157 3747 5217 ἀνάλω-

2095 5263 2484 5397 τῗὶέβ),Ταφῇο
2545 5311 2640 5367 ΟΡ·
2671 5313 2731 5380 2,
2759 5331 2826 5383 τῃ
2878 5311 3043 5386 ταφῇ.
3078 5310 3322 5366 Billius:
3383 5332 3410 5359 «
3443 5306 3746 5380 sepultura

2099 5387 2593 5529 Μῗξῖξῗητέσούτου
2615 5450 2861 5529 Δδέομεν.
2911 5457 2995 5529 Ita
3051 5457 3188 5524 Reg.
3240 5469 3288 5509 0.
3323 5450 3454 5529 ᾼΙὶἰ,
3497 5445 3742 5529 τοσοῦ.τῷ

2097 5515 2317 5600 [minus
2348 5527 2542 5596 recte].
2606 5525 2701 5581 Or.
2746 5515 2794 5579 ’2
2822 5529 2878 5580 et
2936 5515 3166 5591 Monk,"
3194 5515 3450 5577 τοσοῦτον
3509 5515 3738 5573 ἀποδέο-

2101 5619 2280 5740 με(88)
2301 5668 2399 5720 Τὸν
2433 5669 2625 5734 ζῶντα.
2662 5668 2747 5722 Ita
2779 5666 3040 5738 plerique
3074 5668 3210 5738 Reg.
3237 5671 3294 5720 et
3325 5663 3497 5718 Coisl.
3533 5662 3582 5716 Ι.
3606 5659 3705 5714 Edi
3729 5690 3743 5697 ε

2094 5744 2162 5808 ti,
2192 5741 2258 5794 τὰ
2290 5743 2482 5807 ζῶντα.

2166 5813 2275 5886 (89)
2303 5804 2734 5885 V'AVCOPSG'LPFQV.
2769 5810 2910 5880 Reg.
2936 5825 2988 5863 8.
3019 5823 3071 5862 c.
3103 5808 3161 5873 d,
3192 5804 3541 5882 ὶφρεψάμην.

3849 5685 3891 5719 ut"
