4244 6216
438 353 556 414 877

1363 352 1650 417 ORATIO
1698 354 1955 417 XlV.-—-
2000 358 2099 418 DE
2144 358 2570 423 PAUPERUM
2627 360 2925 422 AMORIS.

3728 363 3848 422 878

436 488 602 560 ἡμεῖς
681 486 739 541 δὶ
811 487 1107 560 οἰκήσομεν
1168 487 1343 549 οἷνίας
1403 487 1851 563 ὐπερλάμπρους,
1906 489 2084 554 λίθοις

2203 495 2367 549 nobis
2391 511 2523 550 vero
2547 500 2720 550 erunt
2747 496 3237 567 splendidissimis
3261 496 3495 565 domus,
3518 495 3847 566 omnigenis

437 575 721 637 παντοίοις
770 572 1167 648 διηνθισμένας,
1199 576 1289 630 καὶ
1337 582 1526 652 χρυσῷ
1548 578 1637 631 καὶ
1683 578 1905 654 ἀργύρῳ
1954 600 2081 634 κατ-

434 663 860 740 αστραπτούσας,
938 665 1028 719 καὶ
1103 663 1344 742 ψηφῖδος
1427 664 1631 735 λεπτῆς
1682 664 1937 740 διαθέσει,
1994 667 2083 723 καί

431 754 683 826 ποικιλίᾳ
712 761 949 831 γραφῆς,
1000 753 1299 831 ὀφθαλμῶν
1352 756 1660 827 ἀπατηλοῖς
1713 755 2080 831 δελεάσμασι;

436 844 535 901 Καὶ
564 846 658 906 τάς
716 845 811 916 μὲν
864 844 1182 916 οἰκήσομεν,
1231 845 1328 907 τὰς
1380 842 1436 899 δὲ
1486 843 1951 917 οἰκοδομήσομεν,
1999 846 2084 901 τί·

435 953 518 986 σιν
549 952 563 1001 ;
598 929 731 987 Οὐδὲ
783 931 1158 1009 κληρονόμοις
1200 930 1336 995 τίσως
1387 935 1570 1006 ἡμῶν,
1622 932 1769 989 ἀλλά
1798 935 1966 1006 ξένοις
1995 936 2086 992 καὶ

439 1020 779 1097 ἀλλοτρίοις,
838 1021 926 1076 καὶ
978 1022 1184 1077 τούτων
1235 1020 1373 1084 ’ίσως
1431 1021 1555 1077 οὐδε
1626 1028 1745 1086 τοῖς
1803 1024 2083 1099 ἀγαπῶσιν

438 1111 605 1182 ἡμᾶς,
653 1106 799 1163 ἀλλά
852 1114 971 1171 τοῖς
1026 1110 1448 1185 ἀπεχθεσ-τάτοις
1496 1111 1585 1166 καὶ
1634 1113 2085 1190 φθονερωτάτοις,

436 1200 467 1254 ’ὁ
518 1202 698 1253 κακῶν
748 1197 1000 1274 ἔσχατον,
1053 1200 1151 1253 Καὶ
1199 1200 1251 1254 οἱ
1304 1206 1397 1273 μὲν
1448 1200 1774 1275 ῥιγώσουσιν
1808 1201 1860 1256 ἐν
1891 1200 2084 1277 τρυχί-

434 1308 552 1350 νοις
607 1287 696 1342 καὶ
742 1285 1152 1361 διεσπασμένοις
1363 1288 1569 1365 ῥάκεσι,
1628 1288 1933 1362 μᾶλλονδὲ
1964 1289 2088 1345 οὐδὲ

433 1378 640 1431 τούτων
680 1380 847 1453 τυχὸν
881 1375 1271 1451 εὐπορήσουσιν
1299 1397 1311 1409 ·
1346 1378 1510 1451 ἡμεῖς
1546 1375 1603 1433 δὲ
1634 1379 1909 1454 θρύψομεν
1939 1382 2087 1453 ἡμᾶς

434 1465 629 1527 αὐτοὺς
708 1468 888 1534 εσθῆτι
948 1467 1060 1539 (29)
1132 1465 1352 1540 μαλακῇ
1414 1465 1506 1521 καί
1560 1467 1937 1543 περιῤῥεούσῃ,
1995 1469 2086 1523 καὶ

432 1561 550 1616 τοῖς
609 1554 667 1609 ὲκ
716 1554 870 1610 λίνου
926 1556 1017 1609 καὶ
1076 1558 1257 1627 σηρῶν
1333 1554 1536 1630 ἀερίοις
1607 1558 1716 1629 (30)
1787 1557 2083 1634 ὑφάσμασι,

436 1644 528 1699 καὶ
630 1649 747 1705 τοῖς
858 1643 953 1717 μὶν
1029 1643 1549 1719 ἐνασχημονήσομεν
1630 1638 1901 1717 μᾶλλον,“
1946 1644 2088 1723 ἤπερ

437 1732 788 1808 ἐμπρὲψομεν
864 1730 1031 1804 (οὕτω
1105 1731 1205 1807 γὰρ
1265 1730 1370 1807 ἐγὼ
1421 1735 1574 1786 καλὼ
1632 1738 1735 1788 πᾶν
1788 1734 1851 1788 τὸ
1898 1755 2085 1810 περιτ-

433 1821 524 1874 τὸν
598 1819 688 1874 καὶ
760 1818 1091 1895 περίεργον),
1164 1820 1232 1874 τὸ.
1306 1817 1364 1875 δὲ
1426 1818 1576 1875 ἔνδον
1648 1824 1783 1895 ἡμῖν
1860 1822 2085 1878 ἀποκεί-

436 1929 584 1962 σεται
662 1907 882 1985 φροντὶς
959 1907 1239 1984 ἄχρηστος
1311 1909 1401 1962 καὶ
1470 1904 1734 1979 ἀνόνητος
1794 1913 1927 1985 (31),
1985 1933 2085 1982 ση-

434 2002 543 2051 τῶν
607 1997 718 2069 (32)
764 1993 971 2059 δαπάνη
1024 1996 1113 2050 καὶ
1161 1996 1365 2071 χρόνου
1422 2002 1520 2052 τοῦ
1565 1998 1631 2053 τά
1679 2001 1852 2054 πάντα
1893 2021 2087 2055 καταν-

436 2084 760 2146 αλίσκοντος
788 2104 802 2117 θ
852 2085 941 2139 καὶ
988 2086 1040 2138 οἱ
1097 2086 1214 2159 μὲν,
1266 2083 1395 2140 οὐδὲ
1434 2093 1534 2156 τῆς
1562 2087 1850 2163 ἀναγκαίας
1878 2096 2088 2167 τροφῆς

439 2174 854 2249 εὐπορήσουσιν,
906 2169 971 2248 (ὤ
1013 2181 1113 2243 τῆς
1168 2174 1305 2247 ἐμῆς
1349 2183 1576 2253 τρυφῆς,
1607 2178 1697 2231 καὶ
1734 2185 1835 2247 τῆς
1869 2178 2085 2234 ἐκείνων

434 2261 813 2337 ταλαιπωρίας
845 2263 882 2333 l)
945 2261 1092 2317 ἀλλά
1155 2263 1420 2318 κείσονται
1474 2265 1581 2341 πρὸ
1638 2270 1746 2320 τῶν
1807 2269 2089 2343 ἡμετάρων

436 2357 636 2427 θυρῶν,
690 2350 1009 2424 ἐκλυόμενοι
1061 2351 1149 2406 καὶ
1200 2350 1586 2425 λιμώττοντες,
1638 2353 1767 2409 οὐδὲ
1812 2358 1907 2419 τὰς
1953 2358 2089 2433 πρὸς

433 2442 534 2508 τὴν
568 2440 777 2510 αἴτησιν
811 2440 1063 2517 ἀφορμὰς
1091 2442 1234 2515 παρά
1262 2445 1359 2495 τοῦ
1387 2442 1641 2515 σώματος
1673 2441 1913 2520 ἔχοντες,
1945 2445 2088 2502 ἐστε-

439 2528 670 2606 ρημένοι
702 2533 894 2606 φωνῶν
931 2529 1050 2602 μὲν,
1084 2530 1159 2591 εἷς
1190 2530 1252 2584 τὸ
1275 2528 1580 2606 ὀδύρεσθαι,
1632 2539 1836 2607 γειρῶν
1883 2533 1960 2606 δε,
2015 2536 2090 2598 εἷς

438 2620 501 2673 τὸ
532 2618 832 2691 προτείνειν
891 2617 971 2695 ἐφ’
1018 2618 1209 2690 ἱκεσίᾳ,
1260 2616 1442 2674 ποδῶν
1492 2618 1569 2689 δὲ,
1614 2621 1690 2684 εἷς
1718 2624 1781 2676 τὸ
1810 2626 2088 2699 προσιέναι

437 2711 556 2767 τοῖς
608 2702 855 2780 ἔχουσιν,
899 2705 1176 2760 ἀναπνοῶν
1227 2703 1303 2779 δὲ,
1356 2708 1432 2769 εἷς
1474 2707 1711 2764 εὐτονίαν
1743 2717 1843 2780 τῆς
1877 2723 2089 2787 θρηνῳ-

440 2791 579 2862 δίας,
613 2794 673 2848 τὸ
709 2792 1005 2868 βαρύτατον
1033 2795 1145 2867 (33)
1175 2799 1283 2849 τῶν
1316 2801 1492 2851 κακῶν
1525 2797 1854 2876 κουφότατον
1882 2800 2093 2875 κρίνον-

436 2903 546 2950 τες,
577 2888 693 2944 τοῖς
728 2880 1040 2959 ὀφθαλμοῖς
1075 2883 1235 2956 μόνον
1271 2884 1736 2961 εὐχαριστοῦντες,
1772 2886 1854 2942 ὅτι
1890 2890 1964 2961 μή
1989 2891 2087 2958 τήν

441 2972 645 3026 ἑαυτῶν
678 2966 869 3041 λώϐην
901 2972 1191 3045 βλέπουσιν
1213 2991 1228 3043 ;

513 3239 607 3292 ΙΖ’.
643 3236 746 3293 Καὶ
778 3237 830 3290 οἱ
865 3237 958 3309 μὲν
993 3232 1167 3298 οὕτως
1192 3254 1204 3266 '
1255 3239 1420 3309 ἡμεῖς
1467 3236 1525 3293 δὲ
1555 3239 1945 3313 ἀνακεισόμεθα
1976 3243 2088 3316 (34)

2275 3244 2470 3299 XVIII.
2503 3248 2694 3315 Atque
2726 3242 2785 3296 hi
2818 3241 3057 3314 quidem
3094 3242 3163 3295 ad
3198 3240 3355 3295 hunc
3406 3239 3645 3293 modum
3685 3255 3697 3291 :

442 3325 693 3401 λαμπροί
726 3323 996 3398 λαμπρῶς
1028 3324 1114 3379 ἐπὶ
1147 3319 1401 3387 στιϐάδος
1435 3325 1655 3400 ὑψηλῆς
1683 3350 1742 3383 τε
1770 3330 1858 3384 καὶ
1892 3332 2090 3402 μετεώ-

442 3435 559 3487 ρου,
600 3415 690 3468 καὶ
719 3415 825 3468 τῶν
885 3419 1150 3489 περιττῶν
1199 3415 1287 3469 καὶ
1336 3415 1622 3489 ἀψαύστων
1674 3412 2088 3491 ἑπιϐλημάτων,

440 3503 536 3557 κᾶν
580 3510 762 3580 φωνῆς
819 3502 1137 3575 ἀκούσωμεν
1194 3508 1302 3557 τῶν
1344 3503 1608 3575 αἶ’τήσεων
1639 3508 1751 3579 (35)
1804 3504 2088 3583 δυσχεραί-

440 3612 645 3653 νοντες.
708 3597 798 3647 Δεῖ
854 3588 912 3646 δὲ
956 3594 1091 3664 ἡμῖν
1140 3593 1203 3647 τὸ
1254 3593 1347 3665 μὲν
1400 3590 1593 3669 ἔδαφος
1641 3592 1858 3649 εὐωδεῖν
1891 3593 2091 3665 ἄνθεσι,

441 3679 717 3741 πολλάκις
766 3680 853 3733 καί
894 3682 994 3749 τῆς
1045 3679 1189 3755 ὥρας
1232 3680 1357 3753 ἓξω,
1388 3682 1487 3750 τὴν
1522 3680 1579 3737 δὲ
1605 3682 1867 3758 τράπεζαν
1900 3685 2090 3760 κατεῤ-

445 3769 629 3845 ῥάνθαι
682 3767 899 3845 μύροις,
943 3769 1032 3823 καὶ
1080 3769 1264 3844 μύρων
1312 3774 1427 3831 τοῖς
1480 3768 1863 3834 εὐωδεστάτοις
1893 3776 2093 3847 τε

443 3858 534 3912 καὶ
566 3856 1079 3925 πολυτελεστάτοις,
1123 3856 1216 3913 ’ίνα
1253 3858 1342 3913 καὶ
1379 3857 1591 3931 μᾶλλον
1626 3859 2053 3933 ἐκθηλυνώμεθα
2076 3880 2090 3894 ⁶

444 3944 644 4008 παῖδας
703 3943 762 4001 δὲ
813 3949 1161 4022 παρεστάναι,
1207 3946 1333 4010 τοὺς
1380 3948 1473 4021 μὲν
1522 3946 1574 4002 ἐν
1624 3949 1818 4021 κόσμῳ
1877 3950 1964 4005 καὶ
1998 3949 2096 4028 ἐφ-

449 4036 598 4105 εξῆς,
632 4033 849 4097 ἀνέτους
892 4037 987 4097 τάς
1036 4035 1213 4108 κόμας
1242 4036 1331 4089 καὶ
1362 4033 1681 4112 θηλυδρίας,
1730 4037 1820 4091 καὶ
1864 4042 1931 4113 τῇ
1962 4040 2097 4094 κατά

447 4123 743 4198 πρόσωπον
802 4128 973 4199 κουρᾷ
1027 4126 1563 4201 περιειργασμένους,
1619 4123 1808 4180 πλεῖον
1971 4130 2094 4183 ὅσον

528 4249 639 4316 (28)
672 4250 1123 4324 Ategmcpévolc._
1179 4251 1280 4324 Sic
1324 4250 1523 4323 plures
1583 4251 1763 4324 Regg.
1821 4254 1992 4311 Coisl.
2043 4256 2097 4312 2.

453 4322 553 4396 Or.
584 4324 641 4388 2,
664 4327 719 4376 et
749 4321 929 4396 Οξοτι.
963 4323 1081 4396 «ΑΙο
1112 4321 1405 4396 laceris'et
1437 4321 1749 4379 conscissis
1780 4326 1992 4396 pannis
2024 4327 2100 4381 ri-

455 4394 758 4468 gebant.-
796 4394 971 4468 Editi,
1001 4388 1438 4468 διεσπαρμένοις,
1484 4388 1800 4468 «sparsis:
1826 4418 1854 4445 ››

670 4464 909 4538 ίΕσθῆτι.
943 4464 1080 4538 Reg.
1113 4482 1164 4535 c,
1196 4463 1253 4522 et
1282 4463 1888 4538 Combefvvévlcllﬁtl.

531 4534 644 4617 (30)
676 4534 930 4617 ῗᾼερίοις..
982 4534 1155 4617 Gabr.
1188 4554 1202 4593 :
1255 4558 1282 4617 ς‹
1314 4536 1505 4617 Aerii,_
1541 4534 1609 4593 ex
1652 4536 1772 4617 lino
1826 4557 1890 4596 ac
1922 4541 2103 4617 serico

460 4607 777 4681 contextis,
809 4607 974 4672 velis,
1006 4631 1034 4659 »
1088 4609 1144 4663 id
1188 4614 1277 4665 est
1327 4609 1505 4681 «aeri
1552 4610 1785 4681 perviis,
1821 4634 1849 4660 ››

458 4678 693 4749 Hieron.
728 4679 804 4749 in
826 4681 980 4734 Esth.
1015 4682 1066 4747 1,
1098 4682 1153 4749 6,
1187 4704 1215 4730 ‹‹
1248 4680 1387 4735 aerii
1419 4678 1652 4735 coloris.
1688 4703 1716 4732 »

528 4747 996 4873 é31)’Av6v_1;toc.
1055 4747 1147 4807 Sid
1204 4752 1381 4824 Regg.
1444 4768 1503 4822 a,
1565 4752 1693 4823 hm,
1754 4752 1854 4825 ph.
1916 4755 2107 4825 Editi,

459 4817 520 4873 ἀν
560 4839 717 4880 ητος.
772 4843 799 4870 ‹‹
829 4839 1119 4877 Insanam.
1157 4845 1185 4872 ››

1267 4892 1468 4965 Regg.,
1499 4894 1697 4965 plures
1725 4893 1910 4963 Colb.,
1932 4896 2108 4954 Coisl.

460 4966 517 5029 2,
544 4969 616 5039 et
639 4964 738 5039 Or_.
777 4966 831 5039 2_.
870 4967 929 5039 In
963 4964 1156 5033 editis,
1201 4964 1411 5039 ζητῶνί
1449 4989 1475 5015 (ι
1502 4964 1798 5039 quaerens.
1837 4992 1857 5017 ι

535 5035 744 5113 (ξ3λτὸ
797 5035 1163 5113 βαρύτατον...
1218 5035 1545 5113 βλέπουσινῖ
1597 5038 1777 5113 Locus
1817 5039 2111 5113 istecerte

463 5106 741 5182 difficilis,
777 5106 833 5163 et
870 5106 1228 5182 interpretes
1270 5108 1589 5182 plurimum
1623 5109 1814 5165 torsit.
1849 5112 2114 5168 Sufficiat

463 5177 637 5254 nobis
667 5182 872 5254 varias
901 5177 1101 5236 eorum
1142 5177 1662 5254 interpretationes
1683 5182 1914 5254 referre.
1950 5184 2112 5238 Nice-

462 5253 556 5302 tas
588 5265 601 5302 :
658 5272 685 5299 α
718 5251 911 5307 Oculis
941 5270 1175 5324 quoque
1206 5251 1357 5325 capti
1387 5256 1582 5325 sunt,
1611 5252 1668 5325 id
1699 5254 1851 5322 quod
1888 5252 2112 5310 levissi-

468 5335 631 5393 mum
665 5330 923 5393 censent,
956 5322 1187 5380 etiamsi
1231 5322 1361 5380 aliis
1394 5322 1841 5378 acerbissimum
1875 5342 2003 5380 esse
2036 5326 2115 5379 vi-

465 5390 712 5459 deatur;
746 5390 1235 5466 quod'nimirum,
1267 5394 1548 5451 exstincto
1581 5399 1816 5465 propter
1846 5397 2115 5451 morbum

468 5467 732 5535 aspectu,
752 5466 942 5521 labem
968 5484 1135 5523 suam
1160 5468 1404 5523 minime
1426 5466 1810 5535 conspiciant.
1829 5486 1855 5516 η
1886 5467 2119 5523 Gabrie-

464 5532 617 5609 lius:
644 5557 672 5609 «ξ
699 5536 757 5591 Id
790 5538 944 5609 quod
968 5541 1232 5595 omnium
1257 5538 1545 5609 malorum
1569 5532 1981 5607 gravissimum
2008 5545 2115 5609 est,

465 5604 836 5683 levissimum
870 5610 993 5683 ipsi
1013 5612 1254 5683 quidem
1285 5604 1708 5683 existimantes,
1755 5609 1896 5666 solis
1944 5604 2117 5668 nimi;

465 5692 602 5736 rum
634 5678 819 5737 oculis
848 5678 1101 5757 gratiam
1132 5682 1435 5754 habentes,
1468 5680 1625 5755 quod
1668 5681 1933 5755 ipsorum
1963 5684 2117 5746 calo.-

1899 4580 2109 4684 ννεῑῖῑιῑ
2137 4580 2183 4645 D

2190 582 2484 652 lapidibus
2516 588 2828 649 exornatae,
2862 588 3036 655 atque
3068 590 3443 638 coruscantes
3474 600 3615 637 auro
3650 588 3707 637 et
3754 601 3844 637 ar-

2194 676 2388 741 gento,
2422 688 2486 725 ac
2517 672 2780 727 tenuium
2816 672 3170 727 calculorum
3204 672 3608 744 dispositione,
3658 671 3842 726 vario-

2196 773 2308 827 que
2340 757 2577 828 picturaa
2610 758 2874 826 artiﬁcio,
2909 776 3035 830 quae
3070 759 3305 814 fallaces
3351 766 3489 815 sunt
3539 757 3843 812 oculorum

2195 845 2515 913 illecebrae;
2550 852 2723 917 atque
2746 846 2891 902 alias
2916 849 3145 919 quidem
3174 846 3518 911 incolemus,
3546 846 3690 901 alias
3712 862 3843 901 vero

2196 938 2576 990 extruemus?
2605 935 2969 1000 Quibusnam
2994 940 3187 990 autem
3214 940 3236 990 Ρ
3264 951 3336 989 ne
3363 935 3691 990 haeredibus
3714 934 3847 1006 qui-

2196 1024 2328 1079 dem
2363 1024 2612 1079 fortasse
2644 1024 2879 1091 nostris,
2913 1025 3013 1079 sed
3049 1025 3262 1079 exteris
3291 1030 3347 1079 et
3376 1024 3601 1090 alienis,
3657 1023 3845 1095 iisque

2196 1127 2269 1167 ne
2302 1113 2508 1168 amicis
2542 1113 2780 1184 quidem
2815 1112 3059 1169 fortasse
3090 1112 3327 1182 nostris,
3360 1114 3458 1167 sed
3507 1111 3846 1167 inimicissi-

2198 1200 2331 1267 mis,
2367 1200 2737 1274 maximaque
2769 1201 2826 1255 in
2870 1218 2977 1256 nos
3008 1200 3225 1255 invidia
3256 1200 3660 1269 ﬂagrantibus,
3693 1200 3846 1269 quod

2196 1290 2433 1361 quidem
2468 1290 2757 1346 malorum
2800 1289 3064 1345 omnium
3114 1294 3439 1343 extremum
3493 1295 3602 1343 est.
3652 1288 3847 1353 Quid?

2197 1379 2363 1435 Illinc
2396 1381 2453 1434 in
2486 1380 2711 1451 asperis
2742 1386 2799 1435 et
2829 1379 3034 1434 laceris
3065 1378 3280 1450 pannis
3310 1378 3695 1449 obrigescent,
3729 1379 3848 1431 imo

2197 1485 2271 1524 ne
2300 1484 2398 1524 eos
2431 1469 2668 1538 quidem
2704 1470 2950 1523 fortasse
2980 1467 3283 1523 habebunt
3318 1483 3331 1522 :
3380 1483 3486 1521 nos
3541 1470 3735 1520 autem
3789 1466 3847 1519 in

2197 1556 2474 1613 mollibus
2519 1562 2576 1612 et
2614 1556 3159 1613 circumﬂuentibus
3187 1555 3469 1622 vestibus,
3502 1554 3752 1626 telisque
3781 1569 3849 1609 ex

2195 1646 2543 1703 tenuissimo
2591 1645 2710 1701 lino
2760 1663 2825 1701 ac
2875 1645 3057 1702 serico
3097 1646 3382 1700 contextis
3430 1644 3843 1711 lasciviemus;

2196 1740 2371 1808 atque
2400 1735 2460 1791 in
2483 1734 2615 1791 aliis
2637 1736 2873 1807 quidem
2896 1734 3165 1790 indecore
3187 1733 3383 1805 potius
3405 1749 3580 1804 quam
3604 1733 3848 1787 honeste

2195 1830 2371 1897 atque
2393 1831 2595 1880 ornate
2618 1841 2722 1880 nos
2751 1824 2911 1896 ipsos
2943 1840 3213 1895 geremus
3248 1822 3349 1891 (sic
3380 1822 3534 1877 enim
3564 1821 3847 1891 quidquid

2196 1914 2562 1986 superﬂuum
2594 1917 2650 1968 et
2678 1914 2975 1968 curiosum
3006 1918 3115 1981 est,
3151 1911 3331 1980 voco),
3384 1911 3530 1965 alias
3562 1914 3756 1965 autem
3788 1909 3847 1965 in

2196 2003 2346 2059 arcis
2368 2002 2774 2069 recondemus,
2802 2018 3003 2057 curam
3027 2000 3293 2056 inutilem
3315 2006 3371 2055 et
3391 2000 3849 2064 incommodam,

2197 2108 2232 2147 a
2257 2092 2431 2147 tineis
2463 2091 2814 2158 exedendas,
2842 2095 2899 2146 et
2929 2108 2962 2146 a
2992 2095 3278 2161 tempore,
3302 2089 3455 2160 quod
3488 2087 3687 2143 omnia
3709 2104 3850 2142 con-

2198 2180 2337 2251 ficit,
2362 2181 2791 2247 absumendas;
2825 2183 3000 2250 atque
3025 2178 3142 2233 illis
3163 2195 3235 2233 ne
3259 2178 3587 2232 necessaria
3611 2177 3847 2247 quidem

2197 2269 2478 2324 alimenta
2501 2271 2840 2340 suppetent:
2864 2272 2915 2337 (ο
2934 2267 3173 2322 delicias
3199 2266 3387 2322 meas!
3414 2284 3445 2320 ο
3472 2282 3707 2337 gravem
3733 2265 3855 2319 illo-

2197 2357 2737 2427 rum,afﬂictionem
2764 2356 2803 2427 l)
2834 2356 2985 2412 268
3009 2372 3208 2411 verum
3245 2371 3347 2425 pro
3380 2354 3604 2408 l'oribus
3636 2352 3852 2408 nostris

2192 2447 2491 2519 jacebunt,
2525 2446 2870 2518 languentes
2901 2450 2959 2501 et
2988 2446 3137 2499 fame
3168 2443 3524 2510 laborantes,
3557 2459 3622 2496 ac
3664 2458 3733 2496 ne
3765 2442 3852 2496 in-

2197 2540 2526 2593 strumenta
2544 2536 2781 2607 quidem
2802 2534 2872 2589 ad
2900 2534 3213 2606 petendum
3234 2550 3267 2588 a
3284 2547 3524 2604 corpore
3542 2532 3852 2598 habentes;

2195 2626 2435 2681 vocibus
2469 2624 2701 2696 privati,
2734 2623 2947 2694 quibus
2994 2621 3293 2677 miseriam
3345 2637 3515 2676 suam
3572 2619 3850 2689 lugeant;

2200 2714 2496 2779 manibus,
2518 2728 2665 2783 quas
2687 2710 3057 2783 supplicandi
3084 2726 3263 2765 causa
3285 2710 3669 2781 protendant;
3697 2706 3853 2779 pedi-

2199 2803 2329 2868 bus,
2360 2802 2576 2873 quibus
2606 2801 2679 2856 ad
2711 2800 2917 2855 divites
2947 2799 3228 2855 accedant
3255 2815 3268 2864 ;
3303 2795 3709 2868 respiratione,
3736 2811 3853 2865 qua

2200 2890 2425 2945 fortiter
2453 2890 2707 2945 lamenta
2738 2906 2844 2944 sua
2875 2890 3091 2954 edant;
3142 2891 3337 2957 atque,
3369 2886 3524 2957 quod
3557 2883 3847 2939 malorum

2198 2979 2464 3035 omnium
2481 2978 2930 3033 acerbissimum
2949 2975 3428 3043 est,1evissimum
3448 2972 3857 3044 essejudican-

2197 3071 2309 3133 tes,
2359 3065 2658 3137 oculisque
2707 3066 2990 3120 duntaxat
3044 3063 3294 3136 gratiam
3346 3062 3651 3125 habentes,
3691 3060 3848 3133 quod

2198 3155 2464 3228 ipsorum
2497 3154 2687 3209 labem
2722 3153 2969 3208 minime
3002 3153 3259 3207 videant.

3754 3254 3859 3293 [108

2200 3338 2397 3389 autem
2429 3333 2487 3387 in
2519 3332 2655 3388 altis
2685 3336 2743 3386 et
2773 3329 3132 3385 sublimibus
3162 3329 3347 3395 lectis,
3396 3328 3744 3397 eximiisque
3800 3331 3859 3382 et

2200 3438 2327 3493 quae
2375 3438 2521 3494 pene
2570 3426 2807 3491 tangere
2856 3420 3017 3474 nefas
3078 3420 3175 3489 sit,
3226 3416 3524 3488 stragulis,
3560 3415 3851 3486 splendidi

2200 3511 2504 3582 splendide
2528 3510 2962 3575 recumbemus,
2987 3508 3035 3564 si
3059 3507 3143 3563 vel
3166 3506 3352 3562 solam
3382 3505 3728 3577 petitionum
3753 3521 3853 3558 vo-

2201 3615 2325 3655 cem
2375 3600 2708 3662 audiamus,
2766 3597 3221 3652 stomachantes.
3271 3598 3457 3666 Atque
3498 3594 3671 3648 etiam
3704 3591 3849 3645 illud

2203 3688 2511 3758 oportebit,
2538 3693 2602 3741 ut
2631 3693 2688 3742 et
2718 3687 3120 3759 pavimentum
3148 3690 3415 3739 nostrum
3442 3682 3705 3749 floribus,
3734 3678 3849 3751 ple-

2202 3792 2453 3846 rumque
2478 3775 2654 3830 etiam
2684 3781 2844 3830 extra
2864 3780 3120 3845 tempus,
3147 3774 3380 3844 fragret,
3407 3776 3462 3825 et
3484 3786 3685 3824 mensa
3709 3784 3843 3822 sua-

2201 3862 2459 3919 vissimis
2476 3868 2532 3918 et
2548 3862 3086 3934 sumptuosissimis
3105 3860 3421 3931 unguentis
3445 3856 3849 3927 perfundatur,

2205 3968 2321 4024 quo
2342 3951 2529 4023 magis
2548 3951 2720 4007 etiam
2740 3950 3165 4015 effeminamur;
3182 3953 3245 4003 ut
3262 3946 3424 4019 pueri
3440 3946 3616 4000 etiam
3637 3948 3852 4012 astant,

2206 4041 2304 4098 alii
2350 4046 2551 4095 ornate
2598 4056 2665 4094 ac
2695 4055 2800 4094 suo
2834 4040 3085 4110 quisque
3114 4038 3339 4101 ordine,
3374 4033 3558 4089 comis
3590 4032 3767 4089 soluti
3797 4036 3856 4087 et

2206 4128 2546 4193 effeminati,
2568 4144 2635 4182 ac
2664 4127 2913 4182 czesarize
2944 4127 3015 4181 ad
3040 4126 3243 4181 faciem
3265 4123 3523 4196 expoliti,
3548 4122 3857 4193 magisque

2212 4255 2473 4310 mitatem
2508 4252 2706 4307 minus
2735 4251 2985 4306 videant.
3021 4274 3050 4300 ››
3090 4250 3252 4305 Unde
3284 4250 3339 4304 in
3373 4246 3612 4304 scholiis
3644 4244 3805 4300 addit
3840 4261 3854 4299 :

2212 4348 2240 4377 «
2274 4328 2489 4394 Arguta
2537 4323 2889 4394 Theologus,
2922 4322 3426 4393 Elephanticorum
3460 4319 3854 4394 calamitatem

2213 4388 2607 4475 ampliﬁcans,
2634 4388 2894 4475 facit'eos
2927 4388 3172 4475 gratiam
3208 4394 3486 4475 habentes
3515 4389 3720 4453 oculis,
3756 4388 3857 4458 qui

2211 4470 2291 4524 ita
2316 4466 2520 4524 essent
2540 4468 2752 4535 allecti,
2778 4470 2841 4520 ut
2869 4466 3067 4520 minus
3100 4469 3338 4537 possent
3360 4466 3631 4537 ipsorum
3648 4476 3854 4515 aerum-

2214 4557 2322 4596 nas
2354 4539 2632 4611 aspicere.
2681 4534 2743 4611 In
2801 4542 3058 4593 extrema
3100 4534 3397 4611 nimirum
3442 4534 3674 4611 miseria
3722 4546 3856 4611 eum

2217 4602 2455 4668 omnino
2487 4608 2702 4664 versari
2734 4624 2970 4664 necesse
3001 4612 3109 4679 est,
3141 4607 3233 4663 cui
3275 4608 3333 4661 id
3364 4605 3726 4661 levissimum
3762 4602 3859 4670 sit,

2218 4685 2371 4755 quod
2394 4682 2525 4755 aliis
2550 4686 2639 4737 est
2659 4680 3095 4755 gravissimum.
3116 4704 3144 4731 »
3168 4679 3555 4755 Combeﬁsius
3576 4690 3864 4755 veroncon:

2218 4744 2406 4812 tendit
2436 4754 2590 4809 hunc
2616 4744 2876 4824 Gregorii
2907 4751 3098 4807 locum
3133 4752 3211 4807 sit
3230 4751 3569 4824 vertendum
3592 4766 3615 4824 _:
3648 4744 3864 4824 «Quod

2220 4826 2509 4883 malorum
2560 4818 2825 4880 omnium
2878 4824 3325 4879 acerbissimum
3357 4827 3464 4888 est,
3499 4818 3863 4876 levissimum

2219 4898 2803 4969 ossejudicantes,_et
2825 4895 3016 4969 oculis
3035 4900 3264 4969 tantum
3281 4894 3533 4969 gratiam
3552 4893 3863 4969 habentes,

2220 4959 2563 5042 quod'suam
2590 4967 2701 5042 ipsi
2726 4966 2916 5021 labem
2943 4967 3184 5022 minime
3206 4959 3454 5020 vid'eant.
3482 4959 3868 5042 D‘QUi-a-SCilil‘

2223 5035 2313 5097 cet
2359 5040 2481 5094 haec
2520 5035 2820 5093 oculorum
2857 5044 3084 5107 natura,
3117 5045 3182 5093 ut
3213 5054 3347 5091 cum
3378 5036 3575 5091 omnia
3605 5035 3863 5107 videant.

2223 5112 2423 5195 se‘ipsi
2453 5111 2663 5195 nvidere
2694 5116 3013 5195 nequeunt.
3050 5103 3346 5193 Improbat
3376 5107 3752 5195 dnctissi'inus
3784 5103 3871 5184 vir

2224 5174 2355 5241 Bilii
2384 5174 2947 5254 interpretationem,
2971 5182 3070 5253 qui
3103 5174 3372 5254 aegrotos,
3407 5182 3477 5236 de
3507 5178 3722 5251 quibus
3756 5174 3872 5245 agi-

2224 5262 2338 5318 tur,
2370 5271 2550 5309 caecos
2580 5254 2763 5308 fuisse
2792 5253 3159 5308 existimasse
3191 5253 3439 5307 videtur.

2294 5314 2407 5398 (34)
2440 5323 2874 5395 Ἀνακεισόμεθα.
2908 5324 3060 5394 Par.,
3093 5319 3495 5393 dvaSncépsﬁa,
3539 5343 3564 5369 (ι
3601 5314 3873 5373 ascende-

2226 5415 2382 5453 mus.
2415 5419 2442 5446 ὶ)

2320 5470 2405 5537 35)
2435 5469 2549 5519 Τῶν
2572 5464 2866 5537 αἰτήσεων.
2900 5467 3071 5523 Deest
3102 5467 3160 5521 in
3192 5471 3323 5522 Par.

2441 5528 2839 5600 Εὐωδεστέλὶτοις
2887 5558 2964 5593 τε.
3018 5540 3113 5596 Sic
3170 5539 3348 5611 Regg.
3400 5551 3454 5605 a,
3503 5532 3560 5587 d.
3611 5528 3782 5585 Deest
3817 5542 3877 5582 τε

2228 5612 2287 5670 in
2321 5612 2459 5668 edit.
