4244 6216
540 321 658 382 879

1790 319 1855 378 S.
1903 316 2272 380 GREGORII
2320 318 2711 380 THEOLOGI

3828 324 3928 385 880

543 470 721 525 quam
753 452 1067 524 impudicis
1115 450 1301 507 oculis
1354 452 1662 521 conducat,
1718 452 2013 519 exornati;
2066 453 2183 518 alii,

2301 453 2560 527 συμφέρει
2595 450 2810 527 λίχνοις
2850 452 3165 529 ὀφθαλμοῖς
3208 454 3655 526 κεκοσμημένους
3681 474 3697 491 ⁸
3741 455 3854 516 τοὺς
3881 453 3929 511 δὲ

544 542 750 614 pocula
781 541 1057 598 extremis
1088 541 1289 612 digitis
1320 545 1611 609 tenentes,
1643 558 1819 612 quam
1854 542 1978 597 ﬁeri
2010 546 2197 613 potest

542 630 977 703 elegantissime
999 629 1176 685 simul
1200 646 1266 685 ac
1288 629 1615 697 tutissime;
1651 630 1769 696 alii,
1796 630 2033 686 follibus
2054 648 2195 685 ven-

540 724 668 775 tum
700 736 878 792 super
906 725 1083 791 caput
1113 719 1428 775 artiﬁciose
1460 721 1798 787 excitantes,
1830 724 2004 790 atque
2035 720 2195 775 auris

540 825 716 863 manu
738 808 1002 864 conﬂatis
1022 808 1234 864 molem
1254 808 1445 863 carnis
1464 808 1893 879 refrigerantes;
1911 813 1975 863 ut
1993 824 2194 863 mensa

537 896 781 970 insuper
797 898 1074 954 carnibus
1091 899 1398 967 redundet,
1414 897 1715 954 elementis
1734 898 2008 952 omnibus
2028 896 2195 953 nobis

536 986 758 1059 prolixe
788 991 844 1042 et
873 987 1105 1059 copiose
1134 987 1743 1054 subministranlibus,
1781 1002 1911 1041 aere
1962 1001 2190 1056 nempe,

534 1080 712 1146 terra,
737 1093 926 1148 aqua;
959 1092 1184 1147 nosque
1206 1092 1548 1147 coquorum,
1582 1081 1639 1131 et
1670 1092 1891 1145 eorum,
1919 1075 2020 1146 qui
2050 1091 2192 1145 epu-

536 1163 626 1220 las
659 1166 985 1236 instruunt,
1012 1164 1323 1221 lenociniis
1346 1166 1844 1237 comprimamur;
1876 1180 2196 1235 omnesque

535 1255 608 1310 de
639 1270 704 1311 eo
740 1259 1097 1321 concertent,
1153 1255 1355 1326 ecquis
1405 1254 1574 1310 avido
1624 1259 1681 1309 et
1732 1254 1962 1325 ingrato
2008 1253 2195 1308 ventri

538 1360 717 1415 quam
741 1343 993 1399 maxime
1014 1343 1372 1408 blandiatur,
1398 1344 1559 1415 gravi
1585 1343 1823 1399 omnino
1846 1342 2107 1409 sarcinae,
2140 1348 2197 1398 et

538 1432 834 1489 malorum
886 1433 1133 1500 auctori,
1166 1431 1372 1487 bellua:
1424 1448 1664 1504 prorsus
1703 1430 2095 1499 insaturabili,
2129 1448 2196 1487 ac

543 1538 825 1595 perquam
861 1522 1076 1589 infidae,
1112 1521 1269 1587 huic,
1304 1522 1571 1594 inquam,
1605 1522 1705 1594 qui
1749 1538 1884 1577 cum
1917 1520 2064 1577 cibis
2095 1522 2195 1592 qui

543 1611 872 1679 abolentur,
897 1611 1149 1681 jamjam
1200 1610 1326 1682 ipse
1369 1608 1708 1666 abolendae.
1745 1611 1813 1665 Et
1842 1610 2079 1680 quidem
2112 1608 2195 1666 illi

544 1699 822 1772 praeclare
851 1716 1050 1757 secum
1084 1700 1176 1773 agi
1207 1699 1518 1770 putabunt,
1544 1699 1594 1754 si
1620 1699 1711 1755 vel
1742 1716 1895 1769 aqua
1923 1699 2195 1770 explean-

542 1795 639 1844 tur
667 1806 679 1844 :
714 1807 817 1845 nos
846 1793 1042 1844 autem
1074 1788 1191 1843 vini
1223 1788 1433 1861 pocula
1463 1804 1652 1858 usque
1682 1789 1753 1843 ad
1786 1787 2192 1843 temulentiam

543 1876 907 1947 hauriemus,
931 1877 1049 1932 imo
1072 1876 1246 1932 etiam
1270 1875 1427 1932 ultra
1446 1876 1872 1945 temulentiam,
1898 1875 2100 1931 saltem
2133 1875 2193 1942 ii,

544 1967 646 2039 qui
679 1969 897 2039 majore
925 1966 1376 2039 intemperantia
1395 1966 1696 2033 laborant;
1729 1971 1900 2036 atque
1921 1982 1988 2020 ex
2020 1965 2196 2036 pluri-

545 2057 656 2111 bus
686 2055 835 2111 vinis
867 2055 982 2111 alia
1011 2055 1364 2127 rejiciemus,
1398 2054 1532 2121 alia,
1568 2058 1631 2109 ut
1660 2054 1862 2108 suavia
1907 2059 1963 2108 et
2006 2060 2193 2124 grata,

544 2144 951 2217 probabimus,
975 2144 1045 2199 de
1068 2145 1198 2200 aliis
1220 2144 1395 2199 etiam
1429 2142 1996 2215 philosophabimur,
2021 2147 2197 2212 atque

542 2236 602 2290 in
637 2233 985 2291 detrimento
1018 2249 1325 2304 ponemus,
1362 2232 1473 2287 nisi
1507 2232 1659 2288 269
1707 2231 1780 2286 ad
1822 2232 2077 2302 patrium
2112 2232 2194 2285 vi-

543 2341 709 2390 num,
723 2324 1014 2380 exoticum
1031 2322 1206 2378 etiam
1227 2321 1524 2392 quoddam
1544 2320 1795 2375 maxime
1814 2319 2193 2388 celebratum,

541 2413 702 2469 velut
729 2418 1035 2485 tyrannus,
1070 2412 1324 2467 accedat.
1357 2410 1473 2466 Nos
1504 2410 1721 2481 quippe
1749 2409 1938 2464 lautos
1969 2414 2025 2465 et
2054 2408 2195 2464 deli-

544 2507 727 2573 catos,
750 2506 807 2558 et
830 2502 1182 2573 profusiores
1205 2516 1381 2571 quam
1407 2515 1550 2555 usus
1572 2499 1785 2569 exigat,
1811 2502 1913 2553 aut
1933 2515 2080 2567 esse,
2097 2500 2198 2553 aut

2224 1835 2270 1899 B

2300 539 2393 599 τὰς
2448 537 2675 600 κύλικας
2727 538 2809 593 ἐπ’
2871 540 3048 612 ἄκρων
3098 538 3384 596 δακτύλων
3447 538 3695 616 ἔχοντας,
3742 544 3809 604 ὡς
3833 544 3927 597 οἶόν

2299 648 2358 681 τε
2390 626 2787 702 εὐπρεπέστατά
2834 651 2891 684 τε
2940 632 3083 703 ὁμοῦ
3132 632 3223 685 καὶ
3273 630 3683 707 ἀσφαλέστατασ
3734 633 3848 694 τοὺς
3883 631 3931 687 δὲ

2305 716 2436 792 ὑπὲρ
2490 716 2733 794 κεφαλῆς
2784 717 2980 791 ἄνεμον
3027 726 3145 781 ταῖς
3198 720 3369 794 ῥιπῖσι
3420 724 3821 798 σοφιζομένους,
3849 723 3924 776 καὶ

2299 810 2419 866 ταῖς
2449 805 2507 860 ἐκ
2536 812 2738 882 χειρῶν
2772 807 2960 877 αὕραις
2992 809 3055 862 τὸ
3085 806 3300 877 πλῆθος
3338 814 3445 863 τῶν
3499 815 3710 883 σαρκῶν
3759 811 3932 883 ἀναψῦ-

2302 914 2519 969 χοντας’
2572 896 2660 949 καὶ
2712 897 2776 950 τὰ
2823 896 2910 951 ἐπὶ
2958 898 3197 963 τούτοις,
3247 897 3478 967 πλήθειν
3524 899 3619 970 μὲν
3653 906 3815 974 κρεῶν
3842 901 3926 968 τήν

2300 982 2585 1055 τράπεζαν,
2633 984 2846 1039 πάντων
2904 986 3294 1061 χορηγούντων
3354 990 3489 1059 ἡμῖν
3520 992 3626 1041 τῶν
3660 990 3929 1064 στοιχείων

2300 1070 2598 1134 πλουσίως⁶
2632 1070 2811 1149 ἀέρος,
2842 1081 2963 1149 γῆς,
2997 1073 3212 1137 ὕδατος
3243 1076 3333 1130 καὶ
3362 1080 3807 1151 στενοχωρεῖσθαι
3832 1082 3931 1152 (37)

2300 1166 2416 1221 τοῖς
2454 1182 2723 1236 μαγειρων
2792 1163 2881 1216 καὶ
2942 1163 3219 1236 ὀψοποιῶν
3257 1165 3714 1239 μαγγανεύμασιν,
3766 1166 3935 1239 ἀγῶνα

2308 1246 2366 1303 δὶ
2419 1249 2552 1304 εἶναι
2610 1257 2791 1321 πᾶσιν,
2821 1250 2969 1314 ὅστις
3026 1252 3101 1315 ὡς
3155 1253 3391 1325 μάλιστα
3442 1257 3542 1323 τὴν
3590 1253 3787 1329 λίχνην
3834 1259 3936 1328 (38)

2302 1341 2436 1411 ἡμῖν
2491 1338 2581 1394 καὶ
2656 1340 2950 1415 ἀχάριστον
3022 1340 3340 1397 κολακεύσει
3390 1344 3643 1418 γαστέρα,
3692 1345 3751 1398 τὸ
3812 1345 3935 1419 βαρὺ

2303 1427 2527 1504 φορτίον
2556 1428 2646 1483 καὶ
2678 1429 3006 1505 ἀρχέκακον,
3040 1432 3101 1485 τὸ
3149 1430 3559 1501 ἀπληστότατον
3622 1433 3811 1507 θηρίον
3859 1435 3941 1487 καὶ

2303 1517 2680 1587 ἀπιστότατον,
2738 1520 2836 1587 τὴν
2896 1522 3342 1595 καταργουμένην
3419 1520 3613 1575 αὐτίκα
3688 1522 3777 1575 σὺν
3834 1528 3942 1584 τοῖς

2303 1605 2763 1682 καταργουμένοις
2817 1608 3088 1683 βρώμασι.
3124 1610 3221 1664 Καὶ
3249 1615 3365 1671 τοῖς
3427 1610 3520 1683 μὶν
3570 1608 3713 1665 πολύ
3752 1632 3803 1664 τι
3856 1612 3942 1665 κό-

2304 1714 2396 1770 ρος
2439 1695 2528 1749 moi
2556 1694 2770 1768 ὕδατος,
2819 1700 2954 1770 ἡμῖν
3006 1696 3063 1752 δὲ
3106 1698 3193 1752 καὶ
3247 1698 3413 1774 μέχρι
3450 1699 3617 1771 μέθης
3647 1700 3702 1753 οἱ
3739 1703 3837 1753 τοῦ
3864 1698 3939 1755 οἷ’-

2302 1805 2396 1838 νου
2451 1792 2738 1861 κρατῆρες,
2795 1786 3008 1858 μᾶλλον
3059 1785 3117 1841 δὲ
3163 1787 3254 1841 καὶ
3287 1788 3419 1862 ὑπὲρ
3449 1789 3546 1856 τήν
3584 1788 3779 1860 μέθην,
3834 1794 3942 1851 τοῖς

2299 1894 2362 1947 γε
2391 1873 2873 1949 ἀκολαστοτέροις’
2924 1875 3014 1929 καὶ
3070 1877 3161 1929 τὸν
3217 1877 3309 1948 μὲν
3360 1875 3796 1950 ἀποπεμψάμεθα
3840 1882 3941 1932 τῶν

2302 1959 2485 2029 οἴνων,
2527 1964 2617 2016 τὸν
2667 1962 2725 2017 δὲ
2774 1962 3127 2037 ἐγκρινοῦμεν
3180 1964 3253 2025 ὡς
3304 1964 3603 2037 ἀνθοσμίαν
3634 1967 3767 2038 (39),
3824 1966 3944 2041 περὶ

2301 2049 2361 2105 δὲ
2388 2056 2485 2106 τοῦ
2528 2052 2994 2129 φιλοσοφήσομεν,
3045 2053 3215 2124 ζημία
3246 2050 3323 2123 δί,
3358 2052 3402 2107 εἰ
3438 2054 3513 2125 μή
3548 2055 3837 2130 προσέσται
3868 2060 3946 2127 τῷ

2303 2139 2557 2216 ἐγχωρίῳ
2582 2142 2671 2195 καὶ
2701 2146 2806 2195 τῶν
2846 2141 3263 2213 ὀνομαζομένων
3298 2142 3457 2211 ξένων
3491 2144 3623 2214 (40),
3653 2165 3737 2204 τις
3769 2142 3950 2219 ὥσπερ

2300 2229 2578 2304 τύραννος.
2623 2235 2713 2284 Δεῖ
2740 2231 2842 2303 γὰρ
2873 2232 3022 2301 ἡμᾶς
3053 2226 3256 2305 ἀϐροὺς
3287 2230 3374 2284 καὶ
3412 2238 3513 2298 τῆς
3546 2232 3735 2306 χρείας
3764 2252 3955 2303 περιτ-

2301 2319 2576 2393 τοτέρους,
2606 2319 2639 2386 ἢ
2676 2318 2829 2386 εἶναι,
2862 2318 2898 2386 ἢ
2931 2318 3265 2391 νομίζεσθαι,
3299 2316 3478 2394 ὣσπερ
3503 2319 3949 2395 αἰσχυνομένους,

2305 2407 2351 2462 εί
2386 2408 2461 2478 μὴ
2502 2407 2658 2461 κακοὶ
2687 2406 3067 2479 νομιζοίμεθα,
3094 2407 3183 2461 καὶ
3217 2405 3407 2462 δοῦλοι
3440 2410 3697 2483 γαστρὸς,
3729 2410 3817 2463 καὶ
3847 2416 3953 2465 τῶν

2306 2495 2410 2549 ὑπὸ
2441 2497 2691 2571 γαστέρα.

545 2591 749 2650 haberi
795 2595 1048 2663 oportet,
1083 2589 1325 2661 perinde
1372 2594 1548 2659 atque
1594 2603 1921 2657 vereamur,
1955 2602 2027 2642 ne
2075 2604 2189 2642 non
2240 2586 2399 2658 pravi
2445 2587 2871 2656 existimemur,
2907 2603 2975 2642 ac
3004 2587 3249 2655 ventris,
3296 2591 3354 2643 et
3402 2603 3625 2655 eorum,
3660 2606 3789 2661 quae
3841 2593 3952 2647 sub

543 2686 744 2738 ventre
774 2684 929 2750 sunt,
963 2678 1273 2750 mancipia.

616 2769 810 2825 XVIII.
843 2768 988 2833 Quid
1023 2767 1169 2834 haec,
1221 2784 1253 2822 ο
1302 2766 1471 2822 amici
1503 2769 1560 2820 et
1590 2764 1845 2820 fratres?
1897 2762 2035 2833 quid
2084 2780 2188 2819 nos

544 2876 777 2932 quoque
794 2859 1125 2914 animorum
1145 2856 1347 2911 morbo
1363 2854 1859 2921 tenemur,morbo
1877 2852 2047 2925 longe
2063 2869 2189 2925 gra-

2374 2763 2479 2819 IH'.
2512 2761 2571 2816 Τί
2599 2766 2784 2833 ταῦτα,
2845 2763 2890 2816 ὦ
2948 2760 3099 2839 φίλοι
3155 2763 3243 2818 καὶ
3306 2761 3568 2842 ἀδελφοίς
3601 2766 3651 2819 τί
3684 2771 3948 2839 νοσοῦμεν

2299 2851 2387 2905 καὶ
2419 2850 2570 2905 αὐτοὶ
2600 2850 2693 2912 τὰς
2723 2852 2902 2927 ψυχὰς
2930 2855 3066 2923 (41),
3114 2852 3266 2906 νόσον
3299 2852 3444 2907 πολὺ
3468 2860 3569 2922 τῆς
3608 2859 3717 2909 τῶν
3768 2857 3956 2927 σωμά-

540 2948 707 3018 viuri,
740 2963 919 3019 quam
950 2963 1063 3019 quo
1104 2961 1346 3016 corpora
1385 2941 1776 3015 premuntur?
1825 2941 1927 2996 Hic
1976 2941 2185 2997 etenim

2298 2960 2405 2993 των
2438 2940 2547 3012 (42)
2592 2938 3024 3015 χαλεπωτέραν;
3068 2943 3214 3012 "Och
3244 2941 3343 3008 τὴν
3395 2941 3489 3013 μὲν
3520 2941 3773 2997 ἀκούσιον
3808 2941 3957 3013 οἴδα,

544 3042 752 3110 praeter
799 3034 1153 3091 voluntatem
1206 3032 1452 3099 exsistit,
1500 3030 1597 3086 ille
1627 3047 1759 3086 vero
1810 3048 1844 3085 a
1891 3029 2191 3085 voluntate

545 3128 777 3191 manat;
802 3123 898 3179 hic
920 3141 1037 3179 una
1063 3139 1193 3179 cum
1218 3122 1327 3177 hac
1352 3122 1468 3176 vita
1489 3120 1727 3187 desinit,
1755 3119 1874 3186 ille,
1900 3134 2035 3173 cum
2057 3118 2194 3174 hinc

546 3216 894 3287 migramus,
916 3212 1224 3269 nobiscum
1247 3209 1540 3277 abscedit;
1575 3209 1667 3263 hic
1694 3207 2072 3274 miserationi,
2098 3207 2194 3262 ille

544 3302 675 3359 odio
723 3307 831 3371 est,
881 3301 1037 3372 apud
1077 3316 1176 3356 eos
1206 3298 1462 3370 quidem,
1496 3297 1595 3368 qui
1625 3314 1780 3353 sanis
1811 3296 2025 3351 mentis
2055 3301 2196 3351 sunt

545 3398 865 3464 compotes.
890 3389 1005 3445 Cur
1032 3393 1273 3456 naturae,
1307 3387 1449 3441 dum
1480 3390 1715 3456 tempus
1746 3385 2053 3454 habemus,
2077 3401 2191 3440 non

547 3478 989 3537 succurrimus?
1017 3478 1152 3547 Cur,
1176 3492 1310 3531 cum
1333 3490 1464 3529 caro
1496 3473 1705 3542 simus,
1730 3472 1922 3527 carnis
1953 3472 2188 3527 humili-

546 3575 723 3626 tatem
751 3586 866 3625 non
897 3566 1265 3636 contegimus
1284 3564 1311 3619 ‘2
1341 3565 1454 3619 Cur
1482 3562 1540 3616 in
1572 3563 1820 3617 fratrum
1842 3560 2187 3616 calamitati-

534 3659 646 3715 bus
678 3657 905 3713 deliciis
938 3656 1246 3711 studemus
1268 3653 1295 3707 ?
1324 3651 1490 3707 Absit
1515 3651 1623 3706 hoc
1653 3668 1687 3705 a
1717 3667 1829 3719 me,
1856 3655 1919 3704 ut
1947 3650 2031 3705 vel
2064 3652 2183 3720 opi-

537 3749 651 3804 bus
681 3746 998 3811 abundem,
1031 3744 1123 3799 his
1156 3742 1353 3813 inopia
1384 3758 1579 3795 rerum
1612 3739 2055 3807 laborantibus;
2097 3739 2183 3795 vel

537 3837 847 3894 commoda
876 3834 1206 3891 valetudine
1238 3833 1422 3895 fruar,
1458 3830 1572 3884 nisi
1603 3830 1813 3884 horum
1846 3829 2182 3884 vulneribus

535 3944 705 4000 Opem
740 3926 921 3981 feram
948 3944 960 3993 ;
995 3923 1080 3979 vel
1110 3922 1325 3977 victum
1361 3924 1535 3990 atque
1567 3918 1844 3973 amictum
1877 3919 2020 3974 satis
2052 3936 2180 3973 am-

532 4017 696 4089 plum
729 4015 1000 4082 habeam,
1024 4030 1091 4068 ac
1122 4012 1232 4068 sub
1263 4013 1413 4065 tecto
1442 4006 1824 4079 requiescam,
1850 4007 1963 4062 nisi
1993 4015 2049 4061 et
2078 4024 2179 4078 pa-

531 4122 664 4160 nem
689 4104 760 4159 iis
783 4120 885 4174 pro
909 4101 1251 4157 facultatum
1277 4097 1512 4153 modulo
1534 4097 1849 4167 porrigam,
1872 4101 1929 4150 et
1956 4102 2175 4151 vestem

532 4194 854 4264 impertiar,
874 4207 1090 4261 eosque
1111 4193 1263 4242 tecto
1284 4187 1587 4257 excipiam.
1612 4185 1850 4250 Verum,
1874 4184 1960 4239 vel
1980 4187 2178 4241 omnia

530 4285 768 4353 propter
796 4279 1088 4333 Christum
1125 4275 1489 4347 deponenda,
1539 4277 1603 4327 ut
1654 4272 1896 4341 sincere,
1943 4272 2176 4329 sublata

2305 3029 2403 3095 τὴν
2453 3026 2509 3082 δὲ
2568 3028 2870 3103 ἐρχομένην
2922 3028 2979 3083 ἐκ
3021 3028 3386 3104 προαιρέσεως
3416 3049 3428 3061 ·
3479 3030 3568 3084 καὶ
3598 3032 3698 3099 τὴν
3736 3032 3829 3104 μὲν
3886 3036 3959 3106 τῇ

2283 3120 2418 3189 νζωῇ
2469 3117 2636 3189 ταύτῃ
2684 3115 3221 3191 συγκαταλυομὲνην,
3290 3119 3388 3186 τὴν
3458 3119 3517 3173 δὲ
3592 3126 3959 3176 ωναπιοῦσαν

2299 3207 2435 3277 ἡμῖν
2496 3206 2905 3279 μεθισταμένοις
2966 3207 3116 3279 (43)’
3175 3206 3263 3260 καὶ
3320 3208 3420 3275 τήν
3466 3208 3559 3279 μὶν
3595 3205 3955 3281 έλεουμένην,

2298 3296 2398 3363 τήν
2429 3291 2485 3349 δὲ
2519 3296 2872 3368 μισουμένην,
2900 3300 3017 3356 τοῖς
3046 3315 3112 3369 γε
3138 3299 3263 3349 νοῦν
3303 3293 3542 3370 ἔχουσιν.
3574 3297 3634 3349 Τί
3690 3300 3767 3370 μὴ
3826 3300 3962 3372 βοη-

2299 3383 2494 3454 θουμεν
2552 3387 2620 3457 τῇ
2673 3382 2826 3460 φύσει
2880 3384 3066 3457 καιρὸν
3116 3380 3332 3458 ἔχοντες
3382 3386 3533 3456 (44);
3564 3385 3615 3440 τί
3677 3387 3754 3457 μή
3796 3408 3960 3463 περι-

2298 3470 2622 3544 στέλλομεν,
2678 3473 2868 3544 σάρκες
2925 3466 3093 3539 ὄντες,
3150 3479 3249 3541 τῆς
3307 3474 3501 3547 σαρκὸς
3556 3476 3657 3543 τήν
3687 3477 3963 3532 ταπείνω-

2298 3578 2414 3628 σιν;
2446 3561 2497 3615 τί
2548 3566 2836 3637 τρυφῶμεν
2869 3560 2920 3614 ἐν
2950 3566 3065 3623 τοῖς
3094 3567 3200 3616 τῶν
3235 3560 3483 3639 ἀδελφῶν
3517 3560 3913 3639 δυστυχήμασι
3944 3586 3958 3634 ;

2295 3651 2381 3719 Μή
2428 3670 2521 3720 μοι
2578 3649 2803 3725 γένοιτο,
2867 3653 3005 3723 μήτε
3060 3648 3319 3705 πλουτεῖν
3376 3651 3581 3706 τούτων
3626 3654 3959 3729 ἀπορουμέ-

2291 3759 2393 3792 νων
2423 3757 2435 3769 ·
2473 3740 2611 3810 μήτε
2640 3739 2894 3808 εὑεκτεῖν,
2925 3739 2971 3793 εἰ
3002 3740 3075 3812 μὴ
3113 3739 3379 3814 βοηθοίην
3416 3743 3528 3813 (45)
3557 3747 3674 3803 τοῖς
3729 3744 3955 3799 τούτων

2288 3826 2557 3902 τραύμασι
2583 3848 2595 3859 ⁸
2635 3829 2711 3900 μή
2742 3835 2951 3905 τροφῆς
2982 3828 3180 3890 ἷκανῶς
3228 3826 3395 3903 ἔχειν,
3452 3832 3526 3901 μή
3579 3832 3809 3901 σκέπης,
3867 3838 3952 3905 μή

2290 3916 2392 3970 ὑπό
2446 3916 2633 3992 στέγην
2694 3918 3071 3986 ἀναπαύεσθαι,
3127 3918 3172 3973 εἰ
3224 3921 3299 3991 μὴ
3348 3918 3437 3973 καὶ
3470 3920 3629 3993 ἄρτον
3664 3920 3959 3995 όρέξαιμι,

2284 4006 2373 4058 καὶ
2429 4003 2717 4077 μεταδοίην
2766 4006 2984 4075 ἐσθῆτος
3029 4007 3104 4069 εἷς
3162 4004 3413 4080 δύναμιν,
3470 4008 3559 4062 καὶ
3614 4009 3719 4063 ὑπὸ
3748 4010 3957 4085 στέγην

2287 4094 2670 4167 ἀναπαύσαιμυ
2729 4094 2885 4150 Ἀλλ’
2941 4093 3065 4165 ἤτοι
3119 4096 3289 4150 πάντα
3344 4096 3635 4151 ἀποθετέον
3695 4100 3959 4170 Χριστῷ,

2279 4179 2370 4235 τίνα
2399 4182 2635 4257 γνησίως
2669 4181 3127 4256 ἀκολουθήσωμεν
3160 4184 3327 4256 αὐτῷ,
3375 4186 3466 4239 τὸν
3518 4186 3750 4261 σταυρὸν
3804 4193 3955 4263 αρα-

2290 4291 2463 4342 μενοι,
2511 4272 2599 4325 καὶ
2645 4271 2961 4345 ἀναπτῶμεν
3018 4273 3094 4335 ὡς
3152 4273 3347 4350 κούφοι
3386 4276 3497 4346 (46)
3528 4274 3665 4350 πρὸς
3697 4276 3791 4329 τὸν
3827 4274 3958 4330 ἅνω

527 4342 793 4425 humeris
813 4382 1001 4432 cruce,
1024 4367 1220 4436 ipsum
1248 4379 1586 4434 sequamur,
1612 4361 1908 4432 Simulque
1930 4361 2080 4417 leves
2112 4380 2177 4418 ac

2296 4359 2510 4431 ιόσμον,
2567 4362 2655 4415 καὶ
2706 4342 2981 4424 εὐσταλεῖς
3040 4363 3140 4416 ὑπὸ
3220 4342 3953 4437 μηδενδςνκαθελκόμενοι,

525 4457 801 4531 expediti,
836 4472 939 4511 nec
992 4457 1062 4509 ab
1116 4452 1233 4508 ulla
1283 4469 1342 4507 re
1388 4453 1445 4506 in
1496 4452 1772 4505 deorsum
1816 4451 2068 4517 attracti,
2104 4453 2174 4506 ad

525 4562 848 4619 supernum
876 4546 1161 4599 mundum
1186 4541 1582 4605 convolemus,
1606 4546 1778 4611 atque
1805 4555 1908 4611 per
1934 4540 2176 4595 humili-

520 4640 702 4693 tatem
740 4633 995 4701 exaltati,
1047 4636 1099 4687 et
1150 4646 1254 4703 per
1299 4632 1618 4702 egestatem
1650 4629 1838 4699 ditati,
1872 4628 2170 4684 Christum

586 4868 697 4941 (37)
730 4866 1214 4941 Στενοχωρεῖσθαι.
1264 4885 1293 4913 (ι
1327 4860 1955 4941 Ferculis__delica_t_is,_
1989 4878 2161 4941 cupe-

514 4933 627 4997 dii's
654 4933 1059 5007 angustiémur
1084 4965 1098 5005 ς
1125 4960 1152 4988 ››
1186 4933 1711 5007 praemultitudine
1741 4934 1985 5002 scilicet,
2011 4933 2080 4990 ut
2103 4936 2161 4990 in

516 5028 720 5068 mensa
732 5006 913 5068 locus
945 5028 1061 5066 non
1102 5006 1379 5079 supersit.

604 5084 695 5158 38)
728 5083 930 5158 ᾼίχνην
948 5125 959 5139 .
980 5082 1162 5158 .Regii
1179 5073 1414 5158 'plures,
1449 5073 1659 5158 λίχνον.

604 5092 695 5155 38)
728 5092 959 5158 Λίχνην.
1001 5092 1162 5153 Begu
1195 5092 1411 5152 plures,
1449 5092 1659 5149 Λιχνον.
1788 5147 1798 5158 ⁸

583 5092 696 5281 (39)
726 5151 1076 5225 Ἃνθοσμίαν.
1140 5153 1562 5230 Interpretatur
1606 5165 1617 5203 :
1672 5172 1698 5197 ς(
1747 5164 1946 5203 vmum
2008 5150 2159 5207 bono

606 5245 704 5281 ore
734 5227 911 5281 simul
943 5232 999 5281 et
1028 5226 1202 5281 odore
1234 5221 1561 5281 praeditum.
1596 5241 1624 5270 ››

515 5221 704 5283 colore
734 5221 999 5282 simul-et
1028 5226 1202 5281 odore
1234 5221 1561 5294 praeditum.
1596 5241 1624 5270 ››

604 5299 692 5372 40)
724 5298 927 5372 Ξένων.
961 5302 1052 5372 Οῗιξ.
1084 5298 1138 5360 2,
1172 5291 1315 5372 ξένον
1351 5291 1566 5372 [male].

726 5370 947 5445 Ψυχᾴς.
992 5370 1148 5445 Un_us
1177 5359 1568 5445 codex—addit,
1601 5359 1708 5416 καί.

603 5431 689 5512 42)
720 5431 1022 5512 Σωμάτων.
1054 5440 1150 5495 Or.
1180 5435 1428 5512 2_addit,
1460 5431 1689 5486 τούτων.

600 5504 691 5583 43)
719 5504 1165 5583 Μεόισταμένοις.
1216 5510 1309 5565 Sic
1356 5523 1560 5563 omnes
1609 5505 1775 5560 codd.
1808 5504 1981 5569 Editi,
2020 5505 2152 5574 μεθ-

509 5581 846 5653 ισταμένους,

580 5645 687 5726 (Μ)
719 5651 913 5725 Καιρὸν
985 5647 1221 5726 ἔχοντες.
1281 5648 1411 5702 Haec
1477 5646 1693 5702 desunt
1756 5647 1816 5701 in
1884 5645 2152 5717 pluribus

576 5301 597 5579 ἕ

2284 4449 2371 4502 καὶ
2404 4446 2754 4524 κερδήσωμεν
2806 4450 2919 4505 ἄντὶ
2968 4453 3181 4506 πάντων
3235 4452 3482 4526 Χριστὸν,
3533 4449 3621 4506 διὰ
3666 4456 3959 4508 ταπείνω-

2286 4560 2365 4592 σιν
2418 4538 2735 4612 ὁψωθέντες,
2786 4540 2873 4594 καὶ
2917 4538 3005 4594 διὰ
3034 4542 3217 4595 πενίαν
3251 4541 3667 4610 πλουτήσαντες
3702 4544 3738 4610 ἢ
3802 4549 3957 4619 Χριο

2284 4632 2392 4698 στῷ
2419 4629 2485 4682 τὰ
2516 4622 2645 4682 ὄντα
2673 4628 3089 4705 συμμεριστέον,
3124 4627 3213 4683 τίνα
3258 4632 3372 4701 (47)
3401 4650 3517 4692 πως
3547 4630 3637 4686 καὶ
3665 4632 3730 4685 τὸ
3765 4628 3957 4707 ἔχειν,

2274 4862 2445 4917 codd.

2342 4931 2899 5011 (45),Βοηθοίην.-8ἰο
2931 4935 3046 4990 duo
3078 4935 3254 5006 Regg.
3288 4940 3345 4991 et
3376 4935 3472 4992 ΟΡ.
3502 4936 3555 4991 2.
3600 4935 3738 5003 Alii,
3788 4934 3959 5011 βοη-

2271 5003 2420 5072 θείην
2453 5006 2828 5076 [perperam].

2342 5078 2452 5149 (46)
2483 5075 2599 5149 Ὣςς
2621 5080 2833 5149 κοῦφοι.
2884 5077 3058 5134 Deest
3101 5076 3175 5138 ὡς
3221 5078 3279 5132 in
3312 5077 3582 5149 pluribus
3614 5079 3786 5134 codd.
3825 5082 3958 5136 Hic

2268 5146 2441 5203 locus
2464 5149 2518 5221 in
2546 5147 2647 5221 _0r.
2673 5152 2734 5221 Δ2,
2768 5146 3351 5221 aliisquepermultis
3379 5150 3463 5221 sic
3495 5149 3713 5221 legitur
3746 5169 3760 5206 :
3792 5153 3959 5205 x05-

2268 5240 2357 5293 φοι
2390 5219 2485 5293 καὶ,
2510 5216 2787 5280 εὐσταλεῖς
2817 5216 2951 5287 πρὸς
2980 5216 3072 5273 τόν
3102 5220 3233 5287 ἄνω,
3261 5226 3369 5277 etc.
3404 5220 3467 5277 In
3500 5216 3632 5277 aliis
3662 5238 3834 5291 vero,
3884 5230 3962 5279 ut

2264 5291 2322 5346 in
2354 5292 2546 5346 editis.

2337 5364 2446 5437 (47)
2476 5364 2587 5437 "Iv?!
2616 5381 2731 5422 πως
2769 5361 2857 5437 καὶ
2885 5362 2971 5437 Ατὸγ
3010 5358 3179 5437 ἔχειν,
3223 5366 3357 5429 etc.,
3412 5385 3440 5413 ‹‹
3470 5365 3534 5417 ut
3562 5361 3765 5437 aliquo
3796 5380 3963 5419 mo-

2263 5435 2354 5507 do
2386 5434 2442 5489 id
2488 5435 2664 5489 etiam
2696 5435 2851 5505 quod
2884 5434 3190 5503 habemus,
3235 5440 3540 5507 propmrea
3571 5436 3727 5505 quod
3767 5442 3959 5491 recte

2263 5504 2606 5577 habeamus,
2632 5509 2689 5560 et
2716 5504 3390 5563 communicemus'cum
3419 5505 3492 5561 iis
3523 5504 3625 5577 qui
3661 5523 3777 5562 non
3822 5508 3955 5561 ha-

2261 5576 2421 5642 bent,
2454 5577 2888 5652 sanctiﬁcetur;
2918 5597 2947 5631 ι
2986 5595 3195 5652 nempe
3224 5579 3480 5637 honesta!
3512 5576 3956 5649 possessionis

2262 5652 2439 5721 atque
2469 5648 2641 5704 ofﬁcii
2674 5650 2919 5707 ratione.
