4244 6216
392 420 498 485 881

1317 424 1606 486 ORATIO
1650 423 1804 485 XIV.
1840 456 1917 468 —
1946 423 2048 483 DE
2092 425 2527 489 PAUPERUM
2573 429 2871 489 AMORE.

3675 430 3793 493 889

395 549 478 608 διὰ
502 555 599 606 τοῦ
630 550 813 614 καλῶς
846 546 1014 626 ἔχειν,
1049 553 1305 627 ἂγιασθῄ,
1338 553 1425 607 καὶ
1466 558 1563 607 τοῦ
1603 558 1880 607 κοινωνεῖν
1920 558 2036 613 τοῖς

2147 554 2273 611 loco
2303 558 2565 612 omnium
2601 574 2795 613 rerum
2844 558 3175 615 elucremur
3201 577 3217 627 ;
3246 559 3333 615 vel
3383 564 3538 617 certe
3566 560 3797 617 Christo

399 644 468 716 μὴ
499 638 741 717 ἔχουσιν.
774 640 837 695 Ei
874 638 930 695 δὲ
958 641 1045 695 καὶ
1092 642 1373 716 σπείραιμι
1422 642 1638 715 ἐμαυτῷ
1672 642 1839 714 μόνῳ,
1891 642 2035 695 σπεί-

397 752 545 803 ραιμι
580 729 703 805 ἄρα,
736 730 825 784 καὶ
858 728 1021 785 ἄλλοι
1055 730 1273 807 φάγοιεν
1312 733 1444 804 (48)
1494 729 1581 784 καὶ
1626 729 1716 784 ἵνα
1763 729 1927 785 πάλιν
1959 730 2032 785 εἷ’-

394 842 475 875 πω
529 820 593 873 τὸ
650 823 747 873 τοῦ
806 814 954 873 Ἱὼϐο
995 820 1141 874 Ἀντί
1199 823 1373 894 πυροῦ
1430 817 1635 888 ἐξέλθοι
1696 841 1793 893 μοι
1849 817 2031 889 κνίδη,

393 909 501 964 ἀντὶ
546 905 603 962 δὲ
652 915 847 983 κριθῆς
897 909 1076 983 βάτος
1129 907 1341 962 καύσων
1395 905 1451 962 δὲ
1497 906 1692 981 ἄνεμος
1742 903 2031 978 ὑπολάϐοι,

394 998 475 1052 καί
508 996 762 1073 ὑφέλοιτο
798 995 1006 1069 λαῖλαψ
1036 996 1160 1057 τοὺς
1207 995 1372 1068 ἐμοὺς
1422 996 1645 1067 πόνους,
1681 995 1775 1051 ’ίνα
1821 997 1897 1059 εἷς
1952 1018 2035 1051 κε-

392 1088 471 1141 νὸν
527 1086 873 1157 κοπιάσαιμι.
924 1086 990 1138 Ei’
1037 1083 1093 1139 δὲ
1146 1088 1233 1139 καὶ
1268 1086 1548 1156 ἀποθήκας
1599 1083 2034 1158 οἷκοδομήσαιμι

395 1175 448 1230 ἐκ
474 1180 580 1229 τῶν
612 1177 728 1248 (49)
769 1179 1003 1247 μαμωνᾶ
1051 1174 1412 1248 θησαυρίζων,
1461 1176 1550 1229 καὶ
1602 1180 1856 1248 μαμωνᾷ,
1906 1176 2033 1229 ταῦ-

390 1287 452 1339 τῃ
478 1268 547 1337 τῇ
581 1262 732 1318 νυκτὶ
762 1264 861 1330 τὴν
905 1264 1089 1337 ψυχὴν
1137 1266 1247 1336 (50)
1298 1264 1681 1334 ἀπαιτηθείην,
1713 1262 1878 1339 λόγον
1932 1264 2032 1341 ὑφ-

394 1355 541 1426 έξων,
574 1354 647 1406 ὧν
680 1356 861 1412 κακῶς
893 1350 1243 1424 ἐθησαύρισα.

2145 661 2284 716 opes
2315 651 2529 702 nostraa
2560 649 3077 715 communicandas,
3116 654 3177 703 ut
3219 650 3357 720 ipsa:
3388 650 3631 706 honeste
3661 668 3796 722 pos-

2144 750 2342 803 sessaa,
2373 742 2431 789 et
2486 737 2843 807 pauperibus
2893 754 3091 793 earum
3154 740 3212 791 in
3274 744 3497 810 partem
3552 741 3793 807 vocatis,

2144 824 2453 878 sanctitate
2474 826 2728 896 quadam
2750 826 3290 893 imbuantur.Quod
3316 829 3361 881 si
3388 828 3527 882 mihi
3550 829 3658 899 ipsi
3684 829 3790 884 soli

2144 928 2357 977 seram,
2387 913 2469 967 ita
2499 931 2688 969 seram
2717 915 2911 983 velim,
2945 933 3145 970 verum
3172 923 3234 970 ut
3256 917 3349 970 alii
3371 918 3547 972 etiam
3570 919 3795 973 fructus

2143 1002 2354 1067 edant;
2390 1007 2583 1072 atque,
2619 1008 2681 1056 ut
2709 1004 2841 1058 Jobi
2890 1006 3080 1058 verbis
3105 1022 3311 1059 rursus
3344 1011 3474 1060 utar
3506 1024 3518 1062 :
3552 1009 3661 1061 Pro
3691 1008 3793 1061 tri-

2143 1092 2251 1144 tico
2277 1092 2495 1145 oriatur
2522 1092 2667 1145 mihi
2696 1094 2899 1161 urtica,
2931 1110 3027 1163 pro
3056 1094 3252 1147 hordeo
3290 1100 3473 1149 autem
3515 1097 3681 1151 rubus
3709 1097 3752 1130 ⁸⁷
3779 1113 3791 1163 ;

2143 1183 2352 1233 ventus
2384 1181 2555 1233 etiam
2584 1196 2757 1234 urens
2780 1184 2835 1235 et
2865 1183 3036 1235 turbo
3067 1181 3294 1236 labores
3320 1200 3477 1237 meos
3505 1183 3796 1254 excipiant

2145 1284 2211 1322 ac
2244 1268 2583 1339 surripiant,
2616 1273 2680 1322 ut
2728 1269 2784 1323 in
2835 1286 3048 1323 vanum
3099 1270 3501 1325 laboraverim.
3553 1272 3712 1337 Quod
3746 1272 3794 1325 si

2145 1356 2319 1412 etiam
2343 1357 2553 1411 horrea
2572 1370 2892 1425 exstruam,
2923 1359 3231 1414 thesauros
3255 1376 3321 1413 ex
3351 1376 3709 1427 mammona,
3742 1365 3800 1415 et

396 1458 745 1499 mammonae
778 1442 1108 1513 cumulans,
1144 1460 1257 1498 non
1290 1459 1491 1499 recuso
1540 1444 1861 1515 quominus
1909 1444 2017 1499 hac
2069 1461 2302 1518 quoque
2351 1450 2518 1501 nocte
2565 1446 2821 1502 animam
2874 1448 3229 1518 reposcar“,
3264 1448 3547 1503 rationem
3594 1464 3796 1504 eorum

397 1531 750 1592 redditurus.
780 1547 907 1602 quae
938 1530 1091 1586 male
1122 1532 1373 1603 aggessi.

460 1622 559 1677 ΙΘ’.
591 1619 663 1673 Οὐ
697 1620 1120 1697 σωφρονήσομεν
1170 1622 1281 1693 (51)
1332 1620 1431 1693 ὀψὲ
1469 1619 1596 1697 γοῦν
1633 1640 1647 1691 ;
1682 1621 1744 1676 οὐ
1799 1618 2033 1676 καταϐα-

394 1708 589 1782 λοῦμεν
620 1710 720 1777 τήν
750 1708 1100 1784 ἀναλγησίαν,
1127 1707 1218 1762 ἵνα
1243 1710 1318 1780 μή
1344 1708 1488 1785 λέγω
1516 1710 1873 1786 μικρολογίαν
1898 1714 2031 1785 (52);

393 1798 451 1853 οὐ
503 1800 571 1852 τὰ
636 1798 943 1872 ἀνθρώπινα
998 1796 1336 1871 λογιούμεθα
1406 1802 1520 1872 (53)
1581 1819 1594 1868 ;
1655 1799 1754 1854 οὐκ
1812 1800 1861 1854 ἐν
1920 1807 2035 1863 τοῖς

392 1886 581 1959 ὲτὲρων
612 1891 801 1948 κακοῖς
849 1888 917 1939 τα
963 1885 1204 1961 ημὲτερα
1253 1885 1315 1941 οὗ
1364 1888 1640 1983 (ἒήσόμεθα
1672 1907 1685 1957 ;
1720 1889 1883 1943 Φύσει
1939 1892 2032 1961 μὲν
2066 1919 2114 1983 Β

389 1977 483 2052 γάρ
538 1973 691 2030 οὐδὲν
741 1979 850 2030 τῶι
902 1974 1256 2050 ἀνθρωπίνων
1309 1972 1564 2050 βέϐαιον,
1626 1976 1750 2032 οὐδὲ
1802 1978 2033 2051 ὁμαλὸν,

392 2062 510 2120 οὐδὲ
543 2063 821 2140 αὔταρκες,
856 2062 979 2119 οὐδὲ
1025 2064 1113 2118 ἐπὶ
1161 2070 1267 2119 τῶν
1321 2065 1495 2119 αὐτῶν
1541 2067 1847 2140 ἱστάμενον·
1891 2066 2037 2122 ἀλλὰ

391 2152 587 2216 κύκλος
643 2175 726 2215 τις
784 2158 892 2208 τῶν
950 2152 1231 2227 ἡμετέρων
1288 2156 1600 2230 περιτρέχει
1660 2156 2033 2231 πραγμάτων,

391 2241 590 2298 ἄλλοτε
619 2241 793 2304 ἄλλας
826 2240 914 2296 ἐπί
966 2249 1092 2314 μιᾶς
1139 2244 1349 2317 ἡμέρας
1400 2243 1695 2314 πολλάκις,
1728 2243 1838 2299 ἔστι
1872 2243 1917 2299 δ’
1948 2244 2037 2300 ὅτε

387 2332 474 2386 καὶ
534 2330 680 2407 ὥρας
717 2376 730 2401 ,
794 2330 971 2408 φέρων
1035 2326 1366 2404 μεταϐολάς’
1424 2333 1513 2387 καὶ
1571 2330 1759 2407 αὔραις
1825 2332 2034 2405 μᾶλλον

389 2418 495 2475 ἔστι
529 2419 799 2474 πιστεύειν
841 2420 946 2495 οὐχ
977 2420 1319 2491 ὶσταμέναις,
1376 2421 1466 2475 καὶ
1510 2422 1642 2491 νηὸς
1672 2423 2037 2498 ποντοπορού-

391 2530 485 2578 σης
514 2508 711 2584 ἴχνεσι,
743 2509 833 2562 καὶ
874 2510 1066 2570 νυκτὸς
1116 2508 1420 2579 ἀπατηλοῖς
1474 2509 1759 2586 ὀνείρασιν,
1793 2514 1866 2565 ὢν
1900 2513 2034 2587 πρὸς

390 2597 579 2673 ὀλίγον
610 2599 645 2666 ἡ
698 2597 883 2673 χάρις,
926 2598 1015 2651 καὶ
1070 2597 1167 2652 ὅσα
1216 2599 1351 2652 κατά
1402 2598 1665 2671 ψαμάθων
1693 2603 1805 2673 (54)
1848 2600 2037 2662 παῖδες

385 2691 613 2741 τυποῦσι
645 2687 949 2757 παίζοντες,
998 2687 1033 2755 ἢ
1085 2686 1386 2761 ἀνθρώπων
1442 2687 1723 2765 εὐημερίᾳ
1762 2691 2035 2762 σώφρονες

390 2774 470 2846 δὲ,
504 2776 556 2830 οῖ
590 2773 677 2829 διὰ
705 2777 768 2830 τὸ
820 2776 896 2847 μὴ
946 2774 1216 2830 πιστεύειν
1264 2782 1381 2839 τοῖς
1430 2781 1685 2852 παροῦσι,
1733 2778 1797 2832 τὸ
1834 2778 2037 2851 μέλλον

390 2864 599 2926 ἑαυτοῖς
650 2863 1105 2939 θησαυρίζοντες⁶
1158 2864 1245 2918 καὶ
1302 2862 1391 2919 διὰ
1435 2866 1499 2919 τὸ
1545 2872 1645 2935 τῆς
1698 2868 2036 2939 ἀνθρωπίνης

392 2952 685 3027 εὐπραγίας
718 2954 945 3007 ἄστατον
992 2952 1081 3007 καὶ
1135 2953 1452 3025 ἀνώμαλον,
1496 2954 1595 3021 τὴν
1647 2954 1708 3009 οὐ
1740 2955 2037 3009 πίπτουσαν

392 3042 703 3117 ἀγαπῶντες
750 3041 1123 3118 χρηστότητα,
1171 3040 1262 3095 ⁹ίνα
1316 3046 1482 3115 τριῶν
1528 3040 1582 3096 ἓν
1636 3043 1697 3117 γε
1725 3065 1777 3097 τι
1821 3043 2036 3106 πάντως

389 3129 729 3207 κερδάνωσιν·
765 3132 799 3200 ἢ
851 3131 915 3186 τὸ
967 3133 1041 3205 μή
1100 3150 1232 3185 ποτε
1281 3131 1478 3206 πρᾶξαι
1531 3136 1731 3203 κακῶς,
1785 3131 1898 3186 ἐπεὶ
1948 3134 2035 3187 καὶ

387 3226 503 3282 τοῖς
556 3223 671 3294 (55)
724 3219 961 3283 ἆντεῦθεν
1016 3226 1282 3296 χρηστοῖς
1332 3217 1605 3282 πολλάκις
1661 3218 1924 3291 δεξιοῦται
1972 3222 2036 3276 τὸ

2214 1623 2350 1680 XIX.
2392 1626 2518 1681 Non
2566 1627 2801 1682 tandem
2836 1626 3152 1698 aliquando
3186 1627 3644 1697 resipiscemus?
3673 1626 3797 1683 Non

2148 1719 2447 1786 stuporem
2481 1721 2654 1786 atque
2684 1715 3084 1779 indolentiam,
3120 1733 3191 1769 ne
3232 1717 3418 1770 dicam
3454 1718 3608 1771 270
3638 1720 3798 1770 tena-

2147 1803 2404 1872 citatem,
2439 1805 2787 1874 abjiciemus
2805 1803 2832 1858 ‘I
2852 1804 2975 1859 Non
3004 1821 3092 1859 res
3116 1806 3404 1860 humanas
3427 1820 3560 1859 cum
3585 1805 3800 1860 animis

2147 1893 2365 1947 nostris
2386 1893 2925 1948 considerabimus?
2938 1894 3057 1947 Non
3086 1894 3143 1947 in
3167 1894 3411 1947 aliorum
3440 1893 3608 1949 malis
3627 1895 3799 1949 rebus

2148 1982 2361 2036 nostris
2384 1981 3008 2037 consulemus?Natura
3027 1982 3242 2053 quippe
3268 1983 3408 2037 nihil
3434 1989 3522 2038 est
3543 1983 3600 2037 in
3626 1984 3800 2038 rebus

2147 2070 2423 2125 humanis
2456 2071 2687 2124 ﬁrmum
2721 2076 2777 2125 et
2807 2071 3261 2141 aequabilemihil
3298 2073 3619 2138 sufﬁciens,
3650 2071 3795 2127 nihil

2147 2158 2203 2211 in
2238 2158 2442 2212 eodem
2476 2163 2631 2212 statu
2664 2164 2999 2213 constanter
3047 2176 3393 2229 permanens
3422 2178 3434 2227 ;
3468 2176 3667 2215 verum
3704 2178 3796 2215 res

2149 2252 2378 2313 nostrae,
2412 2247 2571 2302 velut
2617 2248 2776 2302 orbis
2830 2249 3091 2318 quidam,
3143 2249 3476 2312 volvuntur,
3511 2248 3657 2304 alias
3688 2248 3800 2305 alio

2146 2342 2587 2409 tempore,szepe
2608 2338 2784 2392 etiam
2809 2354 2924 2393 uno
2946 2340 3267 2409 eodemque
3291 2339 3401 2407 die,
3424 2343 3598 2409 atque
3624 2338 3799 2393 etiam

2148 2426 2445 2479 interdum
2479 2426 2679 2480 eadem
2728 2426 2892 2488 hora.
2927 2427 3281 2482 mutationes
3334 2428 3583 2481 ferentes
3612 2445 3624 2482 :
3659 2427 3801 2482 adeo

2148 2518 2211 2568 ut
2233 2512 2605 2569 instabilibus
2630 2513 2837 2581 ventis,
2872 2532 2937 2569 ac
2960 2516 3122 2569 navis
3146 2532 3246 2586 per
3268 2532 3428 2570 mare
3450 2516 3560 2570 iter
3588 2515 3803 2570 facien-

2147 2601 2225 2657 tis
2250 2601 2529 2673 vestigiis,
2563 2606 2619 2656 et
2649 2601 2957 2657 fallacibus
2988 2603 3175 2656 noctis
3208 2603 3538 2671 insomniis,
3571 2604 3803 2657 brevem

2146 2688 2505 2760 voluptatem
2537 2689 2936 2759 efferentibus,
2970 2690 3160 2759 iisque
3201 2690 3428 2760 ﬁguris,
3464 2707 3609 2760 quas
3641 2689 3806 2761 pueri

2148 2794 2251 2849 per
2272 2777 2475 2832 ludum
2504 2777 2561 2831 in
2587 2794 2763 2832 arena
2784 2778 3035 2848 ﬁngunt,
3068 2779 3210 2833 ﬁdes
3234 2779 3424 2850 potius
3446 2778 3643 2833 haberi
3679 2794 3808 2849 pos-

2148 2868 2429 2939 sit,quam
2455 2867 2763 2921 hominum
2789 2867 3582 2939 prosperitati.Sapientiores
3606 2872 3805 2923 autem

2150 2955 2401 3011 habendi
2454 2960 2594 3010 sunt
2638 2955 2699 3025 ii,
2753 2957 2875 3026 qui,
2938 2973 3070 3011 cum
3128 2957 3513 3028 praesentibus
3567 2957 3805 3012 minime

2148 3044 2351 3115 ﬁdant,
2388 3045 2585 3099 futura
2631 3044 2738 3099 sibi
2772 3051 3151 3112 coacervant;
3185 3051 3361 3117 atque
3410 3046 3483 3100 ob
3532 3046 3803 3099 humana:

2147 3133 2550 3204 prosperitatis
2570 3132 3043 3187 incertitudinem
3070 3138 3125 3188 et
3146 3133 3686 3205 inaequabilitatem,
3703 3134 3799 3188 be-

2149 3222 2456 3294 nignitatis
2488 3238 2790 3293 nunquam
2810 3221 3149 3292 collapsum
3172 3223 3436 3277 studium
3469 3222 3806 3294 amplexan-

388 3312 530 3364 θεῖον
562 3310 689 3371 τοὺς
724 3304 982 3377 εὐσεϐεῖς,
1031 3286 1369 3384 χρηστότητι
1416 3310 1479 3363 τὸ
1527 3311 1801 3382 συμπαθὲς
1832 3330 2036 3385 προκα-

2149 3315 2338 3375 tur,ut
2363 3327 2429 3365 ex
2454 3311 2644 3365 tribus
2664 3310 2757 3365 his
2782 3312 3106 3365 commodis
3129 3329 3312 3365 unum
3330 3312 3536 3366 saltem
3561 3311 3801 3367 omnino

392 3397 679 3471 λούμενον·
741 3399 777 3467 ἢ
834 3398 899 3452 τὸ
950 3397 1253 3473 παρρησίαν
1315 3395 1462 3473 ἔχειν
1524 3397 1575 3451 ἐν
1638 3398 1847 3461 ἑαυτοῖς
1902 3399 2037 3474 πρὸς

390 3487 540 3560 Θεὸν,
594 3489 670 3549 ὡς
710 3486 772 3541 οὐ
821 3484 911 3541 διά
954 3486 1161 3559 κακίαν,
1210 3485 1357 3541 ἀλλὰ
1404 3484 1491 3541 διά
1517 3508 1636 3542 τινα
1683 3491 1797 3559 (56)
1828 3488 2035 3542 οἰκονο-

395 3576 516 3650 μίαν
550 3577 1041 3645 κακοπαθήσαντες·
1094 3576 1152 3644 ii,
1201 3576 1263 3629 τὸ
1308 3573 1642 3643 τελευταῖον,
1693 3576 1766 3638 ὡς
1813 3576 2039 3654 ὀφειλο-

394 3667 557 3739 μένην
587 3665 831 3720 ἀπαιτεῖν
859 3665 960 3733 τὴν
1008 3664 1155 3739 παρὰ
1200 3668 1308 3719 τῶν
1357 3662 1413 3718 εὖ
1451 3664 1797 3739 πραττόντων
1848 3664 2035 3743 φιλαν-

382 3752 649 3828 θρωπίαν,
706 3755 767 3822 ἣν
822 3758 939 3816 τοῖς
990 3752 1260 3829 χρῄζουσι
1313 3754 1741 3828 προεισήνεγκαν
1772 3798 1786 3823 ,
1849 3751 2037 3823 δεξιῶς

382 3842 538 3899 αὐτοὶ
569 3844 920 3919 πράττοντες.

2149 3401 2591 3472 adipiscantur;
2627 3400 2929 3469 nimirum,
2962 3399 3050 3455 vel
3100 3406 3164 3455 ut
3194 3418 3497 3471 nunquam
3539 3401 3596 3455 in
3647 3400 3804 3455 mala

2148 3489 2431 3553 incidant,
2482 3490 2957 3560 quandoquidem
3008 3506 3157 3559 saepe
3188 3490 3342 3545 Deus
3382 3490 3626 3560 hujusce
3672 3491 3802 3544 vita:

2150 3578 2318 3632 bonis
2335 3578 2488 3633 viros
2512 3578 2636 3649 pios
2660 3577 3333 3644 cumulat,beneﬁcentia
3356 3579 3801 3633 beneﬁcentiam

2150 3684 2505 3737 provocans;
2536 3665 2621 3721 vel
2653 3667 2928 3722 ﬁduciam
2963 3668 3018 3719 in
3051 3668 3258 3739 seipsis
3292 3668 3443 3737 apud
3478 3667 3660 3721 Deum
3695 3666 3804 3721 ha-

2150 3757 2344 3823 beant,
2377 3762 2441 3810 ut
2472 3756 2571 3825 qui
2606 3772 2717 3810 non
2754 3760 2992 3827 prOpter
3021 3757 3211 3811 scelus
3243 3773 3309 3810 ac
3356 3756 3665 3827 ﬂagitium,
3699 3754 3801 3809 sed

2150 3848 2389 3916 propter
2436 3845 2929 3915 dispensationem
2982 3846 3297 3914 quamdam
3358 3844 3413 3897 in
3474 3842 3801 3897 calamitate

386 3938 727 4000 versentur;
759 3932 847 3988 vel
879 3932 1131 4004 denique
1162 3930 1593 3987 humanitatem
1625 3948 1750 3988 eam
1780 3936 1837 3987 et
1866 3932 2334 3999 beneﬁcentiam,
2367 3949 2564 4004 quam,
2590 3934 2730 3987 dum
2766 3932 3041 3987 secundis
3072 3933 3248 3987 rebus
3280 3936 3601 3999 uterentur,
3634 3946 3800 4003 egen-

386 4022 553 4078 tibus
584 4022 751 4094 prius
782 4021 1178 4089 contulerunt,
1214 4020 1287 4076 ab
1316 4019 1411 4089 iis,
1442 4020 1657 4091 quibus
1688 4037 1779 4077 res
1810 4037 2085 4092 prospere
2116 4021 2326 4090 fluunt,
2360 4038 2466 4074 suo
2499 4023 2751 4092 quodam
2777 4023 2911 4092 jure
2943 4026 3269 4090 reposcant.

454 4110 529 4166 κ’.
588 4110 679 4177 Μὴ
742 4107 1058 4183 καυχάσθω,
1122 4107 1305 4183 φησὶν,
1367 4108 1395 4162 6
1448 4107 1613 4185 σοφὸς
1661 4106 1713 4161 ἐν
1761 4111 1830 4181 τῇ
1876 4106 2037 4184 σοφίᾳ

380 4198 569 4269 αὐτοῦ,
635 4195 777 4271 μηδὲ
836 4197 864 4251 6
937 4195 1203 4258 πλούσιος
1278 4195 1329 4251 ἐν
1382 4200 1462 4268 τῷ
1534 4195 1761 4268 πλούτῳ
1822 4197 2031 4267 αὐτοῦ,

476 4285 519 4305 ἧς
852 4284 864 4305 \
1098 4289 1125 4300 ~
1190 4284 1210 4305 J.
1300 4284 1345 4305 Ι..
1448 4284 1461 4304 2
1536 4289 1564 4300 ~
1595 4304 1607 4317 .
1868 4285 1887 4305 ν,
2010 4287 2023 4303 \

384 4304 529 4361 μηοε
588 4288 615 4342 6
677 4284 895 4348 δυνατος
953 4285 1005 4340 ἐν
1058 4307 1128 4359 τῃ
1195 4305 1341 4360 ισχυι
1405 4306 1568 4339 αυτου
1674 4285 1769 4339 κᾶν
1841 4306 1916 4347 εις
1971 4307 2032 4340 το

2217 4114 2341 4163 ΧΧ.
2378 4111 2450 4164 Ne
2476 4109 2744 4179 glorietur
2790 4111 3031 4178 sapiens,
3064 4109 3251 4178 inquit
3282 4106 3401 4167 ille,
3432 4109 3493 4162 in
3522 4108 3799 4178 sapientia

2149 4214 2271 4267 sua,
2304 4214 2402 4253 nec
2429 4198 2577 4252 dives
2614 4199 2675 4251 in
2723 4198 2916 4269 apibus
2958 4200 3095 4263 suis,
3131 4213 3230 4251 nec
3275 4198 3435 4267 fortis
3488 4199 3544 4250 in
3588 4197 3798 4251 viribus

2141 4303 2257 4342 suzs
2282 4287 2327 4321 3°
2352 4312 2365 4351 ;
2394 4287 2623 4342 etiamsi
2656 4286 2726 4341 ad
2762 4303 3060 4342 summum
3095 4286 3355 4356 quidem,
3382 4284 3533 4339 alius
3566 4285 3797 4355 sapien-

378 4378 545 4451 ἄκρον
578 4376 706 4431 ὦσιν
758 4374 1110 4447 ἐληλακότες,
1158 4377 1186 4429 6
1238 4375 1333 4447 μὲν
1383 4374 1594 4453 σοφίας,
1646 4375 1675 4429 6
1708 4372 1765 4429 ’ὀὶ
1809 4395 2026 4448 περιου-

2146 4378 2252 4443 ιίω,
2284 4376 2433 4431 alius
2460 4376 2816 4441 divitiarum,
2851 4374 3003 4430 alius
3035 4375 3302 4445 potentiae
3329 4374 3628 4444 fastigium
3663 4388 3791 4444 per-

379 4466 525 4537 σίας,
556 4466 584 4519 6
636 4462 693 4520 δὶ
743 4461 1047 4535 δυνάμεως.
1098 4464 1239 4538 Ἐγὼ
1286 4460 1343 4518 δὲ
1389 4465 1685 4538 προσθήσω
1728 4464 1815 4518 καὶ
1847 4462 1879 4517 ἃ
1908 4462 2032 4517 τού-

374 4575 496 4617 τοις
526 4550 728 4608 ἓπεται·
765 4550 917 4622 Μηδὲ
971 4553 998 4607 6
1046 4548 1412 4626 περίϐλεπτος
1455 4552 1505 4607 ἐν
1537 4551 1606 4626 τῇ
1647 4549 1794 4625 δόξῃ,
1830 4550 1972 4625 μηδὲ
2003 4553 2031 4607 6

375 4642 609 4698 εὖεκτῶν
643 4641 694 4697 ἐν
722 4646 791 4715 τῇ
844 4641 1022 4716 ὑγιείᾳ
1068 4644 1203 4715 (57),
1259 4638 1399 4714 μηδὲ
1431 4642 1459 4696 ὁ
1490 4639 1660 4703 καλὸς
1710 4640 1761 4696 ἐν
1793 4645 1862 4716 τῇ
1894 4640 2029 4718 ὥρᾳ,

376 4730 525 4806 μηδὲ
554 4733 581 4786 ὁ
612 4731 729 4793 νέος
762 4731 812 4786 ἐν
845 4735 914 4805 τῇ
962 4731 1197 4802 νεότητι,
1235 4752 1311 4803 μη
1326 4727 1386 4785 δὲ
1428 4729 1479 4785 ἐν
1513 4727 1671 4785 ἄλλω
1705 4727 1893 4803 μηδενὶ
1923 4735 2029 4784 τῶν

369 4820 601 4877 ἐνταῦθα
646 4820 1046 4894 ἐπαινουμένων
1078 4865 1093 4891 ,
1144 4820 1189 4875 εἰ
1240 4817 1322 4875 δεῖ
1377 4817 1665 4875 συνελόντα
1704 4819 1897 4874 εἶπεῖνὶ
1933 4864 1946 4889 ,
2004 4820 2032 4873 ὁ

371 4910 481 4966 ὑπὸ
509 4908 707 4965 τούτου
758 4911 1075 4984 φυσώμενος
1312 4906 1443 4965 ἀλλ’
1488 4909 1523 4978 ἢ
1575 4908 1626 4963 ἐν
1674 4908 1855 4981 τούτῳ
1903 4929 2031 4964 καυ-

444 5040 489 5074 ⁸⁴⁷
523 5039 656 5094 Job.
692 5056 850 5108 χχχι,
879 5040 967 5094 40.
1045 5039 1088 5073 ⁸⁸
1119 5040 1257 5094 Luc.
1287 5055 1388 5093 xu.
1419 5038 1507 5095 20.
1587 5038 1632 5073 ⁸⁸
1659 5038 1868 5094 Jerem.
1904 5056 1981 5107 IX,
2011 5040 2102 5094 23.

592 5169 849 5250 διάγοι-εν.
883 5177 1005 5250 Ι)ῃο
1038 5173 1214 5250 Regg.
1248 5175 1305 5227 et
1328 5172 1430 5250 pr.
1460 5174 1517 5240 2,
1550 5171 1837 5247 φάγοισαν.

469 5244 562 5312 49)
590 5244 726 5297 Τῶν.
760 5247 821 5298 In
896 5244 1228 5313 uibusdam,
1262 5244 1379 5298 τοῦ.

465 5316 561 5382 50)
594 5314 816 5382 Ψυχήν.
848 5260 943 5371 3r.
970 5317 1005 5370 2
1030 5316 1214 5379 addit,
1251 5334 1376 5382 μου.

444 5332 561 5387 (δυ)
599 5332 816 5387 ψυχην.
848 5332 943 5371 ur.
970 5332 1005 5370 ιι
1030 5332 1214 5379 addit,
1251 5334 1376 5387 μου.

444 5388 559 5476 £511.!
596 5386 1066 5476 ἓωφρτξνήεῑομενλ
1089 5388 1227 5476 Ras
1263 5388 1383 5453 δωι
1417 5383 1878 5476 ῖυτφρονήσίέξεέξις

594 5455 991 5531 Μικρολογίαν.
1025 5460 1119 5515 Or.
1149 5455 1204 5526 2,
1239 5455 1630 5531 μικροψυχίαν,
1667 5479 1693 5505 ‹‹
1730 5456 2034 5528 pusillam-

368 5534 673 5586 mitatem.
707 5552 735 5577 ››

443 5602 562 5672 (53)
594 5598 960 5671 Λογιούμεθα.
995 5600 1167 5656 Coisl.
1206 5602 1254 5672 l,
1288 5596 1661 5671 λογισώμεθα.

470 5668 567 5745 54)
599 5668 904 5745 Ψαμάθωγ·
940 5672 1034 5728 Or-
1065 5676 1119 5745 2,
1158 5668 1410 5745 tisse);

470 5673 543 5726 54
601 5673 904 5743 Ψαμάθων.
940 5673 1034 5728 Or.
1065 5676 1100 5727 2
1158 5673 1277 5743 ψάμ
1327 5690 1410 5724 ον.

446 5673 568 5817 (55)
599 5742 747 5797 Ἐπεὶ
796 5741 884 5797 καὶ
933 5746 1072 5814 τοῖς,
1102 5717 1235 5800 ὀιο.
1285 5690 1539 5800 Ὲίιιὶυεε
1596 5762 1618 5793 α
1667 5742 2039 5815 Quandoqui-

2139 4464 2423 4520 venerint.
2458 4469 2571 4535 Ego
2612 4481 2743 4519 vero
2774 4481 2861 4527 ea,
2895 4481 3021 4535 quae
3066 4464 3159 4518 his
3209 4468 3605 4519 consentanea
3635 4466 3797 4529 sunt,

2141 4554 2411 4624 adjiciam
2440 4571 2454 4608 :
2478 4554 2592 4608 Nec
2622 4554 2817 4609 clarus
2846 4560 2903 4608 et
2924 4552 3188 4620 celebris,
3216 4554 3274 4607 in
3309 4551 3494 4624 gloria
3522 4567 3536 4617 ;
3561 4567 3666 4606 nec
3697 4552 3797 4621 qui

2142 4642 2419 4697 incolumi
2442 4642 2771 4697 valetudine
2793 4642 3092 4714 gaudet,in
3120 4640 3390 4707 sanitate;
3409 4656 3511 4693 nec
3534 4639 3797 4710 pulcher,

2142 4732 2198 4785 in
2238 4734 2432 4785 forma?
2468 4731 2842 4802 przrstantia;
2875 4727 3575 4799 necjuvenis,injuvenili
3600 4733 3793 4798 aetate;

2144 4837 2271 4887 nec,
2306 4827 2367 4875 ut
2399 4837 2517 4875 rem
2570 4837 2684 4875 uno
2719 4820 2890 4875 verbo
2939 4818 3312 4890 complectar,
3346 4817 3405 4871 in
3442 4816 3561 4872 ulla
3590 4816 3706 4872 alia
3736 4832 3798 4873 re

2144 4929 2213 4969 ex
2246 4912 2338 4979 iis,
2367 4929 2492 4982 qua:
2536 4912 2687 4983 apud
2719 4909 2997 4966 mortales
3051 4909 3209 4965 laudi
3258 4910 3574 4976 ducuntur,
3607 4906 3796 4964 elatus

2147 5173 2278 5228 dem
2311 5173 2584 5228 secundis
2612 5189 2839 5244 quoque
2873 5171 3046 5241 hujus
3078 5169 3206 5244 vitae
3232 5170 3408 5244 rebus
3437 5167 3591 5244 Deus
3610 5167 3802 5244 homi-

2147 5260 2251 5323 nes
2284 5246 2496 5316 pietate
2528 5239 2799 5323 prie—dites
2829 5239 2982 5323 sepe
3013 5241 3510 5323 com-plectiturmt
3542 5239 3803 5322 benigni-

2145 5321 2265 5443 tate
2285 5314 2401 5373 sua
2432 5314 2546 5373 eos'
2562 5316 2633 5371 ad
2666 5314 3054 5372 sublevandas
3077 5314 3325 5370 aliorum
3359 5314 3625 5368 miserias
3654 5314 3802 5365 invi-

2171 5405 2201 5443 e
2236 5430 2247 5442 .
2287 5411 2313 5437 ››

2171 5405 2247 5443 οι.
2287 5411 2313 5437 ››

2216 5461 2326 5527 (56)
2362 5458 2458 5511 Διά
2484 5477 2618 5512 τινα.
2655 5458 2825 5514 Deest
2854 5452 2942 5509 διά
2974 5457 3029 5511 in
3062 5456 3253 5512 tribus
3284 5455 3460 5527 Regg.

2220 5470 2326 5527 (.50)
2362 5470 2458 5511 Δια
2484 5477 2618 5512 τινα.
2655 5470 2825 5514 Ueest
2854 5470 2942 5509 οια
2974 5474 3029 5511 in
3062 5470 3253 5512 tribus
3284 5470 3443 5579 uegg

2220 5533 2325 5599 (57)
2356 5529 2571 5604 Ὑγιείᾳ.
2608 5530 2940 5604 Regg.__bm,
2971 5534 3027 5584 et
3056 5529 3150 5604 O_r.
3184 5530 3236 5595 2,
3272 5526 3366 5604 ᾧγι
3393 5546 3444 5595 ᾳ.

2220 5606 2330 5673 (58)
2362 5597 2950 5673 ψυσώμενοςζᾟίιιίυε
2986 5619 2997 5656 :
3033 5625 3059 5650 ‹‹
3095 5600 3165 5669 is,
3197 5597 3386 5671 quiin
3417 5614 3484 5653 ea
3513 5597 3768 5679 intuta!r

2183 5673 2243 5728 it.
2280 5698 2307 5723 ››
3634 5702 3637 5703 ν

2148 5689 2243 5729 οιι.
2280 5698 2307 5723 ››
3634 5702 3637 5703 ν

4140 4730 4141 4803 l

4140 4814 4141 4885 l

4140 4894 4141 4949 l

4137 5600 4141 5677 ί
