4244 6216
422 396 537 459 883

1664 390 1728 451 S.
1779 389 1821 451 G
1836 388 2149 451 REGORII
2197 392 2295 448 ΤΗ
2311 387 2589 452 ECLOGI

3712 397 3837 460 884

423 530 735 601 quisquam
758 532 815 582 et
832 526 1071 581 inﬂatus
1092 525 1403 596 glorietur;
1424 539 1626 579 verum
1646 522 1743 595 qui
1766 521 2070 595 gloriatur,

2201 520 2375 594 (θέσθω
2424 522 2451 575 ὁ
2499 523 2857 597 καυχώμενος
2908 525 3017 598 (59)
3071 523 3258 598 μόνον,
3307 524 3359 579 ἒν
3407 530 3484 598 τῷ
3516 534 3710 582 συνιεῖν
3740 531 3835 584 καὶ

425 619 533 674 hac
565 634 682 672 una
712 615 772 670 in
821 632 882 670 re
912 613 1210 686 glorietur,
1246 613 1398 683 quod
1452 613 1636 669 Deum
1686 616 1966 680 agnoscat
2013 626 2077 664 ac

427 707 685 777 requirat
706 705 833 769 9°,et
854 702 1330 758 calamitosorum
1354 702 1537 756 vicem
1561 700 1772 769 doleat,
1798 705 1975 771 atque
2004 700 2075 754 ad

428 796 682 849 futuram
715 792 892 846 vitam
928 791 1063 846 boni
1095 791 1397 862 quidpiam
1420 790 1530 845 sibi
1554 790 1845 845 recondat.
1866 788 2080 843 Caetera

427 882 581 938 enim
616 881 815 936 omnia
846 881 1002 935 ﬂuxa
1033 886 1090 935 et
1122 879 1349 951 fragilia
1380 885 1539 948 sunt,
1572 894 1658 945 ac,
1691 876 1851 932 velut
1881 878 1939 930 in
1963 876 2078 931 cal-

426 971 691 1024 culorum
714 968 873 1038 ludo,
894 968 1040 1023 alias
1063 970 1133 1023 ad
1159 968 1616 1038 aliosjactantur
1638 970 1695 1021 et
1716 966 2080 1021 transferun-

423 1064 522 1114 tur
550 1084 565 1125 ς
598 1075 703 1113 nec
755 1058 1079 1129 quidquam
1112 1062 1201 1111 est
1250 1056 1329 1109 ita
1361 1055 1716 1127 possidentis
1755 1054 2078 1126 proprium,

426 1149 579 1219 quod
608 1164 721 1202 non
746 1146 832 1201 vel
856 1146 1136 1216 temporis
1158 1150 1349 1199 tractu
1378 1144 1549 1199 finem
1574 1143 1883 1213 capiat,ve1
1904 1142 2082 1198 livore

426 1237 495 1290 ad
529 1236 677 1292 alios
727 1235 1107 1301 traducatur;
1141 1233 1263 1287 haec
1296 1250 1427 1288 vero
1477 1238 1636 1287 certa
1667 1238 1724 1287 et
1754 1235 1869 1287 lixa
1921 1236 2080 1296 sunt,

428 1327 577 1381 271
616 1340 720 1379 nec
752 1339 1013 1394 unquam
1046 1323 1327 1377 recedunt
1346 1338 1410 1376 ac
1434 1322 1797 1388 dilabuntur,
1823 1337 1928 1374 nec
1949 1335 2084 1391 spes

430 1411 763 1483 eorum,qui
794 1412 1067 1467 fiduciam
1102 1412 1159 1465 in
1193 1411 1284 1465 his
1309 1411 1688 1474 collocarunt,
1706 1410 2081 1465 frustrantur.

430 1505 508 1558 Ac
531 1502 675 1557 mihi
696 1502 813 1556 haec
836 1516 1065 1571 quoque
1087 1516 1265 1555 causa
1295 1516 1423 1555 esse
1445 1499 1693 1568 videtur,
1726 1515 1832 1554 cur
1854 1497 2084 1554 nullum

433 1592 680 1662 hujusce
712 1589 840 1644 vita:
881 1590 1099 1644 bonum
1133 1589 1473 1644 hominibus
1503 1592 1726 1644 certum
1759 1588 1838 1643 sit
1866 1604 1933 1643 ac
1964 1587 2088 1642 diu-

432 1686 698 1744 turnum,
732 1682 907 1750 atque
932 1676 1063 1746 hoc,
1097 1681 1160 1732 ut
1190 1677 1239 1732 si
1272 1677 1412 1748 quid
1453 1677 1637 1744 aliud,
1669 1680 1823 1732 recte
1855 1677 1926 1731 ab
1957 1676 2090 1731 arti-

435 1769 540 1823 ﬁce
567 1768 775 1833 Verbo,
806 1771 864 1821 et
909 1765 1200 1837 Sapientia
1228 1765 1331 1820 illa
1359 1771 1614 1821 mentem
1655 1781 1890 1820 omnem
1923 1781 2091 1837 supe-

2188 607 2426 677 ἐκζητεῖν
2458 610 2549 664 τὸν
2578 612 2728 684 Θεὸν,
2776 614 2866 667 καὶ
2912 612 3188 689 συναλγεῖν
3238 621 3355 677 τοῖς
3403 622 3699 693 πάσχουσι,
3742 620 3835 673 καὶ

2185 698 2320 772 πρὸς
2368 700 2430 753 τὸ
2480 698 2684 771 μέλλον
2733 702 2907 774 ἑαυτῷ
2950 724 2998 758 τι
3052 704 3294 779 χρηστόν
3342 704 3709 770 ἀποτίθεσθαι.
3759 710 3837 763 Τὰ

2193 787 2286 858 μὶν
2337 786 2439 863 γάρ
2490 787 2598 843 ἐστι
2650 790 2844 865 ῥευστὰ
2892 792 2981 845 καὶ
3032 792 3356 869 πρόσκαιρα,
3407 795 3517 866 καὶ,
3552 794 3730 872 ὥσπερ
3781 797 3834 851 ἂν

2188 873 2377 947 παιδιᾷ
2424 880 2642 955 ψήφων,
2693 877 2895 935 ἄλλοτε
2944 880 3019 943 εἷς
3053 880 3258 944 ἄλλους
3303 883 3840 961 μεταρῥιπτούμενα,

2188 965 2277 1020 καὶ
2339 969 2742 1040 μετατιθέμεναυ
2802 968 2891 1023 καί
2950 968 3103 1024 οὐδὶν
3162 970 3304 1025 οὕτω
3358 977 3456 1027 τοῦ
3508 974 3839 1049 κατέχοντος

2192 1050 2349 1126 ἴδιον,
2384 1056 2456 1117 ὡς
2485 1057 2519 1126 ἢ
2557 1058 2630 1129 μή
2680 1058 2867 1133 χρόνῳ
2915 1062 3179 1129 παυθῆναι
3221 1063 3353 1134 (60),
3386 1062 3421 1130 ἢ
3454 1062 3634 1139 φθόνῳ
3669 1085 3837 1136 μετα-

2189 1151 2429 1212 τεθῆναν
2461 1147 2527 1199 τὰ
2558 1144 2616 1200 δὲ
2659 1147 2863 1202 ἑστῶτα
2911 1149 3000 1202 καὶ
3053 1148 3299 1221 μένοντα,
3330 1150 3419 1203 καὶ
3470 1148 3669 1206 οὔποτε
3701 1153 3837 1206 ὑπο-

2193 1238 2502 1307 χωροῦντα,
2555 1232 2679 1288 οὐδὶ
2732 1236 3157 1307 μεταπίπτοντα,
3209 1235 3335 1292 οὐδὲ
3384 1236 3699 1314 σφάλλοντα
3742 1243 3843 1303 τὰς

2191 1326 2299 1375 τῶν
2332 1323 2764 1378 πεπιστευκότων
2814 1322 3060 1387 ἐλπίδας.
3113 1325 3271 1381 Ἀλλ’
3315 1326 3439 1398 ἐμοὶ
3487 1328 3581 1400 μὲν
3632 1329 3719 1382 καὶ
3752 1327 3846 1382 διὰ

2192 1415 2353 1465 τοῦτο
2386 1408 2553 1483 δοκεῖ,
2591 1409 2759 1485 μηδὲν
2807 1418 2914 1468 τῶν
2965 1414 3190 1478 ἐνταῦθα
3236 1414 3450 1491 ἀγαθῶν
3492 1418 3623 1471 εἶναι
3654 1419 3846 1472 πιστὸν

2195 1505 2308 1561 τοῖς
2353 1500 2694 1576 ἀνθρώποις,
2750 1499 2889 1574 μηδὲ
2935 1502 3306 1579 πολυχρόνιον
3341 1526 3353 1538 ·
3406 1504 3534 1559 ἀλλ’
3586 1503 3733 1581 εἴπερ
3793 1527 3849 1561 τι

2197 1585 2358 1661 ἄλλο,
2417 1589 2505 1644 καὶ
2561 1595 2723 1645 τοῦτο
2779 1589 2963 1653 καλῶς
3022 1596 3099 1664 τῷ
3156 1592 3380 1668 τεχνίτῇ
3435 1594 3594 1670 Λόγῳ
3639 1594 3727 1649 καὶ
3772 1600 3845 1670 τῇ

2198 1678 2368 1732 πάντα
2415 1684 2538 1732 νοῦν
2588 1679 2930 1756 ὐπερεχούσῃ
2980 1682 3155 1759 Σοφίᾳ
3204 1685 3661 1757 μεμηχανῆσθαι,
3718 1684 3847 1738 παί-

2202 1772 2375 1836 ζεσθαι
2408 1770 2555 1839 ἡμᾶς
2587 1767 2638 1822 ἰν
2666 1775 2783 1830 τοῖς
2817 1770 3140 1845 ὁρωμένοις,
3193 1768 3395 1825 ἄλλοτε
3444 1769 3630 1834 ἄλλως
3684 1793 3847 1845 μετα-

436 1862 622 1925 rante,
656 1859 873 1911 factum
904 1872 1053 1925 esse,
1087 1860 1150 1910 ut
1181 1872 1287 1910 nos
1316 1855 1377 1910 in
1409 1854 1501 1926 iis,
1534 1872 1658 1925 quae
1692 1855 1750 1909 in
1784 1858 2085 1926 aspectum

2201 1849 2567 1927 ϐαλλομένοις
2624 1857 2712 1911 καὶ
2776 1853 3202 1930 μεταϐάλλουσι,
3257 1858 3345 1913 καὶ
3404 1856 3514 1914 ἅνω
3563 1860 3655 1915 καί
3698 1862 3846 1915 κάτω

434 1946 672 2009 cadunt,
706 1949 880 2016 atque
909 1943 1054 1999 alias
1086 1943 1255 1999 aliter
1286 1948 1608 2008 mutantur,
1642 1949 1699 1998 et
1737 1947 1990 2010 mutant,
2024 1958 2090 1997 ac

435 2051 673 2091 sursum
725 2035 1118 2104 deorsumque
1176 2033 1445 2089 feruntur
1490 2037 1548 2088 et
1588 2034 1987 2098 invertuntur,
2023 2048 2090 2086 ac

434 2123 780 2194 priusquam
830 2138 1007 2176 manu
1038 2124 1371 2189 teneantur,
1406 2122 1625 2177 abeunt
1675 2126 1732 2177 et
1782 2120 2088 2193 eﬂ'ugiunt,

435 2210 1168 2282 eludamur,ut,perspecta
1189 2226 1392 2266 eorum
1415 2210 1799 2266 instabilitate
1821 2227 1885 2265 ac
1906 2208 2089 2265 varie-

434 2303 573 2367 tate,
625 2299 696 2354 ad
748 2299 956 2353 futura:
1003 2300 1131 2353 vitai
1176 2304 1407 2370 portum
1457 2299 1899 2356 contendamus.
1943 2298 2091 2363 Quid

436 2388 593 2443 enim
642 2386 994 2460 egissemus,
1027 2388 1075 2443 si
1109 2389 1466 2460 prosperitas
1498 2390 1667 2445 nobis
1712 2389 1883 2444 firma
1912 2392 2087 2455 esset,

437 2494 597 2547 cum,
627 2476 761 2532 licet
793 2477 948 2531 ﬂuxa
978 2482 1035 2532 et
1057 2478 1282 2549 fragilis
1313 2478 1409 2543 sit,
1443 2494 1629 2548 usque
1659 2494 1726 2533 eo
1748 2482 1945 2533 tamen
1978 2478 2089 2549 ipsi

436 2572 718 2637 tanquam
732 2565 985 2620 vinculis
1009 2565 1363 2637 quibusdam
1386 2565 1608 2621 astricti
1626 2567 2091 2637 simus,ejusque

440 2653 730 2726 voluptate
760 2658 936 2725 atque
961 2654 1287 2725 impostura
1312 2654 1369 2708 in
1394 2654 1545 2709 hanc
1573 2655 1907 2711 servitutem
1932 2656 2092 2711 reda-

435 2744 535 2813 cti,
564 2748 628 2798 ut
658 2742 802 2799 nihil
835 2744 1220 2815 praesentibus
1267 2743 1442 2798 rebus
1466 2743 1676 2799 melius
1698 2748 1874 2815 atque
1904 2745 2089 2800 excel-

433 2831 649 2887 lentius
681 2833 935 2903 cogitare
966 2832 1286 2903 possimus,
1314 2833 1491 2903 idque
1520 2848 1652 2887 cum
1703 2834 1772 2887 ad
1807 2834 1903 2888 Dei
1936 2835 2089 2889 ima-

430 2920 649 2990 ginem,
683 2936 810 2992 quaa
841 2924 899 2975 et
928 2936 1165 2975 rursum
1196 2925 1309 2986 est,
1340 2925 1397 2976 et
1427 2922 1500 2976 ad
1533 2937 1593 2976 se
1624 2921 1825 2990 trahit,
1859 2928 2089 2980 creatos

436 3025 543 3063 nos
573 3025 702 3064 esse
732 3009 1066 3073 audiamus,
1101 3025 1166 3064 ac
1198 3025 1547 3081 persuasum
1579 3009 1901 3066 habeamus
1928 3012 1955 3065 ?

496 3097 637 3153 XXI.
671 3098 803 3167 Qui:
831 3101 1074 3169 sapiens,
1104 3103 1155 3153 et
1186 3100 1465 3167 intelliget
1496 3099 1614 3156 haec
1644 3100 1685 3136 ⁹¹
1709 3100 1737 3155 ?
1777 3101 1915 3166 Quis
1945 3118 2087 3174 prte-

428 3187 720 3242 tereuntia
770 3187 1134 3259 prateribit?
1188 3187 1320 3258 quis
1368 3187 1681 3244 stabilibus
1729 3189 2087 3246 incumbet?

434 3276 570 3345 quis
600 3275 671 3329 de
700 3256 1088 3333 nrinsentibus
1120 3256 1599 3345 rebus,tanquam
1621 3277 1691 3331 de
1713 3277 2087 3345 abeuntibus,

2201 3276 2517 3349 ἓπιμὲνουσι

435 3363 755 3433 cogitabit?
785 3364 919 3435 quis
949 3365 1021 3420 de
1051 3364 1165 3432 his,
1202 3381 1327 3435 quas
1354 3364 1410 3419 in
1444 3380 1546 3436 spe
1578 3365 1769 3436 posita
1798 3372 2090 3434 sunt,tan-

438 3468 616 3523 quam
649 3453 719 3508 de
750 3453 925 3508 certis
955 3456 1012 3507 et
1041 3451 1445 3508 constantibus
1470 3452 1499 3507 ?
1524 3454 1658 3524 quis
1689 3470 1775 3521 ea,
1808 3471 1935 3526 qua
1964 3472 2094 3512 vere

442 3546 604 3607 sunt,
636 3541 709 3596 ab
761 3540 873 3607 his,
910 3557 1034 3611 quis
1065 3546 1366 3611 apparent,
1400 3541 1744 3613 distinguet,
1772 3548 1947 3615 atque
1998 3545 2096 3601 illa

444 3630 680 3700 quidem
711 3634 1006 3700 sequetur,
1030 3629 1150 3685 haec
1180 3646 1313 3685 vero
1337 3634 1671 3686 contemnet
1690 3648 1756 3687 ac
1780 3649 1882 3704 pro
1915 3634 2096 3689 nihilo

444 3719 737 3789 reputabit
756 3717 783 3773 7
801 3718 933 3790 quis
967 3717 1250 3790 picturam
1279 3734 1312 3773 a
1340 3718 1618 3774 veritate?
1636 3720 1769 3791 quis
1800 3726 2094 3777 terrenum

438 3806 881 3862 tabernaculum
915 3823 947 3862 a
978 3806 1195 3862 caelesti
1227 3807 1456 3863 civitate
1486 3826 1499 3876 ;
1524 3809 1657 3879 quis
1680 3812 2097 3882 peregrinatio-

441 3913 570 3970 nem
614 3898 685 3952 ab
740 3895 1138 3952 habitatione:
1174 3896 1305 3965 quis
1355 3896 1626 3953 tenebras
1678 3914 1712 3952 α
1758 3896 1886 3953 luce
1917 3917 1933 3951 :
1967 3900 2099 3970 quis

440 3968 652 4040 limum
686 3986 959 4056 profundi
992 4002 1026 4041 a
1055 3990 1208 4040 terra
1239 3990 1444 4041 sancta
1469 3986 1634 4056 ;quis
1666 4003 1901 4041 carnem
1933 4004 1966 4042 a
1986 3968 2102 4059 spi-

444 4073 608 4128 ritu?
639 4073 772 4143 quis
819 4073 1003 4129 Deum
1046 4091 1079 4128 a
1128 4075 1331 4129 mundi
1381 4074 1678 4147 principe;
1712 4075 1847 4146 quis
1897 4077 2101 4133 mortis

443 4161 715 4217 umbram
749 4178 782 4217 a
812 4161 928 4217 vita
954 4164 1311 4232 sempiterna
1337 4163 1632 4219 discernet
1655 4181 1667 4230 ;
1701 4165 1835 4236 quis
1857 4182 2104 4236 praesen-

444 4247 601 4303 tibus
633 4246 804 4302 rebus
838 4248 1067 4304 futuras
1097 4254 1290 4315 emet;
1324 4250 1459 4320 quis
1504 4252 1678 4308 ﬂuxis
1709 4252 1920 4324 opibus
1963 4270 2103 4325 opes

446 4340 783 4391 constantes
815 4341 875 4389 et
906 4353 1188 4407 perennes
1214 4354 1227 4404 ;
1262 4337 1394 4409 quis
1425 4340 1600 4395 rebus
1625 4341 1718 4408 iis,
1753 4358 1878 4412 qua:
1909 4359 2106 4414 aspec-

446 4423 531 4479 tui
567 4422 985 4493 subjiciuntur,
1007 4441 1074 4479 ea
1104 4441 1232 4495 quae
1254 4426 1326 4481 ab
1347 4426 1652 4484 oculorum
1679 4445 1855 4486 sensu
1881 4436 2106 4486 remota

445 4516 583 4569 sunt
613 4513 640 4567 ?
672 4513 878 4567 Beatus
927 4513 1168 4583 quidem
1200 4512 1321 4584 ille,
1364 4516 1463 4586 qui
1519 4517 1655 4584 haec,
1690 4518 1863 4572 Verbi
1912 4518 2104 4589 gladio

2200 1944 2522 2021 φερομένοις
2552 1965 2610 1999 τε
2655 1945 2745 2000 καὶ
2795 1946 3297 2022 περιτρεπομένοις,
3331 1947 3419 2002 καὶ
3450 1948 3576 2023 πρὶν
3626 1948 3849 2027 ληφθῆ-

2198 2053 2280 2087 ναι
2313 2032 2527 2086 ἀπιοῦσι
2575 2034 2664 2087 καὶ
2713 2034 3020 2111 φεύγουσιν·
3065 2034 3156 2089 ’ίνα
3196 2037 3257 2090 τὸ
3316 2035 3368 2090 ἐν
3413 2036 3628 2099 τούτοις
3678 2036 3849 2092 ἄστα-

2198 2141 2288 2174 τον
2317 2122 2406 2175 καὶ
2439 2120 2731 2195 ἀνώμαλον
2767 2126 3157 2199 θεωρήσαντες,
3188 2126 3324 2201 πρὸς
3351 2126 3413 2180 τὸ
3457 2123 3660 2199 μέλλον
3710 2138 3849 2199 μεθ-

2200 2211 2575 2285 ορμησώμεθα
2630 2212 2763 2284 (61).
2818 2212 2883 2268 Τί
2929 2212 3031 2287 γὰρ
3093 2211 3151 2266 ἂν
3208 2213 3562 2286 ἐποιήσαμεν,
3613 2214 3850 2277 ἰστῶτος

2196 2302 2293 2352 τοῦ
2324 2295 2381 2352 εὖ
2412 2299 2661 2373 πράττειν
2713 2302 2869 2372 ἡμῖν,
2920 2299 3103 2369 ὀπότε,
3156 2300 3216 2355 οὐ
3276 2300 3556 2374 μένοντος,
3586 2303 3846 2358 τοσοῦτον

2198 2386 2344 2457 αὐτῷ
2386 2384 2810 2461 προσδεδὲμεθα,
2865 2389 2952 2443 καὶ
3003 2389 3175 2450 οὕτως
3228 2392 3375 2462 ἡμᾶς
3425 2393 3460 2461 ἡ
3511 2391 3634 2467 πέρὶ
3682 2396 3848 2447 τοῦτο

2198 2472 2367 2545 ἠδονὴ
2396 2475 2484 2530 καὶ
2516 2476 2692 2546 ἀπάτη
2726 2475 2840 2553 ἔχει
2891 2474 3231 2551 δουλώσασα,
3280 2478 3419 2533 ὥστε
3469 2477 3637 2551 μηδὲν
3666 2487 3846 2555 κρεῖτ-

2196 2585 2311 2635 τον,
2348 2563 2486 2637 μηδὲ
2519 2563 2854 2640 ὑψηλότερον
2898 2570 3003 2621 τῶν
3044 2567 3327 2643 παρόντων
3376 2566 3703 2632 διανοεῖσθαι
3752 2567 3844 2623 δύο

2196 2655 2379 2708 νασθαι
2429 2658 2579 2726 (62),
2632 2654 2719 2709 καὶ
2767 2659 2933 2709 ταῦτα
2979 2657 3095 2709 κατ’
3152 2656 3333 2711 εἰκόνα
3386 2662 3518 2711 Θεοῦ
3567 2658 3844 2732 γεγονεναι

2196 2742 2284 2797 καὶ
2317 2743 2611 2804 ἀκούοντας
2641 2742 2727 2797 καὶ
2759 2743 3129 2814 πιστεύοντας,
3160 2747 3259 2814 τήν
3309 2747 3416 2800 ἄνω
3461 2767 3519 2800 τε
3562 2745 3720 2802 οὖσαν
3753 2748 3846 2801 καὶ

2197 2829 2334 2905 πρὸς
2366 2832 2558 2900 ἑαυτὴν
2590 2829 2853 2887 ἕλκουσαν
2891 2860 2905 2901 ;

2269 3100 2393 3154 KA'.
2426 3098 2517 3161 Τίς
2578 3100 2766 3177 σοφὸς,
2822 3100 2913 3154 καὶ
2972 3101 3190 3170 συνήσει
3244 3100 3456 3170 ταῦτα;
3496 3101 3587 3163 Τίς
3643 3122 3848 3177 παρα-

2200 3186 2484 3264 δραμεῖται
2541 3188 2607 3242 τὰ
2664 3187 3124 3264 παρατρέχοντα;
3172 3188 3253 3251 τίς
3308 3191 3671 3265 προσθήσεται
3726 3196 3851 3251 τοῖς

2571 3295 2585 3342 ;
2634 3274 2717 3339 τίς
2764 3278 2887 3352 περὶ
2928 3281 3035 3331 τῶν
3078 3277 3391 3350 παρόντων,
3451 3278 3525 3340 ὡς
3574 3278 3851 3334 ἀπιόντων

2204 3362 2618 3435 διανοηθήσεται
2650 3383 2663 3433 ;
2695 3364 2778 3427 τίς
2810 3365 2933 3440 περὶ
2977 3368 3086 3419 τῶν
3140 3364 3535 3440 ἐλπιζομένων,
3586 3368 3663 3429 ὡς
3704 3368 3858 3422 ἱστα-

2208 3454 2381 3526 μὲνων
2418 3472 2430 3522 ;
2461 3452 2543 3514 τίς
2594 3450 2862 3529 διαιρήσει
2906 3454 2973 3509 τὰ
3018 3449 3146 3508 ὄντα
3191 3454 3378 3510 καὶτὰ
3421 3454 3733 3532 φαινόμενα,
3765 3456 3859 3511 καὶ

2202 3548 2319 3604 τοῖς
2358 3543 2450 3615 μὲν
2482 3540 2687 3616 ἕψεται,
2731 3548 2838 3597 τῶν
2893 3540 2950 3597 δὲ
2999 3543 3321 3619 ὑπερόψεται
3358 3564 3370 3613 ;
3403 3545 3482 3606 τίς
3521 3547 3736 3623 γραφὴν
3767 3547 3861 3600 καὶ

2206 3630 2463 3700 ἀλήθειαν
2503 3630 2626 3701 ;τίς
2676 3632 2775 3701 τήν
2836 3633 2982 3687 κάτω
3034 3634 3262 3704 σκηνὴν,
3318 3633 3407 3687 καὶ
3457 3634 3557 3702 τὴν
3602 3633 3713 3688 ἅνω
3753 3634 3857 3689 πό-

2209 3719 2292 3776 λιν
2328 3738 2342 3787 ;
2382 3720 2464 3782 τίς
2514 3720 2799 3795 παροικίαν
2850 3722 2940 3775 καὶ
2987 3722 3261 3776 κατοικίαν
3314 3741 3328 3791 ;
3377 3722 3460 3785 τίς
3508 3722 3699 3785 σκότος
3752 3725 3861 3778 ἀπὸ

2205 3814 2302 3864 τοῦ
2335 3809 2512 3886 φωτός
2548 3828 2560 3878 ;
2593 3808 2673 3870 τίς
2707 3807 2825 3863 ἰλὺν
2882 3810 3048 3885 βυθοῦ
3098 3832 3186 3865 και
3236 3811 3388 3887 ἁγίαν
3432 3815 3532 3887 γῆν
3569 3832 3583 3881 ;
3616 3812 3696 3875 τίς
3730 3816 3863 3887 σάρ-

2208 3919 2277 3952 κα
2331 3898 2420 3952 καὶ
2479 3902 2690 3971 πνεῦμα
2740 3916 2754 3967 ;
2803 3897 2884 3961 τίς
2938 3899 3064 3954 Θεὸν
3122 3899 3213 3953 καὶ
3269 3904 3687 3976 κοσμοκράτορα
3730 3902 3860 3968 ςτῖς

2209 3988 2434 4042 θανάτου
2465 3987 2615 4041 σκιὰν
2640 4031 2653 4055 ,
2698 3986 2788 4042 καὶ
2842 3989 2986 4058 ζωὴν
3024 3989 3126 4057 τὴν
3179 3987 3399 4043 αἰώνιον
3436 3992 3549 4062 (63)
3582 4010 3596 4058 ;
3630 3991 3713 4051 τίς
3744 3997 3862 4052 τοῖς

2209 4081 2441 4152 παροῦσι
2464 4078 2526 4131 τὸ
2560 4075 2765 4148 μέλλον
2814 4076 3077 4147 ὠνήσεται
3106 4094 3120 4147 ;
3152 4078 3235 4139 τίς
3277 4083 3355 4149 τῷ
3405 4078 3579 4154 ῥέοντι
3629 4078 3862 4151 πλούτῳ

2208 4165 2300 4219 τὸν
2338 4166 2411 4237 μὴ
2448 4164 2710 4238 λυόμενον
2745 4184 2759 4235 ;
2791 4165 2874 4222 τίς
2906 4172 3022 4228 τοῖς
3054 4166 3355 4242 ὁρωμένοις
3376 4168 3444 4223 τὰ
3467 4170 3544 4241 μὴ
3578 4167 3863 4243 βλεπόμε-

2210 4275 2274 4308 να
2307 4273 2321 4322 ;
2354 4255 2631 4328 Μακάριος
2681 4255 2776 4327 μὶν
2836 4253 2947 4324 οὖν,
2997 4254 3145 4318 ὅστις
3197 4260 3363 4310 ταῦτα
3409 4253 3719 4332 διακρίνων,
3771 4256 3863 4311 καί

2213 4340 2436 4415 διαιρῶν
2466 4346 2535 4415 τῇ
2565 4347 2713 4415 τομῇ
2738 4348 2835 4398 τοῦ
2865 4344 3067 4418 Λόγου,
3119 4347 3187 4417 τῇ
3241 4341 3521 4420 διαιρούσῃ
3565 4346 3628 4400 τὸ
3676 4353 3864 4422 κρεῖτ-

2211 4451 2302 4485 τον
2350 4431 2456 4485 ἄπὸ
2501 4435 2598 4485 τοῦ
2647 4431 2900 4506 χείρονος
2949 4434 3083 4505 (64),
3135 4427 3419 4495 ἀναϐάσεις
3468 4433 3518 4488 ἐν
3568 4438 3638 4508 τῇ
3668 4433 3866 4509 καρδίᾳ

2215 4518 2377 4575 αὐτοῦ
2427 4516 2739 4589 διατίθεται,
2790 4519 2864 4582 ὥς
2914 4520 3018 4575 πού
3068 4542 3230 4599 φησιν
3267 4522 3296 4576 ὁ
3344 4524 3484 4584 θεῖος
3535 4519 3728 4595 Δαϐὶδ,
3774 4526 3863 4580 καὶ

448 4601 687 4658 meliora
718 4617 750 4654 a
779 4601 1168 4657 deterioribus
1219 4609 1475 4672 secante,
1510 4622 1820 4663 secernens
1856 4624 1921 4663 ac
1952 4608 2091 4663 divi-

2213 4610 2312 4678 τήν
2361 4605 2596 4663 κοιλάδα
2638 4614 2735 4664 τοῦ
2782 4607 3146 4683 κλαυθμῶνος
3204 4609 3404 4681 ταύτην
3624 4614 3864 4690 φεύγων,

446 4692 612 4762 dens,
647 4689 1026 4748 escensiones
1057 4691 1116 4746 in
1144 4693 1315 4749 corde
1342 4710 1448 4750 suo
1477 4696 1741 4768 disponit
1760 4697 1827 4767 θ’,
1860 4702 1920 4752 ut
1953 4715 2103 4770 quo-

446 4781 581 4835 dam
606 4780 731 4836 loco
755 4780 987 4837 divinus
1014 4781 1192 4837 David
1217 4781 1496 4854 loquitur,
1528 4789 1706 4856 atque
1736 4785 1887 4841 hanc
1918 4785 2103 4859 lacry-

448 4883 677 4923 marum
709 4868 917 4925 vallem
951 4870 1088 4925 totis
1134 4870 1360 4927 viribus
1406 4873 1661 4946 fugiens,
1693 4891 1819 4946 quis
1864 4892 2103 4931 sursum

446 4961 605 5028 sunt,
637 4959 843 5029 quierit
872 4960 939 5025 93,
976 4975 1040 5014 ac
1074 4960 1294 5016 mundo
1327 4978 1444 5017 una
1473 4979 1606 5018 cum
1655 4964 1883 5020 Christo
1915 4965 2105 5021 cruci-

2213 4697 2385 4766 ὁπόση
2421 4694 2644 4771 δύναμις
2675 4700 2809 4772 (66),
2836 4700 2905 4754 τὰ
2943 4697 3053 4755 ἅνω
3105 4704 3274 4771 ζητεῖ,
3322 4700 3412 4754 καὶ
3459 4702 3862 4777 σταυρούμινος

2212 4786 2405 4860 κόσμῳ
2461 4788 2593 4860 μετὰ
2642 4792 2899 4864 Χριστοῦ,
2953 4790 3170 4864 Χριστῷ
3213 4788 3540 4859 συνίσταται,
3590 4790 3681 4845 καὶ
3731 4798 3869 4862 Χρι-

2215 4880 2325 4947 στῷ
2374 4875 2795 4952 συνανὲρχεται,
2842 4883 2943 4947 τῆς
2993 4875 3171 4931 οὐκέτι
3227 4877 3670 4951 μεταπιπτούσης
3722 4886 3867 4950 ζωῆς

2217 4962 2341 5020 οὐδὲ
2381 4963 2669 5035 ἀπατηλῆς
2712 4964 3086 5043 κληρονόμος·
3143 4962 3205 5019 οῦ
3244 4968 3360 5040 (67)
3406 4967 3601 5040 μηκέτι
3654 4966 3863 5025 δάκνων

520 5090 565 5125 ⁹⁰
594 5090 809 5147 Jerem.
844 5110 919 5161 ix,
951 5095 1041 5150 24.
1118 5097 1160 5132 ⁹¹
1195 5097 1325 5152 Ose.
1358 5114 1476 5167 xxx,
1510 5099 1594 5153 10.
1672 5101 1716 5135 θ’
1748 5099 1899 5157 Psal.
1933 5117 2091 5157 Lxxx1

2201 5103 2247 5156 6.
2328 5102 2371 5136 93
2399 5100 2621 5157 Coloss.
2655 5117 2739 5172 III,
2773 5102 2823 5156 1.

448 5224 629 5351 Θέρὲ)
663 5226 1055 5302 Καυχώμενος.
1116 5230 1289 5287 Deest
1346 5231 1404 5287 in
1472 5232 1741 5305 pluribus
1801 5235 1979 5307 Regg.
2040 5239 2098 5289 et

520 5368 965 5447 (60)_lIa00ﬁvaz.
1017 5371 1111 5427 Sic
1143 5372 1321 5446 Regg.
1358 5391 1411 5443 a,
1443 5392 1492 5445 ο,
1527 5376 1585 5444 d,
1619 5376 1719 5447 ph,
1770 5380 1878 5431 etc.
1922 5376 2098 5446 Edit.,

446 5440 767 5505 παυσθῆναι.

518 5510 630 5590 (61)
662 5514 1170 5583 Μεθορμησώμεθα.
1225 5516 1401 5586 Regg.
1450 5533 1504 5583 θ,
1554 5532 1604 5583 c,
1640 5517 1698 5584 ἀ,
1752 5514 2098 5590 μεθυρμισώ-

454 5580 603 5650 μεθα.

521 5651 633 5717 (62)
664 5648 945 5711 Δύνασοαι.
981 5653 1153 5708 Deest
1182 5655 1241 5709 in
1273 5655 1368 5710 0r.
1399 5656 1454 5711 2.

526 5721 637 5788 (63)
667 5720 773 5785 Τὴν
805 5718 1045 5776 αἰώνιον.
1083 5728 1249 5779 Deest
1266 5726 1365 5792 τήν
1399 5726 1458 5780 in
1492 5726 1781 5796 pluribus.

2278 5235 2389 5305 (64)
2442 5237 2692 5309 Κρεῖττον
2745 5232 2851 5287 ἀπὸ
2869 5236 2987 5309 ⁸τοῦ
3030 5232 3303 5309 χείρονος.
3365 5237 3591 5308 Billius,
3626 5262 3655 5288 ι(
3688 5239 3867 5294 virtu-

2208 5310 2392 5378 tema
2421 5306 2557 5378 vitio
2588 5311 2820 5378 secante
2852 5306 3243 5378 distinguens,
3281 5330 3302 5358 ι
3339 5314 3453 5378 etc.

2282 5377 2394 5454 (65)
2427 5373 2665 5454 Κοιλλάδα
2711 5380 2813 5454 τοῦ
2850 5373 3210 5454 κλαυθμῶνος
3230 5373 3236 5375 ’
3257 5377 3480 5448 ταύτην.
3515 5380 3695 5454 Regg,
3727 5398 3781 5451 δ,
3809 5396 3861 5446 ο,

2210 5447 2267 5513 d,
2292 5452 2435 5523 εἰρη-
2463 5445 2697 5523 κοιλάδα
2719 5448 2917 5523 ταύτην
2948 5445 3453 5523 τοῦΑκλαυθμῶνος.

2282 5519 2623 5642 (ὃϐὶὉπόση
2676 5517 2925 5592 δύναμις.
2976 5520 3203 5593 Billius,
3257 5517 3286 5573 ἒ(
3339 5539 3514 5595 quam
3566 5522 3863 5578 celerrime

2312 5606 2373 5642 es
2407 5630 2419 5642 .
2456 5613 2484 5640 ››

2251 5596 2419 5643 otest.
2456 5613 2484 5640 ››

2210 5606 2520 5803 Ξζῖἱέῥῦ.
2554 5662 2649 5717 Sic
2681 5664 2859 5737 Regg.
2892 5680 2947 5730 a,
2977 5663 3097 5734 bm,
3131 5663 3234 5736 ph,
3265 5668 3375 5721 etc.
3408 5665 3582 5737 Edit.,
3614 5660 3679 5719 οὔ
3709 5666 3865 5737 [per-

2288 5749 2316 5786 r
2445 5773 2456 5787 .

2212 5745 2456 5803 peram].
