4244 6216
387 417 504 478 885

1308 419 1600 479 ORATIO
1645 419 1803 479 XIV.
1840 452 1915 463 -—
1946 420 2047 478 DE
2091 419 2523 480 PAUPEHUM
2574 417 2871 480 AMORE.

3674 418 3793 481 886

388 546 506 623 8?qu
537 546 625 601 ἰπὶ
660 542 809 617 ὀδοῦ,
842 543 966 602 οὐδὲ
1168 551 1350 619 τηρῶν
1387 548 1637 621 πτέρναν,
1670 548 1757 601 καὶ
1787 545 2029 625 κεφαλὴν

2152 549 2317 619 ﬁxus,
2350 566 2480 604 cum
2514 548 2744 604 Christo
2784 550 3056 622 resurgit.
3091 554 3148 605 et
3176 566 3307 607 cum
3354 550 3585 607 Christo
3615 549 3793 607 simul

386 635 745 711 τηρούμενος.
787 640 911 695 Τοῖς
962 633 1019 690 δὲ
1067 634 1283 696 λοιποῖς
1315 638 1448 707 ἡμῖν
1477 635 1662 697 καλῶς
1696 638 1722 689 ὁ
1752 638 1909 697 αὒτὸς
1942 637 2032 709 έμ-

387 720 491 794 6οᾷ
540 720 726 795 Δαϐὶδ,
774 722 954 798 ὥσπερ
1004 742 1085 785 τις
1141 724 1658 799 μεγαλοφωνότατος
1710 726 1877 799 κῆρυξ
1926 726 2029 780 ἀπὸ

388 813 603 887 ὑψηλοῦ
652 814 739 867 καὶ
779 810 1066 884 πανδήμου
1118 813 1492 888 κηρύγματος,
1547 811 1937 888 βαρυκαρδίους
1976 835 2032 868 τε

384 901 711 969 ἀποκαλῶν,
758 902 847 956 καὶ
898 902 1215 977 ἀγαπῶντας
1266 899 1479 975 ψεῦδος,
1529 903 1603 975 μή
1654 900 1858 980 σφόδρα
1884 924 2032 978 περι.-

384 990 605 1065 έχεσθαι
637 995 744 1044 τῶν
779 989 1095 1065 ὁρωμένων,
1133 988 1273 1060 μηδὲ
1305 988 1445 1044 ἄλλο
1474 1011 1525 1045 τι
1554 991 1589 1059 ἢ
1621 990 1781 1066 κόρον
1815 994 1929 1063 (69)
1952 993 2029 1045 ci-

382 1101 480 1134 του
511 1080 600 1133 καὶ
633 1076 781 1133 οἷ’νου
832 1084 939 1133 τῶν
993 1081 1385 1155 φθειρομένων,
1436 1086 1604 1133 πᾶσαν
1658 1081 1756 1148 τὴν
1800 1080 2033 1134 ἐντεῦθεν

387 1167 733 1240 εὐδαιμονίαν
770 1162 1199 1239 ὑπολαμϐάνειν.
1256 1168 1351 1221 Καὶ
1403 1168 1547 1241 τάχα
1592 1189 1696 1221 που
1744 1172 1903 1222 τοῦτο
1944 1169 2030 1222 καὶ

391 1258 418 1311 ὁ
456 1257 718 1331 μακάριος
769 1255 961 1309 ἐννοῶν
991 1256 1231 1331 Μιχαίας
1266 1259 1400 1329 (70),
1431 1257 1519 1310 καὶ
1567 1262 1673 1310 τῶν
1724 1258 1900 1331 χαμαὶ
1951 1256 2032 1333 έρ-

390 1345 645 1421 χομένων
694 1344 783 1399 καὶ
846 1341 1150 1399 δοκούντων
1207 1344 1413 1420 ἀγαθῶν
1472 1345 1981 1419 κατεξανιστάμενος
2017 1391 2029 1414 ,

392 1435 673 1509 Ἐγγίσατε
704 1478 721 1506 ,
778 1433 940 1510 φησὶν
985 1480 999 1505 ,

386 1526 644 1599 πορεύου,
707 1522 787 1576 ὅτι
849 1522 947 1576 οῦκ
1004 1519 1114 1576 ἔστι
1174 1544 1258 1575 σοι
1314 1522 1448 1591 αὕτη
1507 1522 1844 1585 ἀνάπαυσις’
1903 1530 2029 1578 τοῦ-

1060 1428 1237 1509 ὅρεσιν
1316 1434 1552 1495 αἰωνίοις
1599 1454 1611 1467 ⁶
1673 1435 1870 1489 ἀνᾶστα
1942 1436 2029 1489 καὶ

383 1635 449 1668 το
485 1614 579 1686 μὲν
613 1610 701 1667 οὖν
736 1614 846 1685 (71)
895 1609 1003 1682 ⁴ἤδη
1053 1612 1142 1665 καὶ
1190 1618 1305 1673 τοῖς
1351 1612 1583 1687 ῥήμασιν
1617 1612 1800 1673 αὐτοῖς
1836 1620 2031 1689 μικροῦ

384 1702 696 1780 σύμφωνον,
731 1702 811 1761 οἷς
842 1702 869 1754 ὁ
902 1700 1095 1775 Κύριος
1143 1702 1230 1754 καὶ
1280 1702 1474 1775 Σωτὴρ
1526 1703 1685 1773 ἡμῶν
1728 1699 2029 1757 διακελεύε-

381 1813 491 1859 ται,
540 1791 595 1844 τί
646 1789 819 1865 λέγων
867 1792 979 1862 (72)
1013 1808 1026 1857 ;
1062 1789 1369 1864 Ἐγείρεσθε
1420 1792 1553 1863 (73),
1606 1789 1822 1863 ἄγωμεν
1856 1790 2028 1845 έντεῦε

383 1882 489 1935 θεν*
547 1879 609 1933 οὺ
663 1878 791 1940 τοὺς
849 1878 971 1933 τότε
1025 1879 1266 1950 μαθητὰς
1324 1878 1486 1950 μόνον
1520 1878 1568 1950 ἐξ
1620 1877 1827 1933 ἰκείνου
1863 1880 2032 1953 μόνου

378 1966 477 2025 τοῦ
506 1968 680 2023 τόπου
714 1967 1040 2040 μετατιθεὶς,
1074 1967 1149 2028 ὡς
1184 1966 1242 2020 ἂν
1274 1966 1487 2037 οἰηθείη
1518 1989 1624 2036 τις,
1658 1966 1781 2023 ἀλλ’
1830 1969 1909 2022 ἀεὶ
1942 1968 2030 2023 καί

380 2059 585 2119 πάντας
628 2056 755 2119 τοὺς
806 2057 999 2111 ἑαυτοῦ
1050 2057 1296 2128 μαθητὰς
1347 2057 1453 2110 ἀπὸ
1501 2063 1605 2131 γῆς
1654 2060 1765 2130 (74)
1796 2057 1883 2111 καὶ
1927 2063 2030 2112 τῶν

381 2145 507 2223 περὶ
539 2148 641 2221 γῆν
676 2145 751 2208 εἷς
783 2144 1045 2219 οὐρανοὺς
1075 2144 1252 2200 ἕλκων
1285 2144 1373 2199 καὶ
1402 2145 1470 2199 τὰ
1499 2144 1742 2217 οὐράνια.

2141 638 2424 703 ascendit,
2458 638 2587 692 vitae
2619 655 2731 693 non
2771 639 2899 708 jam
2927 639 3160 694 caducae
3212 656 3278 695 ac
3312 638 3533 694 fallacis
3564 640 3745 695 hasres
3778 656 3791 696 :

2140 727 2241 781 ubi
2274 743 2387 781 non
2411 727 2537 797 jam
2570 727 2808 781 coluber
2840 728 3114 783 mordens
3145 729 3204 782 in
3234 728 3351 781 vita
3378 729 3444 796 3‘,
3478 744 3583 783 nec
3612 727 3798 783 calca-

2141 832 2315 871 neum
2370 816 2687 872 observans
2734 816 2797 882 θ’,
2850 818 3340 887 quemadmodum
3390 816 3578 889 ipsius
3624 822 3795 888 caput

2141 905 2499 959 observatur.
2546 904 2979 974 Superstitibus
3028 910 3218 960 autem
3280 907 3448 961 nobis
3504 905 3798 976 eleganter

2142 993 2295 1048 212
2327 992 2481 1046 idem
2534 992 2733 1062 David,
2769 992 2923 1046 velut
2970 994 3262 1064 quispiam
3305 1010 3489 1064 praco
3543 993 3797 1048 maxima

2140 1097 2278 1135 voce
2310 1080 2614 1151 praeditus,
2649 1081 2721 1133 ab
2752 1081 2978 1135 excelso
3010 1088 3066 1135 et
3101 1081 3335 1152 publico
3384 1081 3669 1153 praeconio
3707 1082 3794 1135 in-

2143 1169 2376 1232 clamat,
2412 1186 2614 1237 graves
2647 1171 2819 1225 corde
2852 1187 2956 1225 nos
2988 1170 3394 1240 appellans,ac
3427 1172 3797 1225 mendacium

2143 1259 2449 1331 diligentes
2480 1260 2545 1321 96,
2581 1275 2960 1330 monensque,
2996 1276 3067 1313 ne
3118 1260 3290 1314 rebus
3322 1260 3415 1326 iis,
3448 1275 3575 1328 qua:
3614 1259 3800 1315 oculis

2141 1353 2479 1413 cernuntur,
2514 1348 2778 1402 animum
2813 1354 3079 1402 nostrum
3114 1362 3467 1419 magnopere
3508 1349 3801 1418 adjunga-

2144 1454 2297 1506 mus,
2330 1453 2433 1491 nec
2464 1437 2739 1491 frumenti
2790 1436 2979 1492 solum
3014 1454 3079 1492 ac
3126 1437 3271 1501 vini,
3304 1453 3431 1507 quae
3477 1435 3643 1491 facile
3674 1451 3801 1491 cor-

2142 1532 2518 1597 rumpuntur,
2536 1526 2844 1580 saturitate
2876 1543 3106 1581 omnem
3133 1526 3312 1596 hujus
3335 1526 3461 1579 vitae
3484 1524 3801 1580 beatitudi-

2140 1633 2272 1669 nem
2305 1615 2640 1669 metiamur.
2669 1616 2827 1677 Quod
2844 1615 3019 1670 etiam
3040 1616 3258 1685 ipsum,
3286 1614 3802 1685 utopinor,beatus

2137 1704 2411 1760 Michaeas
2436 1704 3112 1774 animadvertens,atque
3134 1703 3298 1758 humi
3320 1702 3709 1773 reptantibus,
3734 1720 3799 1757 ac

2140 1795 2521 1849 bonitantum
2547 1792 2842 1864 specimen
2866 1792 3218 1847 habentibus
3240 1792 3534 1847 insultans
3562 1793 3799 1863 :Appro-

2136 1885 2421 1955 pinquate,
2471 1882 2678 1950 inquit,
2709 1881 2783 1936 ad
2830 1884 3042 1937 montes
3069 1885 3299 1936 aeternos
3329 1900 3347 1935 :
3377 1897 3540 1949 surge
3589 1885 3643 1934 et
3672 1897 3796 1935 am-

2142 1972 2288 2041 bula,
2321 1974 2455 2041 quia
2484 1987 2594 2025 non
2625 1976 2701 2025 est
2730 1971 2834 2025 tibi
2862 1972 2950 2024 hic
2978 1972 3191 2041 requies
3220 1971 3263 2004 9"
3289 1987 3302 2038 ;
3337 1970 3545 2025 iisdem
3591 1985 3795 2041 prope-

2142 2063 2383 2116 modum
2417 2061 2608 2115 verbis
2639 2060 3056 2131 utens,quibus
3079 2076 3184 2115 nos
3206 2060 3491 2115 Dominus
3513 2063 3713 2114 noster
3732 2075 3798 2113 ac

2141 2150 2404 2206 Salvator
2428 2150 2781 2215 inbortatur,
2814 2150 3014 2203 dicens
3043 2165 3055 2202 :
3091 2148 3525 2220 Surgite,eamus
3555 2147 3684 2202 hinc
3712 2147 3755 2181 οε
3782 2163 3796 2211 ς

385 2255 503 2293 non
535 2254 633 2293 eos
663 2239 917 2301 tantum,
951 2252 1096 2307 quos
1126 2239 1266 2290 tunc
1297 2235 1619 2307 discipulOs
1649 2237 1917 2303 habebat,
1952 2256 2020 2293 ex
2052 2238 2150 2294 illo
2180 2241 2465 2294 duntaxat
2512 2236 2637 2293 loco
2682 2238 3063 2304 transferens,
3097 2236 3595 2307 quemadmodum
3645 2235 3803 2306 quis-

389 2326 546 2399 piam
582 2327 826 2381 fortasse
856 2324 1188 2394 arbitretur,
1223 2325 1323 2380 sed
1355 2328 1412 2380 et
1442 2341 1694 2397 semper,
1725 2330 1784 2381 et
1814 2343 2018 2383 omnes
2063 2327 2385 2399 discipulos
2434 2343 2595 2396 suos,
2628 2344 2661 2381 θ.
2692 2331 2847 2382 terra
2877 2326 3170 2397 rebusque
3197 2325 3447 2381 terrenis
3500 2324 3572 2379 ad
3624 2322 3800 2379 omlos

391 2419 448 2471 et
480 2432 572 2470 res
603 2416 865 2470 cmlestes
896 2413 1258 2486 pertrahens.

470 2504 588 2558 KB'.
631 2504 950 2577 Τοιγαροῦν,
1004 2498 1469 2573 ἀκολουθήσωμεν
1528 2499 1637 2571 ἤδη
1696 2504 1775 2574 τῷ
1834 2504 1996 2578 Λόγῳ
2029 2551 2043 2575 ,

408 2593 731 2662 ζητήσωμεν
788 2590 887 2657 τὴν
936 2589 1133 2643 ἐκεῖθεν
1189 2589 1501 2661 ἀνάπαυσιν,
1554 2589 1797 2665 ῥίψωμεν
1830 2594 1927 2659 τὴν
1960 2592 2043 2645 ἐν-

402 2685 585 2743 τεῦθεν
635 2678 966 2753 περιουσίαν·
1018 2679 1047 2732 ’ὀ
1091 2676 1257 2733 καλόν
1311 2677 1421 2732 έστι
1468 2677 1695 2747 ταύτης,
1743 2685 1901 2734 τοῦτο
1954 2676 2047 2752 μό-

402 2790 495 2823 νον
544 2765 930 2842 κερδάνωμεν,
980 2768 1309 2839 κτησώμεθα
1352 2767 1448 2829 τὰς
1504 2768 1704 2822 ἑαυτῶν
1756 2770 1935 2843 ψυχὰς
1994 2769 2043 2822 ἐν

403 2854 825 2928 ἐλεημοσύναις,
878 2852 1194 2927 μεταδῶμεν
1244 2858 1351 2909 τῶν
1404 2851 1569 2911 ὄντων
1620 2863 1733 2919 τοῖς
1783 2858 2003 2927 πένησιν
2032 2905 2044 2928 ,

396 2942 493 2999 ἵνα
538 2945 603 2999 τὰ
654 2944 852 2999 ἰκεῖθεν
900 2943 1317 3017 πλουτήσωμεν.
1352 2946 1453 3006 Δὸς
1504 2942 1696 3021 μερίδα
1736 2946 1823 3000 καὶ
1854 2952 1921 3019 τῇ
1955 2951 2048 3020 ψυ-

403 3037 507 3109 χῇ,
545 3034 621 3106 μὴ
650 3037 719 3107 τῇ
753 3032 908 3107 σαρκὶ
959 3033 1141 3106 μόνον·
1194 3030 1283 3095 δὸς
1335 3031 1524 3105 μερίδα
1571 3034 1659 3088 καὶ
1686 3040 1764 3107 τῷ
1796 3037 1932 3106 Θεῷ,
1970 3038 2043 3107 μή

401 3127 483 3195 τῷ
531 3123 723 3195 κόσμῳ
785 3122 963 3194 μόνον·
1027 3120 1191 3199 ὕφελέ
1248 3124 1363 3194 (75)
1416 3143 1471 3176 τι
1524 3129 1625 3191 τῆς
1674 3126 1924 3199 γαστρὸς,
1971 3130 2049 3196 τῷ

402 3212 670 3284 πνεύματι
701 3212 1031 3287 καθιέρωσαν
1059 3231 1070 3243 ·
1124 3211 1361 3286 ἄρπασόν
1393 3232 1445 3265 τι
1491 3216 1588 3265 τοῦ
1617 3213 1808 3288 πυρὸς,
1843 3213 2047 3277 ἀπόθου

406 3301 613 3376 μακρὰν
641 3301 746 3355 ἀπὸ
774 3308 875 3370 τῆς
904 3300 1050 3355 κάτω
1084 3302 1195 3373 (76)
1228 3299 1535 3373 νεμομένης
1577 3300 1784 3379 φλογός
1814 3322 1824 3334 ·
1877 3304 2047 3378 ἅρπα-

2225 2505 2395 2561 ΧΧΙΙ.
2430 2506 2708 2572 Quocirca
2736 2506 2990 2560 Verbum
3016 2504 3142 2573 jam
3173 2500 3680 2573 sequamur,illam
3713 2516 3801 2555 rc-

2157 2594 2351 2666 quiem
2402 2610 2755 2665 quaeramus,
2785 2594 2964 2663 hujus
2996 2594 3123 2647 vitas
3154 2608 3292 2663 opes
3344 2595 3402 2643 et
3430 2589 3627 2660 copias
3657 2589 3803 2659 abji-

2156 2684 2418 2751 ciamus,
2452 2684 2560 2738 hoc
2592 2683 2806 2750 solum,
2839 2683 2992 2754 quod
3027 2682 3085 2735 in
3117 2682 3263 2753 ipsis
3310 2680 3443 2736 boni
3478 2684 3586 2747 est,
3616 2677 3804 2733 lucre-

2158 2788 2309 2842 mur,
2341 2789 2551 2843 nempe
2607 2776 2670 2825 ut
2727 2772 2956 2826 animas
3013 2775 3244 2826 nostras
3303 2769 3362 2823 in
3421 2768 3805 2839 eleemosynis

2157 2859 2866 2930 acquiramusfacultates
2892 2863 3121 2914 nostras
3136 2858 3488 2929 pauperibus
3510 2854 3807 2927 impertia-

2165 2954 2387 3017 mur,ut
2409 2949 2743 3004 coelestibus
2770 2950 3044 3003 ditemur.
3079 2947 3298 3002 Animas
3319 2962 3549 3017 quoque
3583 2948 3806 3016 partem

2157 3039 2375 3104 da,non
2406 3039 2563 3093 carni
2598 3040 2918 3099 duntaxat;
2953 3038 3067 3092 Deo
3091 3053 3323 3109 quoque
3344 3040 3566 3107 partem
3592 3035 3808 3099 da,non

2160 3127 2377 3181 mundo
2411 3132 2638 3181 tantum
2671 3145 2682 3193 ;
2716 3127 2901 3181 ventri
2935 3125 3153 3198 aliquid
3187 3124 3549 3192 subtrahe,et
3578 3121 3812 3194 spiritui

2158 3232 2467 3282 consecra;
2502 3216 2621 3288 igni
2654 3216 2874 3286 aliquid
2906 3216 3156 3286 eripe,ac
3175 3214 3372 3285 procul
3403 3229 3435 3268 a
3466 3214 3813 3283 depascente

2162 3306 2400 3359 ﬂamma
2430 3306 2712 3372 reconde;
2748 3322 2780 3360 a
2809 3310 3053 3373 tyranno
3086 3303 3260 3373 eripe.
3289 3318 3353 3356 ac
3385 3301 3624 3356 Domino
3655 3316 3813 3355 com-

403 3411 496 3443 σον
544 3394 642 3444 τοῦ
684 3391 982 3465 τυράννου,
1032 3389 1451 3444 καταπίστέυσον
1496 3395 1575 3461 τῷ
1632 3390 1897 3466 Δεσπότῃ.
1949 3394 2042 3454 Δὸς

2171 3396 2357 3450 mitte.
2394 3398 2468 3449 Da
2515 3362 2724 3465 partem
2754 3362 2985 3465 septem,
3017 3394 3127 3448 hoc
3174 3362 3265 3448 est
3290 3391 3426 3447 huic
3474 3391 3623 3460 vitae,
3656 3398 3816 3460 atque

410 3476 603 3551 μερίδα
631 3484 749 3539 τοῖς
805 3478 957 3547 ἑπτὰ,
1014 3482 1093 3549 τῷ
1140 3479 1240 3553 β.ῳ
1285 3477 1487 3551 τούτῳ,
1516 3478 1606 3533 καί
1646 3501 1709 3554 γε
1736 3486 1851 3543 τοῖς
1885 3482 2048 3551 ὁκτὼ,

403 3571 484 3638 τῷ
514 3566 646 3639 μετᾶ
674 3571 862 3621 τοῦτον
914 3569 1059 3638 ἡμᾶς
1108 3564 1466 3639 ἐκδεξομένῳο
1522 3564 1613 3629 δὸς
1665 3568 1879 3641 ὀλίγον,
1926 3574 2052 3643 παρ’

408 3656 471 3710 οὗ
500 3657 562 3710 τὸ
598 3654 783 3710 πλεῖον
836 3658 947 3728 (77)
997 3651 1166 3730 ἔχειςο
1220 3653 1311 3717 δὸς
1360 3655 1450 3710 καὶ
1479 3657 1541 3710 τὸ
1570 3662 1695 3725 πᾶν,
1728 3662 1805 3729 τῷ
1832 3658 1899 3711 τὰ
1924 3658 2053 3711 πάν-

404 3766 473 3799 τα
523 3747 635 3817 (78)
681 3745 1051 3820 χαρισαμένῳ.
1105 3741 1379 3801 Οὐδέποτε
1425 3747 1665 3815 νικήσεις
1726 3744 2048 3821 μεγαλοδω-

410 3834 532 3909 ρεὰν
565 3838 719 3903 Θεοῦ,
753 3832 847 3888 κᾶν
880 3834 1052 3887 πάντα
1082 3833 1223 3907 πρόη
1253 3836 1367 3906 (79)
1398 3836 1464 3887 τὰ
1494 3829 1641 3906 ὄντα,
1677 3834 1771 3888 κᾶν
1811 3841 1925 3896 τοῖς
1960 3834 2049 3889 οῦ-

408 3945 458 3977 σι
494 3923 712 3977 σεαυτὸν
746 3924 865 3995 (80)
908 3924 1169 3995 προσθῇς.
1204 3921 1307 3977 Καὶ
1352 3925 1513 3976 τοῦτο
1563 3924 1665 3997 γάρ
1700 3922 1808 3977 ἐστι
1842 3918 2050 3994 λαϐεῖν,

404 4013 469 4066 τὸ
499 4016 575 4083 τῷ
606 4015 721 4082 Θεῷ
770 4008 1011 4080 δοθῆναι·
1064 4010 1187 4065 ὅσον
1235 4009 1318 4064 ἐὰν
1355 4012 1467 4084 (81)
1508 4009 1825 4087 εἰσενέγκῃς,
1859 4013 2049 4067 πλεῖον

406 4100 489 4155 ἀεὶ
545 4101 609 4154 τὸ
668 4099 1014 4171 Αειπόμενον·
1061 4100 1150 4153 καὶ
1196 4097 1350 4154 οὐδὲν
1406 4096 1597 4162 δώσεις
1654 4096 1812 4168 ἴδιον,
1860 4100 1941 4155 ὅτι
1987 4103 2053 4155 τὰ

406 4188 580 4243 πάντα
621 4190 734 4261 (82)
782 4187 928 4263 παρᾶ
977 4192 1129 4243 Θεοῦ.
1180 4187 1283 4243 Καὶ
1333 4186 1513 4262 ὥσπερ
1564 4187 1662 4243 οὐκ
1707 4186 1846 4243 ἔστιν
1892 4190 2052 4264 ὑπερ-

408 4273 569 4346 ϐῆναι
601 4278 699 4344 τήν
749 4276 942 4330 ἑαυτοῦ
993 4276 1142 4329 σκιὰν
1196 4277 1589 4352 ὑποχωροῦσιν
1638 4278 1866 4331 καθόσον
1916 4279 2051 4353 πρό-

411 4386 529 4438 ιμεν
565 4367 698 4439 (83),
731 4363 908 4419 καὶτὸ
940 4363 1051 4418 ἴσον
1085 4365 1164 4418 ἀεὶ
1212 4366 1572 4441 προέχουσαν·
1608 4363 1733 4421 οὐδὲ
1774 4366 1905 4441 ὑπὲρ
1952 4368 2049 4436 τήν

407 4454 651 4531 κεφαλὴν
722 4453 961 4528 γενέσθαι
1038 4455 1293 4525 σώματος
1370 4453 1591 4530 μέγεθος
1662 4455 2049 4529 ὑπερκειμένην

2160 3485 2326 3557 aliam
2354 3487 2467 3539 octo
2498 3485 2559 3553 99,
2593 3484 2648 3537 id
2683 3489 2790 3551 est,
2822 3484 2873 3537 ei
2901 3500 3027 3554 quae
3051 3486 3184 3554 post
3213 3481 3363 3536 hanc
3386 3497 3491 3535 nos
3522 3478 3767 3551 excipiet
3800 3495 3811 3530 :

2160 3574 2235 3626 da
2260 3573 2534 3644 exiguum
2569 3572 2681 3641 ei,a
2712 3589 2825 3644 quo
2860 3570 3107 3626 multum
3140 3570 3317 3625 habes
3342 3585 3354 3623 :
3382 3569 3454 3623 da
3483 3569 3657 3623 etiam
3691 3582 3815 3621 om-

2163 3661 2259 3716 nia
2289 3662 2464 3733 ei,qui
2499 3662 2696 3716 omnia
2727 3660 3308 3728 donavit.Nunquam
3346 3656 3440 3712 Dei
3473 3655 3817 3710 munificen-

2162 3751 2303 3804 tiam
2361 3751 2580 3815 vinces,
2629 3750 2859 3804 etiamsi
2918 3747 3114 3803 omnia
3152 3751 3253 3801 tua
3310 3747 3460 3799 bona
3520 3740 3812 3813 projicias,

2161 3839 2389 3893 etiamsi
2422 3843 2476 3893 te
2508 3840 2684 3892 etiam
2738 3839 2929 3907 ipsum
2963 3836 3132 3891 bonis
3165 3835 3284 3888 tuis
3319 3833 3627 3901 adjungas.
3663 3829 3808 3883 Nam

2164 3927 2268 3982 hoc
2300 3943 2528 3998 quoque
2560 3928 2755 3997 ipsum
2788 3926 3047 3995 accipere
3076 3928 3184 3991 est,
3206 3936 3413 3991 nempe
3450 3922 3558 3974 Deo
3584 3916 3809 3972 donari.

2160 4020 2687 4085 Quantumcunque
2709 4011 3224 4083 contuleris,plura
3242 4015 3437 4065 tamen
3460 4007 3565 4062 tibi
3590 4004 3816 4077 reliqua

2160 4108 2333 4159 erunt
2364 4122 2376 4158 :
2412 4121 2516 4158 nec
2545 4103 2868 4174 quidquam
2903 4106 3071 4155 tuum
3117 4099 3305 4169 dabis,
3340 4094 3815 4169 quandoquidem

2162 4194 2359 4248 omnia
2390 4210 2421 4247 a
2453 4193 2567 4247 Deo
2603 4190 2941 4246 manant.Et
2970 4186 3467 4260 quemadmodum
3501 4199 3670 4238 nemo
3693 4197 3817 4236 um-

2162 4283 2325 4337 bram
2364 4298 2532 4337 suam
2569 4280 2849 4353 praegredi
2882 4282 3163 4350 potest,ut
3193 4292 3342 4346 quas.
3370 4276 3656 4343 quantum
3685 4286 3817 4341 pro-

2161 4370 2714 4443 gredimur,tantum
2739 4369 2915 4423 etiam
2931 4383 2992 4423 se
3016 4361 3820 4435 subducat,pariquesemper

2163 4459 2465 4515 intervallo
2499 4476 2603 4515 nos
2653 4457 2993 4525 antecedat;
3027 4472 3132 4511 nec
3163 4451 3420 4524 corporis
3466 4447 3820 4520 magnitudo

482 4563 535 4637 ἰγ
558 4561 701 4617 Gen.
746 4579 896 4633 xux,
928 4562 1016 4617 17.
1093 4563 1135 4597 ’5
1165 4562 1308 4618 Gen.
1342 4578 1426 4632 ιιι,
1462 4563 1549 4618 15.
1626 4565 1670 4599 ³⁸
1698 4563 1852 4620 Psal.
1888 4582 1965 4634 ιν,
1993 4566 2028 4620 3

2152 4583 2216 4637 q.
2292 4569 2333 4602 9⁷
2368 4566 2536 4623 Mich.
2595 4584 2654 4635 ιι,
2704 4567 2758 4637 9,
2812 4565 2898 4620 10.
2975 4564 3019 4597 ³⁸
3046 4564 3212 4619 Joan.
3244 4576 3358 4631 xu,
3389 4558 3477 4615 31.
3556 4556 3600 4591 ⁹⁹
3629 4554 3818 4610 Eccle.

408 4650 488 4702 ιιι,
519 4636 574 4688 2.

503 4750 574 4803 68
625 4743 785 4804 Οὐδὲ.
818 4749 881 4803 In
912 4746 1206 4820 pluribus,
1241 4744 1401 4820 μηδέ.

504 4749 596 4893 69)
628 4816 781 4889 Μηδὲ
810 4817 949 4893 ἄλλο
978 4840 1031 4874 τι
1062 4820 1097 4889 ἢ
1126 4819 1401 4893 κόρονβιο

408 5038 538 5092 vita
572 5036 926 5091 felicitatem.
962 5059 990 5085 ››

479 5108 593 5181 (70)
623 5107 885 5181 Μιχαίας.
931 5107 1024 5162 Sic
1075 5123 1279 5163 omnes
1330 5108 1496 5163 codd.
1550 5108 1700 5165 Male
1754 5108 1815 5164 in
1864 5109 2061 5181 editis,

426 5180 615 5250 Αμῶς.
731 5180 740 5181 ί

480 5252 595 5321 (71)
627 5244 753 5305 Οῦν.
788 5250 958 5321 Deest
986 5249 1044 5303 in
1078 5250 1179 5321 Οτι
1205 5249 1259 5321 _2.

483 5253 567 5321 (71
627 5253 753 5305 Οὗν.
792 5253 958 5305 Deest
986 5253 1044 5303 in
1078 5253 1173 5303 Or.
1205 5253 1259 5303 2.

483 5253 595 5392 (72)
627 5317 1021 5390 Διακελεύεται,
1063 5317 1117 5372 τί
1166 5315 1387 5393 λέγων;
1440 5321 1583 5393 Reg.
1633 5338 1682 5387 c,
1733 5317 2062 5393 διαλέγεται,

410 5416 437 5443 ‹‹
474 5390 922 5448 sermocinatur.
957 5414 985 5441 ››
1019 5392 1172 5447 Gabr
1224 5390 1279 5446 et
1323 5390 1774 5464 Combflegunt
1807 5411 1819 5449 :
1852 5390 1941 5460 rt;
1974 5390 2064 5446 λέ-

411 5484 611 5538 γωνκα
633 5464 786 5538 quid
809 5464 837 5519 ?
867 5464 1085 5538 dicens.
1116 5485 1145 5538 An

506 5530 599 5610 73)
630 5530 1078 5610 Ἐγείρεσθε-ΟΡ.
1107 5535 1160 5610 2,
1196 5530 1506 5610 ἐγείρεσθαι.

505 5604 599 5679 74)
630 5604 919 5679 Ἀπὸγῆς.
956 5607 1184 5680 Βθεᾏό,
1214 5604 1319 5658 ἀπὸ
1347 5612 1446 5673 τῆς
1477 5610 1595 5680 γῆς.

490 5674 599 5745 ⁷75)
624 5674 839 5753 Ὕφελε.
874 5680 966 5735 0r.
999 5674 1067 5744 2,—
1086 5674 1292 5753 ὕφειλε.

483 5681 601 5822 (76)
634 5749 767 5806 Ἀπὸ
796 5756 895 5819 τῆς
945 5747 1113 5819 κάτω,
1147 5752 1254 5805 etc.

628 4816 781 4889 Μηδὲ
810 4816 949 4894 ἄλλο
978 4840 1031 4874 τι
1062 4816 1767 4894 ἢίκόρον,νθνιο.ϐθ.δι’ί61ἰυ8
1800 4839 1813 4878 :
1850 4845 1877 4873 ‹‹
1910 4822 2062 4879 Neve

410 4891 590 4959 aliud,
623 4908 801 4965 quam
848 4892 1124 4949 frumenti
1158 4891 1213 4949 et
1240 4893 1381 4961 vini,
1414 4910 1538 4965 quae
1578 4894 1745 4950 facile
1794 4910 2061 4949 corrum-

410 4970 653 5037 puntur,
695 4963 1023 5037 satietatem
1074 4982 1201 5022 esse
1258 4963 1532 5037 putemus
1585 4970 1764 5022 totam
1812 4966 2061 5037 hujusce

2169 4754 2524 4832 depascitpr.
2562 4775 2589 4832 ›ξ
2622 4753 2715 4832 Sic
2764 4752 3047 4832 fteggzha,
3079 4765 3130 4815 ο,
3180 4749 3238 4816 d,
3288 4746 3409 4811 bm,
3459 4743 3557 4814 ph,
3607 4740 3825 4811 aliique

2170 4825 2389 4897 plures.
2424 4825 2595 4897 Deest
2622 4824 2767 4897 κάτω
2798 4824 2852 4877 in
2883 4823 3075 4878 editis.

2238 4876 2836 4983 (777)-il—l‘ielidvl.itegg.
2870 4876 2924 4963 ιι,
2976 4910 3025 4961 c,
3058 4892 3117 4955 d,
3150 4891 3250 4963 ph,
3302 4892 3360 4944 et
3403 4886 3501 4942 Or.
3549 4885 3608 4953 2,
3657 4876 3820 4937 κλέον

2174 4964 2371 5040 [ιζ’ριέο
2402 4964 2613 5037 πλέον).
2748 4964 2767 4966 θ
2789 4964 2807 4966 “
3078 5033 3091 5045 ι

2241 5040 2352 5109 (78)
2382 5038 2461 5094 Τὰ
2499 5037 2686 5094 πάντα.
2744 5037 2913 5093 Deest
2967 5032 3033 5087 τὰ
3077 5051 3137 5089 ιιι
3194 5032 3374 5103 Regg.
3423 5047 3477 5097 a,
3538 5029 3659 5095 bm,
3719 5026 3822 5099 ph,

2169 5112 2350 5253 ett(.79)
2386 5180 2556 5253 [Ιρὸῃ.
2586 5180 2647 5235 In
2684 5178 2973 5253 pluribus,
3004 5177 3171 5253 προῇ.

2242 5237 2354 5321 (80)
2388 5237 2611 5306 Σαυὲόν.
2662 5237 2752 5306 Sic
2782 5237 2969 5321 Regg.
3009 5237 3265 5318 b'm,’pb,
3298 5247 3355 5301 et
3395 5243 3491 5299 0r.
3522 5241 3576 5294 2.
3611 5241 3675 5295 In
3705 5237 3824 5306 ed.,

2173 5323 2530 5466 “(5:33am
2555 5394 2657 5466 ‘Sic
2690 5394 2864 5466 Regg:
2901 5392 3021 5456 bm,
3057 5389 3155 5462 ph.
3191 5389 3253 5466 In
3281 5385 3441 5466 edit.,
3474 5383 3557 5466 ἐν.
3623 5454 3633 5466 ⁸
3717 5446 3727 5466 ι
3766 5447 3778 5466 9

2245 5446 2358 5549 (si)
2386 5446 3020 5535 fiédéééféi‘é‘hegg.’
3049 5446 3101 5527 ἑ,
3134 5478 3185 5527 c,
3219 5461 3276 5525 d,
3309 5446 3440 5513 bm.’
3474 5454 3642 5510 Deest
3668 5446 3734 5503 τά
3764 5447 3825 5502 in

2176 5539 2360 5677 ed(sit)
2396 5606 2652 5681 Πρόϊμεν.
2706 5611 2794 5660 Ita
2826 5606 3006 5681 Regg.
3057 5606 3189 5681 bm_,_
3212 5601 3310 5674 pb,
3342 5603 3475 5681 etc.,
3505 5595 3564 5650 in

2178 5675 2372 5735 tamen
2444 5675 2677 5751 legitur,
2746 5677 3012 5751 προίμεν.
3082 5675 3235 5741 Alii,
3301 5675 3560 5744 προίεμεν

3656 5589 3828 5645 uibus

3652 5660 3825 5719 male.

507 5751 601 5823 76)
634 5747 767 5806 Ἀἑτὸ
796 5756 895 5819 τῆς
945 5747 1254 5819 κάτω,’θῐο.
1294 5771 1314 5799 α
1350 5752 1397 5802 A
1428 5748 1666 5808 ﬂamma
1694 5765 1821 5822 qua
1860 5748 2070 5807 subtus
2177 5752 2359 5823 Emr.)
