4244 6216
394 390 511 451 887
1644 388 1710 450 S.
1760 386 2129 449 GREGORII
2172 387 2566 449 THEOLOGI
3692 386 3814 448 888

398 541 579 598 supra
607 526 783 597 caput
812 538 940 579 sese
968 522 1167 577 efferre
1204 524 1416 595 potest,
1450 524 1651 594 utpote
1681 519 1833 593 quod
1875 533 2057 590 supra

2188 517 2374 572 ἱεὶτοῦ
2435 519 2730 590 σώματος·
2792 518 2965 580 οὕτως
3016 515 3140 573 οὐδὲ
3197 516 3278 579 οἰς
3337 514 3567 591 δίδομεν
3603 514 3829 586 νικῆσαι

400 628 613 685 corpus
662 627 895 683 semper
943 612 1199 667 emineat
1233 630 1246 667 :
1278 611 1482 667 eodem
1530 611 1700 665 modo
1750 608 1902 665 273
1956 612 2061 661 nec

2188 605 2319 662 hev.
2356 607 2428 659 Ού
2458 628 2557 682 γαρ
2589 606 2689 678 ἔξω
2718 628 2769 662 τι
2793 612 2898 662 τῶν
2934 607 3098 663 αὐτοῦ
3131 604 3377 679 δίδομεν,
3403 603 3537 661 οὐδὲ
3560 606 3697 680 ὓπερ
3722 607 3825 674 τήν

402 703 557 758 Deus
588 701 932 756 muneribus
981 700 1197 755 nostris
1229 699 1381 755 vinci
1432 704 1639 771 potest.
1672 698 1868 769 Neque
1907 696 2061 751 enim

2188 694 2373 749 ικείνου
2406 694 2740 773 φιλοτιμίαν.

408 790 911 862 quidquam,quod
932 795 1093 843 extra
1118 788 1275 844 illius
1300 790 1451 844 bona
1482 787 1578 858 sit,
1600 805 1703 843 nec
1726 788 1879 858 quod
1903 785 2062 840 illius

408 878 821 935 liberalitatem
855 882 1111 949 superet,
1140 878 1371 933 damus.

477 968 673 1024 XXIII.
708 970 969 1039 Agnoscs
1024 968 1178 1021 unde
1209 967 1389 1023 habes
1420 967 1575 1040 quod
1609 966 1712 1032 sis,
1755 964 1911 1037 quod
1944 962 2061 1033 spi-

408 1076 520 1123 res,
557 1058 710 1129 quod
761 1055 1057 1126 intelligas
1089 1060 1145 1110 et
1175 1056 1392 1128 sapias,
1426 1056 1698 1127 quodque
1739 1054 2061 1109 maximum

408 1147 675 1218 est,quod
703 1150 881 1199 Deum
906 1160 1243 1215 cognoscas,
1270 1161 1471 1216 speres
1490 1143 1767 1198 caelorum
1794 1156 2062 1213 regnum,

412 1234 652 1290 honoris
681 1233 1068 1305 aequalitatem
1104 1249 1236 1287 cum
1282 1233 1524 1305 angelis,
1558 1231 1753 1305 gloria:
1804 1236 2066 1285 contem-

420 1324 924 1395 plationem,nunc
938 1322 1173 1393 quidem
1189 1321 1246 1376 in
1270 1322 1525 1392 speculis
1548 1327 1605 1375 et
1626 1319 2065 1391 aenigmatibus,

411 1418 551 1467 tunc
576 1416 769 1465 autem
795 1410 1113 1480 pleniorem
1146 1427 1209 1464 ac
1236 1410 1563 1482 puriorem;
1587 1409 1738 1479 quod
1766 1408 1861 1462 Dei
1886 1406 2065 1471 ﬁlius,

408 1500 624 1556 Christi
669 1500 941 1563 cohaeres,
994 1504 1192 1568 atque,
1228 1503 1292 1554 ut
1340 1500 1616 1554 audacter
1663 1497 1891 1569 loquar,
1926 1496 2066 1551 deus

409 1589 587 1645 etiam
619 1589 807 1643 factus
838 1589 921 1642 sis
956 1604 967 1642 :
1004 1589 1159 1643 unde
1205 1588 1310 1642 tibi
1341 1588 1461 1642 haec
1492 1586 1711 1656 omnia,
1747 1591 1803 1641 et
1833 1602 1866 1640 a
1895 1601 2011 1656 quo
2040 1584 2067 1638 ‘I

408 1681 541 1741 Aut,
576 1681 638 1731 ut
670 1694 844 1749 parva
874 1677 1015 1746 haao,
1035 1676 1339 1745 oculisque
1363 1676 1628 1747 subjecta
1650 1675 1864 1743 dicam,
1896 1675 2066 1745 cujus

413 1781 653 1821 munere
683 1781 749 1820 ac
781 1765 1061 1820 beneﬁcio
1095 1765 1342 1820 intueris
1375 1765 1501 1820 caeli
1546 1763 2065 1836 pulchritudinem,

2244 963 2357 1017 Kl".
2396 967 2561 1025 Γνῶθι
2611 963 2781 1026 πόθεν
2825 983 2908 1017 σοι
2940 962 3002 1016 τὸ
3032 961 3184 1029 εἶναι,
3226 963 3287 1016 τὸ
3318 962 3569 1017 ἀναπνεῖν
3600 964 3663 1017 τὸ
3690 983 3829 1040 φρο-

2173 1057 2301 1105 νεῖν,
2340 1050 2466 1105 σύτὸ
2496 1052 2557 1105 τὸ
2606 1051 2880 1125 μέγιστον,
2932 1053 2995 1105 τὸ
3035 1052 3320 1125 γινώσκειν
3353 1051 3506 1117 Θεὸν,
3542 1049 3827 1125 βασιλείαν

2175 1140 2415 1214 ούρανῶν
2479 1138 2741 1210 ἐλπίζειν,
2801 1140 3047 1217 ἀγγέλων
3108 1139 3403 1211 ἰσοτιμίαν,
3462 1137 3622 1209 δόξης
3683 1151 3828 1203 θεω-

2177 1230 2312 1303 ρίαν,
2373 1234 2462 1283 νῦν
2516 1232 2613 1301 μὲν
2650 1230 2749 1298 τὴν
2789 1228 2840 1284 ἰν
2886 1229 3170 1303 ἐσόπτροις
3213 1250 3272 1283 τε
3301 1232 3413 1301 (84)
3444 1229 3532 1282 καὶ
3564 1228 3825 1303 αἷνίγμαο

2176 1339 2249 1389 σι,
2321 1314 2445 1372 τότε
2512 1316 2568 1373 δὲ
2611 1320 2715 1387 τὴν
2757 1317 3086 1393 τελεωτέραν
3146 1337 3211 1372 τε·
3252 1317 3341 1372 καὶ
3400 1318 3783 1389 καθαρωτέραν
3813 1334 3827 1348 ⁸

2176 1408 2290 1461 υἱὸν
2319 1408 2563 1478 γενέσθαι
2606 1408 2759 1477 Θεοῦ,
2810 1405 3259 1481 συγκληρονόμον
3309 1409 3563 1481 Χριστοῦ,
3611 1404 3831 1477 τολμή-

2177 1517 2269 1557 σας
2329 1495 2488 1564 εἴπω,
2546 1497 2635 1550 καὶ
2684 1494 2801 1549 θεὸν
2851 1495 3050 1564 αὐτόν;
3104 1495 3269 1550 Πόθεν
3321 1499 3597 1549 σοιταῦτα
3628 1495 3826 1563 πάντα,

2174 1584 2263 1639 καὶ
2294 1586 2439 1657 παρὰ
2486 1584 2671 1653 τίνσς;
2722 1584 2811 1650 ⁸8⁵,
2852 1581 2944 1639 ’ἶνα
2987 1584 3054 1639 τὰ
3088 1585 3255 1656 μικρὰ
3288 1583 3436 1657 λέγω
3465 1583 3554 1637 καὶ
3574 1584 3641 1637 τὰ
3676 1583 3830 1655 ὁρώ-

2181 1695 2332 1746 μενα,
2391 1674 2469 1735 τίς
2516 1671 2677 1728 ἔδωεὲ
2724 1692 2808 1728 σοι
2866 1670 3074 1735 κάλλος
3122 1672 3349 1749 ούρανοῦ
3385 1671 3626 1748 βλέπειν,
3659 1669 3831 1741 ἡλίου

2177 1760 2404 1836 δρόμον,
2454 1760 2690 1833 σελήνης
2741 1764 2855 1835 (85)
2901 1761 3125 1829 κύκλον,
3175 1762 3412 1837 ἀστέρων
3463 1759 3697 1833 πλῆθος,
3736 1759 3831 1815 καὶ

413 1871 653 1909 cursum
687 1853 852 1917 solis.
880 1853 1032 1909 luna:
1062 1854 1284 1920 orbem,
1311 1855 1571 1909 siderum
1604 1852 2065 1918 multitudinem,

2188 1851 2273 1918 τὴν
2308 1848 2357 1902 ἐν
2417 1848 2634 1911 τούτοις
2681 1853 2864 1917 πᾶσιν,
2918 1847 3098 1924 ὥσπερ
3143 1847 3195 1902 ἐν
3248 1846 3409 1923 λύρᾳ,
3465 1846 3829 1922 εὐαρμοστίαν

2246 1938 2258 1948 .
2342 1938 2384 1948 .-
2483 1938 2496 1948 .
2597 1937 2610 1948 .
2763 1936 2785 1948 η
3079 1936 3093 1948 .
3150 1941 3177 1948 -
3277 1935 3361 1948 ..ι
3458 1938 3470 1948 .
3728 1931 3761 1948 -

415 1959 689 2014 eumque,
736 1942 834 2014 qui
865 1942 923 1997 in
956 1942 1050 1997 his
1081 1942 1377 2007 omnibus,
1406 1941 1563 1997 velut
1592 1942 1649 1995 in
1702 1940 1825 2013 lyra
1854 1941 2061 2006 elucet,

413 2036 762 2087 concentum
794 2036 967 2102 atque
998 2031 1285 2101 ordinem,
1305 2047 1537 2102 semper
1565 2030 1767 2086 eodem
1800 2029 1974 2084 modo
2004 2045 2067 2084 se

414 2120 729 2175 habentem
757 2137 771 2187 ;
805 2120 1057 2190 partium
1090 2120 1229 2174 anni
1257 2119 1715 2185 vicissitudines,
1735 2122 2065 2188 temporum

410 2210 788 2276 mutationes,
822 2224 1112 2263 annorum
1146 2208 1576 2275 conversiones,
1609 2207 1724 2262 diei
1764 2206 2069 2277 noctisque

411 2314 609 2368 aequas
660 2297 976 2368 portiones,
1006 2301 1173 2352 terra
1226 2296 1660 2366 productiones,
1692 2296 1841 2350 aeris
1888 2294 2070 2349 fusio-

412 2403 571 2452 nem,
598 2386 800 2445 maris.
834 2385 970 2440 ﬂuxi
995 2384 1170 2440 simul
1195 2402 1259 2440 ao
1282 2385 1533 2451 stabilis,
1554 2384 1905 2439 immensam
1935 2383 2069 2439 lati-

410 2474 1018 2543 tudinem,ﬂuminum
1041 2474 1832 2545 profunditatem,ventorum
1852 2472 2067 2544 proﬂu-

412 2565 550 2620 via?
579 2563 721 2629 Quis
770 2563 874 2617 tibi
910 2563 1134 2633 pluvias
1183 2562 1361 2630 dedit,
1408 2562 1851 2634 agriculturam,
1885 2562 2067 2631 cibos,

419 2660 594 2719 artes,
628 2652 943 2723 domicilia,
978 2651 1154 2723 leges,
1189 2650 1765 2723 respublicas,vitam
1786 2651 1985 2705 mitem
2018 2654 2076 2705 et

418 2740 785 2797 humanitate
815 2738 1129 2804 excultam,
1161 2740 1478 2794 amicitiam
1512 2744 1569 2794 et
1618 2739 2072 2794 familiaritatem

419 2846 553 2884 cum
594 2845 681 2893 eo,
714 2844 848 2882 cum
896 2844 1009 2897 quo
1061 2827 1168 2881 tibi
1218 2826 1485 2898 cognatio
1532 2825 1885 2881 intercedit?
1920 2825 2078 2879 Unde

425 2919 605 2973 habes
663 2916 816 2988 quod
876 2915 1201 2971 animantia
1258 2915 1470 2986 partim
1528 2914 1804 2983 cicurata,
1854 2914 2081 2985 tibique

425 3007 689 3077 subjecta
718 3005 858 3067 sint,
876 3005 1088 3075 partim
1120 3002 1177 3057 in
1211 3003 1405 3058 cibum
1437 3002 1655 3058 tradita
1674 3006 1695 3056 Ρ
1714 3003 1855 3068 Quis
1878 3008 1933 3058 te
1954 3019 2080 3058 om-

433 3096 594 3149 nium
628 3110 975 3164 rerum,quae
1005 3092 1065 3147 in
1091 3097 1246 3147 terra
1274 3095 1434 3158 sunt,
1466 3091 1769 3147 dominum
1801 3097 1859 3147 et
1889 3108 2081 3163 regem

434 3182 782 3238 constituit?
802 3182 963 3249 Quis,
998 3198 1070 3237 ne
1102 3179 1334 3253 singula
1363 3196 1838 3248 commemorem,
1872 3198 1939 3236 ea
1959 3198 2083 3236 om-

2173 1938 2261 1993 καί
2293 1938 2437 2008 τάξιν
2468 1937 2727 1999 ὡσαύτως
2761 1936 3015 2013 ἔχουσαν,
3061 1936 3219 2012 ὠρῶν
3267 1935 3531 2012 ἀλλαγὰς,
3590 1931 3824 2009 μεταϐο-

2176 2027 2274 2089 λὰς
2322 2031 2545 2102 καιρῶν,
2602 2025 2859 2081 ἐνιαυτῶν
2913 2024 3226 2102 περιόδους,
3274 2026 3483 2099 ἡμέρας
3511 2024 3600 2080 καὶ
3632 2026 3830 2086 νυκτὸς

2178 2117 2506 2191 ἰσομοιρίαν,
2566 2121 2671 2189 γῆς
2730 2115 2996 2192 ἐκφύσεις,
3048 2114 3206 2189 ἀέρος
3256 2114 3440 2189 χύσιν,
3490 2112 3674 2183 πλάτη
3712 2116 3833 2187 (86)

2174 2205 2445 2275 Θαλάττης
2494 2204 2796 2275 Λελυπένης
2842 2205 2930 2260 καὶ
2987 2204 3305 2277 ἱσταμένης,
3362 2205 3497 2279 βάθη
3542 2207 3826 2275 ποταμῶν,

2179 2295 2385 2367 ἀνέμων
2460 2293 2726 2369 ῥεύματα;
2787 2294 2881 2355 Τίς
2954 2292 3157 2361 ὑετοὺς,
3238 2292 3531 2367 γεωργίαν,
3598 2292 3829 2368 τροφὰς,

2176 2383 2393 2459 τέχνας,
2427 2383 2687 2453 οἰκήσεις,
2720 2383 2947 2455 νόμους,
3008 2381 3288 2444 πολιτείας
3320 2385 3455 2453 (87),
3519 2382 3637 2456 βίον
3688 2380 3832 2451 ἤμε-

2182 2494 2295 2549 ρον,
2356 2472 2624 2527 οἰκείωσιν
2684 2473 2819 2546 πρὸς
2874 2472 2935 2526 τὸ
2991 2472 3279 2547 συγγενὲςς
3347 2470 3513 2524 Πόθεν
3571 2489 3661 2523 σοι
3718 2469 3826 2522 τῶν

2184 2562 2335 2631 ζώων
2380 2562 2447 2615 τὰ
2495 2561 2589 2634 μὶν
2638 2559 2919 2635 ἢμὲρωται
2971 2560 3059 2615 καὶ
3095 2555 3431 2628 ὑπέζευκται,
3462 2559 3528 2612 τὰ
3560 2555 3619 2612 δὶ
3644 2561 3826 2634 τροφῇ

2180 2646 2537 2723 παραδέδοται
2564 2668 2577 2717 ;
2612 2648 2709 2710 Τίς
2742 2666 2799 2703 σε
2827 2647 3010 2723 κύριον
3042 2650 3131 2703 καὶ
3185 2645 3409 2723 βασιλέα
3447 2649 3661 2701 πάντῶν
3694 2667 3828 2701 κατ-

2184 2740 2373 2807 έστησε
2405 2740 2518 2807 (88)
2546 2742 2651 2791 τῶν
2703 2736 2789 2790 ἐπὶ
2826 2738 2923 2804 τῆς
2968 2742 3106 2811 γῆς;
3156 2736 3266 2802 Τίς,
3311 2733 3405 2790 τίνα
3443 2737 3517 2807 μή
3552 2736 3669 2797 καθ’
3702 2734 3833 2789 ἔκα-

2186 2847 2308 2881 στον
2344 2825 2513 2899 λέγω,
2562 2825 2756 2896 πάντα,
2791 2824 2870 2886 οῖς
2901 2825 3126 2898 προέχει
3158 2829 3263 2879 τῶν
3300 2821 3487 2879 ἄλλων
3518 2820 3830 2897 ἄνθρωπος,

2188 2912 2536 2988 ἑδωρήσατο;
2570 2913 2688 2988 Ούχ
2714 2913 2896 2979 οὗτος,
2927 2912 2985 2974 δς
3024 2918 3112 2966 νῦν
3161 2912 3269 2987 πρὸ
3326 2911 3539 2966 πάντων
3591 2913 3681 2964 καὶ
3724 2910 3842 2965 ἀντὶ

2188 3005 2403 3057 πάντων
2454 3003 2594 3057 αἰτεῖ
2640 3003 2786 3077 παρᾶ
2826 3006 2923 3056 σού
2968 3002 3032 3055 τὸ
3080 2999 3503 3079 φιλάνθρῶπον;
3554 3001 3688 3054 Εῖτα
3745 2999 3847 3053 οὐκ

2191 3091 2571 3168 αἰσγυνόμεθα,
2631 3090 2679 3146 εἴ
2724 3094 2957 3146 τοσαῦτα
3001 3091 3130 3165 παρ’
3172 3090 3357 3161 αὐτοῦ,
3414 3089 3481 3144 τὰ
3512 3090 3605 3162 μὶν
3640 3082 3845 3144 λαϐόνο

2191 3202 2300 3249 τες,
2357 3181 2422 3234 τὰ
2458 3178 2513 3234 δὲ
2570 3178 2908 3248 ἐλπίζοντες,
2943 3176 3085 3251 μηδὲ
3131 3176 3184 3233 ἓν
3228 3184 3389 3233 τοῦτο
3421 3177 3729 3249 εἰσοίσομεν
3762 3180 3845 3247 τῷ

436 3273 554 3339 nia,
586 3271 803 3343 quibus
834 3271 1008 3325 homo
1039 3270 1263 3324 caeteris
1293 3269 1694 3324 animantibus
1716 3269 2076 3339 prmstat,lar-

2195 3246 2328 3342 Θεῷ,
2382 3270 2444 3324 τὸ
2492 3246 2875 3346 φιλάνθρωπον
2918 3246 3076 3342 (89);
3121 3265 3275 3325 Ἀλλ’
3305 3269 3333 3323 ὁ
3368 3267 3464 3339 μὲν
3495 3269 3598 3320 τῶν
3632 3246 3846 3340 θηρίων

434 3362 593 3432 gilus
624 3360 759 3415 est?
786 3359 990 3414 Nonne
1023 3363 1195 3426 Deus,
1227 3357 1329 3428 qui
1356 3373 1513 3412 nunc
1540 3374 1655 3429 pre
1699 3358 1995 3426 omnibus,
2027 3364 2083 3415 et

439 3468 538 3520 pro
572 3448 844 3504 omnibus
877 3447 1050 3502 rebus
1080 3445 1503 3518 benignitatem
1535 3462 1569 3500 a
1599 3452 1653 3501 te
1690 3446 1951 3501 vicissim
1984 3464 2083 3518 po-

435 3538 591 3594 scit?
623 3544 710 3592 An
738 3553 873 3591 vero
904 3552 1010 3590 nos
1059 3552 1171 3590 non
1203 3534 1463 3606 pudebit,
1496 3550 1630 3589 cum
1674 3538 1761 3590 tot
1805 3540 2085 3607 tantaque

433 3630 504 3681 ab
535 3644 621 3695 eo,
656 3625 868 3696 partim
917 3624 1336 3694 acceperimus,
1370 3624 1579 3694 partim
1621 3639 1947 3695 speremus,
1980 3642 2085 3680 nec

431 3716 538 3770 hoc
566 3714 802 3786 quidem
834 3730 1017 3767 unum
1048 3711 1161 3783 ipsi
1193 3713 1474 3778 conferre,
1510 3710 1791 3767 nimirum
1824 3713 2087 3785 benigni-

432 3811 611 3858 tatem
645 3806 668 3858 Ρ
697 3809 785 3857 An
819 3817 954 3856 cum
988 3800 1084 3855 ille
1113 3817 1218 3855 nos
1249 3817 1283 3855 a
1314 3801 1451 3855 feris
1495 3800 1865 3872 disjunxerit,
1899 3802 2087 3858 solos-

431 3910 561 3963 que,
604 3908 672 3947 ex
722 3889 999 3946 omnibus
1050 3889 1123 3943 iis
1171 3905 1296 3960 quae
1346 3889 1405 3943 in
1455 3892 1611 3944 terra
1658 3894 1816 3956 sunt,
1866 3889 2089 3946 ratione

429 3980 740 4044 ornaverit,
801 3979 911 4050 ipsi
971 3982 1175 4033 contra
1233 3977 1627 4048 nosmetipsos
1692 3977 2087 4046 eﬂ‘erabimus,

429 4074 779 4138 tantumque
808 4084 841 4123 a
870 4066 1274 4138 voluptatibus
1300 4070 1358 4121 et
1387 4064 2088 4139 deliciiscorrumpemur,

429 4163 531 4212 aut
562 4158 755 4211 furore
780 4156 1127 4225 efﬁciamur,
1161 4158 1282 4219 aut,
1315 4171 1429 4225 quo
1451 4155 1624 4211 verbo
1652 4154 1709 4209 id
1741 4156 2089 4227 exprimam,

427 4245 719 4311 nescio,ut
750 4242 926 4298 simul
959 4259 1091 4299 cum
1125 4258 1292 4298 maza
1322 4248 1381 4298 et
1413 4243 1760 4313 furfuribus,
1789 4260 1918 4316 quae
1941 4244 2092 4302 male

426 4336 675 4388 fortasse
698 4330 1177 4402 collegimus,nos
1201 4347 1436 4403 quoque
1460 4332 1860 4403 praestantiore
1883 4345 2093 4390 natura

426 4437 742 4493 essequam
759 4420 869 4491 ipsi
887 4419 1471 4486 sunt,existimemus
1489 4419 1518 4475 ?
1538 4421 1692 4477 274
1711 4422 2091 4494 Et,quemad-

430 4512 665 4567 modum
701 4508 862 4579 olim,
889 4514 955 4563 ut
989 4513 1171 4579 poetae
1196 4508 1554 4578 fabulantur,
1587 4526 1774 4582 genus
1799 4513 2088 4583 quoddam

501 4707 614 4779 (84)
644 4710 731 4760 Te.
765 4706 940 4779 Deest
972 4704 1031 4759 in
1063 4709 1317 4779 quatuor
1340 4705 1527 4779 llegg.

502 4774 617 4844 (85)
650 4777 920 4848 Σελήνης.
956 4774 1095 4847 Reg;
1123 4792 1179 4848 a,
1208 4776 1242 4844 ἢ
1262 4774 1534 4848 »σελήνῆς

500 4849 612 4921 (86)
646 4846 855 4916 Πλάτη.
893 4848 1033 4921 Reg.
1048 4846 1185 4915 ’bm',
1218 4846 1444 4917 πλάτος,
1469 4872 1496 4899 ‹‹
1532 4848 1929 4907 Latitudinem
1962 4868 2085 4909 ma-

434 4922 514 4976 ris
546 4937 673 4976 sese
721 4920 1073 4975 effundentis
1104 4928 1159 4976 ct
1212 4921 1578 4977 sustinentis.
1614 4944 1641 4971 ››
1675 4922 1839 4977 Ηυοο
1892 4922 2085 4980 locum

433 4992 665 5065 Nicetas
698 4992 807 5046 rite
836 4990 1072 5065 exponit
1105 5010 1117 5047 :
1149 4992 1377 5065 «(Unde
1408 4993 1579 5065 tibi...
1616 4994 1771 5065 quod
1805 5012 1985 5063 mare,
2012 4998 2085 5053 ob

434 5064 760 5119 naturalem
777 5063 1012 5133 quidem
1038 5063 1447 5120 humiditatem
1471 5063 1825 5130 solutum,ac
1847 5085 2085 5124 rursum

432 5135 586 5212 intra
615 5134 897 5212 terminos
927 5152 1065 5191 suos
1115 5136 1464 5205 consistens,
1496 5141 1671 5209 atque
1711 5154 1945 5212 arenam
1982 5158 2086 5212 pro

432 5206 619 5281 limite
646 5206 906 5281 habens,
944 5222 1047 5262 nec
1078 5223 1206 5263 eam
1258 5212 1489 5280 propter
1517 5206 1796 5265 creatoris
1847 5206 2084 5281 jussum

431 5278 766 5334 transiliens
789 5278 817 5332 ?
852 5300 877 5326 ››

500 5350 613 5439 (87)
648 5347 955 5408 Πολιτείας.
1014 5348 1189 5420 Regg.
1243 5366 1296 5416 8.,
1347 5367 1398 5416 ο,
1449 5350 1508 5419 d,
1566 5352 1623 5404 et
1670 5349 1767 5402 ΟΡ.
1816 5349 1870 5414 2,
1921 5346 2088 5402 πολι-

433 5440 601 5475 τειαν.

507 5492 620 5562 (88)
656 5488 1233 5562 Πάντωνκατὲστ-ησε.
1278 5489 1372 5546 Sic
1416 5489 1595 5562 Regg.
1645 5505 1698 5558 ιι,
1754 5505 1804 5557 c,
1856 5490 1913 5556 d,
1963 5489 2083 5557 bm,

440 5559 538 5632 ph,
572 5567 681 5615 etc.
718 5561 973 5632 In_e_dit.,
1003 5559 1311 5629 κατέστησε.
1356 5560 1588 5632 πάντων.

530 5625 622 5705 89)
652 5627 1067 5705 ίιξιλᾴνθρωπρν·
1101 5625 1236 5705 Ras-
1270 5648 1323 5697 αν
1356 5625 1717 5705 φιέάδελφρν-

508 5635 622 5769 (89)
652 5635 1067 5700 Φιλάνθρωπον.
1101 5635 1236 5701 Reg.
1270 5648 1323 5697 a,
1356 5635 1717 5705 φιλάδελφον.

532 5701 621 5769 90)
650 5698 935 5769 Ἐχώρισε.
972 5699 1110 5769 Reg.
1145 5701 1267 5766 bm,
1299 5705 1355 5756 et
1401 5700 1497 5754 Or.
1529 5702 1584 5769 2,
1635 5697 1885 5773 ἰχώρησι
1934 5703 2086 5775 [per-

2191 3361 2342 3431 ἠμᾶς
2373 3358 2605 3433 ἐχώρισε
2635 3360 2770 3429 (90),
2803 3356 2893 3411 καὶ
2925 3355 3078 3431 λόγῳ
3108 3355 3307 3429 μόνους
3334 3359 3445 3411 τῶν
3472 3354 3558 3410 ἐπὶ
3588 3361 3692 3429 γῆς
3741 3353 3848 3409 ζτί-

2198 3467 2366 3520 μησεν
2389 3465 2402 3478 '
2435 3449 2597 3517 ἡμεῖς
2626 3443 2683 3500 δὲ
2712 3448 2861 3517 ἡμᾶς
2891 3444 3086 3507 αὖτοὺς
3117 3445 3484 3521 θηριώσομεν,
3514 3443 3604 3498 καὶ
3647 3446 3845 3498 τοσοῦ-

2191 3558 2282 3591 τον
2320 3536 2421 3591 ὑπὸ
2448 3538 2546 3603 τῆς
2576 3539 2784 3612 τρυφῆς
2810 3532 3195 3612 διεφθάρμεθα,
3218 3533 3252 3602 ἢ
3282 3534 3620 3606 μεμήναμεν,
3651 3532 3712 3600 ἢ,
3746 3531 3847 3586 οὐκ

2196 3625 2309 3698 ἔχω
2337 3624 2389 3679 τί
2422 3623 2620 3697 λέγειν,
2653 3624 2790 3677 ὥστε
2822 3624 2963 3694 ὁμοῦ
3098 3622 3238 3696 μάζῃ
3266 3623 3355 3676 καὶ
3402 3627 3517 3682 τοῖς
3567 3620 3843 3695 πιτύροις,

2197 3713 2228 3768 ἃ
2256 3717 2369 3787 (91)
2423 3716 2600 3773 κακῶς
2661 3710 2794 3773 ἴσως
2841 3710 3205 3785 ἐπορισάμεθα
3250 3713 3383 3783 (92),
3432 3709 3521 3764 καὶ
3550 3710 3651 3777 τήν
3684 3709 3844 3786 φύσιν

2196 3803 2325 3857 εἰναι
2362 3800 2609 3877 βελτίους
2656 3800 2831 3855 αύτῶν
2878 3798 3209 3873 εἲησόμεθαὶ
3242 3799 3339 3854 Καὶ
3372 3796 3552 3874 ὣσπερ
3581 3799 3651 3867 ἦν
3681 3819 3735 3853 τι
3785 3800 3847 3853 τὸ

2196 3890 2454 3958 παλαιὸν,
2513 3890 2638 3945 ὅσον
2701 3889 2787 3944 ἰπὶ
2843 3894 2960 3951 τοῖς
3010 3887 3203 3960 μύθοις
3235 3890 3368 3960 (93),
3399 3887 3553 3963 γένος
3582 3886 3851 3963 γιγάντων

2196 3981 2285 4035 καὶ
2337 3983 2444 4034 τῶν
2503 3976 2714 4033 λοιπῶν
2766 3978 3083 4053 ἀνθρώπων·
3140 3976 3401 4031 οὕτωκαὶ
3431 3978 3596 4049 ἡμεῖς
3633 3976 3849 4036 τούτοις

2199 4068 2431 4141 ἐσόμεθα
2462 4065 2669 4141 ὑψηλοί
2697 4087 2756 4121 τε
2784 4065 2873 4121 καὶ
2907 4066 3039 4140 ὑπὲρ
3088 4067 3394 4136 ἀνθρωπον,
3441 4066 3553 4119 οἰον
3615 4059 3848 4140 Νεόρὼδ

2203 4161 2316 4232 (94)
2350 4157 2572 4224 ἐκεῖνος,
2603 4158 2637 4225 ἢ
2669 4156 2731 4211 τὸ
2776 4159 2873 4210 τοῦ
2924 4156 3083 4210 Ἔνὰκ
3138 4155 3313 4230 γένος,
3370 4150 3622 4210 ἑκθλίϐον
3674 4152 3849 4208 πάλαι

2198 4248 2290 4302 τὸν
2520 4242 2765 4318 Ἰσραὴλ.
2822 4245 2856 4313 ἣ
2906 4241 2974 4298 δι’
3025 4243 3117 4305 οὕς
3148 4245 3176 4298 ὁ
3206 4242 3586 4316 κατακλυσμὸς
3614 4243 3715 4311 τὴν
3750 4244 3854 4316 γῆν

2200 4334 2500 4411 ἐκάθηρεη
2534 4332 2632 4387 Καὶ
2666 4335 2693 4389 ὁ
2729 4334 2823 4407 μὶν
2856 4333 2956 4388 ούκ
2986 4332 3293 4408 αἰσχύνεται
3324 4334 3435 4402 (96)
3469 4332 3655 4407 Πατὴρ
3687 4334 3852 4404 ἡμῶν

2200 4424 2505 4495 καλεῖσθαι,
2536 4423 2665 4484 θεὸς
2700 4420 2773 4477 ὣν
2801 4424 2889 4477 καὶ
2923 4422 3218 4491 Δεσπότης·
3249 4422 3411 4495 ἡμεῖς
3442 4418 3605 4475 δὲκαὶ
3629 4421 3694 4476 τὸ
3718 4441 3851 4495 συγο

2202 4514 2353 4590 γενὶς
2386 4510 2730 4588 ἀρνησόμεθα
2754 4530 2768 4580 ;

2197 4710 2436 4799 Passi:

2264 4782 2378 4854 (91)
2404 4778 2500 4854 ’_’A.
2533 4782 2711 4854 Regg.
2747 4795 2800 4854 ιι,
2834 4779 2978 4854 c,_d,
3012 4778 3116 4854 οἷς.

2199 4848 2833 4979 έαξῗὲἐέὲξξξξᾶίμεθι
2886 4850 2981 4907 δίο
3011 4850 3209 4923 Plures
3264 4850 3442 4923 Regg.
3495 4848 3651 4904 Editi
3698 4864 3855 4919 vero,

2270 4941 2626 4978 ποοισαιιεσα.

2230 4944 2340 4997 μπο
2384 4943 2626 4993 ισαμεοα.

2270 4943 2381 5069 (93p)
2413 4993 2640 5069 Μύθοις.
2693 4992 2788 5050 Or.
2822 4995 2857 5047 2
2887 4992 3070 5069 addit,
3096 4990 3178 5069 the
3201 4988 3568 5069 ἀκούομεν-ει(
3600 4995 3670 5069 ut
3698 4990 3863 5047 audi-

2202 5063 2374 5134 mus,
2395 5090 2414 5116 ο
2451 5066 2733 5137 quodque,
2754 5065 3063 5137 (reperitur
3093 5064 3151 5118 in
3181 5064 3375 5137 _Basil.
3423 5063 3563 5119 edit.
3595 5068 3657 5118 et
3685 5079 3860 5137 agno-

2199 5141 2308 5195 scit
2338 5134 2689 5195 Gabrielius.
2721 5134 2857 5191 Non'
2879 5135 3068 5191 solum
3101 5135 3255 5191 enim
3290 5134 3594 5206 gigantum
3650 5134 3859 5206 memi-

2200 5228 2333 5267 nere
2385 5208 2727 5283 poetge,__s_ed
2773 5208 2903 5279 ipsa
2931 5206 3123 5283 etiam,
3156 5204 3324 5283 sacra
3354 5206 3682 5283 Scriptura,
3712 5204 3854 5261 Gen.

2194 5299 2274 5345 vn,
2309 5284 2341 5337 4
2364 5278 2570 5347 {unde
2600 5278 2683 5334 illi
2715 5278 3058 5344 hauserunt,
3076 5280 3133 5334 et
3160 5279 3427 5351 gigantes
3457 5278 3674 5333 ﬁnxere
3693 5293 3859 5333 mon-

2198 5360 2463 5409 struosos
2495 5351 2783 5409 quosdam
2814 5351 3163 5407 animantes.

2268 5425 2377 5495 (94)
2408 5416 2658 5495 Νεϐρῴδ.
2693 5422 2838 5495 Reg.
2867 5422 2967 5495 ph,
3001 5416 3257 5495 ῌεμρῴδ.

2268 5488 2378 5563 (95)
2411 5488 2914 5563 'Extl).l60v_1t§il&t
2964 5488 3090 5563 τόν(
3123 5488 3227 5563 ’8ἰο
3272 5491 3446 5562 Ilegg.
3493 5505 3547 5555 8,
3579 5505 3631 5559 c,
3686 5489 3743 5555 ἀ,
3796 5492 3851 5544 et

2195 5558 2290 5622 Ol“.
2323 5558 2375 5619 ἓξ
2409 5565 2579 5630 Editi,
2614 5558 2878 5618 ἑκθλίϐων
2906 5561 3076 5618 πάλαι
3111 5562 3195 5619 τό.

2266 5636 2379 5708 (96)
2408 5634 2752 5708 Αἰσχύνεται.
2786 5641 2925 5709 Reg.
2959 5637 3018 5706 ὁ,
3051 5630 3450 5708 ὶπαισχύνεται.
