4244 6216
490 403 605 465 891

1730 402 1796 461 S.
1840 398 2210 460 GREGORII
2255 398 2650 460 THEOLOGI

3777 402 3900 465 892

488 535 592 592 tim
608 532 984 606 supercilium
1011 550 1123 605 prae
1147 533 1403 589 amentia
1421 530 2137 603 tollunt,calamitosisque

2259 528 2346 595 τὴν
2383 527 2548 605 ὀφρὺν
2583 529 2686 585 ὐπὸ
2718 532 2793 605 (8)
2824 529 3033 595 ἀνοίας,
3075 531 3163 586 καὶ
3192 536 3311 594 τοῖς
3342 531 3602 608 ἀτυχοῦσι
3634 537 3739 587 τῶν
3770 555 3898 609 συγ-

491 623 754 695 cognatis
785 622 1245 677 misericordiam
1276 621 1614 689 occludunt,
1645 636 1780 676 cum
1813 636 1918 675 nec
1949 635 2017 675 ex
2046 635 2144 673 su-

486 711 729 784 perﬂuis
776 712 1016 781 quidem
1068 711 1243 766 rebus
1294 712 1364 766 ad
1416 710 1779 766 necessarios
1820 708 1951 765 vitae
2004 724 2144 762 usus

490 816 662 872 opem
694 799 837 871 ipsis
870 800 1017 854 ferre
1048 800 1106 855 in
1139 801 1403 855 animum
1435 800 1739 865 inducant,
1762 800 1817 868 (ο
1850 798 2144 869 ingentem

493 887 846 945 stultitiam!
882 905 913 942 o
946 888 1305 961 singularem
1336 889 1662 944 vecordiam
1693 888 1730 958 l)
1763 904 1887 958 nec,
1921 886 1969 941 si
2002 884 2145 940 nihil

490 976 676 1043 aliud,
707 975 852 1030 illud
906 977 1143 1047 quidem
1195 978 1471 1048 cogitent,
1525 978 1679 1047 quod
1732 980 2046 1047 paupertas
2094 983 2149 1028 et

492 1063 727 1131 divitiae,
763 1064 1143 1136 libertasque,
1178 1071 1241 1121 ut
1273 1066 1661 1138 appellamus,
1694 1070 1751 1121 et
1779 1064 2049 1132 servitus,
2082 1079 2148 1117 ac

492 1158 697 1209 caatera
728 1153 906 1224 hujus
956 1154 1187 1226 generis
1220 1155 1481 1223 nomina,
1515 1159 1717 1225 postea
1747 1154 1805 1208 in
1838 1152 2147 1207 hominum

490 1260 700 1317 genus,
732 1246 911 1301 simul
944 1262 1078 1300 cum
1134 1246 1271 1301 vitio
1306 1247 1686 1317 irrepserunt,
1723 1261 1835 1300 non
1882 1261 2050 1299 secus
2083 1258 2149 1297 ac

491 1350 834 1389 communes
867 1335 1053 1389 morbi
1088 1334 1591 1406 quidam,illapsa,
1617 1340 1795 1405 atque
1825 1333 1896 1387 ab
1929 1332 2026 1387 illo
2059 1332 2145 1385 in-

490 1428 680 1479 venta.
713 1424 755 1478 A
785 1425 1058 1495 principio
1090 1429 1306 1493 autem,
1342 1423 1533 1494 inquit
1564 1422 1679 1489 ille,
1710 1438 1818 1478 non
1847 1421 1961 1496 fuit
1988 1423 2068 1476 sic
2095 1421 2145 1475 δι

489 1528 691 1567 verum
726 1512 795 1582 is,
831 1512 931 1584 qui
983 1513 1278 1568 hominem
1328 1514 1581 1585 primum
1632 1511 1863 1575 creavit,
1896 1510 2148 1566 liberum

490 1613 648 1667 sum,
683 1600 927 1671 suisque
982 1600 1208 1655 arbitrii
1259 1599 1516 1671 reliquit,
1559 1599 1683 1655 sola
1732 1599 1995 1654 mandati
2025 1598 2151 1671 lege

492 1689 833 1755 coercitum,
866 1694 1041 1760 atque
1088 1689 1150 1743 in
1182 1689 1436 1760 paradisi
1485 1688 1711 1744 deliciis
1758 1686 2098 1760 opulentum
2134 1705 2146 1743 :

492 1776 765 1849 idemque
798 1777 1022 1849 reliquo
1056 1776 1394 1833 mortalium
1426 1777 1624 1850 generi
1659 1794 1759 1849 per
1790 1793 1971 1831 unum
2006 1776 2149 1831 illud

494 1865 751 1936 primum
782 1883 979 1923 semen
1007 1866 1255 1939 largitus
1290 1871 1398 1921 est.
1430 1866 1690 1922 Libertas
1713 1883 1884 1938 porro
1915 1871 1971 1921 et
2000 1865 2149 1920 divi-

491 1956 647 2011 vitiae
676 1955 734 2011 in
762 1955 886 2011 sola
914 1956 1177 2013 mandati
1200 1956 1604 2011 observatione
1626 1956 1749 2011 sitis
1772 1960 1978 2021 erant;
2019 1970 2154 2010 vera

493 2048 688 2101 autem
711 2050 1024 2116 paupertas
1043 2050 1098 2100 et
1122 2045 1371 2100 servitus
1404 2044 1462 2099 in
1484 2044 1642 2100 illius
1661 2043 2151 2116 transgressione.

567 2133 762 2188 XXVI.
794 2133 878 2189 Ex
909 2150 1024 2205 quo
1054 2138 1249 2190 autem
1307 2133 1527 2188 invidia
1556 2138 1611 2189 et
1642 2133 2066 2200 contentiones,
2099 2137 2155 2189 et

493 2220 746 2278 subdola
777 2223 1067 2295 serpentis
1098 2223 1496 2295 tyrannis,psr
1516 2221 1829 2295 voluptatis
1850 2221 2153 2278 illecebras

505 2311 708 2367 furtim
767 2328 875 2367 nos
934 2327 1168 2383 semper
1223 2312 1546 2379 attrahsns,
1594 2318 1770 2383 atque
1817 2311 2153 2367 audaciores

491 2400 774 2455 adversus
805 2399 1159 2455 inﬁrmiores
1211 2401 1539 2466 concitans,
1570 2399 1629 2454 in
1675 2400 1853 2455 vitam
1902 2400 2149 2472 irrepse-

492 2492 653 2553 runt,
687 2489 758 2545 ab
790 2504 856 2544 eo
906 2493 1168 2560 tempore
1200 2488 1258 2544 in
1301 2490 1606 2545 nominum
1658 2490 2024 2545 diversitates
2054 2506 2149 2545 co-

492 2584 737 2650 gnatum
766 2594 954 2650 genus
978 2578 1300 2633 dissectum
1333 2584 1516 2647 est,ac
1534 2583 1752 2633 naturae
1784 2578 2147 2634 nobilitatem

491 2666 736 2722 avaritia
786 2665 1042 2733 discidit,
1076 2666 1262 2738 legem
1298 2667 1472 2722 etiam
1511 2683 1843 2734 assumens,
1878 2665 2145 2737 potentiae

488 2758 664 2827 atque
717 2754 949 2826 imperii
1010 2755 1382 2825 adjutricem.
1416 2758 1489 2811 At
1547 2760 1613 2810 tu
1674 2755 1923 2827 primam
1983 2754 2147 2809 illam

487 2843 1086 2916 mquabilitatemmon
1113 2849 1469 2916 postremam
1502 2844 2106 2912 divisionem,intuere
2132 2869 2147 2913 ;

487 2932 799 3003 Creatoris,
834 2949 950 2988 non
984 2933 1351 3005 potentioris,
1386 2933 1571 3007 legem
1600 2933 1707 2990 tibi
1741 2950 2014 3006 propone.
2043 2934 2150 2989 Na-

489 3026 631 3077 turae
676 3037 780 3093 pro
811 3022 1034 3078 viribus
1069 3038 1366 3089 succurre,
1398 3028 1649 3079 veterem
1682 3023 2011 3079 libertatem
2042 3022 2147 3079 bo-

491 3127 631 3166 nore
653 3110 1288 3182 prosequere,teipsum
1312 3128 1525 3181 verere,
1552 3113 1934 3184 ignominiam
1954 3112 2148 3183 generi

491 3202 593 3254 tuo
652 3203 915 3271 contege,
975 3199 1178 3255 morbo
1228 3201 1494 3272 subveni,
1553 3201 1799 3273 egestati
1874 3200 2147 3257 solatium

2182 1896 2229 1961 B

493 3287 636 3343 affer
660 3304 673 3344 :
699 3287 799 3359 qui
832 3288 1000 3343 ﬁrmo
1034 3304 1276 3360 corpore
1308 3306 1390 3357 es,
1415 3290 1743 3361 opibusque
1765 3289 2147 3358 circumﬂuis,
2180 3263 2223 3331 α

492 3376 794 3449 (egrotanti
843 3380 900 3431 et
946 3376 1283 3448 in0pi;qui
1336 3377 1578 3433 minime
1627 3379 1780 3434 270
1832 3379 2150 3447 offendisti,

493 3464 751 3538 collapso
801 3469 859 3521 et
888 3466 1293 3535 comminuto;
1328 3466 1427 3538 qui
1478 3467 1606 3522 laeto
1636 3473 1693 3523 et
1737 3467 1910 3523 hilari
1954 3468 2151 3523 animo

494 3570 579 3625 es,
614 3554 883 3609 maerenti
928 3557 985 3609 et
1014 3553 1230 3609 afﬂicto
1257 3572 1270 3623 ;
1305 3554 1405 3626 qui
1436 3557 1611 3611 rebus
1641 3556 1918 3612 secundis
1950 3558 2152 3622 uteris,

494 3642 755 3699 adversis
805 3641 1119 3698 laboranti.
1152 3648 1265 3699 Deo
1296 3642 1675 3715 gratitudinis
1722 3662 1900 3701 causa
1929 3644 2152 3716 aliquid

495 3732 705 3799 tribue,
738 3732 890 3802 quod
915 3748 984 3787 ex
1005 3748 1207 3788 eorum
1230 3748 1474 3788 numero
1502 3733 1714 3805 sis,qui
1746 3735 1817 3788 de
1847 3733 1977 3789 aliis
2008 3734 2154 3790 bene

494 3820 705 3878 mereri
731 3825 1005 3892 possunt,
1030 3838 1145 3877 non
1179 3821 1279 3892 qui
1312 3820 1559 3879 aliorum
1594 3822 1977 3879 beneﬁcentia
2005 3840 2155 3895 opus

492 3910 786 3979 habeant;
819 3910 972 3981 quod
1010 3927 1125 3966 non
1158 3910 1217 3966 in
1249 3910 1469 3967 alienas
1502 3928 1713 3967 manus
1745 3911 1945 3968 oculos
1967 3913 2157 3984 conje-

494 4005 617 4059 ctos
646 4000 887 4071 habeas,
920 4002 1021 4057 sed
1074 4001 1173 4057 alii
1218 4002 1276 4056 in
1308 4007 1463 4058 tuas.
1497 4003 1577 4057 Da
1624 4019 1884 4073 operam,
1920 4008 1985 4058 ut
2038 4019 2155 4059 non

497 4088 691 4145 solum
723 4089 955 4160 Opibus,
990 4091 1092 4146 sed
1124 4090 1300 4145 etiam
1351 4090 1587 4162 pietate,
1614 4074 1735 4146 non
1766 4093 1958 4146 solum
1990 4109 2155 4161 auro,

501 4177 603 4234 sed
653 4178 826 4234 etiam
876 4180 1112 4249 virtute,
1143 4179 1260 4235 imo
1310 4180 1525 4236 virtute
1572 4180 1696 4237 sola
1744 4181 1827 4237 sis
1874 4180 2154 4253 locuples.

502 4267 653 4324 Cura
685 4274 747 4323 ut
777 4272 1037 4340 proximo
1085 4275 1185 4327 tuo
1217 4271 1433 4328 idcirco
1486 4273 1858 4344 praestantior
1885 4275 1988 4344 sis,
2020 4272 2160 4345 quia

498 4355 829 4427 benignior.
864 4358 974 4414 Fac
1005 4358 1345 4415 calamitosa
1388 4361 1471 4416 sis
1500 4361 1663 4429 deus,
1696 4362 1798 4419 Dei
1830 4362 2157 4419 misericor-

503 4444 665 4502 diam
695 4444 1003 4502 imitando.

570 4532 788 4591 XXVII.
821 4532 980 4590 Nihil
1012 4535 1170 4591 enim
1228 4539 1350 4592 tam
1411 4536 1676 4594 divinum
1730 4539 1906 4617 homo
1958 4539 2158 4613 habet,

575 4705 598 4742 ⁸
627 4705 835 4763 Matth.
867 4721 985 4777 xu,
1020 4707 1075 4761 8.

576 4867 657 5012 (8)
685 4866 831 4925 Ὑπό.
892 4869 1031 4943 Reg.
1065 4870 1125 4939 d,
1157 4868 1283 4927 ἀπό.

599 4939 653 5009 9)
685 4940 847 4993 Κοινά
873 4960 1013 4997 τινα.
1046 4941 1139 4997 Sic
1171 4942 1283 5012 plu}

599 4939 653 5017 9)
685 4940 847 5017 Κοινά
873 4939 1013 4997 τινοῖ.
1046 4941 1139 5017 Sic
1171 4942 1581 5017 pluresuBsgg.
1616 4944 1810 5017 plures
1838 4946 2022 5015 Colb.,
2057 4948 2155 5005 0r.

504 5014 561 5082 2,
594 5015 701 5066 etc.
739 5016 908 5083 Deest
935 5013 1142 5083 rivauin
1176 5013 1584 5083 nonnullisfét
1611 5013 1765 5070 κοινά
1796 5017 1855 5074 in
1887 5013 2025 5075 edit.

508 5078 712 5225 R'egO):1
732 5082 991 5154 Κάκείνης
1052 5078 1181 5139 ὄντα
1227 5078 1587 5159 ἐπινοήματα.
1640 5088 1768 5145 Hac
1828 5091 2043 5148 desunt
2097 5090 2157 5147 in

578 5223 691 5301 (11)
721 5223 890 5301 Μάνῃ.
926 5231 1094 5301 Deest
1128 5227 1186 5301 in
1221 5229 1489 5301 pluribus
1521 5230 1690 5287 codd.

559 5295 692 5377 (l2)
725 5296 845 5374 Ἀφ’
893 5295 1079 5377 οιῦᾑδέ.
1116 5295 1439 5377 Ξὶοίῌρεε.
1489 5301 1612 5377 hm_,
1662 5302 1761 5377 ph,
1794 5301 1993 5377 Or._2,
2045 5306 2153 5358 etc.

509 5366 713 5448 Billius
750 5366 1018 5448 supplet,
1049 5366 1488 5448 παρεφθάρῇςῖαν,
1522 5395 1549 5422 ‹‹
1584 5366 1642 5427 in
1663 5366 1876 5448 ἰγίιιιω⁸
1906 5366 2155 5448 irrepse-

510 5444 714 5515 runt,»
749 5441 911 5515 [imo,
939 5443 997 5497 in
1026 5441 1231 5499 Vitium
1264 5441 1484 5514 delapsi
1516 5444 1700 5514 sunt,]
1725 5445 1880 5515 quod
1915 5441 2159 5501 non—ha-

509 5511 649 5565 bent
679 5511 928 5569 codices.

580 5583 694 5666 (13)
736 5582 1123 5638 Ἐπανιστῶσα.
1183 5586 1359 5656 Regg.
1421 5601 1473 5638 ει.
1525 5583 1645 5653 bm,
1696 5589 1754 5640 et
1799 5589 1943 5657 Jss.,
1997 5584 2157 5640 ἐπαν-

516 5670 719 5705 ιστασα.

580 5723 693 5793 (14)
736 5716 1050 5794 Πλεονεξία,
1098 5728 1210 5781 etc.
1238 5746 1267 5775 ι(
1298 5723 1502 5797 Iniqua
1546 5724 1653 5797 vis,
1686 5725 1937 5788 habendi
1991 5730 2154 5803 cupi-

2255 622 2423 691 γενῶν
2450 618 2539 672 τὸν
2572 616 2722 673 ἔλεον
2755 617 3160 689 ἀποκλείουσιν,
3193 618 3317 675 οὐδὲ
3347 626 3462 683 τοῖς
3513 629 3787 695 περιττοῖς
3820 623 3896 684 εἷς

2252 706 2319 760 τὰ
2346 708 2607 781 ἀναγκαῖα
2641 708 2858 783 βοηθεῖν
2893 708 3160 780 θέλοντες,
3203 708 3271 779 (ὥ
3299 717 3400 779 τῆς
3433 708 3780 773 ἀπαιδευσίας
3809 715 3821 767 l
3856 708 3900 766 ὥ

2253 802 2352 864 τῆς
2384 796 2704 867 σκαιότητος
2735 799 2772 870 1)
2804 796 2916 852 οὐδ’
2947 798 2992 854 εἰ
3020 800 3101 871 μή
3133 820 3187 853 τι
3218 797 3381 871 ἄλλο,
3424 798 3595 854 ἐκεῖνό
3644 822 3704 875 γε
3748 800 3903 855 ἐνθυ-

2261 885 2542 957 μούμενοι,
2590 887 2671 940 ὃτι
2720 888 2875 941 πενία
2932 888 3021 942 καὶ
3071 887 3331 959 πλοῦτος,
3384 886 3662 965 ἆλευθερία
3715 912 3794 956 τε,
3843 892 3904 958 ἦν

2258 996 2452 1051 φαμεν,
2513 975 2601 1029 καὶ
2659 973 2897 1045 δουλεία,
2947 976 3036 1031 καὶ
3080 978 3147 1032 τά
3193 982 3415 1032 τοιαῦτα
3454 982 3560 1032 τῶν
3591 977 3901 1050 ὀνομάτων,

2258 1062 2474 1139 ὕστερον
2526 1064 2817 1133 ἐπεισῆλθε
2871 1064 2951 1137 τῷ
3005 1067 3141 1141 γένει
3197 1071 3303 1121 τῶν
3350 1066 3671 1143 ἀνθρώπων,
3722 1067 3907 1142 ὣσπερ

2257 1150 2661 1226 ἀρρωστήματα
2702 1155 2854 1207 κοινά
2899 1175 3018 1208 τινα
3065 1157 3140 1227 (9)
3188 1159 3254 1227 τῇ
3284 1155 3444 1227 κακίᾳ
3469 1157 3904 1223 συνεισπεσόντα,

2257 1240 2505 1311 κάκείνης
2579 1237 2706 1296 ὄντα
2781 1242 3122 1315 ἐπινοήματα
3199 1246 3332 1316 (10).
3406 1246 3525 1300 Ἀπ’
3592 1245 3772 1320 ἀρχῆς
3856 1244 3916 1300 δὲ

2258 1331 2443 1407 φησὶν,
2502 1330 2562 1385 οὐ
2608 1330 2824 1406 γέγονεν
2874 1331 3083 1387 οὕτως·
3133 1331 3257 1388 ἀλλ’
3307 1334 3335 1387 ὁ
3366 1333 3575 1394 πλάσας
3610 1335 3699 1387 ἀπ’
3730 1334 3917 1409 ἀρχῆς

2256 1420 2347 1474 τὸν
2383 1418 2688 1494 ἄνθρωπον,
2721 1418 2999 1495 ἐλεύθερον
3048 1420 3222 1498 ἀφῆκε
3261 1422 3349 1476 καὶ
3403 1422 3764 1492 αὐτεξούσιον,
3817 1424 3912 1477 νό-

2262 1530 2351 1581 μῳ
2378 1512 2456 1579 τῷ
2485 1516 2583 1577 τῆς
2612 1507 2838 1579 ἐντολῆς
2873 1510 3017 1582 μόνῳ
3066 1510 3453 1585 κρατούμενον,
3509 1511 3596 1564 καὶ
3646 1508 3912 1565 πλούσιον

2260 1595 2311 1651 έν
2344 1594 2676 1672 παραδείσου
2704 1603 2879 1676 τρυφῇ
2907 1620 2918 1631 ·
2959 1604 3119 1654 τοῦτο
3168 1598 3254 1653 καὶ
3303 1598 3382 1671 τῷ
3421 1597 3601 1670 λοιπῷ
3630 1600 3766 1673 γένει
3794 1604 3906 1653 τῶν

2259 1684 2552 1759 ἀνθρώπων
2591 1685 2884 1761 βουληθείς
2913 1708 2971 1743 τε
3013 1687 3100 1742 καὶ
3134 1689 3500 1763 χαρισάμενος
3532 1685 3601 1742 δι’
3651 1688 3760 1749 ἑνὸς
3809 1692 3910 1743 τοῦ

2258 1775 2479 1850 πρώτο)
2530 1774 2859 1851 σπέρματος.
2907 1775 3216 1851 Ἐλευθερία
3246 1773 3302 1829 δὲ
3330 1776 3419 1830 καὶ
3450 1774 3710 1842 πλοῦτος,
3742 1779 3774 1845 ἡ
3808 1779 3912 1843 τῆς

2259 1863 2488 1933 ἐντολῆς
2541 1864 2676 1937 μόνη
2726 1866 2837 1939 (11)
2866 1867 3097 1939 τήρησις
3129 1866 3194 1934 ἦν
3219 1884 3231 1897 °
3270 1863 3426 1919 πενίι
3461 1862 3519 1919 δὲ
3570 1863 3787 1934 ἀληθὴς
3816 1865 3908 1918 καὶ

2266 1951 2505 2025 δουλεία,
2537 1955 2572 2022 ἠ
2597 1951 2797 2024 ταύτης
2830 1948 3151 2030 παράϐασις.

2336 2132 2444 2201 KC.
2482 2131 2598 2209 Ἀφ’
2652 2130 2712 2185 οὗ
2763 2126 2819 2185 δὲ
2866 2132 2978 2205 (12)
3022 2128 3111 2185 καί
3145 2130 3351 2209 φθόνοι,
3382 2129 3471 2185 καὶ
3502 2127 3697 2206 ἔριδες,
3728 2131 3820 2185 καὶ
3875 2133 3912 2200 ἡ

2263 2218 2462 2293 δολερά
2488 2225 2584 2276 τοῦ
2614 2216 2788 2299 ὄφεως
2816 2223 3084 2297 τυραννὶς,
3120 2222 3200 2276 ἀεὶ
3232 2225 3310 2293 τῷ
3340 2219 3521 2296 λίχνῳ
3570 2228 3670 2290 τῆς
3701 2219 3911 2291 ἡδονῆς

2263 2310 2623 2384 ὑποσόρουσα,
2672 2309 2759 2365 καὶ
2811 2309 3146 2365 έπανιστῶσα
3186 2312 3295 2383 (13)
3343 2311 3459 2372 τοῖς
3508 2309 3910 2385 ἀσθενεστέροις

2258 2399 2384 2462 τοὺς
2418 2398 2795 2476 θρασυτέρους,
2836 2398 3038 2475 ἐρῥάγη
3069 2399 3133 2454 τὸ
3186 2400 3439 2475 συγγενὶς
3490 2398 3567 2461 εἲς
3622 2399 3905 2471 ὀνομάτων

2260 2488 2713 2565 ἀλλοτριότητας,
2762 2488 2851 2543 καὶ
2892 2489 2956 2543 τὸ
3004 2496 3106 2559 τῆς
3150 2488 3358 2566 φύσεως
3411 2487 3615 2564 εὐγενὲς
3682 2488 3901 2543 πλεονε-

2258 2579 2340 2652 ξία
2372 2582 2480 2652 (14)
2535 2581 2796 2651 κατέτεμε
2852 2573 3238 2653 προσλαϐοῦσα
3282 2577 3370 2632 καὶ
3419 2577 3612 2649 νόμον,
3670 2584 3771 2645 τῆς
3821 2575 3907 2632 δυο

2255 2666 2499 2729 ναστείας
2533 2665 2839 2741 έπικουρον.
2875 2663 3049 2720 Ἀλλά
3080 2666 3142 2720 σὺ
3178 2664 3345 2741 βλέπε
3388 2686 3479 2737 μοι
3529 2666 3627 2733 τὴν
3677 2666 3903 2739 πρώτην

2259 2756 2540 2828 ἰσονομίαν
2572 2758 2704 2829 (15),
2741 2756 2817 2829 μή
2848 2757 2944 2824 τὴν
2978 2754 3287 2811 τελευταίαν
3340 2751 3598 2825 διαίρεσιν
3622 2772 3634 2785 ·
3692 2754 3768 2826 μή
3818 2754 3910 2808 τὸν

2255 2850 2354 2900 τοῦ
2405 2847 2771 2921 κρατήσαντος
2851 2844 3043 2917 νόμον,
3097 2840 3242 2897 ἀλλά
3295 2842 3387 2897 τὸν
3444 2846 3542 2896 τοῦ
3598 2842 3904 2903 κτίσαντος.

2256 2936 2538 3004 Βοήθησον
2570 2935 2705 2988 κατᾶ
2736 2931 2959 3005 δύναμιν
2988 2936 3057 3006 τῇ
3099 2931 3274 3010 φύσει,
3322 2932 3419 2999 τὴν
3469 2930 3703 3006 ἀρχαίαν
3759 2928 3914 2984 ἐλευ-

2257 3023 2434 3099 Θιρίαν
2509 3022 2764 3095 τίμησόν,
2828 3019 3106 3092 αἱδέσθητι
3156 3021 3370 3088 σαυτὸν,
3421 3018 3769 3094 συγκάλυψον
3824 3024 3907 3090 τῷ

2258 3114 2399 3188 γένει
2457 3113 2554 3181 τήν
2605 3109 2851 3185 ἀτιμίαν,
2901 3110 3191 3183 ἐπάρκεσον
3240 3113 3308 3183 τῇ
3360 3107 3505 3181 νόσῳ
3550 3109 3650 3177 τὴν
3698 3104 3904 3163 ἔνδειαν

2259 3201 2649 3279 παραμύθησαι
2672 3219 2685 3233 ⁸
2743 3201 2771 3255 6
2820 3200 3102 3275 εὐρωστῶν
3146 3201 3280 3271 (16),
3315 3197 3342 3252 ὀ
3373 3196 3651 3264 πλουτῶν,
3682 3198 3781 3265 τὴν
3813 3202 3913 3251 τοῦ

2260 3292 2567 3362 νοσοῦντος,
2599 3291 2697 3358 τήν
2729 3292 2841 3363 (17)
2869 3292 2965 3343 τοῦ
2996 3289 3297 3360 πενομένου
3317 3306 3329 3320 ·
3391 3288 3419 3341 6
3481 3288 3557 3359 μή
3604 3288 3914 3361 προσπταί-

2261 3402 2376 3455 σας,
2404 3382 2504 3449 τήν
2536 3384 2633 3434 τοῦ
2682 3376 2940 3440 πεσόντος
2970 3377 3060 3431 καὶ
3092 3370 3463 3451 συντριϐέντος
3491 3394 3503 3407 ·
3557 3376 3585 3429 ὁ
3632 3374 3913 3446 εὐθυμῶν,

2259 3472 2358 3539 τὴν
2438 3473 2535 3524 τοῦ
2608 3468 2983 3540 ἀθυμοῦντος*
3060 3466 3088 3520 6
3160 3470 3279 3526 τοῖς
3339 3462 3533 3537 δεξιοῖς
3583 3463 3915 3535 εὐθηνοῦμε-

2260 3581 2349 3621 νος
2411 3560 2547 3631 (18),
2623 3562 2720 3612 τοῦ
2791 3562 2908 3617 τοῖς
2962 3554 3265 3631 ἀριστέροις
3324 3556 3636 3626 κὶμνοντος.
3695 3552 3799 3614 Δός
3858 3573 3911 3605 τι

2259 3653 2338 3720 τῷ
2370 3649 2477 3721 (19)
2508 3651 2623 3717 Θεῷ
2653 3646 3037 3721 χαριστήριον,
3094 3642 3175 3698 ὅτι
3235 3647 3341 3697 τῶν
3383 3640 3439 3696 εὗ
3469 3647 3642 3695 ποιεῖν
3676 3638 3910 3712 δυναμέ-

2261 3760 2366 3791 νων
2394 3736 2596 3812 ἐγένου,
2654 3732 2782 3789 ἀλλ’
2812 3734 2874 3788 οὐ
2904 3739 3011 3789 τῶν
3045 3732 3100 3789 εὖ
3132 3733 3316 3787 πάθεῖν
3352 3729 3654 3803 δεομένων·
3690 3728 3775 3783 ὅτι
3832 3730 3910 3801 μή

2267 3825 2488 3901 βλέπεις
2547 3825 2661 3898 (20)
2713 3822 2789 3885 εἷς
2837 3822 3131 3899 ἀλλοτρίας
3177 3826 3391 3897 χεῖρας,
3424 3818 3549 3874 ἀλλ’
3579 3819 3656 3880 εἷς
3686 3819 3786 3880 τὰς
3816 3818 3914 3879 σάς

2261 3912 2458 3991 ἕτεροι.
2493 3912 2810 3982 Πλούτησον
2874 3913 2948 3983 μὴ
3008 3910 3315 3985 περιουσίαν
3374 3908 3559 3981 μόνον,
3619 3904 3768 3963 ἀλλὰ
3823 3908 3914 3961 καὶ

2266 3999 2533 4061 εὐσέϐειαν
2561 4020 2573 4032 '
2640 4002 2714 4074 μὴ
2766 4002 2826 4055 τὸ
2876 3999 3100 4076 χρυσίον
3150 3998 3332 4071 μόνον,
3362 3994 3619 4052 ἀλλὰκαὶ
3649 3997 3750 4064 τὴν
3796 3997 3915 4067 ἀρε-

2262 4095 2362 4162 τὴν
2428 4089 2640 4165 μᾶλλον
2701 4087 2759 4144 δὶ
2807 4089 3007 4159 ταύτην
3065 4083 3227 4161 μόνον
3260 4088 3393 4160 (21).
3426 4089 3585 4139 Γενοῦ
3611 4082 3707 4138 τοῦ
3771 4083 3919 4154 πλη-

2267 4181 2380 4237 σίον
2438 4181 2785 4254 τιμιώτερος,
2844 4176 2904 4231 έκ
2959 4181 3054 4231 τοῦ
3112 4182 3337 4254 φανῆναι
3382 4174 3752 4249 χρηστότερος
3787 4193 3915 4248 ’γε-

2265 4275 2465 4343 νοῦτῷ
2519 4270 2809 4344 ἀτυχοῦντι
2868 4268 3006 4339 θεὸς,
3067 4267 3157 4321 τὸν
3186 4262 3343 4320 ἔλεον
3400 4268 3534 4319 Θεοῦ
3590 4265 3916 4335 μιμησάμε-

2264 4380 2376 4421 νος.

2340 4537 2459 4596 ΚΖ.
2490 4530 2653 4590 Οὐδὲν
2685 4531 2788 4609 γὰρ
2820 4530 3017 4594 οὕτως.
3050 4531 3124 4593 ὡς
3173 4530 3235 4585 τὸ
3267 4526 3323 4585 εὖ
3380 4532 3579 4601 ποιεῖν,
3629 4524 3917 4603 ἅνθρωπος

2265 4875 2440 4932 ditas.
2464 4895 2493 4923 ››
2516 4870 2618 4926 Hic
2649 4869 2807 4927 enim
2837 4884 3030 4927 sermo
3060 4871 3150 4924 est
3181 4868 3252 4924 de
3280 4866 3333 4923 vi
3364 4865 3618 4940 publica,
3652 4882 3776 4939 qua
3805 4868 3917 4941 pri-

2267 4963 2450 5004 mwva
2476 4943 3029 5014 libertasgoppressa
3058 4944 3165 4995 est.

2338 5007 2845 5139 (15)ί’1ῗονομίαν.’
2881 5013 3059 5085 Regg.
3114 5028 3167 5081 a,
3221 5027 3272 5077 0,
3326 5010 3383 5076 d,
3437 5007 3718 5081 ἰσοτομίαν
3769 5010 3917 5083 [lege

2338 5109 2452 5139 δτιιι
2478 5106 2537 5139 αν
2572 5128 2584 5139 ι

2267 5088 2584 5143 ἰσοτιμίαν).

2337 5087 2795 5231 abigam...
2825 5155 3002 5231 3885-
3029 5170 3081 5223 a,
3109 5169 3163 5220 ο,
3184 5150 3251 5231 d._
3277 5148 3591 5231 εὖῤῥαέστῶν
3620 5152 3842 5224 {mue}

2339 5223 2448 5300 (17)
2480 5223 2619 5300 Τήν.
2652 5228 2821 5300 Deest
2846 5223 3135 5300 in'Regg;
3151 5241 3205 5289 a,
3239 5223 3489 5295 hm',’ph.

2339 5233 2427 5300 (17
2480 5233 2619 5297 Τήν.
2652 5233 2821 5283 Deest
2846 5233 2904 5281 in
2941 5233 3117 5298 Hegg.
3151 5241 3205 5289 a,
3241 5233 3359 5290 Dm,
3393 5233 3489 5295 ph.

2336 5233 2451 5375 (18)
2476 5297 2933 5375 Εὗθηνούμεχοςη
2959 5298 3073 5375 εἰς)Δ
3104 5296 3283 5375 Regg.
3328 5312 3383 5361 a,
3407 5311 3484 5375 _c,
3528 5294 3601 5375 .d,‘
3641 5295 3765 5361 bm,
3816 5295 3911 5366 ph,

2265 5366 2445 5429 ΟοῖΒΙί
2468 5374 2521 5439 3,
2553 5366 2754 5427 et'Jes'.
2788 5370 2961 5434 Editi,
2993 5366 3377 5439 εὐθυνούμενος
3407 5366 3623 5437 [male].

2337 5446 2445 5509 (19)
2478 5445 2595 5513 Τῷ.
2629 5443 2800 5499 Deest
2827 5441 2887 5497 in
2921 5441 3211 5511 pluribus.

2338 5507 2734 5586 (20),_l3,)'.émz<.
2769 5515 2863 5570 Sic
2909 5507 3085 5586 Regg.
3120 5528 3174 5578 ε,
3219 5511 3339 5577 bm,
3372 5525 3423 5577 c,
3457 5508 3513 5574 d,
3547 5512 3599 5561 et
3631 5507 3727 5563 0r.
3758 5510 3811 5563 2.
3845 5508 3905 5562 In

2338 5530 2449 5583 (ZU)
2483 5530 2734 5575 ὕΛεπεις.
2769 5530 2863 5570 διο
2909 5530 2988 5569 ne
3031 5530 3085 5586 g.
3120 5530 3174 5578 8,
3220 5530 3339 5577 Dm,
3372 5530 3423 5577 Β,
3457 5530 3513 5574 u,
3547 5530 3599 5561 et
3631 5530 3708 5563 ur

2266 5584 2403 5661 edit-
2432 5582 2643 5661 βλέτςιις
2673 5530 3044 5661 [ρςγρετξιωῗσ
3131 5650 3142 5661 .
3296 5650 3341 5661 ..
3472 5650 3487 5661 .
3651 5656 3660 5661 -
3701 5650 3712 5661 .

2336 5648 2450 5729 (21)
2478 5648 2715 5713 Μᾶλλον⁵
2735 5648 3029 5725 suam;
3075 5650 3263 5727 μόνον.
3296 5650 3425 5708 Hec
3456 5650 3670 5707 desunt
3698 5650 3759 5707 in
3790 5648 3906 5722 ple-

2266 5727 2466 5801 risque
2497 5729 2665 5787 codd.
