4244 6216
362 435 471 497 893

1275 436 1568 497 ORATIO
1613 435 1770 495 XIV.
1799 468 1875 478 —
1918 434 2020 495 DE
2068 431 2499 494 PAUPERUM
2544 432 2839 492 AMORE.

3650 433 3767 494 891.

362 564 468 643 ἔχει
527 570 678 621 Θεοῦ·
730 567 825 620 κᾶν
876 568 904 621 6
934 569 1048 640 (22)
1101 568 1195 640 μὲν
1244 568 1433 641 μείζω,
1482 570 1570 622 καὶ
1622 568 1649 622 6
1700 565 1757 622 δὲ
1789 565 1991 622 ἐλάττω

2111 583 2289 639 quam
2320 567 2391 622 de
2422 566 2552 622 aliis
2584 567 2729 622 bene
2760 565 2968 621 mereri
2990 583 3003 621 :
3025 562 3261 620 tametsi
3284 562 3381 619 ille
3405 564 3648 636 majora,
3669 565 3766 621 hic

363 656 633 732 εὐεργετῇ,
688 656 958 730 ἑκάτερος,
1009 657 1185 727 οἶμαι,
1245 658 1379 711 κατᾶ
1432 658 1529 725 τὴν
1601 658 1790 710 ἑαυτοῦ
1846 654 2000 710 δύνα-

366 746 561 817 μιν.Ὀ
623 744 716 816 μὲν
778 743 1023 814 ἐποίησε,
1084 745 1169 799 καὶ
1230 748 1341 818 (‘23)
1402 744 1567 807 λύσας
1617 747 1829 819 συνάγει
1890 748 2002 816 (24)

362 834 539 887 πάλιν·
594 832 653 887 σὺ
703 830 760 887 δὲ
808 833 1036 887 πεσόντα
1088 835 1164 906 μή
1214 832 1443 907 παρίδῃς
1642 836 1697 889 Ὀ
1748 834 1839 907 μὲν
1870 832 2001 902 ἠλὲ-

362 942 481 990 ησεν
537 920 612 982 εἰς
670 920 735 975 τά
797 922 1062 994 μέγιστα,
1124 919 1248 983 δοὺς
1312 921 1397 976 ἐπὶ
1456 928 1584 976 πᾶσι
1642 922 1806 994 νόμον
1868 942 2001 995 προ-

362 1012 551 1087 φήτας,
583 1011 671 1064 καὶ
720 1010 824 1081 πρὸ
866 1009 1092 1074 τούτων,
1131 1010 1221 1064 τὸν
1268 1012 1488 1088 φυσικὸν
1538 1010 1702 1083 νόμον
1737 1011 2001 1087 ἄγραφον,

357 1103 459 1153 τῶν
512 1099 931 1172 παραττομένων
984 1100 1302 1168 ἐξεταστὴν,
1364 1100 1599 1175 ἐλέγξας,
1656 1103 2000 1172 νουθετήσας,

358 1184 794 1261 παιδαγωγήσας·
851 1189 914 1241 τὸ
971 1187 1303 1257 τελευταῖον,
1366 1188 1560 1260 λύτρον
1612 1190 1797 1243 ἑαυτὸν
1827 1210 1999 1265 παρα-

358 1275 476 1338 δοὺς
504 1277 634 1351 ὑπὲρ
678 1283 779 1345 τῆς
824 1275 920 1331 τοῦ
968 1277 1178 1350 κόσμου
1236 1283 1399 1347 ζωῆς·
1456 1280 1819 1353 χαρισάμενος
1860 1280 1997 1333 ἀπο-

354 1364 601 1429 στόλους,
663 1363 1078 1439 εὐαγγελιστάς,
1131 1364 1513 1433 διδασκάλους,
1571 1368 1855 1439 ποιμένας,
1920 1365 1997 1421 ἷά-

353 1475 479 1523 σεις,
508 1453 722 1528 τέρατα,
770 1451 1029 1509 ἐπάνοδον
1080 1455 1215 1531 πρὸς
1269 1457 1435 1523 ζωὴν,
1489 1457 1713 1518 θανάτου
1761 1455 1995 1509 κατάλυ-

352 1565 451 1611 σιν,
500 1542 759 1618 τρόπαιον
809 1544 945 1598 κατὰ
986 1548 1081 1598 τοῦ
1107 1546 1453 1616 νικήσαντος,
1507 1542 1772 1614 διαθήκην
1813 1550 1909 1613 τήν
1943 1543 1994 1598 ἐν

352 1636 491 1703 σκιᾷ,
524 1630 787 1702 διαθήκην
818 1634 916 1701 τὴν
951 1631 1000 1686 ἐν
1052 1632 1305 1705 ἀληθείᾳ,
1360 1633 1676 1705 Ιινεῦματος
1718 1634 1873 1708 ἁγίου
1908 1655 1998 1705 με·

356 1718 603 1797 ρισμοὺς,
635 1721 695 1774 τὸ
739 1727 839 1789 τῆς
885 1727 1078 1789 καινῆς
1126 1721 1395 1793 σωτηρίας
1448 1725 1764 1797 μυστήριον.
1809 1722 1882 1776 Σὺ
1916 1720 1994 1795 δὲ,

356 1809 403 1864 εἰ
437 1810 528 1882 μὲν
560 1808 649 1863 καὶ
683 1812 793 1882 (26)
822 1810 888 1864 τά
921 1810 1089 1883 μείζω
1140 1807 1361 1873 δυνατὸς
1413 1811 1477 1882 εἴ,
1534 1811 1622 1865 καὶ
1674 1812 1754 1873 οἷς
1789 1812 1996 1888 εὐεργε-

362 1903 528 1952 τεῖται
560 1899 714 1973 ψυχή
764 1900 1053 1970 (πεποίηκε
1100 1901 1199 1975 γάρ
1246 1921 1302 1954 σε
1330 1899 1418 1954 καὶ
1467 1904 1633 1954 ταῦτα
1674 1899 1937 1955 πλούσιον
1965 1902 1993 1955 ὁ
2027 1936 2071 2001 Β

362 1992 386 2001 Α
428 1988 439 2001 .
563 1986 577 2001 .
617 1998 629 2001 _
672 1986 690 2001 ς
729 1988 741 2001 ,
902 1992 909 2001 .
1062 1985 1103 2001 μ,
1227 1993 1249 2001 -
1384 1989 1407 2001 ν
1576 1994 1598 2001 _
1666 1990 1679 2001 .
1747 1989 1757 2001 .
1940 1991 1951 2001 .

355 1988 499 2056 Θεὸς,
534 1986 578 2040 εἰ
610 1986 936 2060 θελήσειας),
974 1985 1114 2061 μηδὲ
1156 1993 1322 2043 ταῦτα
1353 1989 1408 2043 εὗ
1452 1994 1625 2043 ποιεῖν
1656 1989 1872 2064 ἀπόσχῃ
1900 1991 1990 2045 τὸν

354 2073 502 2145 ἐνδεῆ
555 2078 695 2149 (27)·
738 2074 951 2147 μᾶλλον
1004 2074 1061 2131 δὲ
1110 2082 1299 2153 πρῶτα
1352 2078 1443 2131 καὶ
1500 2076 1736 2150 μάλιστα
1786 2079 1866 2150 τῷ
1914 2078 1994 2133 αἰ-

349 2163 525 2219 τοῦντί
556 2185 613 2219 σε
646 2162 822 2237 δίδου,
853 2166 941 2219 καὶ
974 2166 1099 2238 πρὶν
1134 2164 1442 2239 αἶ’τηθῆναι,
1476 2166 1610 2237 ὅλην
1642 2170 1740 2236 τὴν
1782 2166 1988 2244 ἡμέραν

349 2251 512 2307 ἐλεῶν
542 2254 632 2307 καὶ
664 2250 917 2322 δανείζων
952 2256 1062 2327 (28)
1092 2256 1181 2309 τὸν
1234 2252 1422 2329 λόγον,
1473 2256 1562 2309 καὶ
1610 2255 1851 2311 ἀπαιτῶν
1903 2278 1990 2334 φι-

349 2340 595 2404 λοπόνως
642 2344 705 2398 τὸ
754 2340 960 2397 δάνειον
1017 2344 1151 2415 μετὰ
1196 2343 1360 2398 τόκου
1408 2351 1507 2413 τῆς
1554 2349 1650 2399 τοῦ
1695 2343 1987 2422 ὠφελημέ-

345 2451 438 2484 νου
648 2433 987 2506 προσθήκης,
1040 2433 1100 2500 ἣν
1156 2431 1235 2485 ἀεὶ
1284 2436 1363 2503 τῷ
1426 2428 1573 2508 λόγῳ
1614 2435 1987 2505 προστίθησιν,

344 2516 513 2589 αὔξων
570 2520 741 2590 ἑαυτῷ
808 2523 922 2592 (30)
978 2521 1113 2574 κατὰ
1174 2523 1365 2596 μικρὸν
1439 2522 1505 2575 τά
1558 2530 1659 2591 τῆς
1718 2519 1988 2585 εὐσεϐείας

343 2609 643 2681 σπέρματα.
678 2609 739 2663 Εἰ
772 2607 828 2663 δὲ
866 2611 963 2681 μή,
995 2607 1062 2664 τά
1092 2632 1154 2685 γε
1183 2613 1295 2683 (31)
1329 2608 1548 2684 δεύτερα
1596 2612 1684 2666 καὶ
1735 2612 1985 2686 μικρότε-

342 2718 408 2773 ρα
437 2699 570 2771 (32),
602 2698 690 2752 καὶ
723 2698 820 2752 ὅσα
848 2698 921 2761 εἷς
956 2696 1182 2772 δύναμιν
1234 2700 1355 2769 ἥκει
1385 2702 1484 2769 τήν
1534 2703 1653 2771 σήν·
1688 2699 1986 2777 ἐπικούρη-

343 2807 457 2855 σον,
491 2782 672 2862 ὄρεξον
704 2789 932 2864 τροφὴν,
966 2784 1147 2864 ὄρεξον
1196 2788 1379 2864 ῥάκος,
1418 2791 1742 2865 προσένεγκε
1770 2797 1985 2869 φάρμα-

340 2896 460 2946 κον,
490 2873 790 2945 κατάδησον
821 2876 1124 2953 τραύματα,
1157 2877 1430 2953 ἐρώτησόν
1462 2901 1513 2934 τι
1547 2880 1669 2956 περὶ
1698 2887 1799 2950 τῆς
1849 2902 1985 2953 συμ-

344 2970 535 3039 φορᾶς,
565 2964 688 3040 περὶ
736 2965 1018 3041 καρτερίας
1068 2964 1464 3044 φιλοσόφησον,
1498 2967 1787 3044 θάρσησον,
1818 2969 1986 3043 πρόσ-

344 3051 487 3107 ελθε·
523 3052 582 3108 οῦ
618 3055 694 3125 μη
728 3054 914 3129 χεῖρόν
946 3076 996 3109 τι
1032 3060 1254 3110 σεαυτοῦ
1284 3058 1429 3128 παρὰ
1448 3062 1607 3112 τοῦτο
1639 3058 1786 3132 γένη·
1813 3058 1873 3113 οὐ
1910 3060 1985 3132 μὴ

344 3138 677 3216 μεταλάϐοις
706 3147 820 3216 (33)
850 3148 946 3198 τοῦ
994 3145 1218 3212 πάθους,
1247 3144 1343 3199 κᾶν
1396 3147 1447 3200 οἱ
1478 3144 1596 3200 λίαν
1642 3142 1798 3220 ἀϐροὶ
1825 3153 1986 3204 τοῦτο

336 3230 605 3303 νομίζωσι
666 3227 857 3306 λόγοις
911 3231 1159 3303 ματαίοις
1209 3234 1603 3305 ἠπατημένοι·
1659 3234 1871 3307 μᾶλλον
1927 3235 1984 3292 δὲ

2111 657 2340 711 minora
2396 655 2678 711 beneﬁcia
2737 656 3015 718 conferat,
3075 660 3342 724 uterque,
3405 655 3629 725 opinor,
3664 673 3766 726 pro

2111 746 2234 800 suis
2265 745 2505 799 viribus.
2542 743 2638 799 Ille
2666 743 2963 798 hominem
3008 741 3325 810 condiddit,
3386 759 3450 796 ac
3504 741 3765 800 solutum

2112 851 2321 888 rursus
2378 833 2599 904 colligit
2631 851 2643 889 :
2680 836 2738 886 tu
2790 831 3022 903 lapsum
3054 848 3124 886 ne
3157 830 3464 903 despicias.
3498 830 3598 886 Ille
3629 848 3765 887 eum

2111 923 2383 977 maximis
2411 922 2468 975 in
2505 921 2679 976 rebus
2705 920 3152 975 commiseratus
3175 924 3284 987 est,
3303 936 3437 975 cum
3458 920 3531 986 ei,
3558 926 3767 992 praeter

2112 1017 2339 1081 caetera,
2364 1011 2572 1083 legem,
2600 1010 2930 1082 prophetae,
2968 1026 3032 1064 ac
3065 1009 3228 1080 prius
3273 1008 3472 1078 etiam,
3524 1014 3762 1067 natura-

2111 1100 2224 1156 lem
2283 1100 2494 1171 legem,
2557 1116 2671 1154 non
2730 1098 3032 1169 scriptam,
3069 1114 3269 1152 eorum
3303 1115 3427 1169 qua:
3460 1104 3761 1168 geruntur,

2109 1206 2431 1255 censorem,
2466 1190 2646 1255 dedit,
2691 1204 2964 1259 arguens,
3024 1187 3368 1254 admonens,
3425 1188 3760 1260 castigans;

2108 1285 2401 1351 postremo
2430 1278 2690 1348 seipsum
2727 1292 2827 1348 pro
2852 1275 3058 1330 mundi
3082 1274 3479 1347 redemptione
3500 1277 3759 1345 tradens;

2107 1374 2281 1440 atque
2312 1368 2554 1438 insuper
2583 1366 2874 1437 apostolos
2906 1364 3195 1434 tribuens,
3222 1363 3633 1435 evangelistas,
3664 1366 3764 1421 do-

2108 1462 2316 1522 ctores,
2340 1461 2602 1528 pastores
2624 1457 2665 1521 9,
2690 1456 3026 1509 morborum
3068 1452 3419 1523 curationes,
3471 1458 3757 1523 portenta,

2108 1547 2316 1602 mortis
2339 1545 2818 1613 destructionem,
2844 1542 3171 1614 trophaaum
3196 1543 3478 1597 adversus
3501 1558 3634 1597 eum
3660 1542 3762 1614 qui

2103 1634 2337 1705 vicerat,
2368 1635 2554 1690 fmdus
2578 1634 2635 1688 in
2662 1634 2891 1703 umbra,
2936 1631 3125 1687 foedus
3174 1632 3231 1685 in
3283 1632 3543 1701 veritate,
3576 1632 3760 1703 Spiri-

2104 1728 2200 1779 tus
2223 1723 2410 1779 sancti
2432 1722 2902 1787 distributiones,
2928 1737 3085 1776 nova:
3117 1720 3328 1775 salutis
3362 1721 3703 1792 mysterium
3741 1738 3754 1776 :

2102 1816 2164 1868 tu
2198 1830 2352 1880 vero,
2380 1814 2426 1867 si
2452 1812 2690 1883 quidem
2725 1812 2947 1882 majora
2970 1826 3203 1881 quoque
3234 1814 3418 1880 potes,
3453 1814 3510 1863 et
3540 1809 3757 1881 quibus

2101 1902 2299 1957 anima
2330 1901 2608 1956 beneﬁcio
2640 1900 2891 1954 afficitur
2920 1899 3077 1971 (nam
3104 1897 3195 1952 his
3217 1898 3391 1952 etiam
3418 1898 3592 1953 rebus
3615 1897 3759 1955 divi-

2101 1996 2218 2047 tem
2252 1995 2324 2057 te,
2360 1990 2408 2044 si
2439 1988 2709 2055 volueris,
2742 1988 2895 2043 Deus
2925 1987 3102 2058 fecit),
3135 2003 3205 2040 ne
3246 1986 3338 2041 his
3398 2002 3632 2059 quoque
3685 1987 3756 2042 de

2102 2081 2399 2153 indigente
2430 2080 2574 2135 bene
2608 2076 2815 2134 mereri
2846 2077 3083 2133 absiste.
3118 2078 3241 2131 Imo
3270 2075 3525 2148 primum
3559 2093 3625 2132 ac
3658 2093 3757 2149 po-

2104 2169 2401 2225 tissimum
2426 2168 2547 2223 haec
2570 2167 2642 2235 ei,
2675 2166 2774 2238 qui
2808 2167 2913 2221 abs
2946 2170 3001 2220 te
3035 2163 3196 2236 petit,
3232 2164 3445 2231 tribue,
3469 2164 3752 2236 priusque

2100 2258 2279 2313 etiam
2310 2274 2487 2329 quam
2522 2256 2792 2328 postulet,
2822 2258 2943 2311 tota
2972 2254 3065 2309 die
3096 2253 3383 2309 miserans
3413 2270 3479 2308 ac
3524 2270 3753 2309 sermo-

2101 2364 2235 2403 nem
2298 2347 2696 2410 commodans,
2742 2344 3127 2415 debitumque
3156 2358 3291 2397 cum
3319 2342 3512 2398 fenore
3546 2340 3749 2398 sedulo

2100 2438 2357 2509 exigens,
2391 2436 2499 2491 hoc
2528 2439 2635 2500 est,
2668 2434 2817 2504 ejus,
2849 2432 2941 2488 cui
2976 2432 3199 2488 utilitas
3240 2432 3497 2500 affertur,
3558 2431 3750 2487 incre-

2100 2533 2384 2596 mentum,
2427 2526 2579 2595 quod
2617 2523 2853 2596 quidem
2888 2522 3162 2577 doctrinae
3194 2538 3427 2592 semper
3456 2521 3747 2591 adjungit,

2098 2618 2238 2672 dum
2275 2615 2503 2687 pietatis
2532 2613 2758 2669 semina
2790 2612 2846 2666 in
2880 2612 3073 2682 seipso
3104 2608 3388 2682 paulatim
3421 2614 3614 2681 auget.
3648 2609 3748 2664 Sin

2099 2705 2215 2761 hec
2242 2704 2443 2776 largiri
2466 2702 2692 2774 nequis,
2719 2706 2777 2757 at
2800 2706 2949 2756 certe
2973 2701 3091 2754 hazc
3124 2699 3381 2754 secunda
3410 2702 3466 2752 et
3497 2698 3747 2769 minora,

2097 2800 2153 2850 et
2182 2780 2311 2865 qua:
2341 2793 2450 2848 sub
2484 2791 2819 2847 facultatem
2850 2792 3010 2844 tuam
3045 2788 3282 2858 cadunt,
3315 2791 3529 2858 praesta
3559 2803 3573 2843 :
3606 2788 3747 2842 eub-

2097 2883 2248 2949 veni,
2282 2882 2479 2937 cibum
2512 2880 2720 2952 praebe,
2744 2878 3020 2934 detritum
3054 2893 3314 2950 pannum
3349 2875 3599 2948 porrige,
3633 2892 3749 2932 me-

2096 2971 2492 3026 dicamentum
2526 2969 2757 3033 adhibe,
2790 2967 3001 3022 vulnus
3033 2966 3229 3038 alliga,
3290 2966 3360 3021 de
3417 2964 3748 3020 calamitate

2096 3059 2322 3132 aliquid
2380 3063 2778 3131 percunctare,
2814 3058 2883 3111 de
2915 3054 3194 3128 patientia
3222 3054 3544 3110 orationem
3575 3053 3741 3121 habe,

2098 3150 2247 3205 bono
2279 3148 2475 3204 animo
2504 3152 2649 3217 esto,
2674 3146 2901 3213 accede;
2924 3144 3382 3215 haudquaquam
3416 3144 3565 3199 277
3592 3159 3659 3197 ex
3680 3158 3748 3197 ea

2097 3255 2157 3294 re
2200 3237 2454 3294 deterior
2505 3236 2691 3307 teipso
2746 3233 2896 3302 eris;
2955 3233 3413 3303 haudquaquam
3473 3231 3745 3287 morbum

334 3318 536 3389 ταύτην
581 3315 989 3395 προϐάλλονται
1016 3328 1117 3390 τῆς
1159 3323 1359 3376 ἑαυτῶν
1395 3322 1499 3377 εἴτε
1532 3300 1814 3387 εὐλαϐείας
1845 3328 1979 3400 (34),

2102 3327 2423 3391 contrahes,
2454 3323 2683 3380 etiamsi
2713 3322 2983 3378 homines
3011 3321 3256 3376 nimium
3304 3320 3556 3388 delicati,
3619 3319 3747 3374 ina-

336 3408 446 3463 εῗτε
487 3404 731 3471 ἀσεϐείας
778 3407 1105 3484 ἀπολογίαν,
1156 3410 1243 3465 ἐπὶ
1291 3420 1387 3480 τὴν
1441 3411 1665 3484 δειλίαν,
1716 3414 1791 3476 ὡς
1836 3412 1980 3485 δήτι

337 3498 478 3572 μέγα
534 3498 621 3552 καὶ
683 3499 843 3575 σοφὸν
890 3498 1314 3577 καταφεύγοντες
1361 3543 1373 3556 .
1430 3506 1597 3556 Τοῦτο
1654 3504 1981 3566 πειθέτωσάν

336 3606 397 3640 σε
426 3584 515 3640 καὶ
565 3586 615 3641 οἱ
664 3584 842 3662 λόγοι,
892 3587 980 3642 καὶ
1033 3588 1228 3663 ἰατρῶν
1280 3587 1466 3652 παῖδες
1515 3593 1648 3663 (35),
1681 3591 1769 3646 καὶ
1804 3592 1983 3647 σύνοι-

334 3695 425 3728 κοι
460 3677 571 3747 (36)
601 3675 808 3730 τούτων
837 3676 1179 3749 θεραπευταὶ,
1214 3678 1287 3731 ὧν
1324 3677 1498 3741 οὐδείς
1540 3701 1626 3733 πω
1656 3687 1771 3743 τοῖς
1798 3682 1981 3736 τοιού-

329 3784 451 3824 τοις
483 3766 720 3838 προσιὼν
772 3762 1122 3823 ἐκινδύνευσε.
1174 3766 1249 3820 Σὺ
1294 3767 1495 3836 τοίνυν,
1528 3768 1573 3822 εἰ
1621 3768 1801 3824 καὶτὸ
1847 3778 1985 3845 πρᾶ-

332 3873 455 3926 γμα
485 3846 715 3929 φοϐερὸν
758 3855 846 3908 καὶ
899 3855 1153 3917 ὑπονοίας
1206 3857 1372 3927 ἄξιον,
1426 3858 1469 3909 ὦ
1518 3854 1679 3912 δουλε
1732 3865 1984 3932 Χριστοῦ,

329 3942 426 3995 καὶ
458 3941 696 4018 φιλόθεε,
730 3941 817 3996 καί
872 3943 1239 4020 φιλάνθρωπε,
1296 3946 1370 4017 μὴ
1421 3947 1588 4019 πάθῃς
1636 3945 1801 4019 μηδὲν
1835 3948 1985 4024 ἀγεν-

329 4030 444 4090 νές·
503 4034 572 4103 τῇ
626 4030 799 4085 πίστει
863 4033 1151 4105 θάρσησον·
1213 4033 1489 4101 νικησάτω
1544 4036 1643 4102 τήν
1703 4032 1905 4091 δειΛίαν
1958 4038 1985 4090 ὁ

333 4118 542 4189 οἶκτος,
577 4120 605 4173 6
628 4124 725 4174 τοῦ
759 4124 891 4175 Θεοῦ
939 4116 1106 4195 φόϐος
1153 4123 1251 4190 τὴν
1284 4121 1621 4192 ἁπαλότητα·
1668 4127 1849 4195 στήτω
1879 4126 1986 4201 πρὸ

331 4210 444 4261 τῶν
477 4205 823 4283 φιλοσάρκων
877 4207 1155 4285 λογισμῶν
1206 4213 1239 4279 ἡ
1293 4207 1552 4267 εὐσέϐεια·
1609 4214 1684 4285 μή
1734 4212 1984 4290 παρίδῃς,

335 4298 420 4369 μὴ
472 4293 832 4372 παραδράμῃς
890 4298 985 4352 τὸν
1039 4296 1293 4376 ἀδελφόν,
1366 4302 1441 4372 μη
1501 4302 1851 4379 ἀποστραφῇς
1911 4303 1984 4366 ὡς

332 4383 491 4462 ἄγος,
528 4385 601 4447 ὡς
638 4386 870 4460 μίασμα,
900 4387 975 4449 ὡς
1008 4386 1147 4443 ἄλλο
1178 4409 1230 4443 τι
1277 4393 1383 4444 τῶν
1438 4395 1678 4467 φευκτῶν
1721 4391 1809 4446 καὶ
1842 4393 1989 4447 ἀπει-

331 4476 614 4551 ρημένων·
667 4476 758 4530 σὸν
809 4474 921 4531 ἰστι
975 4476 1165 4550 μέλος,
1215 4478 1303 4532 καὶ
1355 4478 1401 4533 εί
1444 4483 1511 4553 τῇ
1563 4486 1817 4559 συμφορᾷ
1847 4480 1986 4555 κάμ-

409 4656 434 4691 ⁹
461 4656 673 4729 Ephes.
706 4674 785 4725 ιν,
823 4658 910 4714 11.

329 4836 519 4963 “5.22)
548 4839 603 4889 ὀ
641 4836 732 4893 Βία
786 4836 964 4911 Β(⁵88.
1000 4857 1053 4911 a,
1100 4839 1221 4907 bm,
1254 4840 1355 4913 pb,
1388 4846 1496 4898 etc.
1532 4846 1702 4900 Deest
1750 4843 1809 4899 in
1862 4843 1989 4900 edi-

384 4925 438 4963 8.

403 4978 524 5053 (23,)
555 4975 685 5053 Kal._
714 4978 886 5053 Deest
917 4980 974 5035 in
1009 4980 1298 5053 pluribus.

550 5047 800 5128 ξυνάγει.
833 5052 974 5128 Jes.,
1005 5047 1322 5128 συνεισάγει,

548 5118 801 5199 [lapidum
826 5127 973 5199 Beg.
1007 5125 1128 5192 bm,
1160 5118 1444 5199 πάρείδῃς.

325 5191 665 5319 inﬁgat-iui.
700 5191 794 5250 Sic
826 5191 1002 5267 Reg'g.
1046 5215 1098 5263 a,
1146 5191 1261 5267 bm',
1295 5217 1344 5270 ο,
1372 5191 1478 5271 'pb,
1511 5205 1569 5255 et
1598 5200 1695 5256 Or.
1727 5201 1781 5255 2.
1815 5200 1987 5257 Deest

350 5282 389 5320 n
428 5281 570 5319 οαιε.

548 5331 754 5413 Ἐνδεῇ.
791 5337 929 5413 Reg.
967 5337 1063 5413 ph,
1095 5335 1254 5413 ἐνδὲα
1281 5339 1445 5413 [lege,
1478 5336 1671 5413 ἐνδεᾶ)

403 5409 521 5476 (28)
555 5406 842 5479 Δανε-ίζων.
875 5406 1024 5464 Οτίί
1061 5416 1117 5465 et
1144 5415 1197 5479 2,
1233 5406 1482 5479 δανίξων.

554 5476 751 5563 ’ρφελη
766 5477 949 5563 μένου,
984 5481 1121 5563 Reg.
1157 5476 1274 5563 δερ,
1308 5476 1715 5563 ὠφελουμένου.

393 5551 514 5618 (30)
548 5549 734 5623 Ai;qu
790 5551 981 5623 ἐαυτῷ,
1032 5549 1140 5608 etc.
1196 5549 1330 5623 Reg.
1369 5549 1428 5619 'a,
1464 5549 1560 5609 Or.
1593 5556 1647 5618 2,
1681 5560 1735 5610 et
1782 5554 1977 5622 Gabr.,

309 5625 606 5706 νουνεχῶς
638 5618 809 5706 αὔξων
840 5621 890 5675 ἒν
924 5618 1114 5706 ἑαυτῷ,
1150 5648 1181 5706 «_
1212 5618 1308 5696 qui
1348 5618 1670 5706 prudenter
1699 5628 1756 5682 in
1789 5618 1980 5700 seipso

308 5696 567 5770 pietatis
598 5696 828 5770 semina
860 5696 1081 5770 sensim
1114 5696 1382 5770 adauget.
1413 5721 1433 5746 ι

391 5765 513 5839 (31)
545 5764 620 5819 Τά
648 5785 731 5841 γε.
767 5766 906 5838 Reg.
940 5766 1044 5839 ph,
1072 5765 1235 5841 τάχα,
1270 5764 1300 5821 ἶ
1330 5770 1600 5828 fortasse.
1627 5791 1655 5818 »

2096 3415 2270 3471 nibus
2292 3413 2515 3486 decepti
2541 3411 2867 3468 rationibus
2892 3410 3020 3477 ,hoc
3046 3410 3401 3475 existiment;
3435 3408 3519 3464 vel
3556 3409 3748 3481 potius

2096 3503 2204 3559 hoc
2228 3504 2346 3559 sive
2375 3501 2655 3571 mollitiei,
2692 3500 2811 3557 sive
2840 3498 3125 3571 impietati
3158 3516 3275 3554 suae
3309 3503 3641 3570 praetexant,
3674 3497 3745 3552 ad

2092 3592 2491 3660 timiditatem,
2524 3590 2682 3646 velut
2711 3590 2782 3645 ad
2817 3605 3095 3661 magnum
3132 3587 3352 3659 aliquid
3377 3592 3433 3642 et
3464 3588 3743 3658 prudens,

2093 3681 2516 3753 confugientes.
2556 3680 2668 3734 [loc
2700 3678 2804 3733 tibi
2839 3678 3247 3750 persuadeant,
3281 3681 3337 3731 et
3366 3676 3641 3744 rationes,
3692 3678 3747 3729 et

2097 3770 2325 3835 medici,
2349 3774 2405 3825 et
2424 3766 2871 3824 contubernales
2901 3767 3000 3838 qui
3035 3783 3133 3821 cos
3163 3770 3392 3835 curant,
3422 3781 3490 3819 ex
3531 3764 3747 3835 quibus

2098 3860 2359 3914 nondum
2427 3856 2583 3913 ullus
2640 3873 2707 3911 ea
2763 3856 2832 3910 de
2865 3872 3044 3909 causa
3073 3854 3130 3908 in
3161 3853 3483 3925 periculum
3519 3850 3741 3920 incidit,

2097 3948 2251 4018 quod
2285 3947 2353 4001 ad
2383 3962 2482 4001 cos
2513 3945 2841 4000 accesserit.
2870 3945 3056 4015 Atque
3088 3947 3152 3996 ut
3183 3945 3388 3996 demus
3420 3956 3538 3993 rem
3596 3939 3747 3993 hanc

2098 4040 2255 4091 metu
2314 4041 2370 4091 et
2413 4033 2744 4106 suspicione
2775 4050 2887 4087 non
2922 4046 3135 4097 carere,
3170 4036 3232 4084 tu
3266 4036 3481 4098 tamen,
3515 4047 3547 4084 0
3579 4044 3744 4084 serve

2095 4125 2333 4195 Christi,
2358 4123 2575 4195 Deique
2606 4128 2664 4178 et
2695 4121 3001 4177 hominum
3035 4123 3283 4188 amator,
3309 4134 3379 4173 ne
3430 4122 3738 4188 prepterea

2097 4215 2442 4286 degenerem
2499 4218 2671 4282 atque
2704 4211 2979 4282 ignavum
3012 4210 3276 4264 animum
3308 4224 3473 4280 geras
3508 4222 3745 4262 :verum

2098 4302 2415 4369 conﬁdito;
2477 4300 2856 4356 timiditatem
2916 4296 3335 4365 misericordia,
3401 4295 3496 4350 Dei
3557 4299 3749 4350 metus

2098 4391 2405 4448 mollitiem
2436 4390 2666 4457 vincat;
2702 4388 2956 4444 rationes
2981 4403 3100 4455 eas,
3162 4402 3290 4457 quae
3338 4383 3497 4439 carni
3558 4384 3749 4438 favent

2098 4483 2283 4556 pietas
2315 4484 2573 4553 superet.
2595 4477 2679 4533 Ne
2703 4478 2941 4533 fratrem
2973 4474 3285 4548 deepicias,
3310 4488 3382 4528 ne
3416 4477 3747 4543 praetereas,

2170 4842 2278 4913 (32)
2310 4837 2409 4893 Καὶ
2444 4836 2758 4913 μικρότεραζ
2791 4838 2963 4895 Deest
2991 4836 3224 4913 in_Reg.
3252 4836 3352 4913 ph.

2314 4902 2682 4971 Μεταλάϐοιςί
2726 4911 2903 4983 Regg.
2939 4927 2992 4977 a,
3042 4910 3099 4977 d,
3150 4902 3207 4965 et
3253 4902 3347 4963 Or.
3396 4908 3454 4974 2,
3506 4902 3745 4976 μεταλά-

2099 4978 2218 5047 ϐῃὲ.

2134 5007 2279 5126 In(‘34)
2320 5048 2643 5126 [εὐλαϐείας.
2677 5052 2854 5126 Begg.
2883 5069 2935 5122 a,
2970 5068 3021 5119 c,
3045 5052 3249 5126 d,‘duo
3279 5047 3451 5126 (_}oiel_.
3484 5048 3742 5126 ενοι-,2,

2095 5119 2354 5187 πλακείας
2408 5128 2468 5199 [ἶ.
2515 5119 2873 5201 βλακείαςῙξα
2908 5119 3206 5189 socordia,
3258 5120 3377 5177 sive
3425 5119 3748 5192 impietatis

2094 5201 2523 5270 excusationem
2560 5202 2896 5270 praetexam.
2920 5215 2947 5245 ι

2164 5274 2284 5345 (35)-
2309 5269 2495 5345 Λόγοι,
2528 5260 2615 5323 καὶ
2652 5267 2847 5345 ἰατρῶν
2880 5261 3524 5345 naiSeq‘.‘_Begg_._bm,_oi
3558 5260 3739 5345 λόγοι.

2097 5364 2125 5393 ‹‹
2160 5333 2567 5408 Βυίὶοηθἐ,ὀῐ
2624 5333 2981 5396 medicorum
3042 5333 3333 5404 filii,»‘id
3390 5338 3496 5401 est,
3558 5333 3741 5389 medi-

2092 5414 2162 5470 ci.
2198 5416 2291 5470 Sic
2338 5407 2673 5485 Gregorius,
2728 5418 2871 5485 orat.
2892 5414 2959 5485 ,1,
2992 5409 3061 5464 de
3091 5408 3235 5485 ﬁlio,
3263 5431 3283 5455 ι
3309 5407 3548 5485 _Graecos
3578 5421 3738 5485 »τειρ-

2092 5485 2285 5557 pellat,
2320 5474 2600 5554 Ἑλλῖνων
2634 5474 2848 5545 παῖδας.
2883 5474 2975 5557 Sic
3008 5498 3173 5557 sacra
3203 5474 3501 5557 Scriptura
3534 5492 3587 5557 ξιξ
3610 5474 3735 5557 Pal-

2131 5545 2284 5612 ebraav
2330 5558 2457 5627 ejus
2481 5545 2870 5628 'interrogant
2920 5554 3069 5609 filios
3120 5545 3449 5619 hominum,
3475 5569 3503 5596 »
3535 5545 3590 5599 id
3623 5550 3734 5611 est:

2131 5576 2279 5612 eoraa
2330 5576 2457 5627 ejus
2508 5576 2707 5611 interrt

2091 5576 2510 5699 Eominch’s.
2545 5646 2600 5697 x,
2631 5628 2707 5698 5).

2161 5701 2275 5772 (36)
2307 5688 2787 5771 Σύνοικοι.’Βὸίζε.
2820 5716 2873 5766 a,
2917 5697 3036 5764 bm,
3072 5693 3172 5767 pb,
3206 5691 3257 5746 οἱ
3288 5688 3549 5745 σύνοικοι.

4120 5630 4125 5663 ρ

4120 5744 4123 5841 J
