4138 6212
425 361 541 422 895

1674 363 1741 423 S.
1788 363 2159 425 GREGORII
2206 366 2602 427 THEOLOGI

3720 366 3844 426 896

431 509 526 560 ne,
543 496 607 548 ut
626 492 839 563 scelus,
857 498 920 548 ut
944 492 1259 564 piaculum,
1276 499 1340 548 ut
1360 493 1519 549 aliud
1545 494 1826 566 quiddam
1850 495 2079 567 fugien-

2212 514 2425 550 ττεται·
2488 496 2586 551 Σοὶ
2643 495 3127 572 ἐγκαταλέλειπται
3189 500 3301 571 (37)
3361 498 3389 553 6
3454 497 3701 572 πτωχὸς,
3762 497 3839 559 ὡς

432 583 572 637 dum
606 586 663 637 et
693 583 1115 638 exsecrandum
1164 583 1470 638 averseris.
1529 584 1854 639 Membrum
1912 588 2083 639 tuum

430 675 539 742 est,
578 669 811 726 tametsi
834 671 1167 727 calamitate
1198 677 1503 727 curvetur:
1530 678 1595 728 ut
1631 674 1761 739 Deo,
1792 674 1895 729 tibi
1921 674 2081 730 dere-

431 761 597 817 lictus
615 765 696 815 est
719 777 934 833 pauper
960 762 1020 827 ‘9,
1044 760 1180 817 licet
1209 762 1404 817 animo
1437 762 1753 817 admodum
1781 762 1914 819 forti
1939 780 2082 834 prte-

428 853 639 917 tereas;
664 848 755 905 his
786 849 941 904 enim
972 850 1163 905 verbis
1194 851 1415 922 pudore
1446 857 1500 906 te
1532 850 1778 905 fortasse
1808 850 2079 906 afficiam.

2191 589 2326 655 Θεῷ,
2385 586 2473 639 καὶ
2529 585 2575 639 εί
2634 583 2754 641 λίαν
2816 588 3179 663 παρατρέχεις
3229 588 3345 660 (38)
3407 583 3837 661 μεγαλοψύχως,

2189 674 2332 747 τάχα
2380 675 2483 747 γάρ
2535 695 2592 729 σε
2645 674 2860 737 τούτοις
2920 673 3229 745 δυσωπήσω
3275 680 3390 736 τοῖς
3449 675 3675 751 ῥήμασι.
3740 675 3838 729 Σοὶ

2191 762 2471 838 πρόκειται
2501 762 2911 841 φιλανθρωπίας
2946 763 3214 831 ὑπόθεσις,
3244 763 3333 817 καὶ
3379 764 3424 817 εἰ
3463 762 3754 840 ἀλλοτριοῖ
3784 784 3841 818 σε

2190 854 2288 904 τοῦ
2322 849 2375 904 εὖ
2405 857 2593 915 παθεῖν
2627 853 2654 906 6
2686 851 2979 921 ἀλλότριος
3010 856 3141 925 (39).

430 938 827 995 Humanitatis
858 939 965 993 tibi
997 945 1410 1012 argumentum
1446 940 1814 1011 proponitur,
1847 940 2078 995 etiamsi
2108 944 2166 996 te
2196 957 2229 995 a
2261 942 2540 997 beneﬁcio
2572 943 2910 1013 accipiendo
2942 944 3169 998 alienus
3201 947 3422 998 avertat
3446 949 3504 999 et
3534 943 3763 999 alienet.

499 1028 736 1083 XXVIII.
772 1028 1048 1099 Quisquis
1082 1030 1338 1101 navigat,
1373 1029 1677 1101 naufragio
1727 1029 2087 1101 propinquus

431 1121 541 1185 est,
600 1133 785 1189 eoque
826 1117 1036 1189 magis,
1062 1134 1177 1189 quo
1210 1117 1491 1173 audacius
1525 1121 1758 1190 navigat
1790 1134 1803 1175 :
1836 1122 1894 1174 et
1925 1119 2085 1191 quis-

432 1206 568 1279 quis
609 1223 821 1277 corpus
853 1206 1021 1278 gerit,
1057 1206 1316 1279 corporis
1350 1206 1522 1262 malis
1553 1208 1919 1279 propinquus
1975 1211 2084 1273 est,

432 1310 617 1367 eoque
650 1293 857 1367 magis,
891 1311 1007 1365 quo
1039 1295 1284 1351 erectior
1312 1296 1549 1361 incedit,
1567 1312 1671 1350 nec
1692 1295 1926 1366 eos,qui
1953 1300 2087 1351 ante

434 1384 729 1455 sejacent,
763 1383 1043 1438 intuetur.
1079 1384 1226 1439 Dum
1261 1385 1519 1440 secundo
1548 1389 1720 1439 vento
1751 1385 2011 1457 navigas,
2035 1384 2088 1440 ei

434 1473 535 1544 qui
569 1472 938 1544 naufragium
975 1472 1131 1537 facit,
1164 1489 1403 1528 manum
1438 1472 1705 1545 porrige:
1732 1474 1872 1529 dum
1905 1490 2087 1529 sanus

2268 1034 2397 1085 KH'.
2433 1033 2541 1091 Πᾶς
2571 1030 2599 1083 ὁ
2648 1027 2832 1084 πλέων
2885 1028 3046 1105 ἐγγύς
3097 1029 3206 1084 ἐστι
3256 1034 3350 1083 τοῦ
3398 1030 3697 1104 ναυαγίου,
3750 1029 3842 1083 καὶ

2194 1114 2340 1189 τόσῳ
2404 1114 2638 1189 μᾶλλον,
2697 1116 2913 1192 ὅσῳπερ
2971 1118 3030 1171 ἂν
3086 1115 3501 1193 τολμηρότερον
3552 1117 3716 1190 πλέῃ·
3750 1117 3842 1172 καὶ

2195 1210 2301 1267 πᾶς
2330 1205 2358 1257 6
2390 1209 2552 1277 σῶμα
2581 1206 2954 1281 περικείμενος
2987 1205 3145 1282 ἐγγύς
3197 1206 3306 1261 ἑστι
3355 1213 3462 1261 τῶν
3513 1212 3609 1261 τοῦ
3650 1208 3844 1279 σώμα-

2193 1314 2286 1355 τος
2314 1299 2513 1363 κακῶν,
2543 1294 2632 1348 καὶ
2680 1294 2827 1367 τόσῳ
2880 1297 2989 1365 (40)
3045 1294 3280 1367 μᾶλλον,
3322 1295 3537 1369 ὅσῳπερ
3571 1296 3627 1350 ἂν
3663 1295 3846 1367 ὀρθῶς

2200 1380 2411 1458 βαδίζῃ,
2442 1383 2530 1438 καὶ
2558 1384 2633 1457 μὴ
2672 1381 2847 1460 βλέπῃ
2875 1384 3003 1445 τοὺς
3034 1385 3140 1459 πρὸ
3170 1383 3335 1438 αὐτοῦ
3368 1385 3671 1457 κειμένους.
3692 1387 3844 1445 ’Έως

2194 1471 2339 1545 πλῇς
2369 1473 2485 1546 (44)
2515 1471 2564 1545 ἐξ
2597 1471 2803 1548 οὐρίας,
2834 1476 2913 1543 τῷ
2942 1476 3263 1547 ναυαγοῦντι
3297 1469 3387 1534 δὸς
3420 1479 3598 1549 χεῖρα’
3629 1470 3736 1535 ἓως
3758 1473 3847 1527 εὐ-

434 1577 498 1616 es
520 1563 577 1615 et
596 1559 875 1632 locuples,
908 1560 1120 1615 afﬂicto
1146 1561 1230 1615 fer
1250 1577 1441 1633 opem.
1473 1562 1555 1617 Ne
1601 1566 1887 1633 expectes,
1920 1562 2082 1629 dum,

2212 1560 2356 1636 εκτῇς
2416 1561 2505 1616 καὶ
2563 1560 2808 1635 πλουτῇς
2867 1563 2999 1634 (42);
3057 1565 3135 1633 τῷ
3181 1562 3576 1616 κακοπαθοῦντι
3639 1562 3850 1636 βοήθη-

435 1653 725 1721 quantum
756 1647 977 1704 malum
1010 1648 1088 1704 sit
1117 1649 1538 1721 inhumanitas,
1566 1650 1624 1705 in
1656 1651 1841 1723 teipso
1874 1651 2086 1717 discas,

434 1742 843 1810 quantumque
894 1738 1114 1793 bonum
1151 1739 1365 1794 viscera
1396 1740 1703 1811 egentibus
1732 1740 1973 1812 aperire.
2007 1740 2091 1796 Ne

433 1825 679 1899 experiri
712 1826 854 1882 velis
885 1827 1064 1883 Deum
1102 1844 1339 1883 manum
1376 1829 1779 1885 extendentem
1809 1830 2090 1884 adversus

434 1933 555 1984 eos,
576 1915 673 1989 qui
698 1916 978 1971 cervicem
1004 1915 1300 1979 attollunt.
1323 1934 1389 1973 ac
1412 1932 1696 1989 pauperes
1718 1921 2087 1988 praetereunt.

436 2006 501 2059 In
523 2003 731 2060 alienis
762 2004 1197 2061 calamitatibus
1227 2005 1349 2060 haec
1382 2006 1575 2073 disce;
1608 2005 1800 2077 egenti
1846 2021 2087 2077 parvum

434 2093 655 2165 aliquid
684 2094 895 2162 tribue;
920 2111 1108 2167 neque
1136 2094 1295 2150 enim
1328 2111 1573 2166 parvum
1606 2099 1695 2150 est
1724 2095 1799 2161 ei,
1826 2094 1926 2167 qui
1959 2111 2092 2150 om-

435 2183 613 2239 nibus
645 2184 817 2239 rebus
851 2188 1030 2250 caret,
1063 2182 1182 2238 imo
1216 2201 1287 2239 ne
1317 2184 1429 2257 ipsi
1462 2184 1699 2256 quidem
1738 2185 1867 2253 Deo,
1918 2184 2091 2240 modo

433 2269 659 2327 viribus
718 2288 832 2327 non
894 2271 1104 2344 impar.
1163 2272 1247 2327 Sit
1285 2271 1391 2327 tibi
1421 2274 1638 2328 summi
1674 2272 1935 2329 muneris
1965 2272 2090 2329 loco

436 2359 619 2416 animi
653 2359 959 2416 alacritas:
981 2360 1030 2416 si
1062 2360 1209 2416 nihil
1240 2361 1779 2435 babes,i1lacryma.
1812 2362 2089 2434 Magnum

437 2449 780 2506 calamitose
810 2450 1133 2505 remedium
1164 2453 1253 2506 est
1284 2451 1584 2507 miseratio
1615 2469 1683 2508 ex
1720 2451 1917 2507 animo
1974 2452 2093 2507 col-

434 2538 601 2595 lata:
635 2555 701 2594 ac
756 2555 888 2595 vere
943 2543 1000 2595 et
1054 2539 1279 2595 sincere
1327 2539 1653 2612 condolere,
1698 2541 2092 2597 culamitatem

438 2643 653 2700 magna
680 2643 748 2683 ex
774 2630 938 2699 parte
968 2628 1136 2683 levat.
1170 2628 1354 2683 Homo
1386 2630 1538 2701 apud
1568 2633 1625 2685 te
1645 2632 1907 2697 iumento
1938 2629 2091 2686 278

436 2715 607 2773 vilior
636 2733 749 2772 non
782 2722 892 2786 cst,
924 2734 955 2772 ο
986 2717 1183 2787 homo,
1217 2719 1372 2790 quod
1407 2734 1538 2773 cum
1571 2717 1629 2774 in
1673 2718 1892 2774 foveam
1945 2719 2091 2774 inci-

437 2805 540 2873 dit,
599 2810 700 2861 aut
754 2806 1063 2874 aberravit,
1125 2807 1370 2879 erigere,
1432 2823 1497 2862 ac
1554 2807 1828 2862 reducere
1865 2807 1970 2862 tibi
2004 2807 2094 2862 lex

439 2894 763 2967 praescribit
794 2896 856 2951 ¹¹.
890 2896 950 2950 Si
981 2894 1120 2967 quid
1153 2900 1348 2951 autem
1404 2895 1746 2967 profundius
1804 2895 1984 2963 aliud,
2038 2900 2094 2952 et

440 2984 628 3056 magis
686 3000 963 3039 arcanum
1016 2984 1284 3052 occultat,
1343 2984 1677 3054 cujusmodi
1737 2988 1875 3041 sunt
1906 2984 2093 3041 multa

440 3071 647 3145 legalis
671 3072 1087 3144 profunditatis
1117 3089 1181 3127 ac
1229 3071 1484 3145 duplicis
1541 3089 1770 3143 sensus,
1831 3090 1946 3129 non
2005 3076 2095 3128 est

441 3178 638 3218 meum
700 3178 892 3229 nosse,
924 3177 1126 3216 verum
1157 3161 1413 3233 Spiritus
1443 3161 1642 3217 omnia
1670 3162 2094 3233 perscrutantis

439 3254 497 3307 et
525 3250 929 3323 cognoscentis
964 3267 977 3305 :
1010 3254 1296 3322 quantum
1329 3267 1463 3305 vero
1494 3251 1619 3323 ipse
1649 3251 1874 3307 ratione
1921 3255 2095 3323 atque

437 3338 825 3413 intelligentia
875 3339 1153 3410 consequi
1188 3356 1452 3411 possum,
1484 3340 1595 3395 hoc
1623 3339 1755 3395 ideo
1785 3341 2000 3405 sanxit,
2032 3344 2097 3395 ut

440 3444 549 3484 nos
581 3428 652 3483 ab
683 3427 1073 3494 humanitate,
1106 3444 1282 3498 quam
1315 3427 1374 3482 in
1402 3428 1578 3484 rebus
1608 3429 1804 3501 parvis
1854 3428 2094 3485 adhibe-

443 3533 600 3583 mus,
671 3516 743 3571 ad
811 3516 1097 3585 majorem
1165 3514 1607 3588 plenioremque
1672 3517 2095 3590 benignitatem

441 3609 725 3663 exerceat.
756 3605 983 3668 Quanta
1011 3604 1188 3671 enim,
1223 3620 1440 3675 quasso,
1497 3604 1613 3676 his,
1673 3605 1772 3678 qui
1830 3607 2095 3677 ejusdem

445 3694 749 3751 nobiscum
781 3692 1009 3763 generis
1041 3697 1215 3765 atque
1235 3693 1475 3749 honoris
1505 3698 1665 3762 sunt,
1688 3694 1954 3764 debetur,
1972 3713 2097 3769 quae

441 3784 533 3840 vel
562 3798 751 3855 usque
780 3783 851 3838 ad
884 3798 972 3848 ea,
1005 3799 1132 3855 quae
1165 3783 1388 3838 ratione
1420 3788 1637 3854 carent,
1670 3783 1967 3856 exigitur?

514 3873 698 3929 XXIX.
730 3872 916 3942 Atque
948 3871 1070 3927 haec
1101 3870 1337 3943 quidem
1371 3871 1621 3927 suadent
1666 3873 1835 3944 ratio,
1885 3877 1942 3930 et
1986 3872 2097 3943 lex,

444 3966 502 4017 et
530 3961 837 4018 hominum
868 3960 1322 4017 moderatissimi
1353 3961 1757 4034 quiquo,apud
1786 3979 1933 4034 quos
1965 3980 2102 4035 prae-

447 4050 718 4106 stabilius
747 4050 997 4107 habetur
1028 4050 1378 4106 beneficium
1411 4051 1548 4106 dare
1597 4068 1770 4121 quam
1818 4052 2101 4123 accipere,

449 4139 776 4209 majorique
825 4139 1020 4194 studio
1069 4144 1159 4194 est
1190 4139 1612 4207 misericordia,
1645 4156 1820 4211 quam
1850 4140 2101 4196 lucrum.

450 4226 595 4290 Quid
628 4243 761 4281 vero
786 4227 855 4283 de
874 4228 1091 4284 nostris
1122 4227 1487 4300 sapientibus
1518 4228 1761 4285 dixeris?
1775 4229 1930 4284 Nihil
1948 4231 2104 4286 enim

453 4315 524 4370 de
553 4313 763 4369 exteris
794 4314 942 4382 dico,
975 4315 1073 4387 qui
1106 4316 1263 4371 vitiis
1294 4316 1419 4371 suis
1450 4321 1726 4388 patronos
1757 4319 1897 4375 deos
1935 4337 2106 4376 exco-
2136 4304 2183 4370 D

526 4402 571 4439 ιο
600 4399 753 4456 Psal.
786 4418 841 4472 x,
877 4404 962 4470 14,
997 4419 1113 4457 sec.
1146 4402 1318 4460 Hebr.
1398 4407 1440 4441 ¹¹
1473 4404 1640 4461 Deut.
1672 4421 1811 4475 xxii,
1846 4408 1871 4462 1
1907 4424 2070 4481 seqq.

525 4492 638 4562 (37)
696 4488 1233 4563 Ε’γκαταλέλειπται.
1303 4493 1443 4567 Reg.
1512 4495 1643 4561 bm,
1713 4493 2102 4570 ἐγκαταλείπε-

448 4582 558 4618 ται.

666 4632 1056 4708 Παρατρέχεις.
1088 4633 1182 4690 Sic
1214 4634 1391 4708 Regg.
1425 4653 1481 4705 a,
1511 4636 1634 4706 bm,
1667 4655 1720 4706 ο,
1752 4639 1809 4707 d,
1843 4643 1901 4696 et
1926 4640 2021 4697 Or.
2044 4641 2099 4697 2.

451 4704 979 4779 Εάοιπαρςιτρέχῄέο

523 4773 636 4852 (39)
668 4773 1006 4852 ἀλλότριος.
1038 4775 1352 4852 g_Alienus,
1377 4799 1405 4829 »
1445 4794 1676 4852 nempe,
1705 4802 1732 4831 ‹‹
1764 4780 2101 4839 Diabolus.»

550 4846 638 4919 40)
662 4846 837 4921 Τόσῳ.
869 4846 936 4904 In
968 4848 1342 4921 quibusdam,
1373 4846 1639 4921 τοσούτῴ.

550 4871 638 4919 ιιυ)
672 4871 837 4920 ιοσῳ.
874 4871 936 4904 ιιι
968 4871 1342 4921 (ιυιυυεαξιω,
1373 4871 1571 4904 τοσουτ
1627 4895 1629 4905 ε

548 4922 636 4994 41)
669 4917 843 4994 Π-λῇς.
877 4923 940 4977 In
972 4919 1130 4994 aliis,
1155 4918 1313 4983 πλεῖς
1345 4871 1629 4994 [νοοιὶυειγ.

665 4990 897 5069 Εύικτῇς
937 4991 1025 5069 καὶ
1074 4990 1551 5069 πλουτῇςδῆθεε.
1592 4990 1655 5064 ᾗ,
1706 5012 1756 5062 c,
1807 4996 1866 5069 d,
1917 4996 2015 5053 Or.
2044 4998 2100 5053 2.

454 5061 728 5131 Mentem,
761 5061 993 5125 εὐεκτεῖς
1028 5062 1116 5117 καὶ
1149 5061 1427 5126 πλουτεῖς.

527 5135 635 5207 (43)
667 5136 758 5203 Μὴ
810 5134 1090 5265 βουληθῇς
1147 5133 1338 5223 ιπᾷραι
1399 5139 1561 5222 χεῖρα
1609 5134 1759 5193 Θεόν.
1794 5140 1969 5211 (Pan,

527 5203 751 5265 υληθεὶς
835 5207 1069 5265 παράραι
1142 5227 1305 5265 γειρα
1361 5214 1475 5265 Θεω
1531 5211 1973 5265 lcorruntel.la
2050 5212 2099 5265 'e

527 5159 635 5207 (ιω)
668 5159 758 5203 MT,
847 5159 1090 5208 ουΑηυῃς
1147 5159 1338 5207 ιποιραι
1399 5159 1561 5213 χειρα
1609 5159 1759 5193 σεον.
1794 5159 1969 5211 iram,
2065 5159 2099 5209 η

459 5203 751 5284 βουληθεὶς
810 5159 1069 5282 ῗπαρᾴραι
1142 5212 1305 5283 χεῖρα
1361 5212 1475 5278 Θεῷ
1531 5211 1910 5284 [corrupte].)
1945 5232 1973 5265 ιι
2022 5159 2104 5270 K'e

453 5281 789 5337 committas
820 5287 885 5338 ut
917 5281 1066 5335 Deus
1116 5281 1356 5335 manum
1389 5282 1661 5337 extendat
1691 5281 1748 5337 in
1779 5281 1901 5349 eos,
1932 5304 1960 5330 η
1991 5286 2099 5337 etc.

524 4852 542 5063 ἒ

619 5351 637 5553 ξ

552 5351 637 5425 44)
675 5350 811 5414 Τοὺς
836 5352 1100 5425 πένητας.
1138 5351 1268 5425 Haec
1297 5353 1509 5409 desunt
1542 5353 1597 5407 in
1630 5353 1768 5425 Reg.
1802 5355 1921 5409 bm.

548 5422 634 5482 45)
662 5427 723 5475 Τι
755 5422 865 5482 καί.
904 5426 1124 5479 Desunt
1158 5424 1215 5479 in
1248 5425 1547 5479 nonnullis
1578 5422 1744 5479 codd'.

548 5493 637 5553 46)
666 5493 773 5565 Τῷ.
808 5497 900 5552 Sic
950 5496 1125 5567 Regg.
1161 5513 1213 5562 a,
1249 5512 1299 5562 ο,
1333 5498 1390 5563 d,
1423 5504 1479 5551 et
1519 5497 1677 5550 Orat.
1721 5499 1775 5549 2.
1830 5498 1999 5550 Deest
2041 5493 2102 5550 in

524 5351 545 5577 Ξ

456 5565 641 5777 ad???
668 5633 736 5722 Ei,
762 5632 928 5706 μηδὲν
959 5631 1114 5763 eam.
1140 5636 1318 5708 Regg.
1348 5637 1405 5705 d,
1428 5636 1551 5703 bm,
1574 5633 1623 5689 εἷ’
1653 5631 1709 5690 δι
1737 5630 1906 5708 μηδὲν
1931 5633 2099 5713 ἔχεις.

552 5706 617 5759 48
670 5711 962 5777 Δακρυσον.
1052 5721 1181 5777 egg.
1241 5723 1295 5773 a,
1354 5722 1407 5775 ο,
1466 5709 1524 5777 d,
1581 5712 1638 5765 et
1692 5707 1849 5765 Orat.
1897 5709 1952 5777 2,
2004 5704 2099 5763 δά-

552 5704 637 5777 48)
670 5704 962 5780 Δάκρυσον.
994 5704 1181 5778 Ἠοεε.
1226 5704 1295 5773 ἀξ
1354 5722 1407 5775 c,
1466 5709 1524 5777 d,
1581 5712 1638 5765 et
1692 5704 1849 5765 Orat.
1897 5704 2101 5782 2,”δά-

2197 1671 2310 1707 σον.
2374 1651 2465 1718 Μὴ
2516 1649 2805 1723 ἀναμείνῃς
2858 1648 2944 1704 ἐπὶ
3004 1654 3226 1705 σεαυτοῦ
3287 1656 3494 1723 μαθεῖν,
3554 1648 3677 1705 ὅσον
3733 1650 3849 1703 ἐστὶ

2197 1738 2359 1793 κακὸν
2409 1737 2802 1814 ἆπανθρωπία,
2850 1738 2939 1793 καὶ
2991 1740 3105 1792 οἷον
3157 1739 3357 1813 ἀγαθὸν
3400 1737 3684 1814 σπλάγχνα
3736 1744 3848 1798 τοῖς

2198 1826 2498 1902 χρῄζουσιν
2548 1827 2909 1903 ἀνοιγόμενα.
2961 1828 3047 1895 Μὴ
3101 1825 3384 1903 βουληθῇς
3442 1826 3635 1903 ἐπᾶραι
3683 1832 3851 1901 χεῖρα

2199 1916 2328 1970 Θεὸν
2363 1917 2473 1988 (43)
2504 1915 2640 1973 κατὰ
2681 1920 2787 1971 τῶν
2838 1915 3307 1991 ὑψαυχενούντων,
3341 1915 3430 1970 καὶ
3473 1915 3849 1991 παρατρεχόν-

2196 2025 2305 2059 των
2354 2002 2481 2066 τοὺς
2534 2003 2769 2075 πένητας
2827 2007 2961 2078 (44).
3023 2006 3107 2059 Ἐν
3166 2002 3487 2080 ἀλλοτρίαις
3537 2009 3846 2082 συμφοραῖς

2197 2097 2364 2148 ταῦτα
2393 2091 2736 2163 παιδεύθητι”
2790 2091 2880 2148 δός
2928 2114 2981 2147 τι
3032 2092 3121 2148 καὶ
3168 2095 3282 2166 (45)
3326 2094 3517 2166 μικρὸν
3548 2098 3627 2165 τῷ
3658 2091 3852 2165 δεομέ-

2198 2202 2299 2255 νῳο
2360 2182 2421 2237 ού
2481 2182 2584 2259 γὰρ
2647 2183 2841 2256 μικρὸν
2888 2186 2965 2255 τῷ
3012 2181 3225 2237 πάντων
3273 2179 3494 2255 ἦπιδεεῖ,
3544 2180 3671 2237 ἀλλ’
3720 2179 3850 2237 οὐδὲ

2198 2275 2277 2343 τῷ
2302 2273 2415 2345 (46)
2462 2270 2597 2343 Θεῷ,
2633 2271 2691 2325 ἂν
2793 2271 2929 2325 κατὰ
2977 2267 3226 2343 δύναμιν.
3284 2270 3383 2333 Δὸς
3433 2268 3546 2325 ἀντὶ
3603 2269 3852 2345 μεγάλου

2197 2360 2298 2430 τὴν
2348 2359 2673 2435 προθυμίανο
2736 2358 2781 2413 εἰ
2844 2355 3011 2432 μηδὲν
3061 2357 3191 2434 ἔχῃς
3236 2361 3373 2432 (47),
3414 2355 3681 2435 δάκρυσον
3712 2360 3848 2431 (48)·

2205 2450 2341 2525 μέγα
2368 2452 2447 2520 τῷ
2475 2450 2583 2522 (49)
2634 2447 2924 2524 ἀτυχοῦντι
2973 2449 3279 2524 φάρμακον,
3326 2444 3481 2510 ἕλεος
3521 2447 3628 2501 ἀπὸ
3660 2450 3850 2521 ψυχῆς

2203 2537 2611 2616 εἷσφερόμενος·
2672 2536 2764 2590 καὶ
2820 2537 2882 2591 τὸ
2939 2534 3224 2611 συναλγεῖν
3284 2536 3540 2612 γνησίως,
3599 2534 3747 2591 πολύ
3796 2556 3851 2588 τι

2200 2625 2443 2705 κουφίζει
2490 2632 2590 2695 τῆς
2642 2629 2925 2702 συμφορᾶς
2959 2666 2971 2679 .
3023 2624 3138 2682 Ούκ
3182 2621 3326 2679 *ἐστιν
3377 2624 3713 2700 ἀτιμώτιρός
3766 2644 3849 2678 σοι

2200 2720 2297 2771 τοῦ
2327 2717 2557 2784 κτήνους
2590 2715 2618 2769 6
2650 2712 2955 2790 ἄνθρωπος,
2989 2711 3033 2767 ὦ
3064 2715 3176 2787 (50)
3220 2711 3484 2789 ἄνθρωπε,
3519 2714 3548 2767 ὃ
3577 2713 3739 2767 πεσὸν
3774 2713 3850 2773 εἷς

2208 2803 2427 2880 βόθρον,
2460 2804 2495 2873 ἢ
2548 2800 2846 2872 πλανηθὶν,
2894 2802 3183 2878 ἀνεγείρειν
3235 2823 3320 2857 σοι
3368 2802 3456 2855 καὶ
3504 2801 3783 2875 ἐπανάγειν
3822 2802 3852 2855 6

2201 2887 2368 2964 νόμος
2424 2889 2818 2946 διακελεύεται·
2880 2890 2925 2945 εἶ
2989 2890 3081 2963 μὲν
3140 2911 3191 2944 τι
3250 2889 3341 2944 καὶ
3398 2888 3538 2945 ἄλλο
3594 2890 3851 2963 κρύπτων

2204 2980 2640 3058 ἆπορῥητότερον
2672 2980 2761 3034 καὶ
2797 2978 3103 3055 βαθύτερον,
3148 2978 3235 3033 οἶα
3282 2980 3349 3033 τὰ
3392 2976 3577 3033 πολλὰ
3609 2981 3721 3051 (51)
3755 2982 3854 3032 τοῦ

2199 3073 2432 3143 νομικοῦ
2468 3068 2666 3144 βάθους
2696 3068 2785 3123 καὶ
2814 3074 2917 3137 τῆς
2967 3065 3225 3139 διπλόης,
3260 3066 3359 3121 οὐκ
3407 3067 3535 3139 ἐμὸν
3580 3071 3749 3121 τοῦτο
3780 3064 3855 3120 εἴ·

2202 3158 2370 3230 δὲναι,
2422 3157 2564 3214 ἀλλὰ
2607 3162 2704 3213 τοῦ
2750 3160 2924 3212 πάντα
2976 3155 3300 3234 ἐρευνῶντος
3348 3155 3435 3211 κα)
3482 3157 3856 3231 γινώσκοντος

2203 3247 2536 3321 ΙΙνεύμοιτος⁸
2568 3247 2597 3302 ’ὀ
2630 3245 2675 3302 δ’
2724 3245 2815 3301 οὖν
2867 3246 2973 3323 ἐγὼ
3004 3248 3114 3320 (52)
3143 3240 3569 3319 καταλαμϐάνω,
3600 3243 3691 3298 καὶ
3725 3244 3850 3299 ὅσον

2204 3337 2281 3400 εἷς
2310 3338 2401 3392 τὸν
2434 3335 2566 3409 ἐμὸν
2593 3334 2713 3405 ἥκει
2764 3334 2949 3412 λόγον,
3000 3333 3287 3411 γυμνάζων
3316 3334 3463 3407 ἡμᾶς
3509 3332 3616 3387 ἀπὸ
3646 3335 3747 3401 τῆς
3776 3333 3856 3394 εἰς

2200 3426 2269 3482 τὰ
2329 3427 2494 3501 μικρὰ
2550 3423 2977 3504 φιλανθρωπίας,
3036 3423 3121 3477 ἐπὶ
3178 3424 3278 3491 τὴν
3342 3420 3681 3496 τελειοτέραν

2204 3516 2294 3573 καὶ
2356 3515 2574 3589 μείζονα
2607 3560 2618 3571 .
2665 3514 2813 3584 Πόση
2883 3514 2985 3590 γὰρ
3035 3510 3311 3592 ὀφείλεται
3362 3517 3484 3575 τοῖς
3544 3510 3854 3589 ὁμοφύλοις

2205 3606 2296 3661 καὶ
2346 3604 2637 3679 ὁμοτίμοις
2689 3605 2724 3673 ἡ
2771 3604 2860 3657 καὶ
2914 3601 3078 3678 μέχρι
3143 3605 3249 3656 τῶν
3320 3600 3539 3676 ἀλόγων
3590 3600 3851 3656 ἀπαιτου-

2211 3694 2345 3770 μίνη
2382 3712 2395 3764 ;

2280 3878 2399 3929 ΚΘ’.
2429 3874 2605 3926 Ταῦτα
2636 3870 2731 3943 μὲν
2775 3866 2869 3925 οὗδ
2902 3869 2929 3925 6
2978 3866 3171 3945 λόγος,
3201 3869 3292 3924 καὶ
3324 3869 3352 3924 6
3384 3868 3578 3941 νόμος,
3628 3866 3719 3923 καὶ
3752 3871 3861 3923 τῶν

2210 3961 2512 4039 ἀνθρώπων
2543 3960 2595 4015 οἳ
2647 3959 3026 4036 μετριώτατοι,
3058 3959 3185 4035 παρ’
3235 3958 3315 4020 οἷς
3364 3958 3426 4013 τὸ
3458 3958 3514 4012 εὗ
3554 3962 3732 4012 ποιεῖν
3763 3960 3860 4010 τοῦ

2210 4051 2440 4127 πάσχειν
2471 4049 2821 4124 τιμιώτερον,
2853 4048 2943 4102 καὶ
2986 4044 3583 4124 περισπουδαστότερος
3632 4043 3860 4120 κέρδους

2214 4138 2384 4202 ἔλεος.
2439 4139 2499 4193 Τί
2546 4136 2593 4192 δ’
2641 4136 2699 4192 ἂν
2748 4136 2921 4200 εἷ’ποις
2966 4138 3089 4214 περὶ
3140 4142 3247 4192 τῶν
3278 4138 3398 4201 καθ’
3445 4140 3593 4211 ἡμᾶς
3628 4140 3808 4214 σοφῶν
3846 4154 3861 4201 ;

2216 4230 2321 4283 Ἐὦ
2352 4230 2454 4303 γὰρ
2486 4225 2662 4303 λέγειν
2706 4231 2835 4288 τοῦς
2887 4225 3101 4297 ἔξωθεν,
3154 4225 3203 4280 οἳ
3237 4226 3563 4301 συνηγόρους
3611 4230 3731 4285 τοῖς
3760 4227 3862 4278 πά-

2214 4319 2324 4372 θεσι
2355 4315 2509 4378 θεοὺς
2560 4314 2914 4392 εὑρίσκοντες,
2963 4314 3053 4369 καὶ
3097 4318 3177 4387 τῷ
3221 4312 3455 4389 Κερδώῳ
3505 4315 3640 4387 (54),
3671 4313 3720 4385 ᾧ
3753 4316 3863 4385 (55)

2208 4514 2395 4551 κρυον.

2422 4567 2527 4638 Τῷ.
2560 4564 2651 4620 Sic
2684 4565 2947 4638 Regg.a,
2978 4565 3100 4638 bm,
3138 4565 3311 4621 Deest
3341 4563 3401 4618 in
3434 4564 3575 4619 edit.

2282 4636 2395 4709 (50)
2425 4637 2507 4709 Ὦ,
2550 4638 2717 4709 Deest
2739 4636 3128 4709 in’pluribus.

2287 4704 2401 4780 (51)
2431 4708 2532 4761 Οἷα
2557 4706 2626 4780 τὰ
2663 4704 2867 4780 πολλά,
2901 4712 3009 4763 etc.
3034 4731 3062 4757 «
3094 4705 3436 4780 cujusmodi
3486 4714 3627 4762 sunt
3678 4704 3866 4760 multa

2210 4777 2416 4853 legalis
2446 4779 2883 4853 profunditatis,
2917 4777 3265 4853 acdnplicis
3310 4793 3539 4853 sensus,
3570 4800 3591 4825 ι
3619 4793 3862 4853 nempe,

2212 4875 2241 4904 «
2268 4848 2601 4924 spiritualis
2631 4855 2688 4907 et
2709 4848 3021 4924 allegarici.
3039 4872 3067 4901 ››
3091 4848 3217 4905 Non
3246 4850 3392 4905 bene
3413 4848 3594 4921 igitur
3619 4848 3859 4904 Billius:

2212 4946 2240 4975 «
2273 4923 2614 4978 Cuiusmodi
2671 4922 2979 4978 plerasque
3034 4921 3239 4978 legalis
3299 4921 3668 4978 profunditas
3727 4937 3859 4977 sen-

2212 4946 2240 4975 «
2273 4929 2614 4979 Cuiusmodi
2671 4929 2979 4979 plerasque
3035 4929 3239 4979 legalis
3299 4929 3668 4979 profunditas
3727 4937 3863 4977 sen-

2212 4946 2240 4975 ‹‹
2273 4938 2614 4994 υιῃυεωοαι
2660 4938 2979 5049 Ιριοτυείέιυθ
3035 4938 3239 4995 legans
3297 4938 3333 4994 ρ

2211 5010 2506 5087 θυὲἓέίίὲλθ
2524 4995 2655 5087 3Ψὲ
2684 4994 2851 5087 mila,“
2893 4996 3183 5087 ,ἒδθΞ-ζη
3237 5080 3261 5087 _

2280 5068 2392 5139 (52)
2411 5061 2488 5122 ’Ὃ
2520 5061 2565 5118 δ’
2594 5061 2685 5139 οὖν
2727 5063 2978 5139 ἐγώ.μῐιει
3024 5070 3201 5139 Begg.
3235 5080 3288 5134 a,
3312 5062 3463 5139 _bm,_
3489 5066 3545 5119 et
3575 5062 3672 5139 Qr.
3705 5066 3762 5117 2.
3797 5062 3860 5118 1n

2212 5132 2592 5211 quibusdam,
2624 5137 2697 5211 ᾡς
2741 5132 2788 5191 δ”
2828 5133 2917 5211 οὖν
2953 5136 3079 5211 ἰγώ.
3109 5132 3280 5211 ὒὲθεῑ
3309 5132 3510 5211 l-{u’ijn
3539 5135 3679 5211 edit.

2244 5202 2396 5335 “53)
2426 5202 2791 5285 Τελειότέραν.
2845 5202 3021 5282 Regg.
3055 5225 3110 5278 a,
3142 5225 3194 5279 c,
3225 5207 3283 5275 d,
3325 5202 3382 5262 et
3423 5207 3517 5262 Or.
3548 5206 3605 5271 2,
3660 5202 3862 5257 τελεω-

2275 5300 2389 5335 οαν.

2210 5300 2389 5337 τεοαν.

2274 5301 2684 5426 ἔξβερδῴῳ.
2718 5374 2745 5402 ‹‹
2782 5351 3010 5420 Lucrio,
3042 5348 3349 5406 Mercurio.
3376 5370 3404 5396 ι)
3438 5347 3617 5419 Regg.
3648 5346 3773 5412 bm,
3807 5361 3859 5412 c,

2213 5424 2270 5490 ἀ,
2294 5419 2508 5490 κέρδει,
2530 5446 2557 5473 (ι
2587 5419 2770 5479 lﬁcro.
2800 5445 2828 5472 »

2302 5443 2361 5477 κε
2401 5443 2500 5489 οει,
2530 5446 2557 5473 ‹‹
2590 5443 2770 5479 lucro.
2800 5445 2828 5472 »

2282 5443 2395 5565 (ὦ
2426 5495 2510 5573 ᾩ..
2546 5494 2716 5573 Deest
2747 5494 2823 5573 _in
2845 5494 3006 5573 __Reg.
3060 5510 3135 5573 ο..
3164 5492 3231 5546 Et
3278 5494 3453 5573 certo,
3494 5504 3594 5573 leo.
3628 5486 3859 5573 sublato

2211 5560 2574 5621 commodior
2616 5572 2705 5623 est
2746 5560 3037 5631 lectiofac
3089 5562 3173 5619 sic
3220 5560 3364 5617 verti
3414 5564 3603 5634 potest
3637 5576 3705 5613 ει(
3740 5560 3858 5613 Imo

2211 5652 2367 5766 verq,
2398 5638 2555 5766 quq:
2587 5639 2778 5697 adhuc
2823 5638 2993 5712 pejus
3022 5639 3131 5708 est,
3164 5633 3290 5707 lege
3339 5638 3397 5691 et
3418 5633 3601 5689 more
3650 5644 3855 5687 sanxe-

2211 5724 2322 5766 run
2356 5750 2370 5766 .
2392 5730 2420 5761 »
2455 5726 2485 5766 e
2550 5750 2563 5765 .

2211 5714 2370 5778 runt,
2392 5730 2420 5761 »
2455 5714 2563 5767 etc.
