4138 6212
309 378 427 439 897

1233 373 1522 440 ORATIO
1566 374 1728 440 XIV.
1762 412 1834 424 -—
1866 374 1968 437 DE
2015 374 2445 440 PAUPERUM
2493 374 2787 439 AMOBE.

3608 379 3727 444 898

314 512 379 567 τὰ
409 516 601 587 πρῶτα
626 532 876 584 νεμουσιν
903 531 916 543 ο
950 508 1058 582 ἤδη
1097 508 1173 580 δὲ,
1208 510 1295 566 καὶ
1327 512 1355 566 ’ὁ
1381 511 1574 566 τούτου
1598 505 1785 586 χεῖρόν
1819 510 1951 580 ἐστι,
1986 570 1993 580 ι

2092 513 2277 583 ςὶῐεηι,
2310 516 2364 568 et
2396 513 2601 568 Lucrio
2634 514 2855 584 primas
2884 513 3181 581 tribuunt;
3206 518 3283 581 et,
3313 516 3467 585 quod
3493 531 3558 570 eo
3590 531 3713 571 sce-

315 600 403 655 xui
465 602 931 675 ἀνθρωποκτονεῖν
988 599 1298 672 νομίζονσιν
1359 599 1498 654 ἐστιν
1556 599 1637 661 οἷς
1669 597 1960 672 δαιμόνων,

316 690 401 744 καὶ
460 695 582 761 παρ’
640 689 721 751 οἷς
769 686 960 758 ἔθνεσι,
1013 688 1103 742 καὶ
1158 688 1320 764 μὲρος
1371 684 1641 749 εὐσεϐείας
1697 687 1878 747 αὐτοῖς
1926 689 1961 756 ἡ

317 777 693 853 ἆπανύρωπία,
770 778 859 831 καὶ
938 783 1056 839 ταῖς
1113 776 1385 839 τοιαύταις
1438 777 1642 837 θυσίαις
1700 776 1851 830 αὐτοί
1907 796 1965 830 τε

319 866 600 941 χαίρουσι,
653 866 743 919 καὶ
772 865 899 927 τοὺς
933 865 1085 929 θεοὺς
1118 865 1288 920 αὐτῶν
1319 865 1542 936 οἷόνται,
1575 864 1807 939 πονηροὶ
1865 884 1963 917 πο-

317 959 498 1029 νηρῶν
548 955 713 1029 ἱερεῖς
758 955 847 1009 καὶ
902 954 1095 1027 μύσται
1143 954 1442 1028 γινόμενοι.
1496 952 1655 1009 Ἀλλ’
1705 952 1807 1006 εἰσὶ
1854 956 1962 1007 τῶν

320 1043 601 1118 ἡμετέρων
656 1042 820 1110 τινες,
869 1042 898 1097 ὃ
946 1042 1033 1096 xui
1083 1040 1327 1118 δακρύειν
1378 1039 1545 1114 ἄξιον,
1604 1041 1655 1095 οἳ
1712 1044 1967 1095 τοσοῦτον

321 1130 587 1207 ἀπέχουσι
620 1136 901 1207 συναλγεῖν
948 1131 1038 1186 καὶ
1073 1132 1288 1205 βοηθεῖν
1336 1131 1452 1192 τοῖς
1482 1129 1801 1204 κάμνουσιν,
1860 1128 1965 1183 ὣσ-

318 1242 377 1275 τε
405 1221 494 1274 καὶ
524 1217 989 1295 προσονειδίζουσι
1046 1224 1277 1295 πικρῶς,
1333 1220 1421 1274 καὶ
1482 1221 1594 1291 (56)
1654 1239 1965 1295 προσεπεμ-

319 1306 563 1364 ϐαίνουσι
623 1311 758 1384 (57),
806 1309 895 1364 καὶ
946 1313 1303 1387 φιλοσοφοῦσι
1346 1308 1473 1363 κενὰ
1502 1306 1590 1362 xui
1626 1310 1845 1380 μάταια,
1879 1306 1967 1361 καὶ

321 1402 588 1476 φωνοῦσιν
622 1393 791 1459 ὅντως
822 1396 881 1452 ἐκ
909 1404 1033 1473 γῆς,
1078 1397 1167 1452 καὶ
1225 1398 1302 1459 εὶς
1353 1397 1481 1473 ἀέρα
1538 1395 1823 1466 λαλοῦσιν,
1878 1397 1967 1451 καὶ

321 1486 420 1541 οὐκ
468 1486 544 1547 εἷς
616 1485 778 1548 ἀκοὰς
850 1486 1183 1558 εὐσυνέτους,
1258 1485 1347 1541 καὶ
1413 1485 1575 1549 θείοις
1638 1487 1970 1558 συνειθισμέ-

321 1594 413 1637 νας
470 1576 584 1647 (58)
634 1571 892 1648 δόγμασι,
951 1574 1039 1628 καὶ
1081 1572 1331 1648 τολμῶσι
1378 1570 1594 1650 λέγειν*
1654 1574 1806 1650 Παρά
1836 1572 1968 1629 Θεοῦ

321 1662 384 1716 τὸ
431 1659 797 1737 ταλαιπωρεῖν
854 1660 1101 1732 ἰκείνοις,
1152 1663 1297 1737 παρὰ
1344 1666 1475 1716 Θεοῦ
1529 1662 1592 1717 τὸ
1632 1660 1687 1716 εῦ
1722 1662 1967 1739 πράττειν

320 1752 459 1823 ἡμῖν
489 1769 501 1784 ο
536 1749 625 1805 καὶ
681 1749 764 1812 τίς
814 1750 927 1823 εἶμι
973 1750 1077 1827 ἐγὼ
1125 1748 1306 1826 δόγμα
1348 1748 1496 1807 λύειν
1530 1756 1684 1822 Θεοῦ,
1716 1751 1803 1806 καὶ
1837 1756 1969 1807 Θεοῦ

325 1842 554 1918 φανῆναι
615 1838 1023 1915 χρηςτότεροςς
1086 1841 1467 1913 Καμνὲτωσαν,
1523 1839 1971 1916 ταλαιπωρείτω-
2004 1883 2050 1946 Β

485 1932 584 1946 .-ω
672 1926 695 1945 α
911 1929 921 1946 ι
1236 1928 1263 1946 η
1434 1926 1487 1946 ,ια
1534 1929 1553 1946 ..
1696 1930 1767 1946 ς..
1876 1935 1930 1946 η,

324 1950 417 1984 σαν
481 1932 612 2001 (59),
668 1926 1140 2003 δυστυχείτωσοιν⁸
1203 1928 1374 1991 οὕτως
1432 1926 1633 2000 ἔδοξεν.
1695 1930 1974 1994 Κάνταῦθα

327 2018 488 2091 μόνον
544 2017 645 2072 εἰσὶ
697 2012 967 2094 φιλόθεοι,
1026 2015 1088 2072 οῦ
1137 2015 1219 2073 δεῖ
1256 2018 1542 2095 φυλάττειν
1576 2018 1701 2081 τοὺς
1738 2014 1972 2081 ὀϐολοὺς

323 2107 414 2161 καὶ
484 2108 620 2161 κατὰ
691 2111 797 2162 τῶν
855 2106 1059 2171 ἀθλίων
1110 2107 1490 2163 νεανιεύεσθαι.
1547 2109 1667 2162 Ὅτι
1728 2109 1822 2181 μὲν
1882 2108 1972 2162 οῦν

323 2197 423 2251 οὑκ
638 2195 697 2250 ἐκ
732 2200 831 2251 τοῦ
863 2198 975 2269 (61)
1006 2200 1139 2251 Θεοῦ
1168 2197 1230 2251 τὸ
1280 2195 1335 2250 εῦ
1366 2196 1616 2273 πράττειν
1650 2197 1831 2259 αὐτοῖς
1864 2200 1976 2271 (62)

325 2286 459 2340 εἶναι
514 2285 825 2359 νομίζουσι,
880 2283 1111 2357 δηλοῦσι
1165 2291 1346 2364 σαφῶς
1398 2286 1447 2360 ἐξ
1504 2288 1575 2341 ῶν
1611 2286 1855 2363 λέγουσι.
1887 2287 1974 2349 Τίς

327 2377 431 2451 γὰρ
464 2375 522 2429 ἃν
552 2373 695 2429 οὕτω
726 2372 1036 2445 διανοηθείη
1070 2374 1193 2449 περὶ
1224 2380 1329 2429 τῶν
1383 2373 1675 2450 δεομένων,
1738 2376 1864 2430 Θεὸν
1900 2375 1971 2429 εἷο

330 2461 438 2526 δὼς
471 2466 683 2538 ωρηγὸν
718 2466 828 2536 (63)
857 2468 929 2517 ὢν
961 2464 1215 2535 κέκτηται
1246 2482 1259 2533 ;
1309 2468 1435 2531 Τῶν,
1466 2464 1567 2541 γὰρ
1619 2464 1792 2519 αὐτῶν
1838 2464 1977 2519 ἐστιν

328 2551 477 2629 ἔχειν
503 2554 561 2607 τέ
591 2574 646 2606 τι
692 2553 837 2628 παρὰ
896 2557 1051 2626 Θεοῦ,
1084 2553 1172 2608 καὶ
1203 2560 1504 2628 κεχρῆσθαι
1534 2556 1669 2609 κατά
1702 2554 1828 2609 Θεὸν
1862 2555 1977 2608 οἷσ-

332 2662 433 2719 περ
464 2639 703 2717 ἔχουσιν.

408 2909 487 2964 A'.
520 2905 583 2961 Ei
616 2904 673 2961 δὶ
702 2906 790 2962 καὶ
848 2907 993 2981 παρᾶ
1050 2912 1184 2963 Θεοῦ
1240 2910 1301 2964 τὸ
1358 2911 1681 2964 κακοπαθεῖν
1737 2908 1979 2978 ἐκείνοις,

332 2996 486 3050 οὸπω
519 2994 712 3065 δῆλον,
743 2992 851 3058 ἕως
884 2996 941 3051 ἂν
975 2998 1063 3051 καὶ
1118 2999 1242 3074 παρ’
1276 2998 1467 3067 ἑαυτῆς
1496 3000 1529 3067 ἡ
1564 2997 1669 3069 ὅλη
1704 2997 1840 3077 φέρῃ
1871 3001 1983 3073 (64)

332 3086 395 3139 τὸ
454 3082 701 3154 ἄτακτον,
764 3084 944 3159 ὣσπερ
999 3085 1049 3140 ἐν
1112 3085 1363 3163 ῥεύματι.
1405 3087 1506 3143 Καὶ
1534 3087 1617 3150 τίς
1653 3085 1816 3149 οἶδεν,
1879 3086 1982 3141 sio

338 3174 433 3247 μὶν
494 3171 583 3228 διὰ
635 3173 820 3228 κακίαν
870 3172 1178 3247 κολάζεται,
1213 3176 1241 3230 ὁ
1271 3172 1328 3230 δὲ
1358 3176 1432 3238 ὠς
1462 3175 1873 3249 ἐπαινούμενος,
1906 3174 1984 3231 α’ί-

2072 601 2314 657 leratius
2344 605 2456 671 est,
2514 602 2811 658 nonnullis
2868 619 3100 674 quoque
3150 603 3513 658 daemonibus
3562 605 3719 675 apud

2075 692 2358 761 quasdam
2397 693 2661 747 nationes
2684 693 2951 748 homines
2978 711 3181 750 necare
3208 694 3265 748 in
3294 711 3457 748 more
3480 694 3720 764 habent,

2074 784 2248 850 atque
2279 780 2337 834 in
2370 780 2600 851 pietatis
2633 787 2794 852 parte
2815 782 3217 837 crudelitatem
3252 782 3724 855 ponunt,sacrifi-

2075 866 2298 938 ciisque
2328 867 2693 938 hujusmodi,
2713 874 2770 923 et
2798 870 2911 941 ipsi
2945 869 3393 939 delectantur,et
3423 870 3561 925 deos
3583 886 3725 925 suos

2076 955 2347 1011 delectari
2379 960 2609 1029 putant,
2643 956 2779 1012 mali
2834 958 3034 1029 utique
3068 958 3359 1013 malorum
3392 958 3726 1014 sacerdotes

2076 1050 2134 1100 et
2165 1049 2386 1116 mysta.
2419 1044 2636 1101 Verum
2667 1062 2736 1101 ex
2779 1046 2996 1101 nostris
3027 1062 3259 1117 quoque
3310 1045 3535 1102 nonulli
3564 1051 3725 1116 sunt,

2076 1133 2136 1188 id
2166 1133 2321 1204 quod
2354 1133 2630 1203 lacrymis
2663 1134 2909 1206 dignum
2940 1138 3050 1201 est,
3077 1134 3175 1204 qui
3210 1138 3441 1189 tantum
3470 1135 3634 1189 abest
3671 1137 3731 1190 ut

2078 1220 2471 1278 laborantium
2504 1224 2685 1278 vicem
2718 1221 2973 1287 doleant,
3007 1222 3270 1292 ipsisque
3315 1239 3482 1293 opem
3520 1223 3726 1293 ferant,

2079 1314 2143 1366 ut
2171 1328 2266 1365 eos
2296 1310 2473 1365 etiam
2505 1311 2729 1366 acerbis
2754 1310 2983 1382 probris
3031 1310 3413 1376 insectantur,
3466 1310 3728 1381 ipsisque

2079 1400 2362 1455 insultent
2393 1418 2406 1469 ;
2438 1417 2502 1456 ac
2532 1417 2677 1455 vane
2708 1404 2763 1455 et
2784 1399 3037 1454 inaniter
3059 1397 3734 1470 pbilosophantur.vere-

2080 1506 2193 1560 que
2222 1505 2288 1544 ex
2320 1492 2476 1545 terra
2502 1505 2699 1545 vocem
2733 1488 2973 1543 mittunt
3004 1489 3129 1553 ",et
3160 1487 3217 1541 in
3253 1504 3445 1543 aerem
3476 1486 3731 1559 loquun-

2078 1582 2192 1633 tur.
2220 1595 2335 1633 non
2367 1578 2427 1633 in
2458 1594 2697 1650 sagaces
2752 1594 2921 1632 aures
2974 1574 3308 1648 divinisque
3354 1575 3732 1649 dogmatibus

2080 1672 2363 1735 assuetas,
2402 1683 2587 1738 eoque
2618 1666 2874 1722 audaciae
2906 1664 3382 1737 progrediuntur,
3417 1669 3480 1720 ut
3510 1665 3730 1720 dicant:

2079 1757 2124 1810 A
2150 1756 2265 1811 Deo
2293 1755 2407 1811 illis
2438 1760 2527 1812 est
2548 1754 2807 1822 afﬂictio,
2839 1772 2871 1809 a
2902 1754 3016 1809 Deo
3049 1753 3219 1808 nobis
3252 1754 3631 1825 prosperitas.
3665 1755 3737 1811 Et

2081 1844 2214 1915 quis
2246 1861 2350 1918 ego
2376 1861 2530 1913 sum,
2565 1844 2664 1916 qui
2696 1842 3117 1898 Deidecretum
3144 1842 3496 1909 rescindam,
3530 1859 3594 1897 ac
3622 1848 3732 1899 Deo

2082 1933 2485 2006 benigniorem
2519 1950 2611 1988 me
2646 1932 2930 2004 praebeam
2957 1932 2984 1985 ?
3012 1931 3330 2001 iEgrotent,
3355 1931 3734 2003 afflictentur,

2084 2024 2141 2077 in
2175 2022 2506 2078 calamitate
2536 2027 2837 2077 versentur
2871 2038 2883 2075 :
2919 2020 3001 2075 ita
3030 2026 3142 2076 Deo
3175 2020 3369 2076 visum
3403 2028 3514 2076 est.
3540 2023 3734 2094 Atque

2084 2112 2180 2166 hic
2212 2111 2400 2166 solum
2455 2110 2555 2166 Dei
2588 2126 2846 2165 amorem
2881 2127 2994 2181 prs:
3044 2126 3105 2165 se
3138 2110 3350 2177 ferunt,
3406 2109 3503 2165 ubi
3535 2111 3737 2167 obolos

2086 2201 2404 2265 custodire,
2432 2217 2498 2256 ac
2546 2199 2778 2254 miseris
2810 2197 3094 2254 insultare
3126 2204 3372 2270 oportet.
3405 2200 3556 2255 Sane
3580 2200 3734 2271 quod

2094 2290 2192 2345 isti
2226 2305 2287 2345 se
2314 2288 2760 2361 prosperitatem
2792 2305 2825 2343 a
2854 2287 2970 2343 Deo
3023 2288 3237 2344 habere
3292 2288 3535 2343 minime
3581 2289 3733 2344 arbi-

2087 2383 2335 2448 trentur,
2370 2396 2472 2450 per
2504 2395 2572 2433 ea
2612 2394 2739 2447 quae
2801 2375 3141 2447 loquuntur,
3200 2382 3395 2448 aperte
3452 2378 3732 2433 indicant.

2090 2467 2229 2533 Quis
2254 2468 2409 2522 enim
2438 2466 2508 2520 de
2540 2463 2939 2537 indigentibus
2960 2463 3042 2520 ita
3062 2465 3461 2536 statuerit,qui
3494 2467 3733 2537 quidem

2090 2572 2334 2612 suorum
2366 2555 2516 2611 279
2550 2554 2813 2610 omnium
2842 2554 3126 2609 bonorum
3151 2559 3443 2609 auctorem
3477 2564 3535 2609 et
3567 2554 3737 2627 largi-

2089 2649 2276 2701 torem
2308 2644 2491 2700 Deum
2525 2646 2847 2716 agnoscat?
2878 2643 3230 2697 Eorumdem
3255 2642 3471 2714 quippe
3502 2647 3676 2710 est,et
3705 2660 3739 2699 a

2091 2735 2206 2790 Deo
2227 2732 2447 2805 aliquid
2482 2732 2716 2800 habere,
2747 2735 2804 2786 et
2829 2730 2923 2800 iis,
2957 2747 3083 2802 quae
3115 2730 3353 2800 habent,
3407 2730 3500 2803 pie
3549 2748 3615 2786 ac
3647 2747 3736 2787 se-

2090 2823 2352 2878 cundum
2385 2822 2570 2877 Deum
2602 2820 2707 2876 uti.

2162 2910 2317 2966 XXX.
2340 2912 2426 2965 An
2475 2913 2669 2964 autem
2702 2926 2736 2964 θ,
2783 2908 2899 2963 Deo
2948 2924 3182 2979 quoque
3229 2908 3352 2976 ﬁat,
3416 2911 3481 2963 ut
3528 2907 3613 2963 illi
3656 2907 3739 2963 di-

2092 2998 2661 3069 vexentur,nondum
2686 2997 3069 3070 perspicuum
3098 2995 3475 3068 est,quandiu
3506 3000 3740 3052 terrena

2093 3088 2213 3144 haec
2245 3087 2428 3143 moles
2454 3087 2953 3159 perturbationem
2988 3103 3021 3141 a
3052 3084 3434 3158 seipsa,velut
3463 3084 3520 3140 in
3542 3085 3736 3141 ﬂucti-

2092 3178 2225 3244 bus,
2249 3176 2467 3232 tulerit.
2499 3174 2739 3231 Cuinam
2775 3192 2907 3230 vero
2938 3173 3303 3246 exploratum
3335 3179 3444 3245 est,
3479 3191 3620 3228 num
3645 3172 3739 3230 ille

338 3282 524 3337 ρεται·
587 3262 731 3317 ἀλλὰ
807 3264 881 3336 μὴ
942 3264 1271 3334 τούναντίον,
1327 3266 1354 3319 ὁ
1418 3266 1511 3336 μὲν
1569 3262 1657 3319 διὰ
1712 3264 1979 3340 πονηρίαν

2092 3268 2163 3322 ob
2196 3265 2399 3320 vitium
2430 3263 2741 3335 crucietur,
2766 3263 2860 3319 hic
2891 3280 3127 3319 rursum
3160 3272 3221 3318 ut
3252 3263 3442 3319 bonus
3471 3280 3537 3318 ac
3567 3262 3740 3320 laude

336 3350 589 3423 ὑψοῦται,
666 3352 693 3403 ό
770 3349 827 3405 δὲ
882 3349 950 3406 δι’
1027 3352 1219 3429 ἀρετὴν
1304 3350 1690 3426 δοκιμάζεται;
1777 3356 1805 3409 ὁ
1884 3355 1978 3427 μὲν

334 3438 528 3493 πλεῖον
560 3442 673 3513 (65)
706 3439 1084 3515 ἐπαιρόμενος,
1117 3439 1209 3496 ’ίνα
1239 3444 1327 3497 xui
1376 3442 1510 3516 πέσῃ
1566 3440 1979 3520 χαλεπώτερον,

334 3527 474 3598 ὅλην
524 3527 764 3600 ἐώμενος
821 3524 1103 3605 πρότερον,
1158 3529 1337 3605 ὣσπερ
1380 3530 1500 3585 τινὰ
1547 3530 1725 3601 νόσον,
1768 3530 1987 3608 ἐκρῆξαι

333 3618 436 3684 τήν
495 3616 684 3670 ἑαυτοῦ
732 3617 939 3686 κακίαν,
993 3615 1082 3672 ’ίνα
1135 3620 1224 3673 xui
1268 3619 1507 3694 κολασθῇ
1542 3618 1909 3697 δικαιότερον·
1958 3621 1986 3676 ὁ

341 3701 398 3759 δὲ
437 3705 526 3759 καὶ
562 3705 706 3780 παρᾶ
736 3702 889 3778 δόξαν
945 3703 1289 3780 πιεζόμενος,
1334 3706 1426 3763 ’ίνα
1469 3708 1649 3784 ὥσπερ
1676 3710 1882 3785 χρυσὸς
1932 3709 1983 3765 ἐν

337 3793 559 3866 καμίνῳ
618 3790 987 3869 δοκιμασθεὶς,
1047 3804 1144 3867 τῆς
1200 3797 1410 3872 κακίας,
1467 3795 1592 3853 εἷ’τι
1641 3799 1731 3853 καὶ
1791 3800 1982 3873 μικρὸν

340 3881 481 3959 ἔχει,
543 3887 701 3938 τοῦτο
920 3883 1151 3959 ἐκτήξῃ·
1214 3887 1446 3962 καθαρὸς
1506 3887 1594 3942 καὶ
1653 3887 1758 3941 ἀπο
1816 3888 1986 3964 ῥύπου

335 3970 617 4033 παντελῶς
646 3969 840 4042 οὐδεὶς,
873 3972 971 4029 οὐκ
1001 3972 1091 4028 οῦν
1122 3976 1234 4049 (67)
1265 3974 1315 4030 ἐν
1348 3979 1583 4050 γεννητῇ
1642 3975 1817 4052 φύσει,
1876 3975 1982 4031 ὤσ-

332 4079 438 4135 περ
490 4060 822 4133 ἠκούσαμεν,
873 4061 918 4115 εί
962 4063 1053 4117 καὶ
1103 4064 1245 4141 φανῇ
1297 4062 1687 4137 δοκιμώτερος.
1742 4065 1985 4137 Εὐρίσκω

334 4147 441 4221 γάρ
472 4168 525 4201 τι
553 4148 641 4203 καὶ
670 4154 888 4204 τοιοῦτο
920 4152 1033 4224 (68)
1064 4150 1114 4207 ἐν
1147 4156 1214 4226 τῇ
1266 4152 1380 4225 θείᾳ
1424 4157 1608 4231 Γραφῇ
1662 4156 1982 4229 μυστήριονο

331 4236 426 4290 καὶ
484 4238 685 4312 μακρὸν
746 4238 805 4292 ἂν
864 4237 945 4311 εἶή
994 4243 1167 4304 πάσας
1201 4242 1524 4316 ἀπαριθμεῖν
1547 4246 1644 4297 τοῦ
1671 4242 1983 4317 Πνεόματος

329 4325 432 4386 τὰς
469 4326 665 4403 φωνὰς,
700 4327 753 4381 αἳ
814 4349 882 4400 με
929 4331 1041 4403 (69)
1089 4330 1224 4406 πρὸς
1270 4335 1431 4385 τοῦτο
1478 4330 1749 4409 φέρουσιν.
1812 4330 1986 4387 Ἀλλὰ

330 4412 421 4475 τίς
456 4414 513 4467 ἃν
567 4416 791 4490 ψάμμον
852 4418 1159 4487 θαλασσῶν,
1206 4420 1295 4474 καὶ
1343 4421 1455 4493 (70)
1503 4419 1759 4495 σταγόνας
1807 4421 1982 4492 ὑετοῦ,

330 4502 425 4555 καὶ
482 4502 644 4578 βυθοῦ
706 4512 880 4578 μῆκος
932 4506 1400 4583 ἀναμετρήσαιτο;
1442 4508 1523 4570 τίς
1555 4506 1603 4563 δ’
1634 4509 1690 4563 ἂν
1724 4515 1820 4564 τοῦ
1852 4516 1985 4566 Θεοῦ

2093 3356 2329 3428 dignus,
2381 3354 2700 3421 evehatur;
2735 3356 2792 3407 et
2834 3368 2947 3408 non
2994 3351 3339 3422 econtrario,
3390 3351 3485 3408 ille
3516 3359 3589 3409 ob
3623 3353 3737 3408 im-

2096 3442 2437 3517 probitatem
2470 3440 2794 3512 attollatur,
2827 3441 2921 3497 hic
2945 3442 3016 3497 ob
3047 3441 3321 3497 virtutem
3361 3440 3741 3513 exploretur?

2096 3533 2219 3604 Ille,
2250 3532 2513 3604 inquam,
2549 3530 2724 3587 altius
2746 3536 2999 3597 evectus,
3034 3535 3097 3586 ut
3124 3531 3360 3603 gravius
3389 3535 3640 3603 corruat,
3675 3548 3741 3587 ac

2092 3623 2376 3693 tantisper
2402 3621 2987 3692 exspectatus,quoad
3011 3620 3284 3676 universa
3304 3620 3490 3692 ipsius
3521 3621 3739 3692 impro-

2096 3713 2271 3778 bitas,
2302 3709 2491 3765 morbi
2521 3709 2853 3781 cujuspiam
2888 3709 3093 3777 instar,
3147 3710 3309 3781 prius
3363 3710 3641 3780 eruperit,
3676 3711 3742 3763 ut

2088 3800 2314 3872 justius
2345 3800 2518 3856 etiam
2550 3804 2750 3870 postea
2795 3798 3114 3870 puniatur:
3152 3798 3242 3853 hic
3275 3814 3502 3864 rursus,
3535 3803 3741 3869 praeter

2096 3889 2431 3961 Opinionem
2463 3904 2799 3959 oppressus,
2836 3891 2918 3951 ut,
2955 3903 3066 3940 non
3103 3903 3270 3942 secus
3320 3891 3493 3957 atque
3528 3902 3740 3942 aurum

2095 3978 2154 4032 in
2207 3978 2459 4045 fornace,
2499 3976 2800 4046 probatus,
2832 3973 2882 4029 si
2913 3974 3051 4045 quid
3077 3974 3201 4029 vitii
3251 3973 3555 4047 paululum
3588 3975 3646 4029 in
3680 3991 3743 4032 se

2095 4066 2304 4122 habeat
2334 4064 2585 4135 sliquet;
2619 4079 2789 4118 nemo
2822 4064 2997 4128 enim,
3033 4061 3239 4117 saltem
3287 4062 3347 4117 in
3401 4067 3612 4119 natura
3644 4080 3743 4136 ge-

2095 4154 2394 4211 neratione
2425 4157 2745 4225 procreata,
2779 4152 3016 4207 omnino
3047 4169 3080 4207 a
3129 4153 3301 4207 sorde
3334 4169 3515 4225 purus
3547 4158 3655 4220 est,
3679 4157 3744 4209 ut

2096 4243 2428 4300 audivimus
2482 4241 2544 4307 ¹³,
2597 4239 2731 4294 licet
2778 4240 2874 4295 ille
2921 4240 3220 4311 probatior
3275 4240 3560 4295 videatur.
3595 4241 3742 4297 Nam

2095 4330 2433 4404 bujusmodi
2466 4345 2698 4401 quoque
2729 4328 2963 4400 aliquod
2987 4329 3332 4402 mysterium
3357 4329 3413 4384 in
3442 4329 3746 4402 Scriptura

2097 4421 2357 4493 reperio;
2392 4436 2457 4475 ac
2487 4418 2729 4490 longum
2781 4417 2985 4490 utique
3033 4423 3189 4473 esset
3239 4434 3444 4474 omnes
3492 4418 3743 4490 Spiritus

2095 4528 2284 4579 voces,
2317 4525 2444 4579 quae
2471 4506 2586 4561 huc
2618 4509 2903 4577 spectant,
2938 4521 3257 4560 recensere.
3306 4506 3417 4562 Sed
3442 4507 3575 4577 quis
3617 4524 3744 4563 are-

328 4593 432 4659 τῆς
466 4592 586 4667 περί
617 4592 786 4648 πάντα
815 4594 1005 4673 σοφίας
1034 4596 1096 4650 τὸ
1133 4595 1295 4671 βάθος
1334 4594 1704 4672 ἐξιχνιάσειεν,
1765 4598 1855 4677 6?,
1911 4602 1978 4670 ἧς

2092 4616 2227 4657 nam
2261 4597 2460 4668 maris,
2493 4600 2549 4652 et
2578 4594 2785 4668 pluviae
2816 4599 3036 4667 guttas,
3061 4598 3118 4650 et
3149 4594 3345 4666 abyssi
3376 4596 3743 4667 profundita-

412 4720 457 4755 ¹²
487 4721 596 4776 Isa.
632 4738 786 4792 xxxx,
820 4723 871 4778 4.
952 4724 997 4759 ¹⁸
1023 4724 1135 4780 Job
1166 4741 1294 4789 xxv,
1326 4725 1378 4780 4.

406 4844 519 4921 (ξρ)
551 4842 675 4921 Καί.
715 4848 884 4921 Deest
907 4847 967 4921 in
1000 4848 1192 4905 tribus
1222 4849 1405 4921 Regg.

406 4844 497 4915 (56
551 4844 675 4901 Καί.
715 4848 880 4903 Deest
907 4847 967 4903 in
1000 4848 1192 4905 tribus
1225 4849 1305 4904 Re
1347 4864 1405 4921 g.

404 4844 528 5040 (57)
560 4912 1118 5040 Προσεπεμϐαίνουσι.
1175 4920 1267 4976 Sic
1308 4865 1504 4993 ἦλθες.
1768 4923 1868 4995 pb.
1929 4927 1988 4979 et

420 5028 431 5040 .
532 5029 546 5040 .
655 5006 762 5040 ar..
821 4985 1410 5040 ποοσεπειιὸαίνοντεε-
1485 4993 1656 5040 Edm-
1719 4988 1984 5040 ἐπειιϐαί-

331 4984 431 5041 Or.
493 4984 546 5042 2.
608 4984 762 5057 Par.,
811 4984 1658 5065 'npossnep6utvov'tsq.‘WEditi,
1696 4984 1984 5068 ’ἐπεμϐαί-

329 5075 510 5111 νουτι.

408 5128 987 5209 (ὃθλΣυνειθισμὲνας,
1021 5134 1115 5191 Sic
1148 5134 1326 5207 Regg.
1380 5152 1432 5191 a.
1466 5152 1517 5204 ο,
1568 5130 1626 5191 d.
1684 5141 1742 5193 et
1798 5141 1891 5194 Or.
1926 5143 1982 5196 2.

330 5200 398 5254 In
415 5200 570 5274 ‘ed‘it.
606 5200 1021 5274 συνηθισμένας.

406 5270 518 5349 (5ῼ)
582 5269 1126 5349 Ταλαιπωρείτωσαν.
1214 5276 1309 5332 Or.
1396 5277 1452 5345 2,
1546 5272 1984 5349 ταλαιπωρήτω-

332 5360 434 5416 σαν
448 5343 813 5416 _[_men_dose].

409 5412 697 5491 (spreta.
755 5412 1109 5491 Addidimus
1169 5414 1268 5491 οῦκ
1322 5417 1667 5474 auctoritate
1724 5418 1983 5491 plurium

328 5484 505 5559 codd.
537 5487 707 5543 Coisl.
746 5489 769 5542 1
806 5494 862 5543 et
891 5491 945 5559 2,
973 5490 1068 5546 Οτι.
1100 5491 1154 5544 2.
1188 5489 1341 5555 Par.,
1374 5494 1483 5545 etc.
1544 5492 1551 5500 '

547 5560 672 5634 Τοῦ.
706 5559 881 5634 Deest
900 5556 961 5617 in
991 5561 1388 5634 tribusARegg.

331 5626 765 5761 “(immic-
799 5632 895 5690 δίο
950 5636 1132 5707 Ross.
1190 5626 1365 5703 bunt;
1394 5634 1451 5688 et
1506 5630 1607 5703 ph.
1666 5632 1840 5704 Editi,
1897 5632 1987 5689 αὖ·

2170 4850 2275 4922 (63)
2308 4844 2598 4922 item“:
2618 4846 2713 4904 Ον-
2739 4847 2798 4922 ἓ,
2832 4843 3099 4922 χορῃγόνο

2170 4864 2275 4922 (63)
2308 4864 2597 4974 λωρηγον.
2618 4864 2713 4904 UP.
2744 4864 2798 4918 Ζ,
2832 4864 3099 4921 χορηγον.

2166 4923 2278 5000 (64)
2309 4920 2372 4975 Ἡ
2422 4917 2693 5000 'ln‘tpépn.
2718 4920 2888 5000 _[_teg._
2908 4919 3007 4991 ph,
3037 4923 3093 4974 et
3120 4921 3214 4975 ΟΡ.
3245 4915 3301 4985 2,
3333 4913 3741 5000 φὲρειτθειίΓθιδ-

2093 4988 2235 5049 rena
2262 4988 2385 5062 haec
2417 4988 2621 5056 melés,
2652 4988 2684 5041 “››
2715 4989 2773 5045 id
2807 4988 2926 5055 est,—
2956 5012 2976 5039 ι
3016 5006 3229 5062 corpus
3277 4988 3676 5062 corruptibile.
3708 5010 3739 5042 »

2166 5065 2275 5136 (65)
2306 5060 2523 5136 ῌλεῖον,
2558 5068 2667 5136 etc.
2716 5063 2859 5136 Tres
2918 5064 3089 5136 Begg.
3121 5059 3331 5136 πλέον.
3390 5059 3468 5115 Ιῐί
3511 5059 3652 5136 Reg.
3685 5077 3737 5118 ο.

2094 5130 2180 5208 sic
2206 5130 2475 5208 legitur}
2526 5130 2714 5187 πλεῖον
2762 5130 3141 5208 ἐπαιρόμενος,
3185 5131 3368 5208 ὧσπερ
3418 5131 3538 5208 τινᾲ
3584 5130 3738 5187 νόσον

2128 5200 2395 5298 ﬂictu-Tim
2444 5204 2632 5259 ἑαυτοῦ
2675 5204 2865 5258 κακίαν
2891 5200 3309 5280 ’συγχωρηθεὶς,
3334 5200 3423 5258 Ἕνα
3466 5200 3602 5277 πέσῃ
3633 5222 3739 5278 χα-

2133 5295 2423 5347 επωτερον.
3008 5306 3015 5311 -

2164 5351 2275 5417 (66)
2305 5343 2505 5417 T0610l
2530 5346 2708 5417 Regg.
2733 5362 2785 5401 c.
2819 5346 2875 5415 Cl,
2906 5344 3183 5402 τοιούτου.

2185 5413 2276 5492 67)
2304 5417 2418 5474 Οὐκ
2446 5413 2560 5471 οὖν.
2588 5413 2776 5492 ξ-οἶδῐθ,
2803 5413 2872 5492 ,οὗ
2902 5422 3055 5492 γοῦν.
3083 5420 3248 5492 Εοιτ.

2185 5489 2276 5563 68)
2304 5492 2551 5564 Τοιοῦτο.
2587 5489 2767 5560 Regg.
2802 5489 2925 5559 bm,
2953 5498 3009 5547 et
3041 5490 3139 5564 ph,
3171 5490 3437 5548 νοιοῦτον.

2188 5561 2265 5617 69
2305 5566 2402 5616 Με.
2450 5561 2544 5616 Or.
2574 5564 2629 5627 2,
2667 5579 2784 5631 μοι.

2188 5564 2279 5710 70)
2305 5631 2424 5688 Καί.
2458 5632 2597 5706 Reg.
2631 5631 2689 5702 ἀ,

2162 5627 2274 5706 (‘70)
2305 5631 2424 5688 Καί.
2458 5632 2597 5706 Reg.
2631 5627 2689 5702 d',
2719 5627 2780 5706 ἤ.
