4138 6212
0 271 74 754 ἒ

0 751 58 1432 ί

0 1433 48 2056 ί

555 334 676 396 899
1501 411 1504 413 λ
1795 331 1859 389 s.
1911 326 2282 390 GREGORII
2327 325 2724 391 THEOLOGI
3848 328 3970 396 900

555 471 671 521 tem
701 461 890 519 metiri
925 463 1008 524 *b;
1039 457 1172 535 quis
1205 457 1414 516 divina).
1460 459 1517 515 in
1568 459 1846 516 omnibus
1899 461 2073 516 rebus
2105 479 2171 518 ea

2315 459 2404 513 καὶ
2451 460 2717 529 πεποίηκε
2777 459 2843 514 τὰ
2879 460 3075 528 πάντα,
3108 458 3202 516 καί
3233 454 3430 517 διοικεῖ
3454 460 3680 538 τρὸπον,
3714 465 3771 518 ὅν
3804 464 3967 526 αὐτὸς

552 553 783 625 pientiae
813 550 1296 624 profunditatem,
1333 568 1435 622 per
1465 566 1643 621 quam
1673 553 1731 605 et
1759 549 1953 604 omnia
1989 553 2202 604 creavit

552 647 606 696 et
636 639 1224 712 ea,quemadmodum
1263 640 1384 708 ipse
1413 639 1533 692 vult
1565 655 1629 692 ac
1653 638 2199 707 novit,moderatur,

551 730 900 801 investigare
932 726 1158 799 queat?
1190 727 1346 782 Satis
1387 727 1542 781 enim
1595 726 1763 781 nobis
1795 731 1904 792 est,
1938 727 2198 798 Apostoli

551 815 1031 889 exemplo,ipsius
1062 815 1436 886 conjicienda
1461 821 1513 870 et
1546 816 2010 886 contemplandas
2046 816 2196 870 difﬁ-

550 906 826 961 cultatem
860 905 1210 960 admirando
1241 903 1429 958 solum
1464 903 1818 975 pertransire
1853 923 1866 959 :
1897 905 1936 960 0
1967 905 2198 960 altitudo

547 996 876 1050 divitiarum
905 995 1190 1065 sapientiae
1219 1002 1270 1048 et
1305 995 1556 1050 scientiae
1602 994 1700 1048 Dei
1718 993 1736 1046 ι
1765 1009 1929 1064 quam
1980 996 2194 1048 inseru-

548 1084 748 1138 tabilia
774 1092 903 1138 sunt
922 1082 1140 1155 judicia
1167 1083 1304 1152 ejus,
1333 1086 1384 1136 et
1414 1082 1815 1152 investigabites
1847 1084 1948 1137 viae
1975 1084 2093 1154 ejus
2117 1083 2198 1137 il‘1

549 1175 637 1240 Et,
670 1175 806 1243 Qui:
849 1175 1000 1227 novit
1055 1175 1292 1226 mentem
1317 1171 1543 1226 Domini
1603 1171 1694 1224 “’7
1727 1171 1878 1240 Quis,
1938 1175 2002 1226 ut
2061 1189 2193 1227 cum

546 1262 657 1316 Job
686 1260 914 1332 loquar,
946 1260 1016 1315 ad
1044 1276 1326 1315 summum
1351 1259 1646 1331 sapientiae
1676 1261 1796 1330 eius
1845 1263 2071 1315 accessit
2103 1262 2146 1296 1⁷
2167 1260 2195 1315 ?

550 1351 687 1418 Qui;
715 1349 955 1420 sapiens,
987 1356 1037 1404 et
1070 1349 1339 1418 intelliget
1363 1347 1475 1404 hac
1503 1347 1641 1414 “,ac
1673 1365 1788 1404 non
1821 1366 1924 1421 per
1953 1349 2194 1421 id,quod

547 1437 767 1509 percipi
798 1454 911 1494 non
945 1441 1156 1510 potest,
1190 1437 1271 1506 id,
1306 1438 1461 1509 quod
1496 1454 1677 1510 supra
1712 1454 2051 1494 mensuram
2083 1442 2191 1506 est,

548 1526 820 1582 metiatur
838 1526 866 1581 ?

621 1614 810 1671 XXXI.
844 1614 1008 1670 Alius
1041 1614 1221 1687 igitur
1249 1614 1308 1668 in
1341 1614 1433 1670 his
1448 1615 1622 1670 rebus
1641 1614 1990 1671 temerarius
2011 1619 2068 1670 et
2090 1632 2191 1670 au-

545 1707 656 1759 dax
685 1705 780 1776 sit,
801 1703 891 1760 vel
923 1704 1120 1775 potius
1153 1720 1321 1759 nemo
1354 1705 1431 1760 sit
1462 1719 1476 1758 :
1510 1720 1615 1776 ego
1641 1709 1859 1770 autem,
1890 1703 1980 1760 vel
2013 1703 2192 1775 hujus

2310 548 2399 601 καὶ
2458 547 2710 623 βούλεται
2771 547 2859 604 καί
2916 549 3227 617 ἐπίσταταις
3294 551 3476 626 ’Δρκεῖ
3529 553 3651 627 γὰρ,
3700 553 3838 606 κατὰ
3874 555 3965 609 τὸν

2311 642 2452 701 θεῖον
2515 637 2872 707 Ἀπόστολον,
2945 638 3322 712 θαυμάσαντας
3397 640 3560 712 μόνον
3637 642 3701 695 τὸ
3757 641 3965 713 ταύτης

2311 723 2708 802 δυστέκμαρτον
2763 727 2853 782 καὶ
2904 724 3273 802 δεσθεώρητον
3333 727 3658 804 παρελθεῖν
3696 732 3759 785 Ὠ
3794 732 3962 806 βάθος

2307 813 2572 889 πλούτου,
2630 816 2720 870 καὶ
2779 816 2992 894 σοφίας,
3047 816 3138 870 καὶ
3191 818 3445 892 γνώσεως
3544 819 3672 873 εοῦί
3734 819 3811 880 ὡς
3871 820 3962 873 ἀν-

2308 904 2623 980 εξερεύνητα
2702 905 2768 959 τὰ
2868 904 3108 980 κρίματα
3209 905 3399 972 αὐτοῦ,
3493 905 3580 960 καὶ
3653 906 3963 982 ἀνεξιχνία-

2307 1014 2421 1047 στοι
2479 996 2592 1067 (71)
2649 995 2704 1048 αἱ
2762 991 2882 1048 ὁδοὶ
2942 994 3144 1050 aurci}!
3204 997 3314 1066 καὶ,
3369 995 3460 1057 Τίς
3511 991 3805 1069 ἕγνωνοῦν
3859 1004 3964 1051 Κυ-

2307 1081 2462 1158 ρίου;
2523 1081 2586 1136 Εἰ
2643 1080 2700 1137 Si
2756 1084 2824 1137 τὰ
2878 1081 3080 1159 ἔσχατα
3131 1087 3231 1153 τῆς
3287 1084 3476 1159 σοφίας
3527 1084 3690 1138 αὐτοῦ
3717 1085 3804 1145 τίς
3865 1087 3965 1162 ἀφ·

2308 1171 2484 1240 ίκετο;
2531 1173 2693 1248 φησὶν
2755 1175 2783 1225 ὁ
2838 1167 2987 1228 Ἰώό.
3045 1171 3135 1234 Τίς
3192 1174 3377 1249 σοφὸς,
3436 1173 3524 1226 καὶ
3574 1175 3794 1243 συνήσει
3827 1172 3962 1228 ταῦ-

2301 1281 2387 1330 τα,
2446 1260 2536 1315 καὶ
2596 1259 2723 1337 οὐχὶ
2761 1265 2839 1332 τῷ
2868 1260 3134 1338 ἀνεφίκτῳ
3162 1264 3272 1335 (72)
3306 1263 3558 1337 μετρήσει
3585 1261 3646 1316 τὸ
3680 1262 3814 1336 ὑπὲρ
3871 1263 3971 1336 μὲ-

2302 1368 2512 1424 τρησιν.

2375 1616 2498 1672 AA'.
2531 1613 2739 1678 ’Δλλος
2774 1616 2868 1689 μὶν
2902 1613 2992 1670 οὖν
3052 1615 3135 1686 εἷή
3187 1615 3310 1679 περῖ
3349 1621 3518 1672 ταῦτα
3544 1615 3834 1694 τολμηρὸς
3865 1618 3962 1674 καὶ

2301 1705 2581 1780 γεντάόας,
2619 1702 2831 1777 μᾶλλον
2865 1702 2921 1759 δὲ
2953 1701 3034 1775 ε”η
3073 1702 3262 1779 μηδείς
3289 1725 3301 1737 °
3337 1705 3442 1782 ἐγὼ
3492 1703 3549 1760 δὲ
3599 1705 3743 1761 ὀκνῶ
3794 1709 3964 1780 κακίᾳ

541 1796 674 1850 vitae
705 1795 1026 1851 cruciatum
1059 1794 1444 1867 improbitati,
1467 1794 1556 1851 vel
1580 1811 1672 1850 res
1700 1794 1861 1850 laetas
1891 1799 1948 1850 et
1980 1811 2180 1851 secun-

2303 1790 2486 1847 δοῦναι
2537 1795 2752 1855 πάντως
2801 1795 2899 1863 τήν
2946 1792 3180 1849 ἐντεῦθεν
3230 1794 3474 1866 κόλασιν,
3507 1797 3541 1864 ἣ
3575 1791 3822 1868 εὐσεϐείᾳ
3849 1799 3959 1865 τὴν

541 1886 646 1940 das
678 1883 878 1957 pietati
907 1883 1144 1940 omnino
1173 1884 1464 1940 ascribere
1492 1901 1729 1952 vereor;
1761 1885 1879 1939 imo
1910 1900 2042 1939 vero
2074 1901 2188 1940 non

543 1989 868 2044 nunquam,
899 1976 956 2029 et
984 1973 1093 2028 hoc
1125 1973 1199 2029 ob
1230 1972 1490 2044 aliquam
1518 1973 1831 2029 utilitatem
1883 1971 2184 2045 contingit,

542 2079 752 2134 nempe
785 2065 850 2117 ut
880 2061 966 2117 vel
1020 2076 1122 2134 per
1172 2062 1576 2134 improborum
1628 2061 2022 2118 calamitatem
2061 2061 2188 2116 vitii

541 2168 747 2208 cursus
779 2150 1248 2222 reprimatur,vel
1281 2166 1384 2223 per
1405 2152 1694 2207 bonorum
1720 2150 2056 2206 felicitatem
2075 2150 2186 2204 vir-

541 2240 648 2294 tuti
680 2240 769 2296 via
798 2239 1133 2308 muniatur;
1167 2239 1264 2294 sed
1301 2240 1356 2294 id
1392 2257 1504 2295 non
1528 2257 1890 2312 semper,nec
1922 2240 2182 2304 omnino,

540 2347 739 2384 verum
775 2329 878 2385 hoc
911 2328 1064 2386 280
1087 2329 1281 2384 futuro
1305 2328 1552 2401 tempori
1583 2333 1810 2384 tantum
1839 2334 2184 2398 reservatur,

543 2419 598 2472 in
635 2436 748 2490 quo
799 2417 897 2474 alii
930 2417 1166 2473 virtutis
1197 2417 1475 2488 praemiis,
1507 2417 1606 2472 alii
1664 2417 1948 2472 scelerum
2002 2417 2187 2488 pinnis

543 2509 893 2565 afﬁcientur.
928 2508 1224 2576 Resurgent
1255 2509 1422 2577 enim,
1465 2506 1674 2578 inquit,
1725 2507 1786 2561 hi
1836 2507 1893 2560 in
1936 2522 2183 2562 resurre-

539 2600 772 2652 ctionem
801 2596 1072 2664 vitanti
1093 2598 1151 2650 in
1175 2598 1632 2653 resurrectionem
1655 2596 1866 2668 judieii
1887 2597 1948 2649 ιο.
1975 2597 2186 2652 Rerum

539 2690 734 2741 autem
766 2684 945 2754 hujus
977 2685 1079 2740 (avi
1101 2683 1214 2740 alia
1245 2684 1433 2739 forma
1459 2684 2180 2757 est,aliaquegubernatio.

540 2774 770 2830 tametsi
802 2773 1000 2829 omnia
1029 2790 1095 2828 eo
1129 2773 1335 2838 ferant,
1369 2778 1545 2845 atque
1573 2774 1725 2845 apud
1779 2778 1953 2828 Deum
1989 2791 2181 2844 eaqua-

539 2863 653 2918 bile
681 2861 962 2934 quiddam
987 2861 1186 2935 procul
1210 2862 1386 2917 dubio
1408 2861 1620 2918 habeat
1643 2863 1698 2916 id
1719 2862 1873 2934 quod
1906 2862 2074 2918 nobis
2098 2862 2182 2918 in-

537 2954 757 3024 aequale
786 2968 910 3008 esse
939 2951 1170 3007 videtur
1200 2968 1213 3007 :
1247 2950 1405 3007 haud
1428 2949 1595 3007 aliter
1642 2957 1809 3022 atque
1838 2951 1894 3006 in
1929 2952 2181 3023 corpori-

535 3044 644 3097 bus
675 3042 1005 3097 eminentes
1035 3057 1099 3096 ac
1148 3040 1415 3096 demissae
1469 3044 1685 3112 partes,
1741 3040 2178 3112 magnitudines

538 3132 676 3186 item
709 3135 767 3185 et
797 3130 1132 3202 parvitates,
1167 3133 1338 3202 atque
1369 3129 1428 3184 in
1460 3134 1636 3194 terra,
1669 3133 1788 3184 tam
1819 3145 1888 3184 ea
1908 3145 2033 3200 qua:
2065 3128 2178 3184 alte

2300 1883 2508 1936 ἄνεσιν·
2544 1880 2670 1937 ἀλλ’
2703 1880 2812 1938 ἔστι
2874 1882 2968 1956 μὲν
3015 1882 3102 1938 ὅτε
3152 1884 3240 1938 καὶ
3290 1883 3426 1959 πρός
3479 1905 3531 1938 τι
3583 1887 3892 1960 χρήσιμον,
3926 1888 3961 1955 ἢ

2296 1972 2485 2032 κακίας
2561 1969 2966 2047 ἒγκοπτομὲνης
3042 1969 3335 2027 δυσπαθεία
3405 1978 3512 2028 τῶν
3571 1979 3854 2049 πονηρῶν,
3918 1977 3957 2044 ἣ

2296 2060 2492 2136 ἀρετῆς
2542 2057 2979 2133 ὁδοποιουμὲνης
3031 2060 3286 2133 εὐπαθείᾳ
3339 2067 3447 2117 τῶν
3480 2058 3776 2138 βελτιόνων
3805 2083 3819 2094 ·
3851 2063 3961 2118 οὐκ

2298 2146 2482 2216 ἀεὶδὲ,
2516 2147 2640 2204 οὐδὲ
2691 2149 2928 2219 πάντως,
2980 2149 3107 2205 ἀλλ’
3145 2150 3278 2205 εἶναι
3323 2143 3696 2223 τοῦτομόνον
3753 2157 3959 2227 καιροῦ

2293 2243 2392 2292 τοῦ
2443 2237 2766 2311 μέλλοντος,
2808 2240 2923 2292 καθ’
2947 2237 3002 2292 ὅν
3037 2240 3087 2293 οἱ
3123 2240 3216 2312 μὶν
3244 2239 3311 2294 τὰ
3339 2247 3440 2308 τῆς
3473 2239 3667 2314 ἀρετῆς
3700 2238 3864 2312 ἆθλα,
3900 2243 3956 2296 oi

2297 2323 2354 2380 δὲ
2401 2328 2469 2382 τὰ
2515 2334 2617 2396 τῆς
2675 2327 2861 2388 κακίας
2904 2326 3149 2399 ἐπιτίμια
3181 2329 3299 2400 (73)
3357 2325 3618 2397 δέξονται,
3675 2329 3955 2399 ’Λναστή-

2296 2437 2478 2470 σονται
2552 2417 2652 2492 γὰρ
2730 2414 2912 2481 οὗτοι,
2992 2417 3173 2494 φησὶν,
3253 2416 3328 2479 εἷς
3407 2418 3687 2471 ἀνάστασιν
3770 2422 3949 2488 ζωῆς,

2292 2505 2381 2558 καὶ
2436 2505 2584 2559 οὗτοι
2655 2505 2728 2566 εἷς
2789 2505 3066 2559 ἀνάστασιν
3133 2506 3402 2578 κρίσεως’
3460 2506 3526 2559 τὰ
3585 2502 3641 2558 δὲ
3699 2504 3951 2560 ἐντεῦθεν

2292 2594 2475 2669 ἐτέρου
2504 2594 2675 2649 τύπου
2734 2600 2888 2661 εἶναι,
2927 2594 3015 2648 καὶ
3048 2594 3268 2670 ἀγωγῆς
3302 2593 3504 2668 ἑτέρας,
3573 2596 3744 2648 πάντα
3803 2594 3952 2648 ἐκεῖ-

2293 2704 2350 2737 σε
2379 2683 2630 2761 φέροντα,
2685 2683 2918 2759 ἐχούσης
2952 2682 3153 2738 ὁλαλόν
3186 2704 3236 2737 τι
3271 2683 3413 2757 παρὰ
3459 2687 3574 2754 Θεῷ
3601 2683 3818 2744 πάντως
3851 2685 3949 2737 καὶ

2287 2779 2388 2840 τῆς
2421 2769 2687 2840 δοκούσης
2718 2774 2853 2844 ἡμῖν
2886 2770 3205 2844 ἀνωμαλίας
3233 2791 3244 2802 ·
3279 2771 3459 2844 ὣσπερ
3489 2770 3541 2825 ἐν
3575 2772 3789 2843 σώματι
3843 2773 3949 2834 τὰς

2291 2859 2483 2935 ἐξοχάς
2536 2882 2593 2914 τε
2639 2860 2728 2914 καὶ
2778 2860 3022 2934 εἷσοχάς,
3081 2860 3283 2934 μεγέθη
3333 2881 3391 2914 τε
3437 2858 3525 2913 καὶ
3576 2860 3944 2934 μικρότητας,

2287 2949 2376 3003 καὶ
2408 2951 2509 3024 γῆς
2540 2949 2915 3011 ἐπαναστάσεις
2945 2969 3004 3003 τε
3032 2948 3121 3003 καὶ
3153 2949 3364 3026 ὑφέσεις
3408 2947 3460 3018 ἐξ
3492 2949 3564 3002 ὧν
3613 2947 3676 3003 τι)
3725 2947 3946 3011 κάλλος

2284 3042 2353 3111 τῇ
2385 3039 2522 3114 πρὸς
2571 3036 2794 3109 ἄλληλα
2840 3045 3023 3113 σχέσει
3068 3037 3451 3110 συνιστάμενόν
3490 3058 3549 3092 τι
3575 3037 3666 3091 καὶ
3698 3038 3948 3112 θεωρού-

2290 3149 2448 3199 μενον
2479 3147 2492 3159 °
2528 3126 2640 3182 ἐπεὶ
2671 3128 2760 3182 καὶ
2792 3127 3040 3203 τεχνίτου
3071 3129 3180 3200 (74)
3211 3128 3272 3181 τὸ
3303 3126 3425 3202 περὶ
3464 3127 3562 3196 τὴν
3613 3124 3752 3196 ὅλην
3801 3127 3947 3188 τὲως

534 3238 593 3274 se
621 3197 890 3288 efferunt,
923 3197 1274 3290 quamquae
1323 3218 1659 3284 subsidunt,
1692 3234 1761 3272 ex
1805 3197 2018 3288 quibus
2051 3217 2175 3288 pul-

2300 3214 2514 3271 Ξὶτακτὸν
2574 3217 2661 3271 καὶ
2693 3215 3008 3289 ἀνώμαλον,
3042 3214 3164 3269 λίαν
3198 3211 3447 3291 ἔντεχνον
3475 3217 3562 3286 ἦν,
3596 3213 3654 3268 ἂν
3687 3215 3828 3290 πρός
3859 3237 3948 3270 τι-

533 3308 804 3363 chritudo
835 3311 1040 3363 mutua
1078 3308 1231 3362 inter
1287 3322 1349 3363 se
1406 3306 1750 3362 habitudine
1797 3306 2084 3361 conflatur
2113 3324 2179 3363 ac

534 3397 922 3468 perspicitur;
967 3397 1443 3468 quandoquidem
1493 3395 1643 3464 quod
1691 3395 2090 3450 inordinatum
2123 3400 2180 3451 et

531 3485 817 3557 inaequale
846 3491 938 3540 est
971 3485 1026 3538 in
1061 3484 1249 3555 prima
1279 3483 1522 3539 artificis
1556 3485 1709 3539 circa
1734 3484 2043 3539 materiam
2075 3484 2176 3540 ad-

529 3574 918 3643 umbratione,
950 3573 1115 3628 valde
1146 3578 1340 3628 tamen
1373 3572 1753 3628 artiﬁciosum
1806 3572 1972 3638 foret,
2023 3573 2070 3628 si
2103 3573 2174 3628 ad

527 3663 718 3732 operis
749 3663 1059 3732 cujusdam
1091 3665 1447 3717 structuram
1491 3661 2034 3716 accommodaretur
2066 3679 2077 3715 :
2116 3662 2173 3717 id

529 3752 680 3822 quod
713 3757 836 3806 tum
868 3751 1106 3806 demum
1140 3749 1521 3822 intelligimus
1553 3755 1727 3822 atque
1758 3749 2171 3817 fatemur,cum

2287 3325 2378 3367 νος
2433 3303 2596 3382 ἔργου
2652 3305 2981 3373 κατασκευὴν
3038 3303 3408 3376 εὐτρεπίσαιτο
3468 3304 3618 3377 (75)·
3665 3303 3793 3358 τότε
3849 3305 3946 3359 καὶ

2286 3395 2422 3467 ἡμῖν
2471 3389 3022 3466 καταλαμϐανόμενόν
3076 3414 3134 3447 τε
3183 3393 3272 3448 καὶ
3304 3392 3770 3468 ὁμολογούμενον,
3806 3392 3939 3448 ὅταν

2283 3483 2346 3538 τὸ
2377 3486 2490 3557 (76)
2521 3481 2871 3538 ἀποτελεσῦὶν
2904 3479 3109 3543 κάλλος
3139 3486 3236 3536 τοῦ
3267 3478 3763 3556 δημιουργήματος
3797 3493 3943 3545 θεω-

2286 3573 2561 3644 ρήσωμεν.
2597 3569 2753 3626 Ἀλλ’
2779 3567 2902 3625 οὔτε
2924 3569 3120 3632 ἐκεῖνος
3155 3570 3380 3645 ἄτεχνος
3409 3569 3445 3643 ᾖ
3483 3571 3588 3636 ι77)
3621 3570 3694 3630 ὡς
3744 3572 3941 3642 ἡμεῖς,

2285 3660 2406 3715 οὕτε
2432 3659 2598 3714 ταῦτα
2630 3656 2911 3714 διοικεῖται
2943 3659 3203 3728 ἀτάκτως,
3237 3658 3317 3713 ὅτι
3356 3659 3432 3731 μή
3472 3659 3561 3712 καὶ
3591 3661 3727 3731 ἡμῖν
3763 3659 3791 3712 ὁ
3842 3659 3945 3714 λόο

2281 3770 2376 3825 γος
2406 3750 2710 3824 γνώριμος.

527 3840 806 3896 elaborati
840 3839 1034 3912 operis
1065 3839 1416 3912 elegantiam
1449 3840 1705 3910 undique
1744 3840 2059 3910 perfectam
2091 3845 2146 3895 et
2175 3840 2505 3896 absolutam
2540 3842 2856 3895 intuemur.
2893 3842 2956 3895 At
2989 3856 3091 3895 nec
3123 3838 3220 3893 ille
3271 3837 3412 3893 artis
3464 3836 3687 3894 inscius
3720 3842 3833 3903 est,
3869 3843 3938 3892 ut

525 3948 630 3984 nos
663 3945 904 3996 sumus;
936 3945 1042 3984 nec
1073 3945 1164 3983 res
1196 3928 1376 3999 hujus
1402 3927 1534 3983 vitae
1573 3933 1880 4000 propterea
1927 3934 2141 3985 temere
2188 3933 2362 4001 atque
2391 3929 2688 3985 incondite
2717 3931 3141 4002 gubernantur,
3179 3928 3318 4000 quia
3365 3926 3690 3999 exploratas
3725 3943 3936 3982 earum

522 4017 775 4074 rationes
808 4034 923 4073 non
955 4016 1264 4073 habemus-

594 4106 814 4161 XXXII.
848 4106 958 4162 Sed
992 4110 1048 4161 et
1077 4107 1127 4162 si
1152 4106 1417 4176 quaedam
1452 4107 1607 4178 ejus,
1639 4123 1753 4177 qua
1812 4104 2169 4176 laboramus,

523 4193 844 4249 affectionis
875 4195 1068 4266 imago
1101 4193 1427 4250 exhibenda
1475 4199 1583 4262 est,
1619 4211 1734 4250 non
1789 4194 2040 4249 multum
2075 4194 2170 4261 iis,

526 4281 625 4351 qui
658 4298 878 4338 nausea
902 4287 960 4337 et
987 4283 1271 4355 vertigine
1302 4281 1917 4354 laborant,dissimiles
1940 4300 2170 4353 sumus,

2353 4106 2474 4161 AB'.
2525 4103 2677 4162 Ἀλλ’
2736 4104 2789 4159 εἶ’
2827 4127 2946 4160 τινα
2996 4107 3108 4177 (78)
3159 4101 3241 4158 δεῖ
3276 4103 3366 4158 καὶ
3399 4101 3578 4156 εἰκόνα
3609 4097 3802 4156 λαϐεῖν
3832 4105 3939 4156 τοῦ

2278 4193 2551 4269 ἡμετέρου
2591 4195 2817 4264 πάθους,
2875 4193 2937 4248 οὐ
2985 4192 3174 4269 πὸῥρω
3219 4197 3328 4247 τῶν
3378 4192 3720 4245 ναυτιώντων
3772 4190 3936 4264 ἐσμὲν

2279 4283 2366 4337 καὶ
2426 4282 2808 4359 ίλιγγιώντων,
2869 4280 2921 4337 οἵ
2954 4281 3268 4358 στρὲφεσθαι
3302 4282 3413 4355 (79)
3442 4281 3508 4333 τά
3532 4283 3708 4334 πάντα
3741 4276 3934 4334 δοκεῦ-

525 4369 624 4439 qui
655 4368 855 4425 omnia
893 4386 1128 4425 sursum
1161 4371 1556 4442 deorsumque
1603 4371 1743 4427 verti
1774 4375 2004 4443 putant,
2036 4387 2170 4428 cum

2300 4393 2383 4444 rw,
2440 4371 2594 4426 αὐτοὶ
2640 4371 2992 4449 στρεφόμενοι
3021 4391 3034 4405 ⁸
3096 4371 3169 4432 ὡς
3219 4368 3274 4424 δε
3303 4368 3393 4424 καὶ
3429 4369 3605 4436 οὗτοι,
3638 4369 3767 4442 περὶ
3798 4369 3876 4422 ὧν
3910 4370 3938 4422 ὁ

521 4457 636 4529 ipsi
669 4458 1157 4513 vertantur.ldem
1189 4456 1363 4513 etiam
1394 4459 1584 4525 bis,de
1609 4460 1825 4531 quibus
1847 4459 2168 4531 loquimur,

523 4544 961 4617 accidit.Neque
989 4546 1144 4602 enim
1177 4546 1358 4603 Deum
1377 4547 1766 4620 sapientorem
1797 4565 1858 4604 se
1887 4564 2014 4604 esse
2040 4565 2170 4606 sus-

2281 4457 2470 4535 λόγος.
2503 4460 2575 4514 Οὐ
2607 4460 2707 4536 γὰρ
2739 4462 3022 4535 ἀνέχονται
3063 4459 3369 4532 σοφώτερον
3431 4456 3602 4510 αὐτῶν
3657 4455 3795 4510 εἶναι
3845 4455 3939 4509 τὸν

2280 4548 2434 4620 Θεὸν,
2465 4547 2524 4603 ἂν
2555 4543 2690 4624 πρὸς
2723 4570 2771 4602 τι
2819 4553 2928 4602 τῶν
2974 4541 3380 4620 συμϐαινόντων
3413 4543 3801 4619 ίλιγγιάσωσιν
3827 4563 3841 4574 ·

596 4681 642 4715 ¹¹⁰
674 4678 848 4735 Eccli.
882 4696 922 4746 ι,
952 4679 1007 4734 2.
1087 4679 1128 4714 ¹⁶
1158 4680 1324 4736 Rom.
1377 4699 1456 4744 x1,
1486 4682 1575 4737 33.
1655 4682 1696 4716 ¹⁶
1721 4681 1868 4737 Ibid.
1902 4683 1990 4736 34.
2070 4683 2113 4719 ¹⁷
2143 4683 2174 4740 J

2306 4700 2399 4752 xv,
2427 4685 2480 4739 8.
2560 4685 2600 4718 ¹⁸
2631 4683 2763 4740 Ose.
2794 4700 2911 4753 xxv,
2943 4685 3026 4738 10.
3106 4683 3151 4718 ¹⁹
3180 4683 3344 4738 Joan.
3376 4698 3430 4749 v,
3461 4681 3557 4737 29.

595 4811 709 4883 (71)
753 4808 1198 4885 Ἀνεξιχνίαστοι.
1254 4813 1346 4885 Sic
1408 4814 1581 4885 Regg.
1638 4814 1760 4879 bm,
1820 4813 1921 4885 ph,
1981 4813 2076 4870 Or.
2107 4815 2163 4884 2,

595 4829 709 4883 (ιι)
756 4829 923 4879 ’Λνεζι
969 4831 1198 4868 νιαστοι.
1254 4829 1346 4868 blc
1408 4829 1489 4878 ne,

522 4886 748 4958 Apost,
781 4829 1100 4958 etméditi,
1135 4883 1489 4958 ᾀνιχνίαστοι.

599 4955 708 5039 (Ἰξ)
739 4952 835 5004 Καὶ
870 4952 995 5037 οὐχὶ
1026 4958 1104 5025 τῷ
1135 4952 1421 5039 invecta-up:
1453 4962 1564 5012 etc.
1585 4977 1627 5039 ff
1667 4955 1764 5039 .Ac
1796 4972 1909 5010 non
1936 4972 2054 5039 ‘per
2084 4956 2165 5023 id,

523 5026 678 5094 quod
723 5026 975 5098 assequi
1011 5045 1124 5100 non
1168 5026 1334 5100 licet,
1367 5026 1424 5082 id
1485 5027 1759 5100 metiatur
1802 5028 1951 5098 quod
1989 5045 2170 5100 supra

525 5111 859 5150 mensuram
917 5098 1050 5153 est?
1082 5121 1110 5148 ν
1167 5098 1267 5154 Vel
1319 5116 1451 5154 cum
1495 5098 1780 5154 Gabriclio
1815 5117 1827 5154 :
1865 5100 2002 5153 «Ac
2052 5098 2166 5156 non

523 5168 717 5237 potius
746 5165 1448 5239 incomprehensibilitate
1480 5170 1776 5240 metiatur,
1809 5170 1866 5224 id
1900 5173 2054 5241 quod
2080 5177 2169 5227 est

522 5256 696 5308 supra
724 5255 1058 5308 mensuram
1085 5242 1112 5296 ?
1137 5264 1164 5291 »
1371 5293 1374 5296 .

738 5307 888 5396 Οἱ.δέ
918 5311 985 5396 τὰ
1009 5318 1109 5396 τῇς
1137 5310 1329 5396 κακίας
1360 5309 1626 5396 ἐπιτίμια.
1678 5309 1772 5396 sic
1797 5311 2164 5396 'Regg.na.,uc,

522 5381 577 5455 d_,
608 5377 735 5455 pm,
774 5382 873 5452 ph,
907 5392 1014 5455 etc.
1040 5377 1146 5455 Or._
1168 5386 1222 5450 2,
1253 5383 1441 5455 κακίας
1472 5377 1538 5435 τὰ
1557 5377 2165 5455 ἐπιτηδεύματᾶ.Εάὶῑ,,

522 5452 572 5504 οἳ
604 5447 790 5527 δᾼὶᾲτῆξ
820 5447 1008 5527 κακίας
1039 5455 1104 5507 τὰ
1131 5447 1398 5527 ἐπιτίμια.

590 5524 709 5600 (illi)
739 5523 1006 5600 Ἐπεί,καί
1054 5523 1329 5600 τεχνίτου,
1379 5531 1491 5600 etc.
1541 5523 1745 5579 Billius
1773 5540 1848 5600 tu
1892 5524 2166 5600 Quando-

523 5594 760 5670 quidem
789 5593 1263 5670 Opiﬁcisquo'que
1292 5593 1690 5667 materia,quaa
1711 5593 1876 5665 prius
1907 5595 2165 5670 inaequa-

522 5664 657 5720 bilie
687 5664 863 5738 atque
891 5664 1191 5725 incondita
1207 5664 1640 5742 erat,perquain
1661 5664 1857 5724 tamen
1888 5664 2164 5726 artiﬁcio-

2275 4832 2342 4872 sa
2371 4820 2548 4885 esset,
2583 4837 2610 4867 »
2646 4819 2756 4871 etc.

2348 4888 2460 4961 (75)
2491 4881 3027 4961 Εὔτρετξίσαιτοηὸἱο
3052 4885 3229 4961 Begg.
3265 4901 3317 4955 a,
3363 4901 3415 4951 ο,
3443 4883 3503 4953 d,
3535 4883 3662 4950 bm,
3693 4881 3799 4953 ph,
3831 4881 3925 4937 Or.

2275 4960 2328 5026 2,
2357 4956 2506 5026 σεε,
2532 4956 2641 5031 etc.
2674 4959 2848 5023 Editi,
2882 4956 3280 5031 εὐτρεπίσὴται.

2351 5023 2576 5156 (Ίὲὶῐῖό.
2609 5031 2702 5086 Sic
2734 5031 2912 5102 Regg.
2946 5023 3000 5098 a',
3034 5023 3165 5093 bm,
3197 5028 3299 5101 pb,
3345 5026 3444 5081 0r.
3489 5028 3548 5091 2,
3596 5028 3713 5079 etc.
3761 5023 3926 5078 Deest

2369 5119 2398 5156 e
2445 5119 2457 5155 ι
2490 5119 2562 5156 ιε.

2277 5102 2336 5156 in
2369 5103 2562 5156 editis.

2347 5174 2458 5244 (77)
2488 5173 2760 5244 'H_I_)ees_t
2792 5171 2850 5227 in
2883 5170 3280 5244 tribusﬁegg.

2349 5236 2460 5319 (78)
2495 5236 2897 5319 ’,ἁλλ’-εἴξωσι,
2931 5249 3038 5319 etc.
3075 5236 3282 5319 Bil‘li‘us
3317 5259 3329 5296 ε
3363 5238 3564 5319 «_quin
3609 5236 3834 5319 potius,
3866 5238 3926 5288 ut

2277 5311 2457 5371 animi
2484 5313 2668 5371 nostri
2699 5314 2972 5370 affectum
2994 5314 3252 5386 imagine
3269 5311 3521 5384 quadam
3537 5311 3921 5381 exprimam,»

2276 5392 2458 5548 Θῗῗ79)
2490 5455 2557 5512 Οἳ
2602 5453 2964 5548 ξτρέιρεσθάι.-
3000 5461 3108 5512 etc.
3169 5456 3310 5548 Reg;
3344 5472 3402 5521 u,
3461 5451 3546 5548 οἷς
3607 5447 3916 5548 apicii:

2273 5521 2753 5601 ταπείνταδοκεῗ
2809 5525 2992 5588 αὐτοῖς
3042 5521 3448 5601 στρεφο-μὲνοις.
3505 5524 3642 5587 Quae
3676 5521 3914 5594 quidem

2273 5598 2443 5657 lectio
2474 5600 2716 5672 optima,
2747 5602 2805 5656 et
2832 5599 3059 5673 syntaxi
3094 5598 3284 5672 magis
3312 5611 3590 5656 consona.
