  <div class='ocr_page' id='page_1' title='image "/cluster/home/n/w/nwhite01/storage/ocr_20150623/35/hvd.32044054100326/456.png"; bbox 0 0 4138 6212; ppageno 0'>
   <div class='ocr_carea' id='block_1_1' title="bbox 332 332 447 396">
    <p class='ocr_par' dir='ltr' id='par_1_1' title="bbox 332 332 447 396">
     <span class='ocr_line' id='line_1_1' title="bbox 332 332 447 396; baseline -0.026 0"><span class='ocrx_word' id='word_1_1' title='bbox 332 332 447 396; x_wconf 81' lang='grc'>901</span> 
     </span>
    </p>
   </div>
   <div class='ocr_carea' id='block_1_2' title="bbox 1255 332 2818 398">
    <p class='ocr_par' dir='ltr' id='par_1_2' title="bbox 1255 332 2818 398">
     <span class='ocr_line' id='line_1_2' title="bbox 1255 332 2818 398; baseline 0.001 -5"><span class='ocrx_word' id='word_1_2' title='bbox 1255 332 1543 396; x_wconf 84' lang='lat' dir='ltr'>ORATIO</span> <span class='ocrx_word' id='word_1_3' title='bbox 1591 335 1747 396; x_wconf 85' lang='lat' dir='ltr'>XIV.</span> <span class='ocrx_word' id='word_1_4' title='bbox 1784 366 1861 380; x_wconf 89' lang='lat'>--</span> <span class='ocrx_word' id='word_1_5' title='bbox 1895 334 1996 396; x_wconf 83' lang='lat' dir='ltr'>DE</span> <span class='ocrx_word' id='word_1_6' title='bbox 2044 334 2469 398; x_wconf 79' lang='lat' dir='ltr'>PAUPERUM</span> <span class='ocrx_word' id='word_1_7' title='bbox 2520 332 2818 397; x_wconf 76' lang='lat' dir='ltr'>AMORE.</span> 
     </span>
    </p>
   </div>
   <div class='ocr_carea' id='block_1_3' title="bbox 3623 336 3741 395">
    <p class='ocr_par' dir='ltr' id='par_1_3' title="bbox 3623 336 3741 395">
     <span class='ocr_line' id='line_1_3' title="bbox 3623 336 3741 395; baseline 0.017 -2"><span class='ocrx_word' id='word_1_8' title='bbox 3623 336 3741 395; x_wconf 76' lang='grc'>902</span> 
     </span>
    </p>
   </div>
   <div class='ocr_carea' id='block_1_4' title="bbox 328 460 2006 543">
    <p class='ocr_par' dir='ltr' id='par_1_4' title="bbox 328 460 1977 543">
     <span class='ocr_line' id='line_1_4' title="bbox 328 460 1977 543; baseline -0.002 -22"><span class='ocrx_word' id='word_1_9' title='bbox 328 468 522 537; x_wconf 86' lang='grc' dir='ltr'>καμεῖν</span> <span class='ocrx_word' id='word_1_10' title='bbox 554 462 676 540; x_wconf 76' lang='grc' dir='ltr'>περὶ</span> <span class='ocrx_word' id='word_1_11' title='bbox 706 464 797 518; x_wconf 86' lang='grc' dir='ltr'>τὸν</span> <span class='ocrx_word' id='word_1_12' title='bbox 832 462 997 538; x_wconf 77' lang='grc' dir='ltr'>λόγον</span> <span class='ocrx_word' id='word_1_13' title='bbox 1031 460 1172 518; x_wconf 71' lang='grc' dir='ltr'>δεον.</span> <span class='ocrx_word' id='word_1_14' title='bbox 1208 461 1282 525; x_wconf 83' lang='grc' dir='ltr'>ὡς</span> <span class='ocrx_word' id='word_1_15' title='bbox 1312 465 1440 539; x_wconf 80' lang='grc' dir='ltr'>τάχ’</span> <span class='ocrx_word' id='word_1_16' title='bbox 1486 464 1544 518; x_wconf 77' lang='grc' dir='ltr'>ἃν</span> <span class='ocrx_word' id='word_1_17' title='bbox 1584 468 1653 538; x_wconf 77' lang='grc' dir='ltr'>τῇ</span> <span class='ocrx_word' id='word_1_18' title='bbox 1682 463 1977 543; x_wconf 74' lang='grc' dir='ltr'>φιλοπονίᾳ</span> 
     </span>
    </p>
   </div>
   <div class='ocr_carea' id='block_1_5' title="bbox 2105 460 3741 543">
    <p class='ocr_par' dir='ltr' id='par_1_5' title="bbox 2105 464 3741 538">
     <span class='ocr_line' id='line_1_5' title="bbox 2105 464 3741 538; baseline 0.001 -17"><span class='ocrx_word' id='word_1_19' title='bbox 2105 467 2320 535; x_wconf 82' lang='lat' dir='ltr'>;inent;</span> <span class='ocrx_word' id='word_1_20' title='bbox 2355 467 2552 523; x_wconf 79' lang='lat' dir='ltr'>statim</span> <span class='ocrx_word' id='word_1_21' title='bbox 2587 470 2651 521; x_wconf 90' lang='lat' dir='ltr'>ut</span> <span class='ocrx_word' id='word_1_22' title='bbox 2684 465 3052 537; x_wconf 83' lang='lat' dir='ltr'>inopinatum</span> <span class='ocrx_word' id='word_1_23' title='bbox 3086 464 3223 535; x_wconf 84' lang='lat' dir='ltr'>quid</span> <span class='ocrx_word' id='word_1_24' title='bbox 3254 465 3549 532; x_wconf 83' lang='lat' dir='ltr'>acciderit,</span> <span class='ocrx_word' id='word_1_25' title='bbox 3571 467 3741 538; x_wconf 90' lang='lat' dir='ltr'>quasi</span> 
     </span>
    </p>
   </div>
   <div class='ocr_carea' id='block_1_6' title="bbox 332 550 1984 630">
    <p class='ocr_par' dir='ltr' id='par_1_6' title="bbox 332 550 1984 630">
     <span class='ocr_line' id='line_1_6' title="bbox 332 550 1984 630; baseline -0.002 -21"><span class='ocrx_word' id='word_1_26' title='bbox 332 554 714 625; x_wconf 72' lang='grc' dir='ltr'>δοθησομένης</span> <span class='ocrx_word' id='word_1_27' title='bbox 772 558 873 620; x_wconf 84' lang='grc' dir='ltr'>τῆς</span> <span class='ocrx_word' id='word_1_28' title='bbox 933 550 1192 621; x_wconf 81' lang='grc' dir='ltr'>ἀληθείας</span> <span class='ocrx_word' id='word_1_29' title='bbox 1228 598 1242 620; x_wconf 84' lang='grc'>,</span> <span class='ocrx_word' id='word_1_30' title='bbox 1299 552 1333 621; x_wconf 69' lang='grc' dir='ltr'><strong>ἢ</strong></span> <span class='ocrx_word' id='word_1_31' title='bbox 1390 553 1723 630; x_wconf 70' lang='grc' dir='ltr'>σοφωτέροις</span> <span class='ocrx_word' id='word_1_32' title='bbox 1785 556 1984 609; x_wconf 76' lang='grc' dir='ltr'>ἒαυτῶν</span> 
     </span>
    </p>
   </div>
   <div class='ocr_carea' id='block_1_7' title="bbox 326 640 1982 718">
    <p class='ocr_par' dir='ltr' id='par_1_7' title="bbox 326 640 1982 718">
     <span class='ocr_line' id='line_1_7' title="bbox 326 640 1982 718; baseline -0.001 -20"><span class='ocrx_word' id='word_1_33' title='bbox 326 648 494 698; x_wconf 77' lang='grc' dir='ltr'>ταῦτα</span> <span class='ocrx_word' id='word_1_34' title='bbox 552 640 983 718; x_wconf 75' lang='grc' dir='ltr'>συμφιλοσοφεῖν</span> <span class='ocrx_word' id='word_1_35' title='bbox 1039 642 1128 695; x_wconf 72' lang='grc' dir='ltr'>καὶ</span> <span class='ocrx_word' id='word_1_36' title='bbox 1195 644 1773 717; x_wconf 76' lang='grc' dir='ltr'>πνευματικωτέροις,</span> <span class='ocrx_word' id='word_1_37' title='bbox 1835 642 1982 697; x_wconf 83' lang='grc' dir='ltr'>ἐπει-</span> 
     </span>
    </p>
   </div>
   <div class='ocr_carea' id='block_1_8' title="bbox 328 726 1980 806">
    <p class='ocr_par' dir='ltr' id='par_1_8' title="bbox 328 726 1980 806">
     <span class='ocr_line' id='line_1_8' title="bbox 328 726 1980 806; baseline -0.001 -20"><span class='ocrx_word' id='word_1_38' title='bbox 328 730 396 801; x_wconf 75' lang='grc' dir='ltr'>δὴ</span> <span class='ocrx_word' id='word_1_39' title='bbox 435 734 549 803; x_wconf 88' lang='grc'>(80)</span> <span class='ocrx_word' id='word_1_40' title='bbox 600 730 687 784; x_wconf 76' lang='grc' dir='ltr'>καὶ</span> <span class='ocrx_word' id='word_1_41' title='bbox 735 734 896 784; x_wconf 75' lang='grc' dir='ltr'>τοῦτο</span> <span class='ocrx_word' id='word_1_42' title='bbox 946 728 1194 805; x_wconf 81' lang='grc' dir='ltr'>χάρισμα</span> <span class='ocrx_word' id='word_1_43' title='bbox 1243 726 1319 801; x_wconf 68' lang='grc' dir='ltr'>ἓν,</span> <span class='ocrx_word' id='word_1_44' title='bbox 1370 730 1458 785; x_wconf 84' lang='grc' dir='ltr'>καὶ</span> <span class='ocrx_word' id='word_1_45' title='bbox 1508 730 1636 806; x_wconf 81' lang='grc' dir='ltr'>οὐχὶ</span> <span class='ocrx_word' id='word_1_46' title='bbox 1683 732 1895 786; x_wconf 81' lang='grc' dir='ltr'>πάντων</span> <span class='ocrx_word' id='word_1_47' title='bbox 1946 733 1980 799; x_wconf 76' lang='grc' dir='ltr'>ἠ</span> 
     </span>
    </p>
   </div>
   <div class='ocr_carea' id='block_1_9' title="bbox 326 816 1983 894">
    <p class='ocr_par' dir='ltr' id='par_1_9' title="bbox 326 816 1983 894">
     <span class='ocr_line' id='line_1_9' title="bbox 326 816 1983 894; baseline 0.001 -22"><span class='ocrx_word' id='word_1_48' title='bbox 326 822 549 894; x_wconf 81' lang='grc' dir='ltr'>γνῶσις,</span> <span class='ocrx_word' id='word_1_49' title='bbox 580 818 614 885; x_wconf 74' lang='grc' dir='ltr'>ἦ</span> <span class='ocrx_word' id='word_1_50' title='bbox 659 817 910 891; x_wconf 80' lang='grc' dir='ltr'>καθάρσει</span> <span class='ocrx_word' id='word_1_51' title='bbox 959 816 1080 889; x_wconf 79' lang='grc' dir='ltr'>βίου</span> <span class='ocrx_word' id='word_1_52' title='bbox 1128 816 1328 886; x_wconf 82' lang='grc' dir='ltr'>ταύτην</span> <span class='ocrx_word' id='word_1_53' title='bbox 1382 818 1650 893; x_wconf 86' lang='grc' dir='ltr'>θηρεύειν,</span> <span class='ocrx_word' id='word_1_54' title='bbox 1701 819 1790 873; x_wconf 82' lang='grc' dir='ltr'>καὶ</span> <span class='ocrx_word' id='word_1_55' title='bbox 1839 818 1983 893; x_wconf 80' lang='grc' dir='ltr'>ποιρά</span> 
     </span>
    </p>
   </div>
   <div class='ocr_carea' id='block_1_10' title="bbox 324 901 1982 982">
    <p class='ocr_par' dir='ltr' id='par_1_10' title="bbox 324 901 1982 982">
     <span class='ocr_line' id='line_1_10' title="bbox 324 901 1982 982; baseline -0.001 -21"><span class='ocrx_word' id='word_1_56' title='bbox 324 909 423 975; x_wconf 72' lang='grc' dir='ltr'>τῆς</span> <span class='ocrx_word' id='word_1_57' title='bbox 476 901 648 967; x_wconf 76' lang='grc' dir='ltr'>ὅντως</span> <span class='ocrx_word' id='word_1_58' title='bbox 700 904 905 982; x_wconf 77' lang='grc' dir='ltr'>Σοφίας</span> <span class='ocrx_word' id='word_1_59' title='bbox 948 904 1138 982; x_wconf 80' lang='grc' dir='ltr'>σοιρίαν</span> <span class='ocrx_word' id='word_1_60' title='bbox 1188 903 1493 976; x_wconf 77' lang='grc' dir='ltr'>ἐπιζητεῖν.</span> <span class='ocrx_word' id='word_1_61' title='bbox 1545 908 1613 963; x_wconf 73' lang='grc' dir='ltr'>Οἱ</span> <span class='ocrx_word' id='word_1_62' title='bbox 1664 904 1721 961; x_wconf 73' lang='grc' dir='ltr'>δὲ</span> <span class='ocrx_word' id='word_1_63' title='bbox 1769 906 1836 976; x_wconf 83' lang='grc' dir='ltr'>(ὣ</span> <span class='ocrx_word' id='word_1_64' title='bbox 1884 910 1982 975; x_wconf 73' lang='grc' dir='ltr'>τῆς</span> 
     </span>
    </p>
   </div>
   <div class='ocr_carea' id='block_1_11' title="bbox 327 993 1980 1071">
    <p class='ocr_par' dir='ltr' id='par_1_11' title="bbox 327 993 1980 1071">
     <span class='ocr_line' id='line_1_11' title="bbox 327 993 1980 1071; baseline 0 -22"><span class='ocrx_word' id='word_1_65' title='bbox 327 993 678 1056; x_wconf 78' lang='grc' dir='ltr'>ἀπαιδευσίας</span> <span class='ocrx_word' id='word_1_66' title='bbox 714 995 773 1063; x_wconf 88' lang='lat' dir='ltr'>l)</span> <span class='ocrx_word' id='word_1_67' title='bbox 831 993 917 1047; x_wconf 79' lang='grc' dir='ltr'>ἐπὶ</span> <span class='ocrx_word' id='word_1_68' title='bbox 976 995 1040 1047; x_wconf 86' lang='grc' dir='ltr'>τὸ</span> <span class='ocrx_word' id='word_1_69' title='bbox 1098 993 1444 1070; x_wconf 72' lang='grc' dir='ltr'>ἑτοιμότερον</span> <span class='ocrx_word' id='word_1_70' title='bbox 1499 996 1832 1071; x_wconf 71' lang='grc' dir='ltr'>τρέπονται,</span> <span class='ocrx_word' id='word_1_71' title='bbox 1892 995 1980 1050; x_wconf 86' lang='grc' dir='ltr'>καὶ</span> 
     </span>
    </p>
   </div>
   <div class='ocr_carea' id='block_1_12' title="bbox 330 1080 1979 1162">
    <p class='ocr_par' dir='ltr' id='par_1_12' title="bbox 330 1080 1979 1162">
     <span class='ocr_line' id='line_1_12' title="bbox 330 1080 1979 1162; baseline -0.001 -23"><span class='ocrx_word' id='word_1_72' title='bbox 330 1083 557 1162; x_wconf 79' lang='grc' dir='ltr'>ἀλογίαν</span> <span class='ocrx_word' id='word_1_73' title='bbox 612 1088 711 1138; x_wconf 78' lang='grc' dir='ltr'>τοῦ</span> <span class='ocrx_word' id='word_1_74' title='bbox 769 1084 965 1145; x_wconf 87' lang='grc' dir='ltr'>παντὸς</span> <span class='ocrx_word' id='word_1_75' title='bbox 1013 1080 1620 1156; x_wconf 76' lang='grc' dir='ltr'>καταψεύδονται,αὐτοὶ</span> <span class='ocrx_word' id='word_1_76' title='bbox 1667 1086 1759 1139; x_wconf 85' lang='grc' dir='ltr'>τὸν</span> <span class='ocrx_word' id='word_1_77' title='bbox 1818 1080 1979 1161; x_wconf 87' lang='grc' dir='ltr'>λόγον</span> 
     </span>
    </p>
   </div>
   <div class='ocr_carea' id='block_1_13' title="bbox 330 1170 1979 1251">
    <p class='ocr_par' dir='ltr' id='par_1_13' title="bbox 330 1170 1979 1251">
     <span class='ocr_line' id='line_1_13' title="bbox 330 1170 1979 1251; baseline 0 -23"><span class='ocrx_word' id='word_1_78' title='bbox 330 1173 431 1228; x_wconf 75' lang='grc' dir='ltr'>οὐκ</span> <span class='ocrx_word' id='word_1_79' title='bbox 482 1172 851 1245; x_wconf 81' lang='grc' dir='ltr'>ἐπιστάμενοι·</span> <span class='ocrx_word' id='word_1_80' title='bbox 886 1172 972 1226; x_wconf 66' lang='grc' dir='ltr'>καὶ</span> <span class='ocrx_word' id='word_1_81' title='bbox 1032 1170 1133 1225; x_wconf 76' lang='grc' dir='ltr'>εἶσὶ</span> <span class='ocrx_word' id='word_1_82' title='bbox 1184 1170 1253 1226; x_wconf 87' lang='grc' dir='ltr'>δι’</span> <span class='ocrx_word' id='word_1_83' title='bbox 1313 1170 1659 1227; x_wconf 80' lang='grc' dir='ltr'>ἀπαιδευσίαν</span> <span class='ocrx_word' id='word_1_84' title='bbox 1713 1174 1894 1251; x_wconf 77' lang='grc' dir='ltr'>σοφοὶ,</span> <span class='ocrx_word' id='word_1_85' title='bbox 1945 1174 1979 1243; x_wconf 73' lang='grc' dir='ltr'><strong>ἢ</strong></span> 
     </span>
    </p>
   </div>
   <div class='ocr_carea' id='block_1_14' title="bbox 332 1258 1982 1340">
    <p class='ocr_par' dir='ltr' id='par_1_14' title="bbox 332 1258 1982 1340">
     <span class='ocr_line' id='line_1_14' title="bbox 332 1258 1982 1340; baseline 0 -23"><span class='ocrx_word' id='word_1_86' title='bbox 332 1259 423 1317; x_wconf 75' lang='grc' dir='ltr'>διὰ</span> <span class='ocrx_word' id='word_1_87' title='bbox 467 1261 693 1337; x_wconf 79' lang='grc' dir='ltr'>σοφίαν,</span> <span class='ocrx_word' id='word_1_88' title='bbox 738 1258 827 1315; x_wconf 48' lang='grc' dir='ltr'>τίνα</span> <span class='ocrx_word' id='word_1_89' title='bbox 874 1260 1048 1322; x_wconf 62' lang='grc' dir='ltr'>οὕτως</span> <span class='ocrx_word' id='word_1_90' title='bbox 1098 1259 1255 1333; x_wconf 77' lang='grc' dir='ltr'>εἷ’πω,</span> <span class='ocrx_word' id='word_1_91' title='bbox 1307 1263 1405 1331; x_wconf 82' lang='grc' dir='ltr'>τὴν</span> <span class='ocrx_word' id='word_1_92' title='bbox 1456 1264 1733 1335; x_wconf 78' lang='grc' dir='ltr'>περιττὴν,</span> <span class='ocrx_word' id='word_1_93' title='bbox 1788 1260 1982 1340; x_wconf 75' lang='grc' dir='ltr'>ἄσοφοι</span> 
     </span>
    </p>
   </div>
   <div class='ocr_carea' id='block_1_15' title="bbox 326 1350 1984 1426">
    <p class='ocr_par' dir='ltr' id='par_1_15' title="bbox 326 1350 1984 1426">
     <span class='ocr_line' id='line_1_15' title="bbox 326 1350 1984 1426; baseline -0.001 -20"><span class='ocrx_word' id='word_1_94' title='bbox 326 1352 420 1406; x_wconf 85' lang='grc' dir='ltr'>καὶ</span> <span class='ocrx_word' id='word_1_95' title='bbox 470 1350 718 1405; x_wconf 88' lang='grc' dir='ltr'>ἀσύνετοι</span> <span class='ocrx_word' id='word_1_96' title='bbox 748 1351 881 1421; x_wconf 90' lang='grc'>(81).</span> <span class='ocrx_word' id='word_1_97' title='bbox 931 1351 1204 1404; x_wconf 73' lang='grc' dir='ltr'>Ἐντεῦθεν</span> <span class='ocrx_word' id='word_1_98' title='bbox 1255 1351 1309 1405; x_wconf 75' lang='grc' dir='ltr'>οἱ</span> <span class='ocrx_word' id='word_1_99' title='bbox 1362 1350 1457 1423; x_wconf 74' lang='grc' dir='ltr'>μὲν</span> <span class='ocrx_word' id='word_1_100' title='bbox 1510 1353 1621 1424; x_wconf 90' lang='lat'>(82)</span> <span class='ocrx_word' id='word_1_101' title='bbox 1668 1351 1844 1426; x_wconf 87' lang='grc' dir='ltr'>τύχην</span> <span class='ocrx_word' id='word_1_102' title='bbox 1894 1352 1984 1406; x_wconf 86' lang='grc' dir='ltr'>καὶ</span> 
     </span>
    </p>
   </div>
   <div class='ocr_carea' id='block_1_16' title="bbox 326 1432 1985 1513">
    <p class='ocr_par' dir='ltr' id='par_1_16' title="bbox 326 1432 1985 1513">
     <span class='ocr_line' id='line_1_16' title="bbox 326 1432 1985 1513; baseline -0.001 -18"><span class='ocrx_word' id='word_1_103' title='bbox 326 1441 392 1495; x_wconf 82' lang='grc' dir='ltr'>τὸ</span> <span class='ocrx_word' id='word_1_104' title='bbox 439 1438 742 1511; x_wconf 78' lang='grc' dir='ltr'>αὐτόματον</span> <span class='ocrx_word' id='word_1_105' title='bbox 794 1435 1176 1512; x_wconf 82' lang='grc' dir='ltr'>ἐδογμάτισαν,</span> <span class='ocrx_word' id='word_1_106' title='bbox 1226 1432 1396 1500; x_wconf 74' lang='grc' dir='ltr'>ὄντως</span> <span class='ocrx_word' id='word_1_107' title='bbox 1446 1438 1725 1513; x_wconf 85' lang='grc' dir='ltr'>αὐτόματα</span> <span class='ocrx_word' id='word_1_108' title='bbox 1774 1439 1863 1494; x_wconf 79' lang='grc' dir='ltr'>καὶ</span> <span class='ocrx_word' id='word_1_109' title='bbox 1912 1439 1985 1501; x_wconf 84' lang='grc' dir='ltr'>ὡς</span> 
     </span>
    </p>
   </div>
   <div class='ocr_carea' id='block_1_17' title="bbox 329 1525 1985 1605">
    <p class='ocr_par' dir='ltr' id='par_1_17' title="bbox 329 1525 1985 1605">
     <span class='ocr_line' id='line_1_17' title="bbox 329 1525 1985 1605; baseline -0.002 -20"><span class='ocrx_word' id='word_1_110' title='bbox 329 1526 521 1604; x_wconf 71' lang='grc' dir='ltr'>ἔτυχεν</span> <span class='ocrx_word' id='word_1_111' title='bbox 554 1525 961 1582; x_wconf 78' lang='grc' dir='ltr'>ἀναπλασθὲντα</span> <span class='ocrx_word' id='word_1_112' title='bbox 1010 1526 1373 1599; x_wconf 67' lang='grc' dir='ltr'>ἐπινοήματω</span> <span class='ocrx_word' id='word_1_113' title='bbox 1428 1529 1479 1582; x_wconf 77' lang='grc' dir='ltr'>οἱ</span> <span class='ocrx_word' id='word_1_114' title='bbox 1529 1526 1586 1583; x_wconf 67' lang='grc' dir='ltr'>δὲ</span> <span class='ocrx_word' id='word_1_115' title='bbox 1635 1527 1870 1605; x_wconf 73' lang='grc' dir='ltr'>ἀστέρων</span> <span class='ocrx_word' id='word_1_116' title='bbox 1901 1550 1985 1584; x_wconf 92' lang='grc' dir='ltr'>τι-</span> 
     </span>
    </p>
   </div>
   <div class='ocr_carea' id='block_1_18' title="bbox 328 1613 1984 1690">
    <p class='ocr_par' dir='ltr' id='par_1_18' title="bbox 328 1613 1984 1690">
     <span class='ocr_line' id='line_1_18' title="bbox 328 1613 1984 1690; baseline 0.001 -19"><span class='ocrx_word' id='word_1_117' title='bbox 328 1618 389 1671; x_wconf 74' lang='grc' dir='ltr'>νὰ</span> <span class='ocrx_word' id='word_1_118' title='bbox 421 1615 722 1671; x_wconf 76' lang='grc' dir='ltr'>δυναστείαν</span> <span class='ocrx_word' id='word_1_119' title='bbox 766 1613 973 1690; x_wconf 82' lang='grc' dir='ltr'>ἄλογόν</span> <span class='ocrx_word' id='word_1_120' title='bbox 1025 1636 1082 1671; x_wconf 86' lang='grc' dir='ltr'>τε</span> <span class='ocrx_word' id='word_1_121' title='bbox 1130 1616 1219 1670; x_wconf 83' lang='grc' dir='ltr'>καὶ</span> <span class='ocrx_word' id='word_1_122' title='bbox 1282 1615 1479 1672; x_wconf 80' lang='grc' dir='ltr'>ἄλυτον</span> <span class='ocrx_word' id='word_1_123' title='bbox 1527 1616 1857 1685; x_wconf 81' lang='grc' dir='ltr'>πλεκόντων,</span> <span class='ocrx_word' id='word_1_124' title='bbox 1910 1618 1984 1679; x_wconf 85' lang='grc' dir='ltr'>ὡς</span> 
     </span>
    </p>
   </div>
   <div class='ocr_carea' id='block_1_19' title="bbox 330 1703 1985 1782">
    <p class='ocr_par' dir='ltr' id='par_1_19' title="bbox 330 1703 1985 1782">
     <span class='ocr_line' id='line_1_19' title="bbox 330 1703 1985 1782; baseline 0 -21"><span class='ocrx_word' id='word_1_125' title='bbox 330 1707 389 1762; x_wconf 80' lang='grc' dir='ltr'>ἂν</span> <span class='ocrx_word' id='word_1_126' title='bbox 426 1704 731 1782; x_wconf 86' lang='grc' dir='ltr'>βούλωνται</span> <span class='ocrx_word' id='word_1_127' title='bbox 764 1706 898 1779; x_wconf 87' lang='lat'>(83),</span> <span class='ocrx_word' id='word_1_128' title='bbox 928 1705 995 1758; x_wconf 75' lang='grc' dir='ltr'>τὰ</span> <span class='ocrx_word' id='word_1_129' title='bbox 1042 1704 1304 1778; x_wconf 70' lang='grc' dir='ltr'>ἡμέτερα,</span> <span class='ocrx_word' id='word_1_130' title='bbox 1360 1703 1572 1778; x_wconf 81' lang='grc' dir='ltr'>μᾶλλον</span> <span class='ocrx_word' id='word_1_131' title='bbox 1624 1704 1681 1761; x_wconf 76' lang='grc' dir='ltr'>δὲ</span> <span class='ocrx_word' id='word_1_132' title='bbox 1727 1706 1815 1762; x_wconf 82' lang='grc' dir='ltr'>καὶ</span> <span class='ocrx_word' id='word_1_133' title='bbox 1855 1706 1985 1761; x_wconf 74' lang='grc' dir='ltr'>αὐτὸ</span> 
     </span>
    </p>
   </div>
   <div class='ocr_carea' id='block_1_20' title="bbox 328 1792 1980 1868">
    <p class='ocr_par' dir='ltr' id='par_1_20' title="bbox 328 1792 1980 1868">
     <span class='ocr_line' id='line_1_20' title="bbox 328 1792 1980 1868; baseline -0.001 -18"><span class='ocrx_word' id='word_1_134' title='bbox 328 1796 391 1850; x_wconf 82' lang='grc' dir='ltr'>τὸ</span> <span class='ocrx_word' id='word_1_135' title='bbox 420 1792 638 1849; x_wconf 69' lang='grc' dir='ltr'>πλέκειν</span> <span class='ocrx_word' id='word_1_136' title='bbox 689 1794 1211 1868; x_wconf 80' lang='grc' dir='ltr'>συνηναγκασμένων</span> <span class='ocrx_word' id='word_1_137' title='bbox 1241 1815 1252 1828; x_wconf 93' lang='grc'><strong>·</strong></span> <span class='ocrx_word' id='word_1_138' title='bbox 1303 1794 1392 1848; x_wconf 82' lang='grc' dir='ltr'>καὶ</span> <span class='ocrx_word' id='word_1_139' title='bbox 1436 1796 1728 1865; x_wconf 80' lang='grc' dir='ltr'>πλανητῶν</span> <span class='ocrx_word' id='word_1_140' title='bbox 1784 1793 1847 1866; x_wconf 84' lang='grc' dir='ltr'>δή</span> <span class='ocrx_word' id='word_1_141' title='bbox 1900 1816 1980 1849; x_wconf 90' lang='grc' dir='ltr'>τι-</span> 
     </span>
    </p>
   </div>
   <div class='ocr_carea' id='block_1_21' title="bbox 329 1878 1977 1957">
    <p class='ocr_par' dir='ltr' id='par_1_21' title="bbox 329 1878 1977 1957">
     <span class='ocr_line' id='line_1_21' title="bbox 329 1878 1977 1957; baseline 0 -19"><span class='ocrx_word' id='word_1_142' title='bbox 329 1906 433 1939; x_wconf 90' lang='grc' dir='ltr'>νων</span> <span class='ocrx_word' id='word_1_143' title='bbox 466 1883 554 1937; x_wconf 83' lang='grc' dir='ltr'>καὶ</span> <span class='ocrx_word' id='word_1_144' title='bbox 588 1881 844 1937; x_wconf 83' lang='grc' dir='ltr'>ἀπλανῶν</span> <span class='ocrx_word' id='word_1_145' title='bbox 879 1878 1133 1943; x_wconf 83' lang='grc' dir='ltr'>συνόδους</span> <span class='ocrx_word' id='word_1_146' title='bbox 1176 1881 1266 1936; x_wconf 82' lang='grc' dir='ltr'>καὶ</span> <span class='ocrx_word' id='word_1_147' title='bbox 1305 1883 1711 1957; x_wconf 71' lang='grc' dir='ltr'>ὑποχωρήσεις,</span> <span class='ocrx_word' id='word_1_148' title='bbox 1760 1884 1850 1938; x_wconf 88' lang='grc' dir='ltr'>καὶ</span> <span class='ocrx_word' id='word_1_149' title='bbox 1883 1905 1977 1938; x_wconf 87' lang='grc' dir='ltr'>κυ-</span> 
     </span>
    </p>
   </div>
   <div class='ocr_carea' id='block_1_22' title="bbox 334 1968 1978 2047">
    <p class='ocr_par' dir='ltr' id='par_1_22' title="bbox 334 1968 1978 2047">
     <span class='ocr_line' id='line_1_22' title="bbox 334 1968 1978 2047; baseline 0 -20"><span class='ocrx_word' id='word_1_150' title='bbox 334 1972 451 2047; x_wconf 85' lang='grc' dir='ltr'>ρίαν</span> <span class='ocrx_word' id='word_1_151' title='bbox 484 1976 579 2026; x_wconf 73' lang='grc' dir='ltr'>τοῦ</span> <span class='ocrx_word' id='word_1_152' title='bbox 610 1971 808 2032; x_wconf 84' lang='grc' dir='ltr'>παντὸς</span> <span class='ocrx_word' id='word_1_153' title='bbox 836 1971 1069 2039; x_wconf 89' lang='grc' dir='ltr'>κίνησιν.</span> <span class='ocrx_word' id='word_1_154' title='bbox 1115 1971 1177 2024; x_wconf 75' lang='grc' dir='ltr'>Οἱ</span> <span class='ocrx_word' id='word_1_155' title='bbox 1229 1968 1308 2040; x_wconf 73' lang='grc' dir='ltr'>δὲ,</span> <span class='ocrx_word' id='word_1_156' title='bbox 1358 1970 1387 2025; x_wconf 79' lang='grc' dir='ltr'>ὅ</span> <span class='ocrx_word' id='word_1_157' title='bbox 1412 1993 1463 2026; x_wconf 87' lang='grc' dir='ltr'>τι</span> <span class='ocrx_word' id='word_1_158' title='bbox 1516 1971 1575 2025; x_wconf 73' lang='grc' dir='ltr'>ἃν</span> <span class='ocrx_word' id='word_1_159' title='bbox 1615 1975 1727 2045; x_wconf 82' lang='grc'>(84)</span> <span class='ocrx_word' id='word_1_160' title='bbox 1756 1970 1978 2034; x_wconf 64' lang='grc' dir='ltr'>ἕκαστος</span> 
     </span>
    </p>
   </div>
   <div class='ocr_carea' id='block_1_23' title="bbox 336 2059 1982 2139">
    <p class='ocr_par' dir='ltr' id='par_1_23' title="bbox 336 2059 1982 2139">
     <span class='ocr_line' id='line_1_23' title="bbox 336 2059 1982 2139; baseline -0.001 -22"><span class='ocrx_word' id='word_1_161' title='bbox 336 2061 762 2139; x_wconf 76' lang='grc' dir='ltr'>ἐφαντάσθησαν,</span> <span class='ocrx_word' id='word_1_162' title='bbox 811 2064 890 2131; x_wconf 83' lang='grc' dir='ltr'>τῷ</span> <span class='ocrx_word' id='word_1_163' title='bbox 948 2059 1286 2134; x_wconf 84' lang='grc' dir='ltr'>ταλαιπώρῳ</span> <span class='ocrx_word' id='word_1_164' title='bbox 1342 2060 1482 2134; x_wconf 80' lang='grc' dir='ltr'>γένει</span> <span class='ocrx_word' id='word_1_165' title='bbox 1531 2064 1639 2114; x_wconf 79' lang='grc' dir='ltr'>τῶν</span> <span class='ocrx_word' id='word_1_166' title='bbox 1688 2062 1982 2137; x_wconf 76' lang='grc' dir='ltr'>ἀνθρώπων</span> 
     </span>
    </p>
   </div>
   <div class='ocr_carea' id='block_1_24' title="bbox 334 2146 1982 2228">
    <p class='ocr_par' dir='ltr' id='par_1_24' title="bbox 334 2146 1982 2228">
     <span class='ocr_line' id='line_1_24' title="bbox 334 2146 1982 2228; baseline 0 -24"><span class='ocrx_word' id='word_1_167' title='bbox 334 2150 608 2228; x_wconf 78' lang='grc' dir='ltr'>φέροντες,</span> <span class='ocrx_word' id='word_1_168' title='bbox 637 2147 1024 2223; x_wconf 77' lang='grc' dir='ltr'>ἐπεισήγαγον,</span> <span class='ocrx_word' id='word_1_169' title='bbox 1056 2146 1179 2202; x_wconf 73' lang='grc' dir='ltr'>ὅσον</span> <span class='ocrx_word' id='word_1_170' title='bbox 1211 2148 1392 2209; x_wconf 77' lang='grc' dir='ltr'>αὐτοῖς</span> <span class='ocrx_word' id='word_1_171' title='bbox 1571 2156 1671 2218; x_wconf 85' lang='grc' dir='ltr'>τῆς</span> <span class='ocrx_word' id='word_1_172' title='bbox 1721 2151 1982 2225; x_wconf 83' lang='grc' dir='ltr'>Προνοίας</span> 
     </span>
    </p>
   </div>
   <div class='ocr_carea' id='block_1_25' title="bbox 335 2233 1982 2317">
    <p class='ocr_par' dir='ltr' id='par_1_25' title="bbox 335 2233 1982 2317">
     <span class='ocr_line' id='line_1_25' title="bbox 335 2233 1982 2317; baseline -0.001 -23"><span class='ocrx_word' id='word_1_173' title='bbox 335 2238 615 2317; x_wconf 73' lang='grc' dir='ltr'>ἀνέφικτόν</span> <span class='ocrx_word' id='word_1_174' title='bbox 645 2259 704 2293; x_wconf 89' lang='grc' dir='ltr'>τε</span> <span class='ocrx_word' id='word_1_175' title='bbox 732 2236 821 2292; x_wconf 87' lang='grc' dir='ltr'>καὶ</span> <span class='ocrx_word' id='word_1_176' title='bbox 854 2237 1189 2313; x_wconf 76' lang='grc' dir='ltr'>ἀθεώρητον,</span> <span class='ocrx_word' id='word_1_177' title='bbox 1242 2237 1317 2299; x_wconf 80' lang='grc' dir='ltr'>εἷς</span> <span class='ocrx_word' id='word_1_178' title='bbox 1370 2233 1661 2315; x_wconf 71' lang='grc' dir='ltr'>διαφόρους</span> <span class='ocrx_word' id='word_1_179' title='bbox 1711 2235 1865 2310; x_wconf 79' lang='grc' dir='ltr'>δόξας</span> <span class='ocrx_word' id='word_1_180' title='bbox 1892 2239 1982 2293; x_wconf 77' lang='grc' dir='ltr'>καὶ</span> 
     </span>
    </p>
   </div>
   <div class='ocr_carea' id='block_1_26' title="bbox 331 2323 1985 2405">
    <p class='ocr_par' dir='ltr' id='par_1_26' title="bbox 331 2323 1985 2405">
     <span class='ocr_line' id='line_1_26' title="bbox 331 2323 1985 2405; baseline -0.001 -21"><span class='ocrx_word' id='word_1_181' title='bbox 331 2325 701 2405; x_wconf 77' lang='grc' dir='ltr'>προσηγορίας</span> <span class='ocrx_word' id='word_1_182' title='bbox 750 2324 1221 2398; x_wconf 82' lang='grc' dir='ltr'>καταμερίσαντες.</span> <span class='ocrx_word' id='word_1_183' title='bbox 1254 2325 1375 2380; x_wconf 72' lang='grc' dir='ltr'>Εἷσὶ</span> <span class='ocrx_word' id='word_1_184' title='bbox 1433 2323 1491 2381; x_wconf 75' lang='grc' dir='ltr'>δὲ</span> <span class='ocrx_word' id='word_1_185' title='bbox 1551 2326 1603 2381; x_wconf 79' lang='grc' dir='ltr'>οἳ</span> <span class='ocrx_word' id='word_1_186' title='bbox 1657 2327 1744 2381; x_wconf 73' lang='grc' dir='ltr'>καὶ</span> <span class='ocrx_word' id='word_1_187' title='bbox 1804 2328 1985 2382; x_wconf 89' lang='grc' dir='ltr'>πενίαν</span> 
     </span>
    </p>
   </div>
   <div class='ocr_carea' id='block_1_27' title="bbox 334 2415 1984 2490">
    <p class='ocr_par' dir='ltr' id='par_1_27' title="bbox 334 2415 1984 2490">
     <span class='ocr_line' id='line_1_27' title="bbox 334 2415 1984 2490; baseline 0 -18"><span class='ocrx_word' id='word_1_188' title='bbox 334 2415 554 2485; x_wconf 76' lang='grc' dir='ltr'>πολλὴν</span> <span class='ocrx_word' id='word_1_189' title='bbox 595 2423 692 2485; x_wconf 80' lang='grc' dir='ltr'>τῆς</span> <span class='ocrx_word' id='word_1_190' title='bbox 726 2415 992 2490; x_wconf 89' lang='grc' dir='ltr'>Προνοίας</span> <span class='ocrx_word' id='word_1_191' title='bbox 1034 2415 1400 2489; x_wconf 72' lang='grc' dir='ltr'>κατὲγνωσαν,</span> <span class='ocrx_word' id='word_1_192' title='bbox 1431 2415 1498 2470; x_wconf 69' lang='grc' dir='ltr'>τὰ</span> <span class='ocrx_word' id='word_1_193' title='bbox 1543 2416 1638 2488; x_wconf 71' lang='grc' dir='ltr'>μὲν</span> <span class='ocrx_word' id='word_1_194' title='bbox 1671 2416 1803 2489; x_wconf 69' lang='grc' dir='ltr'>ὑπὲρ</span> <span class='ocrx_word' id='word_1_195' title='bbox 1836 2420 1984 2489; x_wconf 81' lang='grc' dir='ltr'>ἡμᾶς</span> 
     </span>
    </p>
   </div>
   <div class='ocr_carea' id='block_1_28' title="bbox 330 2500 1986 2579">
    <p class='ocr_par' dir='ltr' id='par_1_28' title="bbox 330 2500 1986 2579">
     <span class='ocr_line' id='line_1_28' title="bbox 330 2500 1986 2579; baseline -0.001 -19"><span class='ocrx_word' id='word_1_196' title='bbox 330 2505 501 2579; x_wconf 82' lang='grc' dir='ltr'>ταύτῃ</span> <span class='ocrx_word' id='word_1_197' title='bbox 531 2502 848 2567; x_wconf 82' lang='grc' dir='ltr'>διοικεῖσθαι</span> <span class='ocrx_word' id='word_1_198' title='bbox 890 2503 1233 2576; x_wconf 85' lang='grc' dir='ltr'>νομίσαντες,</span> <span class='ocrx_word' id='word_1_199' title='bbox 1288 2502 1418 2578; x_wconf 80' lang='grc' dir='ltr'>ἄχρι</span> <span class='ocrx_word' id='word_1_200' title='bbox 1471 2500 1514 2557; x_wconf 89' lang='grc' dir='ltr'>δ’</span> <span class='ocrx_word' id='word_1_201' title='bbox 1561 2506 1721 2577; x_wconf 79' lang='grc' dir='ltr'>ἡμῶν</span> <span class='ocrx_word' id='word_1_202' title='bbox 1760 2510 1867 2559; x_wconf 80' lang='grc' dir='ltr'>τῶν</span> <span class='ocrx_word' id='word_1_203' title='bbox 1896 2507 1986 2560; x_wconf 82' lang='grc' dir='ltr'>καὶ</span> 
     </span>
    </p>
   </div>
   <div class='ocr_carea' id='block_1_29' title="bbox 338 2591 1987 2668">
    <p class='ocr_par' dir='ltr' id='par_1_29' title="bbox 338 2591 1987 2668">
     <span class='ocr_line' id='line_1_29' title="bbox 338 2591 1987 2668; baseline 0 -20"><span class='ocrx_word' id='word_1_204' title='bbox 338 2592 574 2668; x_wconf 81' lang='grc' dir='ltr'>μάλιστα</span> <span class='ocrx_word' id='word_1_205' title='bbox 608 2591 878 2665; x_wconf 69' lang='grc' dir='ltr'>δεομένων</span> <span class='ocrx_word' id='word_1_206' title='bbox 923 2593 1174 2666; x_wconf 80' lang='grc' dir='ltr'>κατάγειν</span> <span class='ocrx_word' id='word_1_207' title='bbox 1208 2591 1374 2661; x_wconf 72' lang='grc' dir='ltr'>αὐτὴν</span> <span class='ocrx_word' id='word_1_208' title='bbox 1424 2592 1846 2665; x_wconf 82' lang='grc' dir='ltr'>ἀποκνήσαντες,</span> <span class='ocrx_word' id='word_1_209' title='bbox 1883 2593 1987 2648; x_wconf 79' lang='grc' dir='ltr'>ὥσ-</span> 
     </span>
    </p>
   </div>
   <div class='ocr_carea' id='block_1_30' title="bbox 333 2679 1986 2759">
    <p class='ocr_par' dir='ltr' id='par_1_30' title="bbox 333 2679 1986 2759">
     <span class='ocr_line' id='line_1_30' title="bbox 333 2679 1986 2759; baseline -0.001 -21"><span class='ocrx_word' id='word_1_210' title='bbox 333 2704 435 2759; x_wconf 88' lang='grc' dir='ltr'>περ</span> <span class='ocrx_word' id='word_1_211' title='bbox 491 2680 812 2753; x_wconf 83' lang='grc' dir='ltr'>δεδοικότες,</span> <span class='ocrx_word' id='word_1_212' title='bbox 862 2683 936 2753; x_wconf 77' lang='grc' dir='ltr'>μὴ</span> <span class='ocrx_word' id='word_1_213' title='bbox 984 2686 1061 2752; x_wconf 78' lang='grc' dir='ltr'>τῷ</span> <span class='ocrx_word' id='word_1_214' title='bbox 1110 2679 1365 2743; x_wconf 85' lang='grc' dir='ltr'>πλείονας</span> <span class='ocrx_word' id='word_1_215' title='bbox 1416 2684 1526 2755; x_wconf 88' lang='grc'>(86)</span> <span class='ocrx_word' id='word_1_216' title='bbox 1576 2681 1986 2757; x_wconf 79' lang='grc' dir='ltr'>εὐεργετεῖσθαι,</span> 
     </span>
    </p>
   </div>
   <div class='ocr_carea' id='block_1_31' title="bbox 337 2769 1988 2848">
    <p class='ocr_par' dir='ltr' id='par_1_31' title="bbox 337 2769 1988 2848">
     <span class='ocr_line' id='line_1_31' title="bbox 337 2769 1988 2848; baseline -0.001 -22"><span class='ocrx_word' id='word_1_217' title='bbox 337 2772 681 2848; x_wconf 83' lang='grc' dir='ltr'>ἀγαθώτερον</span> <span class='ocrx_word' id='word_1_218' title='bbox 723 2770 1045 2847; x_wconf 73' lang='grc' dir='ltr'>ἀποφήνωσι</span> <span class='ocrx_word' id='word_1_219' title='bbox 1090 2770 1180 2823; x_wconf 84' lang='grc' dir='ltr'>τὸν</span> <span class='ocrx_word' id='word_1_220' title='bbox 1233 2769 1550 2845; x_wconf 73' lang='grc' dir='ltr'>εὐεργέτην,</span> <span class='ocrx_word' id='word_1_221' title='bbox 1598 2770 1633 2839; x_wconf 72' lang='grc' dir='ltr'>ἢ</span> <span class='ocrx_word' id='word_1_222' title='bbox 1681 2770 1988 2844; x_wconf 85' lang='grc' dir='ltr'>ἀποκάμνοι</span> 
     </span>
    </p>
   </div>
   <div class='ocr_carea' id='block_1_32' title="bbox 340 2856 1474 2933">
    <p class='ocr_par' dir='ltr' id='par_1_32' title="bbox 340 2856 1474 2933">
     <span class='ocr_line' id='line_1_32' title="bbox 340 2856 1474 2933; baseline -0.001 -17"><span class='ocrx_word' id='word_1_223' title='bbox 340 2862 526 2923; x_wconf 73' lang='grc' dir='ltr'>αὐτοῖς</span> <span class='ocrx_word' id='word_1_224' title='bbox 560 2862 672 2933; x_wconf 85' lang='grc'>(87)</span> <span class='ocrx_word' id='word_1_225' title='bbox 704 2861 730 2914; x_wconf 86' lang='grc' dir='ltr'>ὁ</span> <span class='ocrx_word' id='word_1_226' title='bbox 758 2860 888 2920; x_wconf 84' lang='grc' dir='ltr'>Θεὸς</span> <span class='ocrx_word' id='word_1_227' title='bbox 915 2859 970 2913; x_wconf 81' lang='grc' dir='ltr'>εὗ</span> <span class='ocrx_word' id='word_1_228' title='bbox 1000 2863 1171 2913; x_wconf 80' lang='grc' dir='ltr'>ποιῶν</span> <span class='ocrx_word' id='word_1_229' title='bbox 1203 2856 1474 2921; x_wconf 85' lang='grc' dir='ltr'>πλείονας.</span> 
     </span>
    </p>
   </div>
   <div class='ocr_carea' id='block_1_33' title="bbox 2093 554 3743 628">
    <p class='ocr_par' dir='ltr' id='par_1_33' title="bbox 2093 554 3743 628">
     <span class='ocr_line' id='line_1_33' title="bbox 2093 554 3743 628; baseline -0.001 -17"><span class='ocrx_word' id='word_1_230' title='bbox 2093 556 2379 628; x_wconf 79' lang='lat' dir='ltr'>vertigine</span> <span class='ocrx_word' id='word_1_231' title='bbox 2428 554 2678 628; x_wconf 80' lang='lat' dir='ltr'>correpti</span> <span class='ocrx_word' id='word_1_232' title='bbox 2732 554 2974 621; x_wconf 66' lang='lat' dir='ltr'>haerent,</span> <span class='ocrx_word' id='word_1_233' title='bbox 3010 571 3144 610; x_wconf 90' lang='lat' dir='ltr'>cum</span> <span class='ocrx_word' id='word_1_234' title='bbox 3185 559 3420 610; x_wconf 82' lang='lat' dir='ltr'>econtra</span> <span class='ocrx_word' id='word_1_235' title='bbox 3450 560 3743 626; x_wconf 88' lang='lat' dir='ltr'>oporteret</span> 
     </span>
    </p>
   </div>
   <div class='ocr_carea' id='block_1_34' title="bbox 2094 643 3744 715">
    <p class='ocr_par' dir='ltr' id='par_1_34' title="bbox 2094 643 3744 715">
     <span class='ocr_line' id='line_1_34' title="bbox 2094 643 3744 715; baseline 0 -16"><span class='ocrx_word' id='word_1_236' title='bbox 2094 660 2214 708; x_wconf 90' lang='lat' dir='ltr'>eos,</span> <span class='ocrx_word' id='word_1_237' title='bbox 2246 643 2332 698; x_wconf 88' lang='lat' dir='ltr'>vel</span> <span class='ocrx_word' id='word_1_238' title='bbox 2366 644 2424 698; x_wconf 89' lang='lat' dir='ltr'>in</span> <span class='ocrx_word' id='word_1_239' title='bbox 2458 644 2788 715; x_wconf 74' lang='lat' dir='ltr'>indaganda</span> <span class='ocrx_word' id='word_1_240' title='bbox 2838 643 3059 698; x_wconf 83' lang='lat' dir='ltr'>ratione</span> <span class='ocrx_word' id='word_1_241' title='bbox 3097 643 3383 713; x_wconf 83' lang='lat' dir='ltr'>laborare,</span> <span class='ocrx_word' id='word_1_242' title='bbox 3416 652 3475 697; x_wconf 86' lang='lat' dir='ltr'>ut</span> <span class='ocrx_word' id='word_1_243' title='bbox 3508 660 3646 698; x_wconf 89' lang='lat' dir='ltr'>cura</span> <span class='ocrx_word' id='word_1_244' title='bbox 3679 660 3744 699; x_wconf 87' lang='lat' dir='ltr'>ao</span> 
     </span>
    </p>
   </div>
   <div class='ocr_carea' id='block_1_35' title="bbox 2097 731 3745 803">
    <p class='ocr_par' dir='ltr' id='par_1_35' title="bbox 2097 731 3745 803">
     <span class='ocr_line' id='line_1_35' title="bbox 2097 731 3745 803; baseline 0.001 -17"><span class='ocrx_word' id='word_1_245' title='bbox 2097 733 2405 803; x_wconf 85' lang='lat' dir='ltr'>diligentia</span> <span class='ocrx_word' id='word_1_246' title='bbox 2434 733 2735 787; x_wconf 76' lang='lat' dir='ltr'>veritatem</span> <span class='ocrx_word' id='word_1_247' title='bbox 2768 732 3014 787; x_wconf 78' lang='lat' dir='ltr'>fortasse</span> <span class='ocrx_word' id='word_1_248' title='bbox 3036 732 3314 802; x_wconf 88' lang='lat' dir='ltr'>consequi</span> <span class='ocrx_word' id='word_1_249' title='bbox 3348 731 3577 802; x_wconf 81' lang='lat' dir='ltr'>possint</span> <span class='ocrx_word' id='word_1_250' title='bbox 3610 749 3622 785; x_wconf 91' lang='lat'><strong>:</strong></span> <span class='ocrx_word' id='word_1_251' title='bbox 3657 732 3745 787; x_wconf 86' lang='lat' dir='ltr'>vel</span> 
     </span>
    </p>
   </div>
   <div class='ocr_carea' id='block_1_36' title="bbox 2107 819 3749 892">
    <p class='ocr_par' dir='ltr' id='par_1_36' title="bbox 2107 819 3749 892">
     <span class='ocr_line' id='line_1_36' title="bbox 2107 819 3749 892; baseline 0.001 -18"><span class='ocrx_word' id='word_1_252' title='bbox 2107 820 2176 875; x_wconf 90' lang='lat' dir='ltr'>de</span> <span class='ocrx_word' id='word_1_253' title='bbox 2195 820 2286 877; x_wconf 88' lang='lat' dir='ltr'>bis</span> <span class='ocrx_word' id='word_1_254' title='bbox 2310 821 2482 875; x_wconf 84' lang='lat' dir='ltr'>rebus</span> <span class='ocrx_word' id='word_1_255' title='bbox 2505 820 2890 891; x_wconf 74' lang='lat' dir='ltr'>sapientiores</span> <span class='ocrx_word' id='word_1_256' title='bbox 2909 824 3066 875; x_wconf 89' lang='lat' dir='ltr'>viros</span> <span class='ocrx_word' id='word_1_257' title='bbox 3086 821 3386 892; x_wconf 84' lang='lat' dir='ltr'>magisque</span> <span class='ocrx_word' id='word_1_258' title='bbox 3408 819 3749 889; x_wconf 84' lang='lat' dir='ltr'>spirituales</span> 
     </span>
    </p>
   </div>
   <div class='ocr_carea' id='block_1_37' title="bbox 2092 908 3742 980">
    <p class='ocr_par' dir='ltr' id='par_1_37' title="bbox 2092 908 3742 980">
     <span class='ocr_line' id='line_1_37' title="bbox 2092 908 3742 980; baseline 0.001 -17"><span class='ocrx_word' id='word_1_259' title='bbox 2092 909 2420 975; x_wconf 86' lang='lat' dir='ltr'>consulere,</span> <span class='ocrx_word' id='word_1_260' title='bbox 2446 909 2922 980; x_wconf 86' lang='lat' dir='ltr'>quandoquidem</span> <span class='ocrx_word' id='word_1_261' title='bbox 2956 909 3011 963; x_wconf 92' lang='lat' dir='ltr'>id</span> <span class='ocrx_word' id='word_1_262' title='bbox 3046 925 3278 980; x_wconf 87' lang='lat' dir='ltr'>quoque</span> <span class='ocrx_word' id='word_1_263' title='bbox 3308 908 3459 963; x_wconf 88' lang='lat' dir='ltr'>inter</span> <span class='ocrx_word' id='word_1_264' title='bbox 3489 909 3742 980; x_wconf 87' lang='lat' dir='ltr'>Spiritus</span> 
     </span>
    </p>
   </div>
   <div class='ocr_carea' id='block_1_38' title="bbox 2092 996 3739 1066">
    <p class='ocr_par' dir='ltr' id='par_1_38' title="bbox 2092 996 3739 1066">
     <span class='ocr_line' id='line_1_38' title="bbox 2092 996 3739 1066; baseline 0.001 -15"><span class='ocrx_word' id='word_1_265' title='bbox 2092 998 2245 1052; x_wconf 89' lang='lat' dir='ltr'>dona</span> <span class='ocrx_word' id='word_1_266' title='bbox 2279 1002 2641 1066; x_wconf 88' lang='lat' dir='ltr'>numeratur,</span> <span class='ocrx_word' id='word_1_267' title='bbox 2661 1014 2766 1051; x_wconf 89' lang='lat' dir='ltr'>nec</span> <span class='ocrx_word' id='word_1_268' title='bbox 2791 997 3056 1051; x_wconf 86' lang='lat' dir='ltr'>omnium</span> <span class='ocrx_word' id='word_1_269' title='bbox 3083 1001 3172 1051; x_wconf 90' lang='lat' dir='ltr'>est</span> <span class='ocrx_word' id='word_1_270' title='bbox 3194 996 3438 1051; x_wconf 87' lang='lat' dir='ltr'>scientia</span> <span class='ocrx_word' id='word_1_271' title='bbox 3465 1012 3475 1049; x_wconf 91' lang='lat'><strong>:</strong></span> <span class='ocrx_word' id='word_1_272' title='bbox 3502 996 3591 1052; x_wconf 90' lang='lat' dir='ltr'>vel</span> <span class='ocrx_word' id='word_1_273' title='bbox 3612 1014 3739 1052; x_wconf 88' lang='lat' dir='ltr'>eam</span> 
     </span>
    </p>
   </div>
   <div class='ocr_carea' id='block_1_39' title="bbox 2097 1086 3746 1157">
    <p class='ocr_par' dir='ltr' id='par_1_39' title="bbox 2097 1086 3746 1157">
     <span class='ocr_line' id='line_1_39' title="bbox 2097 1086 3746 1157; baseline 0 -16"><span class='ocrx_word' id='word_1_274' title='bbox 2097 1087 2345 1157; x_wconf 88' lang='lat' dir='ltr'>denique</span> <span class='ocrx_word' id='word_1_275' title='bbox 2374 1102 2475 1157; x_wconf 89' lang='lat' dir='ltr'>per</span> <span class='ocrx_word' id='word_1_276' title='bbox 2520 1088 2649 1139; x_wconf 69' lang='lat' dir='ltr'>vitae</span> <span class='ocrx_word' id='word_1_277' title='bbox 2706 1086 3113 1156; x_wconf 80' lang='lat' dir='ltr'>purgationem</span> <span class='ocrx_word' id='word_1_278' title='bbox 3164 1086 3467 1156; x_wconf 84' lang='lat' dir='ltr'>aucupari,</span> <span class='ocrx_word' id='word_1_279' title='bbox 3508 1090 3681 1157; x_wconf 87' lang='lat' dir='ltr'>atque</span> <span class='ocrx_word' id='word_1_280' title='bbox 3714 1104 3746 1141; x_wconf 90' lang='lat' dir='ltr'>a</span> 
     </span>
    </p>
   </div>
   <div class='ocr_carea' id='block_1_40' title="bbox 2091 1173 3741 1246">
    <p class='ocr_par' dir='ltr' id='par_1_40' title="bbox 2091 1173 3741 1246">
     <span class='ocr_line' id='line_1_40' title="bbox 2091 1173 3741 1246; baseline 0 -16"><span class='ocrx_word' id='word_1_281' title='bbox 2091 1192 2227 1230; x_wconf 89' lang='lat' dir='ltr'>vera</span> <span class='ocrx_word' id='word_1_282' title='bbox 2257 1174 2553 1246; x_wconf 86' lang='lat' dir='ltr'>Sapientia</span> <span class='ocrx_word' id='word_1_283' title='bbox 2604 1173 2954 1245; x_wconf 88' lang='lat' dir='ltr'>sapientiam</span> <span class='ocrx_word' id='word_1_284' title='bbox 3000 1173 3316 1244; x_wconf 87' lang='lat' dir='ltr'>postulare.</span> <span class='ocrx_word' id='word_1_285' title='bbox 3369 1174 3469 1229; x_wconf 89' lang='lat' dir='ltr'>Isti</span> <span class='ocrx_word' id='word_1_286' title='bbox 3517 1190 3649 1230; x_wconf 87' lang='lat' dir='ltr'>vero</span> <span class='ocrx_word' id='word_1_287' title='bbox 3685 1175 3741 1244; x_wconf 88' lang='grc' dir='ltr'>(ο</span> 
     </span>
    </p>
   </div>
   <div class='ocr_carea' id='block_1_41' title="bbox 2094 1261 3749 1334">
    <p class='ocr_par' dir='ltr' id='par_1_41' title="bbox 2094 1261 3749 1334">
     <span class='ocr_line' id='line_1_41' title="bbox 2094 1261 3749 1334; baseline -0.001 -16"><span class='ocrx_word' id='word_1_288' title='bbox 2094 1265 2303 1319; x_wconf 89' lang='lat' dir='ltr'>miram</span> <span class='ocrx_word' id='word_1_289' title='bbox 2338 1263 2650 1319; x_wconf 72' lang='lat' dir='ltr'>stultitiam</span> <span class='ocrx_word' id='word_1_290' title='bbox 2689 1281 2700 1317; x_wconf 89' lang='lat'><strong>:</strong></span> <span class='ocrx_word' id='word_1_291' title='bbox 2738 1263 2853 1334; x_wconf 90' lang='lat' dir='ltr'>)ad</span> <span class='ocrx_word' id='word_1_292' title='bbox 2888 1262 2943 1316; x_wconf 92' lang='lat' dir='ltr'>id</span> <span class='ocrx_word' id='word_1_293' title='bbox 2978 1263 3131 1333; x_wconf 89' lang='lat' dir='ltr'>quod</span> <span class='ocrx_word' id='word_1_294' title='bbox 3168 1261 3426 1331; x_wconf 86' lang='lat' dir='ltr'>paratius</span> <span class='ocrx_word' id='word_1_295' title='bbox 3458 1268 3513 1317; x_wconf 89' lang='lat' dir='ltr'>et</span> <span class='ocrx_word' id='word_1_296' title='bbox 3545 1263 3749 1334; x_wconf 86' lang='lat' dir='ltr'>procli-</span> 
     </span>
    </p>
   </div>
   <div class='ocr_carea' id='block_1_42' title="bbox 2093 1351 3749 1423">
    <p class='ocr_par' dir='ltr' id='par_1_42' title="bbox 2093 1351 3749 1423">
     <span class='ocr_line' id='line_1_42' title="bbox 2093 1351 3749 1423; baseline -0.001 -17"><span class='ocrx_word' id='word_1_297' title='bbox 2093 1354 2225 1408; x_wconf 88' lang='lat' dir='ltr'>vius</span> <span class='ocrx_word' id='word_1_298' title='bbox 2256 1358 2364 1418; x_wconf 91' lang='lat' dir='ltr'>est,</span> <span class='ocrx_word' id='word_1_299' title='bbox 2394 1368 2454 1407; x_wconf 91' lang='lat' dir='ltr'>se</span> <span class='ocrx_word' id='word_1_300' title='bbox 2485 1351 2813 1421; x_wconf 88' lang='lat' dir='ltr'>conferunt,</span> <span class='ocrx_word' id='word_1_301' title='bbox 2838 1367 2941 1406; x_wconf 88' lang='lat' dir='ltr'>nec</span> <span class='ocrx_word' id='word_1_302' title='bbox 2965 1351 3189 1406; x_wconf 88' lang='lat' dir='ltr'>ratione</span> <span class='ocrx_word' id='word_1_303' title='bbox 3219 1352 3504 1405; x_wconf 84' lang='lat' dir='ltr'>mundum</span> <span class='ocrx_word' id='word_1_304' title='bbox 3540 1352 3749 1423; x_wconf 86' lang='lat' dir='ltr'>guber-</span> 
     </span>
    </p>
   </div>
   <div class='ocr_carea' id='block_1_43' title="bbox 2096 1439 3751 1511">
    <p class='ocr_par' dir='ltr' id='par_1_43' title="bbox 2096 1439 3751 1511">
     <span class='ocr_line' id='line_1_43' title="bbox 2096 1439 3751 1511; baseline -0.002 -14"><span class='ocrx_word' id='word_1_305' title='bbox 2096 1442 2220 1497; x_wconf 87' lang='lat' dir='ltr'>nari</span> <span class='ocrx_word' id='word_1_306' title='bbox 2254 1441 2397 1496; x_wconf 86' lang='lat' dir='ltr'>falso</span> <span class='ocrx_word' id='word_1_307' title='bbox 2428 1444 2720 1507; x_wconf 85' lang='lat' dir='ltr'>asserunt,</span> <span class='ocrx_word' id='word_1_308' title='bbox 2759 1456 2892 1494; x_wconf 89' lang='lat' dir='ltr'>cum</span> <span class='ocrx_word' id='word_1_309' title='bbox 2934 1439 3048 1511; x_wconf 90' lang='lat' dir='ltr'>ipsi</span> <span class='ocrx_word' id='word_1_310' title='bbox 3096 1440 3383 1493; x_wconf 89' lang='lat' dir='ltr'>rationem</span> <span class='ocrx_word' id='word_1_311' title='bbox 3432 1439 3751 1511; x_wconf 86' lang='lat' dir='ltr'>ignorent;</span> 
     </span>
    </p>
   </div>
   <div class='ocr_carea' id='block_1_44' title="bbox 2096 1527 3751 1602">
    <p class='ocr_par' dir='ltr' id='par_1_44' title="bbox 2096 1527 3751 1602">
     <span class='ocr_line' id='line_1_44' title="bbox 2096 1527 3751 1602; baseline -0.001 -17"><span class='ocrx_word' id='word_1_312' title='bbox 2096 1535 2272 1602; x_wconf 90' lang='lat' dir='ltr'>atque</span> <span class='ocrx_word' id='word_1_313' title='bbox 2319 1530 2400 1584; x_wconf 90' lang='lat' dir='ltr'>ita</span> <span class='ocrx_word' id='word_1_314' title='bbox 2444 1533 2682 1601; x_wconf 88' lang='lat' dir='ltr'>propter</span> <span class='ocrx_word' id='word_1_315' title='bbox 2739 1528 3032 1583; x_wconf 88' lang='lat' dir='ltr'>inscitiam</span> <span class='ocrx_word' id='word_1_316' title='bbox 3094 1527 3389 1598; x_wconf 85' lang='lat' dir='ltr'>sapientes</span> <span class='ocrx_word' id='word_1_317' title='bbox 3437 1534 3596 1596; x_wconf 82' lang='lat' dir='ltr'>sunt,</span> <span class='ocrx_word' id='word_1_318' title='bbox 3649 1532 3751 1583; x_wconf 88' lang='lat' dir='ltr'>aut</span> 
     </span>
    </p>
   </div>
   <div class='ocr_carea' id='block_1_45' title="bbox 2100 1616 3750 1690">
    <p class='ocr_par' dir='ltr' id='par_1_45' title="bbox 2100 1616 3750 1690">
     <span class='ocr_line' id='line_1_45' title="bbox 2100 1616 3750 1690; baseline -0.002 -16"><span class='ocrx_word' id='word_1_319' title='bbox 2100 1623 2338 1690; x_wconf 87' lang='lat' dir='ltr'>propter</span> <span class='ocrx_word' id='word_1_320' title='bbox 2368 1634 2856 1690; x_wconf 86' lang='lat' dir='ltr'>supervacaneam</span> <span class='ocrx_word' id='word_1_321' title='bbox 2910 1616 3283 1688; x_wconf 84' lang='lat' dir='ltr'>sapientiam,</span> <span class='ocrx_word' id='word_1_322' title='bbox 3316 1621 3381 1671; x_wconf 92' lang='lat' dir='ltr'>ut</span> <span class='ocrx_word' id='word_1_323' title='bbox 3412 1616 3494 1671; x_wconf 89' lang='lat' dir='ltr'>ita</span> <span class='ocrx_word' id='word_1_324' title='bbox 3525 1617 3750 1687; x_wconf 89' lang='lat' dir='ltr'>loquar,</span> 
     </span>
    </p>
   </div>
   <div class='ocr_carea' id='block_1_46' title="bbox 2095 1705 3749 1779">
    <p class='ocr_par' dir='ltr' id='par_1_46' title="bbox 2095 1705 3749 1779">
     <span class='ocr_line' id='line_1_46' title="bbox 2095 1705 3749 1779; baseline 0 -18"><span class='ocrx_word' id='word_1_325' title='bbox 2095 1707 2443 1779; x_wconf 89' lang='lat' dir='ltr'>insipientes</span> <span class='ocrx_word' id='word_1_326' title='bbox 2474 1724 2540 1762; x_wconf 88' lang='lat' dir='ltr'>ac</span> <span class='ocrx_word' id='word_1_327' title='bbox 2563 1706 2784 1762; x_wconf 83' lang='lat' dir='ltr'>stolidi.</span> <span class='ocrx_word' id='word_1_328' title='bbox 2803 1705 2944 1760; x_wconf 91' lang='lat' dir='ltr'>Hinc</span> <span class='ocrx_word' id='word_1_329' title='bbox 2973 1706 3072 1760; x_wconf 87' lang='lat' dir='ltr'>alii</span> <span class='ocrx_word' id='word_1_330' title='bbox 3090 1706 3323 1775; x_wconf 87' lang='lat' dir='ltr'>quidem</span> <span class='ocrx_word' id='word_1_331' title='bbox 3349 1722 3551 1759; x_wconf 89' lang='lat' dir='ltr'>casum</span> <span class='ocrx_word' id='word_1_332' title='bbox 3576 1709 3749 1775; x_wconf 89' lang='lat' dir='ltr'>atque</span> 
     </span>
    </p>
   </div>
   <div class='ocr_carea' id='block_1_47' title="bbox 2098 1794 3746 1864">
    <p class='ocr_par' dir='ltr' id='par_1_47' title="bbox 2098 1794 3746 1864">
     <span class='ocr_line' id='line_1_47' title="bbox 2098 1794 3746 1864; baseline -0.002 -13"><span class='ocrx_word' id='word_1_333' title='bbox 2098 1798 2419 1861; x_wconf 80' lang='lat' dir='ltr'>fortunam,</span> <span class='ocrx_word' id='word_1_334' title='bbox 2457 1795 2694 1851; x_wconf 88' lang='lat' dir='ltr'>fortuito</span> <span class='ocrx_word' id='word_1_335' title='bbox 2725 1811 2866 1850; x_wconf 86' lang='lat' dir='ltr'>sane</span> <span class='ocrx_word' id='word_1_336' title='bbox 2916 1799 3247 1864; x_wconf 89' lang='lat' dir='ltr'>temereque</span> <span class='ocrx_word' id='word_1_337' title='bbox 3297 1794 3625 1860; x_wconf 85' lang='lat' dir='ltr'>conﬁctam,</span> <span class='ocrx_word' id='word_1_338' title='bbox 3658 1794 3746 1848; x_wconf 91' lang='lat' dir='ltr'>in-</span> 
     </span>
    </p>
   </div>
   <div class='ocr_carea' id='block_1_48' title="bbox 2090 1883 3747 1954">
    <p class='ocr_par' dir='ltr' id='par_1_48' title="bbox 2090 1883 3747 1954">
     <span class='ocr_line' id='line_1_48' title="bbox 2090 1883 3747 1954; baseline -0.001 -15"><span class='ocrx_word' id='word_1_339' title='bbox 2090 1885 2416 1951; x_wconf 87' lang='lat' dir='ltr'>duxerunt;</span> <span class='ocrx_word' id='word_1_340' title='bbox 2458 1884 2555 1939; x_wconf 90' lang='lat' dir='ltr'>alii</span> <span class='ocrx_word' id='word_1_341' title='bbox 2588 1884 2845 1939; x_wconf 90' lang='lat' dir='ltr'>siderum</span> <span class='ocrx_word' id='word_1_342' title='bbox 2881 1883 3272 1954; x_wconf 86' lang='lat' dir='ltr'>principatum</span> <span class='ocrx_word' id='word_1_343' title='bbox 3304 1883 3618 1954; x_wconf 90' lang='lat' dir='ltr'>quemdam</span> <span class='ocrx_word' id='word_1_344' title='bbox 3653 1900 3747 1939; x_wconf 87' lang='lat' dir='ltr'>ra-</span> 
     </span>
    </p>
   </div>
   <div class='ocr_carea' id='block_1_49' title="bbox 2090 1970 3745 2045">
    <p class='ocr_par' dir='ltr' id='par_1_49' title="bbox 2090 1970 3745 2045">
     <span class='ocr_line' id='line_1_49' title="bbox 2090 1970 3745 2045; baseline 0.001 -19"><span class='ocrx_word' id='word_1_345' title='bbox 2090 1972 2268 2028; x_wconf 86' lang='lat' dir='ltr'>tionis</span> <span class='ocrx_word' id='word_1_346' title='bbox 2298 1977 2594 2044; x_wconf 78' lang='lat' dir='ltr'>expertem</span> <span class='ocrx_word' id='word_1_347' title='bbox 2620 1978 2793 2045; x_wconf 90' lang='lat' dir='ltr'>atque</span> <span class='ocrx_word' id='word_1_348' title='bbox 2816 1972 2960 2027; x_wconf 74' lang='lat'>281</span> <span class='ocrx_word' id='word_1_349' title='bbox 2992 1970 3485 2038; x_wconf 88' lang='lat' dir='ltr'>indissolubilem,</span> <span class='ocrx_word' id='word_1_350' title='bbox 3503 1988 3627 2043; x_wconf 69' lang='lat' dir='ltr'>qua:</span> <span class='ocrx_word' id='word_1_351' title='bbox 3652 1988 3745 2028; x_wconf 89' lang='lat' dir='ltr'>res</span> 
     </span>
    </p>
   </div>
   <div class='ocr_carea' id='block_1_50' title="bbox 2093 2060 3743 2127">
    <p class='ocr_par' dir='ltr' id='par_1_50' title="bbox 2093 2060 3743 2127">
     <span class='ocr_line' id='line_1_50' title="bbox 2093 2060 3743 2127; baseline -0.001 -10"><span class='ocrx_word' id='word_1_352' title='bbox 2093 2068 2325 2117; x_wconf 87' lang='lat' dir='ltr'>nostras</span> <span class='ocrx_word' id='word_1_353' title='bbox 2348 2062 2631 2116; x_wconf 85' lang='lat' dir='ltr'>arbitratu</span> <span class='ocrx_word' id='word_1_354' title='bbox 2665 2078 2791 2127; x_wconf 91' lang='lat' dir='ltr'>suo,</span> <span class='ocrx_word' id='word_1_355' title='bbox 2811 2060 2928 2115; x_wconf 91' lang='lat' dir='ltr'>imo</span> <span class='ocrx_word' id='word_1_356' title='bbox 2952 2061 3126 2116; x_wconf 89' lang='lat' dir='ltr'>etiam</span> <span class='ocrx_word' id='word_1_357' title='bbox 3154 2061 3505 2125; x_wconf 84' lang='lat' dir='ltr'>necessario,</span> <span class='ocrx_word' id='word_1_358' title='bbox 3531 2077 3743 2116; x_wconf 75' lang='lat' dir='ltr'>conne-</span> 
     </span>
    </p>
   </div>
   <div class='ocr_carea' id='block_1_51' title="bbox 2093 2152 3746 2225">
    <p class='ocr_par' dir='ltr' id='par_1_51' title="bbox 2093 2152 3746 2225">
     <span class='ocr_line' id='line_1_51' title="bbox 2093 2152 3746 2225; baseline 0.001 -18"><span class='ocrx_word' id='word_1_359' title='bbox 2093 2157 2273 2224; x_wconf 90' lang='lat' dir='ltr'>ctant,</span> <span class='ocrx_word' id='word_1_360' title='bbox 2298 2157 2354 2209; x_wconf 91' lang='lat' dir='ltr'>et</span> <span class='ocrx_word' id='word_1_361' title='bbox 2374 2152 2695 2208; x_wconf 88' lang='lat' dir='ltr'>errantium</span> <span class='ocrx_word' id='word_1_362' title='bbox 2720 2154 3105 2225; x_wconf 87' lang='lat' dir='ltr'>quarumdam</span> <span class='ocrx_word' id='word_1_363' title='bbox 3132 2157 3303 2223; x_wconf 86' lang='lat' dir='ltr'>atque</span> <span class='ocrx_word' id='word_1_364' title='bbox 3337 2154 3581 2208; x_wconf 85' lang='lat' dir='ltr'>fixarum</span> <span class='ocrx_word' id='word_1_365' title='bbox 3608 2154 3746 2209; x_wconf 87' lang='lat' dir='ltr'>stel-</span> 
     </span>
    </p>
   </div>
   <div class='ocr_carea' id='block_1_52' title="bbox 2095 2240 3746 2314">
    <p class='ocr_par' dir='ltr' id='par_1_52' title="bbox 2095 2240 3746 2314">
     <span class='ocr_line' id='line_1_52' title="bbox 2095 2240 3746 2314; baseline 0 -18"><span class='ocrx_word' id='word_1_366' title='bbox 2095 2242 2283 2297; x_wconf 90' lang='lat' dir='ltr'>larum</span> <span class='ocrx_word' id='word_1_367' title='bbox 2317 2257 2669 2314; x_wconf 89' lang='lat' dir='ltr'>congressus</span> <span class='ocrx_word' id='word_1_368' title='bbox 2700 2246 2756 2295; x_wconf 91' lang='lat' dir='ltr'>et</span> <span class='ocrx_word' id='word_1_369' title='bbox 2777 2240 3156 2306; x_wconf 88' lang='lat' dir='ltr'>recessiones,</span> <span class='ocrx_word' id='word_1_370' title='bbox 3186 2257 3252 2296; x_wconf 88' lang='lat' dir='ltr'>ac</span> <span class='ocrx_word' id='word_1_371' title='bbox 3284 2246 3533 2311; x_wconf 89' lang='lat' dir='ltr'>motum,</span> <span class='ocrx_word' id='word_1_372' title='bbox 3557 2243 3746 2296; x_wconf 87' lang='lat' dir='ltr'>omni—</span> 
     </span>
    </p>
   </div>
   <div class='ocr_carea' id='block_1_53' title="bbox 2094 2329 3745 2402">
    <p class='ocr_par' dir='ltr' id='par_1_53' title="bbox 2094 2329 3745 2402">
     <span class='ocr_line' id='line_1_53' title="bbox 2094 2329 3745 2402; baseline 0 -16"><span class='ocrx_word' id='word_1_373' title='bbox 2094 2332 2206 2386; x_wconf 88' lang='lat' dir='ltr'>bus</span> <span class='ocrx_word' id='word_1_374' title='bbox 2241 2332 2297 2385; x_wconf 89' lang='lat' dir='ltr'>in</span> <span class='ocrx_word' id='word_1_375' title='bbox 2331 2331 2505 2385; x_wconf 87' lang='lat' dir='ltr'>rebus</span> <span class='ocrx_word' id='word_1_376' title='bbox 2529 2329 2927 2385; x_wconf 84' lang='lat' dir='ltr'>dominantem</span> <span class='ocrx_word' id='word_1_377' title='bbox 2959 2330 3401 2398; x_wconf 83' lang='lat' dir='ltr'>conﬁnxerunt;</span> <span class='ocrx_word' id='word_1_378' title='bbox 3436 2329 3556 2399; x_wconf 87' lang='lat' dir='ltr'>alii,</span> <span class='ocrx_word' id='word_1_379' title='bbox 3589 2331 3745 2402; x_wconf 92' lang='lat' dir='ltr'>quod</span> 
     </span>
    </p>
   </div>
   <div class='ocr_carea' id='block_1_54' title="bbox 2096 2417 3741 2491">
    <p class='ocr_par' dir='ltr' id='par_1_54' title="bbox 2096 2417 3741 2491">
     <span class='ocr_line' id='line_1_54' title="bbox 2096 2417 3741 2491; baseline 0 -17"><span class='ocrx_word' id='word_1_380' title='bbox 2096 2420 2348 2491; x_wconf 91' lang='lat' dir='ltr'>quisque</span> <span class='ocrx_word' id='word_1_381' title='bbox 2380 2435 2579 2474; x_wconf 92' lang='lat' dir='ltr'>secum</span> <span class='ocrx_word' id='word_1_382' title='bbox 2641 2417 3006 2489; x_wconf 82' lang='lat' dir='ltr'>excogitavit,</span> <span class='ocrx_word' id='word_1_383' title='bbox 3053 2434 3384 2474; x_wconf 72' lang='lat' dir='ltr'>aerumnosa</span> <span class='ocrx_word' id='word_1_384' title='bbox 3436 2419 3741 2474; x_wconf 90' lang='lat' dir='ltr'>hominum</span> 
     </span>
    </p>
   </div>
   <div class='ocr_carea' id='block_1_55' title="bbox 2097 2504 3744 2577">
    <p class='ocr_par' dir='ltr' id='par_1_55' title="bbox 2097 2504 3744 2577">
     <span class='ocr_line' id='line_1_55' title="bbox 2097 2504 3744 2577; baseline 0.001 -17"><span class='ocrx_word' id='word_1_385' title='bbox 2097 2506 2290 2577; x_wconf 87' lang='lat' dir='ltr'>generi</span> <span class='ocrx_word' id='word_1_386' title='bbox 2324 2506 2701 2561; x_wconf 83' lang='lat' dir='ltr'>invexerunt:</span> <span class='ocrx_word' id='word_1_387' title='bbox 2736 2504 3020 2576; x_wconf 90' lang='lat' dir='ltr'>quidquid</span> <span class='ocrx_word' id='word_1_388' title='bbox 3049 2505 3328 2560; x_wconf 88' lang='lat' dir='ltr'>nimirum</span> <span class='ocrx_word' id='word_1_389' title='bbox 3351 2522 3418 2560; x_wconf 83' lang='lat' dir='ltr'>ex</span> <span class='ocrx_word' id='word_1_390' title='bbox 3448 2506 3576 2577; x_wconf 89' lang='lat' dir='ltr'>ipsa</span> <span class='ocrx_word' id='word_1_391' title='bbox 3610 2507 3744 2562; x_wconf 84' lang='lat' dir='ltr'>Pro-</span> 
     </span>
    </p>
   </div>
   <div class='ocr_carea' id='block_1_56' title="bbox 2096 2593 3743 2666">
    <p class='ocr_par' dir='ltr' id='par_1_56' title="bbox 2096 2593 3743 2666">
     <span class='ocr_line' id='line_1_56' title="bbox 2096 2593 3743 2666; baseline 0.001 -17"><span class='ocrx_word' id='word_1_392' title='bbox 2096 2594 2355 2650; x_wconf 89' lang='lat' dir='ltr'>videntia</span> <span class='ocrx_word' id='word_1_393' title='bbox 2386 2593 2800 2665; x_wconf 89' lang='lat' dir='ltr'>comprehendi</span> <span class='ocrx_word' id='word_1_394' title='bbox 2824 2594 3200 2666; x_wconf 87' lang='lat' dir='ltr'>conspicique</span> <span class='ocrx_word' id='word_1_395' title='bbox 3218 2595 3440 2665; x_wconf 87' lang='lat' dir='ltr'>nequit,</span> <span class='ocrx_word' id='word_1_396' title='bbox 3470 2596 3527 2649; x_wconf 89' lang='lat' dir='ltr'>in</span> <span class='ocrx_word' id='word_1_397' title='bbox 3552 2596 3743 2651; x_wconf 89' lang='lat' dir='ltr'>varias</span> 
     </span>
    </p>
   </div>
   <div class='ocr_carea' id='block_1_57' title="bbox 2099 2682 3742 2757">
    <p class='ocr_par' dir='ltr' id='par_1_57' title="bbox 2099 2682 3742 2757">
     <span class='ocr_line' id='line_1_57' title="bbox 2099 2682 3742 2757; baseline -0.001 -16"><span class='ocrx_word' id='word_1_398' title='bbox 2099 2682 2718 2757; x_wconf 82' lang='lat' dir='ltr'>Opiniones,variaque</span> <span class='ocrx_word' id='word_1_399' title='bbox 2750 2682 2990 2737; x_wconf 85' lang='lat' dir='ltr'>nomina</span> <span class='ocrx_word' id='word_1_400' title='bbox 3021 2682 3367 2738; x_wconf 86' lang='lat' dir='ltr'>dividentes.</span> <span class='ocrx_word' id='word_1_401' title='bbox 3402 2683 3516 2738; x_wconf 90' lang='lat' dir='ltr'>Nec</span> <span class='ocrx_word' id='word_1_402' title='bbox 3540 2684 3742 2739; x_wconf 87' lang='lat' dir='ltr'>defue-</span> 
     </span>
    </p>
   </div>
   <div class='ocr_carea' id='block_1_58' title="bbox 2100 2770 3739 2851">
    <p class='ocr_par' dir='ltr' id='par_1_58' title="bbox 2100 2770 3739 2851">
     <span class='ocr_line' id='line_1_58' title="bbox 2100 2770 3739 2851; baseline -0.001 -23"><span class='ocrx_word' id='word_1_403' title='bbox 2100 2777 2255 2838; x_wconf 91' lang='lat' dir='ltr'>runt,</span> <span class='ocrx_word' id='word_1_404' title='bbox 2282 2772 2377 2841; x_wconf 91' lang='lat' dir='ltr'>qui</span> <span class='ocrx_word' id='word_1_405' title='bbox 2402 2788 2626 2843; x_wconf 61' lang='lat' dir='ltr'>magna;</span> <span class='ocrx_word' id='word_1_406' title='bbox 2656 2787 2883 2842; x_wconf 83' lang='lat' dir='ltr'>quoque</span> <span class='ocrx_word' id='word_1_407' title='bbox 2917 2770 3277 2842; x_wconf 87' lang='lat' dir='ltr'>paupertatis</span> <span class='ocrx_word' id='word_1_408' title='bbox 3309 2771 3739 2851; x_wconf 83' lang='lat' dir='ltr'>Providentiam</span> 
     </span>
    </p>
   </div>
   <div class='ocr_carea' id='block_1_59' title="bbox 2102 2860 3745 2932">
    <p class='ocr_par' dir='ltr' id='par_1_59' title="bbox 2102 2860 3745 2932">
     <span class='ocr_line' id='line_1_59' title="bbox 2102 2860 3745 2932; baseline -0.001 -16"><span class='ocrx_word' id='word_1_409' title='bbox 2102 2861 2644 2926; x_wconf 75' lang='lat' dir='ltr'>damnarent,.dum</span> <span class='ocrx_word' id='word_1_410' title='bbox 2678 2876 2745 2915; x_wconf 91' lang='lat' dir='ltr'>ea</span> <span class='ocrx_word' id='word_1_411' title='bbox 2776 2860 3037 2931; x_wconf 89' lang='lat' dir='ltr'>quidem,</span> <span class='ocrx_word' id='word_1_412' title='bbox 3074 2877 3203 2931; x_wconf 67' lang='lat' dir='ltr'>quae</span> <span class='ocrx_word' id='word_1_413' title='bbox 3235 2877 3413 2932; x_wconf 89' lang='lat' dir='ltr'>supra</span> <span class='ocrx_word' id='word_1_414' title='bbox 3446 2877 3551 2916; x_wconf 89' lang='lat' dir='ltr'>nos</span> <span class='ocrx_word' id='word_1_415' title='bbox 3583 2870 3745 2926; x_wconf 84' lang='lat' dir='ltr'>sunt,</span> 
     </span>
    </p>
   </div>
   <div class='ocr_carea' id='block_1_60' title="bbox 336 2948 3745 3023">
    <p class='ocr_par' dir='ltr' id='par_1_60' title="bbox 336 2948 3745 3023">
     <span class='ocr_line' id='line_1_60' title="bbox 336 2948 3745 3023; baseline -0 -16"><span class='ocrx_word' id='word_1_416' title='bbox 336 2953 412 3007; x_wconf 90' lang='lat' dir='ltr'>ab</span> <span class='ocrx_word' id='word_1_417' title='bbox 442 2952 570 3023; x_wconf 89' lang='lat' dir='ltr'>ipsa</span> <span class='ocrx_word' id='word_1_418' title='bbox 601 2950 721 3021; x_wconf 73' lang='lat' dir='ltr'>regi</span> <span class='ocrx_word' id='word_1_419' title='bbox 752 2954 927 3020; x_wconf 89' lang='lat' dir='ltr'>atque</span> <span class='ocrx_word' id='word_1_420' title='bbox 958 2950 1267 3021; x_wconf 86' lang='lat' dir='ltr'>gubernari</span> <span class='ocrx_word' id='word_1_421' title='bbox 1319 2950 1671 3019; x_wconf 73' lang='lat' dir='ltr'>iudicarunt,</span> <span class='ocrx_word' id='word_1_422' title='bbox 1706 2955 1976 3006; x_wconf 62' lang='lat' dir='ltr'>ceterum</span> <span class='ocrx_word' id='word_1_423' title='bbox 2028 2968 2155 3007; x_wconf 89' lang='lat' dir='ltr'>eam</span> <span class='ocrx_word' id='word_1_424' title='bbox 2188 2951 2259 3005; x_wconf 92' lang='lat' dir='ltr'>ad</span> <span class='ocrx_word' id='word_1_425' title='bbox 2295 2966 2400 3005; x_wconf 90' lang='lat' dir='ltr'>nos</span> <span class='ocrx_word' id='word_1_426' title='bbox 2448 2965 2656 3019; x_wconf 91' lang='lat' dir='ltr'>usque,</span> <span class='ocrx_word' id='word_1_427' title='bbox 2692 2948 2791 3020; x_wconf 92' lang='lat' dir='ltr'>qui</span> <span class='ocrx_word' id='word_1_428' title='bbox 2841 2966 2909 3004; x_wconf 90' lang='lat' dir='ltr'>ea</span> <span class='ocrx_word' id='word_1_429' title='bbox 2951 2948 3040 3003; x_wconf 88' lang='lat' dir='ltr'>vel</span> <span class='ocrx_word' id='word_1_430' title='bbox 3090 2949 3339 3003; x_wconf 84' lang='lat' dir='ltr'>maxime</span> <span class='ocrx_word' id='word_1_431' title='bbox 3388 2949 3745 3022; x_wconf 80' lang='lat' dir='ltr'>indigemus,</span> 
     </span>
    </p>
   </div>
   <div class='ocr_carea' id='block_1_61' title="bbox 336 3037 3746 3111">
    <p class='ocr_par' dir='ltr' id='par_1_61' title="bbox 336 3037 3746 3111">
     <span class='ocr_line' id='line_1_61' title="bbox 336 3037 3746 3111; baseline -0 -15"><span class='ocrx_word' id='word_1_432' title='bbox 336 3040 639 3096; x_wconf 87' lang='lat' dir='ltr'>demittere</span> <span class='ocrx_word' id='word_1_433' title='bbox 670 3039 887 3110; x_wconf 85' lang='lat' dir='ltr'>gravati</span> <span class='ocrx_word' id='word_1_434' title='bbox 921 3043 1093 3105; x_wconf 89' lang='lat' dir='ltr'>sunt;</span> <span class='ocrx_word' id='word_1_435' title='bbox 1145 3039 1384 3109; x_wconf 89' lang='lat' dir='ltr'>perinde</span> <span class='ocrx_word' id='word_1_436' title='bbox 1431 3056 1498 3093; x_wconf 87' lang='lat' dir='ltr'>ac</span> <span class='ocrx_word' id='word_1_437' title='bbox 1544 3047 1904 3103; x_wconf 89' lang='lat' dir='ltr'>vererentur,</span> <span class='ocrx_word' id='word_1_438' title='bbox 1937 3057 2030 3111; x_wconf 89' lang='lat' dir='ltr'>ne,</span> <span class='ocrx_word' id='word_1_439' title='bbox 2062 3041 2109 3095; x_wconf 87' lang='lat' dir='ltr'>si</span> <span class='ocrx_word' id='word_1_440' title='bbox 2163 3039 2359 3110; x_wconf 88' lang='lat' dir='ltr'>plures</span> <span class='ocrx_word' id='word_1_441' title='bbox 2412 3037 2710 3093; x_wconf 82' lang='lat' dir='ltr'>beneﬁciis</span> <span class='ocrx_word' id='word_1_442' title='bbox 2758 3038 3154 3104; x_wconf 85' lang='lat' dir='ltr'>afficerentur,</span> <span class='ocrx_word' id='word_1_443' title='bbox 3188 3038 3365 3094; x_wconf 90' lang='lat' dir='ltr'>nimis</span> <span class='ocrx_word' id='word_1_444' title='bbox 3415 3039 3746 3095; x_wconf 85' lang='lat' dir='ltr'>beneﬁcum</span> 
     </span>
    </p>
   </div>
   <div class='ocr_carea' id='block_1_62' title="bbox 334 3126 2925 3200">
    <p class='ocr_par' dir='ltr' id='par_1_62' title="bbox 334 3126 2925 3200">
     <span class='ocr_line' id='line_1_62' title="bbox 334 3126 2925 3200; baseline -0.002 -15"><span class='ocrx_word' id='word_1_445' title='bbox 334 3129 676 3185; x_wconf 83' lang='lat' dir='ltr'>exhiberent</span> <span class='ocrx_word' id='word_1_446' title='bbox 708 3126 1157 3194; x_wconf 83' lang='lat' dir='ltr'>henefactorem,</span> <span class='ocrx_word' id='word_1_447' title='bbox 1185 3131 1287 3182; x_wconf 89' lang='lat' dir='ltr'>aut</span> <span class='ocrx_word' id='word_1_448' title='bbox 1316 3144 1388 3182; x_wconf 90' lang='lat' dir='ltr'>ne</span> <span class='ocrx_word' id='word_1_449' title='bbox 1417 3127 1570 3184; x_wconf 90' lang='lat' dir='ltr'>Deus</span> <span class='ocrx_word' id='word_1_450' title='bbox 1603 3130 1745 3184; x_wconf 90' lang='lat' dir='ltr'>bene</span> <span class='ocrx_word' id='word_1_451' title='bbox 1776 3130 1847 3185; x_wconf 92' lang='lat' dir='ltr'>de</span> <span class='ocrx_word' id='word_1_452' title='bbox 1882 3128 2148 3200; x_wconf 91' lang='lat' dir='ltr'>pluribus</span> <span class='ocrx_word' id='word_1_453' title='bbox 2178 3127 2453 3182; x_wconf 90' lang='lat' dir='ltr'>merendo</span> <span class='ocrx_word' id='word_1_454' title='bbox 2486 3127 2925 3199; x_wconf 85' lang='lat' dir='ltr'>defatigaretur.</span> 
     </span>
    </p>
   </div>
   <div class='ocr_carea' id='block_1_63' title="bbox 413 3210 2006 3292">
    <p class='ocr_par' dir='ltr' id='par_1_63' title="bbox 413 3210 1981 3292">
     <span class='ocr_line' id='line_1_63' title="bbox 413 3210 1981 3292; baseline 0 -23"><span class='ocrx_word' id='word_1_455' title='bbox 413 3221 529 3270; x_wconf 80' lang='lat' dir='ltr'>AI&quot;.</span> <span class='ocrx_word' id='word_1_456' title='bbox 564 3212 722 3269; x_wconf 85' lang='grc' dir='ltr'>Ἀλλ’</span> <span class='ocrx_word' id='word_1_457' title='bbox 754 3214 901 3267; x_wconf 79' lang='grc' dir='ltr'>οὗτοι</span> <span class='ocrx_word' id='word_1_458' title='bbox 956 3213 1071 3286; x_wconf 69' lang='grc' dir='ltr'>μὲν,</span> <span class='ocrx_word' id='word_1_459' title='bbox 1124 3210 1256 3288; x_wconf 75' lang='grc' dir='ltr'>ὅπερ</span> <span class='ocrx_word' id='word_1_460' title='bbox 1306 3213 1477 3285; x_wconf 78' lang='grc' dir='ltr'>εἶπον,</span> <span class='ocrx_word' id='word_1_461' title='bbox 1527 3212 1816 3292; x_wconf 73' lang='grc' dir='ltr'>ἐῤῥίφθων,</span> <span class='ocrx_word' id='word_1_462' title='bbox 1867 3215 1981 3269; x_wconf 78' lang='grc' dir='ltr'>ἐπεὶ</span> 
     </span>
    </p>
   </div>
   <div class='ocr_carea' id='block_1_64' title="bbox 2105 3210 3741 3292">
    <p class='ocr_par' dir='ltr' id='par_1_64' title="bbox 2165 3214 3741 3286">
     <span class='ocr_line' id='line_1_64' title="bbox 2165 3214 3741 3286; baseline 0.001 -15"><span class='ocrx_word' id='word_1_463' title='bbox 2165 3216 2406 3271; x_wconf 82' lang='lat' dir='ltr'>XXXIII.</span> <span class='ocrx_word' id='word_1_464' title='bbox 2454 3216 2663 3271; x_wconf 87' lang='lat' dir='ltr'>Verum</span> <span class='ocrx_word' id='word_1_465' title='bbox 2716 3215 2844 3279; x_wconf 87' lang='lat' dir='ltr'>hos,</span> <span class='ocrx_word' id='word_1_466' title='bbox 2898 3219 2963 3270; x_wconf 93' lang='lat' dir='ltr'>ut</span> <span class='ocrx_word' id='word_1_467' title='bbox 3013 3215 3151 3281; x_wconf 84' lang='lat' dir='ltr'>dixi,</span> <span class='ocrx_word' id='word_1_468' title='bbox 3200 3214 3393 3271; x_wconf 86' lang='lat' dir='ltr'>valere</span> <span class='ocrx_word' id='word_1_469' title='bbox 3450 3217 3741 3286; x_wconf 86' lang='lat' dir='ltr'>sinamus,</span> 
     </span>
    </p>
   </div>
   <div class='ocr_carea' id='block_1_65' title="bbox 336 3296 1985 3378">
    <p class='ocr_par' dir='ltr' id='par_1_65' title="bbox 336 3296 1985 3378">
     <span class='ocr_line' id='line_1_65' title="bbox 336 3296 1985 3378; baseline 0 -20"><span class='ocrx_word' id='word_1_470' title='bbox 336 3303 426 3359; x_wconf 73' lang='grc' dir='ltr'>καὶ</span> <span class='ocrx_word' id='word_1_471' title='bbox 459 3301 643 3364; x_wconf 78' lang='grc' dir='ltr'>καλῶς</span> <span class='ocrx_word' id='word_1_472' title='bbox 674 3301 868 3362; x_wconf 73' lang='grc' dir='ltr'>αὐτοὺς</span> <span class='ocrx_word' id='word_1_473' title='bbox 918 3296 1214 3376; x_wconf 74' lang='grc' dir='ltr'>προλαϐὼν</span> <span class='ocrx_word' id='word_1_474' title='bbox 1246 3302 1273 3355; x_wconf 90' lang='grc' dir='ltr'>ὁ</span> <span class='ocrx_word' id='word_1_475' title='bbox 1306 3299 1471 3376; x_wconf 84' lang='grc' dir='ltr'>λόγος</span> <span class='ocrx_word' id='word_1_476' title='bbox 1519 3302 1786 3375; x_wconf 79' lang='grc' dir='ltr'>ἠμύνατο·</span> <span class='ocrx_word' id='word_1_477' title='bbox 1819 3304 1985 3378; x_wconf 88' lang='grc' dir='ltr'>Ἐμα-</span> 
     </span>
    </p>
   </div>
   <div class='ocr_carea' id='block_1_66' title="bbox 334 3389 1984 3467">
    <p class='ocr_par' dir='ltr' id='par_1_66' title="bbox 334 3389 1984 3467">
     <span class='ocr_line' id='line_1_66' title="bbox 334 3389 1984 3467; baseline 0 -21"><span class='ocrx_word' id='word_1_478' title='bbox 334 3392 544 3461; x_wconf 86' lang='grc' dir='ltr'>ταιώθη</span> <span class='ocrx_word' id='word_1_479' title='bbox 602 3391 703 3465; x_wconf 69' lang='grc' dir='ltr'>γὰρ</span> <span class='ocrx_word' id='word_1_480' title='bbox 739 3434 752 3457; x_wconf 86' lang='grc'>,</span> <span class='ocrx_word' id='word_1_481' title='bbox 831 3389 993 3467; x_wconf 80' lang='grc' dir='ltr'>φησὶν</span> <span class='ocrx_word' id='word_1_482' title='bbox 1027 3435 1041 3461; x_wconf 93' lang='grc'>,</span> <span class='ocrx_word' id='word_1_483' title='bbox 1093 3390 1127 3458; x_wconf 84' lang='grc' dir='ltr'>ἡ</span> <span class='ocrx_word' id='word_1_484' title='bbox 1185 3389 1435 3452; x_wconf 86' lang='grc' dir='ltr'>ἀσύνετος</span> <span class='ocrx_word' id='word_1_485' title='bbox 1502 3391 1678 3446; x_wconf 82' lang='grc' dir='ltr'>αὐτῶν</span> <span class='ocrx_word' id='word_1_486' title='bbox 1745 3390 1984 3467; x_wconf 73' lang='grc' dir='ltr'>καρδία*</span> 
     </span>
    </p>
   </div>
   <div class='ocr_carea' id='block_1_67' title="bbox 343 3477 1991 3557">
    <p class='ocr_par' dir='ltr' id='par_1_67' title="bbox 343 3477 1991 3557">
     <span class='ocr_line' id='line_1_67' title="bbox 343 3477 1991 3557; baseline 0 -23"><span class='ocrx_word' id='word_1_487' title='bbox 343 3483 636 3557; x_wconf 73' lang='grc' dir='ltr'>φάσκοντες</span> <span class='ocrx_word' id='word_1_488' title='bbox 698 3478 825 3532; x_wconf 78' lang='grc' dir='ltr'>εἶναι</span> <span class='ocrx_word' id='word_1_489' title='bbox 882 3479 1090 3555; x_wconf 78' lang='grc' dir='ltr'>σοφοὶ,</span> <span class='ocrx_word' id='word_1_490' title='bbox 1152 3477 1585 3553; x_wconf 77' lang='grc' dir='ltr'>ἐμωράνθησαν,</span> <span class='ocrx_word' id='word_1_491' title='bbox 1644 3480 1733 3534; x_wconf 83' lang='grc' dir='ltr'>καὶ</span> <span class='ocrx_word' id='word_1_492' title='bbox 1794 3478 1991 3549; x_wconf 73' lang='grc' dir='ltr'>ἤλλα-</span> 
     </span>
    </p>
   </div>
   <div class='ocr_carea' id='block_1_68' title="bbox 344 3565 1996 3644">
    <p class='ocr_par' dir='ltr' id='par_1_68' title="bbox 344 3565 1996 3644">
     <span class='ocr_line' id='line_1_68' title="bbox 344 3565 1996 3644; baseline 0.001 -21"><span class='ocrx_word' id='word_1_493' title='bbox 344 3572 433 3640; x_wconf 82' lang='grc' dir='ltr'>ξαν</span> <span class='ocrx_word' id='word_1_494' title='bbox 493 3569 591 3637; x_wconf 79' lang='grc' dir='ltr'>τὴν</span> <span class='ocrx_word' id='word_1_495' title='bbox 654 3565 805 3637; x_wconf 81' lang='grc' dir='ltr'>δόξαν</span> <span class='ocrx_word' id='word_1_496' title='bbox 865 3571 963 3621; x_wconf 77' lang='grc' dir='ltr'>τοῦ</span> <span class='ocrx_word' id='word_1_497' title='bbox 1022 3566 1294 3644; x_wconf 78' lang='grc' dir='ltr'>ἀφθάρτου</span> <span class='ocrx_word' id='word_1_498' title='bbox 1351 3571 1500 3638; x_wconf 91' lang='grc'>(88)</span> <span class='ocrx_word' id='word_1_499' title='bbox 1551 3567 1684 3623; x_wconf 80' lang='grc' dir='ltr'>Θεοῦ</span> <span class='ocrx_word' id='word_1_500' title='bbox 1728 3611 1742 3636; x_wconf 89' lang='grc'>,</span> <span class='ocrx_word' id='word_1_501' title='bbox 1805 3569 1996 3642; x_wconf 89' lang='grc' dir='ltr'>μύθοις</span> 
     </span>
    </p>
   </div>
   <div class='ocr_carea' id='block_1_69' title="bbox 345 3653 1993 3733">
    <p class='ocr_par' dir='ltr' id='par_1_69' title="bbox 345 3653 1993 3733">
     <span class='ocr_line' id='line_1_69' title="bbox 345 3653 1993 3733; baseline 0.001 -22"><span class='ocrx_word' id='word_1_502' title='bbox 345 3659 453 3721; x_wconf 81' lang='grc' dir='ltr'>ςισὶ</span> <span class='ocrx_word' id='word_1_503' title='bbox 503 3658 591 3712; x_wconf 86' lang='grc' dir='ltr'>καὶ</span> <span class='ocrx_word' id='word_1_504' title='bbox 649 3662 821 3718; x_wconf 81' lang='grc' dir='ltr'>σκιαῖς</span> <span class='ocrx_word' id='word_1_505' title='bbox 869 3658 967 3725; x_wconf 72' lang='grc' dir='ltr'>τὴν</span> <span class='ocrx_word' id='word_1_506' title='bbox 1022 3653 1110 3710; x_wconf 75' lang='grc' dir='ltr'>διὰ</span> <span class='ocrx_word' id='word_1_507' title='bbox 1158 3656 1370 3711; x_wconf 79' lang='grc' dir='ltr'>πάντων</span> <span class='ocrx_word' id='word_1_508' title='bbox 1421 3657 1682 3729; x_wconf 84' lang='grc' dir='ltr'>Πρόνοιαν</span> <span class='ocrx_word' id='word_1_509' title='bbox 1741 3653 1993 3733; x_wconf 76' lang='grc' dir='ltr'>καθυϐρί-</span> 
     </span>
    </p>
   </div>
   <div class='ocr_carea' id='block_1_70' title="bbox 342 3742 1995 3822">
    <p class='ocr_par' dir='ltr' id='par_1_70' title="bbox 342 3742 1995 3822">
     <span class='ocr_line' id='line_1_70' title="bbox 342 3742 1995 3822; baseline -0.001 -21"><span class='ocrx_word' id='word_1_510' title='bbox 342 3767 551 3807; x_wconf 82' lang='grc' dir='ltr'>σαντες.</span> <span class='ocrx_word' id='word_1_511' title='bbox 602 3747 791 3817; x_wconf 87' lang='grc' dir='ltr'>Ἡμεῖς</span> <span class='ocrx_word' id='word_1_512' title='bbox 845 3742 901 3799; x_wconf 74' lang='grc' dir='ltr'>δὶ</span> <span class='ocrx_word' id='word_1_513' title='bbox 952 3747 1091 3817; x_wconf 72' lang='grc' dir='ltr'>μήτε</span> <span class='ocrx_word' id='word_1_514' title='bbox 1147 3744 1299 3799; x_wconf 77' lang='grc' dir='ltr'>αὐτοὶ</span> <span class='ocrx_word' id='word_1_515' title='bbox 1353 3750 1519 3800; x_wconf 75' lang='grc' dir='ltr'>ταῦτα</span> <span class='ocrx_word' id='word_1_516' title='bbox 1562 3748 1995 3822; x_wconf 75' lang='grc' dir='ltr'>τερατευώμεθα,</span> 
     </span>
    </p>
   </div>
   <div class='ocr_carea' id='block_1_71' title="bbox 348 3831 1995 3910">
    <p class='ocr_par' dir='ltr' id='par_1_71' title="bbox 348 3831 1995 3910">
     <span class='ocr_line' id='line_1_71' title="bbox 348 3831 1995 3910; baseline 0.001 -21"><span class='ocrx_word' id='word_1_517' title='bbox 348 3832 501 3909; x_wconf 78' lang='grc' dir='ltr'>εἷ’περ</span> <span class='ocrx_word' id='word_1_518' title='bbox 529 3855 581 3889; x_wconf 92' lang='grc' dir='ltr'>τι</span> <span class='ocrx_word' id='word_1_519' title='bbox 619 3831 771 3906; x_wconf 84' lang='grc' dir='ltr'>μὲλει</span> <span class='ocrx_word' id='word_1_520' title='bbox 804 3837 903 3888; x_wconf 75' lang='grc' dir='ltr'>τοῦ</span> <span class='ocrx_word' id='word_1_521' title='bbox 936 3831 1107 3907; x_wconf 84' lang='grc' dir='ltr'>λόγου</span> <span class='ocrx_word' id='word_1_522' title='bbox 1136 3831 1380 3910; x_wconf 82' lang='grc' dir='ltr'>λογικοῖς</span> <span class='ocrx_word' id='word_1_523' title='bbox 1414 3831 1560 3888; x_wconf 75' lang='grc' dir='ltr'>οὖσιν</span> <span class='ocrx_word' id='word_1_524' title='bbox 1591 3837 1749 3907; x_wconf 83' lang='grc' dir='ltr'>ἡμῖν,</span> <span class='ocrx_word' id='word_1_525' title='bbox 1781 3835 1869 3889; x_wconf 85' lang='grc' dir='ltr'>καὶ</span> <span class='ocrx_word' id='word_1_526' title='bbox 1903 3834 1995 3890; x_wconf 86' lang='grc' dir='ltr'>λό-</span> 
     </span>
    </p>
   </div>
   <div class='ocr_carea' id='block_1_72' title="bbox 338 3921 1997 4001">
    <p class='ocr_par' dir='ltr' id='par_1_72' title="bbox 338 3921 1997 4001">
     <span class='ocr_line' id='line_1_72' title="bbox 338 3921 1997 4001; baseline 0 -23"><span class='ocrx_word' id='word_1_527' title='bbox 338 3945 443 4001; x_wconf 87' lang='grc' dir='ltr'>γου</span> <span class='ocrx_word' id='word_1_528' title='bbox 477 3925 852 3997; x_wconf 83' lang='grc' dir='ltr'>θεραπευταῖς’</span> <span class='ocrx_word' id='word_1_529' title='bbox 889 3924 1028 3995; x_wconf 84' lang='grc' dir='ltr'>μήτε</span> <span class='ocrx_word' id='word_1_530' title='bbox 1056 3924 1170 3996; x_wconf 88' lang='grc'>(89)</span> <span class='ocrx_word' id='word_1_531' title='bbox 1218 3922 1344 3984; x_wconf 83' lang='grc' dir='ltr'>τοὺς</span> <span class='ocrx_word' id='word_1_532' title='bbox 1396 3922 1679 3996; x_wconf 71' lang='grc' dir='ltr'>οἰομένους</span> <span class='ocrx_word' id='word_1_533' title='bbox 1712 3921 1997 3999; x_wconf 80' lang='grc' dir='ltr'>ἀποδεχώ-</span> 
     </span>
    </p>
   </div>
   <div class='ocr_carea' id='block_1_73' title="bbox 346 4009 1999 4086">
    <p class='ocr_par' dir='ltr' id='par_1_73' title="bbox 346 4009 1999 4086">
     <span class='ocr_line' id='line_1_73' title="bbox 346 4009 1999 4086; baseline 0 -19"><span class='ocrx_word' id='word_1_534' title='bbox 346 4014 506 4086; x_wconf 83' lang='grc' dir='ltr'>μεθα,</span> <span class='ocrx_word' id='word_1_535' title='bbox 554 4011 651 4067; x_wconf 67' lang='grc' dir='ltr'>κᾶν</span> <span class='ocrx_word' id='word_1_536' title='bbox 696 4009 1006 4084; x_wconf 81' lang='grc' dir='ltr'>εὐδρομῶσι</span> <span class='ocrx_word' id='word_1_537' title='bbox 1055 4012 1152 4081; x_wconf 79' lang='grc' dir='ltr'>τὴν</span> <span class='ocrx_word' id='word_1_538' title='bbox 1201 4012 1451 4086; x_wconf 82' lang='grc' dir='ltr'>γλῶτταν</span> <span class='ocrx_word' id='word_1_539' title='bbox 1513 4011 1563 4066; x_wconf 80' lang='grc' dir='ltr'>ἐν</span> <span class='ocrx_word' id='word_1_540' title='bbox 1612 4018 1727 4073; x_wconf 85' lang='grc' dir='ltr'>τοῖς</span> <span class='ocrx_word' id='word_1_541' title='bbox 1777 4012 1999 4074; x_wconf 85' lang='grc' dir='ltr'>ἀτόποις</span> 
     </span>
    </p>
   </div>
   <div class='ocr_carea' id='block_1_74' title="bbox 342 4097 1993 4177">
    <p class='ocr_par' dir='ltr' id='par_1_74' title="bbox 342 4097 1993 4177">
     <span class='ocr_line' id='line_1_74' title="bbox 342 4097 1993 4177; baseline 0.001 -21"><span class='ocrx_word' id='word_1_542' title='bbox 342 4101 537 4177; x_wconf 87' lang='grc' dir='ltr'>λόγοις</span> <span class='ocrx_word' id='word_1_543' title='bbox 594 4100 685 4155; x_wconf 83' lang='grc' dir='ltr'>καὶ</span> <span class='ocrx_word' id='word_1_544' title='bbox 746 4097 1005 4176; x_wconf 82' lang='grc' dir='ltr'>δόγμασι,</span> <span class='ocrx_word' id='word_1_545' title='bbox 1063 4100 1155 4155; x_wconf 75' lang='grc' dir='ltr'>καί</span> <span class='ocrx_word' id='word_1_546' title='bbox 1191 4106 1270 4173; x_wconf 80' lang='grc' dir='ltr'>τῷ</span> <span class='ocrx_word' id='word_1_547' title='bbox 1328 4105 1498 4173; x_wconf 84' lang='grc' dir='ltr'>καινῷ</span> <span class='ocrx_word' id='word_1_548' title='bbox 1543 4103 1655 4174; x_wconf 87' lang='grc'>(90)</span> <span class='ocrx_word' id='word_1_549' title='bbox 1707 4104 1993 4175; x_wconf 76' lang='grc' dir='ltr'>τὲρπωσιν.</span> 
     </span>
    </p>
   </div>
   <div class='ocr_carea' id='block_1_75' title="bbox 337 4188 1995 4263">
    <p class='ocr_par' dir='ltr' id='par_1_75' title="bbox 337 4188 1995 4263">
     <span class='ocr_line' id='line_1_75' title="bbox 337 4188 1995 4263; baseline 0 -18"><span class='ocrx_word' id='word_1_550' title='bbox 337 4188 525 4245; x_wconf 77' lang='grc' dir='ltr'>Ἀλλὰ</span> <span class='ocrx_word' id='word_1_551' title='bbox 571 4191 661 4244; x_wconf 84' lang='grc' dir='ltr'>καὶ</span> <span class='ocrx_word' id='word_1_552' title='bbox 711 4190 837 4245; x_wconf 85' lang='grc' dir='ltr'>Θεὸν</span> <span class='ocrx_word' id='word_1_553' title='bbox 885 4190 1017 4244; x_wconf 71' lang='grc' dir='ltr'>εἶναι</span> <span class='ocrx_word' id='word_1_554' title='bbox 1067 4190 1156 4245; x_wconf 84' lang='grc' dir='ltr'>τὸν</span> <span class='ocrx_word' id='word_1_555' title='bbox 1208 4191 1422 4245; x_wconf 63' lang='grc' dir='ltr'>πάντων</span> <span class='ocrx_word' id='word_1_556' title='bbox 1471 4191 1705 4259; x_wconf 71' lang='grc' dir='ltr'>ποιητὴν</span> <span class='ocrx_word' id='word_1_557' title='bbox 1747 4193 1861 4263; x_wconf 91' lang='grc'>(91)</span> <span class='ocrx_word' id='word_1_558' title='bbox 1907 4190 1995 4245; x_wconf 77' lang='grc' dir='ltr'>καὶ</span> 
     </span>
    </p>
   </div>
   <div class='ocr_carea' id='block_1_76' title="bbox 342 4275 1998 4354">
    <p class='ocr_par' dir='ltr' id='par_1_76' title="bbox 342 4275 1998 4354">
     <span class='ocr_line' id='line_1_76' title="bbox 342 4275 1998 4354; baseline 0.001 -21"><span class='ocrx_word' id='word_1_559' title='bbox 342 4275 685 4353; x_wconf 82' lang='grc' dir='ltr'>δημιουργὸν</span> <span class='ocrx_word' id='word_1_560' title='bbox 719 4276 1077 4351; x_wconf 72' lang='grc' dir='ltr'>πιστεύωμεν*</span> <span class='ocrx_word' id='word_1_561' title='bbox 1129 4282 1248 4341; x_wconf 79' lang='grc' dir='ltr'>πῶς</span> <span class='ocrx_word' id='word_1_562' title='bbox 1297 4279 1401 4354; x_wconf 77' lang='grc' dir='ltr'>γὰρ</span> <span class='ocrx_word' id='word_1_563' title='bbox 1453 4278 1511 4333; x_wconf 77' lang='grc' dir='ltr'>ἂν</span> <span class='ocrx_word' id='word_1_564' title='bbox 1559 4282 1670 4353; x_wconf 86' lang='grc'>(92)</span> <span class='ocrx_word' id='word_1_565' title='bbox 1704 4280 1902 4349; x_wconf 73' lang='grc' dir='ltr'>ὑπέστη</span> <span class='ocrx_word' id='word_1_566' title='bbox 1935 4280 1998 4334; x_wconf 82' lang='grc' dir='ltr'>τὸ</span> 
     </span>
    </p>
   </div>
   <div class='ocr_carea' id='block_1_77' title="bbox 340 4367 1995 4444">
    <p class='ocr_par' dir='ltr' id='par_1_77' title="bbox 340 4367 1995 4444">
     <span class='ocr_line' id='line_1_77' title="bbox 340 4367 1995 4444; baseline 0 -21"><span class='ocrx_word' id='word_1_567' title='bbox 340 4373 470 4440; x_wconf 72' lang='grc' dir='ltr'>πᾶν,</span> <span class='ocrx_word' id='word_1_568' title='bbox 533 4369 606 4439; x_wconf 70' lang='grc' dir='ltr'>μή</span> <span class='ocrx_word' id='word_1_569' title='bbox 661 4388 805 4425; x_wconf 85' lang='grc' dir='ltr'>τινος</span> <span class='ocrx_word' id='word_1_570' title='bbox 864 4367 1225 4430; x_wconf 80' lang='grc' dir='ltr'>οὐσιώσαντός</span> <span class='ocrx_word' id='word_1_571' title='bbox 1281 4389 1339 4422; x_wconf 88' lang='grc' dir='ltr'>τε</span> <span class='ocrx_word' id='word_1_572' title='bbox 1387 4389 1474 4423; x_wconf 89' lang='grc' dir='ltr'>και</span> <span class='ocrx_word' id='word_1_573' title='bbox 1519 4368 1995 4444; x_wconf 86' lang='grc' dir='ltr'>συναρμόσαντος;</span> 
     </span>
    </p>
   </div>
   <div class='ocr_carea' id='block_1_78' title="bbox 342 4454 1998 4532">
    <p class='ocr_par' dir='ltr' id='par_1_78' title="bbox 342 4454 1998 4532">
     <span class='ocr_line' id='line_1_78' title="bbox 342 4454 1998 4532; baseline 0.001 -21"><span class='ocrx_word' id='word_1_574' title='bbox 342 4456 447 4511; x_wconf 80' lang='grc' dir='ltr'>Καὶ</span> <span class='ocrx_word' id='word_1_575' title='bbox 494 4455 758 4531; x_wconf 83' lang='grc' dir='ltr'>Πρόνοιαν</span> <span class='ocrx_word' id='word_1_576' title='bbox 809 4460 1230 4532; x_wconf 81' lang='grc' dir='ltr'>συνεισάγωμεν,</span> <span class='ocrx_word' id='word_1_577' title='bbox 1286 4458 1383 4527; x_wconf 76' lang='grc' dir='ltr'>τὴν</span> <span class='ocrx_word' id='word_1_578' title='bbox 1442 4455 1602 4512; x_wconf 80' lang='grc' dir='ltr'>τοῦδε</span> <span class='ocrx_word' id='word_1_579' title='bbox 1656 4454 1765 4511; x_wconf 73' lang='grc' dir='ltr'>τοῦ</span> <span class='ocrx_word' id='word_1_580' title='bbox 1798 4459 1998 4519; x_wconf 86' lang='grc' dir='ltr'>παντὸς</span> 
     </span>
    </p>
   </div>
   <div class='ocr_carea' id='block_1_79' title="bbox 2098 3303 3750 3377">
    <p class='ocr_par' dir='ltr' id='par_1_79' title="bbox 2098 3303 3750 3377">
     <span class='ocr_line' id='line_1_79' title="bbox 2098 3303 3750 3377; baseline 0.001 -17"><span class='ocrx_word' id='word_1_581' title='bbox 2098 3306 2316 3377; x_wconf 90' lang='lat' dir='ltr'>quippe</span> <span class='ocrx_word' id='word_1_582' title='bbox 2341 3322 2488 3376; x_wconf 89' lang='lat' dir='ltr'>quos</span> <span class='ocrx_word' id='word_1_583' title='bbox 2510 3305 2634 3376; x_wconf 88' lang='lat' dir='ltr'>jam</span> <span class='ocrx_word' id='word_1_584' title='bbox 2664 3305 2964 3375; x_wconf 88' lang='lat' dir='ltr'>Scriptura</span> <span class='ocrx_word' id='word_1_585' title='bbox 2996 3304 3225 3377; x_wconf 86' lang='lat' dir='ltr'>egregie</span> <span class='ocrx_word' id='word_1_586' title='bbox 3251 3303 3368 3359; x_wconf 92' lang='lat' dir='ltr'>ulta</span> <span class='ocrx_word' id='word_1_587' title='bbox 3386 3305 3490 3361; x_wconf 88' lang='lat' dir='ltr'>sit:</span> <span class='ocrx_word' id='word_1_588' title='bbox 3512 3309 3750 3363; x_wconf 77' lang='lat' dir='ltr'>Evanuit</span> 
     </span>
    </p>
   </div>
   <div class='ocr_carea' id='block_1_80' title="bbox 2098 3393 3756 3465">
    <p class='ocr_par' dir='ltr' id='par_1_80' title="bbox 2098 3393 3756 3465">
     <span class='ocr_line' id='line_1_80' title="bbox 2098 3393 3756 3465; baseline 0.001 -16"><span class='ocrx_word' id='word_1_589' title='bbox 2098 3396 2266 3459; x_wconf 81' lang='lat' dir='ltr'>enim,</span> <span class='ocrx_word' id='word_1_590' title='bbox 2316 3394 2528 3465; x_wconf 89' lang='lat' dir='ltr'>inquit,</span> <span class='ocrx_word' id='word_1_591' title='bbox 2578 3395 2848 3465; x_wconf 77' lang='lat' dir='ltr'>insipiens</span> <span class='ocrx_word' id='word_1_592' title='bbox 2890 3409 2982 3448; x_wconf 86' lang='lat' dir='ltr'>cor</span> <span class='ocrx_word' id='word_1_593' title='bbox 3011 3409 3243 3459; x_wconf 83' lang='lat' dir='ltr'>eorum;</span> <span class='ocrx_word' id='word_1_594' title='bbox 3281 3393 3524 3450; x_wconf 75' lang='lat' dir='ltr'>dicentes</span> <span class='ocrx_word' id='word_1_595' title='bbox 3555 3411 3611 3450; x_wconf 79' lang='lat' dir='ltr'>se</span> <span class='ocrx_word' id='word_1_596' title='bbox 3639 3411 3756 3452; x_wconf 70' lang='lat' dir='ltr'>esse</span> 
     </span>
    </p>
   </div>
   <div class='ocr_carea' id='block_1_81' title="bbox 2102 3483 3755 3556">
    <p class='ocr_par' dir='ltr' id='par_1_81' title="bbox 2102 3483 3755 3556">
     <span class='ocr_line' id='line_1_81' title="bbox 2102 3483 3755 3556; baseline 0.001 -18"><span class='ocrx_word' id='word_1_597' title='bbox 2102 3486 2395 3554; x_wconf 74' lang='lat' dir='ltr'>sapientes,</span> <span class='ocrx_word' id='word_1_598' title='bbox 2446 3483 2601 3537; x_wconf 74' lang='lat' dir='ltr'>stulti</span> <span class='ocrx_word' id='word_1_599' title='bbox 2663 3484 2798 3552; x_wconf 75' lang='lat' dir='ltr'>facti</span> <span class='ocrx_word' id='word_1_600' title='bbox 2844 3486 2991 3548; x_wconf 76' lang='lat' dir='ltr'>sunt,</span> <span class='ocrx_word' id='word_1_601' title='bbox 3047 3483 3258 3554; x_wconf 79' lang='lat' dir='ltr'>Deique</span> <span class='ocrx_word' id='word_1_602' title='bbox 3314 3485 3755 3556; x_wconf 72' lang='lat' dir='ltr'>incorruptibili:</span> 
     </span>
    </p>
   </div>
   <div class='ocr_carea' id='block_1_82' title="bbox 2103 3570 3756 3645">
    <p class='ocr_par' dir='ltr' id='par_1_82' title="bbox 2103 3570 3756 3645">
     <span class='ocr_line' id='line_1_82' title="bbox 2103 3570 3756 3645; baseline 0.002 -19"><span class='ocrx_word' id='word_1_603' title='bbox 2103 3573 2347 3645; x_wconf 79' lang='lat' dir='ltr'>gloriam</span> <span class='ocrx_word' id='word_1_604' title='bbox 2375 3573 2746 3627; x_wconf 76' lang='lat' dir='ltr'>immutarunt</span> <span class='ocrx_word' id='word_1_605' title='bbox 2776 3572 2841 3639; x_wconf 66' lang='grc' dir='ltr'>2ε),</span> <span class='ocrx_word' id='word_1_606' title='bbox 2876 3570 3173 3643; x_wconf 86' lang='lat' dir='ltr'>ﬁgmentis</span> <span class='ocrx_word' id='word_1_607' title='bbox 3204 3572 3555 3643; x_wconf 89' lang='lat' dir='ltr'>quibusdam</span> <span class='ocrx_word' id='word_1_608' title='bbox 3583 3579 3756 3644; x_wconf 88' lang='lat' dir='ltr'>atque</span> 
     </span>
    </p>
   </div>
   <div class='ocr_carea' id='block_1_83' title="bbox 2108 3659 3753 3732">
    <p class='ocr_par' dir='ltr' id='par_1_83' title="bbox 2108 3659 3753 3732">
     <span class='ocr_line' id='line_1_83' title="bbox 2108 3659 3753 3732; baseline 0 -17"><span class='ocrx_word' id='word_1_609' title='bbox 2108 3661 2332 3716; x_wconf 89' lang='lat' dir='ltr'>umbris</span> <span class='ocrx_word' id='word_1_610' title='bbox 2359 3659 2783 3715; x_wconf 90' lang='lat' dir='ltr'>Providentiam</span> <span class='ocrx_word' id='word_1_611' title='bbox 2819 3660 2889 3714; x_wconf 87' lang='lat' dir='ltr'>ad</span> <span class='ocrx_word' id='word_1_612' title='bbox 2941 3659 3137 3715; x_wconf 90' lang='lat' dir='ltr'>omnia</span> <span class='ocrx_word' id='word_1_613' title='bbox 3190 3677 3317 3715; x_wconf 91' lang='lat' dir='ltr'>sese</span> <span class='ocrx_word' id='word_1_614' title='bbox 3362 3660 3753 3732; x_wconf 89' lang='lat' dir='ltr'>porrigentem</span> 
     </span>
    </p>
   </div>
   <div class='ocr_carea' id='block_1_84' title="bbox 2106 3749 3754 3820">
    <p class='ocr_par' dir='ltr' id='par_1_84' title="bbox 2106 3749 3754 3820">
     <span class='ocr_line' id='line_1_84' title="bbox 2106 3749 3754 3820; baseline 0 -16"><span class='ocrx_word' id='word_1_615' title='bbox 2106 3749 2525 3804; x_wconf 88' lang='lat' dir='ltr'>contumeliose</span> <span class='ocrx_word' id='word_1_616' title='bbox 2558 3749 3021 3819; x_wconf 86' lang='lat' dir='ltr'>proscindentes.</span> <span class='ocrx_word' id='word_1_617' title='bbox 3054 3749 3170 3804; x_wconf 90' lang='lat' dir='ltr'>Nos</span> <span class='ocrx_word' id='word_1_618' title='bbox 3202 3754 3619 3820; x_wconf 85' lang='lat' dir='ltr'>autem,neque</span> <span class='ocrx_word' id='word_1_619' title='bbox 3651 3750 3754 3804; x_wconf 86' lang='lat' dir='ltr'>hu-</span> 
     </span>
    </p>
   </div>
   <div class='ocr_carea' id='block_1_85' title="bbox 2101 3837 3752 3909">
    <p class='ocr_par' dir='ltr' id='par_1_85' title="bbox 2101 3837 3752 3909">
     <span class='ocr_line' id='line_1_85' title="bbox 2101 3837 3752 3909; baseline 0 -17"><span class='ocrx_word' id='word_1_620' title='bbox 2101 3838 2359 3908; x_wconf 86' lang='lat' dir='ltr'>jusmodi</span> <span class='ocrx_word' id='word_1_621' title='bbox 2390 3838 2731 3909; x_wconf 87' lang='lat' dir='ltr'>dogmatum</span> <span class='ocrx_word' id='word_1_622' title='bbox 2790 3842 3053 3908; x_wconf 87' lang='lat' dir='ltr'>portenta</span> <span class='ocrx_word' id='word_1_623' title='bbox 3111 3837 3495 3907; x_wconf 87' lang='lat' dir='ltr'>configamus,</span> <span class='ocrx_word' id='word_1_624' title='bbox 3530 3839 3576 3892; x_wconf 89' lang='lat' dir='ltr'>si</span> <span class='ocrx_word' id='word_1_625' title='bbox 3612 3838 3752 3909; x_wconf 88' lang='lat' dir='ltr'>quid</span> 
     </span>
    </p>
   </div>
   <div class='ocr_carea' id='block_1_86' title="bbox 2109 3925 3754 3997">
    <p class='ocr_par' dir='ltr' id='par_1_86' title="bbox 2109 3925 3754 3997">
     <span class='ocr_line' id='line_1_86' title="bbox 2109 3925 3754 3997; baseline -0.001 -15"><span class='ocrx_word' id='word_1_626' title='bbox 2109 3926 2298 3996; x_wconf 89' lang='lat' dir='ltr'>nobis,</span> <span class='ocrx_word' id='word_1_627' title='bbox 2332 3927 2429 3997; x_wconf 85' lang='lat' dir='ltr'>qui</span> <span class='ocrx_word' id='word_1_628' title='bbox 2465 3926 2688 3981; x_wconf 89' lang='lat' dir='ltr'>ratione</span> <span class='ocrx_word' id='word_1_629' title='bbox 2712 3926 3044 3994; x_wconf 89' lang='lat' dir='ltr'>utimur,ac</span> <span class='ocrx_word' id='word_1_630' title='bbox 3075 3942 3318 3981; x_wconf 62' lang='lat' dir='ltr'>summae</span> <span class='ocrx_word' id='word_1_631' title='bbox 3350 3925 3592 3982; x_wconf 87' lang='lat' dir='ltr'>rationis</span> <span class='ocrx_word' id='word_1_632' title='bbox 3624 3926 3754 3982; x_wconf 52' lang='lat' dir='ltr'>cul¢</span> 
     </span>
    </p>
   </div>
   <div class='ocr_carea' id='block_1_87' title="bbox 2105 4013 3758 4087">
    <p class='ocr_par' dir='ltr' id='par_1_87' title="bbox 2105 4013 3758 4087">
     <span class='ocr_line' id='line_1_87' title="bbox 2105 4013 3758 4087; baseline 0.001 -18"><span class='ocrx_word' id='word_1_633' title='bbox 2105 4020 2230 4070; x_wconf 89' lang='lat' dir='ltr'>tum</span> <span class='ocrx_word' id='word_1_634' title='bbox 2287 4016 2650 4087; x_wconf 83' lang='lat' dir='ltr'>profitemur,</span> <span class='ocrx_word' id='word_1_635' title='bbox 2712 4013 2858 4068; x_wconf 91' lang='lat' dir='ltr'>ratio</span> <span class='ocrx_word' id='word_1_636' title='bbox 2915 4030 3065 4068; x_wconf 81' lang='lat' dir='ltr'>curae</span> <span class='ocrx_word' id='word_1_637' title='bbox 3106 4022 3212 4084; x_wconf 87' lang='lat' dir='ltr'>est,</span> <span class='ocrx_word' id='word_1_638' title='bbox 3247 4031 3318 4069; x_wconf 90' lang='lat' dir='ltr'>ne</span> <span class='ocrx_word' id='word_1_639' title='bbox 3348 4014 3444 4080; x_wconf 88' lang='lat' dir='ltr'>iis,</span> <span class='ocrx_word' id='word_1_640' title='bbox 3507 4016 3603 4086; x_wconf 89' lang='lat' dir='ltr'>qui</span> <span class='ocrx_word' id='word_1_641' title='bbox 3636 4016 3758 4071; x_wconf 66' lang='lat' dir='ltr'>haec</span> 
     </span>
    </p>
   </div>
   <div class='ocr_carea' id='block_1_88' title="bbox 2108 4101 3760 4177">
    <p class='ocr_par' dir='ltr' id='par_1_88' title="bbox 2108 4101 3760 4177">
     <span class='ocr_line' id='line_1_88' title="bbox 2108 4101 3760 4177; baseline 0.001 -20"><span class='ocrx_word' id='word_1_642' title='bbox 2108 4110 2337 4177; x_wconf 88' lang='lat' dir='ltr'>putant,</span> <span class='ocrx_word' id='word_1_643' title='bbox 2371 4104 2769 4159; x_wconf 88' lang='lat' dir='ltr'>assentiamur</span> <span class='ocrx_word' id='word_1_644' title='bbox 2793 4120 2806 4168; x_wconf 89' lang='lat'><strong>;</strong></span> <span class='ocrx_word' id='word_1_645' title='bbox 2836 4103 3069 4157; x_wconf 87' lang='lat' dir='ltr'>tametsi</span> <span class='ocrx_word' id='word_1_646' title='bbox 3094 4101 3154 4157; x_wconf 88' lang='lat' dir='ltr'>in</span> <span class='ocrx_word' id='word_1_647' title='bbox 3178 4103 3451 4159; x_wconf 78' lang='lat' dir='ltr'>absurdis</span> <span class='ocrx_word' id='word_1_648' title='bbox 3472 4104 3760 4159; x_wconf 88' lang='lat' dir='ltr'>sermoni-</span> 
     </span>
    </p>
   </div>
   <div class='ocr_carea' id='block_1_89' title="bbox 2108 4191 3754 4265">
    <p class='ocr_par' dir='ltr' id='par_1_89' title="bbox 2108 4191 3754 4265">
     <span class='ocr_line' id='line_1_89' title="bbox 2108 4191 3754 4265; baseline 0.001 -18"><span class='ocrx_word' id='word_1_649' title='bbox 2108 4194 2217 4248; x_wconf 88' lang='lat' dir='ltr'>bus</span> <span class='ocrx_word' id='word_1_650' title='bbox 2246 4198 2303 4248; x_wconf 80' lang='lat' dir='ltr'>et</span> <span class='ocrx_word' id='word_1_651' title='bbox 2332 4192 2707 4265; x_wconf 89' lang='lat' dir='ltr'>dogmatibus</span> <span class='ocrx_word' id='word_1_652' title='bbox 2739 4191 2982 4246; x_wconf 90' lang='lat' dir='ltr'>celerem</span> <span class='ocrx_word' id='word_1_653' title='bbox 3034 4195 3090 4246; x_wconf 88' lang='lat' dir='ltr'>et</span> <span class='ocrx_word' id='word_1_654' title='bbox 3128 4191 3457 4262; x_wconf 84' lang='lat' dir='ltr'>expeditam</span> <span class='ocrx_word' id='word_1_655' title='bbox 3493 4192 3754 4265; x_wconf 84' lang='lat' dir='ltr'>linguam</span> 
     </span>
    </p>
   </div>
   <div class='ocr_carea' id='block_1_90' title="bbox 2109 4279 3758 4351">
    <p class='ocr_par' dir='ltr' id='par_1_90' title="bbox 2109 4279 3758 4351">
     <span class='ocr_line' id='line_1_90' title="bbox 2109 4279 3758 4351; baseline 0 -15"><span class='ocrx_word' id='word_1_656' title='bbox 2109 4282 2377 4349; x_wconf 71' lang='lat' dir='ltr'>habeant,</span> <span class='ocrx_word' id='word_1_657' title='bbox 2397 4286 2451 4337; x_wconf 89' lang='lat' dir='ltr'>et</span> <span class='ocrx_word' id='word_1_658' title='bbox 2475 4281 2731 4335; x_wconf 89' lang='lat' dir='ltr'>novitate</span> <span class='ocrx_word' id='word_1_659' title='bbox 2752 4280 3062 4335; x_wconf 89' lang='lat' dir='ltr'>delectent.</span> <span class='ocrx_word' id='word_1_660' title='bbox 3094 4279 3239 4345; x_wconf 90' lang='lat' dir='ltr'>Quin</span> <span class='ocrx_word' id='word_1_661' title='bbox 3275 4280 3554 4351; x_wconf 90' lang='lat' dir='ltr'>potius,et</span> <span class='ocrx_word' id='word_1_662' title='bbox 3574 4282 3758 4336; x_wconf 91' lang='lat' dir='ltr'>Deum</span> 
     </span>
    </p>
   </div>
   <div class='ocr_carea' id='block_1_91' title="bbox 2108 4369 3755 4427">
    <p class='ocr_par' dir='ltr' id='par_1_91' title="bbox 2108 4369 3755 4427">
     <span class='ocr_line' id='line_1_91' title="bbox 2108 4369 3755 4427; baseline 0.001 -2"><span class='ocrx_word' id='word_1_663' title='bbox 2108 4387 2299 4426; x_wconf 85' lang='lat' dir='ltr'>rerum</span> <span class='ocrx_word' id='word_1_664' title='bbox 2334 4372 2598 4426; x_wconf 89' lang='lat' dir='ltr'>omnium</span> <span class='ocrx_word' id='word_1_665' title='bbox 2634 4370 2962 4425; x_wconf 81' lang='lat' dir='ltr'>etl‘ectorem</span> <span class='ocrx_word' id='word_1_666' title='bbox 3016 4373 3072 4423; x_wconf 90' lang='lat' dir='ltr'>et</span> <span class='ocrx_word' id='word_1_667' title='bbox 3118 4369 3506 4425; x_wconf 88' lang='lat' dir='ltr'>architectum</span> <span class='ocrx_word' id='word_1_668' title='bbox 3557 4372 3755 4427; x_wconf 87' lang='lat' dir='ltr'>creda-</span> 
     </span>
    </p>
   </div>
   <div class='ocr_carea' id='block_1_92' title="bbox 2108 4457 3761 4523">
    <p class='ocr_par' dir='ltr' id='par_1_92' title="bbox 2108 4457 3761 4523">
     <span class='ocr_line' id='line_1_92' title="bbox 2108 4457 3761 4523; baseline 0.001 -9"><span class='ocrx_word' id='word_1_669' title='bbox 2108 4477 2261 4515; x_wconf 90' lang='lat' dir='ltr'>mus.</span> <span class='ocrx_word' id='word_1_670' title='bbox 2295 4460 2576 4523; x_wconf 82' lang='lat' dir='ltr'>Quoniam</span> <span class='ocrx_word' id='word_1_671' title='bbox 2610 4457 2765 4513; x_wconf 90' lang='lat' dir='ltr'>enim</span> <span class='ocrx_word' id='word_1_672' title='bbox 2801 4458 2968 4513; x_wconf 89' lang='lat' dir='ltr'>modo</span> <span class='ocrx_word' id='word_1_673' title='bbox 3000 4457 3338 4513; x_wconf 89' lang='lat' dir='ltr'>universum</span> <span class='ocrx_word' id='word_1_674' title='bbox 3369 4458 3480 4513; x_wconf 89' lang='lat' dir='ltr'>hoc</span> <span class='ocrx_word' id='word_1_675' title='bbox 3507 4459 3761 4516; x_wconf 86' lang='lat' dir='ltr'>exstitis-</span> 
     </span>
    </p>
   </div>
   <div class='ocr_carea' id='block_1_93' title="bbox 344 4533 2006 4620">
    <p class='ocr_par' dir='ltr' id='par_1_93' title="bbox 344 4544 1997 4620">
     <span class='ocr_line' id='line_1_93' title="bbox 344 4544 1997 4620; baseline 0.001 -20"><span class='ocrx_word' id='word_1_676' title='bbox 344 4546 666 4615; x_wconf 84' lang='grc' dir='ltr'>συνεκτικήν</span> <span class='ocrx_word' id='word_1_677' title='bbox 720 4566 777 4599; x_wconf 85' lang='grc' dir='ltr'>τε</span> <span class='ocrx_word' id='word_1_678' title='bbox 818 4547 907 4600; x_wconf 81' lang='grc' dir='ltr'>καὶ</span> <span class='ocrx_word' id='word_1_679' title='bbox 958 4544 1304 4617; x_wconf 77' lang='grc' dir='ltr'>συνδετικήν·</span> <span class='ocrx_word' id='word_1_680' title='bbox 1367 4545 1483 4602; x_wconf 71' lang='grc' dir='ltr'>ἐπεὶ</span> <span class='ocrx_word' id='word_1_681' title='bbox 1539 4545 1627 4601; x_wconf 85' lang='grc' dir='ltr'>καὶ</span> <span class='ocrx_word' id='word_1_682' title='bbox 1685 4548 1997 4620; x_wconf 73' lang='grc' dir='ltr'>προνοητὴν</span> 
     </span>
    </p>
   </div>
   <div class='ocr_carea' id='block_1_94' title="bbox 2105 4533 3757 4620">
    <p class='ocr_par' dir='ltr' id='par_1_94' title="bbox 2109 4547 3757 4620">
     <span class='ocr_line' id='line_1_94' title="bbox 2109 4547 3757 4620; baseline -0.001 -16"><span class='ocrx_word' id='word_1_683' title='bbox 2109 4554 2216 4620; x_wconf 90' lang='lat' dir='ltr'>set,</span> <span class='ocrx_word' id='word_1_684' title='bbox 2249 4549 2363 4604; x_wconf 89' lang='lat' dir='ltr'>nisi</span> <span class='ocrx_word' id='word_1_685' title='bbox 2394 4548 2466 4604; x_wconf 91' lang='lat' dir='ltr'>ab</span> <span class='ocrx_word' id='word_1_686' title='bbox 2497 4547 2695 4618; x_wconf 89' lang='lat' dir='ltr'>alique</span> <span class='ocrx_word' id='word_1_687' title='bbox 2726 4550 3093 4619; x_wconf 86' lang='lat' dir='ltr'>procreatum</span> <span class='ocrx_word' id='word_1_688' title='bbox 3125 4550 3299 4618; x_wconf 89' lang='lat' dir='ltr'>atque</span> <span class='ocrx_word' id='word_1_689' title='bbox 3343 4547 3757 4603; x_wconf 89' lang='lat' dir='ltr'>concinnatum</span> 
     </span>
    </p>
   </div>
   <div class='ocr_carea' id='block_1_95' title="bbox 424 4671 1038 4744">
    <p class='ocr_par' dir='ltr' id='par_1_95' title="bbox 424 4671 1038 4744">
     <span class='ocr_line' id='line_1_95' title="bbox 424 4671 1038 4744; baseline -0.005 -17"><span class='ocrx_word' id='word_1_690' title='bbox 424 4672 471 4707; x_wconf 81' lang='grc'>²⁰</span> <span class='ocrx_word' id='word_1_691' title='bbox 502 4671 664 4727; x_wconf 83' lang='lat' dir='ltr'>Rom.</span> <span class='ocrx_word' id='word_1_692' title='bbox 704 4688 743 4741; x_wconf 86' lang='lat'>1,</span> <span class='ocrx_word' id='word_1_693' title='bbox 772 4672 838 4727; x_wconf 84' lang='grc'>21</span> <span class='ocrx_word' id='word_1_694' title='bbox 874 4688 1038 4744; x_wconf 89' lang='lat' dir='ltr'>seqq.</span> 
     </span>
    </p>
   </div>
   <div class='ocr_carea' id='block_1_96' title="bbox 422 4786 2000 4868">
    <p class='ocr_par' dir='ltr' id='par_1_96' title="bbox 422 4786 2000 4868">
     <span class='ocr_line' id='line_1_96' title="bbox 422 4786 2000 4868; baseline 0.005 -24"><span class='ocrx_word' id='word_1_695' title='bbox 422 4791 536 4863; x_wconf 90' lang='lat'>(80)</span> <span class='ocrx_word' id='word_1_696' title='bbox 564 4786 811 4868; x_wconf 46' lang='lat' dir='ltr'>,Ejtztszﬁ:</span> <span class='ocrx_word' id='word_1_697' title='bbox 851 4793 945 4849; x_wconf 91' lang='lat' dir='ltr'>Sic</span> <span class='ocrx_word' id='word_1_698' title='bbox 978 4792 1155 4866; x_wconf 82' lang='lat' dir='ltr'>Regg.</span> <span class='ocrx_word' id='word_1_699' title='bbox 1193 4810 1245 4861; x_wconf 87' lang='lat' dir='ltr'>a,</span> <span class='ocrx_word' id='word_1_700' title='bbox 1278 4795 1397 4865; x_wconf 92' lang='lat' dir='ltr'>bm,</span> <span class='ocrx_word' id='word_1_701' title='bbox 1432 4795 1534 4868; x_wconf 89' lang='lat' dir='ltr'>ph,</span> <span class='ocrx_word' id='word_1_702' title='bbox 1566 4799 1622 4852; x_wconf 90' lang='lat' dir='ltr'>et</span> <span class='ocrx_word' id='word_1_703' title='bbox 1651 4796 1747 4852; x_wconf 91' lang='lat' dir='ltr'>Or.</span> <span class='ocrx_word' id='word_1_704' title='bbox 1778 4796 1833 4851; x_wconf 91' lang='lat'>2.</span> <span class='ocrx_word' id='word_1_705' title='bbox 1869 4796 2000 4852; x_wconf 87' lang='lat' dir='ltr'>Edi-</span> 
     </span>
    </p>
   </div>
   <div class='ocr_carea' id='block_1_97' title="bbox 346 4858 1733 4939">
    <p class='ocr_par' dir='ltr' id='par_1_97' title="bbox 346 4858 1733 4939">
     <span class='ocr_line' id='line_1_97' title="bbox 346 4858 1733 4939; baseline -0.001 -21"><span class='ocrx_word' id='word_1_706' title='bbox 346 4864 392 4919; x_wconf 93' lang='lat' dir='ltr'>ti</span> <span class='ocrx_word' id='word_1_707' title='bbox 426 4858 952 4939; x_wconf 13' lang='grc' dir='ltr'>νρτοενέπειδήπερ,</span> <span class='ocrx_word' id='word_1_708' title='bbox 1063 4858 1133 4866; x_wconf 56' lang='lat' dir='ltr'><strong>W</strong></span> <span class='ocrx_word' id='word_1_709' title='bbox 1232 4858 1239 4861; x_wconf 54' lang='grc'>⁷</span> <span class='ocrx_word' id='word_1_710' title='bbox 1516 4858 1593 4939; x_wconf 14' lang='grc' dir='ltr'>’ν</span> <span class='ocrx_word' id='word_1_711' title='bbox 1724 4926 1733 4933; x_wconf 27' lang='grc'><strong><em>1</em></strong></span> 
     </span>
    </p>
   </div>
   <div class='ocr_carea' id='block_1_98' title="bbox 422 4931 2005 5008">
    <p class='ocr_par' dir='ltr' id='par_1_98' title="bbox 422 4931 2005 5008">
     <span class='ocr_line' id='line_1_98' title="bbox 422 4931 2005 5008; baseline 0.001 -19"><span class='ocrx_word' id='word_1_712' title='bbox 422 4935 539 5004; x_wconf 90' lang='grc'>(81)</span> <span class='ocrx_word' id='word_1_713' title='bbox 572 4931 892 4991; x_wconf 76' lang='grc' dir='ltr'>Ἀσύνετοι.’</span> <span class='ocrx_word' id='word_1_714' title='bbox 922 4936 1101 5008; x_wconf 77' lang='lat' dir='ltr'>ltegg.</span> <span class='ocrx_word' id='word_1_715' title='bbox 1159 4953 1212 5008; x_wconf 88' lang='lat' dir='ltr'>a,</span> <span class='ocrx_word' id='word_1_716' title='bbox 1265 4953 1317 5006; x_wconf 88' lang='lat' dir='ltr'>c,</span> <span class='ocrx_word' id='word_1_717' title='bbox 1369 4938 1427 5006; x_wconf 79' lang='grc' dir='ltr'>ό,</span> <span class='ocrx_word' id='word_1_718' title='bbox 1476 4942 1533 4995; x_wconf 89' lang='lat' dir='ltr'>et</span> <span class='ocrx_word' id='word_1_719' title='bbox 1569 4931 2005 5005; x_wconf 64' lang='grc' dir='ltr'>ὖθεηάπαίδευ-</span> 
     </span>
    </p>
   </div>
   <div class='ocr_carea' id='block_1_99' title="bbox 347 5024 1521 5060">
    <p class='ocr_par' dir='ltr' id='par_1_99' title="bbox 347 5024 1521 5060">
     <span class='ocr_line' id='line_1_99' title="bbox 347 5024 1521 5060; baseline -0.002 0"><span class='ocrx_word' id='word_1_720' title='bbox 347 5025 463 5060; x_wconf 83' lang='grc' dir='ltr'>τοι.</span> <span class='ocrx_word' id='word_1_721' title='bbox 1516 5024 1521 5025; x_wconf 54' lang='grc'><strong><em>⁷</em></strong></span> 
     </span>
    </p>
   </div>
   <div class='ocr_carea' id='block_1_100' title="bbox 429 5074 2005 5153">
    <p class='ocr_par' dir='ltr' id='par_1_100' title="bbox 429 5074 2005 5153">
     <span class='ocr_line' id='line_1_100' title="bbox 429 5074 2005 5153; baseline 0.004 -24"><span class='ocrx_word' id='word_1_722' title='bbox 429 5076 542 5148; x_wconf 88' lang='grc'>(82)</span> <span class='ocrx_word' id='word_1_723' title='bbox 574 5075 842 5129; x_wconf 80' lang='grc' dir='ltr'>Ἐντεῦθεν</span> <span class='ocrx_word' id='word_1_724' title='bbox 898 5076 950 5130; x_wconf 77' lang='lat' dir='ltr'>oi</span> <span class='ocrx_word' id='word_1_725' title='bbox 995 5074 1109 5153; x_wconf 74' lang='grc' dir='ltr'>μέν,</span> <span class='ocrx_word' id='word_1_726' title='bbox 1143 5083 1276 5153; x_wconf 19' lang='grc' dir='ltr'>Αεῐο.</span> <span class='ocrx_word' id='word_1_727' title='bbox 1329 5102 1349 5129; x_wconf 75' lang='grc' dir='ltr'>ι</span> <span class='ocrx_word' id='word_1_728' title='bbox 1425 5080 1572 5153; x_wconf 82' lang='lat' dir='ltr'>Hinc</span> <span class='ocrx_word' id='word_1_729' title='bbox 1623 5080 1717 5136; x_wconf 89' lang='lat' dir='ltr'>alii</span> <span class='ocrx_word' id='word_1_730' title='bbox 1768 5081 2005 5153; x_wconf 90' lang='lat' dir='ltr'>quidem</span> 
     </span>
    </p>
   </div>
   <div class='ocr_carea' id='block_1_101' title="bbox 352 5151 2005 5215">
    <p class='ocr_par' dir='ltr' id='par_1_101' title="bbox 352 5151 2005 5215">
     <span class='ocr_line' id='line_1_101' title="bbox 352 5151 2005 5215; baseline 0.003 -12"><span class='ocrx_word' id='word_1_731' title='bbox 352 5153 675 5203; x_wconf 89' lang='lat' dir='ltr'>Fortunam</span> <span class='ocrx_word' id='word_1_732' title='bbox 709 5154 764 5202; x_wconf 87' lang='lat' dir='ltr'>et</span> <span class='ocrx_word' id='word_1_733' title='bbox 791 5165 989 5204; x_wconf 90' lang='lat' dir='ltr'>casum</span> <span class='ocrx_word' id='word_1_734' title='bbox 1018 5151 1419 5215; x_wconf 84' lang='lat' dir='ltr'>instituerunt,</span> <span class='ocrx_word' id='word_1_735' title='bbox 1438 5152 1674 5208; x_wconf 88' lang='lat' dir='ltr'>inventa</span> <span class='ocrx_word' id='word_1_736' title='bbox 1702 5151 1835 5208; x_wconf 81' lang='lat' dir='ltr'>vere</span> <span class='ocrx_word' id='word_1_737' title='bbox 1866 5169 2005 5208; x_wconf 87' lang='lat' dir='ltr'>casu</span> 
     </span>
    </p>
   </div>
   <div class='ocr_carea' id='block_1_102' title="bbox 354 5220 1555 5292">
    <p class='ocr_par' dir='ltr' id='par_1_102' title="bbox 354 5220 1555 5292">
     <span class='ocr_line' id='line_1_102' title="bbox 354 5220 1555 5292; baseline 0.003 -18"><span class='ocrx_word' id='word_1_738' title='bbox 354 5227 417 5279; x_wconf 89' lang='lat' dir='ltr'>et</span> <span class='ocrx_word' id='word_1_739' title='bbox 445 5220 1041 5292; x_wconf 75' lang='lat' dir='ltr'>fortuitoexcogitata</span> <span class='ocrx_word' id='word_1_740' title='bbox 1071 5228 1246 5292; x_wconf 83' lang='lat' dir='ltr'>atque</span> <span class='ocrx_word' id='word_1_741' title='bbox 1276 5223 1490 5279; x_wconf 83' lang='lat' dir='ltr'>afﬁcta.</span> <span class='ocrx_word' id='word_1_742' title='bbox 1526 5245 1555 5273; x_wconf 90' lang='grc'><strong>››</strong></span> 
     </span>
    </p>
   </div>
   <div class='ocr_carea' id='block_1_103' title="bbox 434 5288 2006 5367">
    <p class='ocr_par' dir='ltr' id='par_1_103' title="bbox 434 5288 2006 5367">
     <span class='ocr_line' id='line_1_103' title="bbox 434 5288 2006 5367; baseline 0.003 -23"><span class='ocrx_word' id='word_1_743' title='bbox 582 5288 909 5367; x_wconf 34' lang='grc' dir='ltr'>Βοιύλωνταῖ.</span> <span class='ocrx_word' id='word_1_744' title='bbox 942 5293 1034 5348; x_wconf 78' lang='lat' dir='ltr'>Sic</span> <span class='ocrx_word' id='word_1_745' title='bbox 1084 5288 1262 5367; x_wconf 72' lang='lat' dir='ltr'>Régg.</span> <span class='ocrx_word' id='word_1_746' title='bbox 1315 5294 1373 5361; x_wconf 87' lang='lat' dir='ltr'>d,</span> <span class='ocrx_word' id='word_1_747' title='bbox 1427 5294 1547 5362; x_wconf 93' lang='lat' dir='ltr'>bm,</span> <span class='ocrx_word' id='word_1_748' title='bbox 1595 5293 1696 5365; x_wconf 84' lang='lat' dir='ltr'>pb,</span> <span class='ocrx_word' id='word_1_749' title='bbox 1742 5300 1797 5349; x_wconf 90' lang='lat' dir='ltr'>et</span> <span class='ocrx_word' id='word_1_750' title='bbox 1824 5294 1918 5348; x_wconf 81' lang='lat' dir='ltr'>Or.</span> <span class='ocrx_word' id='word_1_751' title='bbox 1952 5296 2006 5349; x_wconf 89' lang='lat'>2.</span> 
     </span>
    </p>
   </div>
   <div class='ocr_carea' id='block_1_104' title="bbox 357 5359 848 5433">
    <p class='ocr_par' dir='ltr' id='par_1_104' title="bbox 357 5359 848 5433">
     <span class='ocr_line' id='line_1_104' title="bbox 357 5359 848 5433; baseline -0.006 -16"><span class='ocrx_word' id='word_1_752' title='bbox 357 5362 499 5426; x_wconf 77' lang='lat' dir='ltr'>Alii,</span> <span class='ocrx_word' id='word_1_753' title='bbox 534 5359 848 5433; x_wconf 79' lang='grc' dir='ltr'>βούλονται.</span> 
     </span>
    </p>
   </div>
   <div class='ocr_carea' id='block_1_105' title="bbox 434 5430 1724 5507">
    <p class='ocr_par' dir='ltr' id='par_1_105' title="bbox 434 5430 1724 5507">
     <span class='ocr_line' id='line_1_105' title="bbox 434 5430 1724 5507; baseline 0.003 -22"><span class='ocrx_word' id='word_1_754' title='bbox 434 5430 545 5504; x_wconf 76' lang='grc'>(84)</span> <span class='ocrx_word' id='word_1_755' title='bbox 578 5433 651 5507; x_wconf 81' lang='lat' dir='ltr'>&quot;Q</span> <span class='ocrx_word' id='word_1_756' title='bbox 676 5450 728 5485; x_wconf 88' lang='grc' dir='ltr'>τι</span> <span class='ocrx_word' id='word_1_757' title='bbox 760 5431 855 5507; x_wconf 22' lang='grc' dir='ltr'>ἄν,</span> <span class='ocrx_word' id='word_1_758' title='bbox 875 5435 1051 5507; x_wconf 79' lang='lat' dir='ltr'>Regg.</span> <span class='ocrx_word' id='word_1_759' title='bbox 1086 5453 1140 5502; x_wconf 85' lang='lat'>8.,</span> <span class='ocrx_word' id='word_1_760' title='bbox 1171 5436 1294 5506; x_wconf 91' lang='lat' dir='ltr'>bm,</span> <span class='ocrx_word' id='word_1_761' title='bbox 1322 5435 1421 5507; x_wconf 87' lang='lat' dir='ltr'>ph,</span> <span class='ocrx_word' id='word_1_762' title='bbox 1446 5432 1535 5507; x_wconf 65' lang='lat' dir='ltr'>8n</span> <span class='ocrx_word' id='word_1_763' title='bbox 1565 5431 1611 5487; x_wconf 79' lang='grc' dir='ltr'>δ’</span> <span class='ocrx_word' id='word_1_764' title='bbox 1632 5430 1724 5507; x_wconf 14' lang='grc' dir='ltr'>κᾶν.</span> 
     </span>
    </p>
   </div>
   <div class='ocr_carea' id='block_1_106' title="bbox 435 5452 2008 5580">
    <p class='ocr_par' dir='ltr' id='par_1_106' title="bbox 435 5452 2008 5580">
     <span class='ocr_line' id='line_1_106' title="bbox 435 5452 1724 5507; baseline 0.002 -21"><span class='ocrx_word' id='word_1_765' title='bbox 435 5452 545 5504; x_wconf 65' lang='grc' dir='ltr'>(Μ)</span> <span class='ocrx_word' id='word_1_766' title='bbox 604 5452 646 5487; x_wconf 90' lang='grc' dir='ltr'>υ</span> <span class='ocrx_word' id='word_1_767' title='bbox 676 5452 728 5485; x_wconf 91' lang='grc' dir='ltr'>τι</span> <span class='ocrx_word' id='word_1_768' title='bbox 760 5452 840 5488; x_wconf 92' lang='grc' dir='ltr'>αν.</span> <span class='ocrx_word' id='word_1_769' title='bbox 876 5452 953 5490; x_wconf 74' lang='lat' dir='ltr'>ne</span> <span class='ocrx_word' id='word_1_770' title='bbox 998 5452 1051 5507; x_wconf 86' lang='lat' dir='ltr'>g.</span> <span class='ocrx_word' id='word_1_771' title='bbox 1086 5453 1140 5502; x_wconf 85' lang='lat' dir='ltr'>a,</span> <span class='ocrx_word' id='word_1_772' title='bbox 1172 5452 1294 5506; x_wconf 85' lang='lat' dir='ltr'>Dm,</span> <span class='ocrx_word' id='word_1_773' title='bbox 1322 5452 1421 5507; x_wconf 89' lang='lat' dir='ltr'>pn,</span> <span class='ocrx_word' id='word_1_774' title='bbox 1454 5452 1535 5488; x_wconf 88' lang='grc' dir='ltr'>οτι</span> <span class='ocrx_word' id='word_1_775' title='bbox 1565 5452 1592 5487; x_wconf 91' lang='grc' dir='ltr'>ο</span> <span class='ocrx_word' id='word_1_776' title='bbox 1641 5453 1724 5489; x_wconf 87' lang='grc' dir='ltr'>αν.</span> 
     </span>
     <span class='ocr_line' id='line_1_107' title="bbox 435 5452 2008 5580; baseline 0.003 -23"><span class='ocrx_word' id='word_1_777' title='bbox 435 5506 551 5574; x_wconf 80' lang='grc'>(85)</span> <span class='ocrx_word' id='word_1_778' title='bbox 584 5503 799 5566; x_wconf 78' lang='grc' dir='ltr'>Αύτοῖς.</span> <span class='ocrx_word' id='word_1_779' title='bbox 836 5506 930 5562; x_wconf 89' lang='lat' dir='ltr'>Sic</span> <span class='ocrx_word' id='word_1_780' title='bbox 957 5452 1142 5580; x_wconf 47' lang='grc' dir='ltr'>ᾔδεε.</span> <span class='ocrx_word' id='word_1_781' title='bbox 1171 5508 1365 5579; x_wconf 85' lang='lat' dir='ltr'>a,bm,</span> <span class='ocrx_word' id='word_1_782' title='bbox 1399 5506 1498 5578; x_wconf 89' lang='lat' dir='ltr'>ph,</span> <span class='ocrx_word' id='word_1_783' title='bbox 1530 5511 1586 5563; x_wconf 88' lang='lat' dir='ltr'>et</span> <span class='ocrx_word' id='word_1_784' title='bbox 1618 5506 1712 5562; x_wconf 89' lang='lat' dir='ltr'>Or.</span> <span class='ocrx_word' id='word_1_785' title='bbox 1743 5507 1801 5561; x_wconf 88' lang='grc'>2.</span> <span class='ocrx_word' id='word_1_786' title='bbox 1833 5505 2008 5575; x_wconf 88' lang='lat' dir='ltr'>Editi,</span> 
     </span>
    </p>
   </div>
   <div class='ocr_carea' id='block_1_107' title="bbox 358 5574 499 5644">
    <p class='ocr_par' dir='ltr' id='par_1_107' title="bbox 358 5574 499 5644">
     <span class='ocr_line' id='line_1_108' title="bbox 358 5574 499 5644; baseline -0.028 -12"><span class='ocrx_word' id='word_1_787' title='bbox 358 5574 499 5644; x_wconf 78' lang='grc' dir='ltr'>αὐτῆ</span> 
     </span>
    </p>
   </div>
   <div class='ocr_carea' id='block_1_108' title="bbox 436 5595 2012 5723">
    <p class='ocr_par' dir='ltr' id='par_1_108' title="bbox 436 5595 2012 5723">
     <span class='ocr_line' id='line_1_109' title="bbox 436 5595 2012 5723; baseline 0.004 -20"><span class='ocrx_word' id='word_1_788' title='bbox 436 5595 667 5723; x_wconf 81' lang='grc' dir='ltr'>Μὴ</span> <span class='ocrx_word' id='word_1_789' title='bbox 698 5647 777 5719; x_wconf 81' lang='grc' dir='ltr'>τῷ</span> <span class='ocrx_word' id='word_1_790' title='bbox 807 5645 1082 5721; x_wconf 82' lang='grc' dir='ltr'>πλείονας,</span> <span class='ocrx_word' id='word_1_791' title='bbox 1130 5653 1239 5707; x_wconf 91' lang='lat' dir='ltr'>etc.</span> <span class='ocrx_word' id='word_1_792' title='bbox 1290 5646 1495 5705; x_wconf 89' lang='lat' dir='ltr'>Billius</span> <span class='ocrx_word' id='word_1_793' title='bbox 1529 5664 1541 5706; x_wconf 88' lang='lat'>:</span> <span class='ocrx_word' id='word_1_794' title='bbox 1600 5670 1622 5699; x_wconf 74' lang='grc' dir='ltr'>ι</span> <span class='ocrx_word' id='word_1_795' title='bbox 1676 5665 1747 5706; x_wconf 88' lang='lat' dir='ltr'>ne</span> <span class='ocrx_word' id='word_1_796' title='bbox 1776 5650 2012 5709; x_wconf 82' lang='lat' dir='ltr'>benefa-</span> 
     </span>
    </p>
   </div>
   <div class='ocr_carea' id='block_1_109' title="bbox 2114 4791 3765 4865">
    <p class='ocr_par' dir='ltr' id='par_1_109' title="bbox 2114 4791 3765 4865">
     <span class='ocr_line' id='line_1_110' title="bbox 2114 4791 3765 4865; baseline -0.001 -14"><span class='ocrx_word' id='word_1_797' title='bbox 2114 4801 2269 4851; x_wconf 88' lang='lat' dir='ltr'>ctore</span> <span class='ocrx_word' id='word_1_798' title='bbox 2300 4810 2365 4850; x_wconf 92' lang='lat' dir='ltr'>eo</span> <span class='ocrx_word' id='word_1_799' title='bbox 2398 4791 2693 4848; x_wconf 89' lang='lat' dir='ltr'>meliorem</span> <span class='ocrx_word' id='word_1_800' title='bbox 2725 4808 2855 4847; x_wconf 88' lang='lat' dir='ltr'>esse</span> <span class='ocrx_word' id='word_1_801' title='bbox 2883 4793 3350 4864; x_wconf 87' lang='lat' dir='ltr'>pronuntiarent,</span> <span class='ocrx_word' id='word_1_802' title='bbox 3377 4794 3532 4862; x_wconf 83' lang='lat' dir='ltr'>quod</span> <span class='ocrx_word' id='word_1_803' title='bbox 3566 4793 3765 4865; x_wconf 87' lang='lat' dir='ltr'>plures</span> 
     </span>
    </p>
   </div>
   <div class='ocr_carea' id='block_1_110' title="bbox 2115 4866 2792 4923">
    <p class='ocr_par' dir='ltr' id='par_1_110' title="bbox 2115 4866 2792 4923">
     <span class='ocr_line' id='line_1_111' title="bbox 2115 4866 2792 4923; baseline -0.013 0"><span class='ocrx_word' id='word_1_804' title='bbox 2115 4866 2417 4923; x_wconf 83' lang='lat' dir='ltr'>beneﬁciis</span> <span class='ocrx_word' id='word_1_805' title='bbox 2450 4866 2730 4918; x_wconf 82' lang='lat' dir='ltr'>afficeret.</span> <span class='ocrx_word' id='word_1_806' title='bbox 2765 4886 2792 4913; x_wconf 85' lang='lat'>»</span> 
     </span>
    </p>
   </div>
   <div class='ocr_carea' id='block_1_111' title="bbox 2186 4934 3762 5009">
    <p class='ocr_par' dir='ltr' id='par_1_111' title="bbox 2186 4934 3762 5009">
     <span class='ocr_line' id='line_1_112' title="bbox 2186 4934 3762 5009; baseline 0.001 -18"><span class='ocrx_word' id='word_1_807' title='bbox 2186 4940 2298 5008; x_wconf 82' lang='lat'>(87)</span> <span class='ocrx_word' id='word_1_808' title='bbox 2340 4934 2556 5009; x_wconf 75' lang='grc' dir='ltr'>Αὐτοῖς.</span> <span class='ocrx_word' id='word_1_809' title='bbox 2613 4957 2641 4984; x_wconf 88' lang='grc'><strong>‹‹</strong></span> <span class='ocrx_word' id='word_1_810' title='bbox 2691 4935 2841 5005; x_wconf 88' lang='lat' dir='ltr'>Ipsis</span> <span class='ocrx_word' id='word_1_811' title='bbox 2894 4935 3328 5007; x_wconf 85' lang='lat' dir='ltr'>defatigaretur,</span> <span class='ocrx_word' id='word_1_812' title='bbox 3381 4936 3762 5009; x_wconf 87' lang='lat' dir='ltr'>defatigatum</span> 
     </span>
    </p>
   </div>
   <div class='ocr_carea' id='block_1_112' title="bbox 2117 5008 2781 5077">
    <p class='ocr_par' dir='ltr' id='par_1_112' title="bbox 2117 5008 2781 5077">
     <span class='ocr_line' id='line_1_113' title="bbox 2117 5008 2781 5077; baseline -0.012 -12"><span class='ocrx_word' id='word_1_813' title='bbox 2117 5010 2327 5077; x_wconf 89' lang='lat' dir='ltr'>dicere,</span> <span class='ocrx_word' id='word_1_814' title='bbox 2360 5008 2718 5077; x_wconf 89' lang='lat' dir='ltr'>viderentur.</span> <span class='ocrx_word' id='word_1_815' title='bbox 2755 5027 2781 5054; x_wconf 86' lang='lat'><strong>»</strong></span> 
     </span>
    </p>
   </div>
   <div class='ocr_carea' id='block_1_113' title="bbox 2188 5076 3763 5154">
    <p class='ocr_par' dir='ltr' id='par_1_113' title="bbox 2188 5076 3763 5154">
     <span class='ocr_line' id='line_1_114' title="bbox 2188 5076 3763 5154; baseline -0.002 -20"><span class='ocrx_word' id='word_1_816' title='bbox 2188 5083 2297 5154; x_wconf 84' lang='grc'>(88)</span> <span class='ocrx_word' id='word_1_817' title='bbox 2334 5076 2649 5154; x_wconf 45' lang='grc' dir='ltr'>Ἀφθάρτου·</span> <span class='ocrx_word' id='word_1_818' title='bbox 2686 5078 2840 5154; x_wconf 52' lang='grc' dir='ltr'>θεοῖ).</span> <span class='ocrx_word' id='word_1_819' title='bbox 2890 5076 2985 5131; x_wconf 83' lang='lat' dir='ltr'>0r.</span> <span class='ocrx_word' id='word_1_820' title='bbox 3116 5078 3321 5154; x_wconf 56' lang='lat' dir='ltr'>addit}</span> <span class='ocrx_word' id='word_1_821' title='bbox 3356 5077 3763 5154; x_wconf 57' lang='lat' dir='ltr'>€v__6p0tdipatn</span> 
     </span>
    </p>
   </div>
   <div class='ocr_carea' id='block_1_114' title="bbox 2118 5146 3764 5225">
    <p class='ocr_par' dir='ltr' id='par_1_114' title="bbox 2118 5146 3764 5225">
     <span class='ocr_line' id='line_1_115' title="bbox 2118 5146 3764 5225; baseline 0.001 -21"><span class='ocrx_word' id='word_1_822' title='bbox 2118 5146 2325 5211; x_wconf 71' lang='grc' dir='ltr'>εἰκόνος</span> <span class='ocrx_word' id='word_1_823' title='bbox 2358 5146 2997 5225; x_wconf 21' lang='grc' dir='ltr'>φόαρψιῖᾏάγθρώποᾍυπα</span> <span class='ocrx_word' id='word_1_824' title='bbox 3036 5150 3089 5202; x_wconf 91' lang='lat' dir='ltr'>in</span> <span class='ocrx_word' id='word_1_825' title='bbox 3132 5146 3582 5205; x_wconf 79' lang='lat' dir='ltr'>similitudinem</span> <span class='ocrx_word' id='word_1_826' title='bbox 3618 5146 3764 5207; x_wconf 84' lang='lat' dir='ltr'>ima-</span> 
     </span>
    </p>
   </div>
   <div class='ocr_carea' id='block_1_115' title="bbox 2119 5219 3076 5295">
    <p class='ocr_par' dir='ltr' id='par_1_115' title="bbox 2119 5219 3076 5295">
     <span class='ocr_line' id='line_1_116' title="bbox 2119 5219 3076 5295; baseline -0.01 -17"><span class='ocrx_word' id='word_1_827' title='bbox 2119 5224 2273 5295; x_wconf 87' lang='lat' dir='ltr'>ginis</span> <span class='ocrx_word' id='word_1_828' title='bbox 2303 5219 2702 5295; x_wconf 67' lang='lat' dir='ltr'>corruptibilis</span> <span class='ocrx_word' id='word_1_829' title='bbox 2734 5220 3008 5295; x_wconf 81' lang='lat' dir='ltr'>hominis.</span> <span class='ocrx_word' id='word_1_830' title='bbox 3048 5241 3076 5269; x_wconf 87' lang='grc'><strong>››</strong></span> 
     </span>
    </p>
   </div>
   <div class='ocr_carea' id='block_1_116' title="bbox 2188 5284 3653 5363">
    <p class='ocr_par' dir='ltr' id='par_1_116' title="bbox 2188 5284 3653 5363">
     <span class='ocr_line' id='line_1_117' title="bbox 2188 5284 3653 5363; baseline -0.005 -14"><span class='ocrx_word' id='word_1_831' title='bbox 2188 5296 2302 5363; x_wconf 86' lang='lat'>(89)</span> <span class='ocrx_word' id='word_1_832' title='bbox 2332 5284 2502 5361; x_wconf 70' lang='grc' dir='ltr'>Μήτεῖ</span> <span class='ocrx_word' id='word_1_833' title='bbox 2537 5293 2631 5348; x_wconf 84' lang='lat' dir='ltr'>Sic</span> <span class='ocrx_word' id='word_1_834' title='bbox 2667 5292 2825 5363; x_wconf 82' lang='lat' dir='ltr'>Regg</span> <span class='ocrx_word' id='word_1_835' title='bbox 2879 5308 2931 5354; x_wconf 83' lang='lat' dir='ltr'>a,</span> <span class='ocrx_word' id='word_1_836' title='bbox 2965 5293 3083 5359; x_wconf 91' lang='lat' dir='ltr'>bm,</span> <span class='ocrx_word' id='word_1_837' title='bbox 3119 5290 3216 5362; x_wconf 86' lang='lat' dir='ltr'>ph.</span> <span class='ocrx_word' id='word_1_838' title='bbox 3253 5292 3313 5344; x_wconf 89' lang='lat' dir='ltr'>In</span> <span class='ocrx_word' id='word_1_839' title='bbox 3346 5292 3461 5356; x_wconf 88' lang='lat' dir='ltr'>ed.,</span> <span class='ocrx_word' id='word_1_840' title='bbox 3495 5284 3653 5362; x_wconf 70' lang='grc' dir='ltr'>μηδὲ.</span> 
     </span>
    </p>
   </div>
   <div class='ocr_carea' id='block_1_117' title="bbox 2210 5363 3586 5435">
    <p class='ocr_par' dir='ltr' id='par_1_117' title="bbox 2210 5363 3586 5435">
     <span class='ocr_line' id='line_1_118' title="bbox 2210 5363 3586 5435; baseline -0.002 -15"><span class='ocrx_word' id='word_1_841' title='bbox 2210 5368 2299 5435; x_wconf 91' lang='grc'>90)</span> <span class='ocrx_word' id='word_1_842' title='bbox 2332 5366 2531 5433; x_wconf 82' lang='grc' dir='ltr'>Καινῷ.</span> <span class='ocrx_word' id='word_1_843' title='bbox 2566 5364 2659 5419; x_wconf 92' lang='lat' dir='ltr'>Or.</span> <span class='ocrx_word' id='word_1_844' title='bbox 2691 5364 2745 5431; x_wconf 86' lang='lat'>2,</span> <span class='ocrx_word' id='word_1_845' title='bbox 2777 5363 2963 5435; x_wconf 78' lang='grc' dir='ltr'>κοινῷ,</span> <span class='ocrx_word' id='word_1_846' title='bbox 2998 5364 3490 5435; x_wconf 80' lang='lat' dir='ltr'>«communione.</span> <span class='ocrx_word' id='word_1_847' title='bbox 3534 5384 3586 5417; x_wconf 88' lang='lat'>».</span> 
     </span>
    </p>
   </div>
   <div class='ocr_carea' id='block_1_118' title="bbox 2189 5367 3760 5508">
    <p class='ocr_par' dir='ltr' id='par_1_118' title="bbox 2189 5367 3760 5508">
     <span class='ocr_line' id='line_1_119' title="bbox 2210 5367 3586 5435; baseline -0.002 -15"><span class='ocrx_word' id='word_1_848' title='bbox 2210 5368 2299 5435; x_wconf 91' lang='grc'>90)</span> <span class='ocrx_word' id='word_1_849' title='bbox 2332 5367 2531 5433; x_wconf 82' lang='grc' dir='ltr'>Καινῷ.</span> <span class='ocrx_word' id='word_1_850' title='bbox 2566 5367 2659 5419; x_wconf 92' lang='lat' dir='ltr'>Or.</span> <span class='ocrx_word' id='word_1_851' title='bbox 2691 5367 2745 5431; x_wconf 86' lang='lat'>2,</span> <span class='ocrx_word' id='word_1_852' title='bbox 2777 5367 2963 5431; x_wconf 83' lang='grc' dir='ltr'>κοινῷ,</span> <span class='ocrx_word' id='word_1_853' title='bbox 2998 5384 3025 5412; x_wconf 89' lang='grc'><strong>‹‹</strong></span> <span class='ocrx_word' id='word_1_854' title='bbox 3057 5367 3490 5418; x_wconf 84' lang='lat' dir='ltr'>communione.</span> <span class='ocrx_word' id='word_1_855' title='bbox 3534 5384 3586 5417; x_wconf 88' lang='lat'>».</span> 
     </span>
     <span class='ocr_line' id='line_1_120' title="bbox 2189 5367 3760 5508; baseline -0.003 -16"><span class='ocrx_word' id='word_1_856' title='bbox 2189 5367 2300 5508; x_wconf 62' lang='grc'>(91)</span> <span class='ocrx_word' id='word_1_857' title='bbox 2330 5435 2428 5488; x_wconf 90' lang='grc' dir='ltr'>Τὸν</span> <span class='ocrx_word' id='word_1_858' title='bbox 2461 5435 2675 5508; x_wconf 77' lang='grc' dir='ltr'>πάντων</span> <span class='ocrx_word' id='word_1_859' title='bbox 2707 5434 2963 5508; x_wconf 53' lang='grc' dir='ltr'>ποιητήν.</span> <span class='ocrx_word' id='word_1_860' title='bbox 2995 5434 3085 5489; x_wconf 83' lang='lat' dir='ltr'>Sic</span> <span class='ocrx_word' id='word_1_861' title='bbox 3107 5439 3334 5508; x_wconf 70' lang='lat' dir='ltr'>_ltcgg._</span> <span class='ocrx_word' id='word_1_862' title='bbox 3361 5451 3417 5499; x_wconf 82' lang='lat' dir='ltr'>a,</span> <span class='ocrx_word' id='word_1_863' title='bbox 3466 5437 3521 5488; x_wconf 86' lang='lat' dir='ltr'>et</span> <span class='ocrx_word' id='word_1_864' title='bbox 3564 5430 3662 5504; x_wconf 84' lang='lat' dir='ltr'>ph,</span> <span class='ocrx_word' id='word_1_865' title='bbox 3696 5428 3760 5487; x_wconf 84' lang='lat' dir='ltr'>In</span> 
     </span>
    </p>
   </div>
   <div class='ocr_carea' id='block_1_119' title="bbox 2123 5502 3363 5574">
    <p class='ocr_par' dir='ltr' id='par_1_119' title="bbox 2123 5502 3363 5574">
     <span class='ocr_line' id='line_1_121' title="bbox 2123 5502 3363 5574; baseline -0.002 -11"><span class='ocrx_word' id='word_1_866' title='bbox 2123 5502 2262 5574; x_wconf 78' lang='lat' dir='ltr'>Reg.</span> <span class='ocrx_word' id='word_1_867' title='bbox 2289 5502 2419 5574; x_wconf 20' lang='lat' dir='ltr'>Ihm,</span> <span class='ocrx_word' id='word_1_868' title='bbox 2450 5509 2556 5560; x_wconf 78' lang='grc' dir='ltr'>τῶν</span> <span class='ocrx_word' id='word_1_869' title='bbox 2589 5503 2825 5559; x_wconf 81' lang='grc' dir='ltr'>πάντων.</span> <span class='ocrx_word' id='word_1_870' title='bbox 2861 5505 3031 5559; x_wconf 83' lang='lat' dir='ltr'>Deest</span> <span class='ocrx_word' id='word_1_871' title='bbox 3057 5502 3147 5557; x_wconf 89' lang='grc' dir='ltr'>τόν</span> <span class='ocrx_word' id='word_1_872' title='bbox 3182 5502 3239 5558; x_wconf 79' lang='lat' dir='ltr'>in</span> <span class='ocrx_word' id='word_1_873' title='bbox 3259 5502 3363 5561; x_wconf 61' lang='lat' dir='ltr'>cd.</span> 
     </span>
    </p>
   </div>
   <div class='ocr_carea' id='block_1_120' title="bbox 2194 5576 2957 5651">
    <p class='ocr_par' dir='ltr' id='par_1_120' title="bbox 2194 5576 2957 5651">
     <span class='ocr_line' id='line_1_122' title="bbox 2194 5576 2957 5651; baseline 0.001 -17"><span class='ocrx_word' id='word_1_874' title='bbox 2194 5576 2299 5651; x_wconf 73' lang='lat'>(92)</span> <span class='ocrx_word' id='word_1_875' title='bbox 2332 5583 2453 5633; x_wconf 79' lang='lat' dir='ltr'>&quot;Av.</span> <span class='ocrx_word' id='word_1_876' title='bbox 2487 5578 2659 5635; x_wconf 87' lang='lat' dir='ltr'>Deest</span> <span class='ocrx_word' id='word_1_877' title='bbox 2685 5576 2744 5632; x_wconf 90' lang='lat' dir='ltr'>in</span> <span class='ocrx_word' id='word_1_878' title='bbox 2777 5577 2871 5634; x_wconf 88' lang='lat' dir='ltr'>Or.</span> <span class='ocrx_word' id='word_1_879' title='bbox 2902 5577 2957 5635; x_wconf 83' lang='lat'>2.</span> 
     </span>
    </p>
   </div>
  </div>
