4138 6212
540 348 664 410 903

1788 341 1852 403 S.
1900 334 2271 402 GREGORII
2314 338 2708 403 THEOLOGI

3824 350 3926 412 904

548 479 805 536 fuisset?
828 478 898 533 Et
927 476 1381 545 Providentiam,
1407 492 1532 546 qum
1565 475 1895 530 universam
1930 473 2077 528 hanc
2107 490 2180 528 re‘

2310 470 2441 525 εἶναι
2498 471 2729 538 τούτων,
2787 473 2861 526 ὦν
2920 472 3155 544 ποιητὴν
3216 470 3347 529 εἶναι
3406 475 3715 551 ἀναγκαιον·
3775 480 3817 534 εἰ
3859 484 3926 554 μὴ

544 586 673 625 rum
709 566 1043 623 machinam
1075 565 1679 636 contineat,velutque
1700 563 1949 620 vinculis
1980 563 2192 617 astrin-

542 664 662 730 gat,
683 657 858 713 simul
890 654 1241 710 inducamus
1268 672 1280 722 ;
1309 654 1811 725 quandoquidem,
1833 668 2081 723 quarum
2111 667 2191 706 re-

543 764 674 802 rum
709 747 973 801 conditor
1001 750 1108 814 est,
1132 761 1334 799 earum
1362 760 1593 816 quoque
1626 744 1955 798 moderator
1983 741 2062 797 sit
2092 757 2189 796 ne-

545 851 704 891 cesse
732 839 838 890 est.
870 832 1101 903 Alioqui
1150 832 1198 887 si
1247 833 1505 887 mundus
1543 849 1681 886 casu
1731 831 1967 901 feratur,
2002 831 2190 902 primo

547 940 779 995 quoque
810 928 1092 994 tempore,
1141 920 1298 977 velut
1327 921 1493 976 navis
1525 938 1558 976 a
1588 920 1739 976 venti
1776 920 2027 988 turbine,
2064 936 2190 990 pro-

546 1016 675 1083 pter
697 1011 952 1067 materia:
977 1010 1497 1083 perturbationem,
1522 1009 1877 1064 dissolvetur
1896 1025 1962 1064 ac
1984 1009 2191 1063 distra-

545 1099 737 1171 hetur,
770 1104 944 1172 atque
974 1099 1045 1154 ad
1078 1103 1329 1154 veterem
1362 1098 1767 1153 confusionem
1811 1096 2189 1168 indigestam-

547 1206 659 1261 que
702 1188 1030 1259 congeriam
1081 1188 1407 1244 reducetur.
1462 1189 1540 1242 Ac
1589 1186 1807 1241 nostris
1864 1186 2186 1258 praesertim

543 1279 739 1349 rebus,
772 1281 1060 1347 nostrum,
1089 1277 1208 1332 sive
1232 1277 1531 1346 factorem,
1556 1276 1675 1331 sive
1700 1275 1957 1330 fictorem
1989 1274 2186 1347 appel-

540 1367 664 1423 lare
689 1366 896 1436 mavis,
930 1381 1177 1437 prmesse
1208 1366 1557 1433 credamus;
1591 1363 1821 1420 etiamsi
1843 1364 1959 1419 vita
1988 1368 2188 1419 nostra

544 1471 647 1527 per
692 1453 983 1510 contraria
1030 1455 1407 1527 gubernetur,
1459 1454 1530 1508 ob
1583 1454 1639 1509 id
1713 1454 1957 1509 fortasse
2020 1452 2189 1507 nobis

542 1543 764 1615 ignota,
805 1547 870 1598 ut
918 1543 1056 1614 quia
1103 1558 1305 1598 eorum
1355 1542 1751 1615 cognitionem
1800 1541 1895 1597 vix
1951 1542 2191 1597 omnino

544 1632 697 1689 282
730 1631 1011 1703 consequi
1060 1647 1397 1702 possumus,
1433 1632 1716 1687 rationem
1772 1631 1973 1687 omnia
2020 1647 2193 1700 supe-

2308 559 2505 632 μέλλοι
2537 561 2599 614 τὸ
2630 566 2735 616 πᾶν
2783 566 2861 633 τῷ
2906 561 3201 634 αὐτομάτῳ
3252 563 3569 641 φερόμενον,
3619 566 3793 644 ὥσπερ
3838 570 3928 624 ὑπὸ

2302 647 2571 711 λαίλαπος
2599 655 2748 722 ναῦς,
2797 649 2986 705 αὐτίκα
3035 650 3362 722 λυθήσεσθαί
3405 674 3462 708 τε
3492 655 3580 709 καὶ
3621 654 3927 728 διασπασθή-

2301 740 2475 793 σεσθαι
2509 737 2599 793 διὰ
2623 742 2723 808 τήν
2772 738 2986 811 ἀταξίαν
3031 747 3133 809 τῆς
3184 739 3345 809 ὕλης,
3393 742 3483 796 καὶ
3530 745 3665 816 πρὸς
3712 747 3806 813 τήν
3844 747 3925 821 ἆρ-

2301 827 2458 902 χαίαν
2489 829 2749 904 σύγχυσίν
2783 850 2840 883 τε
2886 828 2973 883 καὶ
3023 828 3284 902 ἀκοσμίαν
3329 829 3809 907 ἐπαταχθήσεσθαι.
3841 835 3927 889 Καὶ

2297 922 2413 979 τοῖς
2443 920 2555 991 (93)
2580 919 2874 995 ἡμετέροις
2908 917 3142 991 μάλιστα
3184 918 3486 975 ἐπιστατεῖν
3538 918 3809 994 δεξώμεθα
3845 925 3926 978 τὸν

2298 1005 2589 1082 ἡμέτερον,
2624 1004 2729 1061 sifts
2758 1009 3009 1079 ποιητὴν,
3052 1005 3156 1062 εἴτε
3200 1006 3447 1078 πλάστην
3499 1008 3684 1084 βούλει
3732 1010 3925 1067 καλεῖν·

2299 1096 2394 1150 κᾶν
2451 1093 2539 1149 διὰ
2585 1100 2691 1150 τῶν
2744 1094 2993 1150 ἐναντίων
3026 1097 3053 1149 6
3099 1096 3213 1171 βίος
3258 1100 3397 1169 ἡμῖν
3448 1101 3561 1171 (94)
3613 1097 3928 1176 διεξάγηται,

2302 1182 2390 1238 διὰ
2417 1188 2578 1238 τοῦτο
2607 1184 2775 1260 τυχὸν
2824 1185 2914 1239 καὶ
2962 1185 3366 1259 ἀγνοουμένων,
3395 1184 3487 1240 ’ίνα
3528 1192 3608 1260 τῷ
3641 1186 3933 1266 δυσθεωρή-

2298 1295 2379 1346 τῳ
2410 1274 2522 1346 (95)
2552 1274 2642 1327 τὸν
2693 1274 2824 1349 ὑπὲρ
2875 1276 3047 1328 πάντα
3098 1273 3258 1350 λόγον
3310 1276 3689 1349 θαυμάζωμεν.
3727 1277 3932 1346 Ἐπειδή

2298 1364 2360 1417 τὸ
2413 1363 2505 1434 μὲν
2554 1359 2750 1435 ἔᾳδίως
2798 1363 3028 1431 ληπτὸν,
3084 1364 3217 1417 ἅπαν
3255 1364 3735 1442 εὐκαταφρόνητοεν
3784 1368 3843 1421 τὸ
3884 1365 3937 1422 εξ

2303 1451 2435 1526 ὑπὲρ
2466 1454 2636 1523 ἡμᾶς,
2688 1451 2797 1524 ὅσῳ
2848 1449 3310 1529 δυσεφικτότερον,
3359 1453 3603 1526 τοσούτῳ
3634 1458 3937 1529 θαυμασιώ-

2296 1558 2474 1616 τερον·
2508 1540 2597 1594 καὶ
2629 1539 2890 1614 γυμνάζει
2923 1541 3011 1595 τὸν
3042 1541 3209 1596 πόθον
3244 1541 3381 1596 ἃπαν
3414 1546 3528 1617 (96)
3556 1546 3619 1599 τὸ
3659 1542 3937 1623 διαφεῦγον

2300 1631 2398 1698 τὴν
2422 1628 2620 1707 ἔφεσιν.

540 1727 767 1777 rantem
800 1720 1180 1776 admiremur.
1214 1720 1511 1791 Quidquid
1537 1720 1693 1776 enim
1729 1720 1897 1776 facile
1946 1720 2287 1792 percipitur,
2323 1720 2489 1775 facile
2536 1736 2769 1792 quoque
2800 1720 2859 1776 in
2892 1726 3290 1792 contemptum
3324 1722 3499 1777 venit.
3534 1725 3696 1791 Quod
3750 1731 3934 1781 autem

538 1826 719 1882 supra
749 1824 856 1865 nos
888 1811 995 1875 est,
1022 1824 1136 1879 quo
1167 1810 1389 1880 majore
1420 1825 1553 1863 cum
1586 1807 1930 1864 difﬁcultate
1960 1807 2179 1880 percipi
2209 1812 2418 1880 potest,
2443 1825 2509 1864 eo
2530 1808 2702 1864 etiam
2736 1811 3016 1879 majorem
3046 1808 3489 1866 admirationem
3514 1816 3737 1881 movet;
3770 1818 3935 1887 atque

534 1898 593 1954 id
626 1914 818 1968 omne,
852 1897 1005 1969 quod
1035 1896 1360 1970 appetitum
1393 1902 1661 1953 nostrum
1693 1897 1864 1969 fugit,
1890 1896 2248 1952 desiderium
2278 1903 2522 1953 exercet.

606 1984 852 2042 XXXIV.
886 1985 1128 2052 Idcirco,
1165 2002 1267 2040 nec
1301 1985 1613 2041 sanitatem
1664 2000 1899 2041 omnem
1932 1984 2180 2041 admire-

2360 1990 2479 2041 ΛΔ.
2514 1982 2610 2037 Διὰ
2657 1987 2819 2038 τοῦτο
2887 1985 3025 2056 μήτε
3076 1984 3279 2059 ὑγίειαν
3329 1991 3501 2040 πᾶσαν
3550 1986 3929 2060 θαυμάζωμεν,

535 2094 690 2147 mur,
725 2092 831 2131 nec
864 2074 1136 2129 morbum
1178 2090 1410 2130 omnem
1459 2090 1829 2146 respuamus,
1863 2089 1968 2129 nec
2000 2072 2186 2128 ﬂuen—

539 2164 699 2220 tibus
732 2163 953 2219 divitiis
975 2180 1073 2219 cor
1102 2179 1490 2235 apponamus,
1514 2162 1708 2232 ﬂuxis,
1734 2162 1863 2234 plus
1897 2179 2065 2232 quam
2088 2178 2191 2233 par

541 2254 637 2323 sit,
670 2252 1057 2320 adhaerentes,
1088 2268 1154 2308 ac
1184 2252 1343 2308 velut
1374 2256 1598 2324 partem
1632 2252 1947 2323 quamdam
1980 2251 2187 2305 animae

534 2360 670 2398 cum
702 2342 786 2398 eis
817 2342 1194 2397 absumentes
1228 2359 1240 2397 :
1276 2358 1382 2397 nec
1425 2358 1632 2397 rursus
1666 2344 2090 2413 paupertatem,
2126 2343 2190 2397 ut

537 2430 943 2488 detestabilem
1001 2432 1239 2485 omnino
1288 2447 1353 2485 ac
1402 2432 1767 2500 damnatam,
1809 2434 1865 2483 et
1913 2428 2182 2494 invisam,

538 2520 919 2575 insectemur.
944 2518 1158 2574 Verum
1199 2528 1253 2573 et
1282 2518 1654 2590 insipientem
1679 2518 2187 2589 sanitatem,cujus

545 2608 776 2663 fructus
805 2613 895 2663 est
925 2612 1247 2679 peccatum,
1281 2606 1595 2679 despicere,
1628 2610 1683 2661 et
1724 2607 1991 2661 morbum
2050 2623 2187 2660 san-

538 2701 697 2751 ctum
732 2697 791 2752 in
824 2695 1010 2767 pretio
1040 2695 1256 2751 habere
1287 2696 1560 2763 sciamus,
1597 2711 1715 2765 eos,
1751 2695 1848 2766 qui
1882 2711 1984 2766 per
2033 2694 2189 2749 dolo-

538 2801 662 2841 rem
680 2788 737 2841 et
762 2785 1089 2841 cruciatum
1113 2784 1412 2840 victoriam
1436 2785 1627 2857 adepti
1653 2788 2183 2853 sunt,venerantes,

538 2891 611 2930 ne
630 2872 775 2929 forte
795 2874 903 2929 Job
930 2872 1225 2946 quispiam
1250 2874 1401 2929 inter
1423 2877 1770 2946 aegrotantes
1796 2870 2185 2941 lateat,multo

538 2963 742 3035 utique
773 2962 865 3031 iis,
898 2963 993 3034 qui
1026 2979 1268 3034 corpore
1306 2980 1448 3019 sano
1490 2967 1649 3029 sunt,
1702 2961 2074 3034 praestantior
2120 2976 2184 3015 ac

537 3052 948 3123 venerabilior,
979 3050 1209 3109 etiamsi
1242 3052 1465 3109 saniem
1498 3051 1683 3107 radiat
1712 3051 1780 3120 ²¹,
1814 3050 2043 3106 etiamsi
2083 3049 2182 3104 diu

537 3159 604 3198 ac
634 3148 808 3199 noctu
874 3143 983 3198 sub
1043 3143 1138 3197 dio
1193 3146 1449 3213 vexetur,
1478 3148 1603 3197 tum
1665 3159 1698 3197 a
1729 3140 1921 3213 plaga,
1955 3148 2078 3195 tum
2111 3140 2183 3194 ab

536 3248 734 3302 uxore,
766 3237 894 3287 tum
925 3232 999 3287 ab
1031 3231 1238 3287 amicis
1268 3232 1327 3286 in
1380 3236 1608 3286 arctum
1653 3231 1964 3285 adductus.
1996 3232 2183 3300 Atque

2305 2074 2442 2145 μήτε
2470 2071 2625 2126 νόσον
2660 2069 3030 2145 διαπτύωμεν,
3068 2076 3208 2146 μήτε
3255 2072 3481 2148 πλούτῳ
3522 2075 3696 2151 ῥέοντι
3728 2098 3939 2149 προστι-

2301 2162 2524 2233 θώμεθα
2567 2159 2763 2237 καρδίᾳ
2809 2163 2941 2235 (97),
2990 2161 3157 2217 πλέον
3218 2163 3251 2231 ἦ
3308 2161 3491 2225 καλῶς
3544 2162 3685 2240 ἔχει,
3843 2167 3936 2241 ῥοῇ

2299 2250 2705 2326 προσκείμενοι,
2739 2250 2824 2304 καὶ
2874 2251 2985 2305 οἷον
3033 2258 3133 2320 τῆς
3188 2255 3372 2327 ψυχῆς
3404 2274 3453 2306 τι
3494 2254 3661 2328 ταύτῃ
3710 2276 3939 2330 προσαν-

2300 2338 2634 2400 αλίσκοντεςο
2692 2342 2830 2411 μήτε
2875 2338 3060 2401 πενίας
3118 2342 3638 2414 κατεξανιστώμεθα,
3692 2344 3766 2405 ὡς
3820 2345 3941 2399 ἀπο-

2296 2427 2531 2483 πτύστου
2562 2428 2733 2497 πάντη
2784 2430 2870 2483 καὶ
2920 2430 3266 2505 κατακρίτου,
3318 2431 3405 2484 καὶ
3455 2439 3555 2500 τῆς
3604 2436 3940 2505 μισουμένης

2301 2515 2541 2591 μερίδος’
2599 2517 2726 2572 ἀλλ’
2782 2515 3009 2590 εἰδῶμεν
3080 2518 3166 2571 καὶ
3230 2518 3431 2594 ὑγίειαν
3486 2528 3831 2597 περιφρονεῖν
3884 2523 3939 2577 ἀ-

2298 2604 2535 2677 σύνετον,
2566 2605 2634 2674 ἧς
2662 2606 2867 2681 καρπὸς
2902 2608 3012 2678 (98)
3046 2607 3283 2681 ἁμαρτία
3311 2609 3444 2677 (99),
3474 2608 3563 2662 καὶ
3594 2608 3750 2663 νόσον
3783 2616 3939 2682 τιμᾷν

2296 2693 2441 2749 ὁσίαν
2504 2697 2601 2767 (1),
2650 2693 2963 2766 αἰδούμενοι
3019 2699 3146 2756 τοῦς
3200 2692 3287 2749 διὰ
3344 2698 3544 2758 πάθους
3596 2700 3938 2772 νικήσαντας,

2300 2785 2373 2856 μή
2408 2782 2513 2837 που
2558 2804 2641 2845 τις
2690 2784 2777 2837 καὶ
2812 2778 2936 2837 Ἰὼϐ
2984 2788 3099 2845 τοῖς
3148 2788 3393 2838 νοσοῦσιν
3438 2782 3815 2861 έγκέκρυπται,
3847 2810 3943 2843 πο-

2295 2869 2364 2925 λύ
2392 2876 2579 2926 τιτῶν
2633 2871 2982 2945 ὑγιαινόντων
3025 2869 3473 2947 αἷδεσιμώτερος,
3522 2874 3616 2928 κᾶν
3667 2877 3759 2930 τὸν
3806 2876 3942 2952 iin-

2296 2980 2362 3035 ρα
2417 2962 2493 3033 (2)
2546 2962 2634 3035 ξέῃ
2683 2964 2780 3032 (3),
2832 2960 2926 3015 κᾶν
2983 2958 3312 3038 ταλαιπωρῇ
3353 2962 3544 3025 νυκτὸς
3594 2963 3683 3017 καὶ
3733 2967 3941 3040 ἡμέρας

2294 3048 2527 3125 α’ίθριος,
2575 3050 2663 3103 καὶ
2713 3048 2924 3125 πληγῇ,
2972 3050 3061 3103 καὶ
3106 3051 3363 3124 γυναικὶ,
3415 3052 3501 3105 καὶ
3536 3052 3719 3129 φίλοις
3766 3076 3945 3109 στενο-

2295 3138 2673 3214 χωρούμενος’
2721 3139 2795 3200 ὡς
2855 3136 2912 3192 δὲ
2966 3140 3055 3192 καὶ
3111 3137 3348 3193 πλοῦτον
3395 3138 3575 3195 ἄδικον
3622 3142 3947 3215 ἀποπέμπε-

2294 3229 2435 3294 σθαι,
2469 3225 2537 3281 δι’
2568 3227 2625 3281 ὃν
2680 3227 2873 3299 κάμνει
2918 3224 3137 3289 δικαίως
3170 3228 3197 3281 6
3230 3227 3281 3281 ὲν
3330 3232 3396 3302 τῇ
3444 3227 3605 3307 φλογῖ
3656 3229 3946 3301 πλούσιος,

533 3319 768 3391 iniquas
815 3337 975 3392 opes,
1027 3324 1264 3391 propter
1306 3336 1455 3391 quas
1501 3319 1709 3375 merito
1766 3320 1926 3374 dives
1977 3317 2071 3372 ille
2120 3318 2180 3373 in

2293 3316 2381 3369 καὶ
2429 3322 2711 3390 προσαιτεῖ
2755 3313 2938 3391 ῥανίδα
2993 3318 3189 3393 μικρὰν
3240 3316 3572 3390 ἀναψύξεως,
3618 3320 3709 3373 καὶ
3759 3322 3948 3375 πενίαν

2294 3402 2309 3419 .
2474 3410 2498 3419 ..
2606 3404 2618 3419 ,
2688 3403 2699 3419 .
3018 3404 3031 3419 ι
3150 3402 3169 3419 κ
3204 3404 3215 3419 .
3639 3410 3687 3419 -.
3741 3412 3771 3419 -
3901 3412 3912 3419 .

532 3410 773 3466 ﬂamma
802 3409 1119 3475 cruciatur,
1152 3415 1208 3464 et
1246 3409 1514 3480 exiguam
1565 3424 1731 3480 aquae
1779 3411 2030 3479 guttam,
2065 3423 2181 3478 qua

526 3499 790 3572 linguam
825 3499 1128 3571 refrigeret
1158 3499 1228 3563 92,
1262 3497 1511 3569 supplex
1540 3496 1706 3569 petit,
1751 3496 2130 3567 repudiemus
2162 3511 2176 3550 :

529 3594 585 3644 et
615 3604 852 3644 rursum
886 3591 1289 3659 paupertatem
1322 3603 1453 3641 cum
1486 3586 1637 3659 grati
1668 3585 1847 3641 animi
1879 3584 2091 3639 affectu
2124 3589 2180 3639 et

2291 3402 2523 3459 ἐπαινεῖν
2573 3403 2890 3480 εὐχάριστον
2946 3404 3033 3458 καὶ
3087 3402 3386 3484 φιλόσοφον
3431 3408 3530 3480 (4),
3566 3410 3687 3478 μεθ’
3732 3412 3805 3477 ἧς
3839 3412 3942 3464 Ai-

2293 3500 2451 3569 ζαρος
2484 3494 2731 3562 σώζεται,
2765 3492 2853 3547 καὶ
2884 3490 3114 3548 πλουτεῖ
3160 3496 3257 3562 τὴν
3307 3493 3357 3548 έν
3402 3494 3633 3557 κόλποις
3685 3494 3941 3573 ’Δϐραὰμ

2290 3581 2579 3636 ἀνάπαυσιν
2590 3625 2600 3635 .

520 3677 735 3734 virtute
764 3679 1137 3747 conjunctam
1169 3676 1500 3741 laudemus,
1532 3692 1663 3730 cum
1696 3692 1813 3745 qua
1841 3674 2091 3730 Lazarus
2138 3672 2387 3729 salutem
2430 3674 2786 3746 assequitur,
2821 3677 2996 3745 atque
3026 3673 3127 3729 illa
3155 3673 3214 3727 in
3248 3674 3495 3730 Abrahae
3544 3676 3677 3731 sinu
3729 3679 3939 3750 requie

520 3764 929 3837 locupletatur.

578 3853 808 3910 XXXV.
842 3856 913 3908 At
942 3853 1086 3908 mihi
1119 3853 1355 3926 quidem
1389 3852 1496 3908 boc
1529 3869 1761 3925 quoque
1803 3853 2037 3907 nomine
2069 3868 2168 3907 ne-

524 3944 779 4000 cessaria
809 3959 937 3999 esse
968 3943 1298 4015 benignitas
1328 3951 1387 3998 et
1414 3942 1817 3997 misericordia
1856 3958 1993 4013 erga
2024 3958 2167 4013 pau-

520 4049 690 4104 peras
719 4032 966 4100 videtur,
1003 4037 1066 4087 ut
1090 4031 1183 4098 iis,
1216 4032 1315 4103 qui
1370 4032 1440 4087 de
1492 4031 1608 4087 illis
1665 4031 1750 4086 ita
1778 4030 2072 4097 sentiunt,
2105 4046 2168 4085 os

526 4123 933 4187 obstruamus,
962 4137 1066 4176 nec
1084 4121 1363 4176 inanibus
1383 4121 1575 4175 verbis
1606 4120 1903 4188 cedamus,
1925 4118 2171 4174 crudeli—

531 4208 671 4263 tatis
692 4207 881 4279 legem
896 4209 1581 4281 adversusnosmetipsos
1602 4209 1965 4275 sancientes;
1993 4212 2169 4279 atque

528 4296 806 4351 mandato
838 4297 1103 4353 omnium
1138 4297 1390 4353 maximo
1421 4304 1478 4353 et
1506 4296 1767 4369 exemplo
1811 4313 2166 4352 moveamur.

524 4383 830 4449 Quodnam
882 4401 1051 4455 porro
1101 4386 1210 4441 hoc
1259 4387 1603 4441 mandatum
1654 4388 1787 4441 est?
1826 4389 1907 4439 Ac
1957 4384 2167 4455 videte,

524 4487 742 4543 quaeso,
768 4488 945 4543 quam
979 4477 1257 4528 constans
1288 4473 1365 4529 sit
1395 4478 1569 4546 atque
1599 4474 1895 4529 sincerum
1932 4489 1945 4527 :
1980 4488 2170 4543 neque

522 4560 679 4615 enim
710 4559 979 4615 homines
1010 4560 1233 4632 Spiritu
1265 4567 1465 4618 sancto
1499 4561 1699 4628 afﬂati,
1720 4560 2046 4616 cumsemel
2067 4564 2167 4615 aut

516 4647 611 4705 bis
636 4648 706 4704 de
736 4648 1093 4720 pauperibus
1115 4664 1443 4705 sermonem
1473 4650 1838 4720 habuissent,
1864 4650 2165 4706 desierunt

584 4815 626 4850 ²¹
656 4816 790 4872 Job.
824 4834 885 4889 ιι,
919 4818 972 4873 8.
1050 4819 1098 4853 ²¹
1130 4818 1267 4875 Luc.
1298 4836 1412 4887 va,
1441 4819 1530 4875 24.

521 5027 533 5039 ο
585 4957 886 5039 (θὸξλτοῖς.
918 4958 1013 5016 Sic
1055 4963 1232 5032 Regg.
1284 4978 1337 5031 a,
1390 4962 1507 5029 bm,
1540 4958 1639 5031 ph,
1675 4962 1730 5013 et
1776 4961 1871 5013 0r.
1904 4958 1957 5014 2.
1997 4962 2165 5014 Deest

517 5029 578 5083 in
609 5029 747 5084 edit.
1144 5029 1162 5032 ’
1182 5029 1203 5032 ’
1325 5029 1329 5031 γ

588 5098 699 5241 (94)
731 5099 916 5183 ᾙμῖν.
946 5100 1154 5171 Nicet.,
1185 5102 1371 5174 ἡμῶν.

585 5171 678 5239 (95
726 5175 813 5240 Τῳ
844 5168 1225 5241 δυσθεωρήτῳ.
1281 5194 1307 5226 α
1357 5175 1371 5229 Ι

585 5168 696 5247 (95)
726 5168 813 5240 Τῷ
844 5168 1242 5247 δυσθεωρήτῳξ
1281 5194 1307 5226 α
1357 5174 1597 5246 Propter
1626 5172 2020 5243 cognoscendi
2051 5172 2161 5227 dif-

516 5241 859 5298 ﬁcultatem.
900 5267 920 5293 ιο

549 5312 700 5439 (ἐξω
730 5314 928 5372 Ἄπαν.
962 5316 1054 5371 Sic
1086 5317 1265 5390 Regg.
1298 5332 1354 5371 a.
1402 5332 1454 5386 c,
1504 5316 1561 5384 d,
1595 5321 1652 5371 ct
1683 5313 1777 5368 Or.
1809 5317 1863 5368 2.
1899 5314 2071 5370 Deest
2101 5314 2161 5369 in

514 5400 696 5522 602327)
727 5451 949 5527 Κσξρδίᾳ.
984 5481 1011 5509 ‹‹
1043 5459 1224 5515 Corde
1256 5457 1623 5513 inhaerentes.
1668 5478 1694 5507 »
1729 5460 1859 5510 Par.
1892 5459 1949 5511 et
1992 5457 2158 5512 Com-

512 5526 620 5583 bef.
637 5569 650 5592 ,
681 5522 923 5597 καρδίανξ

727 5596 960 5671 ξζαρπός,
996 5598 1091 5671 Ος.
1123 5600 1178 5656 2.
1214 5599 1241 5653 6
1271 5596 1499 5671 καρπός.

583 5602 694 5741 (98)
728 5602 960 5668 Καρπός.
996 5602 1091 5654 Or.
1123 5602 1178 5656 2.
1214 5602 1241 5653 6
1271 5602 1499 5671 καρπός.

605 5667 697 5738 99)
724 5666 1008 5741 Ἅμαρτία.
1042 5669 1184 5744 Reg.
1216 5671 1275 5743 d,
1307 5671 1342 5739 ἡ
1374 5662 1632 5743 ἁμαρτία.

2349 3851 2469 3906 AE'.
2505 3848 2659 3906 Ἀλλ’
2690 3848 2813 3922 ἐμοὶ
2866 3850 2961 3921 μὲν
3014 3850 3103 3904 καὶ
3153 3846 3243 3904 διὰ
3287 3855 3445 3905 τοῦτο
3487 3847 3643 3905 δοκεῖ
3672 3852 3941 3926 ἀναγκαία

2276 3940 2561 4014 τυγχάνειν
2614 3940 2649 4007 ἡ
2698 3936 3096 4016 φιλανθρωπία,
3147 3937 3238 3993 καί
3288 3941 3349 3993 τὸ
3397 3940 3533 4015 πρὸς
3563 3940 3691 4002 τοὺς
3737 3939 3940 4012 δεομέ-

2277 4048 2399 4089 νους
2433 4024 2841 4102 εὕσπλαγχνον,
2866 4025 2957 4080 ἵνα
3002 4026 3129 4089 τοὺς
3174 4027 3347 4090 οὕτως
3382 4026 3607 4103 ἔχοντας
3642 4030 3771 4103 περὶ
3805 4031 3940 4085 τοῦ-

2277 4136 2382 4169 των
2426 4113 2881 4188 έπιστομίζωμεν,
2936 4116 3024 4169 καὶ
3079 4116 3153 4188 μή
3206 4114 3395 4190 λόγοις
3452 4118 3704 4189 ματαίοις
3758 4139 3937 4192 παρα-

2277 4206 2574 4278 χωρῶμεν,
2605 4204 3025 4275 νομοθετοῦντες
3076 4204 3193 4267 καθ’
3222 4205 3378 4276 ἡμῶν
3430 4203 3604 4258 αὐτῶν
3640 4207 3743 4274 τήν
3780 4206 3938 4278 ὠμό-

2276 4311 2433 4361 τητα·
2464 4293 2677 4346 πάντων
2731 4288 2787 4345 δὲ
2835 4291 2934 4360 τήν
2980 4291 3212 4360 ἐντολὴν
3268 4289 3546 4367 αἷδώμεθα
3588 4292 3791 4365 πλέον,
3844 4294 3936 4349 καὶ

2274 4380 2338 4435 τὸ
2371 4377 2691 4456 ὑπόδειγμα.
2725 4378 2822 4443 Τίς
2852 4382 2886 4450 ἡ
2919 4380 3113 4451 ἐντολή
3150 4399 3163 4448 ;
3198 4382 3285 4434 καὶ
3324 4388 3573 4436 σκοπεῖτε
3621 4384 3686 4437 τὸ
3728 4383 3936 4454 ἐπίμο-

2276 4491 2363 4525 νον
2397 4472 2469 4543 (5)
2501 4468 2689 4539 αὐτῆς,
2722 4469 2811 4524 καὶ
2858 4471 2921 4523 τὸ
2963 4471 3207 4545 γνήσιον.
3259 4469 3332 4523 Οὐ
3361 4472 3459 4545 γὰρ
3492 4472 3653 4541 ἅπαξ,
3688 4470 3824 4527 οὐδὲ
3856 4470 3934 4532 εἰς

2279 4558 2515 4620 εἷ’πόντες
2562 4579 2615 4611 τι
2670 4557 2793 4634 περὶ
2840 4562 2947 4611 τῶν
2986 4555 3260 4630 δεομένων
3297 4599 3311 4623 ,
3361 4558 3412 4611 οἱ
3458 4563 3557 4612 τοῦ
3606 4562 3936 4633 Πνεῦματος

2272 4644 2702 4720 ἀπηλλάγησαν*
2744 4642 2872 4700 οὐδὲ
2903 4646 2954 4700 οἱ
2989 4646 3108 4719 μὲν,
3140 4647 3194 4701 οἱ
3226 4644 3282 4701 δὲ
3311 4645 3394 4715 06‘,
3426 4647 3461 4715 ἢ
3497 4646 3716 4720 μᾶλλὸν
3772 4670 3934 4715 τινες,

2370 4958 2420 5025 1)
2450 4952 2651 5010 Ὃσίαν.
2685 4955 2780 5012 Or.
2800 4959 2871 5023 '2,
2903 4953 3070 5013 ὅσιον.

2370 4958 2420 5025 1)
2450 4957 2651 5010 Ὃσίαν.
2685 4957 2780 5012 Or.
2800 4959 2871 5023 '2,
2903 4957 3070 5013 ὅσιον.

2302 5100 2312 5112 _
2344 4957 2421 5101 (2)
2453 5026 2795 5112 Τὸν-ίχὶῶρα.
2830 5028 2923 5112 βία
2954 5029 3129 5112 Βςεβ.
3164 5047 3216 5098 a,
3251 5047 3301 5098 c,
3324 5031 3384 5098 d,
3406 5032 3529 5090 bm.
3563 5036 3623 5087 et
3652 5031 3760 5105 ph.
3798 5030 3935 5087 Edi-

2272 5100 2315 5156 ti
2346 5098 2518 5174 vero,
2537 5105 2592 5156 et
2619 5098 2795 5174 Quis].
2822 5100 2972 5174 1,τις
2998 5098 3197 5174 ῗχξῶρα.

2342 5174 2418 5243 (3)
2450 5170 2580 5243 Ξέῃ.
2618 5170 2792 5239 Editi,
2830 5169 2937 5282 ζέπςδ.
2969 5194 2995 5220 ‹‹
3021 5169 3198 5229 'Sanie
3228 5178 3466 5242 scatent,
3498 5174 3737 5230 ferveat.
3780 5196 3813 5223 ρ

2342 5245 2416 5282 (ᾖ)
2450 5240 2779 5282 Ριίηιᾶωηφηυ
2823 5260 2889 5282 νη
2952 5240 3251 5282 mollierant“.
3333 5265 3354 5282 α
3388 5246 3618 5282 (ιι-,ΗΜ
3652 5262 3806 5282 ηραν-ι

2341 5240 2416 5315 (4)
2450 5240 2779 5326 ξύγαριστον
2802 5240 2912 5326 ’καὶ
2952 5240 3274 5326 φιλόσοφρν.
3333 5265 3354 5293 ι
3388 5240 3621 5326 Gratias
3650 5251 3935 5326 agentem

2272 5331 2338 5370 ac
2368 5317 2702 5386 patientem.
2740 5336 2766 5361 »
2802 5316 2980 5368 Vocat
3025 5316 3119 5370 hic
3166 5316 3483 5388 Gregorius
3526 5341 3553 5367 α
3606 5316 3939 5388 pauperta-

2271 5390 2412 5447 tem,
2449 5408 2477 5435 ››
2509 5382 2832 5447 φιλόσοφον,
2865 5385 2920 5439 id
2955 5392 3064 5447 est,
3100 5388 3446 5447 philosopho
3476 5389 3821 5447 Christiano
3852 5387 3938 5440 di-

2271 5404 2412 5455 nem,
2449 5408 2477 5435 ››
2509 5404 2832 5461 φιλοσοφον,
2865 5404 2920 5439 la
2955 5404 3064 5453 esu,
3099 5404 3446 5461 pnuosopno
3476 5404 3821 5447 unnsnano
3852 5404 3935 5440 a1-

2268 5473 2468 5539 gnam,
2495 5458 2665 5539 cujus
2692 5461 2783 5512 est
2810 5456 3010 5539 ohmnia
3040 5458 3221 5539 hujus
3251 5460 3381 5517 vitae
3412 5460 3797 5519 incommoda
3830 5475 3935 5531 pa-

2267 5529 2508 5611 tienter,
2534 5530 2700 5611 ferre,
2733 5545 2799 5584 ac
2834 5533 2960 5611 Deq
2974 5528 3192 5611 gratias
3219 5548 3406 5611 agere.
3438 5600 3448 5611 Ι
3786 5601 3799 5610 ⁸
3830 5528 3847 5531 ἡ
3886 5599 3900 5609 ,

2265 5600 2420 5745 8n?)
2448 5599 2519 5652 T6
2578 5597 2859 5673 ἐπίμονον.
2918 5597 3096 5665 ΠὸἱΙβ.
3146 5604 3205 5673 2,
3250 5597 3314 5659 ’ἷὸ
3350 5600 3657 5675 ἐπίσημον,
3697 5626 3731 5651 ι(
3782 5599 3935 5657 insi-

2384 5710 2399 5729 .
2432 5691 2462 5721 »
