4138 6212
360 419 477 482 909

360 552 626 621 εὐποιίαν,
688 550 811 609 Ἐὰν
871 549 1062 626 ἀνὲλῃς
1123 551 1235 625 (35)

358 641 725 719 χειροτονίαν,
788 637 1146 715 μικρολογίαν
1190 635 1255 708 δὴ
1290 637 1438 715 λέγω
1467 641 1583 713 (36)
1612 644 1773 694 τοῦτο
1805 640 1893 695 καὶ
1926 637 2012 695 δὸ-

354 730 610 805 κιμασίαν
646 777 661 804 ,
719 730 813 785 εἴτ’
862 727 953 784 οὖν
1013 726 1354 806 ἀμφιβολίαν
1392 772 1405 795 ,
1464 726 1553 783 καὶ
1609 727 1761 804 ῥῆμα
1810 749 2009 804 γογγυ-

355 825 518 889 σμοῦ,
576 819 628 874 τί
670 820 955 895 γενήσεται
1012 819 1129 890 (37)
1162 836 1175 885 ;
1208 822 1293 878 Ὡς
1346 814 1485 890 μέγα
1538 837 1589 871 τι
1647 816 1737 871 καὶ
1798 816 2008 889 θαυμά-

360 931 475 965 σιον
507 911 621 980 (38)
653 909 664 963 l
699 909 813 962 οἷον
841 909 954 981 (39)
985 906 1074 960 καὶ
1108 905 1233 967 ὅσος
1266 906 1293 959 ὁ
1323 904 1519 960 τούτου
1554 904 1741 977 μισθός
1771 906 1782 960 l
1816 906 2009 978 Ῥαγή-

355 1019 501 1053 σεται
563 998 816 1073 πρώιμον
892 996 955 1050 τὸ
1013 999 1127 1074 φῶς
1188 1015 1323 1063 σου,
1375 992 1463 1048 καὶ
1520 994 1589 1048 τὰ
1659 992 1862 1066 ἰάματα
1910 1014 2006 1048 σου

350 1087 494 1163 ταχὺ
544 1083 790 1141 ἀνατελεῖ
818 1129 831 1142 .
864 1084 958 1148 Τίς
1015 1083 1106 1139 οὖν
1157 1083 1256 1139 οὐκ
1305 1081 1507 1162 ἐφίεται
1555 1083 1734 1161 φωτὸς
1782 1081 1870 1137 καὶ
1923 1082 2007 1137 ἰά-

356 1197 491 1239 σεως
528 1195 543 1248 ;

427 1354 549 1411 ΛΘ’.
584 1349 860 1425 Αἰδοῦμαι
901 1348 958 1406 δὲ
1006 1350 1096 1405 καὶ
1144 1351 1205 1404 τὸ
1247 1351 1483 1426 Χριστοῦ
1528 1347 1945 1426 γλωσσόκομον,
1977 1350 2007 1405 δ

353 1444 492 1517 πρὸς
522 1440 945 1519 πτωχοτροφίαν
992 1442 1143 1513 ἡμᾶς
1192 1437 1518 1515 παρακαλεῖ³
1571 1438 1660 1493 καὶ
1718 1440 1817 1507 τὴν
1859 1437 2007 1493 Παύ-

357 1530 460 1587 λου
493 1531 580 1586 καὶ
611 1530 819 1606 Πέτρου
853 1528 1190 1608 συμφωνίαν,
1224 1528 1307 1583 ὅτι
1352 1529 1415 1583 τὸ
1468 1525 1798 1603 Εὖαγγὲλιον
1828 1524 2007 1582 διελό-

357 1641 530 1693 μενοι,
561 1619 686 1681 τοὺς
718 1618 979 1694 πτωχοὺς
1029 1617 1328 1679 κοινωνοὺς
1375 1618 1487 1691 (40)
1539 1615 1886 1686 ἐποιήσαντο⁶
1917 1617 2006 1670 καὶ

349 1711 451 1778 τὴν
477 1713 576 1764 τοῦ
606 1709 724 1763 νὲου
752 1707 1035 1763 τελείωσιν
1066 1707 1117 1761 ἐν
1150 1710 1227 1779 τῷ
1256 1708 1324 1761 τὰ
1362 1701 1491 1761 ὄντα
1521 1703 1705 1760 δοῦναι
1755 1710 2005 1780 πτωχοῖς

354 1799 658 1874 ὁρισθεῖσαν
700 1818 759 1852 τε
805 1795 894 1852 καὶ
938 1801 1419 1870 νομοθετηθεῖσαν.
1474 1793 1591 1852 Οἴει
1646 1796 1720 1868 μή
1765 1793 2003 1870 ἀνάγκην

350 1889 484 1941 εἶναί
516 1907 601 1941 σοι
649 1888 749 1955 τῆς
792 1883 1226 1964 φιλανθρωπίας,
1278 1882 1406 1939 ἀλλ’
1455 1880 1657 1959 αἵρεσιν
1692 1879 1885 1985 sapa-‘66
1914 1882 2005 1937 νό-
2036 1920 2084 1985 Β

352 1997 478 2050 μον,
512 1975 657 2032 ἀλλὰ
687 1973 995 2047 παραίνεσιν
1029 1992 1042 2042 ;
1080 1971 1300 2051 Σφόδρα
1340 1972 1426 2027 καὶ
1477 1971 1636 2034 αὐτὸς
1688 1966 2001 2044 ἐϐουλόμην

347 2069 529 2136 τοῦτο,
579 2064 669 2119 καὶ
723 2056 1124 2134 ὑπελάμϐανον·
1174 2059 1321 2115 ἀλλὰ
1368 2055 1527 2136 φοϐεῖ
1578 2062 1707 2132 μεὴ
1749 2060 2005 2136 ἀριστερά

350 2155 497 2229 χεὶρ,
530 2153 617 2207 καὶ
650 2152 701 2207 οἳ
743 2148 944 2229 ἔριφοι,
993 2150 1083 2205 καὶ
1113 2149 1147 2204 ἃ
1174 2151 1320 2223 παρὰ
1370 2154 1466 2204 τοῦ
1516 2151 1809 2220 στήσαντος
1866 2148 2000 2203 ὀνει-

353 2243 612 2311 οίζονται·
643 2240 751 2316 οὐχ
796 2238 878 2295 ὅτι
912 2237 1293 2315 διηρπάκασιν,
1327 2238 1437 2292 οὐθ’
1488 2236 1569 2293 ὅτι
1620 2236 2000 2309 σεσυλήκασιν,

352 2334 386 2401 ἢ
426 2330 878 2406 μεμοιχέόκασιν,
911 2330 945 2399 ἢ
989 2327 1129 2384 ἄλλο
1159 2350 1210 2383 τι
1258 2332 1365 2382 τῶν
1417 2326 1872 2403 ἀπηγορευμένων
1906 2348 2003 2382 πε-

352 2423 667 2490 ποιήκασιν,
698 2417 899 2488 ταύτην
929 2418 1031 2487 τὴν
1048 2417 1191 2488 τάξιν
1214 2417 1635 2493 κατακριθέντες,
1660 2414 1785 2472 ἀλλ’
1817 2416 1898 2471 ὅτι
1926 2417 2002 2491 μή

351 2509 582 2587 Χριστὸν
614 2506 705 2563 διὰ
734 2512 841 2562 τῶν
876 2504 1148 2580 δεομένων
1178 2504 1645 2581 τεθεραπεύκασιν.

351 2606 513 2671 runt,
537 2604 638 2656 aut
662 2599 822 2656 aliud
855 2598 1137 2670 quiddam
1169 2614 1237 2653 ex
1266 2595 1419 2664 aliis,
1443 2612 1570 2668 qua:
1592 2595 1901 2652 interdicta
1930 2599 2090 2665 sunt,

348 2705 455 2763 per
485 2703 770 2761 pauperes
801 2684 1045 2741 minime
1075 2687 1375 2740 curarunt.

419 2782 503 2831 Μ’.
535 2770 604 2829 Εἴ
624 2795 677 2829 τι
727 2770 818 2828 οὖν
867 2774 982 2846 (41)
1034 2770 1158 2844 ἐμοὶ
1204 2770 1471 2838 πείθεσθε,
1522 2767 1713 2824 δοῦλοι
1746 2771 2002 2845 Χριστοῦ,

345 2872 438 2920 καί
490 2861 739 2940 ἀδελφοὶ,
798 2862 888 2916 καὶ
951 2858 1417 2937 συγκΛηρονόμοι,
1473 2855 1579 2921 ἓως
1637 2857 1747 2913 ἐστὶ
1793 2859 2004 2935 καιρὸς,

349 2953 585 3029 Χριστὸν
632 2950 1071 3024 ἐπισκεψώμεθα,
1120 2948 1348 3016 Χριστὸν
1400 2945 1813 3023 θεραπεύσωμεν
1866 2949 2001 3019 (42),

349 3043 579 3117 Χριστὸν
630 3042 940 3117 θρέψωμεν,
1000 3039 1235 3111 Χριστὸν
1298 3033 1604 3107 ἐνδύσωμεν
1661 3038 1817 3108 (43),
1875 3037 2003 3108 Χρι-

349 3132 472 3186 στὸν
505 3130 919 3203 συναγάγωμεν,
962 3127 1189 3201 Χριστὸν
1235 3126 1579 3198 τιμήσωμεν·
1638 3125 1714 3196 μή
1767 3121 2003 3198 τραπέζῃ

354 3216 545 3291 μόνον,
598 3217 672 3279 ὥς
735 3235 898 3278 τινες’
958 3212 1098 3288 μηδέ
1149 3213 1370 3289 μύροις,
1420 3212 1494 3275 ὡς
1543 3214 1577 3281 ἡ
1624 3211 1824 3288 Μαρία·
1863 3210 2003 3286 μηδὲ

350 3310 508 3385 τάφῳ
557 3305 716 3379 μόνον
756 3306 890 3378 (44),
946 3303 1020 3365 ὡς
1072 3302 1274 3377 Ἰωσὴφ
1323 3302 1351 3355 6
1402 3302 1798 3376 Ἀριμαθαῖος·
1864 3297 2004 3374 μηδὲ

348 3402 468 3458 τοῖς
529 3396 664 3470 πρὸς
716 3394 815 3461 τὴν
872 3392 1074 3486 ταφὴν,
1132 3390 1205 3451 ὡς
1247 3388 1561 3486 Νικόδημος
1595 3391 1622 3444 6
1656 3388 1714 3486 ἐξ·
1750 3388 2003 3486 ἡμισείας
2035 3419 2077 3486 C

352 3484 752 3563 φιλόχριστὸςο
807 3479 949 3555 μηδὲ
999 3483 1188 3557 χρυσῷ
1233 3479 1323 3533 καὶ
1374 3473 1584 3551 Λιϐάνῳ
1631 3478 1719 3533 καὶ
1771 3479 2001 3553 σμύρνῃ,

352 3574 429 3635 ὡς
462 3574 513 3627 οἱ
568 3571 732 3647 μάγοι
763 3571 868 3644 πρὸ
904 3573 1011 3624 τῶν
1064 3567 1388 3645 εἰρημένων·
1438 3566 1565 3623 ἀλλ’
1614 3565 1800 3637 ἐπειδὴ
1851 3566 2001 3623 ἔλεον

349 3660 501 3716 θὲλει
548 3661 636 3716 καὶ
685 3659 747 3714 οὗ
799 3658 983 3723 θυσίαν
1030 3659 1058 3712 ὁ
1106 3659 1321 3713 πάντων
1372 3655 1672 3727 Δεσπότης,
1722 3656 1811 3711 καὶ
1868 3657 2000 3733 ὑπὲρ

353 3747 623 3824 μυριάδας
671 3748 842 3824 ἀρνῶν
888 3747 1088 3802 πιόνων
1143 3749 1258 3820 (45)
1289 3748 1324 3816 ἡ
1376 3744 1771 3821 εὖσπλαγχνία,
1801 3744 2003 3815 ταύτην

354 3837 686 3915 εἷσφέρωμεν
720 3836 865 3909 αὐτῷ
897 3833 986 3892 διὰ
1014 3840 1120 3890 τῶν
1154 3832 1449 3908 δεομένων,
1482 3832 1570 3888 καὶ
1619 3834 1796 3909 χαμαὶ
1829 3834 2000 3906 σήμε-

350 3947 445 4002 ρον
504 3924 871 4001 ὲρῥιμμίνων,
926 3921 1035 3997 ἵνα,
1098 3922 1221 3978 ὅταν
1285 3919 1495 3986 ἐνθένδε
1547 3919 1998 3997 ἀπαλλαγῶμεν,

351 4012 605 4085 δέξωνται
653 4016 801 4086 ἡμᾶς
853 4012 927 4074 εἷς
987 4012 1083 4075 τὰς
1134 4010 1388 4074 αἰωνίους
1447 4011 1648 4080 σκηνὰς
1681 4057 1697 4082 ,
1751 4009 1803 4063 ἐν
1853 4009 1999 4083 αὐτῷ

350 4107 569 4180 Χριστῷ
600 4104 714 4176 (46)
742 4105 819 4173 τῷ
867 4100 1046 4177 Κυρίῳ
1093 4102 1273 4174 ἡμῶν,
1306 4101 1351 4172 ᾧ
1380 4102 1416 4170 ἡ
1449 4097 1576 4170 δόξα
1605 4102 1716 4173 (47)
1750 4097 1825 4161 εἰς
1871 4099 1998 4161 τοὺς

350 4191 572 4253 αἰῶνας.
609 4191 668 4245 ’Δ
680 4192 809 4264 μήν.

426 4303 471 4338 ⁸⁸
500 4307 613 4357 Isa.
647 4316 803 4365 Lvm,
834 4302 888 4356 6.
967 4300 1011 4335 “
1043 4299 1189 4355 Ibid.
1220 4300 1274 4354 8.
1350 4298 1395 4333 ‘7
1422 4298 1591 4354 Joan.
1641 4313 1743 4363 xu,
1787 4297 1842 4351 6.
1920 4296 1965 4333 ⁴⁸
1995 4297 2183 4354 Galat.
2216 4316 2277 4365 ιι,
2307 4299 2342 4353 9
2371 4301 2426 4352 et
2455 4314 2578 4368 seq.
2604 4334 2606 4337 ι

898 4371 943 4406 ¹²
973 4371 1140 4427 Joan.
1172 4387 1289 4441 xm,
1321 4371 1389 4425 38
1420 4375 1478 4425 et
1506 4385 1630 4439 seq.
1706 4369 1751 4403 ⁸³
1784 4368 1990 4424 Matth.

2123 4372 2201 4425 ll.
2278 4370 2323 4404 5‘
2353 4368 2558 4425 Matth.
2593 4385 2671 4436 IX,
2704 4369 2791 4423 13.
2869 4369 2912 4403 ⁵⁸
2942 4369 3086 4426 Dan.
3119 4387 3202 4439 III,
3235 4373 3322 4428 40.

353 4375 398 4411 ⁸¹
431 4375 601 4431 Joan.
635 4389 735 4428 χιι.
769 4372 820 4427 3.

430 4482 545 4551 (35)
578 4478 698 4532 Ἐὰν
734 4475 954 4545 ἀνέλης,
979 4483 1088 4535 etc.
1113 4477 1444 4535 Gabrielius
1470 4493 1541 4551 τέ(
1575 4475 1636 4551 _Si
1662 4474 2006 4551 _abstuleris

351 4546 786 4623 colligationem
820 4556 876 4605 et
906 4551 1398 4623 suffragationem.
1436 4572 1465 4600 »
1496 4547 1716 4604 Deinde
1733 4547 1795 4623 in
1823 4546 2004 4623 schol.

362 4625 448 4680 ait
469 4618 560 4705 :'«_
578 4623 634 4677 Si
667 4639 919 4705 usquam
952 4618 1115 4705 alibi,
1148 4622 1254 4705 hoc
1284 4621 1408 4677 loco
1468 4623 1625 4675 certe
1681 4618 2009 4705 admiratus

358 4712 492 4752 sum
523 4689 785 4766 Gregorii
819 4695 1117 4749 solertiam
1149 4698 1206 4748 et
1234 4708 1500 4766 acumen,
1536 4706 1652 4766 quo
1713 4689 2009 4761 Prophetas

357 4768 582 4823 dictum
616 4763 672 4820 in
706 4782 826 4821 rem
861 4767 930 4820 de
962 4782 1079 4836 qua
1099 4765 1328 4836 agebat,
1348 4763 1657 4834 aptissime
1679 4776 2009 4836 accommo-

355 4840 539 4907 davit,
572 4843 631 4891 et
660 4837 845 4892 multo
870 4833 1108 4909 quidem
1131 4833 1310 4891 latius
1332 4833 1505 4907 atque
1527 4833 1787 4909 apertius
1809 4834 1868 4887 in
1891 4833 2015 4909 lau-

357 4911 493 4967 dem
522 4903 731 4980 patris.
770 4930 796 4957 »
830 4903 904 4963 Et
930 4925 1070 4965 sane
1100 4925 1185 4965 or.
1205 4924 1377 4980 _xvm,
1413 4903 1488 4961 ἠ.
1542 4903 1633 4972 20,
1691 4903 2010 4980 (ἰτρςοιιὶυε

360 4984 491 5053 ipse
521 4975 820 5054 σύνδεσμον
847 4984 908 5054 _et
937 4977 1301 5054 χειροτονίαν,
1362 4979 1781 5054 interpretatur
1821 4975 2011 5054 etiam

360 5046 729 5124 μικρολογία-ι’
753 5054 810 5104 et
844 5046 1185 5124 δοκῗμασίαν,
1220 5046 1420 5124 idest,
1459 5071 1479 5101 ι
1518 5046 1762 5102 nimiam
1824 5048 2010 5124 parci-

357 5122 633 5187 tatem,et
654 5122 973 5191 quamdam
994 5123 1516 5194 iniquisitionem,»
1540 5125 1604 5174 ut
1627 5122 2010 5194 quemadmo-

361 5195 597 5271 d_um_i_n
630 5190 926 5271 suffragiis
958 5190 1233 5271 ferendis,
1260 5194 1343 5271 ita
1370 5192 1429 5247 in
1482 5190 1813 5271 hospitibus
1875 5190 2014 5271 reci-

361 5261 1042 5338 piendisLnimiovstudio
1065 5266 1405 5338 exquiratur
1425 5278 1500 5316 an
1522 5261 1655 5331 quis
1678 5261 1894 5331 dignus
1912 5262 2010 5338 sit,

362 5332 569 5393 necne.
604 5334 819 5391 Verum
854 5337 1040 5394 multo
1069 5332 1280 5393 melius
1309 5339 1423 5397 est,
1454 5348 1655 5388 eorum
1689 5347 1890 5397 causa,
1914 5332 2013 5402 qui

362 5408 524 5485 digni
560 5405 709 5485 sint,1
736 5407 1165 5485 eleemosynam
1195 5407 1371 5485 etiam
1404 5402 1668 5485 indignis
1685 5408 2018 5485 erogare,ut

363 5471 642 5551 observat
670 5471 1016 5544 Gabrielius',
1052 5496 1253 5551 quam,
1283 5478 1494 5534 timore
1522 5471 1812 5545 largiendi
1869 5473 2018 5530 indi-

364 5549 748 5625 gnisdigpos
787 5549 1099 5625 prmterire.

440 5620 556 5699 (ἓξ)
587 5616 764 5699 ἕέγξυ·
787 5616 954 5699 Ῥατοη
981 5620 1188 5699 Mav-
1425 5688 1439 5699 .
1646 5687 1661 5699 .
1768 5687 1823 5699 ,..

587 5687 894 5761 Γενήσεται.
929 5687 1076 5766 Alii,
1102 5693 1282 5765 Regg.
1315 5707 1369 5763 8,
1425 5688 1548 5761 bm,
1606 5687 1705 5761 ph.
1767 5687 1884 5759 Sic,
1930 5705 2018 5762 γε·

366 5764 435 5839 νή
444 5764 618 5820 σεται.

1288 412 1581 480 ORATIO
1624 414 1887 479 XIV.—
1914 414 2016 479 DE
2059 414 2495 484 PAUPERUM
2541 421 2837 483 AMORE.

1316 548 1648 624 σῦνδεσμον,
1709 551 1863 627 φησί,
1920 549 2006 605 καὶ

2125 553 2273 610 285
2310 555 2675 625 prmclarum.
2714 557 3053 612 Laatandum
3101 562 3191 613 est
3238 562 3455 625 autem,
3506 560 3772 615 ‘nonlu-

3624 420 3773 488 '910

2119 643 2400 713 gendum,
2433 661 2565 699 cum
2599 646 2943 701 beneﬁcium
3003 647 3235 702 damus.
3287 648 3347 702 Si
3388 649 3675 703 vinculum
3721 652 3773 704 et

2118 728 2435 784 electionem
2462 730 2770 799 sustuleris,
2805 732 2993 803 inquit
3023 732 3119 788 ille
3151 734 3215 799 ‘5,
3248 733 3357 789 hoc
3396 739 3504 801 est,
3548 735 3771 791 tenaci-

2118 820 2295 872 tatem
2329 822 2386 872 et
2417 819 2847 890 probationem,
2880 820 2999 875 sive
3033 820 3482 889 haesitationem,
3518 839 3583 877 ac
3638 840 3766 878 ver-

2118 905 2258 959 bum
2292 907 2800 975 murmurationis,
2831 908 2971 978 quid
2996 909 3257 965 futurum
3282 910 3415 966 est?
3438 913 3620 976 Quam
3652 927 3767 967 ma-

2117 1009 2297 1065 gnum
2327 1000 2383 1050 et
2414 996 2827 1050 admirandum
2856 994 2868 1050 Ι
2901 997 3099 1060 Qualis
3121 1004 3457 1071 quantaque
3485 1001 3660 1071 huius
3683 1000 3765 1058 rei

2119 1083 2379 1139 merces!
2412 1084 2671 1155 Erumpet
2699 1086 3031 1140 matutinum
3068 1086 3249 1142 lumen
3286 1091 3461 1159 tuum,
3494 1094 3546 1144 et
3591 1089 3765 1146 'sani-

2117 1178 2204 1227 ta:
2228 1177 2325 1228 tua
2354 1176 2459 1229 cito
2489 1175 2700 1228 orietur
2730 1175 2800 1228 ⁴⁶.
2832 1174 2972 1239 Quis
3004 1191 3140 1247 ergo
3170 1180 3277 1243 est,
3310 1176 3407 1247 qui
3457 1176 3648 1234 lucem
3705 1183 3764 1235 et

2116 1261 2425 1317 sanitatem
2460 1278 2573 1318 non
2606 1263 2879 1334 expetat?

2185 1351 2421 1407 XXXIX.
2464 1352 2614 1416 Quin
2674 1368 2767 1406 me
2822 1368 3055 1423 quoque
3114 1357 3306 1409 movet
3360 1352 3575 1410 Christi
3634 1372 3761 1412 cru-

2116 1455 2289 1494 mena
2309 1440 2374 1510 ”,
2406 1455 2536 1511 quea
2566 1455 2671 1495 nos
2703 1440 2774 1495 ad
2802 1456 3089 1513 pauperes
3118 1441 3361 1498 alendos
3380 1442 3722 1499 exhortatur
3748 1469 3762 1512 ;

2115 1528 2386 1599 Petrique
2415 1529 2590 1584 etiam
2624 1532 2679 1583 et
2712 1528 2871 1584 Pauli
2915 1530 3240 1600 conventio,
3303 1532 3400 1603 qui
3476 1532 3765 1604 Evangelii

2116 1617 2643 1689 promulgationem
2678 1617 2757 1673 ita
2786 1618 2939 1673 inter
2972 1634 3033 1674 se
3065 1619 3257 1692 partiti
3289 1625 3447 1687 sunt,
3509 1626 3572 1677 ut.
3618 1638 3764 1694 pau-

2116 1722 2283 1778 peres
2297 1706 2531 1761 interim
2551 1704 2849 1762 communi
2863 1706 3194 1763 animorum
3209 1708 3401 1765 studio
3415 1712 3761 1783 complecte-

2115 1800 2321 1851 rentur
2349 1796 2392 1829 ⁴⁸
2420 1813 2432 1850 :
2468 1812 2534 1850 ac
2564 1795 2816 1866 denique
2839 1796 3073 1866 juvenis
3104 1796 3263 1852 illius
3295 1797 3569 1869 perfectio
3600 1800 3658 1854 in
3693 1815 3759 1856 eo

2115 1884 2355 1941 deﬁnita
2384 1889 2441 1940 et
2468 1884 2806 1952 constituta,
2843 1888 2903 1939 ut
2933 1885 3085 1941 bona
3114 1902 3221 1942 sua
3253 1887 3609 1959 pauperibus
3656 1890 3753 1945 da-

2116 1978 2203 2028 ret
2227 1974 2386 2028 “.An
2411 1979 2473 2027 tu
2494 1972 2941 2044 benignitatem,
2966 1991 3080 2029 non
3105 1975 3627 2045 necessariam,sed
3649 1977 3758 2033 tibi

2112 2061 2357 2118 liberam
2388 2078 2517 2118 esse
2548 2064 2723 2134 putas
2743 2062 2771 2115 ‘2
2802 2067 2882 2117 Ac
2916 2080 3030 2118 non
3062 2062 3271 2136 legem,
3295 2066 3393 2120 sed
3419 2066 3759 2122 consilium?

2110 2151 2228 2207 Hoc
2249 2167 2482 2223 quoque
2504 2151 2627 2222 ipse
2655 2166 3006 2223 magnopere
3028 2152 3233 2208 vellem
3250 2157 3307 2208 et
3326 2153 3719 2211 existimarem
3740 2172 3754 2219 ;

2112 2242 2212 2296 sed
2247 2256 2339 2295 me
2369 2239 2613 2295 sinistra
2641 2238 2743 2293 illa
2770 2257 2984 2295 manus
3018 2245 3212 2308 terret,
3247 2246 3302 2297 et
3332 2242 3503 2310 haedi,
3535 2250 3594 2299 et
3623 2260 3754 2315 pro-

2114 2330 2239 2398 bra,
2273 2346 2400 2401 quae
2432 2330 2503 2384 ab
2526 2344 2613 2399 eo,
2638 2346 2670 2383 a
2694 2345 2807 2400 quo
2830 2328 2949 2384 illic
2970 2329 3233 2385 collocati
3256 2336 3412 2402 sunt,
3437 2333 3757 2404 conjiciun-

2115 2425 2241 2487 tur;
2278 2434 2391 2472 non
2426 2417 2564 2489 quia
2596 2434 2808 2473 manus
2837 2417 3045 2474 alienis
3077 2419 3246 2474 bonis
3277 2420 3619 2492 attulerunt,
3653 2439 3758 2479 nec

2118 2505 2256 2579 quia
2284 2505 2506 2577 templa
2536 2505 2926 2577 diripuerunt,
2960 2510 3062 2562 aut
3095 2507 3447 2564 adulterium
3469 2518 3759 2583 perpetra-

2113 2596 2502 2664 admiserunt,
2525 2594 2634 2649 hoc
2654 2594 2858 2651 ordine
2886 2593 3141 2666 multati,
3164 2597 3264 2652 sed
3298 2597 3437 2669 quia
3458 2598 3755 2656 Christum

2181 2771 2271 2827 XI.
2305 2770 2586 2836 Quocirca
2616 2769 2665 2825 si
2696 2770 2831 2841 quid
2884 2771 3030 2826 mihi
3074 2772 3530 2829 auscultandum
3578 2780 3753 2847 puta-

2112 2859 2208 2930 tis,
2243 2858 2390 2915 servi
2423 2858 2662 2930 Christi,
2695 2863 2749 2914 et
2779 2860 3010 2928 fratres,
3071 2865 3128 2915 et
3187 2862 3537 2932 coheredes,
3587 2864 3754 2919 Chri-

2113 2947 2571 3020 stum,quandiu
2596 2946 2750 3017 licet,
2772 2948 3098 3018 visitemus,
3127 2949 3428 3007 Christum
3454 2968 3750 3023 curemus,

2114 3036 2411 3094 Christum
2444 3036 2694 3103 alamus,
2729 3036 3024 3092 Christum
3053 3039 3395 3109 vestiamus,
3457 3041 3751 3098 Christum

2112 3124 2479 3197 colligamus,
2510 3125 2807 3181 Christum
2841 3125 3217 3197 honoremus,
3250 3145 3365 3183 non
3399 3146 3605 3186 mensa
3659 3149 3754 3188 so-

2112 3214 2258 3282 lum,
2279 3219 2344 3269 ut
2370 3214 2608 3285 quidam
2639 3214 2704 3280 ⁸ο,
2738 3229 2841 3268 nec
2876 3215 3209 3285 unguentis,
3244 3222 3308 3271 ut
3340 3218 3523 3274 Maria
3551 3220 3618 3288 Μ,
3650 3237 3755 3277 nec

2112 3302 2380 3375 sepulcro
2441 3304 2743 3371 duntaxat,
2795 3307 2857 3357 ut
2875 3303 3093 3375 Joseph
3114 3304 3522 3375 Arimathaaus,
3548 3326 3653 3364 nec
3674 3326 3759 3365 re-

2115 3393 2225 3448 bus
2256 3410 2381 3464 qua;
2413 3393 2485 3447 ad
2527 3390 2891 3464 sepulturam
2924 3392 3237 3464 pertinent,
3272 3399 3336 3449 ut
3364 3395 3464 3451 ille
3510 3397 3756 3455 dimidia

2112 3486 2344 3539 tantum
2376 3498 2444 3536 ex
2473 3485 2636 3554 parte
2657 3480 2951 3535 Christum
3008 3498 3217 3537 amans
3274 3483 3629 3542 Nicodamus
3685 3488 3754 3556 ³³,

2113 3587 2217 3627 nec
2247 3570 2499 3642 denique
2529 3586 2690 3638 auro,
2716 3569 2907 3640 thure,
2932 3573 2989 3625 et
3010 3571 3266 3641 myrrha,
3289 3578 3357 3628 ut
3374 3577 3529 3646 magi
3550 3576 3594 3610 ⁵³
3617 3582 3753 3632 ante

2110 3675 2210 3715 eos
2241 3675 2468 3725 omnes,
2500 3675 2647 3730 quos
2673 3657 2966 3726 diximus;
3000 3660 3097 3714 sed
3160 3662 3436 3731 quoniam
3485 3665 3750 3720 omnium

2110 3748 2393 3804 Dominus
2424 3747 2888 3803 misericordiam
2920 3747 3044 3802 vult
3072 3763 3187 3803 non
3218 3750 3567 3805 sacrificium
3596 3752 3659 3821 ⁵⁸,
3684 3769 3750 3808 ac

2111 3837 2419 3908 pinguium
2447 3851 2733 3908 agnorum
2765 3835 3057 3906 myriades
3087 3837 3518 3894 commiseratio
3573 3857 3747 3911 supe-

2110 3928 2200 3979 rat
2230 3925 2293 3992 ⁵³,
2327 3924 2477 3979 hanc
2508 3940 2609 3994 per
2639 3938 2927 3995 pauperes
2975 3922 3258 3995 humique
3314 3925 3595 3982 hodierno
3653 3929 3747 3985 die

2108 4011 2444 4086 provolutos
2476 4012 2587 4083 ipsi
2619 4013 3010 4082 conferamur,
3044 4017 3109 4067 ut
3137 4030 3267 4068 cum
3301 4013 3438 4070 hinc
3484 4032 3746 4074 excesse-

2109 4100 2315 4167 rimus,
2338 4101 2397 4155 in
2429 4105 2644 4155 interna
2672 4099 3053 4156 tabernacula
3083 4118 3188 4157 nos
3220 4103 3520 4175 recipiant,
3542 4106 3602 4161 in
3624 4106 3752 4179 ipse

2109 4189 2335 4246 Christo
2358 4187 2605 4244 Domino
2630 4192 2854 4256 nostro,
2879 4188 2973 4243 cui
2995 4188 3181 4261 gloria
3201 4190 3260 4246 in
3283 4192 3515 4248 saecula.
3545 4196 3752 4251 Amen.

2657 4296 3095 4371 ‘°_Matth._x1x,
3126 4300 3217 4354 21.
3292 4300 3338 4336 ⁸ο
3367 4302 3501 4360 Luc,
3535 4321 3635 4371 vn,
3665 4304 3757 4359 36,

2188 4477 2301 4568 (38)
2333 4474 2429 4530 Καὶ
2462 4474 2781 4568 θκαυμάσιρν.
2814 4480 2984 4568 Deest
3024 4476 3113 4531 καί
3172 4481 3227 4535 in
3291 4481 3431 4554 Reg.
3491 4484 3590 4555 ph.
3652 4487 3761 4539 Pro

2117 4546 2435 4620 θαυμάσιον,
2466 4548 2670 4617 Οχοο.,
2702 4548 2797 4620 θαῗυ
2807 4546 3027 4618 μαστόν.

2332 4620 2488 4718 ()rto‘v.
2523 4620 2706 4718 Gabr...
2728 4619 2843 4706 οἷος
2870 4619 3157 4709 [rectius).

2354 4688 2490 4768 Τοὺς
2548 4687 3178 4768 πτωχοὺςυκοινωνοό-ς,
3211 4698 3362 4768 _etc._
3419 4694 3559 4767 Reg.
3640 4696 3759 4768 bm,

2121 4756 2323 4817 κοινόν,
2358 4763 2504 4827 Jes.,
2536 4756 2794 4834 πτωχοὺς
2818 4756 2978 4835 ἔργον
3001 4756 3183 4817 κοινὸν
3207 4756 3553 4835 ἐποιήσαντο,
3582 4790 3602 4815 ι
3628 4756 3766 4835 ρειαί

2162 4785 2323 4817 οινον.
2358 4785 2504 4827 ἀθεη
2536 4785 2794 4834 πτωχους
2818 4785 2978 4888 ερῖον
3001 4785 3183 4817 κοινον
3207 4785 3553 4835 εποιησαντο,
3582 4790 3602 4815 ι
3669 4785 3737 4823 au

2162 4850 2287 4890 eres
2318 4850 2817 4908 communeopus
2898 4841 3149 4908 soerent.
3186 4856 3213 4885 »
3272 4838 3329 4892 in
3385 4785 3737 4908 quibusdam

2162 4851 2287 4890 61⁸88
2318 4851 2631 4889 commune
2670 4851 2817 4903 opus
2876 4851 3149 4889 lacerent.
3186 4856 3213 4885 ))
3272 4855 3329 4892 1n
3385 4851 3763 4908 QUIBUSdam,

2295 4902 2610 4965 κοινωνούς.
2645 4904 2849 4970 Nicet.,
2880 4908 2987 4993 τῶν
3022 4902 3078 4959 δὲ
3106 4910 3344 4980 πτωχῶν
3378 4906 3632 4983 φροντίδα
3649 4931 3764 4993 κοι-

2119 4982 2217 5045 νήν
2230 4982 2328 5050 ἔχο
2339 4996 2492 5049 μεν,‹‹
2514 4992 2838 5057 pauperum
2852 4982 3045 5031 autem
3062 4993 3262 5033 curam
3278 4982 3651 5038 communem
3668 4983 3766 5038 ha-

2121 5052 2328 5105 bemus
2347 5072 2372 5097 ››
2400 5048 2526 5104 Non
2546 5049 2981 5129 satlsexprimit
3002 5049 3205 5129 Billius
3222 5052 3447 5129 dicens:
3482 5076 3509 5103 ‹‹
3538 5060 3601 5108 ut
3622 5070 3765 5125 pau-

2120 5122 2598 5195 perescommunj
2618 5122 2947 5195 animorum
2965 5122 3157 5195 studio
3179 5122 3721 5195 complecterentur.
3738 5148 3767 5176 »

2191 5193 2303 5264 (41)
2352 5187 2415 5244 ΕἹ
2442 5210 2493 5243 τι
2516 5187 2643 5264 οὖν.
2678 5194 2739 5243 In
2777 5186 3224 5264 ρίυτὶὺυεηεῗτι
3258 5186 3452 5249 δ”οὗν.

2192 5258 2307 5332 (42)
2340 5260 2567 5335 Χριστὸν
2603 5258 3037 5335 θεραπίύσωμεν.
3073 5263 3203 5320 Haec
3232 5267 3445 5321 desunt
3502 5266 3559 5321 in
3619 5284 3769 5338 qua-

2121 5338 2257 5390 tuor
2297 5333 2511 5390 Regiis.

2148 5351 2257 5390 1101‘
2297 5350 2511 5390 1182118.

2195 5351 2257 5389 or
2297 5350 2511 5406 uagus.

2195 5406 2309 5475 (43)
2338 5400 2567 5480 Χριστὸν
2629 5397 2934 5480 ἐνδύσωμεν
2988 5408 3108 5475 [pro
3171 5403 3588 5480 ἐνδυσώμεθα)
3650 5407 3772 5463 Bil-

2126 5474 2242 5531 lius
2269 5474 2295 5531 :'
2320 5500 2347 5527 «
2376 5476 2671 5531 Christum
2705 5474 3045 5531 induamus.
3085 5498 3113 5525 ››

2221 5548 2310 5621 44)
2343 5545 2539 5621 Μόνον.
2577 5546 2754 5621 Ragg.
2789 5562 2842 5612 a,
2876 5562 2926 5612 c,
2962 5552 3018 5602 et
3046 5546 3141 5621 Or.
3173 5550 3228 5617 2,
3264 5548 3437 5621 μόνῳ.

2222 5620 2312 5690 45)
2344 5618 2572 5690 ΙΙιλόνιυν.
2605 5617 2701 5673 Sic
2733 5633 2939 5690 omnes
2964 5620 3211 5676 codices.
3244 5617 3591 5689 Εᾶητόνων.

2350 5686 2776 5766 ΑὗῖίῖέμΧΡΨἜῷ·
2810 5688 2949 5766 ΒΘΗ·
2982 5686 3392 5766 δωι,ςιῦτῷ
3417 5693 3654 5766 Χριστῷ.

2204 5708 2317 5836 l2?)
2350 5708 3659 5847 ἴέίέεοῗρῗέἒῖιὶιῖἷθὲὸιῗὲῗιίιῗῗτῒαῗῗδἃς»ίὲἅί
