4138 6212
424 343 537 406 915

1669 338 1733 400 S.
1782 337 2151 400 GREGORII
2194 340 2297 399 ΤΗ
2309 338 2591 401 EOLOGI

3724 339 3847 400 916

428 476 565 532 bilis
596 474 848 540 soboles,
898 472 1118 528 alacres
1175 471 1432 527 veritatis
1491 470 1742 544 pugiles,
1805 470 2069 526 Antiochi

2224 467 2524 545 αλόψυχοι,
2562 470 2771 543 μητρὸς
2804 469 3049 545 εύγενοῦς
3105 470 3297 546 εὐγενῆ
3336 468 3717 546 βλαστήματα,
3750 486 3851 549 φι’

427 564 794 636 temporibus
827 560 1225 629 sublimiores,
1259 561 1468 616 sinceri
1509 560 1771 619 Mosaicaa
1802 560 1949 633 legis
1986 561 2077 614 di-

431 649 869 724 scipuli,seduli
903 650 1228 721 patriorum
1261 648 1485 704 rituum
1520 650 1793 704 custodes
1837 663 2083 704 numero

431 745 675 813 septem,
707 738 810 808 qui
842 754 1127 793 numerus
1159 738 1312 808 apud
1351 738 1617 793 Hebraeos
1648 737 1706 791 in
1754 737 1923 792 laude
1974 742 2083 807 est,

431 829 632 898 utpote
658 824 999 896 septenariea
1025 824 1240 894 quietis
1263 824 1540 896 mysterio
1559 830 2084 893 coornatus,unum

432 915 746 988 spirantes,
781 930 967 967 unum
999 916 1354 984 spectantes,
1380 930 1562 968 unum
1597 914 1668 968 ad
1718 913 1896 968 vitam
1956 914 2086 981 iter,

431 1005 544 1060 hoc
574 1007 665 1059 est
722 1006 969 1057 mortem
1032 1018 1133 1074 pro
1185 1001 1311 1072 lege
1362 1002 1463 1057 Dei
1523 1001 1867 1073 oppetitam,
1901 1017 2086 1073 agno-

439 1096 690 1157 scentes,
725 1108 839 1146 non
874 1090 1071 1145 minus
1102 1090 1295 1145 aninis
1326 1106 1505 1161 quam
1561 1089 1907 1161 corporibus
1964 1091 2083 1144 fra-

434 1179 789 1253 tres,mortis
817 1196 995 1234 causa
1024 1178 1177 1233 inter
1203 1196 1263 1233 se
1294 1178 1484 1233 aemuli
1518 1178 1534 1251 (
1567 1180 1619 1250 of
1650 1196 1773 1234 rem
1831 1179 2086 1234 admira-

435 1268 1120 1341 bileml),tormenta,non
1152 1284 1321 1323 secus
1344 1284 1408 1321 ac
1431 1268 1738 1323 thesauros
1778 1269 2085 1339 quosdam.

438 1359 935 1432 praeripientes,ac
966 1373 1069 1428 pro
1100 1357 1385 1429 magistra
1416 1356 1542 1429 lege
1591 1356 1917 1429 periculum
1956 1374 2085 1412 sus-

439 1447 761 1519 cipientes:
824 1446 1060 1501 admota
1128 1449 1419 1501 tormenta
1474 1462 1590 1501 non
1646 1445 1838 1517 magis
1885 1445 2087 1501 formi-

437 1537 665 1605 dantes,
698 1551 875 1607 quam
910 1551 1034 1607 quas
1067 1539 1429 1606 supererant,
1464 1534 1827 1607 requirentes
1855 1549 1867 1589 :
1904 1551 2088 1589 unum

439 1625 551 1681 hoc
575 1628 923 1691 metuentes,
948 1639 1018 1678 ne
1048 1624 1241 1678 fessus
1271 1628 1557 1696 tyrannus
1589 1624 1766 1679 finem
1789 1623 2088 1680 cruciandi

442 1714 678 1781 faceret,
710 1712 911 1784 sicque
934 1711 1197 1767 nonnulli
1230 1728 1299 1767 ex
1361 1713 1507 1784 ipsis
1554 1729 1780 1768 coronae
1829 1717 2090 1784 expertes

444 1802 1028 1872 abscederent,atque
1046 1816 1081 1854 a
1098 1799 1378 1856 fratribus
1398 1800 1563 1856 inviti
1586 1802 2087 1872 disjungerentur,

446 1907 512 1947 ac
543 1889 760 1945 malam
791 1888 1091 1944 victoriam
1115 1889 1414 1957 referrent,
1441 1906 1506 1945 eo
1540 1889 1807 1945 videlicet
1835 1889 2093 1959 adducti,

444 1983 508 2035 ut
538 1978 863 2052 periculum
895 1982 1069 2045 esset,
1104 1994 1177 2033 ne
1207 1994 1322 2034 non
1351 1978 1771 2034 cruciarentur.

517 2159 612 2214 ιν.
647 2157 769 2217 Illic
794 2157 960 2214 fortis
991 2161 1049 2213 et
1076 2160 1550 2227 strenua,mater,
1600 2157 1854 2219 ﬁliorum
1916 2155 2097 2212 simul

446 2252 502 2306 et
533 2248 632 2304 Dei
657 2264 884 2314 amans,
917 2251 1093 2318 atque
1125 2246 1205 2301 ita
1236 2248 1462 2315 affecta,
1497 2251 1562 2303 ut
1591 2251 1855 2303 materna
1907 2246 2096 2318 ipsius

445 2339 667 2394 viscera
698 2342 905 2410 praeter
932 2341 1152 2392 naturas
1186 2352 1408 2392 morem
1439 2336 2098 2408 distorquerentur.Noa

447 2428 605 2485 enim
631 2426 908 2493 filiorum,
940 2426 1039 2497 qui
1086 2425 1373 2497 supplicio
1434 2425 1861 2493 efficiebantur,
1912 2424 2095 2480 vicem

449 2516 718 2573 dolebat:
748 2531 952 2570 verum
985 2513 1235 2570 sollicito
1266 2518 1442 2585 atque
1485 2514 1658 2569 anxio
1707 2514 1903 2569 animo
1951 2517 2095 2581 erat,

451 2622 524 2662 ne
554 2622 668 2661 non
692 2604 836 2676 ipsis
865 2602 1224 2675 supplicium
1274 2603 1623 2658 inferretur:
1658 2619 1762 2658 nec
1819 2619 1938 2670 eos,
1996 2601 2100 2673 qui

453 2696 846 2762 excesserunt,
878 2691 1066 2763 magis
1098 2690 1487 2760 desiderabat,
1522 2707 1701 2764 quam
1733 2690 1989 2763 reliquos
2039 2690 2099 2745 il-

454 2781 527 2839 lis
560 2780 801 2852 adjungi
833 2780 1073 2850 optabat
1103 2794 1116 2834 :
1143 2795 1208 2833 ac
1238 2779 1309 2834 de
1340 2779 1431 2836 bis
1460 2778 1519 2833 in
1549 2779 1755 2850 majori
1787 2796 1927 2836 cura
1954 2782 2099 2850 erat,

458 2886 635 2943 quam
670 2867 897 2937 deillis,
956 2867 1055 2939 qui
1091 2868 1215 2937 jam
1269 2884 1300 2923 e
1334 2867 1451 2923 vita
1500 2869 1845 2940 migrarent.
1879 2868 2098 2923 Horum

461 2959 616 3015 enim
650 2957 892 3012 dubium
921 2959 1096 3027 atque
1118 2973 1332 3028 anceps
1364 2962 1660 3013 certamen
1693 2962 1833 3012 erat:
1869 2957 2103 3012 illorum

461 3050 657 3104 autem
689 3062 932 3101 securus
963 3045 1087 3100 vita:
1118 3045 1519 3117 exitus.Atque
1548 3045 1680 3101 illos
1712 3047 1949 3118 quidem
1977 3047 2103 3117 jam

462 3138 577 3193 Deo
607 3135 1067 3202 commendarat,
1102 3134 1208 3190 hos
1240 3139 1436 3190 autem
1474 3138 1541 3190 ut
1584 3140 1736 3190 Deus
1794 3136 2103 3207 acciperet,

460 3225 786 3281 laborabat.
821 3223 863 3279 0
886 3222 1112 3279 virilem
1135 3222 1400 3279 animum
1431 3223 1489 3279 in
1521 3223 1795 3279 muliebri
1819 3241 2057 3296 corpore
2093 3223 2105 3277 ί
2140 3207 2182 3272 C

463 3313 506 3370 0
537 3313 882 3386 praclarum
916 3315 972 3367 et
1020 3311 1434 3368 admirandum
1498 3329 1714 3369 munus
1743 3313 1754 3366 l
1789 3312 1832 3368 Ο
1887 3312 2110 3368 sacrifi-

464 3402 643 3466 cium,
670 3400 821 3457 289
854 3400 1096 3455 Abrahae
1128 3400 1415 3456 sacriﬁcio
1447 3402 1668 3469 (vereor
1700 3418 1770 3456 ne
1802 3401 1909 3456 hoc
1934 3418 1967 3456 a
2020 3416 2115 3456 me

468 3490 747 3547 audacius
769 3488 1019 3556 dicatur)
1051 3489 1243 3558 majus
1267 3506 1333 3543 ac
1364 3488 1737 3560 praestantius
1763 3488 1775 3544 l
1800 3489 1900 3545 Ille
1955 3490 2113 3545 enim

471 3594 655 3634 unum
687 3576 866 3632 alacri
898 3576 1093 3632 animo
1124 3576 1699 3648 obtulit,quanquam
1723 3578 2115 3650 unigenitum,

471 3671 527 3723 et
557 3665 835 3722 divinitus
895 3664 1275 3736 promissum,
1304 3665 1421 3720 imo
1470 3666 1541 3720 ad
1573 3682 1747 3737 quem
1807 3665 2117 3737 promissio

474 3757 606 3828 ipsa
637 3754 1015 3822 referebatur;
1041 3754 1315 3826 quodque
1364 3756 1556 3826 majus
1581 3760 1688 3825 est,
1724 3755 1824 3828 qui
1858 3771 1970 3810 non
2022 3772 2118 3827 ge-

477 3845 634 3901 neris
664 3846 898 3899 tantum
931 3843 1255 3910 sui,verum
1282 3843 1545 3898 omnium
1579 3843 1753 3900 etiam
1778 3843 2119 3915 hujusmodi

477 3933 808 3992 hostiarum
841 3931 1135 4003 primitiis,
1167 3935 1222 3987 et
1253 3931 1417 3986 radix
1446 3933 1705 3988 exstitit:
1757 3932 1877 3987 haec
1926 3938 2121 3988 autem

478 4022 762 4097 populum
798 4019 1204 4077 universorum
1236 4019 1493 4076 ﬁliorum
1528 4025 1639 4077 Deo
1670 4020 2119 4089 consecravit;in

549 4254 663 4395 (71)
691 4244 1000 4326 Ἀντιόχου.
1036 4252 1090 4307 Is
1118 4252 1444 4309 Antiochus
1476 4251 1830 4325 Epiphanes.

572 4324 643 4378 72
692 4325 795 4375 Τοῦ
825 4322 1097 4383 Μωυσέως
1143 4322 1339 4393 νόμου.
1398 4323 1514 4393 AL,
1544 4326 1641 4377 τοῦ
1699 4328 1830 4377 Μωϋ

551 4327 643 4394 (72

486 4414 601 4468 μων
612 4437 632 4468 1

572 4466 643 4519 73
688 4464 825 4529 Τῆς.
860 4463 1004 4519 Male
1035 4466 1166 4530 τῶν,
1197 4465 1255 4519 in
1287 4464 1423 4521 edit.

552 4466 668 4609 (74)
699 4530 938 4594 Είδότες.
972 4534 1145 4590 Coisl.
1207 4538 1258 4606 1,
1306 4535 1423 4591 Gah

554 4538 668 4609 (74)
699 4538 850 4588 Ειδότ

484 4610 788 4667 facientes.
821 4628 850 4657 »

557 4681 669 4751 (75)
702 4679 872 4751 Θεοῦ.Δ
886 4680 1089 4751 Pass,
1109 4675 1369 4751 Χριστοῦ.

555 4744 669 4825 (76)
699 4744 1032 4825 ’Δ-λλήλους.
1058 4748 1129 4825 ‘I‘n
1160 4744 1551 4825 quibusdam,
1609 4746 1895 4820 ἀλλήλους
1952 4746 2129 4821 ἄλλη-

484 4815 596 4879 λοὶ.
636 4815 695 4877 ίῐι
720 4815 873 4891 aliis,
890 4888 902 4891 ξ
922 4815 1498 4891 ἀλλήλωκτελευτήν.

556 4896 668 4967 (77)
698 4894 817 4967 Τῷν
858 4888 1148 4967 βασάνων.
1203 4892 1376 4949 Deest
1432 4888 1489 4948 in
1536 4909 1637 4949 sex
1694 4893 1832 4967 Reg.
1866 4898 1923 4950 et
1953 4893 2107 4950 Coisl

481 4969 518 5023 2
546 4961 736 5031 Pass,
773 4961 1051 5037 βασάνους.

554 5032 1066 5129 (78)n¢e'oodluevLo_i.
1100 5034 1365 5129 quinque
1398 5035 1622 5129 Rgggnl
1654 5035 1828 5091 Coisl.
1850 5040 1906 5105 2,
1947 5036 2041 5091 Or.
2073 5038 2128 5107 2,

482 5104 855 5177 Par.,Pass.,
887 5104 1085 5176 Gabr.,
1118 5104 1344 5175 Comb.,
1393 5104 1808 5177 εὗλῖχϐούμενοι.

554 5180 665 5253 (79)
697 5177 888 5248 Νίκην.
912 5177 1003 5253 Sic
1035 5194 1135 5253 sex
1162 5179 1364 5252 Regg.,
1416 5180 1590 5237 Coisl.

484 5249 685 5309 Co'mb.
710 5256 880 5307 Deest
908 5249 966 5304 in
997 5250 1135 5305 edit.

554 5325 666 5396 (80)
700 5318 1168 5382 Κινδυνεύσαντες.

488 5415 658 5457 οντες.

558 5468 670 5539 (81)
702 5468 845 5519 Ἐκεῖ
866 5465 1025 5539 βαι-ι,
1059 5460 1543 5539 éxstvn,_«_ha:c_._»

562 5532 1138 5611 (82)Μεγαλοψύχου.
1182 5556 1211 5584 ‹‹
1273 5534 1563 5605 Magnifici
1624 5532 1827 5598 animi,
1884 5532 2131 5605 profusa)

492 5609 880 5666 liberalitatis.
914 5626 942 5655 ››

564 5682 676 5749 (83)
708 5671 1092 5749 Ἀϐραμιαίου,
1162 5675 1299 5747 Reg.
1352 5692 1403 5742 c,
1462 5674 1555 5732 Or.
1614 5677 1671 5743 2,
1728 5675 1884 5748 Sav.,
1927 5675 2128 5747 Comb,

692 4325 795 4375 Τοῦ
825 4321 1097 4383 Μωυσέως
1143 4322 1339 4393 νόμου.
1398 4321 1641 4393 ΛΙ.,“τόῦ
1699 4321 1974 4384 Μωϋσέως
2033 4324 2122 4377 νό-

699 4530 938 4594 Είδότες.
972 4534 1145 4590 Coisl.
1207 4538 1258 4606 1,
1306 4535 1504 4603 Gabr.,
1562 4531 1893 4597 ὁδεύσαντες.
1929 4559 1958 4588 ‹‹
2018 4539 2132 4595 iter

1667 5223 1679 5246 ,
1732 5178 1921 5247 Pass.,
1974 5178 2129 5250 Par.,

1269 5326 1334 5377 In
1421 5320 1779 5393 quibusdam
1858 5315 2128 5373 κινδυνεύ-

2196 558 2417 631 λότιμοι
2464 566 2565 628 τῆς
2617 558 2874 629 ἀληθείας
2924 559 3239 634 ἀγωνισταὶ,
3270 564 3375 613 τῶν
3410 560 3699 634 Ἀντιόχου
3732 565 3843 633 (71)

2194 652 2395 723 καιρῶν
2431 646 2782 723 ὑψηλότεροι,
2831 653 2927 703 τοῦ
2977 649 3247 709 Μωυσέως
3287 648 3461 721 νόμου
3508 651 3619 723 (72)
3665 662 3846 722 μαθηο

2194 736 2280 790 ταὶ
2336 739 2584 811 γνήσιοι,
2640 741 2745 791 τῶν
2808 737 3048 813 πατρίων
3111 736 3246 792 ἐθῶν
3301 733 3545 812 ἀκριϐεῖς
3605 738 3846 816 φύλακες

2195 824 2428 900 ἀριθμὸς
2513 831 2617 879 τῶν
2706 827 2831 899 παρ’
2905 821 3177 900 Ἑϐραίοις
3252 825 3705 899 ἐπαινουμένων,
3765 833 3849 900 τῷ

2195 916 2291 982 τῆς
2336 917 2443 986 (73)
2499 909 2866 987 έϐδοματικῆς
2924 914 3271 977 ἀναπαύσεως
3332 916 3619 991 μυστηρίῳ
3672 918 3849 989 τιμώ-

2200 1023 2382 1075 μενος,
2427 1000 2481 1058 ἓν
2542 1004 2809 1068 πνέοντες,
2862 1003 2996 1078 πρὸς
3047 1002 3102 1057 ’ὲν
3154 1002 3468 1077 βλέποντες,
3523 1005 3649 1076 μίαν
3696 1010 3849 1075 ζωῆς

2196 1087 2321 1145 ὁδὸν
2356 1088 2559 1153 εἰδότες
2591 1094 2725 1165 (74),
2770 1092 2863 1147 τὸν
2918 1091 3050 1168 ὑπὲρ
3102 1096 3197 1147 τοῦ
3250 1097 3384 1148 Θεοῦ
3430 1095 3547 1173 (75)
3593 1095 3847 1163 θάνατον,

2198 1178 2304 1255 οὐχ
2332 1182 2493 1248 ἧττον
2528 1178 2754 1258 ἀδελφοὶ
2803 1179 2898 1243 τὰς
2939 1180 3120 1255 ψυχὰς
3170 1182 3206 1250 ἢ
3238 1182 3305 1235 τά
3335 1182 3581 1253 σώματα,
3618 1180 3854 1252 ζηλοτυ-

2197 1273 2422 1331 ποῦντες
2455 1267 2741 1340 ἀλλήλους
2774 1273 2884 1342 (76)
2932 1276 3030 1338 τῆς
3075 1268 3356 1338 τελευτῆς.
3404 1270 3469 1340 (ὣ
3500 1276 3598 1325 τοῦ
3632 1271 3847 1344 θαύμα-

2195 1361 2355 1429 τοςί)
2414 1359 2852 1434 προαρπάζοντες
2909 1357 3088 1435 ὥσπερ
3146 1358 3449 1434 θησαυροὺς
3499 1360 3597 1421 τὰς
3657 1360 3848 1436 βασά-

2196 1467 2345 1517 νους,
2402 1452 2497 1500 τοῦ
2545 1444 2894 1523 παιδαγωγοῦ
2949 1447 3123 1521 νόμου
3186 1446 3723 1521 προκινδυνεύοντες,
3785 1450 3847 1504 οὑ

2196 1538 2290 1597 τὰς
2321 1537 2737 1611 προσαγομένας
2784 1540 2890 1591 τῶν
2946 1537 3190 1612 βασάνων
3240 1539 3353 1610 (77)
3387 1536 3601 1610 μᾶλλον
3641 1533 3850 1615 φοϐού-

2202 1645 2375 1697 μενοι,
2407 1626 2441 1695 ἢ
2470 1625 2562 1687 τὰς
2612 1623 2940 1698 λειπομένας
2990 1625 3386 1695 ἐπιζητοῦντες·
3437 1625 3491 1680 ’ὲν
3541 1631 3703 1682 τοῦτο
3750 1650 3849 1704 φο-

2200 1708 2458 1787 ϐούμενοι
2532 1716 2645 1787 (78)
2702 1714 2908 1787 μόνον,
2971 1716 3045 1787 μὴ
3106 1714 3309 1789 ἀπείπῃ
3365 1712 3613 1784 κολάζων
3671 1718 3699 1770 ὁ
3759 1715 3853 1772 τύ-

2204 1823 2416 1878 ραννος,
2473 1804 2563 1857 καὶ
2636 1801 2911 1858 ἀπέλθωσί
2976 1823 3115 1865 τινες
3186 1802 3359 1858 αὐτῶν
3430 1802 3853 1880 ἀστεφάνωτοι,

2205 1892 2295 1945 καὶ
2344 1888 2702 1967 διαζευχθῶσι
2731 1896 2836 1946 τῶν
2871 1889 3119 1969 ἀδελφῶν
3152 1890 3392 1960 ἄκοντες,
3448 1892 3539 1947 καὶ
3594 1894 3694 1961 τὴν
3755 1914 3853 1948 καο

2204 1979 2306 2047 κὴν
2374 1979 2529 2050 νίκην
2588 1982 2705 2053 (79)
2753 1982 3020 2051 νικήσωσι
3073 1980 3136 2035 τὸ
3197 1981 3274 2054 μὴ
3333 1982 3521 2036 παθεῖν
3574 1978 3852 2037 κινδυνεύ-

2206 2088 2391 2130 σαντες
2424 2070 2535 2141 (80)
2547 2111 2558 2123 .

2278 2157 2345 2212 Δ’.
2380 2158 2577 2230 Μήτηρ
2608 2155 2718 2211 ἐκεῖ
2754 2158 2869 2231 (81)
2897 2158 3113 2226 νεανικὴ
3160 2157 3251 2211 καὶ
3300 2158 3537 2233 γενναία,
3587 2156 3853 2234 φιλόπαις

2206 2245 2347 2317 ὁμοῦ
2416 2245 2507 2299 καὶ
2598 2245 2851 2321 φιλόθεος
2899 2292 2912 2317 ,
2965 2246 3055 2301 καὶ
3125 2246 3194 2302 τά
3254 2252 3479 2323 μητρῷα
3562 2248 3854 2325 σπλάγχνα

2207 2331 2621 2408 σπαρασσομένη
2654 2335 2800 2407 παρά
2826 2334 2887 2389 τὸ
2922 2333 3065 2396 είκὸς
3094 2342 3196 2404 τῆς
3227 2334 3458 2413 φύσεως.
3492 2335 3564 2389 03
3614 2337 3717 2411 γὰρ
3750 2341 3851 2392 πάι

2208 2441 2440 2496 σχοντας
2473 2420 2625 2492 ἠλέει
2654 2422 2781 2485 τοὺς
2811 2421 3028 2493 παῖδας,
3051 2421 3177 2479 ἀλλ’
3198 2424 3411 2498 ἠγωνία
3430 2425 3492 2479 τὸ
3518 2425 3592 2497 μὴ
3636 2432 3849 2490 παθεῖν·

2209 2508 2334 2566 οὐδὲ
2361 2509 2489 2572 τοὺς
2521 2510 2851 2576 ἀπελθόντας
2906 2510 3083 2567 ἰπόθει
3133 2510 3370 2585 μᾶλλον,
3410 2513 3444 2581 ἢ
3490 2516 3853 2587 προστεθῆναι

2206 2598 2334 2660 τοὺς
2394 2598 2819 2677 ὑπολειφθέντας
2876 2598 3080 2676 ηὔχετο
3116 2621 3128 2634 ·
3192 2602 3280 2656 καὶ
3337 2601 3543 2656 τούτων
3595 2604 3662 2672 ἣν
3718 2603 3855 2677 αὐτῇ

2209 2685 2413 2743 πλείων
2444 2688 2470 2742 ὁ
2522 2687 2710 2763 λόγος,
2756 2689 2790 2759 ἢ
2836 2694 2941 2744 τῶν
2997 2691 3389 2762 μεταστάντων.
3433 2694 3549 2745 Τῶν
3609 2692 3706 2762 μὲν
3753 2694 3857 2767 γὰρ

2213 2770 2524 2852 ἀμφίϐολος
2573 2778 2607 2845 ἡ
2658 2776 2833 2847 πάλη,
2880 2782 2987 2832 τῶν
3039 2774 3095 2832 δὲ
3148 2776 3398 2856 ἀσφαλὴς
3451 2781 3485 2847 ἡ
3539 2777 3856 2841 κατάλυσις⁸

2212 2866 2300 2919 καὶ
2332 2864 2455 2925 τοὺς
2491 2866 2583 2937 μὲν
2616 2862 2724 2935 ἤδη
2776 2865 2892 2938 Θεῷ
2937 2867 3271 2941 παρετίθετο,
3299 2867 3427 2928 τοὺς
3472 2864 3531 2921 δὲ
3579 2868 3731 2929 ὅπως
3764 2868 3861 2923 λά-

2216 2948 2283 3027 ϐῃ
2315 2954 2441 3016 Θεὸς
2473 2953 2797 3031 ἐφρόντιζεν.
2833 2956 2897 3009 Ὠ
2925 2959 3113 3030 ψυχῆς
3162 2953 3407 3031 ἀνδρείας
3459 2955 3510 3011 έν
3568 2958 3864 3031 γυναικείῳ

2214 3047 2292 3113 τῷ
2340 3044 2591 3115 σώματιῑ
2624 3043 2668 3096 ὣ
2718 3044 3017 3116 θαυμασίας
3069 3042 3362 3107 ἐπιδόσεως
3409 3045 3499 3099 καὶ
3548 3045 3867 3123 μεγαλοψύ-

2216 3150 2322 3206 χου
2382 3133 2533 3205 (82)!
2582 3130 2626 3185 ὣ
2677 3133 2776 3203 τῇς
2832 3128 3192 3207 Ἀὅραμιαίου
3246 3136 3361 3207 (83)
3416 3135 3599 3197 θυσίας
3662 3133 3873 3203 ἐκείνης

2222 3220 2266 3275 εἰ
2301 3221 2376 3292 μή
2409 3241 2460 3274 τι
2508 3219 2839 3293 τολμητέον,
2878 3222 2966 3276 καὶ
3020 3227 3202 3295 μεῖζον
3236 3224 3386 3296 (84)ί
3420 3224 3477 3276 Ὀ
3528 3223 3622 3296 μὶν
3651 3224 3754 3299 γὶρ
3784 3224 3873 3278 ἕνα

2220 3308 2475 3385 προσάγει
2524 3309 2857 3384 προθύμως,
2906 3309 2953 3365 εἲ
3001 3311 3092 3365 καὶ
3136 3312 3227 3365 τὸν
3279 3314 3573 3387 μονογενῆ,
3633 3312 3725 3366 καὶ
3780 3314 3869 3367 τὸν

2228 3397 2287 3453 ἐκ
2321 3400 2421 3466 τῆς
2454 3396 2804 3473 ἐπαγγελίας,
2856 3399 2945 3453 καὶ
3000 3398 3076 3461 εἷς
3125 3400 3183 3454 ’ὃν
3231 3402 3265 3469 ἡ
3317 3399 3635 3476 ἐπαγγελία·
3684 3401 3876 3455 καὶτὸ

2229 3492 2436 3562 μεῖζον,
2468 3485 2549 3540 δτι
2588 3487 2663 3559 μὴ
2694 3484 2789 3541 τοῦ
2821 3486 3009 3561 γένους
3047 3488 3231 3560 μόνον,
3268 3486 3413 3543 ἀλλά
3462 3490 3554 3543 καὶ
3594 3492 3706 3543 τῶν
3757 3509 3875 3544 τοι-

2226 3576 2399 3630 ούτων
2439 3576 2712 3648 θυμάτων,
2767 3575 2991 3651 ἀπαρχὴ
3039 3576 3131 3631 καὶ
3182 3577 3301 3653 ῥίζα
3348 3578 3679 3633 καθίσταται·
3729 3580 3767 3647 ἡ
3820 3575 3877 3634 δὶ

2227 3663 2404 3737 δῆμον
2434 3663 2578 3719 ὅλων
2610 3667 2722 3738 (85)
2754 3662 2962 3720 παίδων
2990 3665 3285 3740 καθιέρωσε
3309 3671 3388 3738 τῷ
3438 3671 3578 3739 Θεῷ,
3611 3669 3877 3737 νικήσασα

2225 3754 2314 3808 καὶ
2360 3751 2616 3829 μητέρας,
2655 3755 2743 3808 καὶ
2802 3754 3015 3829 ἱερέας,
3075 3760 3193 3817 τοῖς
3249 3754 3448 3828 θύμασι
3505 3757 3625 3828 (86)
3680 3754 3878 3831 προθύ-

2236 3862 2358 3915 μοις
2411 3841 2486 3903 εἰς
2537 3843 2745 3916 σφαγὴν
2784 3888 2797 3913 ,
2849 3841 3271 3916 ὁλοκαυτώμασι
3319 3842 3598 3920 λογικοῖς,
3658 3845 3875 3921 ἱερείοις

2234 3931 2631 4006 ἐπειγομένοις·
2676 3932 2711 4001 ἢ
2756 3931 2993 4005 μαστοὺς
3040 3930 3361 4009 παρεδείκνυ
3414 3936 3559 4007 (87),
3608 3935 3702 3988 καὶ
3752 3935 3877 3988 cive-

2228 4026 2436 4097 τροφῆς
2473 4018 2870 4093 ὑπεμίμνησκε,
2919 4021 3008 4076 καὶ
3057 4022 3337 4099 προέτεινε
3381 4023 3479 4091 τὴν
3529 4020 3754 4095 πολιὰν,
3793 4024 3880 4077 καὶ

2236 4243 2612 4326 ’ᾼϐραμιαίας.
2644 4282 2715 4293 —-
2743 4252 2823 4326 De
2851 4269 2987 4309 voce
3010 4253 3114 4309 hac
3147 4255 3279 4309 vide
3309 4253 3636 4326 queaplene
3667 4254 3879 4326 doctis-

2236 4321 2499 4405 simeque
2530 4321 2809 4379 disseruit
2837 4329 2895 4378 C.
2934 4330 2998 4382 Β.
3044 4326 3193 4382 Hase
3224 4326 3283 4381 in
3305 4321 3585 4397 Stephani
3616 4325 3882 4381 Thesauro

2235 4395 2375 4452 edit.
2408 4394 2600 4457 Didot,
2635 4396 2745 4450 sub
2777 4412 2933 4463 voce,
2956 4397 3111 4453 Enrr.

2309 4466 2419 4540 (84)
2456 4468 2668 4531 Μεῖζον.
2698 4467 2790 4523 Sic
2821 4468 2959 4540 Reg.
2994 4486 3047 4538 a,
3098 4467 3199 4540 ph,
3232 4468 3384 4537 Par.,
3406 4466 3583 4523 Gabr.
3648 4472 3715 4523 In
3773 4468 3885 4535 ed.,

2288 4534 2463 4603 είζων.

2160 4581 2205 4645 D
2246 4557 2657 4680 μεῶΞνῖὈλων.
2692 4609 2787 4665 0r.
2819 4612 2873 4677 2,
2900 4610 3056 4680 Par.,
3088 4610 3313 4679 Comb.,
3346 4606 3479 4662 δ’λον
3508 4609 3527 4681 [
3558 4609 3737 4681 longe
3769 4628 3891 4665 ω.-

2238 4680 2353 4735 lius
2369 4682 2450 4768 λιες
2484 4680 2821 4737 universum
2854 4682 3137 4754 p0pulum
3155 4681 3468 4749 ﬁliorum,-
3504 4680 3563 4736 id
3591 4680 3735 4751 θεῇσι
3762 4698 3889 4738 om-

2239 4767 2342 4807 nes
2365 4751 2537 4807 ﬁlios.
2589 4774 2617 4802 »
2855 4751 2870 4753 ’
2932 4751 2949 4754 “

2311 4823 2422 4895 (86)
2451 4827 2573 4882 Τοῖς
2606 4821 2828 4893 θύμασι,
2871 4827 2980 4879 etc.
3014 4822 3254 4895 Billius:
3305 4846 3334 4874 «
3393 4821 3764 4878 Victinerum
3822 4824 3887 4878 ed

2240 4911 2439 4950 necem
2466 4900 2749 4967 prompte,
2784 4900 2958 4967 atque
2989 4894 3260 4952 alacriter
3289 4895 3886 4967 accedentium,holm

2239 4966 2576 5022 caustor’um
2600 4970 2821 5022 ratione
2842 4966 3700 5038 praditorum,hostiarumque
3733 4966 3887 5021 omni

2244 5039 2612 5121 festinatione
2633 5039 2704 5094 ad
2726 5038 3016 5094 lanienam
3040 5040 3480 5111 properantium
3505 5038 3892 5095 multitudine

2241 5114 2556 5180 superavit.
2595 5132 2623 5159 »

2311 5182 2422 5253 (87)
2453 5177 2700 5255 Μαστοὺς
2758 5176 3099 5255 παρεδεᾼίκνυ,
3169 5184 3278 5255 etc.
3331 5180 3477 5255 llaec
3526 5196 3562 5234 a
3620 5180 3891 5255 Gregorio

2241 5252 2505 5309 mutuata
2531 5252 2802 5308 videntur
2831 5252 2899 5307 ex
2928 5253 3158 5308 Homer.
3190 5252 3362 5309 Iliad.
3395 5267 3691 5316 xxu,vers.
3722 5252 3814 5317 79,
3835 5258 3889 5306 et

2239 5340 2385 5395 seq.,
2422 5326 2518 5380 ubi
2550 5325 2784 5380 Hecuba
2814 5324 3116 5380 Hectorem
3149 5324 3356 5394 filium,
3383 5341 3455 5380 ne
3483 5339 3618 5378 cum
3661 5323 3888 5377 Achille

2240 5403 2534 5452 certamen
2568 5397 2741 5459 ineat,
2774 5395 3154 5452 dehortatur:

2242 5467 2436 5538 Μήτηρ
2535 5462 2579 5520 δ’
2657 5463 2771 5520 αὖθ’
2844 5465 3098 5543 ἑτέρωθεν
3214 5461 3439 5540 ὀδύρετο
3514 5459 3887 5543 δακρυχέουσα

2240 5608 2409 5664 Mater
2437 5613 2623 5667 autem
2651 5626 2845 5667 rursus
2868 5625 2940 5667 ex
2967 5610 3082 5668 alia
3106 5614 3267 5682 parte
3298 5608 3513 5681 lugebat
3542 5536 3882 5679 lacrymgfg;

3754 5681 3863 5746 [etc
