4138 6212
286 349 406 409 917

1115 342 1412 405 ORATIO
1456 343 1585 402 Χν.
1624 373 1697 384 -
1728 340 1805 399 ΙΝ
1856 338 2481 399 ΜΑΟΗΑΒᾸΞΟΗΠΜ
2532 338 2881 400 LAUDEM.

3583 337 3702 404 918

281 480 345 535 τὸ
384 484 558 553 γῆρας
613 474 726 539 ἀνθ’
784 476 897 548 (88)
927 472 1205 545 ἱκετηρίας
1242 468 1651 548 προύϐάλλετοο
1714 470 1775 524 ού
1834 491 1936 523 σω-

2060 486 2165 541 quo
2224 487 2364 525 sane
2418 475 2655 541 matres,
2718 476 2842 526 tum
2901 472 3255 543 sacerdotes,
3315 472 3568 529 victimis
3624 475 3698 531 ad

284 567 475 643 τηρίαν
534 568 788 635 ζητοῦσα,
837 565 899 617 τὸ
958 560 1014 616 δὲ
1052 567 1239 624 παθεῖν
1274 560 1585 636 ἐπείγουσα,
1637 560 1725 613 καὶ
1756 558 1936 612 κίνδυ-

286 678 379 711 νον
410 652 692 729 ἡγουμένη
724 654 822 720 τὴν
866 646 1162 719 ἀναϐολὴν,
1216 650 1276 705 οὐ
1321 652 1411 704 τὸν
1460 651 1708 720 θάνατον,
1762 649 1795 716 ἢ
1845 647 1937 701 ού-

288 743 374 800 δὶν
423 742 677 814 ἔκαμψεν,
731 735 854 793 οδδὶ
902 737 1223 811 ἐμαλάκισεν
1274 740 1406 809 (89),
1457 734 1581 790 οὐδὲ
1632 733 1934 806 ἀτολμοτὲ-

291 854 385 911 ραν
558 829 829 898 ἰποίησεν·
872 826 971 881 ούκ
1001 823 1351 902 ἀρθρὲμόολα
1380 827 1492 899 (91)
1523 823 1933 899 προτεινόμενα,

290 922 353 977 οὐ
407 918 602 994 τροχοὶ
655 914 1128 993 προσαλλόμενοι,
1160 915 1221 969 ού
1250 920 1644 990 τροχαντῆρες,
1689 911 1750 965 οὐ
1782 931 1938 965 κατα-

284 1009 505 1076 πέλται,
536 1007 637 1061 οὐκ
664 1005 833 1077 ἀκμαὶ
869 1001 1102 1079 σιδηρῶν
1140 1003 1378 1078 ὀνύχων,
1421 1001 1482 1055 οὐ
1529 1001 1653 1077 ξίφη
1706 997 1938 1074 θηγόμε-

283 1121 368 1171 να,
403 1097 464 1152 οὐ
514 1091 742 1164 λέϐητες
792 1093 997 1162 ζὲοντες
1047 1094 1182 1165 (92),
1235 1091 1295 1146 ού
1341 1095 1446 1166 πῦρ
1480 1088 1841 1166 ἐγειρόμενον,
1874 1086 1935 1141 ού

282 1188 537 1264 τύραννος
588 1181 851 1250 ἀπειλῶν,
894 1180 954 1235 ού
1005 1178 1203 1253 δῆμος,
1256 1179 1317 1234 ού
1359 1176 1663 1256 δορυφόρος
1696 1176 1937 1231 κατεπεί-

282 1298 395 1353 γων
431 1278 567 1349 (93),
602 1272 663 1327 οὐ
694 1270 844 1346 γένος
898 1270 1201 1342 ὁρώμενον,
1252 1268 1312 1322 οὐ
1370 1265 1509 1340 μέλη
1563 1264 1932 1339 διασπώμενα,

285 1365 347 1421 οὐ
382 1365 570 1437 σάρκες
629 1359 959 1430 ξαινόμεναι,
1017 1355 1123 1432 οὔχ
1181 1354 1412 1429 α’ίματος
1454 1355 1640 1429 ὀχετοὶ
1702 1353 1933 1429 ῥέοντες,

286 1452 348 1509 οὐ
399 1451 588 1516 νεότης
640 1446 1024 1519 δαπανωμένη,
1088 1444 1149 1498 οὐ
1180 1447 1245 1497 τὰ
1285 1443 1523 1519 παρόντα
1572 1440 1732 1512 δεινὰ,
1779 1442 1840 1497 ού
1871 1445 1937 1496 τὰ

284 1536 746 1617 ποροσδοκώμενα
776 1533 994 1610 χαλεπά
1023 1534 1132 1606 (94)
1162 1553 1170 1564 ·
1205 1532 1295 1586 καὶ
1325 1534 1353 1587 ’ὁ
1399 1537 1516 1593 τοῖς
1548 1529 1741 1593 ἄλλοις
1779 1530 1938 1606 βαρύ-

283 1629 442 1686 τατόν
476 1627 611 1682 ἐστιν
643 1627 753 1697 (95)
787 1622 837 1677 ἐν
869 1628 987 1683 τοῖς
1018 1620 1289 1682 τοιούτοις
1320 1622 1355 1689 ἡ
1379 1624 1475 1675 τοῦ
1504 1618 1754 1675 κινδύνου
1775 1620 1937 1694 παρὲ-

282 1738 493 1786 κτασις,
523 1718 684 1769 τοῦτο
718 1710 892 1783 ἐκείνῃ
937 1710 1000 1763 τὸ
1053 1708 1383 1786 κουφότατον
1417 1711 1506 1777 ἦν·
1544 1707 1804 1786 ἐνετρύφα
1833 1708 1933 1784 γὰρ

281 1811 361 1879 τῷ
391 1805 616 1876 Θεάματι
643 1822 655 1833 ο
691 1800 778 1855 καὶ
810 1800 914 1875 γάρ
945 1820 1061 1860 πως
1094 1798 1183 1852 καὶ
1208 1792 1399 1873 τριϐὴν
1435 1796 1659 1852 ἐνεποίει
1689 1803 1809 1857 τοῖς
1838 1798 1935 1851 πά-
1968 1840 2012 1904 Β

525 1892 537 1904 1
613 1891 625 1904 \
806 1886 841 1904 ΙΝ
984 1890 1011 1902 ~
1393 1883 1405 1904 Ι
1553 1887 1581 1904 n
1670 1885 1681 1903 ν
1886 1884 1897 1904 Ι

284 1907 449 1963 θεσιν,
484 1892 545 1947 ού
572 1891 636 1945 τὸ
666 1886 917 1944 ποικίλον
946 1890 1051 1940 τῶν
1093 1883 1514 1963 προσαγομένων
1553 1885 1793 1960 βασάνων
1832 1884 1934 1957 μό-

281 2003 394 2052 νον,
430 1982 502 2035 ὦν
532 1982 736 2048 πασῶν,
771 1976 845 2037 ὡς
880 1974 1005 2030 οὐδὲ
1033 1976 1107 2036 εἷς
1169 1980 1320 2047 μιᾶς,
1358 1973 1738 2049 κατεφρόνουν·
1791 1970 1936 2027 ἀλλὰ

292 2072 381 2127 καὶ
412 2070 466 2124 οἱ
491 2072 588 2123 τοῦ
621 2065 853 2121 διώκτου
887 2063 1047 2138 λόγοι
1078 2060 1393 2124 πολυειδεῖς
1426 2057 1935 2137 ὅντες,ὑ6ρίζοντος,

293 2156 670 2225 ἀπειλοῦντος,
703 2152 1062 2214 Θωπεύοντος·
1095 2151 1148 2207 τί
1177 2153 1280 2227 γὰρ
1313 2152 1374 2206 ού
1405 2156 1682 2213 κινοῦντος
1714 2152 1847 2228 πρὸς
1876 2149 1939 2207 τὸ

285 2252 471 2323 τυχεῖν
507 2247 580 2299 ὧν
608 2242 811 2313 ἤλπιζε
834 2261 847 2311 ;

2049 574 2247 613 necem
2282 557 2594 626 alacribus,
2626 559 2984 615 holocaustis
3018 561 3242 616 ratione
3261 561 3560 633 lprmditis,
3593 562 3697 619 ho-

2047 648 2178 702 stiis
2209 648 2279 701 ad
2312 647 2606 703 lanienam
2652 650 3120 720 properantibus,
3153 649 3470 723 superavit.
3511 652 3699 723 Atque

2048 737 2227 790 ubera
2265 736 2503 805 quidem
2536 736 2653 792 illis
2701 739 3053 805 ostentabat,
3087 744 3143 793 et
3173 738 3455 810 puerilem
3487 740 3697 796 educa-

2044 824 2263 879 tionem
2296 824 2354 878 in
2379 825 2720 880 memoriam
2744 827 3070 892 revocabat,
3093 828 3484 898 canitiemque
3505 828 3697 899 ipsam

2050 914 2450 983 protendebat,
2485 931 2549 969 ac
2591 914 2800 970 seniles
2834 932 3039 982 annos,
3075 916 3359 987 supplicis
3386 918 3695 987 cujusdam

2046 1001 2326 1057 orationis
2372 1003 2517 1073 loco,
2571 1005 2944 1074 proferebat;
2996 1022 3134 1072 non,
3167 1012 3230 1060 ut
3263 1005 3348 1060 illi
3395 1006 3527 1061 vita:
3576 1024 3694 1062 sua

2045 1089 2437 1160 consulerent,
2473 1108 2757 1162 quaerens,
2792 1092 2893 1146 sed
2928 1094 2997 1147 ad
3028 1093 3365 1150 subeundos
3397 1096 3693 1151 cruciatus

2046 1180 2361 1251 adurgens,
2395 1198 2459 1235 ac
2513 1182 2715 1235 mortis
2764 1180 3123 1248 dilationem,
3163 1198 3276 1236 non
3310 1186 3505 1239 autem
3538 1200 3694 1239 mor-

2046 1274 2185 1339 tem,
2218 1268 2606 1340 periculosam
2639 1286 2767 1325 esse
2798 1270 3159 1325 existimans.
3193 1270 3371 1341 Cujus
3402 1271 3583 1326 animi
3606 1290 3694 1328 ro-

2049 1358 2157 1413 bur
2188 1364 2361 1429 atque
2391 1358 2780 1413 constantiam
2813 1359 2957 1414 nihil
2989 1364 3215 1414 ﬂectere
3248 1364 3304 1414 et
3336 1359 3598 1416 emollire
3627 1377 3693 1416 ac

2047 1447 2346 1503 debilitare
2378 1452 2601 1519 potuit;
2645 1465 2757 1504 non
2810 1449 3203 1504 instrumenta
3231 1447 3505 1504 luxandis
3534 1454 3692 1505 artu-

2047 1536 2156 1591 bus
2188 1536 2647 1602 accommodata,
2681 1554 2807 1608 quze
2849 1537 2906 1591 in
2940 1537 3198 1592 medium
3229 1537 3693 1609 proferebantur,

2047 1642 2161 1680 non
2195 1630 2333 1680 τοίω
2364 1642 2493 1696 quas
2526 1626 3024 1697 proponebantur,
3056 1643 3171 1681 non
3198 1625 3696 1698 exquisistissima

2046 1731 2291 1785 quasque
2360 1718 2785 1769 tormentorum
2850 1730 3111 1787 genera,
3180 1731 3297 1770 non
3370 1712 3691 1771 ferrearum

2046 1802 2401 1872 ungularum
2471 1803 2644 1871 acies,
2722 1820 2837 1858 non
2903 1819 3074 1859 enses
3138 1803 3241 1875 qui
3306 1804 3694 1872 acuebantur,

2047 1908 2158 1946 non
2220 1893 2502 1946 ferventes
2558 1890 2705 1957 olla,
2763 1908 2876 1946 non
2937 1890 3090 1964 ignis
3149 1891 3248 1963 qui
3305 1892 3693 1961 excitabatur,

2044 1997 2160 2035 non
2210 1980 2440 2052 tyranni
2486 1981 2680 2048 minre,
2713 1997 2827 2035 non
2874 1979 3147 2052 populus,
3178 1996 3294 2035 non
3339 1997 3554 2054 urgens
3598 1998 3690 2036 sa-

2046 2068 2240 2136 telles,
2275 2084 2390 2123 non
2423 2069 2651 2141 generis
2681 2074 2975 2140 aspectus,
3010 2085 3125 2124 non
3158 2069 3422 2125 membra
3451 2084 3579 2141 quas
3606 2069 3699 2125 di-

2050 2158 2487 2229 scerpebantur,
2524 2173 2638 2211 non
2684 2174 2889 2212 carnes
2939 2174 3065 2228 quas
3115 2156 3541 2229 lacerabautur,
3584 2174 3699 2214 non

2053 2245 2358 2318 sanguinis
2408 2245 2731 2301 deﬂuentes
2772 2244 2898 2313 rivi,
2933 2262 3043 2300 non
3087 2243 3365 2317 juvenilis
3412 2250 3552 2302 astas
3576 2263 3701 2317 quas

295 2337 737 2402 absumebatur,
772 2351 886 2389 non
921 2333 1230 2405 praesentia
1274 2332 1448 2403 mala,
1482 2350 1597 2388 non
1630 2333 2035 2405 impendentes
2087 2335 2449 2390 acerbitates.
2483 2334 2629 2398 Quin
2663 2335 2863 2402 etiam,
2894 2335 3023 2406 ipsa
3072 2333 3313 2405 periculi
3359 2351 3542 2403 mora,
3574 2351 3702 2407 quas

292 2428 421 2483 aliis
455 2428 511 2482 in
544 2424 886 2496 hujusmodi
932 2424 1107 2478 rebus
1156 2422 1507 2495 gravissima
1556 2440 1684 2478 esse
1732 2425 1902 2489 solet,
1934 2424 2233 2480 levissima
2264 2423 2346 2478 illi
2390 2425 2713 2479 videbatur.
2748 2425 2828 2479 Ex
2876 2424 2983 2479 hoc
3028 2424 3185 2479 enim
3234 2424 3563 2497 spectaculo
3610 2424 3705 2480 in-

292 2515 551 2573 credibili
584 2515 839 2587 quadam
871 2512 1165 2584 voluptate
1215 2512 1693 2583 perfundebatur.
1730 2513 1951 2568 Moram
1995 2514 2212 2585 quippe
2262 2513 2569 2586 suppliciis
2615 2514 3048 2585 quodammodo
3081 2514 3379 2582 afferebat,
3413 2531 3527 2569 non
3576 2514 3707 2586 ipsa

289 2610 522 2662 tantum
573 2607 1022 2669 tormentorum,
1055 2618 1181 2672 quis
1232 2601 1717 2671 admovebantur,
1751 2601 2021 2672 varietas,
2074 2619 2203 2672 quas
2255 2602 2451 2657 omnia
2500 2601 2580 2656 illi
2631 2601 2956 2657 animosius
3005 2602 3489 2673 aspernabantur,
3524 2619 3703 2674 quam

290 2695 481 2768 quivis
515 2694 668 2749 alius
702 2710 884 2748 unum
918 2709 1118 2748 eorum
1150 2691 1238 2747 vel
1270 2690 1456 2747 levius
1487 2691 1795 2747 tolerasset
1822 2710 1834 2747 :
1869 2710 2067 2747 verum
2100 2693 2277 2748 etiam
2310 2691 2662 2764 multiplices
2693 2692 2925 2761 tyranni
2955 2708 3276 2760 sermones,
3310 2708 3468 2748 nunc
3497 2697 3703 2748 contu-

288 2785 479 2842 meliis
510 2785 748 2849 utentis,
784 2799 940 2838 nunc
993 2782 1184 2837 minas
1218 2782 1583 2854 intentantis,
1618 2800 1773 2839 nunc
1823 2782 2138 2841 blanditias
2168 2784 2501 2839 adhibentis
2532 2800 2546 2839 :
2581 2783 2720 2855 quid
2750 2784 2907 2839 enim
2940 2800 3056 2839 non
3088 2783 3289 2853 movit,
3321 2787 3386 2839 ut
3412 2783 3493 2853 id,
3544 2784 3700 2857 quod

290 2874 586 2948 sperabat,
621 2871 1075 2944 assequeretur?

358 2963 434 3017 E'.
487 2959 584 3014 Καὶ
630 2958 813 3032 μέντοι
860 2957 949 3012 καὶ
998 2962 1103 3011 τῶν
1135 2956 1345 3013 παίδων
1377 2958 1432 3012 αἱ
1462 2958 1597 3034 πρὸς
1624 2960 1716 3013 τὸν
1747 2958 1937 3034 τύραν-

288 3072 376 3106 νον
412 3050 743 3125 ἀποκρίσεις,
774 3052 1030 3103 τοσοῦτον
1064 3044 1290 3122 ἔχουσαι
1318 3048 1381 3103 τὸ
1413 3048 1576 3126 σοφὸν
1630 3050 1770 3121 ὁμοῦ
1828 3050 1941 3121 (96)

288 3141 380 3195 καὶ
428 3143 685 3213 γενναῖον,
719 3135 856 3191 ὣστε
891 3136 1058 3212 μικρὰ
1086 3138 1199 3209 (97)
1238 3136 1332 3207 μέν
1360 3135 1489 3191 εἶναι
1520 3137 1657 3211 πρὸς
1679 3137 1776 3205 τήν
1811 3136 1944 3191 ἐκεί-

290 3251 394 3284 νων
426 3228 709 3304 καρτερίαν
746 3229 948 3281 ἅπαντα
977 3226 1043 3280 τὰ
1069 3230 1176 3280 τῶν
1209 3224 1394 3281 ἄλλων
1427 3226 1569 3282 καλὰ
1600 3226 1674 3290 εἷς
1717 3223 1772 3281 ἓν
1820 3247 1941 3280 συν-

290 3316 528 3390 αχθέντα
553 3333 564 3345 ·
626 3314 821 3390 μικρὰν
872 3310 929 3367 δὶ
970 3314 1067 3381 τὴν
1119 3313 1401 3389 καρτερίαν
1436 3313 1572 3387 πρὸς
1599 3314 1699 3381 τήν
1729 3312 1944 3367 ἐκείνων

290 3404 343 3460 ἂν
378 3403 566 3479 λόγοις
599 3402 804 3457 σύνεσιν
864 3401 1081 3456 καὶτῶν
1110 3400 1283 3455 αὐτῶν
1318 3402 1453 3456 εἶναι
1481 3400 1681 3475 μόνων,
1712 3401 1941 3477 πάσχειν

288 3513 347 3549 τε
381 3492 525 3548 οὕτω
571 3492 661 3545 καὶ
712 3489 1029 3569 φιλοσοφεῖν
1082 3489 1132 3543 ἐν
1175 3494 1291 3551 ταῖς
1342 3490 1654 3565 ἀποκρίσεσι
1686 3491 1819 3566 πρὸς
1850 3490 1944 3552 τὰς

286 3586 387 3638 τοῦ
429 3579 721 3641 διώκοντος
754 3581 1002 3651 ἀπειλὰς,
1033 3578 1282 3641 καὶτοὺς
1336 3578 1791 3655 προτεινομένους
1840 3579 1937 3658 φό-

287 3667 518 3743 6mm,th
553 3667 766 3731 οὒδενὸς
789 3672 1030 3738 ἡττῶντο
1063 3670 1115 3723 οἱ
1146 3674 1385 3744 γενναῖοι
1417 3667 1721 3744 παῖδεςριαξ
1754 3672 1788 3739 ἡ
1815 3690 1933 3744 γεν-

287 3759 540 3835 ναιοτέρα
562 3763 794 3813 τεκοῦσα
820 3780 831 3791 ·
894 3759 1104 3813 πάντων
1154 3756 1211 3813 δὲ
1243 3758 1437 3826 ἓαυτήν
1472 3756 1717 3831 ὑπεράνω
1775 3760 1942 3827 θεῖσα,

287 3850 481 3919 καὶτῷ
511 3846 726 3925 φίλτρῳ
753 3848 843 3903 τὸν
880 3848 1047 3920 θυμὸν
1086 3846 1300 3919 μίξασα,
1325 3845 1492 3901 καλὸν
1527 3846 1770 3924 ἐντάφιον
1792 3844 1948 3900 δίδω-

290 3960 341 3993 σι
375 3944 493 3999 τοῖς
521 3937 702 3991 παισὶν
739 3938 955 4006 ἑαυτὴν,
993 3936 1374 4000 ἐπαπελθοῦσα
1402 3941 1520 3998 τοῖς
1562 3935 1946 4011 προαπελθοῦ-

290 4050 343 4083 σι
369 4047 381 4059 °
418 4027 505 4083 καὶ
536 4032 697 4082 τοῦτο
727 4030 844 4090 πῶς
872 4046 885 4095 ;
921 4027 1183 4088 ἑκουσίως
1218 4026 1304 4081 ἐπὶ
1335 4026 1461 4089 τοὺς
1494 4024 1777 4088 κινδύνους
1830 4046 1946 4101 χω-

293 4120 505 4192 ρησασα
534 4118 646 4188 (98)
674 4135 685 4148 ⁶
721 4116 811 4169 καὶ
847 4117 961 4188 μεθ’
985 4113 1115 4170 οθίων
1145 4120 1252 4170 τῶν
1285 4114 1579 4193 ἐπιταφίων
1604 4133 1616 4184 ;
1651 4113 1820 4169 Καλοὶ
1856 4116 1949 4188 μὲν

292 4209 399 4283 γὰρ
430 4205 519 4261 καί
551 4206 602 4259 οἱ
632 4210 738 4260 τῶν
772 4204 980 4261 παίδων
1026 4207 1161 4282 πρὸς
1206 4206 1297 4261 τὸν
1328 4206 1585 4281 τύραννον
1620 4202 1803 4279 λόγοι,
1861 4207 1948 4261 καὶ

290 4294 477 4349 καλῶν
532 4292 841 4349 κάλλιστοι·
905 4298 1023 4355 πῶς
1054 4295 1155 4369 γὰρ
1189 4290 1288 4363 ού;
1328 4295 1444 4367 μεθ’
1482 4290 1554 4346 ὧν
1588 4292 1949 4367 παρετάξαντο

290 4382 383 4436 καὶ
459 4381 540 4442 οἷς
606 4380 699 4434 τὸν
773 4380 1032 4455 τύραννον
1102 4375 1297 4435 ἔϐαλον

370 4584 483 4656 (88)
511 4583 680 4656 νἈνθῗ.
737 4587 822 4641 ita
870 4602 969 4641 sex
1023 4585 1187 4656 Reg.,
1233 4583 1407 4640 Coisl.
1461 4585 1514 4652 1,
1545 4583 1639 4641 Or.
1670 4586 1725 4653 2,
1765 4584 1952 4655 Pass.,

300 4661 457 4718 Par.,
486 4655 608 4711 Jes.
642 4655 702 4711 In
735 4656 862 4712 Par.
895 4657 985 4712 ed.
1021 4655 1203 4711 deest.

374 4726 485 4797 (89)
516 4723 895 4798 figlinum
929 4733 1077 4797 Sav.,
1110 4722 1461 4798 ἐμαλάκισαν.

374 4794 489 4867 (90)
520 4794 945 4873 Ἀτολμρτὲρ-αν.
997 4794 1149 4866 Par.,
1181 4794 1559 4873 ἀπαλλοτὲραν
1605 4798 1950 4871 [mendose].

305 4870 557 4945 Montac:
571 4913 591 4945 ._
616 4868 967 4945 ἁπαλΑωτὲρριν
980 4914 992 4926 .

376 4941 485 5011 (91)
522 4939 638 4996 Οὐκ
685 4937 1053 5015 ἀρθρὲμὶϐολα.
1090 4939 1268 4995 «Non
1320 4939 1609 4997 ﬁdiculis:
1644 4940 1705 4994 οὐ
1734 4938 1953 5015 τροχοί,

306 5009 422 5067 non
479 5019 617 5089 rotae
653 5030 665 5068 :
699 5009 758 5067 οὐ
788 5009 1199 5089 ’τροχαντῇρες,
1249 5028 1364 5089 non
1412 5009 1813 5089 trochantores
1841 5009 1956 5089 Εὀὐ

304 5080 658 5157 καταπέλται,
695 5102 809 5142 non
842 5080 1177 5157 'caiapeltaa.
1212 5104 1239 5133 ιν
1293 5087 1426 5149 Quae
1475 5085 1673 5141 omnia
1712 5084 1958 5141 textoris

306 5156 720 5211 instrumenta.

382 5225 492 5294 (92)
529 5220 764 5295 Λὲϐητες
800 5224 1026 5294 ζέοντες.
1069 5225 1132 5280 In
1167 5240 1281 5278 uno
1313 5225 1464 5295 cod.,
1507 5224 1567 5277 ού
1602 5219 1847 5292 λέϐητες,
1897 5223 1958 5278 οὐ

308 5296 472 5369 θῆρες
498 5295 727 5367 ζέοντες,
760 5322 789 5348 ‹‹
826 5316 939 5353 non
970 5298 1206 5369 lebetes,
1243 5311 1359 5350 non
1387 5295 1895 5369 furentesgbestias.
1930 5320 1955 5347 ››

309 5367 401 5422 Sic
436 5368 612 5424 etiam
647 5371 979 5426 reddiderat
1011 5368 1230 5433 Billius,
1266 5368 1535 5437 quamvis
1569 5367 1728 5422 nulla
1760 5368 1835 5422 sit
1867 5367 1960 5423 be-

313 5439 565 5496 stiarum
598 5443 815 5498 mentio
848 5443 906 5497 in
940 5438 1310 5498 Machabzeis.

388 5508 499 5582 (93)
599 5512 694 5596 Ού.
759 5510 988 5596 δῆμος,
1070 5510 1131 5596 ού

316 5584 457 5655 Beg.
492 5599 543 5653 a,
577 5586 721 5655 c,,d,
754 5582 925 5642 Coisl.
959 5588 1013 5654 2,
1064 5589 1121 5639 et
1139 5582 1244 5655 _Or.
1277 5584 1291 5634 Ξ

1227 5506 1525 5635 δοὲυφόρος
1609 5506 1963 5581 κατεπείγων.

1234 5624 1244 5635 .
1277 5584 1291 5605 ‘
1319 5623 1332 5635 .
1365 5583 1587 5635 abiecto
1640 5577 1963 5635 δορυφόρος.

1319 5623 1332 5649 ,
1365 5577 1587 5653 abiecto
1640 5577 1965 5656 δορυφόρος,

318 5651 558 5722 habent,
592 5651 653 5712 οὐ
688 5651 887 5733 δήμιος
933 5651 1289 5727 κατεπείγων,
1330 5674 1358 5705 ‹‹
1392 5651 1509 5711 neu
1535 5651 1750 5728 urgens
1778 5651 1967 5713 carni-

2121 2962 2188 3017 V.
2233 2964 2304 3017 At
2352 2977 2482 3016 vero
2533 2961 2588 3016 in
2622 2960 2875 3016 filiorum
2924 2961 2995 3017 ad
3042 2964 3357 3033 tyrannum
3405 2959 3703 3032 responsis

2052 3055 2281 3105 tantum
2316 3049 2613 3121 sapientia:
2646 3050 2939 3121 animique
2962 3048 3391 3121 magnitudinis
3414 3049 3621 3114 inerat,
3640 3052 3706 3103 ut

2053 3146 2108 3195 et
2130 3139 2377 3194 aliorum
2401 3139 2663 3193 omnium
2687 3139 2959 3210 prreclara
2980 3139 3134 3195 290
3156 3138 3414 3193 facinora
3433 3138 3493 3192 in
3519 3153 3701 3192 unum

2051 3227 2243 3283 locum
2270 3227 2500 3295 collata,
2526 3245 2638 3299 pra:
2661 3244 2859 3282 eorum
2896 3227 3227 3282 constantia
3248 3230 3306 3281 et
3339 3226 3702 3296 fortitudine,

2056 3317 2368 3388 perexigua
2398 3322 2454 3371 et
2504 3317 2729 3371 minuta
2777 3316 2955 3371 videri
2990 3331 3225 3371 necesse
3257 3316 3334 3371 sit
3364 3333 3377 3371 :
3410 3320 3467 3370 et
3497 3332 3704 3371 rursus

2057 3405 2419 3460 fortitudinis
2444 3409 2620 3476 atque
2650 3404 2994 3460 constantiae
3024 3403 3155 3459 laus
3182 3420 3358 3475 parva
3386 3403 3584 3459 futura
3605 3404 3703 3472 sit,

2054 3495 2101 3549 si
2136 3510 2267 3548 cum
2300 3492 2751 3565 sapientissimis
2772 3508 2975 3547 eorum
3004 3491 3377 3548 sermonibus
3405 3507 3703 3563 compare~

2054 3588 2150 3637 tur
2184 3601 2196 3637 :
2231 3583 2374 3638 adeo
2416 3587 2480 3635 ut
2528 3580 2762 3637 illorum
2796 3580 2916 3635 hinc
2966 3578 3097 3635 laus
3141 3579 3374 3652 propria
3404 3579 3500 3645 sit,
3546 3579 3700 3651 quod

2053 3670 2249 3740 iidem,
2273 3674 2328 3726 et
2358 3671 2439 3724 ita
2461 3669 2753 3725 cruciatus
2773 3668 3121 3740 exceperint,
3145 3673 3202 3723 et
3223 3672 3447 3723 tantam
3469 3667 3702 3738 sapien-

2055 3760 2198 3814 tiam
2230 3760 2593 3814 exercuerint
2615 3758 2671 3811 in
2702 3756 3182 3829 responsionibus
3215 3757 3285 3810 ad
3316 3754 3702 3828 persecutoris

2058 3850 2269 3914 minas,
2302 3848 2661 3917 injectosque
2693 3845 3116 3917 suppliciorum
3147 3849 3414 3913 terrores,
3447 3859 3696 3915 quorum

2057 3936 2226 4002 nulli,
2260 3953 2363 3991 nec
2395 3936 2573 3991 fortes
2608 3935 2731 4002 ﬁlii,
2767 3950 2868 3988 nec
2917 3933 3120 3988 fortior
3150 3937 3337 3986 mater
3365 3932 3697 3988 succubuit.

2057 4025 2205 4091 Quin
2229 4028 2422 4097 potius
2452 4024 2579 4095 ipsa
2603 4040 2782 4095 supra
2803 4021 3000 4077 omnia
3021 4036 3148 4076 sese
3179 4018 3491 4086 collocans,
3516 4020 3701 4092 impe-

2058 4119 2300 4185 tumque
2350 4113 2529 4167 animi
2580 4127 2712 4166 cum
2772 4126 2969 4165 amore
3014 4107 3426 4174 commisceus,
3474 4106 3703 4179 pulchri

2059 4202 2369 4272 cujusdam
2419 4200 2676 4255 funebris
2709 4198 2969 4255 muneris
3018 4197 3161 4266 loco,
3196 4197 3451 4269 seipsam
3504 4195 3703 4252 liberis

2060 4290 2290 4356 obtulit,
2324 4306 2390 4345 ac
2423 4305 2774 4361 praegressos
2822 4292 3024 4343 secuta
3052 4292 3139 4343 est
3174 4304 3187 4342 :
3220 4286 3397 4358 idque
3449 4301 3706 4357 quonam

1560 4365 1823 4442 καλλίους
1897 4377 1953 4434 δὶ
1984 4365 2030 4430 D
2062 4386 2227 4453 pacto
2252 4379 2280 4433 ‘I
2324 4396 2428 4434 sua
2456 4383 2662 4449 sponte
2709 4378 2781 4433 ad
2814 4375 3104 4449 supplicia
3132 4375 3408 4448 gradiens
3439 4392 3451 4431 :
3485 4378 3542 4430 et
3571 4389 3705 4429 cum

2063 4583 2173 4639 fex.
2206 4602 2233 4632 ‹‹
2266 4582 2389 4637 Non
2424 4580 2593 4636 male.
2626 4603 2654 4631 «
2688 4579 3037 4637 Carniﬁcum
3072 4599 3101 4628 ››
3131 4576 3290 4635 enim
3321 4579 3446 4632 erat
3477 4591 3706 4648 urgere,

2062 4658 2126 4709 ut
2172 4653 2440 4708 Antiochi
2482 4654 2653 4722 jussa
2701 4654 3156 4723 perficerentur;
3208 4665 3324 4705 non
3373 4653 3528 4705 certe
3579 4648 3707 4720 ipsa

2060 4725 2235 4781 turba
2268 4724 2627 4794 Macbabaeos
2661 4725 2922 4794 urgebat.

2152 4796 2244 4873 913)
2274 4792 2514 4873 Χαλεπά.
2547 4796 2723 4873 peest
2738 4792 2811 4873 in
2845 4792 3160 4873 plerisque.
3220 4865 3252 4873 Α
3295 4858 3308 4873 ⁸

2152 4798 2244 4868 94)
2274 4798 2514 4850 Χαλεπά.
2550 4798 2723 4851 Deest
2755 4798 2811 4848 in
2845 4798 3160 4866 plerisque.

2132 4798 2247 4939 (95)
2298 4868 2494 4920 Ἐστιν.
2547 4867 2717 4922 Deest
2763 4866 2822 4921 in
2854 4882 2953 4921 sex
3004 4868 3165 4937 Reg,
3216 4858 3389 4917 Coisl.
3433 4861 3490 4929 2,
3524 4859 3620 4917 Or.
3650 4863 3709 4928 2,

2064 4943 2173 4994 etc.

2137 5010 2250 5081 (96)
2278 5012 2466 5079 Ὁμοῦ.
2501 5008 2595 5064 Sic
2643 5024 2743 5081 sex
2789 5008 2955 5081 Reg,
2989 5004 3186 5076 plures
3234 5004 3421 5075 Colb.,
3451 5001 3625 5061 Coisl.
3652 5003 3711 5071 2,

2066 5077 2162 5138 Or'.
2196 5077 2251 5148 2,
2291 5077 2398 5136 etc.
2430 5081 2494 5151 In
2528 5081 2643 5147 ed.,
2676 5077 2818 5151 ἐμοί.

2159 5142 2248 5223 97)
2282 5150 2476 5223 Μικρά.
2515 5142 2782 5223 Quinque
2815 5150 2948 5223 Reg.
2982 5151 3039 5203 et
3065 5146 3236 5223 Coisl.
3264 5148 3320 5219 2,
3356 5142 3569 5223 μικρόν.

2161 5169 2248 5223 Ui)
2282 5169 2476 5225 Μικρα.
2515 5169 2782 5277 quinque
2817 5169 2948 5231 Heg.
2982 5169 3039 5203 ει
3065 5169 3236 5203 UOIBI.
3265 5169 3320 5219 Io,
3356 5169 3569 5220 μικρον.

2161 5223 2251 5295 98)
2293 5225 2631 5305 ,Χωρήσασαπ
2712 5241 2743 5278 n
2796 5223 2969 5305 editis
3008 5220 3285 5305 sequitur
3317 5235 3331 5273 :
3365 5215 3441 5305 (ἧς
3481 5215 3542 5271 ἂν
3576 5211 3718 5305 (and!

2069 5287 2243 5365 σῶμα
2281 5287 2526 5366 ψαύσειεν
2588 5291 2813 5366 ἄναγνον
2875 5293 3041 5364 ἁγνοῦ
3097 5287 3187 5345 καὶ
3234 5287 3497 5366 γενναίου.
3526 5287 3713 5356 σώμα-

2068 5361 2183 5426 τοέ⁸
2237 5387 2263 5415 ι(
2297 5361 2367 5421 ne
2398 5384 2608 5438 purum
2648 5361 2714 5421 ac
2743 5361 3090 5438 generosum
3122 5361 3335 5432 corpus
3382 5362 3454 5438 ab
3484 5361 3716 5438 impuro

2073 5453 2312 5508 corpore
2359 5430 2784 5494 attrectaretur.
2820 5459 2848 5486 »
2886 5436 2993 5490 Sed
3046 5435 3163 5490 haec
3192 5430 3408 5490 temere
3437 5431 3532 5487 hic
3578 5430 3717 5486 sunt

2075 5514 2529 5652 ΘἘῗὸἑῖἶἘϐαΛον
2564 5623 2576 5635 .
2612 5580 2672 5635 In
2702 5577 3078 5651 quibusdam,
3106 5530 3361 5630 ἔϐαλλον.

3728 5588 3775 5623 Α,
