4138 6212
372 273 496 372 eis
544 262 557 321 Ῡ

1629 293 1697 356 S.
1742 289 2113 355 GREGURII
2158 291 2551 356 THEOLOGI

3676 297 3801 359 920

378 442 591 515 quibus
618 437 957 512 epitaphilis
977 436 1005 491 ?
1034 430 1309 501 Quamvis
1331 428 1488 485 enim
1523 426 1750 500 pulchri
1776 440 2028 498 quoque,

2174 421 2231 477 αἰ
2259 426 2336 496 (4)
2367 425 2430 515 οἱ-
2448 431 2549 494 τῆς
2584 425 2812 498 μητρὸς,
2844 426 2933 481 καὶ
2963 426 3367 502 παρακλητικοὶ
3399 428 3794 502 πρότερον,καὶ

385 537 559 601 atque
588 530 730 584 adeo
762 523 1139 598 pulcherrimi
1172 520 1426 574 ﬁliorum
1460 519 1528 572 ad
1566 522 1879 588 tyrannum
1913 530 2033 568 ser-

388 636 591 675 mones
627 616 861 684 fuerint,
895 630 1027 668 cum
1062 610 1279 682 quibus
1312 607 1495 663 aciem
1536 606 1957 668 instruxerunt,
1984 605 2041 657 et

389 708 605 779 quibus
643 710 959 777 tyrannum
1008 700 1371 755 confixerunt
1403 713 1415 750 :
1450 694 1813 766 pulchriores
1842 696 2039 747 tamen

388 795 595 851 matris
617 808 917 849 sermones
950 791 1203 856 fuerunt,
1227 786 1438 857 quibus
1468 801 1566 839 eos
1599 782 1758 855 prius
1781 782 1852 836 ad
1887 796 2040 834 mar-

386 885 537 956 tyriu
549 900 604 937 m
618 882 919 937 cohortata
934 885 1043 945 est,
1061 894 1126 932 ac
1145 876 1353 930 deinde
1370 874 1567 928 fumus
1582 888 1781 927 eorum
1796 884 2042 925 exorna-

386 973 489 1027 vit.
514 971 762 1036 Quinam
778 970 959 1041 igitur
982 966 1237 1021 filiorum
1263 978 1560 1019 sermones
1584 959 1855 1015 fuerunt?
1876 958 2042 1012 Com-

390 1061 632 1116 modum
665 1058 823 1113 enim
874 1054 1049 1111 fuerit
1096 1070 1195 1109 eos
1228 1066 1464 1123 quoque
1496 1048 1658 1104 vobis
1689 1060 2043 1102 commemo-

390 1166 540 1219 rare,
576 1154 640 1203 ut
670 1144 1169 1218 quemadmodum
1202 1138 1565 1208 certaminis,
1595 1137 1677 1191 ita
1705 1149 2046 1191 sermonum

389 1238 587 1304 etiam,
623 1235 722 1306 qui
757 1239 1043 1304 martyres
1094 1232 1359 1299 deceant,
1395 1224 1729 1297 exemplum
1761 1223 2046 1290 habeatis,

395 1326 445 1381 si
480 1326 539 1379 in
573 1325 778 1379 eadem
822 1328 1088 1392 tempora
1133 1316 1477 1372 incideritis.
1510 1314 1618 1370 Alii
1669 1313 1905 1383 quidem
1938 1310 2049 1365 alio

394 1412 685 1469 sermonis
705 1426 913 1482 genere
937 1408 1274 1474 utebantur,
1302 1409 1475 1476 prout
1507 1416 1823 1475 quemque,
1848 1398 1937 1455 vel
1960 1404 2050 1470 ty-

399 1501 571 1557 ranni
610 1500 804 1566 verba,
836 1497 925 1553 vel
978 1493 1370 1567 periculorum
1402 1493 1564 1559 ordo,
1598 1490 1685 1546 vel
1715 1489 1897 1546 animi
1929 1487 2053 1544 ala-

401 1591 578 1645 critas
626 1588 910 1643 armabat.
944 1590 1248 1654 Cazterum,
1284 1587 1349 1637 ut
1393 1582 1736 1637 summatim
1765 1596 1863 1634 eos
1894 1594 2052 1634 com-

400 1676 822 1749 plectar,'tales
874 1678 1041 1729 erant
1072 1689 1084 1726 ε
1122 1696 1149 1721 ‹‹
1184 1671 1386 1737 Nobis,
1420 1687 1451 1725 o
1502 1668 1804 1732 Antioche,
1838 1665 2054 1721 caeteri-

2148 510 2367 587 ὕστερον
2415 512 2711 591 ἐπιτάφιοι,
2754 515 2900 577 Τίνες
2950 516 3039 570 οὖν
3093 518 3144 571 οἱ
3185 521 3292 572 τῶν
3344 515 3551 573 παίδων
3596 518 3803 594 λόγοι;

2150 600 2325 655 Καλὸν
2354 604 2457 678 γὰρ
2492 605 2567 675 (2)
2607 603 3092 677 ἀπομνημονεῦσαι
3143 607 3232 660 καὶ
3280 606 3487 662 τούτων
3530 608 3681 679 ὑμῖν,
3732 608 3807 661 ’ἐν’

2149 689 2315 766 ἔχητε
2341 690 2532 759 τύπον,
2568 693 2747 765 ὥσπερ
2772 694 3071 766 ἀθλήσεως,
3106 692 3248 750 οὕτω
3279 697 3368 751 καὶ
3421 696 3600 770 λόγων
3661 720 3805 774 μαρ-

2148 784 2381 853 τυρικῶν
2414 779 2465 833 ἰν
2495 787 2610 843 τοῖς
2640 784 2910 844 τοιούτοις
2940 790 3172 859 καιροῖς.
3204 783 3414 840 Ἀλλου
3466 786 3559 857 μὶν
3612 784 3805 857 ἄλλοι,

2151 867 2240 921 καὶ
2272 868 2345 930 ὡς
2377 866 2599 923 ἕκαστον
2629 871 2680 924 οἱ
2708 875 2806 925 τοῦ
2838 868 3133 935 διώκοντος
3166 870 3343 948 λόγοι,
3376 875 3409 942 ἢ
3456 878 3561 927 τῶν
3611 872 3802 929 κινδύ-

2152 978 2258 1010 νων
2290 960 2324 1026 ἡ
2351 958 2521 1029 τάξις,
2633 967 2734 1029 τῆς
2782 963 2965 1036 ψυχῆς
2994 962 3056 1015 τὸ
3088 961 3380 1038 φιλότιμον
3416 960 3651 1031 ὥπλιζεν
3678 985 3691 997 ·
3730 964 3807 1025 ὡς

2156 1043 2201 1100 δ’
2243 1047 2332 1101 οὗν
2378 1047 2532 1121 τύπῳ
2579 1043 2894 1121 περιλαϐεῖν
2943 1053 3040 1124 (3),
3093 1051 3227 1119 ἦσαν
3258 1056 3521 1105 τοιοῦτοι·
3555 1077 3581 1103 ‹‹
3617 1054 3808 1124 Ἡμῖν,

2158 1134 2422 1209 Ἀντίιχε,
2454 1136 2543 1189 καὶ
2574 1138 2766 1191 πάντες
2801 1138 2854 1191 οἱ
2884 1138 3324 1212 περιεστηκότες,
3366 1139 3441 1200 εἶς
3504 1140 3596 1210 μὶν
3650 1141 3810 1215 βασι-

2158 1222 2283 1285 λεὺς
2342 1225 2369 1277 6
2427 1225 2575 1292 Θεὸς,
2625 1232 2749 1301 παρ’
2797 1223 2858 1279 οὗ
2906 1226 3224 1301 γεγόναμεν,
3272 1228 3361 1282 καὶ
3405 1228 3539 1303 πρὸς
3586 1229 3645 1283 ’ὃν
3692 1228 3813 1283 ἐπι-

2159 1310 2480 1387 στρέψομεν.
2514 1314 2608 1376 Εἷς
2640 1311 2697 1368 δὲ
2724 1314 3024 1386 νομοθέτης
3048 1317 3074 1370 6
3106 1322 3367 1389 Μωυσῆς,
3400 1316 3457 1370 ὅν
3491 1316 3551 1371 οὗ
3582 1314 3813 1391 προδώ-

2160 1421 2350 1473 σομεν,
2382 1398 2507 1455 οὐδὲ
2543 1397 2959 1478 καθυϐρίσομενο
2995 1402 3057 1457 οὐ
3109 1405 3185 1477 μὰ
3212 1403 3341 1466 τοὺς
3373 1407 3449 1477 (4)
3500 1405 3632 1479 ὑπὲρ
3684 1406 3810 1479 ἀρε-

2159 1496 2261 1557 τῆς
2310 1494 2406 1544 τοῦ
2457 1488 2647 1566 ἅνδρὸς
2708 1489 3007 1564 κινδύνους,
3056 1492 3144 1547 καὶ
3192 1493 3261 1547 τὰ
3307 1491 3494 1547 πολλὰ
3537 1492 3814 1565 θαύματα,

2164 1576 2282 1633 οὐδ’
2310 1578 2367 1632 ἂν
2400 1581 2535 1651 ἡμῖν
2565 1578 2735 1641 ἄλλος
2775 1579 3061 1656 ’Δντίοχος
3096 1580 3297 1650 ἀπειλῆ
3346 1602 3442 1636 σου
3490 1581 3818 1657 χαλεπώτε⁹

2167 1688 2280 1739 ρος.
2314 1666 2422 1721 Μία
2452 1668 2509 1721 ῦὲ
2557 1668 2842 1745 ἀσφάλεια,
2890 1672 2987 1738 τῆς
3018 1668 3244 1738 ἐντολῆς
3273 1672 3308 1739 ἡ
3338 1672 3594 1745 τήρησις,
3626 1670 3719 1724 καὶ
3752 1671 3816 1725 τὸ

401 1783 515 1839 que
560 1765 662 1836 qui
712 1764 951 1831 adestis,
1002 1763 1116 1817 Rex
1166 1777 1319 1815 unus
1353 1764 1441 1815 est
1489 1759 1665 1826 Deus,
1697 1774 1731 1811 a
1778 1772 1893 1827 quo
1924 1771 2054 1825 pro-

2174 1757 2242 1829 μὴ
2278 1756 2499 1833 ῥαγῆναι
2528 1758 2619 1811 τὸν
2651 1758 2837 1831 νόμον,
2883 1759 2928 1831 ᾧ
2969 1759 3369 1834 τετειχίσμεθα.
3420 1758 3533 1814 Μία
3562 1756 3621 1813 δὲ
3666 1756 3816 1832 δόξα.

398 1854 575 1911 creati
607 1869 837 1920 sumus,
870 1856 927 1906 et
952 1851 1024 1906 ad
1065 1866 1238 1921 quem
1270 1852 1647 1904 revertemur.
1684 1845 1847 1901 Unus
1880 1843 2056 1915 legis-

402 1944 554 2000 lator
585 1943 835 2014 Moyses,
869 1956 1043 2012 quem
1094 1956 1209 1993 non
1244 1938 1580 2009 prodamus,
1614 1952 1719 1991 nec
1749 1938 2058 1990 contume-

404 2032 484 2087 lia
530 2032 898 2096 afﬁciemus;
951 2046 1065 2083 non
1116 2044 1219 2099 per
1247 2044 1315 2082 ea
1362 2024 1642 2098 pericula,
1673 2040 1799 2093 quas
1847 2024 1935 2078 vir
1965 2018 2061 2075 ille

407 2120 645 2177 virtutis
675 2135 856 2174 causa
904 2117 1184 2188 suscepit,
1220 2133 1286 2171 ac
1338 2113 1623 2169 miracula
1651 2129 1777 2184 quas
1808 2111 2064 2183 plurima

411 2209 686 2282 patravit,
718 2223 789 2262 ne
820 2206 869 2262 si
902 2205 1052 2261 alius
1094 2203 1331 2277 quidem
1376 2201 1698 2258 Antiochus
1729 2204 1785 2256 te
1816 2198 2065 2255 atrocior

417 2299 586 2355 nobis
617 2296 937 2352 minitetur.
972 2293 1165 2351 Unum
1200 2292 1564 2365 praesidium,
1596 2289 1775 2344 divini
1806 2286 2065 2343 mandati

420 2386 768 2453 observatio,
801 2402 865 2440 ac
900 2402 970 2439 ne
999 2383 1110 2450 lex,
1136 2399 1254 2455 qua
1282 2381 1506 2452 obsepti
1531 2395 1760 2446 sumus,
1782 2377 2066 2448 infringa-

420 2484 538 2536 tur.
575 2479 695 2535 Una
725 2492 896 2548 porro
926 2474 1132 2548 gloria,
1167 2478 1231 2527 ut
1262 2489 1364 2544 pro
1403 2470 1585 2526 tantis
1615 2470 1791 2526 rebus
1821 2468 2068 2541 gloriam

418 2584 654 2624 omnem
676 2570 1145 2620 contemnamus.
1161 2562 1305 2616 Solae
1328 2560 1580 2631 denique
1596 2575 1735 2630 opes
1757 2564 1813 2613 et
1832 2557 2066 2625 divitias,

418 2657 573 2711 bona
604 2671 692 2721 ea,
722 2670 849 2724 quas
882 2651 941 2706 in
974 2668 1076 2722 spe
1108 2648 1412 2703 habemus.
1437 2648 1552 2704 Nec
1579 2663 1712 2702 vero
1743 2646 2067 2718 quidquam

416 2743 574 2799 aliud
590 2740 758 2796 nobis
773 2736 1138 2795 formidabile
1151 2745 1444 2808 est,quam
1459 2736 1683 2806 nequid
1698 2734 1884 2806 magis
1897 2751 2067 2805 quam

421 2830 605 2887 Deum
648 2829 1052 2884 formidemus.
1104 2827 1247 2882 Cum
1282 2826 1373 2881 his
1421 2824 1749 2880 rationibus
1795 2824 1853 2878 in
1887 2823 2067 2879 aciem

421 2918 848 2992 prodimuszhis
871 2917 1052 2971 armis
1067 2914 1335 2971 instructi
1354 2930 1561 2970 sumus
1577 2930 1590 2969 :
1609 2930 1743 2968 cum
1763 2912 2070 2982 hujusmo-

422 3008 481 3063 di
505 3007 821 3080 juvenibus
852 3006 958 3061 tibi
992 3020 1185 3061 sermo
1210 3020 1274 3058 ac
1301 3002 1598 3075 negotium
1629 3007 1740 3057 est.
1763 3002 2070 3058 Jucundus

2166 1846 2228 1899 τὸ
2276 1842 2438 1918 δόξης
2489 1845 2699 1916 ἀπάσης
2750 1844 3018 1922 ὑπεριδεῖν
3071 1850 3147 1921 (5)
3188 1847 3274 1902 ἐπὶ
3304 1845 3683 1917 τηλικούτοις.
3718 1850 3820 1910 Εἷς

2170 1931 2227 1988 δὲ
2274 1931 2535 2004 πλοῦτος,
2583 1935 2649 1988 τὰ
2697 1933 3029 2008 ἐλπιζόμενα
3055 1954 3070 1969 '
3116 1930 3345 2014 φοϐερὸν
3385 1934 3443 1991 δὲ
3474 1933 3652 2007 οὐδὲν,
3693 1939 3731 2006 ἢ
3759 1937 3821 1991 τὸ

2170 2016 2474 2098 φοϐηθῆναί
2519 2044 2571 2077 τι
2620 2023 2726 2099 πρὸ
2774 2026 2926 2081 Θεοῦ.
2980 2026 3129 2081 Μετᾶ
3172 2025 3379 2079 τούτων
3410 2026 3823 2101 παρατετάγμε-

2170 2113 2237 2166 θα
2264 2115 2370 2165 τῶν
2400 2109 2709 2185 λογισμῶν,
2742 2112 2831 2166 καὶ
2865 2112 3039 2175 οὕτως
3072 2111 3398 2186 ὡπλίσμεθα
3417 2133 3429 2145 ”
3480 2116 3617 2187 πρὸς
3644 2115 3829 2169 τοιού-

2170 2221 2298 2263 τους
2346 2221 2429 2255 σοι
2473 2201 2679 2263 νεανίας
2728 2202 2756 2256 6
2806 2200 2991 2277 λόγος.
3026 2199 3155 2257 ’Πδὺ
3186 2204 3280 2274 μὶν
3312 2204 3401 2257 καὶ
3429 2203 3457 2257 6
3488 2204 3695 2276 κόσμος
3732 2203 3828 2257 ού-

2172 2312 2288 2362 τος,
2337 2290 2427 2344 καὶ
2471 2291 2533 2344 τὸ
2582 2295 2831 2366 πατρῶον
2882 2288 3098 2368 ἔδαφος,
3151 2292 3239 2345 καὶ
3284 2289 3461 2369 φίλοι,
3506 2293 3596 2345 καὶ
3628 2313 3828 2367 συγγε-

2175 2385 2308 2446 νεῖς,
2339 2379 2428 2433 καὶ
2459 2377 2777 2451 ἡλικιῶται,
2803 2381 2891 2434 καὶ
2924 2382 2951 2434 6
2972 2381 3096 2442 ναὸς
3130 2378 3287 2442 οὗτος
3333 2380 3397 2434 τὸ
3442 2381 3581 2455 μέγα
3609 2381 3697 2435 καὶ
3730 2402 3827 2437 πε-

2180 2464 2435 2545 ριϐόητον
2518 2464 2713 2541 ὄνομα,
2798 2469 2886 2523 καὶ
2970 2468 3302 2544 πανηγύρεις
3374 2470 3656 2545 πατρικαὶ,
3734 2470 3827 2524 καὶ

2182 2560 2473 2632 μυστήρια,
2521 2558 2610 2611 καὶ
2664 2559 2835 2612 πάντα
2882 2559 2963 2620 οἷς
3003 2560 3167 2631 ἡμεῖς
3197 2563 3301 2613 τῶν
3336 2557 3523 2613 ἄλλων
3554 2555 3826 2636 διαφόρειν

2181 2645 2468 2719 δοκοῦμεν.
2501 2643 2665 2701 Οὔπω
2698 2647 2755 2702 υὶ
2783 2644 2924 2715 ἡδίω
2955 2652 3109 2718 Θεοῦ,
3140 2646 3228 2701 καὶ
3266 2652 3370 2701 τῶν
3417 2648 3549 2723 ὑπὲρ
3593 2653 3690 2702 τοῦ
3729 2670 3826 2702 κα-

2181 2737 2281 2791 λοῦ
2310 2732 2572 2789 κινδύνων
2603 2753 2614 2765 ·
2671 2738 2745 2808 μή
2795 2740 2956 2790 τοῦτο
3003 2736 3250 2809 νομίσῃς.
3285 2735 3498 2808 Κόσμος
3527 2755 3586 2790 τε
3616 2739 3692 2809 (ὃ)
3720 2737 3823 2812 γαρ

2180 2824 2351 2887 ἄλλος
2382 2827 2540 2897 ἡμῖν,
2598 2823 2741 2879 πολὺ
2788 2830 2895 2879 τῶν
2938 2827 3226 2901 ὁρωμένων
3262 2825 3601 2900 ὑψηλότερός
3632 2846 3690 2880 τε
3733 2827 3825 2879 καὶ

2184 2915 2563 2989 μοτιμώτερος
2590 2931 2604 2945 ⁸
2650 2913 2841 2989 πατρίς
2888 2934 2947 2968 τε
2992 2917 3066 2985 (7)
3114 2917 3148 2983 ἡ
3209 2914 3315 2967 ἄνω
3347 2912 3728 2988 Ἰερουσαλὴμ,
3763 2916 3825 2982 ἦν

2181 3000 2356 3064 οὐδεὶς
2390 3002 2672 3077 ’Δντίοχος
2724 3004 3108 3078 πολιορκήσει,
3159 3000 3283 3056 οὐδὲ
3330 3000 3697 3075 προσδοκήσει
3727 3024 3830 3057 πα-

423 3098 661 3169 quidem
696 3100 753 3151 et
799 3093 994 3150 suavis
1026 3093 1119 3148 hic
1168 3093 1426 3147 mundus
1459 3096 1567 3160 est,
1599 3096 1656 3146 et
1686 3091 1942 3162 patrium
1984 3108 2062 3146 so-

2186 3091 2563 3164 ραστήσεσθαι,
2596 3092 2630 3158 ὴ
2664 3090 2898 3165 καρτερὰ
2922 3090 3011 3144 καὶ
3060 3088 3363 3152 ανάλωτςς.
3399 3092 3716 3165 Συγγὲνεια,
3752 3088 3833 3146 δὶ.

422 3187 570 3253 lum,
603 3191 659 3241 et
688 3184 884 3251 amici,
915 3189 972 3238 et
1004 3182 1256 3254 cognati,
1290 3187 1347 3237 et
1397 3180 1668 3252 aequales,
1699 3185 1757 3235 et
1787 3182 2071 3251 templum

424 3276 554 3341 hoc,
587 3276 756 3343 cujus
804 3288 1084 3344 magnum
1136 3287 1201 3326 ac
1232 3269 1458 3325 celebre
1487 3284 1697 3323 nomen
1750 3273 1858 3337 est,
1891 3275 1947 3323 et
1979 3286 2078 3340 pa-

423 3363 541 3418 tria
570 3362 736 3428 festa,
768 3366 826 3416 et
864 3359 1163 3431 mysteria,
1195 3364 1369 3430 atque
1400 3362 1628 3425 caetera,
1664 3357 1811 3413 29‘!
1848 3358 1919 3412 ob
1952 3374 2080 3429 quae

426 3450 703 3507 mortales
745 3465 951 3505 omnes
983 3445 1324 3502 antecellere
1372 3444 1660 3501 videmur.
1696 3449 1911 3501 Verum
1947 3446 2080 3514 ista,

424 3540 542 3595 Deo
590 3536 981 3611 periculisque
1030 3536 1124 3602 iis,
1175 3551 1302 3607 quas
1352 3551 1455 3605 pro
1506 3534 1717 3589 virtute
1766 3534 2081 3602 adeuntur,

426 3629 894 3700 haudquaquam
948 3625 1223 3681 suaviora
1270 3627 1413 3678 sunt
1446 3640 1459 3679 :
1495 3639 1629 3678 cave
1676 3623 1735 3678 id
1767 3622 2084 3678 existimes.

424 3716 589 3773 Alius
621 3716 778 3772 enim
811 3714 981 3770 nobis
1016 3712 1273 3768 mundus
1305 3717 1415 3778 est,
1435 3711 1709 3767 omnibus
1739 3712 1934 3777 rebus,
1960 3730 2086 3783 quae

425 3804 615 3863 oculis
662 3808 1009 3869 cernuntur,
1056 3800 1229 3873 longe
1274 3799 1588 3856 sublimior
1617 3816 1683 3855 ac
1732 3800 2084 3856 diuturnior.

2186 3182 2220 3248 ἡ
2250 3186 2564 3251 ἆμπνευσις.
2625 3180 2713 3235 καὶ
2765 3181 2817 3234 οἱ
2872 3182 2987 3235 κατ’
3044 3181 3239 3256 ἀρετὴν
3271 3184 3637 3256 γεννηθέντες.
3672 3182 3840 3237 Φίλοι

2189 3266 2265 3339 δὲ,
2298 3275 2600 3345 προφῆται,
2631 3267 2720 3322 καὶ
2751 3270 3106 3345 πατριάρχαι,
3137 3272 3264 3345 παρ’
3294 3271 3367 3324 ὧν
3399 3273 3533 3343 ⁴ἡμῖν
3562 3271 3653 3325 καὶ
3684 3272 3711 3325 6
3743 3271 3840 3325 τύ-

2191 3355 2289 3417 λος
2344 3359 2443 3425 τῆς
2501 3352 2787 3419 εὐσεϐείας.
2840 3356 3160 3413 Ἠλικιῶται
3205 3356 3284 3429 δὲ,
3333 3360 3385 3413 οἳ
3427 3362 3668 3435 σήμερον
3700 3362 3841 3433 ἡμῖν

2192 3442 2711 3521 συγκινδυνεύοντες,
2744 3446 2835 3500 καὶ
2865 3448 2964 3515 τήν
2997 3447 3280 3522 καρτερίαν
3313 3447 3643 3522 ὁμόχρονοι.
3694 3450 3848 3505 Ναοῦ

2195 3532 2272 3601 δὶ,
2304 3533 2531 3608 οὐρανὸς
2568 3533 3471 3611 μεγαλοπρεπέστερος,πανήγυρις
3494 3534 3574 3608 δὲ,
3596 3536 3849 3612 ἀγγέλων

2194 3623 2527 3698 χοροστασία
2553 3627 2652 3694 (8)’
2685 3622 2775 3677 καὶ
2810 3626 3109 3699 μυστήριον
3137 3621 3190 3678 ἓν
3230 3625 3389 3699 μέγα,
3437 3624 3527 3678 καὶ
3571 3624 3850 3699 μὶγιστον,

2196 3711 2285 3765 καὶ
2316 3716 2431 3773 τοῖς
2450 3709 2685 3773 πολλοῖς
2716 3712 3055 3790 ἀπόκρυφον,
3085 3713 3113 3767 6
3144 3714 3296 3781 Θεὸς,
3352 3713 3488 3789 πρὸς
3534 3713 3591 3768 δν
3658 3712 3853 3789 βλέπει

2199 3801 2287 3854 καὶ
2316 3800 2383 3854 τὰ
2404 3797 2536 3865 τῇδε
2570 3803 2861 3872 μυστήρια.

430 3895 624 3951 Patria
654 3899 872 3959 autem,
901 3907 1155 3962 superna
1181 3889 1505 3945 Jerusalem
1529 3889 1592 3956 ‘9,
1625 3906 1803 3960 quam
1853 3889 2052 3945 nullus
2081 3891 2403 3947 Antiochus
2446 3893 2822 3963 expugnabit,
2858 3907 2964 3947 nec
3003 3908 3167 3962 spem
3212 3891 3448 3947 habebit
3478 3892 3623 3963 fore,
3665 3898 3732 3948 ut
3762 3893 3849 3947 di-

430 3984 575 4040 tioni
611 3987 788 4054 atque
816 3980 1062 4053 imperio
1094 3995 1201 4034 suo
1235 3978 1528 4049 subjiciat,
1562 3981 1766 4048 utpote
1795 3978 2026 4033 firmam
2057 3983 2115 4033 et
2160 3978 2697 4051 inexpugnabilem.
2730 3979 3007 4051 Cognatio
3038 3979 3199 4050 item,
3231 3979 3543 4051 inspiratio
3575 3980 3675 4035 illa
3695 3982 3762 4048 ⁵ο,
3795 3987 3852 4036 et

434 4072 534 4144 qui
567 4071 893 4127 secundum
924 4068 1197 4123 virtutem
1231 4065 1519 4139 progeniti
1546 4069 1705 4121 sunt.
1735 4065 1919 4121 Amici
1954 4082 2145 4137 porro,
2180 4066 2475 4139 pr0phetse
2519 4071 2576 4123 et
2626 4067 2988 4139 patriarcha,
3023 4083 3057 4122 a
3087 4066 3306 4138 quibus
3337 4068 3570 4140 pietatis
3601 4069 3851 4124 formam

434 4164 491 4215 et
520 4159 861 4230 exemplum
893 4156 1250 4229 accepimus.
1286 4153 1555 4227 [Equales
1602 4157 1897 4227 praeterea,
1930 4154 2031 4227 qui
2062 4155 2367 4211 nobiscum
2421 4155 2594 4210 hodie
2626 4156 2682 4210 in
2728 4155 2939 4212 iisdem
2985 4155 3262 4228 periculis
3313 4161 3642 4227 versantur,
3679 4162 3855 4229 atque

434 4248 494 4303 in
528 4247 826 4303 doloribus
860 4245 1152 4302 constanti
1186 4244 1382 4300 animo
1414 4242 1771 4316 perferendis
1803 4242 2275 4311 contemporanei
2304 4249 2463 4300 sunt.
2496 4244 2643 4299 Nam
2675 4246 2831 4316 quod
2863 4246 2934 4301 ad
2981 4244 3090 4301 hoc
3139 4244 3421 4317 templum
3472 4246 3709 4315 attinet,
3740 4262 3858 4301 cce-

436 4334 560 4391 lum
592 4334 763 4406 longe
794 4333 1267 4406 magniﬁcentius
1296 4336 1401 4388 est.
1435 4331 1566 4387 Jam
1598 4347 1731 4386 vero
1762 4331 1933 4386 nobis
1964 4347 2067 4402 pro
2108 4332 2253 4389 festo
2297 4336 2355 4387 et
2402 4332 2757 4401 celebritate,
2791 4333 3133 4405 angelorum
3164 4333 3380 4389 chorus
3429 4340 3518 4390 est
3554 4350 3567 4391 :
3600 4352 3669 4389 ac
3717 4351 3854 4406 pos-

436 4428 623 4481 tremo
654 4423 999 4495 mysterium
1034 4438 1216 4476 unum
1250 4436 1532 4493 magnum
1563 4423 1736 4491 atque
1767 4419 1909 4475 adeo
1958 4421 2281 4476 maximum
2313 4437 2381 4477 ac
2412 4420 2703 4493 plerisque
2756 4428 2973 4479 tectum
3007 4427 3064 4479 et
3093 4423 3482 4495 incognitum,
3512 4424 3640 4495 ipse
3676 4425 3857 4480 Deusv

440 4514 513 4569 ad
543 4528 718 4585 quem
752 4511 931 4582 hujus
962 4526 1195 4581 quoque
1224 4510 1353 4564 vitae
1386 4512 1596 4564 nostra:
1631 4508 1907 4579 mysteria
1936 4509 2287 4564 referuntur.

510 4601 607 4657 Vl.
641 4624 668 4651 «
704 4600 986 4667 Quocirca
1016 4615 1107 4654 res
1132 4615 1338 4670 parvas
1360 4597 1700 4669 nulliusque
1732 4597 1899 4669 pretii
1925 4598 2057 4653 nobi

2274 4597 2349 4653 Σ’.
2388 4620 2415 4647 ‹‹
2461 4600 2664 4651 Παῦσαι
2729 4598 2906 4653 τοίνυν
2973 4597 3409 4675 ὑπισχνούμενος
3473 4600 3609 4673 ἡμῖν
3667 4601 3743 4673 (9)
3789 4601 3854 4654 τὶ

439 4690 699 4762 polliceri
731 4688 952 4745 desine.
980 4687 1094 4744 Nec
1123 4688 1280 4744 enim
1299 4688 1572 4760 turpibus
1593 4692 1652 4743 et
1683 4686 2060 4759 ignominiosi

2207 4686 2396 4761 μικρὰ,
2428 4686 2518 4740 καὶ
2547 4689 2644 4739 τοῦ
2681 4684 2915 4759 μηδενὸς
2958 4684 3095 4760 ἄξια.
3129 4687 3202 4742 Οὐ
3231 4688 3334 4762 γὰρ
3364 4686 3711 4760 τιμησόμεθα
3735 4692 3852 4748 τοῖς

439 4779 763 4836 honoribus
795 4777 951 4834 afﬁci
974 4776 1425 4845 sustinebimus,
1450 4793 1555 4833 nec
1584 4791 1720 4833 eum
1744 4774 2062 4831 detriment

2203 4774 2438 4847 ἀτίμοις,
2516 4773 2644 4830 οὐδὲ
2712 4773 3073 4852 κερδανοῦμεν
3153 4776 3447 4849 ἔπιζήμια’
3522 4776 3631 4852 οὐχ
3678 4776 3849 4837 οὕτως

511 4949 557 4985 ⁸⁸
585 4947 771 5006 Galat.
804 4962 881 5016 IV,
912 4946 1003 5001 26.
1080 4946 1125 4982 ⁸ο
1154 4944 1295 5002 Gen.
1329 4962 1391 5015 ιι,
1423 4945 1479 4999 7.

539 5118 591 5186 1)
620 5113 745 5188 Καί.
778 5113 874 5188 Sic
903 5118 1023 5188 tres
1054 5114 1194 5188 Reg.
1230 5113 1413 5188 et__Or.
1439 5114 1495 5168 2.
1527 5116 1699 5170 Deest
1727 5112 1787 5167 in
1820 5112 1910 5169 ed.

537 5184 579 5242 2‘
624 5187 752 5259 Γάρ.
785 5187 956 5243 Deest
985 5187 1043 5241 in
1077 5184 1399 5242 nohnullis.

537 5191 593 5333 3)
624 5257 793 5330 Τύπῳ
842 5252 1179 5333 περιλαϐεῖν.
1229 5257 1397 5314 Billiu

516 5292 533 5331 \

445 5333 581 5388 dam
607 5348 705 5401 eos
736 5333 1104 5401 complectar.
1142 5352 1171 5379 ››

517 5404 595 5474 (4)
625 5400 697 5455 Οὐ
750 5400 823 5473 μὰ
860 5393 1009 5468 τούς,
1059 5407 1168 5456 etc.
1205 5424 1253 5474 Aa
1284 5398 1430 5474 ANon
1476 5411 1708 5474 ‘per__ea_
1748 5393 2023 5474 pericula.
2060 5417 2089 5445 ››

446 5466 587 5530 Haec
608 5479 695 5529 est
724 5466 1548 5543 quaedam’jurandigformula.
1574 5466 1665 5522 Sic
1686 5466 1920 5543 Josepb,
1945 5467 2086 5543 Gen:

446 5562 580 5611 xui,
614 5546 700 5610 15,
734 5536 760 5593 (ἒ
796 5560 899 5611 per
928 5536 1176 5599 salutem
1209 5538 1529 5596 Pharaonis
1560 5555 1674 5595 non
1706 5536 2087 5610 egrédiemini

447 5615 651 5670 hinc...
684 5615 1076 5684 exploratores
1106 5615 1270 5669 estis.
1297 5634 1326 5661 τι

624 5252 793 5330 Τηιξτφ
842 5252 1179 5330 περιλαϐεῖν.
1229 5257 1435 5314 Billius
1467 5273 1480 5309 :
1515 5278 1543 5305 «
1578 5260 1643 5309 ut
1671 5254 1924 5309 formula
1954 5271 2093 5325 qua-

2276 5114 2346 5189 (ξ)
2376 5109 2866 5189 Ὑπεριδεῖνηῆθε.
2899 5115 2959 5182 d,
2992 5111 3246 5189 6_1repoc?v.

2272 5185 2350 5253 (6)
2378 5189 2464 5240 Τε.
2498 5185 2669 5241 Deest
2699 5186 2757 5240 in
2790 5185 3111 5243 nonnullis;

2272 5186 2350 5329 (6)
2378 5189 2464 5240 Τε.
2498 5186 2669 5241 Deest
2699 5186 2757 5240 in
2790 5186 3071 5243 nonnulli:

2271 5257 2326 5329 (7
2373 5261 2459 5329 Te.
2489 5257 2549 5312 In
2583 5257 2961 5329 quibusdam,
2995 5253 3071 5312 δέ.

2378 5326 2733 5403 Χοροστᾶσ-ία.
2768 5330 2907 5403 Reg.
2939 5326 2998 5399 ὁ,
3030 5326 3403 5403 χοροστασίαι.

2273 5393 2347 5469 (9)
2377 5393 3071 5473 Ὑπισχνούμενος”ἡμῖνξ’
3091 5393 3185 5457 Sic
3235 5399 3374 5473 Beg.
3419 5413 3485 5473 _a,
3536 5413 3587 5460 c,
3640 5396 3698 5473 (ξ,
3748 5393 3845 5449 Or.

2199 5463 2494 5608 iibeest
2534 5463 2690 5543 ’ἦμῖν
2753 5473 2810 5529 ίῑι
2880 5463 3105 5530 multis.
3173 5463 3351 5539 Editi:
3413 5463 3843 5541 ὑπισχνούμενος

2243 5560 2357 5608 μιν.

2243 5560 2357 5613 μιν.
