4138 6212
322 374 433 438 921

1150 376 1442 437 ORATIO
1484 374 1613 435 XV.
1645 406 1719 418 -—
1749 373 1828 434 IN
1877 369 2507 432 MACHABEORUM
2551 371 2902 434 LAUDEM.

3618 377 3737 437 922
3786 362 3801 375 "

324 501 529 568 ἀθλίως
558 502 1023 580 ἐμπορευσόμεθα.
1070 509 1274 561 Παῦσαι
1326 504 1415 559 καὶ
1464 506 1573 578 (10)
1622 502 1895 573 ἀπειλῶν,
1927 503 1962 572 ἢ

2095 503 2388 574 :onjuncta
2419 500 2582 558 lucra
2612 504 3072 577 complectemur
3103 522 3115 560 :
3151 522 3265 560 non
3300 505 3383 562 ita
3428 506 3740 563 infeliciter

326 591 816 666 ἀνταπειλήσομεν,
878 592 1111 668 ἐλέγξειν
1169 596 1281 668 (11)
1339 614 1433 648 σου
1491 594 1589 662 τὴν
1648 592 1917 655 ἀσθένειαν
1953 635 1966 661 ,

324 681 413 736 καὶ
440 682 578 757 πρὸς
608 681 785 754 τούτῳ
814 683 880 737 τὰ
910 684 1020 755 (12)
1069 683 1309 759 ἡμέτερα
1350 680 1713 755 κολαστήριον
1767 679 1966 756 ἔχομεν

325 768 414 826 καί
444 773 605 841 ἡμεῖς
635 775 762 847 πῦρ,
795 772 840 838 ᾦ
868 771 998 833 τοὺς
1029 770 1261 834 διώγτας
1309 771 1637 843 κολάζομεν.
1671 768 1781 824 Οἳει
1832 772 1968 845 πρὸς

325 856 450 930 ἔθνη
483 859 572 913 καὶ
604 859 795 922 πόλεις
827 860 961 915 εἶναί
1004 883 1087 915 σοι
1138 863 1249 934 (13)
1294 861 1385 915 τὸν
1431 861 1631 936 ἀγῶνα,
1675 858 1763 913 καὶ
1816 859 1971 933 βασι-

330 946 469 1002 λέων
497 946 623 1009 τοὺς
653 947 1097 1025 ἀνανδροτάτους,
1144 951 1216 1004 ὧν
1264 951 1316 1004 οἱ
1368 949 1462 1021 μὶν
1504 950 1884 1023 κρατήσουσιν,
1917 947 1968 1001 οἱ

330 1034 387 1092 δὶ
438 1035 566 1098 ἴσως
624 1039 1048 1108 ἡττηθήσονται,
1109 1036 1232 1092 οὐδὲ
1288 1039 1391 1113 γάρ
1444 1037 1566 1111 περὶ
1623 1034 1964 1105 τηλικούτων

328 1124 510 1186 αὐτοῖς
544 1126 570 1179 ὁ
597 1122 867 1186 κίνδυνος.
902 1127 1042 1200 Πρὸς
1088 1126 1253 1199 νόμον
1300 1130 1433 1181 Θεοῦ
1464 1124 1793 1200 παρατάσσῃ,
1831 1125 1967 1198 πρὸς

326 1211 539 1275 πλάκας
569 1213 986 1288 θεοχαράκτους,
1020 1215 1155 1291 πρὸς
1185 1214 1382 1290 πάτρια
1409 1214 1499 1269 καὶ
1547 1214 1697 1290 λόγῳ
1741 1216 1853 1287 (14)
1879 1215 1968 1268 καὶ

327 1302 515 1378 χρόνῳ
553 1304 913 1375 τετιμημένα,
965 1304 1100 1377 πρὸς
1151 1301 1419 1383 ἀδελφοὺς
1477 1305 1610 1359 ἑπτὰ
1670 1308 1767 1375 μιᾷ
1814 1307 1967 1379 ψυχῇ

326 1389 766 1464 συνδεδεμένους,
828 1392 961 1447 έπτὰ
1005 1393 1289 1468 τροπαίοις
1346 1414 1403 1447 σε
1459 1391 1906 1463 στηλιτεῦσοντας
1948 1409 1961 1427 ⁶

328 1480 401 1534 ὧν
450 1487 714 1554 κρατῆσαι
766 1482 860 1553 μὶν
913 1480 973 1535 οὐ
1029 1481 1208 1557 μέγα,
1258 1484 1557 1553 ἡττηθῆναι
1618 1479 1674 1536 δὲ
1731 1483 1819 1535 καὶ
1852 1480 1972 1536 λίαν

328 1567 578 1644 αἰσχρόν.
609 1568 855 1623 Ἐκείνων
908 1569 1064 1643 ἐσμὶν
1110 1571 1198 1625 καὶ
1246 1573 1398 1645 γένος
1446 1571 1534 1626 καὶ
1588 1570 1844 1643 μαθηταὶ,
1878 1570 1970 1633 οὓς

331 1653 528 1719 στύλος
560 1657 730 1733 πυρὸς
762 1657 852 1712 καὶ
883 1659 1117 1737 νεφέλης
1161 1657 1362 1737 ὡδήγει
1415 1662 1549 1733 (15),
1602 1661 1681 1722 οἷς
1734 1657 1973 1715 θάλασσα

330 1743 591 1818 διίστατο,
649 1746 737 1801 καὶ
795 1750 1042 1821 ποταμὸς
1082 1747 1270 1804 ’ίστατο
1322 1750 1468 1822 (16),
1522 1749 1610 1803 καὶ
1667 1748 1831 1819 ἥλιος
1880 1750 1973 1804 ἀν-

2081 589 2531 664 negotiabimur.
2549 593 2699 657 Quin
2721 598 2781 649 tu
2808 612 3041 667 quoque
3064 595 3235 650 nobis
3259 595 3473 651 minari
3496 596 3696 652 desine
3723 624 3735 659 ς

2079 681 2165 737 vel
2196 686 2395 736 contra
2426 681 2681 737 facturos
2704 700 2809 738 nos
2842 684 3222 750 minabimur,
3258 688 3321 739 ut
3366 685 3733 742 imbecillita-

2078 775 2194 825 tem
2229 775 2387 825 tuam
2422 771 2761 841 prodamus,
2796 777 2971 844 atque
3017 773 3260 845 insuper
3306 778 3735 830 tormentorum

2078 863 2412 914 nostrorum
2446 864 2668 914 metum
2701 860 3076 917 intentemus.
3108 862 3253 917 Nam
3287 863 3457 918 nobis
3483 879 3727 934 quoque,

2078 964 2151 1002 ne
2181 947 2260 1002 sis
2292 947 2546 1013 nescius,
2580 948 2735 1019 ignis
2767 954 2873 1015 est,
2908 967 3025 1021 quo
3059 955 3462 1022 persecutores
3505 957 3735 1008 nostros

2077 1035 2505 1091 excruciamus.
2530 1042 2616 1090 An
2640 1042 2700 1091 tu
2726 1053 2859 1092 cum
2882 1038 3155 1110 gentibus
3178 1042 3235 1093 et
3257 1038 3593 1095 civitatibus
3626 1040 3730 1095 tibi

2077 1128 2371 1180 certamen
2392 1141 2519 1179 esse
2551 1130 2851 1196 putas,aut
2882 1144 3015 1182 cum
3046 1127 3445 1198 ignavissimis
3468 1128 3731 1201 regibus,

2079 1231 2326 1288 quorum
2360 1214 2458 1270 alii
2491 1215 2822 1287 superiores
2853 1216 3274 1284 discedere,alii
3307 1218 3553 1274 fortasse
3574 1219 3731 1274 vinci

2078 1303 2342 1376 queant?
2370 1304 2483 1359 Nec
2539 1304 2777 1373 mirum,
2830 1321 2965 1361 cum
3015 1322 3383 1378 nequaquam
3431 1322 3534 1378 pro
3583 1309 3731 1363 tanti

2081 1392 2358 1447 momenti
2382 1393 2556 1447 rebus
2578 1392 2903 1464 periculum
2928 1396 3198 1450 subeant.
3233 1396 3353 1450 Imo
3374 1410 3507 1451 vero
3530 1395 3736 1451 adver-

2079 1496 2183 1536 sus
2212 1480 2399 1554 legem
2432 1481 2534 1536 Dei
2579 1483 2762 1538 aciem
2814 1482 3077 1553 instruis,
3111 1485 3390 1539 adversus
3436 1483 3669 1540 tabulas
3702 1501 3736 1539 ει

2080 1569 2195 1625 Deo
2227 1569 2420 1625 exscul
2429 1575 2579 1642 ptas,
2612 1572 2892 1627 adversus
2914 1572 3133 1644 patrios
3155 1572 3325 1642 ritus,
3350 1576 3406 1627 et
3428 1572 3649 1627 ratione
3679 1578 3737 1628 et

2081 1658 2431 1731 antiquitate
2496 1666 2825 1728 coornatos,
2893 1662 3174 1717 adversus
3236 1665 3459 1732 septem
3528 1661 3736 1717 fratres

2082 1749 2260 1803 unius
2291 1749 2499 1803 animas
2548 1748 2776 1804 vinculo
2820 1749 3189 1814 constrictos,
3227 1754 3450 1821 septem
3501 1751 3739 1822 trepaeis

331 1834 609 1907 εκόπτετο,
658 1835 746 1890 καὶ
797 1835 957 1911 ἄρτος
1007 1837 1148 1906 ὕετο,
1199 1838 1287 1893 καὶ
1328 1843 1528 1914 χειρῶν
1584 1834 1792 1901 ἕκτασις
1822 1840 1972 1916 ἐτρο-

2095 1842 2355 1893 aternam
2382 1837 2603 1893 nomini
2626 1842 2724 1893 tuo
2746 1837 3046 1894 infamiam
3066 1838 3373 1894 instituros
3401 1855 3413 1893 :
3439 1855 3586 1910 quos
3618 1838 3740 1893 vin-

331 1927 500 1978 ποῦτο
550 1927 662 1997 (17)
717 1923 999 2001 μυριάδας.
1055 1924 1123 1981 δι’
1173 1926 1348 2001 εὐχῶν
1397 1928 1507 2000 (18)
1561 1926 1863 2004 βάλλουσαο
1897 1929 1969 1982 ὧν

333 2012 494 2085 Θῆρες
545 2014 816 2084 ἡττῶντο,
867 2014 957 2068 καὶ
1006 2019 1112 2089 πῦρ
1164 2014 1270 2090 οὐχ
1318 2015 1541 2086 ἥπτετο,
1589 2017 1678 2071 καὶ
1730 2015 1971 2091 βασιλεῖς

331 2100 569 2175 ἀπῄεσαν
603 2104 740 2174 (19),
796 2102 859 2157 τὸ
905 2108 1146 2177 γενναῖον
1198 2105 1581 2177 Θαυμάζοντες.
1632 2102 1885 2177 [εἷ’πωμέν
1921 2126 1973 2159 τι

328 2188 416 2244 καὶ
476 2194 585 2244 τῶν
645 2191 730 2245 σοὶ
788 2191 1109 2267 γνωρίμωνο
1146 2191 1473 2267 Ἐλεαζάρου
1535 2192 1729 2266 μύσται
1786 2196 1975 2267 ἡμεῖς,

330 2275 392 2333 οὗ
432 2279 531 2347 τήν
592 2277 833 2356 ἀνδρείαν
886 2283 999 2353 (20)
1048 2277 1251 2357 ἔγνως.
1302 2282 1723 2358 Προηγωνίσατο
1771 2284 1972 2359 πατὴρ,

327 2364 754 2441 έπαγωνιοῦνται
805 2366 1009 2431 παῖδες·
1060 2368 1302 2440 ἀπῆλθεν
1354 2371 1382 2425 ὁ
1430 2370 1625 2445 ἱερεὺς,
1669 2370 1975 2428 ἰπακολου-

327 2456 478 2526 Θήσει
526 2456 597 2511 τὰ
642 2457 873 2529 θύματα·
923 2457 1109 2513 πολλὰ
1159 2456 1390 2533 δεδίττῃ,
1438 2461 1575 2536 πρὸς
1624 2459 1800 2516 πλείω
1839 2481 1975 2536 παρ-

329 2543 710 2617 εσκευάσμεθα.
763 2544 823 2599 Τί
873 2546 963 2600 καὶ
1018 2543 1231 2622 δράσεις
1280 2550 1450 2620 ἡμᾶς,
1497 2549 1803 2627 ὑπερήφανε
1841 2552 1976 2623 (21),

326 2638 447 2694 ταῖς
477 2632 731 2695 ἀπειλαῖς
758 2651 773 2702 ;
804 2633 855 2687 τί
896 2634 983 2689 καὶ
1029 2634 1328 2708 πεισόμεθα
1356 2654 1370 2705 ;
1405 2633 1572 2693 Οὐδὲν
1625 2637 1976 2715 ἰσχυρότερον

330 2725 439 2776 τῶν
468 2721 636 2776 πάντα
667 2724 852 2777 παθεῖν
900 2723 1154 2797 ἒτοίμων.
1203 2727 1270 2779 Ὠ
1318 2723 1513 2798 δήμιοι
1561 2728 1694 2801 (22),
1748 2726 1799 2781 τί
1848 2726 1979 2800 μέλ-

333 2808 458 2865 λετε
488 2828 503 2879 ;
535 2809 673 2884 τίδδὲ
704 2809 991 2867 ἀναδύεσθε
1023 2831 1037 2882 ;
1070 2812 1122 2867 τί
1168 2814 1229 2868 τὸ
1275 2813 1600 2888 πρόσταγμα
1628 2815 1691 2870 τὸ
1737 2818 1978 2893 χρηστὸν

333 2898 624 2972 ἀναμένετε
656 2918 670 2969 ;
705 2903 820 2958 ΙΙοῦ
852 2902 920 2956 τὰ
967 2901 1090 2979 ξίφη
1127 2921 1139 2971 ;
1171 2906 1277 2956 ποῦ
1323 2902 1390 2957 τὰ
1588 2902 1757 2977 δεσμά
1789 2923 1802 2974 ;
1834 2908 1981 2975 ζητῶ

336 2989 401 3044 τὸ
430 2989 619 3063 τάχος.
655 2987 854 3045 Ιῐλεῖον
907 2990 1219 3046 ἀναπτέσθω
1266 2992 1328 3045 τὸ
1378 2996 1506 3067 πῦρ,
1540 2994 1591 3046 οἱ
1640 2994 1798 3067 θῆρες
1836 2993 1981 3071 ἔνερ-

338 3077 606 3152 γέστεροι,
666 3079 719 3132 αἱ
797 3074 1056 3155 στρέϐλαι
1130 3080 1533 3156 περιεργότεραι
1592 3084 1703 3154 (24)
1738 3101 1750 3113 ’
1810 3089 1983 3139 πᾶντα

2083 1944 2210 1983 cere
2260 1926 2495 1998 quidem
2548 1943 2756 1998 parum
2807 1927 3069 1999 amplum
3128 1931 3303 1999 atque
3351 1927 3739 1984 honoriﬁcum

2084 2016 2278 2085 fuerit,
2312 2015 2384 2070 ab
2416 2015 2561 2087 ipsis
2587 2020 2781 2071 autem
2810 2016 2964 2072 vinci
2997 2017 3314 2072 admodum
3345 2020 3515 2089 turpe
3546 2019 3603 2073 et
3632 2033 3739 2088 pu-

2084 2105 2365 2161 dendum.
2401 2104 2485 2158 Ab
2515 2103 2631 2159 illis
2662 2120 2848 2176 genus
2880 2105 3174 2173 ducimus,
3194 2104 3428 2161 illorum
3461 2105 3741 2177 discipuli

2087 2210 2316 2263 sumus,
2337 2193 2553 2265 quibus
2585 2193 2739 2266 ignis
2772 2194 3062 2266 nubisque
3092 2194 3367 2250 columna
3396 2195 3544 2250 viam
3577 2211 3736 2250 com-

2085 2282 2451 2338 monstrabat
2478 2283 2546 2349 ⁸⁸,
2579 2282 2793 2352 quibus
2826 2300 2983 2339 mare
3022 2283 3398 2338 scindebatur
3425 2284 3497 2348 θ’,
3528 2283 3743 2340 ﬂuvius

2087 2371 2403 2428 sistebatur
2431 2371 2495 2439 ⁸³,
2530 2371 2673 2427 solis
2703 2388 2912 2427 cursus
2943 2372 3371 2444 reprimebatur
3395 2373 3461 2439 “,
3480 2371 3648 2443 panis
3680 2377 3745 2428 ut

2087 2459 2285 2532 pluvia
2313 2461 2528 2515 ﬂuebat
2550 2460 2904 2526 “,manuum
2936 2461 3195 2516 extensio
3226 2460 3745 2517 numerosissimos

2088 2549 2372 2604 exercitus
2405 2565 2508 2620 per
2536 2549 2856 2604 orationem
2909 2549 3211 2613 fundebat,
3245 2553 3418 2619 atque
3448 2549 3507 2604 in
3541 2548 3739 2621 fugam

2087 2637 2345 2693 vertebat
2373 2637 2417 2672 ⁸⁸
2452 2654 2464 2691 :
2499 2637 2717 2709 quibus
2747 2638 2875 2693 feras
2907 2638 3209 2706 cedebant,
3235 2654 3339 2693 nec
3372 2637 3457 2692 vis
3488 2638 3741 2693 ﬂammae

2089 2742 2188 2781 eos
2218 2725 2563 2798 attingebat,
2594 2743 2660 2781 ac
2690 2742 2873 2797 reges,
2905 2742 3102 2782 eorum
3154 2727 3306 2782 292
3340 2725 3740 2782 fortitudinem

2091 2815 2469 2885 admirantes,
2493 2815 2872 2870 discedebant
2891 2816 2954 2870 ⁵⁷.
2984 2819 3192 2888 Atque,
3220 2820 3287 2870 ut
3305 2815 3608 2887 quidpiam
3641 2829 3741 2871 ec-

2092 2921 2379 2976 rum,quas
2404 2904 2755 2974 tibicognita
2779 2904 3339 2976 sunt,proferamus,
3372 2903 3622 2959 Eleazari
3655 2902 3742 2959 di-

2093 2992 2302 3064 scipuli
2334 3009 2563 3060 sumus,
2597 2992 2768 3063 cujus
2799 2997 2860 3047 tu
2896 2993 3358 3064 magnitudinem
3400 2993 3579 3048 animi
3615 3008 3746 3065 per-

2093 3086 2355 3153 spectam
2378 3085 2435 3136 et
2453 3081 2812 3153 exploratam
2845 3081 3026 3138 habes
3057 3083 3121 3137 ⁸⁸.
3155 3081 3323 3137 Pater
3352 3082 3515 3154 prius
3546 3083 3746 3137 decer-

338 3164 478 3220 ἔστω
514 3166 769 3241 βασιλικά
811 3168 900 3222 καὶ
941 3166 1395 3242 πολυτελέστερα.
1447 3170 1590 3244 Ἐγὼ
1630 3170 1974 3246 πρωτότοκός

2095 3171 2258 3241 tavit,
2296 3169 2396 3225 ﬁlii
2456 3175 2656 3241 postea
2712 3170 3036 3225 certabant.
3098 3171 3381 3227 Sacerdos
3436 3170 3744 3239 abscessit,

332 3253 473 3327 εἶμι,
504 3234 718 3328 πρῶτόν
756 3276 822 3329 με
869 3255 1219 3329 καθιέρωσοψ
1251 3234 1358 3333 ὶγῶ
1405 3234 1737 3327 τελευταῖος,
1768 3262 1803 3328 ἡ
1834 3262 1974 3334 τάξις

2095 3260 2341 3315 victimae
2374 3263 2714 3330 sequentur.
2746 3259 2921 3315 Multa
2955 3260 3193 3332 quidem
3242 3260 3511 3326 minaris,
3544 3276 3743 3316 verum

329 3341 711 3421 έναμειφθήτω
746 3364 760 3415 ;
795 3341 933 3400 ἔστω
979 3366 1063 3407 τις
1117 3345 1205 3400 καὶ
1263 3350 1369 3401 τῶν
1407 3346 1582 3420 μέσων
1635 3345 1685 3401 ἰν
1719 3350 1979 3424 πρώτοις,

323 3429 417 3487 ’ἱνα
463 3438 787 3507 τιμηθῶμεν
841 3432 1139 3510 ίσομοιρίᾳ.
1195 3432 1362 3509 Φείδῃ
1420 3433 1477 3490 δέ
1527 3434 1879 3512 ;προσδοκᾷς
1926 3460 1980 3494 τι

324 3521 494 3598 τυχὸν
545 3525 660 3596 (25)
706 3523 795 3577 καὶ
841 3528 948 3578 τῶν
1003 3522 1250 3579 ἐναντίων
1296 3524 1519 3594 ;ῙΙάλιν
1568 3525 1656 3580 καὶ
1704 3525 1978 3590 πολλάκις

325 3610 552 3687 ἐροῦμεν
596 3612 688 3667 τὸν
742 3612 899 3667 αὐτὸν
951 3611 1137 3689 λόγον’
1193 3612 1270 3670 Οὐ
1322 3616 1831 3692 μιαροφαγήσομεν,
1878 3615 1978 3671 οὐκ

325 3698 632 3773 ἐνδώσομεν
826 3707 1025 3757 Θᾶττον
1069 3701 1132 3756 σὺ
1182 3697 1488 3776 σεϐασθήσῃ
1531 3703 1599 3757 τὰ
1644 3704 1905 3778 ἡμέτερα,
1937 3705 1973 3774 ἢ

322 3794 445 3851 τοῖς
477 3794 591 3852 σοῖς
630 3791 793 3863 ἡμεῖς
841 3788 1067 3864 εἷἐωμεν
1115 3792 1251 3865 (27).
1297 3792 1596 3869 Κεφάλαιον
1644 3796 1741 3846 τοῦ
1782 3791 1971 3868 λόγου·

2092 3349 2161 3403 ad
2222 3348 2393 3420 plura
2453 3347 2637 3418 parati
2698 3364 2925 3403 sumus.
2957 3348 3103 3412 Quid
3164 3352 3359 3404 autem
3419 3349 3608 3417 nobis,
3659 3348 3748 3404 vir

2090 3436 2339 3509 superbe
2371 3441 2546 3508 atque
2579 3436 3045 3504 insolens,minis
3076 3436 3205 3493 istis
3237 3438 3354 3493 tuis
3386 3438 3605 3494 facies?
3630 3439 3747 3493 Aut

2090 3544 2205 3600 quo
2233 3525 2493 3582 cruciatu
2528 3526 2900 3582 alﬁciemur?
2929 3525 3085 3581 Nihil
3117 3525 3209 3582 his
3257 3525 3597 3582 hominibus
3628 3526 3743 3582 for-

2088 3615 2335 3687 tius,qui
2367 3616 2438 3671 ad
2471 3615 2702 3687 quidvis
2731 3616 3136 3687 perferendum
3160 3620 3429 3687 prompto
3460 3619 3516 3670 et
3546 3620 3744 3687 parato

2089 3704 2288 3760 animo
2346 3709 2504 3760 sunt.
2563 3703 2903 3771 Carniﬁces,
2963 3705 3104 3777 quid
3164 3701 3739 3767 cunctamini?0uid

2090 3809 2285 3848 moras
2333 3793 2611 3849 nectitis?
2639 3793 2785 3859 Quid
2836 3793 3157 3865 benignum
3188 3798 3246 3847 et
3290 3808 3465 3847 suave
3503 3793 3744 3863 jussum

322 3884 391 3933 ‘Il
422 3879 707 3955 καινότερα
736 3879 1023 3951 ἐπινόησον
1048 3879 1408 3955 κολαστήρια,
1438 3881 1472 3949 ἢ
1504 3880 1570 3935 τά
1599 3880 1839 3956 παρόντα
1861 3880 1974 3946 ἔσθι

2095 3880 2482 3952 exspectatis?
2514 3880 2619 3936 Ubi
2653 3881 2881 3954 gladii?
2910 3881 3015 3935 Ubi
3070 3880 3301 3935 vincula
3323 3880 3350 3935 ‘2
3380 3879 3743 3934 Celeritatem

326 3967 829 4045 καταφρονούμενα.
867 3993 895 4021 ››

2095 3970 2336 4043 requiro.
2390 3969 2548 4042 Ignis
2594 3970 2845 4041 amplior
2893 3970 3264 4037 accendatur,
3311 3968 3566 4023 acriores
3614 3968 3744 4023 ferae

326 4057 752 4130 producantur,
784 4057 1188 4130 exquisitioria
1217 4062 1509 4113 tormenta
1540 4057 1929 4129 proferantur,
1963 4059 2082 4115 sint
2119 4059 2315 4114 omnia
2347 4057 2507 4130 regia
2534 4062 2591 4113 et
2619 4056 2948 4129 splendida.
2984 4057 3214 4113 Primus
3245 4065 3380 4111 natu
3433 4071 3538 4127 ego
3587 4072 3742 4125 sum,

324 4146 586 4218 primum
621 4163 713 4202 me
744 4164 1041 4204 consecra.
1078 4147 1193 4220 Ego
1227 4151 1582 4219 postremus,
1615 4147 1838 4203 ordinis
1872 4148 2020 4203 ratio
2053 4148 2397 4203 immutetur
2423 4164 2435 4203 :
2462 4147 2541 4202 sit
2569 4162 2803 4218 quoque
2835 4145 3129 4219 quispiam
3161 4161 3386 4210 eorum,
3412 4144 3513 4217 qui
3544 4143 3748 4199 mediaa

323 4238 466 4309 sunt
495 4236 708 4303 atatis,
740 4236 799 4292 in
832 4237 1159 4309 primorum
1210 4236 1432 4303 ordine,
1467 4240 1531 4291 ut
1562 4235 1645 4291 sic
1674 4252 1871 4307 aequas
1923 4237 2165 4293 honoris
2195 4236 2494 4309 portiones
2543 4236 2935 4290 obtineamus.
2970 4235 3116 4299 Quid
3149 4233 3381 4307 parcis?
3434 4235 3749 4305 Exspectas

322 4307 576 4379 fortasss
627 4307 851 4397 aliquid
902 4323 1316 4381 contrarium?
1348 4326 1469 4380 Imo
1501 4341 1631 4380 vero
1664 4324 1875 4380 iterum
1924 4342 1990 4381 ac
2037 4307 2214 4382 tertio
2270 4323 2603 4397 saepiusque
2660 4324 2933 4379 eumdem
2980 4339 3308 4380 sermonem
3367 4327 3749 4395 repetemus:

393 4440 439 4476 ⁶¹
475 4439 649 4495 Exod.
679 4456 803 4511 xm,
833 4444 923 4497 21.
998 4442 1043 4476 ⁸³
1074 4440 1252 4496 Exod.
1303 4457 1419 4507 xxv,
1474 4441 1559 4495 16.
1636 4441 1682 4475 ⁸³
1710 4442 1832 4497 Jos.
1886 4458 1973 4507 ιιι,

2172 4442 2218 4476 ⁸⁸
2244 4441 2367 4498 Jos.
2418 4458 2480 4506 x,
2532 4441 2617 4496 13.
2692 4440 2737 4476 ⁸⁸
2771 4440 2945 4496 Exod.
2995 4456 3137 4509 xvn,
3187 4439 3273 4496 11.
3349 4439 3394 4475 ⁸⁸
3425 4438 3601 4494 Exod.
3633 4454 3748 4493 xvx.

322 4511 389 4567 11
421 4527 587 4583 seqq.
662 4512 706 4546 ⁸⁷
738 4513 880 4569 Dan.
912 4529 1026 4579 xw,
1057 4513 1169 4576 30;
1204 4528 1288 4579 ιιι,
1324 4513 1392 4567 15
1420 4528 1585 4584 seqq.
1663 4513 1708 4548 ⁸⁸
1738 4513 1787 4568 ΙΙ
1818 4513 1974 4570 Mact

2120 4529 2195 4584 v1,
2229 4514 2295 4567 18
2328 4528 2497 4584 seqq.

544 4635 849 4782 120111715133?
855 4637 1075 4799 $121133:
1080 4636 1303 4791 qui}...
1333 4706 1514 4779 [haud
1546 4708 1743 4779 recte].

425 4781 513 4849 12)
558 4779 705 4849 ΙῙρὸς
759 4778 939 4849 τούτῳ
988 4799 1075 4835 τα.
1135 4779 1308 4835 COISl.
1369 4781 1419 4849 1,
1478 4778 1613 4849 πρὸς
1691 4798 1743 4834 τε

365 4775 513 4905 άζ12)
558 4775 729 4854 Πρὸς
759 4778 939 4852 τούτῳ
988 4775 1075 4835 τά.
1135 4775 1419 4850 Οό181.’1,
1478 4778 1613 4853 πρὸς
1691 4775 1853 4834 ⁴ἓοῦτο
1905 4775 1982 4834 ἔτι

326 4871 361 4905 τ
403 4890 415 4902 .

399 4890 512 4992 (13)
546 4926 663 4993 Σοι.
700 4926 868 4977 Deest
896 4921 955 4993 in
990 4921 1127 4993 Reg.
1162 4938 1216 4993 ιι,
1248 4938 1293 4976 c.

400 4990 491 5061 (14
544 4991 724 5068 Λόγῳ.
759 4997 880 5047 Duo
913 4990 1111 5063 Οοίειξ,
1144 4990 1319 5065 νόμῳ,
1354 5014 1383 5043 ι(
1414 4992 1538 5065 lege
1578 5015 1625 5049 ιι.

400 4993 512 5137 (15)
541 5061 781 5137 Ὠδήγει.
815 5064 1077 5137 Quinque
1104 5064 1268 5137 Reg.,
1300 5064 1475 5121 Coisl.
1510 5067 1565 5132 1,
1587 5064 1625 5121 Ο

339 5136 355 5157 ι
380 5061 511 5157 ι(15)
541 5061 781 5139 Ὠδήγει.
815 5064 1077 5137 Quinque
1098 5061 1280 5138 Reg},
1300 5061 1565 5132 Coisl.'1,
1587 5064 1681 5121 Or.
1720 5065 1770 5133 1,
1792 5064 1979 5133 Pass.,

322 5136 444 5205 ὡδή
492 5155 601 5189 ουν.
690 5136 699 5139 ⁷
990 5136 999 5137 “
1196 5136 1213 5138 “
1256 5136 1259 5137 ⁷

395 5155 511 5292 (ὦ)
565 5204 826 5292 “cuper:
885 5202 1102 5292 ἵστατο,
1160 5210 1270 5263 etc.
1352 5206 1534 5273 Pass.,
1590 5225 1731 5260 ποτα
1763 5207 1865 5278 μὸς
1900 5205 1990 5260 ἀν-

324 5274 613 5344 εκόπτέτο,
644 5274 733 5331 καὶ
763 5275 923 5345 ἥλιος
948 5274 1161 5334 ἵστατο.

399 5352 512 5420 (17)
544 5344 894 5421 Ἐτροποῦτο.
944 5350 1087 5422 Du0_
1121 5351 1285 5422 Reg.,
1333 5348 1508 5406 Coisl.
1562 5349 1586 5402 1
1628 5353 1699 5422 et
1730 5350 1784 5415 2,
1837 5344 1984 5419 ἐτρέ-

323 5419 506 5497 mss
523 5419 869 5497 [mandssel-
902 5421 1040 5497 Alii.
1071 5419 1329 5497 ἐτρεέιττί
1353 5420 1723 5497 [perpessum]-

402 5484 642 5564 (18)’Δι’
699 5484 896 5567 εὐχιῖἷν.
948 5484 1139 5549 Coisl..
1178 5495 1234 5559 2,
1294 5484 1392 5548 Οιῖξ
1448 5484 1498 5559 1,
1553 5484 1705 5563 Pan,
1766 5484 1835 5543 δι’
1894 5488 1985 5544 εὐ-

418 5585 465 5625 ς.

333 5583 517 5709 ᾐδὲ)
548 5632 838 5709 ’ᾼτξῄεσαψ
874 5635 1000 5709 Sic_
1016 5634 1210 5709 plures
1242 5635 1405 5709 Reg,
1455 5632 1763 5708 Chrysan.,
1808 5632 1979 5692 Coisl.

322 5706 383 5775 2,
408 5703 516 5765 'Or'.
548 5706 601 5776 ι,
632 5703 788 5775 Ρη..
818 5710 926 5765 etc.
961 5703 1136 5776 Edlti,
1167 5703 1446 5780 ἀνῄνεᾶαν.

2009 4642 2058 4707 Ι)

2158 4637 2271 4709 (20)
2289 4631 2599 4710 _’A_v8_petav.
2630 4636 2722 4691 Sic
2769 4637 3030 4709 quinque
3075 4635 3213 4708 Reg.
3267 4639 3323 4691 et
3374 4635 3470 4691 0r.
3506 4635 3556 4690 1.
3592 4633 3745 4689 Editl

2091 4704 2517 4782 velfo,'&v391av_.

2164 4774 2276 4852 (21)
2308 4774 2788 4852 Ὑπερήφανεχεὶο-
2809 4777 3008 4852 plures
3037 4782 3198 4850 ch.,
3228 4777 3534 4850 Chrysan.,
3566 4774 3743 4832 Coisl.

2095 4852 2120 4907 1
2155 4848 2213 4925 et
2242 4854 2299 4918 2,
2330 4852 2493 4925 Pass.
2523 4848 2588 4925 Ῑιι
2610 4851 2734 4925 _ed.,
2770 4848 3037 4925 ὑιξερήφα.

2165 4923 2278 4994 (22)
2312 4924 2533 4994 Δήμιοι.
2566 4922 2659 4977 Sic
2692 4918 2792 4994 sex
2822 4918 2987 4993 Regi,
3019 4919 3324 4994 Chrysan.,
3345 4918 3517 4975 Coisl.
3554 4920 3578 4974 1
3613 4923 3671 4975 et
3689 4922 3745 4987 2,

2092 4988 2292 5052 Camb.
2324 4988 2467 5064 Male
2497 4993 2558 5049 in
2589 4994 2705 5064 8d.,
2738 4988 2935 5064 δῆμοι,
2965 5013 2994 5043 ι(
3026 4988 3246 5064 populi.
3283 5012 3304 5041 ι

2128 5063 2405 5192 d(23)Tai.
2456 5065 2548 5122 Sic
2599 5061 2738 5138 Reg.
2789 5061 2843 5130 εξ,
2894 5081 2943 5132 c,
2991 5061 3051 5133 d',
3104 5061 3166 5119 et
3211 5061 3412 5119 Comb.
3468 5066 3640 5119 Deest
3689 5062 3746 5117 in

2170 5155 2184 5192 1
2219 5178 2232 5191 .

2094 5138 2232 5192 edit.

2166 5208 2278 5282 (21)
2312 5204 2756 5282 llcpitpydtspm.
2792 5206 2931 5282 Reg.
2961 5206 3083 5271 bm,
3107 5198 3542 5282 ξτεριεργότεροι.

2163 5274 2277 5351 (25)
2313 5274 2632 5351 Προσδοκᾷς
2647 5274 2711 5331 ’τι
2743 5274 3068 5351 τυχόῖηθιο.
3102 5274 3198 5351 Sic
3229 5274 3539 5351 trg§__l_l_cg.,
3571 5274 3741 5331 Coisl.

2092 5351 2147 5418 2,
2181 5346 2332 5418 Par.,
2365 5346 2591 5417 Comb.,
2621 5356 2731 5406 etc.
2767 5346 3024 5423 ln'edit”
3054 5348 3264 5423 τυχών.
3298 5346 3500 5404 Billius
3539 5363 3551 5401 :
3592 5369 3613 5397 ι
3649 5364 3743 5403 ex-

2094 5428 2323 5494 spectas
2356 5422 2623 5494 fortasse,
2658 5428 2721 5477 ut
2750 5421 3073 5478 orationem
3105 5421 3515 5494 retexgamusu»
3566 5487 3595 5494 Α
3687 5486 3715 5494 Α
3798 5452 3819 5471 μ

2162 5486 2805 5576 (26).Ἐνδώσομεν.ιδὶς
2849 5498 2985 5576 Reg:
3039 5510 3089 5576 ϐ,
3134 5494 3197 5576 εἰ,
3243 5489 3414 5545 Coisl.
3458 5490 3513 5555 2,
3560 5487 3654 5543 ΟΡ.
3686 5486 3716 5537 2

2095 5560 2419 5635 ΡιιῬηᾎῘθεη
2454 5572 2513 5622 et
2542 5560 2742 5622 Comb.
2778 5564 2838 5620 In
2871 5560 3033 5627 θάἶῑ..
3067 5560 3393 5635 ἐκδώσομεν.

2164 5629 2277 5711 (27)
2308 5629 2573 5709 Εἴξιυμεν.
2607 5637 2873 5710 Quinque
2902 5637 3065 5709 Reg.,
3097 5629 3306 5707 εἴξομεν
3336 5629 3620 5705 [rectius].
