4138 6212
379 253 498 316 923

1617 257 1683 317 S.
1731 257 2101 318 GREGORII
2144 257 2535 319 THEOLOGI

3669 256 3794 318 924

377 384 505 442 Non
537 385 788 458 impuris
821 385 970 443 cibis
1000 404 1321 457 vescamur,
1355 406 1471 445 non
1521 405 1732 444 manus
1776 388 2070 445 dabimus.
2105 390 2286 445 Citius
2318 394 2521 446 nostra
2551 388 2938 458 veneraberis,
2973 405 3153 461 quam
3185 392 3249 444 ut
3294 404 3401 445 nos
3449 388 3565 443 tuis
3618 388 3795 445 ceda-

383 490 537 530 mus.
570 475 758 530 Verbo
800 474 1025 545 dicam;
1076 482 1177 531 aut
1224 496 1373 535 nova
1403 482 1827 535 tormentorum
1861 494 2073 551 genera
2104 479 2388 551 excogita,
2421 484 2521 535 aut
2572 479 2717 545 hac,
2747 495 2877 549 quae
2925 478 2983 533 in
3034 483 3310 550 promptu
3359 482 3518 547 sunt,
3553 494 3586 532 a
3619 477 3794 533 nobis

383 563 677 619 contemni
708 581 812 637 pro
844 571 999 621 certo
1031 566 1200 622 habe.
1236 590 1261 616 ››

456 654 715 708 Vll.lla3c
733 654 973 725 quidem
1000 655 1108 710 fuit
1127 656 1363 712 illorum
1391 658 1461 712 ad
1487 662 1801 728 tyrannum
1826 658 2031 713 oratio.
2064 719 2066 724 η

2218 658 2285 710 Ζ’.
2316 660 2488 711 Ταῦτα
2522 656 2616 729 μὶν
2666 656 2801 731 πρὸς
2848 656 2938 710 τὸν
2994 654 3268 730 τύραννον.
3302 657 3372 709 ’Δ
3414 650 3470 708 δὲ
3516 651 3794 723 ἀλλήλοις

380 742 510 798 Jam
544 759 676 797 vero
709 760 834 815 qua;
865 744 1018 800 inter
1049 762 1109 801 se
1158 746 1501 802 cohortandi
1537 765 1715 803 causa
1744 747 2036 817 dicebant,

383 848 625 903 quasque
651 834 971 903 spectanda
997 835 1533 907 praebebant,quam
1558 836 2037 909 praeclara,quam

385 936 571 991 sacra,
605 920 836 992 piisqus
887 921 1226 978 horninibus
1272 924 1477 995 quovis
1538 924 1649 980 alio
1708 924 2039 996 spectaculo

384 1012 560 1079 atque
583 1010 1151 1081 auditujucundiora
1175 1012 1186 1066 l
1212 1013 1497 1084 Equidem
1522 1012 1646 1084 ipse
1662 1031 1729 1069 ea
1760 1013 2042 1070 memoria

386 1096 668 1164 recolens,
701 1098 1029 1153 incredibili
1061 1099 1357 1172 voluptate
1403 1101 1717 1171 diifundor,
1751 1118 1815 1156 ac
1848 1106 2041 1156 mente

388 1190 447 1243 et
476 1187 823 1258 cogitatione
871 1204 1002 1242 cum
1036 1188 1182 1260 ipsis
1231 1189 1465 1245 athletis
1496 1207 1712 1257 versor,
1756 1190 2039 1246 mirabili-

383 1278 588 1347 terque
638 1276 696 1329 in
729 1275 836 1330 hac
888 1278 1221 1332 narratione
1254 1278 1397 1333 mibi
1441 1278 1657 1349 placeo.
1711 1279 2042 1351 Amplecte-

387 1367 603 1421 bantur
622 1380 685 1419 se
708 1370 931 1435 mutuo,
957 1371 1131 1437 atque
1152 1367 1660 1433 exosculabantur,
1693 1386 1809 1424 non
1846 1369 2042 1425 minus

386 1453 533 1509 lastis
582 1452 817 1517 animis,
847 1470 1025 1523 quam
1060 1454 1107 1509 si
1135 1458 1259 1525 jam
1309 1457 1379 1511 ad
1430 1458 1819 1513 certaminum
1865 1458 2040 1513 finem

385 1546 625 1598 ventum
660 1546 871 1597 esset.«
906 1542 1121 1598 Eamus
1149 1546 1219 1600 ad
1253 1545 1530 1616 pericula,
1565 1546 1794 1617 fratres,
1825 1546 2041 1603 clama-

388 1631 571 1697 bant;
604 1645 829 1701 eamus,
869 1648 1269 1704 properemus,
1304 1635 1561 1705 quandiu
1614 1636 1789 1692 fervet
1833 1637 2041 1691 adver-

391 1735 525 1777 sum
575 1735 683 1775 nos
730 1724 1035 1791 tyrannus,
1088 1738 1160 1776 ne
1210 1722 1356 1778 forte
1387 1723 1707 1796 molliatur,
1738 1729 1913 1797 atque
1962 1726 2045 1781 ita

393 1806 604 1865 salutis
657 1807 944 1878 iacturam
1007 1810 1313 1868 faciamus.
1375 1813 1787 1886 Proponuntur
1861 1814 2043 1887 epulas

392 1895 864 1953 instructissima
895 1913 908 1954 :
940 1898 1013 1953 iis
1045 1900 1659 1959 intersimus.Pulchra
1682 1902 1919 1975 quidem
1953 1920 2046 1959 res

2148 744 2516 801 διεκελεύοντο
2549 746 2681 817 (28),
2706 744 2740 798 ’ἀ
2770 742 2826 799 δὲ
2856 749 3117 818 παρεῖχον
3153 744 3302 819 ὁρᾷν,
3337 743 3413 804 ὡς
3442 740 3583 796 καλά
3611 763 3669 796 τε
3702 742 3795 795 καὶ

2146 835 2303 910 ἱερά,
2358 832 2445 889 καί
2502 835 2698 895 παντὸς
2753 832 2927 888 ἄλλου
2986 834 3253 904 θεάματος
3309 832 3399 885 καὶ
3448 830 3798 903 ἀκούσματος

2148 923 2288 994 ἡδίω
2320 929 2434 986 τοῖς
2462 922 2739 1001 φιλοθέοις
2766 924 2776 978 !
2812 922 3009 997 Ἕγωγ’
3040 920 3130 975 οὖν
3163 921 3320 982 αὐτὸς
3347 918 3552 989 ἡδονῆς
3582 918 3797 993 ἐμπίμ-

2148 1012 2365 1086 πλαμαι
2397 1010 2776 1085 μνημονεύων,
2822 1009 2910 1065 καί
2964 1011 3076 1082 μετ’
3128 1009 3443 1083 αὐτῶν
3478 1009 3797 1071 ἀθλούντων

2151 1100 2262 1174 εἲμὶ
2309 1106 2377 1175 τῇ
2427 1098 2675 1171 διανοίᾳ,
2727 1100 2815 1155 καὶ
2860 1104 2937 1171 τῷ
2986 1096 3289 1173 διηγήματι
3348 1097 3800 1169 καλλωπίζομαι.

2150 1185 2520 1265 ΙΙεριέϐαλλον
2551 1192 2668 1261 (30)
2695 1187 3002 1258 ἀλλήλους,
3033 1186 3509 1263 περιεπτύσσοντο,
3550 1189 3799 1261 πανήγυο

2152 1300 2233 1353 ρις
2254 1280 2343 1349 ἦν,
2369 1280 2442 1341 ὡς
2472 1278 2552 1334 ἐπ’
2576 1276 2764 1339 ἄθλοις
2794 1274 3218 1349 τετελεσμένοις·
3247 1281 3520 1348 «Ἴωμεν,
3546 1274 3799 1353 ἀδελᾳοῖ,

2151 1369 2288 1445 πρὸς
2344 1368 2474 1430 τοὺς
2528 1366 2832 1437 κινδύνους,
2891 1361 3104 1435 ἐϐόων,
3165 1363 3367 1438 ἴωμεν,
3428 1364 3801 1439 ἒπειγώμεθα,

2148 1453 2253 1519 ἕως
2309 1456 2410 1525 ζέει
2459 1457 2577 1511 καθ’
2627 1458 2787 1527 ἡμῶν
2838 1455 2865 1508 ὁ
2913 1454 3196 1529 τύραννος,
3250 1455 3323 1525 μή
3379 1473 3431 1506 τι
3466 1452 3797 1524 μαλακισθῇ,

2149 1545 2239 1601 καὶ
2304 1549 2671 1619 ζημιωθῶμεν
2724 1545 2824 1613 τὴν
2881 1542 3172 1619 σωτηρίαν.
3234 1538 3529 1597 Πανδαισία
3572 1540 3799 1616 πρόκει-

2148 1654 2257 1691 ται·
2321 1636 2397 1707 μὴ
2448 1632 2890 1710 ἀπολειφθῶμεν.
2926 1630 3099 1686 Καλὸν
3151 1632 3246 1705 μὶν
3295 1631 3385 1685 καὶ
3432 1634 3801 1691 συνοικοῦντες

2153 1722 2426 1794 ἀλλήλοις
2460 1720 2708 1800 ἀδελφοὶ,
2756 1722 2844 1777 καὶ
2893 1722 3372 1795 συμποσιάζοντες,
3400 1717 3489 1775 καί
3538 1718 3801 1773 συνασπί-

2155 1818 2352 1883 ζοντες·
2385 1811 2613 1867 κάλλιον
2666 1808 2722 1865 δὲ
2755 1811 2885 1885 ὑπὶρ
2935 1811 3129 1885 ἀρετῆς
3174 1806 3697 1885 συγκινδυνεύοντες.
3738 1807 3801 1864 Εἴ

2157 1903 2250 1976 μὶν
2284 1901 2396 1956 οἶόν
2447 1921 2507 1955 τε
2555 1903 2645 1969 ἦν,
2693 1900 2781 1955 καὶ
2825 1904 2941 1959 τοῖς
2990 1899 3233 1970 σώμασιν
3294 1897 3352 1953 ἂν
3407 1898 3804 1972 ἠγωνισάμεθα

393 1989 502 2051 est,
534 2001 667 2041 cum
699 1987 907 2042 fratres
955 1988 1133 2043 simul
1184 1989 1466 2060 habitant,
1498 1991 1676 2047 simul
1707 1992 2043 2065 epulantur,

2176 1992 2287 2067 »περ
2333 1994 2441 2045 τῶν
2490 1989 2752 2065 πατρίων
2788 1984 2897 2043 ἔστι
2938 1986 3028 2041 καὶ
3078 1987 3237 2048 οὗτος
3285 1992 3392 2041 τῶν
3440 1986 3732 2040 ἐπαινετῶν
3770 1987 3799 2039 ὁ

2204 2079 2212 2090 .
2432 2084 2485 2090 -_
2564 2078 2576 2090 .
2643 2075 2684 2090 κ.
2793 2076 2806 2090 .
2955 2075 2967 2090 ,
3258 2076 3271 2090 .
3434 2073 3447 2090 .
3501 2075 3515 2090 .
3615 2074 3629 2090 .
3748 2075 3761 2090 ,

397 2089 577 2146 seque
609 2074 854 2131 invicem
896 2078 1248 2149 constipant,
1284 2095 1349 2134 ac
1373 2084 1720 2153 protegunt:
1750 2081 2047 2153 pulchrior

2176 2079 2399 2142 idm-ccc.
2432 2078 2581 2133 Ἐπεὶ
2640 2075 2697 2132 δὶ
2752 2076 2813 2131 οὐ
2872 2075 3071 2131 τούτου
3124 2076 3332 2150 καιρὸς,
3390 2073 3525 2129 αὐτά
3572 2074 3639 2128 τά
3689 2075 3801 2127 σώ-

397 2167 617 2233 autem,
651 2180 783 2219 cum
817 2165 1047 2221 virtutis
1076 2183 1256 2223 causa
1298 2168 1473 2223 simul
1513 2170 1937 2242 periclitantur.
1970 2173 2047 2226 Ac

401 2252 661 2326 quidem,
697 2254 745 2309 si
777 2253 900 2308 fieri
932 2256 1237 2327 potuisset,
1257 2259 1603 2329 corporibus
1634 2261 1787 2317 203
1818 2277 2049 2332 quoque

404 2359 509 2415 pro
540 2340 746 2414 patriis
774 2342 986 2399 ritibus
1016 2350 1073 2401 et
1118 2346 1407 2403 institutis
1445 2348 2047 2421 depugnavissemus;

407 2447 545 2488 nam
579 2430 685 2487 hoc
734 2448 967 2504 quoque
1020 2435 1226 2490 mortis
1255 2452 1441 2507 genus
1490 2436 1661 2492 laude
1708 2454 1821 2492 non
1872 2442 2048 2493 caret.

407 2519 693 2589 Quoniam
745 2526 940 2576 autem
973 2524 1253 2595 temporis
1300 2526 1445 2580 ratio
1494 2526 1551 2581 id
1584 2543 1697 2581 non
1741 2526 1894 2597 tulit,
1925 2526 2055 2598 ipsa

407 2614 564 2666 certe
594 2626 834 2681 corpora
864 2610 1196 2667 offeramus.
1231 2614 1377 2678 Quid
1410 2615 1567 2669 enim
1592 2617 1619 2670 ?
1650 2616 1837 2671 Etiam
1865 2616 1914 2670 si
1945 2616 2055 2671 hoc

405 2702 667 2770 tempore
688 2715 804 2754 non
826 2700 1170 2768 moriamur,
1188 2718 1262 2757 an
1294 2720 1405 2758 non
1429 2704 1667 2759 omnino
1696 2704 2056 2760 moriemur?

405 2792 494 2842 An
523 2804 637 2842 non
660 2787 854 2844 debito
879 2790 1166 2845 uativitati
1191 2792 2057 2865 munereperfungemur‘muod

412 2877 765 2947 necessario,
794 2877 852 2932 id
895 2878 1142 2949 gloriose
1176 2880 1499 2948 faciamus;
1534 2883 1679 2937 mori
1712 2882 2011 2938 discamus
2044 2891 2058 2930 ε

411 2966 565 3038 quod
617 2981 928 3021 commune
968 2972 1075 3034 est,
1128 2970 1429 3042 proprium
1481 2971 1842 3040 efﬁciamus;
1879 2975 2064 3028 morte

411 3054 590 3109 vitam
623 3056 1113 3112 emamus.Nemo
1146 3063 1412 3114 nostrum
1446 3058 1625 3132 hujus
1654 3060 1781 3115 vitae
1816 3059 2065 3131 cupidus

410 3143 509 3209 sit,
544 3160 714 3199 nemo
746 3143 990 3217 ignavus
1023 3162 1088 3200 ac
1120 3146 1384 3203 timidus.
1406 3148 1803 3220 Perficiamus,
1839 3154 1903 3203 ut
1930 3165 2064 3206 cum

413 3231 475 3288 in
501 3249 606 3289 nos
641 3238 927 3306 tyrannus
975 3234 1264 3304 inciderit,
1290 3236 1359 3291 de
1403 3238 1626 3293 caeteris
1648 3238 1936 3310 desperet.
1968 3242 2069 3294 Pe-

416 3319 617 3377 riculis
641 3320 740 3376 ille
761 3321 996 3393 quidem
1020 3323 1283 3379 ordinem
1310 3324 1710 3396 imponat,nos
1736 3344 1867 3382 vero
1891 3328 2067 3383 finem

2159 2189 2300 2242 ματα
2331 2166 2741 2241 είσενέγκωμεν.
2790 2165 2855 2223 Τί
2901 2165 3000 2240 γάρ
3037 2182 3050 2233 ;
3089 2162 3189 2220 Κᾶν
3242 2164 3317 2236 μὴ
3365 2168 3456 2217 νῦν
3507 2161 3801 2225 ἀποθάνω-

2161 2277 2278 2331 μεν,
2313 2256 2374 2311 οὐ
2408 2256 2775 2327 τεθνηξόμεθα
2805 2253 3019 2314 πάντως
3054 2270 3068 2321 ;
3103 2252 3165 2306 οὑ
3196 2255 3264 2325 τῇ
3293 2249 3493 2327 γενέσει
3540 2250 3608 2304 τά
3652 2250 3803 2327 ὀφει-

2160 2345 2365 2419 λόμενα
2423 2345 2883 2419 λειτουργήσομεν
2942 2361 2955 2411 ;
3016 2342 3344 2413 Ποιήσωμεν
3407 2341 3505 2409 τήν
3566 2338 3805 2415 ἀνάγκην

2159 2433 2500 2513 φιλοτιμίαν·
2552 2435 2900 2504 σοφισώμεθα
2951 2431 3048 2499 τὴν
3083 2426 3326 2483 διάλυσιν
3365 2430 3496 2501 (31)·
3530 2426 3592 2481 to‘
3622 2428 3805 2481 κοινὸν

2163 2521 2299 2579 ἴδιον
2332 2523 2710 2595 ποιησώμεθα·
2755 2520 2964 2592 Θανάτῳ
3009 2519 3154 2588 ζωὴν
3193 2517 3551 2587 ὧνησώμεθα.
3599 2517 3693 2587 Μή
3726 2537 3810 2576 τις

2164 2611 2255 2668 οὖν
2289 2615 2448 2685 ἡμῶν
2484 2608 2620 2667 ἔστω
2651 2608 2987 2689 φιλόψυχος,
3015 2629 3087 2681 μη
3100 2604 3155 2661 δὶ
3188 2603 3451 2678 ἄτολμος.
3476 2605 3812 2679 ’Δπογνώτω

2164 2702 2390 2757 καὶτῶν
2436 2698 2621 2754 ἄλλων
2651 2700 2678 2754 ὁ
2706 2697 2986 2773 τύραννος,
3047 2698 3180 2769 ἡμῖν
3232 2694 3493 2769 ἰντυχών.
3543 2698 3666 2755 Τοῖς
3716 2693 3812 2764 μὲν

2166 2788 2434 2851 κινδύνοις
2461 2790 2561 2858 τὴν
2587 2787 2733 2859 τάξιν
2788 2786 2945 2847 αὐτὸς
2994 2784 3264 2855 ἐπιθήσει,
3313 2784 3476 2856 ἡμεῖς
3528 2780 3585 2836 δὶ
3623 2782 3817 2851 ἐπιθή-

2171 2901 2335 2954 σομεν
2360 2876 2520 2939 τέλος
2546 2882 2662 2939 τοῖς
2693 2874 3049 2949 διωκομένοις
3082 2875 3215 2947 (32)·
3255 2869 3417 2945 μηδὲν
3452 2871 3575 2946 περὶ
3620 2870 3820 2924 τούτου

2173 2968 2553 3047 διαφερώμεθα
2581 2973 2648 3034 τῆ
2706 2965 2842 3034 ζέσει
2895 2968 2993 3031 τῆς
3043 2960 3374 3037 προθυμίας.
3408 2960 3507 3014 Καὶ
3537 2960 3564 3014 ὁ
3596 2964 3821 3033 πρῶτος

2174 3057 2319 3114 ἔσται
2352 3058 2465 3131 (33)
2487 3060 2603 3116 τοῖς
2629 3054 2824 3115 ἄλλοις
2873 3049 3022 3123 ὁδὸς,
3054 3050 3144 3106 καὶ
3176 3052 3203 3105 ὁ
3241 3049 3552 3110 τελευταῖος
3594 3047 3825 3127 σᾳραγὶς

2176 3145 2481 3216 ἀθλήσεως.
2517 3145 2676 3217 Ἡμῖν
2705 3139 2763 3197 δὶ
2791 3146 2953 3197 τοῦτο
2995 3140 3344 3214 ἐμπεπήχοω
3392 3142 3551 3192 πᾶσιν
3585 3137 3827 3211 ὁμοίως,

2177 3232 2492 3304 πανοικεσίᾳ
2540 3232 2963 3309 στεφανωθῆναι,
3020 3228 3111 3283 καὶ
3172 3230 3246 3300 μή
3304 3247 3427 3282 τινα
3486 3221 3672 3282 λαϐεῖν
3728 3246 3827 3297 με·

2182 3321 2306 3402 ρίδα
2337 3322 2385 3395 ἐξ
2418 3324 2577 3395 ἡμῶν
2607 3321 2697 3375 τὸν
2734 3317 2993 3389 διώκτην,
3021 3314 3093 3371 ’ἶν’
3126 3317 3199 3377 ὡς
3227 3321 3387 3370 πᾶσιν
3420 3314 3832 3391 ἓγκαυχήσηται

415 3409 809 3483 persecutioni
830 3409 1205 3482 imponemus
1231 3430 1245 3481 ;
1267 3429 1371 3468 nec
1394 3394 1465 3468 de
1486 3429 1553 3469 ea
1574 3430 1635 3470 re
1652 3416 1724 3470 ob
1754 3414 2066 3471 alacritatis

2289 3394 2389 3480 ὶνὶ,
2422 3409 2769 3489 φλεγμαίνων
2816 3411 2886 3481 τῇ
2934 3405 3192 3480 πονηρίᾳ.
3246 3408 3509 3478 Φανῶμεν
3561 3401 3835 3473 ἀλλήλων

420 3498 703 3555 fervorem
750 3497 904 3554 inter
932 3516 1039 3555 nos
1086 3502 1530 3557 contendamus.
1565 3503 1711 3558 Nam
1744 3508 1799 3559 et
1844 3503 2071 3576 primus

420 3585 553 3644 aliis
598 3588 692 3643 via
738 3588 869 3657 erit,
920 3592 977 3643 et
1022 3594 1352 3659 postremus
1399 3591 1738 3649 certaminis
1787 3592 2068 3665 sigillum.

422 3676 706 3733 Caeterum
733 3674 843 3730 hoc
875 3676 1043 3732 nobis
1076 3676 1256 3733 ﬁxum
1288 3682 1630 3751 certumque
1661 3681 1757 3747 sit,
1778 3686 1843 3737 ut
1870 3699 2074 3738 omnes

423 3765 550 3821 sine
580 3764 701 3820 ulla
730 3764 1069 3837 exceptione
1099 3782 1369 3823 coronam
1394 3768 1925 3841 adipiscamur,nec
1954 3788 2079 3844 per-

425 3859 660 3911 secutor
708 3853 886 3910 ullam
918 3872 949 3911 e
980 3855 1151 3912 nobis
1179 3861 1402 3928 partem
1454 3857 1727 3929 accipiat,
1752 3876 1818 3915 ac
1862 3860 2079 3916 scelere

419 3948 681 4011 tumens,
714 3943 956 4015 perinde
1009 3945 1079 4001 ds
1112 3963 1227 4000 uno
1260 3951 1539 4018 superato
1587 3946 1886 4019 glorietur,
1920 3966 1983 4004 ac
2030 3950 2081 4004 si

432 4032 695 4090 omnium
745 4034 1137 4089 constantiam
1187 4034 1539 4106 infregisset.
1579 4037 1792 4092 Demus
1822 4052 2080 4109 operam,

432 4125 497 4177 ut
544 4121 1040 4193 quemadmodum
1097 4127 1248 4191 ortu,
1291 4124 1374 4179 ita
1421 4124 1597 4181 etiam
1646 4132 1832 4182 morte
1878 4126 2086 4183 fratres

506 4244 617 4316 (28)
650 4239 1075 4322 ntaxalstiovro._
1102 4246 1278 4322 Coisl.
1313 4250 1338 4303 1
1373 4249 1555 4316 addit,
1605 4247 1679 4310 ὡς
1707 4246 1764 4322 κᾶν
1797 4248 2085 4322 παρατάξει

433 4313 884 4389 παροτρύνοντες,
916 4338 943 4365 ‹‹
972 4322 1035 4372 ut
1064 4317 1119 4372 in
1154 4318 1277 4373 acie
1309 4326 1512 4376 mutuo
1542 4313 1605 4376 se
1634 4313 2033 4379 cohortantes:
2055 4344 2084 4372 »

523 4384 621 4463 ξῼ)
646 4386 773 4441 Μετ’
798 4384 990 4463 αρτζύν.
1024 4389 1284 4463 Quatuor
1313 4390 1449 4463 Reg.
1485 4393 1605 4461 bm,
1643 4412 1776 4463 μετα
1803 4396 1929 4449 τῶν.

528 4451 1058 4537 3(ξ).ΙΙξριέϐαλλονξ
1120 4462 1260 4533 Reg.
1330 4451 1450 4534 brﬁ,
1518 4451 1865 4537 περιέϐαλον.
1932 4465 2084 4533 Par.,

430 4523 868 4605 περιελάμϐανον
879 4572 891 4584 .

506 4598 621 4673 (34)
654 4598 1049 4680 Ποιήσωμεν...
1075 4601 1178 4680 τὴν
1214 4598 1480 4680 διάλυσιν.
1514 4604 1740 4680 Billius,
1778 4630 1798 4656 ι
1837 4622 2085 4680 quamo-

435 4672 608 4751 brem
634 4674 1039 4730 necessitatem
1072 4674 1130 4730 in
1163 4675 1342 4751 animi
1374 4672 1736 4751 alacritatem
1764 4696 1829 4734 ac
1855 4672 2091 4751 promp-

435 4743 751 4801 titudinem
781 4752 1186 4802 convertamus
1208 4763 1219 4802 ε
1245 4748 1691 4805 dissolutionem
1722 4743 2090 4807 eludamusI»

439 4814 869 4891 Pircheimerus
903 4834 915 4872 :
944 4839 977 4891 iu,
1012 4820 1455 4891 exgnecessitate
1486 4820 1732 4891 gloriam
1763 4824 2085 4879 faciamus:

438 4887 641 4943 solerti
659 4888 903 4965 consilio
924 4889 1327 4965 dissolutionis
1342 4887 1552 4965 nostr—az
1568 4894 1863 4965 negotium
1877 4893 2091 4949 transi-

439 4974 710 5044 gamue,»
741 4961 972 5043 idoest,«
1005 4960 1955 5045 honestehdecumbamus,alioqui
1988 4980 2090 5019 ne-

440 5033 905 5107 cessarioserius
930 5034 1094 5089 ocius
1116 5034 1406 5107 morituri;
1423 5034 1717 5107 sapienter
1740 5033 2087 5105 efﬁciamus,

442 5107 509 5159 ut
536 5103 848 5161 dissolutio
880 5104 937 5159 in
972 5111 1230 5161 nostram
1260 5103 1575 5161 utilitatem
1608 5107 1794 5162 cedat.
1828 5128 1855 5157 »

512 5174 840 5258 (32)“Ἦμεῖς
899 5172 973 5258 δὶ.
1014 5175 1345 5258 ἐπιθήσομεν
1412 5172 1571 5258 τέλος
1633 5181 1751 5258 τοῖς
1822 5172 2091 5258 διώκομε-

439 5247 737 5328 Ὰοιςθὶςδ
769 5250 983 5328 desunt
1012 5250 1068 5303 in
1115 5247 1575 5328 pluribusnlie‘g"
1616 5249 1847 5328 duobus
1892 5247 2091 5328 Cpis1.,

442 5317 541 5373 Gr.
571 5320 625 5387 2,
660 5320 810 5386 Par.,
844 5324 979 5383 etc.,
1025 5317 1130 5375 nec
1178 5319 1348 5373 vertit
1394 5317 1621 5385 Billius,
1677 5322 1794 5376 imo
1834 5322 1891 5375 in
1938 5317 2090 5387 Bas.,

444 5388 583 5444 edit.
617 5390 812 5445 Graeca
858 5390 1087 5447 delevit.
1118 5390 1409 5445 Vertenda
1440 5396 1654 5458 tamen,
1690 5414 1717 5442 ‹‹
1754 5409 1857 5448 nos
1896 5399 2092 5447 autem

448 5461 839 5533 persecutiroui
871 5461 1045 5516 ﬁnem
1082 5462 1384 5528 faciamus,
1418 5460 1862 5528 imponamus,»
1894 5463 1951 5517 id
1984 5467 2092 5533 est,

450 5532 784 5609 constantia
806 5537 1015 5609 nostra
1043 5533 1368 5609 efﬁciendo,
1392 5540 1457 5588 ut
1480 5533 1665 5609 victus
1698 5540 1982 5609 tyrannus
2005 5532 2096 5609 in?

447 5606 613 5674 cepto
641 5601 1083 5670 desistat.Quod
1114 5601 1361 5677 quidem
1383 5605 1527 5663 satis
1558 5601 1883 5665 consdnum
1900 5606 2096 5664 verbis

2114 4575 2162 4639 D
2198 4552 2375 4639 “3.3

2180 3498 2431 3577 ἀδελφοὶ,
2461 3497 2550 3552 καὶ
2602 3501 2670 3570 τῇ
2715 3495 2940 3573 γενέσει,
2969 3496 3058 3549 καὶ
3087 3497 3155 3568 τῇ
3209 3492 3542 3567 μεταστάσει⁶
3571 3492 3664 3546 καὶ
3696 3493 3835 3545 πάν-

2183 3610 2294 3661 τες,
2346 3588 2419 3650 ὡς
2471 3589 2566 3654 εἷς,
2618 3583 3069 3657 κινδυνεύσωμεν,
3119 3583 3207 3638 καὶ
3269 3582 3385 3637 ἀντὶ
3442 3583 3659 3636 πάντων
3713 3577 3841 3635 ἕκα-

2185 3699 2309 3741 στος
2342 3678 2472 3750 (34).
2528 3672 2811 3750 Ἐλεάζαρ,
2860 3669 3148 3745 ὑπόδεξαι’
3203 3678 3375 3748 μῆτερ
3425 3673 3577 3743 (35),
3632 3669 3840 3725 ἐπακο-

2187 3765 2481 3835 λούθησον*
2522 3761 2906 3839 Ἰερουσαλὴμ,
2963 3761 3130 3836 θάψον
3188 3759 3314 3822 τοὺς
3369 3760 3562 3826 ἱαυτῆς
3610 3757 3841 3833 νεκροὺς

2193 3854 2646 3932 μεγαλοπρεπῶς,
2704 3853 2763 3907 ἂν
2820 3873 2873 3906 τι
2930 3856 3048 3912 τοῖς
3105 3848 3296 3927 τάφοις
3354 3845 3657 3923 ὑπολειφθῇ
3690 3850 3831 3915 (36).

2192 3948 2397 4019 Διηγοῦ
2453 3944 2521 3997 τὰ
2577 3940 2840 4016 ἡμέτερα,
2898 3939 2987 3995 καὶ
3045 3944 3161 4000 τοῖς
3213 3938 3429 4011 ὕστερον
3476 3934 3655 3991 δείκνυ
3703 3938 3840 4008 (37),

2193 4034 2282 4089 καὶ
2313 4038 2429 4094 τοῖς
2482 4036 2599 4093 σοῖς
2642 4029 2889 4106 ἐρασταῖς
2934 4029 2995 4083 τὸ
3044 4034 3146 4097 τῆς
3195 4032 3319 4100 μιᾶς
3366 4025 3595 4101 γαστρὸς
3626 4020 3842 4085 εὖσεὸὶς

2195 4118 2558 4194 πολυάνδριον
2591 4121 2724 4193 (38).
2757 4144 2777 4172 ι

2196 4267 2323 4322 quea
2355 4247 2712 4322 praecedunt,
2744 4242 3065 4322 ἀπογνώτω,
3097 4247 3206 4299 etc.

2268 4312 2377 4392 (33)
2408 4324 2616 4392 Ἔσται,
2652 4317 2801 4392 Pan,
2826 4312 3012 4392 ictui.“
3052 4312 3059 4313 ί
3285 4383 3350 4392 ___
3431 4388 3438 4392 _
3757 4381 3768 4392 ι

2267 4380 2379 4517 (34)
2411 4390 2513 4445 Καὶ
2561 4380 2677 4444 ἀντὶ
2726 4380 2939 4441 πάντων
2988 4380 3235 4445 ἕκαστος.
3284 4383 3514 4467 Ιξζίοοὶειε
3560 4381 3844 4465 exponit:

2199 4463 2269 4518 ὑπ
2302 4481 2330 4531 ρ
2377 4459 2643 4531 ἀλλήλων
2688 4457 3137 4531 ἀποθνήσκοντες.
3171 4479 3200 4505 (ι
3232 4455 3332 4511 alii
3365 4472 3466 4528 pro
3498 4453 3651 4522 alus,
3685 4467 3844 4524 qum-

2232 4474 2330 4516 πὲο
2377 4474 2445 4516 αλ
2456 4474 2523 4516 Λή
2534 4474 2643 4515 Λων
2688 4474 3137 4516 ἀποθνήσκοντες.

2302 4481 2330 4537 ρ
2377 4481 2643 4531 αΑΛηΑων
2688 4481 3137 4528 απουνησκοντες.

2302 4555 2311 4589 ι
2342 4551 2443 4590 oro
2475 4532 2750 4589 omnibus
2780 4530 3081 4586 moriatur.
3117 4549 3145 4575 »

2292 4597 2382 4678 35)
2413 4606 2623 4678 Mﬁtsp.
2656 4604 2748 4678 Sic
2776 4607 2941 4678 Ense.
2974 4601 3031 4678 in_
3066 4597 3501 4678 editisdzrjmp.

2409 4667 2756 4752 Ὑτέολὶιφθῇ.
2788 4673 2975 4752 Passa
3008 4667 3337 4752 ἀπολειφθῇ.

2293 4737 2383 4816 37)
2414 4737 2817 4802 Δείκνυ.Ῥὰεδ.
2851 4750 2907 4801 et
2937 4737 3098 4816 Pan,
3123 4737 3345 4795 δείκνυε.
3418 4810 3431 4816 _
3674 4808 3688 4816 _
3714 4807 3750 4816 __

2293 4751 2360 4804 37
2414 4751 2619 4802 Δείκνυ.
2642 4751 2817 4802 Pass.
2851 4751 2907 4801 et
2937 4751 3087 4806 Pan,
3123 4751 3345 4795 δείκνυε.

2292 4751 2383 4892 38)
2414 4816 2805 4892 ΙΙολυάνδριονᾼ.
2857 4810 3548 4892 ῌΙολυάνδριαβυρῑ-Ιοοα
3590 4807 3848 4881 publica,

2200 4880 2299 4947 ub‘i
2334 4880 2620 4964 pauperes
2632 4880 3375 4964 etinferiorisconditionis
3395 4880 3851 4964 hominescom:

2201 4952 2996 5035 mun'iter.sepsliabantur,ut
3013 4958 3163 5035 bene
3180 4957 3400 5035 monuit
3422 4952 3763 5035 Perizonius
3781 4952 3852 5035 ad

2202 5035 2407 5090 lElian.
2464 5026 2567 5090 Va}
2622 5035 2750 5088 hist.
2802 5048 2903 5104 xu,
2961 5032 3054 5104 _21.
3106 5028 3533 5104 Liviopxxgin,
3575 5026 3651 5104 _6,
3711 5027 3856 5104 sunt

2202 5125 2233 5158 ι
2264 5106 2500 5162 tumuli.
2532 5127 2559 5156 ιο
2593 5105 2759 5160 Baehr
2810 5094 2895 5159 ad
2917 5098 3209 5155 Plutarch.
3251 5101 3347 5154 Vit.
3402 5096 3669 5165 Flamin.,
3697 5112 3753 5167 p.
3786 5094 3860 5150 95

2204 5194 2292 5250 sq.
2326 5180 2440 5233 Cur
2470 5181 2665 5232 autem
2696 5175 2792 5250 h_ic
2813 5168 3183 5250 nolue’tvSptov
3198 5169 3672 5250 _di:5eri_t_noster,
3696 5182 3859 5250 more

2204 5241 2671 5322 paganorumet
2717 5241 3167 5322 Judaaorurn'_(v._
3196 5242 3333 5297 Biel.
3387 5241 3859 5322 Τὴεεαιιζησηχρ,

2204 5310 2317 5402 ἠοῖι
2352 5320 2741 5403 Mirati???»
2767 5334 2927 5403 scre
2956 5310 3859 5403 οδείέείεηρερξιξί,ρειςὲἱὶίέἓο

2203 5392 2251 5447 si
2284 5383 2624 5448 memineris
2652 5383 3009 5446 Machabaaos
3036 5386 3270 5442 Judaaos
3302 5384 3501 5439 fuisse.
3540 5383 3716 5453 Legas
3737 5395 3861 5433 om-

2204 5464 2341 5519 nino
2391 5464 2449 5518 S.
2501 5460 2899 5534 Chrysostomi
2942 5456 3245 5534 h_qmiliam
3402 5452 3861 5534 appellationem

2205 5559 2232 5586 ι(
2262 5524 2640 5602 οωωοῑθτὶίρῖ
2671 5540 2708 5590 t.
2743 5534 2813 5604 Il,
2848 5550 2901 5604 p.
2933 5531 3034 5585 397
3069 5545 3157 5601 sq.
3180 5529 3272 5583 ed.
3303 5524 3856 5582 Montfaucon.Luo.

2206 5623 2276 5663 me:
2306 5606 2543 5663 Smnea.

3171 4479 3200 4505 (ι
3232 4455 3332 4511 alii
3365 4472 3466 4528 pro
3498 4453 3651 4522 aliis,
3685 4453 3851 4524 quis-

2266 4610 2286 4892 ἓ
