4138 6212
338 360 457 422 925
1169 363 1457 426 ORATIO
1500 366 1631 428 XV.
1666 365 1853 426 -ΙΝ
1900 362 2530 426 MACIIABEORUM
2573 365 2922 428 LAUDEM.
3628 364 3746 426 926

338 507 749 564 appareamus.
782 493 999 550 Omnes
1031 499 1313 567 tanquam
1347 514 1522 563 unus,
1549 501 1605 552 et
1635 495 1851 568 singuli
1882 499 2161 567 tanquam
2195 511 2399 551 omnes
2430 495 2753 567 periculum
2786 497 3127 553 subeamus.
3153 496 3443 567 Eleazaro,
3474 497 3743 569 suscipe;

338 585 545 651 mater,
578 598 850 651 sequere;
881 583 1228 650 Jerusalem,
1264 590 1521 641 mortuos
1572 590 1704 640 tuos
1754 583 2066 655 magniﬁca
2096 583 2398 656 sepultura
2446 584 2631 652 efﬁce,
2665 585 2715 641 si
2765 584 2906 657 quid
2956 589 3152 639 tamen
3206 584 3497 657 reliquum
3545 586 3743 650 fuerit,

337 670 492 742 quod
534 670 850 742 sepulturae
902 674 1424 746 mandari'possit.
1458 675 1569 730 Res
1617 678 1849 730 nostras
1897 689 2309 740 commemora,
2345 673 2735 746 posterisque,
2763 689 2829 729 ac
2876 674 2964 729 tui
3013 674 3321 742 studiosis,
3354 674 3513 745 pium
3564 676 3742 732 unius

334 758 555 813 ventris
586 759 969 831 sepulcretum
998 763 1258 817 ostende.
1290 785 1317 811 ››

403 846 484 901 Η’.
520 847 581 900 Οἱ
634 847 728 918 μὶν
761 845 826 916 δὴ
858 853 1027 903 ταῦτα
1054 850 1143 904 καὶ
1194 849 1454 917 εἰπόντες,
1513 852 1601 905 καὶ
1658 850 1973 924 πράξατνες,

2160 851 2305 906 VIII.
2340 853 2475 917 Quae
2506 868 2640 907 cum
2671 852 2958 908 dixissent
2987 869 3052 908 ac
3100 853 3377 925 egissent,
3412 869 3611 924 seque,
3641 870 3742 910 ve-

333 933 421 987 καὶ
454 934 528 996 ὡς
557 939 695 989 συῶν
730 933 945 999 ὀδόντες
975 936 1262 1007 ἀλλήλους
1293 939 1544 1009 θήξαντες
1599 938 1649 993 ἐν
1709 938 1852 1009 τάξει
1880 944 1981 1007 τῆς

333 1020 574 1092 ἡλικίας,
634 1023 723 1077 καὶ
787 1024 993 1094 ίσότητι
1040 1034 1141 1095 τῆς
1184 1026 1514 1101 προθυμίας,
1580 1024 1978 1101 διεκαρτέρουν.

330 1107 525 1180 Ἡδονὴ
557 1110 643 1165 καῖ
673 1117 853 1185 θαῦμα
889 1120 1007 1176 τοῖς
1042 1114 1350 1193 ὁμοφύλοις
1375 1135 1387 1148 ·
1449 1110 1617 1189 φόϐος
1675 1115 1763 1171 καὶ
1822 1115 1982 1169 κατά-

332 1198 533 1272 πληξις
704 1208 820 1262 τοῖς
852 1200 1162 1275 διώκουσιν,
1197 1205 1249 1258 οἳ
1278 1206 1412 1259 κατὰ
1440 1206 1634 1266 παντὸς
1658 1203 1757 1259 τοῦ
1796 1200 1977 1265 ἔθνους

335 1290 767 1364 στρατεύσαντες,
799 1288 1047 1369 ἀδελφῶν
1090 1292 1224 1348 ἂπτὰ
1280 1294 1594 1368 συμψυχίας
1646 1295 1778 1369 ὑπερ
1828 1292 1979 1348 εύσε-

334 1373 482 1440 ὄείας
506 1379 921 1453 ἀγωνιζομένων
960 1384 1092 1455 (40),
1145 1388 1399 1438 τοσοῦτον
1448 1386 1783 1454 ἡττήθησαν,
1842 1381 1979 1437 ὥστε

338 1465 478 1541 μηδὲ
521 1468 643 1544 περὶ
671 1474 779 1523 τῶν
811 1469 996 1526 ἄλλων
1029 1469 1174 1547 ἔχειν
1207 1470 1283 1527 ἔτι
1315 1473 1559 1548 χρηστὰς
1588 1473 1682 1534 τὰς
1727 1468 1973 1533 ἐλπίδας.

332 1558 396 1614 Ἠ
423 1554 480 1611 δὶ
504 1558 720 1632 γενναία
772 1560 977 1633 μήτηρ,
1027 1560 1115 1614 καὶ
1166 1556 1336 1623 ὅντως
1375 1560 1590 1615 ἐκείνων
1642 1565 1747 1615 τῶν
1780 1559 1976 1615 τοσού-

328 1666 437 1701 των
488 1646 575 1701 καὶ
634 1645 897 1701 τοιούτων
946 1649 1046 1717 τήν
1096 1648 1313 1725 ἀρετήν,
1371 1651 1462 1704 τὸν
1517 1649 1650 1725 μέγα
1677 1653 1774 1704 τοῦ
1803 1648 1976 1721 νόμου

329 1734 548 1810 Θρὲμμα
578 1736 667 1791 καὶ
722 1734 1132 1814 μεγαλόψυχον,
1179 1740 1315 1801 τὲως
1367 1739 1459 1811 μὲν
1509 1744 1655 1814 χαρᾷ
1702 1738 1789 1792 καὶ
1819 1732 1976 1815 φόϐῳ

330 1822 638 1895 σύμμικτος
693 1827 781 1897 ἦν,
840 1827 929 1880 καὶ
987 1824 1083 1881 δύο
1139 1829 1250 1902 (41)
1296 1829 1480 1882 παθῶν
1530 1828 1581 1882 ἰν
1619 1827 1973 1902 μεταιχμίῳ·

330 1916 495 1987 χαρᾷ,
529 1909 617 1966 διὰ
645 1914 744 1982 τὴν
798 1911 1040 1989 ἀνδρείαν
1093 1916 1178 1971 καὶ
1223 1917 1290 1970 τὰ
1347 1916 1598 1991 δρώμενα
1625 1934 1638 1948 ⁸
1682 1910 1857 1994 φόϐῳ,
1889 1913 1977 1970 διὰ

328 2000 390 2054 τὸ
422 1998 654 2073 μάλλον,
684 2002 773 2056 καὶ
801 2003 901 2071 τήν
934 1999 1243 2079 ὑπερϐολὴν
1275 2009 1382 2059 τῶν
1416 2003 1693 2059 κολάσεων
1726 2024 1738 2036 ·
1778 2004 1866 2059 καὶ
1900 2004 1977 2065 ὡς

330 2088 581 2149 νεοσσοὺς
612 2092 721 2162 (42)
753 2088 922 2166 ὅρνις,
972 2087 1147 2169 ὄφεως
1192 2092 1684 2169 προσερπύζοντος,
1734 2090 1770 2162 ἤ
1828 2113 1975 2155 τινος

333 2174 509 2231 ἄλλου
538 2182 645 2232 τῶν
676 2174 1008 2248 ἐπιϐούλων,
1041 2181 1382 2257 περιίπτατο,
1424 2184 1783 2258 περιετρυζεν,
1829 2183 1977 2252 ἠντι-

334 2259 513 2334 ϐόλει,
560 2268 977 2343 συνηγωνίζετο,
1031 2269 1084 2324 τί
1147 2271 1239 2343 μὶν
1300 2270 1362 2325 ού
1417 2270 1682 2347 λέγουσας
1742 2271 1793 2326 τί
1826 2269 1883 2326 δὶ
1913 2270 1974 2325 ού

333 2354 640 2430 πράττουσα
692 2361 799 2411 τῶν
860 2358 996 2433 πρὸς
1053 2358 1205 2429 νίκην
1261 2359 1701 2438 ἃπαλειφόντωη
1735 2362 1976 2434 Ἢρπαζε

332 2444 426 2504 τὰς
485 2443 697 2520 ῥανίδας
748 2451 847 2502 τοῦ
904 2446 1153 2521 αἵματος,
1215 2446 1518 2525 ὑπεδάχετσ
1573 2450 1639 2504 τὰ
1671 2448 1979 2521 λακίσματα

332 2537 440 2587 τῶν
501 2533 704 2607 μελῶν,
763 2536 1077 2611 προσεκύνει
1134 2539 1201 2592 τά
1260 2537 1522 2611 λείψανα’
1581 2538 1673 2593 τὸν
1727 2538 1822 2611 μὶν
1856 2558 1978 2592 συν-

336 2619 508 2697 έλεγε,
554 2624 644 2678 τὸν
695 2621 753 2679 δὲ
799 2623 1111 2699 παρεδίδου,
1162 2625 1254 2681 τὸν
1306 2624 1363 2681 δὲ
1404 2629 1814 2703 παρεσκεύαζεν.
1850 2629 1980 2682 Ἐπ-

335 2712 524 2787 εφώνει
556 2717 735 2771 πᾶσιν.
773 2736 801 2766 (ι
852 2713 1007 2790 Εὖγε,
1050 2716 1095 2770 ὦ
1123 2713 1332 2784 παῖδες,
1366 2714 1507 2792 εὖγε,
1538 2716 1775 2793 ἀριστεῖς
1832 2716 1978 2789 ἐμοὶ,

334 2798 473 2875 εὖγε,
504 2800 786 2874 ἀσώματοι
816 2800 1011 2879 σχεδὸν
1067 2804 1117 2859 ἐν
1176 2805 1439 2877 σώμασιν,
1497 2807 1635 2882 εὖγε,
1683 2807 1979 2880 προστάται

330 2895 429 2945 τοῦ
458 2890 668 2963 Νόμου,
698 2892 787 2946 καὶ
816 2899 918 2962 τῆς
948 2892 1085 2966 ἐμῆς
1116 2892 1338 2964 πολιᾶς,
1370 2894 1460 2949 καὶ
1486 2902 1584 2965 τῆς
1634 2894 1977 2971 (δρεψαμένης

332 2979 473 3051 ὑμᾶς
534 2982 646 3053 (43)
705 2978 920 3043 πόλεως
976 2982 1065 3035 καὶ
1125 2982 1199 3044 εἷς
1273 2981 1397 3038 τόδε
1456 2984 1651 3059 ἀρετῆς
1711 2984 1983 3059 προαγού-

330 3087 431 3137 σης
464 3070 598 3141 (44).
646 3074 761 3122 Ἔτι
816 3070 1027 3145 μικρὸν,
1080 3071 1168 3125 καὶ
1213 3074 1590 3145 νενικήκαμεν.
1635 3075 1976 3145 Κεκμήκασιν

330 3155 383 3210 οἱ
427 3157 760 3231 βασανισταὶ,
810 3163 971 3213 τοῦτο
1023 3154 1298 3237 φοϐοῦμαι
1352 3162 1537 3233 μόνον.
1588 3165 1707 3216 Ἔτι
1762 3162 1977 3237 μικρὸν,

327 3246 418 3302 καὶ
452 3247 687 3322 μακαρία
723 3248 817 3320 μὶν
853 3247 904 3303 ἐν
938 3249 1201 3325 μητράσιν
1233 3250 1359 3327 ἐγὼ,
1396 3254 1652 3326 μακάριοι
1710 3250 1767 3307 δὶ
1825 3253 1980 3326 ὑμεῖς

328 3336 381 3393 ὲν
412 3338 575 3399 νὲοις.
608 3336 788 3393 Ἀλλά
815 3340 1030 3395 ποθεῖτε
1061 3342 1156 3407 τήν
1194 3343 1403 3417 μητέρα
1431 3362 1443 3412 ;
1468 3342 1576 3397 Ούκ
1604 3342 1978 3416 ἀπολείψομαι

333 3425 485 3498 ὑμῶν
516 3426 643 3500 (45),
672 3423 835 3481 τοῦτο
869 3426 995 3500 ὑμῖν
1030 3428 1416 3505 ἔπισχνοῦμαι’
1452 3429 1514 3485 οὐ
1547 3429 1719 3494 οὕτως
1752 3430 1857 3508 ἐγὼ
1890 3451 1979 3505 μι-

332 3512 605 3575 σότεκνος.
641 3536 670 3565 ››

2006 2228 2055 2293 Β

2093 936 2182 993 lut
2212 956 2487 1010 aprorum
2520 940 2744 1010 dentes,
2777 941 3021 997 invicem
3069 942 3384 1007 acuissent,
3418 959 3520 1013 pro
3551 943 3742 997 aetatis

2090 1027 2294 1083 ordine
2344 1030 2615 1100 quisque,
2668 1030 2726 1083 in
2777 1031 2981 1085 eadem
3038 1030 3220 1085 animi
3279 1030 3743 1102 promptitudins

2090 1117 2555 1188 perseverabant.
2590 1121 2777 1189 Atque
2804 1135 2874 1174 ea
2900 1134 2991 1173 res
3023 1123 3087 1174 ut
3116 1118 3545 1175 contribulibus
3584 1119 3745 1176 volu.

2089 1210 2308 1277 ptatem
2340 1210 2397 1261 et
2428 1206 2875 1263 admirationem
2925 1207 3237 1273 aﬂerebat;
3268 1207 3349 1262 ita
3382 1214 3537 1263 metu
3569 1213 3745 1281 atque

2086 1300 2305 1350 terrore
2335 1301 2769 1368 persecutorum
2794 1297 3022 1352 animos
3044 1296 3585 1367 consternabat,qui
3607 1313 3743 1353 cum

2088 1384 2513 1455 expeditionem
2539 1385 2938 1456 suscepissent
2965 1384 3245 1440 adversus
3268 1383 3599 1440 universam
3635 1403 3740 1441 na-

2086 1473 2326 1542 tionem,
2372 1491 2406 1528 a
2453 1480 2674 1547 septem
2728 1473 3024 1540 fratribus,
3074 1474 3347 1529 concordi
3397 1474 3593 1529 animo
3639 1491 3747 1545 pro

2086 1563 2299 1633 pietate
2353 1563 2792 1633 dimicantibus,
2825 1564 2907 1618 ita
2950 1562 3118 1619 facile
3172 1562 3432 1634 superati
3479 1567 3640 1629 sunt,
3680 1567 3749 1618 ut

2077 1653 2204 1724 jam
2238 1669 2309 1707 ne
2333 1653 2405 1707 de
2450 1652 2673 1708 casteria
2704 1653 2942 1724 quidem
2994 1668 3157 1723 spem
3187 1650 3381 1706 laetam
3433 1651 3744 1708 baberent-

2084 1744 2157 1797 At
2201 1757 2336 1796 vero
2385 1745 2625 1796 strenua
2674 1746 2879 1808 mater,
2912 1745 2971 1796 et
3015 1756 3148 1795 vere
3196 1739 3431 1796 illorum
3483 1745 3647 1796 tanta
3686 1745 3746 1796 et

2084 1829 2186 1885 tali
2218 1830 2431 1885 virtute
2461 1831 2836 1901 praeditorum
2868 1846 3097 1901 parens,
3139 1828 3259 1899 illa,
3294 1830 3560 1899 inquam,
3594 1845 3743 1901 pra-

2086 1917 2243 1974 clara
2273 1922 2329 1972 st
2380 1918 2753 1990 magnanima
2804 1917 2949 1990 legis
2996 1917 3261 1982 alumna,
3294 1918 3456 1989 prius
3502 1917 3743 1990 quidem

2085 2007 2296 2079 gaudio
2327 2008 2503 2062 simul
2536 2024 2602 2063 ac
2633 2007 2842 2063 timore
2872 2006 3261 2075 afﬁciebatur,
3295 2010 3352 2062 et
3382 2006 3552 2062 anxia
3589 2007 3743 2064 duos

2085 2095 2237 2151 inter
2268 2096 2508 2151 aﬂ‘ectus
2538 2094 2814 2151 barebat.
2848 2095 2995 2151 Nam
3028 2098 3092 2149 ut
3120 2110 3324 2150 eorum
3374 2094 3738 2164 fortitudine,

2088 2189 2262 2255 atque
2322 2184 2394 2239 iis
2452 2201 2579 2257 quas
2635 2183 2908 2240 cernebat
2964 2184 3119 2240 294
3176 2183 3611 2250 delectabatur;
3662 2184 3744 2239 ita

2085 2291 2315 2339 rursus,
2346 2290 2479 2329 cum
2533 2273 2821 2329 incertum
2856 2289 3063 2345 pugnas
3112 2276 3383 2329 eventum
3428 2272 3742 2328 incredibi-

2084 2362 2316 2434 lemque
2347 2367 2771 2418 tormentorum
2824 2361 3290 2433 magnitudinem
3323 2377 3523 2417 secum
3568 2377 3742 2433 repu-

2090 2457 2255 2522 taret,
2288 2452 2498 2507 timore
2544 2452 2905 2523 angebatur;
2939 2467 3004 2506 ac
3037 2450 3282 2522 proinde
3334 2449 3527 2521 pullos
3578 2467 3743 2507 suos.

2089 2558 2201 2597 non
2237 2558 2406 2597 secus
2437 2548 2612 2611 atque
2642 2538 2889 2605 avicula,
2924 2543 3227 2610 arrepente
3256 2554 3465 2609 angue,
3499 2542 3599 2593 aut
3629 2536 3745 2593 alia

2089 2631 2366 2703 quapiam
2416 2630 2700 2686 insidiosa
2749 2629 2887 2692 fera,
2922 2626 3398 2695 circumvolabat,
3431 2626 3739 2682 stridebat.

2089 2720 2580 2784 obsecrabat,una
2603 2734 2736 2773 cum
2765 2716 2912 2789 ipsis
2943 2717 3222 2773 certabat.
3247 2716 3394 2781 Quid
3429 2716 3585 2771 enim
3617 2719 3745 2769 tum

2088 2810 2283 2879 verbo,
2315 2814 2439 2864 tum
2490 2824 2665 2879 opere
2694 2824 2809 2863 non
2856 2806 2991 2878 egit,
3028 2809 3091 2860 ut
3137 2804 3269 2861 illos
3316 2805 3388 2861 ad
3440 2804 3746 2860 victoriam

2090 2900 2409 2972 paratiores
2457 2897 2885 2968 alacrioresque
2936 2893 3247 2950 redderet?
3277 2894 3512 2951 Cruoris
3548 2897 3748 2965 guttas

2089 2987 2371 3060 rapiebat,
2408 2987 2734 3058 fragmenta
2788 2984 3185 3039 membrorum
3234 2982 3575 3053 excipiebat,
3607 2980 3745 3038 reli-

2090 3075 2260 3148 quias
2291 3073 2712 3139 venerabatur;
2738 3072 2894 3127 hunc
2922 3069 3251 3142 colligebat,
3287 3070 3451 3125 illum
3486 3069 3742 3142 porrige-

2088 3165 2209 3235 bat,
2242 3162 2423 3218 alium
2455 3162 2712 3233 parabat.
2746 3160 3036 3217 Omnibus
3064 3159 3423 3216 acclamabat
3453 3176 3466 3213 :
3500 3180 3530 3208 «
3564 3158 3743 3230 Euge,

2088 3253 2195 3309 filii
2227 3252 2362 3314 mei.
2395 3267 2560 3322 euge,
2594 3250 2817 3307 strenui
2850 3249 2964 3305 mei
2997 3249 3234 3314 milites,
3267 3248 3513 3320 euge,in
3548 3263 3752 3320 corpo-

2091 3343 2256 3398 ribus
2285 3341 2465 3396 ferme
2494 3338 3019 3410 incorporei,eugs,
3054 3336 3215 3409 legis,
3238 3352 3513 3408 canaeque
3544 3351 3750 3393 senec-

2091 3431 2235 3487 tutis
2286 3446 2448 3493 msaa,
2481 3434 2656 3500 atque
2703 3427 2973 3493 civitatis,
3020 3442 3151 3498 qum
3196 3442 3298 3481 vos
3347 3424 3518 3491 aluit,
3572 3430 3630 3480 et
3677 3424 3749 3480 ad

2091 3536 2220 3576 eam
2252 3518 2481 3573 virtutis
2528 3516 2996 3589 magnitudinem
3050 3514 3259 3584 evexit,
3314 3513 3652 3586 praesidium
3684 3529 3750 3569 ac

333 3606 865 3680 propugnaculum.
902 3608 1211 3665 Paululum
1259 3610 1462 3681 adhuc,
1496 3616 1553 3667 et
1583 3613 1851 3669 vicimus.
1886 3612 2287 3684 Defatigantur
2314 3609 2636 3673 carnifices,
2670 3608 2779 3663 hoc
2830 3623 3014 3663 unum
3064 3606 3401 3661 extimesco.
3434 3604 3744 3660 Paululum

332 3696 548 3764 adhuc,
582 3700 639 3751 et
667 3712 773 3769 ego
808 3698 958 3753 inter
988 3698 1261 3755 mulieres
1308 3701 1499 3768 beata,
1534 3706 1590 3755 et
1619 3719 1719 3757 vos
1767 3701 1918 3757 inter
1946 3701 2347 3757 adolescentes
2376 3698 2550 3755 beati.
2586 3702 2654 3752 At
2687 3698 2933 3753 fortasse
2986 3696 3192 3751 matris
3242 3711 3342 3749 vos
3390 3694 3745 3749 desiderium

331 3785 538 3857 angit?
569 3786 950 3858 Nequaquam
981 3804 1081 3843 vos
1112 3790 1402 3857 deseram,
1466 3791 1569 3846 hoc
1628 3792 1787 3847 vobis
1822 3789 2096 3862 polliceor
2129 3808 2141 3845 :
2182 3807 2293 3845 non
2330 3794 2449 3843 tam
2481 3787 2696 3843 liberos
2728 3802 2889 3841 meos
2920 3785 3037 3841 odi.
3072 3807 3100 3833 »

403 3875 477 3929 Θ’.
510 3874 659 3927 Ἐπεὶ
692 3869 749 3927 δὲ
794 3871 1154 3939 τελεωθέντας
1204 3875 1339 3931 εἶδεν
1388 3880 1522 3951 (46),
1568 3878 1657 3932 καὶ
1706 3880 1772 3933 τὸ
1807 3878 1975 3957 ἀσφα-

2162 3877 2251 3933 ΙΧ.
2290 3878 2601 3949 Postquam
2635 3880 2831 3931 autem
2864 3890 3067 3929 omnes
3101 3871 3377 3943 martyrio
3412 3871 3750 3942 perfunctos

330 3961 422 4024 λὲς
455 3961 598 4037 εἶχεν
634 3961 683 4017 ἐν
714 3969 815 4032 τῆς
845 3962 1319 4041 συμπληρώσεως,
1354 3964 1578 4041 διάρασα
1605 3968 1703 4036 τήν
1734 3966 1977 4045 κεφαλὴν

330 4049 481 4125 μάλα
537 4048 801 4130 φαιδρῶς,
860 4052 1039 4129 ὥσπερ
1096 4074 1179 4116 τις
1235 4057 1348 4128 (47)
1404 4054 1863 4129 Ὀλυμπιονίκης,
1922 4055 1975 4111 ἐν

329 4138 532 4214 ὑψηλῷ
577 4146 654 4213 τῷ
702 4143 1007 4218 φρονήματι
1052 4146 1185 4217 (48),
1217 4143 1307 4199 καί
1335 4146 1431 4207 τὰς
1461 4152 1650 4223 χεῖρας
1681 4145 1977 4220 ἐκτείνασα,

332 4228 543 4306 μεγάλῃ
597 4231 687 4285 καὶ
747 4229 974 4307 λαμπρᾷ
1047 4235 1115 4306 τῇ
1171 4237 1346 4312 φωνῆ·
1408 4258 1434 4287 ‹‹
1496 4234 1823 4312 Εὐχαριστῶ
1871 4256 1976 4307 σοι,

332 4319 490 4395 φησὶ,
548 4320 719 4393 Πάτερ
779 4321 914 4396 ἅγιε,
970 4322 1061 4376 καὶ
1120 4322 1227 4391 σοὶ,
1259 4321 1520 4379 παιδευτὰ
1550 4324 1704 4399 νόμε,
1753 4325 1841 4380 καὶ
1895 4325 1979 4380 σοὶ

331 4409 503 4482 πάτερ
532 4410 691 4482 ἡμῶν
750 4409 839 4464 καὶ
870 4415 1248 4487 προαγωνιστά
1304 4417 1411 4467 τῶν
1466 4415 1665 4468 τέκνων
1715 4419 1822 4469 τῶν
1873 4418 1979 4469 σῶν

333 4495 621 4573 Ἐλεάζαρ,
673 4497 755 4552 ὅτι
810 4500 901 4554 τὸν
960 4504 1067 4553 τῶν
1129 4499 1276 4573 ἐμῶν
1323 4499 1531 4556 ὠδίνων
1586 4504 1792 4577 καρπὸν
1850 4523 1985 4580 παρ-

334 4583 602 4658 εδίξασθε,
669 4587 758 4641 καὶ
807 4586 888 4642 ὅτι
942 4590 1125 4662 μήτηρ
1176 4588 1439 4665 ἐγενόμην
1486 4596 1669 4647 πασῶν
1735 4591 1982 4667 μητέρων

330 4674 615 4751 ἱερωτέρα.
668 4674 834 4733 Οὐδὲν
865 4676 1213 4751 ὑπελιπόμην
1240 4682 1351 4761 (49)
1397 4679 1611 4755 κόσμῳ,
1643 4680 1816 4736 πάντα
1870 4686 1986 4755 Θεῷ

549 4833 1016 4914 βατάπλςηξιςηῐιι
1048 4837 1201 4914 aliis,
1228 4837 1595 4914 παράπληξις.

548 4907 707 4983 Ὑπὲρ
739 4906 1005 4983 εὐσεοείας
1054 4906 1658 4983 ἀγωνιζομένων-.-ΠΕΟ
1688 4914 1902 4969 desunt
1931 4912 1989 4969 in

333 4978 606 5052 pluribus
630 4978 803 5052 Reg,
834 4981 1006 5035 Coisl.
1039 4978 1223 5048 2,'Or.
1247 4978 1378 5040 72st
1407 4986 1534 5041 Par.

408 5051 516 5120 (41)
549 5050 645 5104 Καὶ
671 5048 929 5128 8150,9tc.
964 5052 1188 5128 Billius,
1224 5077 1251 5105 «
1281 5061 1460 5128 atque
1492 5058 1550 5112 in
1582 5058 1829 5114 duorum
1854 5056 1989 5113 affe-

335 5127 539 5196 ctuum
574 5125 827 5196 confinio
861 5124 1051 5196 posita
1082 5131 1224 5181 erat.
1262 5149 1288 5177 ››

409 5194 525 5264 (42)
556 5195 653 5248 Καὶ
704 5195 778 5256 ὡς
823 5194 1096 5266 νεοσσούς,
1119 5203 1255 5271 etc.
1291 5197 1491 5271 Billius
1525 5215 1537 5253 :
1573 5222 1601 5250 «
1636 5215 1701 5253 ac
1752 5198 1995 5271 proinde

338 5264 615 5335 illos,non
650 5284 819 5341 secus
841 5272 1017 5341 atque
1043 5264 1286 5341 avicula,
1305 5270 1496 5341 pullos
1517 5286 1656 5325 suos
1681 5264 1995 5340 arripiente

340 5353 613 5413 apgue,_»_
633 5345 737 5396 etc.
773 5340 933 5413 Hanc
963 5340 1411 5413 similitudinem
1443 5342 1755 5413 Gregorius
1787 5358 1994 5413 sump-

341 5407 493 5464 sisse
524 5410 758 5468 videtur
786 5411 855 5465 ab
889 5411 1159 5478 Homero,
1192 5412 1349 5467 Iliad.
1388 5430 1449 5479 ιι,
1481 5407 1631 5469 vers.
1663 5413 1769 5469 315
1801 5430 1814 5467 :

342 5481 540 5553 Μήτηρ
625 5480 671 5537 δ’
749 5482 1102 5559 ἀμφεποτᾶτο
1186 5478 1495 5558 ἀδυρομὲνη
1578 5481 1712 5560 φίλα
1794 5478 1997 5607 τᾶῗνῗι,

1887 5569 1916 5607 θ
1946 5569 1994 5607 0.

1887 5569 1994 5609 etc.

344 5627 526 5679 Mater
581 5629 772 5681 autem
827 5626 1277 5697 circumvolabat,
1312 5627 1500 5697 lugens
1556 5627 1777 5683 dilectos
1833 5554 1994 5696 θίιῖξξξ

1864 5700 1995 5767 leto.

2087 3982 2419 4037 esse,seque
2450 3966 2523 4021 ob
2554 3980 2755 4020 eorum
2789 3968 3035 4019 mortem
3072 3966 3232 4017 metu
3260 3958 3417 4015 omni
3443 3957 3747 4013 liberatam

2083 4056 2249 4122 vidit,
2280 4060 2404 4110 tum
2455 4070 2587 4109 vero
2616 4057 2810 4109 erecto
2852 4052 3064 4123 capite,
3101 4049 3330 4121 ingenti
3380 4064 3513 4103 cum
3547 4046 3750 4102 hilari-

2086 4150 2225 4216 tate,
2257 4161 2373 4201 non
2423 4159 2594 4199 secus
2642 4158 2708 4197 ac
2755 4140 3050 4212 quispiam
3107 4138 3165 4193 in
3222 4136 3507 4210 Olympiis
3550 4136 3751 4201 victor,

2088 4234 2327 4293 sublimi
2386 4233 2602 4298 animo,
2649 4232 3018 4300 extensisque
3074 4227 3369 4294 manibus,
3419 4241 3633 4296 magna
3686 4226 3747 4279 et

2090 4324 2247 4380 clara
2286 4337 2424 4379 voce
2480 4321 2601 4376 haec
2649 4320 2826 4375 verba
2873 4317 3084 4374 habuit
3117 4332 3129 4371 :
3164 4338 3193 4366 «
3226 4314 3455 4370 Gratias
3483 4313 3588 4368 tibi
3620 4328 3749 4385 ago,

2091 4414 2262 4471 Pater
2299 4416 2522 4479 sancte,
2555 4415 2614 4465 et
2642 4408 2769 4475 tibi,
2802 4407 3089 4480 magistra
3119 4406 3229 4473 lex,
3262 4404 3509 4475 tibique,
3544 4417 3756 4474 parens

2092 4507 2291 4560 noster
2318 4506 2371 4557 et
2406 4499 2661 4556 ﬁliorum
2692 4504 2928 4555 tuorum
2960 4496 3019 4550 in
3052 4493 3372 4551 certamine
3421 4497 3756 4547 antecessor

2095 4592 2385 4657 Eleazaro,
2419 4591 2698 4661 quoniam
2748 4602 3015 4642 meorum
3052 4585 3108 4640 in
3158 4582 3437 4655 pariendo
3487 4580 3751 4635 dolorum

2095 4682 2347 4737 fructum
2382 4676 2711 4748 accepistis,
2744 4679 2920 4746 atque
2970 4676 3157 4728 mater
3184 4670 3448 4727 omnium
3498 4672 3751 4723 matrum

2170 4838 2279 4908 (43)
2308 4837 2495 4908 Ὑμᾶς.
2525 4835 2621 4908 Sic
2654 4833 2917 4908 plerique
2947 4831 3120 4908 codd.
3162 4829 3225 4885 In
3256 4827 3571 4908 ed.,_im‘_ai<.

2174 4899 2696 4998 (44)¹11ροαγούσηξ.
2747 4899 3007 4969 Quatuor
3055 4903 3194 4974 Reg.
3251 4904 3308 4956 et
3352 4899 3580 4968 Comb.,
3621 4914 3754 4969 προ-

2102 5001 2437 5057 αγαγουσης.
3364 5040 3396 5052 Η
3714 5039 3723 5048 Π

2172 5054 2284 5125 (45)
2310 5053 2506 5123 Ὑμῶν.
2540 5049 2712 5105 Deest
2744 5047 2802 5102 in
2835 5047 3097 5119 quinque
3131 5044 3268 5115 Reg.
3302 5040 3551 5113 aliisque
3574 5038 3757 5111 pluri-

2145 5143 2293 5266 u(84.6)
2323 5191 2498 5250 Εἶδεν.
2551 5191 2789 5246 Addunt
2836 5187 3124 5256 nonnulli,
3155 5182 3282 5245 τοὺς
3328 5177 3548 5247 παῖδας,
3602 5203 3629 5233 α
3688 5181 3761 5234 ﬁ-

2103 5269 2436 5412 ιωῧίἹῖΤις,
2478 5335 2560 5390 Ita
2591 5350 2691 5391 sex
2722 5333 2882 5405 Reg.,
2912 5330 3084 5389 Coisl.
3118 5332 3172 5400 2,
3204 5327 3369 5397 Or.2,
3406 5326 3532 5382 Par.
3565 5327 3621 5380 et
3638 5321 3756 5377 Jes.

2108 5408 2329 5467 In'Par.
2366 5408 2480 5473 ed.,
2514 5426 2588 5461 τι.

2153 5478 2660 5564 ⁸(48)(Ι>(τ>ονήι.ιιιιτι.
2733 5477 2871 5547 Reg.
2940 5491 2992 5541 c,
3059 5467 3390 5546 κηρύγματι,
3465 5486 3488 5517 ε
3555 5475 3759 5535 preco-

2107 5571 2224 5609 nio.
2262 5576 2289 5602 )›

2178 5596 2287 5698 (493
2319 5618 2716 5698 ’τπελιπόμηκ
2765 5619 2859 5677 Sic
2889 5618 3027 5691 Reg.
3060 5632 3111 5685 c,
3162 5614 3220 5685 d,
3270 5616 3327 5669 et
3374 5611 3472 5668 Or.
3518 5606 3573 5662 2.
3620 5596 3731 5679 am

2109 5692 2371 5752 ὑπὲλείπό
2380 5713 2509 5767 μην.
2590 5692 2593 5693 ⁷
3116 5750 3121 5755 .
