  <div class='ocr_page' id='page_1' title='image "/cluster/home/n/w/nwhite01/storage/ocr_20150623/35/hvd.32044054100326/469.png"; bbox 0 0 4138 6212; ppageno 0'>
   <div class='ocr_carea' id='block_1_1' title="bbox 20 2080 51 2223">
    <p class='ocr_par' dir='ltr' id='par_1_1' title="bbox 20 2080 49 2169">
     <span class='ocr_line' id='line_1_1' title="bbox 20 2080 47 2107; baseline 0 0"><span class='ocrx_word' id='word_1_1' title='bbox 20 2080 47 2107; x_wconf 60' lang='grc' dir='ltr'>ἆ</span> 
     </span>
     <span class='ocr_line' id='line_1_2' title="bbox 32 2114 49 2147; baseline 0 -26"><span class='ocrx_word' id='word_1_2' title='bbox 32 2114 49 2147; x_wconf 36' lang='grc' dir='ltr'>ἐκ</span> 
     </span>
     <span class='ocr_line' id='line_1_3' title="bbox 28 2154 37 2169; baseline 0 0"><span class='ocrx_word' id='word_1_3' title='bbox 28 2154 37 2169; x_wconf 68' lang='grc' dir='ltr'><strong><em>ο</em></strong></span> 
     </span>
    </p>

    <p class='ocr_par' dir='ltr' id='par_1_2' title="bbox 22 2170 51 2193">
     <span class='ocr_line' id='line_1_4' title="bbox 22 2170 51 2193; baseline 0 0"><span class='ocrx_word' id='word_1_4' title='bbox 22 2170 51 2193; x_wconf 67' lang='grc' dir='ltr'>τε</span> 
     </span>
    </p>

    <p class='ocr_par' dir='ltr' id='par_1_3' title="bbox 24 2196 49 2223">
     <span class='ocr_line' id='line_1_5' title="bbox 24 2196 49 2223; baseline 0 0"><span class='ocrx_word' id='word_1_5' title='bbox 24 2196 49 2223; x_wconf 57' lang='grc'><strong>1</strong></span> 
     </span>
    </p>
   </div>
   <div class='ocr_carea' id='block_1_2' title="bbox 462 306 3877 376">
    <p class='ocr_par' dir='ltr' id='par_1_4' title="bbox 462 306 3877 376">
     <span class='ocr_line' id='line_1_6' title="bbox 462 306 3877 376; baseline 0.002 -7"><span class='ocrx_word' id='word_1_6' title='bbox 462 310 579 369; x_wconf 75' lang='grc'>92⁸1</span> <span class='ocrx_word' id='word_1_7' title='bbox 1706 310 1772 371; x_wconf 91' lang='lat' dir='ltr'>S.</span> <span class='ocrx_word' id='word_1_8' title='bbox 1818 306 2193 369; x_wconf 73' lang='lat' dir='ltr'>GREGOHII</span> <span class='ocrx_word' id='word_1_9' title='bbox 2238 306 2632 369; x_wconf 84' lang='lat' dir='ltr'>THEOLOGI</span> <span class='ocrx_word' id='word_1_10' title='bbox 3757 316 3877 376; x_wconf 79' lang='lat'>928</span> 
     </span>
    </p>
   </div>
   <div class='ocr_carea' id='block_1_3' title="bbox 464 437 2128 518">
    <p class='ocr_par' dir='ltr' id='par_1_5' title="bbox 464 441 2118 513">
     <span class='ocr_line' id='line_1_7' title="bbox 464 441 2118 513; baseline -0.001 -16"><span class='ocrx_word' id='word_1_11' title='bbox 464 442 865 498; x_wconf 87' lang='lat' dir='ltr'>sacratissima</span> <span class='ocrx_word' id='word_1_12' title='bbox 919 443 1123 499; x_wconf 74' lang='lat' dir='ltr'>eﬂ‘ecta</span> <span class='ocrx_word' id='word_1_13' title='bbox 1173 461 1329 501; x_wconf 89' lang='lat' dir='ltr'>sum.</span> <span class='ocrx_word' id='word_1_14' title='bbox 1393 443 1548 501; x_wconf 80' lang='lat' dir='ltr'>Nihil</span> <span class='ocrx_word' id='word_1_15' title='bbox 1606 442 1827 500; x_wconf 90' lang='lat' dir='ltr'>mundo</span> <span class='ocrx_word' id='word_1_16' title='bbox 1887 441 2118 513; x_wconf 85' lang='lat' dir='ltr'>reliqui,</span> 
     </span>
    </p>
   </div>
   <div class='ocr_carea' id='block_1_4' title="bbox 2244 437 3881 518">
    <p class='ocr_par' dir='ltr' id='par_1_6' title="bbox 2244 437 3881 518">
     <span class='ocr_line' id='line_1_8' title="bbox 2244 437 3881 518; baseline 0.004 -25"><span class='ocrx_word' id='word_1_17' title='bbox 2244 437 2607 513; x_wconf 68' lang='grc' dir='ltr'>παραδέδωκα,</span> <span class='ocrx_word' id='word_1_18' title='bbox 2636 441 2727 496; x_wconf 88' lang='grc' dir='ltr'>τὸν</span> <span class='ocrx_word' id='word_1_19' title='bbox 2763 439 2893 514; x_wconf 76' lang='grc' dir='ltr'>ἐμὸν</span> <span class='ocrx_word' id='word_1_20' title='bbox 2943 444 3234 518; x_wconf 76' lang='grc' dir='ltr'>θησαυρὸν,</span> <span class='ocrx_word' id='word_1_21' title='bbox 3290 443 3385 505; x_wconf 78' lang='grc' dir='ltr'>τὰς</span> <span class='ocrx_word' id='word_1_22' title='bbox 3445 440 3580 515; x_wconf 70' lang='grc' dir='ltr'>ἐμὰς</span> <span class='ocrx_word' id='word_1_23' title='bbox 3631 445 3881 518; x_wconf 81' lang='grc' dir='ltr'>γηροκό-</span> 
     </span>
    </p>
   </div>
   <div class='ocr_carea' id='block_1_5' title="bbox 466 532 2119 604">
    <p class='ocr_par' dir='ltr' id='par_1_7' title="bbox 466 532 2119 604">
     <span class='ocr_line' id='line_1_9' title="bbox 466 532 2119 604; baseline 0.001 -19"><span class='ocrx_word' id='word_1_24' title='bbox 466 534 664 585; x_wconf 89' lang='lat' dir='ltr'>omnia</span> <span class='ocrx_word' id='word_1_25' title='bbox 695 532 809 587; x_wconf 91' lang='lat' dir='ltr'>Deo</span> <span class='ocrx_word' id='word_1_26' title='bbox 841 532 1427 601; x_wconf 88' lang='lat' dir='ltr'>tradini,thesaurum</span> <span class='ocrx_word' id='word_1_27' title='bbox 1462 550 1679 603; x_wconf 89' lang='lat' dir='ltr'>meum,</span> <span class='ocrx_word' id='word_1_28' title='bbox 1701 549 1833 604; x_wconf 87' lang='lat' dir='ltr'>spes</span> <span class='ocrx_word' id='word_1_29' title='bbox 1854 534 2119 588; x_wconf 88' lang='lat' dir='ltr'>senectu-</span> 
     </span>
    </p>
   </div>
   <div class='ocr_carea' id='block_1_6' title="bbox 466 619 2116 693">
    <p class='ocr_par' dir='ltr' id='par_1_8' title="bbox 466 619 2116 693">
     <span class='ocr_line' id='line_1_10' title="bbox 466 619 2116 693; baseline 0.001 -21"><span class='ocrx_word' id='word_1_30' title='bbox 466 621 541 673; x_wconf 83' lang='lat' dir='ltr'>tis</span> <span class='ocrx_word' id='word_1_31' title='bbox 578 637 714 673; x_wconf 66' lang='lat' dir='ltr'>meas</span> <span class='ocrx_word' id='word_1_32' title='bbox 761 620 1015 676; x_wconf 81' lang='lat' dir='ltr'>altrices.</span> <span class='ocrx_word' id='word_1_33' title='bbox 1049 624 1233 687; x_wconf 87' lang='lat' dir='ltr'>Quam</span> <span class='ocrx_word' id='word_1_34' title='bbox 1268 621 1578 693; x_wconf 81' lang='lat' dir='ltr'>magniﬁce</span> <span class='ocrx_word' id='word_1_35' title='bbox 1630 621 1915 678; x_wconf 86' lang='lat' dir='ltr'>honorata</span> <span class='ocrx_word' id='word_1_36' title='bbox 1945 636 2073 676; x_wconf 91' lang='lat' dir='ltr'>sum</span> <span class='ocrx_word' id='word_1_37' title='bbox 2104 619 2116 674; x_wconf 89' lang='lat' dir='ltr'>l</span> 
     </span>
    </p>
   </div>
   <div class='ocr_carea' id='block_1_7' title="bbox 465 708 2122 773">
    <p class='ocr_par' dir='ltr' id='par_1_9' title="bbox 465 708 2122 773">
     <span class='ocr_line' id='line_1_11' title="bbox 465 708 2122 773; baseline 0.001 -13"><span class='ocrx_word' id='word_1_38' title='bbox 465 710 647 773; x_wconf 84' lang='lat' dir='ltr'>Quam</span> <span class='ocrx_word' id='word_1_39' title='bbox 682 708 1026 764; x_wconf 83' lang='lat' dir='ltr'>excellenter</span> <span class='ocrx_word' id='word_1_40' title='bbox 1074 714 1347 765; x_wconf 88' lang='lat' dir='ltr'>senectus</span> <span class='ocrx_word' id='word_1_41' title='bbox 1397 727 1526 765; x_wconf 90' lang='lat' dir='ltr'>mea</span> <span class='ocrx_word' id='word_1_42' title='bbox 1555 709 1786 765; x_wconf 86' lang='lat' dir='ltr'>exculta</span> <span class='ocrx_word' id='word_1_43' title='bbox 1814 712 1872 765; x_wconf 88' lang='lat' dir='ltr'>et</span> <span class='ocrx_word' id='word_1_44' title='bbox 1920 712 2122 763; x_wconf 88' lang='lat' dir='ltr'>curata</span> 
     </span>
    </p>
   </div>
   <div class='ocr_carea' id='block_1_8' title="bbox 466 796 2121 871">
    <p class='ocr_par' dir='ltr' id='par_1_10' title="bbox 466 796 2121 871">
     <span class='ocr_line' id='line_1_12' title="bbox 466 796 2121 871; baseline 0.002 -23"><span class='ocrx_word' id='word_1_45' title='bbox 466 807 545 849; x_wconf 89' lang='lat' dir='ltr'>est</span> <span class='ocrx_word' id='word_1_46' title='bbox 575 797 583 848; x_wconf 76' lang='grc' dir='ltr'>Ι</span> <span class='ocrx_word' id='word_1_47' title='bbox 624 797 816 852; x_wconf 86' lang='lat' dir='ltr'>llabeo</span> <span class='ocrx_word' id='word_1_48' title='bbox 847 798 1211 854; x_wconf 78' lang='lat' dir='ltr'>educationis</span> <span class='ocrx_word' id='word_1_49' title='bbox 1240 805 1445 854; x_wconf 68' lang='lat' dir='ltr'>vestra:</span> <span class='ocrx_word' id='word_1_50' title='bbox 1478 799 1731 871; x_wconf 78' lang='lat' dir='ltr'>praemia,</span> <span class='ocrx_word' id='word_1_51' title='bbox 1766 815 1798 854; x_wconf 95' lang='lat' dir='ltr'>o</span> <span class='ocrx_word' id='word_1_52' title='bbox 1830 798 1933 852; x_wconf 86' lang='lat' dir='ltr'>filii</span> <span class='ocrx_word' id='word_1_53' title='bbox 1961 796 1973 851; x_wconf 76' lang='grc' dir='ltr'>ί</span> <span class='ocrx_word' id='word_1_54' title='bbox 2005 797 2121 851; x_wconf 91' lang='lat' dir='ltr'>Vos</span> 
     </span>
    </p>
   </div>
   <div class='ocr_carea' id='block_1_9' title="bbox 465 885 2122 957">
    <p class='ocr_par' dir='ltr' id='par_1_11' title="bbox 465 885 2122 957">
     <span class='ocr_line' id='line_1_13' title="bbox 465 885 2122 957; baseline 0.002 -20"><span class='ocrx_word' id='word_1_55' title='bbox 465 902 667 939; x_wconf 75' lang='lat' dir='ltr'>omnes</span> <span class='ocrx_word' id='word_1_56' title='bbox 698 885 930 942; x_wconf 87' lang='lat' dir='ltr'>virtutis</span> <span class='ocrx_word' id='word_1_57' title='bbox 979 904 1160 943; x_wconf 89' lang='lat' dir='ltr'>causa</span> <span class='ocrx_word' id='word_1_58' title='bbox 1192 889 1556 943; x_wconf 77' lang='lat' dir='ltr'>decertantes</span> <span class='ocrx_word' id='word_1_59' title='bbox 1604 888 1746 957; x_wconf 89' lang='lat' dir='ltr'>vidi,</span> <span class='ocrx_word' id='word_1_60' title='bbox 1778 904 1879 942; x_wconf 89' lang='lat' dir='ltr'>vos</span> <span class='ocrx_word' id='word_1_61' title='bbox 1918 902 2122 942; x_wconf 88' lang='lat' dir='ltr'>omnes</span> 
     </span>
    </p>
   </div>
   <div class='ocr_carea' id='block_1_10' title="bbox 463 975 2122 1046">
    <p class='ocr_par' dir='ltr' id='par_1_12' title="bbox 463 975 2122 1046">
     <span class='ocr_line' id='line_1_14' title="bbox 463 975 2122 1046; baseline 0.002 -20"><span class='ocrx_word' id='word_1_62' title='bbox 463 975 712 1029; x_wconf 77' lang='lat' dir='ltr'>victores</span> <span class='ocrx_word' id='word_1_63' title='bbox 756 975 973 1046; x_wconf 83' lang='lat' dir='ltr'>aspexi.</span> <span class='ocrx_word' id='word_1_64' title='bbox 1008 978 1340 1045; x_wconf 82' lang='lat' dir='ltr'>Carnifices,</span> <span class='ocrx_word' id='word_1_65' title='bbox 1374 976 1533 1032; x_wconf 89' lang='lat' dir='ltr'>velut</span> <span class='ocrx_word' id='word_1_66' title='bbox 1581 977 2000 1044; x_wconf 86' lang='lat' dir='ltr'>benefactores,</span> <span class='ocrx_word' id='word_1_67' title='bbox 2033 976 2122 1029; x_wconf 92' lang='lat' dir='ltr'>in-</span> 
     </span>
    </p>
   </div>
   <div class='ocr_carea' id='block_1_11' title="bbox 466 1064 2124 1138">
    <p class='ocr_par' dir='ltr' id='par_1_13' title="bbox 466 1064 2124 1138">
     <span class='ocr_line' id='line_1_15' title="bbox 466 1064 2124 1138; baseline 0.001 -21"><span class='ocrx_word' id='word_1_68' title='bbox 466 1070 631 1117; x_wconf 85' lang='lat' dir='ltr'>tueor</span> <span class='ocrx_word' id='word_1_69' title='bbox 661 1082 670 1129; x_wconf 93' lang='lat'>;</span> <span class='ocrx_word' id='word_1_70' title='bbox 708 1064 972 1136; x_wconf 88' lang='lat' dir='ltr'>nihilque</span> <span class='ocrx_word' id='word_1_71' title='bbox 1022 1066 1262 1137; x_wconf 90' lang='lat' dir='ltr'>propius</span> <span class='ocrx_word' id='word_1_72' title='bbox 1294 1067 1377 1133; x_wconf 83' lang='lat' dir='ltr'>ﬁt,</span> <span class='ocrx_word' id='word_1_73' title='bbox 1415 1083 1590 1138; x_wconf 90' lang='lat' dir='ltr'>quam</span> <span class='ocrx_word' id='word_1_74' title='bbox 1648 1069 1715 1120; x_wconf 94' lang='lat' dir='ltr'>ut</span> <span class='ocrx_word' id='word_1_75' title='bbox 1745 1065 1854 1121; x_wconf 88' lang='lat' dir='ltr'>hoc</span> <span class='ocrx_word' id='word_1_76' title='bbox 1890 1064 2124 1119; x_wconf 86' lang='lat' dir='ltr'>nomine</span> 
     </span>
    </p>
   </div>
   <div class='ocr_carea' id='block_1_12' title="bbox 468 1152 2122 1226">
    <p class='ocr_par' dir='ltr' id='par_1_14' title="bbox 468 1152 2122 1226">
     <span class='ocr_line' id='line_1_16' title="bbox 468 1152 2122 1226; baseline 0.001 -21"><span class='ocrx_word' id='word_1_77' title='bbox 468 1156 717 1222; x_wconf 75' lang='lat' dir='ltr'>tyranno</span> <span class='ocrx_word' id='word_1_78' title='bbox 749 1153 968 1224; x_wconf 79' lang='lat' dir='ltr'>gratias</span> <span class='ocrx_word' id='word_1_79' title='bbox 1000 1154 1269 1224; x_wconf 86' lang='lat' dir='ltr'>habeam,</span> <span class='ocrx_word' id='word_1_80' title='bbox 1302 1155 1455 1224; x_wconf 91' lang='lat' dir='ltr'>quod</span> <span class='ocrx_word' id='word_1_81' title='bbox 1491 1154 1647 1209; x_wconf 89' lang='lat' dir='ltr'>hunc</span> <span class='ocrx_word' id='word_1_82' title='bbox 1695 1152 2122 1226; x_wconf 86' lang='lat' dir='ltr'>suppliciorum</span> 
     </span>
    </p>
   </div>
   <div class='ocr_carea' id='block_1_13' title="bbox 466 1241 2123 1314">
    <p class='ocr_par' dir='ltr' id='par_1_15' title="bbox 466 1241 2123 1314">
     <span class='ocr_line' id='line_1_17' title="bbox 466 1241 2123 1314; baseline 0.001 -21"><span class='ocrx_word' id='word_1_83' title='bbox 466 1242 727 1295; x_wconf 79' lang='lat' dir='ltr'>ordinem</span> <span class='ocrx_word' id='word_1_84' title='bbox 773 1242 1045 1309; x_wconf 87' lang='lat' dir='ltr'>tenuerit,</span> <span class='ocrx_word' id='word_1_85' title='bbox 1082 1247 1147 1297; x_wconf 89' lang='lat' dir='ltr'>ut</span> <span class='ocrx_word' id='word_1_86' title='bbox 1176 1259 1269 1298; x_wconf 88' lang='lat' dir='ltr'>me</span> <span class='ocrx_word' id='word_1_87' title='bbox 1320 1241 1588 1297; x_wconf 81' lang='lat' dir='ltr'>ultimam</span> <span class='ocrx_word' id='word_1_88' title='bbox 1621 1243 1692 1297; x_wconf 89' lang='lat' dir='ltr'>ad</span> <span class='ocrx_word' id='word_1_89' title='bbox 1745 1241 2004 1314; x_wconf 89' lang='lat' dir='ltr'>pericula</span> <span class='ocrx_word' id='word_1_90' title='bbox 2034 1256 2123 1295; x_wconf 85' lang='lat' dir='ltr'>re-</span> 
     </span>
    </p>
   </div>
   <div class='ocr_carea' id='block_1_14' title="bbox 473 1330 2125 1402">
    <p class='ocr_par' dir='ltr' id='par_1_16' title="bbox 473 1330 2125 1402">
     <span class='ocr_line' id='line_1_18' title="bbox 473 1330 2125 1402; baseline 0.001 -18"><span class='ocrx_word' id='word_1_91' title='bbox 473 1330 755 1397; x_wconf 86' lang='lat' dir='ltr'>servarit;</span> <span class='ocrx_word' id='word_1_92' title='bbox 810 1346 947 1401; x_wconf 90' lang='lat' dir='ltr'>quo,</span> <span class='ocrx_word' id='word_1_93' title='bbox 998 1334 1378 1402; x_wconf 83' lang='lat' dir='ltr'>posteaquam</span> <span class='ocrx_word' id='word_1_94' title='bbox 1429 1337 1663 1402; x_wconf 89' lang='lat' dir='ltr'>partum</span> <span class='ocrx_word' id='word_1_95' title='bbox 1712 1347 1909 1385; x_wconf 90' lang='lat' dir='ltr'>meum</span> <span class='ocrx_word' id='word_1_96' title='bbox 1960 1330 2125 1402; x_wconf 88' lang='lat' dir='ltr'>prius</span> 
     </span>
    </p>
   </div>
   <div class='ocr_carea' id='block_1_15' title="bbox 476 1417 2124 1492">
    <p class='ocr_par' dir='ltr' id='par_1_17' title="bbox 476 1417 2124 1492">
     <span class='ocr_line' id='line_1_19' title="bbox 476 1417 2124 1492; baseline 0.002 -21"><span class='ocrx_word' id='word_1_97' title='bbox 476 1417 935 1489; x_wconf 86' lang='lat' dir='ltr'>spectavi,atque</span> <span class='ocrx_word' id='word_1_98' title='bbox 966 1418 1025 1473; x_wconf 89' lang='lat' dir='ltr'>in</span> <span class='ocrx_word' id='word_1_99' title='bbox 1057 1436 1409 1492; x_wconf 90' lang='lat' dir='ltr'>unoquoque</span> <span class='ocrx_word' id='word_1_100' title='bbox 1440 1419 1691 1475; x_wconf 83' lang='lat' dir='ltr'>filiorum</span> <span class='ocrx_word' id='word_1_101' title='bbox 1724 1419 2017 1487; x_wconf 87' lang='lat' dir='ltr'>dimicavi,</span> <span class='ocrx_word' id='word_1_102' title='bbox 2040 1418 2124 1474; x_wconf 88' lang='lat' dir='ltr'>sic</span> 
     </span>
    </p>
   </div>
   <div class='ocr_carea' id='block_1_16' title="bbox 475 1506 2121 1580">
    <p class='ocr_par' dir='ltr' id='par_1_18' title="bbox 475 1506 2121 1580">
     <span class='ocr_line' id='line_1_20' title="bbox 475 1506 2121 1580; baseline 0.002 -21"><span class='ocrx_word' id='word_1_103' title='bbox 475 1506 711 1559; x_wconf 87' lang='lat' dir='ltr'>demum</span> <span class='ocrx_word' id='word_1_104' title='bbox 744 1522 879 1562; x_wconf 92' lang='lat' dir='ltr'>cum</span> <span class='ocrx_word' id='word_1_105' title='bbox 908 1509 1161 1578; x_wconf 86' lang='lat' dir='ltr'>perfecta</span> <span class='ocrx_word' id='word_1_106' title='bbox 1192 1508 1497 1565; x_wconf 82' lang='lat' dir='ltr'>securitate</span> <span class='ocrx_word' id='word_1_107' title='bbox 1527 1514 1657 1580; x_wconf 89' lang='lat' dir='ltr'>post</span> <span class='ocrx_word' id='word_1_108' title='bbox 1696 1509 1979 1579; x_wconf 82' lang='lat' dir='ltr'>perfectas</span> <span class='ocrx_word' id='word_1_109' title='bbox 2008 1507 2121 1563; x_wconf 82' lang='lat' dir='ltr'>vic-</span> 
     </span>
    </p>
   </div>
   <div class='ocr_carea' id='block_1_17' title="bbox 476 1594 2124 1664">
    <p class='ocr_par' dir='ltr' id='par_1_19' title="bbox 476 1594 2124 1664">
     <span class='ocr_line' id='line_1_21' title="bbox 476 1594 2124 1664; baseline 0.004 -18"><span class='ocrx_word' id='word_1_110' title='bbox 476 1595 651 1647; x_wconf 87' lang='lat' dir='ltr'>timas</span> <span class='ocrx_word' id='word_1_111' title='bbox 701 1594 836 1650; x_wconf 90' lang='lat' dir='ltr'>hinc</span> <span class='ocrx_word' id='word_1_112' title='bbox 888 1597 1185 1651; x_wconf 82' lang='lat' dir='ltr'>excedam.</span> <span class='ocrx_word' id='word_1_113' title='bbox 1215 1601 1340 1653; x_wconf 91' lang='lat' dir='ltr'>Non</span> <span class='ocrx_word' id='word_1_114' title='bbox 1390 1614 1618 1653; x_wconf 90' lang='lat' dir='ltr'>comam</span> <span class='ocrx_word' id='word_1_115' title='bbox 1651 1598 1800 1655; x_wconf 71' lang='lat'>295</span> <span class='ocrx_word' id='word_1_116' title='bbox 1854 1596 2124 1664; x_wconf 81' lang='lat' dir='ltr'>evellam,</span> 
     </span>
    </p>
   </div>
   <div class='ocr_carea' id='block_1_18' title="bbox 472 1684 2122 1760">
    <p class='ocr_par' dir='ltr' id='par_1_20' title="bbox 472 1684 2122 1760">
     <span class='ocr_line' id='line_1_22' title="bbox 472 1684 2122 1760; baseline 0.004 -25"><span class='ocrx_word' id='word_1_117' title='bbox 472 1700 585 1736; x_wconf 90' lang='lat' dir='ltr'>non</span> <span class='ocrx_word' id='word_1_118' title='bbox 621 1688 809 1739; x_wconf 86' lang='lat' dir='ltr'>vestes</span> <span class='ocrx_word' id='word_1_119' title='bbox 854 1684 1143 1755; x_wconf 87' lang='lat' dir='ltr'>scindam,</span> <span class='ocrx_word' id='word_1_120' title='bbox 1176 1702 1291 1741; x_wconf 92' lang='lat' dir='ltr'>non</span> <span class='ocrx_word' id='word_1_121' title='bbox 1322 1702 1527 1743; x_wconf 92' lang='lat' dir='ltr'>carnes</span> <span class='ocrx_word' id='word_1_122' title='bbox 1579 1687 1880 1760; x_wconf 87' lang='lat' dir='ltr'>unguibus</span> <span class='ocrx_word' id='word_1_123' title='bbox 1910 1686 2122 1742; x_wconf 89' lang='lat' dir='ltr'>lacera-</span> 
     </span>
    </p>
   </div>
   <div class='ocr_carea' id='block_1_19' title="bbox 468 1771 2122 1841">
    <p class='ocr_par' dir='ltr' id='par_1_21' title="bbox 468 1771 2122 1841">
     <span class='ocr_line' id='line_1_23' title="bbox 468 1771 2122 1841; baseline 0.003 -17"><span class='ocrx_word' id='word_1_124' title='bbox 468 1771 561 1833; x_wconf 87' lang='lat' dir='ltr'>bo,</span> <span class='ocrx_word' id='word_1_125' title='bbox 599 1789 712 1826; x_wconf 90' lang='lat' dir='ltr'>non</span> <span class='ocrx_word' id='word_1_126' title='bbox 746 1772 967 1828; x_wconf 91' lang='lat' dir='ltr'>luctum</span> <span class='ocrx_word' id='word_1_127' title='bbox 998 1773 1281 1841; x_wconf 80' lang='lat' dir='ltr'>excitabo,</span> <span class='ocrx_word' id='word_1_128' title='bbox 1310 1792 1425 1830; x_wconf 90' lang='lat' dir='ltr'>non</span> <span class='ocrx_word' id='word_1_129' title='bbox 1480 1775 1674 1831; x_wconf 90' lang='lat' dir='ltr'>luctus</span> <span class='ocrx_word' id='word_1_130' title='bbox 1706 1776 1896 1831; x_wconf 86' lang='lat' dir='ltr'>socias</span> <span class='ocrx_word' id='word_1_131' title='bbox 1925 1791 2122 1830; x_wconf 90' lang='lat' dir='ltr'>accer-</span> 
     </span>
    </p>
   </div>
   <div class='ocr_carea' id='block_1_20' title="bbox 469 1861 2124 1936">
    <p class='ocr_par' dir='ltr' id='par_1_22' title="bbox 469 1861 2124 1936">
     <span class='ocr_line' id='line_1_24' title="bbox 469 1861 2124 1936; baseline 0.003 -24"><span class='ocrx_word' id='word_1_132' title='bbox 469 1876 614 1921; x_wconf 85' lang='lat' dir='ltr'>sam,</span> <span class='ocrx_word' id='word_1_133' title='bbox 649 1876 761 1915; x_wconf 87' lang='lat' dir='ltr'>non</span> <span class='ocrx_word' id='word_1_134' title='bbox 795 1861 1065 1917; x_wconf 88' lang='lat' dir='ltr'>tenebras</span> <span class='ocrx_word' id='word_1_135' title='bbox 1111 1862 1479 1931; x_wconf 89' lang='lat' dir='ltr'>concludam,</span> <span class='ocrx_word' id='word_1_136' title='bbox 1514 1868 1579 1919; x_wconf 92' lang='lat' dir='ltr'>ut</span> <span class='ocrx_word' id='word_1_137' title='bbox 1606 1865 1730 1936; x_wconf 90' lang='lat' dir='ltr'>ipse</span> <span class='ocrx_word' id='word_1_138' title='bbox 1760 1880 1990 1935; x_wconf 89' lang='lat' dir='ltr'>quoque</span> <span class='ocrx_word' id='word_1_139' title='bbox 2025 1879 2124 1919; x_wconf 89' lang='lat' dir='ltr'>aer</span> 
     </span>
    </p>
   </div>
   <div class='ocr_carea' id='block_1_21' title="bbox 471 1948 2120 2024">
    <p class='ocr_par' dir='ltr' id='par_1_23' title="bbox 471 1948 2120 2024">
     <span class='ocr_line' id='line_1_25' title="bbox 471 1948 2120 2024; baseline 0.004 -23"><span class='ocrx_word' id='word_1_140' title='bbox 471 1964 702 2003; x_wconf 89' lang='lat' dir='ltr'>mecum</span> <span class='ocrx_word' id='word_1_141' title='bbox 750 1948 964 2019; x_wconf 81' lang='lat' dir='ltr'>lugeat,</span> <span class='ocrx_word' id='word_1_142' title='bbox 999 1968 1115 2006; x_wconf 93' lang='lat' dir='ltr'>non</span> <span class='ocrx_word' id='word_1_143' title='bbox 1162 1952 1557 2008; x_wconf 80' lang='lat' dir='ltr'>consolatores</span> <span class='ocrx_word' id='word_1_144' title='bbox 1604 1952 1969 2024; x_wconf 86' lang='lat' dir='ltr'>exspectabo,</span> <span class='ocrx_word' id='word_1_145' title='bbox 2004 1967 2120 2007; x_wconf 91' lang='lat' dir='ltr'>non</span> 
     </span>
    </p>
   </div>
   <div class='ocr_carea' id='block_1_22' title="bbox 472 2036 2121 2113">
    <p class='ocr_par' dir='ltr' id='par_1_24' title="bbox 472 2036 2121 2113">
     <span class='ocr_line' id='line_1_26' title="bbox 472 2036 2121 2113; baseline 0.003 -24"><span class='ocrx_word' id='word_1_146' title='bbox 472 2036 783 2107; x_wconf 75' lang='lat' dir='ltr'>lugubrem</span> <span class='ocrx_word' id='word_1_147' title='bbox 816 2054 1025 2109; x_wconf 91' lang='lat' dir='ltr'>panem</span> <span class='ocrx_word' id='word_1_148' title='bbox 1056 2056 1369 2110; x_wconf 88' lang='lat' dir='ltr'>apponam.</span> <span class='ocrx_word' id='word_1_149' title='bbox 1403 2041 1531 2097; x_wconf 65' lang='lat' dir='ltr'>Haec</span> <span class='ocrx_word' id='word_1_150' title='bbox 1559 2042 1717 2097; x_wconf 88' lang='lat' dir='ltr'>enim</span> <span class='ocrx_word' id='word_1_151' title='bbox 1746 2042 1992 2113; x_wconf 83' lang='lat' dir='ltr'>ignavis,</span> <span class='ocrx_word' id='word_1_152' title='bbox 2024 2039 2121 2095; x_wconf 89' lang='lat' dir='ltr'>ab-</span> 
     </span>
    </p>
   </div>
   <div class='ocr_carea' id='block_1_23' title="bbox 466 2126 2122 2201">
    <p class='ocr_par' dir='ltr' id='par_1_25' title="bbox 466 2126 2122 2201">
     <span class='ocr_line' id='line_1_27' title="bbox 466 2126 2122 2201; baseline 0.003 -23"><span class='ocrx_word' id='word_1_153' title='bbox 466 2126 725 2195; x_wconf 89' lang='lat' dir='ltr'>jectique</span> <span class='ocrx_word' id='word_1_154' title='bbox 772 2126 952 2183; x_wconf 81' lang='lat' dir='ltr'>animi</span> <span class='ocrx_word' id='word_1_155' title='bbox 1006 2128 1295 2184; x_wconf 88' lang='lat' dir='ltr'>matribus</span> <span class='ocrx_word' id='word_1_156' title='bbox 1346 2130 1718 2197; x_wconf 89' lang='lat' dir='ltr'>conveniunt,</span> <span class='ocrx_word' id='word_1_157' title='bbox 1752 2146 1879 2201; x_wconf 68' lang='lat' dir='ltr'>quae</span> <span class='ocrx_word' id='word_1_158' title='bbox 1926 2128 2122 2185; x_wconf 89' lang='lat' dir='ltr'>carnis</span> 
     </span>
    </p>
   </div>
   <div class='ocr_carea' id='block_1_24' title="bbox 471 2214 2118 2290">
    <p class='ocr_par' dir='ltr' id='par_1_26' title="bbox 471 2214 2118 2290">
     <span class='ocr_line' id='line_1_28' title="bbox 471 2214 2118 2290; baseline 0.003 -22"><span class='ocrx_word' id='word_1_159' title='bbox 471 2214 754 2270; x_wconf 83' lang='lat' dir='ltr'>duntaxat</span> <span class='ocrx_word' id='word_1_160' title='bbox 784 2220 1000 2272; x_wconf 87' lang='lat' dir='ltr'>matres</span> <span class='ocrx_word' id='word_1_161' title='bbox 1031 2221 1193 2284; x_wconf 85' lang='lat' dir='ltr'>sunt,</span> <span class='ocrx_word' id='word_1_162' title='bbox 1216 2216 1433 2290; x_wconf 90' lang='lat' dir='ltr'>quibus</span> <span class='ocrx_word' id='word_1_163' title='bbox 1464 2217 1566 2273; x_wconf 80' lang='lat' dir='ltr'>filii</span> <span class='ocrx_word' id='word_1_164' title='bbox 1601 2218 1727 2273; x_wconf 90' lang='lat' dir='ltr'>sine</span> <span class='ocrx_word' id='word_1_165' title='bbox 1756 2218 1877 2273; x_wconf 91' lang='lat' dir='ltr'>ulla</span> <span class='ocrx_word' id='word_1_166' title='bbox 1906 2235 1966 2274; x_wconf 91' lang='lat' dir='ltr'>re</span> <span class='ocrx_word' id='word_1_167' title='bbox 1996 2235 2118 2274; x_wconf 89' lang='lat' dir='ltr'>me-</span> 
     </span>
    </p>
   </div>
   <div class='ocr_carea' id='block_1_25' title="bbox 474 2304 2120 2377">
    <p class='ocr_par' dir='ltr' id='par_1_27' title="bbox 474 2304 2120 2377">
     <span class='ocr_line' id='line_1_29' title="bbox 474 2304 2120 2377; baseline 0.004 -21"><span class='ocrx_word' id='word_1_168' title='bbox 474 2311 701 2357; x_wconf 82' lang='lat' dir='ltr'>moratu</span> <span class='ocrx_word' id='word_1_169' title='bbox 732 2304 911 2377; x_wconf 88' lang='lat' dir='ltr'>digna</span> <span class='ocrx_word' id='word_1_170' title='bbox 938 2304 1409 2362; x_wconf 88' lang='lat' dir='ltr'>intereunt.Mihi</span> <span class='ocrx_word' id='word_1_171' title='bbox 1442 2323 1593 2376; x_wconf 89' lang='lat' dir='ltr'>vero,</span> <span class='ocrx_word' id='word_1_172' title='bbox 1626 2307 1962 2363; x_wconf 84' lang='lat' dir='ltr'>charissimi</span> <span class='ocrx_word' id='word_1_173' title='bbox 1993 2307 2120 2376; x_wconf 82' lang='lat' dir='ltr'>filii,</span> 
     </span>
    </p>
   </div>
   <div class='ocr_carea' id='block_1_26' title="bbox 472 2392 2119 2465">
    <p class='ocr_par' dir='ltr' id='par_1_28' title="bbox 472 2392 2119 2465">
     <span class='ocr_line' id='line_1_30' title="bbox 472 2392 2119 2465; baseline 0.004 -20"><span class='ocrx_word' id='word_1_174' title='bbox 472 2392 934 2465; x_wconf 84' lang='lat' dir='ltr'>haudquaquam</span> <span class='ocrx_word' id='word_1_175' title='bbox 985 2395 1200 2451; x_wconf 91' lang='lat' dir='ltr'>mortui</span> <span class='ocrx_word' id='word_1_176' title='bbox 1230 2400 1288 2451; x_wconf 92' lang='lat' dir='ltr'>et</span> <span class='ocrx_word' id='word_1_177' title='bbox 1335 2396 1626 2463; x_wconf 87' lang='lat' dir='ltr'>exstincti,</span> <span class='ocrx_word' id='word_1_178' title='bbox 1657 2397 1759 2452; x_wconf 89' lang='lat' dir='ltr'>sed</span> <span class='ocrx_word' id='word_1_179' title='bbox 1790 2396 1891 2452; x_wconf 85' lang='lat' dir='ltr'>Dei</span> <span class='ocrx_word' id='word_1_180' title='bbox 1939 2395 2119 2452; x_wconf 90' lang='lat' dir='ltr'>oblati</span> 
     </span>
    </p>
   </div>
   <div class='ocr_carea' id='block_1_27' title="bbox 472 2482 2119 2557">
    <p class='ocr_par' dir='ltr' id='par_1_29' title="bbox 472 2482 2119 2557">
     <span class='ocr_line' id='line_1_31' title="bbox 472 2482 2119 2557; baseline 0.003 -22"><span class='ocrx_word' id='word_1_181' title='bbox 472 2482 613 2535; x_wconf 83' lang='lat' dir='ltr'>estis</span> <span class='ocrx_word' id='word_1_182' title='bbox 649 2499 659 2534; x_wconf 77' lang='grc' dir='ltr'>ε</span> <span class='ocrx_word' id='word_1_183' title='bbox 696 2498 800 2537; x_wconf 88' lang='lat' dir='ltr'>nec</span> <span class='ocrx_word' id='word_1_184' title='bbox 829 2482 1146 2552; x_wconf 80' lang='lat' dir='ltr'>defecistis,</span> <span class='ocrx_word' id='word_1_185' title='bbox 1180 2485 1280 2539; x_wconf 91' lang='lat' dir='ltr'>sed</span> <span class='ocrx_word' id='word_1_186' title='bbox 1314 2483 1425 2540; x_wconf 90' lang='lat' dir='ltr'>alio</span> <span class='ocrx_word' id='word_1_187' title='bbox 1456 2485 1754 2557; x_wconf 89' lang='lat' dir='ltr'>migrastis</span> <span class='ocrx_word' id='word_1_188' title='bbox 1786 2502 1798 2539; x_wconf 91' lang='lat'>:</span> <span class='ocrx_word' id='word_1_189' title='bbox 1832 2502 1934 2540; x_wconf 90' lang='lat' dir='ltr'>nec</span> <span class='ocrx_word' id='word_1_190' title='bbox 1965 2484 2119 2541; x_wconf 90' lang='lat' dir='ltr'>lace-</span> 
     </span>
    </p>
   </div>
   <div class='ocr_carea' id='block_1_28' title="bbox 475 2571 2121 2643">
    <p class='ocr_par' dir='ltr' id='par_1_30' title="bbox 475 2571 2121 2643">
     <span class='ocr_line' id='line_1_32' title="bbox 475 2571 2121 2643; baseline 0.003 -19"><span class='ocrx_word' id='word_1_191' title='bbox 475 2571 604 2639; x_wconf 87' lang='lat' dir='ltr'>rati,</span> <span class='ocrx_word' id='word_1_192' title='bbox 641 2572 739 2624; x_wconf 85' lang='lat' dir='ltr'>sed</span> <span class='ocrx_word' id='word_1_193' title='bbox 771 2572 1057 2642; x_wconf 75' lang='lat' dir='ltr'>compecti</span> <span class='ocrx_word' id='word_1_194' title='bbox 1107 2577 1164 2627; x_wconf 90' lang='lat' dir='ltr'>et</span> <span class='ocrx_word' id='word_1_195' title='bbox 1191 2574 1580 2643; x_wconf 78' lang='lat' dir='ltr'>coagmentati</span> <span class='ocrx_word' id='word_1_196' title='bbox 1629 2573 1791 2630; x_wconf 87' lang='lat' dir='ltr'>estis.</span> <span class='ocrx_word' id='word_1_197' title='bbox 1826 2574 1950 2630; x_wconf 91' lang='lat' dir='ltr'>Non</span> <span class='ocrx_word' id='word_1_198' title='bbox 2002 2574 2121 2629; x_wconf 88' lang='lat' dir='ltr'>fera</span> 
     </span>
    </p>
   </div>
   <div class='ocr_carea' id='block_1_29' title="bbox 474 2660 2121 2735">
    <p class='ocr_par' dir='ltr' id='par_1_31' title="bbox 474 2660 2121 2735">
     <span class='ocr_line' id='line_1_33' title="bbox 474 2660 2121 2735; baseline 0.002 -22"><span class='ocrx_word' id='word_1_199' title='bbox 474 2675 576 2713; x_wconf 90' lang='lat' dir='ltr'>vos</span> <span class='ocrx_word' id='word_1_200' title='bbox 610 2660 823 2729; x_wconf 86' lang='lat' dir='ltr'>rapuit,</span> <span class='ocrx_word' id='word_1_201' title='bbox 855 2677 970 2715; x_wconf 84' lang='lat' dir='ltr'>non</span> <span class='ocrx_word' id='word_1_202' title='bbox 1001 2660 1215 2716; x_wconf 89' lang='lat' dir='ltr'>ﬂuctus</span> <span class='ocrx_word' id='word_1_203' title='bbox 1246 2662 1459 2732; x_wconf 85' lang='lat' dir='ltr'>obruit,</span> <span class='ocrx_word' id='word_1_204' title='bbox 1494 2679 1606 2717; x_wconf 90' lang='lat' dir='ltr'>non</span> <span class='ocrx_word' id='word_1_205' title='bbox 1637 2662 1782 2718; x_wconf 90' lang='lat' dir='ltr'>latro</span> <span class='ocrx_word' id='word_1_206' title='bbox 1806 2662 2121 2735; x_wconf 86' lang='lat' dir='ltr'>jugulavit,</span> 
     </span>
    </p>
   </div>
   <div class='ocr_carea' id='block_1_30' title="bbox 478 2748 2124 2821">
    <p class='ocr_par' dir='ltr' id='par_1_32' title="bbox 478 2748 2124 2821">
     <span class='ocr_line' id='line_1_34' title="bbox 478 2748 2124 2821; baseline 0.004 -20"><span class='ocrx_word' id='word_1_207' title='bbox 478 2764 591 2801; x_wconf 91' lang='lat' dir='ltr'>non</span> <span class='ocrx_word' id='word_1_208' title='bbox 630 2749 869 2804; x_wconf 88' lang='lat' dir='ltr'>morbus</span> <span class='ocrx_word' id='word_1_209' title='bbox 916 2748 1229 2821; x_wconf 87' lang='lat' dir='ltr'>oppressit,</span> <span class='ocrx_word' id='word_1_210' title='bbox 1260 2766 1375 2805; x_wconf 92' lang='lat' dir='ltr'>non</span> <span class='ocrx_word' id='word_1_211' title='bbox 1406 2750 1493 2806; x_wconf 87' lang='lat' dir='ltr'>vis</span> <span class='ocrx_word' id='word_1_212' title='bbox 1523 2750 1680 2818; x_wconf 88' lang='lat' dir='ltr'>belli,</span> <span class='ocrx_word' id='word_1_213' title='bbox 1712 2768 1828 2807; x_wconf 91' lang='lat' dir='ltr'>non</span> <span class='ocrx_word' id='word_1_214' title='bbox 1877 2751 2124 2821; x_wconf 88' lang='lat' dir='ltr'>denique</span> 
     </span>
    </p>
   </div>
   <div class='ocr_carea' id='block_1_31' title="bbox 477 2837 2124 2913">
    <p class='ocr_par' dir='ltr' id='par_1_33' title="bbox 477 2837 2124 2913">
     <span class='ocr_line' id='line_1_35' title="bbox 477 2837 2124 2913; baseline 0.004 -24"><span class='ocrx_word' id='word_1_215' title='bbox 477 2854 671 2890; x_wconf 89' lang='lat' dir='ltr'>rerum</span> <span class='ocrx_word' id='word_1_216' title='bbox 704 2837 1097 2893; x_wconf 90' lang='lat' dir='ltr'>humanarum</span> <span class='ocrx_word' id='word_1_217' title='bbox 1133 2838 1289 2894; x_wconf 90' lang='lat' dir='ltr'>aliud</span> <span class='ocrx_word' id='word_1_218' title='bbox 1322 2840 1642 2911; x_wconf 89' lang='lat' dir='ltr'>quidquam</span> <span class='ocrx_word' id='word_1_219' title='bbox 1664 2839 1750 2895; x_wconf 90' lang='lat' dir='ltr'>vel</span> <span class='ocrx_word' id='word_1_220' title='bbox 1774 2857 2013 2913; x_wconf 89' lang='lat' dir='ltr'>parvum</span> <span class='ocrx_word' id='word_1_221' title='bbox 2036 2839 2124 2896; x_wconf 88' lang='lat' dir='ltr'>vel</span> 
     </span>
    </p>
   </div>
   <div class='ocr_carea' id='block_1_32' title="bbox 477 2926 2127 2999">
    <p class='ocr_par' dir='ltr' id='par_1_34' title="bbox 477 2926 2127 2999">
     <span class='ocr_line' id='line_1_36' title="bbox 477 2926 2127 2999; baseline 0.004 -21"><span class='ocrx_word' id='word_1_222' title='bbox 477 2942 757 2995; x_wconf 79' lang='lat' dir='ltr'>magnum</span> <span class='ocrx_word' id='word_1_223' title='bbox 809 2926 1068 2983; x_wconf 86' lang='lat' dir='ltr'>sustulit.</span> <span class='ocrx_word' id='word_1_224' title='bbox 1114 2928 1177 2983; x_wconf 91' lang='lat' dir='ltr'>In</span> <span class='ocrx_word' id='word_1_225' title='bbox 1231 2927 1504 2984; x_wconf 85' lang='lat' dir='ltr'>maximis</span> <span class='ocrx_word' id='word_1_226' title='bbox 1547 2929 1819 2999; x_wconf 90' lang='lat' dir='ltr'>equidem</span> <span class='ocrx_word' id='word_1_227' title='bbox 1872 2929 2127 2986; x_wconf 82' lang='lat' dir='ltr'>luctibus</span> 
     </span>
    </p>
   </div>
   <div class='ocr_carea' id='block_1_33' title="bbox 476 3014 2125 3088">
    <p class='ocr_par' dir='ltr' id='par_1_35' title="bbox 476 3014 2125 3088">
     <span class='ocr_line' id='line_1_37' title="bbox 476 3014 2125 3088; baseline 0.004 -20"><span class='ocrx_word' id='word_1_228' title='bbox 476 3014 744 3081; x_wconf 80' lang='lat' dir='ltr'>fuissem,</span> <span class='ocrx_word' id='word_1_229' title='bbox 767 3015 815 3071; x_wconf 90' lang='lat' dir='ltr'>si</span> <span class='ocrx_word' id='word_1_230' title='bbox 848 3016 987 3088; x_wconf 85' lang='lat' dir='ltr'>quid</span> <span class='ocrx_word' id='word_1_231' title='bbox 1019 3016 1229 3072; x_wconf 91' lang='lat' dir='ltr'>horum</span> <span class='ocrx_word' id='word_1_232' title='bbox 1258 3017 1421 3073; x_wconf 88' lang='lat' dir='ltr'>vobis</span> <span class='ocrx_word' id='word_1_233' title='bbox 1451 3017 1783 3075; x_wconf 82' lang='lat' dir='ltr'>accidisset.</span> <span class='ocrx_word' id='word_1_234' title='bbox 1816 3022 1958 3073; x_wconf 92' lang='lat' dir='ltr'>Tum</span> <span class='ocrx_word' id='word_1_235' title='bbox 1992 3035 2125 3075; x_wconf 86' lang='lat' dir='ltr'>vero</span> 
     </span>
    </p>
   </div>
   <div class='ocr_carea' id='block_1_34' title="bbox 472 3102 2127 3179">
    <p class='ocr_par' dir='ltr' id='par_1_36' title="bbox 472 3102 2127 3179">
     <span class='ocr_line' id='line_1_38' title="bbox 472 3102 2127 3179; baseline 0.003 -21"><span class='ocrx_word' id='word_1_236' title='bbox 472 3102 869 3174; x_wconf 72' lang='lat' dir='ltr'>lacrymando,</span> <span class='ocrx_word' id='word_1_237' title='bbox 903 3110 969 3160; x_wconf 90' lang='lat' dir='ltr'>ut</span> <span class='ocrx_word' id='word_1_238' title='bbox 999 3122 1154 3161; x_wconf 85' lang='lat' dir='ltr'>nunc</span> <span class='ocrx_word' id='word_1_239' title='bbox 1192 3104 1479 3179; x_wconf 88' lang='lat' dir='ltr'>lacrymas</span> <span class='ocrx_word' id='word_1_240' title='bbox 1511 3107 1970 3178; x_wconf 88' lang='lat' dir='ltr'>comprimendo,</span> <span class='ocrx_word' id='word_1_241' title='bbox 2003 3124 2127 3162; x_wconf 88' lang='lat' dir='ltr'>ma-</span> 
     </span>
    </p>
   </div>
   <div class='ocr_carea' id='block_1_35' title="bbox 476 3171 2202 3266">
    <p class='ocr_par' dir='ltr' id='par_1_37' title="bbox 476 3171 2202 3266">
     <span class='ocr_line' id='line_1_39' title="bbox 476 3171 2202 3266; baseline 0.002 -19"><span class='ocrx_word' id='word_1_242' title='bbox 476 3171 623 3247; x_wconf 78' lang='lat' dir='ltr'>terni</span> <span class='ocrx_word' id='word_1_243' title='bbox 658 3171 875 3249; x_wconf 79' lang='lat' dir='ltr'>amoris</span> <span class='ocrx_word' id='word_1_244' title='bbox 922 3195 1219 3266; x_wconf 87' lang='lat' dir='ltr'>specimen</span> <span class='ocrx_word' id='word_1_245' title='bbox 1250 3171 1590 3251; x_wconf 70' lang='lat' dir='ltr'>edidissem.</span> <span class='ocrx_word' id='word_1_246' title='bbox 1625 3171 1737 3252; x_wconf 60' lang='lat' dir='ltr'>sed</span> <span class='ocrx_word' id='word_1_247' title='bbox 1786 3196 1907 3251; x_wconf 60' lang='lat' dir='ltr'>haec</span> <span class='ocrx_word' id='word_1_248' title='bbox 1936 3171 2129 3252; x_wconf 86' lang='lat' dir='ltr'>adhuc</span> <span class='ocrx_word' id='word_1_249' title='bbox 2158 3171 2202 3239; x_wconf 60' lang='grc' dir='ltr'>(ἶ</span> 
     </span>
    </p>
   </div>
   <div class='ocr_carea' id='block_1_36' title="bbox 479 3282 2132 3358">
    <p class='ocr_par' dir='ltr' id='par_1_38' title="bbox 479 3282 2132 3358">
     <span class='ocr_line' id='line_1_40' title="bbox 479 3282 2132 3358; baseline 0.002 -23"><span class='ocrx_word' id='word_1_250' title='bbox 479 3298 672 3352; x_wconf 86' lang='lat' dir='ltr'>parva.</span> <span class='ocrx_word' id='word_1_251' title='bbox 709 3283 852 3338; x_wconf 88' lang='lat' dir='ltr'>Vere</span> <span class='ocrx_word' id='word_1_252' title='bbox 880 3282 1059 3355; x_wconf 83' lang='lat' dir='ltr'>igitur</span> <span class='ocrx_word' id='word_1_253' title='bbox 1107 3283 1289 3338; x_wconf 88' lang='lat' dir='ltr'>vicem</span> <span class='ocrx_word' id='word_1_254' title='bbox 1321 3288 1577 3341; x_wconf 87' lang='lat' dir='ltr'>vestram</span> <span class='ocrx_word' id='word_1_255' title='bbox 1626 3284 2049 3358; x_wconf 89' lang='lat' dir='ltr'>deplorassem,</span> <span class='ocrx_word' id='word_1_256' title='bbox 2084 3284 2132 3341; x_wconf 92' lang='lat' dir='ltr'>si</span> 
     </span>
    </p>
   </div>
   <div class='ocr_carea' id='block_1_37' title="bbox 481 3370 2133 3446">
    <p class='ocr_par' dir='ltr' id='par_1_39' title="bbox 481 3370 2133 3446">
     <span class='ocr_line' id='line_1_41' title="bbox 481 3370 2133 3446; baseline 0.004 -23"><span class='ocrx_word' id='word_1_257' title='bbox 481 3370 630 3424; x_wconf 88' lang='lat' dir='ltr'>male</span> <span class='ocrx_word' id='word_1_258' title='bbox 658 3371 891 3439; x_wconf 86' lang='lat' dir='ltr'>servati,</span> <span class='ocrx_word' id='word_1_259' title='bbox 923 3372 973 3427; x_wconf 91' lang='lat' dir='ltr'>si</span> <span class='ocrx_word' id='word_1_260' title='bbox 1008 3372 1313 3428; x_wconf 88' lang='lat' dir='ltr'>tormentis</span> <span class='ocrx_word' id='word_1_261' title='bbox 1361 3373 1528 3428; x_wconf 89' lang='lat' dir='ltr'>fracti</span> <span class='ocrx_word' id='word_1_262' title='bbox 1561 3374 1842 3441; x_wconf 83' lang='lat' dir='ltr'>fuissetis,</span> <span class='ocrx_word' id='word_1_263' title='bbox 1875 3375 1926 3430; x_wconf 92' lang='lat' dir='ltr'>si</span> <span class='ocrx_word' id='word_1_264' title='bbox 1955 3389 2133 3446; x_wconf 90' lang='lat' dir='ltr'>quem</span> 
     </span>
    </p>
   </div>
   <div class='ocr_carea' id='block_1_38' title="bbox 480 3463 2133 3535">
    <p class='ocr_par' dir='ltr' id='par_1_40' title="bbox 480 3463 2133 3535">
     <span class='ocr_line' id='line_1_42' title="bbox 480 3463 2133 3535; baseline 0.002 -22"><span class='ocrx_word' id='word_1_265' title='bbox 480 3465 738 3514; x_wconf 88' lang='lat' dir='ltr'>vestrum</span> <span class='ocrx_word' id='word_1_266' title='bbox 773 3466 1174 3531; x_wconf 86' lang='lat' dir='ltr'>persecutores</span> <span class='ocrx_word' id='word_1_267' title='bbox 1204 3467 1601 3532; x_wconf 87' lang='lat' dir='ltr'>superassent,</span> <span class='ocrx_word' id='word_1_268' title='bbox 1634 3463 2133 3535; x_wconf 85' lang='lat' dir='ltr'>quemadmodum</span> 
     </span>
    </p>
   </div>
   <div class='ocr_carea' id='block_1_39' title="bbox 475 3549 2132 3624">
    <p class='ocr_par' dir='ltr' id='par_1_41' title="bbox 475 3549 2132 3624">
     <span class='ocr_line' id='line_1_43' title="bbox 475 3549 2132 3624; baseline 0.002 -21"><span class='ocrx_word' id='word_1_269' title='bbox 475 3549 589 3621; x_wconf 88' lang='lat' dir='ltr'>ipsi</span> <span class='ocrx_word' id='word_1_270' title='bbox 616 3549 874 3620; x_wconf 86' lang='lat' dir='ltr'>superati</span> <span class='ocrx_word' id='word_1_271' title='bbox 905 3553 1065 3604; x_wconf 87' lang='lat' dir='ltr'>sunt.</span> <span class='ocrx_word' id='word_1_272' title='bbox 1100 3552 1173 3605; x_wconf 88' lang='lat' dir='ltr'>At</span> <span class='ocrx_word' id='word_1_273' title='bbox 1200 3566 1377 3620; x_wconf 90' lang='lat' dir='ltr'>nunc,</span> <span class='ocrx_word' id='word_1_274' title='bbox 1396 3567 1520 3623; x_wconf 66' lang='lat' dir='ltr'>qua</span> <span class='ocrx_word' id='word_1_275' title='bbox 1550 3551 1714 3607; x_wconf 90' lang='lat' dir='ltr'>vobis</span> <span class='ocrx_word' id='word_1_276' title='bbox 1743 3553 2132 3624; x_wconf 90' lang='lat' dir='ltr'>contigerunt,</span> 
     </span>
    </p>
   </div>
   <div class='ocr_carea' id='block_1_40' title="bbox 477 3637 2137 3712">
    <p class='ocr_par' dir='ltr' id='par_1_42' title="bbox 477 3637 2137 3712">
     <span class='ocr_line' id='line_1_44' title="bbox 477 3637 2137 3712; baseline 0 -19"><span class='ocrx_word' id='word_1_277' title='bbox 477 3638 768 3707; x_wconf 84' lang='lat' dir='ltr'>ejusmodi</span> <span class='ocrx_word' id='word_1_278' title='bbox 800 3642 962 3706; x_wconf 88' lang='lat' dir='ltr'>sunt,</span> <span class='ocrx_word' id='word_1_279' title='bbox 996 3643 1061 3693; x_wconf 90' lang='lat' dir='ltr'>ut</span> <span class='ocrx_word' id='word_1_280' title='bbox 1087 3637 1314 3705; x_wconf 89' lang='lat' dir='ltr'>laudes,</span> <span class='ocrx_word' id='word_1_281' title='bbox 1348 3640 1652 3712; x_wconf 86' lang='lat' dir='ltr'>gaudium,</span> <span class='ocrx_word' id='word_1_282' title='bbox 1694 3640 1965 3712; x_wconf 89' lang='lat' dir='ltr'>gloriam,</span> <span class='ocrx_word' id='word_1_283' title='bbox 1994 3641 2137 3697; x_wconf 84' lang='lat' dir='ltr'>eho-.-</span> 
     </span>
    </p>
   </div>
   <div class='ocr_carea' id='block_1_41' title="bbox 480 3726 2135 3802">
    <p class='ocr_par' dir='ltr' id='par_1_43' title="bbox 480 3726 2135 3802">
     <span class='ocr_line' id='line_1_45' title="bbox 480 3726 2135 3802; baseline 0.002 -21"><span class='ocrx_word' id='word_1_284' title='bbox 480 3745 633 3792; x_wconf 86' lang='lat' dir='ltr'>reas,</span> <span class='ocrx_word' id='word_1_285' title='bbox 683 3742 749 3781; x_wconf 91' lang='lat' dir='ltr'>ac</span> <span class='ocrx_word' id='word_1_286' title='bbox 794 3726 1055 3783; x_wconf 67' lang='lat' dir='ltr'>latitiam</span> <span class='ocrx_word' id='word_1_287' title='bbox 1106 3744 1339 3784; x_wconf 90' lang='lat' dir='ltr'>omnem</span> <span class='ocrx_word' id='word_1_288' title='bbox 1392 3734 1449 3784; x_wconf 88' lang='lat' dir='ltr'>et</span> <span class='ocrx_word' id='word_1_289' title='bbox 1496 3728 1857 3785; x_wconf 88' lang='lat' dir='ltr'>hilaritatem</span> <span class='ocrx_word' id='word_1_290' title='bbox 1906 3730 2002 3797; x_wconf 90' lang='lat' dir='ltr'>iis,</span> <span class='ocrx_word' id='word_1_291' title='bbox 2034 3730 2135 3802; x_wconf 90' lang='lat' dir='ltr'>qui</span> 
     </span>
    </p>
   </div>
   <div class='ocr_carea' id='block_1_42' title="bbox 483 3815 2137 3887">
    <p class='ocr_par' dir='ltr' id='par_1_44' title="bbox 483 3815 2137 3887">
     <span class='ocr_line' id='line_1_46' title="bbox 483 3815 2137 3887; baseline 0.002 -16"><span class='ocrx_word' id='word_1_292' title='bbox 483 3815 829 3887; x_wconf 87' lang='lat' dir='ltr'>superstites</span> <span class='ocrx_word' id='word_1_293' title='bbox 881 3816 1063 3873; x_wconf 90' lang='lat' dir='ltr'>relicti</span> <span class='ocrx_word' id='word_1_294' title='bbox 1116 3817 1352 3885; x_wconf 76' lang='lat' dir='ltr'>fuerint,</span> <span class='ocrx_word' id='word_1_295' title='bbox 1384 3817 1633 3874; x_wconf 87' lang='lat' dir='ltr'>excitare</span> <span class='ocrx_word' id='word_1_296' title='bbox 1678 3818 1946 3874; x_wconf 87' lang='lat' dir='ltr'>debeant.</span> <span class='ocrx_word' id='word_1_297' title='bbox 1992 3818 2137 3874; x_wconf 91' lang='lat' dir='ltr'>Nam</span> 
     </span>
    </p>
   </div>
   <div class='ocr_carea' id='block_1_43' title="bbox 490 3904 2140 3976">
    <p class='ocr_par' dir='ltr' id='par_1_45' title="bbox 490 3904 2140 3976">
     <span class='ocr_line' id='line_1_47' title="bbox 490 3904 2140 3976; baseline 0.002 -17"><span class='ocrx_word' id='word_1_298' title='bbox 490 3905 617 3975; x_wconf 91' lang='lat' dir='ltr'>ipsa</span> <span class='ocrx_word' id='word_1_299' title='bbox 648 3909 779 3976; x_wconf 86' lang='lat' dir='ltr'>post</span> <span class='ocrx_word' id='word_1_300' title='bbox 808 3922 909 3961; x_wconf 90' lang='lat' dir='ltr'>vos</span> <span class='ocrx_word' id='word_1_301' title='bbox 942 3904 1184 3962; x_wconf 89' lang='lat' dir='ltr'>delibor.</span> <span class='ocrx_word' id='word_1_302' title='bbox 1216 3907 1346 3963; x_wconf 87' lang='lat' dir='ltr'>Jam</span> <span class='ocrx_word' id='word_1_303' title='bbox 1380 3923 1514 3963; x_wconf 91' lang='lat' dir='ltr'>cum</span> <span class='ocrx_word' id='word_1_304' title='bbox 1551 3906 1799 3963; x_wconf 80' lang='lat' dir='ltr'>Phineas</span> <span class='ocrx_word' id='word_1_305' title='bbox 1828 3907 2140 3964; x_wconf 90' lang='lat' dir='ltr'>collocabi-</span> 
     </span>
    </p>
   </div>
   <div class='ocr_carea' id='block_1_44' title="bbox 487 3994 2139 4065">
    <p class='ocr_par' dir='ltr' id='par_1_46' title="bbox 487 3994 2139 4065">
     <span class='ocr_line' id='line_1_48' title="bbox 487 3994 2139 4065; baseline 0.003 -18"><span class='ocrx_word' id='word_1_306' title='bbox 487 4012 619 4048; x_wconf 88' lang='lat' dir='ltr'>mur</span> <span class='ocrx_word' id='word_1_307' title='bbox 649 3996 712 4065; x_wconf 69' lang='lat'>‘9,</span> <span class='ocrx_word' id='word_1_308' title='bbox 747 4010 880 4050; x_wconf 90' lang='lat' dir='ltr'>cum</span> <span class='ocrx_word' id='word_1_309' title='bbox 911 4002 1081 4051; x_wconf 80' lang='lat' dir='ltr'>Anna</span> <span class='ocrx_word' id='word_1_310' title='bbox 1110 3994 1633 4051; x_wconf 75' lang='lat' dir='ltr'>celebrabimur&quot;:</span> <span class='ocrx_word' id='word_1_311' title='bbox 1668 3995 1781 4051; x_wconf 88' lang='lat' dir='ltr'>nisi</span> <span class='ocrx_word' id='word_1_312' title='bbox 1814 3996 2139 4053; x_wconf 87' lang='lat' dir='ltr'>fortasseeo</span> 
     </span>
    </p>
   </div>
   <div class='ocr_carea' id='block_1_45' title="bbox 487 4083 2143 4155">
    <p class='ocr_par' dir='ltr' id='par_1_47' title="bbox 487 4083 2143 4155">
     <span class='ocr_line' id='line_1_49' title="bbox 487 4083 2143 4155; baseline 0.002 -17"><span class='ocrx_word' id='word_1_313' title='bbox 487 4084 659 4138; x_wconf 85' lang='lat' dir='ltr'>etiam</span> <span class='ocrx_word' id='word_1_314' title='bbox 697 4083 1077 4155; x_wconf 88' lang='lat' dir='ltr'>magis,quod</span> <span class='ocrx_word' id='word_1_315' title='bbox 1109 4083 1206 4140; x_wconf 90' lang='lat' dir='ltr'>ille</span> <span class='ocrx_word' id='word_1_316' title='bbox 1237 4102 1391 4141; x_wconf 88' lang='lat' dir='ltr'>unus</span> <span class='ocrx_word' id='word_1_317' title='bbox 1421 4089 1584 4151; x_wconf 83' lang='lat' dir='ltr'>erat;</span> <span class='ocrx_word' id='word_1_318' title='bbox 1615 4101 1717 4141; x_wconf 88' lang='lat' dir='ltr'>vos</span> <span class='ocrx_word' id='word_1_319' title='bbox 1748 4090 1953 4140; x_wconf 90' lang='lat' dir='ltr'>contra</span> <span class='ocrx_word' id='word_1_320' title='bbox 1969 4084 2143 4141; x_wconf 89' lang='lat' dir='ltr'>multi</span> 
     </span>
    </p>
   </div>
   <div class='ocr_carea' id='block_1_46' title="bbox 484 4172 2142 4245">
    <p class='ocr_par' dir='ltr' id='par_1_48' title="bbox 484 4172 2142 4245">
     <span class='ocr_line' id='line_1_50' title="bbox 484 4172 2142 4245; baseline 0.004 -21"><span class='ocrx_word' id='word_1_321' title='bbox 484 4172 605 4225; x_wconf 85' lang='lat' dir='ltr'>zelo</span> <span class='ocrx_word' id='word_1_322' title='bbox 667 4172 892 4241; x_wconf 73' lang='lat' dir='ltr'>praediti</span> <span class='ocrx_word' id='word_1_323' title='bbox 948 4173 1111 4245; x_wconf 89' lang='lat' dir='ltr'>estis,</span> <span class='ocrx_word' id='word_1_324' title='bbox 1146 4189 1213 4229; x_wconf 88' lang='lat' dir='ltr'>ac</span> <span class='ocrx_word' id='word_1_325' title='bbox 1270 4178 1658 4230; x_wconf 88' lang='lat' dir='ltr'>scortatorum</span> <span class='ocrx_word' id='word_1_326' title='bbox 1719 4173 2142 4243; x_wconf 87' lang='lat' dir='ltr'>interfectores,</span> 
     </span>
    </p>
   </div>
   <div class='ocr_carea' id='block_1_47' title="bbox 488 4262 2142 4333">
    <p class='ocr_par' dir='ltr' id='par_1_49' title="bbox 488 4262 2142 4333">
     <span class='ocr_line' id='line_1_51' title="bbox 488 4262 2142 4333; baseline 0.003 -20"><span class='ocrx_word' id='word_1_327' title='bbox 488 4276 599 4313; x_wconf 90' lang='lat' dir='ltr'>non</span> <span class='ocrx_word' id='word_1_328' title='bbox 635 4275 966 4330; x_wconf 90' lang='lat' dir='ltr'>corporum,</span> <span class='ocrx_word' id='word_1_329' title='bbox 1001 4262 1102 4317; x_wconf 87' lang='lat' dir='ltr'>sed</span> <span class='ocrx_word' id='word_1_330' title='bbox 1133 4262 1464 4318; x_wconf 90' lang='lat' dir='ltr'>animarum</span> <span class='ocrx_word' id='word_1_331' title='bbox 1506 4264 1919 4319; x_wconf 88' lang='lat' dir='ltr'>scortationem</span> <span class='ocrx_word' id='word_1_332' title='bbox 1950 4262 2142 4333; x_wconf 81' lang='lat' dir='ltr'>gladio</span> 
     </span>
    </p>
   </div>
   <div class='ocr_carea' id='block_1_48' title="bbox 486 4346 2143 4423">
    <p class='ocr_par' dir='ltr' id='par_1_50' title="bbox 486 4346 2143 4423">
     <span class='ocr_line' id='line_1_52' title="bbox 486 4346 2143 4423; baseline 0.004 -23"><span class='ocrx_word' id='word_1_333' title='bbox 486 4346 901 4403; x_wconf 87' lang='lat' dir='ltr'>confodientes.</span> <span class='ocrx_word' id='word_1_334' title='bbox 944 4348 1173 4404; x_wconf 83' lang='lat' dir='ltr'>Rursus</span> <span class='ocrx_word' id='word_1_335' title='bbox 1220 4350 1321 4405; x_wconf 90' lang='lat' dir='ltr'>illa</span> <span class='ocrx_word' id='word_1_336' title='bbox 1371 4367 1559 4406; x_wconf 92' lang='lat' dir='ltr'>unum</span> <span class='ocrx_word' id='word_1_337' title='bbox 1610 4352 1916 4423; x_wconf 87' lang='lat' dir='ltr'>duntaxat,</span> <span class='ocrx_word' id='word_1_338' title='bbox 1948 4352 2143 4407; x_wconf 91' lang='lat' dir='ltr'>divino</span> 
     </span>
    </p>
   </div>
   <div class='ocr_carea' id='block_1_49' title="bbox 484 4433 2143 4512">
    <p class='ocr_par' dir='ltr' id='par_1_51' title="bbox 484 4433 2143 4512">
     <span class='ocr_line' id='line_1_53' title="bbox 484 4433 2143 4512; baseline 0.004 -23"><span class='ocrx_word' id='word_1_339' title='bbox 484 4433 766 4490; x_wconf 83' lang='lat' dir='ltr'>beneﬁcio</span> <span class='ocrx_word' id='word_1_340' title='bbox 813 4434 925 4490; x_wconf 84' lang='lat' dir='ltr'>sibi</span> <span class='ocrx_word' id='word_1_341' title='bbox 975 4452 1325 4493; x_wconf 87' lang='lat' dir='ltr'>concessum</span> <span class='ocrx_word' id='word_1_342' title='bbox 1374 4454 1630 4510; x_wconf 86' lang='lat' dir='ltr'>eumque</span> <span class='ocrx_word' id='word_1_343' title='bbox 1678 4438 2000 4509; x_wconf 80' lang='lat' dir='ltr'>infantem;</span> <span class='ocrx_word' id='word_1_344' title='bbox 2036 4455 2143 4512; x_wconf 90' lang='lat' dir='ltr'>ego</span> 
     </span>
    </p>
   </div>
   <div class='ocr_carea' id='block_1_50' title="bbox 555 4612 1942 4691">
    <p class='ocr_par' dir='ltr' id='par_1_52' title="bbox 555 4612 1942 4691">
     <span class='ocr_line' id='line_1_54' title="bbox 555 4612 1942 4691; baseline 0.007 -26"><span class='ocrx_word' id='word_1_345' title='bbox 555 4612 600 4646; x_wconf 77' lang='lat'>°°</span> <span class='ocrx_word' id='word_1_346' title='bbox 631 4612 806 4669; x_wconf 89' lang='lat' dir='ltr'>Num.</span> <span class='ocrx_word' id='word_1_347' title='bbox 838 4628 966 4681; x_wconf 87' lang='lat' dir='ltr'>xxv,</span> <span class='ocrx_word' id='word_1_348' title='bbox 999 4614 1035 4667; x_wconf 90' lang='lat'><strong>7</strong></span> <span class='ocrx_word' id='word_1_349' title='bbox 1062 4629 1227 4686; x_wconf 90' lang='lat' dir='ltr'>seqq.</span> <span class='ocrx_word' id='word_1_350' title='bbox 1303 4614 1349 4650; x_wconf 77' lang='grc' dir='ltr'>⁷ο</span> <span class='ocrx_word' id='word_1_351' title='bbox 1381 4614 1404 4671; x_wconf 92' lang='grc' dir='ltr'><strong>Ι</strong></span> <span class='ocrx_word' id='word_1_352' title='bbox 1433 4616 1569 4689; x_wconf 80' lang='lat' dir='ltr'>Reg.</span> <span class='ocrx_word' id='word_1_353' title='bbox 1602 4624 1642 4686; x_wconf 87' lang='lat' dir='ltr'>i,</span> <span class='ocrx_word' id='word_1_354' title='bbox 1672 4618 1745 4673; x_wconf 87' lang='lat'>22</span> <span class='ocrx_word' id='word_1_355' title='bbox 1775 4633 1942 4691; x_wconf 88' lang='lat' dir='ltr'>seqq.</span> 
     </span>
    </p>
   </div>
   <div class='ocr_carea' id='block_1_51' title="bbox 485 4862 1445 4939">
    <p class='ocr_par' dir='ltr' id='par_1_53' title="bbox 485 4862 1445 4939">
     <span class='ocr_line' id='line_1_55' title="bbox 485 4862 1445 4939; baseline -0.004 -1"><span class='ocrx_word' id='word_1_356' title='bbox 485 4862 1313 4939; x_wconf 59' lang='grc' dir='ltr'>γηρωκόμούς--έγεγτιρυξίεόμή</span> <span class='ocrx_word' id='word_1_357' title='bbox 1327 4862 1445 4935; x_wconf 81' lang='grc' dir='ltr'>μαιέ</span> 
     </span>
    </p>
   </div>
   <div class='ocr_carea' id='block_1_52' title="bbox 2233 526 3876 607">
    <p class='ocr_par' dir='ltr' id='par_1_54' title="bbox 2233 526 3876 607">
     <span class='ocr_line' id='line_1_56' title="bbox 2233 526 3876 607; baseline 0.003 -25"><span class='ocrx_word' id='word_1_358' title='bbox 2233 549 2369 601; x_wconf 83' lang='grc' dir='ltr'>μους</span> <span class='ocrx_word' id='word_1_359' title='bbox 2426 526 2673 591; x_wconf 71' lang='grc' dir='ltr'>ἐλπίδας.</span> <span class='ocrx_word' id='word_1_360' title='bbox 2741 531 2827 585; x_wconf 76' lang='grc' dir='ltr'>Ὠς</span> <span class='ocrx_word' id='word_1_361' title='bbox 2899 528 3335 607; x_wconf 79' lang='grc' dir='ltr'>μεγαλοπρεπῶς</span> <span class='ocrx_word' id='word_1_362' title='bbox 3392 532 3735 605; x_wconf 85' lang='grc' dir='ltr'>τετίμημαιί</span> <span class='ocrx_word' id='word_1_363' title='bbox 3798 534 3876 595; x_wconf 84' lang='grc' dir='ltr'>ὡς</span> 
     </span>
    </p>
   </div>
   <div class='ocr_carea' id='block_1_53' title="bbox 2231 612 3884 698">
    <p class='ocr_par' dir='ltr' id='par_1_55' title="bbox 2231 612 3884 698">
     <span class='ocr_line' id='line_1_57' title="bbox 2231 612 3884 698; baseline 0.003 -27"><span class='ocrx_word' id='word_1_364' title='bbox 2231 612 2686 692; x_wconf 77' lang='grc' dir='ltr'>ὑπερϐαλλόντως</span> <span class='ocrx_word' id='word_1_365' title='bbox 2732 620 3189 695; x_wconf 83' lang='grc' dir='ltr'>γεγηροκόμημαι</span> <span class='ocrx_word' id='word_1_366' title='bbox 3219 624 3330 694; x_wconf 91' lang='grc'>(50)</span> <span class='ocrx_word' id='word_1_367' title='bbox 3357 622 3372 677; x_wconf 87' lang='lat' dir='ltr'>l</span> <span class='ocrx_word' id='word_1_368' title='bbox 3405 621 3627 698; x_wconf 81' lang='grc' dir='ltr'>’Δπὲχω</span> <span class='ocrx_word' id='word_1_369' title='bbox 3655 621 3723 677; x_wconf 79' lang='grc' dir='ltr'>τὰ</span> <span class='ocrx_word' id='word_1_370' title='bbox 3752 642 3884 697; x_wconf 88' lang='grc' dir='ltr'>τρο-</span> 
     </span>
    </p>
   </div>
   <div class='ocr_carea' id='block_1_54' title="bbox 2230 704 3881 785">
    <p class='ocr_par' dir='ltr' id='par_1_56' title="bbox 2230 704 3881 785">
     <span class='ocr_line' id='line_1_58' title="bbox 2230 704 3881 785; baseline 0.003 -26"><span class='ocrx_word' id='word_1_371' title='bbox 2230 711 2373 783; x_wconf 78' lang='grc' dir='ltr'>φεῖα,</span> <span class='ocrx_word' id='word_1_372' title='bbox 2430 708 2475 759; x_wconf 80' lang='grc' dir='ltr'>ὦ</span> <span class='ocrx_word' id='word_1_373' title='bbox 2519 704 2732 769; x_wconf 83' lang='grc' dir='ltr'>παῖδες.</span> <span class='ocrx_word' id='word_1_374' title='bbox 2785 706 2945 763; x_wconf 77' lang='grc' dir='ltr'>Εἶδον</span> <span class='ocrx_word' id='word_1_375' title='bbox 3004 709 3135 785; x_wconf 71' lang='grc' dir='ltr'>ὑπὲρ</span> <span class='ocrx_word' id='word_1_376' title='bbox 3193 709 3389 784; x_wconf 84' lang='grc' dir='ltr'>ἀρετῆς</span> <span class='ocrx_word' id='word_1_377' title='bbox 3434 710 3881 785; x_wconf 75' lang='grc' dir='ltr'>ἀγωνιζομένους</span> 
     </span>
    </p>
   </div>
   <div class='ocr_carea' id='block_1_55' title="bbox 2233 795 3882 874">
    <p class='ocr_par' dir='ltr' id='par_1_57' title="bbox 2233 795 3882 874">
     <span class='ocr_line' id='line_1_59' title="bbox 2233 795 3882 874; baseline 0.002 -25"><span class='ocrx_word' id='word_1_378' title='bbox 2233 795 2392 867; x_wconf 77' lang='grc' dir='ltr'>ὑμᾶς,</span> <span class='ocrx_word' id='word_1_379' title='bbox 2452 796 2652 857; x_wconf 80' lang='grc' dir='ltr'>πάντας</span> <span class='ocrx_word' id='word_1_380' title='bbox 2706 796 3020 870; x_wconf 80' lang='grc' dir='ltr'>στεφανίτας</span> <span class='ocrx_word' id='word_1_381' title='bbox 3080 796 3403 870; x_wconf 79' lang='grc' dir='ltr'>ἐθεασάμην.</span> <span class='ocrx_word' id='word_1_382' title='bbox 3465 800 3552 861; x_wconf 78' lang='grc' dir='ltr'>Ὠς</span> <span class='ocrx_word' id='word_1_383' title='bbox 3595 799 3882 874; x_wconf 73' lang='grc' dir='ltr'>εὐεργέτας</span> 
     </span>
    </p>
   </div>
   <div class='ocr_carea' id='block_1_56' title="bbox 2232 883 3882 964">
    <p class='ocr_par' dir='ltr' id='par_1_58' title="bbox 2232 883 3882 964">
     <span class='ocr_line' id='line_1_60' title="bbox 2232 883 3882 964; baseline 0.002 -27"><span class='ocrx_word' id='word_1_384' title='bbox 2232 884 2344 958; x_wconf 85' lang='grc' dir='ltr'>ὁρῶ</span> <span class='ocrx_word' id='word_1_385' title='bbox 2382 883 2506 946; x_wconf 81' lang='grc' dir='ltr'>τοὺς</span> <span class='ocrx_word' id='word_1_386' title='bbox 2562 884 2880 960; x_wconf 82' lang='grc' dir='ltr'>βασανιστάς</span> <span class='ocrx_word' id='word_1_387' title='bbox 2905 905 2917 917; x_wconf 89' lang='grc'><strong>·</strong></span> <span class='ocrx_word' id='word_1_388' title='bbox 2974 885 3171 962; x_wconf 75' lang='grc' dir='ltr'>μικροῦ</span> <span class='ocrx_word' id='word_1_389' title='bbox 3218 887 3307 942; x_wconf 84' lang='grc' dir='ltr'>καὶ</span> <span class='ocrx_word' id='word_1_390' title='bbox 3336 889 3415 959; x_wconf 81' lang='grc' dir='ltr'>τῷ</span> <span class='ocrx_word' id='word_1_391' title='bbox 3444 890 3684 964; x_wconf 84' lang='grc' dir='ltr'>τυράννῷ</span> <span class='ocrx_word' id='word_1_392' title='bbox 3716 889 3882 964; x_wconf 76' lang='grc' dir='ltr'>χάρι-</span> 
     </span>
    </p>
   </div>
   <div class='ocr_carea' id='block_1_57' title="bbox 2229 972 3885 1050">
    <p class='ocr_par' dir='ltr' id='par_1_59' title="bbox 2229 972 3885 1050">
     <span class='ocr_line' id='line_1_61' title="bbox 2229 972 3885 1050; baseline 0.002 -23"><span class='ocrx_word' id='word_1_393' title='bbox 2229 994 2324 1034; x_wconf 90' lang='grc' dir='ltr'>τας</span> <span class='ocrx_word' id='word_1_394' title='bbox 2356 972 2617 1049; x_wconf 82' lang='grc' dir='ltr'>ὁμολογῶ</span> <span class='ocrx_word' id='word_1_395' title='bbox 2666 982 2765 1043; x_wconf 79' lang='grc' dir='ltr'>τῆς</span> <span class='ocrx_word' id='word_1_396' title='bbox 2810 975 3034 1045; x_wconf 81' lang='grc' dir='ltr'>τάξεως,</span> <span class='ocrx_word' id='word_1_397' title='bbox 3076 975 3157 1030; x_wconf 81' lang='grc' dir='ltr'>ὅτι</span> <span class='ocrx_word' id='word_1_398' title='bbox 3194 998 3260 1049; x_wconf 88' lang='grc' dir='ltr'>με</span> <span class='ocrx_word' id='word_1_399' title='bbox 3288 974 3597 1031; x_wconf 79' lang='grc' dir='ltr'>τελευταίαν</span> <span class='ocrx_word' id='word_1_400' title='bbox 3629 977 3885 1050; x_wconf 75' lang='grc' dir='ltr'>ἐταμιεῦ-</span> 
     </span>
    </p>
   </div>
   <div class='ocr_carea' id='block_1_58' title="bbox 2232 1060 3885 1139">
    <p class='ocr_par' dir='ltr' id='par_1_60' title="bbox 2232 1060 3885 1139">
     <span class='ocr_line' id='line_1_62' title="bbox 2232 1060 3885 1139; baseline 0.002 -23"><span class='ocrx_word' id='word_1_401' title='bbox 2232 1082 2359 1116; x_wconf 89' lang='grc' dir='ltr'>σατο</span> <span class='ocrx_word' id='word_1_402' title='bbox 2416 1067 2533 1124; x_wconf 85' lang='grc' dir='ltr'>τοῖς</span> <span class='ocrx_word' id='word_1_403' title='bbox 2590 1060 2879 1125; x_wconf 76' lang='grc' dir='ltr'>κινδύνοιςο</span> <span class='ocrx_word' id='word_1_404' title='bbox 2933 1062 3025 1118; x_wconf 73' lang='grc' dir='ltr'>’ἱνα</span> <span class='ocrx_word' id='word_1_405' title='bbox 3077 1066 3169 1119; x_wconf 85' lang='grc' dir='ltr'>τὸν</span> <span class='ocrx_word' id='word_1_406' title='bbox 3221 1065 3352 1138; x_wconf 71' lang='grc' dir='ltr'>ἐμὸν</span> <span class='ocrx_word' id='word_1_407' title='bbox 3409 1066 3565 1120; x_wconf 81' lang='grc' dir='ltr'>τόκον</span> <span class='ocrx_word' id='word_1_408' title='bbox 3615 1067 3885 1139; x_wconf 79' lang='grc' dir='ltr'>πρότερον</span> 
     </span>
    </p>
   </div>
   <div class='ocr_carea' id='block_1_59' title="bbox 2234 1150 3888 1225">
    <p class='ocr_par' dir='ltr' id='par_1_61' title="bbox 2234 1150 3888 1225">
     <span class='ocr_line' id='line_1_63' title="bbox 2234 1150 3888 1225; baseline 0.002 -20"><span class='ocrx_word' id='word_1_409' title='bbox 2234 1150 2549 1225; x_wconf 89' lang='grc' dir='ltr'>θεατρίσασα</span> <span class='ocrx_word' id='word_1_410' title='bbox 2595 1153 2727 1224; x_wconf 89' lang='grc'>(51),</span> <span class='ocrx_word' id='word_1_411' title='bbox 2779 1152 2866 1206; x_wconf 81' lang='grc' dir='ltr'>καὶ</span> <span class='ocrx_word' id='word_1_412' title='bbox 2911 1153 3029 1206; x_wconf 84' lang='grc' dir='ltr'>καθ’</span> <span class='ocrx_word' id='word_1_413' title='bbox 3072 1150 3293 1208; x_wconf 75' lang='grc' dir='ltr'>ἕκαστον</span> <span class='ocrx_word' id='word_1_414' title='bbox 3324 1159 3430 1208; x_wconf 87' lang='grc' dir='ltr'>τῶν</span> <span class='ocrx_word' id='word_1_415' title='bbox 3464 1152 3667 1208; x_wconf 79' lang='grc' dir='ltr'>παίδων</span> <span class='ocrx_word' id='word_1_416' title='bbox 3704 1156 3888 1224; x_wconf 67' lang='grc' dir='ltr'>ἀθλή-</span> 
     </span>
    </p>
   </div>
   <div class='ocr_carea' id='block_1_60' title="bbox 2234 1239 3884 1319">
    <p class='ocr_par' dir='ltr' id='par_1_62' title="bbox 2234 1239 3884 1319">
     <span class='ocr_line' id='line_1_64' title="bbox 2234 1239 3884 1319; baseline 0.002 -26"><span class='ocrx_word' id='word_1_417' title='bbox 2234 1260 2385 1308; x_wconf 89' lang='grc' dir='ltr'>σασα,</span> <span class='ocrx_word' id='word_1_418' title='bbox 2460 1239 2633 1302; x_wconf 77' lang='grc' dir='ltr'>οὕτως</span> <span class='ocrx_word' id='word_1_419' title='bbox 2709 1240 2999 1297; x_wconf 71' lang='grc' dir='ltr'>ἐπαπέλθω</span> <span class='ocrx_word' id='word_1_420' title='bbox 3068 1241 3159 1296; x_wconf 73' lang='grc' dir='ltr'>σὺν</span> <span class='ocrx_word' id='word_1_421' title='bbox 3236 1242 3499 1319; x_wconf 68' lang='grc' dir='ltr'>ἀσφαλείᾳ</span> <span class='ocrx_word' id='word_1_422' title='bbox 3553 1243 3738 1313; x_wconf 84' lang='grc' dir='ltr'>τελείᾳ</span> <span class='ocrx_word' id='word_1_423' title='bbox 3795 1264 3884 1297; x_wconf 87' lang='grc' dir='ltr'>τε-</span> 
     </span>
    </p>
   </div>
   <div class='ocr_carea' id='block_1_61' title="bbox 2234 1328 3884 1407">
    <p class='ocr_par' dir='ltr' id='par_1_63' title="bbox 2234 1328 3884 1407">
     <span class='ocr_line' id='line_1_65' title="bbox 2234 1328 3884 1407; baseline 0.002 -24"><span class='ocrx_word' id='word_1_424' title='bbox 2234 1328 2404 1392; x_wconf 83' lang='grc' dir='ltr'>λείοις</span> <span class='ocrx_word' id='word_1_425' title='bbox 2452 1329 2702 1402; x_wconf 68' lang='grc' dir='ltr'>θόμασιν.</span> <span class='ocrx_word' id='word_1_426' title='bbox 2763 1329 2836 1384; x_wconf 75' lang='grc' dir='ltr'>Οὐ</span> <span class='ocrx_word' id='word_1_427' title='bbox 2895 1330 3231 1407; x_wconf 81' lang='grc' dir='ltr'>σπαράξομαι</span> <span class='ocrx_word' id='word_1_428' title='bbox 3277 1332 3477 1405; x_wconf 79' lang='grc' dir='ltr'>κόμην,</span> <span class='ocrx_word' id='word_1_429' title='bbox 3508 1331 3569 1386; x_wconf 71' lang='grc' dir='ltr'>οὗ</span> <span class='ocrx_word' id='word_1_430' title='bbox 3603 1330 3884 1407; x_wconf 63' lang='grc' dir='ltr'>διαρέήξω</span> 
     </span>
    </p>
   </div>
   <div class='ocr_carea' id='block_1_62' title="bbox 2232 1415 3885 1495">
    <p class='ocr_par' dir='ltr' id='par_1_64' title="bbox 2232 1415 3885 1495">
     <span class='ocr_line' id='line_1_66' title="bbox 2232 1415 3885 1495; baseline 0.001 -24"><span class='ocrx_word' id='word_1_431' title='bbox 2232 1422 2459 1493; x_wconf 82' lang='grc' dir='ltr'>χιτῶνα,</span> <span class='ocrx_word' id='word_1_432' title='bbox 2492 1418 2553 1473; x_wconf 83' lang='grc' dir='ltr'>οὐ</span> <span class='ocrx_word' id='word_1_433' title='bbox 2586 1420 2726 1491; x_wconf 77' lang='grc' dir='ltr'>ξανῶ</span> <span class='ocrx_word' id='word_1_434' title='bbox 2785 1418 2983 1494; x_wconf 82' lang='grc' dir='ltr'>σάρκας</span> <span class='ocrx_word' id='word_1_435' title='bbox 3032 1415 3228 1492; x_wconf 73' lang='grc' dir='ltr'>ὄνυξιν,</span> <span class='ocrx_word' id='word_1_436' title='bbox 3274 1420 3373 1475; x_wconf 73' lang='grc' dir='ltr'>οὐκ</span> <span class='ocrx_word' id='word_1_437' title='bbox 3420 1420 3592 1495; x_wconf 71' lang='grc' dir='ltr'>ὖγερῶ</span> <span class='ocrx_word' id='word_1_438' title='bbox 3653 1427 3885 1495; x_wconf 77' lang='grc' dir='ltr'>θρῆνον,</span> 
     </span>
    </p>
   </div>
   <div class='ocr_carea' id='block_1_63' title="bbox 2233 1506 3889 1584">
    <p class='ocr_par' dir='ltr' id='par_1_65' title="bbox 2233 1506 3889 1584">
     <span class='ocr_line' id='line_1_67' title="bbox 2233 1506 3889 1584; baseline 0 -23"><span class='ocrx_word' id='word_1_439' title='bbox 2233 1506 2295 1560; x_wconf 77' lang='grc' dir='ltr'>οὐ</span> <span class='ocrx_word' id='word_1_440' title='bbox 2354 1506 2568 1562; x_wconf 67' lang='grc' dir='ltr'>καλέσω</span> <span class='ocrx_word' id='word_1_441' title='bbox 2640 1508 2736 1562; x_wconf 79' lang='grc' dir='ltr'>τάς</span> <span class='ocrx_word' id='word_1_442' title='bbox 2814 1508 3235 1584; x_wconf 80' lang='grc' dir='ltr'>συνθρηνοόσας,</span> <span class='ocrx_word' id='word_1_443' title='bbox 3314 1509 3374 1563; x_wconf 80' lang='grc' dir='ltr'>οὐ</span> <span class='ocrx_word' id='word_1_444' title='bbox 3435 1508 3743 1584; x_wconf 81' lang='grc' dir='ltr'>συγκλείσω</span> <span class='ocrx_word' id='word_1_445' title='bbox 3806 1508 3889 1569; x_wconf 79' lang='grc' dir='ltr'>εἷς</span> 
     </span>
    </p>
   </div>
   <div class='ocr_carea' id='block_1_64' title="bbox 2234 1594 3888 1673">
    <p class='ocr_par' dir='ltr' id='par_1_66' title="bbox 2234 1594 3888 1673">
     <span class='ocr_line' id='line_1_68' title="bbox 2234 1594 3888 1673; baseline 0.001 -24"><span class='ocrx_word' id='word_1_446' title='bbox 2234 1594 2424 1657; x_wconf 84' lang='grc' dir='ltr'>σκότος</span> <span class='ocrx_word' id='word_1_447' title='bbox 2455 1598 2591 1666; x_wconf 86' lang='grc'>(52).</span> <span class='ocrx_word' id='word_1_448' title='bbox 2635 1594 2725 1650; x_wconf 74' lang='grc' dir='ltr'>’ίνα</span> <span class='ocrx_word' id='word_1_449' title='bbox 2780 1596 2869 1651; x_wconf 84' lang='grc' dir='ltr'>καὶ</span> <span class='ocrx_word' id='word_1_450' title='bbox 2919 1596 3026 1673; x_wconf 77' lang='grc' dir='ltr'>ἀὴρ</span> <span class='ocrx_word' id='word_1_451' title='bbox 3076 1599 3416 1673; x_wconf 76' lang='grc' dir='ltr'>συνθρηνήσῃ</span> <span class='ocrx_word' id='word_1_452' title='bbox 3466 1619 3582 1670; x_wconf 85' lang='grc' dir='ltr'>μοι,</span> <span class='ocrx_word' id='word_1_453' title='bbox 3630 1597 3729 1652; x_wconf 74' lang='grc' dir='ltr'>οὐκ</span> <span class='ocrx_word' id='word_1_454' title='bbox 3757 1597 3888 1652; x_wconf 83' lang='grc' dir='ltr'>ἀνα-</span> 
     </span>
    </p>
   </div>
   <div class='ocr_carea' id='block_1_65' title="bbox 2236 1684 3885 1760">
    <p class='ocr_par' dir='ltr' id='par_1_67' title="bbox 2236 1684 3885 1760">
     <span class='ocr_line' id='line_1_69' title="bbox 2236 1684 3885 1760; baseline 0.001 -22"><span class='ocrx_word' id='word_1_455' title='bbox 2236 1688 2381 1757; x_wconf 87' lang='grc' dir='ltr'>μενῶ</span> <span class='ocrx_word' id='word_1_456' title='bbox 2426 1685 2867 1760; x_wconf 76' lang='grc' dir='ltr'>παρακλήτορας,</span> <span class='ocrx_word' id='word_1_457' title='bbox 2927 1684 3026 1740; x_wconf 81' lang='grc' dir='ltr'>οὐκ</span> <span class='ocrx_word' id='word_1_458' title='bbox 3093 1684 3252 1760; x_wconf 76' lang='grc' dir='ltr'>ἄρτον</span> <span class='ocrx_word' id='word_1_459' title='bbox 3312 1686 3572 1758; x_wconf 70' lang='grc' dir='ltr'>πένθιμον</span> <span class='ocrx_word' id='word_1_460' title='bbox 3629 1687 3885 1759; x_wconf 66' lang='grc' dir='ltr'>παραθή-</span> 
     </span>
    </p>
   </div>
   <div class='ocr_carea' id='block_1_66' title="bbox 2232 1772 3884 1850">
    <p class='ocr_par' dir='ltr' id='par_1_68' title="bbox 2232 1772 3884 1850">
     <span class='ocr_line' id='line_1_70' title="bbox 2232 1772 3884 1850; baseline -0.001 -22"><span class='ocrx_word' id='word_1_461' title='bbox 2232 1794 2419 1845; x_wconf 88' lang='grc' dir='ltr'>σομαι.</span> <span class='ocrx_word' id='word_1_462' title='bbox 2475 1775 2657 1830; x_wconf 78' lang='grc' dir='ltr'>Ταῦτα</span> <span class='ocrx_word' id='word_1_463' title='bbox 2711 1776 2816 1849; x_wconf 78' lang='grc' dir='ltr'>γὰρ</span> <span class='ocrx_word' id='word_1_464' title='bbox 2875 1779 2980 1828; x_wconf 92' lang='grc' dir='ltr'>τῶν</span> <span class='ocrx_word' id='word_1_465' title='bbox 3040 1775 3273 1849; x_wconf 83' lang='grc' dir='ltr'>ἀγεννῶν</span> <span class='ocrx_word' id='word_1_466' title='bbox 3491 1773 3761 1850; x_wconf 78' lang='grc' dir='ltr'>μητέρων,</span> <span class='ocrx_word' id='word_1_467' title='bbox 3826 1772 3884 1827; x_wconf 68' lang='grc' dir='ltr'>α’(</span> 
     </span>
    </p>
   </div>
   <div class='ocr_carea' id='block_1_67' title="bbox 2230 1860 3884 1938">
    <p class='ocr_par' dir='ltr' id='par_1_69' title="bbox 2230 1860 3884 1938">
     <span class='ocr_line' id='line_1_71' title="bbox 2230 1860 3884 1938; baseline 0.001 -22"><span class='ocrx_word' id='word_1_468' title='bbox 2230 1866 2439 1938; x_wconf 82' lang='grc' dir='ltr'>σαρκῶν</span> <span class='ocrx_word' id='word_1_469' title='bbox 2507 1861 2667 1935; x_wconf 89' lang='grc' dir='ltr'>μόνον</span> <span class='ocrx_word' id='word_1_470' title='bbox 2729 1862 2831 1916; x_wconf 84' lang='grc' dir='ltr'>εἰσὶ</span> <span class='ocrx_word' id='word_1_471' title='bbox 2895 1864 3148 1938; x_wconf 71' lang='grc' dir='ltr'>μητέρες,</span> <span class='ocrx_word' id='word_1_472' title='bbox 3202 1864 3286 1924; x_wconf 85' lang='grc' dir='ltr'>αἱς</span> <span class='ocrx_word' id='word_1_473' title='bbox 3361 1861 3611 1937; x_wconf 64' lang='grc' dir='ltr'>οῗχονται</span> <span class='ocrx_word' id='word_1_474' title='bbox 3687 1860 3884 1925; x_wconf 80' lang='grc' dir='ltr'>παῖδες</span> 
     </span>
    </p>
   </div>
   <div class='ocr_carea' id='block_1_68' title="bbox 2230 1948 3881 2027">
    <p class='ocr_par' dir='ltr' id='par_1_70' title="bbox 2230 1948 3881 2027">
     <span class='ocr_line' id='line_1_72' title="bbox 2230 1948 3881 2027; baseline -0.001 -22"><span class='ocrx_word' id='word_1_475' title='bbox 2230 1949 2351 2006; x_wconf 78' lang='grc' dir='ltr'>ἄνευ</span> <span class='ocrx_word' id='word_1_476' title='bbox 2370 1953 2483 2021; x_wconf 78' lang='grc'>(54)</span> <span class='ocrx_word' id='word_1_477' title='bbox 2513 1955 2717 2023; x_wconf 75' lang='grc' dir='ltr'>σεμνοῦ</span> <span class='ocrx_word' id='word_1_478' title='bbox 2744 1971 2889 2013; x_wconf 87' lang='grc' dir='ltr'>τινος</span> <span class='ocrx_word' id='word_1_479' title='bbox 2915 1949 3077 2027; x_wconf 80' lang='grc' dir='ltr'>διηγή</span> <span class='ocrx_word' id='word_1_480' title='bbox 3090 1972 3281 2024; x_wconf 85' lang='grc' dir='ltr'>ματος.</span> <span class='ocrx_word' id='word_1_481' title='bbox 3312 1951 3471 2023; x_wconf 84' lang='grc' dir='ltr'>Ἐμοὶ</span> <span class='ocrx_word' id='word_1_482' title='bbox 3508 1948 3565 2005; x_wconf 72' lang='grc' dir='ltr'>δὲ</span> <span class='ocrx_word' id='word_1_483' title='bbox 3594 1950 3653 2004; x_wconf 81' lang='grc' dir='ltr'>οὗ</span> <span class='ocrx_word' id='word_1_484' title='bbox 3687 1954 3881 2021; x_wconf 71' lang='grc' dir='ltr'>τεθνή-</span> 
     </span>
    </p>
   </div>
   <div class='ocr_carea' id='block_1_69' title="bbox 2228 2038 3881 2117">
    <p class='ocr_par' dir='ltr' id='par_1_71' title="bbox 2228 2038 3881 2117">
     <span class='ocr_line' id='line_1_73' title="bbox 2228 2038 3881 2117; baseline 0 -22"><span class='ocrx_word' id='word_1_485' title='bbox 2228 2060 2376 2107; x_wconf 82' lang='grc' dir='ltr'>κατε,</span> <span class='ocrx_word' id='word_1_486' title='bbox 2430 2038 2685 2117; x_wconf 79' lang='grc' dir='ltr'>φίλτατοι</span> <span class='ocrx_word' id='word_1_487' title='bbox 2742 2039 2973 2111; x_wconf 84' lang='grc' dir='ltr'>παίδων,</span> <span class='ocrx_word' id='word_1_488' title='bbox 3034 2039 3159 2096; x_wconf 79' lang='grc' dir='ltr'>ἀλλ’</span> <span class='ocrx_word' id='word_1_489' title='bbox 3200 2040 3714 2117; x_wconf 75' lang='grc' dir='ltr'>ἐκαρποφορήθητε·</span> <span class='ocrx_word' id='word_1_490' title='bbox 3778 2041 3881 2095; x_wconf 76' lang='grc' dir='ltr'>οὐκ</span> 
     </span>
    </p>
   </div>
   <div class='ocr_carea' id='block_1_70' title="bbox 2229 2126 3878 2202">
    <p class='ocr_par' dir='ltr' id='par_1_72' title="bbox 2229 2126 3878 2202">
     <span class='ocr_line' id='line_1_74' title="bbox 2229 2126 3878 2202; baseline 0.001 -19"><span class='ocrx_word' id='word_1_491' title='bbox 2229 2127 2603 2197; x_wconf 81' lang='grc' dir='ltr'>ἐκλελοίπα’··ε,</span> <span class='ocrx_word' id='word_1_492' title='bbox 2663 2126 2809 2183; x_wconf 82' lang='grc' dir='ltr'>ἀλλᾶ</span> <span class='ocrx_word' id='word_1_493' title='bbox 2883 2129 3324 2202; x_wconf 78' lang='grc' dir='ltr'>μετεληλόθατε·</span> <span class='ocrx_word' id='word_1_494' title='bbox 3381 2128 3442 2183; x_wconf 79' lang='grc' dir='ltr'>οὐ</span> <span class='ocrx_word' id='word_1_495' title='bbox 3498 2128 3878 2199; x_wconf 78' lang='grc' dir='ltr'>κατεξάνθητε,</span> 
     </span>
    </p>
   </div>
   <div class='ocr_carea' id='block_1_71' title="bbox 2229 2216 3882 2294">
    <p class='ocr_par' dir='ltr' id='par_1_73' title="bbox 2229 2216 3882 2294">
     <span class='ocr_line' id='line_1_75' title="bbox 2229 2216 3882 2294; baseline 0.001 -23"><span class='ocrx_word' id='word_1_496' title='bbox 2229 2216 2375 2273; x_wconf 74' lang='grc' dir='ltr'>ἀλλὰ</span> <span class='ocrx_word' id='word_1_497' title='bbox 2404 2218 2735 2293; x_wconf 76' lang='grc' dir='ltr'>συνεπάγητε</span> <span class='ocrx_word' id='word_1_498' title='bbox 2759 2239 2772 2252; x_wconf 86' lang='grc'><strong>·</strong></span> <span class='ocrx_word' id='word_1_499' title='bbox 2834 2217 2895 2273; x_wconf 80' lang='grc' dir='ltr'>οὐ</span> <span class='ocrx_word' id='word_1_500' title='bbox 2929 2217 3115 2294; x_wconf 87' lang='grc' dir='ltr'>θηρίον</span> <span class='ocrx_word' id='word_1_501' title='bbox 3159 2217 3397 2294; x_wconf 72' lang='grc' dir='ltr'>ἥρπασεν</span> <span class='ocrx_word' id='word_1_502' title='bbox 3439 2219 3600 2291; x_wconf 83' lang='grc' dir='ltr'>ὑμᾶς,</span> <span class='ocrx_word' id='word_1_503' title='bbox 3635 2217 3697 2272; x_wconf 76' lang='grc' dir='ltr'>οὐ</span> <span class='ocrx_word' id='word_1_504' title='bbox 3728 2216 3882 2289; x_wconf 69' lang='grc' dir='ltr'>κῦμα</span> 
     </span>
    </p>
   </div>
   <div class='ocr_carea' id='block_1_72' title="bbox 2229 2302 3879 2385">
    <p class='ocr_par' dir='ltr' id='par_1_74' title="bbox 2229 2302 3879 2385">
     <span class='ocr_line' id='line_1_76' title="bbox 2229 2302 3879 2385; baseline -0.001 -25"><span class='ocrx_word' id='word_1_505' title='bbox 2229 2303 2515 2361; x_wconf 74' lang='grc' dir='ltr'>ἐπέκλυσεν</span> <span class='ocrx_word' id='word_1_506' title='bbox 2570 2308 2704 2378; x_wconf 90' lang='grc'>(55),</span> <span class='ocrx_word' id='word_1_507' title='bbox 2764 2305 2826 2359; x_wconf 76' lang='grc' dir='ltr'>οὗ</span> <span class='ocrx_word' id='word_1_508' title='bbox 2880 2303 3084 2378; x_wconf 75' lang='grc' dir='ltr'>λῃστὴς</span> <span class='ocrx_word' id='word_1_509' title='bbox 3138 2303 3457 2385; x_wconf 70' lang='grc' dir='ltr'>διέφθειρεν,</span> <span class='ocrx_word' id='word_1_510' title='bbox 3516 2305 3571 2361; x_wconf 71' lang='grc' dir='ltr'>εὖ</span> <span class='ocrx_word' id='word_1_511' title='bbox 3603 2302 3761 2367; x_wconf 86' lang='grc' dir='ltr'>νόσος</span> <span class='ocrx_word' id='word_1_512' title='bbox 3796 2304 3879 2361; x_wconf 78' lang='grc' dir='ltr'>δι-</span> 
     </span>
    </p>
   </div>
   <div class='ocr_carea' id='block_1_73' title="bbox 2230 2392 3881 2467">
    <p class='ocr_par' dir='ltr' id='par_1_75' title="bbox 2230 2392 3881 2467">
     <span class='ocr_line' id='line_1_77' title="bbox 2230 2392 3881 2467; baseline -0.001 -18"><span class='ocrx_word' id='word_1_513' title='bbox 2230 2392 2437 2463; x_wconf 69' lang='grc' dir='ltr'>έλυσεν,</span> <span class='ocrx_word' id='word_1_514' title='bbox 2489 2393 2549 2449; x_wconf 79' lang='grc' dir='ltr'>οὗ</span> <span class='ocrx_word' id='word_1_515' title='bbox 2599 2393 2845 2467; x_wconf 88' lang='grc' dir='ltr'>πόλεμος</span> <span class='ocrx_word' id='word_1_516' title='bbox 2891 2393 3301 2467; x_wconf 88' lang='grc' dir='ltr'>παρανάλωσεν,</span> <span class='ocrx_word' id='word_1_517' title='bbox 3352 2394 3451 2449; x_wconf 79' lang='grc' dir='ltr'>οὐκ</span> <span class='ocrx_word' id='word_1_518' title='bbox 3480 2392 3619 2450; x_wconf 79' lang='grc' dir='ltr'>ἄλλο</span> <span class='ocrx_word' id='word_1_519' title='bbox 3656 2392 3814 2449; x_wconf 69' lang='grc' dir='ltr'>οὐδὲν</span> <span class='ocrx_word' id='word_1_520' title='bbox 3843 2397 3881 2463; x_wconf 70' lang='grc' dir='ltr'>ἦ</span> 
     </span>
    </p>
   </div>
   <div class='ocr_carea' id='block_1_74' title="bbox 2234 2481 3875 2559">
    <p class='ocr_par' dir='ltr' id='par_1_76' title="bbox 2234 2481 3875 2559">
     <span class='ocr_line' id='line_1_78' title="bbox 2234 2481 3875 2559; baseline 0 -23"><span class='ocrx_word' id='word_1_521' title='bbox 2234 2484 2426 2558; x_wconf 84' lang='grc' dir='ltr'>μικρὸν</span> <span class='ocrx_word' id='word_1_522' title='bbox 2455 2484 2490 2553; x_wconf 82' lang='grc' dir='ltr'>ἢ</span> <span class='ocrx_word' id='word_1_523' title='bbox 2548 2488 2729 2556; x_wconf 83' lang='grc' dir='ltr'>μεῖζον</span> <span class='ocrx_word' id='word_1_524' title='bbox 2777 2487 2883 2538; x_wconf 91' lang='grc' dir='ltr'>τῶν</span> <span class='ocrx_word' id='word_1_525' title='bbox 2934 2482 3312 2557; x_wconf 79' lang='grc' dir='ltr'>ἀνθρωπίνων.</span> <span class='ocrx_word' id='word_1_526' title='bbox 3356 2484 3662 2559; x_wconf 79' lang='grc' dir='ltr'>Ἒθρήνησα</span> <span class='ocrx_word' id='word_1_527' title='bbox 3693 2481 3751 2537; x_wconf 73' lang='grc' dir='ltr'>ἂν</span> <span class='ocrx_word' id='word_1_528' title='bbox 3786 2484 3875 2537; x_wconf 74' lang='grc' dir='ltr'>καὶ</span> 
     </span>
    </p>
   </div>
   <div class='ocr_carea' id='block_1_75' title="bbox 2235 2569 3879 2650">
    <p class='ocr_par' dir='ltr' id='par_1_77' title="bbox 2235 2569 3879 2650">
     <span class='ocr_line' id='line_1_79' title="bbox 2235 2569 3879 2650; baseline 0.001 -24"><span class='ocrx_word' id='word_1_529' title='bbox 2235 2570 2383 2645; x_wconf 88' lang='grc' dir='ltr'>μάλα</span> <span class='ocrx_word' id='word_1_530' title='bbox 2442 2569 2710 2650; x_wconf 76' lang='grc' dir='ltr'>σφοδρῶς,</span> <span class='ocrx_word' id='word_1_531' title='bbox 2769 2570 2824 2627; x_wconf 78' lang='grc' dir='ltr'>εἷ’</span> <span class='ocrx_word' id='word_1_532' title='bbox 2872 2592 2923 2625; x_wconf 90' lang='grc' dir='ltr'>τι</span> <span class='ocrx_word' id='word_1_533' title='bbox 2980 2571 3185 2627; x_wconf 84' lang='grc' dir='ltr'>τούτων</span> <span class='ocrx_word' id='word_1_534' title='bbox 3243 2572 3368 2645; x_wconf 81' lang='grc' dir='ltr'>ὑμῖν</span> <span class='ocrx_word' id='word_1_535' title='bbox 3430 2572 3708 2627; x_wconf 74' lang='grc' dir='ltr'>συνέπεσεν</span> <span class='ocrx_word' id='word_1_536' title='bbox 3742 2574 3879 2646; x_wconf 85' lang='grc'>(56).</span> 
     </span>
    </p>
   </div>
   <div class='ocr_carea' id='block_1_76' title="bbox 2233 2658 3877 2739">
    <p class='ocr_par' dir='ltr' id='par_1_78' title="bbox 2233 2658 3877 2739">
     <span class='ocr_line' id='line_1_80' title="bbox 2233 2658 3877 2739; baseline -0.001 -23"><span class='ocrx_word' id='word_1_537' title='bbox 2233 2660 2466 2739; x_wconf 78' lang='grc' dir='ltr'>Ἐφάνην</span> <span class='ocrx_word' id='word_1_538' title='bbox 2518 2659 2578 2715; x_wconf 78' lang='grc' dir='ltr'>ἃν</span> <span class='ocrx_word' id='word_1_539' title='bbox 2626 2660 2751 2716; x_wconf 89' lang='grc' dir='ltr'>τότε</span> <span class='ocrx_word' id='word_1_540' title='bbox 2804 2667 2921 2723; x_wconf 81' lang='grc' dir='ltr'>τοῖς</span> <span class='ocrx_word' id='word_1_541' title='bbox 2980 2658 3257 2737; x_wconf 83' lang='grc' dir='ltr'>δάκρυσιν,</span> <span class='ocrx_word' id='word_1_542' title='bbox 3316 2662 3389 2722; x_wconf 84' lang='grc' dir='ltr'>ὡς</span> <span class='ocrx_word' id='word_1_543' title='bbox 3437 2665 3527 2716; x_wconf 79' lang='grc' dir='ltr'>νῦν</span> <span class='ocrx_word' id='word_1_544' title='bbox 3557 2666 3635 2732; x_wconf 79' lang='grc' dir='ltr'>τῷ</span> <span class='ocrx_word' id='word_1_545' title='bbox 3669 2663 3743 2733; x_wconf 76' lang='grc' dir='ltr'>μὴ</span> <span class='ocrx_word' id='word_1_546' title='bbox 3779 2659 3877 2715; x_wconf 81' lang='grc' dir='ltr'>δα-</span> 
     </span>
    </p>
   </div>
   <div class='ocr_carea' id='block_1_77' title="bbox 2230 2748 3878 2826">
    <p class='ocr_par' dir='ltr' id='par_1_79' title="bbox 2230 2748 3878 2826">
     <span class='ocr_line' id='line_1_81' title="bbox 2230 2748 3878 2826; baseline -0.001 -23"><span class='ocrx_word' id='word_1_547' title='bbox 2230 2754 2446 2825; x_wconf 76' lang='grc' dir='ltr'>κρῦσαι,</span> <span class='ocrx_word' id='word_1_548' title='bbox 2497 2748 2836 2826; x_wconf 80' lang='grc' dir='ltr'>φιλότεκνος.</span> <span class='ocrx_word' id='word_1_549' title='bbox 2886 2751 3003 2804; x_wconf 82' lang='grc' dir='ltr'>Ἔτι</span> <span class='ocrx_word' id='word_1_550' title='bbox 3035 2750 3122 2804; x_wconf 82' lang='grc' dir='ltr'>καὶ</span> <span class='ocrx_word' id='word_1_551' title='bbox 3154 2754 3321 2804; x_wconf 77' lang='grc' dir='ltr'>ταῦτα</span> <span class='ocrx_word' id='word_1_552' title='bbox 3357 2750 3543 2825; x_wconf 81' lang='grc' dir='ltr'>μικρά,</span> <span class='ocrx_word' id='word_1_553' title='bbox 3573 2750 3783 2810; x_wconf 84' lang='grc' dir='ltr'>’Ὀντως</span> <span class='ocrx_word' id='word_1_554' title='bbox 3820 2748 3878 2802; x_wconf 69' lang='grc' dir='ltr'>ἂν</span> 
     </span>
    </p>
   </div>
   <div class='ocr_carea' id='block_1_78' title="bbox 2235 2837 3880 2912">
    <p class='ocr_par' dir='ltr' id='par_1_80' title="bbox 2235 2837 3880 2912">
     <span class='ocr_line' id='line_1_82' title="bbox 2235 2837 3880 2912; baseline -0.001 -19"><span class='ocrx_word' id='word_1_555' title='bbox 2235 2838 2374 2911; x_wconf 79' lang='grc' dir='ltr'>ὑμᾶς</span> <span class='ocrx_word' id='word_1_556' title='bbox 2407 2838 2855 2912; x_wconf 84' lang='grc' dir='ltr'>ἀπεκλαυσάμην,</span> <span class='ocrx_word' id='word_1_557' title='bbox 2888 2837 2933 2893; x_wconf 78' lang='grc' dir='ltr'>εἰ</span> <span class='ocrx_word' id='word_1_558' title='bbox 2983 2843 3162 2900; x_wconf 87' lang='grc' dir='ltr'>κακῶς</span> <span class='ocrx_word' id='word_1_559' title='bbox 3213 2838 3477 2908; x_wconf 69' lang='grc' dir='ltr'>ἐσώθητε,</span> <span class='ocrx_word' id='word_1_560' title='bbox 3526 2838 3572 2892; x_wconf 77' lang='grc' dir='ltr'>εὶ</span> <span class='ocrx_word' id='word_1_561' title='bbox 3619 2842 3724 2893; x_wconf 89' lang='grc' dir='ltr'>τῶν</span> <span class='ocrx_word' id='word_1_562' title='bbox 3777 2838 3880 2912; x_wconf 84' lang='grc' dir='ltr'>βα-</span> 
     </span>
    </p>
   </div>
   <div class='ocr_carea' id='block_1_79' title="bbox 2236 2925 3881 3003">
    <p class='ocr_par' dir='ltr' id='par_1_81' title="bbox 2236 2925 3881 3003">
     <span class='ocr_line' id='line_1_83' title="bbox 2236 2925 3881 3003; baseline -0.001 -22"><span class='ocrx_word' id='word_1_563' title='bbox 2236 2929 2407 2982; x_wconf 90' lang='grc' dir='ltr'>σάνων</span> <span class='ocrx_word' id='word_1_564' title='bbox 2459 2930 2736 2999; x_wconf 78' lang='grc' dir='ltr'>ἡττήθητε</span> <span class='ocrx_word' id='word_1_565' title='bbox 2784 2931 2918 3001; x_wconf 81' lang='grc'>(57),</span> <span class='ocrx_word' id='word_1_566' title='bbox 2974 2925 3028 2982; x_wconf 75' lang='grc' dir='ltr'>εἷ’</span> <span class='ocrx_word' id='word_1_567' title='bbox 3065 2948 3212 2990; x_wconf 90' lang='grc' dir='ltr'>τινος</span> <span class='ocrx_word' id='word_1_568' title='bbox 3266 2928 3416 3000; x_wconf 83' lang='grc' dir='ltr'>ὑμῶν</span> <span class='ocrx_word' id='word_1_569' title='bbox 3450 2927 3773 3003; x_wconf 66' lang='grc' dir='ltr'>ἐκράτησαν,</span> <span class='ocrx_word' id='word_1_570' title='bbox 3807 2927 3881 2988; x_wconf 85' lang='grc' dir='ltr'>ὡς</span> 
     </span>
    </p>
   </div>
   <div class='ocr_carea' id='block_1_80' title="bbox 2235 3014 3881 3094">
    <p class='ocr_par' dir='ltr' id='par_1_82' title="bbox 2235 3014 3881 3094">
     <span class='ocr_line' id='line_1_84' title="bbox 2235 3014 3881 3094; baseline -0.002 -21"><span class='ocrx_word' id='word_1_571' title='bbox 2235 3019 2549 3088; x_wconf 74' lang='grc' dir='ltr'>ἡττήθησαν</span> <span class='ocrx_word' id='word_1_572' title='bbox 2606 3021 2698 3072; x_wconf 78' lang='grc' dir='ltr'>νῦν</span> <span class='ocrx_word' id='word_1_573' title='bbox 2750 3017 2802 3072; x_wconf 75' lang='grc' dir='ltr'>οἱ</span> <span class='ocrx_word' id='word_1_574' title='bbox 2853 3014 3163 3079; x_wconf 82' lang='grc' dir='ltr'>διώκοντες.</span> <span class='ocrx_word' id='word_1_575' title='bbox 3213 3017 3287 3070; x_wconf 80' lang='grc' dir='ltr'>Τὰ</span> <span class='ocrx_word' id='word_1_576' title='bbox 3336 3014 3393 3071; x_wconf 71' lang='grc' dir='ltr'>δὲ</span> <span class='ocrx_word' id='word_1_577' title='bbox 3447 3021 3563 3083; x_wconf 78' lang='grc' dir='ltr'>νῦν,</span> <span class='ocrx_word' id='word_1_578' title='bbox 3615 3015 3881 3094; x_wconf 70' lang='grc' dir='ltr'>εὐφημία,</span> 
     </span>
    </p>
   </div>
   <div class='ocr_carea' id='block_1_81' title="bbox 2235 3102 3887 3184">
    <p class='ocr_par' dir='ltr' id='par_1_83' title="bbox 2235 3102 3887 3184">
     <span class='ocr_line' id='line_1_85' title="bbox 2235 3102 3887 3184; baseline -0.002 -23"><span class='ocrx_word' id='word_1_579' title='bbox 2235 3108 2402 3184; x_wconf 78' lang='grc' dir='ltr'>χαρὰ,</span> <span class='ocrx_word' id='word_1_580' title='bbox 2473 3104 2621 3177; x_wconf 75' lang='grc' dir='ltr'>δόξα,</span> <span class='ocrx_word' id='word_1_581' title='bbox 2672 3105 3052 3182; x_wconf 76' lang='grc' dir='ltr'>χοροστασίαι,</span> <span class='ocrx_word' id='word_1_582' title='bbox 3110 3102 3466 3183; x_wconf 77' lang='grc' dir='ltr'>φαιδρότητες</span> <span class='ocrx_word' id='word_1_583' title='bbox 3510 3111 3627 3167; x_wconf 79' lang='grc' dir='ltr'>τοῖς</span> <span class='ocrx_word' id='word_1_584' title='bbox 3659 3102 3887 3159; x_wconf 78' lang='grc' dir='ltr'>ὑπολει-</span> 
     </span>
    </p>
   </div>
   <div class='ocr_carea' id='block_1_82' title="bbox 2240 3192 3886 3274">
    <p class='ocr_par' dir='ltr' id='par_1_84' title="bbox 2240 3192 3886 3274">
     <span class='ocr_line' id='line_1_86' title="bbox 2240 3192 3886 3274; baseline -0.002 -24"><span class='ocrx_word' id='word_1_585' title='bbox 2240 3197 2467 3274; x_wconf 76' lang='grc' dir='ltr'>φθεῖσιν·</span> <span class='ocrx_word' id='word_1_586' title='bbox 2517 3196 2659 3270; x_wconf 85' lang='grc' dir='ltr'>Ἐγὼ</span> <span class='ocrx_word' id='word_1_587' title='bbox 2707 3195 2811 3270; x_wconf 80' lang='grc' dir='ltr'>γὰρ</span> <span class='ocrx_word' id='word_1_588' title='bbox 2862 3195 2988 3268; x_wconf 79' lang='grc' dir='ltr'>ὑμῖν</span> <span class='ocrx_word' id='word_1_589' title='bbox 3037 3192 3450 3267; x_wconf 64' lang='grc' dir='ltr'>ἐπισπένδομαι.</span> <span class='ocrx_word' id='word_1_590' title='bbox 3500 3194 3648 3249; x_wconf 82' lang='grc' dir='ltr'>Μετὰ</span> <span class='ocrx_word' id='word_1_591' title='bbox 3696 3196 3886 3255; x_wconf 78' lang='grc' dir='ltr'>Φινεὶς</span> 
     </span>
    </p>
   </div>
   <div class='ocr_carea' id='block_1_83' title="bbox 2240 3280 3891 3361">
    <p class='ocr_par' dir='ltr' id='par_1_85' title="bbox 2240 3280 3891 3361">
     <span class='ocr_line' id='line_1_87' title="bbox 2240 3280 3891 3361; baseline -0.004 -21"><span class='ocrx_word' id='word_1_592' title='bbox 2240 3284 2655 3361; x_wconf 86' lang='grc' dir='ltr'>ταχθησόμεθα,</span> <span class='ocrx_word' id='word_1_593' title='bbox 2723 3285 2858 3357; x_wconf 80' lang='grc' dir='ltr'>μετὰ</span> <span class='ocrx_word' id='word_1_594' title='bbox 2919 3285 3122 3355; x_wconf 72' lang='grc' dir='ltr'>’Δννης</span> <span class='ocrx_word' id='word_1_595' title='bbox 3192 3282 3653 3355; x_wconf 82' lang='grc' dir='ltr'>δοξασθησόμεθα.</span> <span class='ocrx_word' id='word_1_596' title='bbox 3736 3280 3891 3350; x_wconf 70' lang='grc' dir='ltr'>Πλὴν</span> 
     </span>
    </p>
   </div>
   <div class='ocr_carea' id='block_1_84' title="bbox 2242 3370 3890 3447">
    <p class='ocr_par' dir='ltr' id='par_1_86' title="bbox 2242 3370 3890 3447">
     <span class='ocr_line' id='line_1_88' title="bbox 2242 3370 3890 3447; baseline -0.001 -18"><span class='ocrx_word' id='word_1_597' title='bbox 2242 3373 2366 3430; x_wconf 73' lang='grc' dir='ltr'>ὅσον</span> <span class='ocrx_word' id='word_1_598' title='bbox 2400 3375 2428 3428; x_wconf 83' lang='grc' dir='ltr'>ὁ</span> <span class='ocrx_word' id='word_1_599' title='bbox 2464 3374 2557 3447; x_wconf 78' lang='grc' dir='ltr'>μὶν</span> <span class='ocrx_word' id='word_1_600' title='bbox 2588 3374 2688 3443; x_wconf 77' lang='grc' dir='ltr'>εἷς,</span> <span class='ocrx_word' id='word_1_601' title='bbox 2720 3373 2874 3446; x_wconf 74' lang='grc' dir='ltr'>ὑμεῖς</span> <span class='ocrx_word' id='word_1_602' title='bbox 2904 3375 3017 3445; x_wconf 89' lang='grc'>(58)</span> <span class='ocrx_word' id='word_1_603' title='bbox 3064 3370 3122 3428; x_wconf 72' lang='grc' dir='ltr'><strong>δὲ</strong></span> <span class='ocrx_word' id='word_1_604' title='bbox 3148 3377 3400 3428; x_wconf 75' lang='grc' dir='ltr'>τοσοῦτοι</span> <span class='ocrx_word' id='word_1_605' title='bbox 3458 3370 3702 3442; x_wconf 71' lang='grc' dir='ltr'>ζηλωταὶ</span> <span class='ocrx_word' id='word_1_606' title='bbox 3751 3392 3890 3446; x_wconf 84' lang='grc' dir='ltr'>πορ-</span> 
     </span>
    </p>
   </div>
   <div class='ocr_carea' id='block_1_85' title="bbox 2242 3460 3890 3537">
    <p class='ocr_par' dir='ltr' id='par_1_87' title="bbox 2242 3460 3890 3537">
     <span class='ocr_line' id='line_1_89' title="bbox 2242 3460 3890 3537; baseline -0.002 -20"><span class='ocrx_word' id='word_1_607' title='bbox 2242 3463 2512 3530; x_wconf 83' lang='grc' dir='ltr'>νοκτόνοι,</span> <span class='ocrx_word' id='word_1_608' title='bbox 2544 3462 2607 3517; x_wconf 75' lang='grc' dir='ltr'>οὗ</span> <span class='ocrx_word' id='word_1_609' title='bbox 2638 3464 2905 3535; x_wconf 86' lang='grc' dir='ltr'>σωμάτων</span> <span class='ocrx_word' id='word_1_610' title='bbox 2942 3462 3216 3537; x_wconf 82' lang='grc' dir='ltr'>πορνείαν,</span> <span class='ocrx_word' id='word_1_611' title='bbox 3266 3461 3411 3517; x_wconf 73' lang='grc' dir='ltr'>ἀλλὰ</span> <span class='ocrx_word' id='word_1_612' title='bbox 3466 3465 3658 3537; x_wconf 80' lang='grc' dir='ltr'>ψυχῶν</span> <span class='ocrx_word' id='word_1_613' title='bbox 3711 3460 3890 3536; x_wconf 71' lang='grc' dir='ltr'>ἔγκενο</span> 
     </span>
    </p>
   </div>
   <div class='ocr_carea' id='block_1_86' title="bbox 2242 3548 3887 3625">
    <p class='ocr_par' dir='ltr' id='par_1_88' title="bbox 2242 3548 3887 3625">
     <span class='ocr_line' id='line_1_90' title="bbox 2242 3548 3887 3625; baseline -0.002 -19"><span class='ocrx_word' id='word_1_614' title='bbox 2242 3554 2499 3623; x_wconf 80' lang='grc' dir='ltr'>τήσαντες</span> <span class='ocrx_word' id='word_1_615' title='bbox 2542 3554 2677 3623; x_wconf 85' lang='grc'>(59).</span> <span class='ocrx_word' id='word_1_616' title='bbox 2728 3552 2827 3605; x_wconf 84' lang='grc' dir='ltr'>Καὶ</span> <span class='ocrx_word' id='word_1_617' title='bbox 2876 3553 2910 3620; x_wconf 73' lang='grc' dir='ltr'>ἡ</span> <span class='ocrx_word' id='word_1_618' title='bbox 2965 3551 3083 3624; x_wconf 80' lang='grc' dir='ltr'>μὶν,</span> <span class='ocrx_word' id='word_1_619' title='bbox 3132 3549 3222 3607; x_wconf 66' lang='grc' dir='ltr'>ἵνα</span> <span class='ocrx_word' id='word_1_620' title='bbox 3263 3548 3565 3621; x_wconf 82' lang='grc' dir='ltr'>θεόσδοτον,</span> <span class='ocrx_word' id='word_1_621' title='bbox 3627 3552 3887 3625; x_wconf 79' lang='grc' dir='ltr'>ἀρτιγενῆ</span> 
     </span>
    </p>
   </div>
   <div class='ocr_carea' id='block_1_87' title="bbox 2242 3636 3890 3716">
    <p class='ocr_par' dir='ltr' id='par_1_89' title="bbox 2242 3636 3890 3716">
     <span class='ocr_line' id='line_1_91' title="bbox 2242 3636 3890 3716; baseline -0.002 -20"><span class='ocrx_word' id='word_1_622' title='bbox 2242 3642 2331 3697; x_wconf 89' lang='grc' dir='ltr'>καὶ</span> <span class='ocrx_word' id='word_1_623' title='bbox 2388 3645 2601 3696; x_wconf 73' lang='grc' dir='ltr'>τοῦτον*</span> <span class='ocrx_word' id='word_1_624' title='bbox 2654 3640 2759 3716; x_wconf 79' lang='grc' dir='ltr'>ἐγὼ</span> <span class='ocrx_word' id='word_1_625' title='bbox 2818 3638 2875 3694; x_wconf 71' lang='grc' dir='ltr'>δὲ</span> <span class='ocrx_word' id='word_1_626' title='bbox 2920 3636 3114 3716; x_wconf 76' lang='grc' dir='ltr'>ἄνδρας</span> <span class='ocrx_word' id='word_1_627' title='bbox 3165 3639 3317 3708; x_wconf 76' lang='grc' dir='ltr'>ἑπτὰ,</span> <span class='ocrx_word' id='word_1_628' title='bbox 3370 3640 3458 3695; x_wconf 88' lang='grc' dir='ltr'>καὶ</span> <span class='ocrx_word' id='word_1_629' title='bbox 3488 3639 3712 3701; x_wconf 72' lang='grc' dir='ltr'>τούτους</span> <span class='ocrx_word' id='word_1_630' title='bbox 3739 3638 3890 3693; x_wconf 68' lang='grc' dir='ltr'>ἑκον-</span> 
     </span>
    </p>
   </div>
   <div class='ocr_carea' id='block_1_88' title="bbox 2242 3727 3892 3805">
    <p class='ocr_par' dir='ltr' id='par_1_90' title="bbox 2242 3727 3892 3805">
     <span class='ocr_line' id='line_1_92' title="bbox 2242 3727 3892 3805; baseline -0.003 -18"><span class='ocrx_word' id='word_1_631' title='bbox 2242 3752 2337 3793; x_wconf 86' lang='grc' dir='ltr'>τας</span> <span class='ocrx_word' id='word_1_632' title='bbox 2383 3734 2499 3802; x_wconf 84' lang='grc' dir='ltr'>Θεῷ</span> <span class='ocrx_word' id='word_1_633' title='bbox 2546 3728 2868 3805; x_wconf 57' lang='grc' dir='ltr'>καθιέρωσα.</span> <span class='ocrx_word' id='word_1_634' title='bbox 2930 3727 3356 3805; x_wconf 78' lang='grc' dir='ltr'>Συμπληρούτω</span> <span class='ocrx_word' id='word_1_635' title='bbox 3412 3749 3503 3801; x_wconf 88' lang='grc' dir='ltr'>μοι</span> <span class='ocrx_word' id='word_1_636' title='bbox 3572 3728 3666 3782; x_wconf 80' lang='grc' dir='ltr'>καὶ</span> <span class='ocrx_word' id='word_1_637' title='bbox 3732 3729 3892 3801; x_wconf 66' lang='grc' dir='ltr'>Ἱερε-</span> 
     </span>
    </p>
   </div>
   <div class='ocr_carea' id='block_1_89' title="bbox 2250 3816 3898 3895">
    <p class='ocr_par' dir='ltr' id='par_1_91' title="bbox 2250 3816 3898 3895">
     <span class='ocr_line' id='line_1_93' title="bbox 2250 3816 3898 3895; baseline -0.001 -21"><span class='ocrx_word' id='word_1_638' title='bbox 2250 3819 2373 3893; x_wconf 84' lang='grc' dir='ltr'>μίας</span> <span class='ocrx_word' id='word_1_639' title='bbox 2400 3818 2491 3874; x_wconf 87' lang='grc' dir='ltr'>τὸν</span> <span class='ocrx_word' id='word_1_640' title='bbox 2543 3818 2849 3895; x_wconf 68' lang='grc' dir='ltr'>ἐπιτάφιον,</span> <span class='ocrx_word' id='word_1_641' title='bbox 2901 3817 2962 3873; x_wconf 75' lang='grc' dir='ltr'>οὐ</span> <span class='ocrx_word' id='word_1_642' title='bbox 3018 3819 3252 3892; x_wconf 62' lang='grc' dir='ltr'>θρηνῶν,</span> <span class='ocrx_word' id='word_1_643' title='bbox 3298 3816 3425 3873; x_wconf 82' lang='grc' dir='ltr'>ἀλλ’</span> <span class='ocrx_word' id='word_1_644' title='bbox 3457 3817 3719 3893; x_wconf 63' lang='grc' dir='ltr'>εὐφημῶν</span> <span class='ocrx_word' id='word_1_645' title='bbox 3785 3820 3898 3888; x_wconf 79' lang='lat'>(60)</span> 
     </span>
    </p>
   </div>
   <div class='ocr_carea' id='block_1_90' title="bbox 2244 3905 3901 3982">
    <p class='ocr_par' dir='ltr' id='par_1_92' title="bbox 2244 3905 3901 3982">
     <span class='ocr_line' id='line_1_94' title="bbox 2244 3905 3901 3982; baseline -0.002 -19"><span class='ocrx_word' id='word_1_646' title='bbox 2244 3906 2504 3977; x_wconf 79' lang='grc' dir='ltr'>τελευτήν</span> <span class='ocrx_word' id='word_1_647' title='bbox 2554 3906 2727 3962; x_wconf 75' lang='grc' dir='ltr'>ὁσίανο</span> <span class='ocrx_word' id='word_1_648' title='bbox 2776 3907 2933 3982; x_wconf 79' lang='grc' dir='ltr'>Ὑπὲρ</span> <span class='ocrx_word' id='word_1_649' title='bbox 2982 3906 3145 3981; x_wconf 88' lang='grc' dir='ltr'>χιόνα</span> <span class='ocrx_word' id='word_1_650' title='bbox 3195 3905 3495 3979; x_wconf 74' lang='grc' dir='ltr'>ἰλάμψατε,</span> <span class='ocrx_word' id='word_1_651' title='bbox 3549 3906 3683 3978; x_wconf 70' lang='grc' dir='ltr'>ὑπὲρ</span> <span class='ocrx_word' id='word_1_652' title='bbox 3752 3905 3901 3976; x_wconf 76' lang='grc' dir='ltr'>μάλα</span> 
     </span>
    </p>
   </div>
   <div class='ocr_carea' id='block_1_91' title="bbox 2249 3991 3900 4070">
    <p class='ocr_par' dir='ltr' id='par_1_93' title="bbox 2249 3991 3900 4070">
     <span class='ocr_line' id='line_1_95' title="bbox 2249 3991 3900 4070; baseline -0.003 -21"><span class='ocrx_word' id='word_1_653' title='bbox 2249 3994 2572 4067; x_wconf 76' lang='grc' dir='ltr'>ἰτυρώθητε,</span> <span class='ocrx_word' id='word_1_654' title='bbox 2627 3993 2758 4069; x_wconf 72' lang='grc' dir='ltr'>ὑπὲρ</span> <span class='ocrx_word' id='word_1_655' title='bbox 2806 3991 2953 4047; x_wconf 89' lang='grc' dir='ltr'>λίθον</span> <span class='ocrx_word' id='word_1_656' title='bbox 3001 3994 3309 4070; x_wconf 77' lang='grc' dir='ltr'>σάπφειρων</span> <span class='ocrx_word' id='word_1_657' title='bbox 3363 3994 3471 4066; x_wconf 83' lang='grc'>(61)</span> <span class='ocrx_word' id='word_1_658' title='bbox 3518 3994 3580 4045; x_wconf 86' lang='grc' dir='ltr'>τὸ</span> <span class='ocrx_word' id='word_1_659' title='bbox 3620 3992 3900 4064; x_wconf 70' lang='grc' dir='ltr'>σύνταγμα</span> 
     </span>
    </p>
   </div>
   <div class='ocr_carea' id='block_1_92' title="bbox 2251 4075 3900 4156">
    <p class='ocr_par' dir='ltr' id='par_1_94' title="bbox 2251 4075 3900 4156">
     <span class='ocr_line' id='line_1_96' title="bbox 2251 4075 3900 4156; baseline -0.005 -19"><span class='ocrx_word' id='word_1_660' title='bbox 2251 4082 2426 4154; x_wconf 82' lang='grc' dir='ltr'>ὑμῶν,</span> <span class='ocrx_word' id='word_1_661' title='bbox 2452 4085 2566 4153; x_wconf 84' lang='grc' dir='ltr'>Θεῷ</span> <span class='ocrx_word' id='word_1_662' title='bbox 2594 4078 2683 4136; x_wconf 80' lang='grc' dir='ltr'>καί</span> <span class='ocrx_word' id='word_1_663' title='bbox 2712 4101 2939 4156; x_wconf 88' lang='grc' dir='ltr'>γεγνννη</span> <span class='ocrx_word' id='word_1_664' title='bbox 2953 4078 3125 4152; x_wconf 67' lang='grc' dir='ltr'>μενων</span> <span class='ocrx_word' id='word_1_665' title='bbox 3156 4080 3245 4133; x_wconf 84' lang='grc' dir='ltr'>καὶ</span> <span class='ocrx_word' id='word_1_666' title='bbox 3297 4075 3626 4151; x_wconf 78' lang='grc' dir='ltr'>δεδομένων.</span> <span class='ocrx_word' id='word_1_667' title='bbox 3672 4078 3731 4131; x_wconf 79' lang='grc' dir='ltr'>Τί</span> <span class='ocrx_word' id='word_1_668' title='bbox 3782 4076 3859 4131; x_wconf 60' lang='lat' dir='ltr'>ita:</span> <span class='ocrx_word' id='word_1_669' title='bbox 3886 4096 3900 4145; x_wconf 86' lang='lat'><strong>;</strong></span> 
     </span>
    </p>
   </div>
   <div class='ocr_carea' id='block_1_93' title="bbox 2250 4164 3898 4245">
    <p class='ocr_par' dir='ltr' id='par_1_95' title="bbox 2250 4164 3898 4245">
     <span class='ocr_line' id='line_1_97' title="bbox 2250 4164 3898 4245; baseline -0.004 -20"><span class='ocrx_word' id='word_1_670' title='bbox 2250 4169 2509 4244; x_wconf 76' lang='grc' dir='ltr'>Πρόσθες,</span> <span class='ocrx_word' id='word_1_671' title='bbox 2570 4169 2615 4223; x_wconf 84' lang='grc' dir='ltr'>ὦ</span> <span class='ocrx_word' id='word_1_672' title='bbox 2663 4168 2908 4245; x_wconf 76' lang='grc' dir='ltr'>τύραννε,</span> <span class='ocrx_word' id='word_1_673' title='bbox 2957 4168 3099 4241; x_wconf 75' lang='grc' dir='ltr'>κάμὲ</span> <span class='ocrx_word' id='word_1_674' title='bbox 3160 4173 3276 4229; x_wconf 85' lang='grc' dir='ltr'>τοῖς</span> <span class='ocrx_word' id='word_1_675' title='bbox 3326 4166 3531 4233; x_wconf 80' lang='grc' dir='ltr'>παισὶν,</span> <span class='ocrx_word' id='word_1_676' title='bbox 3585 4164 3638 4221; x_wconf 74' lang='grc' dir='ltr'>εἷ’</span> <span class='ocrx_word' id='word_1_677' title='bbox 3678 4188 3762 4226; x_wconf 86' lang='grc' dir='ltr'>τις</span> <span class='ocrx_word' id='word_1_678' title='bbox 3812 4164 3898 4219; x_wconf 76' lang='grc' dir='ltr'>καὶ</span> 
     </span>
    </p>
   </div>
   <div class='ocr_carea' id='block_1_94' title="bbox 2249 4254 3901 4334">
    <p class='ocr_par' dir='ltr' id='par_1_96' title="bbox 2249 4254 3901 4334">
     <span class='ocr_line' id='line_1_98' title="bbox 2249 4254 3901 4334; baseline -0.004 -21"><span class='ocrx_word' id='word_1_679' title='bbox 2249 4260 2375 4333; x_wconf 85' lang='grc' dir='ltr'>παρ’</span> <span class='ocrx_word' id='word_1_680' title='bbox 2425 4257 2635 4334; x_wconf 70' lang='grc' dir='ltr'>ἐχθρῶν</span> <span class='ocrx_word' id='word_1_681' title='bbox 2684 4258 2867 4332; x_wconf 84' lang='grc' dir='ltr'>χάρις,</span> <span class='ocrx_word' id='word_1_682' title='bbox 2905 4256 2974 4311; x_wconf 76' lang='grc' dir='ltr'>⁹ίν’</span> <span class='ocrx_word' id='word_1_683' title='bbox 3021 4256 3058 4331; x_wconf 71' lang='grc' dir='ltr'>ᾖ</span> <span class='ocrx_word' id='word_1_684' title='bbox 3099 4278 3182 4311; x_wconf 88' lang='grc' dir='ltr'>σοι</span> <span class='ocrx_word' id='word_1_685' title='bbox 3214 4256 3533 4330; x_wconf 86' lang='grc' dir='ltr'>σεμνότερον</span> <span class='ocrx_word' id='word_1_686' title='bbox 3568 4254 3633 4309; x_wconf 85' lang='grc' dir='ltr'>τὸ</span> <span class='ocrx_word' id='word_1_687' title='bbox 3662 4254 3901 4329; x_wconf 77' lang='grc' dir='ltr'>ἀγώνισο</span> 
     </span>
    </p>
   </div>
   <div class='ocr_carea' id='block_1_95' title="bbox 2255 4343 3898 4422">
    <p class='ocr_par' dir='ltr' id='par_1_97' title="bbox 2255 4343 3898 4422">
     <span class='ocr_line' id='line_1_99' title="bbox 2255 4343 3898 4422; baseline -0.004 -19"><span class='ocrx_word' id='word_1_688' title='bbox 2255 4369 2349 4422; x_wconf 89' lang='grc' dir='ltr'>μα.</span> <span class='ocrx_word' id='word_1_689' title='bbox 2407 4346 2531 4403; x_wconf 74' lang='grc' dir='ltr'>Εἴθε</span> <span class='ocrx_word' id='word_1_690' title='bbox 2587 4347 2682 4420; x_wconf 79' lang='grc' dir='ltr'>μὶν</span> <span class='ocrx_word' id='word_1_691' title='bbox 2728 4346 2817 4401; x_wconf 83' lang='grc' dir='ltr'>καὶ</span> <span class='ocrx_word' id='word_1_692' title='bbox 2868 4343 2956 4400; x_wconf 67' lang='grc' dir='ltr'>διὰ</span> <span class='ocrx_word' id='word_1_693' title='bbox 3005 4346 3188 4401; x_wconf 82' lang='grc' dir='ltr'>πασῶν</span> <span class='ocrx_word' id='word_1_694' title='bbox 3240 4344 3411 4414; x_wconf 79' lang='grc' dir='ltr'>ἦλθον</span> <span class='ocrx_word' id='word_1_695' title='bbox 3455 4348 3563 4399; x_wconf 91' lang='grc' dir='ltr'>τῶν</span> <span class='ocrx_word' id='word_1_696' title='bbox 3594 4343 3898 4413; x_wconf 72' lang='grc' dir='ltr'>κολάσεων,</span> 
     </span>
    </p>
   </div>
   <div class='ocr_carea' id='block_1_96' title="bbox 2245 4433 3901 4512">
    <p class='ocr_par' dir='ltr' id='par_1_98' title="bbox 2245 4433 3901 4512">
     <span class='ocr_line' id='line_1_100' title="bbox 2245 4433 3901 4512; baseline -0.004 -20"><span class='ocrx_word' id='word_1_697' title='bbox 2245 4436 2339 4492; x_wconf 71' lang='grc' dir='ltr'>’ίνα</span> <span class='ocrx_word' id='word_1_698' title='bbox 2389 4436 2634 4511; x_wconf 78' lang='grc' dir='ltr'>ἀναμίξω</span> <span class='ocrx_word' id='word_1_699' title='bbox 2685 4438 2797 4510; x_wconf 84' lang='grc'>(62)</span> <span class='ocrx_word' id='word_1_700' title='bbox 2848 4435 2975 4499; x_wconf 82' lang='grc' dir='ltr'>τοὺς</span> <span class='ocrx_word' id='word_1_701' title='bbox 3032 4434 3195 4509; x_wconf 71' lang='grc' dir='ltr'>ἐμοὺς</span> <span class='ocrx_word' id='word_1_702' title='bbox 3252 4434 3459 4512; x_wconf 81' lang='grc' dir='ltr'>ἰχῶρας</span> <span class='ocrx_word' id='word_1_703' title='bbox 3505 4438 3625 4496; x_wconf 85' lang='grc' dir='ltr'>τοῖς</span> <span class='ocrx_word' id='word_1_704' title='bbox 3685 4433 3901 4488; x_wconf 70' lang='grc' dir='ltr'>ἐκείνων</span> 
     </span>
    </p>
   </div>
   <div class='ocr_carea' id='block_1_97' title="bbox 2319 4863 3895 4938">
    <p class='ocr_par' dir='ltr' id='par_1_99' title="bbox 2319 4863 3895 4938">
     <span class='ocr_line' id='line_1_101' title="bbox 2319 4863 3895 4938; baseline -0.003 -15"><span class='ocrx_word' id='word_1_705' title='bbox 2462 4863 2531 4921; x_wconf 77' lang='lat' dir='ltr'>Ei’</span> <span class='ocrx_word' id='word_1_706' title='bbox 2554 4888 2606 4921; x_wconf 88' lang='grc' dir='ltr'>τι</span> <span class='ocrx_word' id='word_1_707' title='bbox 2634 4864 2841 4938; x_wconf 80' lang='grc' dir='ltr'>τούτων</span> <span class='ocrx_word' id='word_1_708' title='bbox 2882 4865 3008 4937; x_wconf 81' lang='grc' dir='ltr'>ὑμῖν</span> <span class='ocrx_word' id='word_1_709' title='bbox 3041 4863 3468 4938; x_wconf 44' lang='grc' dir='ltr'>συνέπεσενςδίο</span> <span class='ocrx_word' id='word_1_710' title='bbox 3500 4863 3703 4935; x_wconf 87' lang='lat' dir='ltr'>plures</span> <span class='ocrx_word' id='word_1_711' title='bbox 3735 4865 3895 4938; x_wconf 56' lang='lat' dir='ltr'>Begu,</span> 
     </span>
    </p>
   </div>
   <div class='ocr_carea' id='block_1_98' title="bbox 559 4788 3574 4994">
    <p class='ocr_par' dir='ltr' id='par_1_100' title="bbox 559 4788 3574 4994">
     <span class='ocr_line' id='line_1_102' title="bbox 559 4788 3574 4917; baseline 0.001 -72"><span class='ocrx_word' id='word_1_712' title='bbox 559 4792 670 4861; x_wconf 85' lang='lat'>(50)</span> <span class='ocrx_word' id='word_1_713' title='bbox 703 4788 1126 4866; x_wconf 84' lang='grc' dir='ltr'>Γηροκόμους...</span> <span class='ocrx_word' id='word_1_714' title='bbox 1157 4791 1638 4868; x_wconf 84' lang='grc' dir='ltr'>γεγηροκόμημαι.</span> <span class='ocrx_word' id='word_1_715' title='bbox 1668 4795 1808 4869; x_wconf 81' lang='lat' dir='ltr'>Reg.</span> <span class='ocrx_word' id='word_1_716' title='bbox 1834 4813 1885 4867; x_wconf 82' lang='grc' dir='ltr'>ο,</span> <span class='ocrx_word' id='word_1_717' title='bbox 1914 4797 1972 4867; x_wconf 84' lang='lat' dir='ltr'>d,</span> <span class='ocrx_word' id='word_1_718' title='bbox 2004 4801 2138 4870; x_wconf 91' lang='lat' dir='ltr'>etc.,</span> <span class='ocrx_word' id='word_1_719' title='bbox 2168 4801 2218 4867; x_wconf 88' lang='lat' dir='ltr'><strong>D</strong></span> <span class='ocrx_word' id='word_1_720' title='bbox 2320 4797 2411 4864; x_wconf 89' lang='grc'>(55</span> <span class='ocrx_word' id='word_1_721' title='bbox 2463 4789 2807 4849; x_wconf 76' lang='grc' dir='ltr'>Ἐπὲκλυσεν.</span> <span class='ocrx_word' id='word_1_722' title='bbox 2840 4793 2995 4859; x_wconf 65' lang='grc' dir='ltr'>ΡΜ..</span> <span class='ocrx_word' id='word_1_723' title='bbox 3023 4790 3328 4847; x_wconf 67' lang='grc' dir='ltr'>ἰπὲκλεισεν</span> <span class='ocrx_word' id='word_1_724' title='bbox 3356 4790 3574 4917; x_wconf 71' lang='lat' dir='ltr'>[male(.</span> 
     </span>
     <span class='ocr_line' id='line_1_103' title="bbox 567 4796 3574 4994; baseline 0.001 -80"><span class='ocrx_word' id='word_1_725' title='bbox 567 4862 917 4939; x_wconf 79' lang='grc' dir='ltr'>ρωκόμους...</span> <span class='ocrx_word' id='word_1_726' title='bbox 948 4863 1313 4950; x_wconf 70' lang='grc' dir='ltr'>γεγηρωκόμη</span> <span class='ocrx_word' id='word_1_727' title='bbox 1327 4885 1445 4935; x_wconf 84' lang='grc' dir='ltr'>μαι.</span> <span class='ocrx_word' id='word_1_728' title='bbox 1473 4937 1483 4947; x_wconf 38' lang='grc'><strong>⁸</strong></span> <span class='ocrx_word' id='word_1_729' title='bbox 1997 4938 2008 4949; x_wconf 45' lang='grc'><strong>.</strong></span> <span class='ocrx_word' id='word_1_730' title='bbox 2319 4796 2431 4994; x_wconf 46' lang='lat'>(56‘)</span> <span class='ocrx_word' id='word_1_731' title='bbox 2462 4863 2606 4950; x_wconf 56' lang='lat' dir='ltr'>1:3?th</span> <span class='ocrx_word' id='word_1_732' title='bbox 2634 4864 2841 4919; x_wconf 80' lang='grc' dir='ltr'>τούτων</span> <span class='ocrx_word' id='word_1_733' title='bbox 2882 4864 3341 4953; x_wconf 30' lang='grc' dir='ltr'>ὗμῖννσυνὲπεσεν.</span> <span class='ocrx_word' id='word_1_734' title='bbox 3375 4864 3468 4919; x_wconf 84' lang='lat' dir='ltr'>Sto</span> <span class='ocrx_word' id='word_1_735' title='bbox 3500 4880 3537 4935; x_wconf 78' lang='grc' dir='ltr'>ρ</span> <span class='ocrx_word' id='word_1_736' title='bbox 3567 4882 3574 4917; x_wconf 81' lang='grc' dir='ltr'>ι</span> 
     </span>
     <span class='ocr_line' id='line_1_104' title="bbox 559 4933 3528 4994; baseline 0 -6"><span class='ocrx_word' id='word_1_737' title='bbox 559 4938 665 4994; x_wconf 79' lang='grc'>[51)</span> <span class='ocrx_word' id='word_1_738' title='bbox 721 4934 1069 4994; x_wconf 79' lang='grc' dir='ltr'>Ωεατρίσασα.</span> <span class='ocrx_word' id='word_1_739' title='bbox 1150 4938 1381 4994; x_wconf 75' lang='lat' dir='ltr'>Nicetes</span> <span class='ocrx_word' id='word_1_740' title='bbox 1438 4953 1521 4992; x_wconf 82' lang='lat' dir='ltr'>Sto</span> <span class='ocrx_word' id='word_1_741' title='bbox 1577 4941 1729 4994; x_wconf 87' lang='lat' dir='ltr'>recte</span> <span class='ocrx_word' id='word_1_742' title='bbox 1802 4943 2057 4994; x_wconf 78' lang='lat' dir='ltr'>exponit.</span> <span class='ocrx_word' id='word_1_743' title='bbox 2121 4957 2134 4994; x_wconf 87' lang='lat'><strong>:</strong></span> <span class='ocrx_word' id='word_1_744' title='bbox 2246 4944 2355 4994; x_wconf 89' lang='lat' dir='ltr'>etc.</span> <span class='ocrx_word' id='word_1_745' title='bbox 2435 4941 2540 4994; x_wconf 77' lang='lat' dir='ltr'>ditt</span> <span class='ocrx_word' id='word_1_746' title='bbox 2574 4954 2586 4994; x_wconf 88' lang='lat'>:</span> <span class='ocrx_word' id='word_1_747' title='bbox 2622 4936 2667 4991; x_wconf 79' lang='grc' dir='ltr'>εί</span> <span class='ocrx_word' id='word_1_748' title='bbox 2695 4936 2903 4992; x_wconf 78' lang='grc' dir='ltr'>τούτων</span> <span class='ocrx_word' id='word_1_749' title='bbox 2935 4938 3060 4994; x_wconf 75' lang='grc' dir='ltr'>ὗμιν</span> <span class='ocrx_word' id='word_1_750' title='bbox 3092 4957 3142 4990; x_wconf 89' lang='grc' dir='ltr'>τι</span> <span class='ocrx_word' id='word_1_751' title='bbox 3176 4933 3528 4989; x_wconf 80' lang='grc' dir='ltr'>συνενὲπεσεν.</span> 
     </span>
    </p>
   </div>
   <div class='ocr_carea' id='block_1_99' title="bbox 556 4934 2134 5012">
    <p class='ocr_par' dir='ltr' id='par_1_101' title="bbox 556 4934 2134 5012">
     <span class='ocr_line' id='line_1_105' title="bbox 556 4934 2134 5012; baseline 0.005 -24"><span class='ocrx_word' id='word_1_752' title='bbox 556 4934 665 5005; x_wconf 81' lang='grc'>(51)</span> <span class='ocrx_word' id='word_1_753' title='bbox 721 4934 1096 5008; x_wconf 63' lang='grc' dir='ltr'>Ωεατρίσὰσοι.’</span> <span class='ocrx_word' id='word_1_754' title='bbox 1150 4934 1381 5012; x_wconf 79' lang='lat' dir='ltr'>Nicetes</span> <span class='ocrx_word' id='word_1_755' title='bbox 1432 4937 1521 5012; x_wconf 91' lang='lat' dir='ltr'>_sic</span> <span class='ocrx_word' id='word_1_756' title='bbox 1556 4941 1729 5012; x_wconf 90' lang='lat' dir='ltr'>_recte</span> <span class='ocrx_word' id='word_1_757' title='bbox 1802 4938 2057 5012; x_wconf 89' lang='lat' dir='ltr'>exponit.</span> <span class='ocrx_word' id='word_1_758' title='bbox 2121 4957 2134 4996; x_wconf 76' lang='grc' dir='ltr'>ε</span> 
     </span>
    </p>
   </div>
   <div class='ocr_carea' id='block_1_100' title="bbox 489 5008 2138 5083">
    <p class='ocr_par' dir='ltr' id='par_1_102' title="bbox 489 5008 2138 5083">
     <span class='ocr_line' id='line_1_106' title="bbox 489 5008 2138 5083; baseline 0.007 -26"><span class='ocrx_word' id='word_1_759' title='bbox 489 5030 515 5057; x_wconf 91' lang='grc'>‹‹</span> <span class='ocrx_word' id='word_1_760' title='bbox 548 5013 860 5083; x_wconf 80' lang='lat' dir='ltr'>postquam</span> <span class='ocrx_word' id='word_1_761' title='bbox 912 5008 1396 5083; x_wconf 81' lang='lat' dir='ltr'>meamsobolem</span> <span class='ocrx_word' id='word_1_762' title='bbox 1428 5008 1757 5083; x_wconf 9' lang='lat' dir='ltr'>ingtbeatro</span> <span class='ocrx_word' id='word_1_763' title='bbox 1805 5008 2138 5083; x_wconf 79' lang='lat' dir='ltr'>pompaque</span> 
     </span>
    </p>
   </div>
   <div class='ocr_carea' id='block_1_101' title="bbox 486 5079 2138 5203">
    <p class='ocr_par' dir='ltr' id='par_1_103' title="bbox 486 5079 2138 5203">
     <span class='ocr_line' id='line_1_107' title="bbox 486 5079 2138 5203; baseline 0.006 -73"><span class='ocrx_word' id='word_1_764' title='bbox 486 5079 750 5203; x_wconf 48' lang='lat' dir='ltr'>prq‘duxi,</span> <span class='ocrx_word' id='word_1_765' title='bbox 782 5084 958 5150; x_wconf 85' lang='lat' dir='ltr'>atque</span> <span class='ocrx_word' id='word_1_766' title='bbox 990 5079 1050 5134; x_wconf 89' lang='lat' dir='ltr'>in</span> <span class='ocrx_word' id='word_1_767' title='bbox 1081 5081 1449 5155; x_wconf 90' lang='lat' dir='ltr'>singulorum</span> <span class='ocrx_word' id='word_1_768' title='bbox 1481 5079 2019 5157; x_wconf 52' lang='lat' dir='ltr'>liberorum—agone</span> <span class='ocrx_word' id='word_1_769' title='bbox 2040 5079 2138 5140; x_wconf 80' lang='lat' dir='ltr'>de-</span> 
     </span>
     <span class='ocr_line' id='line_1_108' title="bbox 486 5167 775 5203; baseline -0.014 0"><span class='ocrx_word' id='word_1_770' title='bbox 486 5167 553 5203; x_wconf 86' lang='lat' dir='ltr'>su</span> <span class='ocrx_word' id='word_1_771' title='bbox 604 5167 713 5203; x_wconf 76' lang='lat' dir='ltr'>8V1.</span> <span class='ocrx_word' id='word_1_772' title='bbox 746 5172 775 5199; x_wconf 83' lang='lat'><em>»</em></span> 
     </span>
    </p>
   </div>
   <div class='ocr_carea' id='block_1_102' title="bbox 486 5167 775 5206">
    <p class='ocr_par' dir='ltr' id='par_1_104' title="bbox 486 5167 775 5206">
     <span class='ocr_line' id='line_1_109' title="bbox 486 5167 775 5206; baseline -0.014 -3"><span class='ocrx_word' id='word_1_773' title='bbox 486 5167 713 5206; x_wconf 73' lang='lat' dir='ltr'>suaaw.</span> <span class='ocrx_word' id='word_1_774' title='bbox 746 5172 775 5199; x_wconf 67' lang='grc' dir='ltr'>»ι</span> 
     </span>
    </p>
   </div>
   <div class='ocr_carea' id='block_1_103' title="bbox 558 5213 2137 5295">
    <p class='ocr_par' dir='ltr' id='par_1_105' title="bbox 558 5213 2137 5295">
     <span class='ocr_line' id='line_1_110' title="bbox 558 5213 2137 5295; baseline 0.004 -22"><span class='ocrx_word' id='word_1_775' title='bbox 558 5222 670 5295; x_wconf 73' lang='lat'>(.52)</span> <span class='ocrx_word' id='word_1_776' title='bbox 702 5218 793 5295; x_wconf 71' lang='lat' dir='ltr'>Et;</span> <span class='ocrx_word' id='word_1_777' title='bbox 821 5213 1032 5295; x_wconf 68' lang='grc' dir='ltr'>σκότος.</span> <span class='ocrx_word' id='word_1_778' title='bbox 1066 5221 1240 5278; x_wconf 88' lang='lat' dir='ltr'>Deest</span> <span class='ocrx_word' id='word_1_779' title='bbox 1286 5219 1361 5283; x_wconf 79' lang='grc' dir='ltr'>εἷς</span> <span class='ocrx_word' id='word_1_780' title='bbox 1394 5222 1453 5277; x_wconf 90' lang='lat' dir='ltr'>in</span> <span class='ocrx_word' id='word_1_781' title='bbox 1486 5221 1778 5295; x_wconf 91' lang='lat' dir='ltr'>plerisque</span> <span class='ocrx_word' id='word_1_782' title='bbox 1816 5224 2137 5281; x_wconf 87' lang='lat' dir='ltr'>codicibus.</span> 
     </span>
    </p>
   </div>
   <div class='ocr_carea' id='block_1_104' title="bbox 491 5293 2137 5366">
    <p class='ocr_par' dir='ltr' id='par_1_106' title="bbox 491 5293 2137 5366">
     <span class='ocr_line' id='line_1_111' title="bbox 491 5293 2137 5366; baseline 0.002 -19"><span class='ocrx_word' id='word_1_783' title='bbox 491 5294 595 5366; x_wconf 88' lang='lat' dir='ltr'>Qui</span> <span class='ocrx_word' id='word_1_784' title='bbox 628 5293 785 5366; x_wconf 80' lang='lat' dir='ltr'>gravi</span> <span class='ocrx_word' id='word_1_785' title='bbox 808 5293 1031 5366; x_wconf 77' lang='lat' dir='ltr'>_dolore</span> <span class='ocrx_word' id='word_1_786' title='bbox 1062 5300 1430 5365; x_wconf 91' lang='lat' dir='ltr'>premuntur,</span> <span class='ocrx_word' id='word_1_787' title='bbox 1464 5293 1525 5348; x_wconf 87' lang='lat' dir='ltr'>se</span> <span class='ocrx_word' id='word_1_788' title='bbox 1565 5293 1914 5366; x_wconf 86' lang='lat' dir='ltr'>quandoque</span> <span class='ocrx_word' id='word_1_789' title='bbox 1945 5296 2004 5349; x_wconf 91' lang='lat' dir='ltr'>in</span> <span class='ocrx_word' id='word_1_790' title='bbox 2038 5312 2137 5350; x_wconf 88' lang='lat' dir='ltr'>cu-</span> 
     </span>
    </p>
   </div>
   <div class='ocr_carea' id='block_1_105' title="bbox 492 5364 2138 5433">
    <p class='ocr_par' dir='ltr' id='par_1_107' title="bbox 492 5364 2138 5433">
     <span class='ocr_line' id='line_1_112' title="bbox 492 5364 2138 5433; baseline 0.003 -15"><span class='ocrx_word' id='word_1_791' title='bbox 492 5364 751 5420; x_wconf 88' lang='lat' dir='ltr'>biculum</span> <span class='ocrx_word' id='word_1_792' title='bbox 802 5364 1139 5431; x_wconf 88' lang='lat' dir='ltr'>includunt,</span> <span class='ocrx_word' id='word_1_793' title='bbox 1187 5367 1381 5421; x_wconf 87' lang='lat' dir='ltr'>aditus</span> <span class='ocrx_word' id='word_1_794' title='bbox 1412 5366 1750 5433; x_wconf 89' lang='lat' dir='ltr'>obstruunt,</span> <span class='ocrx_word' id='word_1_795' title='bbox 1780 5364 1837 5421; x_wconf 80' lang='lat' dir='ltr'>et</span> <span class='ocrx_word' id='word_1_796' title='bbox 1873 5366 2027 5422; x_wconf 91' lang='lat' dir='ltr'>intra</span> <span class='ocrx_word' id='word_1_797' title='bbox 2053 5371 2138 5423; x_wconf 87' lang='lat' dir='ltr'>te-</span> 
     </span>
    </p>
   </div>
   <div class='ocr_carea' id='block_1_106' title="bbox 494 5438 1177 5493">
    <p class='ocr_par' dir='ltr' id='par_1_108' title="bbox 494 5438 1177 5493">
     <span class='ocr_line' id='line_1_113' title="bbox 494 5438 1177 5493; baseline 0 -3"><span class='ocrx_word' id='word_1_798' title='bbox 494 5438 704 5491; x_wconf 89' lang='lat' dir='ltr'>nebras</span> <span class='ocrx_word' id='word_1_799' title='bbox 731 5452 793 5492; x_wconf 88' lang='lat' dir='ltr'>se</span> <span class='ocrx_word' id='word_1_800' title='bbox 821 5438 1177 5493; x_wconf 88' lang='lat' dir='ltr'>excruciant.</span> 
     </span>
    </p>
   </div>
   <div class='ocr_carea' id='block_1_107' title="bbox 561 5504 1569 5580">
    <p class='ocr_par' dir='ltr' id='par_1_109' title="bbox 561 5504 1569 5580">
     <span class='ocr_line' id='line_1_114' title="bbox 561 5504 1569 5580; baseline -0.002 -19"><span class='ocrx_word' id='word_1_801' title='bbox 561 5510 670 5580; x_wconf 78' lang='lat'>(53)</span> <span class='ocrx_word' id='word_1_802' title='bbox 703 5509 990 5580; x_wconf 81' lang='grc' dir='ltr'>Ἀγεννῶν.</span> <span class='ocrx_word' id='word_1_803' title='bbox 1024 5508 1319 5580; x_wconf 21' lang='lat' dir='ltr'>Regulam,</span> <span class='ocrx_word' id='word_1_804' title='bbox 1345 5504 1569 5580; x_wconf 81' lang='grc' dir='ltr'>ἀγενῶν.</span> 
     </span>
    </p>
   </div>
   <div class='ocr_carea' id='block_1_108' title="bbox 565 5522 2140 5653">
    <p class='ocr_par' dir='ltr' id='par_1_110' title="bbox 565 5522 2140 5653">
     <span class='ocr_line' id='line_1_115' title="bbox 565 5522 1569 5580; baseline -0.002 -19"><span class='ocrx_word' id='word_1_805' title='bbox 565 5522 648 5577; x_wconf 72' lang='lat'>(0.5</span> <span class='ocrx_word' id='word_1_806' title='bbox 705 5522 990 5580; x_wconf 81' lang='grc' dir='ltr'>Ἀγεννῶν.</span> <span class='ocrx_word' id='word_1_807' title='bbox 1026 5522 1103 5563; x_wconf 75' lang='lat' dir='ltr'>ue</span> <span class='ocrx_word' id='word_1_808' title='bbox 1150 5550 1162 5560; x_wconf 94' lang='lat'>.</span> <span class='ocrx_word' id='word_1_809' title='bbox 1195 5522 1319 5572; x_wconf 84' lang='lat' dir='ltr'>Dm,</span> <span class='ocrx_word' id='word_1_810' title='bbox 1345 5522 1569 5576; x_wconf 83' lang='grc' dir='ltr'>αγενων.</span> 
     </span>
     <span class='ocr_line' id='line_1_116' title="bbox 565 5522 2140 5653; baseline 0.004 -23"><span class='ocrx_word' id='word_1_811' title='bbox 565 5522 674 5647; x_wconf 78' lang='grc'>(54)</span> <span class='ocrx_word' id='word_1_812' title='bbox 704 5584 883 5645; x_wconf 84' lang='grc' dir='ltr'>’¹Δνευ,</span> <span class='ocrx_word' id='word_1_813' title='bbox 932 5585 1043 5653; x_wconf 83' lang='lat' dir='ltr'>etc.</span> <span class='ocrx_word' id='word_1_814' title='bbox 1094 5524 1319 5647; x_wconf 59' lang='lat' dir='ltr'>gillius,</span> <span class='ocrx_word' id='word_1_815' title='bbox 1358 5600 1379 5627; x_wconf 81' lang='grc' dir='ltr'>ι</span> <span class='ocrx_word' id='word_1_816' title='bbox 1415 5576 1541 5632; x_wconf 88' lang='lat' dir='ltr'>sine</span> <span class='ocrx_word' id='word_1_817' title='bbox 1590 5575 1710 5634; x_wconf 91' lang='lat' dir='ltr'>ulla</span> <span class='ocrx_word' id='word_1_818' title='bbox 1755 5579 1916 5652; x_wconf 88' lang='lat' dir='ltr'>gravi</span> <span class='ocrx_word' id='word_1_819' title='bbox 1965 5585 2140 5653; x_wconf 88' lang='lat' dir='ltr'>atque</span> 
     </span>
    </p>
   </div>
   <div class='ocr_carea' id='block_1_109' title="bbox 492 5647 1183 5708">
    <p class='ocr_par' dir='ltr' id='par_1_111' title="bbox 492 5647 1183 5708">
     <span class='ocr_line' id='line_1_117' title="bbox 492 5647 1183 5708; baseline 0.006 -7"><span class='ocrx_word' id='word_1_820' title='bbox 492 5647 738 5705; x_wconf 87' lang='lat' dir='ltr'>honesta</span> <span class='ocrx_word' id='word_1_821' title='bbox 765 5651 1122 5708; x_wconf 83' lang='lat' dir='ltr'>narratione.</span> <span class='ocrx_word' id='word_1_822' title='bbox 1153 5671 1183 5699; x_wconf 87' lang='lat'>»</span> 
     </span>
    </p>
   </div>
   <div class='ocr_carea' id='block_1_110' title="bbox 2435 4933 3528 5010">
    <p class='ocr_par' dir='ltr' id='par_1_112' title="bbox 2435 4933 3528 5010">
     <span class='ocr_line' id='line_1_118' title="bbox 2435 4933 3528 5010; baseline -0.005 -16"><span class='ocrx_word' id='word_1_823' title='bbox 2435 4939 2540 5010; x_wconf 72' lang='lat' dir='ltr'>diti</span> <span class='ocrx_word' id='word_1_824' title='bbox 2574 4954 2586 4994; x_wconf 88' lang='lat'>:</span> <span class='ocrx_word' id='word_1_825' title='bbox 2622 4936 2667 4991; x_wconf 79' lang='grc' dir='ltr'>εί</span> <span class='ocrx_word' id='word_1_826' title='bbox 2695 4936 2903 4992; x_wconf 78' lang='grc' dir='ltr'>τούτων</span> <span class='ocrx_word' id='word_1_827' title='bbox 2920 4933 3060 5010; x_wconf 69' lang='grc' dir='ltr'>⁷ὑμῖν</span> <span class='ocrx_word' id='word_1_828' title='bbox 3092 4957 3142 4990; x_wconf 89' lang='grc' dir='ltr'>τι</span> <span class='ocrx_word' id='word_1_829' title='bbox 3176 4933 3528 5010; x_wconf 65' lang='grc' dir='ltr'>συνενὲπεσεν.</span> 
     </span>
    </p>
   </div>
   <div class='ocr_carea' id='block_1_111' title="bbox 2318 5008 3894 5084">
    <p class='ocr_par' dir='ltr' id='par_1_113' title="bbox 2318 5008 3894 5084">
     <span class='ocr_line' id='line_1_119' title="bbox 2318 5008 3894 5084; baseline -0.003 -19"><span class='ocrx_word' id='word_1_830' title='bbox 2318 5012 2431 5084; x_wconf 89' lang='grc'>(57)</span> <span class='ocrx_word' id='word_1_831' title='bbox 2456 5008 2519 5064; x_wconf 77' lang='grc' dir='ltr'>Εἰ</span> <span class='ocrx_word' id='word_1_832' title='bbox 2575 5012 2682 5063; x_wconf 88' lang='grc' dir='ltr'>τῶν</span> <span class='ocrx_word' id='word_1_833' title='bbox 2748 5008 2990 5084; x_wconf 83' lang='grc' dir='ltr'>βασάνων</span> <span class='ocrx_word' id='word_1_834' title='bbox 3050 5009 3349 5077; x_wconf 74' lang='grc' dir='ltr'>ἡττήθητε.</span> <span class='ocrx_word' id='word_1_835' title='bbox 3385 5009 3511 5062; x_wconf 71' lang='lat' dir='ltr'>Hac</span> <span class='ocrx_word' id='word_1_836' title='bbox 3570 5009 3787 5064; x_wconf 87' lang='lat' dir='ltr'>desunt</span> <span class='ocrx_word' id='word_1_837' title='bbox 3840 5008 3894 5061; x_wconf 75' lang='lat' dir='ltr'>in</span> 
     </span>
    </p>
   </div>
   <div class='ocr_carea' id='block_1_112' title="bbox 2247 5083 2471 5139">
    <p class='ocr_par' dir='ltr' id='par_1_114' title="bbox 2247 5083 2471 5139">
     <span class='ocr_line' id='line_1_120' title="bbox 2247 5083 2471 5139; baseline -0.009 0"><span class='ocrx_word' id='word_1_838' title='bbox 2247 5083 2387 5139; x_wconf 71' lang='lat' dir='ltr'>Reg.</span> <span class='ocrx_word' id='word_1_839' title='bbox 2414 5083 2471 5137; x_wconf 49' lang='lat' dir='ltr'>&#39;c.</span> 
     </span>
    </p>
   </div>
   <div class='ocr_carea' id='block_1_113' title="bbox 2332 5098 3248 5224">
    <p class='ocr_par' dir='ltr' id='par_1_115' title="bbox 2332 5098 3248 5224">
     <span class='ocr_line' id='line_1_121' title="bbox 2332 5098 3248 5224; baseline -0.003 -16"><span class='ocrx_word' id='word_1_840' title='bbox 2332 5098 2659 5223; x_wconf 49' lang='grc' dir='ltr'>ξθῗίΥμεῖς.</span> <span class='ocrx_word' id='word_1_841' title='bbox 2694 5153 2837 5208; x_wconf 89' lang='lat' dir='ltr'>Tres</span> <span class='ocrx_word' id='word_1_842' title='bbox 2870 5152 3033 5223; x_wconf 82' lang='lat' dir='ltr'>Reg.,</span> <span class='ocrx_word' id='word_1_843' title='bbox 3064 5151 3248 5224; x_wconf 74' lang='grc' dir='ltr'>ἡμεῖς.</span> 
     </span>
    </p>
   </div>
   <div class='ocr_carea' id='block_1_114' title="bbox 2317 5155 3892 5297">
    <p class='ocr_par' dir='ltr' id='par_1_116' title="bbox 2317 5155 3892 5297">
     <span class='ocr_line' id='line_1_122' title="bbox 2338 5155 3248 5224; baseline -0.003 -16"><span class='ocrx_word' id='word_1_844' title='bbox 2338 5155 2432 5223; x_wconf 86' lang='grc'>58)</span> <span class='ocrx_word' id='word_1_845' title='bbox 2455 5155 2659 5222; x_wconf 85' lang='grc' dir='ltr'>Ὑμεῖς.</span> <span class='ocrx_word' id='word_1_846' title='bbox 2694 5155 2837 5208; x_wconf 89' lang='lat' dir='ltr'>Tres</span> <span class='ocrx_word' id='word_1_847' title='bbox 2870 5155 3033 5223; x_wconf 83' lang='lat' dir='ltr'>Reg.,</span> <span class='ocrx_word' id='word_1_848' title='bbox 3064 5155 3248 5224; x_wconf 75' lang='grc' dir='ltr'>ἡμεῖς.</span> 
     </span>
     <span class='ocr_line' id='line_1_123' title="bbox 2317 5155 3892 5297; baseline -0.005 -17"><span class='ocrx_word' id='word_1_849' title='bbox 2317 5155 2922 5297; x_wconf 76' lang='grc' dir='ltr'>(59)Ἐγκεντήσαντες.</span> <span class='ocrx_word' id='word_1_850' title='bbox 2984 5224 3124 5295; x_wconf 81' lang='lat' dir='ltr'>Reg.</span> <span class='ocrx_word' id='word_1_851' title='bbox 3182 5224 3301 5290; x_wconf 88' lang='lat' dir='ltr'>bm,</span> <span class='ocrx_word' id='word_1_852' title='bbox 3360 5227 3417 5277; x_wconf 83' lang='lat' dir='ltr'>et</span> <span class='ocrx_word' id='word_1_853' title='bbox 3472 5220 3648 5278; x_wconf 85' lang='lat' dir='ltr'>Coisl.</span> <span class='ocrx_word' id='word_1_854' title='bbox 3706 5223 3760 5288; x_wconf 82' lang='lat'>2,</span> <span class='ocrx_word' id='word_1_855' title='bbox 3811 5219 3892 5274; x_wconf 69' lang='grc' dir='ltr'><strong>ἑιιο</strong></span> 
     </span>
    </p>
   </div>
   <div class='ocr_carea' id='block_1_115' title="bbox 2245 5298 2617 5364">
    <p class='ocr_par' dir='ltr' id='par_1_117' title="bbox 2245 5298 2617 5364">
     <span class='ocr_line' id='line_1_124' title="bbox 2245 5298 2617 5364; baseline 0.008 -16"><span class='ocrx_word' id='word_1_856' title='bbox 2245 5298 2404 5364; x_wconf 84' lang='grc' dir='ltr'>κεντή</span> <span class='ocrx_word' id='word_1_857' title='bbox 2414 5315 2617 5356; x_wconf 84' lang='grc' dir='ltr'>σαντες.</span> 
     </span>
    </p>
   </div>
   <div class='ocr_carea' id='block_1_116' title="bbox 2319 5363 3892 5451">
    <p class='ocr_par' dir='ltr' id='par_1_118' title="bbox 2319 5363 3892 5451">
     <span class='ocr_line' id='line_1_125' title="bbox 2319 5363 3892 5451; baseline -0.003 -30"><span class='ocrx_word' id='word_1_858' title='bbox 2319 5363 2811 5451; x_wconf 40' lang='grc' dir='ltr'>(6ῼ)ΑΕῑΞφημῶν.ι</span> <span class='ocrx_word' id='word_1_859' title='bbox 2876 5367 3319 5451; x_wconf 41' lang='lat' dir='ltr'>Sic‘hguir’ique~</span> <span class='ocrx_word' id='word_1_860' title='bbox 3361 5364 3523 5436; x_wconf 66' lang='lat' dir='ltr'>Reg,</span> <span class='ocrx_word' id='word_1_861' title='bbox 3593 5363 3892 5436; x_wconf 72' lang='lat' dir='ltr'>Cbrysan.,</span> 
     </span>
    </p>
   </div>
   <div class='ocr_carea' id='block_1_117' title="bbox 2248 5434 3384 5512">
    <p class='ocr_par' dir='ltr' id='par_1_119' title="bbox 2248 5434 3384 5512">
     <span class='ocr_line' id='line_1_126' title="bbox 2248 5434 3384 5512; baseline -0.004 -19"><span class='ocrx_word' id='word_1_862' title='bbox 2248 5434 2421 5512; x_wconf 65' lang='lat' dir='ltr'>Cois].</span> <span class='ocrx_word' id='word_1_863' title='bbox 2452 5434 2740 5512; x_wconf 14' lang='lat' dir='ltr'>2,_,Pass,,_</span> <span class='ocrx_word' id='word_1_864' title='bbox 2762 5443 2870 5495; x_wconf 89' lang='lat' dir='ltr'>etc.</span> <span class='ocrx_word' id='word_1_865' title='bbox 2908 5434 3089 5512; x_wconf 59' lang='lat' dir='ltr'>Editi,</span> <span class='ocrx_word' id='word_1_866' title='bbox 3116 5434 3384 5512; x_wconf 61' lang='grc' dir='ltr'>εὐφητῶν.</span> 
     </span>
    </p>
   </div>
   <div class='ocr_carea' id='block_1_118' title="bbox 2319 5503 3892 5586">
    <p class='ocr_par' dir='ltr' id='par_1_120' title="bbox 2319 5503 3892 5586">
     <span class='ocr_line' id='line_1_127' title="bbox 2319 5503 3892 5586; baseline -0.005 -22"><span class='ocrx_word' id='word_1_867' title='bbox 2319 5503 2615 5581; x_wconf 61' lang='grc' dir='ltr'>(61)](ίθον</span> <span class='ocrx_word' id='word_1_868' title='bbox 2683 5503 2997 5586; x_wconf 74' lang='grc' dir='ltr'>σάπφειρον.</span> <span class='ocrx_word' id='word_1_869' title='bbox 3058 5503 3199 5579; x_wconf 53' lang='lat' dir='ltr'>Reg:</span> <span class='ocrx_word' id='word_1_870' title='bbox 3241 5503 3386 5576; x_wconf 14' lang='lat' dir='ltr'>’bm,</span> <span class='ocrx_word' id='word_1_871' title='bbox 3456 5503 3608 5558; x_wconf 88' lang='grc' dir='ltr'>λίθου</span> <span class='ocrx_word' id='word_1_872' title='bbox 3676 5506 3892 5583; x_wconf 50' lang='lat' dir='ltr'>saxea!-</span> 
     </span>
    </p>
   </div>
   <div class='ocr_carea' id='block_1_119' title="bbox 2247 5596 2362 5652">
    <p class='ocr_par' dir='ltr' id='par_1_121' title="bbox 2247 5596 2362 5652">
     <span class='ocr_line' id='line_1_128' title="bbox 2247 5596 2362 5652; baseline 0.017 -20"><span class='ocrx_word' id='word_1_873' title='bbox 2247 5596 2362 5652; x_wconf 84' lang='grc' dir='ltr'>ρου.</span> 
     </span>
    </p>
   </div>
   <div class='ocr_carea' id='block_1_120' title="bbox 2319 5648 3165 5726">
    <p class='ocr_par' dir='ltr' id='par_1_122' title="bbox 2319 5648 3165 5726">
     <span class='ocr_line' id='line_1_129' title="bbox 2319 5648 3165 5726; baseline -0.006 -19"><span class='ocrx_word' id='word_1_874' title='bbox 2319 5652 2431 5724; x_wconf 80' lang='grc'>(62)</span> <span class='ocrx_word' id='word_1_875' title='bbox 2462 5650 2752 5726; x_wconf 77' lang='grc' dir='ltr'>’Δναμίξω.</span> <span class='ocrx_word' id='word_1_876' title='bbox 2788 5656 2971 5721; x_wconf 81' lang='lat' dir='ltr'>Pass.,</span> <span class='ocrx_word' id='word_1_877' title='bbox 3005 5648 3165 5725; x_wconf 80' lang='grc' dir='ltr'>μίεω.</span> 
     </span>
    </p>
   </div>
   <div class='ocr_carea' id='block_1_121' title="bbox 2246 4944 2355 4995">
    <p class='ocr_par' dir='ltr' id='par_1_123' title="bbox 2246 4944 2355 4995">
     <span class='ocr_line' id='line_1_130' title="bbox 2246 4944 2355 4995; baseline -0.028 0"><span class='ocrx_word' id='word_1_878' title='bbox 2246 4944 2355 4995; x_wconf 89' lang='lat' dir='ltr'>etc.</span> 
     </span>
    </p>
   </div>
   <div class='ocr_carea' id='block_1_122' title="bbox 3896 5906 4129 6137">
    <p class='ocr_par' dir='ltr' id='par_1_124' title="bbox 3896 5906 4129 6137">
     <span class='ocr_line' id='line_1_131' title="bbox 3896 5906 4129 6137; baseline 0 0"><span class='ocrx_word' id='word_1_879' title='bbox 3896 5912 4129 6137; x_wconf 16' lang='grc'>5,)</span> 
     </span>
    </p>
   </div>
  </div>
