4138 6212
324 412 440 476 9⁵29

1150 406 1441 472 ORATIO
1483 403 1616 471 XV.
1653 403 1831 468 -ΙΝ
1880 401 2511 471 MACHABEORUM
2560 406 2904 473 LAUDEM.

3612 409 3736 476 930

324 544 549 619 ἷχῶρσι,
580 540 671 595 καὶ
702 544 821 600 ταῖς
851 538 1002 615 σαρξὶ
1046 540 1142 602 τὰς
1189 539 1419 617 γηραιὰς
1466 537 1680 612 σάρκας.
1744 539 1968 614 Ἀγαπῶ

2098 544 2290 596 :ontra
2319 543 2541 612 septem
2573 541 2749 613 viros,
2782 559 2999 616 eosque
3035 540 3296 601 volentes
3354 546 3471 601 Deo
3526 562 3735 603 conse-

322 630 410 687 διὰ
458 628 589 691 τοὺς
635 625 832 689 παῖδας
882 627 972 682 καὶ
1020 629 1085 682 τὰ
1113 627 1484 705 κολαστήρια’
1518 628 1565 682 εί
1596 625 1653 682 δὲ
1688 627 1763 701 μὴ
1789 631 1973 697 τοῦτο,

322 720 466 776 ἀλλὰ
488 721 589 789 τήν
619 739 683 792 γε
712 717 860 772 κόνιν
892 721 960 791 τῇ
1010 717 1178 789 κόνει,
1229 717 1319 772 καὶ
1348 718 1518 794 τάφος
1550 719 1625 778 εἷς
1655 719 1803 789 ἡμᾶς
1839 717 1975 770 ὑπο-

325 808 539 882 δὲξηται
590 810 723 880 (63).
770 808 859 875 Μὴ
910 809 1182 884 φθονήσῃς
1228 806 1487 876 τελευτῆς
1526 806 1825 879 ὁμοτίμου.
1856 810 1977 865 τοῖς

281 938 286 945 .
328 899 622 972 όμοτιμοις
648 896 747 965 τὴν
784 897 998 971 ἀρετήν.
1029 896 1273 971 Χαίρετε,
1307 897 1351 950 ὦ
1377 894 1625 971 μητέρες,
1662 894 1902 969 χαίρετε,
1929 891 1974 947 ὦ

2084 629 2259 683 cravi.
2284 630 2491 700 Atque,
2515 636 2581 684 ut
2600 632 2885 689 Jeremias
2911 650 3142 704 quoque
3164 634 3290 705 ipse
3311 634 3455 688 mihi
3473 634 3727 706 elogium

2087 717 2329 772 funebre
2362 717 2689 786 concludat,
2726 737 2840 776 non
2884 721 3116 794 lugens,
3176 722 3277 778 sed
3331 722 3607 779 laudibus
3667 742 3734 779 ac

2086 805 2299 861 faustis
2320 806 2616 862 ominibus
2639 809 2942 878 piumvitzs
2967 811 3185 866 exitum
3210 827 3597 883 prosequens.
3622 813 3696 868 Su
3717 844 3735 852 -

2088 910 2190 967 per
2211 894 2403 950 nivem
2437 895 2845 966 splenduistis,
2871 916 3049 970 super
3078 898 3167 955 lac
3220 899 3510 972 coagulati
3567 900 3734 969 estis,

326 985 537 1055 παῖδες,
571 985 756 1047 Οὕτως
789 984 1067 1063 ἰκτρέιρετε
1095 983 1220 1047 τοὺς
1255 984 1306 1055 ἐξ
1357 985 1509 1057 ὑμῶν
1567 981 1931 1059 προελθόντας
1960 1004 1972 1017 ·

327 1076 498 1137 οὕτως
530 1073 867 1150 ἐκτρέφεσθε.
902 1073 1077 1129 Καλὸν
1125 1072 1431 1148 ὑπόδειγμα
1460 1070 1770 1146 δεδώκαμεν
1805 1072 1934 1143 ὑμῖν
1961 1089 1974 1101 ·

2088 999 2268 1054 super
2296 983 2643 1055 sapphirum
2675 991 2855 1041 cretus
2885 992 3075 1042 vester
3104 991 3193 1044 est
3237 989 3305 1056 '“,
3365 989 3581 1061 quippe
3633 988 3734 1061 qui

2088 1072 2204 1127 Deo
2226 1071 2515 1143 progeniti
2542 1078 2719 1143 atque
2740 1073 2917 1129 oblati
2940 1076 3261 1142 estis.Quid
3281 1079 3406 1147 jam
3423 1078 3738 1149 superest?

326 1164 649 1242 ἀγωνίζεσθε
678 1164 815 1236 (64)’
852 1186 881 1214 ››

2098 1160 2356 1232 Adjunge
2387 1177 2499 1231 me,
2533 1177 2752 1232 quaso,
2788 1162 2946 1227 ﬁliis,
2982 1180 3014 1218 ο
3037 1171 3302 1236 tyranne,
3331 1166 3381 1220 si
3405 1166 3536 1237 quis
3578 1166 3733 1237 apud

324 1257 523 1313 hostes
556 1270 789 1326 quoque
821 1254 1019 1325 gratiis
1051 1253 1212 1309 locus
1240 1259 1349 1318 est,
1380 1259 1446 1309 ut
1475 1252 1765 1308 illustrius
1796 1251 1902 1307 tibi
1953 1250 2061 1305 hoc
2092 1254 2385 1305 certamen
2416 1251 2638 1307 evadat.
2672 1254 2860 1323 Atque
2902 1254 3129 1308 utinam
3187 1254 3327 1307 mihi
3385 1270 3487 1325 per
3539 1255 3739 1311 omnia

329 1364 394 1401 ea
424 1344 736 1417 supplicia,
771 1343 986 1414 quibus
1015 1342 1097 1398 illi
1130 1344 1315 1400 affecti
1368 1348 1527 1411 sunt,
1561 1342 1815 1415 grassari
1848 1340 2170 1411 contingat,
2205 1344 2263 1394 ut
2296 1338 2520 1393 saniem
2557 1356 2745 1394 meam
2797 1358 2931 1396 cum
2979 1358 3181 1397 eorum
3230 1342 3412 1410 sanie,
3445 1347 3504 1398 et
3534 1359 3743 1399 carnes

328 1439 493 1490 aetate
524 1432 816 1489 confectas
847 1449 978 1487 cum
1013 1432 1288 1488 carnibus
1319 1432 1755 1487 commisceam.
1787 1429 1932 1485 Nam
1979 1428 2108 1499 ipsa
2142 1443 2375 1498 quoque
2406 1425 2826 1499 suppliciorum
2859 1429 3257 1485 instrumenta
3307 1435 3542 1502 propter
3589 1430 3744 1486 ﬁlios

328 1540 485 1580 amo.
518 1522 681 1585 Quod
714 1522 763 1576 si
794 1521 939 1576 mihi
984 1538 1097 1577 non
1126 1521 1499 1589 concedatur,
1532 1525 1592 1575 at
1632 1520 1777 1575 illud
1822 1523 1975 1574 certe
2006 1516 2277 1589 Optarim,
2311 1520 2376 1570 ut
2405 1516 2629 1571 cineres
2659 1534 2791 1572 cum
2825 1518 3120 1574 cineribus
3151 1520 3604 1591 conjungantur,
3636 1536 3741 1575 no-

329 1629 475 1685 sque
506 1612 659 1668 296
692 1628 874 1666 unum
925 1610 1199 1680 idemque
1249 1614 1698 1666 monumentum
1744 1606 2013 1679 excipiat.
2046 1604 2174 1660 Noli
2223 1604 2297 1660 iis
2347 1605 2446 1676 qui
2499 1605 2623 1677 pari
2653 1606 2868 1662 virtute
2916 1608 3138 1679 praediti
3184 1613 3341 1676 sunt,
3377 1625 3482 1680 par
3530 1608 3741 1663 mortis

329 1718 515 1774 genus
546 1701 823 1755 invidere.
856 1699 1074 1766 Valete,
1105 1705 1342 1763 matres,
1366 1699 1569 1767 valete,
1602 1697 1730 1753 filii.
1763 1698 1857 1753 Sic
1886 1713 1920 1751 a
1948 1695 2113 1751 vobis
2146 1698 2462 1767 prognatos
2492 1696 2733 1751 educate
2758 1713 2771 1751 :
2796 1695 2881 1752 sic
2912 1696 3024 1767 ipsi
3054 1696 3386 1752 elucemini.
3420 1696 3738 1753 Pulchrum

327 1791 493 1847 vobis
525 1789 853 1861 exemplum
890 1790 1195 1851 dedimus;
1229 1792 1463 1843 certate.
1491 1810 1518 1836 ι)

402 1880 454 1934 l'.
490 1881 668 1935 Ταῦτα
725 1875 900 1952 ἔλεγε,
959 1875 1047 1930 καὶ
1105 1875 1410 1948 προσετίθει
1465 1878 1582 1945 (65)
1635 1879 1753 1937 τοῖς
1800 1873 1981 1928 παισὶν

2160 1872 2224 1927 Χ.
2257 1873 2371 1928 Hac
2403 1873 2665 1929 oratione
2715 1874 2934 1943 habita,
3006 1875 3144 1931 filiis
3198 1875 3451 1948 seipsam
3512 1875 3743 1947 adjecit.

333 1967 547 2035 ἑαυτήν.
605 1966 730 2019 Τίνα
777 1964 976 2041 τρόπον
1006 1982 1020 2032 ;
1063 1969 1149 2026 Ὠς
1176 1963 1263 2018 ἐπὶ
1294 1968 1556 2041 νυμφῶνα
1585 1964 1684 2032 τὴν
1718 1962 1982 2037 πυρκαῖἀν

2098 1962 2359 2025 Quonam
2407 1967 2573 2034 pacto
2592 1963 2619 2017 ‘2
2650 1963 2743 2018 Sic
2767 1980 2995 2037 nempe,
3024 1970 3083 2020 ut
3112 1965 3180 2019 ad
3207 1982 3409 2037 rogum
3433 1966 3564 2037 (hoc
3584 1965 3742 2021 enim

332 2053 610 2131 δραμοῦσα
674 2054 894 2127 (ταύτην
955 2055 1056 2129 γὰρ
1113 2051 1450 2128 κατεκρίθη),
1512 2052 1601 2107 καὶ
1658 2052 1781 2106 ούθὲ
1854 2050 1982 2112 τοὺς

2098 2050 2368 2122 supplicii
2391 2067 2602 2123 genere
2636 2051 2883 2109 multata
2915 2054 3149 2123 fuerat),
3196 2071 3308 2109 non
3341 2070 3510 2109 secus
3561 2057 3743 2126 atque

335 2145 562 2219 ἄγοντας
622 2143 964 2215 ἀναμείνασαι,
1018 2140 1109 2196 τίνα
1171 2140 1310 2214 μηδὲ
1368 2146 1527 2213 σῶμα
1585 2140 1832 2195 ψαύσειεν
1891 2141 1981 2193 ἄν·

335 2251 491 2306 αγνον
524 2228 685 2305 ἁγνοῦ
716 2228 804 2283 καὶ
832 2228 1077 2303 γενναίου
1136 2230 1410 2299 σώματος.
1471 2226 1659 2287 Οὕτως
1715 2226 1985 2281 ἀπέλαυσε

341 2325 439 2386 τῆς
500 2317 811 2390 ἱερωσύνης.
874 2315 1155 2391 Ἐλεάζαρ,
1218 2315 1440 2389 μυηθεὶς
1499 2315 1587 2370 καὶ
1650 2317 1862 2387 μυήσας
1919 2315 1987 2368 τὰ

339 2405 647 2481 ἐπουράνια,
678 2406 766 2460 καὶ
818 2405 879 2460 ού
925 2410 1042 2467 τοῖς
1074 2403 1262 2475 ἔξωθεν
1297 2404 1611 2481 ῥαντισμοῖς
1638 2403 1730 2459 τὸν
1764 2401 1984 2478 Ἰσραὴλ

340 2494 587 2570 ἀγιάσας,
639 2494 766 2550 ἀλλ’
820 2494 1043 2556 οἷ’κείοις
1100 2491 1312 2566 αἵμασι,
1370 2492 1460 2548 καὶ
1498 2495 1732 2563 ποιήσας
1758 2494 1857 2561 τὴν
1909 2512 1988 2547 τε·

347 2583 543 2653 λευτήν
587 2583 897 2638 τελευταῖον
935 2586 1230 2658 μυστήριον
1258 2586 1412 2655 (66).
1466 2581 1608 2636 οὕτω
1639 2589 1740 2651 τῆς
1796 2580 1987 2651 νεότη-

345 2692 439 2734 τος
496 2673 548 2726 οἱ
606 2669 817 2741 παῖδες,
877 2671 940 2726 ού
995 2677 1115 2733 ταῖς
1145 2669 1371 2741 ἡδοναῖς
1402 2668 1809 2744 δουλεύσαντες,
1842 2668 1989 2726 ἀλλὰ

344 2765 450 2815 τῶν
482 2762 668 2817 παθῶν
722 2760 1114 2837 κυριεύσαντες,
1180 2761 1269 2816 καὶ
1324 2760 1388 2815 τὸ
1447 2765 1607 2834 σῶμα
1641 2759 1988 2836 καθαγνίσαν-

344 2869 457 2917 τες,
507 2849 596 2903 καὶ
656 2850 793 2925 πρὸς
850 2850 948 2917 τὴν
1000 2850 1175 2918 ἀπαθῆ
1212 2850 1355 2918 ζωὴν
1393 2848 1761 2922 μεταθέμενοι.
1806 2849 1988 2912 Οὕτως

342 2935 614 2993 ἀπέλαυσε
655 2945 755 3007 τῆς
800 2936 1156 3000 πολυτεκνίας
1199 2941 1233 3007 ἠ
1291 2940 1496 3012 μήτηρ·
1531 2937 1673 2993 οὕτω
1704 2939 1792 2993 καὶ
1826 2943 1984 3008 ζῶσιν

341 3025 780 3099 ἱκαλΛωπίσατο,
829 3026 918 3081 καὶ
980 3026 1274 3083 ἀπελθοῦσι
1350 3026 1820 3082 συνανεπαύσατο·
1894 3027 1985 3091 οὕς

342 3113 598 3189 ἐγέννησε
652 3115 867 3188 κόσμῳ,
938 3114 1054 3187 Θεῷ
1109 3118 1517 3191 παραστήσασα,
1573 3114 1660 3171 καῖ
1717 3118 1815 3178 τὰς
1871 3117 1989 3171 ἑαυ-

335 3211 437 3273 τῆς
488 3203 687 3265 ὠδῖνας
736 3210 851 3265 τοῖς
899 3204 1088 3266 ἄθλοις
1122 3204 1548 3280 ἀπαριθμήσασα
1576 3207 1710 3279 (67),
1768 3206 1982 3260 καὶτοῦ
2014 3239 2055 3306 C

334 3292 500 3346 τόκου
528 3293 626 3360 τήν
659 3292 985 3347 ἀκολουθίαν
1032 3298 1149 3354 τοῖς
1180 3294 1428 3357 θανάτοις
1458 3293 1786 3368 γνωρίσασα,
1844 3295 1982 3349 Ἀπὸ

337 3382 440 3453 γὰρ
485 3385 582 3434 τοῦ
638 3381 858 3454 πρώτου
912 3385 1020 3435 τῶν
1080 3378 1289 3435 παίδων
1350 3381 1514 3457 μὲγρι
1545 3386 1642 3436 τοῦ
1670 3382 1984 3438 τελευταίου

336 3472 405 3524 τὰ
440 3472 540 3538 τῆς
591 3470 892 3539 ἀθλήσεως,
947 3470 1034 3524 καὶ
1088 3468 1267 3544 ὣσπερ
1300 3469 1351 3525 ἐν
1379 3474 1632 3542 κυμάτων
1694 3470 1983 3526 ἐπαναστά-

340 3579 507 3629 σεσιν,
566 3557 735 3619 ἄλλος
790 3558 872 3613 ἐπ’
920 3558 1078 3631 ἄλλῳ
1124 3559 1223 3627 τήν
1256 3558 1449 3634 ἀρετὴν
1484 3557 1838 3627 ἀπεδείκνυτο,
1896 3561 1985 3615 καὶ

339 3646 417 3707 εἷς
449 3648 511 3700 τό
542 3648 772 3722 πάσχειν
944 3650 1007 3715 ἦν
1040 3648 1471 3723 προθυμότερος,
1515 3653 1633 3711 τοῖς
1679 3653 1776 3703 τοῦ
1807 3670 1988 3724 προει-

338 3734 583 3811 ληφότος
630 3732 901 3796 κινδύνοις
954 3734 1367 3808 στομούμενος·
1430 3732 1567 3791 ὥστε
1621 3736 1831 3811 ἀγαπᾷν
1892 3738 1982 3793 τὸν

334 3824 615 3897 τύραννον,
666 3822 747 3878 ὅτι
808 3825 882 3896 μὴ
935 3822 1202 3879 πλειόνων
1253 3823 1485 3899 ἐγεγόνει
1522 3824 1983 3898 μήτηρ·μᾶλλον

335 3912 443 3987 γὰρ
504 3912 562 3966 ἃν
613 3912 827 3983 ἀπῆλθε
872 3912 1353 3988 κατῃσχυμμὲνος,
1385 3913 1473 3968 καὶ
1506 3915 1835 3986 ἡττημένος.
1888 3914 1986 3969 Καὶ

334 4001 461 4056 τότε
492 4005 707 4077 πρῶτον
768 4000 928 4077 ἔγνω,
987 4003 1062 4074 μή
1122 4001 1294 4056 πάντα
1332 4007 1448 4063 τοῖς
1502 3999 1699 4063 ὅπλοις
1758 4001 1986 4076 ἰσχύων,

343 4088 510 4142 ὁπότε
555 4090 737 4143 παισὶν
769 4088 1002 4150 ἀόπλοις
1034 4084 1388 4163 προσέϐαλεν,
1423 4090 1500 4143 ὶνὶ
1538 4089 1708 4162 μόνῳ,
1740 4092 1808 4162 τῇ
1841 4089 1985 4144 εὐσε-

334 4170 477 4246 ϐεία,
537 4176 1030 4249 καθωπλισμένοις,
1089 4177 1178 4231 καὶ
1236 4176 1317 4251 τῷ
1372 4178 1545 4233 πάντα
1591 4178 1818 4255 πάσχειν
1850 4199 1988 4253 προ-

336 4266 665 4339 θυμοτὲροις
740 4269 880 4339 (69),
934 4266 968 4335 ἥ
1027 4264 1155 4342 δρᾷν
1200 4266 1372 4321 ἐκεῖνο
1430 4270 1537 4341 (70)
1597 4268 1986 4341 παρεσκευάζε-

335 4374 424 4408 το.

2095 2140 2165 2194 ad
2199 2138 2519 2210 nuptialem
2554 2141 2880 2196 thalamum
2912 2148 3188 2209 curreret,
3232 2160 3298 2198 ac
3325 2160 3398 2197 ne
3436 2143 3741 2198 carnifices

2100 2228 2338 2299 quidem
2366 2232 2751 2300 exspectaret,
2776 2246 2847 2285 ne
2869 2236 3137 2286 sanctum
3163 2236 3220 2286 et
3244 2247 3589 2303 generosum
3618 2248 3741 2286 cor-

2097 2332 2206 2387 pus
2228 2316 2452 2387 prol'ani
2479 2316 2747 2372 homines
2772 2319 3194 2391 contingerent.
3229 2319 3394 2375 Hunc
3424 2319 3735 2376 sacerdotii

2098 2404 2353 2459 fructum
2386 2406 2538 2476 cepit
2566 2404 2899 2475 Eleazarus,
2931 2408 3027 2478 qui
3058 2407 3316 2464 ccelestia
3346 2407 3625 2480 mysteria
3647 2409 3739 2463 di-

2099 2492 2317 2549 dicerat
2345 2509 2411 2548 ac
2441 2494 2737 2562 docuerat,
2771 2500 2947 2566 atque
2977 2495 3249 2552 Israelem
3309 2514 3423 2553 non
3479 2498 3737 2554 externis

2098 2581 2559 2653 aspersionibus,
2592 2584 2691 2638 sed
2726 2585 2960 2655 proprio
3008 2600 3211 2641 cruore
3268 2586 3634 2654 lustraverat,
3684 2591 3743 2642 et

2101 2674 2346 2726 mortem
2367 2675 2694 2727 extremum
2718 2675 3061 2745 mysterium
3085 2674 3317 2730 fecerat.
3351 2674 3516 2730 Hune
3531 2676 3741 2746 juven-

2096 2759 2242 2815 tutis
2272 2760 2529 2815 fructum
2563 2759 2826 2816 tulerunt
2855 2761 2978 2831 ﬁlii,
3011 2762 3112 2834 qui
3169 2779 3283 2818 non
3342 2763 3741 2834 voluptatibus

2098 2849 2507 2913 inservierunt,
2531 2851 2632 2905 sed
2656 2849 3030 2907 turbulentos
3052 2851 3234 2907 animi
3258 2857 3451 2908 motus
3490 2852 3736 2909 rationis

2098 2936 2343 3008 imperio
2374 2944 2868 3009 compresserunt,
2908 2956 3238 3012 corpusque
3267 2957 3301 2996 a
3331 2940 3551 3012 peccati
3608 2957 3734 2996 sor-

2096 3025 2269 3080 dibus
2300 3042 2513 3097 purum
2545 3032 2870 3094 servarunt,
2904 3032 3077 3099 atque
3107 3029 3177 3083 ad
3237 3028 3415 3085 vitam
3449 3047 3481 3084 a
3511 3030 3738 3086 vitiosis

2095 3114 2428 3170 animorum
2460 3117 2925 3186 permotionibus
2953 3116 3195 3172 liberam
3254 3117 3523 3173 translati
3572 3125 3732 3174 sunt.

2095 3201 2211 3257 Hoc
2242 3204 2531 3258 commodi
2563 3219 2632 3258 ex
2663 3203 2971 3275 multiplici
3004 3204 3202 3260 sobole
3232 3206 3385 3277 cepit
3406 3211 3619 3261 mater:
3649 3207 3736 3263 sic

2094 3296 2150 3347 et
2171 3292 2315 3346 vivis
2341 3292 2586 3364 gloriata
2610 3297 2781 3363 est,et
2800 3309 2932 3348 cum
2961 3294 3106 3366 ipsis
3128 3295 3282 3350 diem
3305 3295 3436 3349 vitae
3458 3294 3734 3351 ultimum

2094 3379 2304 3436 clausit
2335 3399 2348 3448 ;
2377 3397 2492 3436 non
2524 3386 2657 3436 ante
2687 3386 2906 3451 tamen,
2940 3399 3141 3454 quam,
3170 3399 3317 3455 quos
3348 3384 3571 3439 mundo
3596 3401 3739 3456 pro-

2095 3474 2408 3538 creaverat,
2451 3469 2563 3525 Deo
2584 3469 2966 3541 exhibuisset,
2992 3472 3343 3544 doloresque
3363 3489 3515 3544 quos
3558 3472 3613 3527 in
3642 3490 3740 3546 pa-

2094 3558 2294 3614 riendo
2315 3558 3043 3631 pertulerat,certaminum
3064 3577 3306 3616 numero
3322 3563 3738 3627 recensuisset,

2095 3652 2483 3720 partuumque
2515 3648 2724 3703 seriem
2758 3664 2825 3703 ex
2850 3648 3111 3720 ipsorum
3147 3655 3332 3705 morte
3361 3650 3732 3721 recognovis-

2095 3742 2203 3792 set.
2228 3742 2273 3790 A
2296 3737 2484 3808 primo
2515 3737 2671 3792 enim
2704 3737 2773 3791 ad
2809 3738 3085 3792 ultimum
3112 3755 3320 3810 usque,
3340 3754 3545 3793 omnes
3569 3738 3741 3793 dimi-

2095 3830 2325 3891 carunt,
2357 3826 2625 3896 aliusque
2655 3825 2773 3892 alii,
2808 3826 2962 3881 velut
2991 3826 3050 3881 in
3085 3826 3737 3897 ﬂuctuumjactatione,

2095 3914 2435 3981 succedens,
2467 3915 2699 3969 virtutis
2730 3931 2848 3969 suae
2880 3916 3173 3985 specimen
3199 3915 3534 3981 exhibebat,
3557 3917 3740 3986 majo-

2097 4018 2332 4074 remque
2363 4003 2434 4058 ad
2468 4002 2839 4074 perferendos
2870 4002 3099 4059 dolores
3130 4002 3490 4057 alacritatem
3535 4004 3742 4059 affere-

2097 4092 2218 4156 bat,
2247 4092 2376 4161 ejus
2406 4090 2708 4161 nimirum,
2741 4091 2841 4161 qui
2869 4096 3261 4162 praacesserat,
3290 4091 3567 4162 periculis
3601 4092 3743 4148 inci-

2095 4184 2253 4234 tatus
2269 4184 2323 4233 et
2340 4183 2648 4234 executus:
2676 4179 2816 4233 adeo
2842 4183 3201 4250 uttyrannus
3224 4180 3530 4235 commode
3544 4195 3741 4235 secum

2098 4269 2188 4339 agi
2213 4269 2468 4334 duceret,
2493 4270 2648 4338 quod
2675 4283 2788 4321 non
2814 4268 3012 4338 plures
3040 4266 3374 4323 illaliberos
3389 4269 3743 4339 peperisset;

2099 4357 2182 4412 sic
2199 4356 2354 4412 enim
2381 4355 2591 4427 majori
2613 4372 2747 4411 cum
2769 4356 3053 4412 dedecore
3074 4362 3132 4412 et
3153 4356 3317 4412 clade
3354 4356 3743 4412 discessisset.

329 4446 412 4499 Ac
442 4449 567 4499 tum
604 4445 860 4511 primum
895 4461 957 4501 se
990 4462 1103 4501 non
1138 4446 1337 4502 omnia
1365 4447 1416 4501 vi
1452 4453 1623 4520 atque
1657 4446 1836 4503 armis
1865 4448 2142 4518 consequi
2189 4461 2359 4517 posse
2392 4446 2681 4517 cognovit,
2715 4461 2848 4500 cum
2882 4445 3135 4501 inermes
3164 4462 3377 4517 pueros
3407 4462 3746 4518 oppugnare

331 4549 649 4605 aggressus
682 4538 790 4600 est,
825 4535 968 4591 solis
1002 4535 1235 4606 pietatis
1266 4535 1447 4591 armis
1508 4536 1850 4606 instructos,
1882 4541 2059 4608 atque
2102 4536 2184 4590 ita
2237 4534 2496 4601 affectos,
2525 4539 2590 4591 ut
2618 4534 2691 4590 ad
2723 4534 2939 4605 quaevis
2997 4539 3291 4591 tormenta
3344 4535 3741 4606 perpetienda,

331 4636 515 4693 quam
543 4620 642 4676 ille
670 4622 742 4676 ad
775 4622 1098 4692 inferenda,
1132 4624 1453 4695 paratiores
1484 4630 1700 4680 essent.

410 4709 518 4765 IA'.
584 4712 752 4762 Τοῦτο
790 4715 889 4778 τῆς
926 4710 1131 4785 Ἰεφθάε
1186 4709 1367 4771 θυσίας
1421 4708 1839 4788 ἀσφαλέστερον,
1896 4709 1982 4766 καὶ

2166 4713 2256 4767 ΧΙ.
2290 4711 2407 4767 Hoc
2438 4711 2692 4779 facinus,
2720 4710 2933 4784 Jephts
2986 4710 3273 4768 sacrificio
3304 4711 3354 4753 ⁷³
3389 4710 3621 4767 cautius
3652 4714 3742 4766 at-

408 4825 450 4859 ⁷¹
484 4823 697 4880 Thren.
733 4842 808 4894 IV,
838 4826 892 4881 7.
970 4826 1016 4861 7'
1044 4826 1232 4883 Judic.
1269 4843 1347 4896 ιιι,
1378 4827 1449 4882 30
1478 4844 1643 4900 seqq.

409 4940 522 5015 (63)
579 4936 932 5011 Ὑποδὲξηται
990 4942 1088 5000 Or.
1145 4944 1201 5013 2,
1263 4943 1444 5011 Pass.,
1504 4943 1789 5015 Combef.,
1853 4942 1985 4997 ὑπο-

334 5010 566 5067 δέξεται.

401 5012 893 5159 ξέῗῖιοΔεδῴκαμεν
955 5083 1106 5159 ύμῖν
1169 5082 1513 5159 ἀγωνίζεσθε.
1606 5086 1700 5141 Sic
1786 5085 1984 5159 plures

329 5156 541 5226 Regg.,
572 5155 849 5211 tredecim
878 5157 1064 5225 Colb.,
1100 5155 1271 5212 Coisl.
1308 5159 1333 5211 1
1366 5164 1422 5212 et
1449 5160 1504 5226 2,
1554 5166 1686 5224 etc.,
1748 5155 1983 5212 omissis

327 5225 723 5309 ὺξθήνοοὶῥιιε,
754 5228 889 5299 πρὸς
948 5228 1041 5309 τὸν
1095 5226 1278 5302 ἀγῶνα
1332 5228 1428 5309 τὸυ
1485 5225 1652 5282 καλὸν
1711 5225 1981 5309 ἀγωνίζε-

324 5299 473 5421 aeui,
499 5320 526 5346 α
562 5300 874 5421 uttbonum
906 5299 1198 5355 certamen
1231 5300 1483 5368 certetis,
1519 5322 1547 5349 ››
1577 5316 1701 5370 quae
1755 5299 1813 5352 in
1860 5300 1981 5353 edi-

324 5372 409 5421 tis
462 5385 610 5421 eam)
651 5387 735 5421 ur.

324 5372 409 5426 tis
439 5372 735 5426 leguntur.

548 5439 875 5516 Προσετίθει.
911 5441 1052 5516 Reg,
1086 5442 1206 5507 bm,
1236 5440 1553 5516 προσετίθη.

400 5458 515 5511 (ΟΟ)
548 5458 875 5567 ιξιροσετιῠει.
911 5458 1052 5513 ueg,
1086 5458 1206 5507 Dm,
1236 5458 1553 5516 προσετιθη.

399 5512 516 5581 (66)
625 5508 847 5595 ελρυτήν
880 5509 1240 5595 Ατελευταῖονι
1278 5513 1623 5595 μυστήριον.-
1660 5511 1752 5595 §ic

317 5582 547 5710 Plures,
583 5584 852 5639 undecim
876 5584 1059 5667 001b,,
1090 5582 1352 5666 Coisl.'2,
1510 5586 1546 5638 2
1576 5588 1632 5639 et
1661 5583 1825 5640 Pass.
1860 5582 1980 5639 Bil-

346 5672 447 5710 rus
477 5671 581 5710 nro
611 5655 894 5710 τελευτήν.
926 5655 1067 5710 legit
1097 5672 1230 5710 cum
1263 5657 1455 5710 editis.
1486 5652 1797 5710 τελευταίαν
1847 5653 1979 5710 ἡμί-

346 5655 447 5711 ius
477 5671 581 5727 pro
611 5655 894 5724 τελευτήν,
926 5655 1230 5729 Ιξθεὶιριιω
1263 5655 1455 5726 editis,
1486 5652 1797 5711 τελευταίαν
1847 5653 1979 5729 ἡμι-

318 5745 451 5812 ραν,
478 5749 505 5777 ‹‹
537 5731 867 5784 extremum
898 5727 1029 5783 vitm
1061 5728 1240 5784 diem.
1274 5748 1303 5778 »

2189 4944 2279 5014 67)
2312 4941 2789 5017 ’Aitu'otauﬂaueu.
2822 4947 2963 5017 Reg.
2995 4942 3052 5013 ὁ,
3086 4940 3453 5017 ἀριθμήσασα.

2312 5013 2413 5069 Καὶ
2446 5012 2521 5074 εἰς
2550 5012 3066 5089 τᾲὸνπάσχεινξλεῐε.
3096 5012 3268 5070 Deest
3326 5012 3442 5089 είς,⁸
3482 5016 3541 5070 in
3602 5032 3742 5089 qua-

2092 5089 2227 5140 tuor
2257 5084 2458 5167 Regg.,
2492 5090 2548 5141 et
2576 5087 2634 5167 in
2664 5084 2844 5167 Cir-.2.
2882 5086 2983 5167 Alii
3016 5085 3365 5167 legunt,_x_1ﬁ
3399 5084 3475 5146 εἷς
3502 5089 3582 5167 τέ’ξε
3623 5084 3740 5167 πᾶς

2093 5175 2243 5246 σχειν
2280 5156 2647 5230 [perperam].
2681 5158 2912 5212 Nicetes
2944 5158 3003 5212 in
3063 5156 3459 5230 expositione:
3520 5156 3614 5216 Εἰς
3673 5158 3736 5211 τὸ

2093 5247 2323 5282 πασγειν
2366 5233 2483 5282 τοῖς
2515 5232 2614 5281 τοῦ
2663 5226 3067 5282 προειληφότος
3114 5226 3385 5282 κινδύνοις
3429 5226 3738 5282 στομούμε-

2093 5247 2323 5303 πασχειν
2366 5248 2483 5288 τοις
2515 5249 2614 5281 του
2663 5247 3067 5303 προειΛηφοτος
3114 5247 3385 5289 κινουνοις
3429 5248 3737 5299 στομούμε-

2091 5320 2207 5360 νος.
2246 5324 2273 5350 ‹‹
2304 5300 2769 5373 Ρτιεοεᾱοηῐὶῢιιε
2802 5302 3075 5373 periculis
3108 5303 3436 5367 roboratus,
3465 5302 3737 5355 obfirma-

2091 5377 2207 5439 tus,
2242 5373 2310 5427 ad
2348 5373 2689 5442 perferenda
2719 5372 2984 5428 alacrior.
3022 5395 3050 5421 »

2163 5444 2274 5519 (-69)
2309 5439 2907 5519 [I'potlupotépmc._S_i_c_
2950 5442 3121 5519 Cois].
3181 5445 3237 5519 ἓ,
3297 5448 3355 5498 et
3409 5443 3505 5497 Or.
3561 5444 3616 5495 2.
3675 5439 3795 5519 [οἵ

2092 5510 2725 5588 αΙίξὶξςπρρθυμοτέρως.
2760 5515 2931 5588 Editi.
2966 5510 3395 5588 προθυμότερον.

2162 5583 2698 5659 (70):Exetvoc.:Sie
2728 5602 2830 5642 sex
2860 5583 3022 5659 Reg.,
3068 5583 3239 5642 Coisl.
3281 5583 3350 5654 ’1,
3410 5583 3505 5640 Or.
3566 5585 3621 5652 2,

2088 5654 2252 5713 P888.
2286 5657 2463 5727 Editi,
2494 5654 2748 5719 ἐκείνοις.
