4138 6212
342 457 462 524 933

1263 451 1551 517 ORATIO
1593 451 1850 515 XVl.—
1878 446 1958 513 ΙΝ
2005 446 2323 513 PATREM
2369 447 2821 516 TAGENTEM.
3714 466 3751 523 4

348 588 564 659 ζόμενοι
624 589 751 639 πᾶσι
813 582 1000 656 μὲλεσι
1057 580 1404 654 πολεμοῦντα
1459 583 1592 654 (82),
1652 580 1739 635 καὶ
1798 577 1987 657 διαφό-

2104 580 2653 651 cupiditatibus,sed
2682 583 2739 637 in
2772 582 3193 640 certaminibus
3227 584 3509 642 adversus
3530 604 3668 659 prav
3687 604 3703 613 θ
3724 606 3751 642 s

347 698 457 753 ρως
508 675 621 747 (83)
670 670 955 727 διώκοντα.
1003 675 1161 734 Ποθῶ
1213 670 1315 746 γὰρ
1366 668 1602 739 ἀθλητὰς
1651 668 1819 744 ἔχειν,
1850 668 1987 722 κατὰ

2102 668 2426 725 affectiones
2450 672 2743 742 susceptis
2766 671 2916 728 298
2941 680 3660 750 consumentes,strenueq
3724 700 3754 733 ο

346 766 520 820 πάντα
550 762 736 838 καιρὸν
766 760 855 815 καὶ
907 755 1132 836 τρόπον,
1182 757 1271 813 καὶ
1318 760 1475 833 γένος
1526 760 1684 827 ἅπαν,
1731 757 1819 811 καὶ
1867 754 1991 826 ἡλι-

346 851 465 906 κίαν
500 851 725 921 ἅπασαν,
772 848 860 903 καὶ
910 850 1154 925 φανερῶς
1201 844 1623 919 πολεμουμὲνην
1666 891 1679 914 ,
1724 843 1811 898 καὶ
1862 845 1993 921 ἀφα-

346 944 452 1002 νῶς
504 933 1033 1009 ἰπιϐουλευομὲνηνο
1081 935 1170 989 καὶ
1225 936 1538 1009 βοηθεῖσθαι
1592 933 1684 1007 μὶν
1734 938 1850 994 τοῖς
1896 953 1993 985 πα-

352 1030 527 1090 λαιοῖς
579 1025 908 1102 διηγήμασι,
963 1025 1270 1100 βοηθεῖσθαι
1320 1020 1379 1078 δὶ
1408 1024 1495 1077 καὶ
1543 1027 1659 1084 τοῖς
1704 1023 1869 1091 νὲοις,
1900 1021 1990 1075 καὶ

349 1112 703 1192 πανταχόθεν,
749 1110 930 1188 ὥσπερ
979 1115 1034 1168 αἱ
1091 1112 1361 1187 μέλισσαι,
1414 1110 1699 1186 συλλέγειν
1758 1113 1869 1184 (84)
1926 1110 1993 1164 τὰ

350 1206 750 1281 χρησιμώτατα
795 1202 869 1265 εἰς
916 1204 1033 1265 ὶνὸς
1081 1202 1277 1278 κηρίου
1325 1200 1677 1279 φιλοτεχνίαν
1724 1200 1813 1253 καὶ
1866 1196 1995 1275 γλυ-

349 1295 579 1369 κασμὸν,
605 1292 699 1348 ’ἰνα
726 1292 816 1347 καὶ
864 1289 953 1347 διὰ
995 1289 1236 1354 Παλαιᾶς
1284 1290 1374 1345 καὶ
1412 1292 1547 1352 Νέας
1580 1286 1845 1362 εὐδοκιμῇ

349 1384 478 1446 Θεὸς
529 1383 579 1437 ἐν
611 1385 766 1456 ἡμῖν,
810 1382 838 1436 ὁ
886 1381 937 1436 ἰν
992 1381 1101 1453 Υἱῷ
1149 1379 1238 1434 καὶ
1289 1380 1560 1453 Πνεύματι
1610 1375 1989 1449 δοξαζόμενος,

344 1472 434 1527 καὶ
461 1472 743 1547 γινώσκων
774 1468 900 1531 τοὺς
934 1465 1128 1535 ἰδίους,
1159 1468 1249 1523 καὶ
1280 1468 1685 1544 γινωσκόμενος
1732 1467 1835 1521 ὑπὸ
1882 1470 1989 1520 τῶν

347 1559 521 1631 ἰδίων,
555 1556 1005 1635 ὁμολογούμενός
1034 1578 1093 1613 τε
1139 1558 1229 1612 καὶ
1279 1556 1596 1632 ὁμολογῶν,
1633 1553 1990 1629 δοξαζόμενός

342 1672 400 1705 τε
424 1649 515 1704 καὶ
546 1646 805 1719 δοξάζων,
839 1648 891 1701 ἐν
917 1647 1064 1719 αὖτῷ
1096 1647 1174 1719 τῷ
1198 1651 1434 1722 Χριστῷ,
1466 1647 1511 1718 ᾧ
1541 1648 1575 1715 ἡ
1610 1643 1736 1715 δόξα
1766 1647 1881 1718 (86)
1914 1643 1989 1704 εἰς

342 1739 470 1800 τοὺς
500 1736 697 1798 αἰῶνας
728 1741 834 1790 τῶν
867 1736 1076 1790 αἰώνων
1112 1738 1245 1810 (87).
1277 1738 1474 1807 Ἀμήν.

2099 773 2232 812 cum
2265 759 2607 829 quotidiano
2641 766 2839 815 nostro
2870 763 3154 817 Antiocho
3185 763 3586 836 confligentes,
3638 784 3670 839 q
3736 818 3739 821 .

2100 847 2381 901 membris
2404 848 2679 902 omnibus
2712 849 2926 904 bellum
2960 849 3152 922 infert,
3181 867 3363 922 eaque
3392 854 3567 909 variis
3615 871 3701 915 mi,

2099 933 2190 989 dis
2222 936 2610 1006 persequitur.
2644 936 2909 991 Athletas
2940 938 3096 992 enim
3131 941 3336 1010 quovis
3369 947 3630 1014 tempore
3678 961 3745 1001 ac

2100 1024 2293 1090 modo,
2320 1039 2388 1077 ex
2410 1024 2569 1078 omni
2603 1041 2740 1079 sexu
2777 1031 2834 1079 et
2866 1030 3053 1092 aetate,
3089 1027 3207 1081 sive
3231 1033 3435 1098 aperto
3468 1030 3621 1086 bello
3653 1032 3743 1087 la-

2099 1112 2554 1180 oessantur,sivs
2584 1113 2831 1169 occultis
2860 1113 3092 1169 insidiis
3123 1104 3493 1189 appetuntur,
3528 1119 3743 1177 habere

2100 1200 2304 1271 cupio;
2330 1217 2397 1256 ac
2427 1205 2552 1256 tum
2578 1202 2787 1273 priscis
2818 1206 2943 1256 tum
2977 1204 3312 1258 recentibus
3344 1205 3604 1263 historiis
3635 1210 3745 1265 ad-

2100 1288 2305 1357 iuvari,
2356 1295 2530 1360 atque
2577 1305 2754 1361 apum
2809 1291 2923 1345 ritu
2972 1290 3043 1346 ad
3077 1291 3345 1347 solertem
3408 1297 3585 1351 unius
3635 1297 3745 1352 favi

2100 1377 2537 1447 coniectionem,
2569 1384 2626 1433 et
2674 1381 3045 1448 suavitatem,
3126 1380 3440 1437 utilissime
3501 1400 3750 1455 quasque

2102 1464 2393 1537 colligere,
2418 1471 2480 1520 ut
2510 1472 2567 1522 et
2599 1484 2700 1539 per
2728 1471 2908 1523 Vetus
2940 1472 2998 1522 et
3027 1485 3128 1540 per
3149 1469 3373 1524 Novum
3407 1472 3752 1529 Testamen-

2102 1560 2228 1608 tum
2252 1560 2401 1610 Deus
2432 1554 2492 1609 in
2526 1556 2694 1611 nobis
2727 1556 3070 1625 celebretur,
3104 1557 3198 1626 qui
3223 1557 3281 1612 in
3317 1559 3482 1627 Filio,
3506 1561 3754 1633 Spiritu-

2103 1658 2214 1715 que
2245 1648 2446 1698 sancto
2479 1643 2921 1715 gloriﬁcatur,et
2948 1646 3246 1717 cognoscit
3278 1664 3437 1717 suos,
3473 1655 3529 1703 et
3560 1668 3593 1705 a
3623 1651 3749 1708 suis

2101 1732 2473 1804 cognoscitur
2495 1734 2623 1799 “,et
2651 1734 2994 1789 conﬁtentes
3026 1750 3087 1789 se
3119 1736 3428 1792 conﬁtetur
3449 1738 3512 1806 ⁷⁸,
3544 1744 3602 1793 et
3618 1740 3748 1812 glo-

342 1831 642 1888 riﬁcantes
674 1828 1042 1901 gloriﬁcat",
1074 1827 1132 1882 in
1164 1828 1292 1898 ipso
1323 1825 1571 1893 Christo,
1605 1825 1696 1880 cui
1730 1824 1918 1896 gloria
1947 1822 2006 1877 in
2038 1821 2250 1878 saecula
2280 1822 2646 1878 saeculorum.
2682 1827 2874 1878 Amen.

413 1972 864 2043 "Joan.x,14.
942 1971 985 2005 τε
1017 1969 1222 2026 Matth.
1255 1987 1311 2036 κ,
1342 1970 1431 2026 32.
1508 1969 1870 2040 7'1Reg.n,
1904 1967 1994 2022 30.

2177 2113 2290 2183 (85)
2322 2106 2841 2184 Εῷ-δοκιμῇηΡξιΒεη
2875 2106 3229 2184 εὐδοκιμήσῃ.

2133 2257 2144 2269 .
2168 2180 2280 2256 (86)
2316 2180 2470 2251 Δόξα.
2505 2180 2596 2237 Or.
2625 2183 2660 2236 2
2686 2180 2867 2251 addit,
2892 2183 2981 2236 καὶ
3012 2180 3074 2236 τό
3104 2180 3322 2259 κράτος.
3358 2211 3385 2237 ‹‹
3446 2193 3503 2242 et
3559 2191 3743 2263 impe.

2098 2273 2283 2401 mg?)
2313 2275 2437 2382 εἰη-δν
2467 2323 2703 2379 αἰώνων.
2734 2325 2826 2380 sic
2858 2325 2997 2397 Reg.
3032 2327 3154 2383 bm.
3189 2328 3362 2385 Deest
3390 2330 3446 2385 in
3481 2332 3570 2387 ed.

417 2116 528 2186 (82)
560 2111 915 2187 Πολεμοῦντα
945 2114 1063 2187 Ιᾼθε.
1098 2115 1481 2187 τυραννοῦντα.

418 2178 529 2262 ζϐβ)
579 2178 879 2262 stateem.
926 2178 1203 2257 Chrysan.
1267 2190 1323 2241 et
1353 2185 1495 2255 Jes.,
1536 2180 1742 2237 ἄλλοτε
1800 2178 1986 2243 ἄλλως

343 2254 873 2402 καέ8ῗιῗὲᾔςςιλὶὲγειν.
910 2328 966 2382 ln
1001 2327 1374 2398 quibusdam,
1409 2325 1673 2399 συνάγειν.

1056 2562 1207 2618 πω
1268 2570 1822 2660 MONITUM
1880 2574 1995 2659 IN
2051 2569 2745 2659 OltATIONEM
2800 2571 3042 2657 XVI.

423 2861 469 2919 Ι.
519 2863 669 2941 cum
727 2858 1020 2919 Tiberina
1071 2857 1263 2941 regio,
1326 2857 1432 2941 ubi
1475 2856 1738 2941 ‘Arianzi
1794 2857 2626 2941 paggushGregorii‘natale
2671 2857 2912 2941 solum,
2974 2858 3261 2938 plurimis
3320 2879 3393 2922 ac
3454 2863 3750 2941 gravissi-

349 2940 497 3021 mis,
539 2940 838 3000 afﬂictata
914 2946 1076 3021 esset
1147 2937 1649 3010 calamitatibus,
1713 2938 1785 3021 in
1847 2937 2107 3021 miseriae
2183 2937 2841 3021 cumulumyvineas
2894 2937 3290 3021 et'maturas
3342 2937 3483 3021 jani
3536 2946 3745 3021 fruges

344 3020 537 3079 tristis
589 3021 834 3103 grando
890 3020 1337 3103 demessue‘rat.
1392 3021 1514 3103 _'l‘o_t
1573 3018 1886 3095 tantisque
1940 3018 2155 3077 territa
2214 3018 2961 3103 peric_ulis__Nazianzena
3034 3020 3210 3103 plebs
3268 3018 3359 3081 ad'
3408 3018 3747 3103 utrumque

346 3102 735 3177 Gregorium,
799 3105 1100 3179 tanquam
1153 3099 1233 3159 ad
1292 3098 1673 3179 tutissimum
1730 3103 2002 3179 portum,
2063 3098 2442 3179 convolavit.
2504 3100 2628 3179 Has
2682 3108 2892 3158 autem
2952 3102 3343 3162 calamitates
3397 3122 3539 3163 cum
3597 3098 3745 3165 Gre-

347 3180 559 3257 gorius
615 3180 865 3251 senior,
934 3177 1025 3239 'ob
1097 3179 1313 3258 populi
1369 3177 1643 3250 scelera,
1715 3177 2028 3238 immissas
2083 3178 2365 3251 doleret,
2441 3178 2698 3238 studens
2754 3178 2886 3256 ipse
2958 3198 3088 3258 prae
3149 3183 3444 3244 maestitia
3500 3183 3745 3245 silebat.

348 3260 706 3337 'l‘heologus
762 3278 951 3331 vero,
1031 3260 1174 3319 licet
1228 3259 1496 3333 invitus,
1578 3259 1778 3337 plebis
1834 3277 2021 3319 suasu
2081 3259 2146 3318 in
2207 3258 2481 3318 medium
2538 3259 2874 3337 prodiens,

345 3340 693 3399 orationem
754 3338 995 3400 habuit.
1071 3343 1363 3418 Optasset
1421 3338 1671 3416 quidem
1749 3339 1971 3407 silere,
2050 3345 2292 3416 patrem
2370 3346 2578 3399 autem
2658 3338 2900 3417 loqui;

2955 3260 3118 3320 hanc
3174 3262 3255 3321 ad
3328 3265 3749 3326 Nazianzenos

2973 3341 3165 3419 idque
3236 3342 3372 3420 ipso
3448 3345 3750 3406 orationis

347 3420 603 3479 exordio
664 3421 1011 3497 proﬁtetur.
1072 3421 1342 3490 Verum,
1410 3418 1517 3477 ubi
1574 3422 1803 3479 frustra
1860 3419 2163 3494 tentavit,
2242 3419 2375 3497 ipse
2433 3418 2513 3478 ad
2570 3418 3470 3498 investigandascalamitatis
3526 3443 3748 3487 causas

347 3499 769 3571 convertitur,
831 3518 1061 3578 easque
1118 3501 1308 3577 longa
1364 3516 1436 3557 ac
1496 3499 1825 3577 multiplici
1883 3505 2317 3578 peccatorum,
2380 3516 2521 3576 quae
2580 3499 2688 3559 Dei
2742 3499 2902 3559 iram
2961 3501 3423 3575 excitaverant,
3484 3523 3743 3565 enume-

347 3580 621 3662 ratione,
683 3581 961 3662 exponit.
1026 3578 1748 3662 Deinde‘Nazianzenos
1792 3580 2116 3662 hortatur,
2181 3587 2279 3653 ut,
2339 3579 2578 3662 peccati
2634 3580 2812 3658 fuga,
2876 3580 3201 3661 lacrymis,
3262 3587 3746 3662 compunctione

347 3661 554 3743 cordis
613 3678 685 3718 ac
764 3661 1049 3738 precibus
1123 3662 1202 3719 ad
1260 3659 1534 3743 divinam
1608 3660 2063 3743 benignitatem
2139 3660 2530 3743 confugiant.
2593 3663 2922 3743 Demum,
2968 3659 3271 3723 conversa
3342 3659 3424 3723 ad
3502 3672 3744 3743 patrem

348 3742 657 3810 oratione,
719 3758 864 3800 eum
926 3746 1137 3817 rogat,
1203 3745 1270 3798 ut
1323 3740 1455 3817 ipse
1514 3740 1815 3817 populum
1872 3740 2149 3809 erudiat,
2210 3741 2560 3818 doceatque
2621 3764 2650 3795 ‹‹
2701 3742 2810 3800 illa
2866 3741 3116 3818 pietatis
3174 3761 3245 3803 ac
3302 3740 3743 3805 misericordiae

348 3821 581 3892 ofﬁcia,
639 3820 870 3901 quibus
928 3823 1090 3881 Deus
1149 3820 1347 3897 magis
1391 3837 1595 3901 quam
1653 3818 1939 3898 pluribus
1996 3818 2419 3880 oblationibus
2472 3822 2821 3881 delectatur
2876 3822 2963 3898 (n.
3022 3821 3147 3901 20).
3195 3846 3222 3877 ι

429 3901 506 3982 Il.
572 3900 825 3960 Moralis
881 3906 973 3960 est
1030 3905 1116 3982 et_
1165 3898 1446 3982 suasoria
1521 3898 1656 3959 haec
1713 3901 1937 3959 oratio.
1998 3901 2154 3982 Mira
2216 3902 2294 3982 in
2336 3918 2412 3961 ea
2457 3901 2689 3982 elucet
2761 3898 3284 3982 dicendigcopia,
3359 3901 3747 3982 eximiusque

348 3980 683 4040 verborum
745 3987 805 4042 et
853 3980 1304 4040 sententiarum
1353 3979 1416 4037 in
1467 3996 1597 4038 rem
1648 3998 1824 4039 suam
1874 3998 1949 4040 ex
1995 3979 2332 4057 Scripturis
2374 3979 2674 4040 delectus.
2726 3982 2905 4041 Dicta
2953 3979 3197 4041 videtur
3248 3984 3454 4042 medio
3503 3979 3750 4044 circi—ter

350 4077 517 4120 anno
574 4062 692 4120 373
754 4080 767 4122 :
847 4061 1081 4139 quippe
1138 4078 1278 4139 quae
1337 4058 1586 4137 incepto
1654 4060 1787 4137 jam
1848 4061 2065 4120 eodem
2127 4078 2334 4136 anno,
2415 4067 2476 4119 et
2540 4062 2758 4120 saltem
2835 4065 2981 4119 ante
3051 4061 3322 4121 medium
3383 4064 3530 4123 anni
3586 4066 3743 4137 374,

348 4139 568 4222 haberi
627 4140 863 4201 debuit.
925 4142 1259 4222 Gregorius
1313 4139 1617 4222 siquidem
1681 4141 2007 4222 nosterin
2065 4139 2185 4222 hac
2240 4141 2521 4200 oratione
2590 4140 2950 4222 episcopum
3025 4148 3239 4220 aperte
3312 4160 3376 4202 se
3459 4144 3669 4222 prodit
3728 4163 3744 4206 :

350 4221 760 4303 «loquere,»
813 4220 1686 4303 inquitAPatrem_alloquens
1732 4220 1822 4299 (η.
1872 4220 1957 4301 4),
1988 4221 2349 4303 eloquere,
2402 4238 2636 4298 quaeso,
2689 4221 2801 4280 etsi
2858 4238 3160 4298 pauca....
3213 4222 3390 4282 Hunc
3440 4220 3743 4303 populum

349 4300 920 4383 miihiicompone,
998 4300 1254 4383 alumno
1311 4300 1655 4383 disciplinae
1715 4307 1877 4373 tuae,
1914 4299 1919 4301 ⁷
1958 4299 2189 4383 deinde
2248 4303 2527 4383 pastori,
2606 4318 2771 4383 nunc
2825 4308 3035 4383 autem
3115 4299 3458 4379 pastorum'
3498 4299 3751 4383 quoque

349 4381 642 4460 principi.
676 4405 706 4437 »
763 4383 939 4443 Unde
996 4381 1274 4460 profecto
1333 4381 1735 4441 manifestum
1791 4386 1923 4462 est,
1956 4379 2121 4440 hanc
2180 4397 2218 4440 a
2266 4381 3327 4462 Gregorioqscriptamﬂdictamque
3374 4379 3747 4457 orationem,

344 4480 468 4520 non
536 4467 777 4521 tantum
860 4468 1193 4539 postquam
1255 4467 1653 4521 consecratus
1707 4469 1799 4520 est
1831 4461 2199 4539 episcopus,
2273 4479 2439 4521 anno
2495 4460 2733 4520 scilicet
2789 4460 2992 4521 medio
3050 4460 3242 4534 372,7
3282 4482 3497 4523 verum
3558 4465 3747 4525 etiam

358 4547 503 4622 post
556 4550 907 4620 susceptam
964 4541 1044 4601 ab
1101 4560 1175 4602 eo
1232 4542 1633 4601 Nazianzenre
1694 4540 1984 4622 Ecclesiae
2042 4558 2168 4622 una
2220 4557 2359 4600 cum
2423 4547 2596 4619 patre
2652 4541 3301 4617 administrationem,
3381 4543 3551 4621 quod
3609 4544 3749 4622 qui-

343 4621 488 4682 dem
549 4622 809 4700 contigit
861 4628 1129 4682 exeunte
1187 4640 1352 4681 anno
1406 4624 1563 4692 372,
1643 4621 1740 4681 vel
1798 4622 2006 4700 potius
2062 4621 2317 4681 ineunte
2375 4622 2514 4681 373.
2575 4623 2710 4681 Νοη
2782 4628 2988 4699 potest
3043 4624 3230 4683 etiam
3290 4624 3525 4683 differri
3585 4621 3752 4685 ultra

349 4702 619 4761 medium
679 4720 913 4763 annum
973 4703 1112 4762 374.
1174 4702 1417 4783 Etenim
1476 4701 1960 4783 Gregorioﬁlio
2017 4701 2248 4783 dicenti
2296 4701 2978 4783 interfuit_Gregorius
3035 4711 3234 4781 pater,
3298 4704 3407 4781 qui
3463 4706 3748 4783 sequenti

346 4800 561 4841 mense
637 4783 857 4843 Martio
932 4782 1031 4842 vel
1103 4782 1301 4859 Aprili
1370 4782 1518 4841 anni
1574 4783 1690 4841 374
1746 4781 1921 4843 obiit.
2002 4783 2149 4841 Haec
2222 4780 2417 4858 igitur
2472 4779 2673 4841 oratio
2732 4783 2812 4840 ad
2877 4779 3112 4842 annum
3168 4779 3414 4844 circiter
3471 4779 3746 4845 medium

340 4863 462 4922 373
523 4861 745 4923 merito
803 4862 1113 4941 pertinere
1172 4862 1437 4922 videtur.

862 5182 1264 5279 ΛΟΓΟΣ
1367 5167 1480 5277 1‘.

2510 5156 2974 5251 ORATIO
3060 5159 3275 5255 XVI
3298 5173 3355 5252 ⁸.

461 5350 558 5414 Εἰς
584 5353 674 5408 τὸν
850 5355 1055 5428 πατέρα
1084 5359 1374 5410 σιωπῶντα
1408 5353 1497 5411 διὰ
1524 5355 1624 5426 τὴν
1652 5352 1873 5431 πληγὴν

960 5435 1061 5496 τῆς
1093 5426 1366 5496 χαλάζης.

2193 5354 2255 5410 In
2282 5358 2495 5427 patrem
2525 5360 2793 5410 tacentem
2818 5358 3044 5428 propter
3066 5357 3287 5429 plagam
3319 5358 3625 5428 grandinis.
3724 5442 3757 5471 Ι

960 5448 1061 5497 της
1093 5447 1366 5504 χαΛαςης.

423 5533 503 5587 A'.
536 5528 597 5583 Τί
626 5526 782 5586 λύετε
800 5532 944 5602 τάξιν
978 5530 1372 5607 ἰπαινουμένην
1405 5550 1419 5604 ;
1454 5531 1507 5588 τί
1540 5531 1787 5609 βιάζεσθε
1817 5530 1992 5608 γλῶσ-

2186 5533 2229 5587 Ι.
2261 5532 2409 5598 Quid
2431 5530 2785 5588 laudabilem
2808 5533 3071 5591 ordinem
3104 5536 3513 5605 solvitis?Quid
3536 5536 3638 5591 lin”

417 5689 639 5768 «__Alias
700 5692 819 5768 ΧΥ,
866 5712 1010 5768 qua;
1046 5662 1262 5754 autem
1312 5696 1380 5751 46
1437 5699 1579 5765 erat,
1623 5713 1703 5754 nu
1818 5697 1905 5754 14.
1936 5726 2008 5740 --

2185 5694 2299 5768 (88)
2330 5690 2423 5754 Εἰς
2456 5689 2566 5765 τόν,
2599 5696 2712 5749 etc.
2748 5693 2844 5750 Sic
2866 5693 3004 5769 Reg.
3036 5696 3160 5769 bm,
3192 5696 3294 5773 pb.

351 5762 571 5822 Habita
602 5765 795 5825 medio
827 5762 1059 5826 circiter
1082 5785 1237 5827 anno
1258 5768 1384 5829 3’73.
