  <div class='ocr_page' id='page_1' title='image "/cluster/home/n/w/nwhite01/storage/ocr_20150623/35/hvd.32044054100326/474.png"; bbox 0 0 4138 6212; ppageno 0'>
   <div class='ocr_carea' id='block_1_1' title="bbox 271 378 379 439">
    <p class='ocr_par' dir='ltr' id='par_1_1' title="bbox 271 378 379 439">
     <span class='ocr_line' id='line_1_1' title="bbox 271 378 379 439; baseline -0.037 0"><span class='ocrx_word' id='word_1_1' title='bbox 271 378 379 439; x_wconf 88' lang='lat'>93&#39;1</span> 
     </span>
    </p>
   </div>
   <div class='ocr_carea' id='block_1_2' title="bbox 1191 350 2749 421">
    <p class='ocr_par' dir='ltr' id='par_1_2' title="bbox 1191 350 2749 421">
     <span class='ocr_line' id='line_1_2' title="bbox 1191 350 2749 421; baseline -0.001 0"><span class='ocrx_word' id='word_1_2' title='bbox 1191 357 1487 421; x_wconf 78' lang='lat' dir='ltr'>ORATIO</span> <span class='ocrx_word' id='word_1_3' title='bbox 1529 354 1688 417; x_wconf 73' lang='lat' dir='ltr'><strong>XVI.</strong></span> <span class='ocrx_word' id='word_1_4' title='bbox 1713 384 1788 398; x_wconf 93' lang='lat'><strong><em>—</em></strong></span> <span class='ocrx_word' id='word_1_5' title='bbox 1815 352 1893 414; x_wconf 84' lang='lat' dir='ltr'>IN</span> <span class='ocrx_word' id='word_1_6' title='bbox 1938 350 2262 414; x_wconf 82' lang='lat' dir='ltr'>PATREM</span> <span class='ocrx_word' id='word_1_7' title='bbox 2305 354 2749 419; x_wconf 85' lang='lat' dir='ltr'>TACENTEM.</span> 
     </span>
    </p>
   </div>
   <div class='ocr_carea' id='block_1_3' title="bbox 3553 358 3675 421">
    <p class='ocr_par' dir='ltr' id='par_1_3' title="bbox 3553 358 3675 421">
     <span class='ocr_line' id='line_1_3' title="bbox 3553 358 3675 421; baseline 0.008 -1"><span class='ocrx_word' id='word_1_8' title='bbox 3553 358 3675 421; x_wconf 75' lang='lat'><strong>938</strong></span> 
     </span>
    </p>
   </div>
   <div class='ocr_carea' id='block_1_4' title="bbox 268 486 1955 582">
    <p class='ocr_par' dir='ltr' id='par_1_4' title="bbox 268 486 1955 582">
     <span class='ocr_line' id='line_1_4' title="bbox 268 486 1955 582; baseline -0.015 -18"><span class='ocrx_word' id='word_1_9' title='bbox 268 512 367 564; x_wconf 79' lang='grc' dir='ltr'>τῶν</span> <span class='ocrx_word' id='word_1_10' title='bbox 413 505 621 582; x_wconf 80' lang='grc' dir='ltr'>τάφων,</span> <span class='ocrx_word' id='word_1_11' title='bbox 689 497 806 555; x_wconf 74' lang='grc' dir='ltr'>ὅσοι</span> <span class='ocrx_word' id='word_1_12' title='bbox 869 497 939 552; x_wconf 83' lang='grc' dir='ltr'>τὰ</span> <span class='ocrx_word' id='word_1_13' title='bbox 1002 491 1191 564; x_wconf 71' lang='grc' dir='ltr'>ἔξωθεν</span> <span class='ocrx_word' id='word_1_14' title='bbox 1263 486 1411 551; x_wconf 71' lang='grc' dir='ltr'>ὄντες</span> <span class='ocrx_word' id='word_1_15' title='bbox 1482 488 1765 565; x_wconf 70' lang='grc' dir='ltr'>εὐπρεπεῖς</span> <span class='ocrx_word' id='word_1_16' title='bbox 1789 486 1955 582; x_wconf 26' lang='grc' dir='ltr'>*καὶγ</span> 
     </span>
    </p>
   </div>
   <div class='ocr_carea' id='block_1_5' title="bbox 2049 486 3671 582">
    <p class='ocr_par' dir='ltr' id='par_1_5' title="bbox 2049 486 3671 582">
     <span class='ocr_line' id='line_1_5' title="bbox 2049 486 3671 582; baseline 0.006 -41"><span class='ocrx_word' id='word_1_17' title='bbox 2049 486 2316 582; x_wconf 70' lang='lat' dir='ltr'>Lapientia</span> <span class='ocrx_word' id='word_1_18' title='bbox 2346 494 2601 562; x_wconf 62' lang='lat' dir='ltr'>praestat,</span> <span class='ocrx_word' id='word_1_19' title='bbox 2646 492 2740 548; x_wconf 91' lang='lat' dir='ltr'>hic</span> <span class='ocrx_word' id='word_1_20' title='bbox 2791 493 2937 549; x_wconf 91' lang='lat' dir='ltr'>mihi</span> <span class='ocrx_word' id='word_1_21' title='bbox 2986 494 3222 567; x_wconf 75' lang='lat' dir='ltr'>sapiens</span> <span class='ocrx_word' id='word_1_22' title='bbox 3271 498 3384 560; x_wconf 88' lang='lat' dir='ltr'>est,</span> <span class='ocrx_word' id='word_1_23' title='bbox 3433 509 3540 552; x_wconf 88' lang='lat' dir='ltr'>nec</span> <span class='ocrx_word' id='word_1_24' title='bbox 3571 494 3671 567; x_wconf 89' lang='lat' dir='ltr'>qui</span> 
     </span>
    </p>
   </div>
   <div class='ocr_carea' id='block_1_6' title="bbox 268 572 1911 673">
    <p class='ocr_par' dir='ltr' id='par_1_6' title="bbox 268 572 1911 673">
     <span class='ocr_line' id='line_1_6' title="bbox 268 572 1911 673; baseline -0.015 -20"><span class='ocrx_word' id='word_1_25' title='bbox 268 572 719 673; x_wconf 56' lang='lat' dir='ltr'>cbpaioz,p08&amp;ai</span> <span class='ocrx_word' id='word_1_26' title='bbox 773 591 985 663; x_wconf 80' lang='grc' dir='ltr'>νεκροῖς</span> <span class='ocrx_word' id='word_1_27' title='bbox 1036 584 1104 638; x_wconf 80' lang='grc' dir='ltr'>τὰ</span> <span class='ocrx_word' id='word_1_28' title='bbox 1149 579 1320 649; x_wconf 82' lang='grc' dir='ltr'>ἔνδον,</span> <span class='ocrx_word' id='word_1_29' title='bbox 1370 580 1460 633; x_wconf 82' lang='grc' dir='ltr'>καὶ</span> <span class='ocrx_word' id='word_1_30' title='bbox 1518 575 1736 646; x_wconf 80' lang='grc' dir='ltr'>πολλὴν</span> <span class='ocrx_word' id='word_1_31' title='bbox 1786 572 1911 630; x_wconf 81' lang='grc' dir='ltr'>δυσ-</span> 
     </span>
    </p>
   </div>
   <div class='ocr_carea' id='block_1_7' title="bbox 2021 577 3674 657">
    <p class='ocr_par' dir='ltr' id='par_1_7' title="bbox 2021 577 3674 657">
     <span class='ocr_line' id='line_1_7' title="bbox 2021 577 3674 657; baseline 0.006 -27"><span class='ocrx_word' id='word_1_32' title='bbox 2021 578 2168 632; x_wconf 77' lang='lat'><strong>801</strong></span> <span class='ocrx_word' id='word_1_33' title='bbox 2208 577 2518 635; x_wconf 85' lang='lat' dir='ltr'>volubilem</span> <span class='ocrx_word' id='word_1_34' title='bbox 2542 581 3426 657; x_wconf 86' lang='lat' dir='ltr'>quidemlinguam,instabilem</span> <span class='ocrx_word' id='word_1_35' title='bbox 3455 601 3590 640; x_wconf 88' lang='lat' dir='ltr'>vero</span> <span class='ocrx_word' id='word_1_36' title='bbox 3617 586 3674 640; x_wconf 86' lang='lat' dir='ltr'>et</span> 
     </span>
    </p>
   </div>
   <div class='ocr_carea' id='block_1_8' title="bbox 268 663 1955 757">
    <p class='ocr_par' dir='ltr' id='par_1_8' title="bbox 268 663 1911 757">
     <span class='ocr_line' id='line_1_8' title="bbox 268 663 1911 757; baseline -0.015 -16"><span class='ocrx_word' id='word_1_37' title='bbox 268 663 423 742; x_wconf 56' lang='grc' dir='ltr'>ωδίαν</span> <span class='ocrx_word' id='word_1_38' title='bbox 461 663 998 757; x_wconf 38' lang='grc' dir='ltr'>’περικαλύπτουσιν</span> <span class='ocrx_word' id='word_1_39' title='bbox 1060 670 1185 728; x_wconf 81' lang='grc' dir='ltr'>ἀλλ’</span> <span class='ocrx_word' id='word_1_40' title='bbox 1243 669 1391 731; x_wconf 74' lang='grc' dir='ltr'>ὅστις</span> <span class='ocrx_word' id='word_1_41' title='bbox 1444 665 1609 742; x_wconf 81' lang='grc' dir='ltr'>ὀλίγα</span> <span class='ocrx_word' id='word_1_42' title='bbox 1788 663 1911 738; x_wconf 87' lang='grc' dir='ltr'>περὶ</span> 
     </span>
    </p>
   </div>
   <div class='ocr_carea' id='block_1_9' title="bbox 2049 663 3671 757">
    <p class='ocr_par' dir='ltr' id='par_1_9' title="bbox 2049 667 3671 757">
     <span class='ocr_line' id='line_1_9' title="bbox 2049 667 3671 757; baseline 0.006 -37"><span class='ocrx_word' id='word_1_43' title='bbox 2049 667 2362 757; x_wconf 82' lang='lat' dir='ltr'>mperitum</span> <span class='ocrx_word' id='word_1_44' title='bbox 2385 668 2651 727; x_wconf 90' lang='lat' dir='ltr'>animum</span> <span class='ocrx_word' id='word_1_45' title='bbox 2667 670 2865 742; x_wconf 81' lang='lat' dir='ltr'><strong>habet,</strong></span> <span class='ocrx_word' id='word_1_46' title='bbox 2882 672 3000 730; x_wconf 89' lang='lat' dir='ltr'>illis</span> <span class='ocrx_word' id='word_1_47' title='bbox 3020 674 3222 747; x_wconf 85' lang='lat' dir='ltr'>utique</span> <span class='ocrx_word' id='word_1_48' title='bbox 3254 672 3539 745; x_wconf 79' lang='lat' dir='ltr'>sepulcris</span> <span class='ocrx_word' id='word_1_49' title='bbox 3556 690 3671 729; x_wconf 90' lang='lat' dir='ltr'>non</span> 
     </span>
    </p>
   </div>
   <div class='ocr_carea' id='block_1_10' title="bbox 266 752 1911 852">
    <p class='ocr_par' dir='ltr' id='par_1_10' title="bbox 266 752 1911 852">
     <span class='ocr_line' id='line_1_10' title="bbox 266 752 1911 852; baseline -0.015 -21"><span class='ocrx_word' id='word_1_50' title='bbox 266 776 453 852; x_wconf 78' lang='grc' dir='ltr'>ἀρετῆς</span> <span class='ocrx_word' id='word_1_51' title='bbox 492 752 802 850; x_wconf 70' lang='grc' dir='ltr'>φθέγγεται,</span> <span class='ocrx_word' id='word_1_52' title='bbox 855 762 1037 852; x_wconf 85' lang='grc' dir='ltr'>πολλᾷ</span> <span class='ocrx_word' id='word_1_53' title='bbox 1075 759 1135 852; x_wconf 12' lang='grc' dir='ltr'>,δὲ</span> <span class='ocrx_word' id='word_1_54' title='bbox 1159 762 1241 852; x_wconf 78' lang='grc' dir='ltr'>οἷς</span> <span class='ocrx_word' id='word_1_55' title='bbox 1275 752 1911 852; x_wconf 33' lang='grc' dir='ltr'>ένεργεῖᾼπαραὸείκνυσι,</span> 
     </span>
    </p>
   </div>
   <div class='ocr_carea' id='block_1_11' title="bbox 269 844 1916 932">
    <p class='ocr_par' dir='ltr' id='par_1_11' title="bbox 269 844 1916 932">
     <span class='ocr_line' id='line_1_11' title="bbox 269 844 1916 932; baseline -0.015 -12"><span class='ocrx_word' id='word_1_56' title='bbox 269 844 351 921; x_wconf 77' lang='grc' dir='ltr'>καὶ</span> <span class='ocrx_word' id='word_1_57' title='bbox 396 862 458 917; x_wconf 85' lang='grc' dir='ltr'>τὸ</span> <span class='ocrx_word' id='word_1_58' title='bbox 505 844 822 932; x_wconf 46' lang='grc' dir='ltr'>’ἀξιόπιστον</span> <span class='ocrx_word' id='word_1_59' title='bbox 880 858 960 926; x_wconf 79' lang='grc' dir='ltr'>τῷ</span> <span class='ocrx_word' id='word_1_60' title='bbox 1017 851 1167 927; x_wconf 84' lang='grc' dir='ltr'>λόγῳ</span> <span class='ocrx_word' id='word_1_61' title='bbox 1217 848 1307 905; x_wconf 84' lang='grc' dir='ltr'>διὰ</span> <span class='ocrx_word' id='word_1_62' title='bbox 1342 851 1439 903; x_wconf 77' lang='grc' dir='ltr'>τοῦ</span> <span class='ocrx_word' id='word_1_63' title='bbox 1475 846 1594 923; x_wconf 79' lang='grc' dir='ltr'>βίου</span> <span class='ocrx_word' id='word_1_64' title='bbox 1624 844 1916 922; x_wconf 80' lang='grc' dir='ltr'>προστίθη-</span> 
     </span>
    </p>
   </div>
   <div class='ocr_carea' id='block_1_12' title="bbox 268 975 364 1009">
    <p class='ocr_par' dir='ltr' id='par_1_12' title="bbox 268 975 364 1009">
     <span class='ocr_line' id='line_1_12' title="bbox 268 975 364 1009; baseline 0.01 -1"><span class='ocrx_word' id='word_1_65' title='bbox 268 975 364 1009; x_wconf 86' lang='grc' dir='ltr'>σιν.</span> 
     </span>
    </p>
   </div>
   <div class='ocr_carea' id='block_1_13' title="bbox 2023 754 3672 834">
    <p class='ocr_par' dir='ltr' id='par_1_13' title="bbox 2023 754 3672 834">
     <span class='ocr_line' id='line_1_13' title="bbox 2023 754 3672 834; baseline 0.005 -23"><span class='ocrx_word' id='word_1_66' title='bbox 2023 754 2633 828; x_wconf 74' lang='lat' dir='ltr'>absimilis,quaa,cum</span> <span class='ocrx_word' id='word_1_67' title='bbox 2658 761 2796 819; x_wconf 84' lang='lat' dir='ltr'>foris</span> <span class='ocrx_word' id='word_1_68' title='bbox 2808 763 3054 834; x_wconf 89' lang='lat' dir='ltr'>pulchra</span> <span class='ocrx_word' id='word_1_69' title='bbox 3065 768 3122 821; x_wconf 90' lang='lat' dir='ltr'>et</span> <span class='ocrx_word' id='word_1_70' title='bbox 3141 766 3350 821; x_wconf 90' lang='lat' dir='ltr'>decora</span> <span class='ocrx_word' id='word_1_71' title='bbox 3367 762 3672 830; x_wconf 88' lang='lat' dir='ltr'>sint,intus</span> 
     </span>
    </p>
   </div>
   <div class='ocr_carea' id='block_1_14' title="bbox 2021 847 3674 925">
    <p class='ocr_par' dir='ltr' id='par_1_14' title="bbox 2021 847 3674 925">
     <span class='ocr_line' id='line_1_14' title="bbox 2021 847 3674 925; baseline 0.004 -25"><span class='ocrx_word' id='word_1_72' title='bbox 2021 848 2219 901; x_wconf 89' lang='lat' dir='ltr'>tamen</span> <span class='ocrx_word' id='word_1_73' title='bbox 2245 847 2623 905; x_wconf 81' lang='lat' dir='ltr'>cadaveribus</span> <span class='ocrx_word' id='word_1_74' title='bbox 2662 855 2888 908; x_wconf 79' lang='lat' dir='ltr'>scatent</span> <span class='ocrx_word' id='word_1_75' title='bbox 2908 854 2973 919; x_wconf 77' lang='grc'>⁸⁷,</span> <span class='ocrx_word' id='word_1_76' title='bbox 2995 858 3171 923; x_wconf 88' lang='lat' dir='ltr'>atque</span> <span class='ocrx_word' id='word_1_77' title='bbox 3210 854 3505 925; x_wconf 85' lang='lat' dir='ltr'>ingentem</span> <span class='ocrx_word' id='word_1_78' title='bbox 3533 852 3674 907; x_wconf 87' lang='lat' dir='ltr'>feto-</span> 
     </span>
    </p>
   </div>
   <div class='ocr_carea' id='block_1_15' title="bbox 2024 938 3670 1017">
    <p class='ocr_par' dir='ltr' id='par_1_15' title="bbox 2024 938 3670 1017">
     <span class='ocr_line' id='line_1_15' title="bbox 2024 938 3670 1017; baseline 0.004 -26"><span class='ocrx_word' id='word_1_79' title='bbox 2024 953 2147 993; x_wconf 87' lang='lat' dir='ltr'>rem</span> <span class='ocrx_word' id='word_1_80' title='bbox 2177 938 2458 1010; x_wconf 89' lang='lat' dir='ltr'>obtegunt</span> <span class='ocrx_word' id='word_1_81' title='bbox 2487 955 2500 997; x_wconf 87' lang='lat'>:</span> <span class='ocrx_word' id='word_1_82' title='bbox 2531 958 2733 997; x_wconf 91' lang='lat' dir='ltr'>verum</span> <span class='ocrx_word' id='word_1_83' title='bbox 2765 943 2838 1013; x_wconf 89' lang='lat' dir='ltr'>is,</span> <span class='ocrx_word' id='word_1_84' title='bbox 2871 945 2967 1015; x_wconf 89' lang='lat' dir='ltr'>qui</span> <span class='ocrx_word' id='word_1_85' title='bbox 2993 962 3178 1017; x_wconf 88' lang='lat' dir='ltr'>pauca</span> <span class='ocrx_word' id='word_1_86' title='bbox 3207 945 3442 1017; x_wconf 91' lang='lat' dir='ltr'>quidem</span> <span class='ocrx_word' id='word_1_87' title='bbox 3457 946 3529 1000; x_wconf 90' lang='lat' dir='ltr'>de</span> <span class='ocrx_word' id='word_1_88' title='bbox 3562 942 3670 998; x_wconf 90' lang='lat' dir='ltr'>vir-</span> 
     </span>
    </p>
   </div>
   <div class='ocr_carea' id='block_1_16' title="bbox 271 1027 3563 1123">
    <p class='ocr_par' dir='ltr' id='par_1_16' title="bbox 271 1027 3563 1123">
     <span class='ocr_line' id='line_1_16' title="bbox 271 1027 3563 1123; baseline -0.007 -21"><span class='ocrx_word' id='word_1_89' title='bbox 271 1051 389 1102; x_wconf 88' lang='lat' dir='ltr'>tute</span> <span class='ocrx_word' id='word_1_90' title='bbox 419 1044 594 1099; x_wconf 89' lang='lat' dir='ltr'>verba</span> <span class='ocrx_word' id='word_1_91' title='bbox 625 1039 783 1107; x_wconf 83' lang='lat' dir='ltr'>facit,</span> <span class='ocrx_word' id='word_1_92' title='bbox 817 1035 1005 1093; x_wconf 91' lang='lat' dir='ltr'>multa</span> <span class='ocrx_word' id='word_1_93' title='bbox 1032 1050 1165 1090; x_wconf 89' lang='lat' dir='ltr'>vero</span> <span class='ocrx_word' id='word_1_94' title='bbox 1196 1030 1469 1103; x_wconf 91' lang='lat' dir='ltr'>operibus</span> <span class='ocrx_word' id='word_1_95' title='bbox 1500 1028 1750 1123; x_wconf 78' lang='lat' dir='ltr'>exhibet,</span> <span class='ocrx_word' id='word_1_96' title='bbox 1784 1027 1961 1083; x_wconf 87' lang='lat' dir='ltr'>ﬁdem</span> <span class='ocrx_word' id='word_1_97' title='bbox 1990 1030 2047 1083; x_wconf 91' lang='lat' dir='ltr'>et</span> <span class='ocrx_word' id='word_1_98' title='bbox 2076 1030 2480 1086; x_wconf 78' lang='lat' dir='ltr'>auctoritatem</span> <span class='ocrx_word' id='word_1_99' title='bbox 2511 1034 2768 1089; x_wconf 79' lang='lat' dir='ltr'>sermoni</span> <span class='ocrx_word' id='word_1_100' title='bbox 2798 1052 2903 1091; x_wconf 89' lang='lat' dir='ltr'>suo</span> <span class='ocrx_word' id='word_1_101' title='bbox 2928 1052 3031 1123; x_wconf 81' lang='lat' dir='ltr'>per</span> <span class='ocrx_word' id='word_1_102' title='bbox 3057 1038 3235 1092; x_wconf 87' lang='lat' dir='ltr'>vitam</span> <span class='ocrx_word' id='word_1_103' title='bbox 3269 1035 3563 1092; x_wconf 69' lang='lat' dir='ltr'>conciliat,</span> 
     </span>
    </p>
   </div>
   <div class='ocr_carea' id='block_1_17' title="bbox 334 1115 1908 1207">
    <p class='ocr_par' dir='ltr' id='par_1_17' title="bbox 334 1115 1908 1207">
     <span class='ocr_line' id='line_1_17' title="bbox 334 1115 1908 1207; baseline -0.011 -21"><span class='ocrx_word' id='word_1_104' title='bbox 334 1140 402 1190; x_wconf 88' lang='lat' dir='ltr'>I&quot;.</span> <span class='ocrx_word' id='word_1_105' title='bbox 489 1129 758 1207; x_wconf 83' lang='grc' dir='ltr'>Κρείσσων</span> <span class='ocrx_word' id='word_1_106' title='bbox 852 1122 975 1197; x_wconf 70' lang='grc' dir='ltr'>ἐμοὶ</span> <span class='ocrx_word' id='word_1_107' title='bbox 1051 1119 1322 1198; x_wconf 73' lang='grc' dir='ltr'>εὐμορφία</span> <span class='ocrx_word' id='word_1_108' title='bbox 1395 1115 1769 1207; x_wconf 21' lang='grc' dir='ltr'>θεωρουμένηή</span> <span class='ocrx_word' id='word_1_109' title='bbox 1809 1121 1908 1207; x_wconf 82' lang='grc' dir='ltr'>τῆς</span> 
     </span>
    </p>
   </div>
   <div class='ocr_carea' id='block_1_18' title="bbox 2090 1120 3669 1197">
    <p class='ocr_par' dir='ltr' id='par_1_18' title="bbox 2090 1120 3669 1197">
     <span class='ocr_line' id='line_1_18' title="bbox 2090 1120 3669 1197; baseline 0.003 -24"><span class='ocrx_word' id='word_1_110' title='bbox 2090 1120 2185 1173; x_wconf 86' lang='grc' dir='ltr'>ΙΙΙ.</span> <span class='ocrx_word' id='word_1_111' title='bbox 2218 1120 2607 1191; x_wconf 73' lang='lat' dir='ltr'>Praestantior,</span> <span class='ocrx_word' id='word_1_112' title='bbox 2660 1140 2789 1178; x_wconf 91' lang='lat' dir='ltr'>meo</span> <span class='ocrx_word' id='word_1_113' title='bbox 2846 1120 3083 1194; x_wconf 85' lang='lat' dir='ltr'>quidem</span> <span class='ocrx_word' id='word_1_114' title='bbox 3125 1126 3370 1196; x_wconf 80' lang='lat' dir='ltr'>judicio,</span> <span class='ocrx_word' id='word_1_115' title='bbox 3413 1129 3503 1181; x_wconf 89' lang='lat' dir='ltr'>est</span> <span class='ocrx_word' id='word_1_116' title='bbox 3532 1124 3669 1197; x_wconf 87' lang='lat' dir='ltr'>pul-</span> 
     </span>
    </p>
   </div>
   <div class='ocr_carea' id='block_1_19' title="bbox 269 1202 1955 1295">
    <p class='ocr_par' dir='ltr' id='par_1_19' title="bbox 269 1202 1910 1295">
     <span class='ocr_line' id='line_1_19' title="bbox 269 1202 1910 1295; baseline -0.012 -17"><span class='ocrx_word' id='word_1_117' title='bbox 269 1222 317 1278; x_wconf 77' lang='grc' dir='ltr'>ἐν</span> <span class='ocrx_word' id='word_1_118' title='bbox 362 1225 441 1295; x_wconf 92' lang='grc'>(1)</span> <span class='ocrx_word' id='word_1_119' title='bbox 512 1202 666 1293; x_wconf 85' lang='grc' dir='ltr'>λόγῳ</span> <span class='ocrx_word' id='word_1_120' title='bbox 737 1211 1222 1289; x_wconf 76' lang='grc' dir='ltr'>ζωγραφουμένηςο</span> <span class='ocrx_word' id='word_1_121' title='bbox 1275 1207 1363 1265; x_wconf 76' lang='grc' dir='ltr'>καὶ</span> <span class='ocrx_word' id='word_1_122' title='bbox 1421 1208 1678 1295; x_wconf 74' lang='grc' dir='ltr'>πλοῦτος,</span> <span class='ocrx_word' id='word_1_123' title='bbox 1740 1202 1796 1259; x_wconf 75' lang='grc' dir='ltr'>ὅν</span> <span class='ocrx_word' id='word_1_124' title='bbox 1844 1203 1910 1295; x_wconf 26' lang='grc' dir='ltr'>,αἱ</span> 
     </span>
    </p>
   </div>
   <div class='ocr_carea' id='block_1_20' title="bbox 2049 1202 3671 1295">
    <p class='ocr_par' dir='ltr' id='par_1_20' title="bbox 2055 1207 3671 1286">
     <span class='ocr_line' id='line_1_20' title="bbox 2055 1207 3671 1286; baseline 0.004 -25"><span class='ocrx_word' id='word_1_125' title='bbox 2055 1207 2287 1264; x_wconf 90' lang='lat' dir='ltr'>hritudo</span> <span class='ocrx_word' id='word_1_126' title='bbox 2317 1226 2385 1265; x_wconf 88' lang='lat' dir='ltr'>ea</span> <span class='ocrx_word' id='word_1_127' title='bbox 2415 1227 2542 1283; x_wconf 62' lang='lat' dir='ltr'>quas</span> <span class='ocrx_word' id='word_1_128' title='bbox 2564 1211 2749 1267; x_wconf 91' lang='lat' dir='ltr'>oculis</span> <span class='ocrx_word' id='word_1_129' title='bbox 2780 1214 3241 1286; x_wconf 88' lang='lat' dir='ltr'>cernitur,quam</span> <span class='ocrx_word' id='word_1_130' title='bbox 3254 1231 3378 1285; x_wconf 63' lang='lat' dir='ltr'>quas</span> <span class='ocrx_word' id='word_1_131' title='bbox 3400 1229 3671 1269; x_wconf 86' lang='lat' dir='ltr'>sermone</span> 
     </span>
    </p>
   </div>
   <div class='ocr_carea' id='block_1_21' title="bbox 268 1292 1908 1387">
    <p class='ocr_par' dir='ltr' id='par_1_21' title="bbox 268 1292 1908 1387">
     <span class='ocr_line' id='line_1_21' title="bbox 268 1292 1908 1387; baseline -0.012 -21"><span class='ocrx_word' id='word_1_132' title='bbox 268 1292 441 1387; x_wconf 82' lang='grc' dir='ltr'>χεῖρες</span> <span class='ocrx_word' id='word_1_133' title='bbox 473 1304 716 1383; x_wconf 78' lang='grc' dir='ltr'>ἔχουσιν,</span> <span class='ocrx_word' id='word_1_134' title='bbox 746 1304 782 1373; x_wconf 77' lang='grc' dir='ltr'><strong>ἢ</strong></span> <span class='ocrx_word' id='word_1_135' title='bbox 815 1304 872 1358; x_wconf 81' lang='grc' dir='ltr'>ὅν</span> <span class='ocrx_word' id='word_1_136' title='bbox 905 1303 958 1356; x_wconf 74' lang='grc' dir='ltr'>οἱ</span> <span class='ocrx_word' id='word_1_137' title='bbox 988 1300 1189 1375; x_wconf 72' lang='grc' dir='ltr'>ὄνειροι</span> <span class='ocrx_word' id='word_1_138' title='bbox 1219 1295 1565 1353; x_wconf 74' lang='grc' dir='ltr'>πλάττουσινο</span> <span class='ocrx_word' id='word_1_139' title='bbox 1599 1293 1687 1350; x_wconf 83' lang='grc' dir='ltr'>καὶ</span> <span class='ocrx_word' id='word_1_140' title='bbox 1728 1292 1908 1370; x_wconf 79' lang='grc' dir='ltr'>σοφία,</span> 
     </span>
    </p>
   </div>
   <div class='ocr_carea' id='block_1_22' title="bbox 2022 1296 3671 1375">
    <p class='ocr_par' dir='ltr' id='par_1_22' title="bbox 2022 1296 3671 1375">
     <span class='ocr_line' id='line_1_22' title="bbox 2022 1296 3671 1375; baseline 0.003 -23"><span class='ocrx_word' id='word_1_141' title='bbox 2022 1296 2313 1369; x_wconf 85' lang='lat' dir='ltr'>pingitur;</span> <span class='ocrx_word' id='word_1_142' title='bbox 2348 1304 2405 1355; x_wconf 92' lang='lat' dir='ltr'>et</span> <span class='ocrx_word' id='word_1_143' title='bbox 2429 1300 2642 1356; x_wconf 69' lang='lat' dir='ltr'>divitias</span> <span class='ocrx_word' id='word_1_144' title='bbox 2675 1318 2822 1374; x_wconf 88' lang='lat' dir='ltr'>quas</span> <span class='ocrx_word' id='word_1_145' title='bbox 2854 1320 3066 1360; x_wconf 88' lang='lat' dir='ltr'>manus</span> <span class='ocrx_word' id='word_1_146' title='bbox 3095 1307 3316 1373; x_wconf 88' lang='lat' dir='ltr'>tenent,</span> <span class='ocrx_word' id='word_1_147' title='bbox 3332 1319 3511 1375; x_wconf 87' lang='lat' dir='ltr'>quam</span> <span class='ocrx_word' id='word_1_148' title='bbox 3544 1319 3671 1373; x_wconf 68' lang='lat' dir='ltr'>quas</span> 
     </span>
    </p>
   </div>
   <div class='ocr_carea' id='block_1_23' title="bbox 268 1380 1955 1474">
    <p class='ocr_par' dir='ltr' id='par_1_23' title="bbox 268 1380 1909 1474">
     <span class='ocr_line' id='line_1_23' title="bbox 268 1380 1909 1474; baseline -0.011 -20"><span class='ocrx_word' id='word_1_149' title='bbox 268 1380 370 1474; x_wconf 58' lang='grc' dir='ltr'>οὗχί</span> <span class='ocrx_word' id='word_1_150' title='bbox 398 1402 433 1468; x_wconf 82' lang='grc' dir='ltr'>ἡ</span> <span class='ocrx_word' id='word_1_151' title='bbox 462 1380 542 1468; x_wconf 48' lang='lat' dir='ltr'>inii</span> <span class='ocrx_word' id='word_1_152' title='bbox 587 1393 741 1469; x_wconf 82' lang='grc' dir='ltr'>λόγῳ</span> <span class='ocrx_word' id='word_1_153' title='bbox 783 1394 859 1466; x_wconf 88' lang='grc'>(2)</span> <span class='ocrx_word' id='word_1_154' title='bbox 910 1386 1359 1465; x_wconf 86' lang='grc' dir='ltr'>λαμπρυνομένη,</span> <span class='ocrx_word' id='word_1_155' title='bbox 1409 1384 1535 1441; x_wconf 80' lang='grc' dir='ltr'>ἀλλ’</span> <span class='ocrx_word' id='word_1_156' title='bbox 1581 1386 1616 1454; x_wconf 84' lang='grc' dir='ltr'>ἡ</span> <span class='ocrx_word' id='word_1_157' title='bbox 1660 1380 1748 1439; x_wconf 76' lang='grc' dir='ltr'>διὰ</span> <span class='ocrx_word' id='word_1_158' title='bbox 1802 1386 1909 1437; x_wconf 80' lang='grc' dir='ltr'>τῶν</span> 
     </span>
    </p>
   </div>
   <div class='ocr_carea' id='block_1_24' title="bbox 2049 1380 3674 1474">
    <p class='ocr_par' dir='ltr' id='par_1_24' title="bbox 2049 1387 3674 1463">
     <span class='ocr_line' id='line_1_24' title="bbox 2049 1387 3674 1463; baseline 0.002 -25"><span class='ocrx_word' id='word_1_159' title='bbox 2049 1401 2125 1439; x_wconf 61' lang='lat' dir='ltr'>rer</span> <span class='ocrx_word' id='word_1_160' title='bbox 2152 1387 2383 1444; x_wconf 91' lang='lat' dir='ltr'>somnia</span> <span class='ocrx_word' id='word_1_161' title='bbox 2410 1388 2810 1460; x_wconf 82' lang='lat' dir='ltr'>efﬁnguntur;</span> <span class='ocrx_word' id='word_1_162' title='bbox 2844 1394 2901 1445; x_wconf 88' lang='lat' dir='ltr'>et</span> <span class='ocrx_word' id='word_1_163' title='bbox 2928 1389 3218 1463; x_wconf 81' lang='lat' dir='ltr'>sapientia</span> <span class='ocrx_word' id='word_1_164' title='bbox 3240 1406 3365 1463; x_wconf 78' lang='lat' dir='ltr'>quas</span> <span class='ocrx_word' id='word_1_165' title='bbox 3380 1406 3482 1461; x_wconf 88' lang='lat' dir='ltr'>per</span> <span class='ocrx_word' id='word_1_166' title='bbox 3498 1403 3674 1461; x_wconf 91' lang='lat' dir='ltr'>opera</span> 
     </span>
    </p>
   </div>
   <div class='ocr_carea' id='block_1_25' title="bbox 267 1473 1955 1564">
    <p class='ocr_par' dir='ltr' id='par_1_25' title="bbox 267 1473 1912 1564">
     <span class='ocr_line' id='line_1_25' title="bbox 267 1473 1912 1564; baseline -0.011 -21"><span class='ocrx_word' id='word_1_167' title='bbox 267 1473 429 1564; x_wconf 81' lang='grc' dir='ltr'>ἔργων</span> <span class='ocrx_word' id='word_1_168' title='bbox 487 1482 853 1558; x_wconf 78' lang='grc' dir='ltr'>ἐλεγχομένη,</span> <span class='ocrx_word' id='word_1_169' title='bbox 914 1479 1135 1540; x_wconf 81' lang='grc' dir='ltr'>Σύνεσις</span> <span class='ocrx_word' id='word_1_170' title='bbox 1200 1477 1305 1553; x_wconf 80' lang='grc' dir='ltr'>γὰρ</span> <span class='ocrx_word' id='word_1_171' title='bbox 1379 1474 1555 1550; x_wconf 78' lang='grc' dir='ltr'>ἀγαθή</span> <span class='ocrx_word' id='word_1_172' title='bbox 1613 1478 1743 1564; x_wconf 79' lang='grc' dir='ltr'>πᾶσι</span> <span class='ocrx_word' id='word_1_173' title='bbox 1793 1476 1912 1534; x_wconf 83' lang='grc' dir='ltr'>τοῖς</span> 
     </span>
    </p>
   </div>
   <div class='ocr_carea' id='block_1_26' title="bbox 2049 1473 3674 1564">
    <p class='ocr_par' dir='ltr' id='par_1_26' title="bbox 2049 1474 3674 1550">
     <span class='ocr_line' id='line_1_26' title="bbox 2049 1474 3674 1550; baseline 0.003 -22"><span class='ocrx_word' id='word_1_174' title='bbox 2049 1474 2479 1545; x_wconf 88' lang='lat' dir='ltr'>lemonstratur,</span> <span class='ocrx_word' id='word_1_175' title='bbox 2513 1494 2691 1548; x_wconf 89' lang='lat' dir='ltr'>quam</span> <span class='ocrx_word' id='word_1_176' title='bbox 2724 1495 2851 1550; x_wconf 65' lang='lat' dir='ltr'>quae</span> <span class='ocrx_word' id='word_1_177' title='bbox 2877 1494 3149 1535; x_wconf 87' lang='lat' dir='ltr'>sermone</span> <span class='ocrx_word' id='word_1_178' title='bbox 3173 1479 3318 1537; x_wconf 88' lang='lat' dir='ltr'>nitet</span> <span class='ocrx_word' id='word_1_179' title='bbox 3374 1494 3439 1536; x_wconf 90' lang='lat' dir='ltr'>ac</span> <span class='ocrx_word' id='word_1_180' title='bbox 3476 1476 3674 1549; x_wconf 85' lang='lat' dir='ltr'>splen-</span> 
     </span>
    </p>
   </div>
   <div class='ocr_carea' id='block_1_27' title="bbox 266 1561 1910 1648">
    <p class='ocr_par' dir='ltr' id='par_1_27' title="bbox 266 1561 1910 1648">
     <span class='ocr_line' id='line_1_27' title="bbox 266 1561 1910 1648; baseline -0.011 -16"><span class='ocrx_word' id='word_1_181' title='bbox 266 1561 506 1632; x_wconf 81' lang='grc' dir='ltr'>ποιοῦσιν</span> <span class='ocrx_word' id='word_1_182' title='bbox 558 1572 749 1641; x_wconf 73' lang='grc' dir='ltr'>αὐτὴν,</span> <span class='ocrx_word' id='word_1_183' title='bbox 802 1568 987 1648; x_wconf 76' lang='grc' dir='ltr'>φησὶν,</span> <span class='ocrx_word' id='word_1_184' title='bbox 1050 1564 1174 1621; x_wconf 88' lang='grc' dir='ltr'>ἀλλ’</span> <span class='ocrx_word' id='word_1_185' title='bbox 1232 1563 1299 1618; x_wconf 80' lang='grc' dir='ltr'>οὐ</span> <span class='ocrx_word' id='word_1_186' title='bbox 1352 1568 1472 1626; x_wconf 77' lang='grc' dir='ltr'>τοῖς</span> <span class='ocrx_word' id='word_1_187' title='bbox 1521 1561 1910 1638; x_wconf 77' lang='grc' dir='ltr'>κηρύττουσιν·</span> 
     </span>
    </p>
   </div>
   <div class='ocr_carea' id='block_1_28' title="bbox 2026 1565 3675 1641">
    <p class='ocr_par' dir='ltr' id='par_1_28' title="bbox 2026 1565 3675 1641">
     <span class='ocr_line' id='line_1_28' title="bbox 2026 1565 3675 1641; baseline 0.002 -21"><span class='ocrx_word' id='word_1_188' title='bbox 2026 1565 2225 1621; x_wconf 90' lang='lat' dir='ltr'>descit.</span> <span class='ocrx_word' id='word_1_189' title='bbox 2257 1567 2571 1622; x_wconf 81' lang='lat' dir='ltr'>Intellectus</span> <span class='ocrx_word' id='word_1_190' title='bbox 2596 1568 2754 1623; x_wconf 89' lang='lat' dir='ltr'>enim</span> <span class='ocrx_word' id='word_1_191' title='bbox 2784 1570 2974 1641; x_wconf 75' lang='lat' dir='ltr'>bonus,</span> <span class='ocrx_word' id='word_1_192' title='bbox 3006 1569 3201 1640; x_wconf 90' lang='lat' dir='ltr'>inquit</span> <span class='ocrx_word' id='word_1_193' title='bbox 3259 1567 3377 1637; x_wconf 90' lang='lat' dir='ltr'>ille,</span> <span class='ocrx_word' id='word_1_194' title='bbox 3418 1568 3675 1624; x_wconf 79' lang='lat' dir='ltr'>omnibus</span> 
     </span>
    </p>
   </div>
   <div class='ocr_carea' id='block_1_29' title="bbox 266 1649 1955 1736">
    <p class='ocr_par' dir='ltr' id='par_1_29' title="bbox 266 1649 1913 1736">
     <span class='ocr_line' id='line_1_29' title="bbox 266 1649 1913 1736; baseline -0.012 -15"><span class='ocrx_word' id='word_1_195' title='bbox 266 1664 463 1735; x_wconf 60' lang='grc' dir='ltr'>ταύτης</span> <span class='ocrx_word' id='word_1_196' title='bbox 511 1660 570 1716; x_wconf 67' lang='grc' dir='ltr'>δὲ</span> <span class='ocrx_word' id='word_1_197' title='bbox 617 1659 846 1736; x_wconf 73' lang='grc' dir='ltr'>βάσανος</span> <span class='ocrx_word' id='word_1_198' title='bbox 894 1651 1257 1732; x_wconf 71' lang='grc' dir='ltr'>ἀκριϐεστάτη</span> <span class='ocrx_word' id='word_1_199' title='bbox 1305 1659 1405 1723; x_wconf 82' lang='grc' dir='ltr'>τῆς</span> <span class='ocrx_word' id='word_1_200' title='bbox 1456 1651 1644 1729; x_wconf 75' lang='grc' dir='ltr'>σοφίας</span> <span class='ocrx_word' id='word_1_201' title='bbox 1686 1649 1913 1725; x_wconf 81' lang='grc' dir='ltr'>χρόνος,</span> 
     </span>
    </p>
   </div>
   <div class='ocr_carea' id='block_1_30' title="bbox 2049 1649 3673 1736">
    <p class='ocr_par' dir='ltr' id='par_1_30' title="bbox 2049 1656 3673 1730">
     <span class='ocr_line' id='line_1_30' title="bbox 2049 1656 3673 1730; baseline 0.002 -20"><span class='ocrx_word' id='word_1_202' title='bbox 2049 1656 2355 1712; x_wconf 62' lang='lat' dir='ltr'>scientibus</span> <span class='ocrx_word' id='word_1_203' title='bbox 2383 1672 2507 1712; x_wconf 80' lang='lat' dir='ltr'>eum</span> <span class='ocrx_word' id='word_1_204' title='bbox 2528 1657 2592 1727; x_wconf 79' lang='grc'>⁸⁸,</span> <span class='ocrx_word' id='word_1_205' title='bbox 2618 1673 2734 1713; x_wconf 91' lang='lat' dir='ltr'>non</span> <span class='ocrx_word' id='word_1_206' title='bbox 2754 1662 2949 1714; x_wconf 87' lang='lat' dir='ltr'>autem</span> <span class='ocrx_word' id='word_1_207' title='bbox 2975 1659 3446 1730; x_wconf 71' lang='lat' dir='ltr'>praedicantibus.</span> <span class='ocrx_word' id='word_1_208' title='bbox 3481 1658 3673 1728; x_wconf 82' lang='lat' dir='ltr'>Hujus</span> 
     </span>
    </p>
   </div>
   <div class='ocr_carea' id='block_1_31' title="bbox 267 1736 1913 1826">
    <p class='ocr_par' dir='ltr' id='par_1_31' title="bbox 267 1736 1913 1826">
     <span class='ocr_line' id='line_1_31' title="bbox 267 1736 1913 1826; baseline -0.01 -18"><span class='ocrx_word' id='word_1_209' title='bbox 267 1752 354 1808; x_wconf 81' lang='grc' dir='ltr'>καὶ</span> <span class='ocrx_word' id='word_1_210' title='bbox 412 1752 667 1826; x_wconf 79' lang='grc' dir='ltr'>στέφανος</span> <span class='ocrx_word' id='word_1_211' title='bbox 726 1740 896 1806; x_wconf 76' lang='grc' dir='ltr'>ὅντως</span> <span class='ocrx_word' id='word_1_212' title='bbox 949 1750 1124 1818; x_wconf 79' lang='grc' dir='ltr'>γῆρας</span> <span class='ocrx_word' id='word_1_213' title='bbox 1182 1743 1528 1816; x_wconf 78' lang='grc' dir='ltr'>καυχήσεως.</span> <span class='ocrx_word' id='word_1_214' title='bbox 1590 1737 1650 1793; x_wconf 82' lang='grc' dir='ltr'>Εἰ</span> <span class='ocrx_word' id='word_1_215' title='bbox 1689 1736 1913 1826; x_wconf 76' lang='grc' dir='ltr'>γὰρού</span> 
     </span>
    </p>
   </div>
   <div class='ocr_carea' id='block_1_32' title="bbox 2025 1746 3672 1820">
    <p class='ocr_par' dir='ltr' id='par_1_32' title="bbox 2025 1746 3672 1820">
     <span class='ocr_line' id='line_1_32' title="bbox 2025 1746 3672 1820; baseline 0.001 -19"><span class='ocrx_word' id='word_1_216' title='bbox 2025 1762 2195 1817; x_wconf 92' lang='lat' dir='ltr'>porro</span> <span class='ocrx_word' id='word_1_217' title='bbox 2227 1746 2525 1818; x_wconf 66' lang='lat' dir='ltr'>sapientiae</span> <span class='ocrx_word' id='word_1_218' title='bbox 2558 1747 2925 1804; x_wconf 87' lang='lat' dir='ltr'>certissimus</span> <span class='ocrx_word' id='word_1_219' title='bbox 2955 1748 3285 1820; x_wconf 85' lang='lat' dir='ltr'>explorator</span> <span class='ocrx_word' id='word_1_220' title='bbox 3313 1751 3548 1819; x_wconf 85' lang='lat' dir='ltr'>tempus</span> <span class='ocrx_word' id='word_1_221' title='bbox 3563 1749 3672 1817; x_wconf 89' lang='lat' dir='ltr'>est,</span> 
     </span>
    </p>
   </div>
   <div class='ocr_carea' id='block_1_33' title="bbox 272 1824 1955 1942">
    <p class='ocr_par' dir='ltr' id='par_1_33' title="bbox 272 1824 1955 1942">
     <span class='ocr_line' id='line_1_33' title="bbox 272 1824 1955 1917; baseline -0.008 -22"><span class='ocrx_word' id='word_1_222' title='bbox 272 1843 379 1917; x_wconf 85' lang='grc' dir='ltr'>χρή</span> <span class='ocrx_word' id='word_1_223' title='bbox 443 1824 753 1914; x_wconf 80' lang='grc' dir='ltr'>μακαρίζειν</span> <span class='ocrx_word' id='word_1_224' title='bbox 805 1834 910 1910; x_wconf 84' lang='grc' dir='ltr'>πρὸ</span> <span class='ocrx_word' id='word_1_225' title='bbox 966 1830 1224 1900; x_wconf 78' lang='grc' dir='ltr'>τελευτῆς</span> <span class='ocrx_word' id='word_1_226' title='bbox 1269 1830 1571 1905; x_wconf 80' lang='grc' dir='ltr'>ἄνθρωπον,</span> <span class='ocrx_word' id='word_1_227' title='bbox 1605 1828 1680 1889; x_wconf 87' lang='grc' dir='ltr'>ὡς</span> <span class='ocrx_word' id='word_1_228' title='bbox 1740 1824 1955 1884; x_wconf 76' lang='grc' dir='ltr'>Σολο-,</span> 
     </span>
     <span class='ocr_line' id='line_1_34' title="bbox 326 1915 1955 1942; baseline 0 0"><span class='ocrx_word' id='word_1_229' title='bbox 326 1932 349 1942; x_wconf 67' lang='grc' dir='ltr'><strong><em>ν</em></strong></span> <span class='ocrx_word' id='word_1_230' title='bbox 514 1929 527 1942; x_wconf 65' lang='grc' dir='ltr'>ο</span> <span class='ocrx_word' id='word_1_231' title='bbox 620 1928 632 1942; x_wconf 86' lang='lat'><strong><em>\</em></strong></span> <span class='ocrx_word' id='word_1_232' title='bbox 686 1924 709 1942; x_wconf 57' lang='lat' dir='ltr'><strong>ﬁ</strong></span> <span class='ocrx_word' id='word_1_233' title='bbox 808 1930 831 1940; x_wconf 60' lang='grc' dir='ltr'><strong>ν</strong></span> <span class='ocrx_word' id='word_1_234' title='bbox 972 1923 986 1942; x_wconf 83' lang='lat'><em>\</em></span> <span class='ocrx_word' id='word_1_235' title='bbox 1044 1919 1099 1942; x_wconf 57' lang='grc' dir='ltr'>νδ</span> <span class='ocrx_word' id='word_1_236' title='bbox 1148 1919 1168 1942; x_wconf 62' lang='grc' dir='ltr'>Ἶ</span> <span class='ocrx_word' id='word_1_237' title='bbox 1238 1940 1243 1942; x_wconf 67' lang='lat'>.</span> <span class='ocrx_word' id='word_1_238' title='bbox 1297 1918 1322 1942; x_wconf 70' lang='grc' dir='ltr'><strong><em>υ</em></strong></span> <span class='ocrx_word' id='word_1_239' title='bbox 1366 1920 1502 1942; x_wconf 40' lang='grc' dir='ltr'>ᾉΑ.-λ</span> <span class='ocrx_word' id='word_1_240' title='bbox 1534 1920 1628 1942; x_wconf 36' lang='grc' dir='ltr'>..μῪΑ</span> <span class='ocrx_word' id='word_1_241' title='bbox 1665 1915 1918 1942; x_wconf 47' lang='grc' dir='ltr'>Ῑ-.-.Ῑᾼ-ΑΑ</span> <span class='ocrx_word' id='word_1_242' title='bbox 1949 1933 1955 1942; x_wconf 75' lang='grc' dir='ltr'>ι</span> 
     </span>
    </p>
   </div>
   <div class='ocr_carea' id='block_1_34' title="bbox 2049 1824 3677 1942">
    <p class='ocr_par' dir='ltr' id='par_1_34' title="bbox 2049 1836 3677 1907">
     <span class='ocr_line' id='line_1_35' title="bbox 2049 1836 3677 1907; baseline 0.001 -17"><span class='ocrx_word' id='word_1_243' title='bbox 2049 1851 2095 1890; x_wconf 82' lang='grc' dir='ltr'>ιο</span> <span class='ocrx_word' id='word_1_244' title='bbox 2123 1852 2254 1891; x_wconf 90' lang='lat' dir='ltr'>vere</span> <span class='ocrx_word' id='word_1_245' title='bbox 2284 1836 2648 1907; x_wconf 88' lang='lat' dir='ltr'>gloriationis</span> <span class='ocrx_word' id='word_1_246' title='bbox 2689 1854 2902 1893; x_wconf 86' lang='lat' dir='ltr'>corona</span> <span class='ocrx_word' id='word_1_247' title='bbox 2930 1842 3197 1895; x_wconf 88' lang='lat' dir='ltr'>senectus</span> <span class='ocrx_word' id='word_1_248' title='bbox 3227 1837 3293 1892; x_wconf 74' lang='lat'>3°.</span> <span class='ocrx_word' id='word_1_249' title='bbox 3324 1838 3472 1893; x_wconf 86' lang='lat' dir='ltr'>Nam</span> <span class='ocrx_word' id='word_1_250' title='bbox 3505 1836 3574 1906; x_wconf 89' lang='lat' dir='ltr'>si,</span> <span class='ocrx_word' id='word_1_251' title='bbox 3610 1838 3677 1892; x_wconf 91' lang='lat' dir='ltr'>ut</span> 
     </span>
    </p>
   </div>
   <div class='ocr_carea' id='block_1_35' title="bbox 276 1915 1955 2005">
    <p class='ocr_par' dir='ltr' id='par_1_35' title="bbox 276 1915 1955 2005">
     <span class='ocr_line' id='line_1_36' title="bbox 276 1915 1955 2005; baseline -0.01 -19"><span class='ocrx_word' id='word_1_252' title='bbox 276 1915 437 2005; x_wconf 77' lang='grc' dir='ltr'>μῶντι</span> <span class='ocrx_word' id='word_1_253' title='bbox 467 1928 636 2001; x_wconf 73' lang='grc' dir='ltr'>κάμοὶ</span> <span class='ocrx_word' id='word_1_254' title='bbox 682 1924 849 1996; x_wconf 80' lang='grc' dir='ltr'>δοκεῖ,</span> <span class='ocrx_word' id='word_1_255' title='bbox 899 1923 987 1978; x_wconf 79' lang='grc' dir='ltr'>καὶ</span> <span class='ocrx_word' id='word_1_256' title='bbox 1038 1919 1244 1992; x_wconf 77' lang='grc' dir='ltr'>ἄδηλον</span> <span class='ocrx_word' id='word_1_257' title='bbox 1293 1918 1322 1975; x_wconf 80' lang='grc' dir='ltr'>ὅ</span> <span class='ocrx_word' id='word_1_258' title='bbox 1358 1920 1504 1994; x_wconf 82' lang='grc' dir='ltr'>παρὰ</span> <span class='ocrx_word' id='word_1_259' title='bbox 1530 1920 1628 1987; x_wconf 75' lang='grc' dir='ltr'>τῆς</span> <span class='ocrx_word' id='word_1_260' title='bbox 1662 1915 1918 1987; x_wconf 68' lang='grc' dir='ltr'>ἐπιούσης</span> <span class='ocrx_word' id='word_1_261' title='bbox 1949 1933 1955 1942; x_wconf 87' lang='grc'><strong>·</strong></span> 
     </span>
    </p>
   </div>
   <div class='ocr_carea' id='block_1_36' title="bbox 2049 1915 3674 2005">
    <p class='ocr_par' dir='ltr' id='par_1_36' title="bbox 2049 1925 3674 1997">
     <span class='ocr_line' id='line_1_37' title="bbox 2049 1925 3674 1997; baseline 0.001 -18"><span class='ocrx_word' id='word_1_262' title='bbox 2049 1941 2164 1997; x_wconf 67' lang='grc' dir='ltr'>ιτεο</span> <span class='ocrx_word' id='word_1_263' title='bbox 2195 1941 2332 1980; x_wconf 91' lang='lat' dir='ltr'>cum</span> <span class='ocrx_word' id='word_1_264' title='bbox 2348 1925 2654 1982; x_wconf 90' lang='lat' dir='ltr'>Salomone</span> <span class='ocrx_word' id='word_1_265' title='bbox 2684 1927 2892 1994; x_wconf 87' lang='lat' dir='ltr'>sentio,</span> <span class='ocrx_word' id='word_1_266' title='bbox 2927 1926 3225 1983; x_wconf 87' lang='lat' dir='ltr'>hominem</span> <span class='ocrx_word' id='word_1_267' title='bbox 3260 1929 3392 1982; x_wconf 84' lang='lat' dir='ltr'>ante</span> <span class='ocrx_word' id='word_1_268' title='bbox 3422 1930 3674 1982; x_wconf 89' lang='lat' dir='ltr'>mortem</span> 
     </span>
    </p>
   </div>
   <div class='ocr_carea' id='block_1_37' title="bbox 273 2008 1919 2097">
    <p class='ocr_par' dir='ltr' id='par_1_37' title="bbox 273 2008 1919 2097">
     <span class='ocr_line' id='line_1_38' title="bbox 273 2008 1919 2097; baseline -0.009 -21"><span class='ocrx_word' id='word_1_269' title='bbox 273 2023 614 2097; x_wconf 78' lang='grc' dir='ltr'>τεχθήσεται,</span> <span class='ocrx_word' id='word_1_270' title='bbox 641 2014 858 2078; x_wconf 83' lang='grc' dir='ltr'>πολλὰς</span> <span class='ocrx_word' id='word_1_271' title='bbox 891 2015 1123 2091; x_wconf 70' lang='grc' dir='ltr'>στροφὰς</span> <span class='ocrx_word' id='word_1_272' title='bbox 1155 2011 1388 2087; x_wconf 74' lang='grc' dir='ltr'>ἐχούσης</span> <span class='ocrx_word' id='word_1_273' title='bbox 1434 2013 1595 2085; x_wconf 81' lang='grc' dir='ltr'>ἡμῶν</span> <span class='ocrx_word' id='word_1_274' title='bbox 1642 2014 1741 2079; x_wconf 74' lang='grc' dir='ltr'>τῆς</span> <span class='ocrx_word' id='word_1_275' title='bbox 1772 2008 1919 2064; x_wconf 79' lang='grc' dir='ltr'>κάτω</span> 
     </span>
    </p>
   </div>
   <div class='ocr_carea' id='block_1_38' title="bbox 279 2097 1917 2181">
    <p class='ocr_par' dir='ltr' id='par_1_38' title="bbox 279 2097 1917 2181">
     <span class='ocr_line' id='line_1_39' title="bbox 279 2097 1917 2181; baseline -0.008 -16"><span class='ocrx_word' id='word_1_276' title='bbox 279 2117 445 2181; x_wconf 78' lang='grc' dir='ltr'>ζωῆς,</span> <span class='ocrx_word' id='word_1_277' title='bbox 496 2108 586 2163; x_wconf 86' lang='grc' dir='ltr'>καὶ</span> <span class='ocrx_word' id='word_1_278' title='bbox 638 2106 735 2162; x_wconf 79' lang='grc' dir='ltr'>τοῦ</span> <span class='ocrx_word' id='word_1_279' title='bbox 792 2111 893 2174; x_wconf 81' lang='grc' dir='ltr'>τῆς</span> <span class='ocrx_word' id='word_1_280' title='bbox 944 2102 1321 2163; x_wconf 73' lang='grc' dir='ltr'>ταπεινώσεως</span> <span class='ocrx_word' id='word_1_281' title='bbox 1382 2101 1635 2174; x_wconf 86' lang='grc' dir='ltr'>σώματος</span> <span class='ocrx_word' id='word_1_282' title='bbox 1666 2100 1774 2154; x_wconf 81' lang='grc' dir='ltr'>ἅνω</span> <span class='ocrx_word' id='word_1_283' title='bbox 1828 2097 1917 2153; x_wconf 80' lang='grc' dir='ltr'>καὶ</span> 
     </span>
    </p>
   </div>
   <div class='ocr_carea' id='block_1_39' title="bbox 272 2187 1919 2270">
    <p class='ocr_par' dir='ltr' id='par_1_39' title="bbox 272 2187 1919 2270">
     <span class='ocr_line' id='line_1_40' title="bbox 272 2187 1919 2270; baseline -0.009 -15"><span class='ocrx_word' id='word_1_284' title='bbox 272 2200 415 2255; x_wconf 75' lang='grc' dir='ltr'>κάτω</span> <span class='ocrx_word' id='word_1_285' title='bbox 463 2195 787 2270; x_wconf 73' lang='grc' dir='ltr'>κινουμένου</span> <span class='ocrx_word' id='word_1_286' title='bbox 832 2197 909 2267; x_wconf 89' lang='grc'>(3)</span> <span class='ocrx_word' id='word_1_287' title='bbox 962 2192 1051 2248; x_wconf 82' lang='grc' dir='ltr'>καὶ</span> <span class='ocrx_word' id='word_1_288' title='bbox 1100 2191 1568 2265; x_wconf 81' lang='grc' dir='ltr'>μεταπίπτοντος·</span> <span class='ocrx_word' id='word_1_289' title='bbox 1623 2193 1740 2251; x_wconf 79' lang='grc' dir='ltr'>πῶς</span> <span class='ocrx_word' id='word_1_290' title='bbox 1790 2187 1919 2263; x_wconf 73' lang='grc' dir='ltr'>οὐχὶ</span> 
     </span>
    </p>
   </div>
   <div class='ocr_carea' id='block_1_40' title="bbox 274 2277 1921 2358">
    <p class='ocr_par' dir='ltr' id='par_1_40' title="bbox 274 2277 1921 2358">
     <span class='ocr_line' id='line_1_41' title="bbox 274 2277 1921 2358; baseline -0.007 -14"><span class='ocrx_word' id='word_1_291' title='bbox 274 2289 361 2344; x_wconf 83' lang='grc' dir='ltr'>καὶ</span> <span class='ocrx_word' id='word_1_292' title='bbox 392 2291 421 2342; x_wconf 83' lang='grc' dir='ltr'>ὁ</span> <span class='ocrx_word' id='word_1_293' title='bbox 450 2289 512 2344; x_wconf 87' lang='grc' dir='ltr'>τὸ</span> <span class='ocrx_word' id='word_1_294' title='bbox 567 2284 712 2341; x_wconf 79' lang='grc' dir='ltr'>πολὺ</span> <span class='ocrx_word' id='word_1_295' title='bbox 757 2288 858 2339; x_wconf 75' lang='grc' dir='ltr'>τοῦ</span> <span class='ocrx_word' id='word_1_296' title='bbox 911 2283 1032 2358; x_wconf 88' lang='grc' dir='ltr'>βίου</span> <span class='ocrx_word' id='word_1_297' title='bbox 1070 2284 1150 2353; x_wconf 86' lang='grc'>(4)</span> <span class='ocrx_word' id='word_1_298' title='bbox 1207 2281 1445 2342; x_wconf 84' lang='grc' dir='ltr'>κενώσας</span> <span class='ocrx_word' id='word_1_299' title='bbox 1477 2278 1796 2353; x_wconf 81' lang='grc' dir='ltr'>ἀμέμπτως,</span> <span class='ocrx_word' id='word_1_300' title='bbox 1830 2277 1921 2332; x_wconf 68' lang='grc' dir='ltr'>καὶ</span> 
     </span>
    </p>
   </div>
   <div class='ocr_carea' id='block_1_41' title="bbox 273 2363 1920 2451">
    <p class='ocr_par' dir='ltr' id='par_1_41' title="bbox 273 2363 1920 2451">
     <span class='ocr_line' id='line_1_42' title="bbox 273 2363 1920 2451; baseline -0.007 -18"><span class='ocrx_word' id='word_1_301' title='bbox 273 2380 383 2433; x_wconf 84' lang='grc' dir='ltr'>οἷον</span> <span class='ocrx_word' id='word_1_302' title='bbox 414 2374 525 2447; x_wconf 74' lang='grc' dir='ltr'>ἤδη</span> <span class='ocrx_word' id='word_1_303' title='bbox 551 2375 688 2451; x_wconf 85' lang='grc' dir='ltr'>πρὸς</span> <span class='ocrx_word' id='word_1_304' title='bbox 721 2372 935 2446; x_wconf 81' lang='grc' dir='ltr'>λιμέσιν</span> <span class='ocrx_word' id='word_1_305' title='bbox 970 2370 1042 2425; x_wconf 81' lang='grc' dir='ltr'>ὥν</span> <span class='ocrx_word' id='word_1_306' title='bbox 1067 2374 1165 2425; x_wconf 77' lang='grc' dir='ltr'>τοῦ</span> <span class='ocrx_word' id='word_1_307' title='bbox 1192 2373 1377 2425; x_wconf 77' lang='grc' dir='ltr'>κοινοῦ</span> <span class='ocrx_word' id='word_1_308' title='bbox 1406 2376 1506 2439; x_wconf 87' lang='grc' dir='ltr'>τῆς</span> <span class='ocrx_word' id='word_1_309' title='bbox 1549 2373 1693 2437; x_wconf 82' lang='grc' dir='ltr'>ζωῆς</span> <span class='ocrx_word' id='word_1_310' title='bbox 1750 2363 1920 2422; x_wconf 80' lang='grc' dir='ltr'>πελά-</span> 
     </span>
    </p>
   </div>
   <div class='ocr_carea' id='block_1_42' title="bbox 269 2456 1920 2543">
    <p class='ocr_par' dir='ltr' id='par_1_42' title="bbox 269 2456 1920 2543">
     <span class='ocr_line' id='line_1_43' title="bbox 269 2456 1920 2543; baseline -0.005 -22"><span class='ocrx_word' id='word_1_311' title='bbox 269 2487 418 2543; x_wconf 89' lang='grc' dir='ltr'>γους,</span> <span class='ocrx_word' id='word_1_312' title='bbox 447 2469 545 2520; x_wconf 79' lang='grc' dir='ltr'>τοῦ</span> <span class='ocrx_word' id='word_1_313' title='bbox 574 2462 749 2520; x_wconf 75' lang='grc' dir='ltr'>πολὺν</span> <span class='ocrx_word' id='word_1_314' title='bbox 773 2460 999 2537; x_wconf 79' lang='grc' dir='ltr'>ἔχοντος</span> <span class='ocrx_word' id='word_1_315' title='bbox 1031 2456 1107 2514; x_wconf 80' lang='grc' dir='ltr'>ἔτι</span> <span class='ocrx_word' id='word_1_316' title='bbox 1138 2460 1229 2515; x_wconf 88' lang='grc' dir='ltr'>τὸν</span> <span class='ocrx_word' id='word_1_317' title='bbox 1275 2457 1448 2515; x_wconf 79' lang='grc' dir='ltr'>πλοῦν</span> <span class='ocrx_word' id='word_1_318' title='bbox 1506 2457 1920 2536; x_wconf 71' lang='grc' dir='ltr'>ἀσφαλέστερος,</span> 
     </span>
    </p>
   </div>
   <div class='ocr_carea' id='block_1_43' title="bbox 270 2551 1154 2625">
    <p class='ocr_par' dir='ltr' id='par_1_43' title="bbox 270 2551 1154 2625">
     <span class='ocr_line' id='line_1_44' title="bbox 270 2551 1154 2625; baseline -0.009 -14"><span class='ocrx_word' id='word_1_319' title='bbox 270 2554 362 2611; x_wconf 78' lang='grc' dir='ltr'>καὶ</span> <span class='ocrx_word' id='word_1_320' title='bbox 395 2552 485 2610; x_wconf 74' lang='grc' dir='ltr'>διὰ</span> <span class='ocrx_word' id='word_1_321' title='bbox 510 2557 672 2610; x_wconf 76' lang='grc' dir='ltr'>τοῦτο</span> <span class='ocrx_word' id='word_1_322' title='bbox 710 2551 1114 2625; x_wconf 79' lang='grc' dir='ltr'>μακαριώτερος</span> <span class='ocrx_word' id='word_1_323' title='bbox 1141 2567 1154 2619; x_wconf 89' lang='grc'><strong>;</strong></span> 
     </span>
    </p>
   </div>
   <div class='ocr_carea' id='block_1_44' title="bbox 345 2813 1926 2892">
    <p class='ocr_par' dir='ltr' id='par_1_44' title="bbox 345 2813 1926 2892">
     <span class='ocr_line' id='line_1_45' title="bbox 345 2813 1926 2892; baseline -0.008 -12"><span class='ocrx_word' id='word_1_324' title='bbox 345 2829 417 2880; x_wconf 87' lang='grc' dir='ltr'>Δ’.</span> <span class='ocrx_word' id='word_1_325' title='bbox 449 2825 541 2892; x_wconf 77' lang='grc' dir='ltr'>Μὴ</span> <span class='ocrx_word' id='word_1_326' title='bbox 599 2820 778 2877; x_wconf 87' lang='grc' dir='ltr'>τοίνυν</span> <span class='ocrx_word' id='word_1_327' title='bbox 855 2814 1181 2890; x_wconf 77' lang='grc' dir='ltr'>ἀποκλείσῃς</span> <span class='ocrx_word' id='word_1_328' title='bbox 1254 2814 1502 2891; x_wconf 77' lang='grc' dir='ltr'>γλῶσσαν</span> <span class='ocrx_word' id='word_1_329' title='bbox 1587 2815 1687 2883; x_wconf 68' lang='grc' dir='ltr'>τὴν</span> <span class='ocrx_word' id='word_1_330' title='bbox 1738 2813 1926 2869; x_wconf 73' lang='grc' dir='ltr'>πολλὰ</span> 
     </span>
    </p>
   </div>
   <div class='ocr_carea' id='block_1_45' title="bbox 278 2902 1929 2992">
    <p class='ocr_par' dir='ltr' id='par_1_45' title="bbox 278 2902 1929 2992">
     <span class='ocr_line' id='line_1_46' title="bbox 278 2902 1929 2992; baseline -0.005 -24"><span class='ocrx_word' id='word_1_331' title='bbox 278 2913 645 2992; x_wconf 67' lang='grc' dir='ltr'>φθεγξαμένην</span> <span class='ocrx_word' id='word_1_332' title='bbox 677 2908 882 2979; x_wconf 79' lang='grc' dir='ltr'>καλῶς,</span> <span class='ocrx_word' id='word_1_333' title='bbox 932 2908 999 2977; x_wconf 77' lang='grc' dir='ltr'>ἧς</span> <span class='ocrx_word' id='word_1_334' title='bbox 1033 2907 1085 2960; x_wconf 71' lang='grc' dir='ltr'>οἱ</span> <span class='ocrx_word' id='word_1_335' title='bbox 1114 2903 1313 2981; x_wconf 67' lang='grc' dir='ltr'>καρποὶ</span> <span class='ocrx_word' id='word_1_336' title='bbox 1337 2902 1564 2975; x_wconf 78' lang='grc' dir='ltr'>πολλοὶ,</span> <span class='ocrx_word' id='word_1_337' title='bbox 1602 2903 1693 2958; x_wconf 80' lang='grc' dir='ltr'>καὶ</span> <span class='ocrx_word' id='word_1_338' title='bbox 1742 2903 1929 2959; x_wconf 79' lang='grc' dir='ltr'>πολλὰ</span> 
     </span>
    </p>
   </div>
   <div class='ocr_carea' id='block_1_46' title="bbox 272 2992 1927 3072">
    <p class='ocr_par' dir='ltr' id='par_1_46' title="bbox 272 2992 1927 3072">
     <span class='ocr_line' id='line_1_47' title="bbox 272 2992 1927 3072; baseline -0.007 -14"><span class='ocrx_word' id='word_1_339' title='bbox 272 3004 340 3058; x_wconf 81' lang='grc' dir='ltr'>τὰ</span> <span class='ocrx_word' id='word_1_340' title='bbox 366 3005 466 3071; x_wconf 75' lang='grc' dir='ltr'>τῆς</span> <span class='ocrx_word' id='word_1_341' title='bbox 500 2998 844 3067; x_wconf 76' lang='grc' dir='ltr'>δικαιοσύνης</span> <span class='ocrx_word' id='word_1_342' title='bbox 873 2998 1183 3072; x_wconf 79' lang='grc' dir='ltr'>γεννήματα</span> <span class='ocrx_word' id='word_1_343' title='bbox 1208 3013 1221 3025; x_wconf 79' lang='grc'><strong><em>⁸</em></strong></span> <span class='ocrx_word' id='word_1_344' title='bbox 1255 2994 1322 3064; x_wconf 77' lang='grc' dir='ltr'>ἧς</span> <span class='ocrx_word' id='word_1_345' title='bbox 1364 2993 1504 3048; x_wconf 84' lang='grc' dir='ltr'>πόσα</span> <span class='ocrx_word' id='word_1_346' title='bbox 1532 2993 1599 3047; x_wconf 81' lang='grc' dir='ltr'>τὰ</span> <span class='ocrx_word' id='word_1_347' title='bbox 1626 2992 1805 3065; x_wconf 84' lang='grc' dir='ltr'>τέκνα,</span> <span class='ocrx_word' id='word_1_348' title='bbox 1837 2992 1927 3047; x_wconf 81' lang='grc' dir='ltr'>καὶ</span> 
     </span>
    </p>
   </div>
   <div class='ocr_carea' id='block_1_47' title="bbox 270 3080 1930 3161">
    <p class='ocr_par' dir='ltr' id='par_1_47' title="bbox 270 3080 1930 3161">
     <span class='ocr_line' id='line_1_48' title="bbox 270 3080 1930 3161; baseline -0.006 -15"><span class='ocrx_word' id='word_1_349' title='bbox 270 3091 414 3153; x_wconf 82' lang='grc' dir='ltr'>τίνες</span> <span class='ocrx_word' id='word_1_350' title='bbox 474 3091 526 3145; x_wconf 73' lang='grc' dir='ltr'>οἱ</span> <span class='ocrx_word' id='word_1_351' title='bbox 580 3086 866 3161; x_wconf 79' lang='grc' dir='ltr'>θησαυροὶ,</span> <span class='ocrx_word' id='word_1_352' title='bbox 947 3087 1096 3161; x_wconf 80' lang='grc' dir='ltr'>ἆρον.</span> <span class='ocrx_word' id='word_1_353' title='bbox 1172 3081 1362 3138; x_wconf 73' lang='grc' dir='ltr'>κύκλω</span> <span class='ocrx_word' id='word_1_354' title='bbox 1434 3081 1564 3144; x_wconf 80' lang='grc' dir='ltr'>τοὺς</span> <span class='ocrx_word' id='word_1_355' title='bbox 1611 3080 1930 3158; x_wconf 79' lang='grc' dir='ltr'>ὀφθαλμούς</span> 
     </span>
    </p>
   </div>
   <div class='ocr_carea' id='block_1_48' title="bbox 2027 2015 3678 2089">
    <p class='ocr_par' dir='ltr' id='par_1_48' title="bbox 2027 2015 3678 2089">
     <span class='ocr_line' id='line_1_49' title="bbox 2027 2015 3678 2089; baseline 0 -19"><span class='ocrx_word' id='word_1_356' title='bbox 2027 2015 2266 2071; x_wconf 93' lang='lat' dir='ltr'>beatum</span> <span class='ocrx_word' id='word_1_357' title='bbox 2287 2015 2600 2087; x_wconf 62' lang='lat' dir='ltr'>praedicare</span> <span class='ocrx_word' id='word_1_358' title='bbox 2631 2032 2745 2073; x_wconf 91' lang='lat' dir='ltr'>non</span> <span class='ocrx_word' id='word_1_359' title='bbox 2772 2020 2998 2089; x_wconf 88' lang='lat' dir='ltr'>oportet</span> <span class='ocrx_word' id='word_1_360' title='bbox 3045 2017 3108 2087; x_wconf 66' lang='lat'>9°,</span> <span class='ocrx_word' id='word_1_361' title='bbox 3149 2016 3557 2087; x_wconf 91' lang='lat' dir='ltr'>incertumque</span> <span class='ocrx_word' id='word_1_362' title='bbox 3589 2017 3678 2071; x_wconf 85' lang='lat' dir='ltr'>est</span> 
     </span>
    </p>
   </div>
   <div class='ocr_carea' id='block_1_49' title="bbox 2029 2104 3681 2178">
    <p class='ocr_par' dir='ltr' id='par_1_49' title="bbox 2029 2104 3681 2178">
     <span class='ocr_line' id='line_1_50' title="bbox 2029 2104 3681 2178; baseline 0.001 -19"><span class='ocrx_word' id='word_1_363' title='bbox 2029 2104 2169 2175; x_wconf 88' lang='lat' dir='ltr'>quid</span> <span class='ocrx_word' id='word_1_364' title='bbox 2202 2110 2621 2176; x_wconf 89' lang='lat' dir='ltr'>superventura</span> <span class='ocrx_word' id='word_1_365' title='bbox 2651 2106 2775 2162; x_wconf 89' lang='lat' dir='ltr'>dies</span> <span class='ocrx_word' id='word_1_366' title='bbox 2824 2106 3087 2178; x_wconf 89' lang='lat' dir='ltr'>paritura</span> <span class='ocrx_word' id='word_1_367' title='bbox 3144 2105 3221 2162; x_wconf 88' lang='lat' dir='ltr'>sit</span> <span class='ocrx_word' id='word_1_368' title='bbox 3249 2107 3315 2177; x_wconf 67' lang='lat'>9‘,</span> <span class='ocrx_word' id='word_1_369' title='bbox 3373 2109 3681 2178; x_wconf 86' lang='lat' dir='ltr'>propterea</span> 
     </span>
    </p>
   </div>
   <div class='ocr_carea' id='block_1_50' title="bbox 2030 2194 3678 2265">
    <p class='ocr_par' dir='ltr' id='par_1_50' title="bbox 2030 2194 3678 2265">
     <span class='ocr_line' id='line_1_51' title="bbox 2030 2194 3678 2265; baseline 0.001 -17"><span class='ocrx_word' id='word_1_370' title='bbox 2030 2194 2184 2265; x_wconf 88' lang='lat' dir='ltr'>quod</span> <span class='ocrx_word' id='word_1_371' title='bbox 2207 2197 2437 2250; x_wconf 88' lang='lat' dir='ltr'>terrena</span> <span class='ocrx_word' id='word_1_372' title='bbox 2468 2198 2668 2251; x_wconf 88' lang='lat' dir='ltr'>nostra</span> <span class='ocrx_word' id='word_1_373' title='bbox 2697 2196 2815 2251; x_wconf 89' lang='lat' dir='ltr'>vita</span> <span class='ocrx_word' id='word_1_374' title='bbox 2863 2195 3079 2252; x_wconf 87' lang='lat' dir='ltr'>multas</span> <span class='ocrx_word' id='word_1_375' title='bbox 3129 2194 3534 2252; x_wconf 86' lang='lat' dir='ltr'>conversiones</span> <span class='ocrx_word' id='word_1_376' title='bbox 3573 2194 3678 2249; x_wconf 84' lang='lat' dir='ltr'>ha-</span> 
     </span>
    </p>
   </div>
   <div class='ocr_carea' id='block_1_51' title="bbox 2029 2282 3680 2356">
    <p class='ocr_par' dir='ltr' id='par_1_51' title="bbox 2029 2282 3680 2356">
     <span class='ocr_line' id='line_1_52' title="bbox 2029 2282 3680 2356; baseline 0 -18"><span class='ocrx_word' id='word_1_377' title='bbox 2029 2283 2181 2351; x_wconf 88' lang='lat' dir='ltr'>beat,</span> <span class='ocrx_word' id='word_1_378' title='bbox 2223 2286 2397 2354; x_wconf 89' lang='lat' dir='ltr'>atque</span> <span class='ocrx_word' id='word_1_379' title='bbox 2428 2282 2780 2340; x_wconf 87' lang='lat' dir='ltr'>humilitatis</span> <span class='ocrx_word' id='word_1_380' title='bbox 2810 2301 3020 2356; x_wconf 90' lang='lat' dir='ltr'>corpus</span> <span class='ocrx_word' id='word_1_381' title='bbox 3050 2301 3287 2341; x_wconf 86' lang='lat' dir='ltr'>sursum</span> <span class='ocrx_word' id='word_1_382' title='bbox 3318 2287 3375 2340; x_wconf 89' lang='lat' dir='ltr'>et</span> <span class='ocrx_word' id='word_1_383' title='bbox 3404 2285 3680 2340; x_wconf 86' lang='lat' dir='ltr'>deorsum</span> 
     </span>
    </p>
   </div>
   <div class='ocr_carea' id='block_1_52' title="bbox 2031 2372 3682 2445">
    <p class='ocr_par' dir='ltr' id='par_1_52' title="bbox 2031 2372 3682 2445">
     <span class='ocr_line' id='line_1_53' title="bbox 2031 2372 3682 2445; baseline 0 -18"><span class='ocrx_word' id='word_1_384' title='bbox 2031 2375 2334 2428; x_wconf 87' lang='lat' dir='ltr'>moveatur</span> <span class='ocrx_word' id='word_1_385' title='bbox 2364 2389 2429 2428; x_wconf 90' lang='lat' dir='ltr'>ac</span> <span class='ocrx_word' id='word_1_386' title='bbox 2461 2372 2711 2429; x_wconf 90' lang='lat' dir='ltr'>subinde</span> <span class='ocrx_word' id='word_1_387' title='bbox 2760 2373 3145 2442; x_wconf 89' lang='lat' dir='ltr'>immutetur;</span> <span class='ocrx_word' id='word_1_388' title='bbox 3179 2373 3320 2445; x_wconf 91' lang='lat' dir='ltr'>quid</span> <span class='ocrx_word' id='word_1_389' title='bbox 3351 2372 3542 2429; x_wconf 78' lang='lat' dir='ltr'>afferri</span> <span class='ocrx_word' id='word_1_390' title='bbox 3573 2388 3682 2445; x_wconf 87' lang='lat' dir='ltr'>po-</span> 
     </span>
    </p>
   </div>
   <div class='ocr_carea' id='block_1_53' title="bbox 2029 2462 3680 2535">
    <p class='ocr_par' dir='ltr' id='par_1_53' title="bbox 2029 2462 3680 2535">
     <span class='ocr_line' id='line_1_54' title="bbox 2029 2462 3680 2535; baseline 0 -19"><span class='ocrx_word' id='word_1_391' title='bbox 2029 2464 2164 2530; x_wconf 88' lang='lat' dir='ltr'>test,</span> <span class='ocrx_word' id='word_1_392' title='bbox 2188 2462 2328 2532; x_wconf 91' lang='lat' dir='ltr'>quin</span> <span class='ocrx_word' id='word_1_393' title='bbox 2361 2462 2435 2529; x_wconf 89' lang='lat' dir='ltr'>is,</span> <span class='ocrx_word' id='word_1_394' title='bbox 2466 2462 2568 2534; x_wconf 89' lang='lat' dir='ltr'>qui</span> <span class='ocrx_word' id='word_1_395' title='bbox 2593 2478 2869 2535; x_wconf 85' lang='lat' dir='ltr'>magnam</span> <span class='ocrx_word' id='word_1_396' title='bbox 2913 2462 3040 2519; x_wconf 62' lang='lat' dir='ltr'>vita</span> <span class='ocrx_word' id='word_1_397' title='bbox 3072 2467 3297 2535; x_wconf 89' lang='lat' dir='ltr'>partem</span> <span class='ocrx_word' id='word_1_398' title='bbox 3327 2462 3454 2519; x_wconf 87' lang='lat' dir='ltr'>sine</span> <span class='ocrx_word' id='word_1_399' title='bbox 3485 2476 3680 2534; x_wconf 83' lang='lat' dir='ltr'>repre-</span> 
     </span>
    </p>
   </div>
   <div class='ocr_carea' id='block_1_54' title="bbox 2032 2550 3684 2622">
    <p class='ocr_par' dir='ltr' id='par_1_54' title="bbox 2032 2550 3684 2622">
     <span class='ocr_line' id='line_1_55' title="bbox 2032 2550 3684 2622; baseline -0.001 -16"><span class='ocrx_word' id='word_1_400' title='bbox 2032 2550 2318 2606; x_wconf 88' lang='lat' dir='ltr'>hensione</span> <span class='ocrx_word' id='word_1_401' title='bbox 2346 2550 2615 2620; x_wconf 84' lang='lat' dir='ltr'>confecit,</span> <span class='ocrx_word' id='word_1_402' title='bbox 2672 2555 2730 2607; x_wconf 89' lang='lat' dir='ltr'>et</span> <span class='ocrx_word' id='word_1_403' title='bbox 2752 2551 2881 2622; x_wconf 90' lang='lat' dir='ltr'>jam</span> <span class='ocrx_word' id='word_1_404' title='bbox 2930 2551 3261 2608; x_wconf 89' lang='lat' dir='ltr'>communis</span> <span class='ocrx_word' id='word_1_405' title='bbox 3314 2551 3497 2622; x_wconf 90' lang='lat' dir='ltr'>hujus</span> <span class='ocrx_word' id='word_1_406' title='bbox 3553 2550 3684 2606; x_wconf 68' lang='lat' dir='ltr'>vita:</span> 
     </span>
    </p>
   </div>
   <div class='ocr_carea' id='block_1_55' title="bbox 2034 2638 3687 2713">
    <p class='ocr_par' dir='ltr' id='par_1_55' title="bbox 2034 2638 3687 2713">
     <span class='ocr_line' id='line_1_56' title="bbox 2034 2638 3687 2713; baseline -0.001 -19"><span class='ocrx_word' id='word_1_407' title='bbox 2034 2640 2215 2695; x_wconf 87' lang='lat' dir='ltr'>maris</span> <span class='ocrx_word' id='word_1_408' title='bbox 2244 2639 2407 2694; x_wconf 89' lang='lat' dir='ltr'>velut</span> <span class='ocrx_word' id='word_1_409' title='bbox 2432 2640 2493 2694; x_wconf 92' lang='lat' dir='ltr'>in</span> <span class='ocrx_word' id='word_1_410' title='bbox 2515 2643 2686 2707; x_wconf 89' lang='lat' dir='ltr'>portu</span> <span class='ocrx_word' id='word_1_411' title='bbox 2718 2644 2826 2708; x_wconf 91' lang='lat' dir='ltr'>est,</span> <span class='ocrx_word' id='word_1_412' title='bbox 2859 2640 3043 2696; x_wconf 90' lang='lat' dir='ltr'>tutior</span> <span class='ocrx_word' id='word_1_413' title='bbox 3094 2657 3162 2696; x_wconf 91' lang='lat' dir='ltr'>ae</span> <span class='ocrx_word' id='word_1_414' title='bbox 3194 2639 3435 2713; x_wconf 88' lang='lat' dir='ltr'>proinde</span> <span class='ocrx_word' id='word_1_415' title='bbox 3464 2638 3687 2696; x_wconf 88' lang='lat' dir='ltr'>beatior</span> 
     </span>
    </p>
   </div>
   <div class='ocr_carea' id='block_1_56' title="bbox 2033 2726 3688 2802">
    <p class='ocr_par' dir='ltr' id='par_1_56' title="bbox 2033 2726 3688 2802">
     <span class='ocr_line' id='line_1_57' title="bbox 2033 2726 3688 2802; baseline -0.001 -19"><span class='ocrx_word' id='word_1_416' title='bbox 2033 2728 2131 2796; x_wconf 90' lang='lat' dir='ltr'>sit,</span> <span class='ocrx_word' id='word_1_417' title='bbox 2165 2745 2343 2800; x_wconf 90' lang='lat' dir='ltr'>quam</span> <span class='ocrx_word' id='word_1_418' title='bbox 2372 2728 2422 2784; x_wconf 87' lang='lat' dir='ltr'>is</span> <span class='ocrx_word' id='word_1_419' title='bbox 2454 2728 2547 2784; x_wconf 91' lang='lat' dir='ltr'>cui</span> <span class='ocrx_word' id='word_1_420' title='bbox 2572 2730 2746 2801; x_wconf 89' lang='lat' dir='ltr'>longa</span> <span class='ocrx_word' id='word_1_421' title='bbox 2775 2730 2966 2785; x_wconf 90' lang='lat' dir='ltr'>adhuc</span> <span class='ocrx_word' id='word_1_422' title='bbox 3024 2730 3316 2802; x_wconf 85' lang='lat' dir='ltr'>navigatio</span> <span class='ocrx_word' id='word_1_423' title='bbox 3374 2726 3688 2800; x_wconf 74' lang='lat' dir='ltr'>superest?</span> 
     </span>
    </p>
   </div>
   <div class='ocr_carea' id='block_1_57' title="bbox 2106 2816 3687 2891">
    <p class='ocr_par' dir='ltr' id='par_1_57' title="bbox 2106 2816 3687 2891">
     <span class='ocr_line' id='line_1_58' title="bbox 2106 2816 3687 2891; baseline 0 -19"><span class='ocrx_word' id='word_1_424' title='bbox 2106 2817 2198 2872; x_wconf 92' lang='lat' dir='ltr'>IV.</span> <span class='ocrx_word' id='word_1_425' title='bbox 2224 2818 2307 2873; x_wconf 90' lang='lat' dir='ltr'>Ne</span> <span class='ocrx_word' id='word_1_426' title='bbox 2336 2817 2518 2890; x_wconf 85' lang='lat' dir='ltr'>igitur</span> <span class='ocrx_word' id='word_1_427' title='bbox 2544 2816 2809 2889; x_wconf 89' lang='lat' dir='ltr'>linguam</span> <span class='ocrx_word' id='word_1_428' title='bbox 2841 2818 3100 2887; x_wconf 88' lang='lat' dir='ltr'>claudas,</span> <span class='ocrx_word' id='word_1_429' title='bbox 3143 2835 3271 2891; x_wconf 83' lang='lat' dir='ltr'>quae</span> <span class='ocrx_word' id='word_1_430' title='bbox 3320 2817 3510 2874; x_wconf 84' lang='lat' dir='ltr'>multa</span> <span class='ocrx_word' id='word_1_431' title='bbox 3535 2822 3687 2874; x_wconf 87' lang='lat' dir='ltr'>recte</span> 
     </span>
    </p>
   </div>
   <div class='ocr_carea' id='block_1_58' title="bbox 2034 2906 3690 2978">
    <p class='ocr_par' dir='ltr' id='par_1_58' title="bbox 2034 2906 3690 2978">
     <span class='ocr_line' id='line_1_59' title="bbox 2034 2906 3690 2978; baseline 0.001 -17"><span class='ocrx_word' id='word_1_432' title='bbox 2034 2906 2229 2961; x_wconf 90' lang='lat' dir='ltr'>locuta</span> <span class='ocrx_word' id='word_1_433' title='bbox 2257 2910 2367 2975; x_wconf 88' lang='lat' dir='ltr'>est,</span> <span class='ocrx_word' id='word_1_434' title='bbox 2397 2924 2527 2978; x_wconf 69' lang='lat' dir='ltr'>quae</span> <span class='ocrx_word' id='word_1_435' title='bbox 2556 2908 2783 2962; x_wconf 86' lang='lat' dir='ltr'>fructus</span> <span class='ocrx_word' id='word_1_436' title='bbox 2817 2906 3056 2977; x_wconf 91' lang='lat' dir='ltr'>multos,</span> <span class='ocrx_word' id='word_1_437' title='bbox 3085 2924 3152 2964; x_wconf 90' lang='lat' dir='ltr'>ac</span> <span class='ocrx_word' id='word_1_438' title='bbox 3183 2907 3399 2964; x_wconf 88' lang='lat' dir='ltr'>multos</span> <span class='ocrx_word' id='word_1_439' title='bbox 3439 2906 3690 2978; x_wconf 76' lang='lat' dir='ltr'>justitias</span> 
     </span>
    </p>
   </div>
   <div class='ocr_carea' id='block_1_59' title="bbox 2037 2995 3692 3068">
    <p class='ocr_par' dir='ltr' id='par_1_59' title="bbox 2037 2995 3692 3068">
     <span class='ocr_line' id='line_1_60' title="bbox 2037 2995 3692 3068; baseline -0.001 -17"><span class='ocrx_word' id='word_1_440' title='bbox 2037 2996 2191 3052; x_wconf 85' lang='lat' dir='ltr'>fetus</span> <span class='ocrx_word' id='word_1_441' title='bbox 2222 2995 2442 3063; x_wconf 88' lang='lat' dir='ltr'>edidit;</span> <span class='ocrx_word' id='word_1_442' title='bbox 2478 2997 2647 3067; x_wconf 87' lang='lat' dir='ltr'>cujus</span> <span class='ocrx_word' id='word_1_443' title='bbox 2680 3001 2822 3068; x_wconf 90' lang='lat' dir='ltr'>quot</span> <span class='ocrx_word' id='word_1_444' title='bbox 2868 2997 2994 3065; x_wconf 85' lang='lat' dir='ltr'>ﬁlii,</span> <span class='ocrx_word' id='word_1_445' title='bbox 3029 3002 3085 3053; x_wconf 91' lang='lat' dir='ltr'>et</span> <span class='ocrx_word' id='word_1_446' title='bbox 3141 2997 3385 3068; x_wconf 90' lang='lat' dir='ltr'>quinam</span> <span class='ocrx_word' id='word_1_447' title='bbox 3426 2995 3692 3052; x_wconf 87' lang='lat' dir='ltr'>thesauri</span> 
     </span>
    </p>
   </div>
   <div class='ocr_carea' id='block_1_60' title="bbox 2038 3086 3692 3157">
    <p class='ocr_par' dir='ltr' id='par_1_60' title="bbox 2038 3086 3692 3157">
     <span class='ocr_line' id='line_1_61' title="bbox 2038 3086 3692 3157; baseline -0.001 -17"><span class='ocrx_word' id='word_1_448' title='bbox 2038 3088 2196 3155; x_wconf 88' lang='lat' dir='ltr'>sunt,</span> <span class='ocrx_word' id='word_1_449' title='bbox 2231 3086 2349 3140; x_wconf 81' lang='lat' dir='ltr'>leva</span> <span class='ocrx_word' id='word_1_450' title='bbox 2378 3086 2438 3139; x_wconf 84' lang='lat' dir='ltr'>in</span> <span class='ocrx_word' id='word_1_451' title='bbox 2470 3088 2704 3141; x_wconf 77' lang='lat' dir='ltr'>circuitu</span> <span class='ocrx_word' id='word_1_452' title='bbox 2734 3087 2919 3141; x_wconf 74' lang='lat' dir='ltr'>oculos</span> <span class='ocrx_word' id='word_1_453' title='bbox 2947 3090 3090 3157; x_wconf 76' lang='lat' dir='ltr'>tuos,</span> <span class='ocrx_word' id='word_1_454' title='bbox 3144 3090 3194 3142; x_wconf 78' lang='lat' dir='ltr'>et</span> <span class='ocrx_word' id='word_1_455' title='bbox 3246 3087 3379 3141; x_wconf 82' lang='lat' dir='ltr'>vide</span> <span class='ocrx_word' id='word_1_456' title='bbox 3409 3086 3474 3154; x_wconf 60' lang='lat'>&#39;2,</span> <span class='ocrx_word' id='word_1_457' title='bbox 3534 3088 3692 3141; x_wconf 87' lang='lat' dir='ltr'>totus</span> 
     </span>
    </p>
   </div>
   <div class='ocr_carea' id='block_1_61' title="bbox 274 3168 1955 3253">
    <p class='ocr_par' dir='ltr' id='par_1_61' title="bbox 274 3168 1929 3253">
     <span class='ocr_line' id='line_1_62' title="bbox 274 3168 1929 3253; baseline -0.006 -18"><span class='ocrx_word' id='word_1_458' title='bbox 274 3201 392 3253; x_wconf 82' lang='grc' dir='ltr'>σου,</span> <span class='ocrx_word' id='word_1_459' title='bbox 423 3178 512 3234; x_wconf 76' lang='grc' dir='ltr'>καὶ</span> <span class='ocrx_word' id='word_1_460' title='bbox 552 3175 651 3232; x_wconf 68' lang='grc' dir='ltr'>ἴδε·</span> <span class='ocrx_word' id='word_1_461' title='bbox 684 3181 789 3231; x_wconf 77' lang='grc' dir='ltr'>πᾶς</span> <span class='ocrx_word' id='word_1_462' title='bbox 831 3175 859 3228; x_wconf 83' lang='grc' dir='ltr'>ὁ</span> <span class='ocrx_word' id='word_1_463' title='bbox 909 3172 1039 3236; x_wconf 85' lang='grc' dir='ltr'>λαὸς</span> <span class='ocrx_word' id='word_1_464' title='bbox 1093 3170 1273 3241; x_wconf 80' lang='grc' dir='ltr'>οὗτος,</span> <span class='ocrx_word' id='word_1_465' title='bbox 1305 3171 1362 3226; x_wconf 75' lang='grc' dir='ltr'>δν</span> <span class='ocrx_word' id='word_1_466' title='bbox 1392 3170 1443 3227; x_wconf 78' lang='grc' dir='ltr'>ἐν</span> <span class='ocrx_word' id='word_1_467' title='bbox 1470 3173 1687 3247; x_wconf 85' lang='grc' dir='ltr'>Χριστῷ</span> <span class='ocrx_word' id='word_1_468' title='bbox 1717 3168 1807 3226; x_wconf 75' lang='grc' dir='ltr'>διὰ</span> <span class='ocrx_word' id='word_1_469' title='bbox 1832 3174 1929 3225; x_wconf 80' lang='grc' dir='ltr'>τοῦ</span> 
     </span>
    </p>
   </div>
   <div class='ocr_carea' id='block_1_62' title="bbox 2049 3168 3695 3253">
    <p class='ocr_par' dir='ltr' id='par_1_62' title="bbox 2049 3173 3695 3247">
     <span class='ocr_line' id='line_1_63' title="bbox 2049 3173 3695 3247; baseline 0.001 -19"><span class='ocrx_word' id='word_1_470' title='bbox 2049 3173 2135 3229; x_wconf 83' lang='lat' dir='ltr'>hic</span> <span class='ocrx_word' id='word_1_471' title='bbox 2164 3178 2253 3229; x_wconf 89' lang='lat' dir='ltr'>est</span> <span class='ocrx_word' id='word_1_472' title='bbox 2284 3174 2560 3246; x_wconf 86' lang='lat' dir='ltr'>populus,</span> <span class='ocrx_word' id='word_1_473' title='bbox 2592 3191 2768 3246; x_wconf 90' lang='lat' dir='ltr'>quem</span> <span class='ocrx_word' id='word_1_474' title='bbox 2822 3175 2881 3229; x_wconf 92' lang='lat' dir='ltr'>in</span> <span class='ocrx_word' id='word_1_475' title='bbox 2914 3175 3144 3231; x_wconf 83' lang='lat' dir='ltr'>Christo</span> <span class='ocrx_word' id='word_1_476' title='bbox 3186 3192 3287 3247; x_wconf 91' lang='lat' dir='ltr'>per</span> <span class='ocrx_word' id='word_1_477' title='bbox 3317 3173 3695 3245; x_wconf 90' lang='lat' dir='ltr'>Evangelium</span> 
     </span>
    </p>
   </div>
   <div class='ocr_carea' id='block_1_63' title="bbox 274 3250 1955 3344">
    <p class='ocr_par' dir='ltr' id='par_1_63' title="bbox 274 3250 1931 3344">
     <span class='ocr_line' id='line_1_64' title="bbox 274 3250 1931 3344; baseline -0.006 -19"><span class='ocrx_word' id='word_1_478' title='bbox 274 3250 613 3344; x_wconf 78' lang='grc' dir='ltr'>Εὔαγγελίου</span> <span class='ocrx_word' id='word_1_479' title='bbox 671 3264 974 3340; x_wconf 70' lang='grc' dir='ltr'>ἐγέννησας.</span> <span class='ocrx_word' id='word_1_480' title='bbox 1035 3263 1121 3331; x_wconf 79' lang='grc' dir='ltr'>Μὴ</span> <span class='ocrx_word' id='word_1_481' title='bbox 1186 3259 1253 3330; x_wconf 78' lang='grc' dir='ltr'>δὴ</span> <span class='ocrx_word' id='word_1_482' title='bbox 1310 3262 1581 3338; x_wconf 77' lang='grc' dir='ltr'>φθονήσῃς</span> <span class='ocrx_word' id='word_1_483' title='bbox 1627 3262 1764 3333; x_wconf 77' lang='grc' dir='ltr'>ἡμῖν</span> <span class='ocrx_word' id='word_1_484' title='bbox 1822 3264 1931 3315; x_wconf 82' lang='grc' dir='ltr'>τῶν</span> 
     </span>
    </p>
   </div>
   <div class='ocr_carea' id='block_1_64' title="bbox 2049 3250 3696 3344">
    <p class='ocr_par' dir='ltr' id='par_1_64' title="bbox 2049 3263 3696 3335">
     <span class='ocr_line' id='line_1_65' title="bbox 2049 3263 3696 3335; baseline 0 -17"><span class='ocrx_word' id='word_1_485' title='bbox 2049 3263 2302 3333; x_wconf 89' lang='lat' dir='ltr'>genuisti</span> <span class='ocrx_word' id='word_1_486' title='bbox 2334 3264 2397 3317; x_wconf 72' lang='lat'>93.</span> <span class='ocrx_word' id='word_1_487' title='bbox 2431 3264 2713 3329; x_wconf 84' lang='lat' dir='ltr'>Quocirca</span> <span class='ocrx_word' id='word_1_488' title='bbox 2770 3280 2843 3319; x_wconf 90' lang='lat' dir='ltr'>ne</span> <span class='ocrx_word' id='word_1_489' title='bbox 2901 3264 3092 3331; x_wconf 88' lang='lat' dir='ltr'>nobis,</span> <span class='ocrx_word' id='word_1_490' title='bbox 3152 3281 3267 3319; x_wconf 89' lang='lat' dir='ltr'>non</span> <span class='ocrx_word' id='word_1_491' title='bbox 3298 3267 3419 3319; x_wconf 87' lang='lat' dir='ltr'>tam</span> <span class='ocrx_word' id='word_1_492' title='bbox 3454 3278 3696 3335; x_wconf 87' lang='lat' dir='ltr'>paucos,</span> 
     </span>
    </p>
   </div>
   <div class='ocr_carea' id='block_1_65' title="bbox 281 3347 1937 3434">
    <p class='ocr_par' dir='ltr' id='par_1_65' title="bbox 281 3347 1937 3434">
     <span class='ocr_line' id='line_1_66' title="bbox 281 3347 1937 3434; baseline -0.005 -23"><span class='ocrx_word' id='word_1_493' title='bbox 281 3360 541 3434; x_wconf 83' lang='grc' dir='ltr'>χρηστῶν</span> <span class='ocrx_word' id='word_1_494' title='bbox 573 3354 741 3410; x_wconf 86' lang='grc' dir='ltr'>πλέον</span> <span class='ocrx_word' id='word_1_495' title='bbox 770 3352 804 3422; x_wconf 77' lang='grc' dir='ltr'>ἥ</span> <span class='ocrx_word' id='word_1_496' title='bbox 841 3351 1045 3426; x_wconf 82' lang='grc' dir='ltr'>ὀλίγων</span> <span class='ocrx_word' id='word_1_497' title='bbox 1082 3350 1365 3426; x_wconf 72' lang='grc' dir='ltr'>ῥημάτων,</span> <span class='ocrx_word' id='word_1_498' title='bbox 1401 3347 1541 3424; x_wconf 73' lang='grc' dir='ltr'>μηδὲ</span> <span class='ocrx_word' id='word_1_499' title='bbox 1569 3356 1671 3419; x_wconf 84' lang='grc' dir='ltr'>τῆς</span> <span class='ocrx_word' id='word_1_500' title='bbox 1701 3347 1937 3423; x_wconf 74' lang='grc' dir='ltr'>μελλού-</span> 
     </span>
    </p>
   </div>
   <div class='ocr_carea' id='block_1_66' title="bbox 277 3438 1934 3519">
    <p class='ocr_par' dir='ltr' id='par_1_66' title="bbox 277 3438 1934 3519">
     <span class='ocr_line' id='line_1_67' title="bbox 277 3438 1934 3519; baseline -0.004 -19"><span class='ocrx_word' id='word_1_501' title='bbox 277 3469 381 3518; x_wconf 88' lang='grc' dir='ltr'>σης</span> <span class='ocrx_word' id='word_1_502' title='bbox 414 3444 614 3519; x_wconf 87' lang='grc' dir='ltr'>ζημίας</span> <span class='ocrx_word' id='word_1_503' title='bbox 645 3445 721 3516; x_wconf 87' lang='grc'>(5)</span> <span class='ocrx_word' id='word_1_504' title='bbox 750 3438 858 3513; x_wconf 73' lang='grc' dir='ltr'>ἤδη</span> <span class='ocrx_word' id='word_1_505' title='bbox 898 3446 1004 3513; x_wconf 85' lang='grc' dir='ltr'>ζῷς</span> <span class='ocrx_word' id='word_1_506' title='bbox 1034 3441 1096 3495; x_wconf 87' lang='grc' dir='ltr'>τὸ</span> <span class='ocrx_word' id='word_1_507' title='bbox 1126 3439 1438 3516; x_wconf 85' lang='grc' dir='ltr'>προοίμιον.</span> <span class='ocrx_word' id='word_1_508' title='bbox 1488 3438 1738 3516; x_wconf 77' lang='grc' dir='ltr'>Φθέγξαι,</span> <span class='ocrx_word' id='word_1_509' title='bbox 1804 3440 1934 3515; x_wconf 88' lang='grc' dir='ltr'>βρα-</span> 
     </span>
    </p>
   </div>
   <div class='ocr_carea' id='block_1_67' title="bbox 280 3527 1934 3613">
    <p class='ocr_par' dir='ltr' id='par_1_67' title="bbox 280 3527 1934 3613">
     <span class='ocr_line' id='line_1_68' title="bbox 280 3527 1934 3613; baseline -0.004 -23"><span class='ocrx_word' id='word_1_510' title='bbox 280 3537 390 3613; x_wconf 67' lang='grc' dir='ltr'>χέα</span> <span class='ocrx_word' id='word_1_511' title='bbox 422 3535 539 3608; x_wconf 74' lang='grc' dir='ltr'>μὲν,</span> <span class='ocrx_word' id='word_1_512' title='bbox 571 3531 695 3588; x_wconf 84' lang='grc' dir='ltr'>ἀλλ’</span> <span class='ocrx_word' id='word_1_513' title='bbox 724 3531 849 3605; x_wconf 74' lang='grc' dir='ltr'>ἆμοὶ</span> <span class='ocrx_word' id='word_1_514' title='bbox 891 3529 1026 3606; x_wconf 71' lang='grc' dir='ltr'>φίλα</span> <span class='ocrx_word' id='word_1_515' title='bbox 1071 3529 1161 3584; x_wconf 81' lang='grc' dir='ltr'>καὶ</span> <span class='ocrx_word' id='word_1_516' title='bbox 1208 3527 1402 3599; x_wconf 78' lang='grc' dir='ltr'>ἥδιστα</span> <span class='ocrx_word' id='word_1_517' title='bbox 1626 3528 1725 3584; x_wconf 77' lang='grc' dir='ltr'>οὐκ</span> <span class='ocrx_word' id='word_1_518' title='bbox 1772 3528 1934 3583; x_wconf 85' lang='grc' dir='ltr'>ἀκου-</span> 
     </span>
    </p>
   </div>
   <div class='ocr_carea' id='block_1_68' title="bbox 284 3616 1935 3695">
    <p class='ocr_par' dir='ltr' id='par_1_68' title="bbox 284 3616 1935 3695">
     <span class='ocr_line' id='line_1_69' title="bbox 284 3616 1935 3695; baseline -0.004 -18"><span class='ocrx_word' id='word_1_519' title='bbox 284 3623 385 3677; x_wconf 74' lang='grc' dir='ltr'>στὰ</span> <span class='ocrx_word' id='word_1_520' title='bbox 414 3623 493 3695; x_wconf 81' lang='grc'>(7)</span> <span class='ocrx_word' id='word_1_521' title='bbox 527 3621 644 3693; x_wconf 77' lang='grc' dir='ltr'>μὶν,</span> <span class='ocrx_word' id='word_1_522' title='bbox 694 3618 840 3673; x_wconf 78' lang='grc' dir='ltr'>ἀλλὰ</span> <span class='ocrx_word' id='word_1_523' title='bbox 886 3620 953 3691; x_wconf 80' lang='grc' dir='ltr'>τῇ</span> <span class='ocrx_word' id='word_1_524' title='bbox 1003 3620 1342 3690; x_wconf 78' lang='grc' dir='ltr'>πνευματικῇ</span> <span class='ocrx_word' id='word_1_525' title='bbox 1403 3619 1504 3692; x_wconf 82' lang='grc' dir='ltr'>βοῇ</span> <span class='ocrx_word' id='word_1_526' title='bbox 1553 3618 1626 3689; x_wconf 87' lang='grc'>(8)</span> <span class='ocrx_word' id='word_1_527' title='bbox 1671 3616 1935 3691; x_wconf 88' lang='grc' dir='ltr'>γινωσκό-</span> 
     </span>
    </p>
   </div>
   <div class='ocr_carea' id='block_1_69' title="bbox 291 3704 1939 3784">
    <p class='ocr_par' dir='ltr' id='par_1_69' title="bbox 291 3704 1939 3784">
     <span class='ocr_line' id='line_1_70' title="bbox 291 3704 1939 3784; baseline -0.002 -19"><span class='ocrx_word' id='word_1_528' title='bbox 291 3730 447 3784; x_wconf 77' lang='grc' dir='ltr'>μενα,</span> <span class='ocrx_word' id='word_1_529' title='bbox 477 3709 595 3773; x_wconf 84' lang='grc' dir='ltr'>καθ’</span> <span class='ocrx_word' id='word_1_530' title='bbox 622 3709 690 3778; x_wconf 72' lang='grc' dir='ltr'>ἢν</span> <span class='ocrx_word' id='word_1_531' title='bbox 720 3706 810 3761; x_wconf 78' lang='grc' dir='ltr'>καὶ</span> <span class='ocrx_word' id='word_1_532' title='bbox 843 3710 1159 3769; x_wconf 82' lang='grc' dir='ltr'>σιωπῶντος</span> <span class='ocrx_word' id='word_1_533' title='bbox 1189 3705 1375 3760; x_wconf 74' lang='grc' dir='ltr'>ἀκούει</span> <span class='ocrx_word' id='word_1_534' title='bbox 1406 3704 1646 3767; x_wconf 84' lang='grc' dir='ltr'>Μωσέως</span> <span class='ocrx_word' id='word_1_535' title='bbox 1678 3704 1806 3767; x_wconf 85' lang='grc' dir='ltr'>Θεός</span> <span class='ocrx_word' id='word_1_536' title='bbox 1838 3706 1939 3778; x_wconf 84' lang='grc'>(9)·</span> 
     </span>
    </p>
   </div>
   <div class='ocr_carea' id='block_1_70' title="bbox 286 3794 1941 3873">
    <p class='ocr_par' dir='ltr' id='par_1_70' title="bbox 286 3794 1941 3873">
     <span class='ocr_line' id='line_1_71' title="bbox 286 3794 1941 3873; baseline -0.002 -20"><span class='ocrx_word' id='word_1_537' title='bbox 286 3798 402 3870; x_wconf 79' lang='grc' dir='ltr'>καὶ,</span> <span class='ocrx_word' id='word_1_538' title='bbox 428 3800 488 3852; x_wconf 81' lang='grc' dir='ltr'>Τί</span> <span class='ocrx_word' id='word_1_539' title='bbox 520 3799 650 3873; x_wconf 74' lang='grc' dir='ltr'>βοᾳς</span> <span class='ocrx_word' id='word_1_540' title='bbox 681 3797 816 3871; x_wconf 86' lang='grc' dir='ltr'>πρὸς</span> <span class='ocrx_word' id='word_1_541' title='bbox 844 3796 910 3868; x_wconf 73' lang='grc' dir='ltr'>μέ</span> <span class='ocrx_word' id='word_1_542' title='bbox 954 3798 1065 3868; x_wconf 90' lang='grc'>(10)</span> <span class='ocrx_word' id='word_1_543' title='bbox 1097 3815 1110 3865; x_wconf 89' lang='grc'><strong>;</strong></span> <span class='ocrx_word' id='word_1_544' title='bbox 1168 3800 1246 3867; x_wconf 79' lang='grc' dir='ltr'>τῷ</span> <span class='ocrx_word' id='word_1_545' title='bbox 1298 3799 1500 3869; x_wconf 81' lang='grc' dir='ltr'>νοερῶς</span> <span class='ocrx_word' id='word_1_546' title='bbox 1561 3794 1941 3870; x_wconf 73' lang='grc' dir='ltr'>ἐντυγχάνοντι</span> 
     </span>
    </p>
   </div>
   <div class='ocr_carea' id='block_1_71' title="bbox 282 3882 1942 3962">
    <p class='ocr_par' dir='ltr' id='par_1_71' title="bbox 282 3882 1942 3962">
     <span class='ocr_line' id='line_1_72' title="bbox 282 3882 1942 3962; baseline -0.003 -21"><span class='ocrx_word' id='word_1_547' title='bbox 282 3886 526 3962; x_wconf 86' lang='grc' dir='ltr'>λέγεται.</span> <span class='ocrx_word' id='word_1_548' title='bbox 580 3883 905 3961; x_wconf 76' lang='grc' dir='ltr'>Κατάρτισαί</span> <span class='ocrx_word' id='word_1_549' title='bbox 948 3904 1039 3957; x_wconf 89' lang='grc' dir='ltr'>μοι</span> <span class='ocrx_word' id='word_1_550' title='bbox 1088 3884 1179 3938; x_wconf 86' lang='grc' dir='ltr'>τὸν</span> <span class='ocrx_word' id='word_1_551' title='bbox 1232 3882 1361 3938; x_wconf 76' lang='grc' dir='ltr'>λαὸν</span> <span class='ocrx_word' id='word_1_552' title='bbox 1409 3882 1633 3956; x_wconf 88' lang='grc' dir='ltr'>(11)τῷ</span> <span class='ocrx_word' id='word_1_553' title='bbox 1662 3887 1739 3955; x_wconf 76' lang='grc' dir='ltr'>σῷ</span> <span class='ocrx_word' id='word_1_554' title='bbox 1770 3882 1942 3959; x_wconf 79' lang='grc' dir='ltr'>θρέμ-</span> 
     </span>
    </p>
   </div>
   <div class='ocr_carea' id='block_1_72' title="bbox 288 3969 1942 4050">
    <p class='ocr_par' dir='ltr' id='par_1_72' title="bbox 288 3969 1942 4050">
     <span class='ocr_line' id='line_1_73' title="bbox 288 3969 1942 4050; baseline -0.002 -21"><span class='ocrx_word' id='word_1_555' title='bbox 288 3996 443 4050; x_wconf 88' lang='grc' dir='ltr'>ματι,</span> <span class='ocrx_word' id='word_1_556' title='bbox 474 3974 561 4028; x_wconf 85' lang='grc' dir='ltr'>καὶ</span> <span class='ocrx_word' id='word_1_557' title='bbox 598 3974 733 4047; x_wconf 79' lang='grc' dir='ltr'>μετὰ</span> <span class='ocrx_word' id='word_1_558' title='bbox 778 3977 941 4027; x_wconf 78' lang='grc' dir='ltr'>τοῦτο</span> <span class='ocrx_word' id='word_1_559' title='bbox 980 3972 1222 4045; x_wconf 83' lang='grc' dir='ltr'>ποιμένι,</span> <span class='ocrx_word' id='word_1_560' title='bbox 1255 3976 1346 4026; x_wconf 79' lang='grc' dir='ltr'>νῦν</span> <span class='ocrx_word' id='word_1_561' title='bbox 1381 3969 1437 4026; x_wconf 72' lang='grc' dir='ltr'>δὲ</span> <span class='ocrx_word' id='word_1_562' title='bbox 1466 3970 1555 4026; x_wconf 86' lang='grc' dir='ltr'>καὶ</span> <span class='ocrx_word' id='word_1_563' title='bbox 1589 3970 1942 4047; x_wconf 81' lang='grc' dir='ltr'>ἆρχιποιμένι</span> 
     </span>
    </p>
   </div>
   <div class='ocr_carea' id='block_1_73' title="bbox 284 4059 1940 4137">
    <p class='ocr_par' dir='ltr' id='par_1_73' title="bbox 284 4059 1940 4137">
     <span class='ocr_line' id='line_1_74' title="bbox 284 4059 1940 4137; baseline -0.002 -18"><span class='ocrx_word' id='word_1_564' title='bbox 284 4067 424 4137; x_wconf 86' lang='grc'>(12).</span> <span class='ocrx_word' id='word_1_565' title='bbox 460 4060 676 4135; x_wconf 78' lang='grc' dir='ltr'>Δίδαξον</span> <span class='ocrx_word' id='word_1_566' title='bbox 712 4060 809 4135; x_wconf 86' lang='grc' dir='ltr'>έμέ</span> <span class='ocrx_word' id='word_1_567' title='bbox 838 4083 889 4116; x_wconf 92' lang='grc' dir='ltr'>τι</span> <span class='ocrx_word' id='word_1_568' title='bbox 922 4061 1044 4135; x_wconf 85' lang='grc' dir='ltr'>περὶ</span> <span class='ocrx_word' id='word_1_569' title='bbox 1076 4061 1557 4133; x_wconf 74' lang='grc' dir='ltr'>ποιμαντικῆς,τὸν</span> <span class='ocrx_word' id='word_1_570' title='bbox 1590 4059 1719 4115; x_wconf 86' lang='grc' dir='ltr'>λαὸν</span> <span class='ocrx_word' id='word_1_571' title='bbox 1750 4066 1940 4115; x_wconf 77' lang='grc' dir='ltr'>τοῦτον</span> 
     </span>
    </p>
   </div>
   <div class='ocr_carea' id='block_1_74' title="bbox 283 4147 1946 4229">
    <p class='ocr_par' dir='ltr' id='par_1_74' title="bbox 283 4147 1946 4229">
     <span class='ocr_line' id='line_1_75' title="bbox 283 4147 1946 4229; baseline 0 -22"><span class='ocrx_word' id='word_1_572' title='bbox 283 4152 414 4229; x_wconf 86' lang='grc' dir='ltr'>περὶ</span> <span class='ocrx_word' id='word_1_573' title='bbox 459 4150 776 4214; x_wconf 71' lang='grc' dir='ltr'>εὐπειθείαςο</span> <span class='ocrx_word' id='word_1_574' title='bbox 824 4150 947 4226; x_wconf 83' lang='grc' dir='ltr'>περὶ</span> <span class='ocrx_word' id='word_1_575' title='bbox 994 4151 1094 4219; x_wconf 77' lang='grc' dir='ltr'>τῆς</span> <span class='ocrx_word' id='word_1_576' title='bbox 1140 4148 1420 4225; x_wconf 69' lang='grc' dir='ltr'>παρούσης</span> <span class='ocrx_word' id='word_1_577' title='bbox 1466 4170 1519 4203; x_wconf 90' lang='grc' dir='ltr'>τι</span> <span class='ocrx_word' id='word_1_578' title='bbox 1550 4147 1777 4225; x_wconf 83' lang='grc' dir='ltr'>πληγῆς</span> <span class='ocrx_word' id='word_1_579' title='bbox 1832 4153 1946 4225; x_wconf 88' lang='grc'>(13)</span> 
     </span>
    </p>
   </div>
   <div class='ocr_carea' id='block_1_75' title="bbox 288 4236 1946 4320">
    <p class='ocr_par' dir='ltr' id='par_1_75' title="bbox 288 4236 1946 4320">
     <span class='ocr_line' id='line_1_76' title="bbox 288 4236 1946 4320; baseline 0 -25"><span class='ocrx_word' id='word_1_580' title='bbox 288 4241 693 4320; x_wconf 76' lang='grc' dir='ltr'>φιλοσόφησον,</span> <span class='ocrx_word' id='word_1_581' title='bbox 742 4240 865 4315; x_wconf 84' lang='grc' dir='ltr'>περὶ</span> <span class='ocrx_word' id='word_1_582' title='bbox 916 4243 1023 4294; x_wconf 80' lang='grc' dir='ltr'>τῶν</span> <span class='ocrx_word' id='word_1_583' title='bbox 1076 4236 1295 4293; x_wconf 83' lang='grc' dir='ltr'>δικαίων</span> <span class='ocrx_word' id='word_1_584' title='bbox 1326 4244 1424 4293; x_wconf 75' lang='grc' dir='ltr'>τοῦ</span> <span class='ocrx_word' id='word_1_585' title='bbox 1454 4243 1586 4294; x_wconf 77' lang='grc' dir='ltr'>Θεοῦ</span> <span class='ocrx_word' id='word_1_586' title='bbox 1644 4239 1946 4315; x_wconf 75' lang='grc' dir='ltr'>χριμάτων,</span> 
     </span>
    </p>
   </div>
   <div class='ocr_carea' id='block_1_76' title="bbox 284 4324 1949 4403">
    <p class='ocr_par' dir='ltr' id='par_1_76' title="bbox 284 4324 1949 4403">
     <span class='ocr_line' id='line_1_77' title="bbox 284 4324 1949 4403; baseline -0.002 -16"><span class='ocrx_word' id='word_1_587' title='bbox 284 4328 378 4387; x_wconf 71' lang='grc' dir='ltr'>ἐάν</span> <span class='ocrx_word' id='word_1_588' title='bbox 398 4351 458 4386; x_wconf 89' lang='grc' dir='ltr'>τε</span> <span class='ocrx_word' id='word_1_589' title='bbox 482 4324 987 4403; x_wconf 77' lang='grc' dir='ltr'>καταλαμϐάνωμεν</span> <span class='ocrx_word' id='word_1_590' title='bbox 1011 4327 1291 4402; x_wconf 77' lang='grc' dir='ltr'>ἡμεῖς,έάν</span> <span class='ocrx_word' id='word_1_591' title='bbox 1313 4348 1372 4382; x_wconf 89' lang='grc' dir='ltr'>τε</span> <span class='ocrx_word' id='word_1_592' title='bbox 1384 4328 1666 4403; x_wconf 75' lang='grc' dir='ltr'>ἀγνοῶμεν</span> <span class='ocrx_word' id='word_1_593' title='bbox 1690 4330 1786 4398; x_wconf 81' lang='grc' dir='ltr'>τήν</span> <span class='ocrx_word' id='word_1_594' title='bbox 1812 4327 1949 4383; x_wconf 86' lang='grc' dir='ltr'>πολ-</span> 
     </span>
    </p>
   </div>
   <div class='ocr_carea' id='block_1_77' title="bbox 284 4414 1946 4492">
    <p class='ocr_par' dir='ltr' id='par_1_77' title="bbox 284 4414 1946 4492">
     <span class='ocr_line' id='line_1_78' title="bbox 284 4414 1946 4492; baseline 0 -18"><span class='ocrx_word' id='word_1_595' title='bbox 284 4421 396 4489; x_wconf 74' lang='grc' dir='ltr'>λὴν</span> <span class='ocrx_word' id='word_1_596' title='bbox 430 4414 814 4480; x_wconf 71' lang='grc' dir='ltr'>ἄϐυσσονσΠῶς</span> <span class='ocrx_word' id='word_1_597' title='bbox 842 4417 931 4473; x_wconf 83' lang='grc' dir='ltr'>καὶ</span> <span class='ocrx_word' id='word_1_598' title='bbox 956 4419 993 4487; x_wconf 77' lang='grc' dir='ltr'>ἡ</span> <span class='ocrx_word' id='word_1_599' title='bbox 1026 4415 1364 4491; x_wconf 78' lang='grc' dir='ltr'>ἐλεημοσύνη</span> <span class='ocrx_word' id='word_1_600' title='bbox 1402 4415 1477 4479; x_wconf 85' lang='grc' dir='ltr'>εἰς</span> <span class='ocrx_word' id='word_1_601' title='bbox 1510 4416 1782 4490; x_wconf 77' lang='grc' dir='ltr'>σταθμοὺς</span> <span class='ocrx_word' id='word_1_602' title='bbox 1809 4419 1946 4492; x_wconf 83' lang='grc'>(14),</span> 
     </span>
    </p>
   </div>
   <div class='ocr_carea' id='block_1_78' title="bbox 2048 3352 3697 3424">
    <p class='ocr_par' dir='ltr' id='par_1_78' title="bbox 2048 3352 3697 3424">
     <span class='ocr_line' id='line_1_79' title="bbox 2048 3352 3697 3424; baseline 0 -17"><span class='ocrx_word' id='word_1_603' title='bbox 2048 3368 2223 3424; x_wconf 87' lang='lat' dir='ltr'>quam</span> <span class='ocrx_word' id='word_1_604' title='bbox 2249 3368 2459 3408; x_wconf 88' lang='lat' dir='ltr'>suaves</span> <span class='ocrx_word' id='word_1_605' title='bbox 2490 3369 2791 3409; x_wconf 88' lang='lat' dir='ltr'>sermones</span> <span class='ocrx_word' id='word_1_606' title='bbox 2838 3352 3123 3422; x_wconf 89' lang='lat' dir='ltr'>invideas,</span> <span class='ocrx_word' id='word_1_607' title='bbox 3176 3369 3280 3408; x_wconf 90' lang='lat' dir='ltr'>nec</span> <span class='ocrx_word' id='word_1_608' title='bbox 3310 3352 3439 3423; x_wconf 90' lang='lat' dir='ltr'>jam</span> <span class='ocrx_word' id='word_1_609' title='bbox 3471 3352 3697 3423; x_wconf 81' lang='lat' dir='ltr'>impen-</span> 
     </span>
    </p>
   </div>
   <div class='ocr_carea' id='block_1_79' title="bbox 2046 3441 3697 3514">
    <p class='ocr_par' dir='ltr' id='par_1_79' title="bbox 2046 3441 3697 3514">
     <span class='ocr_line' id='line_1_80' title="bbox 2046 3441 3697 3514; baseline -0.001 -17"><span class='ocrx_word' id='word_1_610' title='bbox 2046 3441 2237 3497; x_wconf 87' lang='lat' dir='ltr'>dentis</span> <span class='ocrx_word' id='word_1_611' title='bbox 2292 3441 2627 3497; x_wconf 89' lang='lat' dir='ltr'>detrimenti</span> <span class='ocrx_word' id='word_1_612' title='bbox 2676 3442 3024 3514; x_wconf 72' lang='lat' dir='ltr'>praeludium</span> <span class='ocrx_word' id='word_1_613' title='bbox 3082 3443 3361 3514; x_wconf 62' lang='lat' dir='ltr'>praebeas.</span> <span class='ocrx_word' id='word_1_614' title='bbox 3415 3442 3697 3514; x_wconf 89' lang='lat' dir='ltr'>Loquere,</span> 
     </span>
    </p>
   </div>
   <div class='ocr_carea' id='block_1_80' title="bbox 2047 3529 3696 3602">
    <p class='ocr_par' dir='ltr' id='par_1_80' title="bbox 2047 3529 3696 3602">
     <span class='ocr_line' id='line_1_81' title="bbox 2047 3529 3696 3602; baseline 0.001 -18"><span class='ocrx_word' id='word_1_615' title='bbox 2047 3547 2263 3602; x_wconf 69' lang='lat' dir='ltr'>quaeso,</span> <span class='ocrx_word' id='word_1_616' title='bbox 2297 3530 2404 3585; x_wconf 79' lang='lat' dir='ltr'>etsi</span> <span class='ocrx_word' id='word_1_617' title='bbox 2429 3547 2635 3601; x_wconf 83' lang='lat' dir='ltr'>pauca,</span> <span class='ocrx_word' id='word_1_618' title='bbox 2675 3534 2736 3586; x_wconf 91' lang='lat' dir='ltr'>at</span> <span class='ocrx_word' id='word_1_619' title='bbox 2774 3530 2920 3586; x_wconf 89' lang='lat' dir='ltr'>mihi</span> <span class='ocrx_word' id='word_1_620' title='bbox 2977 3530 3152 3587; x_wconf 85' lang='lat' dir='ltr'>chara</span> <span class='ocrx_word' id='word_1_621' title='bbox 3207 3534 3263 3586; x_wconf 89' lang='lat' dir='ltr'>et</span> <span class='ocrx_word' id='word_1_622' title='bbox 3316 3529 3696 3599; x_wconf 84' lang='lat' dir='ltr'>dulcissima;</span> 
     </span>
    </p>
   </div>
   <div class='ocr_carea' id='block_1_81' title="bbox 2047 3608 3701 3693">
    <p class='ocr_par' dir='ltr' id='par_1_81' title="bbox 2047 3608 3701 3693">
     <span class='ocr_line' id='line_1_82' title="bbox 2047 3608 3701 3693; baseline -0.001 -19"><span class='ocrx_word' id='word_1_623' title='bbox 2047 3620 2155 3674; x_wconf 90' lang='lat' dir='ltr'>etsi</span> <span class='ocrx_word' id='word_1_624' title='bbox 2200 3620 2399 3675; x_wconf 91' lang='lat' dir='ltr'>minus</span> <span class='ocrx_word' id='word_1_625' title='bbox 2456 3619 2647 3675; x_wconf 89' lang='lat' dir='ltr'>audiri</span> <span class='ocrx_word' id='word_1_626' title='bbox 2705 3621 2954 3693; x_wconf 89' lang='lat' dir='ltr'>possint,</span> <span class='ocrx_word' id='word_1_627' title='bbox 2997 3624 3058 3676; x_wconf 93' lang='lat' dir='ltr'>at</span> <span class='ocrx_word' id='word_1_628' title='bbox 3098 3608 3258 3692; x_wconf 55' lang='lat' dir='ltr'>&#39;quae</span> <span class='ocrx_word' id='word_1_629' title='bbox 3326 3622 3523 3675; x_wconf 86' lang='lat' dir='ltr'>tamen</span> <span class='ocrx_word' id='word_1_630' title='bbox 3598 3634 3701 3689; x_wconf 90' lang='lat' dir='ltr'>per</span> 
     </span>
    </p>
   </div>
   <div class='ocr_carea' id='block_1_82' title="bbox 2049 3707 3696 3781">
    <p class='ocr_par' dir='ltr' id='par_1_82' title="bbox 2049 3707 3696 3781">
     <span class='ocr_line' id='line_1_83' title="bbox 2049 3707 3696 3781; baseline -0.001 -18"><span class='ocrx_word' id='word_1_631' title='bbox 2049 3707 2415 3779; x_wconf 87' lang='lat' dir='ltr'>spiritualem</span> <span class='ocrx_word' id='word_1_632' title='bbox 2474 3707 2790 3765; x_wconf 90' lang='lat' dir='ltr'>clamorem</span> <span class='ocrx_word' id='word_1_633' title='bbox 2866 3713 3314 3781; x_wconf 85' lang='lat' dir='ltr'>cognoscantur,</span> <span class='ocrx_word' id='word_1_634' title='bbox 3374 3725 3478 3781; x_wconf 88' lang='lat' dir='ltr'>per</span> <span class='ocrx_word' id='word_1_635' title='bbox 3524 3722 3696 3777; x_wconf 89' lang='lat' dir='ltr'>quem</span> 
     </span>
    </p>
   </div>
   <div class='ocr_carea' id='block_1_83' title="bbox 2048 3794 3697 3870">
    <p class='ocr_par' dir='ltr' id='par_1_83' title="bbox 2048 3794 3697 3870">
     <span class='ocr_line' id='line_1_84' title="bbox 2048 3794 3697 3870; baseline -0.001 -18"><span class='ocrx_word' id='word_1_636' title='bbox 2048 3798 2204 3852; x_wconf 90' lang='lat' dir='ltr'>Deus</span> <span class='ocrx_word' id='word_1_637' title='bbox 2235 3801 2525 3853; x_wconf 88' lang='lat' dir='ltr'>tacentem</span> <span class='ocrx_word' id='word_1_638' title='bbox 2558 3815 2791 3870; x_wconf 87' lang='lat' dir='ltr'>quoque</span> <span class='ocrx_word' id='word_1_639' title='bbox 2816 3797 3069 3867; x_wconf 85' lang='lat' dir='ltr'>Moysem</span> <span class='ocrx_word' id='word_1_640' title='bbox 3101 3798 3321 3853; x_wconf 88' lang='lat' dir='ltr'>audivit</span> <span class='ocrx_word' id='word_1_641' title='bbox 3352 3815 3365 3866; x_wconf 91' lang='lat'>;</span> <span class='ocrx_word' id='word_1_642' title='bbox 3401 3795 3492 3852; x_wconf 91' lang='lat' dir='ltr'>cui</span> <span class='ocrx_word' id='word_1_643' title='bbox 3522 3794 3697 3851; x_wconf 89' lang='lat' dir='ltr'>etiam</span> 
     </span>
    </p>
   </div>
   <div class='ocr_carea' id='block_1_84' title="bbox 2051 3883 3706 3959">
    <p class='ocr_par' dir='ltr' id='par_1_84' title="bbox 2051 3883 3706 3959">
     <span class='ocr_line' id='line_1_85' title="bbox 2051 3883 3706 3959; baseline -0.001 -18"><span class='ocrx_word' id='word_1_644' title='bbox 2051 3886 2173 3941; x_wconf 83' lang='lat' dir='ltr'>sola</span> <span class='ocrx_word' id='word_1_645' title='bbox 2230 3890 2420 3941; x_wconf 89' lang='lat' dir='ltr'>mente</span> <span class='ocrx_word' id='word_1_646' title='bbox 2468 3885 2822 3959; x_wconf 89' lang='lat' dir='ltr'>colloquenti</span> <span class='ocrx_word' id='word_1_647' title='bbox 2879 3886 3103 3941; x_wconf 88' lang='lat' dir='ltr'>dictum</span> <span class='ocrx_word' id='word_1_648' title='bbox 3154 3891 3275 3954; x_wconf 88' lang='lat' dir='ltr'>est;</span> <span class='ocrx_word' id='word_1_649' title='bbox 3312 3886 3455 3953; x_wconf 80' lang='lat' dir='ltr'>Quid</span> <span class='ocrx_word' id='word_1_650' title='bbox 3498 3883 3572 3939; x_wconf 88' lang='lat' dir='ltr'>ad</span> <span class='ocrx_word' id='word_1_651' title='bbox 3618 3898 3706 3940; x_wconf 77' lang='lat' dir='ltr'>me</span> 
     </span>
    </p>
   </div>
   <div class='ocr_carea' id='block_1_85' title="bbox 2051 3973 3703 4046">
    <p class='ocr_par' dir='ltr' id='par_1_85' title="bbox 2051 3973 3703 4046">
     <span class='ocr_line' id='line_1_86' title="bbox 2051 3973 3703 4046; baseline -0.001 -17"><span class='ocrx_word' id='word_1_652' title='bbox 2051 3976 2255 4030; x_wconf 81' lang='lat' dir='ltr'>clamas</span> <span class='ocrx_word' id='word_1_653' title='bbox 2285 3974 2377 4029; x_wconf 62' lang='grc' dir='ltr'>ιιι</span> <span class='ocrx_word' id='word_1_654' title='bbox 2407 3974 2573 4029; x_wconf 86' lang='lat' dir='ltr'>Hunc</span> <span class='ocrx_word' id='word_1_655' title='bbox 2605 3975 2886 4046; x_wconf 89' lang='lat' dir='ltr'>populum</span> <span class='ocrx_word' id='word_1_656' title='bbox 2920 3974 3064 4030; x_wconf 90' lang='lat' dir='ltr'>mihi</span> <span class='ocrx_word' id='word_1_657' title='bbox 3120 3988 3423 4045; x_wconf 92' lang='lat' dir='ltr'>compone,</span> <span class='ocrx_word' id='word_1_658' title='bbox 3456 3973 3565 4028; x_wconf 90' lang='lat' dir='ltr'>hoc</span> <span class='ocrx_word' id='word_1_659' title='bbox 3595 3976 3703 4043; x_wconf 88' lang='lat' dir='ltr'>est,</span> 
     </span>
    </p>
   </div>
   <div class='ocr_carea' id='block_1_86' title="bbox 2054 4063 3705 4135">
    <p class='ocr_par' dir='ltr' id='par_1_86' title="bbox 2054 4063 3705 4135">
     <span class='ocr_line' id='line_1_87' title="bbox 2054 4063 3705 4135; baseline -0.001 -16"><span class='ocrx_word' id='word_1_660' title='bbox 2054 4063 2293 4119; x_wconf 87' lang='lat' dir='ltr'>alumno</span> <span class='ocrx_word' id='word_1_661' title='bbox 2314 4063 2641 4135; x_wconf 71' lang='lat' dir='ltr'>disciplinae</span> <span class='ocrx_word' id='word_1_662' title='bbox 2672 4068 2804 4131; x_wconf 65' lang='lat' dir='ltr'>tuae,</span> <span class='ocrx_word' id='word_1_663' title='bbox 2839 4065 3051 4120; x_wconf 89' lang='lat' dir='ltr'>deinde</span> <span class='ocrx_word' id='word_1_664' title='bbox 3070 4063 3478 4135; x_wconf 89' lang='lat' dir='ltr'>pastori,nunc</span> <span class='ocrx_word' id='word_1_665' title='bbox 3509 4066 3705 4117; x_wconf 87' lang='lat' dir='ltr'>autem</span> 
     </span>
    </p>
   </div>
   <div class='ocr_carea' id='block_1_87' title="bbox 2055 4149 3709 4225">
    <p class='ocr_par' dir='ltr' id='par_1_87' title="bbox 2055 4149 3709 4225">
     <span class='ocr_line' id='line_1_88' title="bbox 2055 4149 3709 4225; baseline -0.001 -18"><span class='ocrx_word' id='word_1_666' title='bbox 2055 4157 2359 4225; x_wconf 88' lang='lat' dir='ltr'>pastorum</span> <span class='ocrx_word' id='word_1_667' title='bbox 2389 4168 2622 4225; x_wconf 85' lang='lat' dir='ltr'>quoque</span> <span class='ocrx_word' id='word_1_668' title='bbox 2645 4153 2920 4224; x_wconf 88' lang='lat' dir='ltr'>principi.</span> <span class='ocrx_word' id='word_1_669' title='bbox 2972 4157 3057 4208; x_wconf 86' lang='lat' dir='ltr'>Me</span> <span class='ocrx_word' id='word_1_670' title='bbox 3087 4153 3159 4207; x_wconf 91' lang='lat' dir='ltr'>de</span> <span class='ocrx_word' id='word_1_671' title='bbox 3210 4150 3489 4223; x_wconf 89' lang='lat' dir='ltr'>pascendi</span> <span class='ocrx_word' id='word_1_672' title='bbox 3519 4149 3709 4223; x_wconf 86' lang='lat' dir='ltr'>gregis</span> 
     </span>
    </p>
   </div>
   <div class='ocr_carea' id='block_1_88' title="bbox 2056 4238 3709 4313">
    <p class='ocr_par' dir='ltr' id='par_1_88' title="bbox 2056 4238 3709 4313">
     <span class='ocr_line' id='line_1_89' title="bbox 2056 4238 3709 4313; baseline -0.002 -16"><span class='ocrx_word' id='word_1_673' title='bbox 2056 4241 2300 4309; x_wconf 87' lang='lat' dir='ltr'>ratione,</span> <span class='ocrx_word' id='word_1_674' title='bbox 2338 4240 2620 4313; x_wconf 89' lang='lat' dir='ltr'>populum</span> <span class='ocrx_word' id='word_1_675' title='bbox 2652 4240 2810 4296; x_wconf 91' lang='lat' dir='ltr'>hunc</span> <span class='ocrx_word' id='word_1_676' title='bbox 2828 4242 2899 4297; x_wconf 91' lang='lat' dir='ltr'>de</span> <span class='ocrx_word' id='word_1_677' title='bbox 2930 4240 3262 4297; x_wconf 86' lang='lat' dir='ltr'>cbedientia</span> <span class='ocrx_word' id='word_1_678' title='bbox 3293 4238 3515 4310; x_wconf 82' lang='lat' dir='ltr'>aliquid</span> <span class='ocrx_word' id='word_1_679' title='bbox 3548 4239 3709 4294; x_wconf 86' lang='lat' dir='ltr'>doce:</span> 
     </span>
    </p>
   </div>
   <div class='ocr_carea' id='block_1_89' title="bbox 2058 4328 3712 4403">
    <p class='ocr_par' dir='ltr' id='par_1_89' title="bbox 2058 4328 3712 4403">
     <span class='ocr_line' id='line_1_90' title="bbox 2058 4328 3712 4403; baseline -0.001 -18"><span class='ocrx_word' id='word_1_680' title='bbox 2058 4330 2361 4402; x_wconf 88' lang='lat' dir='ltr'>quidpiam</span> <span class='ocrx_word' id='word_1_681' title='bbox 2393 4332 2464 4386; x_wconf 92' lang='lat' dir='ltr'>de</span> <span class='ocrx_word' id='word_1_682' title='bbox 2489 4331 2759 4402; x_wconf 59' lang='lat' dir='ltr'>praesenti</span> <span class='ocrx_word' id='word_1_683' title='bbox 2784 4331 2958 4403; x_wconf 87' lang='lat' dir='ltr'>plaga</span> <span class='ocrx_word' id='word_1_684' title='bbox 2984 4329 3422 4403; x_wconf 80' lang='lat' dir='ltr'>philosophers,</span> <span class='ocrx_word' id='word_1_685' title='bbox 3455 4329 3609 4387; x_wconf 75' lang='lat'>802</span> <span class='ocrx_word' id='word_1_686' title='bbox 3640 4328 3712 4384; x_wconf 91' lang='lat' dir='ltr'>de</span> 
     </span>
    </p>
   </div>
   <div class='ocr_carea' id='block_1_90' title="bbox 2058 4418 3710 4493">
    <p class='ocr_par' dir='ltr' id='par_1_90' title="bbox 2058 4418 3710 4493">
     <span class='ocr_line' id='line_1_91' title="bbox 2058 4418 3710 4493; baseline -0.001 -18"><span class='ocrx_word' id='word_1_687' title='bbox 2058 4419 2234 4489; x_wconf 81' lang='lat' dir='ltr'>iustis</span> <span class='ocrx_word' id='word_1_688' title='bbox 2264 4419 2365 4475; x_wconf 91' lang='lat' dir='ltr'>Dei</span> <span class='ocrx_word' id='word_1_689' title='bbox 2386 4418 2626 4490; x_wconf 85' lang='lat' dir='ltr'>judiciis</span> <span class='ocrx_word' id='word_1_690' title='bbox 2653 4437 2666 4489; x_wconf 92' lang='lat'><strong>;</strong></span> <span class='ocrx_word' id='word_1_691' title='bbox 2701 4420 2822 4476; x_wconf 90' lang='lat' dir='ltr'>sive</span> <span class='ocrx_word' id='word_1_692' title='bbox 2865 4436 2971 4476; x_wconf 90' lang='lat' dir='ltr'>nos</span> <span class='ocrx_word' id='word_1_693' title='bbox 3021 4436 3089 4476; x_wconf 92' lang='lat' dir='ltr'>ea</span> <span class='ocrx_word' id='word_1_694' title='bbox 3118 4418 3710 4493; x_wconf 89' lang='lat' dir='ltr'>comprehendamus,</span> 
     </span>
    </p>
   </div>
   <div class='ocr_carea' id='block_1_91' title="bbox 365 4543 1955 4617">
    <p class='ocr_par' dir='ltr' id='par_1_91' title="bbox 365 4543 1955 4617">
     <span class='ocr_line' id='line_1_92' title="bbox 365 4543 1955 4617; baseline -0.003 -13"><span class='ocrx_word' id='word_1_695' title='bbox 365 4546 410 4582; x_wconf 81' lang='grc'>⁸⁷</span> <span class='ocrx_word' id='word_1_696' title='bbox 441 4546 645 4604; x_wconf 89' lang='lat' dir='ltr'>Matth.</span> <span class='ocrx_word' id='word_1_697' title='bbox 697 4562 861 4617; x_wconf 76' lang='lat' dir='ltr'>mu,</span> <span class='ocrx_word' id='word_1_698' title='bbox 919 4547 1008 4601; x_wconf 89' lang='lat'>27.</span> <span class='ocrx_word' id='word_1_699' title='bbox 1070 4543 1115 4579; x_wconf 81' lang='grc'>⁸⁸</span> <span class='ocrx_word' id='word_1_700' title='bbox 1144 4543 1415 4613; x_wconf 87' lang='lat' dir='ltr'>Psal.cx,</span> <span class='ocrx_word' id='word_1_701' title='bbox 1476 4544 1561 4598; x_wconf 91' lang='grc'>10.</span> <span class='ocrx_word' id='word_1_702' title='bbox 1622 4543 1667 4579; x_wconf 78' lang='grc'>⁸⁹</span> <span class='ocrx_word' id='word_1_703' title='bbox 1697 4544 1860 4600; x_wconf 91' lang='lat' dir='ltr'>Prov.</span> <span class='ocrx_word' id='word_1_704' title='bbox 1920 4562 1955 4600; x_wconf 89' lang='lat' dir='ltr'><strong>x</strong></span> 
     </span>
    </p>
   </div>
   <div class='ocr_carea' id='block_1_92' title="bbox 2049 4543 3714 4617">
    <p class='ocr_par' dir='ltr' id='par_1_92' title="bbox 2096 4543 3714 4617">
     <span class='ocr_line' id='line_1_93' title="bbox 2096 4543 3714 4617; baseline 0.002 -18"><span class='ocrx_word' id='word_1_705' title='bbox 2096 4546 2189 4600; x_wconf 88' lang='grc'>31.</span> <span class='ocrx_word' id='word_1_706' title='bbox 2246 4543 2493 4600; x_wconf 68' lang='grc' dir='ltr'>ωΕοοΙὶ.</span> <span class='ocrx_word' id='word_1_707' title='bbox 2546 4560 2625 4617; x_wconf 76' lang='lat' dir='ltr'>x1,</span> <span class='ocrx_word' id='word_1_708' title='bbox 2684 4544 2774 4599; x_wconf 92' lang='grc'>31.</span> <span class='ocrx_word' id='word_1_709' title='bbox 2833 4546 2876 4583; x_wconf 68' lang='grc'>⁸³</span> <span class='ocrx_word' id='word_1_710' title='bbox 2928 4549 3096 4603; x_wconf 88' lang='lat' dir='ltr'>Prov.</span> <span class='ocrx_word' id='word_1_711' title='bbox 3154 4562 3334 4617; x_wconf 77' lang='lat' dir='ltr'><strong>XXVII,</strong></span> <span class='ocrx_word' id='word_1_712' title='bbox 3393 4545 3444 4601; x_wconf 91' lang='lat'>1.</span> <span class='ocrx_word' id='word_1_713' title='bbox 3502 4544 3547 4580; x_wconf 82' lang='grc'>⁹²</span> <span class='ocrx_word' id='word_1_714' title='bbox 3596 4546 3714 4603; x_wconf 89' lang='lat' dir='ltr'>Isa.</span> 
     </span>
    </p>
   </div>
   <div class='ocr_carea' id='block_1_93' title="bbox 293 4633 1639 4704">
    <p class='ocr_par' dir='ltr' id='par_1_93' title="bbox 293 4633 1639 4704">
     <span class='ocr_line' id='line_1_94' title="bbox 293 4633 1639 4704; baseline -0.003 -10"><span class='ocrx_word' id='word_1_715' title='bbox 293 4654 454 4704; x_wconf 65' lang='grc' dir='ltr'>χιιι,</span> <span class='ocrx_word' id='word_1_716' title='bbox 488 4636 575 4692; x_wconf 93' lang='lat'>18.</span> <span class='ocrx_word' id='word_1_717' title='bbox 606 4637 651 4671; x_wconf 71' lang='grc'>⁸³</span> <span class='ocrx_word' id='word_1_718' title='bbox 682 4635 705 4692; x_wconf 92' lang='grc'>1</span> <span class='ocrx_word' id='word_1_719' title='bbox 737 4635 868 4692; x_wconf 85' lang='lat' dir='ltr'>Cor.</span> <span class='ocrx_word' id='word_1_720' title='bbox 901 4652 977 4692; x_wconf 79' lang='grc' dir='ltr'>ιν.</span> <span class='ocrx_word' id='word_1_721' title='bbox 1011 4636 1098 4691; x_wconf 89' lang='grc'>15.</span> <span class='ocrx_word' id='word_1_722' title='bbox 1129 4635 1175 4670; x_wconf 79' lang='grc'><strong>⁹⁴</strong></span> <span class='ocrx_word' id='word_1_723' title='bbox 1202 4633 1375 4690; x_wconf 84' lang='lat' dir='ltr'>Exod.</span> <span class='ocrx_word' id='word_1_724' title='bbox 1399 4649 1517 4702; x_wconf 70' lang='lat' dir='ltr'>xxv,</span> <span class='ocrx_word' id='word_1_725' title='bbox 1551 4633 1639 4690; x_wconf 86' lang='lat'>15.</span> 
     </span>
    </p>
   </div>
   <div class='ocr_carea' id='block_1_94' title="bbox 369 4775 1435 4850">
    <p class='ocr_par' dir='ltr' id='par_1_94' title="bbox 369 4775 1435 4850">
     <span class='ocr_line' id='line_1_95' title="bbox 369 4775 1435 4850; baseline -0.003 -16"><span class='ocrx_word' id='word_1_726' title='bbox 369 4780 446 4850; x_wconf 92' lang='lat'>(1)</span> <span class='ocrx_word' id='word_1_727' title='bbox 476 4778 714 4850; x_wconf 40' lang='lat' dir='ltr'>’EvLSic</span> <span class='ocrx_word' id='word_1_728' title='bbox 744 4782 883 4849; x_wconf 83' lang='lat' dir='ltr'>Reg.</span> <span class='ocrx_word' id='word_1_729' title='bbox 918 4777 1017 4850; x_wconf 54' lang='lat' dir='ltr'>ph:</span> <span class='ocrx_word' id='word_1_730' title='bbox 1050 4776 1223 4850; x_wconf 84' lang='lat' dir='ltr'>Deest</span> <span class='ocrx_word' id='word_1_731' title='bbox 1250 4775 1311 4830; x_wconf 91' lang='lat' dir='ltr'>in</span> <span class='ocrx_word' id='word_1_732' title='bbox 1343 4776 1435 4831; x_wconf 91' lang='lat' dir='ltr'>ed.</span> 
     </span>
    </p>
   </div>
   <div class='ocr_carea' id='block_1_95' title="bbox 369 4841 1954 4977">
    <p class='ocr_par' dir='ltr' id='par_1_95' title="bbox 369 4841 1954 4977">
     <span class='ocr_line' id='line_1_96' title="bbox 369 4841 1954 4935; baseline 0 -31"><span class='ocrx_word' id='word_1_733' title='bbox 369 4841 448 4923; x_wconf 71' lang='lat'>(2)</span> <span class='ocrx_word' id='word_1_734' title='bbox 480 4850 549 4905; x_wconf 76' lang='grc' dir='ltr'>Οἱ</span> <span class='ocrx_word' id='word_1_735' title='bbox 580 4841 801 4935; x_wconf 57' lang='grc' dir='ltr'>ὄνειροι.</span> <span class='ocrx_word' id='word_1_736' title='bbox 821 4841 860 4905; x_wconf 57' lang='grc' dir='ltr'><em>Σ</em></span> <span class='ocrx_word' id='word_1_737' title='bbox 888 4841 968 4919; x_wconf 68' lang='grc' dir='ltr'>τῷ</span> <span class='ocrx_word' id='word_1_738' title='bbox 1000 4844 1175 4923; x_wconf 86' lang='grc' dir='ltr'>λόγῳ.</span> <span class='ocrx_word' id='word_1_739' title='bbox 1210 4850 1296 4904; x_wconf 90' lang='lat' dir='ltr'>Ita</span> <span class='ocrx_word' id='word_1_740' title='bbox 1334 4846 1603 4903; x_wconf 89' lang='lat' dir='ltr'>nonnulli</span> <span class='ocrx_word' id='word_1_741' title='bbox 1635 4848 1803 4904; x_wconf 91' lang='lat' dir='ltr'>codd.</span> <span class='ocrx_word' id='word_1_742' title='bbox 1836 4848 1954 4905; x_wconf 88' lang='lat' dir='ltr'>De-</span> 
     </span>
     <span class='ocr_line' id='line_1_97' title="bbox 376 4918 928 4977; baseline -0.004 0"><span class='ocrx_word' id='word_1_743' title='bbox 376 4926 443 4977; x_wconf 90' lang='lat' dir='ltr'>nt</span> <span class='ocrx_word' id='word_1_744' title='bbox 473 4918 524 4974; x_wconf 79' lang='grc' dir='ltr'>οἱ</span> <span class='ocrx_word' id='word_1_745' title='bbox 555 4926 614 4975; x_wconf 92' lang='lat' dir='ltr'>et</span> <span class='ocrx_word' id='word_1_746' title='bbox 638 4940 717 4977; x_wconf 81' lang='grc' dir='ltr'>τω</span> <span class='ocrx_word' id='word_1_747' title='bbox 748 4938 808 4975; x_wconf 80' lang='lat' dir='ltr'>1n</span> <span class='ocrx_word' id='word_1_748' title='bbox 836 4921 928 4977; x_wconf 90' lang='lat' dir='ltr'>ed.</span> 
     </span>
    </p>
   </div>
   <div class='ocr_carea' id='block_1_96' title="bbox 748 4938 928 4977">
    <p class='ocr_par' dir='ltr' id='par_1_96' title="bbox 748 4938 928 4977">
     <span class='ocr_line' id='line_1_98' title="bbox 748 4938 928 4977; baseline 0.006 -3"><span class='ocrx_word' id='word_1_749' title='bbox 748 4938 808 4975; x_wconf 82' lang='grc'>111</span> <span class='ocrx_word' id='word_1_750' title='bbox 836 4938 928 4977; x_wconf 74' lang='grc' dir='ltr'>θα.</span> 
     </span>
    </p>
   </div>
   <div class='ocr_carea' id='block_1_97' title="bbox 370 4986 1955 5066">
    <p class='ocr_par' dir='ltr' id='par_1_97' title="bbox 370 4986 1955 5066">
     <span class='ocr_line' id='line_1_99' title="bbox 370 4986 1955 5066; baseline -0.003 -19"><span class='ocrx_word' id='word_1_751' title='bbox 370 4994 454 5066; x_wconf 12' lang='grc'>(3),</span> <span class='ocrx_word' id='word_1_752' title='bbox 498 4986 853 5065; x_wconf 78' lang='grc' dir='ltr'>Κινουμένου.</span> <span class='ocrx_word' id='word_1_753' title='bbox 902 4992 1043 5064; x_wconf 83' lang='lat' dir='ltr'>Reg.</span> <span class='ocrx_word' id='word_1_754' title='bbox 1076 4992 1198 5061; x_wconf 87' lang='lat' dir='ltr'>bm,</span> <span class='ocrx_word' id='word_1_755' title='bbox 1230 4991 1326 5047; x_wconf 69' lang='grc' dir='ltr'>ΟΡ.</span> <span class='ocrx_word' id='word_1_756' title='bbox 1362 4992 1415 5062; x_wconf 87' lang='grc'>1,</span> <span class='ocrx_word' id='word_1_757' title='bbox 1444 4993 1560 5050; x_wconf 82' lang='lat' dir='ltr'>Jes.</span> <span class='ocrx_word' id='word_1_758' title='bbox 1604 4986 1955 5063; x_wconf 81' lang='grc' dir='ltr'>δονουμένου,</span> 
     </span>
    </p>
   </div>
   <div class='ocr_carea' id='block_1_98' title="bbox 294 5065 688 5119">
    <p class='ocr_par' dir='ltr' id='par_1_98' title="bbox 294 5065 688 5119">
     <span class='ocr_line' id='line_1_100' title="bbox 294 5065 688 5119; baseline 0 0"><span class='ocrx_word' id='word_1_759' title='bbox 294 5090 327 5119; x_wconf 84' lang='grc'><em>‹‹</em></span> <span class='ocrx_word' id='word_1_760' title='bbox 366 5065 638 5119; x_wconf 66' lang='lat' dir='ltr'>agitetur.</span> <span class='ocrx_word' id='word_1_761' title='bbox 659 5086 688 5114; x_wconf 87' lang='lat'>»</span> 
     </span>
    </p>
   </div>
   <div class='ocr_carea' id='block_1_99' title="bbox 374 5133 1810 5205">
    <p class='ocr_par' dir='ltr' id='par_1_99' title="bbox 374 5133 1810 5205">
     <span class='ocr_line' id='line_1_101' title="bbox 374 5133 1810 5205; baseline -0.005 -14"><span class='ocrx_word' id='word_1_762' title='bbox 374 5133 454 5203; x_wconf 72' lang='grc'>(4)</span> <span class='ocrx_word' id='word_1_763' title='bbox 487 5134 640 5205; x_wconf 75' lang='grc' dir='ltr'>Βίου.</span> <span class='ocrx_word' id='word_1_764' title='bbox 674 5135 768 5205; x_wconf 79' lang='lat' dir='ltr'>Or.</span> <span class='ocrx_word' id='word_1_765' title='bbox 808 5136 830 5190; x_wconf 91' lang='lat'>1</span> <span class='ocrx_word' id='word_1_766' title='bbox 866 5133 1049 5205; x_wconf 86' lang='lat' dir='ltr'>addit,</span> <span class='ocrx_word' id='word_1_767' title='bbox 1078 5133 1292 5202; x_wconf 69' lang='grc' dir='ltr'>τούτου,</span> <span class='ocrx_word' id='word_1_768' title='bbox 1327 5158 1354 5185; x_wconf 90' lang='grc'>‹‹</span> <span class='ocrx_word' id='word_1_769' title='bbox 1388 5135 1517 5190; x_wconf 66' lang='lat' dir='ltr'>vita:</span> <span class='ocrx_word' id='word_1_770' title='bbox 1551 5135 1753 5205; x_wconf 86' lang='lat' dir='ltr'>hujus.</span> <span class='ocrx_word' id='word_1_771' title='bbox 1782 5156 1810 5185; x_wconf 85' lang='lat'><strong>»</strong></span> 
     </span>
    </p>
   </div>
   <div class='ocr_carea' id='block_1_100' title="bbox 377 5203 1957 5279">
    <p class='ocr_par' dir='ltr' id='par_1_100' title="bbox 377 5203 1957 5279">
     <span class='ocr_line' id='line_1_102' title="bbox 377 5203 1957 5279; baseline -0.002 -16"><span class='ocrx_word' id='word_1_772' title='bbox 377 5210 454 5279; x_wconf 80' lang='lat'><strong>(5)</strong></span> <span class='ocrx_word' id='word_1_773' title='bbox 484 5203 810 5275; x_wconf 68' lang='grc' dir='ltr'>Μελλούσης</span> <span class='ocrx_word' id='word_1_774' title='bbox 865 5203 1085 5278; x_wconf 78' lang='grc' dir='ltr'>ζημίας.</span> <span class='ocrx_word' id='word_1_775' title='bbox 1130 5207 1255 5279; x_wconf 87' lang='lat' dir='ltr'>Hic,</span> <span class='ocrx_word' id='word_1_776' title='bbox 1287 5222 1390 5278; x_wconf 90' lang='lat' dir='ltr'>per</span> <span class='ocrx_word' id='word_1_777' title='bbox 1420 5228 1448 5279; x_wconf 68' lang='grc' dir='ltr'>ς(</span> <span class='ocrx_word' id='word_1_778' title='bbox 1480 5203 1825 5279; x_wconf 79' lang='lat' dir='ltr'>impendens</span> <span class='ocrx_word' id='word_1_779' title='bbox 1857 5206 1957 5260; x_wconf 91' lang='lat' dir='ltr'>de-</span> 
     </span>
    </p>
   </div>
   <div class='ocr_carea' id='block_1_101' title="bbox 297 5276 1958 5351">
    <p class='ocr_par' dir='ltr' id='par_1_101' title="bbox 297 5276 1958 5351">
     <span class='ocr_line' id='line_1_103' title="bbox 297 5276 1958 5351; baseline -0.003 -15"><span class='ocrx_word' id='word_1_780' title='bbox 297 5276 681 5346; x_wconf 82' lang='lat' dir='ltr'>trimentum,</span> <span class='ocrx_word' id='word_1_781' title='bbox 706 5301 733 5327; x_wconf 76' lang='grc' dir='ltr'>υ</span> <span class='ocrx_word' id='word_1_782' title='bbox 767 5276 947 5351; x_wconf 38' lang='lat' dir='ltr'>seu}</span> <span class='ocrx_word' id='word_1_783' title='bbox 985 5276 1332 5351; x_wconf 79' lang='lat' dir='ltr'>periculum,</span> <span class='ocrx_word' id='word_1_784' title='bbox 1362 5300 1395 5351; x_wconf 15' lang='grc' dir='ltr'>»ν</span> <span class='ocrx_word' id='word_1_785' title='bbox 1420 5276 1695 5349; x_wconf 89' lang='lat' dir='ltr'>intelligit</span> <span class='ocrx_word' id='word_1_786' title='bbox 1744 5277 1958 5348; x_wconf 89' lang='lat' dir='ltr'>Grego-</span> 
     </span>
    </p>
   </div>
   <div class='ocr_carea' id='block_1_102' title="bbox 298 5349 1961 5423">
    <p class='ocr_par' dir='ltr' id='par_1_102' title="bbox 298 5349 1961 5423">
     <span class='ocr_line' id='line_1_104' title="bbox 298 5349 1961 5423; baseline -0.003 -15"><span class='ocrx_word' id='word_1_787' title='bbox 298 5353 433 5408; x_wconf 88' lang='lat' dir='ltr'>rius</span> <span class='ocrx_word' id='word_1_788' title='bbox 464 5355 711 5423; x_wconf 88' lang='lat' dir='ltr'>mortem</span> <span class='ocrx_word' id='word_1_789' title='bbox 744 5349 949 5421; x_wconf 91' lang='lat' dir='ltr'>patris,</span> <span class='ocrx_word' id='word_1_790' title='bbox 984 5349 1110 5422; x_wconf 72' lang='lat' dir='ltr'>quae</span> <span class='ocrx_word' id='word_1_791' title='bbox 1141 5350 1312 5423; x_wconf 89' lang='lat' dir='ltr'>longe</span> <span class='ocrx_word' id='word_1_792' title='bbox 1352 5350 1556 5405; x_wconf 91' lang='lat' dir='ltr'>abesse</span> <span class='ocrx_word' id='word_1_793' title='bbox 1588 5365 1701 5404; x_wconf 90' lang='lat' dir='ltr'>non</span> <span class='ocrx_word' id='word_1_794' title='bbox 1734 5352 1961 5419; x_wconf 90' lang='lat' dir='ltr'>poterat</span> 
     </span>
    </p>
   </div>
   <div class='ocr_carea' id='block_1_103' title="bbox 299 5422 1228 5498">
    <p class='ocr_par' dir='ltr' id='par_1_103' title="bbox 299 5422 1228 5498">
     <span class='ocr_line' id='line_1_105' title="bbox 299 5422 1228 5498; baseline 0 0"><span class='ocrx_word' id='word_1_795' title='bbox 299 5440 431 5498; x_wconf 61' lang='lat' dir='ltr'>prae</span> <span class='ocrx_word' id='word_1_796' title='bbox 460 5422 720 5498; x_wconf 58' lang='lat'>19986229</span> <span class='ocrx_word' id='word_1_797' title='bbox 748 5422 878 5494; x_wconf 74' lang='lat' dir='ltr'>eius</span> <span class='ocrx_word' id='word_1_798' title='bbox 901 5428 1228 5498; x_wconf 56' lang='lat' dir='ltr'>senectute-</span> 
     </span>
    </p>
   </div>
   <div class='ocr_carea' id='block_1_104' title="bbox 381 5491 1960 5567">
    <p class='ocr_par' dir='ltr' id='par_1_104' title="bbox 381 5491 1960 5567">
     <span class='ocr_line' id='line_1_106' title="bbox 381 5491 1960 5567; baseline -0.001 -18"><span class='ocrx_word' id='word_1_799' title='bbox 381 5496 459 5566; x_wconf 83' lang='lat'>(6)</span> <span class='ocrx_word' id='word_1_800' title='bbox 494 5494 593 5567; x_wconf 63' lang='grc' dir='ltr'>Καὶ</span> <span class='ocrx_word' id='word_1_801' title='bbox 643 5491 859 5561; x_wconf 66' lang='grc' dir='ltr'>ἥδιστα.</span> <span class='ocrx_word' id='word_1_802' title='bbox 894 5495 987 5551; x_wconf 91' lang='lat' dir='ltr'>Sic</span> <span class='ocrx_word' id='word_1_803' title='bbox 1037 5494 1217 5567; x_wconf 77' lang='lat' dir='ltr'>Regii</span> <span class='ocrx_word' id='word_1_804' title='bbox 1251 5493 1463 5564; x_wconf 90' lang='lat' dir='ltr'>plures.</span> <span class='ocrx_word' id='word_1_805' title='bbox 1496 5491 1669 5567; x_wconf 56' lang='lat' dir='ltr'>Cois].</span> <span class='ocrx_word' id='word_1_806' title='bbox 1724 5507 1857 5547; x_wconf 91' lang='lat' dir='ltr'>vero</span> <span class='ocrx_word' id='word_1_807' title='bbox 1875 5492 1960 5567; x_wconf 26' lang='lat'>*2,</span> 
     </span>
    </p>
   </div>
   <div class='ocr_carea' id='block_1_105' title="bbox 296 5562 1963 5640">
    <p class='ocr_par' dir='ltr' id='par_1_105' title="bbox 296 5562 1963 5640">
     <span class='ocr_line' id='line_1_107' title="bbox 296 5562 1963 5640; baseline -0.002 -17"><span class='ocrx_word' id='word_1_808' title='bbox 296 5562 454 5640; x_wconf 71' lang='lat' dir='ltr'>Jes.,</span> <span class='ocrx_word' id='word_1_809' title='bbox 493 5565 877 5640; x_wconf 26' lang='lat' dir='ltr'>aliiquebnon</span> <span class='ocrx_word' id='word_1_810' title='bbox 923 5562 1412 5640; x_wconf 59' lang='lat' dir='ltr'>pauci,&#39;7r)\é‘icta,</span> <span class='ocrx_word' id='word_1_811' title='bbox 1446 5586 1473 5613; x_wconf 85' lang='grc'>‹‹</span> <span class='ocrx_word' id='word_1_812' title='bbox 1507 5562 1781 5637; x_wconf 88' lang='lat' dir='ltr'>plurima.</span> <span class='ocrx_word' id='word_1_813' title='bbox 1813 5587 1832 5613; x_wconf 73' lang='grc' dir='ltr'>ι</span> <span class='ocrx_word' id='word_1_814' title='bbox 1868 5563 1963 5621; x_wconf 87' lang='lat' dir='ltr'>Sic</span> 
     </span>
    </p>
   </div>
   <div class='ocr_carea' id='block_1_106' title="bbox 304 5637 921 5710">
    <p class='ocr_par' dir='ltr' id='par_1_106' title="bbox 304 5637 921 5710">
     <span class='ocr_line' id='line_1_108' title="bbox 304 5637 921 5710; baseline -0.003 -14"><span class='ocrx_word' id='word_1_815' title='bbox 304 5638 495 5696; x_wconf 87' lang='lat' dir='ltr'>etiam</span> <span class='ocrx_word' id='word_1_816' title='bbox 507 5637 921 5710; x_wconf 14' lang='lat' dir='ltr'>Alegithillius.</span> 
     </span>
    </p>
   </div>
   <div class='ocr_carea' id='block_1_107' title="bbox 380 5704 1966 5787">
    <p class='ocr_par' dir='ltr' id='par_1_107' title="bbox 380 5704 1966 5787">
     <span class='ocr_line' id='line_1_109' title="bbox 380 5704 1966 5787; baseline -0.002 -22"><span class='ocrx_word' id='word_1_817' title='bbox 380 5711 461 5787; x_wconf 90' lang='lat'>(7)</span> <span class='ocrx_word' id='word_1_818' title='bbox 494 5704 614 5769; x_wconf 70' lang='grc' dir='ltr'>0ὐὶ</span> <span class='ocrx_word' id='word_1_819' title='bbox 663 5707 917 5765; x_wconf 82' lang='grc' dir='ltr'>ἀκουστά.</span> <span class='ocrx_word' id='word_1_820' title='bbox 969 5711 1110 5783; x_wconf 81' lang='lat' dir='ltr'>Reg.</span> <span class='ocrx_word' id='word_1_821' title='bbox 1161 5707 1263 5781; x_wconf 89' lang='lat' dir='ltr'>ph,</span> <span class='ocrx_word' id='word_1_822' title='bbox 1313 5704 1485 5765; x_wconf 86' lang='lat' dir='ltr'>Goisl.</span> <span class='ocrx_word' id='word_1_823' title='bbox 1521 5705 1573 5780; x_wconf 92' lang='grc'>1,</span> <span class='ocrx_word' id='word_1_824' title='bbox 1615 5706 1710 5764; x_wconf 84' lang='lat' dir='ltr'>0r.</span> <span class='ocrx_word' id='word_1_825' title='bbox 1764 5707 1813 5780; x_wconf 85' lang='lat'>1,</span> <span class='ocrx_word' id='word_1_826' title='bbox 1866 5704 1966 5763; x_wconf 75' lang='grc' dir='ltr'>οὒκ</span> 
     </span>
    </p>
   </div>
   <div class='ocr_carea' id='block_1_108' title="bbox 639 5834 1353 5903">
    <p class='ocr_par' dir='ltr' id='par_1_108' title="bbox 639 5834 1353 5903">
     <span class='ocr_line' id='line_1_110' title="bbox 639 5834 1353 5903; baseline -0.003 -4"><span class='ocrx_word' id='word_1_827' title='bbox 639 5837 908 5903; x_wconf 57' lang='lat' dir='ltr'>Panos.</span> <span class='ocrx_word' id='word_1_828' title='bbox 953 5838 1065 5901; x_wconf 77' lang='lat' dir='ltr'>Gn.</span> <span class='ocrx_word' id='word_1_829' title='bbox 1110 5834 1353 5901; x_wconf 84' lang='lat' dir='ltr'><strong>XXXV.</strong></span> 
     </span>
    </p>
   </div>
   <div class='ocr_carea' id='block_1_109' title="bbox 291 4918 717 4991">
    <p class='ocr_par' dir='ltr' id='par_1_109' title="bbox 291 4918 717 4991">
     <span class='ocr_line' id='line_1_111' title="bbox 291 4918 717 4991; baseline -0.019 -10"><span class='ocrx_word' id='word_1_830' title='bbox 291 4918 443 4981; x_wconf 82' lang='lat' dir='ltr'>sunt</span> <span class='ocrx_word' id='word_1_831' title='bbox 473 4918 524 4974; x_wconf 79' lang='grc' dir='ltr'>οἱ</span> <span class='ocrx_word' id='word_1_832' title='bbox 555 4926 614 4975; x_wconf 92' lang='lat' dir='ltr'>et</span> <span class='ocrx_word' id='word_1_833' title='bbox 638 4918 717 4991; x_wconf 80' lang='grc' dir='ltr'>τῷ</span> 
     </span>
    </p>
   </div>
   <div class='ocr_carea' id='block_1_110' title="bbox 2061 4775 2371 4845">
    <p class='ocr_par' dir='ltr' id='par_1_110' title="bbox 2061 4775 2371 4845">
     <span class='ocr_line' id='line_1_112' title="bbox 2061 4775 2371 4845; baseline 0.003 -15"><span class='ocrx_word' id='word_1_834' title='bbox 2061 4775 2371 4845; x_wconf 76' lang='grc' dir='ltr'>ἐξάκουστα.</span> 
     </span>
    </p>
   </div>
   <div class='ocr_carea' id='block_1_111' title="bbox 2134 4843 3715 4922">
    <p class='ocr_par' dir='ltr' id='par_1_111' title="bbox 2134 4843 3715 4922">
     <span class='ocr_line' id='line_1_113' title="bbox 2134 4843 3715 4922; baseline 0.003 -21"><span class='ocrx_word' id='word_1_835' title='bbox 2134 4850 2211 4920; x_wconf 89' lang='lat'>(8)</span> <span class='ocrx_word' id='word_1_836' title='bbox 2241 4850 2372 4921; x_wconf 82' lang='grc' dir='ltr'>Βοῇ.</span> <span class='ocrx_word' id='word_1_837' title='bbox 2405 4846 2575 4903; x_wconf 88' lang='lat' dir='ltr'>Coisl.</span> <span class='ocrx_word' id='word_1_838' title='bbox 2633 4850 2690 4919; x_wconf 90' lang='lat'>2,</span> <span class='ocrx_word' id='word_1_839' title='bbox 2750 4843 2875 4922; x_wconf 79' lang='grc' dir='ltr'>ῥοῇ,</span> <span class='ocrx_word' id='word_1_840' title='bbox 2936 4867 2959 4897; x_wconf 78' lang='grc' dir='ltr'>α</span> <span class='ocrx_word' id='word_1_841' title='bbox 3008 4864 3113 4921; x_wconf 88' lang='lat' dir='ltr'>per</span> <span class='ocrx_word' id='word_1_842' title='bbox 3167 4847 3474 4921; x_wconf 87' lang='lat' dir='ltr'>spirituale</span> <span class='ocrx_word' id='word_1_843' title='bbox 3526 4848 3715 4906; x_wconf 84' lang='lat' dir='ltr'>ﬂuen-</span> 
     </span>
    </p>
   </div>
   <div class='ocr_carea' id='block_1_112' title="bbox 2063 4924 3511 5116">
    <p class='ocr_par' dir='ltr' id='par_1_112' title="bbox 2063 4924 3511 5116">
     <span class='ocr_line' id='line_1_114' title="bbox 2063 4924 3511 5116; baseline 0.052 -143"><span class='ocrx_word' id='word_1_844' title='bbox 2063 4924 2480 5116; x_wconf 43' lang='grc' dir='ltr'>ΐυξξὲέίὲςζίξυς</span> <span class='ocrx_word' id='word_1_845' title='bbox 2499 4986 2669 5101; x_wconf 46' lang='lat' dir='ltr'>fecit.</span> <span class='ocrx_word' id='word_1_846' title='bbox 2695 4990 2831 5116; x_wconf 57' lang='lat' dir='ltr'>Reg.</span> <span class='ocrx_word' id='word_1_847' title='bbox 2867 4990 2963 5062; x_wconf 90' lang='lat' dir='ltr'>ph,</span> <span class='ocrx_word' id='word_1_848' title='bbox 3059 4989 3187 5052; x_wconf 85' lang='grc' dir='ltr'>Θεὸς</span> <span class='ocrx_word' id='word_1_849' title='bbox 3217 4991 3511 5053; x_wconf 80' lang='grc' dir='ltr'>Μωϋσέως.</span> 
     </span>
     <span class='ocr_line' id='line_1_115' title="bbox 2333 5060 3240 5116; baseline 0 0"><span class='ocrx_word' id='word_1_850' title='bbox 2333 5080 2421 5116; x_wconf 69' lang='lat' dir='ltr'>eo.</span> <span class='ocrx_word' id='word_1_851' title='bbox 2459 5082 2542 5116; x_wconf 53' lang='grc' dir='ltr'>με.</span> <span class='ocrx_word' id='word_1_852' title='bbox 2576 5060 2747 5116; x_wconf 80' lang='lat' dir='ltr'>COISl.</span> <span class='ocrx_word' id='word_1_853' title='bbox 2824 5105 2839 5116; x_wconf 92' lang='lat'>.</span> <span class='ocrx_word' id='word_1_854' title='bbox 2872 5062 3053 5116; x_wconf 83' lang='lat' dir='ltr'>addit.</span> <span class='ocrx_word' id='word_1_855' title='bbox 3087 5061 3240 5116; x_wconf 75' lang='lat' dir='ltr'>conci.</span> 
     </span>
    </p>
   </div>
   <div class='ocr_carea' id='block_1_113' title="bbox 2162 5059 3240 5139">
    <p class='ocr_par' dir='ltr' id='par_1_113' title="bbox 2162 5059 3240 5139">
     <span class='ocr_line' id='line_1_116' title="bbox 2162 5059 3240 5139; baseline 0 0"><span class='ocrx_word' id='word_1_856' title='bbox 2162 5059 2248 5139; x_wconf 67' lang='lat'>10)</span> <span class='ocrx_word' id='word_1_857' title='bbox 2280 5061 2427 5139; x_wconf 66' lang='grc' dir='ltr'>ῌρὸξ</span> <span class='ocrx_word' id='word_1_858' title='bbox 2458 5059 2542 5139; x_wconf 62' lang='grc' dir='ltr'>μέο</span> <span class='ocrx_word' id='word_1_859' title='bbox 2576 5060 2748 5139; x_wconf 66' lang='grc' dir='ltr'>(Ξίὶίδιτ</span> <span class='ocrx_word' id='word_1_860' title='bbox 2784 5059 2839 5129; x_wconf 57' lang='grc'>1,</span> <span class='ocrx_word' id='word_1_861' title='bbox 2867 5059 3053 5139; x_wconf 51' lang='grc' dir='ltr'>ΜΨ,</span> <span class='ocrx_word' id='word_1_862' title='bbox 3087 5061 3240 5139; x_wconf 52' lang='lat' dir='ltr'>ensi.</span> 
     </span>
    </p>
   </div>
   <div class='ocr_carea' id='block_1_114' title="bbox 2164 5130 3309 5205">
    <p class='ocr_par' dir='ltr' id='par_1_114' title="bbox 2164 5130 3309 5205">
     <span class='ocr_line' id='line_1_117' title="bbox 2164 5130 3309 5205; baseline 0.003 -17"><span class='ocrx_word' id='word_1_863' title='bbox 2164 5130 2248 5205; x_wconf 81' lang='grc'>11)</span> <span class='ocrx_word' id='word_1_864' title='bbox 2278 5130 2375 5187; x_wconf 78' lang='grc' dir='ltr'>Τὸν</span> <span class='ocrx_word' id='word_1_865' title='bbox 2410 5130 2560 5205; x_wconf 73' lang='grc' dir='ltr'>λαόν.</span> <span class='ocrx_word' id='word_1_866' title='bbox 2590 5134 2846 5205; x_wconf 64' lang='grc' dir='ltr'>ΔΜοιιιιὶϐ.</span> <span class='ocrx_word' id='word_1_867' title='bbox 2883 5130 3065 5205; x_wconf 83' lang='lat' dir='ltr'>addit,</span> <span class='ocrx_word' id='word_1_868' title='bbox 3096 5130 3309 5192; x_wconf 61' lang='grc' dir='ltr'>τοῦτον.</span> 
     </span>
    </p>
   </div>
   <div class='ocr_carea' id='block_1_115' title="bbox 2140 5201 3711 5290">
    <p class='ocr_par' dir='ltr' id='par_1_115' title="bbox 2140 5201 3711 5290">
     <span class='ocr_line' id='line_1_118' title="bbox 2140 5201 3711 5290; baseline 0.003 -32"><span class='ocrx_word' id='word_1_869' title='bbox 2280 5208 2383 5257; x_wconf 78' lang='grc' dir='ltr'>Νῦν</span> <span class='ocrx_word' id='word_1_870' title='bbox 2418 5201 2603 5290; x_wconf 52' lang='grc' dir='ltr'>8ὲὶκαί</span> <span class='ocrx_word' id='word_1_871' title='bbox 2636 5204 3012 5290; x_wconf 67' lang='grc' dir='ltr'>ἆρχιποιμένι.</span> <span class='ocrx_word' id='word_1_872' title='bbox 3046 5207 3139 5263; x_wconf 86' lang='lat' dir='ltr'>Sic</span> <span class='ocrx_word' id='word_1_873' title='bbox 3170 5208 3406 5290; x_wconf 67' lang='lat' dir='ltr'>exponit</span> <span class='ocrx_word' id='word_1_874' title='bbox 3434 5204 3668 5290; x_wconf 75' lang='lat' dir='ltr'>Nicetes</span> <span class='ocrx_word' id='word_1_875' title='bbox 3696 5219 3711 5263; x_wconf 75' lang='lat'><strong><em>2</em></strong></span> 
     </span>
    </p>
   </div>
   <div class='ocr_carea' id='block_1_116' title="bbox 2070 5276 3717 5351">
    <p class='ocr_par' dir='ltr' id='par_1_116' title="bbox 2070 5276 3717 5351">
     <span class='ocr_line' id='line_1_119' title="bbox 2070 5276 3717 5351; baseline 0.003 -23"><span class='ocrx_word' id='word_1_876' title='bbox 2070 5300 2099 5351; x_wconf 53' lang='grc' dir='ltr'>(ξ</span> <span class='ocrx_word' id='word_1_877' title='bbox 2160 5277 2241 5331; x_wconf 78' lang='lat' dir='ltr'>Ex</span> <span class='ocrx_word' id='word_1_878' title='bbox 2305 5276 2606 5351; x_wconf 84' lang='lat' dir='ltr'>sacerdote</span> <span class='ocrx_word' id='word_1_879' title='bbox 2661 5276 2787 5348; x_wconf 79' lang='lat' dir='ltr'>jam</span> <span class='ocrx_word' id='word_1_880' title='bbox 2852 5277 3192 5351; x_wconf 89' lang='lat' dir='ltr'>episcopus,</span> <span class='ocrx_word' id='word_1_881' title='bbox 3242 5276 3318 5337; x_wconf 65' lang='lat' dir='ltr'>&#39;et</span> <span class='ocrx_word' id='word_1_882' title='bbox 3382 5285 3482 5336; x_wconf 92' lang='lat' dir='ltr'>tuo</span> <span class='ocrx_word' id='word_1_883' title='bbox 3548 5282 3717 5351; x_wconf 82' lang='lat' dir='ltr'>jussu</span> 
     </span>
    </p>
   </div>
   <div class='ocr_carea' id='block_1_117' title="bbox 2072 5347 3716 5430">
    <p class='ocr_par' dir='ltr' id='par_1_117' title="bbox 2072 5347 3716 5430">
     <span class='ocr_line' id='line_1_120' title="bbox 2072 5347 3716 5430; baseline 0.002 -29"><span class='ocrx_word' id='word_1_884' title='bbox 2072 5347 2492 5430; x_wconf 73' lang='grc' dir='ltr'>ἀρχιερατεύων,</span> <span class='ocrx_word' id='word_1_885' title='bbox 2516 5347 2787 5405; x_wconf 87' lang='lat' dir='ltr'>summus</span> <span class='ocrx_word' id='word_1_886' title='bbox 2816 5347 3087 5407; x_wconf 78' lang='lat' dir='ltr'>sacerdos</span> <span class='ocrx_word' id='word_1_887' title='bbox 3122 5352 3492 5411; x_wconf 75' lang='lat' dir='ltr'>Nazianzenae</span> <span class='ocrx_word' id='word_1_888' title='bbox 3523 5347 3716 5407; x_wconf 89' lang='lat' dir='ltr'>Eccle-</span> 
     </span>
    </p>
   </div>
   <div class='ocr_carea' id='block_1_118' title="bbox 2072 5436 3716 5575">
    <p class='ocr_par' dir='ltr' id='par_1_118' title="bbox 2072 5436 3716 5575">
     <span class='ocr_line' id='line_1_121' title="bbox 2072 5436 3716 5575; baseline -0.005 -28"><span class='ocrx_word' id='word_1_889' title='bbox 2072 5436 2252 5575; x_wconf 42' lang='grc' dir='ltr'>ῗιεῗίέ)</span> <span class='ocrx_word' id='word_1_890' title='bbox 2286 5490 2569 5563; x_wconf 76' lang='grc' dir='ltr'>Παρούσης</span> <span class='ocrx_word' id='word_1_891' title='bbox 2596 5511 2649 5546; x_wconf 91' lang='grc' dir='ltr'>τι</span> <span class='ocrx_word' id='word_1_892' title='bbox 2679 5489 2920 5567; x_wconf 74' lang='grc' dir='ltr'>πληγῆς.</span> <span class='ocrx_word' id='word_1_893' title='bbox 2952 5493 3046 5551; x_wconf 72' lang='lat' dir='ltr'>Sic</span> <span class='ocrx_word' id='word_1_894' title='bbox 3086 5495 3265 5568; x_wconf 82' lang='lat' dir='ltr'>Regg.</span> <span class='ocrx_word' id='word_1_895' title='bbox 3301 5514 3353 5565; x_wconf 70' lang='grc' dir='ltr'>ει,</span> <span class='ocrx_word' id='word_1_896' title='bbox 3386 5513 3436 5552; x_wconf 83' lang='grc' dir='ltr'>ο,</span> <span class='ocrx_word' id='word_1_897' title='bbox 3469 5493 3638 5575; x_wconf 50' lang='lat' dir='ltr'>Deest</span> <span class='ocrx_word' id='word_1_898' title='bbox 3663 5506 3716 5541; x_wconf 85' lang='grc' dir='ltr'>τι</span> 
     </span>
    </p>
   </div>
   <div class='ocr_carea' id='block_1_119' title="bbox 2073 5565 3635 5711">
    <p class='ocr_par' dir='ltr' id='par_1_119' title="bbox 2073 5565 3635 5711">
     <span class='ocr_line' id='line_1_122' title="bbox 2073 5565 3635 5629; baseline -0.04 -10"><span class='ocrx_word' id='word_1_899' title='bbox 2073 5565 2133 5619; x_wconf 89' lang='lat' dir='ltr'>in</span> <span class='ocrx_word' id='word_1_900' title='bbox 2160 5565 2253 5619; x_wconf 91' lang='lat' dir='ltr'>ed.</span> <span class='ocrx_word' id='word_1_901' title='bbox 2814 5565 2820 5567; x_wconf 92' lang='lat'>-</span> <span class='ocrx_word' id='word_1_902' title='bbox 3173 5565 3239 5568; x_wconf 56' lang='grc' dir='ltr'>η</span> <span class='ocrx_word' id='word_1_903' title='bbox 3524 5566 3635 5629; x_wconf 23' lang='lat'><strong><em>4!</em></strong></span> 
     </span>
     <span class='ocr_line' id='line_1_123' title="bbox 2142 5632 3531 5711; baseline -0.037 3"><span class='ocrx_word' id='word_1_904' title='bbox 2142 5636 2257 5711; x_wconf 65' lang='lat'>(1.4)</span> <span class='ocrx_word' id='word_1_905' title='bbox 2302 5632 2404 5711; x_wconf 64' lang='lat' dir='ltr'>Ei:</span> <span class='ocrx_word' id='word_1_906' title='bbox 2460 5633 2754 5709; x_wconf 78' lang='grc' dir='ltr'>σταθμούς.</span> <span class='ocrx_word' id='word_1_907' title='bbox 2814 5635 2989 5694; x_wconf 86' lang='lat' dir='ltr'>Coisl.</span> <span class='ocrx_word' id='word_1_908' title='bbox 3046 5637 3098 5706; x_wconf 85' lang='lat'>1,</span> <span class='ocrx_word' id='word_1_909' title='bbox 3157 5633 3208 5693; x_wconf 71' lang='grc' dir='ltr'>ἐν</span> <span class='ocrx_word' id='word_1_910' title='bbox 3279 5632 3531 5711; x_wconf 61' lang='grc' dir='ltr'>σταθμοτρ</span> 
     </span>
    </p>
   </div>
   <div class='ocr_carea' id='block_1_120' title="bbox 2072 5705 2372 5779">
    <p class='ocr_par' dir='ltr' id='par_1_120' title="bbox 2072 5705 2372 5779">
     <span class='ocr_line' id='line_1_124' title="bbox 2072 5705 2372 5779; baseline 0.007 -18"><span class='ocrx_word' id='word_1_911' title='bbox 2072 5705 2240 5779; x_wconf 82' lang='grc' dir='ltr'>κατά,</span> <span class='ocrx_word' id='word_1_912' title='bbox 2259 5710 2372 5763; x_wconf 90' lang='lat' dir='ltr'>etc.</span> 
     </span>
    </p>
   </div>
   <div class='ocr_carea' id='block_1_121' title="bbox 3329 5836 3407 5899">
    <p class='ocr_par' dir='ltr' id='par_1_121' title="bbox 3329 5836 3407 5899">
     <span class='ocr_line' id='line_1_125' title="bbox 3329 5836 3407 5899; baseline -0.013 0"><span class='ocrx_word' id='word_1_913' title='bbox 3329 5836 3407 5899; x_wconf 78' lang='lat'><strong>30</strong></span> 
     </span>
    </p>
   </div>
  </div>
