4138 6212
417 331 534 393 939

1661 330 1726 391 S.
1774 326 2149 390 GREGORII
2191 324 2587 386 THEOLOGI

3708 324 3834 386 940

418 467 538 523 sive
567 466 863 538 ingentem
911 480 1112 519 eorum
1163 464 1441 536 abyssum
1495 463 1853 534 ignoremus.
1911 461 2052 518 Doce

2172 457 2307 513 κατᾶ
2356 453 2447 510 τὸν
2508 457 2659 531 ἅγιον
2718 451 2937 512 Ἡσαΐαν
2991 451 3141 529 (οὐδε
3181 454 3281 530 γάρ
3320 455 3382 509 τὸ
3430 452 3626 530 ἀγαθὸν
3674 454 3836 533 ἄκρι-

417 557 709 629 quomodo
739 558 796 609 et
841 553 1264 619 misericordia,
1328 558 1392 608 ut
1441 556 1532 608 est
1579 554 1735 624 apud
1792 556 2065 607 sanctum

416 646 653 712 Isaiam,
686 644 757 699 ad
789 643 1001 698 libram
1059 643 1424 714 expendatur
1453 643 1495 678 9⁵
1547 648 1753 714 (neque
1792 641 1949 697 enim
1982 640 2067 695 in-

417 735 667 791 discreta
686 734 917 788 bonitas
949 736 1055 803 est,
1088 732 1224 787 licet
1251 734 1325 787 iis
1372 732 1544 788 aliter
1591 733 1782 788 visum
1834 733 1930 797 sit,
1962 731 2064 801 qui

416 825 640 896 priores
666 822 725 877 in
748 823 917 877 vinea
944 822 1284 877 laborarunt
1306 823 1368 888 9⁸,
1410 839 1515 877 nec
1554 822 1613 877 in
1646 820 1931 876 mercedis
1957 836 2064 891 pa-

415 911 652 981 rilitate,
713 912 999 983 imparem
1058 910 1361 966 laborandi
1413 911 1700 966 rationem
1758 908 2064 964 intellexe-

416 1004 599 1070 runt),
629 1005 687 1055 et
738 1001 1031 1072 quomodo
1066 1001 1174 1066 ira,
1233 1017 1358 1071 quis
1418 999 1746 1071 appellatur
1800 997 1951 1053 calix
2001 997 2061 1051 in

416 1106 595 1145 manu
626 1088 856 1144 Domini
877 1091 918 1125 θτ
945 1115 958 1157 ;
990 1094 1066 1157 et,
1126 1088 1275 1144 calix
1305 1089 1485 1144 ruinae
1537 1088 1639 1160 qui
1693 1088 1950 1144 ebibitur
1995 1087 2060 1154 9⁸,

413 1179 666 1249 peccatis
695 1178 1069 1250 proportione
1113 1179 1481 1250 respondeat,
1516 1176 1752 1234 tametsi
1784 1176 2060 1232 omnibus

414 1267 485 1322 de
518 1267 736 1323 meritas
767 1284 950 1339 pcsnae
981 1268 1281 1323 atrocitate
1312 1267 1535 1339 aliquid
1566 1266 1856 1333 detrahat,
1886 1271 2059 1337 atque

414 1357 511 1411 irae
534 1373 833 1414 meracum
857 1356 1215 1428 benignitate
1246 1360 1532 1428 temperet
1564 1374 1577 1424 ;
1610 1356 1693 1411 ita
1740 1361 1806 1411 ut
1858 1372 1927 1410 ex
1973 1371 2059 1410 se-

409 1446 650 1501 veritate
679 1446 751 1502 ad
782 1446 1080 1503 lenitatem
1127 1451 1185 1501 et
1236 1446 1480 1516 gratiam
1512 1445 1584 1501 iis
1639 1444 1899 1513 inclinet,
1954 1443 2053 1515 qui

411 1538 566 1589 metu
602 1534 1030 1604 erudiuntur,et
1054 1550 1121 1590 ex
1141 1551 1318 1605 parva
1346 1533 1679 1590 calamitate
1696 1533 2052 1604 concipiunt,

410 1640 475 1679 ac
505 1640 736 1679 morum
768 1625 1185 1679 correctionem
1229 1624 1583 1695 parturiunt,
1617 1623 2055 1695 perfectumque

407 1711 620 1769 salutis
649 1712 923 1784 spiritum
946 1712 1184 1784 pariunt
1213 1714 1289 1769 99:
1321 1714 1519 1768 facem
1551 1717 1770 1780 autem,
1802 1712 1911 1767 hoc
1943 1715 2051 1780 est,

406 1801 465 1855 id
498 1803 652 1872 quod
682 1802 741 1856 in
773 1802 859 1857 ira
883 1806 1205 1858 extremum
1238 1806 1346 1867 est,
1369 1807 1646 1868 asservet,
1696 1812 1760 1856 ut
1806 1817 1933 1856 eam
1962 1804 2051 1855 to-

2172 566 2284 614 τον,
2366 544 2411 599 εἴ
2479 545 2567 599 καὶ
2624 548 2739 606 τοῖς
2818 544 2868 600 ἰν
2932 548 3009 616 τῶ
3083 543 3374 617 ἀμπελῶνι
3442 546 3835 619 προκεκμηκό-

2175 656 2255 689 σιν
2317 631 2486 704 ἔδοξε,
2522 634 2627 707 ,μὴ
2686 638 2908 689 συνιεῖσι
2964 634 3076 707 (45)
3124 634 3185 689 τὸ
3237 631 3290 687 ἰν
3463 631 3675 701 ἰσότητι
3735 631 3838 689 ἄν·

2179 726 2337 797 ισον),
2396 722 2485 778 καὶ
2563 725 2597 793 ἡ
2673 722 2807 799 ὀργὴ
2883 722 3019 777 κατὰ
3094 720 3257 798 λόγον
3331 727 3439 778 τῶν
3500 725 3837 800 ἁμαρτημάο

2173 834 2299 885 των,
2370 814 2632 888 ποτήριον
2712 810 2763 866 ἐν
2824 812 2971 887 χειρὶ
3028 811 3233 887 Κυρίου
3286 815 3834 888 προσαγορευομένη,

2172 903 2261 957 καὶ
2287 900 2449 957 κόνδυ
2480 904 2739 964 πτώσεως
2769 904 2814 973 (4
2828 904 2882 976 6)
2907 900 3281 975 ἑκπινόμενον,
3305 901 3442 957 εἶκαὶ
3474 910 3631 958 πᾶσιν
3668 904 3834 981 ὑφαι-

2173 992 2342 1070 ρεῖταί
2373 1013 2423 1046 τι
2452 999 2553 1062 τῆς
2585 991 2755 1063 ἀξίας,
2787 991 2878 1045 καὶ
2905 991 2969 1046 τὸ
2998 998 3097 1061 τῆς
3130 992 3297 1068 ὀργῆς
3352 990 3581 1067 ἄκρατον
3631 990 3831 1071 φιλαν-

2173 1081 2385 1158 θρωπίᾳ
2432 1081 2701 1157 κίρνησιν·
2752 1078 2956 1135 κλίνων
3011 1080 3105 1153 μὶν
3144 1079 3203 1134 ἐκ
3248 1085 3345 1137 τοῦ
3394 1084 3507 1156 (17)
3537 1081 3832 1155 ἀποτόμου

2168 1171 2304 1243 πρὸς
2333 1170 2396 1225 τὸ
2428 1166 2710 1243 ἐνδόσιμον
2737 1174 2851 1230 τοῖς
2878 1164 3031 1247 φόϐῳ
3050 1167 3493 1245 παιδευομένοις,
3516 1172 3744 1233 καὶτοῖς
3767 1170 3832 1227 ἐκ

2165 1266 2265 1328 τῆς
2298 1266 2495 1336 μικρᾶς
2526 1257 2763 1333 θλίψεως
2794 1260 2909 1332 (18)
2939 1254 3385 1333 συλλαμϐάνουσι
3413 1260 3503 1315 καὶ
3532 1258 3827 1316 ὠδίνουσιν

2167 1347 2521 1425 ἐπιστροφὴν,
2554 1347 2641 1402 καὶ
2695 1351 2909 1421 πνεῦμα
2955 1347 3229 1422 σωτηρίας
3258 1345 3467 1404 τέλειον
3496 1348 3830 1405 ἀποτίκτου-

2170 1457 2271 1492 σινο
2307 1438 2595 1511 ὑποτηρῶν
2629 1434 2686 1492 δὲ
2715 1435 2867 1511 ὅμως
2894 1436 3138 1513 τρυγίαν,
3177 1438 3241 1492 τὸ
3285 1444 3386 1507 τῆς
3439 1437 3612 1515 ὀργῆς
3662 1436 3829 1515 ἔσχα-

2164 1549 2281 1602 τον,
2324 1527 2397 1583 ⁸ίν’
2446 1527 2575 1584 ὅλον
2623 1529 2830 1601 κενώσῃ
2871 1533 2987 1591 τοῖς
3040 1530 3117 1601 μὴ
3148 1529 3601 1605 θεραπευομένοις
3629 1530 3693 1585 ἐκ
3720 1538 3827 1601 τῆς

2166 1616 2562 1694 χρηστότητος,
2598 1615 2743 1673 ἀλλά
2772 1606 2861 1672 καὶ
2892 1619 3005 1691 (19)
3054 1616 3515 1694 σκληρυνομάνοις
3566 1620 3703 1675 κατὰ
3730 1621 3827 1676 τὸν

2168 1704 2527 1783 βαρυκάρδιον
2559 1707 2783 1780 Φαραὼ,
2816 1708 2904 1761 καὶ
2929 1708 3121 1782 πικρὸν
3155 1705 3472 1784 ἐργοδότην,
3504 1708 3582 1771 εἰς
3624 1706 3829 1786 δεῖγμα

2161 1797 2518 1870 ταμιευθέντα
2544 1802 2643 1865 τῆς
2676 1800 2770 1850 τοῦ
2801 1800 2934 1851 Θεοῦ
2962 1799 3098 1852 κατά
3126 1801 3233 1851 τῶν
3261 1792 3468 1853 ἀσεϐῶν
3514 1795 3820 1872 δυνάμεως.

406 1893 528 1945 tam
570 1890 628 1945 in
662 1889 796 1945 illos
856 1892 1139 1960 effundat,
1200 1893 1299 1963 qui
1352 1891 1711 1962 benignitate
1760 1894 1935 1960 atque
2000 1888 2311 1944 clementia
2364 1887 2608 1942 minime
2657 1892 2960 1958 sanantur,
3017 1887 3133 1943 imo
3192 1887 3369 1943 etiam
3424 1888 3821 1960 obdurantur,

406 1980 906 2050 quemadmodum
944 1979 1042 2036 ille
1098 1980 1291 2035 cordis
1344 1980 1562 2035 duritia
1614 1978 1886 2035 laborans
1934 1977 2206 2043 Pharao‘,
2266 1980 2324 2032 et
2376 1976 2434 2031 in
2490 1975 2765 2046 operibus
2815 1975 3143 2033 indicendis
3177 1977 3468 2046 acerbus',
3535 1979 3611 2033 ad
3668 1979 3823 2034 divi-

407 2085 494 2124 nas
524 2069 807 2124 adversus
827 2068 1043 2141 impios
1074 2069 1343 2141 potentiae
1373 2069 1669 2141 specimen
1692 2069 1983 2124 edendum
2014 2066 2385 2124 reservatus3.

476 2157 543 2211 V.
594 2157 847 2229 Expone,
911 2159 1066 2214 unde
1132 2157 1475 2229 hujusmodi
1533 2157 1717 2231 plagas
1768 2162 1824 2213 et
1880 2158 2052 2230 ﬂagra

2238 2154 2313 2211 E'.
2348 2151 2499 2227 Εἰπὲ,
2530 2153 2690 2209 πόθεν
2721 2152 2775 2207 αἱ
2823 2155 3066 2207 τοιαῦται
3115 2148 3325 2228 πληγαὶ
3368 2153 3458 2207 καὶ
3511 2152 3816 2231 μάστιγες;

405 2245 689 2317 oriantur,
744 2250 800 2302 et
828 2263 959 2317 qua:
1013 2247 1091 2303 sit
1119 2264 1321 2303 eorum
1375 2247 1518 2303 ratio
1540 2248 1567 2302 ‘I
1600 2247 1805 2302 Utrum
1838 2247 2052 2301 inordi-

404 2338 578 2390 natus
605 2334 845 2405 quidam
876 2352 941 2390 ac
972 2341 1362 2407 praeposterus
1380 2342 1437 2391 et
1464 2336 1907 2408 gubernationis
1928 2352 2052 2391 om-

402 2423 495 2479 nis
526 2439 731 2495 expers
761 2424 1161 2481 universitatis
1192 2430 1407 2493 motus,
1445 2442 1510 2481 ac
1552 2442 1702 2481 caeca
1733 2425 2050 2493 temeritas,

399 2513 683 2582 tanquam
713 2511 980 2567 videlicet
1008 2529 1179 2568 nemo
1206 2517 1283 2568 sit
1311 2515 1411 2584 qui
1449 2514 1624 2570 rebus
1679 2513 2053 2569 moderandis

398 2599 617 2670 praesit,
651 2603 706 2655 et
734 2600 986 2671 denique
1008 2616 1181 2656 casus
1212 2600 1332 2657 haec
1389 2604 1556 2673 ferat,
1608 2608 1672 2657 ut
1727 2602 1916 2673 placet
1946 2602 2048 2657 ho-

400 2687 663 2743 minibus
693 2688 871 2744 stulte
901 2688 1286 2760 sapientibus,
1322 2696 1379 2745 et
1416 2691 1507 2759 iis,
1569 2691 1669 2763 qui
1712 2707 1745 2746 a
1767 2690 2049 2761 praecipiti

400 2779 459 2831 et
490 2777 796 2833 tenebroso
849 2777 1061 2848 spiritu
1109 2782 1328 2834 temere
1376 2781 1693 2847 feruntur;
1729 2797 1801 2834 an
1856 2779 2049 2851 potius

400 2864 674 2922 universa
703 2864 826 2920 haec
856 2883 1049 2922 rerum
1097 2867 1301 2935 moles,
1337 2873 1402 2923 ut
1432 2868 1652 2924 ratione
1682 2873 1859 2939 atque
1887 2869 2047 2923 ordi-

401 2967 473 3008 ne
503 2953 762 3025 primum
793 2960 1007 3023 creata,
1039 2960 1209 3025 atque
1264 2956 1547 3011 concinne
1574 2960 1633 3012 et
1680 2959 1880 3012 ornate
1911 2961 2051 3012 tem-

400 3045 621 3114 perata,
654 3048 711 3099 et
740 3042 1031 3116 colligata,
1064 3049 1120 3099 et
1148 3050 1306 3099 mota
1329 3049 1436 3114 est,
1468 3044 1624 3100 velut
1669 3045 1719 3101 is
1752 3044 1913 3101 solus
1944 3062 2046 3101 no-

399 3131 502 3199 vit,
561 3132 661 3203 qui
719 3136 946 3189 motum
1002 3132 1225 3200 attulit,
1282 3133 1365 3188 sic
1416 3134 1613 3205 etiam,
1671 3133 2049 3189 Providentia:

400 3218 563 3275 freno
591 3237 721 3277 eam
778 3222 1046 3291 ducente,
1080 3223 1139 3277 in
1179 3221 1474 3278 diversum
1507 3228 1824 3290 moveatur,
1852 3227 1909 3278 et
1936 3223 2049 3278 col-

400 3308 668 3364 locetur?
699 3309 860 3366 Unde
890 3310 1249 3379 sterilitates,
1276 3316 1334 3367 et
1380 3329 1413 3367 a
1470 3313 1658 3367 ventis
1690 3312 1928 3367 invectae
1957 3312 2045 3367 la-

399 3397 524 3463 bes,
557 3402 614 3453 et
640 3398 978 3471 grandines,
1010 3416 1267 3471 praesens
1312 3404 1511 3456 nostra
1558 3400 1731 3473 plaga
1752 3406 1810 3456 et
1839 3402 2047 3456 admo-

398 3485 545 3541 nitio
565 3486 593 3541 ?
624 3487 782 3543 Unde
811 3487 961 3542 aeris
984 3488 1406 3558 corruptiones,
1431 3492 1488 3544 et
1501 3488 1773 3556 morbi,et
1793 3493 2045 3544 aestuan-
2079 3523 2122 3590 ρ

395 3572 474 3629 tis
505 3578 667 3629 terrae
700 3580 915 3642 motas,
938 3579 995 3630 ct
1033 3575 1210 3631 maris
1240 3592 1369 3631 sese
1421 3576 1477 3631 in
1510 3576 1694 3632 altum
1727 3576 2048 3632 attollentia

398 3662 675 3733 impetus,
708 3668 764 3719 et
784 3664 1012 3720 cmlitus
1041 3665 1153 3720 orti
1182 3668 1435 3721 terrores
1456 3664 1483 3719 ?
1513 3670 1849 3736 thuonam
1884 3672 2051 3738 pacto

400 3756 688 3822 creatura,
722 3754 793 3809 ad
855 3753 1165 3809 hominum
1228 3771 1401 3810 usum
1462 3760 1519 3811 et
1574 3756 2053 3812 commoditatem

398 3841 623 3911 effecta,
670 3859 1036 3913 communes,
1080 3843 1346 3915 inquam,
1398 3850 1455 3900 et
1507 3845 1758 3916 aequales
1813 3844 2053 3911 delicias,

400 3931 477 3986 ad
509 3931 829 4003 impiorum
872 3949 1104 4004 poenam
1135 3933 1499 4004 immutetur,
1545 3940 1628 4004 ut,
1654 3934 1868 4005 quibus
1899 3935 2052 3991 302

400 4019 592 4074 ornati
620 4018 839 4089 gratias
875 4036 992 4075 non
1024 4019 1274 4092 egimus,
1336 4021 1407 4076 iis
1453 4020 1628 4076 etiam
1686 4021 2045 4091 erudiamur,

400 4111 577 4178 atque
624 4123 693 4162 ex
720 4108 814 4163 his
875 4125 1003 4180 qua)
1061 4109 1340 4181 patimur,
1393 4109 1713 4181 potentiam
1771 4127 2051 4181 agnosca-

400 4209 554 4261 mus,
611 4197 1088 4267 quandoquidem
1145 4214 1215 4253 ex
1273 4199 1526 4270 acceptis
1576 4199 1877 4255 beneﬁciis
1921 4215 2049 4255 eam

399 4280 861 4353 haudquaquam
887 4286 1233 4357 agnovimus
1261 4287 1288 4341 ‘I
1317 4288 1580 4351 Quonam
1614 4289 1785 4343 modo
1818 4287 1950 4343 aliis
1978 4289 2051 4344 de

400 4386 581 4425 manu
612 4371 842 4427 Domini
874 4373 1131 4445 duplicia
1147 4380 1384 4446 peccata
1413 4376 1757 4432 tribuuntur
1776 4383 1817 4444 ι,
1843 4392 1907 4431 ac
1922 4376 2048 4431 vitii

399 4475 676 4517 mensura
705 4476 809 4532 per
836 4462 1084 4533 duplum
1141 4463 1439 4536 impletur,
1486 4466 1810 4521 secundum
1865 4482 2044 4538 quam

468 4631 512 4666 9‘
541 4635 655 4704 Isa.
741 4648 939 4704 xxvm,
1030 4633 1115 4687 17.
1177 4634 1219 4668 9⁸
1251 4633 1454 4689 Matth.
1542 4652 1634 4704 xx,
1698 4636 1782 4691 12.
1846 4636 2066 4693 I"’Psal.

2159 2242 2249 2298 καὶ
2279 2240 2361 2304 τίς
2393 2243 2421 2296 ὁ
2449 2243 2573 2317 περὶ
2602 2246 2769 2297 ταῦτα
2794 2239 3004 2316 λόγος;
3054 2240 3288 2314 Πότερον
3340 2241 3550 2311 κίνησίς
3591 2263 3677 2306 τις
3718 2249 3819 2299 τοῦ

2160 2331 2357 2393 παντὸς
2390 2331 2639 2404 ἄτακτος,
2671 2330 2759 2386 καὶ
2791 2329 3105 2403 ἀνώμαλος,
3131 2330 3223 2384 καὶ
3255 2325 3620 2406 ἀκυϐέρνητος
3672 2334 3819 2411 φορά

2158 2441 2217 2475 τε
2246 2419 2334 2474 καὶ
2382 2418 2596 2497 ἀλογία,
2647 2420 2722 2481 ὡς
2770 2416 2989 2481 οὐδενὸς
3034 2424 3150 2480 τοῖς
3199 2418 3346 2473 οὖσιν
3379 2417 3818 2495 ἐπιστατοῦντος,

2160 2508 2249 2563 καὶ
2279 2509 2341 2563 τὸ
2371 2508 2674 2582 αὐτόματον
2718 2512 2887 2563 ταῦτα
2924 2508 3094 2585 φέρει,
3145 2507 3220 2570 ὡς
3270 2504 3419 2563 δοκεῖ
3445 2514 3563 2571 τοῖς
3594 2509 3821 2588 ἀσόφως

2161 2602 2374 2675 σοφοῖς,
2422 2599 2511 2651 καὶ
2561 2602 2677 2659 τοῖς
2726 2597 2844 2666 είκῆ
2906 2596 3225 2674 φερομένοις
3272 2596 3375 2651 ὑπὸ
3420 2602 3519 2653 τοῦ
3577 2598 3819 2654 ἀτάκτου

2159 2687 2248 2741 καὶ
2305 2691 2576 2741 σκοτεινοῦ
2634 2686 2975 2759 πνεόματος’
3034 2686 3068 2754 ἢ
3122 2682 3277 2761 λόγῳ
3330 2687 3437 2741 τινὶ
3494 2687 3585 2741 καὶ
3642 2691 3817 2761 τάξει,

2162 2774 2339 2850 ὥσπερ
2374 2775 2573 2845 ὑπέστη
2603 2775 2668 2829 τὸ
2698 2778 2800 2829 πᾶν
2834 2775 2925 2829 ἀπ’
2956 2775 3154 2849 ἀρχῆς,
3205 2774 3293 2829 καὶ
3326 2774 3523 2850 ἰκράθη
3557 2779 3691 2850 (2Ο(,
3723 2777 3817 2832 καὶ

2160 2864 2437 2935 συνεδέθη,
2486 2864 2575 2919 καὶ
2623 2864 2844 2935 ἐκινήθη
2894 2863 3161 2938 κοσμίως.
3213 2863 3287 2926 ὡς
3322 2863 3475 2937 μόνῳ
3523 2869 3602 2937 τῷ
3651 2870 3816 2937 κινή-

2158 2974 2308 3008 σαντι
2361 2954 2659 3029 γνώριμον,
2715 2952 2858 3008 οὕτω
2910 2951 3000 3007 καὶ
3058 2958 3418 3025 μετακινεῖται
3467 2953 3557 3008 καὶ
3590 2956 3817 3027 μετατί-

2158 3043 2303 3098 Θεται
2336 3042 2599 3117 Προνοίας
2628 3042 2883 3119 χαλινοῖς
2916 3039 3284 3117 όδηγούμενον
3311 3060 3325 3112 ;
3359 3042 3523 3098 Πόθεν
3557 3044 3815 3121 ἀφορίαι,

2154 3130 2245 3186 καὶ
2276 3130 2686 3208 ἀνεμοφθορίαι,
2716 3130 2804 3185 καὶ
2836 3129 3097 3206 χάλαζαι,
3128 3131 3163 3199 ἠ
3194 3134 3285 3184 νῦν
3326 3132 3568 3207 ἡμετὲρα
3610 3129 3808 3207 πληγὴ

2155 3220 2245 3275 καὶ
2292 3218 2576 3289 νουθεσία;
2628 3218 2797 3283 Πόθεν
2846 3218 3018 3295 ἀέρων
3068 3218 3287 3295 φθοραὶ,
3336 3220 3427 3274 καὶ
3490 3219 3665 3293 νόσοι,
3714 3223 3810 3276 καὶ

2161 3307 2398 3384 βρασμοὶ
2444 3315 2565 3385 γῆς,
2614 3307 2703 3362 καὶ
2754 3305 3027 3377 θαλάσσης
3076 3304 3477 3379 ἐπαναστάσεις,
3523 3310 3614 3363 καὶ
3660 3312 3730 3364 τά
3755 3310 3813 3381 ἐξ

2157 3396 2387 3472 οὐρανοῦ
2445 3394 2674 3471 δείματα
2702 3398 2854 3470 (21);
2914 3396 3012 3451 Καὶ
3064 3400 3179 3458 πῶς
3237 3398 3272 3466 ἡ
3350 3396 3427 3459 είς
3504 3397 3813 3452 ἀπόλαυσιν

2156 3485 2455 3561 ἀνθρώπων
2499 3484 2967 3561 δημιουργηθεῖσα
3020 3483 3215 3555 κτίσις,
3270 3485 3333 3541 τὸ
3388 3486 3569 3541 κοινὸν
3626 3486 3823 3563 ἀντρό-

2160 3596 2319 3649 φημα
2348 3577 2458 3648 (22)
2486 3574 2575 3629 καὶ
2614 3574 2880 3647 ἰσότιμον,
2931 3572 3008 3636 είς
3057 3574 3154 3642 τὴν
3202 3576 3308 3628 τῶν
3354 3568 3561 3629 ἀσεϐῶν
3586 3573 3824 3631 κόλασιν

2168 3657 2587 3736 μεταϐάλλεται,
2614 3660 2687 3716 ⁷ίν¹
2719 3664 2801 3724 οἷς
2830 3660 3149 3736 τιμηθέντες
3174 3661 3275 3717 οὐκ
3301 3662 3821 3739 ηὐχαριστήσαμεν,

2161 3750 2375 3815 τούτοις
2403 3752 2493 3807 καὶ
2522 3749 2921 3825 παιδευθῶμεν,
2958 3751 3046 3807 και
3072 3755 3286 3828 γνῶμεν
3334 3753 3434 3821 τὴν
3483 3749 3712 3827 δύναμιν
3767 3754 3825 3826 ἐξ

2163 3839 2235 3895 ὧν
2268 3840 2575 3916 πάσχομεν,
2623 3838 2808 3909 ἐπειδὴ
2864 3842 2938 3914 μὴ
2990 3839 3232 3915 ἔγνωμεν
3277 3842 3393 3915 (23)
3440 3840 3490 3912 ἐξ
3522 3843 3593 3896 ὦν
3629 3840 3690 3896 εὗ
3720 3864 3828 3898 πε-

2162 3930 2430 4004 πόνθαμεν
2458 3950 2471 4000 ;
2506 3934 2628 3993 Πῶς
2657 3935 2771 3992 τοῖς
2806 3930 2899 4003 μὲν
2935 3932 3043 4003 (24)
3077 3929 3136 3985 ἐκ
3164 3930 3351 4007 χειρὸς
3392 3931 3595 4006 Κυρίου
3645 3929 3827 3988 διπλᾶ

2159 4022 2227 4074 τὰ
2270 4022 2637 4095 ἁμαρτήματα
2683 4023 2798 4091 (25)
2859 4016 3089 4086 δίδοται,
3138 4019 3226 4074 καὶ
3283 4019 3698 4096 ἀναπληροῦται
3753 4025 3824 4077 τὸ

2158 4112 2257 4177 τῆς
2308 4109 2495 4171 κακίας
2548 4111 2741 4185 μέτρον
2791 4112 2860 4183 τῇ
2915 4105 3173 4180 διπλασία
3220 4111 3355 4183 (26),
3403 4111 3521 4164 καθ’
3568 4112 3632 4178 ἣν
3662 4112 3754 4165 καὶ
3790 4113 3822 4165 ὁ

2158 4196 2374 4271 Ἰσραὴλ
2423 4197 2842 4275 σωφρονίζεται·
2895 4204 3013 4260 τοῖς
3058 4193 3135 4265 δὶ,
3187 4194 3279 4252 διὰ
3305 4204 3406 4267 τῆς
3437 4198 3822 4262 ἓπταπλασίας

2160 4286 2237 4348 είς
2266 4288 2355 4341 τὸν
2400 4285 2607 4342 κόλπον
2655 4282 3081 4358 ἀποδιδομένης,
3112 4290 3358 4341 κενοῦται
3385 4286 3451 4340 τὰ
3478 4288 3823 4362 ἁμαρτήμα-

2156 4396 2220 4430 τα
2250 4403 2264 4444 ;
2299 4375 2395 4431 Καὶ
2446 4375 2497 4430 τί
2542 4374 2607 4431 τὸ
2643 4380 2750 4430 τῶν
2800 4374 3143 4451 ’Δμοῤῥαίων
3181 4376 3373 4450 μὲτρον
3407 4370 3560 4431 οὔπω
3590 4374 3822 4447 πεπλη-

2158 4463 2402 4540 ρωμένον
2430 4484 2443 4535 ;
2494 4465 2591 4520 Καὶ
2640 4469 2757 4527 πῶς
2807 4466 2835 4521 ὁ
2882 4463 3211 4541 ἁμαρτωλὸς
3242 4464 3278 4535 ἢ
3308 4462 3544 4543 ἀφίεται,
3574 4467 3611 4534 ἢ
3644 4465 3829 4522 κολά-

2150 4654 2336 4706 Lxxw,
2395 4639 2449 4692 9.
2533 4634 2813 4693 l“’Ezech.
2873 4640 3034 4704 xxxii,
3093 4636 3183 4693 33.
3262 4635 3449 4694 ⁸³188..
3505 4652 3671 4707 xxvi,
3726 4636 3826 4694 18.

399 4704 416 4738 ¹
450 4702 627 4759 Exod.
659 4718 712 4771 v,
743 4703 817 4770 6;
851 4719 960 4769 v11,
992 4704 1081 4759 22.
1114 4705 1136 4739 ²
1165 4705 1342 4761 Exod.
1376 4724 1415 4776 ι,
1447 4707 1500 4762 9.
1533 4706 1555 4741 ³
1586 4702 1749 4763 Rom.
1786 4726 1863 4780 Ix,
1899 4710 1984 4764 17.
2017 4710 2037 4743 ⁴
2069 4709 2181 4765 Isa.
2210 4702 2389 4779 11,2.

470 4865 579 4941 (15)
612 4863 699 4933 Μὴ
735 4867 975 4941 συνιεῖσι,
1010 4870 1117 4923 etc.
1159 4867 1256 4923 Sic
1294 4868 1799 4941 exponitNicetas
1834 4888 1901 4927 :<<
1931 4872 2053 4929 Etsi

400 4937 671 5018 iniquum
724 4937 1028 5018 videbatur
1085 4937 1409 5011 postremos
1467 4940 1673 5012 primis
1731 4957 2049 5018 exaequare,

400 5024 519 5085 non
564 5013 759 5085 tamen
796 5009 1250 5085 iniquum—erat;
1289 5009 1720 5085 postremorum
1752 5009 1908 5070 enim
1954 5009 2049 5071 vol

398 5079 598 5158 lunta‘s
616 5079 1113 5158 id,_quodlabori
1147 5079 1361 5158 deerat,
1399 5085 1710 5158 supplevit.
1738 5106 1765 5134 ››

500 5154 585 5219 16)
614 5150 899 5213 Ητώσεως.
936 5155 1031 5210 Or.
1063 5158 1117 5222 2,
1152 5150 1382 5218 πόσεως.

736 5227 850 5279 τοῦ.
885 5225 979 5297 Or.
1012 5230 1066 5297 2,
1100 5227 1203 5282 ἀπὸ
1235 5233 1349 5283 τοῦ.

469 5295 588 5371 (18)
616 5295 824 5371 Μικρᾶς
874 5295 1130 5371 θλίψεως.
1166 5302 1339 5357 Cois].
1392 5300 1441 5366 1,
1490 5301 1719 5371 μακρᾶς,
1754 5320 1781 5347 ‹‹
1817 5296 2051 5354 diutur-

399 5386 478 5498 ἓὲ
505 5366 909 5424 calamitate.»
946 5366 1118 5428 Coisl.
1153 5376 1206 5442 2,
1242 5373 1437 5445 μικρᾶς
1470 5366 1724 5437 πίστεως,
1762 5391 1788 5419 ‹‹
1821 5371 2051 5427 modica

483 5458 532 5496 e.
560 5462 588 5489 ››

397 5444 532 5499 fide.
560 5462 588 5489 υ

468 5511 579 5586 (19)
614 5507 732 5586 ῌ-αί.
770 5513 1025 5586 Deestin
1058 5515 1198 5586 Reg.
1234 5532 1286 5571 a.

467 5581 580 5659 (20)
625 5581 885 5656 Ἐκράθη.
935 5584 1029 5642 Sic
1087 5581 1265 5659 Régg.
1326 5585 1447 5652 bm,
1507 5583 1610 5657 ph,
1668 5586 1778 5640 etc.
1831 5585 1896 5641 In
1954 5586 2045 5643 ed.

398 5650 596 5735 ἰκράτη
606 5694 617 5707 .

2234 4871 2346 4945 (21)
2368 4866 2761 4945 ,Διίλματαεβίο
2797 4868 2988 4945 _Regg.
3020 4870 3145 4945 bm,
3180 4869 3305 4943 ph.,
3337 4868 3432 4926 0r.
3462 4869 3519 4939 2,
3553 4872 3671 4945 etc.
3723 4870 3823 4928 Sic

2224 4887 2346 4956 (21)
2382 4887 2761 4954 Δείματάριο
2815 4887 2988 4997 uegg.
3022 4887 3145 4942 om,
3180 4887 3305 4943 pn.,
3337 4887 3432 4926 ur.
3463 4887 3519 4939 ι,
3553 4887 3671 4926 etc.
3724 4887 3745 4925 ξ

2162 4950 2332 5002 etiam
2366 4944 2508 5014 legit
2539 4941 2858 5017 Billius._I_n
2890 4959 2947 5017 e_
2969 4983 2983 4997 .
3017 4937 3298 5017 δείγματα,
3333 4962 3370 5017 ιε
3391 4940 3745 5017 πρωρέα.)

2231 5018 2344 5090 (2:)
2377 5011 2635 5090 Ἐντρόφη
2649 5032 2742 5084 μα.
2774 5013 2868 5069 Sic
2918 5011 3418 5087 Βοεε.”1)ιη,ἰ)ὶ],
3459 5011 3649 5080 01272,
3685 5014 3815 5071 Par.

2163 5082 2367 5161 Inied’.,
2388 5082 2641 5161 AdV‘t‘pL’K'p‘q
2652 5082 2747 5161 μοι.

2232 5154 2676 5231 (23)’“Ἐγν’ωμεν.
2710 5156 2960 5231 Montac.
2993 5154 3322 5231 ἑγνῴκαμεν.

2232 5224 2345 5301 (24)
2376 5224 2498 5291 Τοῖς
2549 5224 2664 5301 μέν.
2703 5228 2797 5302 Sic
2846 5224 3043 5300 plures
3093 5224 3503 5302 Regg.,Coisl.
3540 5228 3591 5297 1,
3626 5227 3728 5284 Or.
3758 5228 3818 5295 2,

2159 5296 2287 5357 Par.
2321 5296 2385 5357 In
2416 5303 2530 5370 ed.,
2550 5296 2679 5361 τοῖς
2711 5296 2792 5370 ἂν.

2230 5376 2341 5447 (25)
2374 5368 2551 5447 Διπλᾶ
2574 5369 2653 5447 .τά
2700 5368 3094 5447 ἁμαρτῆμαίτιῐι.Δ
3125 5394 3155 5425 (ς
3184 5370 3451 5445 Duplicia
3499 5375 3761 5442 peccata,
3790 5391 3812 5421 ε

2156 5445 2215 5500 id
2248 5443 2355 5513 est,
2390 5469 2418 5497 α
2451 5443 2725 5519 dupl_ices_
2743 5459 2849 5519 pro
2880 5444 3132 5516 peccatis
3163 5443 3391 5519 pinnas.
3413 5464 3436 5493 ι

2231 5512 2347 5590 (26)
2372 5512 2658 5591 Διπλσῐσίᾳ.
2693 5512 2900 5591 Billius
2926 5534 2994 5591 :_«
3024 5533 3129 5591 per
3164 5512 3659 5591 'duplicitatem._r

2159 5583 2248 5644 hic
2301 5583 2789 5661 asquivoca,'quia
2844 5583 3103 5647 διπλασία
3154 5583 3315 5651 aliud
3370 5590 3544 5648 sonat
3602 5585 3819 5646 Latine

2157 5675 2337 5734 quam
2367 5675 2581 5727 Urmce.
