4138 6212
350 355 462 417 9M

1270 348 1564 411 ORATIO
1606 348 1867 412 XVl.—
1896 346 1975 411 IN
2021 351 2341 413 PATREM
2387 350 2831 417 TAGENTEM.

3636 355 3754 417 9η

355 489 497 555 ζεται
528 479 717 537 πάλιν·
748 481 812 536 τὸ
873 481 990 554 μὲν,
1050 479 1245 534 ἰκεῖθεν
1300 480 1467 555 τυχὸν
1518 478 1878 556 τηρούμενος,
1933 480 1996 535 τὸ

2109 484 2287 541 etiam
2317 486 2494 542 Israel
2523 489 2882 559 castigatur;
2908 484 3038 543 aliis
3060 503 3269 543 rursus
3298 502 3401 558 per
3415 488 3755 559 septuplum

350 570 427 643 δὲ,
462 572 697 627 ἐντεῦθεν
750 569 1166 646 ἱατρευόμενος;
1220 568 1321 625 Καὶ
1372 573 1483 631 πῶς
1516 571 1543 624 6
1577 567 1803 639 δίκαιος,
1836 570 1869 639 ἢ
1902 591 1995 625 κα-

348 665 576 725 κοπαθεῖ
621 658 1013 733 πειραζόμενος
1065 655 1217 729 ἴσως,
1271 658 1306 726 ἢ
1358 657 1577 713 εὐπαθεῖ
1624 658 1998 735 συντηρούμε-

345 772 461 822 νος,
520 748 683 821 ἄνπερ
744 748 781 823 ᾖ
831 749 1053 823 πτωχὸς
1098 748 1197 816 τὴν
1243 743 1504 817 διάνοιαν,
1549 747 1638 802 καὶ
1676 750 1749 820 μή
1794 745 2000 825 σφόδρα

350 839 599 914 ὑπεράνω
655 840 761 909 (27)
820 841 927 891 τῶν
984 835 1301 912 ὁρωμένων,
1360 834 1449 890 καί
1509 835 1581 897 ὡς
1635 836 1698 891 τὸ
1757 833 1997 898 συνειδὸς

349 924 585 983 διδάσκει
642 926 849 981 τούτων
909 924 1177 1001 ἑκάτερον,
1248 924 1308 979 τὸ
1369 924 1568 979 οἰκεῖον
1627 925 1714 979 καὶ
1771 922 1997 998 ἀψευδὲς

345 1019 627 1093 κριτήριον
659 1034 673 1085 ;
708 1016 805 1077 Τίς
837 1017 873 1085 ἡ
900 1012 1115 1089 πληγὴ,
1149 1014 1237 1068 καὶ
1272 1013 1429 1069 πόθεν
1457 1034 1469 1084 ;
1525 1012 1758 1087 Πότερον
1800 1014 1997 1090 ἀρετῆς

348 1104 605 1181 ἔλεγχος,
656 1107 689 1174 ἢ
718 1102 907 1166 κακίας
943 1104 1192 1179 βάσανος,
1225 1104 1313 1158 καὶ
1344 1102 1426 1158 ὅτι
1458 1108 1698 1179 κρεῖττον
1733 1103 1806 1165 ὡς
1837 1102 2002 1159 κολά-

348 1216 424 1251 σει
474 1195 811 1267 κάμπτεσθαι
865 1193 960 1247 κᾶν
1025 1195 1099 1266 μὴ
1159 1192 1331 1255 οὕτως
1391 1188 1512 1268 ἔχῃ,
1587 1192 1676 1247 καὶ
1739 1191 1841 1248 ὑπό
1899 1194 1996 1261 τὴν

346 1285 602 1359 κραταιὰν
629 1288 726 1338 τοῦ
759 1287 891 1337 Θεοῦ
921 1288 1084 1359 χεῖρα
1122 1284 1517 1351 ταπεινοῦσθαι,
1567 1283 1600 1351 ἢ
1645 1282 1721 1344 ὡς
1770 1280 1998 1355 δοκιμα-

345 1372 431 1443 σίᾳ
501 1372 938 1445 μετεωρίζεσθαι.
998 1376 1176 1426 Ταῦτα
1240 1367 1451 1442 δίδαξον
1505 1369 1594 1426 καί
1650 1372 1998 1443 νουθὲτησον,

348 1464 423 1534 μὴ
478 1461 684 1539 σφόδρα
729 1462 800 1533 τῇ
844 1460 1089 1537 παρούσῃ
1129 1459 1318 1537 πληγῇ
1364 1457 1648 1538 δυσφορεῖν
1681 1463 1828 1534 ἡμᾶς
1863 1462 1995 1533 (28),

346 1552 381 1619 ἢ
455 1550 531 1613 εἷς
594 1554 774 1605 κακῶν
848 1548 1010 1625 βάθος
1078 1549 1404 1623 ἐμπεσόντας
1468 1551 1583 1623 (29)
1644 1551 1996 1628 καταφρονεῖν

346 1636 479 1712 (ἔστι
514 1642 616 1717 γάρ
645 1661 699 1694 τι
728 1639 817 1694 καὶ
846 1644 1062 1694 τοιοῦτο
1092 1640 1203 1712 (30)
1231 1639 1372 1710 πάθη
1386 1660 1459 1712 μα
1488 1637 1539 1693 ἰν
1570 1644 1691 1694 τοῖσ
1719 1638 1997 1712 πολλοῖς),

345 1727 490 1785 ἀλλᾶ
549 1728 845 1807 σωφρόνως
889 1722 1035 1804 ἔχειν
1088 1729 1218 1803 πρὸς
1265 1730 1363 1798 τήν
1406 1729 1704 1799 νουθεσίαν,
1778 1728 1867 1783 καὶ
1920 1729 1996 1801 μὴ

342 1820 442 1887 τὴν
479 1817 647 1891 μείζω
696 1816 1110 1895 προκαλεῖσθαι,
1163 1815 1251 1872 διὰ
1295 1823 1394 1887 τῆς
1443 1819 1580 1893 πρὸς
1611 1815 1812 1887 ταύτην
1849 1817 1999 1871 ἀναι-

347 1905 574 1977 σθησίας
604 1909 737 1981 (31).

2109 574 2166 628 in
2201 575 2331 629 sinu
2367 576 2660 630 redditum
2686 579 2923 647 peccata
2946 574 3372 631 exhauriuntur
3390 576 3410 609 ⁵
3433 575 3459 629 ?
3480 578 3756 641 Quaenam

2106 663 2571 718 Amorrhaeorum
2606 680 2886 720 mensura
2914 665 3176 720 nondum
3201 663 3501 720 cumulata
3519 665 3540 700 °
3559 664 3586 719 ?
3606 668 3757 731 Quo-

2108 767 2244 805 nam
2293 755 2461 824 pacto
2511 756 2797 824 peccator,
2851 757 2953 807 aut
3000 753 3333 823 dimittitur,
3381 757 3482 809 aut
3520 770 3757 809 rursum

2107 839 2393 911 supplicio
2426 842 2716 909 afﬁcitur;
2751 841 2921 909 illud,
2955 843 3090 913 quia
3121 842 3367 898 fortasse
3414 843 3483 898 ad
3514 841 3759 899 alteram

2106 928 2282 984 vitam
2315 935 2664 1001 reservatur,
2697 930 2807 985 hoc
2851 935 2916 985 ut
2954 947 3021 986 ea
3068 932 3290 987 ratione
3320 932 3391 986 ad
3444 932 3759 988 sanitatem

2108 1020 2453 1073 revocetur?
2510 1020 2769 1083 Quonam
2830 1019 2969 1074 item
3029 1025 3197 1091 pacto
3256 1020 3343 1074 vir
3390 1022 3613 1091 justus,
3668 1020 3757 1077 vel

2107 1108 2389 1162 arumnis
2432 1109 2739 1178 premitur,
2793 1112 2859 1163 ut
2908 1108 3156 1163 fortasse
3204 1114 3452 1177 tenetur,
3508 1109 3595 1164 vel
3627 1109 3759 1166 laeta

2109 1196 2306 1251 omnia
2337 1196 2533 1269 habet,
2566 1200 2632 1252 ut
2660 1200 3052 1265 conservetur,
3086 1199 3258 1253 modo
3286 1198 3361 1252 sit
3391 1199 3585 1253 animo
3614 1215 3757 1270 pau-

2108 1302 2228 1357 per,
2254 1302 2358 1340 nec
2379 1302 2557 1357 supra
2579 1302 2664 1354 ea,
2694 1302 2821 1356 quaa
2844 1285 2903 1339 in
2927 1284 3231 1347 oculorum
3255 1302 3491 1341 sensum
3517 1288 3753 1358 cadunt,

2107 1374 2419 1429 admodum
2454 1379 2710 1445 evectus,
2735 1374 2889 1430 sicut
2910 1374 3085 1429 etiam
3109 1375 3485 1445 conscientia,
3518 1374 3625 1429 hoc
3648 1379 3756 1445 est,

2108 1462 2494 1518 domesticum
2515 1468 2569 1519 et
2588 1463 3081 1532 verumtribunal,
3098 1463 3304 1519 horum
3321 1466 3639 1535 utrumque
3657 1463 3760 1518 do-

2110 1555 2198 1607 cet
2212 1551 2526 1616 ?Qumnam
2541 1552 2662 1608 hinc
2677 1552 2867 1625 plaga,
2884 1557 2939 1608 et
2952 1552 3144 1608 unde?
3159 1552 3364 1608 Utrum
3382 1552 3640 1607 utvirtus
3652 1568 3761 1608 no-

2109 1644 2230 1697 tra
2259 1641 2611 1713 exploretur,
2636 1659 2707 1697 an
2732 1648 2797 1696 ut
2815 1642 3162 1713 improbitas
3184 1640 3509 1697 vindicetur
3526 1641 3554 1697 ?
3575 1658 3761 1713 quan-

2109 1747 2285 1802 quam
2319 1734 2557 1802 praestat
2584 1730 2743 1786 velut
2772 1731 2844 1786 ob
2876 1746 3107 1803 poenam
3140 1730 3337 1799 (etiam
3380 1730 3428 1785 si
3467 1730 3636 1785 aliter
3667 1746 3762 1787 res

2108 1836 2172 1876 se
2201 1820 2433 1892 habeat)
2461 1819 2689 1875 animos
2720 1820 3044 1887 demittere,
3079 1836 3145 1875 ac
3175 1820 3287 1874 sub
3330 1822 3553 1891 potenti
3581 1836 3761 1877 manu

2109 1910 2201 1965 Dei
2228 1908 2525 1964 humiliari
2548 1910 2588 1980 ⁷,
2610 1926 2784 1981 quam
2802 1908 2960 1965 velut
2975 1910 3048 1965 ob
3071 1908 3473 1982 probationem
3493 1909 3552 1964 in
3573 1908 3759 1966 altum

346 1997 557 2055 efferri.
584 1997 710 2053 Haec
724 1998 883 2065 doce,
905 2000 1071 2068 atque
1088 1998 1356 2067 admone,
1379 2013 1449 2052 ne
1467 1997 1539 2053 ob
1553 2000 1897 2069 pmsentem
1913 1996 2146 2070 plagam
2164 1998 2404 2071 gravius
2424 1998 2867 2061 discruciemur,
2887 1998 3059 2054 autin
3074 1999 3433 2071 profundum
3466 1997 3758 2055 malorum

347 2085 630 2158 prolapsi,
661 2102 789 2142 eam
822 2090 1267 2141 contemnamus
1300 2085 1379 2156 (id
1410 2086 1565 2141 enim
1593 2085 1888 2158 plerisque
1910 2086 1994 2142 ita
2018 2086 2195 2142 etiam
2218 2086 2454 2159 evenit),
2471 2102 2672 2143 verum
2696 2087 3014 2159 prudenter
3037 2087 3097 2142 in
3122 2087 3231 2144 hac
3253 2087 3628 2160 castigatione
3649 2103 3757 2144 nos

337 2191 636 2247 geramus,
668 2175 973 2247 [λοξατιίωί
1003 2174 1344 2247 stupiditate
1376 2191 1442 2231 ac
1473 2175 1600 2231 sine
1628 2192 1807 2231 sensu
1838 2190 1968 2232 eam
2001 2176 2358 2248 excipiendo,
2394 2177 2677 2247 majorem
2710 2193 3104 2234 accersamus.

417 2265 478 2332 ζ’.
512 2264 692 2318 Δεινὸν
749 2262 945 2341 ἀφορία
989 2265 1115 2337 γῆς,
1162 2264 1253 2317 καὶ
1302 2266 1523 2338 καρπῶν
1574 2262 1841 2318 ἀπώλεια’
1875 2268 1993 2326 πῶς

2174 2266 2268 2322 VI.
2300 2267 2520 2322 Acerba
2548 2282 2641 2322 res
2682 2270 2792 2335 est,
2819 2270 2984 2322 terra
3035 2266 3335 2333 sterilitas,
3367 2270 3424 2323 et
3454 2266 3755 2323 fructuum

342 2349 399 2407 δὲ
452 2350 534 2424 οὔ,
583 2349 693 2422 ἤδη
765 2356 883 2413 ταῖς
949 2351 1162 2407 ἐλπίσιν
1238 2351 1655 2429 εὖφραινόντων,
1724 2351 1813 2407 καὶ
1874 2357 1995 2415 ταῖς

2101 2355 2370 2426 jactura;
2404 2355 2610 2427 quidni
2641 2359 2860 2426 autem,
2896 2372 3030 2411 cum
3067 2357 3193 2427 jam
3244 2372 3346 2427 spe
3375 2354 3754 2428 oblectarent,

340 2441 641 2512 ἀποθήκαις
670 2440 1084 2511 πλησιαζόντων
1112 2460 1126 2509 ;
1161 2440 1256 2496 Καὶ
1289 2438 1461 2496 δεινὸν
1515 2438 1691 2516 ἄωρος
1738 2442 1994 2517 θερισμὸς

2104 2448 2277 2515 atque
2306 2445 2532 2500 horreis
2583 2445 3169 2517 appropinquarent?
3217 2444 3434 2501 Acerba
3462 2460 3575 2517 res,
3608 2461 3757 2517 pras-

338 2529 428 2584 καὶ
477 2530 716 2605 γεωργοὶ
760 2534 877 2591 τοῖς
928 2530 1117 2592 πόνοις
1183 2530 1681 2605 ἐπιστυγνάζοντες,
1740 2530 1829 2585 καὶ
1880 2529 1990 2585 οἷον

338 2624 547 2692 νεκροῖς
595 2620 708 2692 (32)
756 2620 1200 2694 παρακαθήμενοι
1248 2625 1362 2681 τοῖς
1404 2621 1749 2695 γεννήμασιν,
1780 2618 1811 2673 ἃ
1842 2619 1991 2681 ὑετὸς

339 2706 609 2784 ἐξέθρεψεν
676 2706 905 2784 ἥμερος,
964 2708 1053 2762 καὶ
1124 2706 1311 2784 ἄγριος
1387 2707 1688 2784 ἐξεθὲρισεν·
1764 2710 1836 2763 ὧν
1896 2708 1995 2763 οὐκ

341 2795 633 2872 ιπλήρωσε
661 2797 759 2864 τήν
792 2802 954 2872 χεῖρα
980 2795 1142 2850 αὐτοῦ
1175 2798 1201 2851 6
1235 2796 1483 2871 θερίζων,
1538 2799 1626 2852 καὶ
1665 2798 1755 2852 τὸν
1783 2796 1988 2853 κόλπον

340 2883 504 2940 αὐτοῦ
554 2886 580 2939 ὁ
628 2886 694 2940 τὰ
747 2882 1025 2961 δράγματα
1072 2883 1374 2961 συλλεγωνο
1424 2884 1549 2941 οἶδὲ
1592 2893 1692 2956 τῆς
1742 2885 1991 2963 εὐλογίας

342 2973 425 3030 ἐπ’
474 2973 659 3037 αὐτοῖς
714 2970 926 3050 ἔτυχεν,
975 2975 1035 3043 ἣν
1082 2974 1399 3051 χαρίζονται
1448 2981 1719 3051 γεωργοῖς
1768 2977 1819 3030 οἳ
1849 2997 1991 3053 παρ-

340 3063 578 3139 άγοντες.
634 3063 733 3119 Καὶ
788 3062 959 3134 θέαμα
1008 3062 1259 3136 ἐλεεινὸν,
1310 3070 1380 3138 γῆ
1432 3060 1856 3140 καθυϐρισμένη,
1899 3066 1989 3119 καὶ

342 3152 768 3228 ἀποκειραμένη,
819 3152 907 3207 καὶ
955 3153 1046 3207 τὸν
1096 3153 1291 3222 ἑαυτῆς
1340 3148 1541 3227 κόσμον
1601 3152 1699 3209 οὐκ
1765 3153 1986 3229 ἔχουσα.

338 3243 402 3294 Ὂ
451 3248 639 3317 θρηνεῖ
690 3243 781 3314 μὲν
828 3243 854 3296 6
910 3241 1171 3316 μακάριος
1216 3241 1403 3312 Ἰωήλ,
1454 3250 1557 3319 γῆς
1624 3246 1986 3321 καταφθορὰν,

2105 2537 2335 2589 matura
2378 2534 2609 2603 messis,
2670 2538 2729 2590 et
2784 2534 3052 2606 agricolae
3108 2534 3340 2591 labores
3397 2550 3537 2591 suos
3592 2534 3756 2591 luctu

2102 2628 2543 2694 prosequentes,
2599 2639 2664 2678 ac
2718 2623 3107 2695 germinibus,
3162 2626 3444 2695 tanquam
3504 2622 3755 2678 mortuis

2103 2710 2447 2779 assidentes,
2477 2728 2603 2783 qua:
2639 2712 2798 2766 mitis
2837 2711 3026 2767 imber
3055 2710 3219 2777 aluit,
3253 2728 3320 2767 ac
3367 2711 3524 2767 ferus
3549 2716 3607 2767 et
3636 2712 3754 2765 im-

2101 2800 2295 2855 manis
2342 2801 2704 2869 demessuit;
2762 2800 2978 2872 quibus
3023 2818 3140 2856 non
3199 2798 3459 2872 implevit
3508 2816 3749 2855 manum

2102 2906 2265 2944 suam
2298 2889 2396 2959 qui
2426 2890 2613 2961 metit,
2646 2893 2701 2945 et
2722 2890 2918 2946 sinum
2950 2906 3124 2945 suum
3150 2888 3250 2961 qui
3273 2888 3606 2961 manipulos
3628 2889 3750 2944 col-

2099 2977 2303 3050 ligit”;
2339 2995 2442 3034 nec
2481 2983 2788 3050 propterea
2834 2978 3299 3034 benedictionem
3348 2994 3500 3046 eam,
3544 2994 3747 3049 quam,

2100 3068 2199 3139 qui
2231 3073 2600 3139 praetereunt,
2643 3068 2913 3140 agricolis
2959 3067 3261 3139 impertire
3302 3066 3510 3135 solent,
3544 3083 3748 3122 conse-

2100 3160 2272 3212 cutus
2290 3163 2395 3213 est.
2422 3158 2697 3212 Miserum
2726 3157 3146 3229 spectaculum,
3165 3160 3319 3212 terra
3342 3156 3503 3211 clade
3519 3156 3745 3226 affecta,

2099 3250 2157 3301 et
2187 3247 2453 3313 detonsa,
2483 3263 2705 3318 suoque
2752 3250 2960 3301 ornatu
3014 3245 3282 3317 spoliata.
3333 3246 3494 3310 Quod
3525 3249 3581 3300 et
3610 3245 3746 3301 bea-

337 3330 425 3385 καὶ
459 3329 629 3403 λιμοῦ
665 3330 913 3406 βάσανον,
949 3331 993 3385 εί
1024 3331 1111 3384 καί
1160 3352 1243 3392 τις
1289 3329 1482 3399 ἄλλος,
1543 3329 1981 3408 ἐκτραγῳδήσας’

2101 3339 2192 3391 tus
2221 3335 2346 3391 Joel
2379 3335 2641 3407 deplorat
2661 3336 2700 3404 θ,
2736 3339 2911 3391 cantu
2944 3335 3201 3407 lugubri,
3233 3339 3298 3389 ut
3328 3335 3376 3391 si
3409 3334 3541 3406 quis
3570 3333 3743 3401 alius,

336 3420 526 3494 θρηνεῖ
575 3417 634 3474 δὶ
682 3422 969 3497 προφήτης
1016 3420 1196 3496 ἓτερος
1249 3423 1381 3494 (33),
1439 3424 1507 3495 τῇ
1574 3421 1834 3497 πρότερον
1895 3421 1985 3476 εὐ-

333 3508 535 3581 κοσμίᾳ
588 3510 685 3577 τὴν
744 3507 1052 3564 τελευταίαν
1104 3509 1365 3582 ἀκοσμίαν
1422 3509 1724 3581 ἀντιτιθεὶς,
1778 3510 1828 3565 ἐν
1903 3511 1985 3574 οἷς

333 3618 463 3673 φησι
523 3598 646 3672 περῖ
712 3597 883 3673 ὀργῆς
958 3595 1155 3673 Κυρίου
1223 3594 1629 3673 διαλεγόμενος,
1690 3598 1983 3674 θραύοντος

335 3693 459 3761 γῆν⁸
551 3688 627 3741 Τὰ
720 3682 1020 3761 ἔμπροσθεν
1106 3687 1268 3741 αὐτοῦ
1352 3686 1677 3763 παράδεισος
1750 3696 1980 3767 τρυφῆς,

330 3776 423 3829 καὶ
473 3776 539 3829 τὰ
614 3770 829 3831 ὄπισθεν
880 3778 994 3850 (34)
1042 3774 1224 3830 πεδίον
1290 3777 1616 3854 ἀφανισμοῦ.
1678 3780 1832 3831 Δεινὰ
1887 3778 1981 3850 μὲν

334 3861 400 3932 δὴ
431 3868 618 3937 ταῦτα,
646 3864 734 3919 καὶ
776 3865 913 3941 πὲρα
961 3862 1170 3937 δεινῶν,
1215 3861 1320 3927 ἕως
1378 3866 1511 3937 μόνα
1556 3866 1713 3922 λυπεῖ
1764 3867 1829 3920 τὰ

329 3953 593 4029 παρόντα,
650 3953 739 4008 καὶ
797 3954 949 4009 οὔπω
1006 3953 1397 4030 χαλεπωτέρας
1453 3956 1571 4026 ἀνιᾷ
1626 3954 1851 4031 πληγῆς
1903 3954 1982 4009 αἶ’-

336 4044 542 4112 σθησις·
578 4041 788 4115 ἐπειδὴ,
820 4047 1057 4117 καθάπερ
1090 4044 1141 4098 ἐν
1168 4049 1283 4106 τοῖς
1333 4047 1628 4117 νοσήμασι,
1661 4045 1722 4099 τὸ
1774 4044 1979 4100 λυποῦν

334 4130 416 4186 ἀεὶ
475 4132 647 4196 πάθος
686 4136 781 4187 τοῦ
834 4136 908 4206 μὴ
962 4133 1229 4209 παρόντος
1279 4132 1660 4208 ἀνιαρώτεροψ
1713 4130 1981 4210 δεινότερα

335 4217 381 4273 δ’
414 4219 490 4275 ἔτι
521 4219 729 4276 τούτων
792 4222 843 4276 οἱ
894 4225 989 4291 τῆς
1038 4222 1205 4298 ὀργῆς
1251 4227 1348 4277 τοῦ
1398 4226 1530 4277 Θεοῦ
1563 4223 1824 4297 θησαυροὶ
1854 4222 1982 4299 παρ’

331 4309 546 4372 ἑαυτοῖς
594 4309 940 4386 κατέχουσιν,
990 4312 1063 4366 ὧν
1118 4314 1192 4384 μή
1237 4311 1448 4387 γένοιτο
1479 4318 1666 4387 πεῖραν
1699 4312 1837 4385 ὑμᾶς
1868 4314 1982 4386 (36)

330 4392 540 4453 λαϐεῖν·
599 4397 723 4454 οὖδὲ
767 4421 826 4476 γε
873 4399 1112 4474 λήψεσθε
1162 4400 1295 4476 πρὸς
1339 4400 1465 4463 τοὺς
1518 4401 1839 4476 οἶκτιρμοὺς
1885 4406 1981 4456 τοῦ

326 4491 464 4543 Θεοῦ
493 4488 937 4565 καταφεύγοντες,
968 4489 1057 4543 καὶ
1086 4490 1176 4544 τὸν
1207 4489 1442 4559 θελητήν
1645 4494 1743 4545 τοῦ
1794 4488 1981 4553 ἐλέους

322 4582 443 4637 τοῖς
492 4574 741 4651 δάγρυσιν
776 4575 1062 4644 ἕλκοντες,
1113 4579 1202 4632 καὶ
1250 4578 1312 4632 τὸ
1362 4579 1483 4648 ἑξῆς
1534 4585 1634 4648 τῆς
1691 4579 1862 4654 ὀργῆς
1895 4577 1983 4633 διὰ

324 4669 428 4732 τῆς
478 4662 809 4741 ἐπιστροφῆς
856 4664 1306 4743 ἀποστρέφοντες.
1357 4668 1477 4738 ’Έρι
1520 4666 1763 4742 πραότης
1792 4672 1979 4739 ταῦτα,

330 4752 423 4807 καὶ
456 4750 859 4829 φιλανθρωπία,
889 4759 982 4808 καῖ
1009 4752 1285 4817 παίδευσις
1317 4756 1543 4831 ἥμερος,
1593 4756 1683 4811 καὶ
1731 4761 1983 4832 στοιχεῖα

2094 3429 2259 3480 terra)
2282 3424 2715 3496 corruptionem
2739 3428 2796 3479 et
2819 3424 2989 3478 famis
3013 3423 3334 3479 cruciatum
3355 3438 3744 3495 exaggerans;

2095 3518 2150 3569 et
2178 3514 2317 3569 item
2350 3513 2496 3568 alter
2516 3513 2803 3585 propheta
2826 3512 3006 3585 luget,
3033 3511 3286 3584 pristina)
3321 3511 3745 3585 pulchritudini

2094 3603 2473 3674 posteriorem
2506 3602 2930 3658 deformitatem
2954 3618 3272 3674 Opponens,
3307 3617 3439 3656 cum
3470 3599 3744 3657 videlicet

2094 3691 2164 3746 de
2193 3691 2421 3747 Domini
2472 3691 2559 3745 ira
2584 3694 2798 3746 terram
2848 3691 3001 3746 304
3031 3688 3405 3761 percutientis
3449 3688 3531 3742 ita
3565 3687 3744 3741 verba

2096 3780 2332 3847 faciens,
2366 3778 2425 3833 in
2459 3779 2615 3835 hunc
2644 3780 2883 3835 modum
2932 3777 3227 3849 loquitur:
3278 3778 3568 3833 Antenora
3597 3775 3737 3845 ejus,

2091 3872 2275 3923 hortus
2321 3868 2635 3938 voluptatis,
2682 3869 2987 3939 posteriora
3035 3872 3241 3931 autem,
3289 3881 3514 3936 campus
3559 3868 3738 3919 exter-

2094 3959 2256 4012 minii
2281 3958 2339 4014 ¹⁰.
2392 3956 2602 4013 Gravia
2648 3958 2883 4028 quidem
2937 3956 3059 4011 haec
3115 3960 3273 4027 sunt,
3306 3971 3371 4010 ac
3420 3954 3737 4027 plusquam

2091 4048 2307 4119 gravia,
2343 4045 2603 4118 quandiu
2626 4045 2935 4117 prasentia
2958 4044 3082 4099 sola
3111 4043 3439 4099 molestiam
3464 4043 3734 4112 afferunt,

2093 4151 2198 4190 nec
2227 4134 2534 4191 atrocioris
2555 4133 2736 4207 plagas
2758 4150 2968 4191 sensus
2989 4149 3236 4189 mmrore
3258 4132 3448 4187 adhuc
3469 4131 3734 4187 animum

2091 4224 2285 4295 pulsat
2314 4240 2327 4293 ;
2362 4222 2861 4295 quandoquidem,
2887 4240 2997 4278 non
3023 4238 3192 4277 secus
3218 4227 3388 4292 atque
3408 4220 3468 4276 in
3492 4220 3735 4285 morbis,

2091 4313 2397 4369 calamitas
2428 4329 2684 4385 praesens
2716 4327 2946 4383 semper
2975 4310 3276 4367 molestior
3304 4314 3411 4379 est,
3436 4326 3615 4382 quam
3646 4325 3735 4380 ea,

2092 4420 2217 4475 qua
2252 4401 2453 4475 procul
2501 4402 2685 4457 abest.
2735 4402 2806 4456 At
2849 4400 2941 4456 his
2987 4400 3177 4457 adhuc
3228 4400 3490 4473 graviora
3531 4399 3737 4455 divinas

2090 4490 2191 4546 iraa
2238 4490 2497 4545 thesauri
2548 4490 2703 4560 apud
2760 4504 2821 4544 se
2866 4489 3167 4545 continent
3217 4492 3284 4554 ίι,
3330 4505 3457 4561 quaa
3510 4488 3737 4544 utinam

2088 4579 2254 4636 vobis
2285 4578 2531 4650 experiri
2575 4579 2818 4633 minime
2866 4581 3205 4650 contingat:
3258 4593 3363 4634 nec
3404 4592 3540 4633 vero
3571 4593 3738 4647 expe-

2093 4667 2345 4737 riemini,
2396 4667 2569 4722 modo
2619 4666 2691 4722 ad
2751 4666 2853 4721 Dei
2906 4666 3316 4723 miserationes
3362 4665 3735 4738 confugiatis,

2093 4772 2365 4829 eumque,
2400 4754 2501 4827 qui
2529 4754 2653 4810 vult
2702 4754 3166 4812 misericordiam
3198 4757 3267 4827 ¹²,
3298 4754 3574 4829 lacrymis
3600 4770 3739 4826 per-

402 4894 607 4969 :Psal.
666 4912 895 4965 LXXVIII,
958 4896 1044 4953 12.
1104 4898 1296 4953 6Gen.
1374 4914 1465 4966 xv,
1523 4898 1610 4955 16.
1672 4899 1749 4953 "I
1805 4899 1954 4955 Petr.

2125 4899 2179 4953 6.
2212 4896 2411 4954 8Psal.
2466 4912 2697 4967 cxxvm,
2755 4896 2810 4951 7.
2868 4897 3109 4967 9Joelr,
3166 4897 3256 4954 40.
3319 4898 3363 4934 ¹⁰
3390 4896 3517 4955 Joel
3558 4914 3622 4969 ιι,
3678 4898 3735 4956 3ι

323 4967 367 5001 ίί
400 4966 570 5022 Deut.
601 4984 778 5035 xxxu,
811 4969 900 5024 34.
936 4970 978 5003 ³³
1006 4969 1136 5025 Ose.
1168 4986 1248 5036 v1,
1278 4971 1332 5026 6.

406 5109 836 5193 (27)Ὑπεράνω.
871 5112 965 5171 Sic
1010 5117 1126 5168 tres
1179 5113 1352 5186 Regg.
1388 5114 1450 5168 In
1499 5113 1672 5169 editis
1719 5112 1976 5182 divisim,

328 5180 465 5235 ὑπὲρ
500 5180 629 5235 ἄνω.

403 5199 743 5395 {gitimam
778 5252 872 5337 Si:
902 5254 1099 5326 plures
1130 5255 1296 5311 codd.
1332 5255 1498 5337 Deest
1527 5254 1587 5309 in
1615 5255 1705 5309 ed.

403 5324 492 5393 (29
568 5327 953 5395 Ἐμπεσὸντας.
1009 5328 1207 5383 Comb.
1269 5327 1451 5382 addit.
1513 5324 1543 5378 ὅ
1602 5322 1668 5394 δὴ

403 5322 953 5398 (29)-ᾝμπεσόνταξ.
1009 5328 1207 5383 Comb.
1269 5326 1451 5382 addit.
1513 5324 1543 5378 6'
1602 5322 1668 5394 δὴ
1740 5323 1975 5398 λέγεται,

330 5418 359 5447 ‹‹
392 5385 549 5467 qudd
583 5385 694 5451 dici
728 5385 944 5453 soletf.

397 5468 511 5540 (30)
540 5470 786 5524 Τοιοῦτο.
819 5470 911 5526 Sic
960 5469 1131 5527 Cois].
1168 5472 1219 5541 1,
1251 5472 1308 5524 et
1356 5472 1485 5523 Par.
1533 5468 1592 5523 in
1645 5468 1758 5536 ed.,
1793 5469 1975 5522 τοιοῦ-

322 5558 512 5684 τῗῖῦί)
545 5608 642 5665 Καὶ
897 5610 1268 5682 ἀναισθησίας.
1302 5608 1530 5677 Billius,
1558 5633 1579 5661 ι
1615 5628 1685 5669 ne
1720 5613 1792 5671 ad
1825 5612 1978 5672 hanc

324 5682 831 5759 obstupescentes,
864 5687 1150 5762 majorem
1180 5698 1569 5744 accersamus.
1592 5704 1622 5736 ››

2305 5113 2551 5184 Νεκροῖς.
2586 5110 2725 5184 Reg.
2761 5109 2858 5182 ph,
2887 5111 3072 5184 addit,
3103 5132 3234 5184 τισι,

2303 5181 2545 5259 Ἕτερος.
2591 5181 2827 5259 «salter.
2848 5204 2893 5259 χ
2925 5182 3111 5249 Forte,
3152 5183 3378 5259 ἑτέρως,
3409 5207 3437 5236 ‹‹
3472 5184 3676 5257 aliter;
3701 5207 3731 5239 υ

2161 5200 2274 5307 (όόέ
2329 5200 2545 5307 magos.
2591 5204 2618 5231 ‹‹
2648 5200 2827 5236 Alter.
2864 5204 2891 5230 »
2925 5200 3111 5249 r'orte,
3160 5200 3378 5259 ετερως,
3409 5207 3437 5236 ‹‹
3472 5200 3676 5257 aliter;
3701 5207 3729 5239 ιι

2087 5255 2209 5383 ἔω,
2267 5251 2413 5381 l-cltpéu
2455 5272 2491 5323 vx,
2524 5276 2552 5304 ‹‹
2587 5252 2747 5309 alibi.
2777 5275 2797 5302 ρ
2847 5254 2993 5309 Nam
3042 5258 3219 5312 verba
3275 5262 3415 5313 sunt
3468 5260 3729 5329 ejusdem

2125 5344 2189 5383 oe
2221 5367 2231 5378 .
2316 5367 2328 5383 .
2359 5362 2369 5376 .
2402 5368 2413 5379 .

2125 5342 2231 5383 oel.
2267 5342 2328 5392 ιι,
2359 5342 2413 5379 .5.

2160 5398 2273 5470 (34)
2306 5388 2403 5470 Καὶ
2432 5393 2499 5470 τᾷ
2528 5388 2776 5470 ὄπισθεν..
2798 5396 2971 5470 qusl.
3008 5400 3059 5470 1,
3088 5396 3178 5452 καὶ
3208 5398 3281 5453 τι⁹
3311 5397 3507 5456 ὀπίσω.

2170 5467 2271 5540 ζ35)
2299 5467 2391 5523 Τά.
2425 5468 2518 5522 Sic
2550 5467 2689 5538 Reg.
2723 5467 2822 5540 ph.
2847 5468 3023 5540 Deest
3043 5467 3110 5524 in
3143 5472 3234 5527 ed.

2182 5478 2271 5540 35)
2299 5478 2391 5523 Ta.
2425 5478 2518 5522 διο
2551 5478 2689 5538 Heg.
2723 5478 2822 5540 pn.
2856 5478 3023 5524 Deest
3052 5478 3093 5524 ll

2158 5478 2270 5613 (36)
2299 5542 2480 5613 Ὺλμᾶς.
2498 5543 2686 5613 ⁸Οθεεῐ
2712 5540 2772 5613 in
2804 5539 3093 5613 pluribus.

2159 5606 2271 5685 (37)
2300 5606 2402 5667 Τόν
2437 5606 2696 5681 θελητήν.
2732 5606 2828 5669 ΟΓῙ
2860 5615 2915 5683 2,
2939 5612 3031 5667 τὸν
3060 5609 3305 5687 τελετήν.
