4138 6212
410 420 528 479 943

1661 408 1728 471 S.
1775 406 2147 470 GREGORII
2191 410 2584 474 THEOLOGI

3705 418 3826 480 944

402 549 671 619 trahatis,
704 563 769 602 ac
796 561 898 618 per
946 559 1179 601 morum
1232 541 1725 613 emendationem,
1757 539 2044 613 quidquid

2158 536 2383 616 πληγῆς
2418 544 2552 616 (38),
2603 538 2909 616 νηπιότητα
2954 541 3438 621 παιδαγωγούσηςο
3493 542 3570 603 ἔτι
3620 549 3827 628 καπνὸς

404 638 680 709 deinceps
711 636 807 691 iraa
838 635 1125 708 sequitur,
1178 632 1473 690 avertatis.
1505 632 1712 687 Adhuc
1756 629 1963 687 lenitas
1997 633 2053 686 et

400 726 732 799 benignitas
762 726 882 782 haec
925 729 1085 793 sunt,
1136 728 1193 779 et
1222 724 1437 779 blanda
1484 720 1810 794 castigatio,
1849 719 2051 791 plaga-

399 832 645 886 rumque
674 815 983 886 elementa,
1011 832 1141 887 quae
1162 812 1448 886 puerilem
1484 815 1711 867 aetatem
1743 812 2048 866 coercent:

400 904 592 961 adhuc
614 905 712 961 ira
735 906 933 962 fumus
956 906 1020 974 1⁸,
1047 907 1474 960 tormentorum
1499 899 1846 973 praeludium
1872 915 1886 953 :
1912 913 2053 954 non-

401 994 542 1050 dum
573 999 769 1052 autem
800 996 953 1068 ignis
1001 994 1354 1050 comburens
1387 993 1449 1060 1‘,
1481 991 1591 1047 hoc
1622 995 1731 1059 est,
1766 988 2053 1045 acerrima

399 1085 713 1141 commotio
738 1103 751 1154 ;
784 1100 891 1140 nec
915 1083 1182 1140 succensi
1206 1082 1490 1138 carbones
1524 1081 1589 1149 1⁵,
1611 1079 1670 1134 id
1700 1082 1808 1146 est,
1833 1076 2052 1134 ultimas

398 1178 594 1244 partes
624 1173 919 1246 supplicii,
945 1174 1101 1245 quod
1124 1171 1337 1245 partim
1362 1169 1755 1226 comminatus
1787 1170 1893 1236 est,
1917 1183 2051 1239 par-

397 1262 505 1317 tim
536 1263 864 1331 intentavit,
890 1264 1106 1336 partim
1136 1261 1191 1318 vi
1229 1258 1599 1333 compressit,
1631 1256 1843 1330 partim
1874 1256 2053 1313 etiam

396 1350 665 1421 induxit;
709 1368 872 1425 asque
923 1351 1231 1421 nimirum,
1279 1354 1337 1407 et
1388 1366 1491 1423 per
1546 1347 1802 1421 plagam,
1853 1349 1911 1402 et
1952 1361 2055 1417 per

396 1441 914 1499 comminationem
946 1459 1055 1499 nos
1104 1442 1399 1508 erudiens,
1453 1455 1519 1496 ac
1568 1454 1670 1511 pro
1721 1433 2055 1491 incredibili

392 1533 649 1602 quadam
706 1533 984 1589 bonitatis
1067 1530 1498 1603 magnitudine,
1586 1526 1810 1584 semitae
1887 1524 1985 1580 iraa
2060 1522 2218 1579 viam
2277 1528 2544 1583 sternens
2590 1529 2690 1585 “z

2163 628 2352 704 ὀργῆς,
2416 632 2660 707 βασάνων
2712 634 3029 710 προοίμιον⁹
3083 634 3237 691 οῧπω
3288 634 3346 692 δὲ
3391 641 3499 715 πῦρ
3549 637 3825 718 καταφλε-

2160 718 2395 793 γόμενον
2447 724 2576 795 (39),
2625 724 2659 793 ἡ
2708 724 2857 799 ἀκμὴ
2912 726 3027 800 (40)
3072 732 3173 796 τῆς
3230 726 3513 797 κινήσεως
3569 726 3685 784 οὐδ’
3736 730 3827 785 ἄν·

2161 819 2354 882 θρακες
2396 809 2784 886 ἀνάπτόμενοι,
2835 814 2903 869 τὰ
2947 814 3235 870 τελευταῖα
3273 822 3373 885 τῆς
3425 818 3705 893 μάστιγος’
3753 820 3825 889 ἧς

2158 897 2221 953 τὸ
2256 898 2349 970 μὲν
2380 898 2669 974 ἠπείλησε,
2700 903 2763 959 τὸ
2793 900 2839 959 δ’
2866 903 3195 975 ἄνετείνατο,
3230 906 3291 960 τὸ
3343 902 3401 960 δὶ
3450 906 3541 981 βίᾳ
3588 906 3826 984 κατέσχε

2158 986 2221 1042 τὸ
2252 984 2309 1042 δὲ
2355 987 2640 1067 ἐπήγαγεν.
2694 992 2905 1065 ὁμοίως
2951 994 3040 1050 καὶ
3085 998 3155 1067 τῇ
3195 992 3387 1070 πληγῇ
3419 992 3694 1051 παιδεύων
3727 998 3819 1052 καὶ

2159 1079 2229 1149 τῇ
2262 1075 2487 1162 ἀπειλῇ,
2519 1079 2608 1135 καὶ
2639 1077 2919 1155 ᾖδοποιῶν
2953 1086 3061 1155 (41)
3089 1078 3275 1159 τρίϐον
3322 1087 3391 1159 τῇ
3437 1081 3575 1162 ὂργῇ
3628 1084 3823 1157 αὐτοῦ,

2164 1162 2233 1219 δι’
2283 1161 2596 1241 ὑπερϐολὴν
2646 1169 3003 1245 ἀγαθότητος·
3052 1171 3159 1228 ἀπδ
3211 1172 3305 1247 μὶν
3359 1178 3466 1230 τῶν
3513 1172 3821 1232 ἐλαττόνων

2164 1254 2495 1331 ἀρχόμενος,
2551 1256 2689 1315 ὥστε
2761 1262 2837 1334 μὴ
2903 1260 3161 1333 δεηθῆναι
3229 1266 3337 1318 τῶν
3398 1260 3820 1341 σφοδροτέρων·

2163 1340 2433 1400 παιδεύων
2480 1342 2538 1401 δὲ
2583 1347 2675 1403 καὶ
2711 1353 2828 1413 τοῖς
2860 1350 3120 1424 μείζοσιν,
3153 1350 3199 1407 εἰ
3228 1349 3368 1429 πρὸς
3397 1340 3564 1408 ταῦτα
3596 1340 3821 1409 ἐκϐιασ-

2163 1432 2305 1502 θείη.
2616 1440 2623 1447 ’

2776 1546 2811 1585 a
2867 1530 3132 1588 moribus
3203 1530 3445 1604 quidem
3499 1532 3821 1607 incipiens,

395 1638 467 1677 ne
497 1621 895 1693 asperioribus
921 1622 1005 1677 uti
1034 1636 1275 1677 necesse
1304 1620 1557 1687 habeat;
1590 1622 1865 1673 caeterum
1898 1630 2003 1685 per
2030 1614 2256 1685 majora
2283 1614 2460 1672 etiam
2490 1617 2787 1685 erudiens,
2819 1618 2868 1675 si
2900 1620 2972 1676 ad
3004 1636 3072 1677 ea
3101 1620 3394 1693 adigatur.

463 1710 585 1766 VII.
644 1710 773 1767 Scio
832 1711 1220 1783 refulgentem
1294 1709 1600 1776 frameam,
1671 1709 1727 1761 et
1790 1703 2044 1777 gladium

2236 1702 2304 1757 Z'.
2364 1703 2433 1759 Οἷ
2497 1701 2892 1778 στιλϐουμὲνην
2974 1706 3271 1784 ῥομφαίαν,
3345 1708 3436 1763 καὶ
3517 1709 3825 1782 μεθύουσαν

394 1800 622 1856 ebrium
654 1800 713 1856 in
745 1801 908 1871 caelo,
932 1800 1033 1871 qui
1059 1799 1354 1873 jugulare,
1388 1800 1449 1853 in
1480 1795 1731 1853 nihilum
1765 1794 2047 1865 redigere,

392 1888 595 1946 liberis
644 1890 873 1956 orbare,
925 1906 991 1945 ac
1032 1905 1105 1945 ne
1154 1888 1316 1947 carni
1367 1886 1625 1959 quidem,
1675 1890 1731 1940 et
1774 1882 2048 1939 medullis

395 1983 566 2049 atque
597 1979 833 2035 ossibus
889 1995 1125 2050 parcere
1168 1978 1412 2049 jubetur
1444 1978 1507 2032 ¹⁷.
1568 1975 1695 2031 Scio
1741 1990 1897 2041 eum,
1948 1971 2050 2043 qui

394 2067 829 2139 perturbatione
860 2069 1020 2123 omni
1051 2071 1237 2134 vacat,
1274 2082 1421 2121 ursae
1451 2065 1605 2121 fame
1637 2061 1948 2131 laboranti,
1982 2077 2047 2116 ac

394 2157 575 2227 pardo
623 2156 898 2228 similem,
949 2158 1009 2212 in
1057 2155 1430 2228 Assyriorum
1488 2155 1579 2209 via
1627 2167 1930 2209 occurrere
1962 2150 2044 2218 ‘3;

394 2261 510 2300 non
560 2259 761 2301 eorum
820 2249 1051 2302 tantum
1111 2245 1211 2317 qui
1260 2250 1388 2300 tum
1446 2246 1632 2310 erant,
1682 2242 1785 2297 sed
1844 2255 2046 2296 eorum

393 2334 569 2391 etiam
600 2336 702 2406 qui
748 2335 880 2393 vitae
929 2334 1306 2408 improbitate
1361 2331 1665 2403 Assyrium
1713 2346 1870 2385 nunc
1900 2328 2046 2384 refe-

394 2427 568 2492 runt;
614 2440 721 2481 nec
771 2423 869 2479 iraa
926 2424 1115 2496 ipsius
1162 2423 1280 2478 vim
1330 2426 1388 2479 et
1445 2420 1799 2478 celeritatem
1847 2420 2048 2491 fugere

392 2514 671 2586 cuiquam
702 2512 897 2581 licere,
922 2529 1056 2569 cum
1084 2513 1157 2569 ad
1186 2511 1370 2583 impia
1396 2515 1595 2568 nostra
1625 2510 1883 2565 facinora
1902 2507 2045 2579 vigi-

387 2601 615 2671 laverit,
646 2619 712 2657 ac
760 2601 940 2667 zelus,
989 2601 1087 2672 qui
1143 2600 1507 2656 adversarios
1558 2600 1832 2655 devorare
1863 2595 2043 2664 novit,

389 2689 577 2761 ipsius
603 2689 801 2745 hostes
824 2694 1166 2761 persecutus
1195 2688 1389 2743 fuerit.
1417 2688 1545 2743 Scio
1573 2685 2041 2755 concussionem,

389 2781 446 2833 et
475 2777 902 2848 excussicnem,
936 2782 993 2834 et
1022 2776 1447 2847 ebulliticnem,
1476 2776 1787 2848 cordisque
1816 2774 2043 2829 confra-

390 2867 664 2934 cticnem,
699 2884 766 2923 ac
795 2883 1054 2939 genuum
1103 2866 1551 2924 dissolutionem
1578 2866 1641 2934 ιθ,
1684 2869 1859 2936 atque
1887 2865 2043 2935 ejus-

392 2956 550 3012 modi
582 2956 894 3029 supplicia,
916 2956 1133 3029 quibus
1162 2956 1480 3028 impiorum
1503 2954 1721 3011 scelera
1742 2952 2041 3009 vindican-

391 3050 505 3102 tur.
541 3047 707 3105 Mitto
738 3047 895 3104 enim
923 3046 1112 3103 dicere
1145 3047 1354 3102 futurae
1386 3046 1516 3102 vitae
1548 3042 1887 3114 tribunalia,
1920 3042 2043 3115 qui-

394 3136 507 3192 bus
536 3136 785 3207 hujusce
812 3136 942 3193 vitse
972 3136 1341 3208 indulgentia
1368 3140 1425 3191 et
1454 3133 1775 3206 impunitas
1805 3149 1904 3189 eos
1924 3138 2046 3189 tra-

401 3225 526 3294 dit;
558 3226 642 3281 ita
688 3229 753 3281 ut
796 3226 982 3281 satius
1029 3226 1107 3281 sit
1153 3242 1309 3281 nunc
1362 3224 1637 3296 castigari
1686 3239 1751 3279 ac
1784 3220 2044 3294 purgari,

402 3330 583 3386 quam
623 3315 695 3370 ad
744 3314 1068 3371 cruciatum
1118 3314 1284 3370 illum
1338 3313 1490 3370 305
1534 3311 1877 3383 transmitti,
1912 3326 2048 3366 cum

392 3403 521 3473 jam
552 3420 731 3474 pcenaa
782 3408 1015 3475 tempus
1061 3403 1191 3473 erit,
1242 3419 1357 3457 non
1405 3400 1793 3475 purgationis.
1835 3400 2049 3463 Quem-

402 3492 721 3548 admodum
752 3492 931 3561 enim,
967 3496 1032 3547 ut
1060 3509 1093 3547 a
1124 3491 1333 3547 Davide
1362 3491 1580 3563 optime
1614 3490 1839 3545 dictum
1871 3492 1963 3544 est
1980 3489 2046 3557 ὀ,

401 3585 586 3637 morte
616 3581 883 3655 superior
910 3585 1022 3650 est,
1054 3581 1153 3654 qui
1175 3580 1271 3636 hic
1300 3580 1402 3635 Dei
1431 3596 1658 3636 memor
1685 3582 1793 3649 est,
1829 3578 1911 3633 ita
1930 3593 2046 3633 non

397 3674 486 3726 est
518 3671 755 3726 mortuis
784 3672 845 3726 in
878 3672 1102 3727 interno
1152 3669 1461 3740 confessio,
1508 3686 1613 3725 nec
1659 3684 1890 3723 morum
1922 3683 2048 3722 cor-

394 3759 592 3817 rectio.
624 3760 728 3817 Hic
756 3760 914 3817 enim
948 3766 1096 3816 Deus
1141 3760 1323 3816 vitam
1353 3763 1410 3815 et
1442 3758 1751 3828 actionem,
1784 3756 1902 3812 illic
1942 3773 2045 3812 au-

388 3852 508 3904 tem
538 3866 737 3907 rerum
767 3853 1068 3922 gestarum
1101 3865 1412 3905 censuram
1450 3846 1759 3904 conclusit.

458 3937 603 3994 VIII.
669 3938 813 4007 Quid
869 3940 1135 4010 faciemus
1191 3940 1249 3993 in
1302 3939 1392 3993 die
1452 3935 1874 4003 inductionis“,
1929 3949 2045 4005 qua

386 4029 565 4082 terret
583 4044 676 4085 me
697 4028 937 4099 quidam
970 4027 1409 4100 prophetarum,
1434 4027 1552 4082 sive
1575 4042 1709 4081 cum
1733 4024 2041 4080 nobiscum

387 4114 542 4169 Deus
565 4116 793 4186 judicia
812 4106 1106 4189 loquetur,
1130 4117 1250 4171 sive
1277 4116 1335 4170 in
1361 4114 1660 4170 montibus
1682 4118 1738 4170 et
1768 4112 2039 4175 collibus.

389 4205 891 4273 quemadmodum
909 4205 1263 4273 audivimus,
1286 4204 1405 4260 sive
1423 4219 1785 4275 quaecunque
1802 4205 2039 4261 tandem

387 4290 507 4363 illa,
539 4297 599 4347 et
628 4309 976 4365 quocunque
1023 4294 1149 4351 loco
1198 4295 1396 4349 futura
1425 4294 1521 4361 sit,
1575 4309 1709 4348 cum
1739 4309 1844 4348 nos
1876 4309 2038 4350 coar-

388 4383 545 4451 guet,
574 4384 747 4453 atque
777 4398 846 4437 ex
867 4383 1107 4439 adverso
1138 4382 1335 4451 stabit,
1362 4385 1598 4453 peccata
1627 4386 1852 4451 nostra,
1878 4398 2035 4438 acer-

2166 1788 2438 1866 μάχαιραν
2494 1791 2546 1847 ἐν
2572 1798 2653 1865 τῷ
2714 1793 2949 1869 οὐρανῷ,
3009 1796 3249 1874 σφάζειν,
3318 1796 3607 1868 ἑξουθενεῖν
3677 1802 3821 1873 (42),

2157 1877 2408 1934 ἀτεκνοῦν
2439 1880 2831 1955 κελευομένην,
2861 1880 2967 1946 ἕως
3000 1886 3113 1957 (43)
3145 1890 3378 1961 σαρκῶν,
3428 1885 3516 1940 καὶ
3572 1886 3817 1960 μυελῶν,

2155 1967 2245 2021 καὶ
2280 1967 2479 2024 ὀστέων
2534 1972 2609 2043 μή
2664 1969 2978 2049 φείδεισθαι.
3028 1971 3186 2047 Οἶδα,
3237 1974 3312 2037 ὡς
3343 1974 3537 2051 ἄρκτον
3582 1976 3823 2050 ἀπορου-

2161 2057 2322 2131 μένην
2374 2062 2508 2133 (44),
2551 2062 2642 2116 τὸν
2688 2062 2892 2136 ἀπαθῆ,
2938 2063 3028 2118 καὶ
3069 2064 3145 2127 ὡς
3194 2063 3461 2139 πάρδαλιν
3489 2065 3819 2122 ἀπαντῶντα

2154 2149 2290 2203 κατά
2338 2149 2438 2218 τὴν
2490 2148 2613 2206 ὁδὸν
2676 2151 2997 2227 Ἀσσυρίων,
3046 2152 3109 2208 οὗ
3144 2158 3252 2209 τῶν
3283 2156 3406 2210 τότε
3440 2155 3628 2228 μόνον,
3659 2155 3815 2212 ἀλλὰ

2152 2236 2242 2290 καὶ
2288 2234 2343 2291 εἴ
2380 2258 2466 2300 τις
2513 2242 2601 2294 νῦν
2811 2243 2911 2311 τὴν
2955 2242 3142 2298 κακίαν
3208 2243 3511 2321 ’Δσσύριος·
3558 2245 3647 2301 καὶ
3708 2245 3815 2301 οὐκ

2155 2322 2268 2379 ἐνὸν
2324 2332 2510 2402 φυγεῖν
2567 2327 2630 2384 τὸ
2686 2330 2885 2405 κράτος
2939 2337 3039 2400 τῆς
3116 2330 3283 2407 ὀργῆς
3340 2331 3503 2388 αὐτοῦ
3576 2333 3670 2389 καὶ
3742 2336 3812 2390 τὸ

2152 2414 2346 2489 τάχος,
2370 2416 2497 2471 ἄταν
2528 2420 2850 2494 γρηγορήσῃ
2886 2417 2974 2474 ἐπὶ
3004 2420 3072 2474 τὰ
3121 2416 3434 2495 ἀσεϐήματα
3479 2424 3667 2496 ἡμῶν,
3717 2423 3813 2479 καὶ

2149 2502 2279 2566 τοὺς
2320 2504 2551 2580 ἐχθροὺς
2599 2506 2763 2563 αὐτοῦ
2806 2505 3117 2585 καταδιώκῃ
3166 2508 3356 2581 ζῆλος,
3405 2510 3595 2568 ἐσθίειν
3645 2510 3813 2578 εἰδὼς

2150 2590 2284 2647 τοὺσ
2323 2594 2685 2659 ὑπεναντίους.
2718 2595 2848 2652 Οἶδα
2893 2597 3237 2675 ἑκτιναγμὸν,
3286 2600 3375 2656 καὶ
3421 2600 3812 2678 ἀνατιναγμὸν,

2151 2683 2241 2737 καὶ
2294 2684 2553 2760 βρασμὸν,
2603 2687 2695 2741 καὶ
2741 2685 2966 2764 καρδίας
3022 2688 3315 2766 θραυσμὸν,
3361 2690 3451 2745 καὶ
3501 2690 3813 2765 παράλυσιν

2150 2773 2410 2847 γονάτων,
2458 2774 2547 2829 καὶ
2602 2780 2828 2831 τοιαῦτα
2875 2776 3002 2833 ὅντα
3046 2779 3115 2834 τὰ
3155 2782 3265 2834 τῶν
3294 2774 3502 2835 ἀσεϐῶν
3534 2780 3807 2855 ἐπιτίμια⁶

2152 2859 2224 2915 ἐῶ
2253 2862 2356 2939 γὰρ
2404 2862 2577 2937 λέγειν
2627 2865 2695 2919 τὰ
2743 2865 2938 2922 ὶκεῖθεν
2989 2864 3369 2944 δικαιωτήρια,
3402 2869 3484 2932 οἷς
3512 2872 3548 2939 ἡ
3581 2870 3812 2936 ἰνταῦθα

2152 2948 2321 3027 φειδὼ
2348 2950 2744 3029 παραδίδωσιν,
2777 2955 2852 3018 ὡς
2887 2955 3101 3031 βέλτιον
3136 2957 3269 3013 εἶναι
3317 2962 3405 3013 νῦν
3452 2956 3812 3030 παιδευθῆναι

2154 3040 2243 3095 καὶ
2300 3044 2653 3119 καθαρθῆναι,
2713 3046 2747 3115 ἢ
2805 3044 2875 3119 τῇ
2935 3047 3047 3119 (46)
3103 3045 3302 3102 ἐκεῖθεν
3366 3048 3577 3122 βασάνῳ
3628 3070 3813 3123 παρα-

2155 3132 2490 3208 πεμφθῆναι,
2540 3132 2702 3203 ἡνίκα
2744 3131 3020 3197 κολάσεως
3076 3135 3288 3209 καιρὸς,
3348 3136 3410 3191 οὐ
3471 3136 3809 3213 καθάρσεως.

2156 3221 2357 3297 ’Ὠσπερ
2386 3220 2486 3297 γὰρ
2518 3222 2742 3277 θανάτου
2773 3221 3030 3300 κρείττων
3064 3224 3092 3279 ὁ
3123 3223 3347 3290 ἐνταῦθα
3399 3230 3535 3281 Θεοῦ
3586 3249 3810 3301 μνημο-

2156 3308 2348 3379 νεύων,
2393 3310 2482 3365 καὶ
2529 3308 2798 3367 κάλλιστα
2835 3314 2915 3386 τῷ
2967 3312 3096 3387 θείῳ
3126 3309 3292 3369 Δαϐὶδ
3320 3319 3480 3371 τοῦτο
3510 3314 3814 3396 πεφιλοσό-

2158 3419 2324 3475 φηται
2356 3417 2369 3433 ο
2446 3398 2619 3463 οὕτως
2694 3400 2793 3456 οὐκ
2867 3398 3007 3457 ἔστιν
3069 3400 3121 3458 ἐν
3152 3398 3254 3477 ᾅδῃ
3309 3408 3427 3467 τοῖς
3477 3403 3813 3461 ἀπελθοῦσιν

2159 3486 2552 3565 ἐξομολόγησις
2581 3509 2670 3545 και
2722 3486 3032 3565 διόρθωσις.
3084 3490 3406 3548 Συνέκλεισε
3449 3494 3553 3570 γὰρ
3602 3496 3633 3549 ὁ
3681 3498 3816 3558 Θεὸς

2157 3575 2379 3643 ἐνταῦθα
2410 3577 2503 3649 μὲν
2532 3576 2621 3634 καί
2656 3578 2771 3653 βίον
2797 3578 2885 3636 καὶ
2917 3583 3130 3657 πρᾶξιν,
3164 3580 3276 3639 ἐκεῖ
3321 3579 3378 3637 δὶ
3405 3582 3503 3652 τὴν
3556 3586 3663 3638 τῶν
3714 3606 3821 3640 πε·-

2154 3667 2473 3743 πραγμένων
2506 3666 2759 3738 ἐξέτασιν.

2223 3933 2305 3990 Η’.
2377 3932 2438 3988 Τί
2509 3936 2814 4008 ποιήσομεν
2894 3934 2945 3989 ἐν
3022 3936 3205 4012 ἡμέρᾳ
3281 3934 3567 4014 ἐπαγωγῆς
3742 3960 3813 4014 με

2150 4018 2373 4100 ἐκφοϐεῖ
2401 4024 2511 4097 (47)
2538 4044 2621 4086 τις
2646 4028 2752 4079 τῶν
2778 4027 3094 4103 προφητῶν,
3125 4022 3233 4081 εἷπε
3279 4022 3660 4101 δικαιολογίας

2146 4116 2244 4167 τοῦ
2295 4116 2428 4168 Θεοῦ
2483 4112 2620 4187 πρὸς
2678 4114 2849 4186 ἡμᾶς,
2901 4110 3007 4168 εἴτε
3050 4120 3152 4183 τῆς
3200 4113 3289 4169 ἐπὶ
3336 4119 3443 4170 τῶν
3491 4115 3665 4192 ὀρέων
3710 4119 3808 4172 καὶ

2152 4203 2383 4275 βουνῶν,
2416 4201 2547 4276 ’ὀπερ
2595 4200 2928 4275 ἠκούσαμεν,
2978 4200 3085 4258 εἴτε
3124 4205 3224 4272 τῆς
3255 4203 3545 4260 ὁποιασοῦν
3576 4206 3669 4260 καὶ
3722 4205 3811 4284 ἐφ’

2148 4291 2220 4345 ὧν
2270 4287 2473 4361 δήποτε
2518 4291 2807 4367 γινομίνης
2858 4290 2981 4347 ὅταν
3050 4289 3313 4369 διελέγχῃ
3377 4295 3488 4367 (49)
3534 4313 3593 4348 τε
3664 4296 3811 4369 πρὸς

2145 4382 2318 4454 ἡμᾶς,
2349 4380 2438 4435 καὶ
2486 4380 2917 4451 ἀντικαθιστῆιαι
3130 4382 3268 4438 κατὰ
3312 4381 3606 4460 πρόσωπον
3640 4385 3809 4458 ἡμῶν

458 4566 501 4603 1³
530 4569 683 4626 Psal.
716 4587 855 4639 xvn,
909 4572 963 4625 9.
999 4571 1044 4605 “
1109 4569 1258 4626 Psal.
1330 4586 1459 4642 (ην,Δ
1506 4570 1596 4624 32.
1644 4570 1687 4604 1⁸
1752 4570 1903 4626 Psal.
1972 4587 2044 4626 xv

2176 4571 2232 4626 9.
2268 4571 2312 4606 ¹⁰
2369 4568 2524 4626 Psal.
2594 4586 2804 4642 ann,
2869 4571 2961 4627 50.
2996 4569 3039 4609 1⁷
3104 4569 3307 4629 Ezech.
3364 4587 3479 4641 xxx,
3545 4572 3606 4628 9.
3669 4573 3807 4631 Ose.

382 4653 506 4711 xm,
537 4641 592 4711 7,
618 4644 672 4698 8.
705 4644 750 4681 ιθ
778 4642 1011 4699 Nahum
1042 4659 1105 4711 ιι,
1140 4643 1227 4700 10.
1260 4642 1306 4678 ²⁰
1334 4640 1484 4698 Psal.
1518 4659 1598 4708 VI,
1630 4643 1684 4698 6.
1719 4642 1763 4679 ²¹
1797 4645 1909 4699 Isa.
1932 4659 1989 4712 χ,
2019 4643 2074 4698 3.

418 4838 856 4916 __(38)_2':o¢x_eia
886 4836 1132 4916 «Amm.
1164 4861 1192 4890 α
1225 4838 1745 4916 Plagas'elementa.
1776 4842 2036 4916 »_Quem.

381 4910 971 4986 admodumfpueris
1021 4910 1302 4986 primum
1338 4910 1642 4986 'elementa
1697 4913 2034 4983 traduntur,

380 4981 590 5057 deinde
640 4981 917 5057 syllabae,
947 4981 1077 5041 etei:
1130 4983 1212 5057 ita
1268 4981 1423 5040 Deus
1464 4984 1723 5057 primum
1777 5002 1880 5041 nos
1928 4981 2033 5057 per

385 5076 411 5129 σε
438 5053 691 5129 minores
723 5072 789 5112 ac
817 5053 1061 5114 leviores
1092 5055 1316 5129 plagas,
1343 5076 1371 5105 »
1393 5053 1551 5113 velut
1579 5073 1811 5129 pueros,
1836 5053 2029 5128 ducit;

380 5124 588 5201 deinde
622 5131 971 5201 {graviores
1003 5150 1030 5179 ››
1064 5124 1322 5201 adhibet.

452 5197 561 5270 (39)
630 5197 1141 5278 Κᾶταφλεγόμενον.
1218 5198 1423 5254 Plures
1504 5200 1696 5265 codd.,
1756 5197 2027 5276 καταφλὲο

415 5286 494 5323 ον.

378 5284 557 5416 γοῖᾆο)
589 5345 795 5416 Ἀκιιή.
835 5368 856 5394 ιι
890 5338 1834 5416 ΡτίωἱὶὶδολᾶοίοεΔοοωιῐιοῑὶοηὶε.
1866 5362 1894 5391 ››

444 5407 558 5481 (41)
588 5407 900 5472 Ὀδὸποιῶν.
936 5416 1120 5481 Pass.,
1162 5407 1528 5466 ὁδοποιοῦντι,

440 5477 556 5624 (42)
588 5485 932 5555 Ἑξουθενεῖν.
964 5477 1242 5543 Nonnulli
1272 5483 1513 5551 habent,
1547 5477 1859 5549 ἐξουδενεῖν.

466 5556 532 5611 43
583 5557 744 5617 Ἕως.
778 5560 873 5614 Or.
901 5563 956 5624 2,
990 5557 1079 5610 καὶ
1114 5553 1237 5615 ἕως.
1393 5620 1405 5624 _
1686 5584 1689 5587 ν

466 5553 554 5626 43)
583 5553 744 5617 Ἕως.
778 5560 873 5614 Or.
901 5563 956 5626 2,
990 5557 1079 5610 καὶ
1114 5553 1237 5615 ἕως.
1393 5620 1406 5626 _
1686 5584 1689 5587 ν

588 5628 818 5701 ’Ἄρκτον
864 5620 1267 5701 ἀπορουμένην.
1297 5620 1549 5701 Vulgata
1581 5625 2026 5701 πέρυσί-μηδ.

369 5696 569 5771 raptis
612 5696 847 5771 catulis,
872 5721 902 5751 »
944 5696 1055 5757 etc.

373 5761 721 5842 [mendose].

2216 4838 2331 4910 (45)
2360 4832 2427 4892 Εἴ
2453 4856 2538 4910 τις
2566 4839 2677 4893 νῦν.
2711 4837 2884 4910 Ccisl_.
2916 4839 2971 4909 1,
3001 4842 3061 4895 et
3089 4837 3185 4896 Or.
3213 4838 3269 4910 2,
3320 4833 3371 4893 αἶ’
3412 4856 3495 4899 τις
3546 4832 3634 4910 εἴη
3685 4842 3807 4898 νῦν.

2146 4906 2594 4980 Ιιιέιυῖὺιιδάοω
2624 4910 2787 4965 deest
2815 4906 2928 4964 νῦν.

2177 4979 2320 5068 ,(46)
2349 4980 2445 5052 Τῇ.
2496 4980 2591 5037 Sic
2639 4987 2820 5055 Regg.
2869 4984 2991 5054 bm,
3024 4980 3127 5054 ph,
3173 4984 3232 5038 et
3269 4979 3442 5038 Ccisl.
3478 4981 3529 5038 1.
3560 4979 3631 5039 In
3678 4985 3805 5055 σά..

2138 5070 2322 5208 mg?)
2354 5116 2625 5200 Ἐκφοϐει.
2655 5125 2719 5180 In
2748 5124 3126 5197 quibusdam,
3150 5116 3328 5201 φοϐεῖ.
3361 5124 3427 5179 In
3460 5125 3799 5199 nonnullis,

2144 5189 2320 5350 (90:413.)
2348 5261 2474 5350 ξέξίτε
2516 5261 2907 5350 δικαιολογίας,
2937 5271 3052 5350 εἰσ.
3084 5290 3107 5318 σ
3311 5266 3461 5350 justi
3507 5267 3611 5350 _Dei
3660 5284 3816 5342 erga

2136 5337 2242 5394 nos
2266 5337 2499 5409 judicii.
2528 5360 2549 5388 ι
2588 5337 2795 5395 Billius
2829 5357 2843 5396 :
2873 5358 2896 5389 ι
2936 5341 3050 5396 Ηοο
3081 5345 3171 5396 est
3213 5337 3423 5395 divine
3453 5340 3525 5395 ad
3559 5356 3670 5396 nos
3700 5337 3813 5397 ei-

2137 5409 2582 5482 postulationis.
2617 5433 2640 5463 ι

2136 5478 2642 5606 έιέῖἓίνῗξξξῗῗχῖ¹’
2694 5481 2876 5556 ⁸⁸⁵88·
2928 5500 2981 5553 ιν
3032 5498 3081 5552 οι
3137 5480 3240 5554 ph.
3285 5481 3458 5539 Ccisl.
3513 5481 3563 5554 ι,
3612 5482 3709 5540 Or.
3745 5484 3811 5555 ε,

2204 5571 2838 5701 ξὲῧῖχλῖἶῦιᾳθιστῆται.
2890 5624 2984 5683 Sic
3034 5624 3178 5701 Reg.
3221 5643 3276 5697 a,
3328 5629 3387 5683 et
3431 5624 3613 5684 Coisl.
3645 5626 3700 5684 1.
3734 5625 3817 5687 In

1103 5692 1243 5771 Reg.
1305 5692 1445 5767 bm,’
1488 5699 1546 5752 et
1603 5692 1810 5769 Nicet.,
1863 5694 2024 5772 ἄρκον

2158 5692 2310 5753 ιᾶὶῐὶέ
2340 5712 2493 5769 vero,
2522 5692 2977 5763 ἁντικαθιστᾶται.
