4138 6212
391 364 508 424 945

1310 360 1600 423 ORATIO
1643 361 1805 424 XVI.
1842 396 1918 407 —
1948 361 2027 423 IN
2071 362 2393 423 PATREM
2436 362 2886 423 TACENTEM.

3691 360 3809 423 946

394 489 544 554 ἱστὰς
571 488 641 546 τὰ
661 489 1053 565 ἁμαρτήματα,
1089 490 1219 552 τοὺς
1266 489 1495 566 πικροὺς
1542 490 1903 567 κατηγόρους,
1953 491 2043 547 καὶ

2158 494 2263 550 bos
2294 498 2352 550 et
2396 494 2793 550 amarulentos
2853 500 3243 562 accusatores,
3277 494 3446 550 nobis
3498 493 3559 549 in
3598 493 3805 551 faciem

396 580 475 642 οἷς
519 577 576 635 εὖ
622 579 986 653 πεπόνθαμεν,
1038 578 1071 633 ἃ
1141 580 1500 653 ἠνομήσαμεν
1572 582 1891 657 ἀντεξάγων,
1959 581 2049 637 καὶ

396 668 653 744 λογισμῷ
701 668 968 744 λογισμὸν
1018 666 1305 741 πλήσσων,
1353 668 1444 724 καὶ
1491 670 1678 745 πράξει
1719 672 1908 746 πρᾶξιν
1960 671 2050 726 εύ-

397 758 593 831 θύνων,
625 758 714 813 καὶ
745 759 808 812 τὸ
856 764 957 827 τῆς
1008 757 1215 819 εἰκόνος
1245 757 1484 813 ἀπαιτῶν
1517 758 1749 831 ἀξίωμα,
1778 761 1858 832 τῷ
1890 760 2051 832 κακίᾳ

395 846 832 917 συνθολωθείσης
892 848 981 901 καὶ
1036 846 1419 923 συγχυθείσης,
1471 848 1534 902 τὸ
1588 847 1895 903 τελευταῖον
1945 849 2049 905 ἀπ-

390 936 511 1012 άγει
552 938 662 1011 (51)
694 934 890 998 αὐτοὺς
921 936 1007 1014 ὑφ’
1039 937 1240 991 ἑαυτῶν
1289 936 1783 1013 κατεγνωσμένους,
1815 939 1905 992 καὶ
1951 959 2046 992 κα-

387 1026 833 1102 τακεκριμένους,
882 1026 971 1081 καὶ
1019 1024 1143 1081 οὐδὲ
1190 1026 1265 1089 ὡς
1314 1024 1473 1081 ἄδικα
1503 1028 1789 1103 πάσχομεν
1822 1030 1934 1102 (52)
1966 1028 2046 1083 εί-

389 1121 509 1171 πεῖν
539 1112 790 1191 ἔχοντας,
824 1113 955 1191 ὅπερ
988 1113 1211 1170 ἐνταῦθα
1251 1120 1368 1178 τοῖς
1418 1115 1720 1191 πάσχουσιν
1769 1115 1907 1172 ἔστιν
1956 1115 2046 1172 ὅτε

387 1204 568 1260 ἰκανὸν
604 1204 679 1267 εἰς
706 1204 1050 1280 παραμυθίαν
1071 1207 1169 1273 τῆς
1199 1203 1603 1281 κατακρίσεως;

2161 587 2427 640 statuens
2456 585 2522 654 ³³,
2554 588 2905 655 acceptaque
2934 583 3216 639 beneficia
3247 598 3380 638 cum
3403 583 3495 654 iis,
3524 599 3651 655 quae
3695 584 3808 639 ini-

2161 690 2274 747 que
2312 673 2684 741 admisimus,
2732 689 2799 728 ex
2832 673 3071 728 adverso
3104 672 3426 742 conferens,
3480 676 3535 727 et
3592 672 3806 745 cogita-

2156 763 2316 819 tione
2347 761 2781 833 cogitationem,
2814 762 3148 828 verberans,
3182 766 3238 815 et
3266 758 3490 815 actione
3518 762 3804 817 actionem

2158 852 2486 922 exquirens,
2549 854 2607 905 et
2656 849 2793 905 vitio
2848 850 3258 905 contaminatae
3323 853 3496 919 atque
3552 850 3805 905 confusae

2157 940 2434 1012 imaginis
2456 939 2801 1010 dignitatem
2822 955 2856 994 a
2878 939 3047 994 nobis
3072 954 3411 1010 exposcens,
3434 954 3540 993 nos
3564 939 3802 995 demum

2156 1032 2423 1095 abducet,
2452 1046 2484 1083 a
2503 1028 2941 1099 nobismetipsis
2963 1028 3260 1098 judicatos
3291 1032 3347 1082 et
3361 1028 3799 1099 condemnatos,

2155 1120 2389 1191 hucque
2419 1118 2725 1184 abductos,
2743 1121 2809 1171 ut
2829 1132 2900 1171 ne
2929 1116 2988 1171 id
3022 1116 3259 1187 quidem
3282 1116 3474 1173 dicere
3490 1133 3798 1189 queamus,

2155 1225 2261 1265 nos
2292 1208 2492 1279 inique
2514 1205 2803 1278 supplicio
2835 1205 3027 1259 affici?
3047 1206 3207 1269 Quod
3238 1207 3475 1277 quidem
3515 1206 3611 1262 hic
3641 1208 3798 1279 apud

382 1310 504 1365 eos,
544 1294 645 1367 qui
690 1310 893 1366 poenas
939 1294 1131 1364 luunt,
1183 1312 1609 1367 nonnunquam
1660 1295 1809 1352 hanc
1866 1296 1984 1353 vim
2033 1297 2228 1366 habet,
2281 1301 2346 1352 ut
2390 1311 2593 1352 eorum
2637 1293 3183 1350 condemnationem
3232 1298 3289 1348 et
3336 1294 3661 1350 cruciatum
3709 1296 3797 1351 le-

427 1384 509 1439 iat

383 1401 509 1440 mat

455 1471 527 1525 0"
563 1470 708 1526 Ἐκεῖ
742 1467 800 1524 δὶ
826 1470 912 1532 τίς
943 1472 1289 1547 συνήγοροςς
1321 1475 1455 1526 ποῖα
1501 1473 1738 1547 σκῆψις;
1789 1471 1871 1534 τίς
1917 1474 2041 1547 ψευ-

2221 1473 2312 1530 ΙΧ.
2350 1472 2473 1528 Illic
2505 1475 2703 1527 autem
2755 1470 2887 1542 quis
2944 1470 3272 1541 patronus?
3327 1469 3460 1542 quis
3494 1471 3796 1542 speciosus

384 1555 485 1627 δὴς
522 1557 824 1636 ἀπολογία;
871 1558 1005 1614 ποία
1053 1558 1344 1630 πιθανότης
1393 1558 1640 1637 ἔντεχνος
1666 1578 1681 1629 ;
1711 1561 1796 1623 τίς
1828 1559 2040 1615 ἐπίνοια

2146 1563 2355 1619 titulus
2377 1567 2401 1619 Ρ
2422 1578 2550 1633 quae
2582 1562 2777 1616 fucata
2807 1559 3068 1615 defensio
3088 1559 3115 1613 ‘2
3146 1575 3272 1631 quae
3315 1559 3629 1629 artificiosa
3675 1562 3796 1617 veri

383 1648 520 1703 κατὰ
575 1650 674 1717 τῆς
735 1646 994 1719 ἀληθείας
1051 1647 1466 1725 παραλογιεῖται
1536 1651 1600 1704 τὸ
1665 1646 2035 1725 δικαστήριον,

2147 1652 2471 1708 similitudo
2492 1651 2519 1705 ‘2
2549 1652 2683 1717 Quae
2712 1648 2942 1705 consilii
2962 1650 3242 1704 adversus
3270 1648 3577 1704 veritatem
3608 1650 3795 1706 soler-

381 1736 473 1791 καὶ
521 1734 750 1810 κλέάψει
790 1736 890 1806 τὴν
956 1734 1120 1814 ὀρθὴν
1176 1736 1350 1813 κρίσιν
1414 1742 1531 1800 τοῖς
1576 1742 1708 1793 πᾶσι
1757 1739 1931 1793 πάντα
1983 1738 2034 1793 έν

2144 1742 2227 1798 tia
2254 1739 2511 1797 tribunal
2533 1738 2677 1794 illud
2701 1738 3135 1805 oircumveniet,
3167 1754 3233 1793 ac
3252 1742 3472 1793 rectum
3497 1738 3791 1808 judicium

385 1828 530 1902 ζυγῷ
558 1826 815 1894 τιθεῖσαν,
844 1823 935 1881 καὶ
974 1825 1191 1902 πρᾶξιν,
1220 1825 1309 1881 καὶ
1359 1824 1548 1902 λόγον,
1599 1827 1689 1882 καὶ
1738 1824 2033 1901 διανόημα,

2144 1830 2359 1901 eludet,
2392 1829 2590 1886 omnia
2617 1828 2893 1884 omnibus
2920 1826 2977 1882 in
3007 1830 3228 1883 statera
3261 1825 3577 1895 collocans,
3609 1829 3791 1884 actio—

379 1914 470 1968 καὶ
500 1916 891 1985 ἀντισηκοῢσαν
921 1915 1035 1988 (53)
1064 1919 1181 1977 τοῖς
1212 1921 1479 1989 πονηροῖς
1505 1917 1574 1972 τὰ
1626 1914 1898 1990 βελτίονα,
1943 1914 2035 1972 ἵνα

2144 1938 2300 1987 nem,
2351 1934 2705 1984 sermonem,
2763 1916 3196 1988 cogitationem,
3228 1916 3594 1987 virtutesque
3652 1933 3786 1975 cum

375 2001 440 2057 τὸ
474 2000 640 2078 ῥέπον
669 2004 883 2077 νικήσῃ,
912 2002 1002 2057 καὶ
1036 2004 1171 2076 μετὰ
1196 2008 1292 2057 τοῦ
1340 2003 1594 2067 πλείονος
1638 2007 1673 2074 ἠ
1721 2008 1903 2083 ψῆφος
1942 2007 2028 2081 γέ-

2144 2010 2291 2066 vitiis
2312 2026 2381 2065 ex
2410 2024 2572 2077 sequo
2604 2008 2951 2079 rependens,
2990 2010 3074 2073 ut,
3110 2006 3265 2077 quod
3294 2006 3638 2076 propendet,
3694 2007 3784 2062 vi-

373 2112 554 2163 νηται,
592 2092 711 2165 μεθ’
742 2093 803 2161 ἣν
846 2091 944 2147 οὐκ
971 2090 1171 2171 ἔφεσις,
1198 2092 1260 2148 οὐ
1290 2094 1482 2169 κριτὴς
1516 2091 1878 2170 ὑψηλότερος,
1928 2095 2029 2150 ούκ

373 2179 649 2255 ἀπολογία
697 2178 767 2235 δι’
816 2179 989 2255 ἔργων
1042 2178 1329 2252 δευτέρων,
1377 2182 1477 2236 οὐκ
1503 2178 1684 2237 ἔλαιον
1716 2183 1862 2256 παρὰ
1916 2188 2023 2238 τῶν

374 2270 652 2347 φρονίμων
700 2270 1004 2343 παρθένων,
1052 2270 1088 2338 ἢ
1119 2274 1227 2324 τῶν
1280 2268 1638 2343 πωλούντων,
1686 2277 1805 2335 ταῖς
1851 2271 2027 2328 ἐκλει-

373 2358 599 2421 πούσαις
650 2357 948 2431 λαμπάσιν,
1000 2359 1061 2413 οὐ
1133 2358 1461 2432 μεταμέλεια
1525 2359 1795 2415 πλουσίου
1861 2360 2025 2439 φλογὶ

372 2446 700 2521 τηκομένου,
730 2447 821 2501 καὶ
852 2452 969 2509 τοῖς
1014 2446 1237 2509 οἰκείοις
1282 2447 1665 2517 ἐπιζητοῦντος
1714 2447 2023 2525 διόρθωσιν,

377 2537 437 2594 ού
494 2536 797 2614 προθεσμία
858 2538 1290 2610 μεταποιήσεως.
1349 2536 1496 2593 ἀλλὰ
1548 2538 1640 2593 καὶ
1695 2539 1885 2612 μόνον,
1936 2540 2027 2595 καὶ

374 2624 709 2695 τελευταῖον,
767 2622 857 2680 καὶ
906 2619 1136 2703 φοϐερόν
1186 2625 1249 2680 τὸ
1296 2628 1605 2701 κριτήριον,
1669 2627 1757 2682 καὶ
1821 2626 2025 2683 δίκαιον

374 2713 542 2772 πλέον
573 2715 610 2784 ἢ
643 2712 766 2769 ὅσον
798 2710 1080 2792 ἐπίφοϐον,
1116 2712 1329 2788 μᾶλλον
1362 2712 1420 2770 δὲ
1450 2714 1539 2771 διὰ
1566 2720 1727 2771 τοῦτο
1776 2717 1865 2773 καὶ
1912 2720 2026 2791 (54)

376 2799 772 2883 φοϐερώτερον,
804 2802 890 2858 ὅτι
925 2804 1015 2858 καὶ
1048 2801 1251 2858 δίκαιον
1281 2820 1296 2871 ;
1345 2803 1531 2861 Ἡνίκα
1588 2804 1774 2878 θρόνοι
1832 2806 2026 2882 προτί-

379 2895 577 2966 θενται,
597 2892 688 2948 καὶ
719 2892 959 2955 Παλαιὸς
987 2895 1232 2967 ἡμερῶν,
1258 2894 1659 2969 πρεκαθέζεται,
1692 2894 1781 2950 καὶ
1839 2892 2026 2971 βίϐλοι

379 2980 684 3059 ἀνοίγονται
717 2984 853 3057 (55),
892 2982 983 3037 καὶ
1026 2982 1272 3056 ποταμὸς
1321 2984 1490 3059 πυρὸς
1538 2982 1776 3054 ἓλκεται,
1828 2985 1916 3040 καὶ
1964 2987 2026 3040 τὸ

373 3075 488 3151 φῶς
548 3070 870 3147 ἔμπροσθεν,
928 3071 1018 3126 καὶ
1076 3071 1138 3126 τὸ
1195 3070 1384 3135 σκότος
1452 3075 1879 3146 ἡτοιμασμένονο
1936 3074 2026 3130 καὶ

370 3160 727 3237 πορεύσονται
952 3160 1004 3215 οἱ
1052 3162 1120 3215 τὰ
1190 3161 1362 3237 ἀγαθὰ
1407 3163 1731 3233 ποιήσαντες
1776 3163 1853 3225 εἰς
1902 3163 2026 3218 ἀνά-

374 3270 555 3305 στασιν
601 3254 768 3320 ζῶῆς,
812 3251 913 3319 τῆς
967 3249 1019 3305 ἔν
1067 3252 1289 3324 Χριστῷ
1333 3253 1425 3306 νῦν
1474 3252 1879 3327 κρυπτομένης,
1937 3254 2027 3307 καὶ

373 3338 595 3416 ὕστερον
645 3337 792 3412 αὐτῷ
847 3338 1381 3417 συμφανερουμένηςο
1458 3342 1516 3395 οὶ
1582 3339 1640 3396 δὲ
1707 3342 1775 3397 τὰ
1847 3341 2027 3420 φαῦλα

369 3427 663 3505 πράξαντες
716 3427 792 3491 εἰς
837 3426 1119 3483 ἀνάστασιν
1166 3427 1417 3503 κρίσεως,
1465 3431 1526 3500 ἣν
1570 3428 1679 3501 ἢδη
1732 3430 1878 3508 παρὰ
1929 3436 2026 3487 τοῦ

372 3516 651 3595 κρίνοντος
726 3516 920 3579 αὐτοὺς
987 3516 1156 3594 λόγου
1236 3518 1288 3573 οἱ
1348 3520 1423 3592 μή
1482 3518 1854 3583 πιστεύσαντες
1914 3522 2024 3595 (57)

374 3606 764 3683 κατεκρίθησαν
792 3627 805 3640 ·
873 3607 965 3663 καὶ
1006 3606 1136 3671 τοὺς
1187 3609 1280 3681 μὶν
1329 3608 1391 3663 τὸ
1436 3605 1705 3689 ἄφραστον
1754 3614 1866 3688 φῶς
1916 3607 2027 3665 δια-

374 3694 579 3767 δέξεται
611 3698 744 3769 (58),
788 3694 876 3751 καὶ
916 3697 951 3766 ἡ
1012 3702 1109 3767 τῆς
1159 3696 1311 3773 ἁγίας
1351 3696 1441 3752 καὶ
1494 3698 1781 3774 βασιλικῆς
1828 3699 2026 3776 θεωρία

372 3783 607 3862 Τριάδος
639 3783 1039 3860 ἐλλαμπούσης
1075 3787 1411 3864 τρανώτερόν
1459 3808 1518 3843 τε
1571 3788 1660 3843 καὶ
1716 3790 2020 3865 καθαρώτε-

374 3894 488 3951 ρον,
520 3875 611 3930 καὶ
642 3873 779 3944 ὅλης
827 3874 944 3949 ὃλῳ
991 3872 1079 3930 νοΐ
1130 3876 1489 3952 μιγνυμένης,
1539 3879 1599 3945 ἣν
1631 3874 1696 3947 δὴ
1729 3878 1817 3932 καὶ
1850 3877 2022 3950 μόνην

374 3961 611 4037 μάλιστα
646 3962 922 4039 βασιλείαν
969 3962 1212 4041 οὐρανῶν
1251 3963 1364 4040 ἐγὼ
1392 3965 1605 4039 τίθεμαι
1631 3984 1644 3997 '
1675 3971 1794 4028 τοῖς
1822 3969 1933 4040 (59)
1967 3965 2023 4022 δὲ

376 4053 510 4125 μετὰ
536 4056 643 4107 τῶν
676 4049 861 4108 ἄλλων
900 4051 1155 4129 βάσανος,
1186 4052 1397 4127 μᾶλλον
1433 4052 1490 4109 δὲ
1519 4053 1626 4130 πρὸ
1653 4058 1760 4109 τῶν
1810 4052 2019 4125 ἄλλων,

368 4142 432 4197 τὸ
462 4140 784 4220 ἆπεῤῥίφθαι
833 4146 987 4216 Θεοῦ,
1035 4142 1126 4197 καὶ
1167 4144 1203 4212 ἡ
1254 4142 1304 4197 ἰν
1362 4148 1441 4215 τῷ
1491 4140 1757 4198 συνειδότι
1785 4142 2016 4218 αἰσχύνη

370 4232 539 4306 πέρας
572 4230 671 4285 οὐκ
700 4229 922 4306 ἔχουσα.
954 4230 1054 4287 Καὶ
1086 4236 1254 4288 ταῦτα
1286 4233 1381 4306 μὶν
1410 4231 1652 4309 ὕστερον.

2136 2100 2379 2157 ctoriam
2413 2098 2695 2165 obtineat,
2724 2100 2900 2168 atque
2930 2096 3001 2152 ab
3033 2094 3313 2167 ampliore
3351 2100 3517 2166 parte
3548 2100 3781 2151 senten-

2134 2189 2217 2244 tia
2247 2191 2377 2253 stet,
2413 2190 2545 2258 post
2576 2203 2755 2257 quam
2797 2202 2912 2240 non
2947 2186 3075 2255 jam
3109 2186 3436 2254 provocatio
3492 2190 3780 2258 superest,

2136 2294 2254 2332 non
2284 2274 2810 2344 sublimiorjudex,
2845 2290 2960 2329 non
2984 2273 3099 2328 alia
3128 2288 3324 2345 opera,
3349 2290 3452 2347 per
3481 2291 3606 2345 quas
3630 2274 3784 2346 quis-

2137 2366 2295 2437 piam
2323 2380 2555 2437 pmnam
2588 2364 2950 2434 deprecetur,
2987 2378 3124 2431 non,
3174 2362 3580 2418 deﬁcientibus
3638 2362 3783 2419 lam-

2136 2455 2408 2526 padibus,
2468 2453 2686 2521 oleum,
2718 2470 2749 2508 a
2780 2451 3169 2523 prudentibus
3216 2451 3565 2524 virginibus,
3598 2456 3699 2507 aut
3754 2471 3787 2507 a

2134 2542 2522 2599 vendentibus
2553 2546 2857 2613 acceptum
2878 2542 2942 2611 ν’,
2968 2558 3084 2595 non
3108 2540 3306 2596 divitis
3330 2540 3490 2596 illius
3504 2543 3787 2613 paeniten-

2134 2632 2237 2703 tia,
2262 2632 2511 2687 ﬂammae
2544 2630 2805 2687 cruciatu
2836 2629 3217 2701 liquescentis
3248 2630 3313 2700 ³⁸,
3345 2646 3411 2686 ao
3441 2631 3789 2703 propinquis

2138 2722 2261 2777 suis
2290 2722 2706 2777 correctionem
2736 2719 3109 2791 requirentis,
3144 2735 3259 2774 non
3292 2720 3544 2791 denique
3560 2721 3758 2791 praesti

2138 2815 2333 2867 tutum
2357 2811 2488 2866 vita;
2516 2810 2575 2865 in
2608 2809 2822 2865 melius
2853 2809 3277 2865 commutanda:
3308 2813 3542 2880 tempus
3568 2827 3581 2877 ;
3608 2811 3708 2866 sed
3732 2815 3789 2866 et

2136 2900 2353 2968 solum,
2382 2904 2441 2955 et
2463 2903 2848 2971 postremum,
2884 2916 2949 2953 ac
2980 2897 3349 2953 formidabile
3391 2897 3536 2953 illud
3594 2899 3786 2955 tribu-

2136 2989 2233 3045 nal
2254 2989 2383 3057 erit,
2408 2988 2714 3061 magisque
2734 2987 3153 3057 etiamjustum
3175 3003 3353 3058 quam
3375 2987 3747 3044 formidabile
3770 3007 3782 3057 ;

2138 3078 2276 3146 imo,
2308 3082 2374 3133 ut
2408 3077 2623 3133 rectius
2652 3078 2864 3144 dicam,
2898 3076 3114 3132 idcirco
3145 3075 3597 3146 formidabilius,
3649 3078 3787 3150 quia

2135 3169 2361 3239 iustum
2385 3167 2411 3222 ’Β
2439 3169 2561 3232 Quo
2592 3166 2830 3238 quidem
2854 3170 3114 3237 tempore
3146 3165 3340 3221 throni
3362 3171 3783 3238 proponentur,

2136 3261 2193 3313 et
2223 3256 2513 3326 Antiquus
2544 3256 2770 3311 dierum
2794 3253 3039 3324 sedebit,
3088 3257 3143 3310 et
3179 3253 3313 3310 libri
3344 3255 3697 3327 aperientur,
3731 3261 3788 3313 et

2138 3344 2292 3399 806
2322 3344 2531 3415 igneus
2562 3343 2773 3399 fluvius
2816 3341 3099 3408 volvetur,
3154 3346 3211 3397 et
3243 3341 3345 3398 lux
3391 3359 3425 3398 a
3471 3343 3682 3415 fronte,
3733 3350 3788 3400 et

2139 3436 2353 3506 paratas
2382 3433 2635 3489 tenebrae
2657 3433 2701 3467 ³⁸
2725 3449 2739 3487 :
2764 3448 2831 3488 ac
2864 3432 3296 3504 procedentqui
3317 3433 3471 3488 bona
3499 3434 3786 3501 fecerunt,

2134 3523 2192 3578 in
2224 3523 2708 3579 resurrectionem
2737 3521 2866 3577 vitae
2897 3523 2963 3588 ’⁸,
2995 3538 3151 3577 nunc
3185 3521 3422 3594 quidem
3452 3522 3511 3577 in
3556 3522 3785 3579 Christo

2134 3611 2487 3667 absconditae
2516 3612 2580 3679 ’⁷,
2614 3626 2814 3665 verum
2842 3612 3043 3681 postea
3070 3610 3249 3666 simul
3282 3627 3416 3667 cum
3436 3611 3564 3681 ipso
3598 3611 3784 3667 mani-

2134 3701 2412 3756 festandaz
2440 3716 2452 3755 :
2476 3700 2578 3771 qui
2600 3704 2796 3755 autem
2830 3698 2983 3754 mala
3031 3703 3277 3767 egerunt
3316 3700 3376 3753 in
3408 3699 3783 3754 resurrectio-

2134 3806 2267 3845 nem
2291 3789 2596 3860 judicii”,
2630 3805 2744 3859 quo
2794 3788 2969 3843 etiam
3021 3787 3061 3841 ii
3106 3788 3206 3858 qui
3268 3804 3382 3842 non
3430 3788 3696 3855 credunt,
3748 3806 3782 3844 θ.

2129 3879 2303 3935 verbo
2334 3895 2433 3933 eos
2456 3877 2762 3947 judicante
2806 3878 2929 3947 jam
2962 3876 3333 3932 condemnati
3365 3880 3500 3931 sunt
3530 3892 3542 3929 :
3606 3881 3780 3948 atque

2131 3967 2263 4023 illos
2294 3968 2531 4038 quidem
2562 3966 2662 4021 lux
2692 3966 2851 4020 omni
2886 3981 3152 4021 sermone
3208 3964 3575 4034 praestantior
3630 3966 3780 4021 exci-

2132 4058 2267 4130 piet,
2296 4062 2353 4113 et
2383 4060 2597 4112 sancta
2656 4055 2944 4127 regiaeque
2989 4054 3293 4109 Trinitatis
3323 4054 3528 4125 purius
3554 4054 3678 4124 jam
3726 4059 3783 4111 et

2129 4145 2348 4203 clarius
2380 4143 2795 4208 illuminantis,
2827 4147 3127 4214 totamque
3159 4158 3221 4198 se
3237 4158 3385 4216 .cum
3437 4146 3558 4198 tota
3588 4146 3782 4198 mente

2136 4234 2461 4299 miscentis,
2491 4231 2925 4305 contemplatio,
2960 4231 3021 4286 in
3065 4247 3179 4302 qua
3209 4246 3336 4302 ego,
3366 4230 3453 4286 vel
3485 4231 3610 4287 sola
3638 4247 3781 4303 prae-

371 4322 563 4395 cipue,
594 4338 841 4395 regnum
868 4322 1144 4380 cmlornm
1168 4323 1423 4396 positum
1450 4341 1610 4381 essse
1638 4340 1881 4388 censeo;
1916 4324 2023 4381 hos
2049 4327 2269 4389 autem,
2301 4322 2481 4378 simul
2512 4338 2647 4377 cum
2708 4321 2861 4391 aliis,
2893 4319 2983 4375 vel
3023 4320 3219 4392 potius
3268 4324 3403 4375 ante
3458 4320 3592 4390 alia,
3626 4320 3783 4376 istud

372 4410 757 4479 excruciabit,
789 4412 944 4483 quod
978 4429 1011 4468 a
1041 4414 1155 4469 Deo
1186 4414 1428 4485 projecti
1460 4414 1601 4485 sint,
1632 4419 1810 4487 atque
1839 4413 2101 4471 inustam
2124 4412 2184 4468 in
2206 4411 2564 4469 conscientia
2584 4410 2953 4482 sempiternae
2981 4408 3312 4481 ignominiae
3338 4412 3537 4465 notam
3555 4414 3782 4482 gerant.

371 4504 592 4558 Verum
622 4501 743 4558 hac
772 4502 1085 4574 posterius.

440 4589 498 4646 Γ.
531 4592 636 4644 Νῦν
670 4585 728 4645 δὲ
754 4587 806 4643 τί
849 4591 1175 4664 ποιήσωμεν
1233 4592 1366 4665 (60),
1414 4588 1663 4669 ἀδελφοὶ,
1714 4609 2024 4666 συντετριμ-

377 4674 553 4750 μένοι,
604 4676 697 4732 καὶ
738 4679 1222 4753 τεταπεινωμένοι,
1266 4679 1357 4734 καὶ
1416 4678 1724 4753 μεθύοντες,
1782 4678 1882 4733 ούκ
1916 4677 2022 4733 ἀπὸ

371 4765 577 4841 σίκερα,
610 4763 734 4822 ούδδ
760 4767 869 4823 ἀπὸ
927 4764 1097 4842 οἷ’νου,
1144 4774 1243 4824 τοῦ
1294 4769 1431 4846 πρὸς
1480 4767 1668 4847 ὀλίγον
1698 4768 2023 4831 σαλεύοντος

370 4853 463 4910 καὶ
494 4854 862 4929 σκοτίζοντος,
894 4858 1023 4913 ἀλλ’
1077 4857 1184 4914 ἀπὸ
1231 4864 1332 4929 τῆς
1388 4858 1612 4936 πληγῆς
1667 4862 1729 4930 ἣν
1778 4858 2023 4935 ἐπήγαγε

2202 4595 2265 4647 Χ.
2300 4591 2467 4647 Nunc
2497 4592 2691 4646 autem
2724 4588 2866 4661 quid
2896 4588 3199 4657 faciemus,
3234 4588 3461 4656 fratres,
3522 4588 3778 4657 contriti,

2130 4684 2189 4737 et
2216 4679 2532 4749 humiliati,
2600 4682 2657 4735 et
2700 4678 2867 4746 ebrii,
2905 4693 3020 4735 non
3045 4694 3079 4733 a
3106 4678 3313 4745 sicera,
3347 4693 3453 4734 nec
3484 4694 3519 4733 a
3547 4678 3682 4733 vino
3713 4679 3777 4747 ’9,

2132 4770 2291 4843 quod
2322 4770 2392 4825 ad
2425 4770 2598 4825 breve
2625 4773 2862 4841 tempus
2892 4768 3159 4824 animum
3190 4766 3391 4839 agitat,
3424 4766 3596 4841 eique
3626 4771 3781 4824 tene-

2130 4859 2269 4916 bras
2298 4858 2564 4927 offundit,
2599 4858 2699 4914 sed
2724 4874 2759 4913 a
2778 4856 3166 4930 plaga,quam
3197 4856 3483 4913 Dominus
3516 4855 3737 4914 invexit
3764 4873 3778 4925 ;

443 5049 513 5133 ’1
737 5067 887 5124 xm,
917 5052 1040 5133 211A
1063 5054 1109 5091 ³⁸
1134 5054 1337 5133 ἕδραι.
1368 5072 1496 5126 xxv,
1518 5055 1553 5111 8
1583 5072 1714 5133 sqq.
1790 5057 1836 5092 ²⁴
1860 5055 1993 5114 Luc.
2024 5069 2140 5133 XVI,
2160 5061 2252 5119 24.
2331 5062 2376 5097 ³⁵
2406 5061 2550 5119 Dan.
2572 5078 2674 5131 vn,
2698 5063 2733 5117 9
2762 5077 2893 5133 sqq.
2971 5061 3013 5096 ³⁸
3034 5061 3201 5118 Joan.
3234 5077 3288 5132 v,
3316 5060 3406 5118 29.
3484 5060 3529 5097 ³⁷
3560 5060 3780 5120 Coloss.

373 5136 459 5191 In,
479 5120 534 5179 3.
612 5124 659 5160 ³³
686 5125 851 5183 Joan.
871 5120 943 5195 'v,
973 5126 1065 5184 29.
1141 5127 1188 5165 ³⁸
1217 5128 1329 5186 Isa.
1359 5120 1551 5202 xxxix,
1579 5123 1635 5185 9.

634 5412 898 5494 ivx-opst,
928 5412 1038 5475 ét'c.
1066 5412 1223 5474 Pass.
1239 5461 1254 5485 ,
1278 5412 1587 5494 statq'iov'ca;
1610 5414 1776 5471 εἷπεῖν
1792 5412 2013 5494 ἔχομεν.

577 5486 1020 5563 Ἀντ-ἰσ-ηκοῦσαν.
1055 5493 1322 5563 Montem,
1364 5486 1799 5563 ἀντεισάγουσαν.

462 5558 556 5626 54)
611 5557 907 5616 Kal.Deest
932 5560 992 5616 in

464 5630 555 5683 55l
604 5629 961 5683 ’Δνοίγονται-

464 5630 558 5774 Ξ)

1062 5560 1314 5616 luribus.

604 5629 961 5727 ἓνοίγονται.
992 5627 1267 5727 Μὲρῑξο.,
1329 5627 1713 5727 διανοίγονταῖξ.

501 5341 553 5416 1)
583 5340 813 5417 Δπάγει.
845 5343 1025 5418 ngg.
1051 5361 1106 5412 a,
1150 5360 1202 5414 ο,
1246 5346 1369 5411 bm,
1411 5345 1509 5417 ph,
1542 5344 1639 5402 Or.
1699 5347 1755 5413 2,
1815 5345 2015 5424 ἀπάγῃ.

462 5414 555 5485 52)
583 5412 898 5489 Πάσχομεν,
928 5422 1038 5475 etc.
1066 5417 1254 5485 Pass.,
1278 5416 1587 5491 πάσχοντας
1610 5414 1776 5471 εἷπεῖν
1792 5416 2013 5494 ἔχομεν.

460 5486 554 5557 53)
577 5490 1020 5555 Ἀντιο-ηκοῦσαν.
1055 5493 1322 5557 Montac.,
1364 5487 1799 5563 ἀντεισάγουσαν.

462 5558 556 5626 54)
611 5557 907 5616 Kal.Deest
932 5560 992 5616 in
1062 5560 1314 5616 luribus.

464 5630 558 5774 55)
604 5629 961 5727 ’Δνοίγονται.
992 5578 1267 5716 ligentes"
1329 5627 1713 5705 διανοίγονται.

464 5700 535 5758 56
597 5705 983 5774 Πορευσονται.
1040 5706 1136 5767 Slo
1161 5708 1342 5774 Regg.
1373 5721 1429 5774 ι,
1486 5713 1607 5764 bm.
1657 5706 1810 5767 Editi
1862 5724 2015 5774 vero,

597 5704 983 5780 Πορεύσονται.
1040 5704 1136 5767 Sio
1161 5708 1342 5780 Roga.
1373 5721 1429 5779 ι,
1486 5704 1607 5764 bm.
1657 5706 1810 5767 Editi
1862 5724 2017 5780 vero,

2124 5371 2194 5406 πο
2236 5370 2466 5408 ευονται.

2219 5426 2308 5495 57)
2342 5423 2742 5485 Πιστεύσαντες.
2779 5425 2938 5497 Regg

2196 5370 2310 5567 {58)
2369 5493 2691 5566 Διαδέξεται.
2746 5497 2840 5552 Sic
2897 5499 2927 5552 d

2236 5371 2466 5408 ευονται.

2236 5426 2308 5494 57)
2342 5423 2742 5494 Πιστεύσαντες.
2779 5425 2956 5494 Regg.
2993 5439 3041 5494 c,
3068 5420 3575 5493 ph,matséoowsc.

2369 5484 2840 5566 Διαδέξεταιξὸἱθ
2862 5484 3238 5568 υδιιοἨθὲε.
3297 5499 3361 5550 In
3420 5496 3536 5566 ed.,
3604 5484 3776 5545 διαδε-

2129 5585 2305 5641 χεται.
2790 5637 2800 5641 _
3706 5624 3719 5637 .
3748 5612 3751 5613 ν

2203 5641 2314 5711 (59)
2344 5643 2486 5701 Τοῖς.
2529 5645 2685 5711 Bas.,
2706 5637 2855 5700 τούς.

2203 5642 2294 5709 (59
2344 5643 2486 5701 Τοῖς.
2529 5641 2855 5711 Βαε.,τούς.

2201 5641 2314 5786 (60)
2344 5713 2692 5787 Ποιήσωμεν.
2722 5712 2863 5785 Reg.
2898 5710 2997 5785 ph.
3028 5709 3353 5783 ποιήσομεν.
