4138 6212
0 1936 5 1947 ι

0 1972 9 2027 Ξ

0 2042 7 2057 Ι

0 2068 9 2123 5

4 2134 9 2147 ι

405 421 521 482 94⁸7
1615 415 1680 476 S.
1728 416 2097 477 GREGORII
2141 416 2555 478 THEOLOGI.
3691 421 3814 484 948

406 553 526 619 ille,
558 553 822 625 inquam,
875 550 977 622 qui
1006 550 1172 606 dicit:
1215 554 1280 605 Et
1308 554 1393 617 tu,
1427 566 1544 619 cor,
1570 564 1798 605 movere
1814 566 1880 605 ac
1904 548 2041 604 titu-

2158 546 2379 621 Κύριος,
2412 549 2439 601 ὁ
2471 545 2670 625 λέγων.
2728 549 2825 605 Καὶ
2875 550 2959 618 σὺ,
3010 548 3223 624 καρδία,
3283 550 3517 624 σείσθητι
3577 552 3666 606 καὶ
3718 575 3814 607 σα-

408 642 483 698 ba
511 642 593 710 ³ος
646 640 863 713 quique
894 640 1160 695 maeroris
1208 646 1266 695 et
1313 639 1783 712 compunctionis
1841 639 2051 711 spiritu

409 734 837 801 contemptores
868 732 1028 799 potat
1044 730 1117 794 3‘;
1152 729 1223 785 ad
1264 746 1411 798 quos
1442 729 1614 784 etiam
1646 728 1861 784 dicitur
1892 746 1903 784 :
1968 730 2053 784 Vi-

2165 636 2410 708 λεύθητι·
2468 638 2557 693 καὶ
2614 638 2847 708 ποτίζων
2920 639 3047 701 τοὺς
3120 639 3524 719 καταφρονητᾶις
3601 647 3817 715 πνεῦμα

2164 726 2339 792 λύπης
2369 727 2456 781 καὶ
2487 728 2841 799 κατανύξεωςο
2874 727 3011 804 πρὸς
3045 728 3141 790 οὓς
3192 730 3281 783 καί
3329 729 3566 805 λέγεται·
3619 729 3813 806 Ἴδετε,

404 819 542 886 dete,
586 822 993 889 contemptores,
1050 820 1099 874 et
1154 820 1402 890 aspicite,
1462 826 1513 873 et
1567 818 1946 888 admiramim‘,
2004 834 2041 873 et

2165 816 2215 869 oi
2298 817 2722 894 καταφρονηταὶ,
2813 818 2902 872 καὶ
3002 813 3350 891 ἐπιϐλέψατε,
3432 818 3522 873 καὶ
3603 820 3813 893 θαυμά-

406 907 859 978 disperdz’mini”
880 907 906 961 ?
938 910 1199 973 Quonam
1230 909 1401 964 modo
1434 909 1560 978 ejus
1614 907 2052 979 redargutiones

2162 924 2286 959 σατε
2314 907 2446 979 (61),
2478 907 2567 960 καὶ
2620 905 2984 984 ἀφανίσθητε;
3036 911 3157 969 Πῶς
3203 904 3422 980 θ’ίσομεν
3474 908 3638 962 αύυοῦ
3683 908 3815 972 τοὺς

404 996 705 1053 feremus?
734 1000 850 1051 Aut
879 996 1019 1067 quid
1053 996 1317 1068 responsi
1347 997 1643 1063 dabimus,
1670 1013 1802 1052 cum
1846 1002 2041 1068 praeter

2161 991 2470 1069 ἐλεγμούς,
2620 995 2733 1049 τίνα
2780 993 3025 1069 δώσομεν
3074 997 3169 1064 τὴν
3217 995 3523 1071 ἀπόκρισιν,
3564 996 3688 1051 ὅταν
3724 996 3814 1052 ἐπὶ

403 1086 822 1142 beneﬁciorum
855 1084 1312 1153 multitudinem,
1354 1085 1568 1157 quibus
1629 1085 1903 1156 acceptis,
1955 1085 2049 1139 in-

404 1175 556 1248 grati
587 1176 1043 1246 permansimus,
1093 1175 1293 1247 plagas
1351 1175 1529 1230 etiam
1586 1174 1828 1245 insuper
1882 1174 2052 1229 nobis

402 1266 613 1338 probro
644 1268 846 1331 vertet,
880 1280 945 1318 ac
976 1264 1274 1319 medicinae
1323 1280 1553 1334 genera,
1588 1264 1804 1334 quibus
1860 1263 2051 1318 sanati

403 1370 521 1409 non
554 1346 782 1423 sumus,
816 1352 1141 1409 recensebit
1160 1351 1188 1406 ‘I
1214 1356 1405 1423 Atque
1438 1368 1545 1407 nos
1575 1352 1812 1423 quidem
1827 1350 2048 1423 prolem

401 1459 640 1509 vocans,
676 1458 881 1499 verum
912 1441 1240 1512 improbam
1271 1442 1337 1509 ⁸³,
1369 1445 1425 1497 et
1455 1440 1604 1496 ﬁlios
1635 1440 1890 1512 quidem,
1950 1441 2051 1496 sed

403 1531 625 1590 alienos
652 1532 717 1599 ³⁴,
750 1536 807 1587 et
838 1548 872 1586 a
912 1530 1140 1587 semitis
1199 1531 1411 1586 nostris
1470 1531 1540 1585 ob
1593 1546 1888 1585 summam
1945 1531 2047 1585 vias

403 1619 808 1677 difﬁcultatem
838 1622 896 1673 et
924 1618 1302 1690 asperitatem
1332 1616 1753 1682 claudicantes,
1786 1615 1868 1672 sic
1898 1616 2046 1672 allo-

404 1713 652 1781 quetur:
714 1710 977 1774 Quonam
1019 1708 1212 1776 modo,
1272 1712 1328 1762 et
1357 1722 1612 1778 quanam
1670 1706 1915 1776 ratione,
1949 1722 2048 1761 vos

402 1797 963 1868 erudirioportebat,
986 1814 1103 1869 qua
1133 1813 1249 1852 non
1279 1796 1592 1852 erudierim
1615 1795 1641 1851 ‘I
1661 1797 1747 1850 An
1769 1812 1872 1866 per
1900 1794 2046 1851 mol-

403 1889 550 1945 liora
578 1886 1007 1943 medicamenta
1025 1885 1053 1940 ?
1081 1888 1153 1941 At
1181 1901 1250 1941 ea
1278 1884 1886 1957 adhibui.zEgyptium
1910 1901 2045 1941 san-

401 1977 640 2051 guinem
688 1976 753 2042 3‘,
806 1974 904 2046 qni
933 1991 1001 2029 ex
1031 1974 1311 2042 fontibus,
1343 1978 1400 2030 et
1430 1973 1642 2042 ﬂuviis,
1676 1978 1736 2029 et
1762 1991 1831 2029 ex
1887 1973 2047 2029 omni

402 2082 691 2138 aquarum
725 2063 1059 2120 collectione
1109 2063 1441 2131 bibebatur,
1484 2063 1593 2119 hoc
1653 2066 1759 2133 est,
1795 2064 2045 2135 primam

400 2153 658 2228 plagam,
692 2153 1000 2226 praterivi.
1048 2153 1240 2209 Ranas
1294 2152 1489 2223 etiam,
1522 2157 1579 2208 et
1635 2151 1921 2223 ciniphes,
1979 2169 2045 2207 ac

400 2243 773 2315 ccsnomyias,
792 2260 917 2314 quae
939 2243 1214 2314 deinceps
1237 2242 1652 2313 sequebantur,
1676 2240 2042 2313 praetermisi.

397 2332 445 2388 Α
470 2332 694 2404 quinta,
740 2331 799 2387 id
830 2335 940 2400 est,
977 2349 1011 2387 a
1034 2332 1340 2402 jumentis,
1375 2334 1431 2387 et
1464 2330 1671 2397 bobus,
1732 2334 1786 2385 et
1838 2329 2043 2385 ovibus

396 2421 652 2493 incmpi;
697 2437 763 2476 ac
819 2420 1044 2476 ratione
1100 2419 1358 2492 praeditis
1417 2418 1607 2474 adhuc
1658 2436 1923 2490 parcens,
1983 2418 2041 2473 in

397 2510 573 2566 bruta
601 2510 727 2566 sola
757 2509 1045 2582 impetum
1103 2508 1228 2563 feci.
1288 2508 1403 2563 Vos
1460 2524 1589 2563 eam
1649 2507 2041 2562 calamitatem

399 2596 545 2653 nihil
576 2596 826 2652 curastis
852 2614 865 2663 ;
890 2611 1091 2651 verum
1110 2594 1182 2651 iis
1208 2594 1407 2665 etiam,
1431 2612 1557 2666 quae
1581 2610 1860 2666 percussa
1881 2599 2038 2662 sunt,

398 2685 729 2743 stolidiores
760 2688 933 2755 atque
964 2702 997 2740 a
1027 2685 1250 2740 ratione
1276 2682 1584 2741 alieniores
1604 2700 1704 2739 vos
1734 2684 1863 2755 ipso
1896 2682 2041 2737 mihi

394 2774 749 2848 praebuistis.
809 2775 1064 2829 Pluviam
1107 2790 1142 2829 a
1188 2773 1337 2829 vobis
1392 2772 1687 2844 suspendi:
1743 2789 1875 2844 pars
1930 2789 2043 2828 una

393 2863 673 2935 compluta
702 2866 781 2918 est
812 2880 824 2918 :
856 2878 987 2934 per:
1017 2866 1202 2919 autem
1238 2878 1323 2932 ea,
1371 2878 1464 2917 cut
1519 2863 1768 2932 pluviam
1823 2864 2038 2934 negavi,

391 2952 613 3009 exaruit
671 2952 752 3019 3°;
812 2970 877 3007 ac
935 2951 1166 3007 dixistis
1219 2951 1487 3007 Fortiter:
1521 2968 1618 3008 nos
1672 2967 1924 3023 geremus
1973 2952 2037 3007 ³⁷.

390 3044 752 3101 Grandinem
784 3044 949 3100 vobis
978 3043 1221 3111 immisi,
1253 3045 1404 3099 307
1441 3043 1731 3100 contraria
1777 3043 2042 3100 videlicet

2158 1088 2236 1154 τῷ
2265 1083 2467 1154 πλήθει
2493 1089 2601 1140 τῶν
2644 1083 2986 1160 εὐεργεσιῶν,
3035 1084 3113 1162 ἐφ’
3163 1087 3247 1146 αἶς
3298 1084 3585 1160 ἀχάριστοι
3643 1108 3812 1159 μεμε-

2158 1175 2418 1246 νήκαμεν,
2478 1170 2554 1228 ἔτι
2613 1174 2701 1228 καὶ
2757 1176 2850 1235 τὰς
2905 1172 3120 1249 πληγὰς
3194 1176 3326 1247 ἡμῖν
3402 1172 3655 1248 ὀνειδίζῃ,
3715 1178 3810 1231 καὶ

2160 1262 2533 1337 ἀπαριθμῆται
2582 1264 2680 1331 τὴν
2734 1262 2988 1337 ἰατρείαν,
3038 1262 3086 1335 ἐξ
3139 1265 3203 1332 ἧς
3246 1262 3307 1318 οὗ
3334 1264 3811 1339 τεθεραπεύμεθα;

2159 1349 2256 1404 Καὶ
2286 1350 2443 1405 τέκνα
2477 1351 2593 1424 μὶν,
2627 1350 2772 1406 ἀλλὰ
2804 1353 3044 1424 μωμητά
3085 1349 3268 1406 καλῶν
3318 1351 3473 1425 λέγῃ,
3518 1354 3607 1406 καὶ
3659 1352 3814 1415 υἱοὺς

2162 1440 2279 1513 μὶν,
2309 1439 2437 1495 ἀλλ’
2467 1439 2793 1516 ἀλλοτρίους
2823 1440 2913 1496 καὶ
2946 1438 3296 1515 χωλάναντας
3330 1441 3434 1496 ἀπὸ
3464 1445 3569 1496 τῶν
3602 1436 3809 1515 τρίϐων

2157 1528 2330 1583 αὐτῶν
2367 1531 2474 1603 (62)
2502 1527 2571 1584 δι’
2600 1527 2815 1585 ἀνοδίαν
2848 1550 2905 1584 τε
2945 1529 3035 1583 καὶ
3088 1529 3425 1605 τραχύτηταο
3486 1534 3611 1593 Πῶς
3670 1527 3806 1603 ἔδει,

2156 1618 2244 1672 καὶ
2291 1618 2451 1673 πόθεν
2509 1619 2647 1692 ὑμᾶς
2703 1616 3080 1689 παιδευθῆναι,
3139 1619 3227 1673 καὶ
3299 1619 3361 1673 ού
3436 1617 3811 1689 πεπαίδευκα;

2157 1708 2235 1760 Δι’
2288 1706 2655 1784 ἀπαλωτὲρων
2713 1707 3047 1785 φαρμάκων;
3107 1708 3402 1783 ἐπήγαγον.
3462 1714 3689 1783 Παρῆκα
3749 1710 3811 1764 τὸ

2153 1795 2448 1873 Αἰγύπτιον
2501 1798 2635 1870 αἷμα
2691 1797 2981 1871 πινόμενον
3043 1796 3103 1852 ἐκ
3155 1800 3344 1871 πηγῶν
3394 1798 3485 1851 καὶ
3546 1802 3814 1870 ποταμῶν

2154 1884 2242 1940 καὶ
2290 1882 2468 1956 πάσης
2513 1893 2831 1963 συναγωγῆς
2881 1883 3098 1952 ὕδατος,
3142 1887 3238 1955 τὴν
3282 1886 3503 1960 πρώτην
3554 1884 3805 1963 πληγήν.

2156 1973 2447 2051 Παρῆλθον
2477 1975 2603 2037 τοὺς
2636 1976 2964 2052 βατράχους,
2996 1976 3086 2029 καὶ
3131 1975 3222 2029 τὸν
3271 1980 3466 2029 σκνῖπα
3522 1977 3656 2048 (63),
3715 1975 3808 2029 καὶ

2153 2065 2252 2133 τήν
2303 2063 2618 2137 κυνόμυιαν,
2664 2063 2760 2126 τὰς
2811 2062 2932 2134 ἐξῆς
2986 2061 3249 2139 μάστιγας
3300 2065 3431 2137 (64)
3464 2063 3569 2118 ἀπὸ
3603 2062 3662 2118 δὲ
3692 2068 3806 2119 τῶν

2153 2157 2383 2223 κτηνῶν,
2416 2152 2504 2208 καὶ
2535 2156 2640 2208 τῶν
2679 2153 2845 2228 βοῶν,
2893 2153 2983 2207 καὶ
3029 2156 3136 2207 τῶν
3190 2146 3476 2225 προϐάτων
3527 2153 3811 2228 ἠρξάμην,

2151 2244 2251 2310 τῆς
2281 2240 2535 2314 πέμπτης
2564 2241 2810 2316 πληγῆς,
2844 2241 2933 2297 καὶ
2962 2245 3079 2303 τοῖς
3119 2239 3338 2317 ὁλόγοις
3391 2240 3677 2314 ἆνὲσκηψα,
3728 2240 3811 2297 ἔτι

2151 2335 2258 2385 τῶν
2293 2329 2526 2407 λογικῶν
2558 2328 2895 2409 φειδόμενος.
2930 2328 3099 2388 Οὐδὲν
3128 2330 3261 2405 πρὸς
3308 2330 3443 2403 ὑμᾶς
3491 2332 3527 2399 ἡ
3562 2331 3810 2406 θραῦσις·

2153 2419 2299 2475 ἀλλὰ
2327 2419 2581 2497 γεγόνοιτὲ
2632 2441 2723 2493 μοι
2770 2421 2861 2475 καὶ
2906 2424 3015 2475 τῶν
3065 2416 3386 2495 πληγέντων
3440 2418 3817 2495 ἀλογώτερὸι,

2151 2509 2239 2563 καὶ
2288 2508 2748 2583 ἀπαιδευτότεροι.
2809 2508 3062 2585 Ἀνέσχον
3143 2509 3194 2579 ἐξ
3273 2509 3424 2583 ὑμῶν
3476 2509 3568 2562 τὸν
3631 2509 3809 2563 ὑετόν·

2155 2598 2309 2671 μερὶς
2375 2598 2468 2671 μία
2525 2594 2757 2675 ἐϐράχη’
2819 2598 2907 2652 καὶ
2969 2597 3121 2673 μερὶς
3179 2596 3261 2676 ἐφ’
3315 2599 3377 2667 ἢν
3440 2595 3540 2652 οὐκ
3598 2592 3812 2670 ἔϐρεξα,

2152 2686 2435 2761 ἐξηράνθη⁸
2512 2687 2603 2742 καὶ
2700 2684 2902 2743 εἷ’πατε.
2993 2684 3399 2762 ’Δνδριούμεθα.
3498 2687 3812 2761 Ἐπήγαγον

2153 2776 2277 2849 ὑμῖν
2338 2774 2605 2851 χάλαζαν,
2661 2779 2728 2849 τῇ
2814 2774 3025 2847 ἐναντίᾳ
3251 2773 3444 2850 πληγῇ
3502 2772 3809 2846 παιδεύων,

2152 2862 2479 2937 ἀμπελῶνας
2532 2864 2681 2937 ὑμῶν
2730 2862 2819 2919 καὶ
2870 2861 3151 2940 δρυμῶνας
3200 2863 3289 2918 καὶ
3328 2866 3633 2939 γεννήματα

2153 2953 2303 3025 ὑμῶν
2382 2951 2662 3028 ἦξεθέρισα·
2740 2954 2829 3007 καὶ
2902 2955 3001 3023 τὴν
3077 2951 3263 3007 κακίαν
3345 2953 3494 3025 ὑμῶν
3550 2952 3612 3007 οὑ
3681 2974 3812 3007 συν-

2151 3041 2360 3116 ἑτριψα.

389 3135 563 3207 plaga
595 3151 695 3190 vos
717 3135 1035 3207 castigans,
1054 3134 1253 3190 vineas
1274 3139 1514 3205 vestras,
1542 3139 1755 3190 truteta
1770 3134 2102 3206 etgermina
2122 3132 2418 3190 demessui
2444 3151 2458 3201 ;
2483 3148 2587 3188 nec
2616 3135 2810 3188 tamen
2838 3131 3271 3204 improbitatem
3291 3135 3547 3187 vestram
3570 3130 3809 3186 obtrivi.

454 3224 703 3289 XI.Quin
747 3226 925 3280 etiam
984 3226 1055 3280 ad
1116 3241 1211 3280 me
1258 3241 1511 3296 quoque,
1563 3223 1663 3296 qui
1718 3241 1790 3279 ne
1848 3224 2033 3296 plagis

2217 3224 2320 3279 IA'.
2389 3222 2641 3276 Γινώσκω
2701 3222 2832 3295 (67),
2891 3219 2974 3275 ὅτι
3034 3218 3275 3295 σκληρὸς
3336 3220 3402 3289 εἶ,
3459 3224 3553 3274 καῖ
3610 3224 3808 3295 νεῦρον

385 3314 622 3385 quidem
658 3313 862 3369 melior
891 3314 989 3383 ﬁo,
1015 3316 1261 3370 fortasse
1290 3313 1384 3370 his
1412 3313 1605 3369 verbis
1636 3318 1870 3369 utetur:
1917 3313 2036 3368 Scio

2154 3309 2401 3385 σιδηροῦν
2452 3312 2480 3365 ὁ
2527 3309 2814 3385 τράχηλός
2858 3329 2971 3364 σου’
3018 3314 3184 3364 ταῦτα
3247 3309 3416 3384 τυχὸν
3490 3308 3603 3385 ἐρεῖ
3664 3310 3811 3385 πρὸς

384 3406 521 3478 quia
568 3404 744 3459 durus
788 3421 843 3460 es
891 3413 971 3473 tu,
1003 3408 1054 3459 et
1095 3420 1293 3459 nervus
1348 3406 1563 3475 ferreus
1605 3407 1791 3459 cervix
1821 3407 1915 3459 tua
1970 3404 2034 3458 ³⁸.

391 3492 502 3557 Qui
532 3492 866 3565 spernebat,
898 3492 1153 3563 spernit;
1188 3493 1288 3563 qui
1320 3490 1523 3560 inique
1562 3491 1791 3563 agebat,
1836 3489 2037 3561 inique

392 3581 515 3653 agit
546 3596 559 3636 :
587 3580 731 3635 nihil
762 3597 1015 3651 superna
1041 3580 1363 3635 admonitio
1397 3580 1634 3651 profuit,
1654 3579 1801 3634 nihil
1832 3580 2034 3651 ﬂagra.

394 3670 596 3741 Defeci!
624 3670 1018 3740 sufﬂatorium,
1049 3668 1247 3740 defecit
1271 3668 1565 3739 plumbum
1596 3668 1660 3739 ³9,
1695 3669 1847 3740 quod
1876 3668 2037 3740 prius

397 3775 633 3831 quoque
662 3776 765 3830 per
782 3758 1102 3814 Jeremiam
1125 3757 1291 3813 vobis
1312 3758 1652 3828 exprobravi
1687 3774 1699 3811 :
1733 3757 2037 3813 Incassum

393 3851 703 3920 argentum
735 3848 948 3903 confiat
978 3846 1348 3919 argentarius
1382 3864 1394 3901 :
1429 3847 1649 3902 scelera
1686 3852 1877 3903 vestra
1923 3864 2038 3902 non

392 3940 533 3992 sunt
562 3935 874 4008 liquefacta
906 3937 970 3990 ‘0.
1004 3936 1154 3991 Num
1188 3935 1512 3991 meiratum
1537 3936 1926 4005 sustinebitis,
1959 3937 2040 3991 di-

389 4025 470 4081 cit
498 4025 784 4081 Dominus
804 4026 831 4080 ?
859 4028 1067 4080 Annon
1096 4042 1225 4080 mea
1256 4042 1466 4081 manus
1487 4025 1632 4082 alias
1655 4042 1889 4097 quoque
1911 4026 2039 4097 pla-

390 4130 495 4186 gas
524 4115 738 4170 inferre
768 4114 998 4185 potest?
1044 4115 1250 4170 Adhuc
1281 4131 1457 4185 penes
1511 4131 1603 4169 me
1650 4115 1851 4170 vesicae
1900 4119 2041 4170 sunt

388 4202 784 4259 ebullientesa
805 4204 1018 4259 camini
1043 4202 1285 4275 fuligine
1301 4205 1366 4274 “,
1392 4220 1569 4275 quam
1590 4203 1839 4276 Moyses,
1862 4210 1963 4260 aut
1988 4204 2039 4260 si

390 4290 523 4363 quis
556 4289 642 4345 illi
674 4290 885 4347 similis
904 4293 1003 4346 irae
1021 4292 1228 4347 divinas
1246 4291 1530 4359 minister,
1556 4290 1615 4347 in
1637 4292 1844 4347 coelum
1873 4310 2036 4365 spar-

388 4394 554 4451 gens,
578 4379 888 4451 )Egyptum
929 4397 1033 4452 per
1064 4381 1339 4437 morbum
1386 4383 1655 4453 castigat.
1704 4381 1909 4437 Adhuc
1949 4381 2036 4438 lo-

390 4469 577 4532 custa,
611 4470 668 4521 et
690 4467 944 4523 tenebrae
992 4467 1337 4540 palpabiles,
1369 4473 1425 4523 et
1454 4468 1627 4541 plaga
1680 4468 1802 4540 illa,
1836 4470 2036 4526 ordine

2149 3400 2266 3473 ἐμὲ,
2318 3402 2408 3455 τὸν
2459 3397 2600 3473 μηδὲ
2644 3404 2762 3462 ταῖς
2810 3397 3055 3475 πληγαῖς
3103 3398 3521 3472 νουθετούμενον
3594 3401 3732 3472 (68)·
3782 3400 3813 3454 ὁ

2145 3489 2345 3543 ἀθετῶν
2374 3488 2571 3543 ἀθετεῖ·
2606 3488 2633 3543 ὁ
2665 3487 2879 3561 ἀνομῶν
2912 3486 3124 3560 ἀνομεῖ’
3158 3483 3310 3542 οὐδὲν
3357 3489 3392 3556 ἡ
3444 3488 3644 3550 ἄνωθεν
3694 3488 3813 3561 (69)

2145 3577 2408 3632 νουθεσία·
2480 3573 2631 3631 οὐδὲν
2708 3576 2763 3630 αἱ
2851 3577 3130 3651 μάστιγες.
3208 3573 3454 3648 Ἐξὲλιπε
3524 3579 3813 3653 φυσητῆρ,

2148 3664 2359 3737 ἐξέλιπε
2439 3660 2728 3739 μόλιϐδος,
2803 3666 2835 3719 ἃ
2904 3664 2993 3719 καὶ
3066 3661 3154 3718 διὰ
3212 3664 3474 3740 Ἰερεμίου
3531 3664 3808 3738 πρότερον

2149 3755 2273 3828 ὑμῖν
2325 3752 2594 3811 ὠνείδισα.
2640 3754 2735 3816 Εἰς
2781 3755 2932 3808 κενὸν
2983 3751 3362 3829 ἀργυροκόπος
3415 3752 3806 3828 ἀργυροκοπεῖ·

2146 3844 2406 3919 πονηρίαι
2456 3845 2604 3917 ὑμῶν
2656 3842 2755 3897 οὐκ
2804 3842 3089 3913 ἐτάκησαν.
3139 3843 3227 3911 Μὴ
3289 3841 3388 3915 ἐμὲ
3455 3842 3808 3914 ὑπομενεῖτε,

2154 3934 2300 4008 λέγει
2333 3932 2553 4010 Κύριος,
2587 3931 2960 4007 ὠργισμένονς
2992 3934 3059 3990 Ἤ
3094 3931 3193 3986 οὐκ
3223 3930 3400 4006 ἰσχύει
3429 3934 3465 4000 ἡ
3518 3932 3639 4007 χείρ
3697 3954 3810 4004 μου

2145 4021 2235 4078 καί
2282 4021 2455 4084 ἄλλοις
2517 4021 2814 4099 ἐπενεγκεῖν
2865 4020 3081 4096 πληγάς
3130 4022 3282 4092 (70);
3333 4021 3450 4075 Ἔτι
3498 4021 3626 4096 παρ’
3676 4020 3808 4093 ἐμοὶ

2146 4113 2233 4167 καὶ
2266 4109 2551 4190 φλυκτίδες
2582 4110 2896 4180 ἀναζέουσαι
2943 4112 3048 4165 ἀπὸ
3096 4108 3427 4183 καμινιαίας,
3478 4112 3594 4183 (71)
3647 4109 3811 4173 aliai-

2153 4199 2278 4272 λης,
2338 4203 2398 4268 ἣν
2439 4202 2657 4255 πάσσων
2718 4200 2792 4262 εἰς
2836 4198 3060 4275 οὐρανὸν
3110 4205 3367 4267 Morbo-75c,
3417 4199 3451 4267 ἦ
3494 4195 3548 4252 εἷ’
3569 4220 3654 4260 τις
3686 4201 3808 4253 κατ’

2146 4290 2345 4345 ἐκεῖνον
2397 4289 2671 4363 ὑπηρέτης
2722 4292 2854 4345 Θεοῦ
2903 4291 3192 4360 κινήσεως,
3242 4284 3483 4342 παιδεύει
3522 4288 3671 4360 νόσῳ
3702 4290 3806 4356 τὴν

2148 4377 2442 4454 Αἴγυπτον.
2499 4380 2615 4433 Ἒτι
2672 4378 2762 4433 καὶ
2812 4376 2989 4454 ἀκρὶς,
3036 4378 3125 4431 καὶ
3191 4376 3382 4438 σκότος
3446 4375 3810 4455 ψηλαφητὸν.

2145 4468 2234 4521 καὶ
2264 4470 2299 4536 ἡ
2331 4468 2614 4522 τελευταία
2642 4463 2836 4541 πληγὴ
2867 4470 2936 4540 τῇ
2966 4465 3130 4538 τάξει,
3164 4466 3354 4541 πρώτη
3409 4462 3467 4520 δὲ
3522 4470 3601 4538 τῷ
3647 4466 3812 4538 πόνῳ

391 4554 631 4626 quidem
655 4559 971 4626 postrema,
1006 4556 1202 4612 dolore
1234 4561 1432 4612 autem
1463 4574 1528 4612 ac
1546 4558 1802 4629 potentis
1824 4559 2036 4630 prima,

2154 4556 2238 4610 καὶ
2286 4554 2354 4630 τῇ
2401 4553 2647 4629 δυνάμει,
2696 4558 2731 4626 ἠ
2774 4559 2880 4611 τῶν
2932 4554 3297 4631 πρωτοτόκῶν
3348 4553 3523 4633 φθορὰ
3563 4556 3680 4628 (72)
3714 4554 3810 4609 καὶ

2157 4646 2169 4667 ⁷
2246 4642 2389 4667 ’ἿΑνν
2467 4646 2487 4667 Ρ
2587 4643 2703 4667 "7-,
2762 4666 2779 4667 η
2834 4666 2838 4667 ,
2874 4649 2941 4667 -V.
3006 4646 3091 4667 .,,‘
3154 4646 3167 4664 ⁷
3228 4642 3469 4667 κκκΑιΙμ.
3524 4644 3593 4667 -λν
3676 4642 3763 4667 IX-

387 4658 598 4715 nempe
619 4643 1143 4717 primogenitorum
1161 4652 1387 4719 strages
1404 4650 1460 4702 et
1483 4647 1820 4717 internecio,
1854 4665 2035 4719 quam

389 4736 455 4787 ut
493 4731 864 4803 eﬂ‘ugiamus,
900 4738 955 4789 et
986 4734 1491 4792 exterminatorem
1524 4752 1558 4791 a
1587 4737 1756 4793 nobis
1813 4742 2039 4794 averta-

386 4836 542 4889 mus,
575 4820 756 4877 animi
790 4829 1005 4894 postes,
1056 4824 1607 4898 contemplationem
1639 4830 1698 4882 et
1725 4827 2031 4898 actionem,

386 4924 599 4983 magno
621 4910 719 4967 illo
767 4916 826 4967 et
882 4915 1124 4969 salutari
1178 4914 1500 4986 signaculo,
1563 4913 1845 4969 nimirum
1894 4914 2034 4969 Novi

2146 4642 2413 4717 ἀπώλεια,
2461 4646 2521 4715 ἣν
2575 4643 2712 4699 ὥστε
2756 4649 2964 4722 φυγεῖν,
3004 4646 3094 4699 καὶ
3144 4642 3474 4721 ἀποστρέψαι
3521 4644 3614 4698 τὸν
3670 4642 3808 4698 ὁλο-

2146 4736 2370 4811 θρευτήν
2402 4739 2590 4811 χρῖσαι
2629 4732 2725 4797 τὰς
2771 4737 2870 4790 τοῦ
2914 4738 3006 4788 νοῦ
3054 4733 3217 4812 φλιὰς
3267 4735 3507 4807 ἄμεινον,
3568 4734 3805 4809 θεωρίαν

2142 4824 2232 4879 καὶ
2280 4820 2492 4900 πρᾶξιν,
2540 4827 2609 4898 τῇ
2679 4820 2888 4899 μεγάλῃ
2937 4822 3028 4877 καὶ
3074 4821 3330 4899 σωτηρίῳ
3382 4818 3663 4899 σφραγῖδι,
3725 4827 3808 4895 τῷ

2143 4920 2241 4983 τῆς
2282 4920 2483 4983 Καινῆς
2531 4914 2806 4984 Διαθήκης
2854 4909 3064 4985 α’ίματι,
3131 4914 3347 4987 Χριστῷ
3408 4910 3501 4966 καὶ
3564 4932 3808 4967 συστασ-

457 5044 507 5080 ⁸⁰
535 5046 687 5104 Psal.
721 5062 832 5117 CVI,
880 5050 968 5103 27.
1047 5049 1088 5083 ³¹
1130 5046 1282 5105 Psal.
1314 5065 1449 5120 imx.
1479 5048 1535 5110 5,
1611 5047 1663 5120 3"
1684 5047 1992 5120 Act.__xju,
2022 5048 2041 5102 4

2189 5050 2234 5085 ³³
2264 5050 2432 5106 Deut.
2466 5065 2642 5120 χχχιι,
2697 5049 2751 5104 5.
2828 5046 3057 5104 “Psal.
3118 5066 3256 5115 xvn,
3333 5048 3423 5103 46.
3523 5046 3571 5083 ³⁸
3610 5047 3804 5120 Exod.

385 5135 490 5196 vn,
518 5124 617 5179 20.
693 5120 739 5157 ³⁸
765 5122 943 5177 Amos
965 5137 1041 5188 Iv,
1070 5120 1125 5175 7.
1229 5120 1270 5155 ³⁷
1300 5119 1418 5175 Jer.
1450 5132 1613 5185 xvm,
1645 5118 1731 5173 12.
1807 5117 1850 5151 ⁸⁸
1882 5119 1994 5175 Isa-
2026 5137 2041 5174 ι

2159 5137 2222 5189 ιι,
2245 5122 2299 5176 li.
2374 5122 2418 5156 3°
2446 5122 2565 5178 Jer.
2589 5117 2664 5192 vi,
2684 5121 2775 5175 29.
2852 5121 2898 5155 ἰο
2928 5120 3070 5176 ibid.
3171 5121 3215 5156 ‘1
3248 5120 3424 5176 Exod.
3461 5135 3538 5187 IX,
3565 5119 3632 5174 10
3650 5135 3793 5191 sqq.

454 5256 566 5328 (61)
597 5252 934 5326 Θαυμάσατε.
996 5250 1170 5307 Cois].
1225 5252 1261 5303 2
1310 5248 1492 5317 addit,
1543 5246 1834 5321 θαυμάσίᾳ,
1866 5273 1896 5302 ‹‹
1929 5253 2028 5307 ad-

383 5328 715 5384 miratione.
752 5348 779 5374 ›)

475 5400 570 5466 62)
602 5396 813 5451 Αὐτῶν.
848 5396 1119 5466 Montem,
1150 5387 1334 5466 αὐτοῦ.

475 5400 570 5466 62)
602 5399 813 5451 Αὐτῶν.
848 5399 1119 5456 Montam,
1150 5399 1334 5445 αὑτοῦ.

453 5399 568 5539 (63)
591 5470 819 5539 Εκνῖπα.
855 5464 994 5539 Reg.
1021 5466 1165 5539 a,_et
1193 5465 1337 5527 Jes.,
1396 5464 1609 5539 σκνῖφα.

454 5534 566 5610 (64)
598 5535 1050 5610 Μάστιγαςζυᾳρ
1080 5534 1279 5610 Ilegg.,
1310 5534 1548 5609 πληγάς,
1583 5558 1610 5584 ‹‹
1645 5535 1864 5608 plagas.
1901 5558 1928 5587 ››

455 5604 569 5677 (65)
600 5604 864 5674 Ἑναντίᾳ.
899 5604 1367 5678 Βοί81.2,⁷ἰνάτῃ,
1401 5604 1693 5663 «ὀοωιξυ

387 5679 934 5799 1,Νξῗιῗζῐκννήματα.
989 5699 1018 5728 ι(
1065 5677 1361 5737 Germinu.
1389 5701 1417 5731 ο)
1467 5679 1739 5742 Mallem:
1801 5702 1829 5731 (ε
1862 5684 2030 5737 natas

594 5786 608 5799 ι
644 5768 667 5798 Ι

412 5761 608 5817 rugas.
644 5768 667 5798 ι

2211 5255 2324 5322 (67)
2346 5253 2625 5309 Γινώσκω.
2656 5256 2931 5318 Montem,
2979 5251 3285 5322 γινώσκων.

2211 5255 2303 5322 (67
2346 5255 2625 5309 Γινώσκω.
2656 5256 2931 5318 Montem,
2979 5255 3285 5380 γινώσκων.

2211 5255 2325 5397 (esi
2357 5324 2814 5397 Νουθετούμενον.
2857 5324 2987 5380 Cois
3019 5367 3032 5379 .
3062 5328 3099 5379 2
3120 5325 3302 5381 addit.
3340 5324 3479 5396 μήτε
3530 5321 3592 5390 [Ι.
3628 5318 3803 5395 μηδὲ]

2138 5394 2255 5457 ταῖς
2306 5394 2588 5465 ἀπειλαῖς,
2616 5394 2645 5449 (ἑ
2678 5414 2783 5453 nec
2815 5396 3015 5452 minis.
3047 5416 3076 5448 ι

2210 5469 2326 5540 (69)
2358 5464 2613 5540 "limem.
2649 5493 2676 5519 «ι
2710 5469 3087 5540 Antecedens,
3120 5464 3729 5540 superiorgcorrectio.
3765 5488 3789 5517 ι

2210 5536 2324 5611 (70)
2357 5538 2810 5613 Πληγάς.ᾼΟι·.-2,
2847 5537 3136 5613 μάστιγας,
3160 5536 3472 5613 (6886118.
3506 5560 3533 5613 _-

2210 5605 2319 5682 (71)
2354 5605 2695 5682 Καμίνιαίας.
2733 5605 2910 5682 Regg.
2945 5605 3047 5682 ph,
3072 5610 3167 5666 Or.
3208 5612 3263 5665 2.
3298 5605 3609 5681 καμιναίας.

2210 5628 2293 5679 ul
2354 5628 2695 5682 Άαμινιαιας.
2733 5628 2813 5666 ne
2899 5653 2910 5665 .
2945 5628 3047 5682 pn,

2208 5628 2322 5754 (72)
2353 5682 2558 5756 Φθορά.
2591 5684 2689 5740 Or.
2720 5684 2755 5738 2
2776 5628 2957 5751 ﬁgit,
2991 5700 3065 5736 τε.
