4138 6212
347 432 466 494 949

1271 425 1562 490 ORATIO
1606 428 1869 490 XVI.—
1898 427 1977 489 IN
2022 429 2349 491 PATREM
2395 431 2843 495 TACENTEM.

3654 440 3771 503 950

350 557 672 639 ρουμένους,
703 556 794 613 καὶ
842 557 1396 629 σοναποθνήσκοντας,
1444 554 1581 614 ὥστε
1626 559 1715 614 καὶ
1776 576 2003 614 σονανα-

2115 562 2471 619 Testamentl
2507 566 2816 639 sanguine,
2849 566 3089 623 unxisse
3128 568 3315 624 satius
3364 570 3558 642 fuerit,
3592 575 3765 645 atque

353 657 563 723 στῆναι,
623 646 713 703 καὶ
773 644 1211 718 συνδοξασθῆναι,
1261 648 1353 702 καὶ
1400 643 1826 722 συμϐασιλεῦσαι
1868 651 2001 722 (73),

348 744 440 795 νῦν
499 757 558 793 τε
613 736 703 792 καὶ
760 737 896 791 κατὰ
948 738 1048 806 τὴν
1096 734 1408 793 τελευταίαν
1468 736 1633 792 αὐτοῦ
1683 738 2003 813 φανέρωσινο

350 827 498 884 ἀλλᾶ
555 827 631 900 μὴ
693 828 1037 902 θραυσθῆναι,
1103 824 1244 899 μηδὲ
1291 821 1662 900 συντριϐῆναι,
1708 824 1847 898 μηδὶ
1876 828 2006 899 θρη-

349 923 527 990 νῆσαι,
580 913 925 987 πλήσσοντος
974 917 1123 988 ἡμᾶς
1168 915 1361 991 ἀωρίᾳ,
1422 916 1511 969 καὶ
1557 914 1609 969 ἐν
1636 920 1715 986 τῷ
1746 920 2004 988 σκοτεινῷ

347 1008 532 1081 τούτῳ
567 1006 672 1082 βίῳ
702 1011 797 1062 τοῦ
830 1006 1102 1082 Πονηροῦ,
1147 1006 1237 1061 καὶ
1273 1005 1661 1078 ὀλυθρεύοντος
1688 1006 1754 1061 τὰ
1786 1007 2003 1081 πρωτό-

345 1102 500 1167 τὸκα,
549 1097 640 1151 καὶ
689 1100 805 1169 Θεῷ
842 1094 1214 1172 καθιερωμένα
1244 1097 1356 1171 (74)
1384 1102 1486 1165 τῆς
1520 1100 1663 1165 ζωῆς
1694 1098 1854 1170 ἡμῶν
1886 1116 2001 1173 γεν-

346 1188 565 1261 νήματα
594 1186 684 1241 καὶ
716 1187 838 1257 κινή
854 1205 1015 1260 ματα.

418 1366 517 1423 ΙΒ¹.
553 1366 640 1435 Μή
698 1385 792 1437 μοι
834 1364 1047 1440 γένοιτο
1097 1364 1231 1437 μετᾶ
1274 1367 1381 1418 τῶν
1414 1360 1599 1418 ἄλλων
1628 1361 1880 1440 πληγῶν,
1912 1366 2002 1419 καὶ

345 1458 513 1509 ταῦτα
566 1450 922 1522 ὀνειδισθῆναι
974 1453 1120 1529 παρὰ
1165 1456 1262 1507 τοῦ
1315 1455 1570 1528 Ἀγαθοῦ,
1628 1454 2000 1530 πορευομένου

348 1542 485 1619 πρὸς
519 1542 587 1615 μὶ
633 1544 789 1615 θυμῷ
836 1539 1058 1619 πλαγίῳ
1099 1540 1189 1597 διὰ
1217 1543 1317 1612 τὴν
1348 1541 1486 1615 ἐμὴν
1514 1542 1860 1618 πλαγιότητα
1891 1546 2001 1617 (75)

348 1630 614 1701 Ἐπάταξα
690 1631 831 1705 ὑμᾶς
901 1629 953 1685 ἐν
1019 1629 1239 1707 ἶκτέρῳ,
1300 1631 1389 1685 καὶ
1456 1630 1508 1685 ἐν
1579 1632 1840 1707 πυρώσει,
1912 1633 2002 1686 καὶ

349 1719 707 1800 σφακελισμῷ
772 1722 909 1793 (76)’
964 1719 1054 1774 καὶ
1113 1717 1267 1774 ούδὶν
1325 1718 1516 1777 πλέον.
1576 1721 1808 1791 ’Έξωθεν
1869 1721 2003 1790 ἡτέ-

344 1830 513 1865 νωσεν
594 1810 733 1883 ὑμᾶς
802 1811 1067 1887 μάχαιρα,
1164 1808 1253 1864 καὶ
1321 1807 1435 1864 οὐδ’
1526 1808 1599 1872 ὥς
1676 1809 2001 1885 ἐπεστρέψα-

342 1920 402 2008 τε
434 1902 548 1973 (77)
574 1898 713 1974 πρὸς
757 1898 1045 2008 μὶ,,Λέγει
1094 1898 1310 2008 Κύριος.
1362 1900 1453 1968 Μὴ
1512 1898 1775 2008 γενοίμην
1825 1900 1999 1973 ἀμπε-
2032 1943 2081 2008 Β

345 1986 458 2044 λὼν
488 1992 586 2043 τοῦ
616 1986 998 2064 ἠγαπημένου,
1043 1990 1177 2062 μετὰ
1203 1988 1267 2042 τὸ
1310 1989 1634 2066 φυτευθῆναι
1686 1988 1775 2043 καὶ
1825 2008 1999 2064 χαρα-

346 2078 610 2149 κωθῆναι,
668 2075 756 2131 καὶ
801 2079 1055 2153 φραγμῷ,
1103 2072 1193 2130 καῖ
1240 2074 1454 2151 πύργῳ,
1503 2076 1593 2131 καὶ
1622 2081 1781 2130 πᾶσιν
1832 2076 2001 2150 ἀσφα-

348 2164 618 2239 λισθῆναι,
659 2165 735 2227 ὡς
784 2163 907 2234 ἐνῆν
980 2162 1233 2238 μάλιστα,
1300 2164 1659 2239 χὶρσομανῶν
1708 2164 1797 2219 καὶ
1850 2164 2004 2221 ἀκαν-

352 2256 624 2332 θοφορῶν,
669 2252 760 2309 καὶ
802 2251 891 2308 διὰ
940 2257 1101 2308 τοῦτο
1150 2252 1675 2331 καταφρονούμενος,
1706 2254 1781 2316 ὡς
1814 2264 2000 2318 καθαι-

353 2345 573 2421 ρεθῆναι
620 2343 710 2398 τὸν
760 2343 990 2419 πύργον,
1040 2343 1128 2397 καὶ
1158 2344 1563 2420 περιαιρεθῆναι
1592 2344 1683 2398 τὸν
1726 2345 2000 2422 φραγμὸν,

354 2434 445 2489 καὶ
506 2434 581 2506 μὴ
630 2439 931 2505 τμηθῆναι,
995 2429 1133 2506 μηδὲ
1200 2439 1487 2511 παφῆναι,
1545 2431 1689 2488 ἀλλὰ
1759 2432 2003 2509 γενέσθαι

352 2528 513 2578 πᾶσιν
544 2522 622 2583 εἰς
672 2519 1001 2599 διαρπαγὴν,
1039 2520 1128 2575 καὶ
1179 2523 1365 2591 κοινὴν
1416 2517 1594 2598 ὕϐριν,
1642 2523 1731 2576 καὶ
1761 2524 2002 2577 καταπά-

349 2631 518 2685 τημα.
552 2614 725 2665 Ταῦτα
759 2612 851 2685 μὶν
902 2611 930 2665 ὁ
978 2610 1107 2684 ἐμὸς
1152 2604 1319 2686 φόϐος
1364 2610 1452 2665 καὶ
1487 2610 1672 2686 λόγος’
1706 2611 1794 2665 καὶ
1831 2610 2002 2673 οὕτως

354 2699 462 2777 ἐγὼ
492 2698 745 2777 δυσφορῶ
791 2698 927 2775 πρὸς
974 2700 1074 2769 τὴν
1128 2698 1372 2774 πληγὴν,
1420 2699 1509 2754 καὶ
1546 2698 1800 2771 τοιαύτην
1836 2696 2002 2775 εῦχο-

356 2811 451 2864 μαι
495 2790 595 2858 τὴν
645 2787 834 2865 εὐχὴν,
888 2790 954 2859 ἣν
1014 2787 1103 2843 καὶ
1152 2789 1449 2862 προσθήσω
1496 2794 1614 2851 τοῖς
1665 2789 1998 2864 εἰρημένοις·

348 2877 716 2953 Ἥμάρτομεν,
783 2866 1167 2953 ἠνομήσαμεν,
1263 2872 1633 2951 ἠσεϐήσαμεν,
1709 2877 1792 2933 ὅτι
1879 2878 1999 2933 ἒπε-

345 2951 621 3042 λαθόμεθα
670 2970 782 3042 (78)
829 2951 937 3021 τῶν
989 2951 1226 3022 ἐντολῶν
1261 2988 1379 3037 σου,
1426 2968 1515 3022 καὶ
1547 2967 1722 3022 ὀπίσω
1751 2975 1850 3037 τῆς
1885 2965 2000 3022 δια-

343 3056 494 3119 νοίας
546 3058 708 3129 ἡμῶν
754 3062 856 3125 τῆς
903 3061 1153 3132 πονηρᾶς
1197 3055 1588 3130 ἐπορεύθημεν*
1635 3054 1716 3111 ὅτι
1772 3056 1999 3127 ἀναξίως

340 3148 441 3215 τῆς
493 3145 744 3216 κλήσεως
797 3145 885 3200 καὶ
937 3148 1034 3199 τοῦ
1090 3143 1430 3220 Εὐαγγελίου
1487 3143 1581 3199 τοῦ
1621 3148 1857 3222 Χριστοῦ
1906 3167 1999 3200 σου

337 3232 806 3307 πεπολιτεύμεθα,
866 3234 957 3289 καὶ
1015 3238 1122 3288 τῶν
1181 3233 1344 3310 ἆγίων
1400 3233 1563 3289 αὐτοῦ
1637 3236 1995 3308 παθημάτων,

2114 668 2232 707 una
2262 669 2394 707 cum
2427 653 2655 711 Christo
2687 655 2972 729 cruciﬁgi,
3005 673 3069 711 ac
3101 662 3347 713 mortem
3380 660 3558 727 obire,
3588 666 3652 716 ut
3682 665 3765 718 si-

2114 740 2236 796 mul
2268 758 2497 812 quoque
2530 759 2662 798 cum
2692 760 2778 811 eo,
2806 749 2862 799 et
2891 762 3045 801 nunc
3078 750 3132 800 et
3159 747 3215 801 in
3252 752 3546 817 postrema
3576 750 3764 821 ipsius

2115 830 2476 902 apparitione
2509 838 2983 905 resurgamus,et
3015 835 3198 907 gloria
3231 836 3577 908 efﬁciamur,
3598 844 3653 895 et
3684 841 3760 897 si-

2114 919 2237 973 mul
2270 935 2613 992 regnemus;
2651 938 2765 977 non
2798 928 2994 978 autem
3040 925 3491 998 perfringamur,
3515 931 3571 983 et
3600 929 3762 985 obte-

2113 1025 2331 1077 ramur,
2357 1025 2422 1065 ac
2467 1010 2795 1081 lugeamus,
2830 1028 2959 1067 cum
2996 1014 3211 1069 Pravus
3260 1014 3376 1083 ille,
3411 1016 3764 1090 intempesta

2112 1102 2299 1164 nocte,
2325 1102 2380 1153 et
2408 1099 2465 1153 in
2498 1098 2820 1171 caliginosa
2846 1101 2985 1161 vita.
3020 1118 3125 1156 nos
3156 1104 3529 1174 percusserit,
3553 1123 3617 1162 ac
3648 1108 3763 1180 pri-

2113 1187 2460 1258 mogenitos,
2494 1192 2551 1243 et
2587 1190 2696 1244 Deo
2746 1195 3117 1246 consecratos
3160 1191 3290 1247 vitis
3340 1197 3552 1249 nostra:
3611 1196 3760 1253 fetus

2115 1278 2272 1328 motu
2283 1291 2427 1345 sque
2467 1274 2764 1331 deleverit.

2182 1362 2300 1418 XII.
2336 1364 2521 1431 Absit,
2554 1368 2617 1419 ut
2647 1382 2762 1420 una
2803 1382 2935 1420 cum
2982 1365 3113 1421 aliis
3146 1366 3354 1439 plagis,
3380 1369 3498 1423 haec
3530 1386 3761 1443 quoque

2112 1468 2145 1507 a
2176 1452 2333 1507 Bono
2374 1451 2493 1521 illo,
2529 1453 2600 1509 ob
2645 1471 2835 1510 meam
2881 1454 3288 1526 obliquitatem
3321 1456 3379 1512 in
3413 1457 3499 1513 ira
3526 1459 3762 1530 obliqua

2112 1541 2419 1596 adversum
2452 1557 2544 1597 me
2584 1543 2904 1615 gradiente,
2938 1544 3080 1599 mihi
3129 1546 3547 1617 exprobrentur
3580 1565 3593 1604 :
3628 1551 3760 1603 Per-

2109 1632 2259 1685 cussi
2292 1647 2387 1686 vos
2432 1632 2711 1704 aurigine,
2743 1638 2795 1688 et
2839 1635 3300 1706 inﬂammatione,
3332 1640 3384 1691 ct
3425 1638 3758 1708 putredine;

2108 1734 2208 1775 nec
2237 1722 2538 1792 quidquam
2564 1722 2792 1794 profeci.
2828 1724 3080 1778 Externe
3119 1724 3251 1783 ﬁliis
3282 1740 3370 1780 vos
3400 1728 3611 1781 orbavit
3636 1728 3756 1796 gla-

2108 1808 2271 1876 dius;
2299 1826 2397 1865 nec
2437 1814 2517 1866 sic
2544 1816 2732 1867 tamen
2770 1811 2840 1866 ad
2886 1828 2973 1867 me
3017 1814 3266 1868 conversi
3304 1816 3457 1883 estis,
3490 1814 3620 1870 dicit
3651 1819 3758 1872 Do-

2110 1900 2305 1954 minus
2324 1900 2387 1953 ⁴².
2420 1900 2589 1955 Absit
2619 1903 2684 1955 ut
2731 1900 2926 1956 dilecti
2974 1900 3135 1957 illius
3183 1902 3352 1957 vinea
3399 1902 3513 1959 sim
3534 1904 3597 1973 ιθ,
3630 1922 3757 1977 qum

2113 1991 2492 2061 posteaquam
2525 1989 2789 2061 plantata
2836 1990 2967 2057 fuit,
2998 1994 3054 2045 et
3080 1990 3233 2047 vallo
3283 1993 3533 2061 munita,
3566 2009 3758 2049 mace-

2114 2076 2313 2148 riaque
2371 2076 2523 2133 808
2580 2082 2638 2133 et
2694 2079 2863 2145 turri,
2923 2079 3263 2150 caeterisque
3322 2080 3518 2149 rebus,
3566 2083 3757 2153 quoad

2112 2166 2239 2236 ejus
2269 2166 2392 2222 ﬁeri
2424 2168 2635 2239 potuit,
2656 2168 2908 2239 firmata,
2933 2168 3201 2225 vastitate
3224 2173 3425 2241 postea
3450 2170 3756 2240 horrescit,

2112 2259 2168 2310 et
2197 2255 2397 2327 spinas
2425 2257 2665 2328 profert,
2697 2258 2769 2313 ob
2801 2273 3045 2328 eamque
3066 2274 3305 2313 causam
3337 2259 3397 2314 in
3427 2259 3484 2314 id
3506 2264 3760 2317 contem-

2112 2348 2247 2417 ptus
2280 2346 2455 2415 venit,
2489 2351 2554 2401 ut
2605 2350 2660 2401 et
2698 2347 2879 2402 turris
2906 2346 3232 2419 dejiciatur,
3265 2354 3320 2403 et
3367 2350 3619 2406 maceria
3668 2352 3755 2407 di-

2111 2438 2335 2505 ruatur,
2361 2450 2466 2490 nec
2491 2435 2614 2505 jam
2641 2439 2880 2507 putetur
2901 2445 3073 2508 alque
3096 2436 3370 2504 fodiatur,
3391 2439 3492 2493 sed
3516 2439 3617 2494 ﬁat
3637 2457 3756 2496 om-

2112 2523 2287 2579 nibus
2315 2523 2374 2577 in
2407 2524 2817 2596 direptionem,
2849 2528 2905 2580 et
2934 2542 3303 2581 communem
3337 2528 3753 2585 contumeliam

2110 2616 2167 2668 et
2196 2611 2713 2669 conculcationem.
2738 2614 2841 2669 Hic
2872 2631 3038 2669 meus
3066 2614 3243 2670 timor
3264 2620 3372 2683 est,
3398 2616 3491 2672 hic
3522 2634 3713 2674 sermo
3739 2636 3751 2673 :

2110 2702 2193 2756 sic
2225 2703 2295 2756 ad
2345 2702 2493 2757 hanc
2524 2702 2757 2774 plagam
2790 2704 3132 2771 discrucior,
3165 2708 3340 2775 atque
3393 2705 3500 2761 has
3550 2723 3749 2777 preces

2111 2790 2380 2854 adhibeo,
2407 2808 2550 2861 quas
2600 2791 2774 2845 etiam
2817 2792 2886 2846 ad
2921 2808 3007 2862 ea,
3041 2808 3167 2863 quae
3201 2809 3232 2848 a
3266 2808 3356 2848 me
3388 2793 3543 2848 dicta
3591 2799 3751 2865 sunt,

2110 2880 2430 2949 adjungam
2466 2896 2477 2933 :
2513 2881 2880 2951 Peccavimus,
2914 2882 3104 2953 inique
3143 2883 3373 2952 egimus,
3419 2884 3754 2954 impietatem

2107 2969 2334 3037 fecimus
2354 2969 2421 3035 “,
2448 2969 2723 3039 quoniam
2756 2968 2918 3023 obliti
2950 2985 3156 3023 sumus
3187 2970 3599 3025 mandatorum
3630 2974 3752 3027 tuo-

2108 3073 2262 3126 rum,
2296 3059 2353 3111 et
2381 3062 2511 3129 post
2562 3056 2941 3128 cogitationes
2988 3062 3218 3113 nostras
3249 3075 3459 3130 pravas
3490 3059 3753 3115 ambula-

2107 3145 2299 3200 vimus
2319 3146 2391 3211 ‘5;
2426 3145 2702 3217 quoniam
2747 3163 2882 3215 non,
2918 3150 2983 3201 ut
3010 3146 3222 3202 Christi
3253 3147 3338 3201 tui
3368 3149 3667 3204 vocatione
3697 3153 3755 3205 et

2109 3234 2419 3307 Evangelia
2451 3234 2692 3306 dignum
2735 3240 2879 3299 erat,
2912 3236 3246 3306 sanctisque
3292 3235 3479 3308 ipsius
3528 3239 3752 3293 crucia-

336 3324 427 3379 καὶ
466 3330 567 3393 τῆς
603 3324 733 3399 ὑπὲρ
782 3325 942 3397 ἡμῶν
992 3307 1298 3386 κενώσεως*
1358 3318 1440 3378 ὅτι
1490 3322 1818 3400 ἐγενήθημεν
1865 3320 1997 3378 ὄνει-

2113 3324 2284 3391 tibus,
2317 3328 2373 3378 et
2402 3340 2469 3379 ea
2499 3324 2907 3392 exinanitione,
2943 3341 3121 3396 quam
3166 3307 3365 3380 nostra
3404 3342 3583 3382 causa
3611 3328 3748 3383 sub-

341 3409 433 3474 ὃος
478 3417 558 3484 τῷ
577 3411 846 3488 ἀγαπητῷ
885 3432 1002 3468 σου.
1052 3410 1244 3487 Ἱερεῦς
1278 3413 1365 3467 καὶ
1398 3412 1528 3474 λαὸς
1563 3411 1741 3483 ἐξέστη
1755 3434 1847 3486 μεν
1881 3416 1993 3487 (79)

343 3500 430 3557 ἐπὶ
458 3502 524 3557 τὸ
563 3499 712 3557 αὖτό’
771 3499 965 3561 πάντες
1013 3499 1379 3574 ἐξεκλίναμεν,
1426 3500 1538 3575 ἅμα
1567 3502 1982 3577 ἠχρειώθημεν,

343 3591 457 3649 Ούκ
523 3588 632 3646 ἔστι
692 3593 864 3645 ποιῶν
934 3594 1105 3664 κρῖμα
1156 3590 1246 3645 καὶ
1299 3588 1663 3662 δικαιοσύνην,
1705 3591 1805 3645 οὐκ
1850 3588 1988 3646 ἔστιν

340 3676 449 3742 ἕως
506 3678 647 3741 ἑνός.
706 3676 1130 3752 Ἀπεκλείσαμεν
1186 3677 1314 3741 τοὺς
1368 3678 1684 3755 οἰκτιρμούς
1731 3700 1846 3750 σου,
1903 3679 1993 3734 καὶ

339 3771 442 3839 τὴν
495 3766 901 3847 φιλανθρωπίαν
953 3788 1071 3841 σου,
1121 3767 1209 3823 καὶ
1270 3768 1556 3845 σπλέγχνα
1616 3766 1801 3831 ἐλέους
1860 3774 1993 3823 Θεοῦ

340 3860 527 3931 ἡμῶν,
580 3854 669 3911 διὰ
713 3858 813 3926 τὴν
857 3854 1047 3912 κακίαν
1096 3859 1277 3931 ἡμῶν,
1325 3858 1413 3911 καί
1455 3859 1554 3926 τὴν
1587 3857 1853 3933 πονηρίαν
1883 3862 1991 3912 τῶν

341 3944 788 4020 ἰπιτηδευμάτων
848 3947 1033 4020 ἡμῶν,
1097 3947 1210 4019 μεθ’
1265 3948 1333 4015 ἧς
1390 3945 1796 4021 ἀνεστράφημεν
1857 3950 1989 4021 (80).

342 4036 419 4091 Σὺ
448 4034 717 4113 χρηστὸς,
748 4032 875 4089 ἀλλ’
901 4036 1066 4109 ἡμεῖς
1095 4036 1473 4109 ἠνομήσαμεν·
1506 4035 1569 4089 σὺ
1620 4036 1991 4109 μακρόθυμος,

341 4123 470 4181 ἀλλ’
498 4128 663 4199 ἡμεῖς
694 4123 928 4200 πληγῶν
957 4122 1113 4196 ἄξιοι.
1163 4124 1505 4199 Γινώσκομέν
1531 4146 1624 4180 σου
1666 4127 1764 4195 τὴν
1800 4125 1993 4201 ἀγαθό-

340 4234 502 4286 τητα,
578 4212 771 4289 καίπερ
842 4213 1237 4276 δισυνετοῦντες·
1319 4212 1477 4291 ὀλίγα
1548 4216 1620 4269 ὧν
1674 4213 1993 4290 ἡμάρτομεν

347 4303 829 4379 μεμαστιγώμεθα.
922 4302 997 4356 Σὺ
1065 4297 1320 4380 φοϐερὸς,
1384 4302 1473 4358 καὶ
1540 4303 1623 4365 τίς
1692 4303 1998 4374 ἀντιστήσε-

343 4392 435 4447 ταί
485 4409 608 4461 σοις
651 4390 856 4468 τρόμος
902 4391 1133 4466 λήψεται
1180 4392 1288 4447 ἀπὸ
1337 4397 1430 4447 σοῦ
1474 4388 1599 4469 ὅρη,
1647 4393 1736 4447 καὶ
1791 4392 1998 4468 μεγέθει

352 4480 646 4558 βραχίονός
695 4501 789 4535 σου
835 4479 917 4543 τίς
968 4480 1231 4555 ἆντερίσει
1279 4484 1429 4554 (81);
1481 4483 1600 4536 Ἐὰν
1644 4482 1863 4555 κΛείσῃς
1907 4482 1997 4536 τὸν

351 4567 601 4642 οὐρανὸν,
631 4565 714 4629 τίς
748 4566 978 4637 ἀνοίξεις
1005 4567 1095 4622 καὶ
1128 4568 1215 4623 ἐὰν
1249 4566 1413 4642 λύσῃς
1449 4568 1575 4631 τοὺς
1631 4568 1999 4646 καταρράκτας

352 4676 472 4726 σου,
505 4654 590 4718 τίς
622 4654 819 4728 συνέξει
852 4657 1003 4729 (82);
1039 4660 1249 4728 Κοῦφον
1284 4657 1339 4713 ἂν
1374 4656 1680 4735 ὀφθαλμοῖς
1728 4679 1823 4713 σου
1854 4679 2000 4713 πτω-

2105 3413 2205 3483 iit,
2260 3412 2391 3468 vitae
2450 3417 2661 3468 nostra“:
2719 3414 2976 3468 rationes
3033 3413 3334 3470 institutas
3392 3414 3745 3485 habuimus;

2102 3502 2382 3575 quoniam
2414 3502 2622 3558 dilecto
2672 3506 2770 3558 tuo
2830 3504 3040 3575 probro
3090 3520 3155 3558 ac
3202 3503 3466 3559 dedecori
3527 3505 3745 3560 exstiti-

2102 3609 2263 3661 mus;
2298 3593 2570 3649 sacerdos
2619 3592 2795 3647 simul
2827 3596 2883 3648 et
2920 3591 3171 3665 populus
3206 3610 3239 3649 a
3269 3597 3324 3649 te
3371 3594 3744 3659 descivimus,

2103 3698 2303 3738 omnes
2333 3681 2786 3753 fdeolinavimus,
2820 3680 2996 3737 simul
3039 3681 3278 3738 inutiles
3328 3683 3463 3738 facti
3494 3699 3695 3738 sumus
3728 3702 3741 3740 :

2103 3788 2215 3826 non
2248 3775 2335 3825 est
2383 3772 2481 3842 qui
2526 3772 2815 3842 judicium
2851 3775 2906 3825 et
2928 3770 3223 3841 justitiam
3271 3770 3462 3839 faciat,
3494 3787 3608 3827 non
3657 3775 3747 3827 est

2102 3876 2289 3931 usque
2333 3860 2402 3914 ad
2457 3875 2635 3915 unum
2658 3861 2720 3914 ‘5.
2758 3859 3160 3915 Miserationes
3210 3863 3365 3926 tuas,
3393 3863 3449 3914 et
3495 3858 3746 3915 clemen-

2100 3947 2242 4002 tiam
2294 3952 2477 4016 tuam,
2512 3951 2570 4003 et
2598 3948 2821 4003 viscera
2859 3947 3272 4003 misericordiae
3303 3947 3403 4001 Dei
3437 3948 3642 4014 nostri,
3674 3949 3747 4005 ob

2104 4036 2539 4108 improbitatem
2587 4040 2870 4103 nostram,
2903 4039 2959 4090 et
2988 4034 3362 4091 consiliorum
3414 4040 3749 4092 nostrorum

2102 4123 2559 4197 perversitatem,
2594 4140 2708 4195 quo
2758 4128 2911 4179 retro
2964 4123 3200 4194 ivimus,
3233 4123 3404 4179 nobis
3452 4123 3750 4195 praeclusi-

2106 4231 2259 4268 mus.
2294 4214 2379 4269 Tu
2413 4214 2622 4281 bonus,
2655 4218 2715 4268 at
2746 4230 2852 4268 nos
2884 4212 3083 4284 inique
3108 4213 3357 4284 egimus.
3383 4214 3469 4267 Tu
3501 4213 3671 4283 lenis,
3695 4217 3755 4269 at

2106 4319 2213 4358 nos
2242 4302 2581 4357 verberibus
2608 4301 2787 4374 digni.
2818 4301 3142 4356 Bonitatem
3166 4304 3327 4355 tuam
3354 4301 3751 4372 agnoscimus,

2104 4392 2337 4446 tametsi
2372 4391 2736 4461 insipientes,
2765 4390 2965 4446 Paucis
2995 4407 3097 4461 pro
3130 4394 3498 4461 peccatorum
3535 4395 3756 4446 nostro-

2108 4497 2239 4535 rum
2271 4480 2573 4534 atrocitate
2592 4479 3020 4551 vapulavimus.
3047 4479 3119 4533 Tu
3139 4479 3428 4545 terribilis,
3454 4487 3504 4534 et
3526 4481 3649 4551 quis
3678 4496 3759 4535 re-

2108 4571 2261 4624 sistet
2290 4569 2394 4623 tibi
2414 4567 2498 4622 ”?
2540 4570 2581 4624 Λ
2611 4568 2820 4623 timore
2850 4571 2950 4623 tuo
2982 4569 3210 4623 montes
3258 4567 3709 4624 contremiscent
3740 4585 3754 4624 :

2111 4662 2167 4715 et
2200 4657 2589 4729 magnitudini
2635 4655 2859 4712 brachii
2911 4656 2994 4710 tui
3028 4655 3163 4727 quis
3221 4656 3495 4712 resistet?
3538 4656 3596 4711 Si
3646 4672 3758 4711 coe-

422 4757 470 4790 ⁴²
495 4756 693 4812 Amos.
726 4771 803 4826 ιν,
832 4754 868 4809 9
894 4771 1026 4828 sqq.
1103 4756 1149 4791 ⁸³
1177 4757 1288 4814 Isa.
1318 4774 1376 4812 v.
1411 4758 1460 4812 1.
1538 4758 1583 4792 “
1612 4758 1857 4814 Baruch.
1888 4775 1948 4829 II,
1983 4759 2016 4813 1‘

2145 4756 2190 4791 ‘5
2222 4758 2332 4811 Isa.
2372 4773 2497 4823 va,
2525 4759 2580 4810 2.
2658 4756 2701 4789 ‘3
2735 4754 2888 4810 Psal.
2920 4770 3045 4818 xm,
3077 4755 3129 4809 3.
3206 4754 3249 4788 ‘7
3280 4753 3434 4811 Psal.
3468 4772 3626 4824 LXXV,
3658 4756 3711 4810 8.

424 4852 540 4925 (73)
560 4849 669 4929 ΔΚαὶ
697 4846 1176 4929 _cop6ataihiiaau.
1232 4856 1324 4911 Sic
1371 4855 1548 4913 Coisl.
1595 4858 1646 4929 1,
1694 4864 1747 4913 et
1795 4856 1891 4913 Or.
1950 4858 2004 4912 2.

2114 4851 2324 4929 λγισμῷ,
2359 4854 2419 4909 Id
2461 4872 2493 4910 a
2536 4854 2809 4929 Gregorio
2861 4852 3348 4929 additumverbis
3394 4854 3590 4929 ᾼωοε.
3627 4853 3760 4929 Plu-

353 4924 528 4983 Deest
555 4924 617 4979 in
646 4924 739 4980 ed.

569 4995 973 5071 Καθιερωμένα.
1005 4997 1100 5071 Οιζ.
1132 4998 1189 5067 2,
1217 4995 1626 5071 καθιερούμενα.

572 5065 671 5121 Διὸ.
695 5063 796 5144 τὴ)
823 5063 986 5144 ’ἐμὴν
1005 5063 1451 5144 -.πλαγιὸτηταε-ιι
1477 5063 1570 5144 Ὀὶ)
1617 5087 1808 5128 meam
1858 5070 2002 5127 obli-

354 5139 662 5226 quitatem:
691 5161 719 5188 »
750 5139 925 5223 Jpxta
954 5139 1217 5226 Billium,
1248 5164 1279 5193 «
1298 5139 1626 5226 ’ob‘liquitas
1659 5165 1686 5193 ››
1718 5147 1807 5199 est
1845 5160 2006 5226 aver-

354 5211 443 5269 sio
474 5227 507 5266 a
537 5213 697 5266 recta
751 5211 844 5267 via
900 5214 1310 5270 mandatorum
1371 5211 1490 5269 Dei.
1525 5237 1552 5265 «
1594 5215 1686 5270 Ira
1734 5236 1762 5265 »
1813 5223 2006 5271 autem

353 5305 385 5336 α
426 5281 667 5357 obliqua
696 5303 725 5357 ξ)
755 5284 1273 5357 est‘vehementior
1300 5301 1490 5357 poena.
1519 5284 1703 5353 Unde,
1734 5286 1831 5355 qui
1859 5285 2004 5341 obli-

355 5370 475 5429 quo
506 5353 666 5410 ensis
696 5353 815 5411 ictu
846 5355 1084 5425 feriunt,
1115 5353 1319 5415 acrius
1340 5357 1648 5415 vulnerant
1674 5374 1685 5413 :
1712 5353 1768 5412 et
1797 5357 1887 5413 leo
1917 5358 2006 5411 fu-

357 5428 491 5484 rore
521 5442 843 5483 succensus
883 5429 1112 5499 oblique
1161 5430 1446 5501 impetum
1498 5429 1657 5501 facit.
1691 5428 1783 5483 Sic
1832 5429 2008 5493 Deus,

360 5513 637 5572 cum_nos
678 5514 722 5572 a_
761 5504 917 5556 recta
947 5499 1357 5557 mandatorum
1412 5499 1599 5572 ipsius
1649 5501 1857 5556 semita
1908 5500 2009 5555 de-

2113 4924 2366 4982 rim‘a’de
2395 4943 2461 4982 eo
2493 4924 2694 4982 morbo
2726 4942 2793 4981 ex
2823 4925 3068 4980 medicis
3098 4928 3153 4980 et
3184 4924 3371 4981 Plinio
3398 4924 3676 4998 leguntur
3702 4927 3762 4981 in

2114 4998 2368 5055 Thesaur.

2185 5070 2303 5141 (77),
2354 5063 2495 5141 Οὐδ’Δ
2537 5064 2610 5128 ὥς
2667 5064 3038 5141 έπεστρέψατε.
3100 5065 3276 5141 Coisl.
3336 5069 3374 5123 2
3427 5070 3493 5141 et,
3551 5068 3657 5141 ΟΡ,
3708 5070 3763 5137 2,

2115 5138 2434 5215 obstetrix
2479 5138 2851 5215 ἐπεστρέψατε.
2904 5138 3299 5197 Montacutius
3348 5139 3602 5211 praefert,
3638 5139 3765 5196 ὑπε-

2116 5212 2761 5355 πῗξὲἷῗέπελαθόμεθα.
2790 5283 2884 5338 Sic
2915 5283 3030 5337 duo
3065 5282 3243 5354 Regg.
3269 5285 3327 5337 et
3348 5281 3443 5338 Or.
3467 5282 3522 5338 2.
3552 5282 3618 5338 In
3648 5283 3765 5351 ed.,

2117 5354 2358 5410 ἆπελαθό
2410 5364 2521 5416 εθα.
2612 5354 2615 5355 ν

2192 5428 2301 5505 (79)
2332 5376 2543 5505 ’ἐξέστη
2557 5445 2673 5505 μεν.
2706 5448 2735 5475 ‹‹
2768 5423 3389 5505 Praevaricatihsumus.
3415 5444 3443 5472 »
3574 5492 3610 5505 η

2192 5496 2461 5578 (κομιειγ
2490 5499 2555 5563 ἧς
2604 5496 3030 5578 ἀνεστράφημεν.
3064 5522 3079 5542 α
3121 5498 3242 5563 Qua
3289 5496 3613 5578 cpnversati
3656 5507 3765 5578 su-

359 5569 675 5644 ﬂeotimur,
706 5569 833 5644 ipse
861 5588 1094 5644 quoque
1131 5589 1192 5629 se
1229 5564 1459 5641 avertit,
1493 5576 1550 5627 et
1579 5573 1636 5627 in
1669 5589 1774 5628 nos
1806 5572 2012 5627 visita-
2122 5564 2365 5637 mus,'in
2409 5564 2771 5644 contrarium"
2816 5564 2925 5623 a'cti
2975 5584 3203 5623 sumus,
3226 5587 3253 5616 »
3290 5566 3419 5620 Haec
3467 5565 3539 5619 ab
3589 5564 3764 5619 inter-

362 5642 560 5717 tionis_
592 5641 829 5698 oculum
862 5641 1091 5716 oblique
1134 5649 1399 5717 torquet;
1431 5645 1584 5715 quod
1635 5644 2012 5701 irascentium
2123 5641 2548 5717 pretego‘missa.

362 5713 670 5789 proraiam
697 5718 808 5789 98t-

439 5782 556 5859 (76)
615 5782 714 5841 Καὶ
782 5782 1159 5867 σφακιλισμῷ.
1228 5787 1323 5846 Or.
1388 5787 1457 5857 2,
1526 5785 1613 5843 καὶ
1691 5785 1745 5845 ἰν
1825 5804 2019 5864 σφακε-

2216 5714 2306 5784 81)
2338 5711 2648 5784 ’Δντερίσει.
2683 5709 2853 5784 Coisl.
2883 5712 3005 5784 2__et
3030 5710 3149 5784 Jes.
3182 5705 3492 5784 uv'cspewfz.

2216 5716 2279 5767 81
2338 5714 2648 5784 ’Δντερίσει.
2683 5714 2853 5766 Coisl.
2883 5714 2919 5765 2
2949 5714 3005 5764 et
3030 5714 3149 5765 Jes.
3182 5714 3492 5779 άντερεισει.

2195 5714 2309 5857 ίδῖὲ
2343 5783 2440 5841 Καὶ
2474 5782 2631 5842 ἐὰν...
2664 5780 2881 5855 συνέξει.
2916 5782 3043 5841 Ηᾶὶο
3080 5781 3291 5838 desunt
3318 5778 3379 5836 in
3408 5779 3503 5837 Or.
3533 5776 3589 5834 2.
