4138 6212
485 396 601 458 951

1726 387 1791 449 S.
1840 387 2209 449 GREGORII
2252 389 2650 450 THEOLOGI

3770 403 3898 463 952

477 528 601 586 lum
636 525 937 591 clauseris,
963 523 1097 594 quis
1129 522 1383 594 aperiet?
1412 522 1471 577 Si
1498 524 1819 577 cataractas
1851 525 1983 577 tuas
2013 519 2122 576 sol-

2240 517 2395 594 χίσαι
2422 521 2512 573 καὶ
2541 518 2854 594 πλουτίσαι,
2890 527 3103 591 ζωῶσαι
3148 523 3238 579 καί
3291 531 3611 602 θανατῶσαι,
3663 533 3896 604 πατάξαι

479 617 653 681 veris,
704 613 835 685 quis
884 608 1220 667 cohibebit?
1268 609 1459 666 Facile
1510 614 1599 666 est
1655 610 1712 665 in
1769 609 1954 665 oculis
2010 610 2129 665 tuis

477 719 791 777 pauperem
826 701 1013 758 facere
1042 704 1101 755 et
1130 699 1337 766 ditare,
1362 698 1714 754 mortiﬁcare
1739 702 1796 754 et
1813 699 2126 765 viviﬁcare,

480 796 784 866 percutere
843 794 901 845 et
959 806 1194 857 sanare;
1256 793 1476 861 tuaque
1529 788 1822 858 voluntas,
1876 789 2131 859 perfecta

480 886 570 938 est
599 880 770 935 actio.
807 881 876 934 Tu
924 880 1101 934 iratus
1145 895 1221 945 es,
1253 884 1309 933 et
1361 894 1460 935 nos
1502 880 1841 950 peccavimus
1860 878 1924 946 ‘3,
1949 876 2031 931 ait
2061 892 2129 931 ex

476 970 771 1027 veteribus
805 968 1066 1039 quidam,
1100 967 1404 1023 conﬁtens.
1444 969 1516 1022 At
1554 968 1682 1037 jam
1728 971 1962 1038 tempus
2015 969 2126 1034 est,

480 1065 547 1115 ut
576 1076 682 1131 ego
713 1058 773 1113 in
806 1056 1164 1115 contrarium
1215 1056 1406 1111 dicam
1441 1073 1455 1112 :
1488 1055 1605 1110 Nos
1652 1055 2042 1127 peccavimus,
2074 1060 2128 1109 et

475 1152 537 1205 tu
569 1149 756 1203 iratus
787 1163 869 1206 es.
903 1145 1123 1201 Idcirco
1154 1144 1359 1200 vicinis
1390 1144 1610 1200 nostris
1641 1144 2017 1215 opprobrium
2049 1143 2127 1198 fa-

480 1238 554 1294 cti
604 1252 831 1292 sumus.
859 1234 1131 1290 Avertisti
1194 1233 1399 1288 faciem
1457 1238 1643 1299 tuam,
1692 1238 1749 1287 et
1802 1232 2128 1305 ignominia

478 1325 694 1399 oppleti
722 1341 930 1381 sumus
950 1324 1013 1379 ‘9.
1036 1323 1253 1378 Verum
1286 1322 1541 1393 quiesce,
1573 1322 1838 1385 Domine,
1872 1323 2123 1389 remitte,

473 1415 739 1483 Domine,
770 1412 1059 1486 propitius
1108 1416 1257 1478 esto,
1292 1412 1529 1466 Domine
1564 1426 1577 1465 :
1611 1426 1682 1465 ne
1735 1427 1842 1465 nos
1892 1415 2129 1482 propter

477 1503 822 1576 iniquitates
854 1505 1086 1557 nostras
1116 1500 1175 1555 in
1206 1504 1551 1572 perpetuum
1580 1501 1811 1569 tradas;
1845 1515 1949 1554 nec
1979 1499 2126 1554 alios

478 1610 582 1666 per
610 1590 901 1664 supplicia
922 1593 1123 1646 nostra
1148 1588 1402 1660 erudias,
1429 1606 1562 1644 cum
1594 1606 1700 1644 nos
1722 1587 1971 1643 aliorum
2006 1605 2124 1660 poe-

475 1682 568 1738 nis
615 1680 914 1737 emendari
974 1679 1166 1735 liceat.
1215 1680 1475 1744 Quorum
1532 1677 1797 1734 scilicet?
1827 1677 2125 1747 Gentium,

474 1788 600 1844 quae
632 1774 688 1826 te
710 1786 822 1825 non
851 1771 1157 1839 noverunt,
1180 1771 1238 1824 et
1268 1784 1581 1839 regnorum
1605 1768 1756 1823 309
1781 1784 1907 1837 qua:
1940 1768 2125 1839 impe-

472 1861 558 1917 rio
590 1863 690 1915 tuo
721 1858 965 1957 minime
985 1858 1259 1958 subjecta.
1278 1861 1436 1958 sunt.
1457 1859 1527 1913 At
1546 1875 1652 1958 nos
1674 1856 1941 1958 populus
1960 1861 2124 1956 tuus,
2154 1893 2202 1958 B

476 1949 742 2021 Domine,
773 1952 829 2003 et
858 1948 1022 2020 virga
1050 1945 1406 2002 bareditatis
1443 1950 1555 2001 tua:
1577 1946 1640 2001 ⁸ο.
1674 1945 1921 2002 Proinde
1952 1945 2124 2001 casti-

473 2054 548 2111 ga
579 2054 705 2106 nos,
729 2053 930 2092 verum
963 2036 1022 2090 in
1054 2035 1526 2100 mansuetudine,
1550 2052 1615 2091 ac
1646 2052 1761 2091 non
1789 2034 1850 2089 in
1882 2034 1971 2090 ira
1998 2038 2121 2106 tua,

468 2143 541 2183 ne
566 2127 956 2199 paucissimos
984 2142 1089 2181 nos
1122 2124 1323 2193 facias,
1345 2129 1402 2179 et
1434 2122 1972 2195 contemptissimos
1998 2140 2122 2180 om-

468 2217 636 2274 nium
672 2216 773 2289 qui
804 2214 1071 2270 habitant
1098 2218 1317 2270 terram
1344 2214 1407 2270 δί.

538 2307 689 2363 ΧΙΙΙ.
723 2305 825 2361 His
855 2320 960 2377 ego
1001 2304 1375 2359 sermonibus
1423 2303 1887 2359 misericordiam
1933 2306 2119 2373 capto.

474 2395 638 2464 Quod
662 2394 712 2451 si
734 2392 1093 2450 holocaustis
1115 2393 1290 2448 etiam
1316 2395 1417 2447 aut
1438 2392 1741 2447 sacrificiis
1766 2392 1911 2447 iram
1934 2392 2124 2463 ipsius

472 2484 706 2559 placare
747 2482 968 2554 liceret,
1002 2498 1073 2537 ne
1115 2481 1209 2536 his
1269 2481 1504 2552 quidem
1566 2482 1976 2553 pepercissem.
2007 2481 2123 2537 Vos

473 2590 629 2643 vero,
671 2572 784 2645 ipsi
815 2586 1048 2643 quoque
1087 2568 1361 2624 timidum
1396 2570 1758 2625 sacerdotem
1785 2570 2120 2626 imitemini.

475 2664 564 2720 Ita
596 2659 1000 2731 facite,dilecti
1032 2658 1168 2726 ﬁlii;
1196 2658 1296 2725 ita,
1331 2657 1596 2731 inquam,
1630 2658 1798 2714 facite
1827 2675 1950 2730 vos,
1975 2675 2124 2730 quos

471 2750 682 2808 divina
702 2747 1118 2820 increpationis
1136 2751 1192 2802 et
1208 2747 1587 2820 benignitatis
1604 2748 1794 2804 socios
1811 2752 1867 2803 et
1882 2764 2123 2805 consor-

470 2842 563 2896 tes
592 2839 799 2894 habeo.
838 2838 899 2892 In
945 2836 1221 2908 lacrymis
1268 2835 1495 2892 animas
1526 2839 1751 2893 vestras
1808 2837 2121 2909 possidete,

473 2928 734 2985 divinam
770 2928 913 2981 iram
938 2926 1157 2993 sedate,
1181 2928 1374 2980 vestra
1393 2924 1525 2981 vita
1548 2925 1746 2981 studia
1767 2930 1825 2981 et
1855 2926 2125 2982 instituta

467 3018 532 3076 in
565 3016 779 3073 melius
808 3018 1261 3072 commutantes.
1294 3013 1638 3084 Sanctiﬁcate
1668 3014 1965 3085 jejunium,
1990 3030 2120 3086 pro-

469 3109 709 3166 clamate
765 3106 1135 3170 curationem;
1189 3105 1692 3176 quemadmodum
1732 3121 1834 3159 vos
1892 3120 2121 3159 mecum

472 3197 680 3255 beatus
731 3197 856 3252 Joel
907 3195 1245 3251 cohortatur
1263 3195 1330 3265 ‘9,
1365 3193 1697 3265 Congregate
1740 3195 1999 3262 seniores,
2033 3196 2121 3249 in-

2238 608 2328 662 καὶ
2380 607 2661 673 ἰάσατθαι’
2710 611 2801 665 καὶ
2851 612 2913 666 τὸ
2961 612 3185 682 θελῆσαί
3235 616 3348 689 (83)
3397 638 3515 686 σου,
3554 617 3749 694 πρᾶξίς
3780 620 3894 677 ἐστι

2238 695 2712 771 συντετελεσμένη.
2756 699 2830 753 Σὺ
2884 700 3182 776 ὠργίσθης,
3233 704 3323 758 καὶ
3351 707 3515 777 ἡμεῖς
3543 709 3894 782 ἡμάρτομεν,

2238 782 2384 861 λέγει
2412 806 2494 847 τις
2524 791 2631 841 τῶν
2678 785 2845 842 πάλαι
2896 788 3457 867 ἀνθομολογούμενος.
3508 795 3667 868 Ἐμοὶ
3714 795 3774 852 δὲ
3801 800 3893 853 καὶ

2233 874 2296 928 τὸ
2329 872 2564 929 ἐναντίον
2610 877 2797 952 καιρὸς
2848 877 3039 935 εἰπεῖν.
3086 881 3274 952 Ἡμεῖς
3325 884 3645 958 ἡμάρτομεν
3675 887 3767 941 καὶ
3828 888 3893 942 σὺ

2236 962 2531 1039 ὠργίσθης³
2567 962 2656 1019 διὰ
2683 970 2842 1020 τοῦτο
2872 965 3199 1043 ἐγενήθημεν
3230 966 3439 1034 ὄνειδος
3487 980 3603 1036 τοῖς
3652 975 3891 1050 γείτοσιν

2235 1052 2419 1124 ἡμῶν.
2482 1053 2847 1128 Ἀπέστρεψας
2903 1055 2966 1110 τὸ
3023 1055 3313 1133 πρόσωπόν
3366 1081 3484 1128 σου,
3528 1063 3619 1117 καὶ
3668 1065 3892 1136 ἀτιμίας

2235 1138 2605 1215 ἰπλήσθημεν.
2668 1142 2841 1200 Ἀλλά
2895 1143 3153 1215 κόπασον,
3226 1146 3407 1223 Κύριεο
3483 1150 3621 1220 ἄνες,
3700 1152 3888 1227 Κύριε

2234 1227 2512 1298 ίλάσθητι,
2566 1231 2763 1306 Κύριε·
2819 1234 2893 1305 μή
2941 1236 3054 1307 (84)
3105 1233 3361 1310 παραδῴς
3411 1240 3525 1311 (85)
3590 1241 3737 1313 ἡμᾶς
3812 1241 3895 1303 εἷς

2232 1318 2393 1380 τέλος
2424 1316 2517 1373 διὰ
2556 1318 2651 1381 τὰς
2698 1321 2927 1394 ἀνομίας
2968 1324 3152 1395 ἡμῶν,
3191 1323 3331 1397 μηδὲ
3362 1323 3451 1381 διὰ
3468 1331 3577 1382 τῶν
3602 1328 3891 1401 ἡμετέρων

2233 1404 2531 1482 παιδεύσῃς
2564 1405 2769 1471 ἄλλους
2824 1410 3120 1487 μαστίγων,
3165 1411 3280 1468 ἐνὸν
3311 1415 3462 1486 ἡμᾶς
3492 1412 3582 1471 διὰ
3626 1424 3723 1486 τῆς
3777 1417 3895 1473 ἐτε-

2235 1516 2343 1571 ρων
2377 1496 2610 1572 βασάνου
2658 1503 3133 1577 σωφρονισθῆναι·
3182 1501 3339 1557 τίνων
3387 1503 3637 1575 τούτων;
3682 1511 3888 1571 Ἐθνῶν

2231 1586 2338 1640 τῶν
2392 1585 2453 1640 ού
2498 1588 2615 1661 (86)
2667 1588 3046 1662 γινωσκόντων
3091 1612 3168 1665 σε,
3206 1592 3297 1646 καὶ
3326 1591 3638 1667 βασιλειῶν,
3696 1594 3754 1650 αἳ
3808 1594 3891 1668 τῷ

2232 1679 2311 1747 σῷ
2369 1674 2551 1752 κράτει
2610 1677 2717 1752 οὐχ
2778 1677 3137 1754 ὑπετάγήσαν.
3196 1682 3387 1755 Ἡμεῖς
3455 1680 3514 1736 δὲ
3570 1681 3702 1747 λαός
3764 1706 3888 1753 σου,

2232 1762 2415 1840 Κύριε,
2463 1765 2552 1819 καὶ
2604 1761 2801 1843 ῥάϐδος
2848 1765 3220 1843 κληρονομίας
3271 1791 3386 1827 σου.
3438 1773 3537 1825 Διὰ
3563 1777 3727 1827 τοῦτο
3758 1772 3893 1827 παίο

2235 1846 2420 1905 δευσον
2468 1853 2640 1925 ἡμᾶς,
2689 1852 2836 1922 πλὴν
2866 1853 2916 1908 ἐν
2950 1856 3313 1930 χρηστότητι,
3344 1858 3432 1913 καὶ
3469 1860 3545 1931 μὴ
3580 1858 3631 1914 ἐν
3662 1864 3744 1931 τῷ

2233 1940 2389 2013 θυμῷ
2418 1960 2514 1995 σου
2538 1958 2551 1972 ⁸
2579 1939 2669 1996 ’ίνα
2701 1942 2777 2015 μή
2812 1940 3130 2019 ὀλιγοστοὺς
3161 1947 3310 2019 ἡμᾶς
3339 1949 3596 2021 ποιήσῃς,
3644 1948 3733 2003 καὶ
3784 1970 3894 2004 πα-

2234 2028 2302 2107 ρὰ
2353 2029 2553 2093 πάντας
2612 2030 2737 2094 τοὺς
2792 2037 3176 2097 κατοικοῦντας
3244 2036 3344 2105 τὴν
3392 2042 3519 2111 γῆν,
3594 2035 3897 2109 ἱξουδένω-

2236 2140 2311 2194 μα
2341 2121 2476 2193 (88).

2305 2298 2404 2355 II".
2453 2295 2674 2360 Τούτοις
2722 2296 2827 2375 ἐγὼ
2872 2305 2991 2363 τοῖς
3034 2297 3225 2377 λόγοις
3272 2298 3421 2358 ἵλκω
3461 2304 3553 2359 τὸν
3602 2303 3780 2361 ἔλεον·
3844 2307 3898 2361 εἱ

2234 2383 2291 2442 δὶ
2318 2386 2407 2442 καὶ
2438 2386 2885 2462 ὁλοκαυτώμασιν
2917 2390 2952 2460 ἢ
3003 2390 3210 2453 θυσίαις
3255 2392 3323 2461 ἦν
3374 2392 3710 2463 ἐξιλάσασθαι
3761 2395 3895 2471 περί

2229 2483 2332 2546 τῆς
2386 2477 2579 2552 ὀργῆς,
2633 2476 2759 2532 οὐδὲ
2801 2477 3009 2534 τούτων
3077 2480 3135 2535 ἂν
3200 2480 3520 2559 ἐφεισάμην.
3586 2485 3770 2557 Ὑμεῖς
3829 2483 3894 2540 δὲ

2230 2565 2320 2620 καὶ
2352 2565 2505 2621 αὐτοὶ
2540 2568 2854 2640 μιμήσασθε
2885 2565 3067 2624 δειλὸν
3094 2569 3262 2646 ἱερὲα⁶
3308 2570 3417 2644 ναὶ,
3464 2572 3619 2627 τὲκνα
3668 2573 3891 2649 ἀγαπη-

2230 2655 2320 2722 τὰ,
2344 2653 2446 2724 ναῖ,
2481 2652 2624 2719 θείας
2680 2657 2937 2713 κοινωνοὶ
2982 2657 3071 2713 καὶ
3114 2658 3393 2722 νουθεσίας
3442 2661 3533 2716 καὶ
3580 2660 3895 2739 φιλανθρω-

2230 2743 2376 2806 πίας.
2416 2746 2692 2815 Κτήσασθε
2730 2748 2828 2809 τὰς
2876 2746 3058 2822 ψυχὰς
3110 2746 3261 2820 ὑμῶν
3313 2748 3365 2803 ἐν
3420 2746 3680 2825 δάκρυσι·
3754 2754 3895 2823 στή-

2232 2854 2355 2890 σατε
2411 2836 2509 2905 τὴν
2561 2837 2756 2912 ὀργὴν,
2809 2834 3058 2913 βελτίονα
3101 2839 3428 2909 ποιήσαντες
3477 2840 3545 2895 τὰ
3598 2839 3898 2911 ἐπιτηδεύ-

2235 2945 2377 2997 ματα
2455 2925 2629 2998 ὑμῶν.
2703 2924 2989 3000 Ἀγιάσατε
3061 2925 3325 2997 νηστείαν,
3399 2928 3665 3005 κηρύξατε
3732 2932 3897 3002 θερα-

2230 3013 2405 3068 πείαν’
2467 3016 2614 3068 ταῦθ’
2671 3013 2799 3087 ὑμῖν
2859 3012 3224 3071 διακελεύεται
3289 3018 3402 3090 μεθ’
3451 3020 3609 3091 ἡμῶν
3655 3017 3826 3089 Ἱωήλ
3862 3021 3893 3074 ὁ

2235 3103 2523 3179 μακάριος.
2612 3102 2946 3180 Συναγάγετε
3026 3100 3421 3181 πρεσϐυτέρους
3523 3108 3693 3177 νήπια
3793 3110 3897 3178 θη-

2233 3188 2464 3260 λάζοντα
2544 3192 2799 3264 μαστοὺς,
2875 3190 3093 3261 ἡλικίαν
3170 3191 3432 3264 ἐλεεινὴν,
3481 3194 3569 3249 καὶ
3655 3194 3900 3267 μάλιστα

471 3290 652 3360 iantes
688 3288 856 3342 ubera
901 3293 1166 3357 sugentes,
1200 3260 1430 3340 aetatem
1462 3260 1882 3351 miserabilem,
1912 3260 1991 3338 ac
2020 3284 2118 3339 Dei

2237 3287 2332 3350 τῆς
2375 3278 2472 3335 τοῦ
2521 3260 2654 3334 θεοῦ
2702 3280 3108 3359 φιλανθρωπίας
3155 3280 3324 3353 ἀξίαν.
3358 3260 3495 3339 Οίδα
3525 3280 3602 3352 δὲ,
3655 3260 3693 3338 ’ἃ
3720 3286 3895 3357 κάμοὶ

473 3375 875 3432 misericordia
905 3373 1196 3446 imprimis
1230 3373 1489 3445 dignam.
1522 3373 1637 3428 Nec
1667 3388 1801 3427 vero
1833 3386 1925 3426 me
1953 3372 2120 3443 fugit,

474 3481 742 3537 quamam
778 3463 922 3519 mihi
969 3479 1224 3535 quoque,
1258 3461 1485 3517 Domini
1529 3461 1823 3531 ministro,
1854 3464 1911 3515 et
1936 3461 2122 3527 vobis,

473 3553 575 3627 qui
606 3553 878 3608 eumdem
926 3551 1209 3607 honorem
1243 3549 1543 3605 consecuti
1591 3548 1751 3617 estis,
1786 3549 2122 3621 praecipiat;

473 3642 757 3700 nimirum
786 3644 852 3696 ut
879 3656 1014 3696 cum
1046 3639 1253 3695 ciliciis
1290 3638 1579 3710 templum
1612 3638 2035 3710 ingrediamur,
2057 3654 2123 3693 ac

472 3731 575 3788 diu
605 3733 896 3801 noctuque
926 3729 1077 3785 inter
1106 3728 1325 3801 gradus
1355 3730 1413 3783 et
1441 3726 1622 3783 altare
1652 3732 1883 3799 pectora
1907 3728 2124 3782 tunda-

473 3837 629 3887 mus,
674 3822 843 3891 gestu
904 3816 1030 3891 ipso
1089 3834 1154 3873 ac
1214 3816 1407 3889 specie
1463 3816 1851 3883 miserabiles,
1881 3817 2123 3873 vocibus

474 3906 965 3975 miserabiliores;
999 3910 1128 3962 tum
1162 3910 1380 3975 nostra,
1414 3910 1540 3960 tum
1573 3905 1773 3978 populi
1802 3922 2001 3974 causa,
2032 3906 2122 3961 in-

469 4001 629 4056 tente
675 4012 742 4052 ac
798 3994 1020 4069 prolixe
1051 3995 1393 4063 clamantes,
1427 4012 1543 4052 non
1592 3995 1799 4064 labori,
1831 4011 1947 4051 non
1998 4011 2119 4051 ser-

472 4086 655 4155 moni,
690 4102 808 4142 non
838 4084 976 4141 ullis
1018 4084 1149 4141 aliis
1193 4085 1369 4140 rebus
1416 4088 1742 4155 parcentes,
1776 4085 1991 4156 quibus
2021 4085 2120 4141 Dei

468 4174 793 4246 indignatio
841 4174 1095 4239 sedatur,
1148 4173 1405 4229 dicentes
1439 4192 1452 4230 :
1484 4176 1671 4245 Parce,
1725 4176 1976 4243 Domine,
2021 4190 2119 4247 po-

465 4265 601 4337 pulo
629 4269 747 4331 tuo,
779 4279 852 4318 ne
880 4263 970 4320 de:
999 4263 1380 4321 hwreditatem
1405 4266 1562 4319 tuam
1591 4264 1652 4319 in
1680 4264 2031 4336 opprobrium
2051 4265 2116 4334 53,

470 4360 527 4409 et
559 4368 686 4425 quis
721 4352 779 4407 in
811 4368 880 4407 ea
908 4352 1172 4409 oratione
1215 4356 1418 4425 postea
1447 4356 1807 4425 sequuntur;
1840 4356 2118 4425 tantoque

470 4442 759 4513 majorem
790 4440 1123 4498 afﬂictionis
1154 4446 1379 4514 partem
1410 4441 1750 4511 sentientes,
1779 4446 1997 4514 quanto
2026 4441 2119 4497 di-

468 4530 692 4605 gnitate
723 4530 1056 4603 superiores
1096 4548 1326 4602 sumus,
1358 4535 1558 4588 nostro
1587 4532 1851 4604 exemplo
1889 4531 2117 4605 plebem

2226 3370 2308 3441 τῷ
2360 3367 2662 3444 λειτουργῷ
2711 3369 2909 3443 Κυρίου
2956 3368 3047 3424 καὶ
3099 3370 3224 3443 ὑμῖν
3267 3368 3571 3426 ἐντέλλεται
3604 3374 3742 3445 (89),
3777 3378 3898 3434 τοῖς

2229 3462 2331 3527 τῆς
2356 3458 2524 3527 αὐτῆς
2558 3456 2716 3530 δὸξης
2748 3458 3099 3531 ἠξιωμένοις,
3131 3457 3391 3523 εἰσελθεῖν
3438 3459 3489 3513 ἐν
3524 3460 3745 3523 σάκκοις
3780 3464 3897 3534 (90)

2232 3545 2323 3601 καὶ
2369 3546 2655 3602 κόπτεσθαι
2709 3547 2901 3609 νυκτὸς
2931 3546 3019 3602 καί
3062 3545 3270 3623 ἡμέρας
3302 3546 3401 3602 ἀνᾶ
3431 3547 3593 3621 μέσον
3622 3551 3738 3621 (91)
3794 3558 3899 3620 τῆς

2231 3634 2503 3712 κρηπῖδος
2560 3635 2650 3691 καὶ
2705 3640 2803 3692 τοῦ
2862 3637 3267 3714 θυσιαστηρίου,
3326 3636 3598 3701 ἐλεεινοὺς
3627 3636 3708 3710 τῷ
3752 3641 3898 3714 σχή-

2240 3745 2391 3798 ματι,
2426 3723 2819 3803 ἐλεεινοτέρους
2874 3731 2991 3788 ταῖς
3047 3731 3275 3804 φωναῖς,
3352 3728 3590 3803 βοῶντας
3664 3726 3897 3790 ἐκτενῶς

2233 3814 2365 3890 ὑπερ
2422 3835 2481 3870 τε
2536 3815 2737 3870 ἑαυτῶν
2780 3814 2872 3869 καὶ
2917 3819 3015 3870 τοῦ
3054 3813 3212 3889 λαοῦ,
3244 3813 3593 3894 φειδομένους
3625 3816 3892 3889 μηδενὸς.

2239 3904 2313 3975 μὴ
2346 3904 2540 3977 κόπου,
2579 3905 2653 3977 μή
2769 3924 2954 3978 ματος,
2988 3905 3069 3968 οἷς
3101 3905 3229 3966 Θεὸς
3270 3903 3629 3978 ὶξιλάσκεται·
3670 3912 3891 3977 Φεῖσαι,

2232 3992 2414 4066 Κύριε,
2462 3996 2559 4048 τοῦ
2608 3990 2745 4047 λαοῦ
2809 4014 2924 4064 σου,
2995 3992 3272 4070 λέγοντας,
3330 3994 3420 4051 καὶ
3481 3996 3557 4068 μὴ
3617 3992 3728 4067 δῷς
3786 3997 3891 4064 τήν

2228 4079 2602 4156 κληρονομίαν
2664 4102 2759 4137 σου
2817 4081 2894 4145 εἷς
2970 4076 3200 4153 ὄνειδος,
3274 4082 3364 4138 καὶ
3441 4082 3541 4139 ὅσα
3597 4084 3723 4157 ἑξῆς
3783 4092 3888 4154 τῆς

2231 4169 2487 4242 δεήσεως·
2536 4176 2796 4228 τοσοῦτον
2843 4170 3010 4228 πλέον
3044 4168 3271 4249 ἔχοντας
3298 4178 3398 4243 τῆς
3440 4172 3707 4246 θλίψεως,
3762 4175 3886 4230 ὅσον

2226 4261 2316 4317 καὶ
2361 4268 2463 4331 τῆς
2506 4260 2673 4334 ἀξίας,
2730 4259 2800 4317 δι’
2849 4262 3051 4317 ἑαυτῶν
3089 4260 3440 4325 παιδεύοντας
3464 4262 3557 4317 τὸν
3587 4260 3722 4318 λαὸν
3751 4264 3889 4339 πρὸς

2227 4351 2523 4425 κατάνυξιν,
2578 4351 2669 4405 καὶ
2724 4357 2827 4421 τῆς
2879 4350 3068 4414 κακίας
3128 4348 3435 4427 διόρθωσιν,
3490 4352 3581 4407 καὶ
3626 4353 3730 4421 τὴν
3763 4352 3890 4408 ἕπο-

2232 4442 2396 4515 μὲνην
2424 4440 2637 4503 τούτοις
2665 4444 2763 4497 τοῦ
2793 4444 2925 4496 Θεοῦ
2960 4440 3361 4516 μακροθυμίαν,
3392 4439 3483 4496 καὶ
3542 4441 3757 4515 ἀνοχὴν
3788 4448 3888 4510 τῆς

2233 4550 2369 4605 μαστ
2378 4550 2488 4606 ιγος
2497 4572 2510 4585 .

467 4621 540 4678 ad
572 4621 1105 4694 compunctionem,
1135 4620 1533 4694 improbieque
1562 4621 1693 4679 vitae
1724 4621 2163 4691 correctionem,
2196 4638 2375 4694 quam
2407 4620 2607 4694 utique
2649 4620 2752 4678 Dei
2790 4620 3000 4679 lenitas
3030 4621 3320 4694 virgaque
3349 4620 3665 4695 suspensio
3699 4620 3882 4678 comi-

462 4712 644 4780 tatur,
675 4709 1030 4768 enudientes.

539 4797 679 4856 XIV.
714 4800 895 4857 Venite
949 4799 1131 4874 igitur
1187 4817 1414 4871 omnes,
1445 4817 1477 4857 ο
1524 4800 1753 4871 fratres,
1802 4800 2111 4872 adoremus,

465 4896 518 4947 et
546 4889 916 4959 procidamus,
947 4894 999 4947 et
1043 4891 1324 4963 ploremu:
1371 4906 1560 4947 coram
1616 4890 1867 4958 Domino,
1907 4893 2005 4961 qui
2029 4893 2113 4961 fe-

2293 4805 2386 4858 IA’.
2452 4801 2611 4854 Δεῦτε
2666 4797 2757 4854 οῦν
2812 4796 3027 4871 πάντες,
3084 4795 3333 4877 ἀδελφοὶ,
3384 4801 3878 4876 προσκυνήσωμεν,

2221 4887 2311 4944 καὶ
2383 4886 2775 4965 προσπέσωμεν
2852 4890 2987 4962 (92),
3064 4888 3154 4943 καὶ
3229 4885 3552 4963 κλαύσωμεν
3643 4886 3878 4943 ἐναντίον

537 5085 582 5121 ⁸⁸
608 5085 719 5144 Isa.
754 5105 902 5158 LXIV,
932 5089 987 5144 5.
1063 5089 1109 5124 ιθ
1134 5087 1288 5146 Psal.
1323 5100 1553 5157 Lxxvm,
1585 5086 1637 5140 4.
1714 5084 1759 5119 ⁵ο
1787 5083 1938 5142 Ibid.
1968 5086 2022 5158 6,
2054 5086 2122 5143 13

2237 5090 2263 5125 ίί
2293 5087 2414 5145 Jer.
2445 5104 2501 5157 κ,
2533 5087 2623 5155 24,
2652 5087 2744 5144 25.
2820 5088 2867 5123 ⁸³
2892 5085 3021 5144 Joel
3050 5104 3090 5157 ι,
3126 5087 3213 5142 14.
3287 5086 3334 5122 ⁸³
3359 5084 3482 5143 Joel
3512 5102 3577 5157 ιι,
3612 5087 3704 5143 17.

534 5298 647 5440 (83)
675 5298 744 5352 Τὸ
774 5295 1021 5366 θελῆσαι.
1052 5298 1225 5355 Coisl.
1260 5300 1313 5366 1,
1360 5297 1422 5353 τὸ
1454 5295 1692 5372 θὲλημα.

534 5371 623 5438 (84
678 5371 788 5438 Μή.
823 5369 997 5440 coisl.
1030 5371 1079 5435 1,
1113 5371 1208 5425 0r.
1241 5371 1295 5439 2,
1328 5370 1551 5440 milia.

531 5369 788 5440 (81015125.
823 5369 997 5441 coisl.
1030 5371 1079 5435 1,
1113 5371 1208 5425 Or.
1241 5371 1295 5439 2,
1328 5370 1551 5441 mima.

673 5436 956 5517 ιιαραδῷς.
990 5441 1161 5517 Coisl.
1198 5443 1247 5513 1,
1278 5436 1596 5517 παραδῴης.

554 5510 643 5584 86)
675 5510 767 5565 oe;
803 5514 895 5567 op.
923 5516 976 5577 2,
1014 5514 1113 5584 μή.

533 5583 645 5658 ςξῖ)
676 5584 760 5658 Ἐν
792 5585 892 5658 τῷ,
924 5583 1096 5641 Deest
1126 5584 1184 5658 in
1212 5586 1387 5658 Regg.
1421 5603 1474 5653 a,
1508 5604 1557 5654 c,
1592 5592 1647 5643 et
1677 5589 1734 5643 in
1768 5587 1861 5643 Or.
1894 5590 1948 5642 2.

533 5603 645 5723 (Ol;
692 5603 760 5635 εν
792 5603 892 5711 τὲ»,
924 5603 1096 5641 υθθει
1126 5603 1184 5639 1n
1214 5603 1387 5658 negg.
1421 5603 1474 5653 a,
1508 5604 1557 5654 c,
1592 5603 1647 5643 et
1677 5605 1734 5643 in
1768 5603 1861 5671 ur.
1894 5603 1948 5642 re.

462 5652 825 5795 ουὲῗῗηρῗυυ
864 5675 1068 5729 ενωμα.
1126 5657 1329 5715 Plures
1387 5658 1565 5734 Regg.
1616 5664 1673 5717 et
1719 5658 1893 5717 Cuisl.
1930 5662 1980 5730 1,
2024 5658 2101 5730 ἐξ·

2293 5298 2802 5377 (89)]Εντὲλλεται.
2848 5302 2984 5375 Reg.
3016 5301 3117 5374 ph,
3156 5297 3496 5377 ἐντιταλται,
3547 5322 3602 5377 «-
3632 5302 3873 5377 manda-

2216 5371 2318 5432 vit.
2349 5371 2615 5446 n'Mont.,
2648 5371 2972 5445 ἐντέτακταῖ,
3009 5371 3054 5446 (ἶΔ
3071 5374 3380 5446 ordinavit.
3414 5371 3747 5431 constituit.
3778 5395 3807 5423 κ

2309 5449 2400 5521 90)
2433 5447 2517 5521 Ἑν
2541 5443 2791 5521 σάκκοις.
2814 5446 2921 5521 ρι’.
2955 5443 3008 5511 2,
3029 5443 3091 5521 ,ἰν
3131 5444 3337 5519 σάκκῳ.

2309 5451 2400 5521 90)
2434 5451 2517 5502 Ἑν
2553 5451 2791 5508 σάκκοις.
2826 5451 2921 5503 Or.
2955 5451 3008 5511 2,
3039 5451 3091 5501 ιν
3131 5451 3337 5519 σάκκῳ.

2288 5451 2399 5588 (91)
2430 5519 2560 5573 Ἀνὰ
2595 5518 2777 5591 μέσον.
2812 5519 2950 5590 Reg.
2988 5518 3064 5591 ph
3096 5514 3800 5591 οοηλυοοῐὶωιᾷναμὲσον.

2289 5586 2399 5679 (92)
2431 5586 2853 5679 Ilpqairéewpev.
2882 5586 3055 5647 Cois].
3089 5590 3143 5658 1,
3174 5586 3269 5647 0r.
3303 5594 3357 5658 2,
3390 5594 3446 5646 et
3486 5590 3738 5645 Montac.
3772 5586 3865 5642 ad-

2216 5662 2389 5735 dunt,
2422 5662 2586 5733 αὐτῷ.
