4138 6212
380 405 499 469 953

1304 408 1594 470 ORATIO
1637 406 2000 472 XVI.—IN
2046 403 2371 467 PATREM
2413 404 2866 466 TACENTEM.

3668 410 3787 471 954

385 535 584 611 Κυρίου
639 540 736 591 τοῦ
797 538 1128 608 ποιήσαντος
1202 540 1372 611 ἡμᾶς.
1439 539 1775 611 Στησώμεθα
1847 538 2026 594 κοινὸν

2138 540 2213 593 cit
2239 537 2420 593 nos“.
2455 536 2561 592 Pro
2610 540 2847 593 aetatum
2880 550 2943 593 ac
2972 550 3251 609 generum
3300 538 3523 595 ratione
3573 539 3790 597 distin-

383 626 595 693 πένθος,
644 624 779 679 κατά
822 647 882 680 τε
929 624 1148 695 ἡλικίας
1201 630 1309 701 (93)
1357 628 1444 681 καὶ
1477 627 1604 702 γένη
1641 626 2017 702 διαιρεθέντες.

376 715 707 786 ’Υψώσωμεν
754 715 852 783 τὴν
912 718 1097 793 φωνὴν
1155 722 1255 786 τῆς
1314 715 1514 779 ἱκεσίας
1575 719 1706 789 (94)·
1768 716 1882 770 ἀντὶ
1929 720 2027 784 τῆς

387 803 723 875 μισουμένης
772 802 917 875 αὐτῷ
974 812 1237 880 κραυγῆς,
1293 804 1491 876 ταύτην
1552 806 1626 867 εἰς
1674 806 1740 860 τὰ
1786 807 1897 859 ὦτα
1929 811 2029 858 Κυ-

383 890 504 967 ρίου
558 888 786 946 Σαϐαὼο
834 891 1201 970 ἀνενέγκωμεν
1268 897 1400 968 (95)⁶
1471 896 1876 971 Προφθάσωμεν
1932 892 2026 948 αὖ·

375 983 474 1033 τοῦ
532 981 631 1049 τήν
691 980 858 1055 ὀργὴν
921 980 971 1036 έν
1031 982 1443 1058 ἐξομολογήσει.
1522 983 1884 1056 Βουληθῶμεν
1935 981 2027 1036 αὖ·

379 1069 470 1123 τὸν
531 1066 686 1135 ἰδεῖν,
761 1068 939 1146 ὣσπερ
1002 1072 1360 1148 ὠργισμένον,
1413 1071 1555 1127 οὕτω
1606 1072 1695 1127 καὶ
1754 1070 2027 1145 μετατιθέ-

382 1177 557 1229 μενον.
618 1157 719 1219 Τίς
778 1156 912 1230 οἶδε,
975 1160 1158 1237 φησίν,
1218 1161 1263 1216 εί
1331 1161 1661 1238 ἐπιστρέψει,
1724 1161 1813 1215 καὶ
1869 1182 2029 1234 μετα-

376 1249 560 1317 νοήσει
613 1250 748 1321 (96),
797 1250 886 1303 καὶ
945 1248 1295 1324 ὑπολείψεται
1350 1253 1464 1326 (97)
1530 1250 1825 1326 εὐλογίαν;
1899 1247 2041 1303 Οἶδα

376 1340 538 1389 τοῦτο
568 1341 751 1413 σαρῶς
786 1336 889 1413 ἐγὼ
936 1346 1035 1408 τῆς
1080 1344 1176 1393 τοῦ
1221 1344 1353 1395 Θεοῦ
1397 1338 1805 1417 φιλανθρωπίας
1834 1337 2027 1414 ἐγγυη-

376 1426 499 1494 τής.
550 1424 647 1479 Καὶ
697 1424 726 1479 ὅ
772 1426 916 1502 παρᾶ
945 1426 1100 1505 φύσιν
1134 1428 1273 1484 ἐστὶν
1323 1429 1487 1501 αὐτῷ,
1519 1436 1619 1498 τῆς
1652 1428 1818 1505 ὀργῆς
1851 1427 2024 1506 ἀφεὶς,

376 1510 463 1567 έπὶ
493 1514 556 1568 τὸ
603 1516 737 1569 κατὰ
789 1515 941 1593 φύσιν
1002 1520 1269 1593 χωρήσει,
1316 1520 1406 1573 τὸν
1469 1516 1641 1574 ἔλεον.
1699 1518 1796 1579 Εἷς
1854 1518 2025 1572 ἐκεῖνο

380 1603 474 1676 μὲν
503 1602 605 1678 γὰρ
636 1605 723 1682 ὑφ’
751 1606 910 1677 ἡμῶν
958 1606 1216 1681 βιάζεται·
1268 1608 1405 1684 πρὸς
1456 1605 1512 1662 δὲ
1560 1612 1717 1662 τοῦτο
1773 1609 1870 1675 τὴν
1932 1607 2024 1682 ὁρ-

378 1693 485 1765 μήν
558 1690 695 1768 ἔχει.
772 1694 867 1748 Καὶ
936 1694 983 1749 εἷ’
1037 1694 1290 1750 πατάσσει
1350 1695 1692 1770 βιαζόμενος,
1750 1699 1866 1757 πῶς
1927 1694 2024 1749 οὐκ

374 1777 557 1850 ἀνήσει
592 1783 701 1854 (98)
732 1786 801 1855 τῇ
834 1782 983 1860 φύσει
1029 1786 1354 1861 χρώμενος;
1407 1786 1581 1840 Μόνον
1630 1787 1777 1858 ἡμᾶς
1826 1783 2020 1846 αὐτοὺς

371 1866 708 1977 έλεήσωμεν,
743 1877 859 1933 τοῖς
893 1870 1121 1935 δικαίοις
1152 1879 1247 1929 τοῦ
1281 1875 1490 1949 Πατρὸς
1524 1877 1631 1948 (99)
1681 1873 2019 1950 σπλάγχνοις
2049 1912 2098 1977 Β

317 2022 323 2027 _
372 1954 495 2012 ὁδὸν
542 1960 619 2032 (1)
667 1958 987 2030 ἀνοίξαντες.
1043 1962 1359 2039 Σπείρωμεν
1411 1962 1460 2017 ἐν
1523 1961 1797 2037 δάκρυσιν,
1849 1960 1923 2016 ’ἶν’
1965 1961 2015 2017 ἐν

369 2044 690 2122 ἀγαλλιάσει
744 2048 1065 2124 θερίσωμεν.
1118 2052 1405 2123 Γενώμεθα
1452 2052 1736 2121 Νινευῖται,
1792 2053 1866 2124 μή
1912 2058 2015 2105 Σο-

373 2131 595 2207 δομῖται
620 2155 632 2168 ·
667 2134 1078 2211 όεραπεύσωμεν
1106 2140 1204 2207 τήν
1245 2138 1459 2209 κακίαν,
1494 2141 1567 2212 μὴ
1601 2144 1667 2215 τῇ
1698 2139 1859 2212 κακίᾳ
1903 2161 2019 2195 συν-

368 2222 725 2297 τελεσθῶμεν.
796 2225 1141 2300 Ἀκούσωμεν
1226 2229 1383 2283 Ἰωνᾶ
1472 2230 1858 2304 κηρύσσοντος,
1939 2231 2016 2302 μή

370 2312 500 2385 πυρὶ
556 2312 646 2367 καὶ
704 2313 828 2387 θείῳ
884 2316 1363 2391 κατακλυσθῶμεν.
1424 2318 1526 2373 Κᾶν
1588 2318 1888 2392 ἐξέλθωμεν
1940 2322 2016 2392 (2)

372 2398 616 2473 Σόδομα,
649 2398 975 2478 προσϐῶμεν
1003 2409 1081 2476 τῷ
1107 2402 1244 2480 ὄρει,
1284 2406 1680 2484 καταφύγωμεν
1706 2406 1781 2469 εἷς
1832 2409 2015 2484 Σεγὼρ

369 2493 463 2564 (3),
496 2490 773 2566 ἀνίσχοντι
805 2493 1227 2569 συνεισέλθωμεν
1258 2498 1334 2568 (4)
1362 2501 1440 2568 τῷ
1469 2495 1636 2570 ἡλίῳ.
1664 2503 1752 2566 Μή
1802 2502 2015 2570 στῶμεν

366 2578 416 2634 έν
452 2579 593 2654 πάσῃ
621 2580 690 2655 τῇ
722 2584 1041 2659 περιχώρῳ·
1081 2586 1155 2657 μὴ
1188 2580 1647 2661 περιϐλεψώμεθα
1674 2588 1776 2661 (5),
1813 2589 1887 2658 μὴ
1919 2607 2018 2641 πα-

366 2670 548 2744 γῶμεν
581 2668 656 2732 εἷς
685 2669 894 2742 στήλην
931 2672 1083 2743 ἁλὸς,
1118 2673 1327 2745 στήλην
1377 2671 1546 2738 ὄντως
1595 2675 1872 2749 ἀθάνατον,
1925 2678 2015 2731 καὶ

363 2758 695 2834 κατηγορίαν
726 2761 913 2836 ψυχῆς
939 2760 1012 2824 είς
1044 2762 1229 2818 κακίαν
1263 2763 1709 2843 έπιστρεφοόσης.

439 2937 540 2992 ΙΕ’.
576 2940 819 3010 Γνῶμεν,
851 2937 1024 2994 ὅτιτὸ
1060 2941 1154 3013 μὶν
1193 2938 1360 3015 μηδὲν
1412 2944 1667 3017 ἁμαρτεῖν
1702 2946 1798 3015 (6),
1848 2938 2016 3005 ὅντως

366 3022 500 3101 ὑπὲρ
533 3026 835 3101 ἀνθρωπον,
885 3028 973 3082 καὶ
1028 3028 1193 3102 μόνου
1242 3034 1395 3085 Θεοῦ·
1440 3029 1510 3085 ἐῶ
1558 3033 1662 3106 γὰρ
1701 3032 1823 3107 περὶ
1850 3031 2012 3107 ἀγγέ-

364 3110 477 3167 λων
535 3135 586 3168 τι
646 3113 848 3191 λέγειν,
914 3118 988 3190 μὴ
1052 3114 1231 3191 δῶμεν
1286 3119 1472 3195 καιρὸν
1528 3125 1645 3182 τοῖς
1684 3120 1893 3190 πάθεσι,
1926 3122 2015 3175 καὶ

363 3199 524 3277 θύραν
557 3205 633 3276 (7)
664 3211 933 3275 πονηραῖς
966 3206 1331 3283 ἀντιρῥήσεσι·
1375 3208 1438 3262 τὸ
1488 3206 1545 3263 δὲ
1592 3212 1667 3282 (8)
1719 3209 2013 3283 ἀθεράπευ-

2138 627 2237 697 oti,
2290 625 2737 698 supplicationis
2786 643 2983 682 vocem
3042 626 3409 696 attollamus;
3444 645 3546 699 pro
3595 629 3784 687 inviso

2135 715 2248 787 ipsi
2281 714 2532 770 clamore
2563 716 2719 771 hunc
2745 716 2817 771 ad
2848 732 3017 771 aures
3042 716 3269 770 Domini
3300 716 3550 772 Sabaoth
3582 719 3787 775 eveha-

2138 819 2272 857 mus
2307 818 2319 857 :
2357 804 2502 857 Iram
2548 804 2703 858 illius
2751 805 2807 858 in
2855 806 3192 874 confessione
3229 819 3670 876 praeoccupemus
3693 808 3736 841 ⁵⁸
3768 825 3781 863 :

2136 890 2330 961 ipsum
2381 892 2651 962 denique,
2686 896 2749 947 ut
2778 892 3015 961 iratum,
3048 894 3129 948 ita
3174 893 3351 949 etiam
3403 898 3696 950 mutatum
3729 900 3784 951 et

2137 982 2407 1035 sedatum
2456 979 2669 1036 intueri
2699 980 2968 1037 velimus.
3003 984 3143 1053 Quis
3172 985 3293 1047 scit,
3328 983 3522 1055 inquit
3558 983 3676 1051 ille,
3708 1001 3782 1040 an

2136 1076 2484 1124 convertatur
2512 1077 2563 1123 et
2588 1071 2912 1138 pwnitentia
2955 1071 3202 1139 ducetur,
3237 1089 3300 1128 ac
3351 1072 3782 1130 benedictionem

2137 1159 2452 1230 relinquet?
2483 1159 2596 1229 Ego
2627 1175 2759 1214 vero
2797 1159 2854 1213 id
2903 1159 3073 1230 plane
3122 1161 3262 1231 scio,
3296 1176 3401 1233 ego
3429 1162 3636 1219 divinae
3668 1164 3779 1219 mi-

2138 1248 2464 1303 sericordiae
2488 1264 2755 1319 sponsor.
2780 1248 2923 1303 Nam
2952 1253 3103 1305 certe
3128 1250 3310 1305 missa
3342 1250 3493 1305 facta
3521 1252 3628 1321 ira,
3653 1270 3779 1325 quas

2135 1337 2325 1408 ipsius
2370 1340 2592 1392 naturae
2638 1340 2945 1409 repugnat,
2996 1338 3068 1392 ad
3119 1337 3598 1406 misericordiam,
3654 1358 3778 1412 quae

2133 1424 2322 1497 ipsius
2370 1431 2589 1481 naturae
2643 1430 3035 1481 consentanea
3065 1427 3219 1481 310
3250 1431 3358 1493 est,
3392 1444 3455 1483 se
3501 1430 3777 1486 conferet.

2134 1516 2222 1569 Ad
2254 1514 2397 1570 illud
2428 1515 2585 1570 enim
2634 1533 2667 1569 a
2715 1515 2883 1571 nobis
2910 1515 2965 1570 vi
2995 1516 3270 1587 adigitur,
3304 1516 3374 1571 ad
3425 1515 3533 1571 hoc
3582 1522 3779 1574 autem

2134 1608 2340 1677 suapte
2358 1611 2570 1660 natura
2589 1604 2792 1659 fertur.
2810 1604 2971 1670 Quod
2995 1604 3043 1660 si
3070 1605 3121 1659 vi
3144 1606 3215 1660 ad
3235 1604 3293 1660 id
3317 1606 3560 1661 adactus
3583 1624 3782 1678 percu-

2132 1694 2223 1761 tit,
2240 1695 2531 1766 quomodo
2553 1694 3005 1765 propensionem
3027 1698 3264 1749 secutus
3290 1711 3405 1750 non
3428 1696 3780 1752 remittet“?

2131 1785 2387 1839 Tantum
2415 1800 2522 1839 nos
2552 1784 2713 1856 ipsos
2742 1783 3281 1851 commisereamur,
3306 1784 3419 1856 piis
3450 1785 3637 1841 Patris
3658 1784 3778 1841 vis-

2131 1873 2362 1928 ceribus
2387 1873 2544 1928 viam
2593 1872 2936 1945 aperientes.
2970 1874 3036 1927 In
3066 1872 3342 1946 lacrymis
3392 1874 3776 1943 seminemus,

2129 1967 2195 2017 ut
2224 1963 2283 2017 in
2314 1962 2700 2017 exsultatione
2725 1968 3018 2018 metamus
3041 1962 3103 2018 ³⁷.
3132 1963 3421 2019 Ninivitas
3454 1964 3775 2033 imitemur,

2129 2067 2245 2105 non
2287 2050 2639 2107 Sodomitas.
2680 2052 3050 2121 Improbitati
3100 2051 3451 2107 medicinam
3500 2052 3775 2109 adhibea—

2128 2155 2284 2207 mus,
2310 2156 2379 2194 ne
2401 2156 2534 2195 cum
2558 2140 2933 2211 improbitate
2950 2157 3388 2213 consumamur.
3411 2141 3621 2196 Jonam
3646 2159 3779 2197 con-

2128 2229 2459 2284 cionantem
2479 2229 2812 2296 audiamus,
2827 2247 2899 2286 ne
2916 2230 3049 2301 igne
3066 2237 3117 2285 et
3136 2230 3418 2302 sulphure
3434 2230 3591 2287 velut
3606 2232 3775 2303 aquis

2128 2319 2467 2373 obruamur.
2515 2320 2679 2384 Quod
2730 2319 2780 2374 si
2830 2336 2861 2374 e
2906 2320 3177 2375 Sodomis
3223 2319 3668 2391 excesserimus,
3703 2322 3775 2376 ad

2127 2411 2383 2463 montem
2416 2408 2825 2478 ascendamus,
2849 2408 2920 2463 ad
2950 2408 3232 2479 oppidum
3265 2409 3445 2480 Segor
3473 2408 3776 2481 confugia-

2129 2513 2284 2565 mus,
2318 2497 2390 2551 ad
2442 2495 2585 2552 solis
2633 2500 2828 2551 ortum
2879 2496 3020 2552 illuc
3070 2497 3468 2568 ingrediamur
3488 2498 3551 2553 ⁸⁸.
3584 2497 3666 2553 Ne
3714 2496 3773 2553 in

2127 2585 2247 2641 ulla
2277 2586 2477 2641 vicinae
2510 2585 2763 2658 regionis
2812 2589 2974 2657 parte
3007 2587 3211 2658 pedem
3244 2587 3525 2659 figamus;
3555 2603 3627 2642 ne
3656 2586 3771 2642 cir-

2124 2675 2605 2747 cumspiciamus,
2640 2690 2711 2730 ne
2741 2674 2959 2747 alioqui
2991 2675 3050 2729 in
3091 2674 3234 2731 salis
3263 2675 3599 2731 columnam
3630 2692 3773 2731 con-

2126 2780 2479 2833 crescamus,
2513 2763 2869 2835 columnam,
2900 2764 3166 2835 inquam,
3190 2779 3321 2819 vere
3353 2764 3770 2836 immortalem,

2126 2853 2451 2926 animaeque
2481 2853 2539 2908 in
2570 2852 2781 2907 vitium
2813 2852 3128 2909 relabentis
3157 2853 3597 2909 accusatricem.

2196 2942 2312 2996 XV.
2346 2942 2492 2997 Illud
2538 2941 2837 3013 cognitum
2881 2941 3224 3009 habeamus,
3258 2942 3411 3013 quod
3443 2942 3604 2997 omni
3630 2941 3769 2998 vitio

2125 3048 2342 3097 carere,
2372 3048 2504 3086 vere
2533 3030 2789 3086 hominis
2841 3029 3146 3085 modulum
3194 3030 3438 3097 excedit,
3471 3029 3770 3102 soliusque

2125 3120 2224 3175 Dei
2259 3123 2367 3175 est.
2409 3119 2565 3174 Nihil
2624 3119 2781 3174 enim
2831 3119 2902 3174 de
2949 3118 3172 3191 angelis
3221 3118 3371 3188 dico,
3413 3136 3485 3174 ne
3541 3119 3768 3176 vitiosis

2125 3208 2529 3265 affectionibus
2577 3208 2939 3263 occasionem
2988 3207 3217 3274 demus,
3261 3210 3437 3278 atque
3484 3207 3769 3278 improbis

359 3310 474 3363 τον,
525 3298 625 3361 τῆς
674 3300 919 3367 πονηρᾶς
970 3293 1058 3349 καί
1114 3297 1489 3369 ἀντικειμένης
1528 3297 1638 3353 ἐστι
1669 3300 1744 3371 (9)
1777 3299 2006 3375 φύσεως,

2130 3297 2599 3355 contentionibus
2639 3297 2886 3367 januam
2917 3296 3271 3367 aperiamus.
3297 3296 3524 3351 Perdite
3573 3301 3764 3352 autem

355 3379 449 3433 καὶ
496 3384 603 3435 τῶν
660 3381 751 3435 ὐπ’
809 3381 1013 3454 ἐκείνης
1072 3384 1489 3461 ἐνεργουμένων.
1540 3389 1609 3441 Τὸ
1665 3384 1721 3441 δὲ
1771 3387 2011 3462 ἁμαρτά-

355 3487 545 3530 νοντας
601 3469 951 3548 ἔρια-τρέφειν,
1025 3474 1322 3549 ἀνθρώπων
1382 3477 1501 3549 μὶν,
1553 3475 1679 3531 ἀλλ’
1736 3475 2008 3550 ἐπιεικῶν,

351 3556 443 3611 καὶ
488 3564 589 3627 τῆς
636 3561 951 3633 σωζομένης
1001 3564 1115 3636 (40)
1165 3563 1405 3636 μερίδος.
1447 3564 1508 3618 Εἰ
1540 3567 1643 3639 γὰρ
1673 3566 1761 3619 καὶ
1791 3567 1817 3619 ὁ
1871 3569 2008 3640 χοῦς

353 3645 661 3722 ἐπισύρεταί
689 3667 742 3702 τι
770 3655 872 3718 τῆς
923 3650 1133 3719 κακίας,
1181 3651 1271 3706 καὶ
1318 3653 1379 3707 τὸ
1426 3650 1626 3727 γεῶδες
1657 3661 1851 3723 σκῆνος
1888 3654 2009 3729 βρί-

354 3745 437 3798 θει
466 3736 557 3791 τὸν
608 3740 734 3792 νοῦν
793 3734 903 3793 ἅνω
962 3740 1278 3816 φερόμενον,
1329 3744 1363 3811 ἢ
1424 3739 1533 3796 ἄνω
1566 3744 1814 3818 φέρεσθαι
1848 3740 2007 3813 δεδη-

357 3826 781 3902 μιουργημένον·
832 3826 958 3883 ἀλλ’
1007 3830 1041 3899 ἡ
1093 3831 1204 3903 (11)
1255 3831 1411 3885 εἰκὼν
1462 3831 1861 3906 ἀνακαθαιρέτω
1903 3833 2002 3901 τήν

352 3912 499 3985 ἰλὺν,
548 3916 638 3970 καὶ
706 3914 815 3971 ἅνω
868 3918 1065 3983 τιθέτω
1104 3920 1216 3992 (12)
1248 3921 1343 3988 τὴν
1374 3921 1641 3997 ὁμόζυγον
1667 3924 1855 3997 σάρκα,
1886 3925 2005 3983 τοῖς

349 4008 448 4058 τοῦ
507 3999 680 4080 λόγου
737 4012 957 4081 πτεροῖς
1011 4007 1328 4086 κουφίουσα.
1391 4010 1493 4066 Καὶ
1574 4012 1687 4085 (13)
1761 4015 2004 4085 κρεῖττον

354 4091 473 4165 μὶν,
530 4096 667 4166 μήτε
715 4092 971 4166 δεηθῆναι
1016 4096 1276 4167 τοιαύτης
1318 4097 1647 4175 καθάρσεως,
1702 4100 1841 4171 μήτε
1870 4099 1999 4153 καθ-

349 4182 601 4257 αρθῆναι,
666 4188 765 4239 τοῦ
837 4186 1059 4260 πρώτου
1130 4185 1383 4259 μένοντος
1456 4189 1591 4261 ἡμῖν
1670 4189 1997 4262 ἀξιώματος,

2121 3392 2176 3443 et
2204 3385 2608 3442 incurabiliter
2650 3390 2948 3459 aegrotare,
2982 3401 3169 3456 pravae
3215 3384 3376 3440 illius
3407 3390 3464 3441 et
3494 3387 3765 3442 adversa-

2120 3477 2217 3531 riae
2249 3480 2467 3531 naturas
2501 3478 2609 3542 est,
2643 3480 2817 3546 atque
2864 3491 3087 3541 eorum,
3120 3475 3217 3545 qui
3267 3474 3339 3530 ab
3370 3490 3437 3529 ea
3467 3476 3763 3531 afﬂantur.

2116 3568 2191 3621 At
2219 3582 2351 3621 vero
2392 3568 2522 3637 post
2564 3568 2865 3636 peccatum
2896 3565 2965 3619 ad
3001 3561 3301 3620 meliorem
3352 3567 3606 3620 mentem
3638 3565 3764 3620 red-

2117 3654 2222 3724 ire,
2256 3654 2562 3710 hominum
2593 3669 2741 3720 esse,
2774 3668 2973 3708 verum
3006 3653 3347 3724 proborum,
3380 3656 3435 3708 et
3467 3653 3565 3723 qui
3599 3669 3668 3707 ex
3699 3669 3765 3707 ea

2116 3742 2303 3799 classe
2345 3743 2485 3811 sint,
2535 3759 2662 3813 quae
2712 3741 2963 3797 salutem
3012 3741 3403 3812 consequitur.
3456 3740 3601 3794 Nam
3654 3740 3763 3795 etsi

2115 3831 2305 3904 pulvis
2346 3831 2438 3886 hic
2490 3831 2885 3903 improbitatis
2932 3829 3152 3902 aliquid
3202 3846 3404 3885 secum
3464 3827 3659 3899 trahit,
3695 3845 3761 3885 ao

2112 3925 2410 3976 terrenum
2442 3921 2550 3976 hoc
2580 3918 3027 3975 tabernaculum
3073 3922 3329 3973 mentem
3362 3934 3600 3972 sursum
3630 3921 3757 3972 ten-

2112 4010 2368 4075 dentem,
2403 4014 2503 4065 aut
2533 4013 2684 4065 certe
2712 4009 2783 4064 ad
2815 4008 2923 4063 hoc
2954 4011 3227 4077 creatam,
3261 4011 3326 4061 ut
3358 4023 3597 4061 sursum
3631 4011 3756 4062 ten-

2111 4099 2231 4166 dat,
2266 4098 2540 4171 deprimit
2573 4114 2586 4153 :
2621 4102 2682 4153 at
2720 4098 2915 4170 imago
2963 4101 3158 4152 tamen
3206 4095 3412 4152 limum
3460 4098 3753 4168 repurgat,

2111 4204 2177 4243 ac
2208 4187 2409 4243 sociali
2452 4188 2598 4261 jugo
2630 4188 3000 4259 conjunctam
3034 4200 3292 4257 carnem,
3325 4184 3568 4241 rationis
3616 4201 3755 4256 pen-

422 4317 468 4352 “
495 4317 650 4375 Psal.
681 4335 831 4391 χειν,
864 4319 919 4376 6.
994 4320 1038 4356 ⁵⁸
1069 4321 1216 4377 Ibid.
1249 4322 1304 4378 7.
1380 4324 1425 4359 ⁵⁸
1451 4324 1598 4380 Joel.
1630 4340 1694 4393 ιι,
1730 4325 1816 4379 14.
1892 4324 1935 4359 ⁵⁷
1967 4323 2033 4378 Ps

2152 4337 2313 4392 cxxv,
2343 4322 2398 4378 5.
2474 4322 2516 4356 ⁸⁸
2548 4322 2687 4378 Gen.
2720 4338 2832 4390 xxx,
2869 4322 2956 4392 17,
2986 4322 3077 4376 23.

421 4462 527 4541 (93)
558 4462 704 4541 Καιεά
756 4482 815 4517 τε
869 4461 1111 4541 ἡλικίας.
1149 4467 1328 4541 Regg.
1382 4486 1435 4540 a,
1483 4469 1604 4537 bm,
1656 4469 1758 4540 pb,
1805 4474 1995 4541 Pass.,
2028 4470 2075 4536 D

344 4531 587 4601 ἡλικίαν.
622 4536 793 4591 Deest
818 4556 879 4590 τε
896 4531 965 4592 in
999 4531 1322 4595 nonnullis.

442 4606 530 4682 91)
557 4605 796 4682 ξΙκεσίας.
824 4608 918 4665 Or.
950 4611 1005 4678 2,
1037 4615 1094 4665 et
1125 4610 1245 4682 alii,
1278 4609 1527 4682 ἱκετείας.

563 4677 1154 4758 ᾉνενέγκωμεν.ῌϐε.
1188 4677 1240 4751 8,
1274 4680 1647 4758 εἰσενέγκωμε.

442 4748 533 4823 96)
564 4748 926 4830 Ἐπιεττίθέψει,
965 4751 1054 4807 καὶ
1098 4748 1464 4825 ἶλιτάνοῆσει·’
1489 4748 1633 4825 δθέη
1682 4752 1993 4830 ἐπιστρὲψῶ

348 4824 439 4895 καί
450 4892 465 4895 A
474 4840 633 4895 μεταν
642 4824 802 4895 orion.

418 4892 541 4971 (9‘7).
574 4892 972 4971 'l‘nohtfkerat.
1027 4896 1166 4971 Reg.
1209 4895 1317 4971 _p_h,
1372 4894 1776 4971 ὑπολείψηταιη
1808 4899 1993 4968 Pass.,

347 4959 739 5063 ἑττυλιείτῖητα(ἱ
750 5037 761 5049 .
787 4959 1066 5036 Montac.,
1100 4959 1449 5063 ις”ξξολίπεταιῖ
1466 5043 1477 5063 .
1496 4970 1560 5043 [ἶ.
1582 4959 1591 4971 ’
1613 4959 1991 5063 ὗτξολῖίπηταιλί

343 5032 518 5119 Cojsl.
574 5032 623 5105 1,
667 5037 879 5110 aliique
933 5032 1224 5107 nonnulli,
1257 5032 1607 5115 ὑπολείψεται
1667 5032 1853 5097 eniam"
1902 5032 1993 5097 αὗ-

343 5123 464 5160 του.

416 5177 528 5249 (98)
558 5180 682 5240 Πῶς
728 5176 827 5233 οὐκ
874 5178 1082 5249 ἀνήσει,
1114 5185 1221 5239 etc.
1257 5182 1461 5239 Billius
1496 5201 1565 5240 :«
1597 5185 1747 5250 Quid
1803 5186 1995 5242 aﬁ'erri

340 5254 556 5375 getest,
580 5250 717 5331 quin
749 5252 894 5335 boni.
916 5257 1129 5310 natura
1149 5258 1342 5325 utens,
1368 5255 1772 5328 indulgentem
1802 5273 1865 5314 se
1894 5275 1995 5314 no-

385 5337 434 5375 is
466 5323 818 5375 praebiturus
848 5328 925 5375 δή
945 5324 972 5375 ?
995 5347 1023 5375 »

385 5319 434 5376 is
466 5322 818 5391 praebiturus
848 5323 972 5379 sit?
995 5347 1023 5375 »

412 5394 658 5470 _T‘oj'u
683 5393 911 5470 Πατρός.
943 5396 1037 5470 Or.
1071 5397 1125 5463 2,
1157 5397 1256 5470 τοῦ
1282 5396 1436 5467 Θεοῦ,
1473 5418 1502 5447 (ι
1532 5397 1653 5453 Dei.
1680 5420 1709 5449 ››

412 5459 695 5604 (1)”Οδόν.
733 5459 826 5522 0r.
859 5468 914 5535 2,
948 5459 1136 5542 θύραν,
1171 5490 1198 5517 (ι
1220 5459 1489 5539 januam,
1521 5491 1548 5518 »

436 5536 491 5604 2)
524 5534 881 5604 Ἐξέλθωμεν.
914 5539 1005 5595 Sic
1038 5540 1177 5604 Reg.
1212 5540 1333 5604 bm,
1366 5540 1461 5595 Or.
1494 5540 1548 5604 2,

400 5534 881 5660 flagitamus}.
906 5534 1177 5613 Sic'Reg.
1212 5534 1333 5605 bm,
1366 5534 1549 5608 Or.'2,
1582 5540 1741 5597 Pass.
1780 5542 1844 5597 In
1877 5543 1991 5615 ed.,

340 5602 660 5678 ὶξέλθημέν.
767 5602 776 5610 ’
1122 5602 1155 5613 ν
1319 5602 1327 5605 ’

439 5681 491 5743 3)
526 5678 738 5755 Σεγώρ.
772 5685 895 5737 Duo
927 5681 1007 5739 Re
1051 5696 1106 5753 g.
1140 5686 1197 5739 et
1225 5680 1320 5738 Or.
1354 5684 1391 5737 2

415 5689 495 5825 (4)
523 5748 984 5825 Συνεισέλθωμεν.
1009 5698 1113 5813 $15
1142 5755 1200 5825 2,
1232 5772 1391 5813 συναν

1444 5686 1663 5755 Σηγωρ·

441 5751 495 5824 4)
523 5748 984 5827 Συνεισέλθωμεν.

1065 5726 1113 5813 ἒ.
1141 5726 1200 5827 Ξ,
1230 5726 1660 5828 Ξᾷὑαῖὲλῐῶῌέὅξ

2176 4459 2768 4539 (5)(Περιϐλεψώμεθα,
2804 4466 2973 4524 Coisl.
3019 4468 3044 4522 1
3099 4466 3281 4535 addit,
3314 4464 3389 4527 εἷς
3437 4464 3504 4519 τὰ
3554 4462 3748 4522 ὀπίσω.

2106 4536 2328 4605 C0tnb.,
2362 4536 2440 4597 εἷς
2468 4536 2734 4592 τούπίσω.

2176 4610 2254 4681 (6)
2285 4605 2478 4683 Μηδξν,
2498 4609 2779 4683 ἁμαρτεῖν,
2798 4612 2921 4683 _eto.
2951 4629 2979 4659 «
3003 4608 3196 4683 Solius
3228 4608 3327 4683 Dei
3360 4610 3449 4665 est
3477 4625 3593 4664 non
3626 4625 3753 4683 pec-

2107 4680 2256 4754 care.
2283 4704 2311 4733 »
2345 4680 2547 4754 Solon,
2593 4680 2747 4754 apud
2795 4681 3093 4754 Demosth.
3127 4698 3212 4754 or.
3244 4682 3319 4754 De
3366 4697 3586 4749 corona,
3619 4680 3702 4737 ait
3735 4697 3747 4737 :

2104 4749 2286 4828 Μηδὲν
2347 4749 2604 4827 ἁμαρτεῖν
2631 4749 2770 4828 {ac}
2838 4752 2995 4819 Θεῶν,
3053 4752 3141 4805 καὶ
3197 4751 3376 4828 πάντα.
3422 4754 3746 4828 κατορθοῦψ

2106 4848 2134 4878 ‹‹
2166 4824 2418 4898 Deorum
2464 4824 2561 4882 est
2579 4824 3167 4898 nnibil_peccare,_et
3221 4824 3419 4880 omnia
3475 4824 3751 4898 praeclare

2105 4913 2293 4970 agere.
2321 4919 2350 4970 »_
2380 4889 2746 4970 Deestpiivzwc
2777 4889 2837 4951 in
2860 4897 3008 4970 _Reg.
3041 4889 3141 4967 pb.

2175 4970 2250 5043 (7)
2282 4968 2477 5043 Θόραν.
2510 4968 2717 5043 Billius
2752 4984 2764 5025 :
2791 4991 2819 5019 «
2851 4966 3187 5043 fenestram.
3213 4968 3532 5043 n_Combef.
3565 4966 3749 5043 addit,

2175 4971 2228 5042 (7
2282 4971 2477 5043 Θύραν.
2510 4971 2717 5024 Billius
2752 4984 2764 5025 :
2791 4991 2819 5019 «
2851 4971 3187 5024 fenestram.
3213 4986 3241 5019 ι»
3276 4971 3532 5024 Combef.
3565 4971 3749 5033 addit,

2103 4971 2424 5112 ἆνοίέωμεν,
2483 5060 2505 5088 ι
2555 5040 2771 5097 ostium
2821 5039 3227 5113 aperiamus.»
3259 5040 3419 5110 Rufi,
3450 5063 3477 5091 ‹‹
3524 5041 3749 5097 aditum

2103 5130 2358 5171 reseram
2367 5130 2435 5169 [18
2447 5154 2454 5167 .
2480 5132 2501 5166 ι

2173 5185 2250 5258 (8)
2279 5184 2350 5238 Τὸ
2383 5181 2458 5240 δέ.
2493 5183 2586 5241 Sic
2647 5183 2826 5256 Regg.
2858 5182 2981 5250 bm,
3030 5183 3132 5256 ph,
3164 5183 3260 5240 Or.
3308 5186 3363 5240 2.
3414 5185 3476 5240 In
3524 5185 3638 5249 ed.,
3687 5180 3748 5236 τὸ

2108 5256 2247 5399 μἐῖςέ)
2282 5324 2446 5381 Ἐστί.
2478 5326 2572 5382 Sic
2601 5326 2695 5381 Or.
2712 5326 2761 5399 A2
2785 5329 2847 5399 et
2875 5325 3077 5382 Comb.
3112 5327 3285 5399 Deest
3313 5326 3374 5383 in
3407 5328 3499 5384 ed.

2195 5332 2247 5399 9)
2282 5332 2446 5381 Ἐστί.
2478 5332 2572 5382 Sic
2601 5332 2695 5381 Ur.
2726 5332 2761 5379 2
2789 5332 2847 5382 et
2875 5332 3077 5382 Gomb.
3112 5332 3285 5383 Deest
3313 5332 3332 5382 i

2172 5332 2287 5544 (10)
2315 5401 2670 5487 ξωζομένης.
2700 5396 2873 5454 Coisl.
2908 5399 2959 5464 1,
2996 5397 3337 5473 σωζομένων.

2199 5473 2259 5527 11
2334 5475 2399 5526 Η.
2447 5472 2538 5525 Sic
2586 5471 2763 5542 Regg.
2797 5486 2849 5541 a,
2884 5470 3004 5538 bm,
3038 5472 3139 5543 ph,
3172 5475 3229 5527 et
3258 5470 3334 5526 Or

2105 5543 2281 5681 ed.12)
2315 5612 2462 5665 ¹’Δνω
2490 5610 2702 5667 τιθέτω.
2739 5612 2989 5668 Montac.
3022 5610 3330 5666 ἀνατιθέτω.

2172 5618 2285 5757 (13)
2318 5685 2677 5757 Κουφιζουσα.
2704 5682 2826 5741 Καί.
2852 5686 2915 5741 In
2948 5685 3324 5757 quibusdam,

2202 5677 2285 5755 13)
2318 5685 2677 5760 Κου-φιζρυσα.
2704 5682 2826 5741 Καί.
2852 5686 2915 5741 In
2948 5685 3324 5757 quibusdam,
3356 5677 3745 5757 κοφιζομὲνην.

2103 5754 2275 5813 Deest
2302 5754 2391 5809 καί
2422 5754 2481 5811 in
2510 5756 2605 5813 Or.
2637 5756 2691 5811 2.
2969 5754 2983 5757 ⁷
3438 5754 3447 5757 ’
3730 5762 3747 5773 κ

2315 5471 2399 5526 Ἡ.
2430 5466 2538 5525 εἷο
2586 5471 2763 5542 Regg.
2797 5486 2849 5541 a,
2884 5470 3004 5538 bm,
3038 5466 3229 5543 ph,'et
3258 5470 3352 5526 Or.
3378 5471 3432 5524 2.
3467 5470 3638 5525 Deest
3686 5466 3743 5520 in
