4138 6212
419 399 539 460 955

1656 395 1724 455 S.
1772 394 2144 457 GREGORII
2187 393 2584 457 THEOLOGI

3708 399 3834 461 956

423 531 515 587 nis
545 531 931 595 sublevatam,
955 527 1011 582 in
1036 526 1274 583 sublimi
1308 526 1569 583 collocet.
1594 526 1801 583 Melius
1833 528 2069 600 quidem

2189 526 2259 588 εἷς
2309 524 2339 580 ὅ
2380 525 2469 581 καὶ
2521 524 2821 601 σπεύδομεν
2874 527 2934 583 ἐκ
2978 530 3076 597 τῆς
3128 526 3354 583 ἐνταῦθα
3390 529 3502 599 (14)
3550 525 3839 604 παιδαγω-

423 620 727 675 nobiscum
780 620 1068 689 ageretur,
1104 615 1153 671 si
1185 632 1287 671 nec
1336 616 1676 687 huiusmodi
1727 618 2072 689 purgatione

422 724 568 780 opus
613 708 987 773 haberemus,
1021 722 1125 760 nec
1175 706 1412 760 omnino
1446 707 1672 778 purgati
1728 707 2069 777 fuissemus,

420 797 649 869 integra
677 796 946 851 videlicet
969 800 1141 867 atque
1173 795 1449 851 incolumi
1481 796 1650 851 nobis
1682 801 1953 852 manente
1986 796 2072 851 di-

423 886 640 958 gnitate
682 884 802 954 illa,
836 885 908 939 ad
958 901 1133 956 quam
1168 884 1344 940 etiam
1376 902 1477 953 per
1511 886 1751 956 hujusce
1776 885 1902 940 vitae
1951 886 2070 940 dis-

422 974 701 1047 ciplinam
760 991 1177 1047 properamus;
1214 991 1318 1029 nec
1371 991 1471 1047 per
1527 991 1794 1030 amarum
1853 974 2072 1046 peccati

421 1068 661 1135 gustum
694 1079 727 1118 a
754 1064 880 1118 vitae
932 1063 1090 1135 ligno
1143 1063 1589 1119 excidissemus.
1626 1066 1694 1119 At
1737 1064 1881 1118 illud
1931 1063 2071 1120 item

424 1152 637 1207 melius
668 1169 733 1207 ac
778 1152 1154 1224 praestantius
1201 1157 1309 1219 est,
1342 1156 1427 1223 ut,
1460 1170 1593 1208 cum
1645 1170 1976 1225 peccamus,
2011 1154 2069 1208 in

424 1257 531 1296 nos
564 1242 711 1296 311
750 1241 1463 1313 animadvertatur,quam
1499 1245 1563 1297 ut
1603 1242 1864 1298 labentes
1896 1242 2069 1297 mini-

425 1346 518 1384 me
547 1330 926 1400 castigemur.
961 1333 1141 1396 Quem
1181 1329 1337 1384 enim
1369 1337 1529 1386 amat
1563 1332 1866 1399 Dominus,
1902 1332 2075 1387 casti-

423 1423 523 1491 gat
544 1419 607 1483 59,
644 1423 1013 1490 paternasque
1063 1419 1473 1475 benevolentis:
1524 1426 1939 1491 argumentum
1990 1424 2078 1476 est

425 1507 745 1579 increpatio
770 1524 782 1561 :
812 1512 1013 1564 contra
1035 1508 1228 1564 omnis
1253 1509 1470 1575 anima,
1496 1526 1625 1582 quae
1656 1510 2075 1565 admonitionis

424 1603 480 1652 et
510 1596 911 1668 castigationis
942 1614 1144 1668 expers
1176 1602 1284 1668 est,
1318 1598 1660 1654 incurabilis
1688 1602 1903 1655 manet.
1930 1599 2079 1662 Quo-

425 1686 580 1742 circa
610 1703 722 1741 non
773 1702 945 1757 grave
976 1691 1064 1742 est
1093 1686 1282 1759 plagis
1312 1687 1484 1757 afﬁci,
1520 1689 1621 1743 sed
1672 1688 1843 1761 plaga
1872 1688 2075 1745 melio-

426 1791 547 1831 rem
580 1792 694 1831 non
728 1775 851 1830 ﬁeri
892 1776 1312 1846 gravissimum
1362 1781 1417 1833 et
1468 1778 1919 1833 acerbissimum
1968 1784 2075 1833 est.

423 1866 611 1936 Atque
641 1881 705 1921 eo
738 1864 973 1920 nomine
1016 1866 1299 1937 prOpheta
1332 1866 1571 1939 quidam
1603 1868 1673 1923 de
1705 1868 1849 1923 duro
1882 1867 1979 1923 illo
2012 1885 2078 1924 ac

2182 617 2324 694 γίας,
2387 614 2526 690 μηδὶ
2585 619 2697 690 (15)
2755 620 2851 671 τοῦ
2900 615 3063 687 ξύλου
3109 623 3211 686 τῆς
3264 621 3407 686 ζωῆς
3458 616 3701 673 ἐκπεσειν
3764 621 3837 691 τῇ

2180 711 2347 783 πικρᾷ
2376 706 2557 781 γεύσει
2605 713 2704 775 τῆς
2756 706 3042 782 ἁμαρτίας·
3078 711 3324 782 κρεῖσσον
3356 703 3435 775 δὲ,
3465 711 3561 761 τοῦ
3596 708 3672 779 μή
3718 710 3839 780 (16)

2181 793 2522 850 παιδεύεσθαι
2568 794 2879 863 πταίοντας,
2926 795 2989 849 τὸ
3060 794 3459 871 ἁμαρτάνοντας
3527 795 3846 872 ἐπιστρέφε-

2181 887 2321 941 σθαι.
2374 887 2467 939 "Ov
2522 885 2614 957 μὶν
2667 884 2769 960 γὰρ
2820 885 3003 959 ἀγαπᾷ
3050 884 3246 960 Κύριος
3294 882 3558 957 παιδεύει,
3606 884 3699 939 καὶ
3732 906 3841 939 πα-

2180 974 2365 1049 τρικὸν
2404 975 2467 1030 τὸ
2517 980 2616 1044 τῆς
2648 972 3040 1047 ἐπιτιμήσεως·
3074 974 3228 1048 ψυχὴ
3261 970 3320 1028 δὲ
3370 980 3513 1028 πᾶσα
3544 975 3842 1044 ἀνουθέτη-

2181 1084 2296 1131 τος,
2375 1061 2753 1139 ἀθεράπευτος,
2830 1061 3033 1117 Οὐκοῦν
3114 1062 3175 1117 ού
3241 1060 3525 1137 πληγῆναι
3591 1062 3845 1138 χαλεπὸν

2184 1150 2330 1207 ἀλλὰ
2358 1154 2432 1226 μὴ
2468 1158 2901 1230 σωφρονισθῆναι
2945 1153 3054 1225 (17)
3083 1150 3152 1225 τῇ
3180 1151 3375 1227 πληγῇ
3425 1150 3849 1229 χαλεπώτερον.

2186 1240 2332 1313 Φησί
2372 1263 2455 1304 τις
2503 1246 2610 1297 τῶν
2661 1244 2977 1319 πρυφητῶν,
3026 1241 3151 1316 περὶ
3196 1245 3294 1295 τοῦ
3342 1241 3563 1317 Ἰσραὴλ
3633 1241 3849 1317 λέγων,

2183 1336 2280 1386 τοῦ
2323 1330 2567 1407 σκληροῦ
2611 1332 2702 1385 καὶ
2748 1331 3125 1405 ἀπεριτμήτου
3176 1330 3273 1398 τήν
3342 1327 3589 1406 καρδίαν·
3651 1330 3846 1404 Κύριε,

2188 1420 2557 1497 ἐμαστίγωσας
2591 1418 2808 1488 αὐτοὺς,
2838 1418 2925 1474 καὶ
2958 1418 3057 1474 οὐκ
3088 1418 3360 1474 ἐπόνεσαν·
3408 1417 3724 1482 ἐπαίδευσας
3756 1422 3855 1475 αὖ·

2184 1509 2330 1576 τοὺς,
2362 1510 2451 1564 καὶ
2482 1509 2586 1564 οὐκ
2614 1508 2888 1579 ἠθέλησαν
2924 1506 3170 1579 δέξασθαι
3200 1505 3465 1564 παιδείαν·
3507 1509 3596 1564 καὶ
3648 1506 3847 1582 πάλιν,

2188 1598 2289 1657 Καὶ
2323 1600 2350 1654 ὁ
2404 1596 2537 1661 λαὸς
2587 1598 2686 1653 οὐκ
2729 1597 3033 1675 ἐπεστράφη
3083 1599 3218 1671 (18),
3269 1593 3373 1659 ἕως
3422 1595 3665 1673 ἐπλήγη·
3726 1598 3846 1671 καὶ,

2185 1687 2246 1743 Τί
2297 1691 2408 1762 (19)
2459 1688 2541 1744 ὅτι
2592 1688 2902 1765 ἀπεστράφη
2940 1688 2967 1742 ὁ
3004 1685 3137 1749 λαός
3198 1707 3301 1760 μου
3359 1686 3711 1765 ἀποστροφὴν
3740 1708 3850 1741 πο-

2186 1778 2375 1851 νηρὰν,
2428 1777 2479 1849 ἐξ
2524 1780 2590 1847 ῆς
2636 1774 2825 1832 τέλεον
2879 1770 3310 1853 συντριϐήσεται,
3358 1776 3448 1830 καὶ
3494 1778 3849 1855 καταφθαρή.

2189 1887 2333 1921 σεται
2368 1884 2382 1936 ;

430 1954 601 2010 corde
651 1954 1059 2011 incircumciso
1113 1955 1326 2011 Israele
1374 1957 1549 2011 verba
1594 1957 1832 2023 faciens,
1867 1957 1947 2013 ita
2000 1958 2391 2029 loquebatur:
2435 1958 2687 2023 Domine,
2713 1955 3033 2028 percussisti
3073 1970 3180 2023 eos,
3229 1962 3283 2011 ει
3329 1969 3438 2011 non
3497 1953 3803 2011 doluerunt
3831 1957 3857 1996 ε

425 2043 749 2113 corripuisti
779 2059 886 2113 eos,
917 2052 971 2099 et
1001 2049 1306 2100 renuerunt
1350 2048 1597 2117 accipere
1643 2046 2001 2118 disciplinam
2027 2048 2092 2115 5°,
2124 2064 2190 2104 ac
2221 2064 2449 2116 rursus,
2479 2048 2541 2101 Et
2586 2046 2820 2118 populus
2865 2061 2977 2100 non
3022 2052 3101 2100 est
3146 2060 3460 2112 conversus,
3492 2045 3672 2117 quoad
3717 2062 3849 2117 per-

427 2148 612 2187 cussus
642 2134 721 2186 est
739 2132 779 2166 ⁸¹
805 2148 818 2199 ;
853 2137 910 2187 et
937 2133 1050 2189 alio
1080 2133 1227 2203 loco,
1261 2138 1446 2205 Quare
1492 2153 1726 2192 aversus
1754 2145 1831 2192 est
1855 2136 2089 2209 populus
2126 2154 2281 2193 meus
2312 2137 2599 2192 aversione
2626 2151 2800 2207 prava
2822 2134 2888 2203 ⁵⁸,
2921 2134 2994 2191 ob
3025 2150 3203 2206 quam
3252 2150 3495 2205 prorsus
3540 2134 3851 2190 obteretur

433 2225 490 2276 et
519 2221 927 2293 exstinguetur
947 2222 975 2276 ?

500 2310 643 2365 XVI.
678 2310 1044 2367 Horrendum
1074 2316 1182 2379 est,
1207 2312 1438 2383 fratres,
1464 2315 1522 2369 in
1558 2315 1654 2371 Dei
1683 2315 1934 2371 viventis
1960 2332 2081 2371 ma-
2109 2318 2157 2383 B

428 2416 540 2454 nus
572 2399 825 2455 incidere
844 2401 907 2455 ⁸³.
932 2401 1268 2457 Horrendus
1297 2402 1494 2459 vultus
1528 2404 1754 2460 Domini
1787 2422 1962 2477 super
1990 2405 2071 2460 fa-

429 2490 650 2545 cientes
681 2487 837 2544 mala
856 2490 920 2557 °‘,
944 2490 1267 2561 vitiumque
1297 2492 1564 2548 funditus
1594 2499 1856 2551 evertens
1881 2512 1947 2550 ac
1977 2495 2066 2550 de-

424 2578 572 2635 lens.
598 2575 895 2633 Horrenda
924 2578 1086 2633 auris
1116 2579 1370 2648 Domini,
1392 2582 1577 2637 Abelis
1600 2599 1796 2638 vocem
1818 2584 1863 2618 ⁸⁵
1892 2583 2069 2639 etiam

426 2682 530 2738 per
542 2666 783 2721 tacitum
799 2682 1062 2722 cruorem
1078 2668 1643 2725 sentiens.Horrcndi
1659 2672 2073 2745 pedes,impro-

426 2753 667 2809 bitatem
689 2770 864 2810 cursu
897 2760 1298 2827 assequentes.
1320 2757 1615 2815 Horrenda
1638 2760 1891 2816 universi
1914 2762 2073 2817 orbis

428 2842 711 2914 impletio,
728 2843 883 2899 itaut
901 2844 1122 2901 nemini
1141 2863 1391 2917 usquam
1410 2847 1509 2903 Dei
1529 2850 1980 2907 commotionem
1997 2851 2075 2907 ef-

427 2932 628 3004 fugere
648 2931 819 2988 liceat
833 2934 905 3001 66;
928 2951 1042 2990 non
1061 2935 1109 2991 si
1155 2934 1210 2990 in
1234 2935 1442 2991 cmlum
1461 2938 1793 3005 avolaverit,
1809 2956 1924 2995 non
1941 2940 1991 2995 si
2014 2940 2073 2995 in

427 3021 723 3078 infernum
747 3039 809 3078 se
830 3022 1165 3092 contulerit,
1190 3042 1303 3081 non
1332 3028 1380 3081 si
1405 3027 1475 3082 ad
1498 3027 1779 3083 orientem
1802 3030 2073 3102 profuge-

429 3110 525 3174 rit,
550 3126 664 3165 non
697 3111 746 3166 si
779 3112 836 3166 in
871 3113 1191 3183 profundos
1234 3118 1291 3169 et
1339 3120 1628 3173 extremos
1676 3118 1857 3175 maris
1910 3119 2076 3175 sinus

428 3215 557 3255 sese
579 3200 868 3256 abdiderit
886 3203 949 3256 ⁸⁷.
970 3203 1119 3267 Quin
1142 3204 1316 3259 etiam
1340 3211 1474 3261 ante
1498 3223 1589 3262 me
1608 3205 1839 3262 Nahum
1862 3207 1958 3263 ille
1982 3208 2075 3263 El-

428 3303 646 3343 ceseus
658 3288 1046 3346 Ninivitarum
1062 3308 1211 3348 onus
1230 3294 1550 3365 praedicans
1562 3296 1853 3362 “,zeloten
1868 3296 2075 3367 Deum,

429 3380 484 3433 et
508 3378 821 3434 Dominum
855 3395 987 3434 cum
1008 3379 1202 3437 furore
1231 3383 1591 3441 adversarios
1622 3402 1759 3441 suos
1791 3385 2075 3441 ulciscen-

428 3468 568 3534 tem,
588 3470 929 3538 tantamque
952 3469 1280 3527 severitatis
1304 3473 1769 3544 magnitudinem
1794 3475 2075 3531 adhiben-

428 3558 547 3611 tem
578 3555 991 3627 perhorrescit,
1012 3562 1169 3614 utne
1196 3561 1513 3617 secundam
1539 3562 1773 3634 quidem
1797 3565 2077 3621 adversus

428 3643 745 3701 sceleratos
777 3644 1057 3702 ultionem
1088 3647 1200 3703 sibi
1232 3648 1514 3721 reliquam
1547 3651 1738 3708 faciat.
1761 3653 1907 3709 Nam
1937 3670 2072 3709 cum

430 3732 642 3790 Isaiam
700 3735 873 3790 audio
922 3736 1305 3794 Sodomorum
1362 3739 1577 3811 populo
1625 3758 1691 3797 ac
1738 3742 2072 3799 Gomorrbas

429 3822 793 3895 principibus
826 3824 1215 3894 minitantem,
1244 3832 1300 3882 et
1326 3828 1615 3886 dicentem
1650 3848 1663 3886 :
1701 3832 1895 3903 thuid
1921 3831 2076 3888 ultra

423 3914 835 3985 percutiemini,
854 3914 1106 3971 addentes
1126 3919 1641 3987 praevaricationem
1661 3921 1743 3975 5°?
1764 3920 2076 3977 minimum

432 4003 614 4069 abest,
636 4002 775 4073 quin
799 4007 919 4058 toto
944 4021 1183 4074 corpore
1204 4007 2079 4082 contremiscam,lacrymisque

432 4092 771 4163 perfundar.
816 4092 1087 4163 Sceleris,
1126 4094 1338 4166 inquit,
1373 4098 1693 4154 acccssioni
1747 4099 1909 4155 nulla
1952 4102 2079 4172 jam

436 4196 619 4250 poma:
670 4182 923 4239 accessio
980 4185 1291 4256 excogitari
1322 4189 1511 4258 potest
1543 4206 1555 4243 :
1590 4187 1671 4243 ita
1728 4205 1831 4260 per
1887 4189 2083 4245 omnia

436 4269 686 4339 grassati
717 4269 875 4337 estis,
912 4276 1083 4343 atque
1114 4290 1286 4330 omne
1317 4275 1623 4347 plagarum
1655 4293 1842 4349 genus
1872 4278 2084 4334 exhau-

438 4357 624 4423 sistis,
665 4374 873 4414 novam
920 4362 1170 4418 subinde
1217 4381 1446 4434 poenam
1498 4383 1601 4438 per
1646 4367 2081 4439 improbitatem

437 4450 690 4502 vestram
722 4456 1104 4507 accersentes.
1130 4455 1252 4508 Non
1284 4462 1363 4510 est
1389 4455 1604 4527 vulnus,
1636 4473 1750 4511 non
1779 4458 1942 4527 livor,
1972 4476 2081 4515 non

435 4536 603 4606 plaga
638 4543 849 4591 tumens
880 4555 901 4591 .'
930 4543 1034 4594 toto
1081 4556 1323 4612 corpore,
1356 4543 1565 4615 inquit,
1596 4548 1727 4616 fusa
1772 4550 1850 4603 est
1891 4548 2082 4618 plaga,

428 4640 768 4696 pronusque
797 4628 1144 4683 incurabilis.
1174 4631 1294 4686 Non
1324 4635 1474 4689 enim
1502 4636 1779 4706 malagma
1807 4639 2086 4709 imponere

435 4722 536 4783 est,
568 4729 682 4770 non
734 4715 935 4785 oleum,
967 4733 1077 4774 non
1124 4720 1575 4790 alligaturam”.
1611 4729 1711 4794 Ac,
1746 4741 1872 4797 qua)
1921 4725 2086 4781 dein-

436 4817 574 4874 oeps
603 4803 664 4857 in
695 4819 763 4859 ea
800 4806 1254 4865 comminatione
1303 4816 1651 4884 sequuntur,
1685 4820 1981 4886 praetereo,
2014 4831 2087 4871 ne

436 4892 711 4963 presenti
742 4892 917 4967 plaga
942 4896 1108 4953 vobis
1140 4898 1402 4955 acerbior
1430 4903 1730 4959 exsistam.

505 4992 550 5075 ‘2
579 4996 745 5049 Prov.
802 5011 886 5075 ιιι,
1045 5068 1067 5075 _
1099 4997 1147 5032 ⁸ο
1172 4998 1289 5053 Jer.
1321 5016 1377 5066 v,
1409 5002 1462 5075 3.
1538 5002 1583 5075 “ﬁ
1615 5002 1744 5075 Ipsa.‘
1789 5019 1865 5069 rx,
1927 5004 2013 5058 13.

2189 5008 2279 5061 'er.
2329 5019 2451 5075 vni,
2510 5003 2565 5075 5.

2259 2313 2350 2382 ]ζ’.
2406 2306 2648 2386 Φοϐερὸν
2710 2312 2802 2384 μὶν
2879 2308 2995 2382 οῦν,
3063 2307 3314 2387 ἀδελφοὶ,
3364 2310 3427 2365 τὸ
3459 2309 3712 2383 ἐμπεσεῖν
3767 2310 3850 2373 εἷς

2179 2407 2368 2478 γεῖρας
2402 2405 2534 2457 Θεοῦ
2569 2404 2785 2470 ζῶντοςυ
2822 2394 3051 2478 φοϐερὸν
3087 2395 3143 2453 δὶ
3190 2400 3250 2453 τὸ
3297 2397 3591 2475 πρόσωπον
3638 2398 3845 2473 Κυρίου

2180 2491 2267 2548 ἐπὶ
2332 2494 2619 2552 ποιοῦντας
2686 2490 2844 2561 κακὰ,
2920 2489 3009 2543 καὶ
3090 2487 3434 2566 πανωλεθρίᾳ
3484 2489 3585 2557 τὴν
3642 2488 3842 2543 κακίαν

2177 2580 2487 2659 ἐξαφανίζον
2513 2589 2526 2613 ⁸
2561 2574 2765 2657 φοϐερὰ
2794 2580 2904 2653 (20)
2936 2575 2993 2634 δὲ
3023 2578 3157 2647 ἀκοὴ
3188 2582 3343 2651 Θεοῦ,
3384 2576 3473 2632 καὶ
3502 2584 3601 2647 τῆς
3653 2572 3832 2634 Ἀὄελ

2180 2676 2361 2750 φωνῆς
2403 2669 2762 2742 αἰσθανομένη
2816 2665 2904 2723 διὰ
2950 2671 3047 2723 τοῦ
3078 2671 3343 2744 σιγῶντος
3372 2665 3624 2741 α’ίματος·
3661 2661 3830 2743 φοϐε-

2183 2759 2272 2837 ροὶ
2304 2756 2361 2814 δὲ
2389 2756 2553 2821 πόδες
2609 2758 2875 2834 πονηρίαν
2927 2751 3457 2831 καταλαμϐάνοντες·
3508 2750 3718 2833 φοϐερὰ
3771 2753 3835 2810 δὲ

2179 2853 2277 2905 τοῦ
2308 2848 2509 2911 παντὸς
2537 2845 2824 2923 πλήρωσις
2856 2849 2989 2921 (21),
3022 2848 3096 2908 ὡς
3130 2848 3204 2920 μὴ
3237 2846 3368 2902 εἶναι
3424 2842 3685 2919 μηδαμοῦ
3731 2866 3838 2922 φυ-

2181 2942 2290 3015 γεῖν
2324 2941 2457 2994 Θεοῦ
2485 2936 2722 3008 κίνησιν,
2758 2937 2832 3010 μὴ
2868 2936 2944 2999 εἷς
2974 2934 3199 3012 ούρανὸν
3245 2936 3569 3006 ἀναπτάντα,
3629 2935 3708 3007 μὴ
3757 2932 3841 2995 εἷς

2183 3025 2314 3100 ᾅδου
2346 3028 2692 3103 χωρήσαντα,
2729 3027 2805 3099 μὴ
2836 3025 2972 3101 πρὸς
3021 3027 3135 3099 (22)
3186 3022 3451 3086 ἀνατολὰς
3500 3022 3843 3100 ἀποδράντα,

2189 3118 2264 3191 μὴ
2297 3115 2570 3187 θαλάσσης
2600 3109 3028 3191 ἐναποκρυὸἐντα
3062 3115 3247 3190 βυθοῖς
3278 3114 3312 3182 ἢ
3364 3114 3580 3187 πέρασι.
3634 3106 3845 3166 Φοὸεἷ-

2183 3228 2269 3263 ται
2324 3204 2381 3262 δέ
2436 3207 2541 3281 πρὸ
2590 3205 2725 3279 ἐμοῦ
2768 3202 2857 3259 καί
2905 3203 3099 3276 Ναοὺμ
3128 3204 3155 3258 ὁ
3187 3200 3520 3271 Ἐλκεσαῖος,
3553 3200 3605 3255 ἐν
3637 3202 3720 3262 οἷς
3779 3200 3848 3254 τὸ

2183 3297 2321 3351 κατὰ
2374 3292 2556 3351 Νινευΐ
2783 3291 2987 3367 λῆμμα
3038 3289 3379 3365 δημοσιεύει,
3435 3290 3524 3345 τὸν
3582 3288 3845 3359 ζηλωτὴν

2186 3386 2339 3457 Θεὸν,
2370 3384 2458 3440 καὶ
2489 3382 2804 3440 ἐκδικοῦντα
2845 3380 3038 3459 Κύριον
3095 3383 3230 3455 μετὰ
3277 3384 3452 3453 θυμοῦ
3498 3377 3628 3441 τοὺς
3678 3378 3846 3433 ύπεν-

2185 3475 2423 3543 αντίους,
2462 3474 2551 3528 καὶ
2588 3472 2821 3548 τοσαύτῃ
2849 3472 3137 3548 χρώμενον
3182 3467 3482 3544 ἁποτομίας
3531 3467 3843 3543 περιουσίᾳ,

2185 3565 2262 3626 ὡς
2309 3561 2449 3637 μηδὶ
2497 3560 2743 3637 δευτέραν
2805 3559 3189 3617 ὑπολείπεσθαι
3236 3559 3373 3614 κατὰ
3417 3562 3523 3613 τῶν
3574 3562 3843 3631 πονηρῶν

2186 3650 2477 3724 ἐκδίκησιν.
2528 3649 2749 3707 Ἡσαΐου
2802 3650 2895 3724 μὶν
2953 3649 3056 3725 γὰρ
3115 3647 3267 3719 ὅταν,
3322 3646 3558 3719 ἀκούσω,
3604 3650 3685 3718 τῷ
3719 3644 3845 3717 λαῷ

2184 3739 2450 3816 Σοδόμων
2498 3742 2588 3797 καὶ
2629 3745 2746 3803 τοῖς
2802 3738 3031 3816 ἄρχουσι
3097 3736 3379 3815 Γομόρρας
3454 3732 3843 3805 ἀπειλοῦντος,

2185 3832 2274 3888 καὶ
2332 3830 2607 3906 λέγοντος·
2666 3829 2728 3884 Τί
2789 3827 2865 3884 ἔτι
2922 3826 3175 3904 πληγῆτε
3247 3829 3382 3900 (24),
3456 3822 3843 3901 προστιθέντες

2187 3920 2452 3993 ἀνομίανς
2502 3922 2699 3996 μικροῦ
2746 3916 2835 3973 καὶ
2892 3916 3088 3996 φρίκης
3152 3914 3495 3989 πληροῦμαι,
3554 3913 3645 3967 καὶ
3704 3934 3841 3988 συγ-

2186 4008 2387 4085 χέομαι
2430 4005 2702 4085 δάκρυσιν.
2753 4006 2864 4061 Οὐκ
2908 4003 3040 4079 ἔστι,
3096 4004 3249 4082 φησὶ,
3297 4008 3367 4078 τῇ
3398 4004 3679 4077 προσθήκῃ
3735 4004 3845 4071 τῆς

2187 4098 2452 4172 ἁμαρτίας
2501 4097 2809 4173 κροσθήκην
2868 4093 3090 4170 πληγῆς
3148 4092 3411 4168 ἐξευρεῖν
3473 4089 3615 4145 οὕτω
3666 4089 3851 4146 πάντα

2189 4184 2736 4257 διεξεληλύθατε,καὶ
2784 4189 2886 4239 πᾶν
2920 4179 3061 4245 εἶδος
3118 4180 3340 4259 πληγῆς
3391 4179 3706 4252 ἐκενώσατε,
3758 4180 3851 4234 ἆεί

2187 4298 2305 4333 τινα
2328 4276 2640 4347 καινοτέραν
2674 4272 2763 4330 διὰ
2790 4280 2889 4343 τῆς
2929 4270 3118 4335 κακίας
3163 4278 3265 4342 τῆς
3456 4269 3657 4324 ἑαυτῶν
3705 4288 3852 4340 προ-

2188 4366 2541 4440 καλούμενοι.
2567 4364 2680 4423 Ούκ
2709 4363 2817 4420 ἔστι
2842 4367 3078 4439 τραῦμα,
3112 4359 3236 4417 οὐδὲ
3270 4357 3506 4434 μώλωψ,
3536 4355 3661 4413 οὔτε
3690 4357 3850 4430 πλη-

2188 4459 2257 4534 γή
2293 4454 2716 4534 φλεγμαίνουσα⁶
2754 4451 3134 4526 ὁλοσώματος,
3166 4449 3350 4529 φησὶν,
3382 4451 3418 4520 ἡ
3450 4446 3669 4523 πληγὴ,
3692 4446 3851 4503 ἀλλὰ.

2190 4546 2278 4601 καὶ
2310 4543 2687 4621 ἀθεράπευτος.
2719 4542 2791 4598 Ού
2822 4544 2925 4619 γὰρ
2956 4537 3068 4597 ἔστι
3105 4538 3370 4614 μάλαγμα
3396 4537 3685 4607 ἐπιθεῖναι,
3717 4537 3849 4592 οὕτε

2192 4632 2397 4706 ἔλαιον,
2450 4629 2573 4689 οὔτε
2617 4630 3007 4704 καταδέσμους.
3041 4628 3139 4684 Καὶ
3170 4627 3407 4704 παρίημι
3450 4626 3515 4681 τὰ
3562 4625 3693 4697 ιξῆς
3738 4632 3845 4695 τῆς

2192 4720 2450 4793 ἀπειλῆς,
2511 4720 2603 4776 ’ίνα
2662 4722 2738 4795 μή
2797 4727 2899 4791 τῆς
2955 4716 3235 4795 παρούσης
3265 4716 3391 4791 ύμῖν
3438 4717 3554 4789 (26)
3610 4711 3849 4788 πληγῆς

2198 4810 2491 4890 βαρύτερος
2548 4812 2789 4889 γινωμα.

2640 4999 2887 5057 "Hebr.
2935 5016 2992 5068 κ,
3042 4999 3133 5055 31.
3206 4994 3436 5068 “Psal.
3488 5010 3695 5063 mm,
3756 4996 3895 5050 1⁸1.⁷

433 5063 480 5099 ³⁸
510 5064 652 5121 Gen.
688 5080 765 5136 IV,
800 5068 887 5121 10.
962 5069 1007 5102 ⁶⁶
1035 5068 1153 5124 Jer.
1187 5063 1469 5141 xxm,'24.
1543 5074 1586 5107 δ”
1620 5072 1770 5130 Psal.
1803 5063 2069 5146 cmvm,

2189 5093 2295 5149 qu.
2372 5076 2415 5111 ⁶⁸
2438 5063 2677 5131 Nabum
2708 5089 2747 5145 ι,
2783 5074 2833 5129 1.
2908 5072 2954 5106 ⁸⁸
2979 5063 3095 5127 Isa.
3129 5087 3167 5141 ι,
3198 5069 3254 5126 5.
3329 5069 3375 5105 ⁷ο
3402 5067 3516 5125 Isa.
3548 5084 3592 5139 ι,
3619 5068 3678 5123 6.

650 5172 925 5247 Ἐνταῦθα.
961 5174 1138 5233 Coisl.
1176 5179 1226 5247 1,
1262 5181 1318 5233 et
1348 5177 1443 5233 0r.
1476 5180 1531 5247 2,
1564 5177 1815 5237 ἐντεῦθεν.

530 5240 613 5319 t5)
647 5240 827 5319 Μηδὲἐ
862 5246 1000 5318 Reg.
1034 5249 1154 5315 bm,
1189 5240 1370 5319 μήτε..

533 5316 619 5383 16)
652 5317 763 5385 Μή.
796 5316 973 5374 Deest
999 5319 1056 5373 in
1088 5316 1271 5375 or.'2.

508 5387 627 5467 (ιγ)
656 5390 1120 5463 Σωφρονισθῆναι.
1154 5390 1332 5465 Regg.
1378 5393 1497 5462 bm,
1532 5392 1632 5465 pb,
1665 5393 1940 5467 Montsc.,
1981 5417 2083 5452 σω-

438 5456 796 5531 φρονίζεσοαὶ.

511 5528 623 5615 (iit)
651 5529 1015 5615 ζεπὶεῑτράξρηο
1052 5534 1111 5615 I9
1145 5533 1888 5615 ςυίδυεάξωιρπεστράφη.

511 5600 622 5675 (19)
651 5600 941 5675 πρεξεδε
966 5604 1024 5657 in
1057 5600 1195 5675 Reg.
1225 5622 1283 5675 ει,
1315 5613 1373 5663 et
1403 5600 1583 5665 0r.’2.

650 5663 889 5753 ῗοόερά.
922 5678 1109 5753 ξαεεη
1140 5663 1393 5753 φοϐερόν.

530 5738 621 5810 21)
649 5738 857 5808 Παντὸς
894 5738 1203 5822 πλήρωσις.
1236 5738 1411 5812 Cbisl.
1442 5754 1498 5825 2,
1530 5753 1747 5827 aliique
1788 5755 2083 5829 nonnulli,

2193 5180 2389 5244 παντὸς
2419 5179 2637 5255 κόσμου
2657 5176 3079 5255 συμπλήρωσις.

2285 5257 2376 5327 22)
2408 5249 2586 5327 npd'c.
2606 5254 2702 5311 Or.
2727 5249 2783 5327 ε,
2816 5249 2915 5327 etc;

2285 5318 2375 5395 23)
2406 5318 2609 5381 Νινευί.
2644 5318 2785 5381 Rob}
2820 5323 2920 5395 pb,
2953 5318 3170 5389 Νινευή.

2235 5387 2691 5523 λ(24)1]ληγῆτε.
2723 5387 2839 5454 Sic-
2868 5387 3047 5467 Regg.
3097 5387 3151 5460 a,
3191 5406 3243 5459 ο,
3293 5389 3397 5464 ph,
3440 5389 3561 5446 les.
3608 5387 3675 5444 In
3723 5387 3847 5459 ed.,

2274 5490 2380 5523 Tum
2411 5488 2489 5523 τι.

2190 5488 2381 5539 πληγῃ
2411 5488 2489 5523 τε.

2225 5491 2381 5668 ἓξὲξ)
2581 5540 2675 5596 Sic
2723 5538 2921 5612 plures
2971 5536 3149 5609 Regg.
3198 5537 3259 5591 et
3299 5533 3396 5590 Or.
3442 5532 3500 5589 2.
3548 5531 3726 5588 Deest
3777 5528 3847 5586 in

2190 5630 2221 5669 θ

2263 5256 2280 5470 ἓ

2263 5654 2375 5759 (26)
2404 5680 2689 5759 Παρούσης
2748 5680 2900 5757 ὑμῖν,
2948 5681 3057 5746 sto.
3115 5676 3210 5741 Sic
3262 5677 3441 5749 Regg.
3492 5691 3548 5743 a,
3604 5691 3656 5745 ο,
3714 5673 3845 5743 bm,
