4138 6212
301 427 417 487 957

1224 425 1515 488 ORATIO
1557 424 1718 486 XVI.
1744 455 1819 469 -
1846 423 1925 486 IN
1970 421 2294 485 PATREM
2335 423 2784 484 TACENTEM.

3592 425 3712 487 958

372 557 467 613 IZ'.
501 554 654 623 Πλὴν
687 555 990 631 ἐπιγνῶμεν
1023 560 1118 611 τοῦ
1159 561 1329 611 κακοῦ
1370 558 1471 627 τὴν
1521 557 1790 614 ὐποθεσιν.
1843 554 1946 610 Πό-

2137 557 2289 613 312
2323 555 2490 613 XVII.
2543 557 2653 612 Sed
2701 559 2896 613 tamen
2946 557 3124 628 hujus
3174 555 3524 615 calamitatis
3571 575 3708 615 oau-

303 654 386 708 θεν
435 641 800 720 ἐξηράνθησαν
847 643 1104 720 γεωργίαι
1161 646 1292 717 (27),
1351 643 1696 719 ᾐσχύνθησαν
1744 643 1952 711 ἀποθῆ-

297 754 410 800 και,
452 733 540 787 καὶ
589 733 733 806 νομὴ
780 730 1052 805 ποιμνίων
1104 731 1365 803 ἐξέλιπεν,
1417 733 1679 810 ὠλιγώθη
1733 733 1953 806 (28).τὰ

297 822 474 896 ὡραῖα
503 828 603 890 τῆς
633 824 754 896 γῆς,
789 821 887 876 οὐκ
928 820 1179 892 ἐπλήσθη
1212 822 1276 876 τὰ
1305 819 1466 876 πεδία
1489 821 1772 891 πιότητος,
1805 819 1953 875 ἀλλὰ

295 909 612 989 κατηφείας
667 914 766 965 οὐκ
813 909 1122 982 ἐπλήθυναν
1175 913 1229 965 αἱ
1285 908 1540 974 κοιλάδες
1588 915 1755 977 σῖτον,
1824 907 1948 963 ἀλλ’

295 999 688 1069 ἐκλαύσοησαν·
742 999 841 1054 οὐκ
884 998 1136 1070 ἐστάλαξε
1185 1001 1296 1073 (29)
1344 1002 1412 1054 τὰ
1457 996 1556 1074 ὄρη
1607 998 1948 1075 γλυκασμὸν,

294 1089 370 1151 ὡς
401 1087 619 1164 ὕστερον
667 1093 782 1150 τοῖς
826 1087 1078 1157 δικαίοις,
1110 1086 1234 1144 ἀλλ’
1283 1089 1638 1162 ἀπεκοσμήθη
1689 1088 1778 1142 καὶ
1826 1090 1947 1158 ἠτι-

297 1178 500 1251 μάσθη,
557 1177 646 1232 καὶ
691 1179 788 1246 τὴν
837 1172 1073 1233 Γελϐουὲ
1119 1177 1350 1254 κατάραν
1402 1178 1461 1232 ἐκ
1519 1183 1626 1231 τῶν
1695 1176 1944 1232 ἐναντίων

293 1263 544 1336 ἐδέξατο;
596 1268 821 1343 Γέγονεν
876 1267 952 1329 ὡς
999 1268 1061 1321 τὸ
1112 1268 1199 1321 ἀπ’
1245 1267 1424 1343 ἀρχῆς
1455 1273 1595 1328 πᾶςα
1624 1269 1656 1336 ἡ
1690 1274 1787 1342 γῆ,
1818 1267 1944 1343 πρὶν

293 1357 640 1428 κοσμηθῆναι
688 1361 804 1417 τοῖς
855 1355 1049 1425 ἑαυτῆς
1110 1354 1392 1414 κάλλεσιν.
1477 1356 1785 1429 Ἐπεσκὲψω
1850 1357 1943 1430 μὲν

287 1444 387 1512 τῆν
465 1451 591 1518 γῆν,
659 1445 748 1498 καὶ
835 1443 1091 1517 ὶμέθυσας
1183 1443 1370 1514 αὐτὴν,
1446 1444 1572 1500 ἀλλ’
1647 1445 1946 1515 ἐπισκοπὴν

287 1534 529 1610 πονηρὰν
562 1533 651 1588 καὶ
691 1534 860 1606 μέθην
896 1532 1170 1611 ὀλὲθφιον.
1226 1538 1336 1588 Φεῦ
1379 1533 1474 1589 τοῦ
1528 1533 1828 1608 θεάματοςί
1889 1535 1940 1590 ἐν

285 1620 510 1695 καλάμῃ
537 1620 603 1676 τὰ
629 1627 731 1692 τῆς
763 1620 1016 1699 εὐφορίας
1057 1625 1217 1696 ἡμῖν,
1269 1624 1358 1678 καὶ
1395 1629 1610 1700 μικροῖς
1663 1622 1939 1698 λειψάνοις

283 1713 319 1781 ἡ
366 1713 539 1785 σπορά
594 1710 933 1786 γνωρίζεται,
985 1711 1073 1766 καὶ
1128 1709 1292 1784 μόλις
1342 1713 1590 1788 ἀπαρχὰς
1639 1712 1821 1788 Κυρίῳ
1877 1713 1939 1768 τὸ

285 1799 442 1874 θέρος
473 1801 633 1873 ἡμῶν
687 1805 1044 1877 καρποφορεῖ,
1099 1800 1233 1874 μησὶ
1292 1800 1500 1874 μᾶλλον
1553 1804 1664 1875 (30)
1723 1803 1758 1871 ἢ
1811 1799 1938 1876 δρά-

282 1909 454 1964 γμασι
513 1884 1091 1963 καταλαμϐανόμενον.
1143 1895 1397 1951 Τοιοῦτος
1464 1891 1492 1944 ὁ
1540 1889 1782 1952 πλοῦτος
1827 1895 1935 1945 τῶν

281 1972 513 2050 ἀσεϐῶν,
571 1983 794 2034 τοιαῦτα
849 1979 916 2033 τὰ
967 1983 1074 2033 τῶν
1121 1983 1296 2041 κακῶς
1327 1979 1652 2055 σπειρόντων
1677 1981 1934 2056 γεώργια·

281 2061 595 2141 ἰπιϐλὲψαι,
657 2068 731 2129 ὡς
789 2069 823 2137 ἡ
875 2066 1082 2123 παλαιὰ
1121 2070 1346 2145 κατάρα,
1399 2068 1647 2139 πλείονα,
1695 2069 1786 2122 καὶ
1833 2069 1936 2124 είσ-

281 2161 510 2232 ενεγκεῖν
571 2155 756 2231 ὀλίγαο
805 2162 1039 2234 σπεῖραι,
1087 2157 1178 2212 καὶ
1227 2159 1302 2230 μὴ
1371 2159 1598 2231 ἀμῆσαιο
1658 2163 1932 2233 φυτεῦσαι,

279 2245 369 2299 καὶ
432 2246 507 2318 μὴ
572 2244 847 2319 ἐκθλίψαι·
922 2244 982 2300 οὐ
1039 2245 1304 2322 ἓργῶνται
1361 2244 1488 2302 δέκα
1539 2245 1702 2322 ζεύγη
1765 2248 1931 2322 βοῶν,

278 2336 499 2402 ποιῆσαι
557 2334 816 2410 κεράμιον
869 2331 944 2389 ἓν·
995 2335 1083 2389 καὶ
1136 2336 1264 2412 παρ’
1329 2333 1524 2397 ἄλλοις
1568 2335 1779 2390 ἀκούειν
1829 2337 1929 2404 τὴν

276 2421 589 2499 εὐκαρπίαν,
647 2423 844 2486 αὐτοὺς
894 2421 1069 2496 ἐνδείᾳ
1132 2427 1244 2497 (31)
1308 2425 1684 2498 πιεζομένους.
1763 2425 1930 2489 Πόθεν

271 2516 461 2578 ταῦτα,
521 2510 608 2566 καὶ
666 2509 754 2575 τίς
800 2515 834 2582 ἠ
897 2512 1043 2568 αἰτία
1096 2518 1193 2568 τοῦ
1225 2513 1604 2589 θραύσματος;
1666 2515 1753 2583 Μή
1808 2514 1930 2568 ἀνα-

277 2599 549 2673 μείνωμεν
584 2601 670 2655 ὑπ’
702 2600 889 2657 ἄλλων
916 2600 1274 2678 ἐλεγχθῆναιο
1320 2605 1481 2676 ἡμῶν
1535 2602 1706 2658 αὐτῶν
1754 2603 1927 2673 ἐξετα-

270 2689 388 2744 σταὶ
438 2691 738 2766 γενώμεθα.
787 2689 939 2767 Μέγα
984 2691 1173 2754 κακίας
1224 2693 1528 2770 φάρμακον,
1579 2691 1666 2746 καὶ
1717 2691 1927 2764 ὁμολο-

2063 660 2186 701 eam
2220 663 2631 718 agnoscamus.
2665 646 2778 702 Cur
2825 651 3049 718 segetes
3081 649 3451 712 exaruerunt,
3501 646 3705 702 horrea

2061 736 2303 791 confusa
2334 739 2492 796 sunt,
2520 752 2738 806 pascua
2765 735 2960 791 ovium
2993 736 3350 800 defecerunt,
3401 740 3708 793 extenuata

2060 827 2199 879 sunt
2227 823 2491 894 speciosa
2541 828 2724 890 terrae,
2772 825 2963 896 campi
3014 840 3132 880 non
3182 824 3557 896 pinguedine,
3604 827 3705 882 sed

2060 928 2304 967 maerore
2337 912 2555 983 perfusi
2599 916 2772 981 sunt;
2821 913 3000 968 valles
3034 929 3149 968 non
3197 913 3491 968 frumento
3521 913 3704 969 abun~

2059 1002 2292 1066 darunt,
2326 1002 2427 1055 sed
2462 1001 2771 1071 deploratae
2804 1006 2979 1070 sunt;
3015 1006 3240 1058 montes
3280 1002 3467 1069 nobis,
3501 1019 3704 1075 quem-

2059 1091 2376 1146 admodum
2406 1095 2606 1161 postca
2628 1090 2809 1161 justis
2838 1090 2998 1162 viris,
3032 1091 3399 1146 dulcedinem
3434 1108 3545 1147 non
3581 1093 3706 1148 stil-

2056 1177 2273 1249 larunt,
2306 1179 2404 1234 sed
2439 1182 2710 1234 ornatum
2740 1195 2911 1234 suum
2945 1185 3247 1245 exuerunt,
3270 1180 3708 1254 ignominiaque

2057 1269 2246 1324 affecti
2295 1272 2455 1335 sunt,
2508 1285 2572 1324 ac
2631 1267 2919 1324 montium
2973 1268 3187 1324 Gelboe
3236 1269 3706 1326 maledictionem

2055 1357 2347 1412 contrario
2378 1358 2550 1412 modo
2600 1357 3060 1429 acceperunt"?
3091 1357 3260 1413 Facta
3308 1362 3397 1413 est
3434 1359 3708 1416 universa

2053 1449 2210 1502 terra
2240 1450 2367 1501 uta
2417 1445 2724 1518 principio,
2775 1463 2908 1500 cum
2962 1446 3223 1501 nondum
3269 1445 3706 1518 pulchritudine

2054 1551 2162 1589 sua
2192 1539 2471 1590 exornata
2527 1538 2702 1590 esset.
2762 1535 3009 1590 Visitasti
3063 1539 3270 1590 terram
3316 1539 3370 1589 et
3413 1535 3706 1591 inebriasti

2049 1639 2169 1679 eam
2189 1623 2273 1692 7’;
2308 1625 2406 1680 sed
2465 1623 2799 1679 visitatione
2860 1624 3035 1692 mala,
3083 1629 3140 1680 et
3190 1624 3464 1697 pestifera
3510 1624 3702 1680 ebrie-

2048 1716 2184 1768 tate.
2219 1713 2370 1768 Proh
2401 1713 2568 1768 triste
2616 1713 3049 1785 spectaculuml
3094 1713 3151 1768 in
3205 1713 3397 1769 culmo
3429 1713 3700 1770 fertilitas

2048 1801 2216 1856 nobis
2247 1806 2354 1870 est,
2389 1805 2446 1857 et
2475 1803 2756 1858 sementis
2783 1818 2849 1856 ex
2896 1801 3090 1875 parvis
3122 1801 3387 1874 reliquiis
3429 1803 3696 1874 agnosci-

2048 1897 2164 1960 tur,
2199 1907 2264 1946 ac
2292 1891 2389 1946 vix
2435 1890 2722 1963 primitias
2773 1891 3021 1947 Domino
3066 1892 3278 1948 messis
3325 1896 3525 1947 nostra
3555 1890 3694 1962 edit,

2046 1985 2220 2053 atque
2248 1997 2316 2035 ex
2343 1979 2647 2036 mensibus
2679 1979 2872 2052 potius
2904 1997 3081 2052 quam
3113 1996 3183 2035 ex
3218 1979 3536 2052 manipulis
3567 1996 3695 2053 per-

2046 2070 2279 2142 cipitur.
2313 2068 2485 2124 Tales
2526 2068 2845 2141 impiorum
2895 2069 3109 2126 divitia
3157 2073 3315 2141 sunt,
3364 2069 3512 2126 tales
3546 2070 3697 2127 male

2045 2159 2467 2215 seminantium
2527 2174 2788 2214 messes:
2849 2158 3151 2226 nimirum,
3217 2160 3387 2231 juxta
3443 2162 3692 2216 veterem

2045 2247 2537 2318 maledictionem,
2571 2247 2860 2320 respicere
2890 2249 2959 2302 ad
2994 2247 3198 2318 multa,
3222 2252 3279 2303 et
3308 2264 3495 2320 pauca
3520 2248 3694 2304 infer-

2041 2352 2102 2391 re
2129 2338 2172 2375 73
2202 2352 2214 2391 :
2251 2335 2560 2403 seminare,
2595 2340 2652 2392 et
2700 2353 2815 2391 non
2867 2341 3118 2405 metere;
3153 2336 3436 2409 plantare,
3488 2341 3546 2392 et
3573 2354 3689 2393 non

2041 2425 2362 2496 exprimere
2382 2426 2463 2482 ἠς
2497 2425 2593 2479 ubi
2628 2426 2828 2480 decem
2854 2425 3000 2498 juga
3031 2426 3206 2481 boum
3236 2429 3573 2497 operantur,
3606 2425 3691 2481 la-

2040 2514 2356 2586 gunculam
2392 2531 2570 2570 unam
2592 2514 2778 2568 facere
2799 2514 2870 2580 ⁷⁸;
2896 2519 3070 2586 atque
3097 2515 3251 2586 apud
3271 2513 3416 2570 alios
3447 2514 3684 2586 frugum

2038 2607 2364 2659 ubertatem
2396 2602 2618 2670 audire,
2652 2618 2786 2657 cum
2817 2601 3047 2656 interim
3077 2601 3188 2674 ipsi
3214 2619 3408 2658 rerum
3441 2602 3687 2674 penuria

2038 2697 2397 2765 premantur.
2432 2692 2592 2747 Unde
2621 2691 2742 2746 haec
2791 2691 3051 2756 tandem,
3099 2695 3156 2746 et
3201 2707 3328 2763 quae
3377 2691 3546 2746 nobis
3575 2690 3684 2746 hu-

267 2777 380 2854 γία,
431 2779 520 2833 καὶ
571 2781 710 2857 φυγή
763 2784 859 2834 τοῦ
906 2780 1266 2855 πταίσματος.
1308 2783 1448 2857 Ἐγὼ
1477 2787 1712 2856 πρῶτος,
1746 2775 1925 2856 ὥσπερ

2044 2783 2200 2853 iusce
2229 2781 2578 2838 calamitatis
2598 2798 2776 2837 causa
2797 2784 2884 2836 est
2907 2765 2935 2834 ‘l
2958 2785 3039 2837 Ne
3069 2783 3496 2852 exspectemus,
3526 2785 3591 2835 ut
3613 2781 3686 2835 ab

271 2865 572 2943 ἀνήγγειλα
621 2871 739 2940 (32)
778 2873 858 2941 τῷ
909 2868 1027 2941 λαῷ
1071 2891 1176 2942 μου
1207 2867 1431 2941 ἄνωθεν,
1463 2871 1552 2925 καὶ
1581 2872 1643 2926 τὸ
1670 2875 1768 2925 τοῦ
1800 2891 1924 2926 σκο-

269 2961 377 3011 ποῦ
407 2954 562 3033 ἔργον
596 2957 956 3030 πεπλήρωκα,
991 2961 1104 3032 (33)
1135 2958 1220 3032 (οὐ
1251 2960 1354 3035 γὰρ
1388 2959 1593 3036 ἔκρυψα
1627 2961 1726 3028 τήν
1758 2959 1927 3036 ἐρχο-

274 3047 442 3120 μένην
500 3045 791 3124 ῥομφαίαν,
843 3045 932 3101 ἵνα
985 3049 1074 3102 καὶ
1125 3050 1224 3118 τὴν
1284 3047 1520 3122 ἐμαυτοῦ
1579 3050 1787 3124 ψυχὴν,
1834 3047 1924 3103 καὶ

269 3135 365 3196 τὰς
395 3139 500 3189 τῶν
535 3135 840 3190 ἀκουόντων
878 3139 1370 3213 περιποιήσωμαι)
1423 3137 1594 3200 οὕτως
1635 3138 1924 3213 ἀναγγελῶ

2037 2871 2168 2928 aliis
2197 2887 2622 2942 coarguamur:
2650 2869 2890 2941 ipsimet
2914 2870 2971 2924 in
3005 2887 3111 2925 nos
3135 2869 3528 2942 inquiramus.
3561 2869 3688 2926 Ma—

2034 2976 2151 3033 gna
2175 2961 2294 3016 vitii
2322 2960 2610 3016 medicina
2628 2964 2716 3015 est
2738 2958 3047 3030 confessio,
3071 2965 3128 3014 et
3148 2960 3365 3032 peccati
3392 2959 3548 3032 fuga.
3570 2959 3689 3014 Pri-

2036 3067 2171 3105 mus
2193 3066 2318 3122 ego,
2344 3049 2497 3105 sicut
2521 3049 2734 3121 populo
2757 3065 2885 3105 meo
2911 3053 3044 3104 ante
3093 3048 3450 3115 denuntiavi,
3470 3065 3536 3103 ac
3561 3065 3687 3120 spe-

2034 3139 2309 3195 culatoris
2359 3155 2600 3193 munere
2648 3139 2884 3193 functus
2927 3139 3227 3194 sum.Non
3246 3137 3402 3193 enim
3441 3138 3684 3194 venien-

269 3222 484 3278 καὶτοῦ
532 3223 667 3279 λαοῦ
719 3245 824 3297 μου
853 3226 952 3294 τὴν
994 3224 1283 3299 ἀπείθειαν,
1325 3226 1560 3300 ἐμαυτοῦ
1605 3227 1672 3282 τὰ
1720 3227 1922 3282 ἐκείνου

2044 3232 2149 3284 tem
2173 3227 2436 3300 gladium
2467 3229 2642 3282 celavi
2665 3228 2732 3295 το,
2763 3231 2828 3281 ut
2856 3229 2913 3282 et
2945 3243 3133 3282 meam
3161 3226 3370 3299 ipsius,
3396 3231 3453 3282 et
3480 3243 3683 3284 eorum

266 3311 618 3384 ποιούμενος’
664 3310 720 3367 εἷ’
760 3334 876 3376 πως
916 3312 976 3368 ἂν
1006 3313 1148 3368 οὕτω
1176 3314 1408 3391 τύχοιμί
1431 3337 1578 3378 τινος
1612 3313 1922 3394 φιλανθρω-

2044 3317 2135 3389 qui
2170 3317 2436 3382 audiunt,
2485 3316 2711 3371 animas
2759 3316 3068 3372 elucrarer.
3118 3316 3212 3372 Sic
3265 3333 3421 3371 nunc
3450 3334 3684 3390 quoque

267 3399 392 3462 πίας
422 3401 511 3454 καὶ
544 3400 601 3455 ἀν
611 3400 870 3474 αψύξεως.

2030 3405 2227 3479 populi
2262 3405 2374 3460 mei
2405 3404 2862 3460 inobedientiam
2901 3421 3208 3477 exponam,
3258 3411 3494 3477 peccata
3525 3405 3683 3461 illius

264 3506 372 3564 pro
430 3492 577 3548 meis
636 3492 878 3549 ducens.
913 3492 1009 3549 Sic
1065 3493 1223 3550 enim
1284 3494 1530 3552 fortasse
1587 3495 1854 3553 futurum
1913 3498 2022 3568 est,
2046 3499 2112 3550 ut
2140 3494 2601 3551 misericordiam
2627 3493 2884 3566 aliquam
2917 3497 2975 3550 et
3005 3511 3280 3550 erumnas
3324 3495 3683 3552 levationem

271 3596 615 3654 consequar.

337 3669 531 3728 ΙΗ’.Ὁ
593 3668 686 3743 μέν
740 3690 825 3733 τις
873 3671 1033 3744 ἡμῶν
1081 3667 1324 3746 ἐξὲθλιψε
1391 3674 1506 3746 (34)
1573 3673 1775 3743 πὲνητα
1832 3671 1920 3728 καὶ

268 3762 462 3834 μοῖραν
512 3766 613 3835 ﬁ;
664 3760 1065 3836 παρεπάσατο,
1115 3760 1205 3815 καὶ
1257 3759 1403 3836 δριον
1457 3757 1691 3836 ὑπερέϐη
1719 3767 1918 3833 κακῶς,

261 3845 298 3913 ἢ
350 3843 576 3920 κλέψας,
628 3847 663 3915 ἢ
709 3849 1065 3920 τυραννήσας,
1120 3848 1208 3902 καὶ
1262 3853 1492 3923 συνῆψεν
1555 3849 1723 3904 οῗκίαν
1785 3851 1922 3926 πρὸς

265 3933 460 4006 οἰκίαν,
506 3934 595 3989 καὶ
648 3935 813 4012 ἀγρὸν
862 3937 998 4013 πρὸς
1049 3936 1240 4013 ἀγρὸν,
1284 3935 1375 3991 ’ίνα
1430 3959 1482 3992 τι
1528 3943 1624 3993 τοῦ
1685 3936 1917 4010 κλησίον

261 4021 552 4100 ἀφέληται·
585 4024 674 4079 καὶ
707 4023 913 4098 μηδένα
946 4021 1088 4102 ἔχειν
1136 4024 1508 4104 ἔφιλονείκησε
1553 4025 1791 4102 γείτονα,
1843 4028 1919 4091 ὡς

263 4113 426 4184 μόνος
477 4113 716 4184 οἰκήσων
763 4113 850 4168 ἐπὶ
897 4121 997 4184 τῆς
1049 4123 1175 4191 γῆς.
1225 4121 1280 4169 ‘0
1313 4113 1369 4170 δὲ
1398 4115 1579 4178 τόκοις
1609 4118 1697 4170 καὶ
1749 4131 1916 4172 πλεο-

255 4207 489 4275 νασμοῖς
539 4203 637 4271 τὴν
686 4210 788 4278 γῆν
839 4203 1023 4275 ἐμίανε
1071 4205 1204 4278 (35),
1256 4205 1344 4259 καὶ
1393 4205 1637 4280 συνάγων
1671 4204 1787 4260 ὅθεν
1821 4205 1918 4261 οὐκ

258 4287 491 4367 ἔσπειρε,
526 4291 616 4346 καὶ
647 4291 872 4368 θερίζων
917 4291 1054 4347 ὅπου
1108 4294 1182 4367 μὴ
1234 4291 1608 4369 διεσκόρπισεο
1659 4298 1914 4371 γεωργῶν

255 4379 319 4435 οὐ
367 4382 467 4450 τὴν
513 4388 633 4457 γῆν,
677 4379 823 4436 ἀλλᾶ
873 4382 972 4451 τήν
1017 4381 1206 4458 χρείαν
1253 4387 1359 4438 τῶν
1411 4380 1701 4456 δεομένων.
1763 4390 1802 4437 Ο
1861 4381 1916 4438 δὲ

256 4470 511 4545 ἀπαρχὰς
562 4469 770 4532 ἅλωνος
817 4470 906 4524 καὶ
958 4469 1130 4540 ληνοῦ
1157 4471 1248 4526 τὸν
1276 4473 1450 4526 πάντα
1481 4469 1755 4527 δεδωκότα
1784 4473 1912 4527 Θεὸν

2102 3674 2302 3729 XVIII.
2363 3673 2524 3729 Alius
2582 3677 2850 3729 nostrum
2899 3689 3214 3746 pauperem
3264 3674 3574 3746 oppressit,
3617 3692 3681 3729 ac

2029 3767 2194 3818 terra;
2207 3768 2428 3835 partem
2446 3763 2558 3835 ipsi
2571 3762 3259 3834 abstraxit,maleque,vel
3276 3777 3378 3834 per
3391 3763 3652 3817 fraudem
3665 3807 3679 3831 ,

2030 3852 2115 3907 vel
2147 3868 2251 3924 per
2279 3852 2420 3922 vim,
2445 3851 2760 3907 terminum
2795 3856 3202 3924 transgressus
3227 3855 3334 3918 est,
3359 3855 3413 3906 et
3436 3851 3676 3906 domum

2032 3941 2100 3996 ad
2137 3942 2376 3996 domum
2407 3941 2730 4012 conjunxit,
2764 3945 2820 3995 et
2851 3957 3057 4012 agrum
3101 3956 3239 4010 agro
3271 3937 3580 4010 copulavit,
3615 3945 3681 3995 ut

2030 4030 2292 4101 proximo
2326 4029 2545 4101 aliquid
2578 4031 2862 4100 eriperet:
2914 4046 2979 4084 ac
3026 4028 3281 4084 vicinum
3315 4028 3543 4083 nullum
3575 4029 3676 4084 ha-

2030 4119 2163 4174 bere
2195 4118 2442 4184 studuit,
2475 4118 2714 4190 perinde
2763 4134 2827 4172 ac
2859 4117 3020 4173 solus
3065 4117 3438 4173 habitaturus
3470 4117 3527 4172 in
3560 4121 3676 4174 ter-

2028 4224 2110 4262 ra.
2147 4206 2312 4263 Alius
2344 4208 2542 4262 usuris
2564 4211 2619 4261 et
2651 4207 2969 4262 femoribus
2993 4211 3203 4262 terram
3237 4207 3673 4278 contaminavit,

2027 4296 2306 4368 colligens
2337 4295 2438 4351 ubi
2487 4313 2602 4350 non
2644 4295 2988 4366 seminaret,
3045 4313 3112 4352 ac
3144 4300 3367 4353 metens
3424 4296 3525 4352 ubi
3557 4314 3671 4353 non

2026 4389 2358 4457 sparserat;
2392 4401 2507 4440 non
2538 4401 2607 4440 ex
2659 4389 2823 4440 terra:
2862 4387 3047 4452 cultu,
3097 4385 3198 4442 sed
3248 4401 3316 4441 ex
3345 4401 3670 4458 pauperum

2024 4474 2222 4546 inopia
2253 4478 2310 4530 et
2340 4474 2604 4545 penuria,
2636 4474 2942 4530 commoda
2971 4492 3079 4531 sua
3117 4475 3271 4530 813
3302 4491 3666 4547 comparans.

255 4539 607 4633 ἀπεστέρησε,
659 4558 748 4613 καὶ
805 4539 1025 4634 γέγονεν
1107 4560 1402 4635 ἀχάριστός
1476 4581 1534 4615 τι
1609 4562 1749 4633 ὁμοῦ
1824 4576 1913 4631 καὶ

2044 4563 2189 4619 \lius
2220 4579 2364 4620 area:
2395 4579 2458 4618 ac
2490 4563 2800 4620 toreularia
2823 4563 3100 4636 primitiis
3122 4568 3326 4632 Deum,
3353 4563 3453 4636 qui
3475 4564 3672 4620 omnia

252 4645 505 4717 ἀνόητος
541 4645 664 4702 οὔτε
693 4646 825 4723 ὐπὲρ
871 4648 942 4702 ὧν
995 4646 1151 4723 ἔσχεν
1214 4649 1632 4724 εὐχαριστήσας,
1682 4650 1804 4705 οὒτε
1849 4651 1911 4705 τὸ

257 4735 467 4809 μέλλον
526 4739 661 4810 (36),
713 4736 758 4791 εί
810 4738 886 4810 μή
936 4757 987 4791 τι
1039 4736 1202 4807 ἄλλο,
1245 4735 1334 4792 διὰ
1360 4746 1462 4807 τῆς
1495 4738 1910 4814 εὐγνωμοσύνης

2022 4655 2363 4718 donaverat,
2396 4653 2704 4715 fraudavit,
2731 4652 3047 4724 simulque,
3081 4664 3138 4709 et
3160 4653 3456 4725 ingratum
3487 4657 3545 4709 et
3572 4653 3671 4709 de-

2023 4746 2280 4798 mentem
2313 4759 2374 4797 se
2404 4741 2652 4812 praebuit
2679 4759 2692 4809 ;
2727 4747 2792 4796 ut
2839 4743 2964 4814 qui,
2992 4758 3098 4797 nec
3147 4758 3248 4813 pro
3281 4742 3376 4808 iis,
3408 4759 3535 4812 quas
3568 4742 3670 4797 ba-

329 4922 372 4956 ⁷¹
413 4920 460 4977 II
495 4921 635 4994 Reg.
669 4937 710 4993 ι,
741 4919 831 4978 21.
910 4921 956 4959 ’τ’
1013 4919 1163 4979 Psal.
1198 4937 1342 4992 LXIV,
1377 4923 1462 4978 10.
1523 4922 1569 4958 ⁷⁸
1622 4927 1769 4997 Agg.
1802 4931 1842 4995 1,
1868 4924 1923 4979 9.

2070 4922 2249 4995 Soph.
2283 4940 2322 4993 ι,
2358 4922 2444 4979 13.
2503 4903 2548 4957 τε
2603 4923 2802 4993 Isa.v,
2856 4923 2941 4979 ιο.
2999 4923 3044 4959 τα
3100 4922 3302 4980 Ezech.
3352 4938 3553 4992 χχχιιι,
3584 4923 3638 4979 3.

247 5115 355 5241 pf),
387 5118 495 5172 etc.
530 5116 592 5172 In
650 5117 770 5187 ed.,
819 5114 1100 5192 παρούσης
1145 5113 1373 5192 πληγῆς
1434 5117 1729 5194 βαρύτερος
1785 5120 1913 5194 ὑμῖν

247 5209 281 5241 γ
312 5207 512 5241 νωιιαι.

245 5207 763 5382 γεξὲἿὛῖεωργίαι.
825 5259 966 5331 Reg.
1027 5277 1079 5327 a,
1141 5257 1317 5336 ἀγροί.
1378 5260 1519 5333 Reg.
1580 5276 1692 5330 cm,
1738 5281 1908 5337 γεωρ-

245 5349 310 5382 ΥΟ
345 5369 356 5382 ο

244 5349 434 5473 TD2.28)
469 5398 769 5473 ’Qlt‘ftbﬁn.
801 5405 926 5458 Duo
959 5402 1146 5473 Colb.,
1180 5399 1559 5473 ὠλιγώθησαν.

464 5469 771 5546 Ἐστάλαξε.
804 5478 980 5546 Regg.
1014 5492 1066 5543 a,
1100 5469 1150 5543 cr,
1185 5469 1497 5543 ἐστάλαξαν.

319 5540 611 5618 (3Ο)Μησὶ
649 5540 1062 5616 μᾶλλονξέιοζ
1108 5540 1243 5618 «Ἐκ
1292 5540 1596 5602 mensibus
1627 5547 1841 5618 potius,
1875 5568 1904 5597 »

248 5619 363 5671 etc.
393 5615 491 5684 ;'id
525 5615 698 5686 est,ut
727 5634 842 5673 non
875 5633 943 5674 ex
968 5617 1406 5688 manipulorum
1437 5615 1678 5686 acervis,
1706 5619 1806 5675 sed
1839 5636 1906 5675 ex

247 5689 551 5762 mensium
583 5689 828 5762 ratione,
852 5691 1073 5762 messis
1104 5689 1392 5762 dignosci
1401 5694 1610 5762 potest.
1635 5711 1670 5762 ί»

321 5761 437 5832 (31)
465 5760 572 5830 Τὴν
636 5756 948 5838 εὐκαρπίαν,
1005 5756 1202 5822 αὐτοὺξ
1259 5756 1447 5835 ἐνδείᾷ.
1498 5759 1670 5821 Golsl.
1729 5762 1803 5834 1,-
1840 5761 1906 5818 τὰ

2019 5124 2119 5188 τῆς
2151 5116 2445 5190 εὐκαρπίας
2473 5115 2668 5190 αὐτοὺς
2699 5117 2751 5173 ἰν
2783 5115 2975 5190 ἐνδείᾳ.

2235 5190 2582 5267 Ἀνήγγ-ειλα.
2617 5191 2755 5267 Reg.
2790 5209 2844 5258 a,
2877 5190 3206 5267 ἀπήγγειλα.

2235 5187 2582 5265 ’Ᾰνήγγειλα.
2617 5191 2755 5265 Reg.

2111 5194 2202 5335 32)
2235 5194 2582 5265 Ἀνήγγειλα.
2617 5194 2755 5319 Reg,
2790 5209 2844 5258 α,
2877 5194 3206 5267 ἀπήγγειλα.

2014 5194 2623 5388 ἒπὲξδοωξξξπλήρωκα.
2735 5279 2863 5338 egg.
2925 5282 2979 5333 α.
3039 5280 3090 5332 ο,
3140 5265 3261 5335 bm,
3308 5264 3408 5336 ph,
3459 5262 3556 5320 Or.
3610 5265 3668 5333 2,

2199 5354 2331 5390 ωσα.

2107 5335 2331 5448 ,ήΙρωσω
2457 5335 2463 5336 ⁷
2735 5405 2746 5418 ⁸
2773 5335 2833 5419 *ς
3071 5407 3081 5417 ι

2107 5408 2198 5478 3ι)
2232 5402 2531 5478 Ἑξεθλιψε.
2557 5428 2584 5456 ‹‹
2618 5405 2856 5474 Afﬂmt,
2885 5410 3129 5478 vexav1t.
3166 5427 3195 5457 »

2108 5476 2197 5548 35)
2226 5476 2780 5550 i’EpfachSequitur
2826 5477 2884 5532 in
2917 5481 3009 5535 ed.
3040 5477 3150 5550 καί,
3201 5477 3354 5548 quod
3395 5476 3660 5532 codicum

2016 5549 2363 5606 auctoritate
2399 5549 2742 5605 delevimus.

2085 5621 2200 5693 (36)
2227 5619 2294 5673 Τὸ
2329 5618 2554 5693 μέλλον.
2602 5625 2666 5674 In
2693 5619 2870 5693 Cuisl.
2925 5623 2946 5676 1
2984 5621 3271 5693 sequitur,
3315 5615 3461 5678 ὅπως
3491 5613 3658 5693 ἀσφαέ

2015 5687 2128 5752 λᾶἱς
2158 5687 2585 5768 ἓξῃρφροντίσας,
2618 5690 2804 5768 καί-εἷ,
2831 5697 2964 5757 etc..
2989 5717 3017 5744 «
3046 5687 3151 5749 nec
3173 5694 3368 5765 postea
3391 5687 3663 5762 cogitavit

2016 5763 2542 5835 quomcdo'secure
2572 5763 2919 5834 possideret.
2957 5787 2988 5816 υ
