4138 6212
462 344 581 404 959

1704 336 1769 398 S.
1817 334 2193 398 GREGORII
2235 332 2631 398 THEOLOGI

3756 328 3882 394 960

460 475 610 541 buit,
643 474 861 546 gratias
911 473 1112 545 egerit,
1165 489 1291 539 nec,
1342 471 1390 528 si
1449 471 1597 527 nihil
1627 470 1808 541 aliud,
1841 472 2110 527 futurum

2230 466 2791 546 πραγματευσάμενος.
2848 468 2907 525 ’0
2965 463 3024 522 δὶ
3094 466 3275 542 χήραν
3336 465 3427 519 καὶ
3485 463 3717 542 ὀρφανὸν
3778 463 3881 520 adu

462 570 636 628 certe,
669 580 771 634 per
800 561 967 634 probi
998 566 1053 617 et
1101 561 1251 633 grati
1294 561 1477 616 animi
1524 561 1805 632 ofﬁcium,
1858 562 1968 616 sibi
2000 561 2113 633 ipsi

462 652 806 723 procurarit.
842 651 1008 705 Alius
1040 667 1144 705 nec
1172 651 1410 705 viduam
1446 666 1551 705 nec
1582 651 1909 722 orphanum
1943 651 2116 705 mise-

462 743 625 795 ratus
654 743 762 805 est,
798 755 900 794 nec
934 755 1145 810 panem
1179 744 1237 794 et
1267 740 1542 811 exiguum
1587 739 1933 795 alimentum
1966 757 2109 811 pau-

460 829 607 901 peri,
640 828 728 883 vel
760 828 987 884 Christo
1021 828 1236 899 potius,
1270 829 1372 899 qui
1422 846 1523 900 per
1553 828 1685 884 illos
1733 828 1906 884 etiam
1941 844 2113 900 parce

461 918 715 973 nutritos
749 916 946 984 alitur,
998 917 1313 988 impertiit;
1357 922 1413 972 et
1466 918 1703 989 quidem
1753 935 1887 974 cum
1928 918 2114 973 multa

461 1005 713 1062 fortasse
743 1006 973 1076 habeat,
1008 1023 1074 1061 ac
1105 1010 1312 1077 praeter
1344 1023 1507 1077 spem
1540 1007 1697 1078 (nam
1729 1007 1839 1062 hoc
1873 1008 2110 1062 demum

461 1091 903 1163 iniquissimum
926 1094 1057 1164 est),
1082 1098 1257 1164 atque
1280 1094 1335 1148 in
1360 1094 1565 1150 multis
1591 1094 1813 1150 horreis
1840 1095 2115 1167 angustia

459 1181 703 1253 laboret,
735 1199 915 1253 eaque
946 1182 1160 1254 partim
1210 1183 1472 1255 impleat,
1530 1185 1742 1255 partim
1782 1189 2017 1252 evertat,
2050 1188 2116 1239 ut

461 1272 535 1328 ad
590 1274 817 1327 futuros
862 1272 1086 1327 fructus
1143 1273 1479 1328 condendos
1537 1273 1823 1345 ampliora
1863 1277 2111 1345 extruat,

459 1361 603 1417 illud
636 1361 917 1434 ignorans
947 1361 1088 1431 fore,
1121 1365 1187 1416 ut
1212 1362 1557 1432 priusquam
1577 1363 1699 1434 spei
1732 1380 1853 1418 sua:
1874 1379 2113 1435 compos

462 1450 583 1517 ﬁat,
617 1456 803 1506 morte
834 1450 1177 1521 abripiatur,
1196 1450 1599 1523 rationemque
1628 1452 1985 1507 reddendam
2016 1452 2116 1506 ha-

460 1540 613 1606 beat,
646 1544 773 1594 tum
805 1556 983 1611 opum
1014 1539 1227 1610 quibus
1258 1539 1351 1595 hic
1382 1541 1720 1609 abundavit,
1748 1546 1876 1596 tum
1910 1557 2112 1596 earum

459 1643 657 1684 rerum
691 1644 839 1699 quas
894 1627 1088 1683 animo
1137 1632 1195 1683 et
1253 1629 1605 1700 cogitatione
1662 1629 1773 1684 sibi
1822 1630 2010 1699 ﬁnxit,
2050 1633 2116 1684 ut

459 1718 562 1790 qui
591 1715 782 1773 aliena
835 1716 991 1771 bona
1041 1717 1191 1772 male
1251 1718 1702 1773 administrarit.
1736 1718 1903 1773 Alius
1959 1717 2114 1774 viam

459 1804 776 1863 humilium
807 1805 1117 1861 declinavit
1146 1808 1210 1874 ⁷⁷,
1245 1810 1302 1861 et
1326 1808 1554 1877 justum
1605 1807 1843 1878 injustis
1874 1807 2114 1863 rationi-

458 1895 572 1951 bus
602 1894 987 1949 circumvenit
1013 1895 1077 1950 ⁷⁸.
1132 1894 1301 1949 Alius
1358 1895 1768 1967 corripientem
1817 1896 1877 1950 in
1929 1895 2115 1967 portis

459 1983 590 2039 odio
649 1982 875 2053 habuit,
929 1999 993 2037 ac
1036 1988 1304 2038 sanctum
1364 2000 1694 2040 sermonem
1742 1985 2117 2041 abominatus

458 2078 550 2128 est
591 2073 655 2128 7°.
717 2069 884 2126 Alius
933 2073 1040 2127 reti
1101 2090 1207 2128 suo
1258 2073 1445 2129 multa
1502 2074 1797 2146 colligenti
1846 2075 2115 2132 immola-

456 2161 540 2216 vit
567 2161 634 2229 ⁸ο,
666 2177 732 2216 ac
772 2162 1049 2233 pauperis
1099 2163 1354 2233 praedam
1400 2164 1557 2219 domi
1608 2164 1852 2226 habens,
1886 2168 1987 2219 aut
2017 2164 2116 2220 Dei

460 2250 804 2307 memoriam
839 2267 908 2305 ex
954 2252 1151 2306 animo
1193 2252 1381 2321 ejecit,
1432 2256 1533 2307 aut
1576 2256 1731 2307 certe
1776 2252 1938 2309 illius
1968 2252 2118 2309 male

460 2340 802 2396 recordatus
833 2343 942 2409 est,
975 2340 1176 2396 dicens
1205 2356 1217 2394 :
1252 2341 1604 2397 Benedictus
1635 2342 1940 2411 Dominus,
1973 2358 2116 2413 quo-

461 2427 622 2484 niam
656 2428 865 2484 divites
898 2430 1033 2484 facti
1068 2446 1277 2485 sumus
1297 2430 1341 2466 ⁸1
1374 2448 1387 2497 ;
1422 2434 1480 2486 et
1524 2431 1895 2503 iniquitatem
1925 2431 2117 2503 suspi-

2220 557 2477 630 ἠλέησεν,
2529 555 2653 612 οὐδὲ
2716 554 3009 631 μετέδωκεν
3072 556 3238 631 ἄρτου
3289 554 3378 609 καὶ
3436 559 3643 632 τροφῆς
3678 552 3880 628 ὀλίγης

2218 652 2297 720 τῷ
2328 645 2595 721 δεομένῳ,
2650 645 2864 720 μᾶλλον
2911 643 2968 700 δὲ
3013 646 3231 719 Χριστῷ
3284 647 3363 715 τῷ
3414 642 3881 720 τρεφομένῳ

2222 734 2313 792 διὰ
2347 740 2454 791 τῶν
2505 737 2594 791 καὶ
2646 740 2856 811 μικρῶς
2903 732 3270 811 τρεφομένωνσ
3325 732 3353 786 ὁ
3399 733 3468 787 τὰ
3510 729 3698 787 πολλὰ
3728 729 3880 807 ἔχων

2221 824 2373 899 ἴσως,
2404 827 2494 880 καὶ
2524 825 2651 901 παρ’
2681 822 2897 893 ἐλπίδα,
2929 828 3111 895 (τοῦτο
3132 822 3237 899 γὰρ
3266 819 3375 893 ἤδη
3407 821 3469 876 τὸ
3498 819 3887 896 ἀδικώτατον,)

2219 916 2309 971 καὶ
2365 920 2483 977 ταῖς
2541 912 2781 976 πολλαῖς
2835 914 3140 984 ἀποθήκαις
3195 910 3733 987 στενοχωρούμενος,
3786 909 3882 965 καὶ

2219 1005 2313 1067 τὰς
2349 1005 2441 1078 μὲν
2474 1003 2724 1074 πληρῶν,
2769 1004 2864 1065 τὰς
2913 1000 2971 1057 δὶ
3017 1003 3312 1076 καθαιρῶν,
3339 997 3430 1055 ’ίνα
3457 1004 3574 1061 τοῖς
3605 996 3884 1072 μέλλουσι

2219 1098 2451 1170 καρποῖς
2484 1089 2826 1166 οἷκοδομήσῃ
2861 1090 3128 1165 μείζονας,
3161 1088 3397 1163 ἀγνοῶν,
3429 1087 3512 1143 ὅτι
3557 1092 3669 1143 τῶυ
3720 1086 3884 1143 ἐλπί-

2222 1181 2327 1238 δων
2378 1182 2872 1258 προαναρπάζεται,
2920 1178 3008 1235 καὶ
3049 1178 3213 1254 λόγον
3258 1178 3437 1257 ύφέξει
3480 1183 3581 1246 τῆς
3649 1175 3885 1231 ἐνταῦθα

2221 1270 2474 1348 εὐπορίας
2503 1272 2617 1343 (38)
2646 1269 2735 1325 καὶ
2780 1270 2878 1338 τῆς
2927 1270 3042 1342 (39)
3090 1266 3394 1345 φαντασίας,
3444 1266 3609 1328 κακὸς
3656 1261 3883 1321 οἰκονό-

2224 1382 2327 1435 μος
2356 1360 2567 1435 ἀγαθῶν
2598 1356 2905 1433 ἀλλοτρίων
2936 1355 3249 1432 γενόμενος.
3298 1361 3352 1410 Ὁ
3402 1352 3460 1410 δὶ
3509 1352 3634 1410 ὁδὸν
3683 1374 3881 1411 ταπει-

2218 1455 2326 1505 νῶν
2382 1446 2636 1522 ἐξέκλινε,
2685 1446 2775 1503 καὶ
2823 1444 3142 1522 ἐπλαγίασεν
3192 1444 3245 1500 ἐν
3296 1442 3505 1506 ἀδίκοις
3552 1441 3787 1500 δίκαιον.
3820 1444 3882 1502 Ὁ

2223 1537 2280 1593 δὲ
2328 1538 2580 1612 ἐμίσησεν
2628 1537 2680 1592 ἐν
2730 1533 2929 1598 πύλαις
2986 1534 3308 1611 ἐλέγχοντα,
3356 1534 3446 1589 καὶ
3492 1531 3657 1609 λόγον
3722 1530 3880 1588 ὅσιον

2222 1620 2572 1697 ἐϐλελύξατο.
2624 1627 2683 1683 Ὀ
2741 1622 2800 1680 δὲ
2857 1623 3008 1680 ἔθυσε
3061 1623 3131 1699 τῇ
3190 1622 3382 1678 ἐαυτοῦ
3438 1623 3645 1698 σαγήνῃ
3691 1619 3887 1677 πολλᾶ

2222 1714 2522 1791 συναγούσῃ
2568 1717 2702 1788 (40),
2758 1712 2849 1768 καὶ
2906 1714 3007 1783 τὴν
3067 1713 3316 1789 ἁρπαγὴν
3369 1714 3467 1766 τοῦ
3544 1714 3779 1786 πτωχοῦ
3830 1709 3882 1764 ἐν

2219 1811 2337 1868 τοῖς
2370 1802 2538 1867 οἴειοις
2572 1801 2740 1881 ἔχων,
2770 1803 2806 1872 ἢ
2837 1802 2933 1857 οὐκ
2964 1801 3209 1875 ἐμνήσθη
3242 1804 3398 1870 Θεοῦ,
3429 1801 3464 1869 ἢ
3494 1802 3675 1861 κακῶς
3708 1798 3886 1872 ἐμνή-

2222 1906 2348 1968 σθη,
2400 1892 2716 1970 Εὐλογητὸς
2765 1890 2981 1967 Κύριος,
3033 1891 3222 1961 εἰπὼν,
3274 1889 3359 1944 ὅτι
3390 1887 3882 1961 πεπλουτήκαμεν·

2224 1983 2313 2039 καὶ
2361 1978 2627 2038 ὐπέλαϐεν
2696 1983 2808 2056 (Η)
2872 1978 3123 2054 ἀνομίαν,
3196 1979 3272 2042 ὡς
3318 1979 3448 2053 παρ’
3496 1977 3665 2033 αὐτοῦ
3710 1980 3886 2032 ταῦτα

2225 2070 2394 2149 ἔχων,
2442 2072 2493 2145 ἐξ
2549 2069 2611 2127 οὗ
2665 2070 3078 2141 κολασθήσεταιο
3140 2070 3237 2124 Διὰ
3290 2072 3459 2123 ταῦτα
3514 2066 3617 2143 γὰρ
3653 2064 3891 2142 ἔρχεται

2226 2164 2260 2232 ἠ
2296 2162 2434 2237 ὀργὴ
2466 2164 2563 2216 τοῦ
2596 2164 2728 2215 Θεοῦ
2778 2159 2865 2213 ἐπὶ
2894 2160 3024 2221 τοὸς
3073 2158 3224 2221 υἱοὺς
3274 2159 3387 2231 (42)
3435 2162 3535 2227 τῆς
3584 2155 3887 2219 ἀπειθείας·

2230 2247 2319 2305 διὰ
2366 2254 2555 2318 ταῦτα,
2613 2250 2648 2318 ἢ
2694 2247 2931 2304 κλείεται
2979 2247 3229 2322 οὐρανὸς,
3285 2249 3319 2317 ἢ
3361 2249 3539 2307 κακῶς
3571 2245 3891 2321 ἀνοίγεται*

2227 2338 2316 2393 καὶ
2344 2337 2540 2411 πολλῷ
2575 2336 2806 2411 μᾶλλον,
2839 2336 2884 2391 εί
2919 2335 3060 2409 μηδὶ
3087 2335 3388 2413 πληγέντες
3410 2334 3894 2413 ἐπιστρεφοίμεθα,

2227 2427 2317 2483 καὶ
2346 2427 2425 2501 τῷ
2447 2427 2716 2505 ἐγγίζοντι
2747 2430 2987 2504 φυσικῶς
3018 2425 3439 2498 πλησιάζοιμεν.

462 2521 629 2573 catus
664 2520 772 2584 est,
806 2516 967 2572 velut
992 2533 1131 2589 opes
1164 2516 1296 2574 illas
1327 2518 1518 2590 ipsius
1548 2520 1829 2576 beneﬁcio
1862 2520 2207 2592 possideret,
2266 2536 2300 2575 a
2345 2536 2459 2591 quo
2517 2536 2688 2592 piens.
2741 2518 3046 2574 afﬁcietur.
3078 2518 3162 2573 Ob
3223 2517 3345 2573 haec
3393 2515 3551 2572 enim
3608 2516 3775 2572 venit
3804 2515 3892 2571 ira

463 2606 563 2662 Dei
620 2606 681 2661 in
711 2605 861 2661 ﬁlios
895 2605 1329 2661 difﬁdentiae”.
1390 2608 1473 2663 Ob
1532 2608 1671 2679 haec,
1726 2609 1815 2664 vel
1873 2609 2166 2665 clauditur
2222 2608 2456 2677 cmlum,
2515 2609 2599 2665 vel
2652 2607 2805 2664 male
2833 2607 3129 2681 aperitur;
3176 2622 3359 2679 eoque
3412 2605 3624 2678 magis,
3688 2605 3764 2677 si,
3820 2621 3893 2660 ne

464 2695 735 2766 percussi
767 2694 1027 2766 quidem,
1062 2695 1503 2768 resipiscamus,
1532 2702 1708 2769 atque
1738 2699 1809 2753 ad
1843 2714 2000 2770 eum,
2035 2699 2135 2772 qui
2167 2703 2377 2755 natura
2407 2715 2515 2754 sua
2543 2715 2575 2755 e
2603 2697 2791 2754 vicino
2824 2700 2931 2766 est,
2963 2696 3333 2753 accedamus.

538 2781 681 2838 XIX.
717 2782 862 2849 Quid
898 2783 968 2838 ad
1001 2783 1123 2839 haec
1148 2784 1435 2852 dicemus,
1464 2785 1564 2857 qui
1595 2786 1956 2843 frumentum
1984 2788 2124 2843 emi-

464 2886 597 2926 mus
631 2875 689 2927 et
717 2871 1049 2939 vendimus,
1083 2888 1149 2929 ac
1170 2876 1501 2944 temporum
1532 2874 1907 2932 difﬁcultates
1929 2877 2125 2933 obser-

462 2976 693 3029 vamus,
724 2964 792 3015 ut
820 2977 958 3032 opes
1008 2962 1180 3018 nobis
1232 2979 1665 3035 comparemus,
1709 2969 1766 3021 et
1821 2965 1879 3020 in
1911 2965 2120 3023 alienis

466 3049 902 3107 calamitatibus
950 3050 1189 3107 delicias
1236 3053 1561 3125 capiamus,
1614 3059 1790 3126 atque
1838 3073 2026 3128 neque
2057 3061 2122 3113 ut

463 3140 681 3212 Joseph
705 3140 1109 3213 [Egyptiorum
1142 3142 1445 3200 facultates
1467 3145 1511 3178 ⁸³
1544 3145 1781 3216 majoris
1813 3145 2117 3218 dispensa-

462 3229 641 3285 tionis
673 3246 848 3285 causa
902 3234 1239 3303 (utrumque
1288 3233 1443 3288 enim
1503 3239 1690 3301 norat,
1741 3234 2019 3291 nimirum
2063 3240 2120 3292 et

462 3320 618 3373 recte
649 3316 940 3389 colligere,
973 3323 1030 3375 et
1076 3324 1227 3376 recte
1259 3338 1552 3377 annonam
1601 3323 1879 3392 tribuere,
1912 3340 2117 3395 quem-

466 3407 786 3463 admodum
817 3407 1014 3475 etiam,
1048 3414 1105 3464 et
1150 3410 1365 3466 famem
1414 3412 1766 3483 prospicere,
1798 3416 1855 3468 et
1883 3414 2116 3469 eminus
2147 3440 2191 3509 C

465 3495 518 3552 ei
550 3495 878 3564 obsistere),
910 3498 1033 3563 sed,
1066 3502 1131 3553 ut
1151 3498 1339 3570 iniqui
1372 3504 1427 3555 et
1449 3501 1850 3569 conscelerati,
1873 3502 2116 3574 popula-

463 3584 621 3641 rium
653 3589 989 3641 nostrorum
1038 3603 1178 3658 opes
1225 3591 1624 3660 acquiramus,
1666 3591 1766 3663 qui
1817 3591 2110 3649 dicimus:

466 3674 690 3744 Quando
719 3676 981 3731 transibit
1030 3678 1250 3745 mensis,
1282 3682 1343 3732 ut
1369 3678 1703 3742 vendamus;
1760 3689 1813 3736 et
1856 3680 2111 3749 Sabbata,

462 3766 522 3821 ut
552 3765 766 3821 aeraria
795 3764 1142 3821 recludamus
1174 3766 1220 3802 δ”
1245 3771 1267 3822 P
1298 3767 1398 3839 qui
1442 3768 1776 3840 duplicibus
1825 3770 2116 3827 mensuris

463 3858 520 3910 et
549 3853 784 3910 steteris
806 3854 1103 3924 justitiam
1128 3856 1563 3929 corrumpimus
1592 3857 1658 3926 ⁸⁸,
1686 3875 1752 3913 ac
1774 3858 2113 3930 plumbeam

465 3942 799 4014 iniquitatis
829 3959 1166 4000 mensuram
1196 3944 1254 3999 in
1303 3962 1410 4001 nos
1450 3946 1609 4017 ipsos
1642 3946 1997 4003 inclinamus
2024 3947 2115 4003 3°?

467 4031 617 4097 Quid
650 4031 720 4087 ad
756 4033 912 4087 314
939 4032 1058 4088 haec
1107 4033 1391 4103 dicemus,
1416 4035 1512 4106 qui
1557 4034 1787 4091 nullum
1819 4037 2114 4108 augenda-

467 4137 600 4177 rum
623 4137 801 4193 opum
824 4122 1002 4177 ﬁnem
1025 4123 1294 4178 novimus
1321 4149 1335 4192 ς
1358 4124 1458 4196 qui
1483 4142 1691 4181 aurum
1713 4128 1770 4181 et
1786 4130 2115 4198 argentum,

467 4226 582 4265 non
628 4225 800 4266 secus
857 4215 1032 4284 atque
1072 4211 1159 4267 illi
1216 4211 1355 4269 olim
1406 4213 1543 4270 Baal
1603 4219 1659 4269 et
1704 4218 2001 4285 Astarten,
2061 4219 2117 4272 et

467 4299 889 4355 exsecrandum
920 4299 1080 4356 illum
1119 4300 1371 4358 Chamos
1400 4303 1444 4337 ⁸⁷
1491 4304 1841 4373 adoramus;
1894 4304 1995 4378 qui
2027 4305 2115 4361 la-

468 4384 675 4457 pidum
704 4385 877 4444 luxus
902 4392 961 4445 et
989 4390 1330 4462 splendores
1353 4395 1778 4465 consectamur,
1810 4398 2118 4466 vestesque

2301 2787 2398 2842 18'.
2431 2786 2495 2841 Τί
2523 2785 2660 2861 πρὸς
2706 2788 2874 2840 ταῦτα
2930 2784 3180 2860 ἐροῦμεν,
3243 2784 3293 2839 οἱ
3334 2784 3448 2857 (43)
3493 2784 3738 2854 σιτῶναι,
3792 2767 3899 2836 και

2230 2873 2614 2947 σιτοκάπηλοι,
2663 2874 2753 2930 καὶ
2804 2877 3097 2949 τηροῦντες
3144 2874 3240 2935 τὰς
3284 2876 3388 2928 τῶν
3438 2876 3643 2945 καιρῶν
3693 2869 3891 2926 δυσκοο

2228 2962 2371 3037 λίας,
2399 2963 2469 3020 ἵν’
2505 2963 2919 3040 εὐπορήσωμεν,
2948 2962 3039 3018 καὶ
3069 2968 3187 3024 ταῖς
3220 2959 3541 3037 ἀλλοτρίαις
3588 2963 3707 3035 (44)
3746 2982 3893 3033 συμ-

2228 3059 2427 3134 φοραῖς
2454 3053 2890 3132 ἐντρυφήσωμεν,
2923 3053 3013 3108 καὶ
3042 3052 3384 3125 κτηνώμεθα,
3434 3052 3510 3124 μὴ
3562 3050 3638 3112 ὡς
3686 3051 3887 3123 Ἱωσὴρ

2226 3147 2294 3200 τὰ
2321 3148 2429 3199 τῶν
2461 3143 2794 3219 Αἰγυπτίων,
2828 3142 2909 3198 ἐπ’
2939 3140 3228 3215 οἰκονομίᾳ
3259 3140 3464 3214 μείζονι
3507 3138 3739 3215 (ἐκεῖνος
3784 3140 3887 3215 γὰρ

2227 3230 2348 3303 ἤδει
2396 3233 2485 3288 καὶ
2544 3236 2857 3309 συναγαγεῖν
2913 3230 3003 3286 καὶ
3052 3227 3398 3299 σιτοδοτῆσαι
3441 3226 3651 3301 καλῶς,
3699 3225 3885 3302 ὥσπερ

2226 3322 2317 3377 καὶ
2373 3325 2677 3399 προγνῶναι
2733 3322 2823 3376 τὸν
2883 3319 3070 3393 λιμὸν,
3127 3319 3219 3373 καὶ
3276 3324 3466 3389 στῆναι
3523 3317 3665 3394 πρὸς
3717 3318 3882 3373 αὐτὸν

2227 3410 2504 3488 πόρρωθεν
2555 3412 2689 3486 (45),
2722 3408 2845 3466 ἀλλ’
2878 3411 2952 3472 ὡς
2984 3409 3288 3486 παράνομοι
3319 3408 3385 3462 τὰ
3413 3410 3521 3462 τῶν
3553 3406 3880 3486 ὁμοφύλων,

2227 3502 2283 3555 οἱ
2324 3499 2590 3576 λέγοντες·
2654 3498 2793 3554 Πότε
2838 3495 3168 3554 διελεύσεται
3217 3497 3246 3551 ὁ
3297 3497 3424 3571 μὴν,
3473 3495 3564 3550 καὶ
3617 3494 3890 3567 ἐμπωλήο

2224 3610 2386 3664 σομεν
2434 3591 2593 3664 [46])·
2650 3588 2740 3643 καὶ
2813 3588 2881 3643 τὰ
2948 3581 3223 3656 Σάϐϐατα,
3298 3585 3386 3641 καὶ
3444 3583 3731 3658 ἀνοίξομεν
3787 3596 3890 3656 011-

2224 3677 2494 3755 σαυρούς;
2528 3678 2580 3734 οἱ
2634 3680 2753 3739 τοῖς
2819 3673 3025 3738 δισσοῖς
3095 3674 3313 3752 μέτροις
3361 3674 3449 3728 καὶ
3478 3673 3775 3747 σταθμίοις
3825 3676 3888 3729 τὸ

2225 3765 2432 3823 δίκαιον
2463 3764 2885 3845 διαφθείροντες,
2933 3764 3023 3820 καὶ
3053 3765 3115 3819 τὸ
3159 3758 3455 3837 μολιϐδοῦν
3508 3765 3624 3837 (47)
3680 3762 3883 3839 μέτρον

2222 3864 2321 3927 τῆς
2350 3855 2578 3930 ἀνομίας
2636 3856 2717 3934 ἐφ’
2772 3854 2993 3916 ἑαυτοὺς
3049 3851 3365 3923 κλίνοντες,
3425 3851 3484 3906 Τί
3540 3852 3679 3927 πρὸς
3706 3858 3885 3907 ταῦτα

2223 3945 2469 4020 ἐροῦμεν,
2531 3945 2583 4000 οἱ
2642 3941 2809 4019 μηδὲν
2867 3942 3035 4020 πέρας
3089 3945 3204 4017 (48)
3263 3939 3465 4004 εἰδότες
3512 3943 3787 4012 κτήσεως·
3832 3943 3885 3996 οἱ

2223 4037 2644 4111 προσκυνοῦντες
2690 4034 2781 4088 τὸν
2828 4034 3029 4109 χρυσὸν
3077 4032 3168 4087 καὶ
3216 4032 3305 4087 τὸν
3364 4029 3623 4107 ἄργυρον,
3696 4028 3886 4107 ὥσπερ

2223 4124 2323 4194 τὴν
2372 4122 2521 4180 Βάαλ
2562 4123 2615 4178 οἱ
2660 4121 2855 4195 πάλαι,
2897 4120 2987 4177 καὶ
3027 4124 3126 4192 τὴν
3174 4118 3489 4196 ’Λιπάρας-ην,
3539 4120 3636 4174 καὶ
3676 4120 3745 4175 τὸ
3776 4121 3889 4178 Xa-

2231 4214 2346 4287 μὼς
2381 4211 2685 4291 βλέλυγμα’
2720 4213 2773 4267 οἱ
2802 4212 3150 4289 περιέποντες
3179 4214 3284 4265 τῶν
3324 4207 3489 4274 λίθων
3516 4209 3614 4271 τὰς
3646 4209 3888 4266 πολυτι-

2226 4301 2375 4365 λείας
2434 4305 2523 4357 καί
2581 4300 2878 4379 διαυγείας,
2935 4300 3026 4357 καὶ
3083 4302 3181 4371 τῆς
3232 4298 3455 4370 ἐσθῆτος
3492 4299 3593 4367 τὴν
3631 4297 3892 4373 μαλακήν

2222 4412 2281 4447 τε
2336 4393 2426 4447 καὶ
2475 4391 2883 4470 περιρρέουσαν,
2940 4394 3119 4463 σητῶν
3178 4386 3437 4461 δαπάνην,
3495 4387 3589 4444 καὶ
3640 4386 3885 4463 λῃστῶν,

543 4599 788 4676 "jAmos
819 4600 967 4676 11,1.
1044 4600 1088 4635 ⁷⁸
1128 4603 1240 4676 Isa.
1301 4620 1458 4674 xxrx,
1506 4606 1596 4660 21.
1630 4606 1673 4642 7°
1724 4607 1902 4662 Amos
1954 4622 2011 4675 V,
2074 4607 2117 4661 1(

2237 4606 2283 4642 ⁸ο
2337 4604 2554 4663 Habeo.
2603 4622 2645 4673 1,
2676 4605 2765 4676 15,
2840 4604 2886 4644 δι
2917 4602 3089 4661 Zach.
3118 4619 3199 4673 x1,
3229 4602 3286 4658 5.
3317 4673 3335 4676 _
3354 4601 3407 4676 θ’
3432 4600 3657 4675 Ephes,
3706 4618 3773 4671 ν,
3826 4603 3883 4657 6.

463 4668 510 4706 ⁸³
542 4670 681 4727 Gen.
709 4687 820 4739 xu,
878 4671 950 4727 39
980 4688 1105 4744 sqq.
1154 4674 1200 4709 3‘
1236 4676 1412 4732 Amos
1442 4668 1563 4746 vm,
1593 4678 1648 4733 5.
1726 4676 1771 4714 ⁸⁵
1803 4680 1970 4735 Deut.
1998 4668 2117 4747 ὶχν1

2230 4720 2243 4736 .
2304 4678 2349 4715 ⁸⁸
2401 4677 2573 4736 Zach.
2605 4668 2761 4745 νει(
2799 4676 2844 4714 ⁸⁷
2884 4677 2983 4733 ΙΙΙ.
3012 4679 3153 4749 Reg,
3184 4668 3281 4745 '11,
3310 4673 3400 4731 33.

536 4894 644 4978 (3])
666 4896 752 4979 Τῷ
778 4895 1116 4985 τρεφομένῳ,
1162 4902 1271 4984 etc.
1312 4900 1591 4958 Nonnulli
1640 4904 1761 4978 Reg
1811 4946 1820 4959 .
1854 4908 1911 4961 et
1939 4903 2112 4961 Coisl.
2145 4908 2193 4975 Ι)

551 4985 630 5033 τῳ
658 4986 747 5020 και
779 4963 868 5021 δια
907 4991 1013 5025 των
1055 4990 1261 5033 μικρων
1303 4972 1644 5033 τρεφομένῳ.
1678 4999 1706 5029 ‹‹
1756 4921 1985 5033 ἕὶιτὶειο
2015 4977 2117 5033 qui

469 4966 519 5053 1,
544 4963 635 5037 ’τῷ
658 4963 747 5020 καὶ
779 4963 1261 5053 δὶάςτῶνιμῖκρῶν
1303 4972 1644 5049 τρεφομένῳ,
1678 4999 1706 5029 ‹‹

470 5041 526 5094 et
555 5054 660 5111 per
689 5040 962 5111 parvulos
993 5040 1189 5100 alitur.
1222 5067 1252 5095 n

555 5056 660 5166 ἕξι-
689 5056 962 5111 parvulos
993 5056 1189 5100 antur.
1222 5067 1252 5095 ››

536 5111 649 5199 (Μ)
678 5110 983 5199 ηξὶρποεζας.
1011 5116 1360 5199 ‘Reg.“bm.
1410 5120 1479 5199 et
1536 5119 1809 5199 Montac.,
1842 5117 2115 5195 εὖφορίας.

678 5188 808 5263 ’[ῆς.
845 5184 940 5263 Sic
970 5184 1167 5263 plures
1199 5190 1372 5263 Regg.
1409 5189 1581 5245 Deest
1610 5184 1794 5263 inied.

557 5207 650 5326 ἓξ)
682 5207 808 5308 ἕης.
845 5207 940 5277 ῡιρ
970 5207 1167 5259 plures
1199 5207 1372 5318 [ιθεῇ
1409 5207 1581 5245 υθϐεῑ
1610 5207 1671 5245 1n
1702 5207 1794 5246 ea.

554 5322 568 5343 '
729 5276 1019 5332 υναγουσῃ.
1064 5260 1271 5317 Plures
1374 5276 1501 5333 egg.
1552 5265 1610 5316 et
1655 5262 1752 5333 Or,
1796 5262 1851 5333 2,
1885 5280 2114 5336 συναγα-

469 5343 667 5399 γουᾉση,

536 5396 777 5488 list
813 5394 1099 5471 ὑπέλαϐεν,
1150 5406 1259 5488 etc.
1316 5401 1539 5486 Binius,
1580 5425 1608 5453 «
1641 5418 1899 5488 opes-que
1927 5403 2116 5488 ipsius

462 5466 760 5595 beneﬁciot
817 5489 878 5527 se
952 5466 1331 5529 consecutum
1406 5466 1607 5545 inique
1673 5466 2020 5533 exstimavit.
2082 5495 2115 5533 ο

468 5553 605 5595 αυο.
645 5563 669 5589 ι)
705 5558 734 5595 Θ
766 5558 812 5595 C.

468 5553 605 5609 quo,
645 5563 669 5589 ι)
705 5553 812 5596 etc.

1845 4976 1985 5033 risto
2015 4977 2117 5048 qui

631 5111 650 5326 ξ

709 5610 825 5665 Ἐπὶ
884 5610 1010 5674 τοὺς
1068 5612 1494 5695 υιίοιύςκϐρὶειέι
1547 5618 1592 5695 1Δ
1635 5614 1715 5695 ἐφ’
1780 5620 1929 5693 ἡμᾶς
1986 5618 2113 5684 τοὺς
2220 5610 2333 5695 ’τοξλΔ

468 5677 643 5752 υἱούς)
678 5702 708 5734 ‹‹
737 5699 917 5756 super
943 5702 1051 5745 nos
1080 5685 1233 5748 ﬁlios
1262 5677 1686 5752 inobsdientesi
1718 5712 1750 5745 »

2292 4901 2407 4975 (43)
2437 4900 2523 4975 0t.
2549 4901 2649 4975 _Sio
2679 4900 3012 4975 Begg._bm,
3039 4896 3315 4975 ph,_Jes.,
3346 4894 3509 4954 Pass.
3555 4894 3627 4954 In
3656 4898 3779 4970 ed.,
3810 4897 3881 4952 εὶ.

2300 4965 2409 5119 ,44)
2440 4965 2943 5066 ’θλλοτρίαιξῗθνὶ
2976 4965 3408 5053 2,’ἀλλοτρίων.,

2297 4978 3635 5173 iis“.3:51;?est?"satiasset.

2298 5057 2409 5173 811.5)
2465 5057 2735 5129 Ὥσπερ...
2796 5057 3101 5129 πορρωθεν.
3150 5057 3261 5124 διο.
3312 5057 3603 5124 130191.}:
3667 5057 3886 5123 suique

2226 5117 2551 5201 co_d_..Hrec
2580 5134 2641 5174 1n
2690 5118 2903 5175 Graecis
2951 5130 3193 5187 omissa,
3222 5111 3358 5170 licet
3400 5128 3434 5170 a
3459 5109 3635 5169 811110
3675 5112 3886 5170 Latmo

2225 5191 2901 5334 ῗθῗίῗέἷὲὲμπωλήσομεν.
2928 5256 3093 5334 _Reg.
3142 5255 3243 5330 ph,
3302 5258 3361 5312 et
3406 5254 3557 5325 Palu,
3608 5272 3887 5329 απεμπω-

2226 5327 2491 5405 λήσομεν.
2506 5327 2681 5405 ’Βαεη
2698 5327 3131 5405 εύπωλήσομῖεν.

2295 5395 2773 5491 (4Ἶ)ΜοΛιϐδοῦν.
2830 5395 3179 5475 Ῑὶθςείδω,
3237 5398 3338 5472 ph,
3397 5402 3455 5456 et
3506 5399 3664 5468 BIL,
3721 5395 3892 5471 μολι-

2224 5470 2643 5621 ϐοίῖέλΜηδέν
2689 5543 2871 5621 πέρας.
2934 5543 3094 5600 Idem
3144 5540 3647 5621 scripsitﬁplon:
3692 5539 3891 5621 Πλοῦς

2516 5609 2667 5676 ούδὶν
2742 5609 3321 5701 τέρμα-’,πεφασμένον
3371 5609 3617 5701 ,ἀνδράσι
3674 5618 3879 5671 κεῖται.

2223 5713 2255 5747 α
2284 5691 2497 5767 Nullus
2527 5707 2708 5770 opum
2737 5686 3087 5765 mortalibus
3117 5686 3270 5750 ﬂius
3299 5689 3391 5749 est
3418 5686 3614 5747 limes.
3643 5706 3673 5739 ιι
