4138 6212
293 411 404 471 961

1212 409 1501 473 ORATIO
1542 410 1701 474 XVI.
1727 443 1805 456 --
1837 410 1918 472 IN
1961 408 2284 472 PATREM
2325 412 2773 475 TACENTEM.

3575 421 3696 482 962

292 539 381 594 καὶ
410 534 706 613 τυράννων,
738 538 827 592 καὶ
858 535 1105 593 κλεπτῶν
1161 537 1587 615 θησαυρίσματα·
1645 541 1697 595 οἱ
1738 540 1939 611 πλήθει

2059 542 2262 599 molles
2295 548 2350 598 et
2378 543 2733 601 difﬂuentes.
2768 560 2897 616 quae
2927 563 2959 600 a
2988 545 3161 602 tineis
3192 548 3604 619 absumuntur,
3638 558 3696 609 et

289 631 614 706 γαυριῶντες
688 624 1036 704 ἀνδραπόδων
1113 628 1204 683 καὶ
1272 627 1640 705 τετραπόδων·
1710 630 1761 684 οἱ
1830 635 1946 691 τοῖς

2059 632 2446 703 praedonibus,
2480 649 2545 687 ac
2566 635 2853 705 tyrannis,
2887 635 3241 708 furibueque
3272 640 3695 708 reconduntur,

288 714 499 780 πεδίοις
555 715 1030 791 έμπλατυνόμενοι
1085 717 1175 773 καὶ
1232 722 1349 781 τοῖς
1408 714 1577 794 ὄρεσι,
1607 718 1697 774 καὶ
1751 720 1818 773 τὰ
1851 720 1942 792 μὶν

290 804 531 883 ἔχοντες,
587 807 656 861 τὰ
695 804 752 861 δὶ
815 801 1351 883 προσλαμϐάνοντες,
1397 808 1465 862 τὰ
1514 805 1571 863 δὲ
1625 806 1943 880 μέλλοντες,

286 896 424 952 κατὰ
450 902 549 965 τήν
602 892 1001 970 Σολομόντειον
1055 894 1288 970 βδέλλαν
1333 894 1717 969 ἐμπλησθῆναι
1753 898 1826 969 μή
1863 894 1950 951 δυ-

288 984 551 1059 ναμένην,
612 984 821 1059 ὁμοίως
872 983 995 1060 ᾃδῃ,
1044 986 1132 1040 καὶ
1187 990 1284 1061 γῇ,
1328 986 1417 1040 καί
1461 986 1614 1060 πυρὶ,
1647 985 1735 1040 καὶ
1768 983 1942 1058 ὕδατι,

287 1075 379 1131 καὶ
427 1078 715 1147 ζητοῦντες
766 1074 1094 1148 οἰκουμένην
1148 1075 1329 1151 έτέραν
1360 1075 1435 1138 είς
1465 1083 1677 1147 κτῆσιν,
1708 1076 1800 1131 καὶ
1827 1080 1943 1137 τοῖς

284 1168 385 1223 τοῦ
442 1168 572 1223 Θεοῦ
630 1164 803 1241 ὁρίοις
852 1163 1335 1240 καταμεμφόμενοι
1394 1164 1468 1227 ὡς
1515 1165 1858 1241 μικροτέροις
1906 1164 1943 1233 ἢ

287 1252 423 1310 κατὰ
498 1254 598 1323 τὴν
674 1253 876 1309 έαυτῶν
953 1252 1238 1327 έπιθυμίαν
1316 1253 1406 1309 καὶ
1482 1252 1825 1325 ἀπληστίαν,
1884 1250 1943 1307 Τί

289 1340 376 1397 δαὶ
437 1343 570 1415 (49),
626 1341 679 1397 οἱ
738 1346 853 1405 τοῖς
913 1340 1153 1417 ὑψηλοῖς
1219 1342 1431 1417 θρόνοις
1507 1341 1942 1418 ἐγκαθεζόμενοι,

288 1431 380 1486 καὶ
433 1431 534 1502 τὴν
592 1430 829 1507 ἀρχικήν
888 1432 1090 1503 σκηνὴν
1144 1428 1409 1507 αἴροντες,
1467 1432 1558 1487 καὶ
1612 1433 1713 1500 τήν
1776 1430 1941 1509 ὀφρὺν

286 1523 397 1575 τῶν
446 1521 682 1598 θεάτρων
749 1518 1116 1597 ὑψηλοτέραν,
1170 1520 1263 1576 καὶ
1328 1523 1404 1595 μὴ
1454 1515 1804 1597 λογιζόμενοι
1850 1520 1941 1575 τὸν

291 1607 379 1664 ἰπὶ
408 1614 539 1665 πᾶσι
586 1610 736 1683 Θεὸν,
779 1611 871 1666 καὶ
924 1610 987 1665 τὸ
1034 1609 1323 1687 ἀπρόσιτον
1357 1608 1493 1685 ὕψος
1520 1616 1618 1681 τῆς
1675 1610 1943 1680 ἀληθινῆς

292 1696 594 1774 βασιλείας,
638 1696 713 1753 ἵν’
762 1698 837 1762 ὡς
868 1696 1192 1772 ὁμοδούλων
1222 1704 1336 1755 τῶν
1370 1698 1624 1771 ὑπηκόων
1677 1697 1940 1774 ιῖίρχωσιν²

288 1788 339 1842 οἳ
370 1794 470 1858 τῆς
518 1784 641 1857 ἴσης
689 1785 939 1862 δεόμενοι
988 1786 1439 1867 φιλανθρωπίας;
1497 1787 1696 1843 Σκόπει
1730 1785 1787 1842 δέ
1847 1808 1940 1861 μοι

294 1877 384 1933 καὶ
414 1877 543 1941 τοὺς
591 1876 1119 1940 κατασπαταλῶντας
1166 1878 1254 1933 ἐπὶ
1303 1877 1503 1934 κλινῶν
1555 1877 1939 1955 ἐλεφαντίνων,
1974 1909 2021 1973 Β

290 1968 365 2022 ὧν
424 1966 608 2030 καλῶς
663 1968 689 2021 ὁ
739 1969 879 2029 θεῖος
933 1968 1114 2041 Ἀμὼς
1163 1968 1512 2035 καθάπτεται,
1543 1967 1631 2021 καὶ
1660 1968 1727 2021 τὰ
1754 1971 1946 2043 πρῶτα

294 2054 438 2131 μύρα
466 2057 820 2133 χριομένους,
851 2055 940 2111 καὶ
969 2060 1037 2129 τῇ
1070 2061 1221 2135 φωνῇ
1269 2062 1376 2111 τῶν
1428 2056 1667 2132 ὀργάνων
1722 2055 1941 2132 ἐπικρο-

286 2148 533 2218 τοῦντας,
583 2143 672 2199 καὶ
718 2149 826 2201 τῶν
882 2144 1186 2221 φευγόντων
1233 2145 1307 2208 ὡς
1355 2145 1657 2218 ἱσταμένων
1707 2145 1937 2221 ἐξηρτη-

295 2235 509 2309 μένους·
568 2231 715 2289 ἀλλά
779 2235 854 2308 μή
909 2233 980 2308 τῇ
1032 2229 1291 2308 συντριϐῇ
1344 2239 1443 2289 τοῦ
1486 2236 1688 2312 Ἰωσὴφ
1747 2232 1940 2289 συναλ-

285 2324 512 2400 γοῦντάς
568 2343 628 2379 τε
681 2324 770 2378 καὶ
829 2322 1270 2399 συμπάσχοντας·
1333 2320 1450 2379 δέον
1494 2322 1772 2399 ’χρηστοὺς
1806 2323 1937 2378 εἶναι

284 2417 403 2475 τοῖς
431 2416 883 2489 ξπροεμπεσοῖῖισι⁹
939 2412 1028 2467 καὶ
1070 2416 1150 2483 τῷ
1194 2410 1333 2485 ἐλέῳ
1374 2417 1597 2475 κτᾶσθαι
1645 2412 1737 2467 τὸν
1766 2410 1936 2468 ἔλεον

290 2498 578 2570 ὀλολύζειν
607 2502 783 2575 πίτυν,
815 2499 897 2557 ὅτι
947 2502 1199 2557 πέπτωκε
1243 2498 1461 2577 κέδρος,
1520 2500 1610 2556 καὶ
1653 2503 1766 2575 (50)
1815 2522 1941 2556 νου·

290 2592 553 2647 θετεῖσθαι
627 2594 697 2665 τῇ
767 2595 876 2646 τῶν
950 2588 1201 2661 πλησίων
1269 2589 1481 2666 πληγῇ,
1541 2588 1629 2645 καὶ
1689 2587 1779 2644 διὰ
1834 2595 1939 2645 τῶν

288 2679 597 2757 ἀλλοτρίων
650 2684 828 2737 κακῶν
880 2678 948 2735 τὰ
1003 2679 1177 2735 οἰκεῖα
1233 2676 1290 2733 εὖ
1352 2678 1608 2751 τίθεσθαι,
1684 2683 1942 2735 τοσοῦτον

284 2767 456 2825 πλέον
497 2767 724 2845 ἔχοντας
780 2773 889 2826 τῶν
946 2766 1389 2847 προειληφότων,
1438 2768 1562 2822 ’ὀσον
1622 2766 1814 2829 αὐτοὺς
1873 2765 1945 2822 δι’

287 2859 506 2914 ἐκείνων
539 2866 779 2931 σωθῆναι
811 2860 946 2934 (51),
981 2856 1126 2915 ἀλλὰ
1158 2859 1235 2933 μὴ
1286 2855 1355 2913 δι’
1383 2855 1557 2913 αὐτῶν
1589 2857 1803 2933 ἑτέρους
1836 2878 1943 2912 σω-

288 2956 665 3029 φρονισθῆναι.

2052 720 2153 791 qui
2179 721 2251 775 ob
2278 737 2581 777 servorum
2613 727 2670 777 et
2701 724 3149 796 quadrupedum
3168 743 3369 798 greges
3390 727 3693 786 insolesci-

2054 826 2188 865 mus
2224 827 2238 878 ;
2271 810 2370 881 qui
2391 810 2451 865 in
2483 812 2706 883 campis
2739 817 2795 867 et
2827 813 3125 870 montibus
3147 815 3485 887 dilatamur,
3518 824 3697 890 atque

2055 897 2305 969 aliajam
2339 899 2644 969 habemus,
2679 899 2794 956 alia
2815 903 3213 974 adjungimus,
3274 905 3498 976 aliaque
3544 910 3699 979 jam-

2046 988 2173 1059 jam
2204 988 2471 1059 adepturi
2503 1006 2731 1057 sumus,
2765 991 2950 1046 instar
2981 992 3138 1048 illius
3170 995 3566 1068 sanguisuga,
3597 1013 3698 1053 cu-

2047 1077 2149 1147 jus
2166 1078 2435 1132 meminit
2468 1078 2739 1133 Salomon
2762 1080 2826 1144 33,
2852 1097 2977 1151 quae
3000 1082 3217 1153 expleri
3248 1086 3472 1157 nequit,
3497 1103 3699 1158 quem-

2055 1166 2373 1221 admodum
2404 1183 2506 1222 nec
2538 1167 2824 1239 infernus,
2857 1185 2962 1224 nec
2992 1173 3166 1238 terra,
3200 1189 3305 1227 nec
3363 1172 3539 1247 ignis,
3592 1192 3698 1232 nec

2054 1272 2245 1328 aqua;
2280 1272 2609 1327 novumque
2638 1257 2860 1328 orbem,
2886 1274 3059 1329 quem
3091 1260 3521 1333 possideamus,
3542 1281 3697 1335 quae-

2053 1346 2261 1414 rimus,
2294 1361 2361 1401 ac
2389 1346 2489 1399 Dei
2519 1345 2811 1417 terminis,
2844 1352 2909 1401 ut
2965 1347 3337 1404 insaturabili
3369 1355 3569 1407 nostra
3603 1370 3702 1408 cu-

2053 1434 2296 1506 piditate
2350 1433 2700 1500 minoribus,
2732 1441 3195 1493 suscensemus?
3237 1438 3387 1503 Quid
3425 1456 3558 1496 vero
3588 1440 3699 1509 illi,

2054 1524 2155 1595 qui
2186 1524 2244 1579 in
2276 1523 2722 1579 sublimioribus
2749 1523 2979 1580 thronis
3000 1527 3227 1593 sedent,
3261 1531 3437 1599 atque
3466 1529 3699 1601 imperii

2053 1629 2289 1669 scenam
2321 1612 2617 1682 attollunt,
2650 1629 2715 1667 ac
2746 1613 3125 1685 supercilium
3157 1616 3403 1672 theatris
3433 1617 3581 1689 ipsis
3612 1619 3697 1675 al-

2051 1701 2210 1770 tius;
2244 1719 2347 1758 nec
2380 1707 2582 1773 Deum,
2617 1702 2717 1773 qui
2746 1719 2923 1774 super
2952 1704 3149 1760 omnia
3177 1712 3282 1773 est,
3317 1706 3701 1763 necinacces-

2052 1791 2219 1847 sibile
2250 1791 2395 1846 illud
2417 1792 2534 1847 veri
2560 1791 2721 1862 regni
2742 1792 3040 1864 fastigium
3062 1793 3455 1865 considerant,
3475 1797 3695 1851 utsub-

2051 1882 2210 1952 ditis,
2244 1885 2529 1953 tanquam
2559 1882 2875 1946 conservis,
2910 1882 3219 1954 imperent,
3250 1883 3351 1955 qui
3375 1886 3577 1940 eadem
3601 1887 3698 1942 be-

2055 1970 2339 2043 nignitate
2400 1987 2547 2042 opus
2604 1970 2867 2026 habent?
2918 1972 3049 2027 Jam
3081 1988 3178 2028 eos
3210 1990 3440 2045 quoque
3463 1978 3692 2046 spectes

2052 2060 2248 2128 velim,
2301 2076 2449 2131 quos
2479 2059 2713 2114 divinus
2742 2062 2914 2115 Amos
2944 2060 3186 2131 pulchre
3209 2062 3567 2135 perstringit,
3593 2064 3696 2135 qui

2052 2150 2110 2204 in
2142 2148 2416 2204 eburneis
2439 2148 2604 2204 lectis
2624 2147 2956 2219 lasciviunt,
2990 2150 3552 2223 pretiosissimisque
3583 2170 3697 2208 un-

2048 2239 2280 2312 guentis
2311 2238 2765 2309 perfunduntur,
2791 2242 2967 2310 atque
2982 2240 3053 2294 ad
3085 2240 3445 2296 musicorum
3477 2242 3697 2297 instru-

2050 2331 2383 2383 mentorum
2397 2343 2572 2382 sonos
2590 2326 2841 2398 applaud
2852 2331 2975 2397 unt,
2998 2329 3291 2399 rebusque
3313 2329 3693 2402 fugientibus,

2050 2421 2116 2471 ut
2144 2415 2329 2471 ﬁrmis
2359 2419 2415 2471 et
2444 2416 2778 2481 stabilibus,
2806 2417 3020 2472 addicti
3048 2422 3224 2487 sunt;
3250 2435 3367 2473 non
3394 2422 3589 2475 autem
3622 2420 3694 2474 ob

2048 2504 2289 2577 Josephi
2317 2504 2721 2561 contritionem
2755 2504 3015 2561 dolorem
3042 2524 3108 2561 ac
3140 2507 3466 2564 molestiam
3504 2508 3695 2564 conci-

2051 2596 2221 2667 piunt
2247 2596 2313 2649 ’9.
2344 2594 2522 2666 Atqui
2553 2595 2875 2666 oportebat,
2929 2599 2992 2650 ut
3042 2610 3161 2663 eos,
3224 2597 3325 2667 qui
3382 2598 3605 2669 priores
3635 2597 3697 2653 in

2052 2684 2445 2739 calamitatem
2477 2683 2826 2753 inciderant,
2858 2684 3216 2756 benignitate
3237 2686 3697 2757 complecteren-

2052 2776 2171 2839 tur,
2185 2789 2252 2828 ac
2271 2771 2668 2828 misericordia
2680 2772 3143 2829 misericordiam
3159 2773 3270 2829 sibi
3292 2774 3691 2831 conciliarent:

2053 2862 2377 2934 oportebat,
2408 2861 2672 2933 inquam,
2716 2862 2965 2918 abietem
3016 2862 3263 2931 ululare,
3298 2863 3437 2936 quia
3492 2864 3702 2919 cecidit

2054 2951 2264 3006 cedrus
2284 2951 2349 3017 9°,
2382 2967 2448 3005 ac
2505 2951 2835 3006 vicinorum
2894 2951 3065 3024 plaga
3117 2952 3357 3018 erudiri,
3391 2956 3567 3024 atque
3598 2968 3702 3024 per

294 3040 487 3097 aliena
538 3041 695 3098 mala
751 3041 928 3097 rebus
970 3041 1096 3097 suis
1149 3040 1330 3112 probe
1386 3039 1732 3107 consulere;
1782 3042 1849 3093 ut
1904 3039 2004 3111 qui
2035 3038 2144 3095 hoc
2176 3040 2381 3110 utique
2407 3038 2643 3094 nomine
2675 3039 2885 3110 potiori
2910 3040 3241 3096 conditione
3263 3045 3483 3109 essent,
3515 3058 3695 3113 quam

290 3133 354 3199 ii,
387 3130 487 3202 qui
523 3134 966 3203 praecesserunt,
1000 3129 1159 3201 quod
1184 3129 1298 3202 ipsi
1330 3146 1435 3202 per
1462 3128 1609 3184 alios
1660 3127 1911 3184 salutem
1942 3128 2217 3200 consequi
2245 3127 2558 3199 potuerint,
2591 3144 2706 3183 non
2739 3134 2935 3185 autem
2968 3128 3065 3185 alii
3098 3147 3201 3202 per
3243 3131 3404 3203 ipsos
3459 3131 3696 3187 eruditi.

364 3222 443 3279 K'.
475 3224 659 3279 Ταῦτα
712 3217 1201 3297 συμφιλοσόφησον
1259 3219 1419 3290 ἡμῖν,
1466 3217 1511 3271 ὦ
1560 3215 1676 3280 θεία
1704 3216 1793 3271 καὶ
1822 3216 1943 3292 ἱερὰ

2124 3218 2242 3274 XX.
2277 3218 2407 3273 Haec
2436 3218 2746 3273 nobiscum
2778 3218 3212 3290 philosophare,
3246 3220 3332 3276 vir
3390 3220 3583 3277 divine
3639 3224 3699 3276 et

290 3309 524 3387 κεφαλὴ,
557 3308 647 3363 καὶ
678 3305 898 3378 πολλὴν
928 3306 1211 3381 ἐμπειρίαν
1240 3310 1321 3378 τῷ
1354 3309 1544 3381 μακρῷ
1593 3308 1704 3379 (52)
1754 3304 1943 3381 χρόνῳ

288 3395 687 3471 συλλεξαμένη,
746 3395 794 3471 ἐξ
843 3396 911 3466 ἦς
957 3394 1117 3473 σοφία
1166 3394 1392 3470 γίνεται.
1423 3393 1646 3456 Τούτοις
1689 3394 1780 3449 τὸν
1811 3392 1941 3449 λαόν

292 3509 389 3543 σου
444 3487 775 3564 κατάρτισαι.
854 3483 1071 3557 Δίδαξον
1149 3482 1489 3561 διαθρύπτειν
1548 3488 1772 3539 πεινῶσι
1829 3486 1944 3555 (53)

287 3578 381 3632 τὸν
438 3577 618 3652 ἄρτον,
677 3575 768 3630 καὶ
824 3573 1083 3650 πτωχοὺς
1159 3573 1413 3650 ἀστέγους
1490 3573 1735 3649 συνάγειν
1810 3574 1942 3647 (54),

288 3667 381 3722 καὶ
428 3665 744 3741 γυμνότητα
790 3662 1192 3742 περιστέλλειν,
1238 3663 1329 3718 καὶ
1381 3665 1455 3737 μὴ
1506 3667 1761 3738 περιορᾷν
1815 3661 1941 3725 τοὺς

290 3755 382 3834 ἀφ’
410 3752 661 3829 αἵματοςο
696 3754 785 3811 καὶ
814 3758 906 3811 νῦν
945 3751 1203 3828 μάλιστα,
1228 3751 1301 3806 ’ίν’
1422 3752 1484 3807 τὸ
1541 3751 1740 3828 ἀγαθὸν
1786 3753 1947 3823 ἡμῶν

288 3843 351 3900 ἐκ
404 3843 505 3915 τῆς
563 3843 774 3921 χρείας,
840 3844 914 3917 μή
973 3847 1071 3898 τοῦ
1128 3840 1579 3919 περισσεύματος·
1630 3840 1668 3915 ᾖ
1731 3839 1945 3914 μᾶλλον

288 3932 635 4010 καρποφορίᾳ
698 3933 825 3995 Θεὸς
900 3929 1257 4010 εὐφραίνεται,
1424 3927 1626 4000 πλήθει
1682 3934 1785 3998 τῆς
1846 3928 1949 3983 εἶσ-

291 4026 463 4100 φορᾶς
493 4021 583 4076 καὶ
621 4022 834 4097 μεγέθει
864 4027 966 4091 τῆς
1015 4014 1329 4077 ἐπιδόσεως.
1390 4019 1513 4076 Ἐπὶ
1562 4017 1800 4087 τούτοις,
1856 4016 1946 4072 καὶ

290 4110 400 4183 πρὸ
452 4109 680 4180 τούτων,
739 4113 899 4185 γενοῦ
963 4129 1054 4182 μοι
1114 4115 1340 4177 Μωσῆς,
1383 4108 1419 4177 ἢ
1472 4106 1657 4168 Φινεὲς
1687 4108 1944 4182 σήμερον.

296 4204 467 4268 Στῆθι
496 4198 621 4275 περὶ
651 4200 811 4272 ἡμῶν
845 4200 976 4271 (55),
1010 4197 1098 4252 καὶ
1132 4195 1392 4268 έξίλασαν
1422 4196 1511 4251 καὶ
1563 4196 1854 4250 κοπασάτω
1910 4196 1945 4264 ἡ

294 4288 534 4363 θραῦσις,
583 4284 690 4342 εἴτε
738 4284 826 4342 διὰ
874 4286 1060 4348 θυσίας
1107 4291 1481 4358 πνευματικῆς
1534 4287 1666 4359 (56),
1727 4280 1833 4338 εἷίτε
1881 4282 1952 4338 δι’

291 4376 464 4452 εὐχῆς
533 4376 624 4433 καὶ
702 4375 937 4453 λογικῆς
1018 4377 1301 4449 ἐντεύξεως
1356 4380 1490 4451 (57).
1549 4376 1806 4452 Ἐπίσχες
1851 4375 1951 4444 τὴν

295 4466 465 4543 ὀργὴν
518 4466 718 4543 Κυρίου
764 4470 833 4541 τῇ
886 4466 1126 4542 μεσιτείᾳ
1340 4473 1538 4537 στῆσον
1582 4466 1680 4534 τὴν
1713 4463 1950 4520 ἀκολου-

293 4556 411 4619 θίαν
467 4563 567 4627 τῆς
627 4557 903 4633 μάστιγος.
963 4554 1120 4615 Οἶδεν
1171 4553 1431 4611 αἰδεῖσθαι
1487 4556 1690 4632 πατρὸς
1748 4551 1948 4609 πολιὰν

294 4645 429 4720 ὑπέρ
471 4645 671 4701 τέκνων
728 4640 1152 4721 πρεσϐεύουσαν.
1202 4647 1439 4717 Δεήθητι
1484 4644 1608 4722 περὶ
1662 4650 1764 4714 τῆς
1820 4662 1954 4719 παρ-

294 4729 563 4804 ελθούσης
609 4732 821 4797 κακίας*
871 4734 933 4790 τὸ
1005 4731 1209 4807 μέλλον
1278 4732 1564 4809 έγγύησαι.
1634 4733 1953 4809 Προσάγαγε

2052 3310 2445 3375 sacrosancte,
2478 3307 2695 3379 quippe
2724 3306 2897 3379 longo
2951 3309 3233 3379 temporis
3272 3310 3462 3380 spatio
3492 3309 3699 3382 ingen-

2052 3400 2170 3452 tem
2201 3412 2398 3452 rerum
2428 3412 2629 3463 usum,
2661 3413 2730 3452 ex
2751 3413 2867 3469 quo
2893 3397 3182 3469 sapientia
3211 3398 3494 3465 nascitur,
3523 3398 3699 3455 colle-

2054 3486 2211 3558 gisti.
2243 3487 2348 3541 His
2378 3485 2661 3557 populum
2692 3489 2859 3543 tuum
2894 3486 3134 3543 instrue.
3159 3493 3307 3544 Doce
3330 3504 3541 3560 panem
3564 3504 3697 3544 esu-

2054 3575 2226 3630 rienti
2250 3576 2516 3647 frangere
2547 3576 2615 3644 9‘,
2646 3579 2703 3631 et
2732 3592 3019 3648 pauperes
3067 3580 3219 3633 tecto
3250 3582 3513 3634 carentes
3536 3577 3698 3633 colli-

2054 3680 2209 3736 gere,
2232 3669 2291 3720 et
2312 3665 2635 3720 nuditatem
2657 3669 2865 3736 tegere,
2893 3682 2997 3721 nec
3015 3667 3481 3739 consanguineos
3503 3666 3697 3737 despi-

2056 3769 2219 3820 cere;
2254 3769 2319 3808 ac
2349 3770 2505 3809 nunc
2561 3755 2908 3824 praesertim,
2942 3759 3007 3809 ut
3061 3756 3282 3810 bonum
3315 3758 3582 3811 nostrum
3633 3770 3702 3809 ex

2056 3842 2303 3914 penuria
2332 3842 2427 3909 sit,
2460 3859 2575 3898 non
2607 3860 2676 3898 ex
2705 3844 3067 3898 abundantia
3090 3862 3102 3899 :
3124 3861 3238 3914 quo
3263 3860 3504 3899 munere
3526 3843 3703 3912 Deus,

2057 3932 2245 4003 magis
2276 3932 2425 3988 3‘15
2464 3947 2640 4002 quam
2676 3931 2878 3987 multis
2910 3931 3306 3987 oblationibus
3358 3931 3707 4004 magnisque

2058 4019 2493 4091 largitionibus,
2517 4019 2861 4075 delectatur.
2903 4020 3039 4075 Post
3070 4019 3209 4087 hac,
3247 4020 3366 4075 imo
3398 4024 3533 4075 ante
3566 4019 3707 4090 haec,

2058 4114 2184 4165 esto
2216 4107 2363 4163 mihi
2392 4107 2676 4164 hodierno
2735 4108 2830 4163 die
2879 4108 3108 4178 Moyses
3157 4112 3214 4164 et
3240 4107 3492 4163 Phinees
3509 4108 3576 4161 ’9.
3610 4107 3711 4163 Sta

2059 4215 2162 4270 pro
2190 4197 2380 4263 nobis,
2413 4200 2471 4253 et
2500 4196 2668 4268 placa
2696 4221 2710 4265 ;
2741 4200 2800 4253 et
2820 4201 3006 4253 cesset
3037 4197 3334 4268 quassatio
3355 4198 3422 4267 ’3,
3455 4197 3576 4253 sive
3607 4212 3711 4267 per

2058 4285 2365 4358 spiritualc
2386 4285 2767 4352 sacriﬁcium,
2790 4285 2910 4343 sive
2940 4302 3042 4357 per
3073 4287 3395 4343 orationem
3427 4302 3493 4342 ac
3533 4284 3708 4340 ratio-

2060 4374 2251 4431 nalem
2282 4374 2788 4430 intercessionem.
2842 4375 3075 4430 Domini
3125 4375 3489 4431 iracundiam
3537 4373 3713 4429 inter-

2057 4469 2234 4521 ventu
2254 4467 2354 4519 tuo
2378 4463 2628 4535 reprime
2652 4480 2667 4531 ;
2693 4463 2897 4536 plagas
2920 4464 3193 4537 deinceps
3215 4467 3528 4536 sequentes
3552 4478 3709 4517 com-

2060 4570 2250 4626 pesce.
2284 4553 2472 4609 Patris
2495 4552 2707 4609 canitie
2736 4571 2841 4626 pro
2873 4552 3013 4609 ﬁliis
3068 4553 3429 4610 obsecrantis
3479 4569 3711 4626 permo-

2058 4644 2177 4700 veri
2205 4642 2373 4699 solet.
2425 4642 2532 4698 Pro
2564 4642 2858 4714 praaterita
2888 4643 3260 4715 improbitate
3305 4660 3442 4711 ora;
3470 4642 3711 4699 meliora

2064 4734 2122 4789 in
2156 4737 2456 4806 posterum
2487 4731 2559 4789 de
2594 4731 2762 4788 nobis
2792 4731 3082 4804 pollicere.
3114 4732 3269 4790 Offer
3297 4732 3581 4805 populum
3612 4748 3711 4787 ca-

364 4876 408 4915 ”
439 4879 603 4935 Prov.
635 4895 768 4949 xxx,
798 4878 885 4936 15.
961 4878 1006 4915 ⁸⁹
1043 4880 1223 4936 Amos
1249 4894 1329 4949 vr,
1378 4878 1412 4934 4
1458 4894 1588 4951 sqq.
1666 4878 1711 4914 '°
1764 4877 1937 4935 Zach.
1998 4894 2077 4944 x1,
2112 4880 2167 4932 2.
2220 4877 2262 4912 οι
2322 4876 2435 4933 Isa.
2468 4892 2626 4947 LVIII,
2658 4876 2713 4931 7.
2792 4876 2837 4911 ’9
2870 4877 3047 4933 Exod.
3098 4894 3278 4947 xxxix,
3311 4878 3400 4936 11.
3477 4877 3520 4916 ⁸³
3552 4877 3706 4935 Psal.

296 4984 390 5037 ev,
416 4968 509 5039 23,
540 4968 632 5023 30.

394 5109 483 5185 49)
508 5109 621 5185 Aut.
659 5109 839 5185 Regg.
872 5113 994 5177 bm,
1020 5113 1099 5185 pb

513 5182 1143 5265 I_(at,_Dee§t_in‘_Regg.
1177 5202 1230 5254 a,
1262 5200 1313 5251 ο,
1346 5182 1617 5265 bm,‘ph,.
1650 5186 1708 5265 et
1764 5183 1872 5265 Οςζ
1892 5184 1947 5238 2.

389 5253 482 5323 51)
514 5253 786 5323 Σωθῆναι.
838 5253 1116 5314 ΒὶΙΙῘυεἾ
1154 5253 1513 5311 «Consecuti
1570 5253 1710 5308 sint.
1748 5276 1777 5303 »
1824 5254 1950 5310 Non

298 5330 493 5381 recte:
531 5327 783 5384 salutem
816 5328 972 5385 enim
1007 5346 1121 5385 non
1164 5331 1303 5383 sunt
1331 5324 1650 5393 consecuti,
1683 5324 1784 5380 sed
1816 5342 1951 5397 per-

296 5396 511 5473 niciem
538 5424 553 5467 ;
584 5416 693 5473 nec
724 5418 793 5456 ex
821 5400 1069 5458 aliorum
1092 5400 1280 5473 pcenis
1293 5397 1509 5455 eruditi
1541 5398 1703 5467 sunt,
1736 5400 1798 5452 ut
1819 5396 1954 5453 mox

298 5486 370 5526 ex
413 5470 538 5525 onit
570 5471 905 5558 Gregorius.

371 5486 488 5684 (152)
517 5546 743 5629 Μακραῳ.
777 5544 905 5628 Reg.

396 5614 467 5668 53
519 5617 775 5674 Ηεινωσι.
811 5617 905 5673 Slc

367 5111 386 5324 ἕ

393 5542 485 5628 ἓΞὶ
517 5539 743 5628 Eme?-
777 5544 916 5628 αρε·
938 5539 1314 5628 limacem.-
1521 5611 1549 5623 ..

396 5613 488 5680 53)
519 5613 775 5674 Ηεινῶσι.
811 5613 907 5673 εἷο
932 5620 1026 5673 Or.
1051 5613 1108 5671 2.
1144 5621 1209 5671 In
1241 5613 1358 5680 ed.,
1391 5613 1665 5668 πεινῶντι.

371 5684 486 5831 (54)
513 5686 883 5775 ΣυνάγεινζΙη
914 5688 1293 5778 quibusdam,
1325 5686 1665 5769 cev-ayaye'w.

393 5755 466 5814 55
536 5757 669 5831 Περὶ
699 5760 885 5831 ἡμων.
911 5760 1053 5831 Reg.
1086 5777 1138 5831 ο,
1173 5758 1271 5831 μεθ
1318 5757 1503 5831 ἡμων.

393 5755 486 5830 55)
536 5755 680 5837 Περὶ’
699 5760 885 5837 ἡμῶν·
911 5755 1053 5835 Res-
1086 5777 1138 5832 οε
1173 5755 1288 5835 μεθ’
1318 5755 1503 5832 tam.

468 5542 488 5830 ξ

2133 5110 2247 5182 (56)
2323 5107 2427 5182 Διὰ,
2482 5104 3178 5182 θυσίας--.πνευματικῆς
3259 5134 3286 5161 ‹‹
3364 5115 3502 5182 Per,
3548 5110 3716 5182 spiri-

2058 5178 2622 5258 tualels‘acriﬁcium.
2656 5201 2685 5229 »
2716 5178 3203 5258 Nicetas_e;ponit
3235 5200 3335 5255 per
3362 5182 3458 5251 τὴν
3492 5178 3713 5258 ἱερουρ-

2059 5252 2289 5329 γίαν,
2320 5258 2431 5316 est,
2469 5251 3147 5329 «imissazusacrificium.
3183 5276 3211 5304 »

2130 5319 2241 5396 (57)
2303 5328 2545 5396 Λογικῇς
2590 5319 2899 5396 ἐντεύξεως.
2963 5325 3052 5380 Sic
3113 5324 3712 5396 passim_Gregor_ius

2061 5392 2251 5469 mutat
2282 5392 2434 5469 quod
2468 5394 2704 5469 Paulus,
2738 5394 2905 5469 Rom.
2937 5413 3036 5469 xxi,
3072 5392 3131 5467 1;
3156 5401 3325 5452 vocat
3355 5392 3581 5469 λογικῆς
3616 5393 3710 5447 λα.

2058 5466 2261 5551 τρείας.
2288 5460 2573 5551 Cmterum
2602 5460 2804 5551 λογική
2838 5460 3067 5536 ἕντευξὶς
3096 5460 3327 5551 videtur
3356 5460 3484 5550 esse
3525 5460 3552 5548 <3
3581 5482 3708 5551 ora-

2060 5538 2162 5608 tio,
2196 5563 2225 5623 3»
2257 5557 2385 5611 quae
2410 5539 2475 5593 fit
2504 5538 2695 5594 verbo
2728 5555 2794 5593 ac
2833 5545 3047 5611 mente,
3092 5562 3119 5590 (ι
3150 5539 3503 5612 deprecatio,
3529 5538 3708 5592 inter-

2063 5629 2267 5669 068810.
2302 5634 2331 5660 »

2133 5685 2349 5767 (@Tﬁ
2388 5676 2646 5767 μεσιτείᾳ.
2680 5680 2772 5736 Sic
2802 5681 2980 5755 Regg.
3027 5699 3081 5751 a,
3143 5698 3194 5754 ο,
3254 5685 3411 5750 Par.,
3471 5682 3581 5735 etc.
3644 5679 3712 5739 In

2062 5750 2259 5827 editis,
2297 5750 2571 5829 μεσιταία.
2888 5750 2955 5755 "
3068 5750 3071 5751 ⁷
3177 5750 3188 5754 ’
3710 5778 3717 5786 .
