4138 6212
305 339 411 401 965

1172 336 1464 399 ORATIO
1506 333 1795 399 XVII.—
1825 335 1930 395 AD
1974 333 2198 398 CIVES
2246 335 2817 400 NAZIANZENOS.

3580 343 3697 406 966

302 463 382 520 καὶ
458 461 525 519 τὰ
605 460 932 538 αίσθητήρια
1014 467 1114 530 τῆς
1194 459 1415 537 καρδίας
1500 482 1603 536 μου
1692 460 1935 537 μαιμάσ-

2057 464 2225 520 cordis
2252 465 2362 521 mei
2390 465 2593 521 turbati
2622 474 2751 520 sunt
2798 467 2857 519 in
2888 482 2992 533 me,
3044 466 3123 523 ait
3171 469 3424 539 quodam
3474 486 3694 527 sermo-

303 575 372 610 σει
421 554 555 627 (65),
606 550 739 632 φησί
786 572 890 607 που
936 555 1042 606 τῶν
1104 552 1293 607 ἑαυτοῦ
1342 550 1523 626 λόγων
1570 551 1849 626 Ἰερεμίας,
1911 553 1938 607 6

300 648 398 700 τῶν
442 647 739 722 προφητῶν
800 642 1260 717 συμπαθέστατος,
1320 638 1753 714 ἀποκλαιὸμενος
1828 645 1940 715 (66)

299 734 378 789 τὸν
408 731 627 807 Ἰσραὴλ
677 733 1018 801 ἀπειθοῦντα,
1069 732 1159 786 καὶ
1207 734 1304 801 τῆς
1334 735 1431 787 τοῦ
1462 736 1595 787 Θεοῦ
1630 730 1939 809 φιλανθρω-

299 822 417 885 πίας
465 820 956 899 ἆλλοτριούμενον,
1014 820 1228 876 κοιλίαν
1270 821 1386 894 ’μὶν
1425 822 1537 895 (67)
1592 821 1689 889 τὴν
1750 820 1940 874 ἑαυτοῦ

300 914 476 988 ψυχὴν
507 910 813 987 ὀνομάζων,
870 910 1007 966 κατᾶ
1050 909 1177 973 τοὺς
1223 917 1323 980 τῆς
1352 916 1563 981 τροπῆς
1591 908 1812 983 νόμους.
1846 908 1944 962 Οὕ-

299 1022 369 1056 τω
561 1002 665 1077 γὰρ
720 1000 950 1076 εὑρίσκω
995 998 1287 1075 πολλαχοῦ
1331 1006 1431 1068 τῆς
1462 1004 1700 1075 Γραφῆς,
1734 998 1839 1053 εἴτε
1866 998 1942 1059 ὡς

303 1090 603 1169 ἀπόκρυφον
650 1089 739 1145 καὶ
786 1083 1013 1166 ἀόρατον
1064 1089 1148 1165 (τὸ
1197 1089 1300 1164 γὰρ
1335 1086 1461 1142 αὐτὸ
1492 1087 1582 1141 καὶ
1613 1091 1797 1163 φυγῆς
1852 1086 1941 1141 καὶ

298 1180 520 1257 γαστρὸς
548 1179 612 1234 τὸ
657 1178 1025 1255 κρύπτεσθαι).
1076 1174 1181 1232 εἴτε
1224 1178 1297 1239 ὡς
1342 1178 1664 1252 χωρητικὴν
1697 1176 1785 1231 καὶ
1816 1175 1942 1231 ἀνα-

304 1266 538 1341 δοτικήν,
563 1266 637 1323 ἵν’
669 1267 841 1331 οὕτως
893 1265 1053 1337 εἷ’πω,
1095 1270 1203 1322 τῶν
1253 1265 1312 1321 ὲκ
1358 1270 1454 1321 τοῦ
1486 1261 1656 1341 Λόγου
1684 1269 1899 1343 τροφῶν
1928 1283 1940 1297 ⁸

302 1357 331 1413 ὅ
354 1359 452 1436 γάρ
485 1357 625 1413 ἆστιν
654 1356 706 1414 έν
735 1358 949 1431 σώματι
980 1358 1094 1430 (69)
1146 1356 1343 1435 τροφὴ,
1373 1359 1533 1410 τοῦτο
1575 1354 1626 1410 ἐν
1659 1358 1811 1431 ψυχῇ
1845 1348 1942 1409 λό-

301 1469 413 1522 γος.
446 1446 786 1523 Αίσθητήρια
815 1442 873 1501 ὃὶ
901 1445 1045 1522 τάχα
1078 1444 1172 1519 μὶν
1204 1445 1271 1500 τὰ
1325 1450 1426 1514 τῆς
1457 1446 1642 1519 ψυχῆς
1669 1444 1945 1517 κινήματα

300 1534 384 1592 καί
424 1532 788 1609 διανοήματα,
818 1535 909 1589 καὶ
937 1534 1144 1590 τούτων
1180 1530 1437 1608 μάλιστα,
1470 1531 1568 1588 ὅσα
1625 1532 1683 1588 ἐκ
1728 1538 1830 1602 τῆς
1861 1530 1942 1586 αἶ’-

300 1626 554 1697 σθήσεως,
604 1624 685 1688 οἷς
736 1625 764 1680 6
809 1621 1017 1687 δίκαιος
1067 1624 1447 1699 σπαράσσεται,
1505 1622 1595 1677 καὶ
1656 1620 1943 1697 θερμαίνε-

297 1735 404 1787 ται,
432 1716 521 1771 καὶ
551 1715 870 1790 ὁρμητικῶς
917 1712 1055 1790 ἔχει,
1110 1712 1200 1767 καὶ
1250 1710 1373 1767 οὐδὲ
1411 1709 1666 1773 καθεκτός
1688 1710 1797 1766 ἐστι
1857 1707 1945 1765 διὰ

298 1805 391 1873 τὴν
439 1805 578 1874 ζέσιν
627 1807 725 1858 τοῦ
769 1801 1113 1876 Πνεύματος·
1162 1805 1323 1856 τοῦτο
1369 1800 1468 1878 γὰρ
1497 1802 1560 1856 τὸ
1597 1800 1943 1873 μαιμάσσειν,

300 1892 408 1949 οἷον
455 1891 735 1970 προθυμία
786 1914 870 1955 τις
920 1893 1077 1965 θυμῷ
1124 1887 1441 1968 σύγκρατος.
1481 1889 1547 1944 Εἰ
1598 1887 1655 1945 δὲ
1683 1888 1775 1944 καί
1829 1892 1937 1943 τῶν

300 1986 620 2057 σωματικῶν
679 1977 817 2037 ἔστιν
877 1981 910 2036 a
956 1975 1227 2055 λαμϐάνοι
1267 2002 1349 2043 τις
1382 1978 1749 2055 αἰσθητηρίων
1808 1980 1944 2050 (70),

301 2072 396 2128 οὐκ
424 2072 529 2127 ἀπὸ
579 2075 784 2127 σκοποῦ
834 2068 1107 2145 λήψεται·
1150 2068 1243 2125 καὶ
1293 2066 1615 2148 ὀφθαλμῶν,
1646 2067 1735 2123 καὶ
1767 2064 1944 2136 ὢτων,

300 2161 361 2217 οὗ
422 2160 581 2235 μόνον
636 2160 954 2237 ἀχθομένων
1011 2163 1132 2221 τοῖς
1179 2158 1392 2235 χείροσι
1449 2157 1539 2213 καὶ
1588 2158 1815 2230 θεάμασι
1857 2155 1946 2211 καὶ

299 2250 650 2324 ἀκούσμασιν,
684 2248 830 2306 ἀλλὰ
857 2250 947 2305 καὶ
988 2248 1057 2304 τὰ
1096 2246 1296 2323 βελτίω
1342 2246 1649 2302 ποθούντων
1690 2245 1780 2302 καὶ
1813 2243 1944 2300 ἰδεῖν

298 2339 385 2396 καὶ
415 2339 637 2395 ἀκοῦσαι
667 2336 756 2394 διὰ
782 2340 845 2394 τὸ
876 2338 1277 2415 εὸσπλαγχνον.
1330 2337 1485 2405 Πλὴν
1517 2334 1665 2398 ὅπως
1698 2335 1756 2390 ἂν
1816 2342 1945 2406 νοῆ-

294 2451 380 2485 ται
407 2434 598 2501 ταῦτα,
627 2430 655 2484 6
688 2426 895 2491 δίκαιος
942 2426 1104 2504 ἀλγεῖ
1146 2426 1235 2482 καὶ
1292 2426 1606 2501 μαιμάσσει,
1638 2424 1727 2479 καὶ
1756 2423 1818 2478 ού
1852 2445 1945 2496 με·

294 2518 459 2595 τρίως
519 2518 664 2597 φέρει
721 2518 788 2574 τὰ
834 2514 979 2588 πάθη
1030 2520 1128 2571 τοῦ
1163 2513 1404 2593 Ἰσραὴλ,
1447 2512 1722 2591 ὁποτέρως
1759 2512 1948 2589 βούλει

294 2612 461 2663 ταῦτα
488 2613 625 2663 νοεῖν
654 2627 667 2641 '
731 2604 837 2662 εἷ’τε
890 2607 957 2661 τὰ
1011 2607 1316 2679 σωματικὰ,
1375 2603 1464 2659 καὶ
1493 2608 1590 2659 τοῦ
1620 2607 1944 2676 σωματικῶς

296 2698 598 2775 ὁρωμένου,
652 2694 756 2752 εἷ’τε
809 2697 877 2752 τὰ
929 2696 1288 2769 πνευματικὰ,
1338 2694 1427 2749 καὶ
1484 2697 1590 2763 [τοῦ
1651 2693 1946 2766 νοουμένου

296 2790 414 2859 (71)
445 2790 843 2861 πνευματικῶς.
878 2784 1027 2840 Ἐπεὶ
1052 2784 1141 2839 καὶ
1170 2785 1358 2860 πηγὴν
1410 2780 1655 2859 δακρῦων
1715 2784 1743 2838 6
1786 2780 1945 2845 αὐτὸς

294 2879 581 2955 προφήτης
608 2875 873 2946 ἐπιζητεῖ,
904 2875 994 2929 καὶ
1027 2874 1264 2947 σταθμὸν
1300 2869 1527 2950 ἔσχατον
1561 2871 1827 2941 έπιποθεῖ,
1856 2876 1947 2925 καί

296 2966 527 3041 ἐρημίαν
562 2966 873 3037 ἀσπάζεται,
902 2962 995 3019 ’ίνα
1023 2964 1232 3038 κενώσῃ
1272 2962 1337 3019 τὸ
1391 2961 1537 3018 πολὺ
1581 2968 1682 3032 τῆς
1741 2959 1945 3031 λύπης,

294 3054 384 3111 καὶ
430 3056 696 3134 κουφισθῇ
754 3075 872 3117 πως
932 3056 1031 3123 τῆς
1078 3048 1227 3109 ἔνδον
1258 3051 1506 3129 πληγῆς,
1562 3057 1679 3117 καθ’
1709 3050 1945 3126 ἡσυχίαν

296 3145 462 3220 θρηνή
472 3165 564 3206 σας
594 3145 686 3199 τὸν
720 3141 962 3220 Ἰσραήλ.

2051 569 2193 608 num
2225 570 2467 609 suorum
2521 554 2646 609 loco
2693 554 2977 611 Jeremias
3008 556 3071 625 ⁸⁸,
3108 556 3523 628 prophetarum
3572 576 3696 616 om-

2050 642 2212 697 nium
2245 644 2315 698 ad
2347 643 2916 700 commiserationem
2948 647 3469 719 propensissimus,
3490 654 3697 706 contu-

2051 748 2275 787 macem
2310 732 2603 802 Israelem,
2638 737 2811 804 atque
2844 751 2877 789 a
2907 734 3007 789 Dei
3053 734 3411 807 benignitate
3443 753 3505 792 se
3537 754 3699 794 aver-

2049 824 2268 875 tentem
2302 821 2704 890 deplorans,et
2728 839 2895 877 suam
2929 823 3164 893 quidem
3198 825 3385 895 ipsius
3414 826 3697 897 animam,

2044 910 2214 980 juxta
2242 908 2529 981 allegoriae
2561 909 2739 982 leges,
2767 916 3027 966 ventrem
3060 913 3517 971 nominans.Hoc
3540 916 3697 973 enim

2054 1015 2225 1054 sensu
2262 1015 2515 1070 persaepe
2542 999 2691 1054 hanc
2722 1017 2921 1055 vocem
2953 1000 3011 1056 in
3044 1002 3361 1074 Scripturis
3401 1010 3698 1077 acceptam

2053 1088 2274 1159 reperio
2301 1114 2314 1155 ;
2345 1088 2433 1142 vel
2466 1089 2619 1159 quod
2654 1089 2855 1144 abdita
2884 1090 2979 1157 sit,
3002 1094 3175 1162 atque
3205 1091 3506 1149 oculorum
3530 1096 3697 1151 obtu-

2051 1182 2173 1233 tum
2204 1175 2389 1249 fugiat
2418 1176 2494 1247 (id
2527 1177 2684 1232 enim
2714 1177 2890 1233 habet
2910 1178 3108 1234 anima
3130 1197 3263 1235 cum
3313 1186 3508 1239 ventre
3539 1201 3697 1240 com-

2053 1269 2272 1337 mune),
2306 1265 2397 1320 vel
2427 1267 2581 1336 quod
2614 1271 2902 1322 sermonis
2951 1266 3231 1324 alimenta
3261 1271 3470 1341 capiat,
3503 1276 3697 1343 atque,

2053 1360 2119 1411 ut
2146 1356 2230 1411 sic
2269 1355 2497 1427 loquar,
2549 1355 2793 1427 digerat.
2843 1356 3005 1420 Quod
3054 1357 3210 1413 enim
3260 1360 3487 1431 corpori
3533 1361 3700 1416 cibus

2052 1448 2160 1512 est,
2191 1444 2300 1500 hoc
2350 1445 2405 1500 in
2452 1444 2649 1499 animo
2698 1449 2785 1501 est
2831 1462 3043 1501 sermo.
3081 1446 3184 1502 Per
3230 1464 3441 1504 sensus
3480 1454 3699 1521 autem,

2054 1534 2303 1590 fortasse
2333 1532 2718 1606 impulsiones
2744 1534 2973 1605 animae,
3007 1535 3507 1610 cogitationesque
3529 1536 3700 1594 intel-

2052 1620 2202 1694 ligit,
2234 1638 2451 1694 easque
2501 1622 2901 1694 potissimum,
2935 1640 3061 1695 quae
3106 1641 3138 1679 a
3170 1625 3442 1683 sensibus
3472 1626 3702 1697 proﬁci-

2054 1716 2319 1781 scuntur,
2341 1712 2555 1783 quibus
2579 1712 2782 1782 justus
2815 1712 3153 1784 percellitur
3183 1720 3239 1770 et
3266 1714 3591 1788 incalescit,
3614 1722 3702 1773 at-

2055 1818 2167 1872 que
2196 1801 2421 1873 impetu
2456 1800 2656 1868 fertur,
2692 1818 2796 1857 nec
2835 1802 2963 1872 jam
2993 1819 3106 1873 prae
3140 1803 3394 1874 Spiritus
3433 1810 3577 1861 aestu
3609 1822 3704 1862 co-

2050 1889 2236 1945 hiheri
2265 1893 2496 1962 potest;
2528 1889 2638 1945 hoc
2669 1890 2825 1945 enim
2856 1891 3098 1946 verbum
3147 1890 3466 1963 μαιμάσσειν
3505 1910 3703 1966 prom-

2056 1979 2405 2052 ptitudinem
2428 1980 2745 2051 quamdam
2769 1980 3071 2035 iracundia
3097 1982 3437 2052 permistam
3462 1983 3701 2039 indicat.

2055 2068 2217 2135 Quod
2251 2068 2299 2125 si
2332 2068 2465 2140 quis
2497 2069 2618 2124 hac
2650 2069 2720 2124 ad
2755 2068 2944 2139 ipsius
2991 2069 3163 2125 etiam
3197 2072 3456 2143 corporis
3488 2089 3699 2130 sensus

2056 2159 2289 2229 referat,
2341 2176 2374 2214 a
2420 2176 2595 2231 scopo
2650 2176 2764 2214 non
2814 2159 3109 2215 aberrabit
3159 2176 3171 2214 :
3224 2162 3702 2234 quandoquidem

2055 2247 2207 2304 oculi
2237 2251 2294 2304 et
2311 2264 2627 2317 aures,non
2651 2248 2821 2304 modo
2844 2249 2998 2305 tristi
3021 2249 3147 2305 visu
3172 2254 3226 2306 et
3256 2251 3459 2307 auditu
3482 2252 3706 2308 discru-

2056 2336 2308 2406 ciantur,
2336 2354 2541 2393 verum
2573 2338 2748 2393 etiam
2782 2338 2853 2393 ob
2886 2338 3457 2396 commiserationem
3479 2341 3703 2397 laetiora

2052 2426 2247 2481 videre
2278 2430 2457 2498 atque
2484 2426 2687 2482 audire
2717 2426 3159 2499 concupiscunt.
3189 2428 3547 2501 Quocunque
3569 2448 3699 2487 vero

2057 2532 2232 2571 sensu
2264 2515 2387 2571 haec
2416 2516 2799 2588 accipiantur,
2816 2517 3191 2589 perspicuum
3223 2523 3313 2574 est
3344 2520 3545 2591 utique
3567 2537 3698 2592 pro-

2055 2604 2292 2676 phetam
2324 2606 2482 2677 gravi
2514 2605 2710 2661 dolore
2729 2605 2975 2674 afﬁci,et
2996 2606 3440 2680 incitari,atque
3470 2609 3701 2665 lsraelis

2056 2694 2418 2751 calamitates
2470 2694 2887 2751 molestissime
2914 2696 3098 2767 ferre;
3131 2696 3250 2751 sive
3294 2714 3602 2770 corporeae
3632 2698 3700 2753 i1-

2053 2783 2142 2839 las
2174 2783 2489 2856 intelligas,
2540 2786 2804 2857 ejusque,
2837 2785 2934 2855 qui
2984 2802 3256 2857 corporeo
3295 2787 3466 2842 modo
3514 2788 3700 2843 cerni-

2054 2876 2170 2941 tur,
2204 2872 2322 2928 sive
2348 2872 2707 2945 spirituales,
2750 2875 3015 2945 ejusque,
3051 2874 3151 2946 qui
3200 2875 3495 2947 spirituali
3529 2877 3700 2932 modo

2056 2962 2394 3034 percipitur.
2420 2962 2566 3018 Nam
2599 2967 2655 3019 et
2685 2962 2800 3019 alio
2832 2962 2956 3019 loco
2990 2963 3379 3034 lacrymarum
3410 2966 3628 3022 fontem
3660 2967 3703 3002 '7

2058 3051 2210 3107 idem
2243 3051 2528 3123 propheta
2558 3052 3007 3123 requirit,atque
3039 3057 3363 3110 extremum
3386 3056 3703 3126 quemdam

2057 3155 2349 3195 recessum
2398 3144 2647 3211 exoptat,
2679 3139 3173 3214 solitudinemque
3214 3144 3605 3217 amplectitur,
3639 3148 3707 3200 ut

298 3250 572 3307 magnam
606 3233 872 3290 maeroris
896 3232 987 3290 sui
1019 3236 1247 3305 partem
1296 3231 1621 3299 exhauriat,
1650 3234 1846 3304 atque,
1880 3230 2263 3302 posteaquam
2312 3228 2583 3285 Israelem
2616 3230 2675 3285 in
2708 3230 2939 3286 silentio
2988 3232 3322 3304 deplorarit,
3357 3234 3427 3289 ab
3472 3233 3705 3292 interna

296 3324 467 3396 plaga
495 3323 926 3396 quodammodo
954 3322 1196 3379 levetur.

368 3412 445 3467 B'.
471 3412 541 3466 Τὸ
572 3407 616 3465 δ’
645 3410 776 3466 αὐτὸ
805 3410 895 3465 καὶ
926 3411 954 3465 6
986 3411 1128 3472 θεῖος
1161 3404 1348 3476 Δκϐὶδ,
1389 3406 1450 3463 οὐ
1500 3407 1691 3484 μικρὸν
1742 3407 1946 3481 ἐμπρος

2132 3408 2200 3462 ΙΙ.
2234 3405 2609 3463 Consimilem
2640 3406 2700 3462 in
2729 3408 2970 3463 modum
3021 3408 3252 3465 divinus
3300 3410 3475 3467 etiam
3524 3412 3705 3469 David

295 3512 415 3564 σθεδ
476 3498 563 3554 ἰπὶ
622 3504 737 3561 τοῖς
795 3500 907 3556 καθ’
963 3498 1148 3554 ἑαυτὸν
1206 3496 1596 3574 δυσχεραίνων,
1639 3496 1729 3558 Τίς
1786 3493 1947 3551 δώσει

297 3606 415 3660 μοι,
476 3586 628 3663 φησὶ,
680 3586 946 3663 πτέρογας
1024 3585 1151 3641 ὡσεὶ
1220 3591 1560 3663 περιστερᾶς,
1638 3584 1727 3639 καὶ
1785 3604 1944 3639 πετα-

292 3676 585 3749 σθήσομαι,
672 3675 759 3730 καὶ
840 3675 1216 3746 καταπαύσω;
1295 3679 1617 3752 Περιπερᾶς
1696 3673 1941 3744 ἐπιζητεῖ

288 3764 579 3841 πτέρυγας,
631 3762 735 3820 εἶ’τε
782 3764 856 3828 ὡς
904 3764 1234 3842 κουφοτέρας
1293 3764 1381 3820 καὶ
1429 3766 1768 3840 ταχτυέραςο
1824 3784 1939 3817 τοι-

290 3858 451 3915 οῦτος
481 3855 584 3929 γὰρ
616 3853 755 3916 ἃπας
792 3850 1000 3917 δίκαιος
1023 3873 1035 3887 ’
1072 3851 1177 3909 εἴτε
1207 3855 1283 3917 ὡς
1310 3855 1373 3909 τὸ
1421 3858 1637 3925 Πνεῦμα
1685 3872 1939 3928 σκιαγρα-

288 3942 494 4020 φούσας
525 3945 655 4017 (72),
706 3943 751 4015 ᾧ
805 3938 955 4016 μόνῳ
999 3944 1065 3997 τὰ
1096 3940 1239 3997 δεινὰ
1268 3943 1558 4021 φεύγομεν,
1585 3939 1659 3995 ἵν’
1689 3941 1762 4002 ὡς
1807 3940 1942 4017 πορ-

289 4030 519 4109 ῥωτάτω
564 4032 780 4108 γένηται
832 4033 936 4087 ἀπὸ
984 4032 1266 4108 παρόντων
1307 4034 1420 4105 (73)
1473 4035 1669 4086 κακῶν.
1722 4032 1851 4085 Εἶτα
1880 4028 1946 4085 τὰ

290 4120 345 4175 ἐν
397 4126 513 4183 τοῖς
570 4126 773 4182 στενοῖς
829 4120 1133 4199 φάρμακον,
1182 4123 1217 4191 ἡ
1267 4119 1444 4182 ἐλπίς·
1496 4116 1941 4196 Προσεδεχόμην,

291 4208 453 4286 φησὶ,
508 4211 600 4264 τὸν
661 4211 789 4264 Θεὸν
839 4211 930 4264 τὸν
990 4207 1232 4279 σώζοντα
1283 4231 1348 4283 με
1396 4208 1501 4264 ἀπὸ
1574 4207 1941 4284 ὀλιγοψυχίας

288 4298 383 4351 καὶ
435 4298 539 4353 ἀπὸ
585 4295 922 4374 καταιγίδος.
968 4299 1135 4372 Ὅπερ
1185 4298 1276 4353 οὗν
1325 4300 1416 4353 καὶ
1469 4296 1722 4372 ἀλλαχοῦ
1770 4302 1941 4351 ποιῶν

290 4387 561 4465 φαίνεται,
619 4386 853 4465 τάχιστα
906 4392 985 4461 τῷ
1040 4387 1300 4443 λυποῦντι
1357 4387 1420 4443 τὸ
1452 4384 1588 4460 ἴαμα
1616 4386 1945 4463 προστιθεὶς,

286 4476 383 4531 καὶ
415 4476 613 4551 ἀγαθὸν
642 4479 779 4551 ἡμῖν
827 4476 1082 4553 παρέχων
1114 4476 1387 4551 παίδευμα
1428 4475 1516 4531 καὶ
1557 4475 1708 4553 λόγῳ
1737 4476 1826 4530 καὶ
1860 4473 1945 4552 ἔρ-

285 4588 377 4641 γω
431 4573 531 4636 τῆς
588 4568 722 4643 πρὸς
771 4566 839 4622 τὰ
889 4564 1038 4621 δεινὰ
1097 4564 1531 4644 μεγαλοψυχίας
1583 4568 1947 4637 ’Δπηνήνατο,

286 4655 428 4732 φησὶ
477 4657 610 4731 (74),
652 4656 1067 4731 παρακληθῆναι
1118 4659 1153 4727 ἡ
1202 4657 1355 4732 ψυχή
1410 4677 1534 4729 μου.
1591 4656 1745 4731 Ὀρᾷς
1814 4655 1949 4726 ἀκηα

2055 3494 2213 3551 haud
2245 3497 2419 3568 paulo
2472 3500 2607 3552 ante
2637 3495 2999 3554 calamitates
3049 3516 3188 3555 suas
3220 3501 3423 3555 acerbe
3462 3502 3653 3557 ferens
3688 3518 3702 3557 :

2058 3586 2212 3655 Quis,
2251 3585 2464 3656 inquit,
2512 3586 2657 3640 mihi
2702 3586 2851 3641 dabit
2895 3604 3104 3658 pennas
3155 3591 3295 3645 sicut
3341 3591 3621 3660 columbaz,
3655 3595 3707 3646 et

2048 3674 2254 3741 volabo,
2279 3682 2333 3729 et
2362 3675 2698 3745 requiescam
2730 3676 2816 3730 ’3?
2850 3677 3000 3732 318
3031 3677 3321 3733 Columba:
3356 3696 3578 3750 pennas
3607 3695 3702 3734 ex-

2052 3763 2198 3835 petit
2245 3762 2356 3833 (vel
2406 3765 2559 3834 quod
2604 3764 2847 3819 leviores
2898 3782 2963 3820 ac
3013 3766 3330 3822 velociores
3378 3768 3515 3837 sint,
3568 3767 3702 3823 talis

2052 3854 2207 3909 enim
2238 3856 2326 3908 est
2358 3853 2627 3924 quisquis
2667 3853 2965 3924 justitiam
2999 3854 3157 3921 colit,
3189 3855 3275 3910 vel
3328 3857 3483 3926 quod
3516 3856 3703 3928 Spiri-

2053 3946 2180 3997 tum
2208 3942 2579 4009 adumbrent,
2609 3942 2780 4012 cujus
2812 3944 2988 3997 unius
3020 3942 3237 3999 auxilio
3269 3944 3530 4016 pericula
3562 3945 3707 4016 fugi-

2056 4032 2236 4102 mus),
2270 4035 2332 4085 ut
2362 4047 2535 4101 quam
2565 4030 2912 4103 longissime
2960 4049 3021 4088 se
3052 4050 3086 4088 a
3114 4033 3501 4105 praesentibus
3534 4033 3706 4089 malis

2058 4124 2371 4175 removeat.
2405 4120 2678 4190 Sequitur
2708 4120 2917 4176 deinde
2947 4139 3101 4193 spes,
3135 4121 3195 4177 in
3228 4123 3497 4195 angustis
3532 4124 3708 4179 rebus

2062 4209 2352 4265 medicina
2384 4227 2395 4265 :
2430 4211 2846 4281 Exspectabam,
2879 4210 3093 4283 inquit,
3141 4212 3331 4280 Deum,
3364 4214 3462 4283 qui
3488 4213 3709 4268 salvum

2061 4315 2146 4355 me
2191 4300 2324 4369 fecit
2369 4316 2403 4354 a
2445 4300 2920 4371 pusillanimitate
2965 4305 3017 4355 et
3066 4306 3381 4372 tempestate
3428 4302 3490 4359 9°.
3543 4302 3707 4367 Quod

2060 4387 2235 4444 etiam
2267 4387 2460 4460 ipsum
2513 4389 2626 4445 alia
2654 4389 2780 4445 loco
2812 4390 3000 4446 facere
3030 4391 3399 4463 perspicitur,
3435 4390 3533 4446 ubi
3572 4407 3708 4446 con-

2061 4476 2255 4532 festim
2280 4476 2465 4532 dolori
2489 4478 2813 4534 remedium
2833 4479 3495 4551 adjungit,probumque
3516 4480 3708 4547 nobis,

2061 4570 2117 4622 et
2148 4567 2318 4622 verbo
2350 4570 2405 4622 et
2436 4584 2627 4639 opere,
2649 4568 3076 4641 magnitudinis
3108 4569 3292 4624 animi
3318 4569 3597 4625 adversus
3619 4587 3712 4624 res

2062 4672 2266 4730 graves
2297 4660 2353 4712 et
2383 4656 2742 4728 periculosas
2774 4658 3197 4715 documentum
3227 4659 3471 4731 praebet:
3492 4658 3711 4728 Renuit,

363 4777 411 4812 ³⁸
442 4776 559 4832 Jer.
594 4793 671 4843 1v,
704 4777 790 4831 19.
868 4777 909 4811 ³⁷
941 4779 1058 4832 Jer.
1089 4792 1168 4843 Ix,
1198 4776 1252 4832 4.
1327 4777 1371 4811 θθ
1402 4776 1555 4834 Psal.
1590 4791 1701 4845 LIV;
1730 4775 1787 4831 7.
1862 4776 1909 4811 θ’
1936 4774 2079 4830 ibid.
2113 4774 2167 4829 9.

522 4890 849 4961 Μαιμάσσει.
895 4890 1087 4965 thql.
1125 4907 1139 4947 :
1200 4893 1375 4965 φυσεῖ,
1424 4892 1719 4965 προθυμεῖ,
1777 4884 1947 4962 πηδᾷ,

285 4960 585 5035 καχλάζει,
618 4960 748 5035 quae
777 4965 918 5035 sunt
948 4962 1127 5033 hujus
1154 4960 1313 5019 vocis
1341 4960 1877 5035 interpretationes.

364 4980 585 5089 χὸιέαςει,
618 4980 748 5035 qum
777 4980 918 5018 sunt
948 4980 1127 5033 nlljus
1154 4980 1313 5019 V0018
1341 4980 1875 5035 mterpremuones.

368 5038 387 5104 (
468 5037 485 5107 )
517 5030 1005 5104 ’Δποκλαιόμενος.
1042 5039 1227 5160 Regg.
1251 5035 1373 5103 bm,
1406 5035 1506 5103 hu,
1539 5030 1875 5116 ἀποκλαίων.

364 5108 480 5160 (67)
533 5103 758 5159 Κοιλίαν
797 5106 916 5160 μέν.
957 5111 1067 5160 etc.
1100 5111 1161 5160 Βι
1192 5108 1305 5160 lius
1336 5124 1348 5160 :
1384 5129 1411 5157 «
1448 5112 1681 5160 Ventris
1711 5107 1875 5160 auide

364 5103 480 5177 (67)
533 5103 916 5178 Κοιλίανμέν,
957 5103 1305 5178 θῐοηΙῗίΙΙὶυε
1336 5124 1348 5161 :
1384 5107 1681 5178 «(Ventris
1711 5106 1948 5177 quidem

286 5176 539 5234 nomine
569 5195 738 5250 suam
770 5176 958 5250 ipsius
989 5176 1606 5250 animamintelligit.»
1634 5176 1826 5250 Verba
1855 5194 1953 5231 au-

281 5255 441 5323 tem,
490 5249 625 5303 κατὰ
651 5247 908 5323 τοὺςίτῆς
932 5255 1164 5323 ’τροπῆς
1204 5247 1427 5323 νόμους,
1462 5247 1685 5323 ἅμα(ιᾶ
1732 5249 1949 5320 allego-

280 5320 393 5377 ria
427 5319 605 5394 leges,
643 5344 671 5372 »
701 5321 787 5379 vel
820 5338 855 5378 a
883 5319 1051 5380 Bill’io
1084 5338 1198 5379 non
1230 5319 1477 5393 reddita,
1508 5319 1594 5377 vel
1625 5338 1658 5376 a
1688 5319 1952 5393 typogra-

280 5392 413 5447 nho
449 5393 690 5447 omissa.

378 5410 413 5448 Ο
449 5410 690 5451 οωιθβιι.

278 5410 413 5466 pno
449 5410 690 5451 omissa.

362 5466 480 5537 (68)
512 5462 695 5537 Οὕτω,
723 5466 858 5537 Reg.
887 5464 1011 5536 bm,
1044 5467 1224 5537 τοῦτο.

364 5466 459 5537 (68
512 5466 689 5522 Οὕτω.
723 5466 858 5537 Reg.
887 5466 1011 5536 bm,
1044 5467 1224 5521 τοῦτο.

364 5466 613 5664 ((59ἐὲἓᾶ
633 5536 996 5664 ἷιὲεξὲτὲἂξίο
1026 5536 1225 5610 plures
1256 5534 1654 5610 Regg.,Coisl.
1691 5535 1743 5605 1,
1777 5533 1874 5591 0r.
1890 5534 1948 5604 2,

274 5612 408 5667 etc.
444 5609 613 5667 Deest
643 5609 694 5664 ἓν
727 5609 788 5665 in
817 5609 910 5665 ed.

363 5680 484 5757 (70)
508 5679 574 5738 El
605 5677 663 5738 δι
707 5679 799 5739 καῖ
825 5683 932 5738 τῶν
962 5681 1289 5757 σωματικῶν
1333 5673 1473 5737 ἔστιν
1508 5675 1540 5735 ἃ
1569 5670 1839 5754 λαμϐάνοι
1868 5694 1952 5741 τις

2060 4884 2447 4961 αἰσθητηρίων.
2484 4888 2579 4944 Sic
2624 4888 2835 4961 Regg,
2871 4906 2925 4961 ει,
2975 4890 3248 4961 Βωλιιιοε
3295 4891 3480 4960 Colb.,
3528 4892 3622 4948 Or.
3654 4895 3711 4948 2.

2060 4961 2215 5035 P_ar.,
2247 4956 2304 5015 et.
2332 4960 2451 5035 εἶδε.
2474 4961 2547 5035 ΔΙῐ]
2597 4956 2778 5035 edit:
2794 4958 2839 5013 εί
2867 4956 3054 5035 δὶ-καὶ
3082 4956 3206 5035 ita?
3229 4965 3337 5016 τῶν
3388 4956 3711 5035 σωματικῶν

2062 5026 2425 5123 αἰσθητηρίων
2458 5026 2753 5123 ρλαμϐάνοι
2782 5052 2884 5092 τις.
2934 5032 3232 5102 Nonnulli,
3268 5052 3373 5107 pro
3417 5026 3714 5109 λαμϐάνοι,

2062 5101 2304 5170 habent,
2336 5101 2626 5174 λαμϐάνει.

2158 5177 2242 5241 71)
2278 5175 2613 5245 Νοουμένου.
2650 5175 2787 5246 Reg.
2824 5193 2874 5242 a,
2902 5174 3201 5249 ὁρωμένου.

2134 5176 2247 5317 (72)
2314 5245 2786 5317 Σκιαγραφούσας.
2859 5246 3093 5317 Regius,
3160 5249 3195 5304 b

2156 5242 2247 5317 72)
2314 5242 2786 5323 Σκιαγραφούσαξ.
2859 5242 3093 5319 Regius,
3160 5249 3282 5319 bm,
3351 5246 3715 5325 σκιαγραφούο

2066 5337 2416 5516 σηδΒᾸἊπὸ
2467 5385 2765 5460 παρόντων.
2826 5393 2993 5445 Deest
3049 5388 3153 5445 ἀπό
3210 5391 3269 5446 in
3331 5392 3510 5465 Regg.
3569 5408 3603 5447 8.
3661 5394 3716 5446 et

2066 5462 2185 5516 bm.
2265 5459 2349 5516 lii.
2401 5460 2633 5516 sublato
2664 5458 2790 5516 ἀπό.
2826 5462 3060 5516 habent.
3111 5465 3219 5516 τῶν
3251 5462 3535 5516 παρόντων
3570 5464 3714 5516 lme-

2062 5458 2349 5544 hrn.‘Alii,
2401 5458 2633 5518 sublato
2664 5458 2790 5531 ἀπό,
2826 5462 3060 5530 habent,
3111 5465 3219 5516 τῶν
3251 5458 3535 5536 παρόντεῖυν
3570 5464 3714 5531 [me-

2065 5534 2250 5679 l_m('s7]1i)
2282 5602 2641 5679 Ἀπηνήνατο,
2674 5601 2828 5679 φησί.
2883 5605 2976 5679 Sic
3008 5603 3204 5677 plures
3234 5606 3412 5679 Regg.
3444 5608 3502 5661 et
3530 5602 3713 5674 Colb.,

2064 5674 2161 5736 0r.
2190 5674 2246 5750 2,
2280 5678 2389 5732 etc.
2422 5674 2596 5734 Deest
2625 5674 2758 5754 φησι
2788 5676 2850 5734 in
2880 5677 2971 5734 ed.
