4138 6212
415 324 534 396 961

1653 328 1721 387 S.
1768 324 2139 386 GREGORII
2189 325 2585 388 THEOLOGI

3706 329 3824 391 968

413 467 626 539 inquit,
656 464 931 523 consolari
973 464 1161 517 anima
1208 478 1329 517 mea
1362 464 1401 515 ί.
1442 460 1703 515 Andisne
1748 459 2039 515 anxietatit

2171 454 2287 520 δίας
2321 457 2537 533 ῥήματα
2569 460 2687 531 (75)
2714 457 2803 512 καὶ
2846 458 3244 534 ἀπογνώσεως;
3296 458 3419 533 'Ap’
3467 457 3565 513 οὐκ
3614 455 3823 523 ἔδεισας

414 561 472 613 et
502 553 924 626 desperationis
953 551 1129 609 verba
1149 552 1176 605 ‘I
1204 551 1357 605 Num
1389 550 1519 621 quis
1552 554 1609 605 te
1626 548 1865 605 Davidis
1885 564 2067 604 causa

411 647 588 702 timur
616 642 849 713 invasit,
900 642 1066 713 quasi
1102 640 1413 696 ineurabili
1464 639 1667 695 morbo
1719 636 2063 693 laboraret?

412 736 560 801 Quid
594 734 679 789 ais
699 732 726 787 *Γ
755 731 881 786 Non
913 729 1176 785 admittis
1208 728 1663 783 consolationem
1688 732 1709 783 Ρ
1733 727 1921 799 Negas
1952 726 2061 781 tibi

411 823 603 880 solatii
633 836 797 893 spem
846 819 1028 873 ullam
1062 816 1437 888 superstitem
1485 816 1659 871 esse?
1688 814 1924 871 Nihilne
1952 814 2059 870 tibi

409 910 787 967 medebitur?
819 909 941 963 Non
995 923 1208 974 sermo,
1242 923 1355 961 non
1389 904 1635 974 amicus,
1671 921 1784 959 non
1819 904 2055 976 propin-

408 1018 582 1073 quus,
616 1017 732 1055 non
787 998 1060 1064 monitor,
1094 1013 1209 1051 non
1258 994 1474 1050 doloris
1524 994 1746 1049 socium
1797 1010 1858 1049 se
1906 1010 2052 1064 prm-

405 1091 572 1159 bens,
608 1106 723 1145 non
754 1105 846 1144 res
878 1104 1017 1143 suas
1048 1085 1322 1141 adversas
1354 1100 1674 1155 exponens,
1708 1099 1822 1137 non
1862 1088 2055 1137 vetera

405 1193 1029 1243 commemorans,non
1063 1172 1370 1247 praasentia
1398 1189 1534 1228 cum
1565 1172 1681 1227 illis
1704 1188 2051 1243 comparans

402 1272 577 1340 atque
624 1266 959 1335 ostendens,
993 1279 1169 1335 quam
1218 1261 1389 1317 multi
1439 1260 1709 1315 homines
1757 1260 1933 1315 etiam
1984 1276 2052 1315 ex

400 1355 787 1413 atrocioribus
844 1353 1017 1409 malis
1092 1350 1452 1407 evaserint?
1510 1350 1733 1405 Siccine
1792 1352 2051 1420 projecta

401 1450 561 1517 sunt,
605 1444 975 1509 interierunt,
1026 1441 1259 1497 concisa
1308 1444 1449 1495 sunt
1496 1438 1693 1494 omnia
1732 1437 1760 1492 ?
1825 1438 2048 1493 Siccine

397 1552 532 1607 spes
564 1533 757 1589 omnis
805 1530 1024 1604 periit?
1052 1530 1166 1585 Nec
1197 1528 1516 1599 quidquam
1550 1527 1709 1583 aliud
1754 1532 2043 1598 superest,

395 1641 574 1696 quam
608 1626 672 1678 ut
712 1622 972 1693 jacentes
1023 1622 1079 1673 et
1125 1616 1321 1689 supini
1370 1616 1545 1672 ﬁnem
1592 1617 2047 1686 exspectemus?

394 1715 524 1769 Haec
554 1727 807 1782 magnus
856 1707 954 1764 ille
987 1707 1184 1774 David,
1221 1706 1320 1777 qui
1369 1704 1585 1776 alioqui
1617 1705 1679 1759 in
1710 1704 2039 1759 tribulatio-

2177 548 2252 607 ὡς
2283 548 2404 622 περὶ
2438 547 2798 623 ἀθεραπεύτου
2826 553 2922 602 τοῦ
2967 542 3170 616 Δαϐίδ;
3215 546 3275 600 Τί
3324 545 3541 621 λέγειςς
3582 548 3654 602 Ού
3688 546 3826 623 δέχῃ

2173 634 2557 711 παράκλησιν;
2609 635 2924 705 ἀπελπίζεις
2979 635 3363 712 παραμυθίανς
3431 633 3609 698 οὐδεὶς
3668 649 3827 712 θερα-

2170 725 2354 780 πεύσει
2386 728 2499 799 (76)
2548 746 2642 797 σε;
2690 727 2751 781 οὗ
2803 726 2991 801 λόγος,
3034 726 3096 781 οὐ
3128 726 3309 804 φίλος,
3343 727 3407 782 οὐ
3437 728 3723 803 συγγενὴς,
3757 727 3822 782 ού

2168 811 2581 889 συμϐουλεύων,
2639 816 2699 872 οὐ
2756 816 3061 892 συναλγῶν,
3117 817 3178 874 οὗ
3236 818 3302 872 τὰ
3353 819 3470 873 καθ’
3520 819 3704 874 ἑαυτὸν
3737 816 3819 873 δι-

2167 907 2490 982 ηγούμενος,
2540 907 2601 960 οὐ
2651 907 2718 961 τὰ
2760 906 2964 982 ἀρχαῖα
3010 906 3199 982 λέγων,
3248 907 3309 961 ού
3365 909 3431 961 τὰ
3459 913 3551 961 νῦν
3579 929 3819 983 παρατι-

2164 994 2293 1063 θεὶς,
2328 995 2443 1050 ὅσοι
2475 997 2563 1050 καὶ
2602 996 2707 1050 ἀπὸ
2759 995 3158 1072 χαλεπωτέρων
3214 1001 3389 1050 κακῶν
3442 994 3817 1066 διεσώθησαν;

2163 1083 2450 1160 Ἐῤῥιπται
2498 1086 2702 1154 πάντας
2756 1082 3004 1159 οἷ’χεται;
3055 1087 3477 1161 περικέκοπται;
3550 1084 3819 1141 ἀπόλωλε

2160 1179 2305 1228 πᾶσα
2347 1172 2541 1244 Ehrle;
2586 1180 2792 1239 κεῖσθαι
2848 1173 2930 1229 δεῖ
2985 1174 3169 1248 μόνον,
3216 1177 3276 1229 τὸ
3323 1176 3481 1237 τέλος
3512 1172 3814 1251 ἐκδεχομέ-

2159 1281 2321 1331 νους;
2355 1268 2529 1318 Ταῦτα
2558 1265 2586 1319 6
2621 1264 2782 1338 μὲγας
2813 1258 3002 1334 Δαϐὶδ,
3035 1264 3062 1318 6
3095 1263 3145 1318 ἐν
3196 1262 3412 1339 θλίψεσι
3460 1263 3812 1337 πλατυνόμε-

2157 1370 2286 1413 νος’
2323 1353 2350 1406 6
2379 1352 2468 1406 καὶ
2507 1358 2659 1415 σκιᾶς
2713 1352 2941 1415 θανάτου
2989 1351 3298 1423 κυκλούσης
3350 1353 3484 1427 μετὰ
3528 1358 3623 1408 τοῦ
3674 1358 3816 1408 Θεοῦ

2155 1440 2687 1513 κατεξανιστάμενος.
2734 1441 2793 1494 Τί
2845 1441 2935 1495 οὗν
2988 1440 3097 1516 ἐγὼ
3168 1442 3344 1512 πάθω,
3408 1442 3435 1495 6
3505 1442 3725 1515 μικρὸς,
3784 1443 3814 1495 6

2154 1527 2404 1599 ἀσθενὴς,
2462 1531 2489 1584 6
2539 1532 2747 1605 γήϊνος,
2799 1530 2826 1584 6
2863 1530 2939 1602 μὴ
2971 1534 3229 1591 τοσοῦτος
3260 1530 3340 1601 τῷ
3368 1529 3671 1603 πιεύματι;
3707 1539 3815 1584 Δα-

2155 1612 2244 1671 ϐἱδ
2278 1617 2510 1693 ἰλιγγιᾷ,
2569 1618 2658 1672 καὶ
2689 1620 2770 1679 τίς
2829 1620 3094 1687 σώζεταις
3144 1618 3270 1672 Τίνα
3324 1619 3571 1693 βοήθειαν
3624 1619 3815 1694 εὕροι-

2156 1726 2215 1777 μι
2262 1708 2368 1778 (77)
2418 1708 2765 1779 κακοπαθῶν,
2824 1708 2858 1775 ἢ
2911 1707 3031 1761 τίνα
3078 1706 3454 1783 παράκλησιν;
3512 1708 3649 1784 πρὸς
3680 1708 3815 1763 τίνα

397 1802 571 1859 nibus
624 1800 909 1855 dilatatur
933 1798 990 1865 ²;
1024 1798 1143 1868 qui,
1174 1794 1262 1851 vel
1296 1794 1503 1849 mortis
1531 1795 1740 1849 umbra
1787 1792 2039 1847 circum-

2154 1794 2438 1872 καταφύγω
2508 1794 3057 1871 στενοχωρούμενοςς
3122 1796 3497 1869 Ἀποκρίνεταί
3554 1818 3635 1851 σοι
3700 1808 3807 1852 Δα-

2162 1879 2248 1900 ροθ
2306 1885 2318 1900 ε
2428 1886 2438 1900 1
2594 1887 2617 1900 Λ
2870 1886 2882 1900 \
3007 1886 3020 1900 ο
3148 1886 3161 1900 \
3307 1886 3319 1900 I
3390 1887 3401 1900 I
3735 1891 3763 1900 -

396 1892 564 1947 fusus
602 1890 643 1959 ³,
707 1889 804 1944 Dei
860 1892 1058 1942 tamen
1108 1902 1213 1957 ope
1265 1884 1533 1951 obnixus,
1579 1884 1855 1938 adversus
1913 1898 2041 1937 eam

397 1978 675 2051 exsurgit.
732 1976 1021 2041 Quidnam
1052 1975 1229 2045 igitur
1276 1990 1370 2029 me
1421 1974 1605 2027 facere
1656 1989 1761 2043 par
1808 1978 1916 2038 est,
1950 1986 2041 2025 me

394 2085 637 2141 parvum
683 2071 739 2122 et
784 2064 1155 2132 imbecillam,
1215 2079 1309 2118 me
1351 2068 1672 2126 terrenum,
1730 2077 1834 2116 nec
1879 2065 2044 2115 tanta

392 2158 634 2230 spiritus
667 2155 942 2212 facultate
973 2152 1328 2226 praeditum?
1360 2152 1535 2207 David
1587 2154 1817 2219 aestuat,
1851 2166 2043 2222 neque

389 2246 565 2302 habet
594 2263 708 2317 quo
750 2261 811 2301 se
839 2248 1044 2314 vertat,
1078 2248 1137 2299 et
1178 2242 1311 2314 quis
1363 2243 1562 2297 salvus
1611 2257 1739 2296 esse
1788 2239 2043 2311 poterit?

389 2338 522 2402 Quae
551 2352 644 2391 res
674 2334 821 2390 mihi
865 2330 1177 2400 laboranti,
1228 2331 1315 2387 vel
1366 2330 1657 2397 subsidio,
1690 2329 1778 2384 vel
1832 2328 2040 2385 solatio

392 2425 590 2479 futura
618 2422 743 2479 est?
757 2422 843 2477 Ad
874 2437 1049 2494 quem
1074 2420 1133 2475 in
1156 2419 1459 2491 angustias
1490 2418 1760 2473 redactus
1782 2415 2043 2489 fugiam?

393 2512 521 2568 Tibi
552 2528 898 2583 responsum
924 2510 1138 2582 praebet
1156 2508 1616 2579 David,magnus
1639 2506 1733 2561 ille
1756 2506 2039 2574 medicus,

393 2620 459 2658 ac
491 2600 678 2656 malos
707 2600 880 2656 etiam
910 2599 1154 2671 spiritus
1188 2612 1287 2668 per
1308 2596 1587 2667 Spiritum
1617 2595 1677 2650 in
1709 2596 1835 2667 ipso
1871 2595 2042 2651 habi-

392 2696 614 2747 tantem
645 2690 955 2744 incantans
984 2687 1115 2741 ‘.Ad
1145 2701 1318 2757 quem
1352 2684 1653 2755 confugies
1682 2699 1750 2737 ex
1780 2700 1872 2737 me
1894 2682 2041 2738 scire

393 2780 579 2852 cupis,
614 2795 721 2834 nec
749 2793 852 2849 per
880 2782 934 2831 te
965 2777 1090 2848 ipse
1119 2773 1398 2846 intelligis
1418 2776 1445 2829 ?
1476 2773 1615 2837 Quis
1645 2778 1754 2841 est,
1789 2772 1888 2844 qui
1918 2772 2041 2829 lan-

386 2869 598 2942 guidas
630 2884 841 2923 manus
896 2865 1151 2934 roborat,
1183 2868 1239 2919 et
1290 2880 1481 2936 genua
1510 2862 1797 2918 dissoluta
1826 2862 2036 2917 conﬁr-

387 2962 513 3013 mat
541 2957 580 3027 δ,
614 2960 672 3012 et
700 2973 803 3028 per
854 2955 1049 3027 ignem
1082 2953 1269 3021 ducit,
1302 2957 1358 3007 et
1388 2969 1489 3025 per
1536 2969 1750 3024 aquam
1785 2950 2036 3006 salutem

388 3046 604 3103 affert?
636 3044 814 3111 Nihil,
865 3043 1079 3115 inquit,
1112 3041 1404 3097 instructa
1433 3041 1555 3097 acie
1598 3057 1746 3112 opus
1777 3045 1886 3107 est,
1918 3057 2035 3094 non

388 3134 588 3203 armis,
621 3151 739 3191 non
771 3132 1110 3205 sagittariis,
1145 3148 1259 3186 non
1291 3130 1612 3202 equitibus,
1654 3146 1769 3185 non
1801 3128 2036 3184 consul-

2161 1879 2248 1938 ϐἰδ
2300 1885 2327 1938 6
2380 1886 2545 1959 μέγας
2593 1886 2944 1961 θεραπευτής,
3001 1886 3028 1940 6
3075 1886 3162 1939 καὶ
3194 1886 3512 1958 πνεύμάτων
3546 1891 3804 1962 πονηρῶν

2150 1970 2463 2043 κατεπᾴδων
2524 1971 2612 2027 διὰ
2665 1978 2760 2028 τοῦ
2811 1974 2861 2028 ἐν
2912 1973 3057 2046 αὐτῷ
3108 1973 3435 2047 Πνεύματος.
3491 1975 3632 2050 Πρὸς
3682 1976 3811 2030 τίνα

2150 2061 2449 2139 καταφεύξῃ
2497 2064 2607 2135 (78)
2660 2066 2788 2138 παρ’
2834 2061 2969 2136 ἐμοῦ
3018 2061 3202 2137 βούλει
3257 2070 3466 2137 μαθεῖν,
3523 2064 3683 2125 αὐτὸς
3746 2063 3809 2118 δὲ

2153 2150 2253 2206 οὐκ
2300 2150 2616 2220 ﬁniendam;
2665 2151 2756 2214 Τίς
2806 2152 2832 2205 6
2875 2153 2970 2214 τὰς
3018 2154 3345 2228 παρειμένας
3399 2152 3658 2229 ἐνισχύων
3687 2160 3811 2229 χεῖ-

2154 2260 2270 2315 ρας,
2319 2240 2409 2294 καὶ
2459 2240 2657 2316 γόνατα
2704 2239 3125 2317 παραλελυμὲνα
3171 2242 3497 2318 παρακαλῶν
3544 2247 3681 2317 (79),
3713 2246 3809 2299 καὶ

2154 2327 2243 2383 διὰ
2263 2330 2432 2405 πυρὸς
2464 2326 2632 2405 ἄγων,
2663 2328 2753 2384 καί
2784 2331 2972 2399 σώζων
3006 2328 3074 2386 δι’
3108 2329 3336 2401 ὕδατος;
3390 2330 3551 2387 Οὐδὲν
3606 2330 3692 2387 δεῖ
3718 2356 3807 2389 σοι

2151 2419 2514 2494 παρατάξεως,
2549 2419 2729 2496 φησὶν,
2777 2420 2885 2494 οὐχ
2926 2419 3134 2493 ὅπλων,
3184 2421 3245 2475 οὐ
3290 2422 3544 2491 τοξοτῶν,
3580 2421 3813 2497 05x17:-

2149 2506 2314 2577 πέων,
2348 2508 2409 2562 οὐ
2442 2503 2789 2581 συμϐούλων,
2822 2508 2883 2563 οὐ
2928 2508 3127 2582 φίλων,
3188 2509 3285 2564 οὐκ
3335 2510 3644 2587 ἐπικουρίας
3704 2516 3810 2581 τῆς

2151 2592 2364 2667 ἔξωθεν.
2424 2603 2614 2673 Ἔχεις
2664 2597 2715 2652 ἐν
2760 2602 2966 2670 σεαυτῷ
3011 2600 3109 2668 τήν
3163 2599 3502 2674 συμμαχίαν,
3551 2602 3610 2664 ἣν
3645 2602 3807 2676 κάγὼ

2148 2686 2237 2740 καὶ
2290 2692 2395 2749 πᾶς
2442 2685 2472 2740 6'
2525 2685 2880 2761 βουλόμενος.
2935 2686 3166 2756 Θελῆσαι
3219 2686 3301 2741 δεῖ
3342 2688 3525 2761 μόνον,
3557 2690 3807 2764 ὁρμῆσαι

2153 2775 2335 2847 μόνον.
2386 2774 2575 2851 Ἐγγῦς
2622 2777 2656 2845 ἡ
2700 2774 3062 2851 παρακλησις,
3104 2776 3154 2830 ἐν
3185 2781 3266 2849 τῷ
3299 2777 3527 2850 στόματί
3558 2799 3676 2848 σου,
3707 2780 3804 2834 καὶ

2148 2863 2198 2919 ἐν
2243 2869 2311 2938 τῇ
2361 2863 2521 2940 καρίᾳ
2598 2884 2731 2919 σου*
2784 2866 3091 2937 Ἐμνήσθην
3141 2871 3239 2920 τοῦ
3288 2871 3442 2939 Θεοῦ,
3492 2868 3649 2944 φησὶ,
3706 2872 3802 2923 καὶ

2148 2952 2466 3030 εὐφράνθην.
2512 2954 2570 3007 Τί
2631 2956 2856 3028 μνήμης
2907 2953 3285 3031 ἑτοιμότερον;
3355 2958 3641 3027 Μνήσθητι
3708 2958 3805 3013 καὶ

2147 3041 2231 3110 σὺ,
2262 3044 2351 3096 καὶ
2400 3043 2723 3120 εύφράνθην.
2773 3044 2836 3097 Ὠ
2876 3048 2972 3097 τοῦ
3030 3043 3354 3119 εύποριστου
3384 3048 3482 3114 τῆς
3515 3046 3755 3121 ἰατρείας
3788 3049 3801 3104 3

2146 3130 2190 3185 ὣ
2248 3136 2345 3185 τοῦ
2390 3131 2594 3207 τάχους
2641 3135 2738 3201 τῆς
2788 3132 3106 3209 θεραπείαςέ
3160 3131 3203 3187 ὣ
3248 3138 3344 3188 τοῦ
3378 3134 3643 3210 μεγέθους
3698 3140 3805 3206 τῆς

390 3225 639 3293 toribus,
669 3240 785 3279 non
833 3222 1060 3288 amicis,
1093 3237 1208 3276 non
1239 3224 1477 3275 externo
1521 3218 1806 3274 subsidio.
1854 3219 2028 3273 Auxi-

2154 3216 2380 3295 Ξωρεᾶςῐ
2432 3221 2509 3278 Οὐ
2565 3221 2802 3294 κοιμίζει
2862 3221 3024 3294 μόνον
3081 3221 3442 3299 ὀλιγοψνχίαν
3491 3224 3579 3279 καί
3613 3222 3800 3296 λύπην

388 3313 561 3369 liares
592 3313 789 3384 copias
819 3312 878 3365 in
910 3311 1096 3382 teipse
1126 3309 1329 3375 habes,
1363 3326 1512 3380 quae,
1532 3312 1588 3363 et
1616 3307 1743 3374 tibi,
1777 3311 1834 3362 et
1865 3307 2032 3373 mihi,

391 3408 448 3458 et
477 3401 660 3458 cuivis
692 3401 752 3455 in
801 3404 1074 3473 promptu
1105 3403 1263 3453 sunt.
1311 3396 1471 3452 Velle
1499 3400 1731 3451 tantum
1783 3400 2032 3468 oportet,

2148 3309 2541 3409 μνημονευθεὶς
2589 3311 2617 3364 6
2666 3312 2778 3385 (80)
2826 3311 2981 3381 Θεὸς,
3030 3309 3175 3367 ἀλλὰ
3220 3312 3308 3367 καὶ
3342 3312 3676 3390 εὐφροσύνην
3710 3313 3804 3390 ἐρ-

2142 3404 2379 3472 γαζεται.

386 3492 685 3562 animique
714 3490 998 3560 impetum
1031 3487 1254 3543 afferre.
1290 3487 1351 3541 In
1384 3486 1709 3557 propinquo
1740 3489 1829 3540 est
1877 3487 2218 3557 consolatio,
2249 3488 2308 3544 in
2341 3506 2439 3544 ore
2486 3494 2608 3557 tuo,
2640 3494 2696 3545 et
2723 3489 2783 3545 in
2814 3492 2985 3546 corde
3038 3494 3155 3549 tuo.
3193 3496 3403 3548 Memor
3428 3494 3520 3563 fui
3548 3494 3668 3558 Dei,
3700 3494 3797 3548 in-

382 3581 531 3653 quit,
562 3583 611 3636 et
640 3580 930 3635 delectatus
977 3594 1096 3633 sum
1125 3577 1167 3630 ⁸.
1200 3576 1347 3642 Quid
1381 3575 1662 3630 memoria
1688 3576 1950 3646 paratius
1971 3576 1998 3629 ‘I
2022 3577 2174 3631 319
2208 3579 2293 3632 Tu
2328 3595 2559 3650 quoque
2611 3596 2836 3634 memor
2865 3585 3005 3646 esto,
3034 3585 3093 3635 et
3141 3581 3445 3637 delectare.
3480 3581 3524 3635 Ο
3555 3582 3792 3638 facilem

380 3669 769 3726 medicinam!
805 3667 847 3722 Ο
876 3665 1121 3722 celerem
1152 3664 1396 3720 curandi
1428 3664 1711 3718 rationem
1741 3666 1750 3718 l
1786 3663 1828 3718 Ο
1862 3663 2159 3734 ingentem
2190 3665 2454 3721 beneﬁcii
2487 3667 2993 3739 magnitudinem!
3026 3668 3148 3724 Non
3182 3670 3355 3724 modo
3382 3670 3565 3724 animi
3598 3671 3796 3727 imbe-

379 3758 681 3815 cillitatem
714 3755 1171 3826 mmstitiamque
1201 3754 1365 3808 sedat
1394 3748 1495 3807 Dei
1526 3753 1864 3821 recordatio,
1897 3753 1997 3809 sed
2028 3757 2085 3809 et
2107 3754 2548 3810 delectationem
2577 3756 2749 3827 parit.

458 3846 663 3903 IlI.Vis
695 3844 809 3901 alia
838 3844 1078 3915 insuper
1098 3842 1306 3898 divinae
1326 3858 1464 3913 erga
1492 3841 1819 3896 humanum
1842 3858 2029 3914 genus

386 3935 802 3993 benevolentiae
833 3930 1169 3988 testimonia
1198 3931 1515 4002 producam
1536 3928 1564 3983 ?
1591 3929 2029 4000 Si,inquit,con—

384 4042 572 4082 versus
601 4025 674 4081 ad
725 4024 1029 4080 Dominum
1074 4021 1421 4092 ingemueris,
1453 4027 1581 4074 tunc
1627 4019 1810 4074 salvus
1848 4020 1958 4074 eris
1986 4021 2026 4074 ⁷.

384 4115 703 4181 Videtisne,
739 4112 1239 4185 quemadmodum
1286 4108 1446 4164 salus
1477 4125 1609 4164 cum
1642 4107 1863 4179 gemitu
1893 4125 2027 4164 con-

374 4204 584 4273 juncta
613 4203 737 4257 sit‘?
768 4204 837 4257 Et
884 4201 1075 4256 adhuc
1106 4205 1160 4255 te
1210 4198 1487 4269 loquente
1539 4197 1689 4252 dicet
1722 4215 1734 4252 :
1768 4199 1901 4252 Ecce
1930 4197 2027 4252 ad-

380 4309 504 4347 sum
531 4292 552 4325 ⁸
577 4310 590 4359 ;
625 4295 682 4347 ct
710 4290 984 4361 loquetur
1011 4288 1218 4345 animae
1252 4293 1393 4343 tum:
1428 4285 1591 4341 Salus
1619 4295 1714 4341 tua
1741 4303 1837 4355 ego
1865 4304 1988 4341 sum
2007 4288 2028 4322 ο

379 4379 539 4435 Nihil
572 4380 723 4435 inter
773 4378 1114 4450 petitionem
1162 4382 1218 4433 et
1266 4376 1737 4447 impetrationem
1782 4377 2025 4432 interce-

382 4468 506 4538 dit;
541 4486 656 4524 non
688 4484 918 4539 aurum,
951 4485 1064 4523 non
1098 4471 1425 4539 argentum,
1462 4482 1575 4520 non
1622 4465 1939 4537 splendidas
1970 4470 2027 4522 et

382 4558 604 4614 eximias
635 4574 901 4631 gemmae,
922 4574 1033 4613 non
1067 4561 1273 4612 caetera
1303 4555 1519 4627 quibus
1548 4553 1843 4611 hominem
1868 4572 2027 4611 men-

381 4651 468 4704 tes
500 4649 571 4703 ad
614 4647 913 4703 lenitatem
944 4651 1001 4702 et
1030 4646 1401 4701 clementiam
1432 4643 1831 4699 inflectuntur.
1867 4646 2025 4701 Post-

379 4753 560 4808 quam
603 4736 747 4793 dixit
791 4736 1141 4808 Sophonias,
1195 4739 1475 4807 tanquam
1526 4748 1596 4788 ex
1645 4733 1744 4788 Dei
1792 4734 1925 4789 irati
1972 4738 2030 4791 et

448 4918 466 4955 ί
497 4915 646 4973 Psal.
681 4930 864 4983 LXXVI,
896 4916 949 4974 3.
1027 4915 1048 4951 ³
1080 4914 1231 4970 Psal.
1281 4930 1357 4983 Iv,
1388 4914 1442 4967 2.
1521 4914 1541 4947 ³
1572 4912 1725 4982 Psal,
1773 4931 1911 4983 xxu,
1944 4916 1997 4970 4.

376 4985 490 5047 Isa.
521 5004 651 5059 xxx,
687 4989 774 5045 15.
901 4989 1011 5045 Isa.
1044 5004 1205 5059 Lvni,
1233 4986 1287 5041 9.
1364 4987 1386 5021 ³
1418 4985 1566 5041 Psal.
1600 5001 1787 5056 xxxxv,
1816 4988 1869 5041 3.

454 5174 566 5247 (75)
598 5174 859 5245 Ῥήματα.
893 5173 986 5230 Sic
1018 5172 1155 5244 Reg.
1188 5170 1291 5226 hu.
1338 5169 1437 5224 Or.
1466 5170 1522 5237 2,
1554 5170 1709 5235 Par.,
1741 5168 1884 5238 Jes.,
1917 5174 2028 5227 etc.

384 5248 557 5304 Deest
588 5247 645 5301 in
680 5248 771 5301 ed.

452 5318 563 5391 (76)
624 5313 968 5391 Θεραπεύσει.
1028 5320 1166 5386 Reg.
1225 5330 1278 5379 a,
1337 5314 1394 5366 et
1448 5314 1566 5365 tres
1639 5309 1821 5378 Colb.,
1882 5310 2030 5384 Θερα-

380 5387 550 5443 πεύιι.

448 5462 562 5532 (77)
594 5457 849 5534 Εὕροιμι.
901 5460 1042 5530 Reg.
1076 5457 1137 5523 h,
1188 5454 1435 5511 Colbert.
1478 5455 1537 5521 2,
1569 5452 1726 5508 Orat.
1758 5455 1812 5525 2,
1856 5450 2022 5528 εὕρω-

388 5551 555 5684 μΪῧίὸ)
588 5598 917 5684 Europaei“.
969 5598 1250 5684 Sic‘Re‘g.
1304 5612 1356 5684 ει,
1390 5598 1447 5652 et
1494 5595 1666 5655 Coisl.
1720 5598 1770 5653 1.
1819 5599 1885 5655 In
1930 5599 2023 5657 ed.

377 5670 627 5747 aliisque
655 5670 927 5747 pluribus
957 5670 1127 5729 codd.
1162 5670 1346 5726 deest.

2135 3951 2280 4001 των;
2351 3934 2474 3988 Ἐὰν
2550 3932 2914 4010 ἐπιστραφεὶς,

2209 3844 2279 3901 Γ’.
2308 3841 2503 3899 Βούλει
2535 3844 2623 3897 καὶ
2654 3842 2843 3899 ἄλλων
2885 3844 3107 3899 ἀκοῦσαι
3158 3843 3565 3923 φιλανθρωπίας
3598 3845 3795 3921 ῥημά-

3001 3934 3153 4012 ςρησῖ,
3230 3936 3364 4011 πρὸς
3424 3935 3618 4011 Κύριον
3674 3939 3795 4009 (81)

2139 4020 2406 4095 στενάξῃς,
2458 4020 2580 4076 τότε
2647 4024 2883 4096 σωθήσῃ.
2948 4027 3133 4098 Ὁρᾶτε
3181 4028 3258 4094 τῷ
3332 4030 3617 4099 στεναγμῴ
3691 4027 3801 4093 τήν

2138 4110 2408 4184 σωτηρίαν
2487 4111 2942 4186 συνεζευγμένην;
3014 4111 3111 4165 Καὶ
3177 4108 3254 4167 ἔτι
3313 4110 3615 4173 λαλοῦντός
3672 4133 3797 4181 σου,

2138 4200 2279 4274 ἐρεῖ’
2339 4196 2479 4255 Ἰδοὺ
2528 4198 2777 4274 πάρειμιο
2838 4200 2927 4254 καὶ
2972 4199 3252 4275 φθέγξεται
3300 4199 3370 4275 τῇ
3430 4203 3585 4275 ψυχῇ
3645 4222 3746 4256 σου
3784 4222 3804 4238 ο

2138 4287 2390 4360 Σωτηρία
2439 4308 2533 4342 σου
2583 4287 2698 4361 εἰμὶ
2744 4288 2871 4363 ἐγώ.
2933 4287 3095 4343 Οὐδὲν
3150 4288 3308 4362 μέσον
3364 4296 3463 4359 τῆς
3512 4288 3800 4360 air-(ﬁctio;

2135 4377 2224 4432 καὶ
2254 4384 2352 4446 τῆς
2386 4376 2701 4449 ἐπιτεύξεως
2725 4398 2737 4411 ο
2790 4376 2852 4431 οὐ
2912 4378 3139 4454 χρυσὸς,
3167 4378 3265 4433 οὐκ
3294 4376 3546 4454 ἄργυρος,
3582 4378 3647 4432 οὐ
3699 4378 3798 4433 λί-

2134 4467 2216 4521 θοι
2264 4471 2371 4520 τῶν
2428 4463 2695 4543 διαφανῶν
2755 4466 2843 4521 καὶ
2895 4467 3117 4540 τιμίων,
3166 4466 3275 4543 οὐχ
3321 4466 3468 4528 ὅσοις
3502 4465 3798 4542 ἅνθρωποι

2133 4554 2468 4629 κᾶμπτονται
2514 4557 2650 4629 πρὸς
2675 4557 2737 4610 τὸ
2783 4557 3007 4632 ἥμερον.
3054 4559 3212 4612 Ὅταν
3266 4556 3387 4631 εἴπῃ
3434 4558 3546 4630 (8‘2)
3604 4564 3805 4635 Σοφο-

2135 4644 2270 4714 νίας,
2305 4643 2380 4706 ὡς
2410 4644 2554 4720 παρὰ
2582 4648 2679 4699 τοῦ
2711 4648 2843 4699 Θευῦ
2876 4644 3047 4721 λέγων
3080 4644 3423 4721 ὠργισμένου
3481 4644 3572 4700 καὶ
3621 4646 3807 4721 χαλεο

2136 4732 2438 4789 παίνοντος.
2495 4733 2857 4809 Ἐξερημώσω
2918 4734 3013 4795 τὰς
3074 4731 3237 4795 ὁδοὺς
3302 4733 3473 4789 αὐτῶν
3547 4735 3613 4789 τὸ
3689 4735 3809 4790 πάι

2077 4915 2099 4952 ἰ
2126 4920 2151 4969 Ι
2182 4916 2323 4988 Reg.
2371 4930 2485 4981 XVI,
2529 4914 2621 4969 23.
2698 4915 2720 4950 ⁵
2749 4916 2862 4971 Isa.
2911 4932 3077 4984 xxxv,
3110 4917 3160 4970 3.
3238 4917 3259 4952 °
3302 4915 3452 4971 Psal.
3505 4934 3701 4989 LXXVI,
3736 4918 3801 4974 4.

2210 5170 2322 5242 (79)
2356 5164 2717 5245 Πγαρακαλῶν.
2758 5193 2785 5221 ‹‹
2820 5170 3185 5242 Consolatur,
3222 5196 3245 5225 η
3277 5171 3431 5245 quod
3463 5171 3676 5230 durius
3710 5175 3813 5231 vi-

2139 5242 2310 5297 detur
2341 5244 2408 5296 ad
2446 5244 2867 5313 metaphoram.

2209 5315 2319 5388 (βο)
2351 5314 2406 5365 '0
2437 5314 2610 5388 Deest
2642 5315 2700 5369 in
2732 5319 2909 5388 Ress-
2943 5333 2995 5370 ει-
3028 5317 3152 5371 bm-

2351 5382 2494 5457 Πρὸς
2525 5383 2746 5458 Κύριον.
2781 5382 3016 5443 ΙῑῖἿλΧΧ
3045 5389 3227 5445 deest.

2202 5454 2503 5534 (82)_"va
2556 5454 2699 5534 ιέξτῃ,
2749 5472 2853 5514 etc.
2906 5460 3544 5534 Billius,cpostquam
3597 5460 3807 5519 iratus

2135 5527 2584 5616 atquein‘fensus
2605 5527 2779 5616 Deus~
2781 5548 2882 5602 per
2899 5527 3255 5616 Sophoniam
3279 5533 3362 5615 sic
3383 5527 3620 5616 locutus
3638 5540 3809 5589 est...

2132 5599 2435 5729 Brigsnulla
2462 5601 2687 5691 ratione
2738 5599 3000 5677 Gregorii
3031 5604 3299 5678 phrasim
3330 5605 3571 5663 invertit
3601 5606 3813 5664 inter.

2176 5687 2289 5730 ΓΕΒ.
2504 5688 2507 5691 ’
3692 5690 3695 5693 “
