4138 6212
301 400 420 460 969

1196 390 1488 453 ORATIO
1532 388 1722 453 XVII.
1759 420 1837 435 —
1864 389 1967 451 AD
2013 390 2243 453 CIVES
2290 392 2863 455 NAZIANZENOB.

3595 395 3715 456 970

306 529 504 602 ράπαν,
576 528 675 580 τοῦ
737 526 810 596 μή
876 521 1158 577 διοδεύειν.
1225 522 1510 594 Ἐξὲλιπον
1571 524 1684 593 (83)
1745 523 1800 576 αἱ
1851 520 1949 575 πό-

2071 522 2429 594 indignantis
2487 542 2736 597 persona
2794 526 3042 596 loquens
3066 526 3414 581 1":Penitus
3469 526 3714 581 desectus

306 616 419 678 λεις
479 615 652 669 αὐτῶν
715 610 803 667 διὰ
867 613 929 667 τὸ
995 614 1069 685 μὴ
1129 612 1413 685 ὑπάρχειν,
1488 608 1629 682 μηδὲ
1686 616 1955 665 κατοικεῖ-

303 706 460 759 σθαι·
514 702 638 757 ὅταν
690 700 961 775 ἀπειλήσῃ
1007 702 1074 755 τὰ
1130 696 1556 777 φρικωδέστατα,
1610 698 1734 755 ὅταν
1789 719 1949 754 κατα-

304 788 447 867 ϐάλῃ
479 796 545 865 τῇ
579 790 780 863 ἀθυμίᾳ
809 792 943 863 (84),
978 788 1101 844 δτιον
1154 788 1312 865 ζόφον
1360 788 1653 863 ἐργάσηται
1701 789 1813 860 (85)
1863 783 1952 840 διὰ

302 888 401 950 τῆς
452 878 705 950 ἀπειλῆς,
758 878 912 940 εὐθὺς
961 876 1146 951 ἐπάγει
1192 877 1281 930 καὶ
1328 877 1391 930 τὸ
1438 883 1537 944 τῆς
1573 875 1948 950 χρηστοτέρας

194 976 201 981 ’
304 967 532 1030 ἐλπίδος
563 974 701 1046 φῶς,
732 967 819 1022 καὶ
851 966 1139 1021 ἀνακτᾶταί
1170 968 1280 1039 (86)
1316 985 1381 1037 με
1418 964 1634 1025 τούτοις
1683 970 1801 1025 τοῖς
1855 963 1948 1039 ῥή-

307 1076 481 1133 μασι·
538 1056 690 1126 Πλὴν
735 1060 895 1111 εἶπα·
945 1053 1209 1110 Φοϐεἷσθὲ
1263 1075 1347 1128 με,
1408 1053 1497 1107 καὶ
1553 1050 1767 1125 δέξασθε
1827 1072 1949 1106 παιο

304 1146 467 1217 δέίαν,
518 1148 605 1201 καὶ
658 1146 718 1201 οὗ
772 1147 847 1218 μὴ
901 1144 1321 1219 ἐξολοθρευθῆτε
1388 1142 1438 1213 ἐξ
1497 1141 1793 1219 ὀφθαλμῶν
1852 1140 1947 1195 αὖ·

300 1245 399 1306 τῆς
426 1259 437 1270 ·
471 1237 560 1290 καὶ
590 1232 666 1290 ἔτι
700 1232 1074 1312 φαιδροτέροις
1126 1233 1319 1309 μικρὸν
1363 1233 1570 1307 προϊὼν
1613 1233 1701 1284 καὶ
1752 1228 1943 1306 φιλαν-

304 1326 691 1401 θρωποτέροις’
742 1325 829 1378 Ἐν
883 1328 962 1393 τῷ
1016 1327 1190 1396 καιρῷ
1264 1320 1451 1392 ἐκείνῳ
1520 1321 1631 1394 ὲρεῖ
1705 1318 1942 1391 Κύριος·

303 1416 516 1490 Θάρσει,
595 1414 760 1485 Σιὼν,
841 1414 915 1483 μή
992 1410 1361 1485 παρείσθωσαν
1432 1409 1487 1462 αἱ
1564 1407 1745 1482 χεῖράς
1826 1428 1942 1479 σου,

301 1504 500 1577 Κύριος
544 1502 571 1555 ὁ
620 1501 751 1562 Θεός
805 1521 899 1554 σου
951 1499 1001 1553 ἐν
1049 1499 1155 1568 σοὶ,
1207 1497 1422 1559 δυνθνὸς
1481 1496 1645 1550 σῶσαί
1695 1498 1807 1567 (87)
1865 1513 1942 1549 σε’

299 1591 386 1645 καὶ
460 1590 637 1661 ἐπάξει
714 1588 801 1643 ἐπὶ
874 1590 930 1643 σὲ
997 1587 1354 1665 εὐφροσύνην,
1429 1585 1519 1639 καὶ
1577 1589 1771 1639 καινιεῖ
1828 1586 1943 1657 (88)

298 1701 355 1733 σε
421 1677 473 1733 ἐν
526 1681 593 1751 τῇ
651 1677 921 1753 ἀγαπήσει
984 1674 1168 1747 αὐτοῦ,
1227 1674 1316 1728 καὶ
1375 1674 1581 1743 συνάξει
1634 1671 1760 1734 τοὺς
1820 1692 1942 1726 συν-

296 1767 712 1843 τετριμμένους,
798 1766 887 1819 καὶ
978 1766 1136 1819 σώσει
1236 1762 1361 1825 τοὺς
1467 1761 1939 1834 ἐκπεπιεσμένους,

2058 614 2261 680 [udam
2292 615 2410 667 vias
2436 629 2647 680 eorum,
2692 619 2753 668 ut
2782 631 2894 669 non
2915 617 2987 670 sit
3008 616 3107 686 qui
3131 614 3509 686 ingrediatur.
3548 616 3711 681 Defe-

2057 704 2251 754 cerunt
2276 702 2521 758 civitates
2550 718 2763 768 eorum,
2804 714 2863 758 eo
2903 704 3048 773 quad
3078 702 3275 758 nullus
3322 703 3583 773 supersit.
3617 719 3715 759 nec

2057 788 2482 857 inhabitentur;
2509 798 2821 863 postquam
2853 792 3231 846 acerbissima
3250 806 3496 863 quaeque
3533 792 3716 847 mina-

2056 881 2157 932 tus
2187 881 2293 947 est,
2327 883 2637 950 postquam
2691 896 2925 934 summo
2991 896 3236 935 mmrore
3296 879 3522 934 animos
3577 896 3711 935 con-

2056 967 2357 1034 sternavit,
2388 983 2455 1023 ac
2486 968 2778 1023 minarum
2813 968 3124 1040 caliginem
3172 968 3401 1037 offudit,
3432 966 3556 1039 spei
3588 984 3708 1023 me-

2056 1053 2217 1110 lioris
2243 1054 2443 1110 lumen
2474 1057 2675 1111 statim
2700 1056 2946 1121 inducit,
2968 1070 3175 1127 meque
3206 1056 3545 1126 bujusmodi
3587 1073 3712 1113 ora-

2054 1142 2211 1198 tione
2243 1149 2466 1199 recreat
2519 1150 2575 1199 et
2598 1144 2825 1201 reﬁcit:
2866 1147 3246 1200 Verumtamen
3266 1145 3390 1200 dixi
3426 1163 3438 1200 :
3502 1147 3711 1201 Timete

2056 1248 2159 1295 me,
2191 1242 2245 1288 et
2274 1234 2501 1302 accipite
2533 1234 2919 1303 disciplinam,
2965 1242 3017 1287 et
3046 1249 3155 1289 non
3210 1233 3603 1304 disperdemini
3649 1234 3713 1291 de

2053 1321 2225 1374 oculis
2276 1322 2479 1391 ejus“.
2541 1321 2969 1392 Aliquantoque
3040 1321 3284 1376 ulterius
3338 1337 3711 1392 progressus,

2055 1408 2377 1464 lzetioribus
2408 1411 2599 1465 adhuc
2656 1410 3222 1481 humanioribusque
3268 1409 3459 1465 verbis
3504 1410 3710 1499 utitur,

2056 1499 2116 1551 In
2144 1501 2384 1568 tempore
2440 1498 2542 1554 illo
2571 1499 2713 1554 dicet
2762 1500 3033 1553 Dominus
3072 1516 3091 1553 :
3133 1501 3278 1554 Bono
3309 1500 3504 1553 animo
3549 1502 3661 1553 esto
3695 1498 3708 1555 ὲ

2052 1586 2198 1648 Sion,
2226 1603 2294 1642 ne
2324 1589 2679 1655 languescant
2706 1605 2903 1643 manus
2934 1596 3059 1643 tuae.
3094 1589 3356 1643 Dominus
3404 1588 3544 1643 Deus
3583 1592 3714 1643 tuus

2056 1677 2113 1729 in
2146 1680 2195 1730 te
2223 1680 2322 1741 est,
2356 1677 2452 1746 qui
2477 1680 2527 1731 te
2553 1676 2766 1731 salvam
2793 1678 2973 1747 facere
3014 1679 3219 1746 potest:
3250 1679 3299 1730 et
3348 1674 3569 1730 inducet
3616 1692 3707 1731 su-

2050 1779 2151 1832 per
2179 1772 2230 1819 te
2253 1764 2675 1833 iucunditatem.
2700 1774 2754 1821 et
2784 1765 3069 1820 innovabit
3127 1774 3179 1819 te
3204 1780 3305 1835 per
3361 1763 3709 1819 dilectionem

299 1857 387 1912 καὶ
470 1854 594 1911 τοὺς
673 1856 1029 1928 ἀπωσμένους
1108 1849 1414 1922 είσδὲξεται.
1496 1856 1671 1905 Ταὸτα
1746 1852 1833 1905 καὶ
1889 1852 1942 1905 οἱ

2071 1869 2223 1919 uam,
2255 1858 2309 1909 et
2364 1856 2628 1910 contritas
2684 1853 2929 1923 colliget,
2963 1858 3013 1910 et
3043 1869 3322 1924 oppressos
3352 1852 3607 1919 servabit,
3657 1862 3711 1909 et

302 1947 442 2020 ἅγιοι
475 1944 565 1998 καὶ
598 1944 649 1998 οἱ
688 1943 953 2018 λογισμοὶ
988 1941 1301 2017 βούλονται,
1349 1940 1437 1995 καὶ
1471 1942 1497 1995 ὁ
1549 1940 1682 2013 ἐμὸς
1730 1941 1943 1994 ἀπαιτεῖ

304 2032 489 2108 λόγος.
527 2030 701 2089 Ἀλλά
732 2029 944 2103 δέξασθε
978 2031 1178 2103 λόγους
1211 2032 1544 2107 φρονήσεως,
1577 2028 1652 2091 ὥς
1682 2031 1791 2101 (89)
1837 2050 1941 2106 φη-

303 2142 383 2175 σιν
437 2124 464 2175 ὁ
505 2123 648 2181 θεῖος
702 2118 995 2191 Σολομὼν,
1042 2116 1133 2173 ’ίνα
1188 2119 1263 2191 μὴ
1306 2117 1628 2190 ἐμπεσόντες
1660 2116 1735 2178 εἰς
1766 2120 1942 2171 κακῶν

310 2210 468 2283 βάθος
506 2210 955 2285 καταφρονήσητε
1003 2209 1135 2280 (90),
1188 2204 1327 2278 μηδὲ
1372 2206 1474 2260 ὑπὸ
1503 2213 1604 2275 τῆς
1638 2202 1773 2266 ἰδίας
1807 2198 1946 2276 ἀμα-

303 2297 417 2358 θίας
446 2300 559 2371 (91)
594 2294 807 2369 μᾶλλον
835 2296 869 2364 ἢ
901 2302 1002 2365 τῆς
1041 2293 1380 2369 κατιχούσης
1420 2291 1735 2369 δυσχερείας
1785 2313 1945 2347 κατα-

302 2394 529 2456 ποθῆτε.

375 2565 445 2620 Δ’.
523 2561 733 2624 Κύκλος
807 2561 889 2624 τίς
971 2560 1133 2634 ἐστιν,
1204 2558 1452 2639 ἀδελφοὶ,
1510 2564 1617 2615 τῶν
1679 2559 1947 2636 ἀνθρωπί-

300 2674 403 2707 νων
434 2655 549 2726 (92)
596 2652 957 2727 πραγμάτων,
1009 2651 1100 2705 καὶ
1148 2648 1391 2704 παιδεύει
1433 2648 1522 2704 διὰ
1551 2653 1659 2703 τῶν
1694 2648 1945 2703 ἐναντίων

304 2744 454 2814 ἡμᾶς
503 2744 530 2795 ὁ
572 2741 741 2803 Θεός’
793 2739 974 2816 ὥσπερ
1032 2742 1391 2810 συνεστήσατο
1436 2740 1503 2794 τὰ
1551 2739 1723 2794 πάντα
1770 2742 1948 2815 σοφῶς

303 2831 393 2885 καὶ
443 2826 754 2899 συνέδησεν,
803 2827 945 2882 οὕτω
989 2832 1168 2905 σοφῶς
1200 2827 1261 2881 τὸ
1292 2833 1394 2881 πᾶν
1428 2825 1685 2900 διεξάγων
1736 2825 1824 2879 καὶ
1856 2846 1949 2879 κυ-

304 2914 509 2995 ϐερνῶν
541 2923 656 2979 τοῖς
688 2917 989 2994 ἀνιφίκτοις
1020 2919 1133 2989 (93)
1173 2916 1338 2971 αὐτοῦ
1386 2916 1474 2970 καὶ
1526 2914 1949 2990 ἀνεξιχνιάστοις

304 3007 585 3082 κρίμασιν,
635 3004 686 3059 ἓν
749 3003 806 3059 δὲ
863 3011 977 3066 τοῖς
1025 3011 1153 3058 πᾶσι
1186 3004 1275 3057 καὶ
1305 3005 1371 3058 τὰ
1423 3006 1683 3077 ἡμέτερα.
1718 3003 1949 3057 Κίνεῖται

306 3096 407 3173 γὰρ
458 3098 588 3169 (94),
633 3093 708 3147 ’ίν’
756 3094 929 3155 οὕτως
979 3091 1114 3147 εἷ’πω
1164 3094 1225 3147 τὸ
1262 3099 1364 3146 πᾶν
1396 3093 1519 3169 περὶ
1549 3093 1639 3147 τὸν
1672 3093 1949 3162 ἀκίνητον,

308 3185 395 3240 καὶ
431 3183 739 3253 σαλεύεται,
771 3182 925 3257 λόγῳ
960 3182 1051 3254 μὲν
1086 3179 1342 3253 οὐδαμῶς
1387 3184 1496 3253 (95)
1546 3181 1598 3252 (ὁ
1646 3181 1747 3255 γὰρ
1795 3179 1951 3240 αὐτὸς

2052 1944 2247 2012 eiectos
2275 1942 2522 1998 admittet
2545 1944 2605 1998 ¹².
2639 1943 2767 1998 Haec
2796 1943 2984 1999 sancti
3018 1942 3147 2012 viri,
3184 1943 3303 1998 haec
3329 1943 3583 1998 rationes
3606 1958 3708 1998 vo-

2052 2029 2200 2098 lunt,
2230 2031 2351 2085 haec
2382 2048 2510 2087 mea
2542 2031 2801 2102 postulat
2830 2031 3035 2086 oratio.
3061 2031 3174 2086 Vos
3197 2037 3395 2087 autem
3423 2031 3707 2097 suscipite

2054 2132 2356 2175 sermones
2387 2120 2728 2190 prudentiae,
2754 2125 2818 2175 ut
2848 2124 2938 2175 est
2958 2121 3113 2191 apud
3145 2120 3515 2175 Salomonem
3542 2123 3604 2186 ³³,
3632 2133 3704 2174 ne

2054 2209 2290 2262 tandem
2322 2208 2379 2262 in
2412 2210 2768 2280 profundum
2824 2208 3112 2263 malorum
3146 2208 3424 2280 prolapsi,
3451 2214 3708 2264 contem-

2057 2296 2232 2365 natis,
2266 2301 2440 2368 atque
2472 2298 2544 2352 ab
2572 2296 2866 2368 imperitia
2885 2301 3079 2352 vestra
3101 2297 3296 2367 potius
3319 2314 3495 2368 quam
3519 2314 3552 2351 a
3580 2312 3705 2351 mo-

2056 2384 2225 2441 lestia
2255 2389 2313 2441 et
2365 2385 2733 2452 difﬁcultate,
2764 2385 2825 2441 in
2860 2401 2978 2458 qua
3006 2402 3165 2441 nunc
3195 2385 3359 2450 estis,
3391 2386 3704 2441 absorbea-

2058 2474 2226 2529 mini.

2132 2563 2223 2617 IV.
2258 2563 2369 2619 Res
2400 2563 2694 2628 humanis,
2714 2563 2875 2620 velut
2894 2564 3053 2620 orbis
3075 2564 3335 2635 quidam,
3375 2562 3711 2631 volvuntur,

2059 2650 2289 2719 fratres,
2343 2668 2409 2707 ac
2440 2652 2592 2707 Deus
2625 2668 2725 2723 per
2755 2651 3046 2708 contraria
3088 2668 3193 2708 nos
3251 2651 3444 2707 erudit
3476 2669 3488 2707 :
3520 2656 3583 2706 ut
3617 2668 3709 2707 sa-

2060 2740 2283 2811 pienter
2340 2741 2539 2796 omnia
2592 2741 3037 2813 coagmentavit,
3098 2746 3156 2795 et
3230 2742 3398 2811 quasi
3460 2740 3711 2796 vinculis

2059 2829 2350 2893 astrinxit,
2401 2829 2451 2885 si
2510 2847 2623 2884 non
2657 2831 2868 2885 minori
2919 2830 3228 2901 sapientia,
3288 2828 3605 2885 inaccessis
3654 2833 3713 2884 et

2058 2918 2541 2974 inscrutabilibus
2564 2920 2718 2975 820
2740 2919 3003 2989 judiciis,
3026 2926 3153 2973 tum
3180 2919 3481 2974 univesam
3506 2935 3702 2973 rerum

2061 3008 2417 3073 machinam,
2441 3012 2567 3062 tum
2601 3023 2694 3063 res
2720 3024 2953 3079 quoque
2975 3012 3205 3063 nostras
3233 3008 3379 3077 regit
3398 3024 3464 3063 ac
3495 3006 3705 3078 guber-

2062 3102 2180 3150 nat.
2217 3097 2481 3151 Movetur
2505 3096 2683 3159 enim,
2718 3102 2783 3150 ut
2812 3098 2896 3151 sic
2927 3096 3144 3159 dicam,
3175 3112 3240 3150 ac
3297 3099 3539 3150 ﬂuctuat
3570 3095 3701 3149 uni-

2065 3184 2311 3240 versitas
2370 3202 2567 3239 rerum
2626 3185 2780 3240 circa
2835 3184 3223 3247 immobilem,
3266 3185 3420 3238 haud
3465 3185 3704 3255 quidem

309 3274 361 3329 ἰν
396 3280 552 3329 πᾶσιν
586 3272 751 3334 ἑστὼς
783 3272 872 3325 καὶ
902 3271 1175 3339 ἀκίνητος,
1205 3270 1301 3324 κᾶν
1356 3267 1619 3348 διαφεύγῃ
1665 3270 1763 3337 τὴν
1810 3271 1948 3341 ἡμε-

2071 3277 2354 3345 quantum
2387 3274 2457 3328 ad
2517 3274 2799 3329 rationem
2834 3276 2991 3343 (nam
3047 3290 3114 3328 ea
3168 3273 3297 3344 ipsa
3329 3273 3481 3327 inter
3509 3273 3709 3327 omnia

305 3362 461 3439 τέραν
516 3362 783 3416 ἀσθένειαν
844 3362 1001 3434 [96]),
1050 3365 1164 3421 τοῖς
1215 3356 1273 3413 δὲ
1320 3360 1435 3412 καθ’
1486 3358 1710 3428 ἑκάστην
1743 3358 1952 3433 ἡμέραν

317 3451 590 3506 ἀπαντῶσί
642 3471 702 3505 τε
751 3449 840 3504 καὶ
890 3447 1309 3522 συμπίπτουσιν.
1359 3447 1455 3501 Καὶ
1506 3448 1665 3501 τοῦτό
1706 3446 1816 3502 ἐστι
1866 3443 1955 3500 δό-

305 3562 423 3617 γμα
503 3545 635 3595 Θεοῦ
716 3538 946 3594 παλαιόν
1021 3558 1080 3592 τε
1154 3536 1243 3591 καὶ
1302 3537 1523 3611 πάγιον,
1582 3537 1770 3597 σκότος
1822 3536 1953 3589 εἷναι

307 3630 630 3705 ἀποκρυφήν
681 3630 843 3682 αὐτοῦ
886 3629 993 3703 πρὸ
1039 3631 1147 3680 τῶν
1184 3625 1467 3700 ἡμετέρων
1514 3623 1953 3702 ὀφθαλμῶν

306 3719 610 3795 κεχυμένον
638 3737 651 3749 °
697 3718 786 3771 καὶ
833 3717 900 3771 τὰ
944 3714 1129 3770 πολλά
1172 3716 1245 3787 μὴ
1278 3716 1605 3789 καθορᾶσθαι
1634 3720 1733 3782 τῆς
1792 3713 1955 3767 αὐτοῦ

312 3806 657 3880 διοικήσεως,
718 3805 864 3874 πλὴν
923 3806 1047 3860 ὅσον
1104 3804 1154 3859 ἐν
1215 3801 1479 3876 ἀμυδροῖς
1536 3802 1812 3877 αἰνίγμασι
1865 3804 1955 3858 καὶ

312 3898 681 3975 φαντάσμασιν
707 3914 719 3927 '
773 3895 878 3949 εἶ’τε
924 3896 1013 3949 τὸν
1058 3898 1223 3970 τῦφον
1253 3896 1414 3967 ἡμῶν
1446 3890 1856 3962 συστέλλοντος,
1886 3891 1955 3945 ’ἐν’

312 3984 544 4058 εἰδῶμεν
593 3987 656 4040 τὸ
709 3982 876 4057 μηδὲν
928 3979 1073 4045 ὄντες
1114 3983 1248 4055 πρὸς
1291 3982 1391 4050 τὴν
1443 3979 1706 4050 ἀληθινὴν
1766 3981 1952 4054 σοφίαν

311 4074 403 4129 καὶ
436 4075 677 4147 πρώτην,
714 4072 859 4128 ἀλλὰ
888 4073 1024 4147 πρὸς
1057 4071 1213 4126 αὐτὸν
1246 4070 1485 4143 νεύωμεν
1525 4070 1711 4143 μόνον,
1743 4069 1831 4123 καὶ
1866 4076 1957 4141 ζη-

309 4168 492 4237 τῶμεν
543 4162 622 4218 ἀεὶ
666 4168 783 4223 ταῖς
831 4161 1027 4216 ἐκεῖθεν
1082 4159 1270 4236 αὐγαῖς
1318 4158 1763 4235 ἐναστράπτεσθαι
1791 4180 1802 4191 ·
1850 4156 1955 4215 εἴτε

313 4250 404 4307 διὰ
448 4260 547 4322 τῆς
596 4248 911 4323 ἀνωμαλίας
957 4254 1065 4304 τῶν
1115 4249 1408 4323 ὁρωμένων
1442 4248 1529 4302 καὶ
1561 4247 1953 4323 περιτρεπομέ-

308 4364 417 4395 νων
481 4343 801 4417 μετάγοντος
853 4342 1001 4411 ἡμᾶς
1065 4337 1153 4393 ἐπὶ
1209 4338 1275 4392 τὰ
1330 4337 1536 4393 ἑστῶτα
1578 4338 1667 4391 καὶ
1704 4338 1952 4410 μένοντα.

311 4431 466 4498 Πλὴν
521 4428 673 4485 οὐδὲν
715 4428 993 4499 ἀκίνητον,
1043 4428 1173 4499 ὅπερ
1227 4424 1379 4504 ἔφην,
1410 4424 1536 4481 οὐδὲ
1567 4423 1798 4498 ὁμαλὸν,
1832 4424 1955 4482 οὐδὲ

307 4517 593 4594 αὔταρκες,
640 4515 764 4571 οὐδὲ
808 4516 884 4578 εἰς
933 4514 1091 4576 τέλος
1141 4510 1357 4588 ὅμοιον,
1404 4514 1527 4568 οὕτε
1568 4514 1631 4568 τὸ
1681 4513 1952 4588 εὐθυμεῖν,

2064 3361 2235 3417 ﬁrma
2266 3366 2324 3418 et
2352 3362 2675 3417 immobilis
2724 3366 2859 3427 stat,
2891 3361 3121 3416 etiamsi
3157 3367 3416 3417 nostram
3452 3360 3705 3416 infirmi-

2062 3456 2243 3507 tatem
2278 3456 2454 3522 atque
2484 3450 2813 3506 animorum
2846 3450 3263 3506 hebetudinem
3294 3450 3581 3522 effugiat),
3613 3468 3707 3506 ve-

2067 3556 2195 3596 rum
2228 3546 2515 3611 quantum
2575 3540 2645 3594 ad
2704 3556 2771 3595 ea
2818 3557 2943 3609 quis
3001 3538 3250 3610 singulis
3284 3539 3488 3593 diebus
3541 3539 3710 3594 nobis

2065 3633 2384 3682 occurrunt
2412 3634 2468 3682 et
2496 3628 2790 3683 eveniunt.
2822 3630 3010 3697 Atque
3044 3628 3148 3682 hoc
3201 3632 3369 3681 vetus
3413 3626 3711 3697 ﬁxumque
3790 3685 3794 3690 ,

2066 3717 2167 3772 Dei
2196 3718 2495 3772 decretum
2526 3722 2635 3781 est,
2669 3718 2939 3771 tenebras
2971 3715 3159 3771 oculis
3190 3715 3405 3770 nostris
3450 3715 3713 3785 undique

2066 3806 2303 3871 effusas,
2365 3805 2552 3876 ipsius
2610 3804 2921 3859 latibulum
2984 3820 3159 3858 esse:
3199 3803 3608 3874 permultaque
3649 3803 3710 3857 in

2064 3895 2253 3965 ipsius
2283 3893 2704 3965 gubernatione
2752 3894 2898 3947 hanc
2956 3892 3237 3947 rationem
3294 3892 3527 3959 habere,
3590 3896 3715 3947 uta

2066 3983 2254 4050 nobis,
2282 3982 2397 4036 nisi
2428 3981 2486 4036 in
2536 3981 2802 4036 obscuris
2832 3980 3241 4051 aenigmatibus
3272 3996 3337 4034 ac
3367 3978 3545 4034 veluti
3577 3995 3711 4050 spe-

2066 4071 2203 4126 ctris
2226 4070 2475 4143 perspici
2499 4075 2825 4142 nequeant;
2851 4069 2972 4125 sive
2993 4070 3101 4125 bac
3123 4069 3344 4124 ratione
3370 4069 3586 4123 fastum
3613 4085 3713 4124 no-

2068 4164 2254 4215 strum
2287 4164 2344 4215 et
2373 4158 2767 4231 arrogantiam
2798 4173 3061 4214 coercere
3091 4158 3248 4223 velit,
3307 4160 3370 4211 ut
3417 4156 3712 4228 intelliga-

2070 4264 2199 4304 mus
2226 4266 2334 4305 nos
2374 4248 2519 4303 nihil
2552 4265 2700 4316 esse,
2735 4248 2784 4303 si
2817 4264 2951 4303 cum
2986 4248 3175 4318 prima
3233 4245 3333 4301 illa
3359 4250 3415 4301 ct
3447 4260 3581 4301 vera
3611 4263 3705 4302 sa-

2066 4338 2695 4409 pientiaconferamur;
2712 4354 2959 4408 eamque
2976 4338 3047 4392 ob
3066 4354 3189 4392 rem
3213 4336 3283 4390 ad
3309 4336 3502 4407 ipsum
3525 4352 3709 4391 unum

2063 4428 2399 4497 tendamus,
2416 4444 2520 4483 nec
2543 4428 2868 4498 quidquam
2892 4427 3050 4482 aliud
3069 4442 3420 4497 quaeramus,
3447 4442 3625 4496 quam
3650 4429 3716 4481 ut

2067 4517 2558 4588 promanantibus
2585 4514 2748 4570 illinc
2778 4516 2959 4570 radiis
2991 4514 3408 4571 collustremur
3430 4532 3444 4577 ;
3470 4516 3589 4569 sive
3616 4530 3717 4585 per

307 4607 434 4664 οὔτε
464 4609 525 4661 τὸ
574 4607 819 4679 ἀθυμεῖν,
871 4604 933 4659 οὗ
980 4603 1244 4673 πλοῦτος,
1296 4602 1357 4657 οὐ
1399 4602 1575 4673 πενία,
1609 4602 1670 4656 οὗ
1702 4600 1955 4675 δύναμνς,

2071 4622 2270 4661 earum
2303 4621 2523 4673 rerum,
2557 4620 2682 4675 quae
2704 4603 2892 4660 oculis
2924 4608 3267 4670 cernuntur,
3291 4619 3357 4659 ac
3373 4602 3718 4658 conversoni

384 4769 426 4807 ¹⁰
455 4766 710 4839 Sophon.
744 4783 828 4834 ιιι,
860 4766 916 4822 6.
949 4766 990 4802 ¹¹
1024 4764 1167 4820 ibid.
1199 4765 1253 4819 7.
1290 4765 1334 4800 ¹²
1363 4764 1507 4819 ibid.
1540 4764 1609 4819 i6
1639 4780 1728 4835 sq.
1755 4765 1798 4800 ¹³
1831 4765 1992 4821 Prov.
2029 4783 2069 4833 ι,
2101 4767 2153 4819 3.

389 4927 503 4998 (83)
532 4922 842 4994 Ἐζὲλιπον,
874 4928 983 4979 etc.
1044 4923 1287 4998 Billius:
1324 4944 1368 4998 «_
1404 4928 1725 4998 Postquam
1778 4924 1964 4980 iratus

315 4995 489 5067 atque
521 4998 789 5052 infensus
815 5002 964 5051 Deus
988 5011 1089 5067 per
1113 4995 1471 5067 Sophoniam
1499 4996 1582 5051 sic
1600 4995 1831 5050 locutus
1854 5001 1961 5051 est.

315 5016 374 5055 at
420 5016 489 5052 ue
521 5016 789 5052 inlensus
815 5016 964 5051 ueus
1028 5016 1089 5050 er
1115 5016 1471 5067 Dopnonlam
1499 5016 1582 5051 διο
1601 5016 1831 5050 ιοσιιιιιε
1854 5016 1961 5051 est.

315 5093 343 5122 ‹‹
378 5016 486 5125 Illic
517 5068 680 5124 nulla
712 5069 933 5124 ratione
966 5016 1225 5139 (ξι-θεοιῆ
1246 5067 1506 5138 phrasim
1532 5068 1770 5122 invertit
1792 5067 1966 5123 inter-

355 5158 470 5197 1‘65.

313 5161 504 5284 Ρΐῗὲἀ)
636 5208 858 5284 ἀθυμίᾳ.
896 5211 958 5265 In
991 5208 1442 5284 pluribush'caic
1475 5206 1747 5284 ἀθυμίαις.

531 5277 885 5370 ;ξ’ρ·γάσηται.
915 5277 1556 5370 ἓοὼὶξθῆἇεῖργάσατο
1584 5277 1961 5370 [perperam].

386 5349 501 5426 (86)
531 5349 877 5405 Ἀνάκτᾶται.
915 5352 1053 5426 Reg.
1079 5351 1181 5426 hu,
1210 5349 1396 5426 012.2,
1426 5349 1524 5403 ἀνα
1555 5350 1820 5405 καλεῖται.

540 5428 738 5479 Σὰψῖῦίῖ.
804 5426 941 5497 Reg.
978 5421 1079 5497 hit),
1114 5423 1209 5477 ΟΡ.
1241 5426 1295 5491 2,
1331 5421 1511 5477 σώσει.

387 5494 500 5564 (88)
534 5500 755 5549 Καινιεῖ.
790 5494 972 5557 Οῐίὲ,
1006 5494 1322 5547 ἀνακαινιεῖ.

390 5570 502 5639 (89)
534 5569 651 5627 Ὦς.
687 5567 860 5622 Deest
891 5567 949 5621 in
982 5569 1155 5639 Begg.
1194 5564 1527 5639 a,pbm,AOr.
1561 5567 1615 5625 2,
1651 5571 1758 5617 etc.

391 5585 502 5639 (δυ)
535 5585 651 5627 νιις.
690 5585 860 5622 ueeSt
891 5585 949 5621 in
984 5585 1057 5622 ne
1102 5585 1155 5638 g.
1194 5585 1247 5633 a,
1281 5585 1400 5630 om,
1433 5585 1527 5619 ur.
1563 5585 1615 5625 ι,
1651 5585 1758 5617 CIC.

391 5642 505 5714 (90)
537 5640 1026 5714 Καταφρονήσητε.
1053 5585 1232 5714 Igegg.
1258 5636 1516 5714 bm_,__hu,
1572 5636 1965 5714 καταφρονῇςιε,

389 5705 506 5784 (91)
536 5705 816 5783 Ἀμασίας.
850 5705 1291 5780 ⁷0οωὺοῖζροπ
1335 5706 1521 5763 Eliam
1555 5705 1807 5779 prafe'rt,
1838 5705 1967 5760 ἀθυ-

605 5840 869 5902 Ρηιιοι..
901 5839 1013 5901 Gn.
1056 5836 1298 5901 XXXV.

2078 4922 2226 4996 μίας,
2254 4922 2607 4996 «Amolestia,
2642 4922 2823 4977 animi
2858 4922 3119 4996 dejectio.
3156 4944 3185 4973 »

2146 4997 2260 5069 (92)
2290 4992 2691 5069 Ἀνθρωπίνων.
2752 4996 2814 5049 In
2845 4995 3220 5069 quibusdam,
3254 4994 3559 5069 ἡμετέρων.

2144 5064 2259 5138 (93)
2292 5064 2785 5138 ίΙξοῖςάνεφικτοιςν
2827 5074 2937 5138 etc.
2996 5066 3233 5121 Dillius:
3294 5090 3321 5115 «
3361 5064 3723 5124 Ut'inacessa

2144 5086 2259 5138 (UO)
2302 5086 2415 5126 ιοις
2445 5086 2531 5119 ανε
2579 5086 2768 5129 ικτοις,
2827 5086 2937 5121 8L0.
2996 5086 3233 5121 υιιιιιιεξ
3294 5090 3321 5115 (ι
3362 5086 3431 5123 UL
3460 5086 3723 5124 “18.06888.

2075 5145 2216 5212 sunt
2268 5086 2691 5212 illiusjutIicia,
2712 5137 3070 5209 minimeque
3095 5138 3355 5194 humana
3385 5144 3577 5195 mente
3600 5156 3727 5212 per-

2075 5209 2348 5279 vestigari
2378 5218 2645 5279 possunt,
2682 5231 2709 5258 »
2743 5214 2851 5263 etc.

2148 5226 2217 5265 Βιι
2265 5227 2348 5263 an
2378 5226 2645 5279 possunt,
2682 5231 2709 5258 ›)
2743 5226 2851 5263 etc.

2148 5226 2260 5347 (ΟΒ
2292 5281 2529 5354 Κινεῖτοιι
2562 5280 2685 5354 γᾴρ.
2718 5280 2780 5335 In
2812 5280 3189 5354 quibusdam,
3221 5284 3446 5333 κινεῖται
3485 5281 3579 5354 μὶν
3602 5280 3723 5353 γάρ.

2169 5354 2259 5423 95)
2291 5348 2585 5423 Οὐδαμῶς(
2610 5348 2733 5407 Ι)υο
2782 5348 3018 5423 Οόἱειὶη.
3054 5348 3296 5423 addUnt,
3326 5348 3524 5422 τῷκαθ¹
3551 5348 3722 5421 ἡμᾶς.

2169 5358 2259 5423 95)
2291 5358 2572 5422 Οὐδαμῶς.
2611 5358 2733 5407 Duo
2782 5358 3018 5417 Coislin.
3054 5358 3296 5412 addunt,
3326 5358 3524 5422 τῷκαθ⁷
3551 5358 3722 5421 ἡμᾶς.

2147 5358 2259 5495 (96)
2294 5421 2560 5497 mucosum
2616 5423 2713 5497 τὴν
2770 5422 3061 5497 ἡμετέρωνΔ
3123 5422 3420 5479 ἀσθὶνιιαῑν.
3480 5424 3541 5478 In
3600 5424 3723 5492 qui-

2076 5491 2346 5570 buSdam,
2381 5491 2632 5570 Stemus)“.
2685 5491 2857 5570 Coisl.
2886 5491 3218 5570 1,ἀ²’σθησιν,
3259 5519 3277 5541 ι
3315 5510 3555 5570 sensum
3588 5491 3722 5548 nios-

2080 5574 2234 5621 trum
2267 5565 2504 5636 effugiat
2531 5565 2605 5632 ;'»
2641 5584 2765 5636 qnze
2797 5568 2991 5636 forsan
3026 5566 3279 5636 genuina
3304 5570 3393 5619 est
3422 5565 3612 5636 lectio,

2147 5632 2539 5710 (97)11ρδίτῶν
2573 5632 2854 5710 ἡμετερων
2906 5632 3224 5710 ὀφθαλμῶν,
3275 5637 3370 5691 Sic
3427 5637 3564 5707 Reg.
3599 5634 3720 5690 bm.

2081 5711 2138 5763 In
2173 5711 2291 5777 ed.,
2322 5706 2430 5781 πρὸ
2457 5712 2565 5761 τῶν
2592 5706 2887 5783 ὀφθαλμῶν
2917 5706 3023 5760 τῶν
3064 5706 3367 5777 ἡμετέρων.

3367 5836 3438 5896 31
