4138 6212
469 320 586 379 971

1724 318 1790 379 8.
1838 314 2208 380 GREGORII
2258 320 2654 382 THEOLOGI

3774 328 3892 390 972

471 453 746 522 subjecta:
776 454 933 514 sunt,
984 449 1465 516 inconstantiam,
1517 450 1587 504 ad
1623 464 1688 504 ea
1722 466 1847 521 quae
1890 451 2115 505 stabilia

2238 449 2337 504 οὐκ
2383 451 2647 524 ἀσθένεια,
2706 452 2767 507 οὐ
2820 454 3169 525 ταπεινότης,
3232 454 3293 510 οὐ
3360 454 3661 529 δυναστεία,
3713 458 3776 513 οὐ
3836 461 3892 513 τὸ

473 545 531 596 et
564 545 776 596 aeterna
807 542 964 609 sunt,
997 554 1285 595 revocare.
1320 541 1602 595 Caeterum
1636 537 1782 595 nihil
1807 538 2122 595 immotum

474 634 584 701 est,
612 634 678 685 ut
699 628 979 695 diximus,
1013 628 1157 683 nihil
1202 628 1447 701 planum
1500 634 1557 685 et
1613 628 1917 699 aequabile,
1948 635 2125 700 atque

472 720 532 775 in
560 720 733 776 ﬁnem
766 736 951 791 usque
983 719 1096 774 sibi
1122 718 1332 787 simile,
1372 736 1484 774 non
1507 718 1797 787 hilaritas,
1834 736 1947 774 non
1983 736 2125 774 nio:-

474 809 657 879 stitia,
694 825 807 864 non
867 825 1027 879 opes,
1088 825 1203 863 non
1236 813 1571 880 paupertas,
1603 825 1721 863 non
1792 807 1967 873 vires,
2006 824 2123 862 non

470 896 1403 967 infirmitas,nonhumilitas,non
1432 897 1708 967 potentia,
1733 914 1846 950 non
1872 913 2125 967 praesens

468 990 726 1059 tempus,
755 1004 868 1042 non
901 987 1187 1053 futurum,
1220 1003 1334 1040 non
1368 1003 1460 1040 res
1494 991 1727 1049 nostrae,
1748 1002 1861 1039 non
1897 984 2117 1050 alienaa,

471 1093 589 1132 non
622 1093 886 1148 parvum,
948 1092 1062 1131 non
1123 1079 1337 1145 majus,
1396 1091 1502 1129 nec
1534 1073 1788 1144 denique
1829 1073 2118 1144 quidquid

470 1165 661 1220 dicere
693 1164 989 1237 quispiam
1023 1165 1229 1235 possit.
1288 1165 1477 1232 Atque
1518 1162 1624 1217 hoc
1667 1178 1852 1216 unum
1897 1160 2122 1232 aequale

470 1253 899 1327 inaequabilitas
929 1254 1123 1321 habet,
1160 1268 1370 1323 nempe
1400 1250 1456 1305 in
1492 1251 1768 1305 omnibus
1797 1251 1969 1305 rebus
1996 1267 2121 1304 mu-

468 1345 769 1399 tationem.
803 1342 1013 1398 Omnia
1042 1341 1197 1396 enim
1233 1340 1397 1396 facile
1454 1340 1511 1394 in
1573 1340 1772 1395 orbem
1828 1339 2115 1405 feruntur,

2236 539 2427 613 παρὸν,
2481 539 2542 594 οὖ
2589 542 2650 595 τὸ
2705 539 2934 614 μέλλον,
2985 539 3046 596 οἵ)
3079 543 3141 598 τὸ
3173 543 3463 620 ἡμέτερον,
3497 545 3558 599 οὐ
3606 548 3670 601 τὸ
3712 546 3889 602 ἀλλό-

2233 648 2402 700 τριοι,
2439 628 2499 682 οὐ
2536 631 2749 706 μικρὸν,
2783 630 2844 686 οὐ
2881 637 3087 703 μεῖζον,
3113 632 3219 709 οὐχ
3251 632 3279 687 ὅ
3303 655 3354 689 τι
3389 635 3447 687 ἂν
3479 634 3621 689 εἶ’ποι
3653 658 3760 697 τις.
3796 638 3892 691 Καὶ

2232 720 2393 771 τοῦτο
2426 714 2537 771 ἴσον
2563 721 2596 787 ἡ
2629 720 2878 785 ἀνισότης
2919 718 3056 796 ἔχει,
3103 722 3201 790 τὴν
3256 723 3379 797 περὶ
3433 724 3606 777 πάντα
3664 720 3895 796 μεταϐο-

2236 803 2359 875 λήν.
2422 811 2735 882 Περιχωρεῖ
2791 810 2895 884 γὰρ
2935 810 3002 862 τὰ
3031 810 3204 864 πάντα
3236 807 3461 885 ῥᾳδίως,
3510 811 3598 865 καὶ
3636 833 3894 887 μεταχω-

2235 899 2336 965 ρεῖ,
2387 895 2475 948 καὶ
2524 897 2954 951 ἀντικαθίσταται
2980 917 2992 930 ·
3045 898 3119 960 ὡς
3169 897 3357 974 αὔραις
3389 902 3519 954 εἶναι
3552 900 3767 972 μᾶλλον
3803 923 3887 956 πι-

2232 982 2435 1037 στεύειν
2480 984 2569 1038 καὶ
2614 984 2899 1060 γράμμασι
2953 988 3068 1048 τοῖς
3117 990 3232 1042 καθ’
3276 987 3493 1053 ὕδατος,
3590 991 3888 1064 ἀνθρώπων

2233 1072 2519 1146 εὐημερίᾳ.
2572 1074 2669 1127 Καὶ
2717 1074 2909 1151 φθόνος
2964 1076 3058 1147 μὶν
3118 1076 3437 1151 εὐπραξίαν,
3502 1079 3786 1155 συμφορὰν
3844 1077 3897 1133 δὲ

2231 1157 2383 1222 ἔλεος
2434 1158 2683 1230 ’ίστησινο
2737 1165 2827 1217 καὶ
2876 1169 3036 1219 τοῦτο
3093 1170 3293 1243 σοφῶς,
3345 1165 3478 1221 κατά
3529 1188 3589 1241 γε
3632 1168 3725 1221 τὸν
3761 1164 3890 1239 ἐμόν

2232 1246 2414 1325 λόγον,
2444 1251 2532 1303 καὶ
2566 1252 2898 1325 θαυμασίως,
2925 1250 3019 1307 τίνα
3069 1255 3207 1325 μήτε
3254 1254 3315 1308 τὸ
3365 1254 3545 1330 ἀλγεῖν
3598 1255 3888 1330 ἀπαραμῦ-

2230 1338 2395 1408 θητον
2428 1337 2482 1411 ᾖ,
2519 1340 2657 1411 μήτε
2685 1341 2747 1394 τὸ
2780 1338 2833 1394 εὖ
2865 1343 3115 1417 πράττειν
3146 1339 3629 1418 ἀπαιδαγώγητον.

466 1438 642 1504 atque
672 1432 732 1487 in
763 1433 1061 1487 diversum
1096 1431 1369 1502 migrant,
1402 1429 1633 1499 sibique
1663 1427 1911 1482 invicem
1945 1428 2369 1494 adversantur;
2405 1434 2469 1483 ut
2492 1431 2678 1486 ventis
2702 1430 2907 1502 tutius,
2959 1436 3063 1487 aut
3112 1431 3320 1488 litteris
3369 1435 3426 1487 in
3458 1451 3610 1504 aqua
3647 1434 3887 1505 scriptis

466 1521 612 1577 ﬁdes
637 1520 836 1576 haberi
870 1536 1039 1591 posse
1069 1519 1353 1573 videatur.
1387 1518 1569 1587 quue
1602 1532 1728 1571 meo
1761 1515 1996 1586 quidem
2018 1515 2245 1586 judicio
2277 1518 2575 1589 sapienter
2612 1523 2668 1573 et
2698 1518 3065 1587 admiranda,
3116 1537 3189 1577 ne
3238 1520 3325 1577 vel
3376 1522 3700 1578 adversitas
3733 1524 3890 1579 sola-

466 1610 573 1677 tio,
605 1610 692 1665 vel
727 1609 1079 1683 prosperitas
1113 1609 1275 1663 freno
1307 1611 1364 1661 et
1393 1604 1707 1677 disciplina
1737 1608 1951 1660 careat.

542 1698 607 1752 V.
646 1698 970 1753 Prudenter
996 1714 1131 1752 vero
1165 1695 1247 1750 illi
1282 1695 1526 1760 faciunt,
1560 1694 1661 1764 qui
1692 1692 2115 1748 calamitatibui

2310 1694 2381 1747 E'.
2418 1692 2720 1769 Σωφρόνων
2770 1690 2827 1747 δὲ
2870 1691 3099 1765 ἀνδρῶν,
3154 1692 3345 1756 οἵτινες
3391 1693 3741 1750 παιδεύονται
3770 1702 3893 1758 ταῖς

466 1788 913 1853 erudiuntur,ac
926 1787 1065 1841 dum
1081 1784 1381 1852 illis,velut
1394 1800 1600 1837 aurum
1618 1782 2127 1853 igne,purgantur,

470 1876 809 1932 Davidicum
846 1875 991 1929 illud
1023 1875 1082 1928 in
1115 1890 1213 1928 ore
1245 1873 1500 1927 habent:
1538 1876 1756 1926 Bonum
1788 1871 1944 1936 mihi,
1996 1871 2128 1940 quia

468 1966 784 2021 humilium
812 1980 916 2031 me,
949 1966 1010 2018 ut
1039 1963 1255 2017 discam
1262 1960 1701 2030 justiﬁcationcs
1730 1964 1854 2013 tuas
1877 1960 1937 2012 1‘.
1964 1957 2126 2022 Quod

468 2054 739 2110 videlicet
796 2070 864 2109 ea
922 2068 1014 2107 res
1046 2049 1539 2122 justiﬁeationum
1604 2048 1696 2102 Dei
1731 2046 2125 2119 cognitionem

461 2144 672 2215 pariat,
706 2143 923 2214 quique
957 2146 1189 2196 Petrum
1213 2139 1547 2208 imitantur,
1578 2136 1897 2193 Salvatoris
1928 2152 2121 2207 opem,

464 2249 597 2287 cum
624 2233 747 2303 jam
782 2246 926 2302 pene
958 2228 1400 2301 mergeretur“,
1422 2226 1860 2297 implorantem:
1896 2225 1993 2295 qui
2026 2225 2122 2279 de-

462 2320 640 2391 nique
671 2321 743 2375 ob
771 2319 1031 2375 dolorem
1064 2319 1134 2373 ad
1171 2317 1353 2371 Deum
1389 2331 1518 2371 sese
1542 2314 1729 2385 magis
1762 2314 2120 2384 adjungunt,

467 2411 615 2466 32!
652 2427 717 2463 ac
749 2408 1165 2463 beneﬁciorum
1195 2405 1458 2461 omnium
1516 2409 1814 2458 auctorem
1848 2420 1948 2472 per
1972 2401 2122 2456 afﬂi-

469 2500 721 2555 etionem
737 2497 847 2551 sibi
869 2495 1204 2551 conciliant.
1230 2492 1722 2563 Quandoquidem
1747 2508 1899 2560 aegra
1927 2490 2124 2546 anima

474 2586 588 2641 Deo
623 2585 954 2656 propinqua
982 2589 1108 2643 est;
1144 2599 1209 2637 ac
1260 2581 1507 2651 penuria
1564 2580 1693 2650 ipsa
1723 2579 1920 2647 el'ﬂcit,
1956 2584 2019 2633 ut
2047 2580 2118 2633 ad

473 2675 681 2743 Deum,
717 2675 810 2742 qui
832 2672 1118 2742 largiendi
1140 2674 1486 2742 potestatem
1508 2668 1700 2733 habet,
1725 2668 2120 2739 nosmetipsos

474 2761 983 2832 conferamus,qui
1016 2760 1234 2830 alioqui
1259 2759 1510 2813 fortasse
1534 2758 1607 2811 ob
1630 2757 1873 2810 effusam
1906 2756 2117 2811 libera-

473 2851 696 2906 litatem
741 2849 1154 2905 contemnitur.
1210 2846 1507 2911 Quocirca,
1571 2846 1798 2915 fratres,
1834 2845 2117 2900 oculosin

474 2939 682 2996 caalum
714 2944 936 2994 erectos
968 2938 1312 3003 habeamus,
1346 2935 1404 2989 in
1439 2934 1597 2989 omni
1652 2938 1912 3005 tempore
1943 2937 2119 3004 atque

472 3029 631 3084 omni
663 3029 904 3084 adverso
936 3043 1132 3082 rerum
1165 3029 1371 3080 eventu
1402 3025 1615 3079 bonam
1650 3040 1810 3094 spem
1842 3024 2111 3094 praefera-

470 3134 820 3189 mus,neque
849 3116 935 3172 vel
966 3116 1026 3171 in
1058 3114 1349 3187 prosperis
1400 3114 1573 3168 rebus
1606 3113 1897 3181 timorem,
1932 3111 2018 3168 vel
2048 3113 2108 3167 in

468 3207 727 3262 adversis
760 3223 924 3279 spem
983 3205 1351 3275 abjiciamus.
1411 3203 1691 3257 Memores
1743 3201 1953 3267 simus,
1986 3206 2109 3257 tum

466 3299 834 3368 tempestatis
866 3296 923 3349 in
954 3293 1398 3364 tranquillitate,
1460 3296 1585 3345 tum
1617 3291 2025 3361 gubernatoris
2052 3291 2109 3344 in

462 3390 933 3458 tempestateznec
950 3385 1006 3438 in
1024 3381 1439 3438 afﬂictionibus
1454 3379 1793 3451 frangamur
1810 3378 2023 3433 animis
2046 3396 2112 3433 ac

472 3476 872 3542 debilitemur,
896 3488 1001 3527 nec
1043 3469 1344 3541 improbos
1402 3485 1599 3523 servos
1658 3468 1981 3531 imitemur,
2010 3471 2111 3539 qui

467 3562 1071 3633 conﬁtenturquidem
1090 3558 1333 3613 Domino
1347 3573 1480 3612 cum
1499 3555 2111 3625 benefaeiteis,verum

467 3654 655 3709 eidem
689 3650 1023 3722 corripienti
1058 3663 1425 3718 nequaquam
1459 3646 1583 3717 pari
1616 3644 1810 3699 studio
1832 3648 1886 3699 et
1906 3643 2110 3699 volun-

466 3746 588 3798 tate
614 3742 1051 3812 adjunguntur:
1085 3741 1434 3793 cumtamen
1457 3734 1751 3789 interdum
1777 3733 2024 3800 accidat,
2051 3736 2116 3788 ut

2238 1786 2562 1856 συμφοραῖς,
2621 1782 2709 1835 καὶ
2763 1782 2838 1843 ὡς
2904 1784 3104 1857 χρυσὸς
3156 1785 3286 1859 πυρὶ
3343 1784 3729 1859 καθαιρόμενοι
3780 1789 3895 1859 (98)

2590 1870 2819 1943 Ἀγαθόν
2871 1892 2984 1942 μοι,
3035 1870 3116 1926 δτι
3168 1871 3531 1934 ἐταπείνωσάς
3591 1894 3679 1946 με,

3459 1962 3533 2023 ὡς
3599 1963 3897 2031 τικτούσης

2241 1870 2530 1943 λέγουσιν·
2590 1870 2819 1943 Ἀγαθόν
2871 1892 2984 1942 μοι,
3035 1870 3116 1926 ὅτι
3168 1871 3531 1934 ἐταπείνωσάς
3591 1894 3679 1943 με,
3742 1874 3895 1935 ὅπως

2238 1956 2297 2011 ἂν
2356 1957 2507 2029 μάθω
2555 1959 2621 2012 τὰ
2679 1956 3022 2031 δικαιώματά
3078 1981 3173 2014 σου

2233 2052 2333 2114 τῆς
2397 2047 2769 2108 ταπεινώσεως
2817 2048 2879 2102 τὸ
2923 2052 3203 2122 γινώσκειν
3251 2050 3315 2103 τὰ
3364 2048 3728 2122 δικαιώματα.
3790 2052 3894 2106 Καὶ

2232 2135 2293 2188 τὸ
2340 2134 2437 2189 τοὺ
2484 2133 2689 2209 Πέτρου
2756 2135 3057 2212 πάσχουσιν
3120 2140 3213 2210 (ί),
3266 2137 3727 2212 ἰπικαλεσαμὲνου
3779 2128 3885 2209 τῆν

2236 2224 2505 2299 σωτηρίαν
2540 2222 2590 2278 ἐν
2625 2228 2700 2295 τῷ
2729 2223 2952 2296 μέλλειν
2981 2223 3371 2291 καταδύεσθαι·
3434 2228 3521 2282 καὶ
3568 2227 3782 2302 μᾶλλόν
3832 2251 3887 2284 τι

2234 2316 2629 2387 προσχωροῦσι
2652 2317 2765 2385 Θεῷ
2786 2315 2864 2386 (2)
2897 2310 2985 2368 διὰ
3013 2314 3074 2369 τὸ
3104 2312 3309 2390 ἀλγεῖν,
3341 2316 3431 2370 καὶ
3460 2318 3550 2371 τὸν
3586 2317 3888 2392 εὐεργέτην

2234 2398 2553 2455 οἶκειοῦνται
2605 2405 2679 2472 (3)
2734 2399 2821 2455 διὰ
2866 2405 2963 2471 τῆς
3015 2401 3275 2477 θλίψεως.
3332 2404 3552 2475 Ἐπειδὴ
3602 2408 3888 2478 κάμνουσα

2233 2494 2385 2565 ψυχὴ
2442 2491 2599 2567 ἐγγύς
2654 2491 2764 2547 ἐστι
2813 2498 2967 2565 Θεοῦ,
2999 2495 3088 2548 καὶ
3116 2496 3179 2549 τὸ
3210 2495 3434 2569 ’χρῄζειν
3467 2498 3543 2569 (4)
3576 2495 3892 2575 ἐπιστρέφει

2231 2581 2367 2653 πρὸς
2424 2580 2513 2633 τὸν
2557 2576 2741 2634 δοῦναι
2791 2578 3111 2653 δυνάμενον,
3160 2587 3237 2654 τῷ
3286 2584 3505 2661 ἀφθόνῳ
3545 2588 3642 2653 τῆς
3675 2582 3894 2661 δωρεᾶς

2229 2665 2399 2741 τυχὸν
2475 2668 2563 2721 καὶ
2628 2669 3151 2745 καταφρονούμενον.
3199 2674 3296 2726 Διὰ
3341 2677 3501 2727 τοῦτο
3554 2670 3664 2727 ἅνω
3711 2676 3891 2729 νεῦω-

2235 2776 2328 2826 μεν
2388 2759 2485 2828 (5),
2547 2754 2793 2833 ἀδελφοὶ,
2853 2757 2902 2811 ἐν
2962 2760 3119 2813 παντὶ
3178 2765 3351 2835 καιρῷ
3418 2761 3509 2815 καὶ
3565 2765 3887 2836 περιστάσει

2229 2842 2371 2916 πάσῃ
2418 2839 2825 2919 προϐαλώμεθα
2872 2848 2949 2919 (6)
3006 2849 3104 2915 τὴν
3156 2846 3331 2916 καλήν
3391 2847 3608 2922 ἐλπιδα,
3655 2853 3800 2921 μήτε
3835 2852 3892 2906 ὲν

2227 2937 2344 2994 ταῖς
2388 2932 2666 3004 εὐθυμίαις
2700 2930 3070 3008 ἀποϐάΛωμεν
3125 2936 3215 2991 τὸν
3249 2933 3435 3011 φόϐον,
3492 2941 3630 3011 μήτε
3662 2938 3711 2993 ἐν
3760 2948 3889 3003 τοῖς

2230 3019 2501 3097 λυπηροῖς
2530 3023 2592 3075 τὸ
2640 3018 2848 3078 εὔελπι.
2878 3026 3220 3097 Μνησθῶμεν
3252 3028 3342 3080 καὶ
3384 3026 3435 3082 ἐν
3470 3025 3622 3098 εὐδίᾳ
3651 3035 3749 3096 τῆς
3788 3032 3889 3098 ζά-

2223 3106 2347 3178 λης,
2398 3109 2487 3165 καὶ
2536 3109 2587 3164 ἐν
2638 3116 2873 3186 χειμῶνι
2919 3117 3016 3167 τοῦ
3058 3110 3426 3188 κυϐερνήτου·
3461 3113 3606 3170 ἀλλὰ
3641 3118 3716 3187 μὴ
3749 3124 3886 3179 ταῖς

2221 3198 2466 3271 Θλίψεσιν
2501 3198 2908 3274 ἐκκακήσωμεν,
2946 3200 3085 3274 μηδὲ
3114 3205 3397 3277 γενώμεθα
3427 3207 3500 3278 (7)
3535 3202 3727 3259 δοῦλοι
3779 3228 3889 3260 κα-

2221 3288 2332 3355 κοὶ,
2385 3287 2703 3363 ἀγαθόνοντι
2766 3290 2859 3361 μὲν
2913 3289 3407 3367 ἐξομολογούμενοι
3472 3297 3552 3363 τῷ
3606 3295 3889 3369 Δεσπότῃ,

2220 3375 2534 3431 παιδεύοντι
2584 3375 2642 3432 δὲ
2694 3380 2767 3450 μὴ
2818 3382 3269 3455 προπιθὲμενοι·
3322 3382 3501 3436 καίτοι
3532 3384 3663 3436 ποτὶ
3693 3385 3898 3457 κρείσ-

2223 3486 2330 3519 σων
2367 3465 2569 3539 ὑγιείας
2605 3469 2679 3537 (8)
2709 3465 2875 3528 πόνος
2908 3471 3005 3541 (9),
3064 3468 3154 3522 καὶ
3187 3469 3437 3543 ὑπομονὴ
3470 3473 3585 3543 (10)
3616 3471 3901 3539 ἀνέσεως,

2220 3553 2311 3608 καί
2344 3553 2619 3628 ἐπίσκεψις
2651 3554 2929 3627 ἀμελείας,
2961 3557 3051 3611 καὶ
3099 3557 3396 3636 ἐπιστροφὴ
3440 3562 3903 3635 συγχωρήσιως.

2224 3640 2378 3699 Εἴπω
2426 3643 2731 3717 συντόμως,
2785 3646 2925 3716 μήτε
2975 3643 3063 3700 διὰ
3107 3649 3204 3709 τὰς
3246 3648 3527 3723 συμφορὰς
3558 3648 3903 3723 πίπτωμεν,

2229 3733 2367 3803 μήτε
2398 3729 2487 3786 διὰ
2515 3733 2604 3786 τὸν
2634 3732 2793 3808 κόρον
2830 3728 3155 3808 ὑϐρίζωμεν.

467 3832 631 3887 dolor
659 3829 928 3893 sanitate,
961 3830 1018 3882 et
1066 3825 1346 3898 patientia
1376 3823 1723 3879 remissione
1764 3826 1938 3894 atque
1996 3820 2388 3894 indulgentia,
2450 3828 2506 3877 et
2577 3823 2837 3879 visitatio
2896 3825 3187 3897 neglectu,
3233 3832 3289 3882 et
3339 3826 3648 3898 castigatio
3708 3831 3918 3884 venia

469 3919 677 3975 melior
696 3918 773 3974 sit
802 3922 859 3973 et
882 3913 1285 3989 praestabilior.
1319 3917 1527 3984 Atque,
1562 3917 1626 3966 ut
1652 3928 1772 3967 rem
1801 3911 1859 3964 in
1891 3927 2076 3983 pauca
2105 3911 2421 3979 conferam,
2468 3912 2554 3967 sic
2585 3929 2691 3968 nos
2722 3914 3122 3983 instituamus,
3181 3920 3247 3970 ut
3312 3932 3414 3970 nec
3445 3922 3685 3987 prapter
3718 3922 3912 3973 cala-

464 4009 698 4064 mitates
726 4006 1128 4072 concidamus,
1160 4020 1265 4057 nec
1297 4005 1532 4073 prOpter
1560 4001 1933 4055 saturitatem
1966 3999 2279 4056 insolentia
2307 4002 2638 4056 eil‘eramur.

538 4096 634 4151 VI.
667 4095 1100 4151 Submittamus
1132 4109 1258 4160 nos,
1293 4098 1418 4145 tum
1453 4089 1583 4153 Deo,
1638 4093 1766 4143 tum
1816 4087 1917 4143 alii
1947 4089 2099 4159 aliis,

2284 4090 2345 4156 ζ’.
2403 4090 2857 4161 Ὑποτασσώμεθα
2927 4091 3018 4144 καὶ
3087 4096 3203 4162 Θεῷ
3276 4091 3365 4146 καὶ
3438 4088 3766 4163 ἀλλήλοις,
3810 4097 3922 4148 καὶ

464 4189 594 4241 tum
626 4183 698 4238 iis
729 4182 829 4253 qui
861 4182 1173 4253 imperium
1229 4178 1291 4233 in
1349 4185 1505 4233 terra
1561 4181 1806 4248 gerunt:
1840 4177 1953 4232 Deo
1977 4178 2106 4248 qui-

463 4274 620 4339 dem,
652 4271 930 4326 omnibus
977 4270 1047 4324 de
1078 4268 1292 4325 causis-
1324 4266 1424 4321 alii
1450 4270 1643 4321 autem
1671 4266 1822 4332 aliis,
1874 4271 2109 4336 propter

534 4452 581 4488 “
614 4448 761 4506 Psal.
794 4464 989 4517 cxvm,
1018 4448 1109 4502 74.
1145 4446 1188 4483 ¹⁵
1215 4445 1419 4501 Matth.
1451 4424 1565 4511 xxv,
1599 4443 1688 4498 30.

532 4637 643 4712 (98)
673 4636 1090 4712 Καθαιρόμενοι.
1151 4634 1245 4691 Sic
1304 4631 1477 4688 Coisl.
1513 4634 1563 4699 1,
1599 4631 1832 4703 aliique.
1894 4632 1957 4687 In
1991 4633 2109 4699 ed.,

461 4706 868 4798 καθαιρόμεναιζ
919 4706 926 4709 '
1609 4721 1612 4724 ’

540 4781 648 4798 [nm
708 4784 741 4798 Λ
918 4778 945 4798 Ἀ
1117 4777 1211 4798 νιλη
1305 4774 1366 4798 __\
1428 4771 1612 4798 1‘.--_...'.

536 4771 879 4863 (99')f01twc_
918 4778 1007 4863 liv“
1066 4777 1227 4863 (Letoia
1302 4774 1370 4863 τᾶι
1425 4771 1768 4845 δικαιώματά
1826 4794 1943 4829 σου.
2014 4774 2107 4830 Sic

462 4847 640 4908 Coisl.
663 4853 712 4918 1,
744 4853 799 4918 2,
834 4857 942 4907 etc.
968 4847 1189 4906 Desunt
1214 4849 1273 4902 in
1305 4847 1397 4902 ed.

535 4924 614 4995 (1)
648 4916 975 4997 Πάσχουσιν.
1009 4922 1097 4977 Sic
1128 4921 1311 4991 Regg.
1380 4934 1434 4982 a,
1468 4918 1588 4979 bm,
1624 4916 1796 4972 Coisl.
1845 4918 1900 4985 3,
1959 4918 2104 4986 Jes.,

463 4999 571 5051 etc.
599 4994 669 5049 'ln
702 4994 819 5067 edi,
850 4994 1154 5067 πάσχωσιν.

529 5068 607 5139 (2)
638 5065 737 5119 Καὶ
771 5059 999 5137 μᾶλλόῖ
1031 5084 1082 5117 τι
1140 5062 1527 5185 προσχΙωροῦσι
1586 5060 1720 5147 Θεῷ.
1783 5059 1875 5114 Sic
1925 5060 2104 5143 Regg.

548 5138 847 5185 hmanial-
880 5138 1105 5185 3-.les.-
1160 5140 1271 5185 etc.
1334 5149 1370 5184 n
1428 5131 1543 5185 ed..
1598 5149 1687 5182 και
1736 5149 2104 5185 ποοογωοωσι

459 5128 648 5205 8.,Ὴυ,
674 5128 847 5193 Οοὶἐὶ·
880 5140 933 5207 3,
963 5138 1106 5204 Jcs.,
1160 5128 1386 5189 etcfln'
1428 5131 1543 5200 ed.,
1598 5128 1687 5182 καὶ
1736 5128 2105 5204 προσχωρῶσι

462 5205 731 5263 μᾶλλόντι
765 5209 900 5263 Θεῶ.

504 5209 731 5262 ᾶλλόντι
765 5209 900 5262 Θεῶ.

461 5230 731 5280 μαΛΛοντι
765 5230 900 5278 σεῳ.

523 5282 601 5351 «3)
627 5280 986 5351 Οἷκειοῦνται.
1020 5277 1109 5330 Sic
1144 5276 1319 5345 chg.
1356 5272 1455 5341 hu,
1512 5270 1686 5327 Coisl.
1722 5274 1774 5339 2,
1807 5272 1949 5337 Jcs.,
1983 5277 2096 5327 ctc.

453 5355 519 5405 In
554 5349 622 5406 ed
634 5393 644 5406 .
656 5396 669 5418 ,
698 5349 1026 5403 οἰκειῶνται.

489 5423 599 5500 ,(4)
746 5421 996 5495 χρῄζειν.
1032 5420 1113 5472 lta
1158 5418 1296 5487 Reg.
1335 5433 1387 5481 a,
1425 5415 1541 5475 bm,
1575 5412 1717 5481 Jcs.,
1752 5416 1859 5467 etc.
1894 5419 1954 5467 In
1989 5415 2101 5482 ed.,

446 5490 537 5562 τῷ·
584 5490 842 5581 sane:
1438 5552 1451 5568 ,
1594 5550 1605 5568 ,

520 5510 598 5643 (ὦ
630 5566 778 5643 έναι
806 5561 1068 5643 sime.“-
1090 5566 1237 5643 με·
1264 5559 1395 5643 ,δαιν
1428 5571 1785 5643 meave-

541 5567 598 5633 5)
628 5567 775 5617 Ἀνω
806 5567 1068 5632 νεύωμεν.
1102 5567 1237 5630 Reg.
1276 5567 1395 5620 bm,
1428 5571 1785 5624 ανανιυωμεν.

518 5567 594 5703 ίὸ)
630 5628 1060 5705 Προϐαλώμεθα.
1090 5632 1228 5701 Reg.
1264 5630 1386 5695 bm,
1432 5618 1897 5699 προϐαλλώμεθα,
1932 5650 1961 5679 ι(
1998 5628 2101 5685 bo-

2216 4183 2335 4231 τοῖς
2369 4176 2455 4230 ἐπὶ
2487 4179 2591 4250 γῆς
2621 4177 2885 4253 ἄρχουσιν
2914 4197 2926 4210 ·
2961 4184 3076 4250 Θεῷ
3105 4177 3195 4234 διὰ
3235 4179 3425 4247 πάντα,
3480 4177 3569 4233 διὰ
3615 4182 3722 4248 τὴν
3767 4182 3927 4259 φιλο

2216 4263 2475 4342 αδελφίαν
2523 4264 2821 4339 ἀλλήλοις,
2854 4264 2923 4321 δι’
2967 4267 3208 4338 εὐταξίαν
3254 4274 3371 4330 τοῖς
3420 4266 3687 4343 ἄρχουσιν
3721 4289 3737 4301 ο
3816 4273 3928 4326 καὶ

2224 4649 2358 4688 nam
2393 4648 2556 4703 spem
2590 4634 2987 4704 praeferamus.
3016 4658 3042 4686 ››
3065 4639 3198 4701 Quae
3220 4638 3394 4693 verba
3414 4636 3785 4703 ostendunt,
3810 4656 3927 4694 vo-

2222 4720 2316 4759 ces
2349 4704 2477 4770 has,
2509 4704 2814 4782 περιστάσει
2855 4708 3032 4782 πάσῃ,
3064 4726 3179 4763 non
3216 4712 3309 4782 _de
3341 4730 3370 4758 «
3400 4708 3716 4782 opibus_et
3749 4729 3920 4782 pan.

2222 4782 2464 4851 pertate,
2498 4798 2524 4824 ››
2559 4776 2635 4851 de
2660 4799 2687 4825 ‹‹
2722 4776 2908 4851 gloria
2928 4776 3351 4851 etignominia,
3390 4801 3417 4828 ››
3440 4776 3515 4834 iit
3534 4779 3663 4833 vult
3690 4776 3916 4849 Eliens,

2221 4848 2318 4902 sed
2356 4850 2425 4901 de
2458 4870 2497 4918 ‹‹ν
2518 4848 2824 4917 quibusvis
2855 4848 3091 4906 casibus
3124 4848 3403 4918 adversis,
3443 4874 3469 4898 υ
3500 4868 3634 4905 esse
3662 4848 3927 4908 intelli-

2219 4920 2460 4997 gendas.
2481 4917 2573 4997 Sig
2591 4920 2744 4997 apud
2759 4920 3241 4997 Chrysostonium
3256 4925 3528 4997 frequens
3553 4920 3923 4997 haeciphra-

2219 4987 2320 5070 sis,
2343 4993 2458 5070 τοῖς
2477 4993 2589 5048 τοῖς
2685 4987 3017 5045 πειστάσεσιν
3039 4994 3155 5047 οὖσι
3184 4987 3565 5069 παρίστασθαι,
3618 5017 3646 5043 ι(
3679 4987 3781 5053 iis
3806 5000 3925 5070 qui

2219 5062 2477 5138 adversis
2507 5062 3420 5138 casibus_conﬂictanturpraesto
3452 5081 3605 5120 esse.
3644 5088 3670 5113 ››

2289 5134 2365 5211 (ἶ)
2394 5131 2718 5211 ,Γενώμεθαζ
2732 5134 2869 5211 Reg.
2899 5137 3045 5211 Dm.)
3079 5131 3378 5211 γινώμεθα.

2393 5202 2648 5289 ’λ’γιείας,
2684 5202 2976 5289 Βεβίρω,
3013 5202 3187 5289 ὖγεξίας

2288 5220 2364 5345 (r5)
2394 5220 2648 5289 ‘I’Yistac.
2684 5220 2821 5275 118g.
2857 5220 2976 5274 Dm,
3013 5220 3187 5281 ὑγείας

2309 5277 2365 5341 9)
2402 5280 2589 5349 llovoq.
2631 5277 2697 5349 In)
2724 5278 3013 5349 pluribus,
3047 5279 3225 5345 νόσος,
3262 5302 3289 5329 ‹‹
3324 5278 3589 5332 morbus.
3630 5299 3656 5323 υ

2290 5346 2722 5419 (10)Ὑπομονή.
2758 5371 2785 5398 ‹‹
2817 5346 3110 5406 Malorum
3146 5350 3474 5415 tolerantia,
3499 5349 3869 5419 patientia.
3905 5380 3932 5408 ι

2216 5418 2354 5499 Reg.
2395 5418 2815 5499 bm‘LQoisanA,
2847 5426 2904 5475 et
2930 5422 3417 5499 δεῇ-ὑπόμνησις.
3598 5419 3936 5499 Videntur

2215 5489 2427 5570 legisse
2458 5489 2663 5570 Billius
2694 5495 2753 5545 et
2779 5489 3233 5570 benvenklaius,
3266 5493 3366 5565 qui
3398 5491 3691 5563 reddunt,
3732 5519 3774 5547 α
3816 5502 3933 5557 εδ-

2217 5561 2481 5627 monitio,
2515 5561 2895 5619 submonitio.
2935 5588 2956 5615 ι
