4138 6212
295 390 408 456 973

1175 387 1464 450 ORATIO
1508 380 1922 450 XVll.—AD
1966 384 2192 446 CIVES
2239 383 2819 449 NAZIANZENOS.

3581 393 3701 455 9η

296 523 537 594 τοσούτῳ
590 520 828 595 μᾶλλον,
873 521 1084 595 ὅσῳπερ
1148 520 1208 574 ἃν
1272 522 1400 574 ὦσιν
1450 520 1792 594 ἡμερώτεροι
1850 517 1983 606 καὶ,

2077 519 2356 575 :haritatis
2388 521 2576 576 fcedus
2593 539 2605 589 ;
2625 521 2987 594 principibus
3011 524 3282 596 denique,
3300 531 3533 597 propter
3551 529 3707 583 ordi-

297 612 656 689 χρηστότερον.
708 612 842 685 (11).
903 611 1082 664 Δεινὸν
1153 609 1440 664 ἐπιείκειαν
1504 607 1805 678 δαπανῆσαι
1865 610 1943 678 τῷ

299 707 513 777 συνεχεῖ
542 708 638 770 τῆς
688 700 1036 775 συγγνώμης,
1080 697 1170 754 ’ίνα
1203 700 1278 771 μὴ
1309 699 1524 768 καὶτῆς
1554 697 1769 752 ἰκείνων
1817 716 1944 770 τρα-

301 790 538 866 χύτητος
598 791 711 862 (12)
773 788 926 843 αὐτοὶ
985 785 1132 849 δίκας
1209 787 1616 859 ἆπαιτηθῶμεν,
1693 783 1941 860 γαλήνην

301 877 563 951 πνεύματι
615 877 892 942 λύσαντες,
941 879 1030 930 καὶ
1081 875 1218 953 φωτὶ
1279 875 1439 953 ζόφον
1483 874 1796 950 ἔπάγοντες,
1855 870 1944 927 καί

309 966 484 1040 μέλιτι
529 966 953 1042 καταμιγνύντες
1011 967 1279 1040 ἀψινθιον.
1337 966 1489 1019 Ἒστι
1535 965 1625 1018 καὶ
1673 964 1829 1024 οὗτος
1871 962 1944 1024 εἷς

303 1061 407 1112 τῶν
440 1056 720 1132 ἡμετέρων
760 1056 966 1128 νόμων,
1023 1055 1113 1109 καὶ
1161 1055 1321 1116 οὗτος
1369 1058 1474 1108 τῶν
1521 1053 1949 1125 ἐπαινουμένων,

305 1146 392 1200 καὶ
423 1144 693 1200 κάλλιστα
723 1142 1156 1219 διατεταγμένων
1207 1149 1284 1215 τῷ
1333 1142 1625 1215 Πνεύματι,
1675 1141 1740 1197 τὸ
1789 1139 1946 1196 δυνα-

305 1235 393 1290 τὸν
431 1235 564 1308 μετὰ
610 1238 707 1288 τοῦ
755 1231 929 1288 καλοῦ
974 1231 1348 1306 δοκιμάσαντι,
1380 1233 1468 1286 καὶ
1500 1232 1948 1304 νομοθετήσαντι,

309 1323 485 1399 ὥσπερ
547 1320 778 1384 δούλους
831 1321 1116 1377 ὑπακούειν
1177 1318 1483 1390 δεσπόταις,
1539 1321 1628 1375 καὶ
1693 1325 1949 1394 γυναῖκας

309 1411 550 1488 ἀνδράσι,
607 1413 696 1466 καὶ
753 1411 934 1485 Κυρίῳ
989 1411 1086 1478 τήν
1150 1408 1500 1480 Ἐκκλησίαν,
1558 1408 1648 1463 καὶ
1709 1409 1951 1480 μαθητὰς

307 1502 529 1574 ποιμέσι
574 1500 663 1554 καὶ
713 1496 1101 1560 διδασκάλοις’
1153 1498 1296 1553 οὕτω
1346 1495 1402 1552 δὲ
1446 1497 1534 1552 καὶ
1579 1498 1774 1558 πάσαις
1805 1495 1952 1566 ἐξου-

308 1589 446 1651 σίαις
479 1587 870 1664 ὑπερεχούσαις
919 1587 1326 1658 ὑποτάσσεσθαι,
1379 1587 1441 1641 οὐ
1485 1585 1645 1659 μόνον
1706 1582 1796 1639 διὰ
1851 1587 1950 1655 τὴν

308 1680 492 1755 ὀργὴν,
544 1676 690 1733 ἀλλᾶ
737 1677 824 1731 καὶ
889 1673 977 1730 διὰ
1026 1677 1124 1744 τὴν
1174 1673 1501 1746 συνείδησιν,
1549 1675 1625 1737 ὡς
1673 1671 1954 1734 ὑποτελεῖς

309 1767 478 1846 φόρου
507 1765 880 1842 τυγχάνοντας
907 1784 921 1798 ο
954 1765 1042 1819 καὶ
1079 1766 1153 1838 μή
1183 1769 1612 1825 κακοποιοῦττας
1656 1767 1829 1834 μισεῖν
1860 1763 1952 1817 τὸν

307 1845 496 1928 νόμον,
552 1852 691 1928 μηδὲ
743 1855 1022 1926 ἀναμένειν
1063 1855 1162 1921 τὴν
1196 1853 1492 1927 μάχαιραν,
1523 1850 1668 1906 ἀλλά
1696 1856 1774 1922 τῷ
1800 1845 1955 1928 φόϐῳ

310 1945 734 2020 καθαιρομὲνους
767 1943 1092 1996 ἐπαινεῖσθαι
1129 1942 1231 1996 ὑπὸ
1258 1949 1359 2010 τῆς
1399 1940 1660 2010 ἐξουσίας.

2053 623 2186 662 nem
2219 608 2581 682 publicaeque
2610 610 2932 682 disciplina:
2972 614 3254 669 rationem
3287 640 3299 682 ;
3333 615 3509 686 idque
3540 621 3702 675 tanto

2052 697 2229 751 etiam
2267 697 2473 768 magis,
2506 704 2726 770 quanto
2762 701 3120 757 facilioribus
3156 703 3271 758 illis
3302 720 3366 759 ac
3399 705 3701 778 benignio-

2054 785 2219 840 ribus
2252 786 2493 841 utimur.
2517 787 2700 844 Grave
2724 805 2788 844 ac
2815 790 3209 862 periculosum
3231 797 3338 860 est,
3363 794 3702 866 ignoscendi

2055 874 2402 930 assiduitate
2433 874 2806 933 clementiam
2839 879 3166 948 exhaurire,
3220 897 3292 937 ne
3324 882 3543 954 alioqui
3576 883 3704 940 illo-

2058 978 2188 1017 rum
2221 963 2559 1020 acerbitatis
2589 982 2770 1037 pmnae
2797 983 2830 1021 a
2877 969 3048 1024 nobis
3083 975 3447 1042 expetantur,
3507 978 3571 1028 ut
3600 974 3701 1044 qui

2058 1052 2245 1107 ventis
2295 1052 2538 1108 invectis
2608 1055 3095 1125 tranquillitatem
3146 1059 3584 1128 sustulerimus,
3646 1067 3704 1118 et

2058 1139 2175 1195 luci
2207 1138 2517 1211 caliginem
2549 1142 2974 1212 induxerimus,
3028 1146 3304 1218 mellique
3335 1149 3699 1205 absinthium

2059 1229 2572 1286 admiscuerimus.
2622 1235 2752 1286 Jam
2785 1249 2919 1288 vero
2978 1233 3133 1289 inter
3180 1242 3417 1293 caeteras
3491 1244 3702 1295 nostris

2061 1317 2337 1373 doctrinae
2369 1319 2542 1389 leges,
2576 1319 2726 1375 hanc
2757 1337 2992 1393 quoque
3040 1321 3326 1381 habemus
3356 1327 3705 1397 cumprimis

2060 1405 2437 1478 laudandam,
2480 1413 2537 1464 et
2588 1425 2621 1463 a
2670 1410 2911 1480 Spiritu,
2962 1411 3062 1483 qui
3110 1412 3188 1480 id,
3247 1415 3400 1485 quod
3434 1420 3708 1486 praestare

2062 1511 2399 1566 possumus,
2424 1512 2558 1552 cum
2582 1513 2647 1551 eo
2670 1499 2824 1570 quod
2851 1498 3160 1571 pulchrum
3189 1511 3241 1558 et
3261 1502 3575 1560 honestum
3601 1513 3707 1572 est,

2062 1583 2400 1656 exploravit,
2433 1583 2677 1657 legeque
2718 1588 2929 1656 sanxit,
2984 1589 3257 1660 praeclare
3289 1593 3708 1662 constitutam;

2064 1689 2200 1744 qua,
2235 1677 2300 1729 ut
2329 1675 2479 1729 servi
2511 1674 2666 1730 heris
2700 1675 2825 1732 suis
2857 1677 2920 1745 ¹⁶,
2976 1682 3033 1732 et
3083 1695 3289 1734 uxores
3318 1680 3482 1746 viris,
3515 1687 3573 1736 et
3606 1688 3708 1737 Ec-

2064 1761 2244 1818 clesia
2273 1762 2522 1830 Christo,
2557 1768 2612 1818 et
2641 1764 2911 1835 discipuli
2946 1767 3247 1837 magistris
3278 1785 3345 1822 ac
3376 1772 3712 1840 pastoribus

2065 1851 2468 1922 obtemperare
2490 1853 2776 1922 jubentur
2799 1855 2863 1919 ιτ,
2883 1855 2963 1909 ita
2984 1856 3154 1911 nobis
3183 1859 3357 1912 etiam
3382 1861 3711 1930 pressorihi-

2065 1945 2178 2007 tur,
2214 1946 2278 1995 ut
2309 1941 2755 1996 sublimioribus
2791 1945 3177 2014 potestatibus
3227 1963 3561 2017 pareamus,
3596 1967 3712 2007 non

313 2035 498 2090 solum
533 2041 769 2106 propter
817 2033 986 2099 iram,
1047 2033 1149 2088 sed
1207 2033 1384 2087 etiam
1436 2041 1669 2103 propter
1723 2030 2140 2086 conscientiam
2201 2030 2263 2097 η,
2299 2035 2362 2084 ut
2419 2031 2514 2098 qui
2567 2032 2872 2102 pendendo
2921 2032 3138 2090 tributo
3193 2036 3382 2092 simus
3439 2039 3711 2111 obnoxii;

315 2140 420 2180 nec
449 2121 907 2189 committamus,
941 2127 1005 2176 ut
1034 2122 1108 2176 ob
1140 2121 1358 2176 scelera
1387 2125 1589 2175 nostra
1634 2119 1820 2191 legem
1870 2118 2000 2176 odio
2049 2118 2376 2173 habeamus
2407 2119 2470 2185 ι’,
2523 2136 2588 2174 ac
2630 2119 2920 2176 vindicem
2959 2121 3221 2194 gladium
3270 2132 3712 2200 exspectemus;

314 2211 452 2281 quin
475 2210 670 2282 potius
699 2209 756 2263 id
792 2224 1058 2280 agamus,
1093 2212 1157 2262 ut
1183 2223 1284 2278 per
1313 2209 1582 2263 timorem
1617 2205 1870 2278 purgati,
1901 2205 2134 2262 laudem
2171 2221 2204 2259 a
2225 2209 2513 2276 potestate
2535 2223 2989 2279 consequamur.

387 2301 453 2352 Z'.
489 2297 598 2353 Μία
625 2297 714 2351 καὶ
745 2298 778 2365 ἡ
812 2295 947 2363 αύτή
981 2295 1190 2367 στάθμη
1217 2312 1230 2326 ·
1261 2291 1405 2348 ἀλλά
1443 2290 1677 2348 φείδεται
1715 2293 1808 2366 μὲν
1860 2297 1956 2347 τοῦ

316 2387 502 2464 ὀρθοῦ,
551 2383 864 2461 περικόπτει
919 2381 978 2438 δὲ
1031 2384 1093 2437 τὸ
1141 2382 1533 2458 περιττόν.Εἶς
1563 2380 1762 2451 ἣλιος’
1814 2380 1961 2437 ἀλλὰ

317 2476 537 2553 φωτίζει
592 2475 687 2548 μὲν
731 2474 830 2543 την
885 2471 1223 2549 ὑγιαίνουσαν
1271 2465 1416 2545 ὄψιν,
1470 2471 1707 2546 ὀμαυροῖ
1757 2467 1814 2525 δὲ
1860 2471 1958 2538 τήν

315 2567 657 2630 ἀσθενοῦσαν.
723 2561 915 2617 Βούλει
963 2583 1014 2616 τι
1065 2560 1154 2616 καὶ
1197 2565 1304 2615 τῶν
1351 2560 1632 2636 ἡμετέρων
1665 2557 1800 2614 εἷ’πω
1832 2558 1961 2634 θαρ-

321 2654 489 2731 ῥήσας
515 2672 529 2722 ;
563 2653 652 2714 Εἷς
683 2651 911 2726 Χριστός
939 2670 950 2682 ·
983 2649 1110 2705 ἀλλ’
1159 2649 1232 2712 εἷς
1278 2654 1478 2704 πτῶσιν
1512 2654 1682 2704 κεῖται
1712 2649 1803 2703 καὶ
1835 2649 1961 2702 ἀνά-

321 2763 503 2798 στασιν
554 2744 704 2816 (l3)'
758 2745 963 2795 πτῶσιν
1028 2740 1120 2812 μὲν
1175 2744 1292 2801 τοῖς
1350 2738 1618 2808 ἀπίστοις,
1676 2738 1960 2791 ἀνάστασιν

323 2830 381 2888 δὶ
421 2836 539 2892 τοῖς
588 2828 897 2885 πιστεύουσι
926 2848 937 2860 °
989 2828 1078 2882 καὶ
1120 2833 1236 2889 τοῖς
1285 2828 1380 2900 μὲν
1413 2826 1522 2880 ἔστι
1575 2827 1744 2901 πὲτρα
1789 2846 1964 2901 προσ-

321 2920 631 2994 κόμματος,
683 2919 774 2974 καὶ
856 2918 1026 2992 πέτρα
1100 2919 1211 2989 (14)
1289 2913 1612 2987 σκανδάλου,
1687 2914 1806 2969 ὅσοι
1887 2915 1962 2987 μὴ

324 3007 348 3032 ”
662 3005 754 3062 ν’δὶ
897 3013 926 3024 “
1104 3004 1170 3060 ἀλ
1216 3007 1230 3027 ’
1275 3005 1298 3060 ἐ
1453 3005 1480 3059 ό
1612 3002 1640 3059 δ
1842 3002 1865 3038 ν’
1941 3036 1963 3044 -

322 3029 582 3086 εγνωσαν,
629 3029 691 3062 ου
796 3027 1051 3078 συνηκαν,
1180 3025 1210 3060 Α
1301 3027 1326 3059 ν
1386 3026 1450 3059 σκ
1483 3025 1561 3059 τει
1649 3024 1930 3079 ιαπορεδον

321 3119 433 3167 ται,
494 3094 599 3152 εἷ’τε
657 3094 910 3158 εἰδώλοις
969 3093 1378 3170 θρησκεύοντες,
1453 3090 1559 3148 εἷίτε
1639 3094 1803 3169 μέχρι
1868 3097 1966 3146 τοῦ

322 3187 646 3264 γράμματος
678 3179 1086 3251 διαϐλὲποντες,
1117 3183 1205 3238 καὶ
1248 3183 1377 3258 ὑπὲρ
1425 3186 1586 3238 τοῦτο
1635 3180 1965 3257 αύγασθῆναι

327 3279 468 3350 μήτε
515 3276 764 3336 θέλοντες
811 3274 944 3347 (15),
1000 3275 1138 3346 μήτε
1186 3270 1508 3348 ἰσχύοντες·
1557 3275 1675 3333 τοῖς
1723 3267 1780 3326 δὲ
1814 3269 1965 3333 λίθος

2138 2295 2292 2351 32‘!
2323 2294 2438 2350 VII.
2474 2295 2598 2351 Una
2630 2301 2802 2368 atque
2855 2299 3058 2355 eadem
3119 2306 3209 2356 est
3264 2301 3467 2374 regula
3503 2322 3516 2372 ;
3547 2309 3604 2360 et
3637 2309 3719 2362 ta-

2071 2400 2204 2439 men
2237 2389 2390 2439 recto
2425 2385 2628 2456 parcit,
2665 2387 2815 2457 quod
2849 2392 3044 2444 autem
3076 2390 3443 2462 superfluum
3487 2398 3592 2465 est,
3627 2409 3716 2450 re-

2071 2476 2246 2527 secat.
2278 2471 2442 2528 Unus
2467 2473 2667 2529 itidem
2702 2475 2788 2530 sol
2825 2493 2838 2531 :
2873 2482 2930 2531 et
2976 2481 3198 2550 tamen,
3231 2485 3297 2534 ut
3346 2481 3506 2536 sanis
3532 2483 3718 2540 oculis

2069 2559 2440 2632 splendorem
2472 2563 2660 2627 affert,
2682 2563 2763 2618 ita
2784 2580 2967 2635 egros
2987 2571 3045 2620 et
3067 2565 3390 2624 imbecilles
3419 2570 3716 2627 obscurat.

2073 2649 2174 2704 Vis
2203 2665 2273 2704 ex
2303 2655 2504 2705 nostra
2548 2651 2812 2706 doctrina
2861 2654 3162 2724 quidpiam
3216 2658 3493 2712 audacter
3523 2661 3716 2729 prole-

2072 2754 2196 2792 ram
2227 2740 2248 2791 Ρ
2278 2737 2441 2794 Unus
2471 2743 2562 2794 est
2581 2739 2848 2796 Christus
2883 2742 3072 2797 :idem
3104 2748 3301 2799 tamen
3327 2747 3383 2800 in
3412 2748 3643 2803 ruinam
3663 2754 3720 2804 et

2073 2827 2554 2883 resurrectionem
2590 2829 2817 2899 positus
2846 2835 2936 2885 est
2961 2832 3044 2898 ¹⁰-;
3076 2832 3135 2886 in
3169 2832 3400 2890 ruinam
3438 2835 3716 2892 nimirum

2074 2915 2414 2981 incredulis,
2449 2917 2504 2970 in
2529 2920 3012 2974 resurrectionem
3043 2927 3236 2976 autem
3261 2925 3676 2982 credentibbus
3701 2942 3715 2980 :

2075 3009 2133 3060 et
2162 3003 2293 3059 aliis
2324 3005 2563 3076 quidem
2595 3011 2758 3076 petra
2789 3008 3126 3065 offensionis
3147 3016 3254 3082 est,
3286 3012 3516 3084 aclapis
3548 3031 3716 3069 scan-

2076 3092 2194 3148 dali
2224 3093 2292 3160 ²¹,
2325 3092 2397 3148 iis
2429 3109 2654 3164 nempe,
2689 3095 2789 3166 qui
2822 3098 3155 3153 nescierunt
3185 3115 3372 3170 neque
3425 3102 3720 3158 intellexe-

2076 3187 2236 3249 runt,
2265 3199 2465 3238 verum
2500 3183 2559 3236 in
2599 3184 2858 3240 tenebris
2906 3185 3214 3242 ambulant
3265 3188 3348 3256 ’9;
3382 3189 3584 3260 quales
3635 3190 3722 3247 illi

2079 3275 2238 3337 sunt,
2271 3271 2372 3342 qui
2402 3270 2491 3326 vel
2525 3271 2696 3328 idolis
2728 3273 2954 3329 cultum
2987 3275 3291 3347 adhibent,
3325 3278 3411 3333 vel
3462 3279 3532 3333 ad
3565 3279 3718 3335 litte-

322 3367 739 3442 ἀκρογωνιαῶς,
810 3361 901 3417 καὶ
970 3361 1140 3438 πέτρα
1215 3360 1596 3433 ἐπαινουμένη,
1671 3358 1788 3415 ὅσοι
1843 3381 1964 3414 συν-

2078 3377 2200 3415 ram
2251 3377 2434 3430 usque
2482 3361 2766 3418 duntaxat
2815 3363 3203 3435 prospiciunt,
3258 3383 3360 3421 nec
3401 3368 3723 3438 quidquam

1151 3451 1164 3476 ἓ
1216 3451 1294 3476 1-ν
1328 3450 1381 3476 -..2

324 3452 650 3527 δεσμοῦνται
706 3453 785 3524 τῷ
845 3450 1021 3526 λόγῳ,
1077 3451 1167 3505 καὶ
1215 3451 1294 3505 ἐπ’
1325 3450 1492 3518 αὐτῆς
1549 3445 1839 3526 βεϐήκασιν
1875 3467 1888 3482 ⁸
1924 3447 1970 3502 εἰ

330 3541 522 3618 βούλει
553 3539 629 3614 δὲ,
663 3542 691 3595 6
726 3541 1065 3615 μαργαρίτης
1098 3539 1323 3610 ἐκεῖνος,
1366 3538 1422 3593 δν
1464 3540 1677 3592 πάντων
1731 3539 1802 3591 ὧν
1857 3535 1970 3612 ἔχει

328 3631 546 3686 ὠνεῖται
593 3633 619 3684 6
668 3629 837 3690 καλὸς
886 3628 1149 3703 ἔμπορος.
1201 3629 1388 3699 Ἡμεῖς
1431 3625 1488 3680 δὲ
1514 3626 1758 3680 τοιοῦτόν
1792 3647 1843 3680 τι
1876 3627 1974 3678 πά-

326 3740 559 3794 σχομεν,
603 3716 851 3793 ἀδελφοὶ,
906 3719 978 3790 μή
1028 3719 1094 3771 τὰ
1146 3717 1347 3770 ἑαυτῶν
1390 3716 1792 3789 κατορθοῦντες,
1829 3712 1974 3767 ἀλλὰ

328 3810 466 3880 πρὸς
515 3809 615 3875 τὴν
662 3806 899 3879 ἐξουσίαν
949 3803 1423 3880 δυσχεραίνοντες·

326 3897 552 3968 αἰτιῴτο
584 3899 696 3968 (16)
725 3895 815 3949 τὸν
848 3895 1188 3970 ἀγωνοθέτην
1225 3893 1297 3953 ὡς
1335 3893 1636 3966 μοχθηρὸν,
1686 3891 1845 3952 αὐτὸς
1896 3889 1975 3944 ἐκ.

326 3983 577 4040 παλαίων
605 4003 618 4015 ⁸
679 3985 711 4054 ἦ
768 3985 858 4038 τὸν
913 3984 1091 4059 λατρὸν
1147 3983 1219 4043 ὡς
1267 3983 1380 4054 (17)
1428 3980 1610 4052 ἀμαθῆ
1658 3980 1745 4033 καὶ
1779 3979 1971 4054 θρασὺν

1476 3802 1656 3877 ὥσπερ
1711 3803 1768 3855 ἂν
1817 3799 1870 3855 εἷ’
1891 3823 1971 3863 τις

326 4080 448 4137 ταῖς
477 4079 672 4146 τομαῖς
705 4073 794 4127 καὶ
823 4078 940 4134 ταῖς
980 4070 1194 4126 καύσεσι
1245 4069 1588 4145 κεχρημένον
1639 4069 1773 4141 (18),
1820 4068 1976 4130 αὐτὸς

327 4165 586 4239 πονήρως
617 4159 981 4234 διακείμενος,
1031 4159 1118 4214 καὶ
1167 4164 1273 4213 τῶν
1325 4158 1735 4233 αύστηροτέρων
1785 4154 1974 4229 δεόμε-

326 4273 424 4314 νος
455 4253 775 4329 φαρμάκων,
809 4248 989 4306 Ταῦτά
1023 4269 1115 4321 μοι
1147 4245 1284 4323 πρὸς
1331 4247 1456 4308 τοὺς
1507 4246 1848 4321 ἀρχομένους
1875 4265 1978 4299 πα-

331 4338 569 4414 ραμυθία
596 4358 654 4392 τε
684 4337 799 4409 ’ἅμα
828 4336 916 4391 καὶ
947 4335 1190 4390 νουθεσία
1215 4354 1226 4367 ·
1272 4340 1442 4389 ταῦτα
1471 4335 1498 4388 6
1546 4333 1805 4408 πενιχρὸς
1855 4354 1950 4387 ποι

337 4429 448 4502 μην
479 4427 809 4502 καταρτίζων
840 4427 904 4480 τὸ
938 4425 1129 4500 μικρὸν
1162 4445 1442 4497 ποιμνιον,
1476 4423 1521 4494 ᾦ
1559 4423 1809 4498 χαίροντι
1860 4443 1980 4476 συν-

335 4518 611 4589 ευθυμεῖν,
679 4514 768 4570 καὶ
812 4513 1251 4588 σκυθρωπάζοντι
1307 4515 1421 4587 (19)
1471 4511 1822 4580 συστενάζειν,
1880 4517 1981 4572 τῆς

335 4603 479 4678 ἰμῆς
510 4611 875 4678 ποιμαντικῆς
907 4604 936 4658 6
966 4605 1079 4675 (20)
1111 4602 1298 4676 νόμος.

2082 3457 2358 3519 praeterea
2389 3448 2717 3520 splendoris
2752 3451 2985 3506 haurire
3016 3453 3102 3507 vel
3150 3455 3414 3524 cupiunt,
3470 3457 3552 3510 vel
3593 3475 3725 3527 pos-

2081 3546 2221 3592 sunt
2255 3556 2267 3604 ;
2300 3538 2429 3592 aliis
2460 3545 2684 3606 contra,
2721 3540 2869 3611 lapis
2901 3541 3200 3611 angularia
3234 3546 3299 3607 ’3,
3333 3551 3386 3598 et
3416 3553 3577 3615 petra
3610 3548 3726 3600 lau-

2083 3628 2236 3691 data,
2270 3627 2341 3680 iis
2377 3627 2640 3682 videlicet
2670 3630 2768 3698 qui
2798 3631 2951 3684 verbi
2975 3632 3150 3684 divini
3181 3633 3412 3687 vinculo
3436 3638 3721 3688 constrin-

2082 3721 2320 3784 guntur,
2371 3715 2542 3785 eique
2583 3716 2872 3781 insident;
2909 3723 3027 3779 aut.
3061 3719 3107 3771 si
3163 3721 3362 3785 mavis,
3408 3723 3722 3790 margarita

2083 3803 2202 3870 illa,
2235 3820 2408 3872 quam
2443 3804 2632 3858 bonus
2665 3805 2987 3873 negotiator
3016 3810 3290 3862 omnibus
3323 3811 3442 3862 suis
3479 3811 3717 3864 laculla-

2082 3892 2240 3945 tibus
2269 3898 2596 3946 emercatur
2624 3894 2688 3945 9‘.
2722 3897 2792 3946 At
2841 3911 2964 3956 nos.
3017 3897 3242 3961 fratres,
3278 3898 3414 3951 dum
3464 3900 3719 3954 ol'ticiuxn

2082 3979 2195 4050 ipsi
2228 3979 2579 4045 deserentes,
2617 3981 2993 4052 magistratus
3019 3989 3358 4053 potestatem
3383 3986 3586 4056 iniquo
3605 3988 3727 4042 ani-

2087 4085 2181 4122 mo
2215 4068 2478 4135 ferimus,
2532 4069 2774 4139 perinde
2827 4069 3025 4141 utique
3079 4073 3347 4142 facimus,
3400 4091 3466 4128 ac
3514 4076 3727 4146 siquis

2086 4157 2422 4211 certaminis
2454 4159 2758 4228 praesidem
2810 4164 2874 4213 ut
2922 4160 3253 4230 improbum
3289 4169 3544 4227 accuset,
3593 4181 3728 4219 cum

2089 4247 2214 4317 ipse
2247 4247 2302 4299 in
2338 4246 2601 4317 palestraa
2637 4246 2791 4318 leges
2824 4257 3038 4317 peccet,
3071 4257 3172 4304 aut
3221 4254 3511 4307 medicum
3551 4261 3611 4307 ut
3643 4255 3733 4308 in-

2090 4335 2324 4389 doctum
2357 4341 2414 4389 et
2444 4335 2747 4406 audacem,
2781 4338 2934 4407 quod
2971 4340 3328 4395 sectionibus
3358 4347 3416 4396 et
3459 4342 3736 4397 cauteriis

2091 4427 2310 4489 utatur,
2345 4440 2476 4477 cum
2514 4423 2635 4494 ipse
2674 4425 2834 4496 gravi
2886 4428 3088 4482 morbo
3132 4428 3374 4496 laboret,
3425 4431 3736 4502 asperiori-

2092 4513 2320 4583 busque
2341 4511 2614 4567 remediis
2632 4513 2910 4585 indigeat.
2935 4519 3124 4587 Atque
3144 4517 3262 4572 haec
3286 4519 3426 4574 mihi
3446 4520 3515 4574 ad
3541 4519 3738 4575 subdi-

2016 4585 2061 4650 D
2093 4605 2201 4670 tos,
2241 4601 2450 4672 partim
2482 4602 2780 4671 monendi,
2814 4585 3390 4674 partim‘consolandi
3413 4609 3624 4680 gratia,
3654 4608 3742 4663 di-

335 4699 432 4751 cta
465 4695 585 4750 sint
611 4711 624 4749 :
651 4694 816 4765 mihi,
837 4694 1101 4766 inquam,
1135 4691 1375 4764 pauperi
1397 4690 1639 4762 pastori,
1666 4690 1765 4762 qui
1793 4707 2036 4762 parvum
2058 4689 2211 4745 hunc
2232 4705 2464 4762 gregem
2488 4707 2772 4762 compono
2810 4709 2876 4747 ac
2898 4692 3288 4762 instruo,cum
3313 4713 3428 4769 quo
3453 4699 3747 4770 gaudente

336 4783 618 4856 gaudere,
651 4787 708 4838 et
740 4787 1014 4838 moerente
1045 4781 1447 4854 ingemiscere,
1483 4778 1794 4852 pastoralis
1825 4795 1968 4834 meae
1998 4778 2144 4851 legis
2173 4777 2512 4851 praescripto
2534 4778 2767 4850 jubeor.

417 4943 460 5016 Ψ
489 4943 701 5016 Ερίιειεἐ
719 4959 798 5016 νι,
825 4945 893 5010 5;
918 4942 1039 5009 Col,
1072 4959 1156 5016 ιιι,
1177 4943 1322 5016 22._
1346 4943 1388 5016 ¹ξ¹
1411 4940 1583 4996 Hebr.
1616 4957 1738 5016 xui,
1772 4941 1858 5016 l'_7_.
1888 4940 1981 5016 __”

2077 4941 2394 5016 )m.xm_,A1.
2476 4940 2516 4976 ‘7
2548 4945 2729 4996 Amos
2757 4956 2813 5011 v,
2834 4943 2922 4997 10.
3000 4944 3048 4978 ²⁰
3078 4945 3380 5016 Luc.u,34.
3457 4947 3499 4981 ²¹
3540 4947 3562 5002 ι
3595 4947 3755 5004 Petr.

342 5031 409 5085 ιι,
442 5015 496 5069 8.
537 5013 554 5016 “
599 5015 646 5049 ³³
671 5013 824 5070 Psal.
860 5031 1043 5081 Lxxx1,
1072 5015 1126 5070 5.
1204 5015 1251 5049 ⁸³
1284 5013 1492 5086 Ephes.
1525 5029 1590 5079 ιι,
1614 5013 1703 5066 20.

569 5192 669 5270 Καὶ
699 5191 1086 5270 χρηστότεροι.
1112 5195 1244 5270 Hafc
1277 5194 1490 5270 desunt
1518 5190 1577 5270 i9
1610 5190 1768 5270 Reg._
1785 5190 1905 5270 bm:

428 5257 541 5338 (12)
589 5257 988 5348 Τραχύτητος.’
1027 5266 1267 5323 Coislin.
1322 5266 1372 5331 1,
1418 5267 1476 5319 et
1534 5257 1725 5331 Par.,'
1745 5257 2007 5334 θρασύτη-

351 5355 473 5403 τος,
507 5359 534 5386 ‹‹
570 5337 846 5393 audaciae.
881 5361 908 5390 ››

433 5401 536 5478 (13)
580 5406 675 5462 Καὶ
743 5408 1045 5464 ἀναστάσιν.
1111 5410 1251 5481 Reg.
1322 5407 1421 5462 bm
1487 5403 1577 5458 καὶ
1643 5401 1720 5462 εἰς
1787 5401 2010 5456 ἀνάστα-

361 5499 473 5534 σιν.

455 5550 543 5625 lg)
571 5548 765 5625 Πέτρα.
802 5552 978 5625 Regg.
1012 5571 1069 5623 a,
1099 5554 1220 5619 bm,
1256 5547 1447 5625 1_l00c,_
1469 5569 1496 5597 «
1528 5544 1701 5625 lapis;
1739 5568 1764 5625 ζ)

457 5613 545 5694 15)
601 5613 754 5692 Μήτι
807 5613 1076 5687 θὲλνοντεςί
1161 5613 1377 5696 Regius
1434 5620 1556 5675 bm.
1590 5613 1754 5688 ⁷μήτ’
1808 5613 2018 5680 ίθέλον-

359 5711 473 5756 τες.

1810 5012 1858 5046 ²⁴
1888 5010 2093 5068 Matth.
2124 5028 2250 5079 xm,
2284 5012 2371 5066 46.

2188 5189 2713 5268 (ςὸὶ-Αἱτιζρτοηείρ
2755 5192 2933 5266 Regg.
2967 5211 3021 5262 a,
3071 5196 3193 5266 bm,
3244 5197 3418 5254 Coisl.
3471 5198 3524 5268 l,
3557 5201 3615 5253 et
3644 5201 3762 5253 tres

2119 5259 2273 5317 Colb.
2314 5263 2374 5318 In
2409 5263 2524 5327 ed.,
2555 5259 2732 5331 αἰτιῶ.

2216 5335 2304 5406 17)
2334 5334 2443 5394 Ὡς.
2478 5333 2736 5406 SicReg.
2769 5334 2890 5389 bm.
2927 5340 3098 5393 Deest
3127 5339 3184 5394 in
3217 5341 3309 5398 ed.

2219 5403 2304 5484 ἓξ)
2337 5403 2708 5484 ιὲεχξημινργῖ
2746 5410 2913 5484 Deest
2944 5409 3004 5484 is
3035 5409 3212 5484 Ress-
3247 5432 3280 5468 ιι
3310 5421 3362 5468 ut
3398 5415 3514 5484 ωηο

2221 5479 2308 5549 19)
2337 5474 2812 5603 Σκυθίῶπάζοντι.
2846 5477 2940 5533 Sic
2973 5474 3235 5554 Reggj’a,
3271 5486 3384 5550 bm,
3444 5483 3558 5537 duo
3592 5474 3766 5535 Coisl.

2233 5553 2356 5603 tres
2387 5549 2480 5603 Col
2532 5589 2545 5602 .
2578 5553 2642 5602 In
2668 5548 2790 5603 ed..
2821 5550 3227 5603 σκυθοωπάῖον.

2126 5551 2186 5603 et
2206 5548 2356 5623 utres
2387 5548 2545 5623 Colb.
2578 5553 2642 5623 In
2668 5548 2790 5623 ed.,
2811 5548 3227 5623 Δσκυθρωτῖιιίζον.

2127 5689 2172 5746 ι,
2196 5619 2310 5692 (20)
2340 5620 2412 5675 Ὁ.
2449 5621 2541 5677 Sic
2589 5617 2853 5690 Coisl.],
2912 5617 2970 5679 et
2997 5617 3304 5682 tres'Colb.
3357 5624 3530 5682 Deest
3560 5621 3621 5680 in
3651 5617 3776 5678 edi-

2156 5706 2227 5746 1s.

2156 5706 2227 5747 18.
