4138 6212
456 354 573 414 975

1696 357 1763 416 S.
1811 354 2183 419 GBEGORH
2228 356 2622 420 THEOLOG’I

3734 364 3860 427 976

523 486 622 542 III.
656 485 802 554 Quid
835 490 1028 542 autem
1071 504 1193 557 vos,
1243 487 1535 560 principes
1577 492 1634 545 et
1669 489 1926 560 praefecti
1956 489 1983 544 ?
2011 490 2090 545 Ad

2280 491 2359 547 Η’.
2386 486 2443 542 Τί
2492 488 2549 545 δὶ
2598 491 2770 564 ὑμεῖς,
2823 493 2875 546 οἱ
2920 489 3168 549 δυνάσται
3218 494 3307 549 καὶ
3353 494 3649 571 ἄρχοντες
3714 498 3857 569 Ἤδη

449 593 553 632 vos
585 576 743 632 enim
765 577 892 648 jam
938 580 1141 633 nostra
1169 595 1231 634 se
1261 577 1546 635 convertit
1597 578 1782 636 oratio
1807 598 1823 649 ;
1856 596 1929 636 ne
1958 579 2097 635 alio-

454 668 555 741 qui
586 669 787 741 inique
814 670 1054 726 omnino
1084 671 1273 727 facere
1305 671 1623 739 videamur,
1646 679 1818 743 atque
1847 671 1942 726 his
1972 671 2097 742 qui-

452 758 606 814 dem.
642 775 771 830 quas
800 758 1061 830 ipsorum
1091 761 1269 814 ollicii
1300 766 1459 829 sunt,
1483 761 1748 826 suadere,
1770 766 1974 815 vestrae
1997 777 2098 815 au-

450 851 566 901 tem
600 846 870 918 dignitati
902 851 960 903 et
990 848 1257 919 potentias
1292 850 1515 915 cedere,
1549 850 1715 917 quasi
1746 848 1833 903 vel
1857 849 2097 920 pudore,

447 934 536 990 vel
569 939 748 1004 metu,
773 935 975 1002 libere,
1008 941 1074 991 ut
1101 936 1502 992 Christianum
1553 939 1736 1003 decet,
1792 936 1947 1007 loqui
1982 952 2097 991 non

448 1025 813 1093 audeamus;
847 1029 950 1080 aut
979 1024 1214 1080 illorum
1251 1025 1487 1098 quidem
1531 1024 1856 1081 commodis
1887 1042 2097 1081 consu-

444 1111 584 1183 lere,
615 1130 717 1169 vos
738 1117 935 1170 autem
967 1113 1282 1187 negligere,
1339 1131 1589 1187 quorum
1644 1132 1844 1171 curam
1877 1131 1942 1170 eo
1974 1132 2099 1170 ma-

443 1205 634 1276 jorem
668 1219 866 1276 gerere
894 1219 1001 1275 par
1031 1207 1138 1274 est,
1162 1205 1315 1275 quod
1339 1221 1406 1259 ea
1428 1222 1518 1261 res
1546 1203 1675 1276 plus
1703 1205 1762 1259 in
1789 1209 2099 1276 utramque

450 1297 673 1365 partem
707 1293 990 1349 momenti
1037 1292 1269 1361 habeat,
1332 1295 1635 1365 majorque
1687 1294 1821 1350 inde
1876 1292 2097 1349 utilitas

449 1386 778 1453 promanet,
810 1382 863 1439 si
889 1384 1191 1454 negotium
1224 1399 1498 1455 prospere
1548 1383 1914 1439 successerit.
1950 1382 2096 1439 Con-

450 1473 702 1526 trartum
733 1471 913 1538 enim,
944 1476 1072 1527 tum
1102 1488 1136 1528 a
1167 1472 1337 1527 nobis
1366 1472 1540 1540 absit,
1571 1476 1698 1527 tum
1735 1473 1805 1527 ab
1838 1472 2098 1527 oratione

450 1564 672 1626 nostra,
704 1561 853 1624 Quid
884 1561 1065 1633 igitur
1101 1561 1297 1616 dicitis
1319 1561 1346 1616 ?
1373 1561 1645 1631 Autquid
1669 1560 1821 1615 inter
1841 1577 1945 1615 nos
1966 1576 2099 1615 con-

449 1648 644 1704 venit?
670 1655 754 1704 An
776 1665 869 1705 me
890 1649 1069 1706 libere
1086 1651 1424 1721 loquentem
1448 1666 1611 1720 aequo
1635 1650 1831 1704 animo
1854 1647 2097 1704 feretis?

450 1737 595 1793 Nam
626 1754 728 1793 vos
757 1754 989 1808 quoque
1018 1737 1264 1808 imperio
1297 1754 1426 1793 meo
1457 1753 1523 1792 ac
1562 1736 1851 1793 thonolex
1879 1736 2096 1793 Christi

2207 580 2308 653 γὰρ
2357 578 2493 653 πρὸς
2542 580 2680 651 ὑμᾶς
2734 581 2759 635 5
2808 580 2980 655 λόγος
3035 583 3292 655 μέτεισιν,
3337 581 3430 638 ’ίνα
3473 587 3549 657 μὴ
3610 583 3858 658 δόξωμεν

2208 666 2382 735 πάντή
2433 670 2719 743 τυγχάνειν
2767 666 2966 736 ἄνισοι,
3015 671 3103 725 καὶ
3152 676 3268 734 τοῖς
3308 674 3406 745 μὲν
3434 676 3502 729 τὰ
3532 674 3715 729 εἰκότα
3744 678 3860 747 (21)

2206 762 2510 831 παραινεῖν,
2544 758 2694 829 ὑμῶν
2744 755 2802 812 δὲ
2830 758 2897 831 τῇ
2933 756 3211 830 δυναστείᾳ
3248 769 3627 837 παραχωρεῖν,
3676 763 3858 839 ὥσπερ

2205 843 2354 900 αίδοῖ
2393 847 2490 915 τὴν
2541 846 2677 901 κατὰ
2724 850 2950 923 Χριστὸν
2998 851 3157 922 ἡμῶν
3188 849 3517 926 ἐλευθερίαν,
3547 853 3582 921 ἢ
3618 850 3725 908 δέει
3770 853 3858 908 ἐκ·

2205 932 2481 996 κλίνοντες
2511 936 2657 1007 (22)·
2689 935 2723 1003 ἢ
2754 937 2993 1009 τῶνῗμὲν
3038 936 3295 1007 κήδεσθαι
3332 938 3569 1011 μᾶλλον,
3622 942 3775 1014 ὑμῶν
3810 940 3857 997 δ’

2206 1020 2451 1094 ἀμελεῖν,
2480 1023 2553 1076 ὧν
2588 1022 2676 1077 καὶ
2710 1021 2923 1095 μᾶλλον
2958 1025 3254 1102 φροντίζειν
3285 1025 3451 1097 ἄξιον,
3484 1025 3596 1101 ὅσῳ
3641 1030 3730 1083 καὶ
3781 1029 3858 1091 εἷς

2210 1110 2377 1183 μείζω
2425 1110 2659 1189 φέρουσα
2707 1115 2741 1182 ἡ
2795 1112 2937 1189 ῥοπὴ
2970 1114 3245 1191 ὁποτέρως
3275 1115 3333 1169 ἂν
3361 1112 3486 1191 ἔχῃ,
3518 1115 3606 1171 καί
3659 1117 3854 1173 πλεῖον

2203 1201 2266 1255 τὸ
2313 1201 2747 1276 κατορθούμενον
2774 1220 2785 1232 ·
2843 1203 2905 1257 τὸ
2952 1201 3055 1278 γάρ
3108 1202 3341 1259 ἐναντίον
3394 1205 3554 1276 ἀπείη
3597 1208 3729 1279 (23),
3759 1207 3856 1262 καὶ

2205 1292 2388 1362 ἡμῶν,
2437 1289 2527 1344 καὶ
2571 1295 2667 1345 τοῦ
2712 1289 2905 1365 λόγου.
2954 1292 3012 1345 Τί
3062 1292 3151 1347 οὗν
3184 1312 3352 1370 φατε;
3384 1294 3474 1349 καὶ
3502 1294 3553 1349 τί
3585 1292 3855 1369 διομολο-

2203 1378 2445 1454 γούμεθα
2491 1380 2628 1455 πρὸς
2678 1377 2998 1451 ἀλλήλους;
3047 1382 3190 1456 Ἀρα
3237 1379 3444 1455 δᾶεεσθε
3490 1384 3581 1437 σὺν
3635 1385 3855 1460 παρῥη-

2204 1467 2293 1537 σίᾳ
2317 1468 2407 1523 τὸν
2443 1467 2650 1542 λόγον;
2684 1468 2781 1523 Καὶ
2814 1469 2841 1522 ὁ
2887 1473 2985 1523 τοῦ
3035 1470 3265 1545 Χριστοῦ
3310 1471 3479 1543 νόμος
3531 1472 3853 1543 ὑποτίθησιν

2207 1555 2347 1628 ὑμᾶς
2374 1560 2443 1630 τῇ
2474 1556 2579 1630 ἐμῇ
2614 1554 2896 1629 δυναστείᾳ
2932 1558 3022 1612 καὶ
3070 1563 3149 1630 τῷ
3200 1558 3319 1632 ἰμῷ
3370 1560 3600 1635 βήματι.
3648 1566 3855 1636 Ἀρχοο

2209 1666 2301 1717 μεν
2334 1645 2437 1721 γὰρ
2466 1646 2555 1700 καὶ
2586 1645 2739 1702 αὐτοί
2767 1666 2779 1679 ·
2807 1649 3101 1722 προσθήσω
3133 1645 3213 1717 δὶ,
3245 1648 3329 1702 ὅτι
3360 1649 3446 1704 καὶ
3496 1652 3594 1718 τήν
3628 1652 3855 1723 μείζονα

2202 1733 2293 1789 καὶ
2324 1733 2650 1808 τελεωτέραν
2682 1737 2858 1811 ἀρχήν
2891 1755 2903 1768 ⁸
2936 1737 2971 1805 ἢ
3005 1733 3088 1791 δεῖ
3111 1737 3176 1792 τὸ
3206 1735 3417 1810 πνεῦμα
3464 1741 3579 1812 (24)
3618 1740 3850 1815 ὑποχω-

450 1826 710 1896 subjicit.
762 1827 1080 1898 Imperium
1129 1826 1283 1882 enim
1310 1828 1465 1883 328
1515 1843 1621 1882 nos
1670 1842 1901 1897 quoque
1944 1824 2090 1899 geri-

2211 1829 2366 1900 ρῆσαι
2412 1826 2482 1896 τῇ
2531 1823 2708 1898 σαρκὶ,
2759 1823 2849 1877 καὶ
2894 1830 3011 1887 τοῖς
3043 1824 3255 1899 γηίνοις
3282 1826 3351 1880 τὰ
3379 1826 3691 1901 ἐπουράνια.
3748 1830 3851 1883 Δὲ-

452 1930 623 1982 mus;
650 1915 801 1970 addo
832 1915 1009 1971 etiam
1053 1917 1426 1988 prmetantius
1477 1933 1541 1971 ac
1591 1916 1904 1987 perfectius
1940 1932 1952 1970 :
1985 1914 2090 1972 nisi

2211 1913 2270 1986 ξῃ
2326 1913 2425 1980 τήν
2484 1912 2807 1987 παρῥησίαν,
2866 1910 2989 1983 οἷδ’,
3047 1915 3130 1968 ’ὁτι
3180 1909 3451 1989 πρόϐατον
3499 1915 3549 1970 εἴ
3743 1925 3851 1987 τῆς

453 2020 587 2059 vero
618 2020 853 2075 aequum
886 2004 963 2059 sit
991 2004 1260 2076 spiritum
1285 2005 1465 2073 carni,
1498 2009 1555 2060 et
1574 2003 1830 2061 coelestia
1851 2003 2098 2061 terrenis

451 2093 675 2148 cedere.
713 2094 868 2148 Hanc
899 2093 1126 2149 dicendi
1153 2092 1553 2149 libertatemin
1575 2097 1859 2166 optimam
1873 2100 2095 2165 partem

451 2180 719 2252 accipies,
753 2186 908 2238 certo
941 2184 1081 2249 scio,
1117 2189 1315 2254 utpote
1345 2199 1513 2238 sacra
1559 2184 1710 2239 sacri
1761 2184 1871 2238 mei
1905 2184 2098 2255 gregis

450 2270 592 2334 ovis,
612 2271 927 2342 magnique
956 2271 1214 2327 Pastoris
1233 2270 1493 2328 alumna.
1511 2278 1778 2343 recteque
1801 2275 1927 2343 jam
1957 2274 2097 2327 olim

450 2374 484 2414 α
513 2358 731 2429 Spiritu
764 2359 938 2415 ducta
958 2366 1016 2415 et
1032 2360 1324 2426 instituta,
1352 2365 1683 2431 sanctasque
1699 2366 1756 2416 et
1776 2361 1956 2416 beatas
1973 2360 2097 2415 Tri-

450 2446 654 2502 uitatis
682 2446 926 2515 lumine,
957 2465 1119 2520 teque
1148 2465 1213 2504 ac
1235 2465 1341 2503 nos
1362 2449 1496 2519 ipsi,
1522 2448 1878 2505 collustrata.
1904 2449 2102 2505 Proin-

451 2536 522 2592 de
552 2537 746 2593 brevis
781 2538 923 2592 mihi
956 2539 1029 2593 ad
1061 2543 1119 2593 te
1149 2538 1258 2593 erit
1288 2538 1493 2594 oratio.

526 2627 619 2683 IX.
653 2626 795 2682 Cum
842 2627 1071 2682 Christo
1110 2628 1423 2699 imperium
1473 2628 1649 2699 geris,
1682 2643 1814 2683 cum
1869 2627 2097 2685 Christo

450 2733 670 2773 munus
702 2717 811 2773 hoc
842 2718 1248 2775 administras.
1281 2719 1365 2774 Ab
1389 2719 1487 2775 illo
1510 2719 1770 2792 gladium
1800 2718 2096 2792 accepisti,

449 2821 564 2860 non
597 2810 719 2861 tam
754 2809 819 2861 ut
839 2822 905 2862 eo
938 2807 1143 2876 utaris,
1178 2824 1356 2878 quam
1391 2813 1453 2863 ut
1484 2808 1728 2864 mineris
1757 2825 1825 2865 ac
1855 2813 2094 2866 terreas.

448 2894 635 2960 Quare
664 2893 770 2949 tibi
803 2894 1119 2951 videndum
1148 2901 1259 2961 est,
1294 2902 1358 2952 ut
1387 2896 1577 2966 illum,
1601 2902 1883 2968 tanquam
1916 2899 2096 2954 dona-

448 2981 602 3037 rium
636 2983 890 3055 qoddam
937 3002 1151 3056 purum
1200 2990 1259 3041 et
1300 2986 1617 3058 integrum,
1664 2987 1737 3056 ei,
1783 2990 1885 3058 qui
1914 2988 2094 3059 dedit,

448 3087 661 3128 serves.
695 3072 894 3144 Imago
925 3073 1030 3129 Dei
1056 3090 1119 3129 es
1156 3091 1168 3129 :
1202 3091 1400 3129 verum
1434 3075 1535 3131 Dei
1590 3092 1821 3146 quoque
1856 3075 2095 3148 imagini

445 3159 700 3231 imperas
727 3186 740 3228 ;
772 3178 899 3233 qua;
930 3162 1168 3233 quidem
1204 3163 1295 3218 hic
1327 3170 1484 3218 certa
1513 3164 1952 3234 dispensatione
1980 3181 2091 3235 gu-

442 3230 745 3317 bernatur,
773 3230 843 3305 ad
877 3230 1049 3306 aliam
1084 3256 1279 3307 autem
1310 3256 1486 3306 vitam
1522 3230 1754 3323 migrat,
1808 3252 1879 3306 ad
1912 3230 2091 3323 quam
2122 3230 2166 3297 θ

447 3355 652 3395 omnes
682 3356 913 3411 quoque
935 3342 1736 3412 concedemus,posteaquam
1753 3340 1811 3394 in
1838 3340 1945 3395 hoc
1966 3340 2092 3397 vitea

447 3443 697 3495 carcere,
719 3428 807 3483 vel
824 3429 1035 3496 stadio,
1058 3428 1146 3484 vel
1172 3429 1643 3501 praesignatione,
1666 3428 1753 3482 vel
1777 3428 1843 3483 ad
1856 3429 2091 3484 umbra-

446 3518 624 3585 tione,
667 3517 1457 3590 aliquantisperluserimus.
1512 3517 1735 3573 Flectat
1786 3522 1840 3573 te
1870 3522 2093 3574 natum

449 3606 702 3679 cognitio
736 3627 749 3673 ς
787 3612 1013 3663 moveat
1042 3614 1095 3664 te
1126 3608 1422 3680 exemplar
1456 3612 1623 3663 tuum
1652 3609 1770 3675 ;'ad
1821 3608 2005 3664 Deum
2036 3611 2092 3665 te

448 3696 722 3767 adjunge,
750 3714 862 3751 non
899 3699 968 3753 ad
1002 3698 1207 3752 mundi
1252 3697 1614 3769 principem;
1649 3697 1720 3752 ad
1769 3697 2090 3769 benignum

445 3784 785 3857 Dominum,
811 3803 924 3841 non
950 3787 1021 3841 ad
1043 3787 1318 3842 acerbum
1337 3791 1671 3858 tyrannum.
1696 3786 1799 3841 Ille
1820 3786 2092 3842 homicida

448 3883 569 3931 erat
596 3876 663 3931 ab
694 3876 859 3931 initio
889 3876 954 3910 π·
990 3875 1112 3945 Ille,
1146 3880 1203 3932 et
1232 3876 1420 3947 primo
1443 3875 1667 3930 homini
1699 3892 1801 3946 per
1830 3875 2091 3932 mandati

448 3966 974 4036 transgressionem
1003 3966 1218 4020 vulnus
1247 3964 1477 4033 inﬂixit,
1505 3969 1562 4018 et
1592 3981 1980 4020 aerumnosam
2011 3967 2091 4020 vi-

447 4054 566 4106 tam
598 4052 834 4119 invexit,
865 4060 922 4108 et
951 4059 1078 4108 tum
1104 4053 1439 4117 inferendae,
1461 4057 1586 4106 tum
1619 4053 1940 4109 subeundae
1970 4070 2089 4125 pm-

445 4155 530 4192 naa
564 4138 750 4210 legem
783 4156 885 4211 per
907 4144 1203 4210 peccatum
1228 4140 1459 4195 induxit
1490 4142 1551 4194 ’⁸.
1586 4141 1716 4195 Tibi
1736 4141 2087 4206 vero,homo

440 4226 565 4297 Dei,
598 4227 656 4281 in
692 4232 941 4282 mentem
975 4229 1187 4296 veniat,
1209 4229 1344 4300 quis
1372 4234 1428 4284 te
1455 4229 1702 4296 ﬁnxerit,
1731 4246 1847 4301 quo
1867 4231 2088 4288 voceris

440 4318 583 4384 quot
611 4319 947 4386 quantaque
980 4318 1218 4384 habeas,
1244 4323 1385 4389 quot
1406 4317 1746 4373 nominibus
1768 4319 2085 4377 obstrictus

438 4402 542 4469 sis,
571 4420 603 4458 a
636 4419 750 4474 quo
782 4405 1090 4475 rationem,
1125 4406 1335 4478 legem,
1371 4406 1686 4477 prophetas
1716 4407 2027 4479 acceperis,
2051 4426 2087 4465 a

2206 2000 2341 2074 ἐμῆς
2385 2001 2647 2074 ποίμνης,
2695 2008 2794 2070 τῆς
2841 2002 2990 2077 ἱερᾶς
3036 2003 3205 2078 ἱερὸν,
3255 2004 3345 2058 καὶ
3377 2003 3594 2079 θρέμμα
3622 2010 3718 2060 τοῦ
3753 2028 3852 2079 με·

2206 2090 2384 2166 γάλου
2416 2092 2680 2163 Ηοιμένος
2711 2094 2844 2163 (26),
2875 2090 2966 2146 καί
2994 2089 3177 2154 καλῶς
3209 2089 3409 2156 ἄνωθεν
3453 2094 3697 2169 ἡγμὲνου
3747 2096 3854 2149 ὑπὸ

2205 2185 2302 2235 τοῦ
2354 2180 2686 2252 Πνεύματος,
2735 2179 2825 2235 καί
2850 2182 2931 2253 τῷ
2962 2181 3099 2258 φωτὶ
3129 2188 3230 2250 τῆς
3262 2182 3415 2258 ἁγίας
3441 2183 3532 2237 καὶ
3584 2183 3856 2259 μακαρίας

2206 2272 2317 2343 (27)
2351 2267 2585 2342 Τριάδος
2617 2269 2824 2342 ὁμοίως
2854 2272 2989 2342 ἡμῖν
3041 2267 3486 2343 ἆλλαμτιόμενον.
3541 2273 3641 2326 Διὰ
3688 2273 3855 2327 τοῦτό

2212 2379 2304 2431 μοι
2336 2359 2425 2413 καὶ
2460 2358 2667 2434 βραχὺς
2700 2359 2727 2413 ὁ
2758 2359 2894 2433 πρὸς
2924 2358 2981 2413 ai
3010 2356 3178 2434 λόγος
3208 2359 3299 2413 καὶ
3347 2359 3634 2432 σύντομος.

2279 2627 2351 2681 Θ’.
2386 2625 2600 2701 Χριστῷ
2629 2621 2936 2699 συνάρχεις,
2968 2625 3184 2699 Χριστῷ
3220 2624 3308 2680 καί
3485 2624 3813 2690 συνδιοικεῖς
3840 2649 3853 2661 ·

2205 2716 2331 2791 παρ’
2381 2713 2583 2769 ἐκείνου
2632 2734 2717 2768 σοι
2762 2714 2824 2767 τὸ
2873 2713 3045 2791 ξίφος,
3094 2712 3194 2768 οὐκ
3244 2715 3322 2777 εἷς
3370 2713 3553 2792 ἔργον,
3612 2716 3742 2771 ἀλλ’
3776 2718 3851 2779 εἷς

2207 2801 2437 2873 ἀπειλήν
2466 2822 2477 2834 ·
2512 2801 2541 2856 ὅ
2570 2802 2796 2875 καθαρὸν
2830 2802 3082 2875 ἀνάθημα
3124 2806 3203 2874 τῷ
3250 2800 3507 2859 δεδωκότι
3556 2803 3855 2881 φυλάσσοι·

2204 2914 2287 2949 το.
2337 2891 2511 2947 Είκὼν
2561 2893 2611 2946 εἴ
2653 2895 2749 2946 τοῦ
2798 2893 2911 2965 (29)
2960 2895 3095 2946 Θεοῦ
3126 2908 3139 2924 '
3184 2891 3274 2946 καὶ
3319 2892 3497 2948 εἰκόνα
3527 2891 3617 2948 διὰ
3661 2897 3851 2970 χειρός

2205 2983 2351 3057 ἄγεις
2401 2984 2536 3055 (30),
2588 2980 2812 3035 ἐνταῦθα
2859 2979 3356 3055 οἰκονομουμένην,
3401 2982 3489 3036 καὶ
3538 2984 3676 3058 πρὸς
3729 2984 3848 3058 βίον

2205 3069 2375 3126 ἄλλον
2448 3068 2856 3143 μεθισταμένην,
2917 3069 2995 3131 είς
3042 3069 3101 3124 ὅν
3151 3091 3345 3133 παντες
3405 3067 3846 3144 μεταϐησόμεθα,

2209 3160 2376 3235 μικρὰ
2427 3159 2703 3231 παίξαντες
2753 3157 2804 3212 ἐν
2847 3162 2925 3229 τῷ
2956 3164 3058 3227 τῆς
3091 3164 3235 3228 ζωῆς
3263 3158 3465 3231 τούτῳ,
3496 3157 3602 3214 εἷ’τε
3633 3157 3849 3232 δεσμωο

2203 3245 2403 3318 τηρίῳ,
2453 3241 2559 3299 είίτε
2605 3242 2826 3316 σταδίῳ,
2873 3241 2978 3299 εἷίτε
3047 3245 3490 3322 προχαράγματι,
3550 3244 3656 3301 εἴτε
3696 3249 3851 3302 σκιά-

2205 3356 2393 3407 σματι.
2422 3333 2665 3407 Τίμησον
2696 3334 2803 3402 τὴκ
2855 3331 3126 3411 συμφυΐαν
3150 3353 3162 3366 ο
3213 3332 3490 3405 αἲδὲσθητι
3517 3337 3580 3390 τὸ
3612 3336 3851 3412 ἀρχέτυο

2202 3446 2303 3479 πον
2331 3444 2342 3455 ·
2393 3428 2553 3499 γενοῦ
2604 3422 2738 3495 μετὰ
2783 3426 2880 3477 τοῦ
2928 3428 3085 3495 Θεοῦ,
3133 3425 3207 3496 μὴ
3238 3428 3334 3478 τοῦ
3362 3425 3848 3500 κοσμοκράτορος-

2207 3514 2340 3587 μετὰ
2383 3518 2481 3568 τοῦ
2530 3515 2777 3587 χρηστοῦ
2825 3514 2940 3585 (31)
2990 3508 3282 3584 Δεσπότου,
3347 3514 3422 3585 μὴ
3488 3518 3587 3568 τοῦ
3648 3520 3850 3589 πικροῦ

2200 3602 2483 3678 τυράννου.
2552 3602 2787 3663 Ἐκεῖνος
2855 3600 3296 3677 ἀνθρωποκτόνος
3350 3604 3415 3670 ἤν
3478 3602 3570 3656 ἀπ’
3620 3602 3847 3678 ἀρχῆς·

2202 3692 2405 3754 ἐκεῖνος
2442 3691 2530 3746 καὶ
2578 3690 2671 3745 τὸν
2719 3693 2934 3765 πρῶτον
2976 3688 3259 3765 ἄνθρωπον
3293 3687 3382 3744 διὰ
3424 3697 3525 3759 τῆς
3558 3698 3847 3766 παρακοῆς

2200 3781 2423 3854 ἔπληξε,
2471 3781 2561 3835 καὶ
2606 3781 2706 3849 τὴν
2761 3778 3061 3854 ἐπίμοχθον
3140 3780 3284 3848 ζωήν
3350 3778 3697 3856 ἐπεισήγαγε,
3754 3780 3846 3835 καὶ

2197 3872 2259 3927 τὸ
2306 3870 2578 3943 κολάζειν,
2626 3869 2716 3923 καὶ
2760 3869 2822 3922 τὸ
2885 3866 3210 3936 κολάζεσθαι
3258 3865 3347 3922 διὰ
3408 3870 3508 3935 τὴν
3573 3870 3844 3943 ἁμαρτίαν

2198 3960 2577 4033 ἆνομοθὲτησε.
2641 3956 2717 4011 Σὺ
2772 3955 2849 4029 δὲ,
2894 3957 3145 4030 ἄνθρωπε
3188 3960 3286 4010 τοῦ
3337 3961 3488 4026 Θεοῦ,
3568 3960 3849 4028 μνήσθητι

2196 4049 2344 4110 τίνος
2375 4050 2424 4103 εἴ
2451 4047 2687 4118 ποίημα,
2718 4045 2807 4099 καὶ
2837 4048 2944 4099 ποῦ
2991 4043 3160 4118 καλῇ,
3203 4044 3292 4099 καὶ
3340 4044 3479 4098 πόσα
3528 4043 3699 4119 ἔχεις,
3757 4047 3849 4101 καὶ

2196 4138 2362 4193 πόσον
2414 4133 2676 4213 ὀφείλεις,
2723 4133 2869 4209 παρὰ
2908 4132 3056 4194 τίνος
3105 4153 3190 4186 σοι
3242 4130 3432 4206 λόγος,
3480 4133 3655 4206 νόμος
3708 4137 3849 4207 (32),

2196 4228 2492 4304 προφῆται,
2544 4223 2673 4278 αὐτὸ
2721 4222 2785 4277 τὸ
2830 4219 3021 4276 είδὲναι
3072 4220 3201 4276 Θεὸν
3258 4221 3323 4276 τὸ
3384 4221 3459 4293 μή
3517 4221 3847 4293 ἀπελπίζειν

2195 4317 2260 4370 τὰ
2306 4312 2751 4391 προσδοκώμενα.
2801 4310 3048 4383 Μίμησαι
3100 4308 3189 4365 διὰ
3240 4314 3406 4364 ταῦτα
3452 4315 3589 4365 Θεοῦ
3649 4330 3849 4387 φιλαν-

2195 4403 2454 4480 θρωπίαν.
2501 4406 2669 4456 Τοῦτο
2719 4396 2834 4475 ἔχει
3051 4397 3288 4471 μάλιστα
3344 4404 3485 4463 θεῖον
3530 4401 3848 4474 ἄνθρωπος,

435 4506 550 4562 quo
581 4490 690 4547 hoc
719 4492 911 4563 ipsum
943 4495 1099 4565 quod
1122 4495 1306 4551 Deum
1329 4497 1654 4567 cognoscis,
1677 4496 1832 4566 quod
1855 4497 2080 4552 bonain

2211 4493 2252 4547 τὸ
2297 4492 2353 4547 εῦ
2399 4496 2597 4546 ποιεῖν.
2643 4488 2853 4562 Ἔξεστί
2886 4508 2968 4543 σοι
3001 4487 3129 4542 Θεὸν
3160 4487 3401 4563 γενέσθαι
3435 4486 3605 4561 μηδὲν
3669 4492 3846 4561 πονή-

432 4582 866 4652 exspectatione
901 4582 1093 4654 posita
1139 4600 1257 4640 non
1315 4585 1610 4654 desperas.
1662 4584 1945 4648 Quocirca
1972 4585 2074 4641 Dei

2211 4602 2333 4637 ἀντι
2363 4583 2474 4655 (34)
2499 4599 2511 4612 ³
2549 4580 2624 4653 μὴ
2658 4578 2799 4653 πρόῃ
2826 4578 2917 4633 τὸν
2946 4576 3132 4652 καιρὸν
3162 4583 3264 4647 τῆς
3313 4577 3581 4641 θεώσεως.

502 4723 549 4758 ³⁸
567 4723 735 4780 Joan.
768 4741 890 4791 VIII,
922 4727 1011 4782 44.
1088 4727 1133 4761 ²⁶
1155 4727 1295 4783 Gen.
1330 4744 1414 4794 ul,
1446 4728 1469 4781 1
1504 4743 1633 4799 sqq.

501 4840 613 4910 (21)
660 4840 733 4893 Τὰ
776 4840 974 4897 εἰκότα.
1026 4843 1233 4898 Billius
1267 4860 1280 4897 :
1319 4865 1347 4892 ‹‹
1380 4860 1508 4914 qua:
1566 4844 1625 4898 in
1697 4860 1819 4899 rem
1881 4846 2080 4902 futura

425 4911 567 4976 sint,
600 4932 629 4961 ››
658 4917 769 4967 etc.

496 4982 605 5053 (22)
666 4978 1054 5056 ’Exxlivowec.
1140 4985 1279 5056 Reg.
1340 5003 1393 5049 ιι,
1453 4981 1754 5051 κλίνοντες,
1824 5008 1853 5037 ι(
1897 4987 2069 5042 inﬂe-

424 5057 664 5109 ctentes.
697 5080 719 5108 ι
757 5055 961 5112 Billius
994 5075 1006 5111 :
1042 5080 1069 5106 «
1099 5055 1491 5112 Christianam
1542 5064 1801 5115 nostram
1833 5058 2067 5114 liberta-

421 5130 537 5181 tem
571 5127 964 5183 demittentes.
1001 5153 1022 5181 ι

490 5197 604 5337 (23)
637 5196 843 5267 Ἀπείη.
878 5199 1052 5254 Cois].
1090 5200 1137 5267 1,
1171 5196 1339 5252 ἀπίει.

514 5270 604 5337 24)
634 5269 700 5321 "il
733 5266 894 5322 δεῖτὸ
950 5272 1181 5337 πνεῦμα,
1239 5274 1339 5325 etc.

514 5266 604 5339 24)
634 5269 700 5321 Ἥ
733 5266 894 5322 δεῖτὸ
950 5266 1181 5339 πνεῦμα.
1239 5274 1346 5325 etc.
1409 5270 1583 5325 Cois].
1642 5274 1691 5327 1.
1752 5270 1794 5323 εί
1852 5267 1933 5322 δεῖ
1985 5273 2064 5339 τῷ

417 5338 682 5416 ⁸ξτνιεύμοιτιι
715 5338 1097 5416 ὑποχωρῆσαί
1121 5342 1220 5409 τήν
1272 5342 1460 5413 σάρκα,
1492 5340 1580 5393 καὶ
1636 5341 1703 5394 τὰ
1756 5343 1913 5416 γή-ινιε
1945 5344 2063 5416 τοῖς

416 5405 777 5484 ἐπουρανίοις,
812 5405 1300 5483 (Γεὶίιυὶᾶοῐηρον
1329 5405 1418 5467 est
1447 5405 1528 5467 tut
1577 5430 1710 5467 caro
1741 5405 1908 5467 cedat
1938 5413 2062 5484 spi-

414 5478 576 5549 ritui,
609 5486 665 5537 et
692 5478 921 5540 terrena
943 5478 1314 5540 coelestibus.
1355 5508 1375 5532 ιο

628 5552 706 5626 Εἴ.
740 5555 913 5611 Deest
939 5556 998 5611 in
1031 5557 1169 5626 Reg.
1195 5558 1326 5626 Abm.

466 5624 726 5746 ,ἓξὲξιΐοῦ
754 5626 1003 5699 μεγάλου
1035 5624 1326 5698 Ποῖμὲνος.
1381 5647 1401 5673 ι
1433 5624 1657 5679 Patrem
1708 5639 1882 5680 suum
1918 5648 1946 5674 ι)
1974 5625 2059 5681 in-

432 5704 638 5764 euigit.

2169 5553 2343 5608 homo
2373 5555 2444 5608 ad
2475 5553 2679 5618 Deum,

2260 4843 2370 4912 (27)
2405 4838 2501 4913 Καὶ
2537 4838 2963 4913 μακαρίαςᾘωο
2993 4838 3206 4913 desunt
3226 4838 3286 4893 in
3318 4838 3659 4911 Reg.bm,et
3691 4840 3844 4897 0r2.

2271 4910 2361 4980 28)
2394 4912 2514 4966 Καί.
2545 4910 2718 4967 Deest
2746 4912 2804 4965 in
2835 4915 2973 4980 Reg.
3007 4910 3128 4965 bm.

2271 4916 2339 4966 28
2394 4916 2514 4966 Καί.
2545 4916 2718 4967 Deest
2746 4916 2804 4965 in
2835 4916 2973 4980 Reg.
3007 4916 3128 4965 bm.

2249 4916 2361 5054 (29)
2394 4984 2523 5039 Τοῦ.
2558 4983 2731 5038 Deest
2763 4983 2821 5054 in
2853 4982 3033 5053 Regg.
3067 4997 3121 5047 a,
3148 4979 3269 5037 bm.

2248 5051 2361 5138 (30)
2392 5054 2493 5138 έιᾲ
2525 5053 2727 5138 ,χειρός
2777 5051 3025 5126 617m."-
3087 5057 3151 5106 In
3186 5068 3389 5119 manu,
3432 5051 3489 5107 in
3542 5057 3850 5123 potestate

2176 5126 2359 5182 habes
2390 5126 2493 5181 Dei
2522 5126 2862 5196 imaginem.
2900 5146 2927 5172 ››

2248 5197 2360 5269 (3i)
2392 5192 2676 5271 Χρηστοῦῖ
2700 5197 2793 5271 Cic
2825 5196 2942 5271 duo
2975 5192 3175 5271 Coisl.,
3224 5197 3347 5249 tres
3384 5195 3572 5262 Co,b.,
3622 5200 3681 5250 et
3736 5197 3843 5253 Or.

2173 5269 2225 5321 2.
2256 5265 2479 5335 Ἰηοόξ,
2512 5270 2763 5340 Χριστοῦ.
2806 5265 3181 5340 ¢_Chr_istum.
3216 5288 3242 5315 ››

2267 5340 2357 5414 32)
2390 5336 2588 5414 Λόγος,
2619 5338 2803 5411 νόμος.
2838 5338 2934 5393 Sic
2966 5338 3101 5408 Reg.
3135 5336 3257 5405 bm,
3290 5341 3349 5392 et
3395 5337 3489 5393 Or.
3516 5340 3551 5391 2
3583 5360 3612 5387 ‹‹
3649 5337 3847 5396 Evan-

2172 5410 2411 5481 gelium.
2447 5434 2476 5462 ››

2241 5483 2353 5552 (33)
2383 5486 2551 5560 T9530
2581 5477 2719 5556 ἕχει,
2752 5484 2859 5536 etc.
2895 5502 2931 5560 «_
2975 5476 3146 5560 Nulla
3190 5494 3262 5560 re.
3299 5479 3535 5551 propius
3589 5483 3835 5540 accedit

2238 5550 2343 5608 {mo
2373 5555 2444 5608 ad
2475 5550 2679 5618 Deum,
2706 5550 2889 5625 quam
2920 5550 3323 5606 beneficentia.
3361 5573 3383 5599 ι
3412 5550 3420 5551 '

2238 5625 2354 5694 (34)
2392 5627 2713 5695 Πονήσαντι.
2757 5625 2850 5681 Sic
2897 5622 3014 5678 duo
3061 5620 3300 5678 Colelin.
3376 5622 3438 5679 nl
3487 5622 3605 5691 ed.,
3638 5626 3831 5695 ποιήο

2167 5713 2337 5752 σαντι.
