4138 6212
313 374 435 437 ητη

1194 377 1490 441 ORATIO
1535 353 1948 442 XVII.4—AD
1994 379 2219 441 amns
2265 378 2839 440 NAZIANZENOS.

3602 373 3733 439 ΜΘ

315 507 743 564 humanitatem
776 512 832 564 et
852 508 1309 564 misericordiam
1345 510 1637 566 simulare.
1670 510 1823 565 Nihil
1856 515 1975 566 tam
2006 510 2271 565 divinum
2305 511 2477 565 homo
2509 509 2704 577 habet,
2736 525 2910 580 quam
2944 508 3363 581 benignitatem
3407 525 3471 564 ac
3502 508 3719 565 benefl-

317 596 592 652 centiam.
626 596 782 653 Licet
811 596 917 652 tibi
950 596 1110 651 nullo
1143 598 1341 653 labore
1376 599 1555 653 Deum
1588 598 1747 653 ﬁeri:
1784 599 1900 653 noli
1932 599 2256 655 divinitatis
2290 601 2711 669 consequendaa
2744 600 3102 653 occasionem
3157 598 3423 667 abjicere.

390 684 458 739 ιν.
518 681 721 738 Ἀλλοι
776 686 1039 759 χρήματα
1092 688 1357 750 κινοῦσιν,
1422 683 1585 740 ἄλλοι
1630 684 1828 760 σάρκας
1884 690 1963 757 τῷ

2154 688 2217 742 Χ.
2251 687 2359 742 Alii
2393 704 2532 759 opes
2563 705 2701 743 suas
2733 688 3059 757 effundunt,
3094 686 3188 742 alii
3222 688 3563 742 exhaustam
3603 705 3723 742 car-

312 771 600 844 πνεύματι,
653 771 743 827 καὶ
797 778 1109 846 νεκροῦνται
1159 777 1381 849 Χριστῷ
1432 776 1564 847 (35),
1614 774 1704 828 καὶ
1754 770 1963 847 κόσμου

2078 793 2206 832 nem
2242 777 2866 848 spirituimaneipant,
2920 793 2984 831 ac
3002 776 3722 848 PropterChristumemo-

308 860 595 922 παντελῶς
650 861 1075 916 ἀπανίστανται’
1128 860 1293 917 ἄλλοι
1353 864 1660 938 καθιεροῦσι
1728 868 1843 934 Θεῷ
1898 864 1963 918 τὰ

2075 866 2331 929 riuntur,
2357 872 2533 937 atque
2562 866 2800 921 omnino
2833 883 2865 921 a
2895 866 3117 920 mundo
3145 882 3206 921 se
3237 869 3555 921 removent.
3609 866 3723 921 Alii

310 947 563 1027 φίλτατα.
618 949 715 1006 Καὶ
762 951 861 1019 τὴν
903 945 1155 1025 ’Δϐραὰμ
1202 950 1385 1005 θυσίαν
1430 952 1645 1013 πάντως
1685 951 1922 1021 ἀκήκοας
1950 973 1961 984 ”

309 1036 367 1100 ὅς
417 1038 823 1113 προθυμότερον
888 1037 1057 1095 ἔδωκε
1109 1038 1191 1113 τῷ
1241 1040 1356 1111 Θεῷ
1396 1041 1487 1094 τὸν
1542 1047 1834 1114 μονογενῆ,
1867 1041 1959 1095 τὸν

313 1126 372 1183 ἆκ
398 1134 498 1198 τῆς
546 1128 895 1204 ἐπαγγελίας,
943 1130 1033 1183 καὶ
1082 1130 1157 1191 εἰς
1209 1129 1265 1184 δν
1315 1132 1350 1199 ἡ
1402 1127 1721 1204 ἐπαγγελία,
1754 1132 1789 1199 ἢ
1848 1133 1961 1203 (36)

308 1218 455 1290 παρὰ
510 1221 644 1272 Θεοῦ
684 1218 748 1272 τὸ
792 1216 882 1271 ἀπ’
934 1219 1114 1293 ἀρχῆς
1164 1217 1475 1290 ἐκομίσατο.
1530 1220 1600 1272 Σὲ
1648 1216 1705 1273 δὲ
1752 1219 1958 1273 τούτων

315 1303 466 1360 οὐδὲν
519 1305 775 1377 αἰτοῦμεν
800 1326 813 1339 ·
873 1305 929 1360 ἓν
982 1306 1096 1361 ἀντὶ
1128 1308 1339 1361 πάντων
1372 1306 1653 1383 εἰσένεγκε,
1685 1308 1784 1375 τήν
1840 1305 1962 1384 φιλ-

312 1394 656 1468 ανθρωπίαν·
787 1395 969 1470 χαίρει
1020 1395 1150 1457 Θεὸς
1213 1394 1444 1467 μᾶλλον,
1503 1397 1538 1463 ἢ
1601 1401 1757 1449 πᾶσιν
1820 1396 1959 1469 ὁμοῦ

307 1488 427 1545 τοῖς
458 1481 651 1543 ἄλλοις
676 1502 688 1515 ·
744 1480 920 1558 δῶρον
962 1480 1121 1555 ἴδιον,
1170 1481 1345 1559 δῶρον
1375 1484 1631 1557 ἄμωμον,
1665 1482 1839 1561 δῶρον
1870 1506 1958 1562 φι-

310 1570 564 1644 λοτιμίαν
612 1576 747 1627 Θεοῦ
804 1572 1246 1647 προκαλοόμενον
1307 1576 1437 1643 (37).
1496 1574 1666 1644 Μῖξον
1696 1578 1774 1645 τῷ
1804 1569 1959 1651 φόϐιῤ

306 1662 406 1730 τὴν
436 1660 722 1716 ἐπιείκειαν
750 1679 764 1693 ο
798 1660 1020 1737 κέρασον
1049 1662 1115 1737 τῇ
1145 1661 1343 1736 ἀπειλῇ
1374 1664 1472 1732 τὴν
1519 1660 1732 1718 ἐλπίδα.
1768 1660 1959 1717 Πολλά

308 1750 399 1805 καὶ
438 1750 793 1826 χρηστότητα
840 1752 1205 1826 κατορθοῦσαν
1256 1754 1364 1824 (38)
1418 1748 1558 1823 οἴδα,
1606 1749 1953 1806 δυσωποῦσαν

311 1838 389 1899 είς
447 1837 809 1916 ὀφειλομένην
874 1836 1161 1908 ἀντίδοσιν,
1235 1839 1358 1893 ὅταν
1441 1839 1713 1915 βιάζεσθαι
1789 1840 1957 1908 παρὸν

312 1930 784 2003 συγχωρήσαντες,
836 1925 1243 2000 δυσωπήσωμεν
1302 1928 1483 1999 εὐνοίᾳ
1527 1929 1619 1983 τὸν
1698 1926 1955 2001 ἐλεούμε-

310 2036 424 2072 νον.
460 2004 664 2085 ῚΜηδὶν
727 2015 861 2070 εἷναί
927 2037 985 2071 σε
1036 2016 1268 2079 πειθέτω
1321 2024 1423 2086 τῆς
1480 2017 1659 2092 ἀρχῆς
1707 2017 1951 2087 ἀνάξιον·

310 2100 480 2176 μηδὲν
514 2103 852 2159 ἀποκλειέτω
880 2105 971 2158 τὸν
1022 2104 1201 2159 οἶκτον
1247 2105 1335 2159 καὶ
1365 2108 1463 2173 τήν
1496 2102 1835 2179 ἡμερότητα,
1874 2108 1947 2178 μὴ

2074 954 2425 1009 charissima
2472 970 2720 1025 quisque
2778 954 2888 1010 sibi
2938 956 3182 1026 pignora
3210 958 3322 1009 Deo
3353 961 3716 1010 consecrant.

2070 1042 2183 1097 Nec
2213 1059 2343 1097 vero
2376 1043 2479 1097 tibi
2498 1044 2739 1098 Abrahm
2757 1044 3110 1098 sacrificium
3141 1043 3475 1098 inauditum
3502 1045 3715 1115 est,qui

2075 1132 2315 1186 unicum
2360 1131 2566 1197 ﬁlium,
2627 1131 3027 1201 divinitusque
3084 1131 3463 1201 promissum,
3494 1132 3612 1188 imo
3645 1134 3713 1188 ad

2073 1237 2247 1291 quem
2282 1221 2408 1292 ipsa
2432 1220 2744 1292 promissio
2775 1220 3154 1283 referebatur,
3187 1220 3301 1274 Deo
3320 1219 3600 1277 libentius
3622 1222 3717 1276 ob-

2070 1308 2204 1363 tulit
2237 1310 2300 1371 ”,
2335 1325 2513 1380 quam
2548 1309 2618 1364 ab
2652 1324 2716 1363 eo
2748 1308 3003 1379 primum
3036 1308 3193 1363 824
3249 1313 3565 1379 acceperat.
3600 1309 3717 1364 Ho-

2070 1414 2202 1451 rum
2234 1397 2381 1452 nihil
2404 1402 2513 1453 ate
2544 1396 2911 1468 postulamus
2938 1412 2950 1450 :
2978 1412 3078 1466 pro
3110 1395 3386 1451 omnibus
3405 1395 3514 1451 hoc
3532 1413 3717 1452 unum

2069 1486 2231 1553 offer,
2264 1502 2475 1557 nempe
2506 1485 2953 1557 benignitatem,
2988 1500 3101 1557 qua
3128 1485 3285 1540 Deus
3311 1484 3714 1556 magis,quam

2069 1575 2297 1629 cunctis
2324 1573 2455 1630 aliis
2512 1575 2685 1629 rebus
2718 1574 2776 1628 in
2828 1591 3010 1629 unum
3067 1573 3317 1640 collatis,
3351 1574 3710 1642 delectatur;

2068 1664 2289 1718 donum
2324 1663 2645 1735 proprium,
2677 1664 2896 1718 donum
2938 1662 3096 1718 omni
3128 1661 3257 1718 labe
3307 1679 3579 1728 vacuum,
3612 1664 3713 1717 do-

2068 1768 2210 1806 num
2244 1752 2343 1807 Dei
2376 1752 2786 1807 liberalitatem
2842 1757 2899 1807 et
2940 1751 3402 1807 muniﬁcentiam
3432 1752 3709 1807 invitans.

2072 1840 2387 1896 Lenitatem
2447 1842 2654 1895 terrori
2712 1841 3009 1895 admisce:
3071 1840 3263 1895 minas
3294 1856 3398 1911 spe
3427 1843 3706 1911 tempera.

2070 1928 2255 1983 Multa
2273 1945 2505 2000 quoque
2518 1929 2884 1984 humanitate
2903 1945 2968 1983 ac
2985 1928 3342 1999 benignitate
3358 1928 3553 1999 perfici
3568 1929 3709 1997 scio,

2068 2022 2131 2071 ut
2160 2034 2287 2087 qua:
2319 2018 2390 2071 ad
2410 2018 2665 2073 debitam
2688 2017 2938 2089 gratiam
2970 2017 3327 2072 referendam
3345 2017 3565 2088 pudore
3582 2017 3710 2088 ipso

2062 2106 2412 2177 compellat;
2464 2123 2596 2161 cum
2657 2106 2924 2161 videlicet
2962 2106 3155 2161 oblata
3185 2105 3503 2161 ulciscendi
3534 2111 3708 2176 atque

304 2193 510 2265 καιρὸς,
548 2194 622 2265 μὴ
657 2190 946 2265 δυνάστης,
984 2194 1059 2266 μή
1092 2188 1279 2268 φόϐος,
1319 2196 1393 2266 μή
1448 2194 1711 2266 μειζόνων
1765 2196 1951 2270 ἀρχῶν

2059 2195 2558 2251 animadvertendi
2590 2198 2873 2266 potestate
2904 2210 3114 2248 noxam
3167 2195 3586 2258 condonantes,
3632 2194 3705 2260 ei,

304 2279 463 2342 ἐλπὶς
493 2284 626 2354 (39),
665 2283 737 2354 μή
775 2283 1043 2357 θρασύτης
1066 2284 1180 2357 (40)
1205 2284 1267 2337 τὸ
1296 2282 1463 2338 πλέον
1497 2282 1717 2359 ἔχουσα.
1744 2290 1946 2353 Κτῆσαι

291 2369 391 2437 τὴν
424 2366 630 2423 εὔνοιαν
666 2369 718 2424 ἐν
749 2374 866 2432 τοῖς
898 2370 1204 2446 ἀναγκαίοις
1234 2376 1444 2448 καιροῖς
1478 2374 1610 2446 (41),
1658 2373 1757 2441 τὴν
1814 2372 1943 2428 ἄνωθ’

294 2459 502 2532 χρήσον
563 2462 677 2529 Θεῷ
725 2458 816 2512 τὸν
864 2454 1035 2516 ἔλεον.
1089 2457 1280 2523 Οὐδεὶς
1334 2459 1571 2537 μετέγνω
1618 2466 1725 2515 τῶν
1751 2467 1867 2534 Θεῷ
1892 2484 1945 2516 τι

290 2546 809 2622 προεισενεγκάντων
842 2549 975 2621 (42).
1019 2547 1204 2611 Πολύς
1238 2548 1376 2604 ἐστιν
1411 2549 1485 2611 εἰς
1516 2547 1802 2620 ἀντίδοσιν,
1838 2552 1941 2624 μά-

291 2632 449 2688 λιστα
484 2636 578 2707 μὶν
609 2640 725 2698 τοῖς
758 2634 957 2700 ἐκεῖθεν
1006 2638 1224 2713 ἀγαθοῖς
1256 2632 1621 2710 ἀμειϐόμενος
1651 2638 1777 2701 τοὺς
1808 2660 1941 2715 προ-

292 2718 698 2787 καταϐαλόντας
726 2747 801 2792 τι,
848 2725 938 2780 καὶ
988 2728 1411 2802 προχρήσαντας
1437 2745 1450 2757 ’
1485 2724 1594 2782 ἔστι
1628 2725 1685 2782 δὲ
1716 2726 1804 2782 ὅτε
1852 2729 1942 2783 καὶ

292 2818 409 2874 τοῖς
440 2812 663 2868 ὶνταῦθα
692 2814 826 2888 πρὸς
854 2814 1031 2869 πίστιν
1059 2819 1165 2869 τῶν
1201 2814 1442 2890 ὕστερον.

2058 2284 2149 2340 cui
2176 2284 2639 2340 misericordiam
2665 2282 3056 2355 impertimur,
3080 2282 3483 2338 benevolentia
3504 2288 3704 2339 nostra

2058 2374 2339 2444 pudorem
2372 2372 2717 2428 incutimus.
2742 2371 2897 2427 Nihil
2919 2372 3025 2426 tibi
3059 2371 3207 2427 tanti
3233 2371 3329 2439 sit,
3360 2376 3425 2427 ut
3445 2377 3704 2444 propter-

2055 2478 2123 2517 ea
2154 2462 2400 2518 inducas
2429 2462 2489 2517 in
2523 2461 2790 2516 animum
2822 2460 3044 2531 aliquid
3094 2461 3425 2529 admittere,
3459 2461 3613 2533 quod
3648 2466 3703 2516 te

2055 2552 2403 2622 magistratu
2451 2550 2759 2622 indignum
2795 2550 3020 2605 reddat.
3051 2548 3207 2604 Nihil
3239 2549 3702 2605 misericordiam

2053 2644 2111 2694 et
2165 2639 2680 2695 mansuetudinem
2738 2638 3027 2705 excludat,
3088 2655 3204 2693 non
3256 2642 3522 2710 tempus,
3584 2655 3701 2695 non

2054 2731 2347 2804 princeps,
2379 2749 2494 2787 non
2558 2736 2769 2797 metus,
2828 2747 2943 2785 non
3002 2732 3291 2800 majorum
3341 2730 3699 2802 dignitatum

2054 2837 2209 2892 spes,
2245 2838 2361 2876 non
2382 2821 2680 2876 temeritas
2710 2836 2836 2891 quae
2870 2820 2959 2875 sui
2980 2819 3137 2890 juris
3186 2818 3436 2874 nimium
3466 2819 3697 2877 retinet.

293 2905 375 2957 Ad
412 2904 740 2959 necessaria
788 2909 1056 2977 tempora
1101 2922 1368 2977 supernas
1414 2905 1829 2961 benevolentia;
1858 2908 1964 2963 tibi
2015 2909 2349 2980 praesidium
2385 2926 2560 2981 para;
2593 2908 3055 2964 misericordiam
3092 2909 3202 2963 Deo
3232 2909 3559 2965 commoda.
3584 2908 3694 2964 Ne-

298 2992 516 3047 minem
549 3008 810 3063 unquam
840 2993 957 3049 Deo
999 2992 1219 3063 aliquid
1279 2993 1442 3065 prius
1499 2994 1782 3050 obtulisse
1813 2997 2107 3067 paenituit.
2143 3002 2203 3051 In
2240 2997 2513 3053 beneficis
2544 2998 2845 3052 referendo
2877 2996 3151 3069 cepiosus
3173 3000 3281 3067 est,
3314 2996 3568 3052 maxime
3598 2995 3698 3053 ille

296 3080 532 3153 quidem
565 3081 822 3138 cmlestia
852 3082 1025 3149 bona,
1057 3082 1151 3149 iis,
1185 3100 1217 3137 a
1249 3082 1464 3154 quibus
1520 3083 1631 3154 ipsi
1691 3088 1825 3138 ante
1856 3085 2155 3157 quidpiam
2189 3086 2466 3141 collatum
2500 3090 2820 3158 mutuoque
2853 3087 3057 3141 datum
3092 3086 3285 3154 fuerit,
3323 3086 3645 3158 rependens
3678 3103 3693 3156 ;

291 3187 717 3243 nonnunquam
751 3175 945 3227 autem
977 3171 1156 3243 hujus
1188 3188 1421 3244 quoque
1451 3173 1577 3228 vitae
1609 3175 1916 3229 commoda
1948 3176 2284 3243 refundens,
2320 3180 2385 3231 ut
2415 3176 2485 3231 de
2517 3175 2729 3230 futuris
2762 3175 2933 3230 fidem
2967 3175 3158 3230 faciat.

360 3260 460 3316 IA'.
512 3264 632 3313 Ἔτι
684 3260 898 3334 μικρὸν,
944 3258 1033 3313 καὶ
1083 3259 1110 3313 ὁ
1171 3258 1380 3333 κόσμος
1429 3260 1780 3337 παρέρχεται,
1842 3262 1931 3316 καὶ

2115 3263 2208 3320 XI.
2243 3264 2447 3320 Adhuc
2468 3264 2797 3335 paululum,
2831 3269 2888 3319 et
2912 3264 3171 3319 mundus
3202 3264 3564 3331 transibit,et
3583 3265 3693 3322 hoc

285 3348 320 3416 ἡ
383 3348 557 3418 σκηνὴ
632 3349 746 3421 (43)
823 3346 1169 3404 καταλύεται.
1248 3352 1797 3425 Πραγματευσώμεθα
1840 3352 1927 3405 τὸν

278 3435 505 3511 καιρόν*
565 3441 680 3498 τοῖς
732 3435 841 3512 οὐχ
889 3436 1079 3492 ἑστῶσι
1136 3438 1203 3491 τὰ
1273 3437 1502 3511 μένοντα
1566 3440 1926 3510 ὠνησώμεθα.

279 3527 543 3587 Ἕκαστος
574 3527 735 3598 ἡμῶν
767 3526 905 3581 ἐστιν
940 3526 990 3580 ἐν
1024 3525 1337 3599 ἐπιτιμίοις·
1358 3527 1445 3581 καὶ
1479 3529 1506 3581 ὁ
1558 3533 1692 3601 χοῦς
1743 3527 1929 3582 πολλὰ

280 3616 430 3690 φέρει
461 3614 529 3669 τὰ
560 3613 703 3692 ὀφλή
716 3635 877 3687 ματα.
912 3617 1397 3691 Συγχωρήσωμευ,
1424 3614 1515 3669 ’ίνα
1546 3619 1926 3693 συγχωρηθῶ-

288 3723 405 3776 μεν·
453 3704 699 3780 ἀφῶμεν,
753 3702 842 3757 ’ίνα
890 3702 1202 3775 αἷτήσωμεν
1263 3704 1467 3781 ἄφεσιν.
1526 3706 1689 3779 Ὁρᾷς
1749 3704 1800 3758 ἐν
1849 3707 1927 3777 τῷ

285 3792 608 3867 Εὗαγγελίῳ
632 3812 644 3825 ·
681 3791 1093 3868 Χρεωφειλὲτης
1129 3793 1397 3865 εἰσάγεται
1427 3794 1539 3866 (44)
1588 3814 1671 3854 τις
1701 3792 1925 3847 πολλῶν

282 3881 589 3953 ταλάντων,
623 3881 709 3935 καὶ
761 3880 973 3959 ἀφίεται
1017 3885 1115 3935 τοῦ
1166 3881 1396 3956 χρὲους’
1444 3882 1766 3957 προσάγεται
1824 3884 1926 3957 γὰρ

282 3970 465 4046 ἀγαθῷ
517 3967 768 4043 δεσπότῃ.
825 3969 922 4024 Καὶ
976 3974 1342 4045 συγχωρεῖται
1391 3970 1505 4042 μὶν,
1557 3970 1619 4024 οὐ
1651 3975 1931 4045 συγχωρεῖ

278 4056 375 4112 δέ·
413 4055 612 4121 δοῦλος
668 4056 767 4135 γάρ
820 4056 930 4113 ἔστι
980 4058 1069 4113 καὶ
1110 4060 1211 4127 τὴν
1257 4059 1569 4134 προαίρεσιν
1624 4061 1770 4134 (45)·
1802 4058 1927 4115 ἀλλ’

274 4148 345 4217 ἧς
394 4145 553 4225 ἔτυχε
611 4146 1019 4225 φιλανθρωπίας
1072 4146 1195 4223 περὶ
1249 4148 1310 4202 τὸ
1359 4147 1568 4221 πλεῖον,
1618 4148 1817 4218 ταύτης
1866 4147 1926 4204 οὐ

278 4234 609 4311 μεταδίδωσι
654 4241 732 4309 τῷ
783 4234 1082 4309 ὁμοδούλῳ
1130 4236 1252 4312 περῖ
1305 4237 1364 4291 τὸ
1396 4236 1641 4311 ἔλαττον,
1683 4235 1828 4309 οὐδὲ,
1880 4238 1925 4293 εἰ

277 4327 357 4398 μή
386 4346 492 4380 τινι
522 4322 699 4397 ἄλλῳ,
747 4323 826 4396 τῷ
870 4330 972 4395 τῆς
1024 4323 1439 4401 μεγαλοψυχίας
1486 4325 1749 4400 ἑπόμενος
1795 4326 1925 4381 ὑπο-

274 4411 532 4487 δείγματι
560 4413 683 4488 περὶ
732 4414 795 4468 τὸ
842 4412 1136 4489 ἀλλότριον
1160 4433 1171 4445 ·
1222 4413 1313 4469 καὶ
1362 4416 1390 4470 ὁ
1423 4412 1690 4485 δεσπότης
1724 4416 1925 4491 ἀγανα-

271 4508 413 4559 κτεῖ.
446 4501 544 4557 Καὶ
574 4502 637 4556 τὸ
668 4502 791 4574 ἑξῆς
820 4503 1193 4575 σιωπήσομαι·
1219 4502 1365 4571 πλὴν
1398 4504 1619 4575 ἄμεινον
1641 4508 1721 4578 τῷ
1742 4506 1923 4575 παντὶ,

350 4705 394 4740 ⁷⁷
420 4704 563 4763 Gen.
591 4719 730 4774 xxii,
752 4704 789 4758 2
817 4718 949 4776 sqq.
1025 4704 1070 4739 ⁸⁸
1092 4703 1299 4761 Matth.
1332 4720 1491 4773 xvm,
1530 4705 1601 4761 23
1632 4722 1761 4779 sqq.

2043 3354 2483 3409 tabernaculum
2531 3352 2902 3408 dissolvetur.
2936 3352 3246 3425 Temporis
3278 3354 3692 3412 commoditate

2040 3445 2110 3496 ad
2140 3448 2430 3512 quaestum
2485 3446 2758 3507 utamur;
2821 3440 2993 3497 ﬂuxis
3026 3447 3084 3497 et
3136 3442 3445 3515 fragilibus
3476 3449 3692 3500 eterna

2038 3546 2397 3586 coemamus.
2433 3529 2846 3601 Unusquisque
2894 3534 3163 3586 nostrum
3220 3532 3277 3586 in
3328 3534 3691 3605 correptione

2039 3624 2161 3685 est;
2196 3636 2261 3674 ac
2293 3618 2452 3674 lutea
2503 3619 2624 3674 haac
2684 3636 2876 3674 massa
2934 3620 3256 3692 plurimum
3316 3621 3447 3676 aeris
3494 3621 3685 3677 aliena

2038 3724 2236 3762 secum
2296 3707 2652 3763 circumfert.
2714 3707 2932 3763 Alienis
2976 3724 3111 3780 ergo
3171 3710 3422 3780 peccatis
3454 3710 3681 3764 veniam

2040 3796 2270 3864 demus,
2305 3800 2368 3850 ut
2398 3796 2612 3850 nostris
2647 3796 3060 3866 impetremus;
3090 3796 3482 3863 remittamus,
3510 3801 3572 3851 ut
3600 3796 3681 3850 vi-

2038 3884 2239 3939 cissim
2266 3883 2433 3939 nobis
2451 3884 2666 3939 remitti
2691 3883 3078 3955 postulemus.
3094 3884 3269 3938 Vides
3292 3885 3350 3939 in
3374 3884 3683 3957 Evangelio

2039 3973 2535 4044 quemadmodum
2557 3972 2797 4043 quidam
2820 3970 3509 4028 multorumtalentorum
3530 3973 3686 4029 debi-

2038 4066 2129 4115 tor
2159 4061 2506 4127 adducatur,
2554 4078 2618 4114 ac
2677 4058 2871 4114 debito
2901 4058 3181 4115 liberetur
3201 4060 3279 4127 '3;
3330 4061 3401 4116 ad
3464 4062 3682 4117 bonum

2038 4150 2195 4206 enim
2229 4154 2287 4205 et
2318 4148 2545 4204 facilem
2570 4148 2873 4203 dominum
2908 4154 3254 4205 accesserat.
3289 4154 3360 4204 At
3382 4166 3517 4221 non,
3551 4155 3615 4205 ut
3634 4150 3685 4206 ei

2039 4239 2302 4295 debitum
2326 4239 2639 4294 remissum
2667 4237 2874 4304 fuerat,
2895 4237 3116 4309 itaipse
3146 4255 3373 4309 quoque
3404 4239 3681 4309 remittit;

2038 4345 2175 4384 nam
2208 4328 2387 4383 animi
2422 4328 2598 4383 etiam
2624 4326 2920 4398 proposito
2951 4342 3156 4382 servus
3186 4332 3347 4396 erat;
3382 4344 3488 4383 nec
3511 4328 3683 4385 mise-

2038 4416 2370 4483 ricordiam,
2400 4431 2578 4487 quam
2613 4415 2671 4469 in
2704 4414 2911 4485 majori
2946 4415 3199 4486 pecuniae
3230 4432 3464 4472 summa
3488 4432 3687 4473 conse-

2036 4510 2208 4562 cutus
2229 4506 2437 4570 fuerat,
2457 4504 2515 4558 in
2540 4502 3019 4576 minoripecunia
3049 4520 3320 4561 conservo
3342 4522 3448 4561 suo
3470 4505 3684 4578 imper-

353 4906 464 4977 (35)
497 4903 733 4977 ξριοτῷ.
767 4900 943 4977 Begg.
977 4919 1031 4969 a,
1074 4903 1193 4969 bm,
1229 4902 1344 4958 duo
1374 4902 1571 4973 Coisl.,
1602 4908 1721 4959 tres
1746 4903 1929 4969 Colb.,
1964 4904 2009 4969 Ι)
2044 4899 2237 4977 Ιιξαίοε
2271 4924 2315 4977 «_
2332 4901 2457 4957 Non
2488 4900 2733 4977 audacia
2763 4899 2988 4977 meliori
3030 4916 3239 4977 rerum
3283 4919 3525 4961 suarum
3555 4922 3690 4963 con-

278 4971 378 5036 Or'.
408 4971 464 5043 2,
498 4971 588 5047 διὰ
609 4971 862 5047 Χριστόνζ

354 5048 466 5120 (36)
496 5046 590 5101 Ἤ.
623 5043 800 5120 οὐξει,
836 5047 890 5113 1,
920 5043 1009 5112 ἤν.

496 5113 995 5202 ,Πρκαλούμενοω
1034 5116 1149 5202 'Sic
1176 5117 1344 5202 ‘tteg.
1404 5116 1550 5202 ὕφη
1582 5120 1702 5173 tres
1744 5115 1929 5185 Colb.,

269 5185 451 5248 Coisl.
489 5191 541 5258 1,
566 5185 670 5245 ὈΓ.
702 5191 760 5255 2,
792 5185 850 5245 ὀὶ
877 5188 994 5261 Jes.
1031 5190 1092 5243 In
1123 5189 1242 5255 ed.,
1272 5185 1679 5261 τξροκαλοῦμεν.

341 5264 457 5334 (38)
491 5261 885 5335 Κατορθοῦσαν.
951 5260 1130 5332 Regg.
1191 5276 1246 5325 a,
1299 5259 1417 5330 bm,
1453 5259 1610 5314 Orat.
1644 5262 1699 5323 2,
1731 5276 1930 5332 κατορ-

281 5344 467 5476 θοῗέἔρ)
525 5400 793 5470 Μειζόνων
857 5398 1274 5509 ἀρξῶνέλπίς.
1338 5401 1432 5455 Sic
1489 5400 1670 5472 Rogg.
1724 5417 1776 5467 8.,
1811 5400 1931 5482 bm,

285 5479 403 5509 ,εηη
433 5474 582 5509 ιιηςοι
667 5480 723 5509 οι
772 5475 850 5509 Π.-
1024 5479 1124 5509 Ain
1172 5476 1437 5509 ’διαιροηέ
1496 5471 1753 5509 "unum.
1813 5472 1907 5509 uin

285 5471 403 5533 duo
433 5471 607 5530 Coisl.
667 5480 726 5530 et
772 5475 867 5529 Or.
894 5471 902 5477 ’
928 5471 981 5527 Ξ.
1016 5472 1126 5525 Αἰὶἰ
1172 5476 1457 5539 resecant,
1495 5471 1779 5541 μειζόνων,
1812 5471 1933 5537 alii,

232 5592 247 5610 .
288 5548 500 5622 ἀρχῶν.
538 5546 599 5622 In
627 5546 719 5622 ed.
754 5547 918 5622 deest
953 5541 1134 5603 ἐλπίς,

386 5614 477 5689 380)
507 5617 598 5685 Μή
630 5615 917 5691 θρασύτης,
957 5623 1065 5673 etc.
1099 5639 1127 5665 «ι
1181 5615 1305 5691 Non
1336 5615 1635 5691 temeritas
1666 5615 1797 5691 plus
1826 5614 1936 5671 sibi

291 5687 587 5759 tribuens,
620 5687 747 5761 qua
774 5689 1015 5746 modum
1046 5687 1291 5745 excedit.
1323 5708 1352 5739 ››
1383 5687 1480 5743 Vel
1510 5703 1645 5743 cum
1668 5687 1937 5744 Leuven-

2043 4972 2263 5049 ditione
2296 4973 2462 5049 freta.
2498 4994 2526 5021 »
2559 4972 2765 5049 Billius
2795 4990 2807 5049 ς
2839 4995 2867 5022 ‹‹
2892 4971 3017 5027 Non
3036 4973 3283 5029 audacia
3312 4980 3369 5031 et
3397 4977 3685 5049 importu-

2042 5046 2195 5100 nitas
2229 5046 2456 5115 potiora
2486 5044 2684 5099 omnia
2717 5044 2958 5099 habens.
2996 5064 3024 5092 »

2136 5114 2496 5190 iiiKaipoic.
2530 5115 2705 5190 Deest
2760 5115 2819 5170 in
2870 5115 3006 5185 Reg.
3066 5114 3286 5190 bm,_et
3314 5117 3505 5176 tribus
3526 5119 3685 5176 Colb.

2135 5188 2223 5253 42)
2256 5185 2804 5262 Πρόεισενεγκάντων.
2866 5190 3041 5259 Regg.
3099 5204 3152 5257 8,
3203 5187 3321 5254 hm,
3363 5194 3420 5246 et
3474 5190 3571 5248 ΟΡ.
3630 5192 3685 5258 2,

2042 5258 2507 5331 προσενεγκόντων
2518 5302 2530 5314 .

2113 5280 2269 5312 »οσενε
2307 5280 2530 5314 κοντων.

2113 5331 2227 5456 ((33.)
2264 5280 2359 5451 gul
2392 5333 2426 5399 ἡ
2452 5331 2645 5400 σκηνή,
2679 5332 2789 5384 etc.
2826 5326 3069 5384 Billius:
3105 5352 3133 5379 «
3168 5334 3248 5386 Ac
3279 5347 3453 5387 scena
3482 5332 3690 5388 dissol-

2043 5418 2229 5456 VBIUI‘.
2267 5425 2291 5451 η

2063 5543 2070 5555 .
2114 5476 2223 5539 (44)
2259 5472 2561 5555 Εἷσςὶγεται.
2599 5474 2743 5555 Reg.
2772 5470 3258 5555 bm,.tres‘Colb.,
3292 5472 3474 5555 Or.-_2,
3515 5491 3687 5544 προσ·
3734 5482 3807 5521 t

2047 5543 2251 5615 ἀγεται.
2295 5566 2314 5591 α
2347 5543 2574 5600 Judicio
2599 5544 2826 5599 sistitur
2847 5543 2917 5615 ad
2943 5543 3296 5597 reddendam
3330 5543 3638 5615 rationein.
3660 5560 3695 5591 ir

2118 5617 2229 5687 (45)
2262 5618 2376 5684 Τὴν
2437 5618 2766 5690 προαίρεσιν.
2818 5614 3061 5670 Billius:
3102 5635 3130 5667 ε
3158 5615 3353 5669 Animi
3398 5614 3639 5670 induotir

2048 5703 2140 5743 ne.
2168 5711 2195 5738 υ
