4138 6212
422 327 544 389 979

1664 330 1727 391 S.
1779 330 2152 392 GBEGORII
2197 331 2594 395 THEOLOGI

3711 332 3832 396 980

421 459 587 527 titur,
621 473 747 528 nec,
781 459 830 515 si
865 459 1007 515 nihi‘
1035 459 1722 534 aliud,propositumsib‘
1752 461 2068 517 certelibe-
2101 524 2103 530 η

2229 463 2555 539 ροεισφὲρειν
2585 466 2681 517 τοῦ
2713 463 2881 518 ἐκεῖσε
2910 461 3081 537 λόγου
3114 464 3225 535 (46)
3252 464 3351 531 τὴν
3405 460 3640 527 ἔντεῧθεν
3689 482 3834 539 χρη-

427 548 564 602 rnlis
596 565 733 620 erga
755 548 900 604 alios
924 550 1102 604 animi
1127 568 1284 603 exim.
1302 550 1463 621 plum
1489 551 1777 623 sequitur.
1805 554 1987 619 Quam
2002 552 2075 607 ob

2187 549 2349 621 στότη
2358 572 2437 609 τα.

428 655 667 694 causam
699 638 977 695 dominus
1009 640 1095 696 ira
1126 646 1544 697 commovetur.
1574 643 1719 698 Nam
1752 659 1876 713 qua:
1908 646 2108 713 postea
2139 647 2478 713 sequuntur,
2538 643 2770 699 silentio
2828 643 3156 715 praeteribo.
3191 643 3441 698 Tantum
3478 641 3585 697 hoc
3616 642 3837 707 dicam,

428 726 859 784 conducibilius
891 729 1131 784 omnino
1162 746 1312 795 esse,
1343 736 1404 785 ut
1435 731 1778 801 priusquam
1810 730 1869 784 in
1902 730 2081 785 altero
2110 730 2320 785 saculo
2349 732 2477 786 vitis
2505 732 2759 788 rationes
2790 736 3132 802 reteramus,
3167 732 3345 801 hujus
3397 730 3526 786 vita
3574 731 3837 804 benigni-

428 826 609 879 tatem
641 819 1073 890 impendamus.

512 911 662 966 325
698 910 815 964 ΧΗ.
852 910 999 973 Ouid
1031 909 1115 963 ais
1136 909 1163 962 ‘I
1184 910 1334 964 Num
1367 915 1422 965 te
1454 911 1546 965 his
1585 911 1957 966 sermonibus
1988 927 2081 965 ca-

445 1005 610 1073 ptum
642 1004 932 1067 tenemus,
958 1016 1208 1070 quorum
1233 1004 1287 1054 te
1319 1016 1515 1056 amore
1546 1000 1899 1055 inﬂammari
1935 1016 2085 1072 saepe

442 1090 748 1145 confessus
778 1104 861 1154 es,
923 1088 1327 1159 prafectorum
1361 1090 1599 1161 optime,
1632 1094 1826 1160 atque,
1859 1090 2084 1144 utinam

444 1178 657 1234 addere
690 1176 879 1244 liceat,
936 1176 1437 1233 clementissime?
1494 1179 1644 1233 Num
1677 1179 1782 1234 tibi
1814 1183 2090 1251 praeterea

448 1266 733 1338 supplicis
764 1266 1073 1337 cujusdam
1105 1266 1285 1321 libelli
1319 1267 1442 1322 loco
1487 1268 1730 1323 canities
1782 1269 1901 1323 haec
1953 1269 2088 1323 offe-

448 1358 629 1412 renda
649 1355 779 1424 erit,
800 1360 973 1426 atque
995 1373 1284 1411 annorum
1308 1359 2093 1429 numerus,diuturnumque

454 1450 511 1501 et
543 1444 694 1501 labis
725 1462 927 1517 expers
959 1446 1066 1500 hoc
1096 1447 1510 1511 sacerdotium,
1544 1450 1695 1518 quod
1721 1448 1832 1519 ipsi
1864 1465 2094 1519 quoque

455 1534 667 1605 angeli,
704 1534 833 1604 puri
866 1534 1164 1605 purissimi
1196 1536 1293 1589 Dei
1328 1536 1601 1602 cultores,
1634 1542 1917 1607 tanquam
1940 1537 2095 1608 ipso-

459 1640 588 1678 rum
647 1623 831 1677 cultui
892 1623 1134 1678 minime
1192 1624 1401 1695 impar,
1436 1626 1682 1680 fortasse
1729 1625 2098 1681 veneratione

462 1716 918 1783 prosequuntur.
952 1716 1100 1767 Num
1138 1712 1258 1767 haec
1291 1720 1346 1768 te
1378 1715 1761 1785 permovent?
1787 1717 1870 1769 An
1906 1716 2099 1786 majus

460 1801 679 1871 aliquid
715 1802 1050 1856 audendum
1091 1801 1248 1855 erit?
1278 1803 1571 1858 Audacem
1607 1809 1800 1859 autem
1826 1820 1919 1858 me
1941 1802 2103 1858 dolor

458 1890 657 1945 efﬁcit.
690 1889 988 1944 Christum
1004 1890 1107 1945 tibi
1122 1892 1348 1959 otferro,
1372 1892 1583 1947 Christi
1602 1909 1703 1964 pro
1722 1892 1891 1947 nobis
1914 1892 2101 1947 inani-

2266 909 2362 963 ΙΒ’.
2392 907 2451 960 Τί
2500 909 2640 984 φής;
2693 909 2936 983 ’Έχομὲν
2994 929 3050 962 σε
3093 913 3207 969 τοῖς
3258 903 3450 981 λόγοις
3496 905 3735 975 τούτοις,
3768 908 3843 960 ῶν

2194 995 2421 1072 ἐραστὴς
2453 996 2585 1051 εἶναι
2616 994 2885 1058 πολλάκις
2935 995 3433 1071 καθωμολόγησας.
3487 996 3531 1049 ὧ
3580 993 3845 1050 κάλλιστε

2195 1084 2501 1160 ἀρχόντων,
2563 1083 2644 1155 εἷή
2706 1083 2763 1140 δὲ
2816 1088 3123 1161 προσθεῖναι
3176 1088 3309 1159 (47),
3356 1084 3445 1139 καὶ
3478 1086 3844 1160 ἡμερώτατε;

2195 1174 2266 1230 ’Ἠ
2298 1170 2399 1245 δεῖ,
2432 1174 2519 1228 καὶ
2550 1176 2648 1243 τήν
2678 1174 2873 1230 πολιάν
2919 1176 3029 1248 (48)
3077 1196 3159 1229 σοι
3194 1174 3393 1243 ταύτην
3426 1173 3538 1228 ἀνθ’
3566 1173 3848 1248 ἱκετηρίας

2198 1268 2581 1337 προσαγαγεῖν,
2631 1264 2720 1318 καὶ
2774 1264 2864 1318 τὸν
2923 1268 3029 1318 τῶν
3087 1263 3217 1317 ἑτῶν
3273 1262 3529 1336 ἀριθμὸν,
3599 1262 3688 1316 xui
3745 1264 3847 1329 τὴν

2206 1353 2410 1425 μακρὰν
2460 1351 2756 1426 ἱερωσύνην
2793 1354 2883 1406 καὶ
2932 1350 3158 1406 ἄσπιλον
3209 1350 3433 1420 ταύτην,
3484 1352 3543 1418 ἢν
3573 1348 3851 1404 αἰδοῦνται

2201 1441 2369 1514 τυχὸν
2417 1440 2505 1494 καὶ
2556 1440 2807 1515 ἄγγελοι,
2876 1445 3124 1514 καθαρῶς
3180 1460 3261 1512 τῳ
3320 1439 3688 1514 καθαρωτάτῳ
3749 1439 3852 1494 λαο

2202 1527 2501 1602 τρεύοντες,
2552 1530 2626 1590 ῶς
2684 1537 2784 1598 τῆς
2852 1531 3052 1584 ἑαυτῶν
3119 1528 3369 1603 Αατρείας
3446 1528 3613 1599 ἀξίαν.
3674 1530 3855 1582 Beier.

2204 1622 2372 1671 ταῦτα
2396 1636 2409 1684 ;
2432 1619 2467 1685 ἢ
2496 1639 2545 1671 τι
2566 1616 2836 1690 τολμήσω
2858 1623 3040 1689 μεῖζον
3067 1620 3176 1689 (49)
3197 1636 3211 1687 ;
3234 1616 3516 1690 τολμηρὸν
3539 1614 3597 1671 δὲ
3620 1638 3687 1689 με
3708 1621 3861 1670 ποιεῖ

2205 1707 2267 1761 τὸ
2301 1705 2501 1782 ἀλγεῖν.
2536 1708 2760 1782 Χριστὸν
2795 1708 3054 1782 προσάγω
3086 1727 3169 1759 σοι
3202 1708 3335 1778 (50),
3371 1705 3457 1759 καὶ
3487 1706 3587 1774 τήν
3612 1708 3859 1780 Χριστοῦ

2208 1795 2430 1850 κένωσιν
2488 1797 2585 1864 τὴν
2640 1796 2770 1871 ὑπὲρ
2820 1798 3003 1868 ἡμῶν,
3048 1794 3233 1849 καὶτᾶ
3269 1799 3366 1848 τοῦ
3395 1794 3632 1855 ἀπαθοῦς
3683 1794 3858 1863 πάθη,

2210 1884 2299 1938 καὶ
2324 1885 2414 1939 τὸν
2448 1885 2696 1960 σταυρὸν,
2728 1884 2817 1939 καὶ
2847 1885 2973 1947 τοὺς
3004 1883 3199 1957 ἣλους,
3242 1884 3321 1945 οἷς
3367 1881 3565 1953 ἐλύθην
3602 1882 3707 1959 ἐγὼ
3754 1889 3861 1951 τῆς

471 1981 710 2043 tionem,
744 1984 802 2034 et
830 1980 1174 2051 impatihilis
1207 1981 1529 2052 passiones,
1563 1986 1618 2036 et
1638 1998 1891 2049 crucem,
1923 1985 1980 2037 et
2000 1981 2103 2037 cla-

2224 1971 2517 2050 ἁμαρτίας·
2573 1988 2662 2028 και
2708 1973 2770 2028 τὸ
2828 1976 2985 2046 αἷμα,
3046 1972 3134 2026 καὶ
3194 1972 3293 2041 τὴν
3368 1973 3565 2048 ταφὴν,
3619 1971 3710 2026 καὶ
3758 1973 3862 2039 τήν

469 2086 592 2138 vos,
628 2071 840 2143 quibus
862 2076 1094 2143 peccato
1125 2070 1353 2126 solutus
1383 2086 1537 2138 sum,
1571 2074 1627 2125 et
1656 2069 2025 2141 sanguinem,
2056 2072 2113 2125 et

470 2160 855 2232 sepulturam,
913 2165 971 2214 et
1026 2158 1529 2227 resurrectionem,
1573 2164 1630 2213 et
1682 2159 2108 2223 ascensionem,

467 2255 643 2321 atque
676 2251 819 2305 adeo
851 2264 1119 2305 mensam
1168 2248 1340 2314 hanc,
1402 2250 1473 2303 ad
1506 2265 1684 2319 quam
1719 2247 2110 2303 communiter

462 2338 818 2404 accedimus,
851 2337 1178 2410 salutisque
1209 2353 1353 2393 meae
1379 2341 1568 2409 typos,
1601 2353 1749 2408 quos
1783 2338 1984 2391 eodem
2011 2352 2109 2390 ore

462 2443 698 2499 perago,
732 2444 848 2498 quo
880 2427 1029 2481 hanc
1062 2427 1133 2481 ad
1166 2430 1223 2481 te
1282 2426 1747 2496 deprecationem
1780 2426 1943 2493 obeo,
1976 2425 2105 2491 hoc,

457 2516 725 2587 inquam,
749 2520 1187 2571 sacrosanctum
1207 2518 1382 2585 atque
1403 2514 1462 2569 in
1486 2514 1695 2570 cmlum
1720 2531 1825 2569 nos
1855 2514 2107 2569 evehens

461 2606 827 2678 mysterium.

529 2694 676 2750 XIII.
711 2695 873 2760 Quod
909 2693 957 2750 si
991 2711 1103 2749 non
1136 2698 1375 2766 propter
1406 2710 1587 2749 unum
1632 2711 1702 2749 ex
1732 2694 1844 2759 his,
1898 2694 2105 2750 saltem

461 2788 696 2855 propter
726 2783 945 2854 omnia,
980 2784 1053 2837 da
1084 2783 1235 2838 hanc
1267 2786 1539 2855 gratiam,
1572 2787 1629 2838 et
1662 2783 1850 2850 nobis,
1892 2788 1949 2839 et
2002 2783 2106 2838 tibi

459 2863 592 2934 ipsi,
621 2868 677 2918 et
706 2864 1041 2919 domesticis
1058 2862 1328 2919 Ecclesia:
1352 2869 1485 2935 tuae,
1509 2869 1685 2936 atque
1709 2864 1841 2920 huic
1862 2864 2107 2936 pulchro

463 2952 674 3008 Christi
710 2953 883 3008 caatui
920 2971 932 3021 ;
966 2954 1037 3008 de
1068 2970 1182 3024 quo
1212 2953 1294 3008 ita
1312 2952 1484 3007 velim
1518 2952 1975 3018 existimes,eum
2002 2954 2107 3008 tibi

456 3041 760 3099 nobiscum
794 3042 1118 3114 supplicem
1142 3058 1290 3109 esse,
1314 3040 1547 3097 tametsi
1577 3042 1855 3097 obeunda:
1877 3042 2111 3114 legatio-

461 3131 553 3186 nis
588 3147 829 3186 munere
861 3130 1029 3186 nobis
1061 3131 1249 3198 cedat,
1284 3134 1348 3184 ut
1406 3131 1689 3201 majorem
1738 3133 1891 3201 apud
1926 3137 2001 3196 te,
2034 3132 2106 3186 ob

462 3218 771 3275 sacerdotii
803 3218 1172 3291 dignitatem,
1206 3235 1322 3289 qua
1344 3236 1376 3273 a
1399 3224 1511 3274 Deo
1535 3220 1722 3273 ornati
1758 3237 1986 3285 sumus,
2012 3238 2109 3275 au-

457 3306 786 3363 ctoritatem
812 3308 1104 3362 habituris
1126 3325 1138 3374 ;
1158 3325 1228 3361 ne
1247 3307 1386 3362 illud
1402 3308 1577 3362 etiam
1598 3309 1970 3379 dicam,quod
1996 3310 2105 3363 im-

458 3397 601 3469 perii
632 3396 758 3466 lege
788 3394 1149 3465 prohibetur.
1180 3400 1298 3450 Hac
1328 3412 1444 3450 una
1467 3412 1524 3450 re
1548 3396 1789 3466 pulchre
1811 3398 2064 3453 vincaris
2090 3416 2102 3465 ;

460 3484 821 3555 benignitate
852 3500 957 3538 nos
990 3500 1221 3555 supera.
1256 3485 1339 3537 En
1372 3484 1501 3552 tibi,
1533 3501 1727 3539 coram
1763 3490 1895 3553 Deo,
1919 3490 1975 3541 et
2002 3503 2105 3541 an-

459 3571 627 3644 gelis,
684 3577 739 3626 et
798 3588 974 3643 regno
1033 3572 1337 3637 ccslorum,
1370 3571 1647 3644 illiusque
1674 3573 1799 3629 vita:
1834 3575 2104 3645 praemiis,

460 3660 754 3734 supplices
786 3678 948 3717 meos
980 3662 1174 3716 offero.
1214 3660 1404 3716 Fidem
1431 3678 1622 3718 meam
1658 3663 1894 3731 honora,
1927 3681 2105 3736 quam

465 3750 608 3806 mihi
640 3750 1021 3806 commissam
1055 3750 1185 3805 aliis
1217 3751 1483 3805 commisi
1511 3767 1522 3805 :
1567 3752 1648 3807 ita
1679 3752 1797 3817 fiet,
1832 3759 1893 3807 ut
1922 3758 1978 3808 et
2006 3758 2108 3809 tua

533 3878 649 3949 (46)
700 3874 900 3949 Λόγου.
966 3876 1127 3931 Unus
1188 3876 1424 3947 Regius,
1486 3873 1664 3947 ὶλὲου,
1730 3897 1751 3927 ι
1788 3879 2113 3935 misericor-

464 3951 1010 4093 ὀιῗ47)11ροσθεῖναι.
1047 4018 1141 4073 0r.
1174 4020 1209 4072 2
1259 4019 1442 4093 addit,
1473 4019 1577 4075 ὃτι.

540 4088 648 4161 (48⁷)
679 4088 785 4157 Τῆν
830 4088 1048 4159 πολίαν,
1110 4088 1526 4159 «canitiem,»
1589 4097 1697 4147 etc.
1762 4092 1862 4147 His
1919 4093 2111 4148 verbis

466 4187 491 4212 ι(
528 4169 750 4231 patrem
785 4179 959 4233 suum
993 4184 1020 4210 ››
1058 4161 1278 4216 indicat
1312 4162 1647 4233 Gregorius.

562 4234 648 4302 49)
682 4234 903 4299 Μεῖζον.
938 4232 1033 4287 Or.
1067 4233 1121 4300 2,
1154 4233 1241 4286 xui
1265 4237 1470 4302 μεῖζον.

562 4235 627 4286 49
682 4235 903 4299 Μεῖζον.
938 4235 1033 4287 0r.
1067 4235 1121 4300 2,
1154 4235 1241 4286 xui
1265 4237 1470 4302 μεῖζον.

537 4235 648 4374 (50)
700 4303 975 4378 -Προσάγω
1033 4323 1140 4378 σοι.
1200 4306 1294 4359 Sic
1351 4310 1469 4359 tres
1500 4303 1686 4378 Colb.,
1718 4305 1893 4362 Coisl.
1930 4307 1979 4371 1,
2012 4306 2106 4362 Or.

466 4376 521 4443 2,
556 4379 664 4430 etc.
699 4374 1241 4448 In'ed.,'1rpoau'*{moi
1274 4376 1647 4501 [perperam].

540 4447 649 4501 (51)
708 4445 813 4501 Τῆν
863 4444 1167 4501 ἀνάστασιν.
1228 4452 1286 4501 Bi
1318 4447 1454 4501 lius.
1517 4470 1543 4497 ‹‹
1590 4465 1647 4501 re

540 4447 649 4517 (51)
708 4445 813 4513 Τὴν
863 4444 1167 4501 ἀνάστασιν.
1228 4444 1454 4518 Billius,
1517 4470 1543 4497 ‹‹
1590 4444 1839 4504 reditum
1902 4450 1971 4503 ad
2025 4448 2109 4501 vi-

473 4523 588 4573 tam
607 4560 616 4571 .
663 4539 691 4565 ››

541 4590 653 4661 (52)
701 4585 799 4661 Kui
850 4586 977 4661 τοὺς
1034 4586 1259 4656 τύπους,
1318 4595 1449 4660 etc.,
1514 4609 1536 4638 ι
1600 4594 1656 4644 et
1709 4590 1919 4645 salutis
1974 4606 2111 4645 meis

472 4659 661 4730 typos.
694 4683 715 4711 ι
754 4659 994 4733 Nullum
1056 4661 1401 4733 scrupulum
1462 4678 1691 4717 movere
1749 4663 1962 4717 debent
1996 4663 2113 4717 baac

469 4733 663 4787 verba.
697 4753 725 4780 «
757 4732 896 4802 'lypi
922 4754 949 4780 ››
975 4732 1212 4809 quidem
1244 4740 1385 4809 sunt
1413 4739 1469 4787 et
1492 4756 1517 4782 ‹‹
1544 4733 1750 4809 signa;
1786 4755 1813 4809 »ξ
1846 4736 1944 4788 sed
1979 4758 2005 4783 ι(
2029 4734 2109 4809 si-
2141 4744 2188 4809 1)

471 4821 587 4930 Eua
615 4826 642 4853 »
668 4819 859 4858 rerum
894 4804 1288 4887 prensantium.
1328 4808 1425 4889 Hic
1448 4806 1685 4886 vocibus
1720 4806 2107 4889 usi.sunt_SS.

516 4881 691 4930 atros.
723 4880 780 4929 et
806 4896 832 4923 ‹‹
859 4876 1003 4930 nihil
1034 4877 1189 4930 aliud
1224 4877 1579 4930 intelligunt.
1604 4898 1630 4924 ››
1663 4883 1855 4930 inouit
1886 4878 2107 4930 Billius.

516 4881 691 4939 atres,
723 4880 780 4929 et
806 4896 832 4923 ‹‹
859 4876 1003 4930 nihil
1034 4877 1189 4930 aliud
1224 4876 1579 4949 intelligunt,
1604 4898 1630 4924 ››
1663 4876 1855 4946 inquit
1886 4878 2109 4946 Billius,

474 4970 500 4995 α
534 4953 970 5028 quampartem
1002 4949 1362 5028 sacramenti
1402 4967 1526 5028 qua
1557 4950 1613 5003 in
1647 4950 2111 5028 oculorumsenf

468 5037 601 5091 suin
634 5018 810 5074 cadit.
846 5042 872 5068 ‹‹
904 5018 996 5074 Sic
1027 5020 1082 5074 in
1119 5018 1504 5090 Eucharistia,
1564 5021 1789 5091 species
1849 5019 2015 5089 panis
2056 5023 2111 5091 et

466 5090 583 5145 vini
616 5095 754 5145 sunt
778 5091 951 5163 «itypi
978 5114 1004 5139 ››
1029 5108 1128 5148 seu
1156 5092 1373 5162 «signa
1397 5116 1425 5141 ››
1441 5090 1700 5163 corporis
1724 5096 1779 5145 et
1805 5090 2110 5163 sanguinis

464 5162 675 5217 Christi
708 5162 942 5217 realiter
997 5168 1052 5218 et
1095 5161 1563 5219 substantialiter
1612 5163 1931 5233 praasentis.
1966 5161 2109 5233 Item

464 5234 574 5288 alia
604 5234 801 5289 omnia
832 5240 1199 5290 sacramenta
1222 5235 1299 5289 ila
1330 5243 1469 5290 sunt
1500 5258 1525 5283 ‹‹
1561 5231 1679 5305 ιγρῙ
1700 5254 1743 5305 λ»,
1767 5231 1853 5285 vel
1882 5256 1908 5281 ‹‹
1942 5231 2110 5303 signa

467 5306 698 5369 salutis,
732 5311 797 5375 ut
825 5321 950 5361 eam
983 5306 1157 5375 simul
1191 5307 1445 5361 efﬁciant
1476 5310 1531 5358 et
1561 5303 1910 5375 signiﬁcent.
1939 5325 1965 5349 ››

536 5378 649 5447 (53)
683 5374 743 5428 El
774 5376 863 5428 xui
900 5377 974 5446 μὴ
1009 5377 1076 5430 δι’
1106 5373 1184 5443 ἓν,
1219 5383 1327 5432 etc.
1379 5376 1578 5430 Billius
1603 5373 1681 5430 ;“‹‹
1714 5376 1872 5439 Quod
1908 5374 1952 5430 si
1988 5373 2109 5427 haec

466 5448 701 5521 singula
732 5451 929 5503 minus
976 5450 1127 5521 apud
1163 5454 1217 5502 te
1278 5448 1488 5513 valent,
1522 5451 1580 5501 at
1630 5448 1902 5501 universa
1958 5450 2111 5500 certe

466 5520 716 5574 valeant.
762 5541 790 5567 ››

537 5591 651 5662 (54)
681 5586 805 5641 Οῦν.
840 5588 1011 5645 Deest
1041 5592 1097 5643 in
1134 5594 1308 5662 Regg.
1343 5590 1551 5662 a,,bm,
1576 5594 1631 5644 et
1661 5588 1755 5645 0r.
1788 5593 1839 5644 2.

540 5606 651 5658 (54)
681 5606 805 5641 υυν.
840 5606 1011 5645 ueest
1041 5608 1097 5643 in
1134 5606 1308 5716 uegg.
1343 5606 1397 5657 a,
1432 5606 1551 5656 om,
1576 5606 1631 5644 et
1661 5606 1699 5645 U

540 5661 650 5730 (55)
676 5662 884 5727 Σαυτῷ.
918 5662 1013 5717 Sic
1042 5661 1136 5717 Or.
1168 5664 1221 5715 2.
1286 5678 1321 5716 n
1353 5661 1469 5730 ed.,
1502 5665 1699 5734 σαυτῷ.

2218 2062 2498 2118 ἀνάστασιν
2545 2066 2678 2136 (51),
2736 2063 2825 2117 καὶ
2873 2063 2971 2130 τὴν
3023 2059 3234 2126 ἄνοδον,
3274 2061 3308 2130 ἢ
3344 2060 3432 2115 xui
3460 2062 3557 2128 τήν
3590 2062 3863 2133 τράπεζαι

2216 2151 2439 2225 ναύτην,
2534 2156 2689 2225 κοινῇ
2720 2151 2982 2227 πρόσιμεν
3008 2170 3020 2183 ⁸
3054 2151 3143 2205 xui
3175 2150 3303 2211 τοὺς
3351 2148 3551 2210 τύπους
3596 2152 3712 2222 (52)
3758 2157 3865 2217 τῆς

2217 2240 2356 2313 ἐμῆς
2404 2240 2698 2315 σωτηρίας,
2759 2239 2855 2302 οὕς
2899 2240 3003 2293 ἀπὸ
3049 2244 3145 2294 τοῦ
3193 2236 3356 2293 αὐτοῦ
3394 2237 3536 2292 τελῶ
3568 2237 3865 2309 στόματος,

2218 2331 2307 2407 ἀφ’
2364 2329 2425 2383 οὗ
2471 2334 2638 2383 ταῦτα
2685 2330 2817 2405 πρὸς
2868 2330 2925 2383 ci:
2972 2323 3273 2403 πρεσϐεύω,
3320 2328 3420 2396 τὴν
3454 2327 3599 2397 ἱερὰν
3628 2327 3719 2380 καὶ
3752 2327 3868 2380 ἂνω

2217 2417 2479 2494 φέρουσαν
2514 2420 2662 2490 ἡμᾶς
2698 2416 3105 2491 μυσταγωγίαν.

2289 2687 2387 2741 1Γ’.
2421 2684 2483 2739 Ei
2512 2684 2602 2739 xui
2655 2685 2730 2757 μὴ
2782 2681 2851 2737 δι’
2897 2679 2951 2737 ἓν
3001 2681 3115 2755 (53)
3166 2681 3400 2749 τούτοιν,
3451 2678 3576 2735 ἀλλ’
3606 2678 3699 2733 οῦν
3751 2681 3868 2751 (54)

2218 2771 2305 2828 διὰ
2338 2774 2526 2841 πάντα,
2562 2770 2653 2835 δὸς
2683 2769 2771 2826 xui
2811 2773 2946 2843 ἡμῖν
2990 2768 3078 2824 xui
3130 2769 3480 2840 σεαυτῷ
3527 2767 3625 2835 τήν
3676 2764 3864 2841 χάριν,

2215 2863 2304 2917 xui
2350 2866 2419 2934 τῇ
2470 2864 2581 2935 (56)
2637 2862 2752 2916 κατ’
2804 2860 2953 2915 οἶκόν
3001 2880 3095 2912 σου
3134 2856 3451 2927 Ἐκκλησία,
3481 2856 3682 2925 καὶτῷ
3711 2852 3867 2926 καλῷ

2215 2950 2394 3022 τούτῳ
2456 2954 2686 3025 Χριστοῦ
2747 2948 3120 3020 πληρώματι’
3174 2945 3203 3000 δ
3259 2946 3481 3017 νόμισον
3539 2945 3675 3014 ἡμῖν
3727 2963 3865 3014 συμ-

2216 3034 2550 3111 πρεσϐεύειν,
2611 3038 2655 3092 εἰ
2712 3036 2802 3092 καί
2853 3040 2987 3109 ἡμῖν
3038 3039 3362 3112 παραχωρεῖ
3403 3040 3503 3101 τῆς
3552 3027 3863 3106 πρεσϐείας,

2218 3130 2291 3191 ὡς
2341 3126 2782 3202 αἰδεσιμωτέροις
2844 3130 2954 3199 (57)
3001 3124 3089 3181 διὰ
3134 3126 3225 3179 τὸν
3260 3126 3581 3196 τιμήσαντα,
3628 3122 3721 3173 xui
3751 3120 3865 3191 ἆμα

2215 3223 2293 3289 τῷ
2340 3224 2440 3285 τῆς
2491 3218 2669 3291 ἀρχῆς
2878 3215 3035 3287 νόμῳ
3064 3213 3422 3288 κατείργεται.
3456 3214 3549 3263 Ἕν
3581 3214 3743 3264 τοῦτο
3774 3230 3867 3262 κα-

2219 3306 2331 3367 λῶς
2388 3308 2694 3375 ἡττήθητιο
2772 3304 2991 3375 νίκησον
3055 3306 3203 3375 ἡμᾶς
3263 3298 3661 3378 φιλανθρωπίᾳ.
3724 3295 3864 3352 Ἰδοὺ

2216 3395 2476 3471 προσάγω
2534 3415 2617 3448 σοι
2670 3394 2797 3454 τοὺς
2858 3392 3021 3465 ἐμοὺς
3069 3392 3256 3453 ’ίκάτας
3290 3388 3523 3444 ἐναντίον
3558 3391 3713 3457 Θεοῦ,
3773 3385 3866 3440 xui

2214 3484 2489 3559 ἀγγέλων,
2548 3484 2638 3538 xui
2696 3481 2973 3558 βασιλείας
3035 3480 3300 3557 οὐρανῶν,
3360 3477 3449 3531 xui
3505 3483 3604 3545 τῆς
3662 3474 3864 3530 ἐκεῖθεν

2215 3571 2646 3634 ἀνταποδόσεως.
2704 3570 2952 3644 Τίμησον
3026 3571 3126 3639 τὴν
3185 3569 3322 3642 ἐμὴν
3376 3566 3556 3620 πίστιν
3611 3567 3746 3637 (59),
3799 3563 3865 3633 ἦν

2216 3662 2528 3732 ἐπιστεύθην
2589 3681 2649 3716 τε
2688 3660 2778 3715 xui
2827 3659 3139 3715 ἐπίστευσα·
3204 3658 3278 3719 ὡς
3334 3658 3393 3711 ἂν
3438 3656 3529 3709 xui
3587 3657 3621 3723 ἡ
3650 3654 3719 3722 σὴ

2214 3752 2472 3824 τιμηθείη
2523 3749 2645 3824 περὶ
2703 3749 2770 3803 τὰ
2826 3750 2994 3821 μείζω
3053 3748 3141 3803 καὶ
3184 3746 3507 3821 τελεώτερα.
3558 3740 3866 3819 Κεφάλαιον

2294 3880 2405 3950 (56)
2450 3876 2547 3930 Καὶ
2577 3880 2669 3949 τῇ,
2703 3882 2811 3932 etc.
2841 3876 2935 3931 Sic
2965 3876 3157 3950 codd.:
3179 3897 3216 3950 λε
3280 3868 3701 3950 etdomesticaa
3757 3869 3872 3923 Ec-

2221 3945 2409 4005 clesiae
2440 3955 2574 4024 tuae.
2612 3945 2639 3998 ›’›
2688 3951 2803 4024 Hic
2825 3948 3137 4024 prefecti_«
3173 3945 3731 4024 familiam,‘n_qu_aa,
3758 3957 3872 4024 nu-

2223 4038 2381 4077 mero
2414 4027 2470 4076 et
2501 4022 2734 4086 pietate,
2766 4014 3029 4075 Ecclesiae
3064 4020 3311 4073 formam
3348 4014 3874 4086 exhibebat,sigpi-

2223 4095 2395 4149 ficare
2424 4087 2653 4148 videtur
2678 4092 3010 4163 Gregorius,
3054 4107 3169 4145 non
3218 4087 3702 4163 «,«ANaziansenam
3766 4087 3874 4138 Ec-

2224 4164 2486 4229 clesiam,
2522 4187 2550 4214 »
2583 4170 2647 4217 ut
2678 4157 2843 4234 putat
2874 4157 3041 4234 Elias:
3076 4160 3378 4234 Siquidem
3412 4161 3467 4234 i_n
3499 4157 3590 4211 his
3619 4171 3879 4234 sequen-

2220 4237 2380 4309 tibus
2437 4224 2769 4309 verbistxui
2846 4229 3108 4309 ’τῷ-καλῷ
3158 4224 3360 4309 τούτῳ.
3424 4229 3660 4309 Χριστοῦ
3707 4224 3880 4308 πλη-

2224 4308 2520 4385 ρώματιμ(
2583 4306 2804 4385 et-hu_ic
2854 4305 3095 4385 pulchrg
3153 4303 3665 4385 Christi'cmtu‘i,’
3740 4303 3881 4385 ipsa

2222 4372 2566 4450 designatur
2623 4372 2988 4433 Nazianiena
3042 4375 3322 4432 Ecclesia.
3384 4372 3443 4429 In
3511 4372 3709 4435 editis,
3771 4372 3877 4435 τήν

2220 4454 2311 4517 τῇ,
2347 4455 2455 4505 etc.

2255 4472 2523 4592 “(5330:9:
2580 4514 3044 4593 αἷδεσιμωτέροις,
3097 4521 3205 4593 etc.
3267 4515 3388 4570 Non
3432 4513 3593 4593 bene.
3636 4508 3878 4575 Billius,

2227 4614 2253 4643 ιι
2288 4584 2348 4647 ut
2372 4584 2647 4662 majorem
2683 4584 2836 4661 apud
2861 4584 2936 4656 te,
2963 4584 3131 4661 aquo
3162 4588 3380 4662 honore
3408 4584 3595 4662 affecti
3630 4598 3877 4647 sumus,

2224 4656 2968 4739 auctoritatemha'bituris.
3002 4656 3317 4739 nlAscribit
3338 4656 3665 4739 “siquidem
3718 4670 3876 4724 pre-

2219 4736 2364 4791 fecto
2394 4735 2472 4801 id,
2505 4735 2657 4805 quod
2684 4733 2995 4805 Gregorius
3030 4731 3398 4805 Deotrihuit.
3424 4797 3437 4805 _
3694 4799 3703 4805 ,
3796 4796 3809 4805 υ

2293 4808 2403 4878 (58)
2427 4797 2640 4878 Τ’ᾦ’τῆς
2680 4797 2899 4878 ἀρχῆς.
2939 4811 3067 4878 etc.
3130 4802 3371 4878 Vetabat
3424 4797 3513 4851 lex
3570 4797 3875 4878 pratoria,

2224 4872 2306 4933 ne
2329 4900 2357 4927 ‹‹
2390 4872 2639 4948 populus
2679 4872 2983 4948 legationis
3016 4889 3281 4948 (munere
3334 4872 3693 4948 fungeretur,
3723 4872 3881 4948 quia

2220 4967 2333 5005 non
2352 4938 2790 5018 permittebat;
2806 4946 3295 5018 inquitElias,«ut
3312 4938 3623 5014 quisquam
3638 4938 3877 4994 ordinis

2220 4967 2333 5005 non
2390 4967 2741 5014 ermittenai,
2765 4967 2920 5018 ninqi

2219 5022 2309 5077 sui
2346 4967 2489 5075 iines
2519 5019 2858 5073 transiliret.
2893 5041 2920 5067 υ

2293 5093 2402 5162 (59)
2459 5090 2700 5160 Τίμησον
2757 5087 3047 5165 τήνᾼέμὴν
3105 5085 3489 5165 uiuum-etc.
3525 5082 3879 5165 nuﬂHono‘ra

2220 5150 2397 5218 fidem,
2425 5150 2611 5217 meam
2640 5181 2651 5229 ;
2682 5150 3017 5216 secundum
3037 5175 3238 5230 quam,
3274 5150 3301 5205 ὑ
3325 5156 3495 5230 juxta
3524 5150 3775 5217 Eliam,c
3808 5152 3875 5204 ﬁ-

2219 5234 2366 5289 delis
2388 5251 2454 5289 ac
2484 5228 2655 5289 verax
2680 5248 2808 5289 esse
2839 5232 2973 5287 huic
3007 5228 3218 5301 populo
3251 5228 3506 5283 creditus
3538 5239 3693 5286 sum,
3726 5238 3875 5276 cum

2218 5306 2467 5361 dicerem
2502 5305 2740 5360 omnino
2770 5309 2826 5359 te
2848 5304 3015 5358 nobis
3046 5302 3604 5371 obtemperaturum,
3625 5309 3879 5371 quaque

2219 5377 2331 5431 fide
2363 5377 2582 5431 credidi
2615 5383 2673 5431 te
2725 5392 2831 5431 nos
2890 5364 3323 5439 exauditurum,
3356 5376 3422 5425 ut
3449 5374 3503 5424 et
3551 5373 3656 5421 tua
3712 5364 3877 5439 ﬁdes

2218 5448 2681 5519 honoretur,qua
2720 5447 2992 5501 ﬁduciam
3013 5437 3353 5515 concepisti,
3378 5442 3596 5509 majora
3626 5442 3681 5491 te
3711 5437 3882 5492 bona

2219 5524 2671 5574 consecuturum
2718 5521 2977 5575 credens.
3014 5540 3038 5565 υ

2292 5592 2403 5662 (60)
2431 5592 2493 5646 ‘H
2524 5592 2613 5660 σή.
2649 5590 2743 5645 Sic
2804 5590 2943 5662 Reg.
2978 5589 3099 5655 bm,
3132 5584 3309 5642 Coisl.
3349 5585 3372 5640 Ι
3416 5590 3473 5641 et
3506 5582 3561 5650 2,
3593 5579 3690 5637 Or.
3717 5581 3783 5649 2,
3818 5586 3879 5636 et

2218 5661 2347 5718 Par.
2380 5661 2553 5719 Deest
2580 5663 2641 5718 in
2671 5662 2866 5719 editis.
