4138 6212
338 344 450 406 981

1248 346 1542 407 ORATIO
1587 345 1808 408 XVIII.
1841 380 1919 390 —
1950 345 2336 409 FUNEBRIS
2381 346 2460 407 IN
2505 344 2853 407 PATREM.

3637 337 3762 400 982

337 473 394 530 δέ
423 477 534 545 (61)
563 478 659 529 τοῦ
691 472 887 549 λόγου,
921 494 1066 550 ιχεις
1098 474 1183 527 καὶ
1218 473 1376 537 animo:
1407 474 1458 530 ἐν
1502 476 1714 551 οὐρανῷ
1765 476 1980 551 Κύριον·
2018 484 2068 547 Α

2102 496 2334 551 quoque
2361 481 2436 545 jin
2484 480 2803 550 majoribus
2839 483 2890 531 et
2927 477 3367 547 perfectioribus
3416 476 3755 531 honoratur.

336 565 589 621 τοιούτου
617 564 810 640 τύχοις
852 567 975 640 περὶ
1008 567 1224 619 σεαυτὸν
1255 569 1351 619 τοῦ
1382 572 1592 641 κριτοῦ,
1625 567 1845 643 οἷόσπερ
1879 570 1990 641 (62)

340 655 399 710 ἂν
432 654 589 715 αὐτὸς
618 653 743 729 γένῃ
774 655 891 715 τοῖς
939 653 1290 729 ἀρχομένοις.
1341 653 1614 729 Τῦχοιμεν
1668 654 1723 709 δὲ
1776 655 1989 727 πάντες,

337 747 427 800 καὶ
476 750 585 799 τῶν
638 744 876 808 ἐντεῦθεν
929 749 1204 819 χρηστῶν⁹
1255 744 1343 799 καὶ
1398 750 1503 799 τῶν
1552 747 1745 800 ἐκεῖθεν
1781 747 1994 800 ἀνεκτο-

341 834 533 909 τὲρων,
569 833 619 887 ἐν
654 835 872 909 Χριστῷ
904 834 1085 902 Ἰησοῦ
1123 832 1202 904 τῷ
1254 834 1435 905 Κυρίῳ
1480 837 1663 906 ἡμῶν,
1711 836 1755 905 ᾠ
1796 837 1829 903 ἡ
1865 831 1992 904 δόξα

336 926 447 998 (63)
501 922 590 977 καὶ
650 921 711 976 τὸ
768 924 987 993 κράτος,
1047 920 1091 993 ᾢ
1139 923 1274 994 τιμὴ
1327 921 1415 975 καί
1474 922 1741 996 βασιλεία,
1792 923 1880 976 σὺν
1914 928 1992 994 τῷ

340 1012 510 1087 Πατρὶ
540 1012 628 1065 καὶ
660 1016 738 1082 τῷ
774 1011 913 1084 ἁγίῳ
950 1012 1239 1083 Πνεύματι,
1293 1010 1473 1086 ὣσπερ
1524 1014 1609 1079 ἣν,
1652 1013 1741 1065 καὶ
1791 1019 1989 1087 προῆν,

2104 572 2312 641 Atque,
2348 575 2411 623 ut
2470 586 2582 623 uno
2634 570 2806 623 verbo
2866 585 2987 621 rem
3037 566 3408 637 complectar,
3442 565 3755 619 Dominum

2104 659 2228 730 ipse
2263 676 2493 729 quoque
2526 658 2584 712 in
2609 658 2749 712 calo
2783 658 2980 712 habes.
3008 656 3172 711 Hunc
3196 655 3299 710 tibi
3327 654 3504 708 talem
3536 670 3673 725 erga
3705 662 3759 708 te

2098 747 2357 817 judicem
2391 746 2638 817 experiri
2670 746 2992 818 contingat,
3015 745 3246 815 qualem
3276 751 3331 798 te
3362 743 3454 798 his
3486 743 3638 798 326
3659 742 3756 812 qui

2103 835 2345 906 imperio
2401 840 2501 889 tuo
2552 836 2827 901 subsunt,
2872 833 3235 906 prastiteris.
3271 832 3504 886 Utinam
3560 837 3754 885 autem

2103 926 2291 990 nobis,
2318 930 2374 979 et
2420 924 2476 977 in
2511 924 2620 978 hac
2651 924 2770 977 vita
2801 923 2966 977 mitia
2996 928 3050 976 et
3083 923 3337 993 benigna
3386 925 3596 975 cuncta
3626 936 3759 974 con-

2102 1014 2351 1084 tingant,
2380 1017 2435 1066 et
2465 1011 2524 1065 in
2558 1011 2736 1065 altero
2770 1010 2983 1065 saeculo
3014 1009 3253 1076 leviora,
3277 1010 3335 1063 in
3357 1009 3583 1063 Christo
3614 1008 3751 1063 Jesu

2103 1102 2346 1155 Domino
2373 1105 2594 1165 nostro,
2618 1098 2711 1153 cui
2734 1098 2920 1169 gloria
2949 1104 3005 1153 et
3037 1098 3369 1170 imperium,
3390 1102 3446 1152 et
3467 1097 3673 1163 honor,
3697 1102 3753 1152 et

2102 1206 2369 1261 regnum,
2398 1205 2534 1243 cum
2566 1192 2736 1243 Patre
2765 1191 2822 1242 et
2852 1191 3053 1242 sancto
3082 1186 3325 1258 Spiritu,
3347 1185 3500 1241 sicut
3529 1190 3670 1252 erat,
3695 1193 3751 1241 et

2100 1277 2227 1345 erit,
2261 1282 2319 1333 et.
2348 1294 2504 1332 nunc
2534 1281 2643 1345 est,
2678 1277 2736 1330 in
2768 1274 2981 1330 sacula
3011 1274 3379 1330 saculorum.
3410 1274 3618 1329 Amen.

413 1401 527 1474 (61)
560 1400 644 1456 At.
680 1406 849 1456 Deest
880 1402 938 1456 in
970 1401 1066 1457 Or.
1097 1403 1152 1456 2.

418 1475 527 1542 (62)
559 1470 813 1542 Οἴόσπερ.
859 1472 959 1542 8ἱο
1011 1473 1149 1542 Reg.
1198 1473 1318 1539 bm,
1350 1473 1523 1529 Coisl.
1555 1475 1609 1542 2,
1642 1475 1784 1540 Jes.,
1835 1475 1989 1542 Par.,

2102 1402 2282 1542 66263)
2313 1402 2454 1488 ἐὶὶή
2476 1396 2651 1542 βδόξῗ,
2674 1403 2807 1522 ίθῐο·
2859 1402 2997 1471 Reg.
3031 1415 3083 1469 a,
3116 1402 3173 1454 et
3203 1397 3299 1452 Or.
3330 1398 3386 1463 2,
3436 1395 3481 1465 ᾧ
3527 1393 3745 1469 κράτος,

2196 1493 2437 1542 α,τιμη,
2512 1491 2595 1524 ασι
2643 1490 2765 1525 ea.‘
3031 1538 3039 1542 _
3099 1538 3110 1542 _
3159 1537 3168 1542 _

418 1468 527 1544 (62)
559 1470 813 1545 Οἴόσπερ.
843 1472 959 1545 βὶο
1011 1473 1149 1545 Reg.
1198 1473 1318 1539 bm,
1350 1473 1523 1529 Coisl.
1555 1475 1609 1544 2,
1642 1475 1784 1540 Jes.,
1835 1475 1989 1545 Par.,

2102 1468 2247 1542 δόξα,
2266 1468 2437 1545 iriiri},
2476 1468 2739 1544 βασὶλεία.
2754 1491 2765 1503 ·

340 1541 449 1601 etc.
478 1541 542 1600 In
574 1545 689 1613 6d.,
723 1541 803 1605 οἷς
835 1541 893 1604 ὃς
927 1562 1047 1618 περ.

338 1100 427 1155 καὶ
460 1096 629 1169 ἔσται,
662 1098 751 1153 καὶ
784 1103 875 1151 νῦν
908 1102 1042 1171 (64),
1076 1098 1164 1152 καὶ
1197 1100 1271 1160 εἰς
1298 1100 1425 1161 τοὺς
1455 1099 1652 1162 αἰῶνας
1695 1103 1802 1154 τῶν
1854 1100 1991 1154 αἰώ-

341 1210 470 1244 νων.
509 1189 705 1260 Ἀμήν.

2171 1537 2280 1616 (64)
2313 1537 2415 1600 Καὶ
2446 1537 2558 1599 vim.
2593 1544 2711 1600 Jes.
2744 1541 2927 1609 addit,
2958 1538 3047 1593 καὶ
3088 1537 3191 1609 ἀεί,
3224 1544 3281 1594 et
3310 1562 3336 1588 ‹‹
3370 1554 3618 1611 semper.
3650 1560 3678 1587 ››

1026 1795 1174 1852 ³⁰⁷
1240 1806 1793 1895 ΜΟΝΙΤΗΜ
1852 1810 1961 1893 ΙΝ
2020 1808 2098 1893 Ο

2102 1807 2712 1895 ΒΑΤΙΟΝΕΜ
2767 1806 3089 1891 XVIH.

428 2092 477 2151 Ι.
546 2093 676 2151 Hac
733 2090 1040 2163 oratione,
1092 2113 1122 2145 »
1200 2090 1405 2170 inquit
1468 2092 1705 2167 Billius,
1787 2116 1815 2146 ‹‹
1869 2092 2139 2171 primum
2197 2092 2495 2153 Basilium
2554 2092 2851 2169 Magnum
2913 2089 3277 2171 alloquitur,
3336 2088 3748 2171 eiquehvelut

343 2176 786 2249 argumentum
848 2170 1167 2249 quoddam
1227 2172 1529 2232 orationis
1586 2169 2041 2234 subministrat.
2114 2173 2349 2233 Deinde
2420 2179 2693 2251 paterna
2766 2172 2907 2231 vita
2988 2170 3311 2251 historiam
3370 2169 3740 2251 exordiens,

339 2250 622 2332 ostendit
668 2251 1203 2329 quemadmodum
1236 2298 1249 2325 ,
1328 2257 1692 2331 portentosa
1747 2253 2018 2332 quadam
2076 2260 2302 2332 atque“
2340 2250 2535 2332 impia
2591 2251 3030 2331 superstitione
3087 2250 3371 2332 abjecta,
3438 2250 3737 2332 Christia-

340 2349 483 2391 nam
543 2331 729 2391 ﬁdem
789 2332 1118 2411 amplexus
1172 2332 1283 2406 sit,
1330 2330 1529 2410 idque
1587 2330 1781 2393 miris
1818 2334 2017 2394 modis
2073 2330 2371 2404 exornat,
2430 2330 2502 2392 ac
2558 2330 2743 2393 simul
2799 2336 3053 2407 captata
3107 2330 3434 2391 occasione
3489 2330 3735 2391 laudem

342 2410 555 2471 matris
612 2410 911 2471 annectit.
989 2414 1147 2472 Tum
1225 2413 1305 2472 ad
1374 2413 1676 2473 orationis
1750 2414 2103 2474 institutum
2162 2414 2451 2485 rediens,
2532 2412 2833 2473 miracula
2890 2411 3178 2490 quadam
3265 2416 3520 2484 narrat,
3598 2428 3739 2488 qua

338 2492 398 2551 in
459 2491 631 2574 illius
687 2491 1065 2574 baptismate
1121 2493 1536 2571 contigerant.
1592 2495 1750 2574 Hinc
1804 2495 1879 2553 ad
1943 2495 2368 2574 episcopatum
2428 2492 2564 2571 ejus
2620 2492 2861 2561 transit,
2912 2492 3018 2574 ubi
3073 2491 3277 2574 varias
3333 2491 3468 2567 ejus
3506 2490 3740 2574 laudes

338 2571 774 2651 prosequitur,
856 2591 929 2632 ac
1000 2570 1317 2651 pietatem
1372 2574 1624 2651 quidem
1691 2573 1858 2633 illius
1916 2570 1998 2634 et'
2033 2570 2177 2634 ﬁdei
2234 2570 2649 2634 constantiam
2730 2590 2839 2649 per
2892 2571 3293 2630 collationem
3352 2570 3737 2651 ampliﬁcat,

337 2650 606 2732 eumque
663 2651 867 2712 obiter
938 2650 1203 2730 purgat,
1282 2650 1449 2731 quod
1507 2654 1875 2732 imprudens
1935 2654 2092 2714 falso
2152 2655 2401 2715 cuidam
2458 2663 2519 2712 et
2576 2653 2880 2728 sacrilego
2940 2651 3379 2732 hareticorum
3457 2650 3740 2732 dogmati

338 2731 825 2812 subscripsisset.
888 2733 1028 2791 Mox
1084 2730 1363 2810 ejusdem
1444 2730 1877 2794 liberalitatem
1956 2735 2535 2812 benignitatemque
2609 2734 2673 2792 in
2753 2730 3241 2809 complectendis
3316 2730 3735 2812 pauperibus,

340 2812 682 2889 gloriaque
741 2811 1524 2892 humanagcontemptum
1584 2814 1862 2888 laudat;
1942 2822 2044 2885 et,
2116 2811 2490 2892 quibusdam
2572 2813 2903 2872 virtutibus
2980 2830 3091 2888 per
3153 2811 3736 2892 rcongeriemﬂenu-

345 2892 637 2964 meratis,
717 2893 795 2951 ad
830 2970 835 2971 ί
873 2891 1245 2952 humilitatis
1324 2894 1573 2953 laudem
1630 2894 1829 2962 redit,
1915 2890 2179 2971 eamque
2237 2896 2557 2971 eleganter
2632 2898 2992 2971 pertractat.
3054 2891 3167 2951 Cui
3220 2890 3587 2968 ignoscendi
3642 2891 3735 2950 fa-

344 2972 645 3032 cilitatem
702 2970 1060 3051 subjungit,
1118 2980 1309 3050 atque
1365 2972 1734 3051 injuriarum
1794 2970 2210 3046 oblivionem,
2269 2970 2686 3049 eximiamque
2743 2971 3199 3031 humanitatem
3254 2990 3394 3031 cum
3457 2970 3737 3051 mirahin‘

346 3052 529 3111 rebus
585 3052 873 3130 gerendis
927 3049 1300 3113 dexteritate
1356 3049 1780 3131 conjunctam.
1841 3055 1935 3115 lta
1991 3056 2242 3114 demum
2319 3054 2617 3132 exponit,
2693 3051 3228 3129 quemadmodum
3286 3069 3427 3132 eum
3501 3049 3739 3129 duplici

345 3132 644 3192 miraculo
700 3134 864 3214 Deus
918 3132 1278 3205 celebravit,
1330 3134 1503 3207 dum,
1556 3142 1615 3193 et
1667 3153 1794 3207 eos,
1846 3153 1881 3193 a
1930 3135 2156 3214 quibus
2202 3131 2412 3194 fuerat
2452 3133 2746 3203 oil'ensus,
2803 3132 2955 3214 ultio
3006 3132 3227 3214 divina
3264 3131 3486 3214 statim
3524 3137 3739 3214 secuta

339 3220 469 3286 est,
526 3218 587 3294 et
643 3212 931 3294 eumdem
990 3214 1893 3294 aemedicisicomploratum,
1949 3210 2198 3294 'prater
2252 3215 2531 3273 omnium
2593 3231 2809 3294 spem,
2866 3212 2996 3290 ipse
3057 3212 3334 3294 pristina
3392 3210 3732 3294 valetudini

339 3292 647 3365 restituit;
700 3300 762 3352 et
800 3292 948 3371 quia
997 3292 1094 3353 his
1132 3294 1317 3353 rebus
1364 3291 1691 3353 hominum
1740 3291 2155 3355 sanctimonia
2202 3295 2528 3373 perspicue
2574 3292 2951 3362 declaratur,
2986 3291 3735 3373 additiquemadmodum

342 3378 539 3465 mater
593 3372 962 3465 gravissimo
1018 3379 1079 3433 et
1135 3374 1529 3465 atrocissime
1586 3372 2502 3465 morbo‘laboransfrepente
2530 3374 2864 3465 sanitatem
2912 3372 3217 3465 receperit
3249 3390 3281 3465 ς.
3315 3389 3388 3430 ac
3438 3376 3741 3465 praeterea

339 3452 613 3533 quonam
674 3453 860 3513 modo
915 3454 1047 3531 ipse
1106 3454 1455 3532 periculosa
1517 3460 1882 3533 tempestate
1933 3456 2229 3532 jactatus,
2291 3460 2620 3533 parentum
2676 3452 2988 3529 precibus,
3050 3452 3462 3512 certissimum
3524 3453 3741 3533 mortis

339 3532 689 3612 periculum
748 3533 1057 3611 effugerit.
1118 3535 1275 3594 Hinc
1345 3534 1423 3594 ad
1488 3532 1865 3594 fortitudinis
1920 3532 2417 3613 constantiaque
2490 3534 2740 3593 Iaudem
2800 3551 2864 3592 se
2922 3533 3183 3613 confert.
3246 3535 3381 3604 Qua
3416 3612 3419 3613 ν
3455 3532 3740 3613 pluribus

337 3613 642 3692 exemplis
696 3613 1148 3693 demonstrata,
1218 3614 1412 3692 patris
1468 3615 1751 3675 encomio
1810 3615 1994 3675 finem
2053 3612 2342 3693 imponit,
2405 3620 2595 3691 atque
2652 3616 2727 3673 ad
2788 3616 3051 3693 matrem
3104 3612 3237 3690 jam
3296 3612 3469 3672 senio
3526 3612 3738 3671 confe-

338 3700 503 3753 ctam
562 3692 909 3753 orationem
968 3700 1355 3765 convertens,
1418 3712 1556 3754 eam
1614 3694 2073 3771 elegantissime
2131 3692 2191 3756 et
2248 3695 2605 3756 doctissime
2662 3692 3043 3753 consolatur.
3096 3716 3126 3746 »

418 3775 495 3834 Il.
556 3772 843 3834 Nazianzi
901 3773 1106 3834 medio
1164 3774 1409 3834 circiter
1464 3792 1629 3833 anno
1688 3769 1803 3835 374
1864 3774 2079 3835 habita
2155 3782 2245 3835 est
2322 3774 2457 3833 hac
2535 3774 2758 3833 oratio.
2824 3774 3033 3833 Mense
3102 3770 3268 3830 enim
3348 3769 3568 3830 Martio
3640 3769 3737 3828 vel

338 3853 536 3932 Aprili
594 3852 867 3933 hujusce
913 3853 1103 3927 anni,
1163 3855 1349 3933 juxta
1406 3854 1720 3927 eruditos,
1783 3855 2026 3915 obierat
2084 3855 2416 3933 Gregorius
2474 3855 2701 3913 senior.
2764 3853 2833 3911 Id
2870 3852 3078 3933 etiam
3137 3849 3456 3933 nonnullis
3513 3868 3736 3908 monu-

342 3929 567 3994 mentis
598 3929 877 4013 probari
932 3929 1182 4013 potestf
1216 3940 1303 3994 Ac
1360 3934 1564 4012 primo
1621 3934 1873 4012 quidem
1934 3942 2178 3995 constat
2210 3929 2550 3994 'mortuum
2604 3933 2736 4013 jam
2798 3932 2982 3991 fuisse
3039 3929 3404 4007 Gregorium
3440 3934 3734 4013 _patrem,

338 4031 476 4073 cum
536 4008 655 4093 adi
692 4008 1078 4075 Iconien'sem
1135 4008 1757 4092 sedem—assumptus
1821 4021 1914 4074 est
1986 4014 2482 4093 Amphilochius.
2546 4008 2807 4093 Etenim
2878 4030 3004 4089 quo
3042 4016 3363 4093 Atempore
3436 4008 3522 4093 is_
3566 4009 3735 4069 ordi-

337 4099 519 4153 natus
574 4091 689 4151 fuit
766 4094 960 4153 Iconii
1035 4094 1400 4173 episcopus,
1483 4088 1818 4172 Gregorius
1874 4088 2122 4155 noster'
2158 4094 2223 4153 in
2298 4095 2467 4154 luctu
2525 4092 2609 4173 de
2680 4088 2954 4173 parentis
3031 4090 3271 4173 funere»
3325 4088 3733 4173 versabatur,

336 4178 403 4233 ut
457 4172 723 4251 ipsemet
773 4174 990 4234 scribit
1046 4168 1124 4235 ad
1177 4168 1687 4252 Amphilochium
1749 4180 1988 4252 patrem
2046 4193 2058 4233 :
2126 4198 2155 4227 ‹‹
2205 4176 2296 4233 An
2350 4180 2409 4234 te
2467 4168 2742 4250 quidem,
2804 4196 2830 4225 »
2900 4171 3107 4249 inquit
3163 4170 3311 4250 (65),
3375 4192 3403 4222 ‹‹
3456 4168 3517 4227 in
3579 4186 3733 4228 ma-

334 4270 541 4333 rorem
587 4252 859 4333 Aconjicit
912 4253 1099 4330 ﬁlius,
1160 4252 1327 4333 quod
1387 4254 1467 4314 ob
1525 4255 1817 4316 virtutem
1877 4254 2239 4333 arripiatur,
2300 4260 2361 4314 et
2419 4253 2657 4333 honore
2714 4252 3123 4312 afﬁciatur....
3189 4253 3559 4333 meantem
3610 4266 3734 4308 non

332 4331 671 4393 discruciat
720 4328 941 4411 pater,
1001 4328 1107 4412 qui
1164 4328 1545 4412 postremam
1610 4353 1646 4394 a
1703 4335 1883 4395 nobis
1940 4328 2508 4413 peregrinationem
2566 4332 2742 4402 iniit,
2802 4351 2878 4391 ex
2934 4349 3060 4409 qua
3114 4348 3241 4413 non
3294 4328 3566 4413 jar_n__ad_
3602 4347 3738 4413 _nos

334 4417 683 4473 revertetur
704 4406 741 4485 ,’
780 4431 894 4473 nec
930 4406 989 4471 7a
1020 4406 1223 4473 'nobis
1276 4415 1748 4492 conspicietur?
1795 4440 1825 4470 »
1905 4406 2215 4475 P‘rate'rea
2272 4414 2646 4482 Faustinus,
2706 4413 2805 4472 cui
2862 4406 3158 4471 successit
3216 4406 3735 4492 Amphilochius,

331 4494 460 4554 vita
533 4493 783 4552 functus
858 4498 993 4552 erat
1068 4512 1233 4555 anno
1308 4489 1447 4553 373;
1527 4495 1791 4555 Basilius
1881 4514 2153 4571 namque
2228 4495 2308 4554 ad
2385 4494 2720 4555 Eusebium
2780 4493 3283 4552 Samosatensem
3352 4489 3734 4571 _episcopum

332 4572 656 4644 scribens,
733 4572 821 4631 ait
880 4572 998 4652 (66)
1052 4591 1066 4633 :
1142 4597 1170 4627 α
1222 4574 1501 4634 Iconium
1562 4574 1777 4635 civitas
1834 4580 1926 4634 est
2000 4568 2320 4635 Pisidia...
2400 4577 2539 4652 Ipsa
2595 4592 2708 4631 nos
2760 4572 3023 4644 invitat,
3104 4575 3173 4652 ut
3228 4587 3292 4652 se
3348 4568 3735 4652 invisamus,

338 4658 403 4712 ut
462 4652 827 4731 episcopum
884 4648 941 4712 ei
980 4648 1233 4714 demus.
1300 4656 1579 4715 Mortuus
1638 4660 1728 4714 est
1784 4655 1947 4714 enim
2025 4656 2378 4716 Faustinus.
2429 4648 2464 4707 3)
2546 4656 2720 4714 Hanc
2778 4659 2989 4712 autem
3049 4648 3379 4731 epistolam
3436 4649 3735 4731 scriptam

332 4728 521 4814 anno'
558 4728 695 4814 3'73:
732 4732 1133 4814 consentiunt
1203 4734 1452 4795 eruditi.
1522 4737 1764 4814 Utrum,
1817 4754 1961 4794 vero
2045 4733 2521 4814 Amphilochius
2596 4732 2879 4812 proxime
2954 4729 3253 4814 Faustino
3323 4728 3733 4814 successerit,

333 4832 413 4873 an
473 4811 1158 4893 hareticusrquidam,
1217 4815 1325 4893 qui
1383 4818 1543 4875 328
1602 4813 1774 4873 brevi
1830 4807 2188 4876 defunctus'
2216 4820 2323 4874 aut
2380 4807 2615 4892 pulsus—
2651 4819 2778 4883 est,
2852 4810 3095 4893 medius
3148 4807 3517 4893 Faustinum
3572 4807 3738 4868 inter

333 4900 396 4954 et
450 4888 959 4971 Amphilochium
1017 4888 1276 4967 sederit,
1340 4902 1408 4954 ut
1463 4894 1850 4956 arbitrantur
1908 4895 2225 4962 nonnulli,
2284 4888 2403 4953 non
2465 4894 2611 4953 satis
2665 4894 2880 4969 liquet.
2941 4889 3254 4966 Quidquid
3314 4888 3432 4971 _s_it,
3494 4892 3733 4971 certum

331 4978 426 5033 est
481 4967 996 5051 Amphilochium
1071 4973 1408 5035 Iconiensis
1483 4975 1769 5036 Ecclesia
1825 4975 2432 5036 administrationem
2492 4967 2834 5050 suscepisse
2891 4989 3057 5031 anno
3090 4971 3253 5051 _374.
3314 4968 3491 5051 Hunc
3550 4967 3735 5051 enim

327 5046 689 5133 ordinatum
777 5054 1143 5133 episcopum
1218 5055 1379 5115 datis
1456 5056 1679 5117 litteris
1755 5056 1975 5116 eodem
2053 5074 2221 5116 anno
2308 5053 2571 5115 Basilius
2649 5046 3022 5133 consolatur;
3087 5048 3182 5133 his
3243 5047 3464 5133 _verhis
3540 5046 3733 5133 (67)_:

334 5158 365 5189 ι(
415 5127 1065 5215 ΒεθεόίοῑμβἾΜιιὲ,
1145 5136 1254 5215 qui
1306 5134 1437 5215 sibi,
1496 5137 1814 5214 placentes
1872 5137 1934 5195 in
1992 5135 2255 5214 singulis
2313 5134 2603 5215 atatibus
2670 5132 2894 5215 elegit,
2971 5128 3417 5215 electionisque
3473 5127 3740 5215 secernit

326 5232 521 5286 vasa,
598 5218 660 5273 et
716 5211 812 5271 his
886 5214 1083 5274 utitur
1138 5209 1216 5275 ad
1295 5209 1706 5275 ministerium
1785 5209 2143 5277 sanctorum
2205 5234 2218 5274 :
2310 5214 2416 5291 qui
2475 5232 2640 5273 nunc
2714 5214 2900 5274 etiam
2961 5218 3021 5271 te
3078 5229 3220 5271 cum
3297 5209 3583 5291 fugeres,
3622 5288 3631 5291 _
3669 5214 3739 5269 ut

329 5298 533 5375 tumet
586 5292 839 5375 dixisti,
918 5313 1043 5354 non
1096 5314 1269 5375 nos,
1331 5294 1440 5375 sed
1496 5296 1886 5357 vocationem
1947 5315 2134 5375 quam
2218 5288 2343 5373 per'
2403 5314 2515 5354 nos
2593 5295 2866 5353 futuram
2918 5289 3388 5375 _suspicabaris,
3472 5288 3737 5375 inevita-

326 5374 561 5434 bilibus
617 5373 835 5449 gratia
893 5375 1128 5435 retibus
1185 5374 1475 5452 illigavit,
1526 5394 1599 5435 ac
1654 5376 1715 5435 in
1776 5369 2039 5434 mediam
2102 5369 2395 5434 Pisidiam
2460 5374 2735 5443 deduxit,
2794 5380 2861 5433 ut
2918 5372 3203 5432 homines
3248 5370 3376 5429 Deo
3435 5369 3666 5445 capias,
3709 5393 3735 5422 ι

326 5462 451 5515 etc.
532 5453 681 5514 Cum
759 5472 909 5530 ergo
986 5461 1047 5515 et
1122 5454 1537 5515 ordinationis
1610 5456 2033 5535 Amphilochii
2116 5465 2176 5515 et
2253 5455 2535 5532 Gregorii
2608 5454 2867 5514 senioris
2940 5453 3150 5514 obitus
3232 5457 3518 5526 tempora
3592 5468 3742 5507 con-

430 5582 524 5657 65)
553 5581 743 5657 Epist.
774 5582 869 5657 6ζᾶ2
2167 5586 2279 5657 (67)
2311 5584 2491 5657 Epist.
2531 5586 2653 5642 161.
2728 5596 2733 5603 ·

431 5654 528 5728 es)
553 5654 741 5728 Epist.
772 5654 897 5712 138.
