2069 3106
157 158 219 191 985
612 157 757 189 ORATIO
778 156 889 189 XVIII.
904 173 944 180 —
958 156 979 187 Ε

1040 156 1155 189 ιιιιιιιε
1177 156 1217 188 IN
1238 131 1413 189 suam.
1802 155 1868 188 oce

160 228 269 256 narrat
295 224 477 263 Theologus
505 224 549 263 (n.
579 224 654 261 29):
683 235 697 253 ιι
715 223 853 264 Mysterii
881 226 1011 265 tempus
1033 224 1194 255 aderat....
1220 233 1290 254 cum
1318 224 1372 255 ille
1401 223 1581 265 (Gregorius
1609 222 1712 265 pater)
1742 223 1782 254 ab
1810 233 1859 259 eo,

159 266 214 305 qui
243 269 383 296 mortuos
411 265 451 295 ad
480 265 574 294 vitae;
608 276 629 293 Ιί
643 268 742 300 vocat,
767 264 1069 305 excitaturnPrimo
1098 264 1262 303 paululum
1290 274 1322 294 se
1351 269 1465 300 movet,
1493 264 1604 295 deinde
1631 264 1859 305 ﬁrmius,rmox

159 304 274 344 exigua
299 305 470 335 admodum
499 308 531 335 et
567 305 704 335 obscura
742 313 818 334 voce
856 304 1062 334 famulum...
1102 308 1218 334 vestem
1255 305 1435 344 porrigere,
1478 313 1670 343 manumque
1707 304 1862 343 subjicere

160 346 258 384 iubet.
287 346 346 381 Qui
374 354 446 375 cum
476 355 538 375 non
567 345 633 375 sine
661 348 789 383 stupore
818 344 950 379 adesset,
987 348 1195 383 prompteque
1222 345 1456 383 obsequeretur,
1488 346 1554 384 ipse
1584 354 1679 374 manu
1708 348 1859 383 tanquam

182 386 273 416 aculo
301 386 425 421 ductus,
456 385 595 425 Moysem
622 384 711 415 illum
739 385 771 414 in
800 388 906 414 monte
934 388 1076 414 orantem
1106 385 1270 420 imitatur;
1302 385 1471 424 fractisque
1498 395 1534 415 ac
1561 385 1732 415 debilitatis
1761 385 1862 415 mani-

158 426 218 456 bus
245 425 285 456 ad
314 425 487 456 orationem
510 424 720 464 compositis,
760 427 840 454 330
870 424 967 454 alacri
995 425 1102 454 animo
1136 434 1190 463 pro
1228 425 1345 463 populo
1376 426 1522 464 mysteria
1550 425 1766 458 concelebrat.
1807 428 1862 455 aut

160 465 383 506 praecelebrat,
414 465 523 504 paucis
552 465 699 506 quidem,
728 467 759 506 et
787 464 901 506 quibus
929 467 1072 506 poterat,
1101 464 1223 506 verbis,
1255 469 1356 506 mente
1386 469 1511 506 autem,
1547 465 1687 506 utimibi
1715 465 1858 506 videtur,

160 504 312 545 perquam
342 506 475 544 integra.
505 506 581 534 Rem
610 505 746 535 miraml
777 504 844 534 sine
872 504 1008 535 sacrario
1036 505 1068 534 in
1097 504 1253 540 sacrario,
1293 505 1358 535 sine
1388 505 1479 535 altari
1506 505 1684 541 sacriﬁcus,
1715 505 1861 535 sacerdos

159 544 178 576 ἐι
218 545 373 584 mysteriis
402 548 590 575 remotus....
630 545 762 579 Postea,
802 553 872 574 cum
909 545 1082 583 gratiarum
1110 544 1242 574 actionis
1270 545 1384 580 verba,
1423 545 1468 575 ita
1496 548 1530 575 ut
1557 545 1750 576 consuetudo
1778 545 1857 581 fert,

159 586 270 616 eil'etus
296 588 386 621 esset,
413 595 449 615 ac
479 585 630 624 populum
659 584 878 620 benedixisset,
905 584 936 614 in
965 584 1114 614 lectulum
1145 594 1251 614 rursus
1279 594 1312 614 se
1340 585 1484 623 conjecit.
1503 598 1516 612 ››
1547 587 1590 615 Kx
1619 594 1682 624 quo
1711 588 1859 616 contextu

159 626 288 665 quidam
316 625 452 661 eruditi,
483 626 564 655 inter
592 634 671 664 quos
699 624 898 665 doctissimus
925 633 962 654 ac
992 624 1148 663 piissimus
1176 625 1343 654 cardinalis
1371 626 1459 655 Bona
1487 626 1586 664 (72),
1618 625 1756 664 mysterii
1783 635 1860 655 voce

158 664 300 704 decepti,
340 665 524 704 Gregorium
556 668 677 704 patrem
706 674 724 694 a
752 664 868 695 lectulo
897 665 1088 701 surrexisse,
1128 668 1158 694 et
1197 665 1353 704 privatum
1383 674 1506 695 sacrum
1543 666 1575 694 in
1613 665 1757 695 cubiculo
1788 674 1858 704 per-

157 706 277 745 egisse,
307 705 537 735 existimarunt.
569 705 681 735 Verum
712 704 737 734 si
763 705 843 734 serio
871 705 1102 743 perpendamus
1131 704 1284 743 Theologi
1313 705 1429 741 verba,
1462 714 1523 735 non
1552 714 1659 734 verum
1677 714 1726 745 iac
1754 705 1858 741 reale,

157 747 211 776 sed
243 746 410 785 mysticum
438 748 582 780 tantum,
611 748 779 783 menteque
807 749 993 785 conceptum
1022 745 1053 774 in
1082 745 1222 784 Gregorii
1250 745 1331 775 factu
1360 745 1547 775 sacriﬁcium
1576 744 1857 784 deprehendamus.

159 797 175 814 «
191 787 281 822 Nam,
301 797 315 813 η
343 788 376 815 ut
403 785 448 816 ait
476 785 559 815 Elias
572 785 649 824 (73),
679 786 790 815 «festa
812 784 939 824 quidem
968 784 1056 820 olim,
1081 784 1122 815 ob
1150 794 1198 821 ea,
1223 794 1294 823 qua).
1321 786 1352 815 in
1382 785 1430 815 his
1456 785 1584 824 mystice
1614 784 1858 824 peragebantur.

157 826 305 865 mysteria
332 825 536 865 appellabant
564 835 572 855 :
612 825 673 855 hoc
701 828 806 865 autem
837 824 907 854 loco
935 834 1007 854 eum
1036 825 1287 865 (Theologum),
1317 834 1372 865 per
1403 825 1607 865 mysterium,
1645 825 1760 865 ipsum?
1778 825 1858 855 sacri

158 864 330 896 conventus
356 864 480 904 tempus
508 864 683 904 intelligere
711 864 866 900 existimo,
892 864 924 894 in
949 874 1011 904 quo
1036 865 1182 904 mysticae
1206 864 1331 905 quoque
1357 864 1463 904 preces
1486 865 1663 896 sacerdotes
1686 864 1858 895 celebrant.

158 906 215 936 Cui
243 907 404 936 sententiae
433 914 470 935 ea
498 905 604 940 etiam,
629 914 699 943 quae
728 907 917 945 sequuntur,
937 904 1093 945 favent....
1124 906 1190 944 Ego
1219 904 1367 944 mysteria
1395 906 1521 945 quidem
1551 914 1608 944 pro
1637 904 1756 945 populo
1783 914 1859 935 con-

158 945 308 981 celebrat,
338 948 448 984 utpote
475 954 539 975 una
566 954 637 975 cum
667 944 704 974 iis
732 945 786 984 qui
816 944 882 974 hac
910 944 942 974 in
971 944 1063 975 altari
1091 945 1293 975 celebrabant
1322 944 1431 985 spiritu
1461 954 1609 985 prmsens,
1639 944 1761 975 etiamsi
1788 953 1858 985 cor-

158 994 256 1025 pore,
286 988 415 1024 propter
442 985 584 1024 corporis
611 984 848 1025 infirmitatem,
879 984 1025 1021 abesset;
1056 985 1261 1025 preecelebrat
1287 989 1414 1022 autem,
1444 984 1478 1016 ut
1506 985 1727 1024 compendiose
1757 984 1859 1023 quod-

158 1024 307 1055 ammodo
336 1034 373 1055 ac
401 1024 537 1055 breviter
564 1034 601 1055 ea
630 1024 716 1064 prius
745 1024 919 1054 absolvens.
947 1036 961 1052 »
1004 1024 1121 1055 Eodem
1151 1025 1244 1055 modo
1272 1026 1518 1065 interpretantur
1546 1025 1696 1060 Basilius,
1726 1024 1857 1061 Billins,

157 1065 395 1101 Tillemontius,
424 1068 484 1095 etc.
515 1066 583 1094 Non
611 1073 687 1103 ergo
720 1076 735 1092 «
761 1065 916 1103 privatum
944 1074 1069 1095 sacrum
1099 1065 1131 1094 in
1159 1065 1304 1096 cubiculo
1333 1066 1465 1105 peregit.
1491 1077 1505 1093 ι)
1538 1065 1704 1105 Gregorius
1732 1065 1857 1101 senior,

157 1114 229 1135 cum
257 1105 302 1135 ibi
329 1114 386 1142 ea,
425 1114 497 1144 quae
526 1105 566 1135 ad
594 1114 703 1134 verum
734 1105 921 1134 sacriﬁcium
949 1105 1174 1144 requiruntur,
1213 1109 1398 1136 ornamenta
1433 1106 1569 1141 scilicet,
1608 1106 1726 1141 altare,
1768 1105 1859 1144 panis

156 1148 188 1175 et
215 1146 297 1176 calix
325 1144 541 1181 consecrandi,
569 1144 726 1174 abessent.
756 1145 878 1175 Etenim
907 1153 945 1185 ei;
972 1144 1125 1183 Theologi
1153 1149 1300 1176 contextu
1329 1146 1471 1185 sequitur
1500 1149 1634 1182 tantum,
1673 1145 1856 1183 Gregorium

156 1188 290 1225 patrem,
320 1185 452 1216 solemni
482 1185 642 1215 Paschatis
670 1185 730 1220 die,
764 1194 826 1222 pra:
844 1224 847 1225 ν
864 1184 973 1215 morbo
997 1185 1166 1224 jacentem,
1196 1196 1213 1216 e
1242 1186 1355 1217 lectulo
1374 1184 1565 1221 surrexisse,
1582 1189 1613 1216 et
1640 1185 1671 1215 in
1699 1185 1854 1221 cubiculo,

155 1224 301 1256 manibus
328 1225 368 1256 ad
396 1225 570 1255 orationem
600 1225 801 1264 compositis,
830 1224 964 1263 liturgiw
995 1234 1118 1264 preces,

635 1265 767 1304 proinde
795 1265 890 1295 verbo
919 1268 1062 1301 tantum,
1095 1269 1127 1295 ut
1155 1266 1199 1296 ita
1229 1266 1359 1305 loquar,
1389 1266 1558 1302 obtulisse,
1588 1265 1706 1305 gratias
1735 1266 1855 1305 egisse,

154 1265 269 1301 verbis,
298 1278 312 1293 »
350 1265 497 1296 recitasse
521 1274 528 1301 ;
569 1274 605 1295 ac

1167 1238 1182 1254 «
1211 1226 1317 1265 paucis
1345 1226 1493 1265 quidem,
1532 1229 1566 1256 et
1590 1225 1706 1265 quibus
1733 1228 1858 1264 poterat

154 1305 362 1343 benedixisse,
391 1309 451 1335 etc.
483 1304 601 1340 Quibus
628 1304 775 1344 peractis,
805 1305 837 1335 in
865 1305 1016 1335 lectulum
1046 1315 1153 1335 rursus
1181 1315 1213 1336 se
1243 1304 1388 1345 conjecit.

193 1358 249 1394 (72)
266 1359 371 1392 Liturg.
390 1357 439 1385 lib.
457 1366 477 1392 ι,
488 1366 513 1385 c.
527 1358 570 1392 14,
583 1366 610 1393 p.
627 1358 662 1385 96
676 1358 721 1385 ed.
734 1358 818 1385 Rom.
830 1366 877 1385 an.
890 1358 968 1386 1671.

396 1481 597 1529 ΛΟΓΟΖ
651 1482 749 1528 IH’.

161 1546 321 1586 Ἐπιαάφιος
353 1548 407 1584 (74)
445 1547 568 1586 εἶς-τον,
598 1548 710 1586 πατέρα,
749 1548 882 1586 παρόντος
924 1550 1024 1586 (75)Α

492 1583 647 1612 Βασιλείου.

190 1631 229 1658 Λ’.
245 1629 389 1666 ’Ἄνθρωπε
416 1631 465 1656 τοῦ
493 1631 570 1663 Θιοῦ,
600 1629 644 1656 καὶ
671 1629 749 1656 πιστὶ
778 1630 906 1667 θεράπον,
935 1631 981 1658 καὶ

155 1672 285 1710 οἶκονόμι
305 1674 359 1700 τῶν
374 1674 425 1700 τοῦ
448 1674 516 1701 Θεοῦ
539 1672 707 1710 μυστηρίων,
733 1673 777 1700 καὶ
802 1672 864 1712 ἄνερ
888 1674 981 1701 ἐπιθυ-

156 1719 227 1753 μιῶν
241 1719 296 1745 τῶν
312 1719 361 1745 τοῢ
377 1716 534 1754 Ηνιύματος
546 1726 553 1733 ·
571 1716 642 1745 οὕτω
666 1718 718 1755 γὰρ
734 1719 752 1753 ὴ
782 1719 874 1758 Γραφή
902 1717 982 1746 καλιῖ

153 1761 218 1792 τοὺς
241 1759 438 1797 διαϐεϐηκότας
461 1761 507 1789 καὶ
537 1761 670 1799 ὑψηλοὺς,
700 1762 744 1790 καὶ
775 1762 898 1801 ὑπεράνω
923 1764 981 1800 (76)

153 1808 207 1834 τῶν
224 1805 469 1844 ὁρωμένων.Καλῶ
484 1804 512 1834 δέ
528 1816 557 1833 σι
571 1806 616 1833 καὶ
632 1807 696 1834 Θιὸν
709 1807 810 1845 Φαραὼ
825 1807 914 1843 πάσης
931 1807 980 1835 Ai-

154 1851 306 1888 γυπτιαιιῆς
330 1850 375 1878 καὶ
400 1849 589 1887 ἀντικειμένης
615 1849 766 1887 δυνάμεως,
794 1850 840 1878 καὶ
870 1851 979 1886 στύλον,

153 1895 199 1922 καὶ
225 1893 364 1933 ὔδραίωμα
385 1898 435 1929 τῆς
458 1894 632 1930 Ἐκκλησίας,
667 1895 712 1922 καὶ
737 1894 846 1931 θέλημα
870 1896 978 1931 Κυρίου,

154 1939 199 1967 καὶ
229 1943 370 1978 ῳωστῆρα,
395 1939 421 1966 ἐν
448 1939 544 1976 κόσμῳ
569 1939 650 1977 λόγον
673 1941 745 1974 ζωῆς
762 1939 905 1977 ἐπέχοντα,
935 1940 980 1968 καὶ

154 1983 270 2015 πίστεως
297 1982 418 2020 ἔρεισμα,
447 1983 492 2011 καὶ
532 1983 688 2020 Πνιύματος
716 1985 896 2022 καταγώγιον.
927 1984 979 2014 Καὶ

152 2028 179 2056 τι
201 2028 232 2055 ἃν
254 2028 341 2059 πάσας
373 2027 582 2065 ἀπαριθμοίμην
607 2029 655 2059 τάς
683 2028 885 2067 προσηγορίας,
915 2029 979 2061 ὅσας

152 2073 170 2107 ἡ
185 2073 265 2110 ἀρετή
281 2082 324 2100 σοι
346 2071 508 2107 πεποίηκιν,
533 2071 606 2106 ἄλλη
627 2082 668 2104 τις
696 2071 785 2108 ἄλλην
799 2073 937 2101 οἷκειοῧσά
951 2084 980 2102 τι

151 2116 196 2144 καὶ
210 2115 399 2154 προσάγουσαῖ

187 2163 222 2189 Β¹.
239 2159 315 2195 Πλὴν
346 2160 423 2188 εῑπὲ’
450 2159 531 2187 πόθιν
559 2159 660 2197 πάριι;
689 2161 734 2188 καὶ
759 2161 802 2192 τίς
827 2172 875 2190 σου
896 2162 914 2197 ἡ
938 2161 980 2199 ἐρ-

150 2204 249 2242 γασία,
266 2204 311 2232 καὶ
323 2204 350 2232 τί
365 2203 548 2242 χαριούμενος
567 2203 644 2239 ἥιεις
659 2205 746 2240 ήμῖν;
767 2204 877 2240 Ἐπειδῆ
893 2206 980 2234 πάντα

151 2248 241 2281 “silv
271 2250 339 2285 Θεῷ,
367 2249 413 2276 καὶ
440 2249 514 2287 παρὰ
538 2250 606 2276 Θεοῦ
634 2249 794 2286 κινούμενον
818 2248 914 2288 ἔγνων,
932 2251 978 2279 καὶ

151 2292 194 2321 ἄπ’
209 2292 349 2332 ιύιργισίᾳ
366 2294 420 2320 τῶν
437 2291 606 2330 διχομένων.
631 2293 723 2324 ’Πκεις
746 2294 821 2330 ἡμᾶς
845 2294 977 2323 inomni-

151 2348 205 2365 σων
230 2338 298 2375 (77),
323 2338 341 2372 ἢ
363 2337 410 2365 τὸν
436 2337 557 2374 ποιμένα
581 2338 717 2373 ζητήσων,
740 2339 758 2373 ἢ
781 2338 813 2366 τὸ
846 2339 974 2376 ποίμνιον

151 2381 340 2419 ἐποψόμινοςς
368 2384 453 2419 Ἦμᾶς
484 2381 531 2419 μὶν
560 2381 610 2410 οὐκ
635 2381 675 2410 ἔτι
709 2380 799 2418 ὄντας,
828 2383 902 2412 ἀλλὰ
937 2387 977 2421 τῷ

187 2440 212 2457 ³⁵
225 2439 315 2468 Josue
329 2447 388 2474 x1v,
404 2439 432 2476 6,
469 2439 592 2476 Pilum.
610 2447 660 2474 xii,
675 2440 703 2476 7,
740 2441 762 2459 ³¹
780 2440 791 2469 Ι
806 2441 870 2470 Cor.
895 2449 934 2476 iv,
960 2443 986 2470 1.

149 2476 174 2494 ³⁸
188 2476 244 2504 lsa.
261 2483 329 2509 an,
345 2475 372 2502 4.
410 2475 433 2492 ³⁸
446 2474 574 2511 Philipp.
592 2483 624 2510 ιι,
641 2476 685 2503 16.

184 2533 242 2571 (μ)
264 2532 442 2571 ξΕπιςάφιος,
472 2534 526 2561 etc.
556 2532 610 2571 βίιιΔ
635 2532 748 2562 titulus
774 2534 803 2562 in
831 2534 979 2571 plerisque

148 2569 248 2601 codd..
264 2568 381 2611 brevti
392 2576 464 2611 sane
487 2570 516 2611 et
541 2568 648 2611 clarior
662 2577 749 2611 quam
766 2568 840 2611 .iste;
853 2579 870 2598 a
894 2568 978 2611 Billio

149 2607 311 2640 usurpatas
327 2613 334 2632 :
350 2603 398 2635 Εἰς
426 2604 472 2631 τὸν
501 2603 599 2637 ἑαυτοῦ
623 2602 734 2641 ποτὲἑρα,
763 2603 790 2631 ἐν
819 2604 842 2640 ᾧ
868 2606 914 2632 καὶ
940 2605 978 2637 cl;

150 2639 267 2677 N6vv¢v_
290 2639 396 2677 μητέρα
415 2638 668 2677 Διιτιιιριι).ι.υθῃ·ιιιιός.
689 2674 694 2677 _
712 2638 826 2677 Εἴρηται
863 2639 893 2667 δὲ
933 2640 977 2669 ἰπὶ

150 2650 252 2667 Νονναν
290 2650 396 2676 μητερα
432 2650 668 2703 παραιμυῠητικος.
712 2650 826 2677 ιιρηται
863 2650 893 2667 οε
933 2650 977 2669 ιπι

149 2675 290 2738 παρουείί
311 2674 465 2711 Daedalon,
491 2685 530 2718 ac
557 2674 586 2702 ὅν
608 2674 709 2717 mind)
725 2675 979 2718 neeuiptovmoui-

149 2721 193 2739 ται
208 2721 257 2739 του
292 2710 367 2740 όγου·
387 2723 398 2737 α
416 2712 514 2740 Sancti
537 2711 668 2740 ῦιοαοιιιι
690 2715 793 2740 oratio.
810 2714 916 2740 partim
933 2713 978 2740 fu-

148 2713 195 2739 ται
208 2713 257 2739 τοῦ
273 2713 306 2738 λό
325 2721 367 2738 ου·
387 2723 398 2737 ι
416 2713 514 2740 Sancti
537 2713 668 2747 Gregorii
690 2713 793 2747 oratio,
810 2713 916 2747 partim
933 2713 978 2740 fu-

150 2747 250 2784 nebris
263 2720 429 2784 iuglandem
442 2747 536 2784 patris
553 2747 599 2775 sui
615 2747 734 2784 mortui,
751 2748 858 2783 partim
875 2755 979 2777 conso-

149 2783 259 2820 latorie
274 2783 310 2811 ad
327 2783 611 2820 matremiNonnam,
627 2783 729 2820 habita
741 2786 884 2820 prasente
897 2784 978 2814 Basi-

151 2819 204 2854 lio,
219 2819 256 2850 ad
271 2826 361 2856 quem
375 2821 404 2849 et
418 2818 596 2856 principium
608 2818 751 2850 orationii
763 2821 886 2856 spectat.
897 2830 913 2846 η

1060 1358 1116 1395 (73)
1133 1359 1164 1386 Ιιι
1180 1358 1341 1388 Comment.

1208 1470 1440 1518 ORATIO
1486 1470 1642 1518 XVIII
1659 1477 1687 1517 ⁸.

1102 1551 1234 1579 Funebria
1247 1553 1337 1580 oratio
1352 1552 1385 1579 in
1398 1554 1517 1587 patrem,
1531 1554 1667 1587 praesente
1680 1552 1796 1580 Basilio.

1072 1631 1094 1658 1.
1107 1633 1200 1659 Homo
1212 1631 1269 1667 (78)
1281 1631 1330 1659 Dei
1341 1632 1373 1663 ”,
1385 1634 1414 1659 et
1428 1631 1523 1660 ﬁdelis
1536 1640 1617 1660 serve
1628 1633 1661 1666 ³ο,
1672 1634 1701 1660 et
1711 1631 1860 1668 mysterio-

1036 1683 1102 1703 rum
1115 1675 1166 1704 Dei
1188 1675 1375 1711 dispensator
1384 1676 1418 1709 “,
1434 1678 1463 1704 et
1473 1676 1517 1703 vir
1537 1676 1747 1704 desideriorum
1768 1676 1860 1712 Spiri-

1036 1721 1082 1747 tus
1094 1719 1133 1753 3’;
1150 1720 1204 1747 hoc
1219 1720 1297 1751 enim
1314 1720 1432 1748 nomine
1443 1720 1549 1748 virtute
1564 1722 1717 1756 provectos
1728 1722 1758 1748 et
1767 1720 1860 1749 excel-

1035 1772 1085 1792 sos
1095 1763 1182 1796 viros,
1195 1766 1223 1792 et
1234 1772 1323 1800 supra
1333 1772 1377 1800 ea,
1387 1773 1450 1800 quis
1462 1764 1554 1793 oculis
1565 1767 1736 1798 cernuntur,
1748 1765 1860 1800 positos

1035 1808 1187 1844 Scriptura
1207 1811 1300 1840 vocat.
1314 1809 1388 1841 Quin
1415 1811 1446 1837 te
1468 1817 1586 1845 quoque
1610 1809 1780 1844 Pharaonis,
1805 1809 1860 1837 boo

1036 1855 1090 1887 est,
1102 1853 1197 1881 omnis
1214 1853 1386 1889 [Egyptians
1405 1856 1493 1890 atque
1515 1853 1685 1882 adversariae
1708 1853 1861 1888 potestatis

1035 1900 1126 1925 Deum
1151 1897 1265 1934 appello
1276 1899 1309 1932 ³³,
1327 1901 1356 1926 et
1370 1898 1503 1926 Ecclesiae
1527 1898 1696 1927 columnam
1712 1906 1746 1926 ac
1761 1898 1859 1926 firma:

1035 1944 1166 1969 mentum
1178 1942 1211 1975 ³⁸,
1222 1945 1250 1970 et
1265 1942 1381 1970 Domini
1398 1941 1572 1970 voluntatem
1582 1943 1614 1977 ³⁸,
1626 1944 1658 1970 et
1670 1941 1813 1970 luminare
1829 1942 1858 1970 in

1035 1986 1145 2014 mundo
1161 1987 1283 2015 verbum
1299 1987 1363 2015 vita;
1387 1986 1578 2020 sustinens“,
1595 1990 1623 2014 et
1646 1987 1712 2014 fidei
1733 1987 1858 2015 admini-

1034 2030 1145 2066 culum,
1161 2039 1195 2058 ec
1211 2031 1292 2063 3811
1303 2031 1431 2067 Spiritus
1454 2030 1646 2059 domicilium.
1664 2029 1697 2058 Et
1712 2031 1782 2067 quid
1809 2039 1859 2059 no-

1034 2076 1116 2104 mina
1131 2084 1165 2104 ea
1185 2075 1294 2108 omnia,
1307 2084 1369 2111 quas
1395 2075 1447 2103 tibi
1475 2078 1526 2103 tua
1548 2075 1641 2104 virtus
1664 2075 1786 2111 peperit.
1803 2075 1860 2104 alia

1035 2120 1114 2148 aliud
1131 2120 1184 2147 tibi
1199 2120 1360 2148 concilians
1376 2122 1464 2156 atque
1479 2121 1614 2156 atterens,
1625 2120 1814 2148 enumerem?

1072 2165 1105 2192 II.
1121 2165 1264 2192 Caeterum
1290 2164 1348 2199 dic,
1361 2172 1470 2200 quaeso,
1486 2164 1564 2192 unde
1579 2165 1648 2192 ades
1673 2167 1700 2192 et
1724 2173 1858 2201 quamam

1033 2210 1085 2236 tua
1101 2217 1198 2244 opera,
1211 2208 1340 2245 quidque
1354 2208 1514 2246 largiturus
1525 2209 1561 2237 ad
1577 2217 1630 2237 nos
1647 2209 1749 2237 venis?
1765 2211 1860 2243 Quan-

1033 2253 1191 2289 doquidem
1205 2253 1343 2284 omnibus
1359 2253 1388 2281 in
1404 2254 1491 2282 rebus
1507 2255 1545 2288 te,
1557 2261 1624 2282 cum
1640 2254 1705 2288 Deo,
1717 2257 1750 2282 et
1760 2262 1779 2282 a
1790 2256 1859 2288 Deo,

1032 2297 1066 2326 ad
1077 2306 1189 2333 eorum,
1197 2298 1249 2334 qui
1259 2300 1288 2326 te
1299 2298 1458 2334 excipiunt,
1465 2299 1653 2327 commodum
1663 2298 1858 2329 cat-utilitatem

1031 2342 1142 2370 moveri
1168 2344 1351 2379 compertum
1378 2342 1621 2372 babeo.Vsnisne
1646 2346 1678 2371 ut
1705 2352 1759 2372 nos
1782 2343 1859 2371 invi-

1031 2386 1101 2414 sas?
1115 2388 1158 2414 An
1175 2389 1207 2415 ut
1222 2389 1368 2422 pastorem
1385 2387 1519 2423 quaeras?
1529 2388 1572 2416 An
1589 2390 1622 2416 ut
1635 2396 1753 2424 gregem
1769 2388 1859 2423 inspi-

1024 2443 1047 2460 ³²
1062 2443 1135 2472 Dan.
1158 2452 1198 2477 Ix,
1217 2444 1263 2472 23.
1298 2444 1324 2486 ,³³
1339 2444 1428 2475 Exod.
1443 2451 1496 2481 vn,
1512 2445 1538 2474 1.
1577 2445 1601 2467 ¹⁴
1616 2445 1627 2474 Ι
1642 2445 1717 2473 Tim.
1743 2452 1786 2480 ιιι,
1812 2445 1856 2472 15.

1068 2536 1125 2570 (75)
1141 2533 1288 2578 ῌριρόντος.
1304 2540 1336 2566 In
1360 2537 1551 2574 quibusdam,
1569 2537 1612 2566 ἐπὶ
1637 2536 1781 2575 παρουσίᾳ,
1797 2549 1812 2563 ‹‹
1827 2538 1857 2566 in

1033 2575 1224 2608 prementia.»
1254 2604 1257 2606 _

1037 2642 1043 2651 ι
1068 2608 1281 2651 ς76)¹ιτπεράνω.
1308 2609 1356 2637 Sin
1384 2609 1463 2638 Οι·.1
1489 2611 1518 2638 et
1540 2610 1568 2637 2.
1595 2609 1626 2638 In
1655 2609 1700 2638 ecl.
1727 2609 1856 2644 divisim,

1033 2653 1083 2670 υπε
1114 2653 1179 2672 ανω.

1140 2679 1344 2722 Ἐποπτιύσων..
1357 2681 1440 2722 0r._i
1465 2684 1493 2709 et
1516 2682 1544 2715 2,
1567 2679 1791 2717 ιπισκεψόμινος.
1812 2680 1854 2707 Ad

1034 2716 1197 2752 marginem
1209 2725 1275 2744 vero
1291 2719 1323 2744 ut
1337 2716 1367 2744 in
1383 2717 1429 2745 ed.

1068 2751 1107 2787 (at
1122 2751 1200 2779 Alias
1215 2752 1287 2785 ΧΙΧ,
1305 2761 1368 2787 quae
1393 2755 1491 2780 autem
1516 2753 1550 2780 18
1573 2754 1644 2784 erat,
1670 2758 1747 2778 nunc
1762 2751 1807 2779 24-.
1821 2766 1855 2772 ——

1033 2787 1138 2816 Habita
1154 2787 1249 2816 medio
1264 2788 1379 2816 circiter
1394 2796 1470 2816 anno
1485 2789 1547 2816 374.
1700 2803 1704 2806 -

1070 2823 1124 2859 (78)
1139 2822 1280 2854 Basiliam
1295 2823 1459 2860 compellar.

1849 2895 1899 2921 2“
