4138 6212
408 293 526 355 987

1649 290 1711 352 8.
1763 288 2133 352 GREGORII
2184 288 2580 351 THEOLOGI

3699 291 3824 354 988

412 424 580 480 cias?
627 422 743 479 Nos
801 423 1035 494 quidem
1096 440 1212 479 non
1263 425 1387 492 jam
1448 422 1816 494 superstites,
1858 437 2061 477 verum

2186 418 2414 492 πλείστῳ
2476 418 2625 495 μέρει
2682 418 3133 493 συναπελθόντας,
3192 420 3282 476 καὶ
3332 424 3411 493 τῷ
3487 419 3641 494 τόπῳ
3718 429 3821 491 τῆς

419 513 671 567 maxima
699 529 765 566 ex
798 516 958 583 parte
1008 529 1121 566 una
1178 531 1305 567 «mn
1340 529 1404 567 eo
1434 513 1552 567 vita
1600 512 1852 580 functos,
1887 516 2061 582 atque

416 599 753 657 afﬂictionis
776 598 969 654 locum
1000 599 1242 655 moleste
1262 602 1531 666 ferentes,
1557 616 1622 657 ac
1646 617 1801 655 nunc
1823 615 2063 671 praeser-

418 690 544 753 tim,
598 703 731 742 cum
785 688 999 742 scitum
1043 689 1515 761 gubernatorem,
1544 694 1644 744 aut
1672 690 1802 745 vitae
1851 694 2062 744 nostra;

416 776 715 843 facem,in
774 791 973 846 quam,
1007 776 1218 832 salutis
1271 777 1469 833 lumen
1526 777 1695 833 nobis
1744 795 1773 833 e
1821 775 2063 833 sublimi

415 867 827 930 ostentantem,
880 866 1197 933 intuentes,
1246 866 1665 939 dirigebamur,
1716 865 2060 932 amisimus;

415 952 582 1008 illum
617 958 811 1008 autem
853 971 987 1009 cum
1029 953 1186 1010 omni
1220 955 1451 1022 virtute,
1484 972 1549 1011 ac
1581 954 1854 1027 pastorali
1883 953 2064 1008 disci-

415 1041 600 1115 plina,
634 1059 807 1113 quam
842 1042 1119 1099 diuturno
1169 1049 1426 1115 tempore
1464 1044 1793 1116 collegerat,
1829 1058 2065 1115 peregre

416 1131 765 1204 profectum,
788 1132 1012 1187 dierum
1044 1133 1222 1188 simul
1254 1149 1319 1188 ac
1351 1134 1671 1204 prudentiae
1702 1132 1963 1203 plenum,
1987 1136 2062 1201 et,

415 1220 467 1277 si
500 1220 831 1277 Salomonis
865 1221 1054 1276 verbis
1095 1222 1378 1277 utendum
1408 1227 1515 1292 est,
1539 1220 1733 1293 gloriae
1766 1225 2067 1276 senectute

416 1312 793 1375 coronatum;
825 1324 1060 1380 gregem
1099 1310 1351 1379 denique
1379 1310 1606 1365 consilii
1658 1310 1855 1381 inopia
1900 1308 2065 1364 labo-

418 1403 643 1453 rantem
677 1403 735 1453 et
765 1404 1226 1470 consternatum,
1261 1416 1633 1471 summoque,
1663 1406 1728 1454 ut
1755 1400 1937 1465 vides,
1970 1401 2067 1455 do-

421 1486 545 1541 lore
574 1501 641 1542 ac
672 1486 952 1542 maestitia
982 1489 1307 1543 confectum
1332 1490 1397 1553 ³⁷,
1419 1506 1535 1544 non
1558 1490 1686 1560 jam
1717 1489 1778 1543 in
1808 1488 1932 1545 loco
1963 1505 2064 1558 pa-

423 1591 576 1631 scuae
607 1574 1089 1647 requiescentem,
1121 1594 1227 1633 nec
1273 1577 1602 1633 refectionis
1651 1579 1831 1649 aqua";
1852 1578 2064 1632 educa-

420 1666 548 1719 tum
572 1664 637 1729 ³⁸,
670 1664 771 1720 sed
804 1665 1144 1737 praecipitia,
1177 1669 1233 1722 et
1262 1666 1629 1734 solitudines,
1654 1670 1710 1721 et
1738 1665 2065 1737 voragines,

426 1752 486 1808 in
518 1768 664 1825 quas
695 1753 1065 1826 dispergatur
1101 1759 1157 1810 et
1204 1756 1472 1822 intereat,
1499 1760 1890 1828 quaerentem;
1922 1770 2065 1810 num

427 1840 608 1897 alium
641 1857 873 1914 quoque
906 1842 1175 1900 solertem
1201 1861 1266 1900 ac
1289 1845 1635 1916 prudentem
1657 1848 1950 1917 pastorem
1970 1844 2070 1899 ali-

427 1930 661 2003 quando
687 1936 1109 1988 consecuturus
1134 1934 1228 2005 sit,
1254 1934 1636 2001 difﬁdentem,
1659 1932 1805 1989 illud
1829 1933 2068 2005 quidem

427 2024 583 2075 certe
630 2023 686 2075 et
731 2021 966 2090 quidem
1017 2021 1182 2077 valde
1239 2023 1351 2077 sibi
1409 2023 1879 2094 persuadentem,
1913 2022 2070 2094 quod

427 2108 672 2163 minime
716 2108 915 2179 talem,
949 2110 1211 2182 beneque
1241 2127 1442 2168 secum
1474 2112 1568 2184 agi
1614 2111 2068 2180 existimantem,

425 2197 475 2253 si
505 2214 620 2252 non
652 2197 840 2253 multo
870 2198 1222 2257 inferiorem.

503 2287 593 2342 III.
621 2288 790 2343 Porro
829 2305 963 2343 cum
995 2289 1109 2343 tria
1139 2290 1279 2358 haec,
1306 2294 1371 2345 ut
1409 2291 1549 2361 dixi,
1575 2295 1749 2362 atque
1780 2290 1975 2345 omnia
2007 2306 2075 2344 ex

428 2391 614 2445 aequo,
630 2376 736 2431 tibi
760 2376 874 2432 huc
894 2377 1165 2434 veniendi
1186 2380 1594 2435 necessitatem
1617 2378 1945 2447 attulerint,
1968 2394 2075 2432 nos

434 2464 677 2537 scilicet,
696 2469 755 2521 et
783 2481 943 2539 grex,
978 2471 1035 2523 et
1064 2472 1283 2540 pastor,
1324 2484 1448 2541 age,
1489 2486 1591 2541 pro
1641 2483 1708 2524 eo
1757 2466 2076 2524 curationis

429 2553 665 2627 spiritu,
691 2571 806 2627 quo
837 2557 1119 2629 praeditus
1140 2574 1224 2625 es,
1247 2575 1397 2626 eam,
1422 2576 1549 2630 quae
1577 2559 1787 2631 cuique
1812 2561 1947 2630 apta
1978 2557 2076 2624 sit,

429 2642 784 2700 medicinam
817 2645 1050 2719 adhibe,
1074 2664 1139 2703 ac
1178 2664 1507 2704 sermonem
1540 2664 1674 2703 cum
1697 2647 1926 2719 judicio
1958 2647 2075 2702 dis-

428 2748 599 2804 pone,
622 2750 736 2806 quo
768 2738 824 2789 te
854 2735 1149 2807 sapientiai
1192 2738 1430 2793 nomine
1472 2738 1661 2809 magis
1692 2738 2070 2793 admiremur.

431 2823 694 2889 Quonam
728 2830 918 2881 autem
942 2826 1115 2881 modo
1137 2826 1454 2896 disponas?
1484 2827 1570 2881 Ad
1602 2830 1895 2898 pastorem
1920 2826 2075 2896 quod

434 2911 659 2983 attinet,
693 2913 742 2968 si
790 2913 957 2969 illum
989 2916 1062 2970 ob
1092 2916 1390 2982 virtutem,
1424 2919 1489 2970 ut
1534 2932 1637 2987 par
1666 2919 1774 2979 est,
1805 2913 2075 2969 laudave-

431 3002 535 3065 ris,
570 3018 679 3056 non
710 3001 901 3058 solum
962 3008 1024 3058 ut
1075 3021 1219 3075 puro
1269 3021 1476 3075 puram
1510 3004 1857 3069 orationem,
1889 3004 2078 3057 instar

426 3088 689 3145 funebris
716 3091 1020 3161 cujusdam
1063 3091 1345 3161 muneris,
1378 3092 1629 3159 inferas;
1663 3096 1752 3146 set
1793 3096 1858 3145 ut
1898 3090 2074 3145 etiam

426 3176 559 3233 aliis
591 3178 751 3236 illius
770 3180 897 3236 vitae
921 3181 1228 3248 rationem,
1249 3186 1530 3254 tanquam
1562 3180 1795 3252 pietatis
1821 3180 2070 3234 formam
2101 3166 2146 3228 C

428 3270 486 3322 et
529 3268 1013 3339 admonitionem,
1046 3286 1358 3342 proponas.
1391 3270 1507 3325 Nos
1552 3286 1686 3325 vero
1736 3269 1890 3340 quod
1939 3283 2075 3339 spe-

429 3360 566 3429 ctat,
598 3357 647 3413 si
680 3358 749 3415 de
775 3358 894 3414 vita
924 3364 982 3415 et
1026 3364 1230 3428 morte,
1263 3360 1334 3415 de
1366 3360 1573 3415 animae
1606 3362 1780 3430 atque
1817 3356 2076 3429 corporis

431 3448 844 3519 conjunctione
875 3465 941 3504 ac
989 3448 1404 3520 disjunctione,
1437 3449 1507 3504 de
1536 3448 1768 3505 duobus
1814 3446 2074 3516 mundis,

431 3535 541 3593 hoc
571 3540 662 3593 est
691 3538 763 3593 de
800 3536 1073 3609 praesenti
1123 3553 1188 3592 ac
1237 3542 1389 3592 ﬂuxo
1446 3540 1505 3592 et
1559 3535 1770 3608 fragili,
1800 3540 1855 3591 et
1886 3536 1956 3590 de
1986 3551 2075 3601 eo,

431 3625 533 3697 qui
564 3626 761 3682 animo
810 3630 867 3681 et
909 3630 1101 3681 mente
1148 3624 1493 3698 intelligitur
1540 3641 1606 3680 ac
1657 3630 1867 3690 manet,
1894 3640 2079 3695 pauca

431 3714 810 3781 disserueris;
846 3715 1132 3786 nobisque
1163 3714 1546 3786 persuaseris.
1580 3719 1645 3769 ut
1676 3713 1917 3768 alterius
1947 3712 2077 3784 qui-

430 3803 562 3857 dem
604 3803 991 3873 imposturam
1022 3808 1077 3858 et
1108 3804 1602 3875 perturbationem
1652 3806 1825 3873 atque
1878 3802 2078 3856 incon-

432 3891 911 3961 stantiam,332
957 3910 1042 3961 ac,
1078 3893 1234 3949 velut
1279 3892 1339 3948 in
1391 3893 1585 3961 undis,
1620 3908 1855 3947 sursum
1909 3891 2079 3945 deor-

431 3998 679 4053 sumque
729 3982 1115 4053 jactationem
1158 3986 1639 4049 contemnamus;
1699 3981 1770 4035 ad
1830 3979 2078 4035 alterum

435 4074 653 4139 autem,
681 4069 781 4143 qui
815 4071 1021 4126 firmus
1065 4075 1122 4127 et
1169 4070 1418 4136 stabilis,
1450 4087 1515 4125 ac
1544 4069 1797 4140 divinus,
1822 4085 2079 4140 semper-

435 4175 549 4231 que
597 4160 689 4215 sui
739 4159 951 4216 similis
1000 4164 1106 4228 est,
1140 4164 1314 4232 atque
1345 4159 1503 4215 omni
1536 4158 1969 4231 perturbatione
2023 4161 2082 4213 et

434 4248 775 4304 confusione
807 4254 990 4316 vacat,
1021 4253 1172 4306 totos
1203 4266 1308 4305 nos
1352 4250 1766 4322 adjungamus.
1799 4247 1893 4303 Sic
1923 4248 2079 4303 enim

432 4337 495 4404 ii,
515 4338 614 4409 qui
646 4337 781 4393 hinc
831 4339 993 4410 prius
1023 4338 1396 4406 excesserint,
1428 4338 1624 4394 minus
1652 4337 1822 4394 nobis
1874 4353 2079 4391 moero-

430 4427 513 4482 ris
542 4425 873 4495 attulerint;
905 4428 1022 4484 imo
1066 4428 1241 4484 etiam
1274 4427 1475 4484 laetitia
1522 4444 1628 4483 nos
1679 4426 1995 4494 all'ecerint,
2030 4425 2079 4481 si

2172 509 2463 571 κακώσεως
2512 506 2994 584 δυσχεραίνοντεις’
3052 508 3139 563 καὶ
3199 514 3291 563 νῦν
3353 508 3607 582 μάλιστα,
3661 511 3823 581 ἡνίκα

2171 598 2263 651 τὸν
2316 595 2656 670 ἐπιστήμονα
2709 592 3064 672 κυϐερνήτην,
3121 598 3157 667 ἢ
3213 598 3306 653 τὸν
3369 596 3669 672 λαμπτῆρα
3718 606 3821 669 τῆς

2178 692 2321 756 ζωῆς
2402 688 2561 759 ἡμῶν
2635 682 3117 759 ἀποϐεϐλήκαμεν,
3191 688 3328 762 πρὸς
3397 688 3454 742 ὅν
3514 690 3821 757 ἀπηυθυνό-

2178 786 2313 849 μεθα
2382 777 2494 848 (79)
2568 774 2876 849 βλέποντες,
2936 778 3136 840 ἄνωθεν
3194 778 3329 849 ἡμῖν
3386 778 3485 844 τὴν
3545 777 3820 852 σωτηρίαν

2173 863 2542 937 πυρσεύοντα·
2606 862 2807 919 ἐκεῖνον
2870 866 3003 937 μετᾶ
3059 870 3155 919 τοῦ
3212 864 3383 921 καλοῦ
3440 866 3639 927 παντὸς
3690 863 3821 935 ἓκδη

2179 954 2443 1026 μήσαντα,
2492 953 2581 1006 καὶ
2631 954 2809 1022 πάσης
2867 960 2966 1023 τῆς
3021 956 3383 1026 ποιμαντικῆς
3442 952 3707 1023 εὐταξίας,
3761 954 3822 1022 ἦν

2173 1040 2358 1118 χρόνῳ
2411 1045 2599 1117 μακρῷ
2648 1040 2983 1115 συνελέξατο,
3032 1042 3253 1119 πλήρης
3299 1045 3521 1118 ἡμερῶν
3569 1063 3625 1096 τε
3679 1044 3825 1114 ὁμοῦ

2174 1132 2261 1185 καί
2295 1133 2633 1209 φρονήσεως,
2665 1131 2863 1204 καὶτῴ
2908 1138 3008 1201 τῆς
3056 1134 3378 1207 καυχήσεως
3418 1133 3583 1206 γήρᾳ,
3641 1130 3686 1185 εί
3742 1128 3827 1186 δεῖ

2174 1220 2234 1275 τὸ
2262 1225 2358 1275 τοῦ
2386 1218 2752 1293 Σολομῶντος
2786 1221 2978 1289 εἰπεῖν,
3022 1219 3453 1298 στεφανούμενος
3500 1221 3634 1293 (80).
3686 1219 3824 1274 Ποί-

2179 1330 2332 1382 μνιον
2392 1311 2771 1385 ἠπορημένον,
2850 1309 2940 1364 καὶ
3006 1312 3119 1383 (81)
3176 1304 3679 1382 καταϐεϐλημένων,
3733 1309 3826 1363 καὶ

2176 1398 2303 1472 ὁρᾷς
2334 1396 2466 1466 ὅσης
2494 1404 2661 1474 γέμον
2690 1397 2920 1471 ἀθυμίας
2950 1397 3041 1453 καὶ
3072 1398 3363 1476 κατηφείας
3390 1418 3403 1430 ·
3440 1397 3539 1452 οὐκ
3566 1393 3644 1451 ἔτι
3666 1396 3826 1469 τόπῳ

2174 1486 2356 1561 χλόης
2397 1486 2859 1560 ιναναπαυόμενον
2920 1490 3053 1561 (82),
3108 1485 3233 1541 οιῖδὶ
3280 1485 3431 1542 ὕδατι
3472 1486 3828 1547 ἀναπαύσεως

2177 1574 2607 1654 ἰκτρεφόμενον·
2657 1579 2850 1647 ζητοῦν
2893 1575 3191 1651 κρημνοὺς,
3250 1574 3340 1630 καὶ
3408 1574 3665 1651 ἕρημίας,
3734 1574 3827 1628 καὶ

2180 1662 2443 1741 βάραθρα,
2496 1666 2613 1719 καθ’
2675 1666 2749 1719 ὧν
2800 1668 3157 1740 σπαρήσεται,
3196 1663 3285 1720 καὶ
3350 1661 3827 1742 διαφθαρήσεται·

2176 1750 2432 1809 ἀπιστοῦν
2476 1752 2529 1809 εἷ’
2559 1775 2691 1809 ποτε
2737 1755 2825 1809 καὶ
2892 1752 3071 1810 ἄλλου
3118 1754 3381 1828 ποιμένος
3429 1756 3652 1807 συνετοῦ
3707 1750 3823 1806 ἑπι-

2173 1842 2431 1913 τεύξεται,
2492 1838 2576 1897 ὅτι
2637 1844 2729 1917 μὲν
2788 1842 2850 1897 ού
2898 1842 3172 1915 τοιούτου,
3220 1840 3309 1897 καί
3360 1839 3483 1897 λίαν
3527 1840 3827 1913 πεπεισμέ-

2176 1953 2289 2002 νον,
2342 1933 2564 2009 ἀγαπῶν
2621 1934 2735 2007 (83)
2786 1929 2853 1987 δι’
2904 1932 2985 2004 ἂν,
3043 1929 3133 1987 καῖ
3182 1932 3227 1987 εί
3260 1932 3339 2006 μή
3370 1928 3663 2008 παραπολὺ
3710 1929 3833 2006 χεί-

2181 2042 2359 2098 ρονος.

2254 2290 2324 2343 Γ’.
2358 2291 2532 2363 Τριῶν
2593 2285 2651 2342 δὶ
2708 2287 2901 2357 ὄντων,
2960 2286 3092 2364 ὅπερ
3124 2284 3280 2365 ἔφην,
3314 2286 3347 2341 ἃ
3374 2308 3458 2341 σοι
3486 2286 3587 2355 τὴν
3617 2305 3836 2361 παρου-

2185 2376 2300 2431 σίαν
2362 2376 2650 2453 ἀναγκαίαν
2709 2381 2877 2443 ποιεῖ,
2934 2376 3025 2432 καὶ
3071 2376 3285 2431 πάντων
3350 2375 3402 2448 ἐξ
3451 2373 3597 2445 ἴσης,
3642 2377 3836 2448 ἡμῶν,

2184 2471 2280 2521 τοῦ
2335 2468 2620 2541 ποιμένος,
2681 2473 2781 2537 τῆς
2831 2466 3110 2540 ποίμνης·
3157 2465 3305 2543 φέρε,
3354 2465 3488 2520 κατὰ
3532 2465 3594 2519 τὸ
3640 2462 3694 2519 ἰν
3747 2464 3838 2519 σοὶ

2184 2559 2398 2629 πνεῦμα
2443 2562 2545 2626 τῆς
2603 2553 2909 2631 θεραπείας,
2969 2552 3173 2617 ἀπόδος
3223 2552 3431 2626 ἑκάστῳ
3485 2553 3549 2609 τὸ
3587 2553 3839 2631 πρόσφο-

2187 2665 2301 2721 ρον,
2360 2642 2449 2699 καῖ
2505 2639 2867 2717 οἱκονόμησον
2927 2640 2977 2696 ἐν
3032 2640 3203 2716 κρίσει
3260 2642 3351 2696 τὸν
3410 2640 3592 2715 λόγον,
3654 2638 3740 2693 ίνα
3781 2660 3841 2695 σε

2183 2732 2272 2787 καὶ
2324 2732 2535 2805 μᾶλλον
2584 2738 2683 2801 τῆς
2734 2731 2924 2809 σοφίας
2985 2729 3365 2803 θαυμάσωμεν.
3438 2728 3838 2800 Οἷκονομήσεις

2186 2820 2243 2877 δε
2272 2826 2429 2891 “nam;
2490 2823 2594 2878 Τὸν
2661 2820 2755 2893 μὶν
2815 2820 3090 2881 ἐπαινέσας
3146 2822 3246 2887 τῆς
3292 2819 3489 2893 ἀρετῆς
3526 2818 3593 2872 τὰ
3621 2816 3831 2885 εἰκότα,

2185 2912 2247 2966 οὑ
2284 2912 2441 2985 μόνον
2496 2908 2569 2963 ’ίν’
2617 2909 2860 2987 ἐντάφιον
2910 2912 2989 2980 τῷ
3030 2910 3250 2983 καθαρῷ
3290 2908 3518 2981 καθαρὸν
3550 2901 3833 2966 ἐπιϐάλως

2181 3001 2270 3054 τὸν
2326 2999 2513 3075 λόγον,
2566 2997 2692 3053 ἀλλ’
2735 2996 2825 3052 ’ίνα
2863 2997 2952 3051 καὶ
2981 3002 3099 3058 τοῖς
3131 2995 3324 3057 ἄλλοις
3355 2990 3624 3056 εὐσεϐείας
3651 3014 3831 3069 χαρα-

2182 3094 2378 3162 κτῆρα,
2417 3090 2517 3155 τὴν
2576 3085 2779 3141 ἐκείνου
2834 3083 3099 3161 προθείης
3146 3082 3424 3139 πολιτείαν
3470 3104 3530 3139 τε
3570 3082 3659 3137 καὶ
3691 3102 3832 3158 παρ-

2184 3177 2382 3231 αίνεσιν
2432 3177 2565 3248 (84).
2614 3176 2774 3247 Ἡμῖν
2830 3171 2887 3229 δὶ
2935 3173 3058 3251 περῖ
3112 3178 3257 3242 ζωῆς
3288 3172 3377 3227 καὶ
3427 3171 3655 3226 θανάτου
3695 3172 3833 3247 βρα-

2185 3264 2286 3341 χὲα
2343 3262 2739 3343 φιλοσοφήσας,
2796 3263 2885 3318 καὶ
2943 3269 3043 3333 τῆς
3097 3261 3233 3317 κατὰ
3286 3265 3444 3334 σῶμα
3495 3261 3584 3315 καὶ
3643 3261 3835 3335 ψυχὴν

2186 3353 2433 3430 συζυγίας
2478 3355 2567 3408 καὶ
2626 3351 2963 3425 διαζεύξεως,
3020 3351 3109 3406 καὶ
3159 3355 3264 3406 τῶν
3310 3348 3406 3405 δύο
3436 3349 3681 3422 κόσμων,
3735 3352 3837 3403 τοῦ

2184 3465 2243 3499 τε
2296 3442 2563 3519 παρόντος
2636 3441 2724 3496 γαὶ
2784 3441 2891 3518 οὐχ
2942 3440 3193 3512 ἑστῶτος,
3247 3439 3337 3495 καὶ
3390 3444 3487 3494 τοῦ
3536 3437 3841 3511 νοουμένου

2185 3533 2274 3589 καὶ
2337 3532 2630 3606 μὲνοντος⁴
2684 3532 2774 3585 καὶ
2820 3529 3029 3598 πείσας,
3079 3534 3177 3584 τοῦ
3228 3530 3322 3603 μὲν
3370 3533 3713 3605 περιφρονεῖν
3772 3527 3840 3582 τὸ

2187 3619 2491 3694 ἀπατηλὸν,
2543 3621 2634 3675 καὶ
2687 3617 2937 3687 ἄτακτον,
2982 3619 3070 3673 καὶ
3125 3616 3437 3691 ἀνώμαλον,
3494 3616 3607 3687 καὶ,
3648 3615 3836 3692 ὥσπερ

2186 3711 2237 3766 ἐν
2294 3709 2550 3783 κύμασιν,
2605 3711 2715 3764 ἅνω
2772 3709 2862 3763 καὶ
2918 3707 3066 3762 κάτω
3125 3707 3284 3784 φέρον
3342 3726 3401 3761 τε
3446 3706 3535 3760 καὶ
3593 3705 3837 3783 φερόμε·

2187 3821 2275 3853 νον
2309 3802 2456 3868 (85)·
2504 3802 2602 3853 τοῦ
2648 3795 2705 3852 δὶ
2750 3795 3127 3872 προστίθεσθαι
3174 3800 3253 3867 τῷ
3300 3794 3500 3871 παγίῳ,
3558 3793 3647 3848 καὶ
3708 3814 3838 3848 στα-

2190 3886 2349 3961 θερῷ,
2404 3887 2493 3942 καὶ
2541 3884 2783 3957 θεοειδεῖ,
2834 3887 2922 3941 καὶ
2966 3883 3224 3946 ὡσαύτως
3272 3882 3472 3961 ἔχοντι,
3517 3884 3606 3938 καὶ
3653 3882 3841 3952 πάσης

2190 3977 2458 4051 ἐλευθέρῳ
2510 3983 2760 4053 ταραχῆς
2810 3976 2900 4031 καὶ
2975 3973 3315 4051 συγχύσεως.
3376 3971 3533 4031 Οίίτω
3606 3971 3709 4048 γὰρ
3778 3972 3842 4027 ἂν

2187 4067 2353 4136 ἧττον
2411 4066 2593 4139 ἀνιῷεν
2653 4067 2801 4139 ἡμᾶς
2860 4065 2912 4119 οἱ
2954 4062 3501 4141 προεκδημήσαντες’
3553 4060 3699 4117 ἂλλᾶ
3748 4062 3843 4116 καὶ

2188 4153 2395 4227 ἥδοιεν,
2455 4154 2501 4209 εἷ
2557 4152 2765 4210 ἐνθένδε
2820 4151 3042 4230 ἀπάγων
3105 4155 3219 4227 (86)
3264 4155 3413 4225 ἡμᾶς
3450 4151 3478 4205 ὁ
3509 4148 3697 4226 λόγος,
3730 4148 3845 4205 ἅτω

2186 4243 2385 4315 τιθείη,
2444 4241 2532 4297 καὶ
2588 4244 2650 4297 τὸ
2708 4244 2877 4319 παρὸν
2921 4240 3084 4312 ἀηδὲς
3119 4240 3514 4316 ἑναποκρύπνοι
3568 4243 3649 4310 τῷ
3712 4237 3846 4310 μὲλ-

2190 4332 2363 4402 λοντι,
2422 4330 2510 4386 καὶ
2568 4332 2767 4399 πείθοι,
2826 4330 2906 4386 ὅτι
2965 4330 3054 4385 καὶ
3124 4329 3275 4384 αὐτοὶ
3351 4329 3496 4404 παρά
3562 4327 3843 4397 Δεσπότην

2190 4421 2388 4495 ἀγαθὸν
2460 4419 2804 4494 ἐπειγόμεθα,
2885 4420 2974 4474 καὶ
3047 4417 3277 4495 βελτίων
3337 4418 3372 4486 ἢ
3432 4416 3682 4471 κατοικία
3739 4423 3841 4485 τῆς

431 4532 543 4572 nos
569 4515 751 4571 oratio
774 4515 911 4571 hinc
932 4517 1215 4571 abductos
1246 4533 1483 4572 sursum
1508 4515 1768 4585 collocet,
1792 4520 1966 4585 atque
2000 4514 2072 4580 id,

2189 4508 2475 4584 παροικίας
2502 4528 2513 4541 ⁸
2546 4509 2635 4563 καὶ
2666 4504 2798 4583 ὅπερ
2832 4508 2941 4563 ἐστὶ
2970 4513 3087 4569 τοῖς
3133 4507 3359 4563 πλέουσι
3410 4504 3581 4577 λιμὴν
3633 4502 3838 4571 εῧδιος,

429 4604 585 4675 quod
617 4604 675 4657 in
710 4604 981 4675 praesenti
1014 4606 1327 4660 molestum
1358 4609 1467 4668 est,
1492 4605 1551 4660 in
1584 4603 1764 4659 futuri
1790 4608 2084 4674 exspecta-

428 4692 588 4748 tione
618 4692 892 4761 occultet,
914 4692 1201 4764 nobisque
1226 4692 1371 4748 illud
1394 4694 1763 4765 persuadeat,
1784 4692 1935 4763 quod
1968 4690 2079 4763 ipsi

429 4796 664 4853 quoque
710 4782 781 4837 ad
827 4781 1047 4837 bonum
1099 4782 1414 4838 Dominum
1469 4797 1871 4855 properemus,
1905 4785 2081 4851 atque

495 4914 539 4949 ⁸⁷
572 4915 733 4971 Prov.
764 4931 881 4987 1m,
910 4914 999 4970 31.
1075 4914 1120 4950 ³³
1150 4914 1302 4971 Psal.
1334 4932 1476 4984 χχιι,
1507 4918 1561 4971 2.

499 5055 1125 5141 (7,9)_’A1rnu0w6mea.
1177 5057 1272 5115 Sic
1328 5058 1468 5131 Reg.
1517 5073 1568 5113 c.
1610 5058 1684 5113 -In
1743 5056 1860 5124 ed.,
1914 5052 2077 5108 ἀπευο

427 5130 551 5184 θυνὸ
604 5139 717 5193 εθα.
1426 5130 1433 5131 ί

641 5198 1100 5278 Στεφανούμενος.
1135 5205 1361 5278 Beg._a,
1395 5194 1845 5278 στεφανούμενον,

517 5203 607 5270 80)
641 5203 1100 5278 Στεφανούμενος.
1135 5205 1272 5274 Reg.
1308 5218 1361 5268 α,
1395 5203 1845 5275 στεφανούμενον.

496 5203 611 5347 (81)
640 5271 1042 5355 ’Ππορημὲνον,
1073 5272 1185 5327 καί.
1215 5273 1527 5355 «<_Gregem‘
1566 5273 1795 5355 pastore
1826 5268 2078 5355 destitu:

430 5340 634 5435 tuin,»
667 5340 795 5435 εἰσί
823 5340 915 5400 Sic
965 5346 1105 5418 Reg.
1138 5363 1194 5413 a,
1243 5348 1361 5398 tres
1392 5340 1583 5398 'Colb.’
1605 5346 1661 5398 et
1689 5340 1784 5397 Or.
1819 5342 1869 5395 1.
1904 5340 2079 5395 Deest

428 5418 517 5470 καί
552 5418 610 5471 in
641 5418 732 5471 ed.

499 5490 613 5560 (82)
664 5485 1175 5558 Ἐναναπαυόμενον.
1238 5485 1333 5541 Sic
1390 5484 1485 5539 Or.
1547 5485 1597 5537 1.
1660 5484 1724 5537 In
1784 5483 1899 5551 ed.,
1958 5481 2075 5537 ἐνα-

428 5557 568 5612 παυό
578 5557 669 5631 μεν
679 5578 733 5613 ον
744 5597 757 5613 .

505 5623 615 5702 (83)
645 5629 922 5705 Ἀγαπῶν.
954 5627 1130 5687 Cois].
1164 5629 1216 5697 1,
1248 5630 1306 5685 et
1334 5627 1462 5686 Par.
1489 5623 1744 5703 ἀγαπῴη.

2186 4602 2348 4653 τοῦτο
2405 4602 2523 4659 τοῖς
2582 4595 2805 4652 ἐνταῦθα
2860 4598 3287 4671 χειμαζομένοις
3352 4595 3388 4663 ἡ
3447 4593 3617 4647 ἐκεῖσε
3667 4592 3841 4665 μετά-

2190 4707 2370 4748 στασις
2420 4686 2509 4741 καὶ
2563 4686 2849 4759 ματάθεσις
3037 4704 3049 4716 °
3107 4685 3140 4753 ἢ
3174 4680 3352 4757 ὥσπερ
3384 4683 3436 4736 οἱ
3467 4682 3673 4758 μακρὰν
3710 4679 3837 4735 ὁδὸν

2189 4772 2717 4851 προκαταλύσαντες,
2763 4778 2870 4829 τῶν
2930 4771 3366 4849 ὁδοιπορούντων
3415 4771 3506 4827 καὶ
3562 4769 3843 4846 μοχθούν-

2260 5053 2373 5125 (84)
2404 5050 2745 5127 Παραίνεσιν.
2779 5051 2955 5110 Coisl.
3009 5052 3062 5118 1,
3111 5047 3446 5124 προαίρεσιν,
3496 5072 3524 5100 ι(
3575 5048 3843 5121 properti-

2189 5130 2578 5271 ωέὲῖᾤέρον
2609 5214 2667 5249 τε
2696 5190 2785 5249 καί
2816 5187 3126 5271 φερόμενον.
3157 5215 3187 5245 ι(
3216 5193 3342 5258 Qua
3388 5193 3539 5249 ferat
3583 5196 3641 5248 et
3688 5191 3845 5247 fera-

2400 5336 2677 5411 'Ai’tdeY.
2707 5338 2848 5410 Reg.
2883 5353 2943 5411 α,
2970 5334 3288 5411 ἀπαγαγών,

2279 5341 2349 5395 86
2400 5341 2673 5411 Ἀπάγων.
2707 5341 2848 5410 Reg.
2883 5353 2935 5403 a,
2970 5341 3288 5410 ἀπαγαγών.

2256 5341 2369 5483 (87)
2390 5408 2825 5486 ’Καὶ-μετάθεσις.
2856 5431 2887 5459 ι(
2906 5410 2977 5464 Et
2999 5407 3403 5486 transpositio.
3427 5404 3839 5486 permutatio,»

2186 5476 2446 5612 Deiagttin
2494 5476 2632 5553 Reg.
2667 5499 2721 5539 a.
2752 5482 2875 5537 Vox
2923 5497 3065 5537 sane
3116 5476 3444 5552 superﬂua,
3466 5494 3573 5533 nec
3604 5494 3635 5532 a
3670 5476 3839 5532 Billio

2185 5572 2247 5611 re
2332 5571 2350 5611 ι
2381 5570 2434 5610 a.

2354 5341 2369 5481 ἒ
