4138 6212
338 326 458 388 989
1248 326 1538 388 ORATIO
1579 324 1797 389 XVIII.
1837 354 1909 369 —
1938 324 2328 388 FUNEBRIS
2375 326 2454 387 IN
2500 327 2845 391 PATREM.
3626 326 3749 389 990

336 461 445 513 τῶν
480 455 557 510 ἔτι
591 453 755 531 ῥᾴους
780 455 868 509 καὶ
901 456 1233 529 ἀπονώτεροι
1260 475 1273 489 ’
1321 454 1492 518 οὕτως
1544 458 1594 510 οἱ
1645 458 1753 530 (88)
1803 454 1981 511 έπιτυ-

2122 458 2383 515 nabitatio
2414 460 2880 533 peregrinatione
2914 460 3118 515 melior
3148 462 3203 515 et
3242 458 3607 531 praastantior
3634 459 3743 523 sit;

339 545 533 622 χόντες
562 549 659 599 τοῦ
692 544 802 599 έκεῖ
830 542 1232 617 καταλύμαῖυς,
1260 550 1366 599 τῶν
1401 542 1477 600 ἔτι
1516 554 1616 614 τὴν
1650 544 1873 601 σκολιὰν
1900 546 1990 600 καὶ

2122 548 2375 619 [uodque
2408 549 2818 621 navigantibus
2854 549 3209 621 tranquillus
3253 553 3455 619 portus
3497 555 3604 616 est,
3639 548 3747 603 hoc

338 632 643 709 κρημνώδη
674 638 770 687 τοῦ
807 633 925 709 βίου
955 632 1151 689 τούτου
1180 634 1487 707 τεμνόντων
1536 631 1682 706 ὁδὸν,
1733 632 1990 706 ἀμείνους

2123 635 2196 701 is,
2228 637 2326 707 qui
2358 638 2537 707 hujus
2568 639 2695 693 vitae
2727 640 2999 711 procellis
3030 638 3342 709 agitantur,
3374 637 3642 709 migratio
3674 638 3746 692 ad

341 723 432 779 καὶ
463 722 825 795 ἀνεκτότεροι.

2122 724 2341 780 theram
2374 727 2550 783 vitam
2585 728 2826 784 exsistat
2858 745 2871 785 :
2906 733 3005 783 aut
3038 728 3213 783 etiam
3246 727 3745 798 quemadmodum

343 813 443 886 qui
474 813 718 885 longum
760 813 871 868 iter
917 812 1137 884 priores
1169 813 1562 881 confecerunt,
1598 814 1795 867 minus
1825 811 2190 868 difﬁcultatis
2223 831 2288 869 ac
2321 815 2598 871 molestiae
2629 816 2865 884 habent,
2899 834 3074 889 quam
3108 816 3207 888 qui
3262 815 3455 871 adhuc
3501 814 3613 870 iter
3658 815 3744 869 fa-

344 902 526 969 ciunt,
561 905 733 973 atque
761 900 822 955 in
854 900 1050 956 labore
1079 907 1409 969 versantur;
1446 902 1526 957 ita
1571 900 1926 957 tolerabilior
1972 905 2030 956 et
2076 901 2281 957 melior
2311 919 2509 959 eorum
2540 905 2795 959 conditio
2828 906 2923 972 sit,
2958 906 3057 977 qui
3106 906 3175 959 ad
3231 904 3375 959 illud
3425 903 3742 974 hospitium

337 992 465 1062 jam
501 993 903 1061 pervenerunt,
938 1006 1116 1060 quam
1148 988 1247 1060 qui
1278 992 1585 1045 sinuosum
1619 990 1810 1045 adhuc
1841 994 1897 1045 et
1929 1006 2182 1062 praeceps
2214 992 2391 1061 hujus
2422 991 2552 1047 vitae
2582 992 2691 1047 iter
2722 993 3097 1049 emetiuntur.

422 1078 492 1133 A'.
541 1079 715 1149 Ἠμᾶς
767 1077 861 1149 μὶν
910 1076 1053 1131 οὕτω
1109 1078 1512 1151 παραμυθήσῃ’
1581 1078 1679 1145 τήν
1749 1076 1989 1150 ποίμνην

2177 1080 2267 1134 IV.
2302 1086 2381 1134 Ac
2413 1098 2517 1135 nos
2549 1081 2785 1152 quidem
2818 1083 2888 1137 ad
2930 1082 3084 1137 hunc
3132 1082 3369 1136 modum
3401 1081 3745 1137 consolabo-

348 1163 405 1221 δὲ
438 1170 590 1233 πῶς,
646 1170 862 1239 Πρῶτον
919 1165 1013 1238 μὲν
1061 1166 1161 1234 τὴν
1213 1166 1309 1235 σήν
1350 1166 1728 1241 ὑποσχόμενος
1779 1165 1993 1221 ἐπιστα-

2122 1168 2205 1223 ·ἱε.
2237 1174 2499 1235 Quonam
2533 1174 2727 1225 autern
2764 1176 2928 1240 pacto
2961 1171 3240 1243 gregem?
3276 1169 3533 1224 Primum
3566 1170 3614 1225 si
3645 1186 3745 1225 cu-

351 1255 467 1310 σίαν
524 1254 613 1309 καὶ
671 1254 987 1330 ἡγεμονίαν,
1047 1254 1109 1308 οὗ
1164 1260 1296 1309 πᾶσι
1352 1256 1517 1309 καλὸν
1578 1255 1680 1309 ὑπὸ
1736 1255 1831 1316 τὰς
1872 1254 1997 1309 πτέ-

2122 1275 2231 1312 ram
2264 1264 2426 1312 tuam
2464 1263 2521 1313 et
2564 1260 2806 1314 ductum
2841 1259 3155 1325 tuum,hoc
3195 1264 3301 1323 est,
3327 1259 3455 1328 ejus
3486 1257 3611 1325 viri,
3646 1259 3755 1313 sub

356 1364 521 1419 ρυγας
592 1343 972 1411 ἀναπαύεσθαι,
1029 1344 1117 1397 καὶ
1184 1343 1245 1397 οὗ
1323 1341 1565 1417 διψῶμεν
1638 1350 1739 1413 τῆς
1812 1350 1997 1417 φωνῆς

2122 1348 2281 1417 :ujus
2338 1348 2545 1418 pennis
2596 1349 2961 1419 requiescere
3010 1348 3283 1403 omnibus
3331 1345 3643 1418 pulchrum
3694 1363 3758 1401 ac

358 1432 593 1506 μᾶλλον,
642 1432 676 1501 ἢ
722 1435 902 1508 πηγῆς
944 1439 1043 1501 τῆς
1090 1434 1477 1506 καθαρωτάτης
1507 1434 1559 1487 οἱ
1591 1430 1734 1507 δίψει
1766 1434 2000 1505 κάμνον-

2122 1434 2452 1507 praeclarum
2478 1440 2585 1500 est,
2614 1441 2670 1491 et
2690 1437 2862 1506 cujus
2887 1452 3085 1491 vocem
3110 1435 3299 1507 magis
3322 1434 3556 1489 sitimus
3580 1450 3758 1505 quam

352 1543 460 1583 τες.
516 1521 769 1595 Δεύτερον
811 1519 869 1576 δὲ
908 1521 1119 1594 πείσας,
1168 1522 1244 1583 ὡς
1301 1519 1425 1576 οὐδὲ
1472 1526 1560 1575 νῦν
1597 1524 1744 1593 ἡμᾶς
1801 1520 2003 1576 ἀπολέ-

2122 1524 2462 1595 purissimos
2514 1526 2720 1595 fontes,
2755 1524 2814 1591 ii,
2850 1524 2951 1596 qui
2998 1524 3091 1580 siti
3128 1524 3416 1593 laborant,
3450 1539 3562 1577 non
3594 1522 3761 1577 defu-

358 1608 547 1665 λοιπεν
596 1610 624 1664 6
674 1611 891 1682 Ποιμήν
933 1611 961 1664 6
1004 1609 1195 1680 καλὸς,
1246 1610 1274 1664 6
1320 1610 1487 1674 τιθεὶς
1526 1612 1624 1679 τήν
1655 1611 1839 1685 ψυχὴν
1874 1609 2004 1685 ὑπερ

2122 1616 2314 1667 turum
2346 1612 2676 1683 pollicearis
2709 1656 2722 1669 .
2762 1613 2973 1668 Deinde
3005 1613 3053 1668 si
3088 1630 3194 1668 nos
3227 1629 3292 1668 eo
3338 1611 3670 1670 adduxeris.
3700 1614 3766 1666 ut

354 1703 463 1753 τῶν
510 1693 842 1773 προϐάτων·
899 1696 1043 1753 ἀλλὰ
1091 1698 1179 1752 καὶ
1239 1700 1490 1774 πάρεστι,
1550 1697 1639 1753 καὶ
1706 1696 2004 1770 ποιμαίνει,

2122 1701 2187 1756 ab
2219 1700 2317 1756 illo
2350 1702 2501 1757 bono
2534 1702 2786 1768 Pastore,
2810 1702 2910 1773 qui
2942 1716 3044 1772 pro
3070 1703 3275 1757 ovibus
3307 1701 3567 1756 animam
3591 1716 3760 1756 suam

358 1784 445 1841 καὶ
506 1782 715 1861 ὁδηγεῖ,
775 1784 863 1839 καὶ
912 1785 1168 1859 γινώσκει
1214 1786 1280 1839 τὰ
1338 1782 1477 1855 Ἱδια,
1542 1784 1632 1839 καὶ
1689 1786 2008 1861 γινώσκεται

2122 1790 2319 1861 posuit
2340 1791 2404 1858 '9,
2430 1807 2536 1845 nos
2568 1806 2638 1845 ne
2661 1808 2815 1846 nunc
2838 1791 3076 1863 quidem
3101 1790 3332 1846 relictos
3359 1806 3488 1845 esse
3508 1789 3765 1845 conﬁda-

361 1874 464 1929 ὐπὸ
546 1878 650 1928 τῶν
733 1872 881 1929 ἰδίων
917 1892 932 1909 ο
1009 1880 1335 1946 σωματικῶς
1399 1875 1491 1943 μὲν
1553 1873 1656 1949 οὐχ
1709 1874 2008 1950 ὁρώμενος,

2124 1895 2285 1946 mus;
2321 1879 2463 1951 quin
2517 1880 2712 1950 potius
2770 1883 3007 1946 eum,et
3059 1880 3367 1944 adesse,et
3423 1893 3680 1950 pascere,
3711 1880 3769 1933 et

368 1967 748 2037 πνευματικῶς
798 1960 855 2017 δὶ
905 1963 1318 2037 συγγινόμενος,
1364 1962 1452 2017 καὶ
1492 1960 1862 2038 προπολεμῶν
1911 1970 2012 2033 τῆς

370 2052 612 2126 ποίμνης
665 2053 799 2107 κατὰ
844 2056 949 2106 τῶν
990 2049 1195 2120 λύκων,
1235 2052 1323 2105 καὶ
1356 2048 1532 2106 οὐδενί
1560 2056 1865 2127 συγχωρῶν
1924 2049 2013 2106 διὰ

366 2144 463 2211 τῆς
526 2140 697 2210 αὐλῆς
740 2136 1114 2217 ὐπερϐαίνοντι
1161 2140 1462 2215 λῃστρικῶς
1526 2161 1584 2195 τε
1632 2142 1721 2195 καὶ
1789 2136 2009 2196 έπιϐοὐ-

369 2227 503 2296 λως,
554 2230 671 2303 ξένῃ
722 2230 873 2307 φωνῆ⁹
924 2229 1237 2302 κατασύρειν
1287 2229 1377 2283 καὶ
1437 2226 1777 2284 διακλέπτειν
1832 2231 2013 2305 ψυχὰς

366 2322 434 2391 τῇ
483 2315 711 2390 ἀληθείᾳ
759 2317 940 2379 καλῶς
987 2316 1248 2393 ἡγμένας.
1321 2316 1587 2389 Πείθομαι
1637 2314 1705 2387 δ’,
1778 2315 1862 2372 ὅτι
1921 2320 2011 2373 καὶ

364 2411 433 2480 τῇ
487 2402 744 2482 πρεσϐείᾳ
791 2411 883 2461 νῦν
931 2406 1168 2479 μᾶλλον,
1210 2407 1245 2475 ἢ
1277 2406 1538 2482 πρότερον
1568 2410 1635 2479 τῇ
1670 2404 2011 2479 διδασκαλίᾳ,

367 2495 477 2568 ὅσῳ
522 2495 611 2550 καὶ
667 2494 877 2569 μᾶλλον
928 2495 1121 2572 ἐγγίζει
1172 2496 1309 2567 Θεῷ,
1355 2495 1450 2557 τὰς
1480 2495 1790 2569 σωματικὰς
1846 2494 2012 2558 πέδας

365 2584 809 2657 ἀποσεισάμενος,
861 2584 948 2639 καὶ
996 2590 1098 2653 τῆς
1145 2583 1511 2653 έπιθολούσης
1558 2584 1651 2639 τὸν
1698 2589 1827 2639 νοῦν
1858 2583 2010 2646 ἰλύος

367 2673 792 2749 ἀπηλλαγμένος
852 2671 940 2728 καὶ
1009 2677 1200 2748 γυμνῷ
1273 2673 1477 2748 γυμνὸς
1535 2673 1874 2749 ἐντυγχάνων
1932 2677 2011 2747 τῷ

366 2762 569 2839 πρώτῳ
633 2761 723 2817 καὶ
780 2760 1149 2838 καθαρωτάτῳ
1214 2762 1318 2831 νοῒ,
1386 2762 1585 2834 τάξεως
1649 2762 1738 2817 καὶ
1794 2760 2008 2840 παῤῥηο

367 2851 482 2914 σίας
532 2850 849 2926 ἀγγελικῆς,
904 2849 951 2905 εἶ’
1002 2852 1077 2923 μὴ
1109 2848 1391 2926 τολμηρὸν
1414 2855 1575 2906 τοῦτο
1606 2851 1795 2923 εἰπεῖν,
1826 2850 2009 2922 ἀξιού-

370 2961 545 3012 μενος.
597 2944 775 2994 Ταῦτα
826 2940 918 3011 μὲν
952 2939 1043 2993 οὗν
1079 2942 1186 3009 (89)
1216 2938 1375 3001 αὐτὸς
1408 2937 1683 3009 διαθήσεις
1712 2940 1799 2995 καὶ
1853 2940 2010 3017 φιλο-

367 3031 622 3107 σοφήσεις
671 3027 890 3100 ἄμεινον
939 3029 973 3096 ἢ
1025 3029 1098 3089 ὡς
1149 3028 1207 3082 ἃν
1262 3028 1421 3090 αὐτὸς
1466 3026 1869 3104 παραδείξαιμι,
1919 3030 2008 3084 καὶ

368 3118 531 3194 λόγου
582 3116 803 3190 δυνάμει
855 3117 945 3171 καὶ
993 3115 1315 3189 πνεύματος.
1348 3120 1461 3175 Ἵνα
1492 3114 1549 3171 δὲ
1583 3119 1657 3191 μὴ
1692 3115 1761 3172 δι’
1792 3118 2007 3193 ἄγνοιαν

360 3212 467 3262 τῶν
528 3207 733 3261 ἐκείνου
792 3204 975 3260 καλῶν
1027 3204 1318 3281 παραπολὺ
1373 3209 1469 3274 τῆς
1526 3204 1673 3277 ἀξίας
1743 3207 1771 3261 6
1846 3206 2011 3281 λόγος

365 3296 668 3368 έλαττωθῇ,
724 3296 933 3371 βραχέα
973 3301 1072 3364 τῆς
1116 3294 1407 3372 εὐφημίας,
1459 3294 1509 3366 ἐξ
1566 3296 1639 3349 ὧν
1686 3295 1847 3359 αὐτὸς
1887 3317 2008 3352 συν-

365 3385 653 3457 επίσταμαι
720 3388 825 3456 τῷ.
864 3382 1183 3453 ἀπελθόντι,
1253 3385 1643 3461 σκιαγραφήσω
1710 3386 1843 3457 (90),
1920 3385 2007 3439 καὶ

362 3471 713 3549 προχαράξω,
763 3474 853 3527 καὶ
900 3470 1208 3545 παραδώσω
1249 3492 1360 3540 σοι,
1392 3477 1468 3544 τῷ
1497 3472 1650 3545 καλῷ
1694 3477 1799 3527 τῶν
1830 3473 2009 3528 τοιού-

360 3584 468 3618 των
518 3567 733 3640 γραφεῖ,
782 3568 879 3631 τῆς
923 3560 1119 3635 ἀρετῆς
1175 3568 1275 3630 τῆς
1324 3559 1523 3616 ἐκείνου
1552 3563 1614 3615 τὸ
1644 3560 1849 3624 κάλλος
1904 3562 2005 3617 ἀπ-

364 3645 687 3727 ακριϐῶσαι,
708 3649 797 3704 καὶ
847 3646 1179 3722 παραδοῦναι
1223 3655 1341 3711 ταῖς
1372 3651 1582 3705 πάντων
1617 3650 1803 3712 ἀκοαῖς
1831 3671 1888 3706 τε
1917 3650 2006 3705 καὶ

366 3738 644 3801 διανοίαις.

2121 1968 2426 2037 deducere,
2446 1973 2503 2023 et
2530 1986 2664 2024 oves
2696 1985 2836 2024 suae
2866 1984 3236 2041 cognoscere,
3255 1972 3312 2022 et
3342 1984 3375 2022 a
3405 1966 3533 2023 suis
3562 1982 3769 2038 cogno-

2121 2055 2225 2124 sci,
2260 2073 2375 2112 non
2413 2056 2578 2112 illum
2631 2057 2866 2128 quidem
2902 2074 3174 2129 corporeo
3208 2058 3379 2112 modo
3427 2070 3555 2111 sese
3597 2072 3766 2127 spec-

2124 2146 2365 2201 tandum
2418 2147 2796 2218 praabentem,
2838 2147 2939 2201 sed
2993 2146 3357 2217 spiritualem
3411 2146 3469 2200 in
3524 2145 3765 2200 modum

2123 2235 2431 2289 nobiscum
2462 2239 2811 2300 versantem,
2845 2251 2910 2291 ac
2941 2252 3043 2307 pro
3075 2251 3247 2307 grege
3284 2235 3565 2290 adversus
3596 2232 3768 2305 lupos

2122 2328 2504 2394 pugnantem,
2538 2339 2640 2379 nec
2688 2339 3067 2394 quemquam,
3101 2323 3438 2395 praedonum
3490 2338 3670 2387 more,
3702 2338 3769 2377 ao

2120 2428 2223 2483 per
2252 2411 2519 2482 insidias,
2552 2411 2781 2467 caulam
2813 2412 3126 2477 transilire,
3156 2416 3332 2483 atque
3360 2410 3589 2467 animas
3618 2410 3769 2466 veri-

2120 2504 2236 2555 tate
2276 2506 2430 2555 recte
2476 2500 2775 2555 institutas
2826 2501 3126 2571 peregrina
3168 2517 3305 2555 voce
3345 2500 3673 2556 distrahere
3701 2515 3768 2555 ac

2121 2589 2424 2660 subripere
2480 2590 2791 2645 sinentem.
2826 2589 2940 2645 Nec
2984 2589 3188 2645 dubito
3241 2589 3383 2661 quin
3441 2588 3550 2644 hoc
3609 2604 3768 2645 nunc

2121 2693 2354 2748 quoque
2384 2681 2549 2733 tanto
2582 2678 2771 2750 magis
2802 2678 3208 2749 deprecatione
3239 2694 3367 2744 sua,
3392 2693 3570 2748 quam
3602 2676 3766 2748 prius

2120 2766 2405 2833 doctrina,
2430 2772 2680 2838 praestet,
2714 2772 2932 2839 quanto
2977 2783 3132 2822 nunc
3162 2766 3351 2837 magis
3396 2765 3510 2821 Deo
3558 2781 3768 2837 appro-

2120 2855 2386 2926 pinquat,
2424 2860 2487 2909 ut
2516 2856 2615 2926 qui
2662 2871 2971 2927 corporeae
2999 2856 3310 2927 compedes
3340 2853 3678 2919 excusserit,
3702 2868 3769 2908 ac

2120 2941 2259 2996 limo
2290 2942 2388 2997 illo
2422 2945 2637 2999 mentis
2670 2943 2985 3013 puritatem
3017 2943 3328 3009 inficiente,
3356 2941 3638 2998 liberatus
3669 2940 3765 3007 sit,

2119 3032 2434 3101 nudusque
2464 3047 2595 3086 cum
2649 3032 2807 3087 nuda
2857 3032 3115 3103 principe
3146 3036 3201 3086 et
3231 3030 3543 3101 purissima
3575 3035 3770 3085 mente

2119 3125 2401 3189 versetur,
2434 3120 2683 3191 angelici
2732 3120 2953 3175 ordinis
2999 3120 3339 3191 dignitatem
3391 3124 3447 3175 et
3491 3119 3763 3174 fiduciam

2116 3209 2252 3277 (nisi
2297 3209 2401 3263 hoc
2434 3210 2592 3263 dictu
2637 3210 2827 3265 audax
2857 3211 2965 3278 est)
2990 3214 3356 3264 consecutus.
3392 3214 3470 3263 Ac
3521 3213 3584 3263 tu
3636 3208 3765 3278 qui-

2116 3298 2249 3353 dem
2292 3314 2393 3369 pro
2442 3314 2510 3353 ea
2564 3298 2854 3353 sermonis
2910 3302 2967 3353 et
3022 3297 3261 3368 spiritus
3314 3296 3611 3361 facultate,
3647 3311 3767 3367 qua

2116 3385 2321 3457 polles,
2354 3386 2573 3441 rectius
2606 3387 2730 3459 ipse
2763 3402 2863 3458 per
2900 3391 2975 3455 te,
3010 3403 3187 3458 quam
3221 3385 3326 3441 tibi
3369 3402 3473 3458 ego
3505 3385 3766 3441 indicare

2116 3475 2361 3546 possim,
2387 3475 2706 3531 constitues
2729 3492 2795 3531 ac
2818 3475 3344 3547 philosophaberis.
3366 3475 3446 3530 Ne
3471 3481 3667 3530 autem
3693 3476 3765 3531 ob

2113 3564 2399 3619 virtutum
2469 3563 2629 3618 illius
2684 3564 3113 3633 ignorationem
3164 3564 3346 3619 oratio
3400 3564 3552 3619 833
3613 3563 3768 3618 infra

2116 3653 2461 3723 dignitatem
2495 3652 2664 3725 longe
2703 3653 3007 3718 subsistat,
3039 3654 3244 3707 breves
3276 3652 3561 3722 quasdam
3593 3667 3766 3706 enco-

2116 3741 2219 3795 mii
2280 3746 2493 3811 partes,
2545 3758 2613 3795 ex
2666 3741 2895 3812 iis,quea
2953 3741 3012 3795 in
3071 3741 3345 3795 defuncto
3401 3738 3630 3809 agnovi,
3662 3739 3762 3793 de-

364 3830 613 3896 lineabo,
647 3835 817 3901 atque
848 3829 1235 3895 adumbrabo,
1268 3845 1333 3884 ac
1362 3828 1467 3883 tibi
1499 3828 1684 3900 perito
1715 3828 2053 3899 hujusmodi
2082 3846 2275 3885 rerum
2312 3830 2539 3900 pictori,
2570 3829 2806 3885 virtutis
2854 3828 3011 3883 illius
3061 3828 3555 3901 pulchritudinem
3589 3842 3765 3881 accu-

365 3920 551 3974 ratius
582 3918 1010 3991 expoliendam,
1042 3922 1217 3988 atque
1247 3917 1510 3971 omnium
1543 3916 1879 3973 mortalium
1904 3917 2147 3973 auribus
2177 3923 2235 3973 et
2262 3917 2477 3973 animis
2506 3918 2871 3984 tradendam,
2904 3917 3076 3972 dabo.

436 4009 508 4063 E'.
562 4008 796 4068 Ἐκεῖνος
846 4005 1023 4060 τοίνυν
1070 4002 1179 4079 (Ἵνα
1224 4002 1480 4081 πατρίδα,
1528 4004 1617 4059 καὶ
1667 4005 1845 4081 γένος,
1913 4004 2004 4059 καὶ

363 4098 622 4169 σώματος
684 4094 903 4173 εὐφυΐαν
984 4096 1117 4168 (91),
1182 4094 1273 4148 καὶ
1345 4094 1444 4162 τὴν
1522 4090 1709 4164 ἔξωθεν
1777 4094 2004 4170 περιφά-

360 4207 526 4257 νειαν,
556 4187 645 4240 καὶ
696 4182 874 4239 τᾶλλα
923 4183 1004 4245 οἷς
1057 4184 1192 4259 μέγα
1239 4187 1521 4260 φρονοῦσιν
1562 4184 1856 4258 ἄνθρωποι,
1887 4188 2004 4244 τοῖς

361 4280 466 4330 τῶν
519 4273 809 4349 ἐγκωμίων
854 4272 1049 4346 νόμοις
1098 4271 1309 4347 παρεὶς,
1362 4271 1420 4327 έκ
1458 4276 1565 4327 τῶν
1607 4274 1742 4345 ἡμῖν
1770 4272 2001 4347 πρώτων

2191 4010 2253 4061 V.
2290 4006 2389 4061 Ille
2421 4006 2600 4079 igitur
2628 4012 2716 4074 (ut
2747 4007 3018 4078 patriam,
3052 4022 3257 4077 genus,
3287 4003 3547 4077 corporis
3575 4005 3760 4072 dotes,

2115 4100 2415 4151 externum
2476 4094 2870 4167 splendorem,
2904 4099 2961 4150 et
3008 4094 3144 4159 alia,
3186 4095 3259 4150 ob
3308 4111 3433 4166 quis
3494 4092 3763 4150 homines

2116 4186 2425 4257 n‘agniﬁcc
2478 4185 2549 4239 de
2596 4201 2656 4239 se
2705 4185 2988 4252 sentiunt,
3022 4185 3092 4240 ad
3148 4184 3547 4239 encomiorum
3606 4182 3763 4255 leges

2116 4275 2441 4343 remittam,
2499 4277 2673 4344 atque
2728 4274 2800 4329 ab
2854 4274 2977 4344 his,
3038 4290 3165 4345 quae
3223 4273 3392 4329 nobis
3451 4272 3641 4343 prima
3709 4277 3767 4327 et

358 4364 447 4418 καὶ
502 4363 845 4418 οἰκειοτάτων
896 4359 1187 4438 ἄρξωμαι),
1249 4359 1403 4436 ῥίζης
1454 4361 1663 4449 έγένετο
1713 4359 2006 4449 βλάστημα

2122 4363 2367 4419 maxime
2415 4363 2651 4434 propria
2706 4368 2864 4429 sunt,
2912 4362 3147 4419 initium
3188 4363 3419 4430 ducam)
3453 4379 3521 4417 ex
3573 4361 3766 4416 radice

362 4453 460 4508 οὐκ
510 4453 812 4521 έπαινετῆς,
864 4448 990 4506 οὐδὶ
1036 4450 1263 4527 εὐφυοῦς
1314 4450 1389 4511 εἷς
1440 4445 1708 4505 εὐσέϐειαν
1738 4446 1844 4523 (οὐ
1902 4451 2006 4525 γὰρ

361 4542 694 4617 αἰσχύνομαι
743 4545 861 4601 τοῖς
909 4540 1172 4613 πρώτοις,
1220 4544 1339 4601 τοῖς
1384 4536 1719 4601 τελευταίοις
1748 4538 2006 4615 Θαρρῶν),

361 4628 486 4685 οὐδὲ
535 4628 587 4683 έν
631 4632 709 4699 τῷ
757 4626 897 4700 οἷ’κῳ
944 4632 1041 4682 τοῦ
1089 4632 1219 4681 Θεοῦ
1262 4630 1685 4705 πεφυτευμένης,
1718 4626 1864 4684 ἀλλὰ
1918 4628 2008 4683 καὶ

363 4718 483 4774 λίαν
545 4716 750 4772 ἀτόπου
824 4715 913 4770 καὶ
980 4713 1290 4770 ἀλλοκότου
1368 4719 1503 4788 (92),
1572 4715 1631 4771 έκ
1688 4713 1834 4771 δυοῖν
1890 4722 2006 4771 τοῖν

362 4804 765 4863 έναντιωτάτοιν
830 4804 1292 4881 συγκεκραμένης,
1376 4804 1710 4876 Ἑλληνικῆς
1759 4827 1817 4861 τε
1872 4805 2011 4862 πλά-

358 4917 477 4967 νης,
527 4895 615 4949 καὶ
665 4899 898 4967 νομικῆς
946 4892 1253 4969 τερατείαςο
1306 4894 1380 4948 ὧν
1433 4894 1753 4970 ἀμφοτέρων
1801 4897 1869 4951 τὰ
1897 4898 2011 4970 (93)

362 4986 500 5060 μέρη
561 4984 766 5062 φυγὼν,
827 4981 887 5037 ἐκ
946 4986 1121 5057 μερῶν
1173 4982 1448 5054 συνετέθη.
1496 4990 1606 5053 Τῆς
1659 4984 1752 5058 μὶν
1804 4986 1907 5061 γὰρ
1945 4984 2012 5039 τὰ

357 5071 562 5129 εἶ’δωλα
620 5071 709 5127 καὶ
764 5072 856 5133 τὰς
915 5070 1098 5135 θυσίας
1154 5070 1629 5148 ἀποπεμπόμενοι,
1686 5077 1893 5147 τιμῶσι
1947 5073 2010 5129 τὸ

427 5217 472 5252 ⁸⁸
500 5216 667 5273 Joan.
699 5232 756 5281 x,
792 5216 880 5271 11.

449 5358 535 5427 88)
570 5356 652 5412 Οἱ.
687 5358 779 5412 Sio
816 5357 952 5429 Reg.
986 5374 1040 5422 a,
1073 5363 1129 5412 et
1159 5356 1254 5413 Or.
1285 5358 1335 5411 1.
1370 5355 1541 5412 Deest
1570 5357 1629 5411 in
1662 5358 1753 5412 ed.

429 5360 536 5499 (89)
569 5426 695 5484 Οῦν.
732 5435 900 5484 Deest
926 5429 984 5483 in
1020 5429 1197 5499 Regg.
1235 5446 1286 5495 a,
1326 5429 1443 5494 bm,
1476 5434 1532 5483 et
1561 5426 1655 5483 Or.
1693 5430 1741 5483 1.

450 5429 536 5498 89)
569 5426 695 5484 Οῦν.
732 5426 984 5484 υθθει“ἱῑι
1020 5429 1213 5556 Regﬁ.R
1235 5446 1286 5495 a,
1326 5429 1443 5494 bm,
1476 5434 1532 5483 et
1561 5426 1655 5483 Or.
1693 5430 1741 5483 1.

452 5501 543 5556 90)
576 5501 996 5556 Extat-vomitum.
1032 5501 1125 5556 Sic
1217 5516 1341 5556 enm.
1376 5516 1429 5556 a.
1462 5499 1580 5555 bm.
1616 5501 1673 5555 In
1705 5517 1741 5555 ei

431 5501 543 5577 (90)
576 5501 996 5577 Σκιαγραφήσω.
1032 5499 1129 5557 Sic
1151 5499 1341 5573 Regg.
1376 5516 1429 5566 a,
1462 5499 1580 5555 bm.
1616 5501 1673 5555 In
1705 5500 1821 5567 ed.,
1853 5518 2005 5551 σκιο-

358 5572 648 5719 “WE:

528 5640 844 5721 )Σώματοε
903 5640 1146 5723 εὐφυίαν,
1200 5665 1229 5696 ‹‹
1278 5644 1363 5701 Ad
1423 5642 1621 5703 omnia
1678 5641 2006 5704 naturalem

2117 4457 2278 4508 ortus
2309 4456 2398 4508 est
2426 4452 2670 4508 minime
2718 4451 3019 4515 laudabili,
3055 4468 3160 4507 nec
3188 4453 3257 4506 ad
3292 4452 3562 4522 pietatem
3614 4454 3765 4505 recte

2117 4546 2455 4613 comparata
2483 4542 2622 4613 (non
2669 4540 2827 4596 enim
2868 4541 3126 4612 priorum
3173 4556 3267 4595 me
3311 4541 3507 4611 pudet,
3542 4544 3763 4610 postre-

2118 4630 2232 4686 mis
2258 4630 2668 4698 conﬂdentem)
2695 4648 2708 4696 ;
2749 4646 2855 4685 nec
2884 4630 2944 4684 in
2975 4630 3149 4686 domo
3205 4630 3299 4684 Dei
3355 4628 3639 4700 plantata,
3668 4643 3764 4682 ve-

2118 4735 2246 4774 rum
2285 4718 2603 4773 admodum
2648 4718 2906 4774 absurda
2948 4723 3004 4773 et
3047 4717 3407 4790 prodigiosa,
3437 4732 3504 4769 ex
3535 4716 3763 4770 duabus

2118 4809 2292 4864 rebus
2350 4807 2604 4862 maxime
2660 4806 2988 4877 contrariis,
3020 4806 3129 4863 hoc
3176 4810 3283 4876 est,
3318 4822 3383 4860 ex
3427 4803 3628 4877 gentili
3674 4821 3764 4859 er-

2119 4913 2245 4952 rore
2277 4900 2333 4952 et
2372 4894 2541 4968 legali
2572 4896 2825 4952 vanitate
2864 4895 3140 4964 conﬂata;
3172 4911 3423 4968 quarum
3456 4893 3765 4966 utriusque

2120 4989 2312 5057 partes
2364 4986 2651 5058 quasdam
2706 4984 2957 5057 fugiens,
2988 5001 3058 5040 ex
3086 4985 3441 5057 quibusdam
3500 4982 3765 5056 partibus

2121 5073 2369 5130 conﬂata
2414 5078 2471 5129 et
2517 5073 2837 5132 constituta
2890 5077 3001 5132 est.
3032 5074 3257 5132 Etenim
3315 5074 3474 5130 illius
3526 5073 3758 5145 quidem

2115 5356 2375 5416 corporis
2403 5358 2825 5416 dexteritatem.

2187 5424 2296 5499 (92)
2326 5424 2683 5484 ’Δλλοκὸτου.
2713 5430 2928 5496 Gloss.,
2952 5428 3208 5501 έναντίας,
3242 5428 3360 5498 ξένη
3373 5449 3418 5492 ς,
3442 5452 3467 5479 ‹‹
3493 5428 3755 5495 adversa,

2115 5501 2440 5572 peregrina.
2469 5524 2497 5550 ››

2191 5518 2250 5555 re
2298 5518 2497 5557 mna.»

2188 5517 2301 5644 (θξ)
2332 5572 2422 5627 Τά.
2456 5573 2630 5631 Deest
2659 5572 2717 5629 in
2748 5578 2885 5646 Reg.
2919 5573 3039 5630 bm.
