4138 6212
401 334 523 397 Μ.

1642 335 1707 394 S.
1755 330 2128 394 GRERII
2170 332 2571 395 THEOLOGi-

3683 333 3813 393 992

399 467 557 522 idola
599 472 657 521 et
706 464 992 520 sacrificia
1040 464 1390 533 reiicientes,
1423 464 1620 535 ignem
1670 468 1728 520 et
1776 464 2046 520 lucernas

2182 466 2266 537 πῦρ
2300 462 2485 517 καὶτὰ
2520 461 2732 538 λύχνα’
2776 467 2876 530 τῆς
2926 459 2985 515 δὶ
3025 462 3087 515 τὸ
3134 455 3414 516 Σάϐϐατω
3465 456 3817 535 αίδούμενοι⁹

404 561 629 614 colunt:
664 555 842 623 hujus
875 559 1066 607 autem
1104 554 1213 607 Su
1252 570 1424 607 πλέαι
1458 559 1514 608 et
1536 554 1804 625 jejunam
1838 572 2049 624 quam-

2182 551 2245 605 ιαὶ
2276 552 2375 620 τὴν
2406 551 2527 627 περὶ
2558 552 2623 606 τὰ
2649 552 2913 628 βρώματα
2941 549 3078 606 ἐστιν
3114 550 3144 605 ἃ
3175 553 3285 625 (94)
3319 550 3810 628 μικρολογίαν,τὴν

403 646 535 700 dam
573 661 606 697 a
636 641 935 697 nonnullis
986 641 1132 696 cibis
1181 642 1597 698 abstinentiam
1648 645 2046 713 observantes,

405 731 910 789 eircumcisionem
940 738 1346 804 aspernantur.
1370 736 1554 805 Atque
1576 735 1829 790 humiles
1862 740 1917 788 et
1947 735 2048 790 ab-

395 823 538 895 jecti
573 822 837 877 homines
860 823 1357 895 Hypsistariorum
1391 841 1601 879 nomen
1627 826 1734 880 sibi
1760 825 2047 889 tribuunt,

405 930 472 968 ac
526 911 630 968 soli
664 912 1063 984 Omnipotenti
1109 913 1541 969 venerationem
1591 914 1889 969 adhibent.
1933 914 2051 968 Hoc

404 1002 505 1059 ille
538 1003 709 1057 modo
742 1018 875 1057 cum
926 1006 994 1057 ad
1044 1002 1404 1074 impietatem
1456 1003 1721 1058 biformis
1767 1003 2048 1074 quodam-

408 1093 581 1148 modo
608 1096 783 1158 esset,
806 1091 1086 1161 quidnam
1111 1107 1177 1145 ex
1203 1109 1456 1161 quonam
1478 1092 1745 1147 exsistit?
1767 1091 2049 1162 Equidem

410 1184 637 1255 ignoro,
671 1197 812 1235 num
851 1180 1102 1251 gratiam
1134 1180 1317 1243 illam.
1350 1198 1383 1234 a
1414 1198 1530 1251 qua
1567 1185 1805 1235 vocatus
1836 1186 1944 1243 est,
1979 1197 2048 1234 an

406 1270 570 1328 illius
602 1269 955 1324 voluntatem
989 1268 1287 1340 animique
1318 1269 1683 1340 propositum
1716 1269 1903 1339 magis
1935 1268 2055 1322 lau-

409 1362 550 1415 dare
595 1359 859 1413 debeam.
896 1357 1199 1426 Utcunque
1251 1358 1345 1424 sit,
1398 1373 1585 1427 usque
1637 1358 1778 1412 adeo
1840 1357 2053 1412 mentis

410 1448 645 1503 oculum
687 1447 759 1501 ab
789 1445 862 1500 iis
893 1445 1083 1513 lemis,
1119 1462 1248 1516 quae
1295 1446 1405 1518 ipsi
1460 1445 1814 1511 insidebant,
1848 1462 2053 1517 repur-

411 1534 589 1607 gavit,
622 1548 689 1589 ac
736 1537 900 1588 tanta
948 1532 1239 1588 celeritate
1268 1534 1338 1587 ad
1372 1533 1673 1589 veritatem
1720 1534 1959 1599 accurit,
1991 1537 2057 1588 ut

411 1622 565 1693 quod
597 1620 849 1676 cmlestis
889 1620 1075 1675 Patris
1104 1637 1169 1675 ac
1197 1637 1341 1675 vera:
1381 1620 1738 1676 hmreditatis
1769 1638 1967 1691 causa,
1999 1624 2056 1676 et

411 1714 620 1776 matre,
653 1714 712 1764 et
740 1708 1138 1780 facultatibus,
1162 1709 1501 1781 aliquandiu
1534 1726 1727 1766 carere
1757 1710 2055 1765 sustinue-

409 1800 505 1870 rit,
566 1804 739 1870 atque
786 1798 938 1853 hanc
994 1798 1402 1868 ignominiam,
1433 1799 1659 1870 aquius
1715 1804 1772 1855 et
1828 1800 2056 1855 facilius

407 1904 583 1959 quam
635 1887 733 1943 alii
781 1903 1047 1943 summos
1098 1887 1370 1955 honores,
1423 1888 1641 1957 tulerit,
1695 1888 1891 1943 minus
1940 1889 2062 1958 ipse

2159 644 2462 715 περιτομὴν
2540 640 2913 715 ἀτιμάζουσιν.
2966 641 3298 715 Ὕψιστάριοι
3354 645 3471 703 τοῖς
3527 646 3809 704 ταπεινοῖς

2161 728 2352 802 ὄνομα,
2402 729 2493 783 καὶ
2541 730 2568 783 6
2617 728 3012 803 Παντοκράτωρ
3059 724 3123 797 δὴ
3182 728 3346 801 μόνος
3403 728 3588 790 αὐτοῖς
3644 724 3809 783 σεϐά-

2160 838 2343 890 σμιος.
2394 817 2492 871 Καὶ
2554 817 2696 871 οὕτω
2773 815 2969 894 διφυής
3022 837 3104 878 τις
3161 815 3233 871 ὣν
3293 816 3368 879 εἷς
3422 812 3686 889 ἀσέϐειαν,
3752 816 3813 873 ἐκ

2160 905 2307 967 τίνος
2355 904 2406 960 τί
2458 906 2699 982 γίνεται;
2754 905 2863 959 Οὐκ
2910 903 3049 975 οἶδα,
3096 904 3322 982 πότερον
3372 907 3472 974 τὴν
3511 904 3811 961 καλέσασαν

2163 993 2321 1049 αὐτόν
2372 994 2531 1070 χάριν
2583 993 2846 1049 ἐπαινέσω
2890 993 3079 1061 πλέον,
3127 995 3163 1063 ἢ
3220 996 3319 1063 τὴν
3352 993 3559 1049 ἆκείνου
3608 994 3811 1069 προαί-

2165 1104 2329 1158 ρεσιν.
2374 1081 2527 1152 Πλὴν
2580 1083 2726 1138 οὕτω
2773 1084 2865 1137 τὸν
2910 1089 3008 1152 τῆς
3062 1082 3303 1146 διανοίας
3360 1082 3645 1161 ὀφθαλμὸν
3706 1091 3812 1153 τῆς

2165 1172 2510 1245 ἐπικειμένης
2557 1174 2668 1245 (95)
2718 1171 2863 1245 αὐτῷ
2911 1172 3099 1245 λήμης
3314 1172 3665 1246 ἀνεκαθάρθη,
3718 1173 3814 1227 καὶ

2162 1261 2408 1332 τοσούτῳ
2455 1262 2612 1335 τάχει
2663 1262 2775 1333 (97)
2822 1264 2889 1334 τῇ
2943 1260 3172 1331 ἀληθείᾳ
3226 1258 3620 1337 προσέδραμεν,
3671 1260 3814 1316 ὥστε

2165 1349 2248 1404 ὅτι
2304 1350 2395 1422 μὲν
2445 1348 2535 1403 καὶ
2584 1350 2815 1425 μητρὸς,
2845 1349 2935 1403 καὶ
2964 1347 3147 1411 οὐσίας
3180 1348 3417 1403 ἐκπεσεῖν
3452 1349 3582 1424 ἄχρι
3639 1350 3811 1418 τινὸς,

2166 1440 2299 1514 ὑπὲρ
2327 1443 2423 1493 τοῦ
2456 1436 2566 1492 ἅνω
2597 1438 2806 1512 Πατρὸς
2842 1438 2933 1492 καὶ
2962 1444 3064 1507 τῆς
3114 1437 3381 1509 ἀληθινῆς
3428 1436 3813 1512 κληρονομίας

2164 1529 2450 1603 ἠνέσχετο,
2508 1527 2597 1581 καὶ
2661 1526 2788 1603 ῥᾷον
2827 1524 3025 1602 ἤνεγκε
3086 1528 3184 1596 τήν
3230 1527 3448 1600 ἀτιμίαν
3497 1527 3723 1597 ταῦτην,
3774 1530 3810 1597 ἢ

2163 1618 2260 1679 τὰς
2331 1617 2585 1692 μεγίστας
2649 1617 2812 1689 τιμὰς
2860 1613 3056 1691 ἕτεροι,
3103 1620 3263 1670 τοῦτο
3318 1617 3411 1689 μὶν
3456 1616 3617 1685 ἦττον
3679 1617 3811 1669 θαυ-

2170 1708 2346 1779 μάζω,
2394 1705 2569 1760 καίτοι
2622 1702 2742 1759 λίαν
2790 1703 2847 1759 ὅν
2890 1704 3212 1777 Θαυμαστόν.
3240 1704 3426 1774 Διατί;
3476 1707 3592 1759 Ὅτι
3625 1707 3811 1760 κοινὸν

2168 1795 2311 1867 αὐτῷ
2337 1796 2449 1868 (98)
2481 1794 2616 1870 πρὸς
2666 1793 2911 1856 πολλοὺς
2944 1791 3147 1856 ἄλλους
3196 1795 3259 1849 τὸ
3290 1793 3644 1871 φιλοτίμημα
3674 1796 3812 1867 (99),

2169 1884 2258 1939 καὶ
2289 1884 2489 1946 πάντας
2541 1880 2669 1938 εἷ’σω
2715 1882 2958 1957 γενέσθαι
3010 1881 3092 1937 δεῖ
3134 1890 3232 1952 τῆς
3276 1880 3524 1957 μεγάλης
3552 1887 3654 1937 τοῦ
3679 1886 3818 1938 Θεοῦ

406 1978 605 2043 mirer,
635 1976 771 2032 licet
813 1977 1031 2047 alioqui
1063 1993 1155 2032 res
1186 1994 1253 2032 ea
1284 1993 1400 2032 non
1449 1994 1624 2048 parva
1672 1977 2060 2033 admiratione

2182 1975 2432 2049 παγήνης,
2483 1972 2572 2027 καὶ
2619 1978 2738 2034 τοῖς
2779 1976 2888 2027 τῶν
2935 1970 3133 2027 ἀλιέων
3180 1971 3367 2048 λόγοις
3400 1973 3819 2045 ωγηνευθῆναι,

406 2067 587 2138 digna
616 2064 711 2122 sit.
745 2065 888 2129 Quid
936 2065 1053 2121 ita?
1083 2065 1371 2129 Quoniam
1422 2066 1545 2121 haec
1575 2065 1759 2137 gloria
1809 2064 1891 2120 illi
1924 2082 2058 2121 cum

2182 2062 2264 2116 ιόὶν
2322 2064 2373 2117 οἱ
2435 2062 2529 2134 μὶν
2578 2061 2865 2137 πρότερον,
2918 2062 2968 2115 οἱ
3016 2058 3075 2115 δὲ
3123 2060 3341 2137 ὕστερον
3386 2064 3465 2132 τῷ
3496 2060 3821 2135 Εὐαγγελίῳ

410 2153 615 2210 multis
644 2153 776 2209 aliis
819 2156 1153 2209 communis
1200 2160 1310 2221 est,
1344 2170 1665 2226 omnesque
1715 2170 1928 2226 magna
1958 2153 2061 2209 illa

2182 2150 2604 2228 περιληφθῶσιν.
2648 2153 2714 2203 ’Ὀ
2744 2148 2802 2204 δὲ
2834 2148 3069 2222 μάλιστά
3102 2170 3196 2222 μοι
3224 2153 3333 2204 τῶν
3366 2148 3575 2204 ἰκείνου
3608 2148 3821 2222 θαυμάο

411 2243 511 2298 Dei
534 2258 751 2313 sagena
779 2241 1021 2312 includi,
1046 2259 1111 2297 ac
1142 2243 1499 2313 piscatorum
1523 2243 1896 2297 sermonibus
1922 2242 2059 2297 irre-

2173 2245 2277 2309 ζειν
2309 2238 2504 2308 ἔπεισι,
2534 2242 2695 2294 τοῦτο
2729 2238 2896 2293 εἰπεῖν
2926 2237 3236 2312 ἀναγκαῖον.

407 2332 507 2386 tiri
538 2334 802 2403 oportet;
834 2330 1069 2385 tametsi
1108 2330 1203 2385 alii
1236 2330 1430 2398 citius,
1464 2330 1561 2384 alii
1613 2330 1801 2386 serius
1832 2331 1904 2385 ab
1937 2330 2244 2403 Evangelia
2275 2329 2866 2402 comprehendantur.
2901 2329 3062 2395 Quod
3112 2333 3308 2384 autem
3359 2327 3503 2384 mihi
3533 2343 3603 2384 ex
3631 2327 3823 2400 ipsius

410 2421 587 2477 rebus
618 2419 989 2493 potissimum
1023 2420 1299 2474 admirari
1331 2421 1508 2489 subit,
1544 2420 1652 2475 hoc
1682 2420 2010 2475 necessario
2038 2420 2349 2477 dicendum
2382 2424 2490 2475 est.

479 2510 571 2566 VI.
599 2508 717 2577 Ille,
741 2512 875 2565 ante
904 2509 1079 2565 etiam
1118 2525 1292 2581 quam
1328 2510 1397 2564 ad
1443 2513 1707 2565 nostram
1739 2510 1965 2565 caulam
2000 2525 2061 2565 se

412 2598 780 2671 contulisset,
814 2602 1012 2655 noster
1049 2602 1191 2654 erat.
1217 2598 1406 2654 Mores
1430 2599 1586 2654 384
1617 2599 1833 2671 quippe
1863 2598 2059 2670 ipsum

411 2688 584 2746 nobis
615 2687 999 2744 asciscebant.
1024 2688 1099 2744 Ut
1127 2687 1283 2744 enim
1318 2688 1485 2744 multi
1518 2705 1587 2744 ex
1616 2687 1830 2744 nostris
1862 2687 2061 2743 nobis-

412 2793 547 2834 cum
596 2794 713 2833 non
773 2781 932 2844 sunt,
958 2793 1103 2849 quos
1149 2777 1374 2833 scilicet
1404 2796 1437 2833 a
1468 2777 1767 2833 communi
1823 2792 2063 2848 corpore

413 2866 533 2922 vita
560 2870 817 2922 removet
847 2882 861 2921 :
894 2865 978 2921 sic
1007 2870 1210 2922 contra
1254 2866 1422 2922 multi
1457 2871 1786 2922 exterarum
1837 2866 1908 2921 ad
1957 2881 2064 2921 nos

417 2958 703 3026 spectant,
729 2954 1064 3026 quicunque
1098 2955 1378 3010 nimirum
1406 2955 1581 3011 fidem
1612 2954 1874 3010 moribus
1906 2959 2064 3009 ante-

2242 2512 2300 2577 ζ’.
2358 2511 2595 2569 Ἐκεῖνος
2651 2506 2741 2561 καὶ
2794 2506 2900 2583 πρὸ
2982 2512 3085 2576 τῆς
3160 2503 3426 2578 ημετὲρας
3499 2501 3673 2574 αὐλῆς
3754 2504 3821 2573 ἦν

2169 2598 2475 2673 ἡμέτερος⁹
2547 2595 2798 2651 εἰσεποίει
2873 2596 2976 2672 γὰρ
3048 2593 3206 2649 αὐτὸν
3284 2596 3418 2666 ἡμῖν
3492 2595 3523 2648 6
3589 2592 3817 2667 τρόπος.

2169 2689 2372 2761 Ὥσπερ
2424 2684 2524 2762 γὰρ
2581 2684 2787 2741 πολλοὶ
2862 2689 2967 2740 τῶν
3033 2682 3317 2757 ἡμετέρων
3375 2682 3437 2736 οὗ
3490 2684 3605 2756 μεθ’
3654 2682 3817 2754 ἡμῶν

2173 2776 2325 2844 εἰσιν,
2384 2775 2478 2837 οὕς
2528 2776 2555 2830 6
2608 2774 2724 2850 βίος
2774 2771 3065 2848 ἀλλοτριοῖ
3112 2776 3211 2827 τοῦ
3275 2775 3460 2827 κοινοῦ
3518 2771 3822 2843 σώματος·

2174 2862 2321 2919 οὕτω
2347 2861 2553 2918 πολλοὶ
2580 2867 2687 2918 τῶν
2720 2860 2908 2933 ἔξωθεν
2935 2861 3072 2936 πρὸς
3103 2863 3283 2933 ἡμῶν,
3333 2858 3451 2914 ὅσοι
3500 2863 3579 2930 τῷ
3624 2858 3823 2933 τρόπῳ

2173 2954 2273 3022 τὴν
2318 2952 2494 3007 πίστιν
2544 2953 2823 3030 φθάνουσι,
2880 2950 2968 3005 καὶ
3022 2947 3231 3004 δέονται
3279 2952 3377 3004 τοῦ
3412 2948 3702 3020 ὀνόματος,
3762 2948 3825 3002 τὸ

415 3046 674 3113 vertunt,
703 3058 769 3098 ac
809 3042 932 3098 solo
981 3042 1218 3098 nomine
1265 3047 1484 3109 carent,
1518 3060 1649 3098 cum
1702 3058 1825 3097 rem
1874 3042 2063 3115 ipsam

2182 3040 2333 3118 ἔργον
2384 3038 2625 3117 ἔχοντες.
2673 3040 2887 3095 Τούτων
2935 3037 3027 3093 καί
3078 3039 3105 3093 6
3139 3038 3269 3112 ἐμὸς
3326 3040 3391 3106 ἦν
3423 3037 3626 3113 πατὴρ,
3658 3036 3827 3113 πτόρ-

416 3135 674 3187 teneant.
707 3131 829 3196 Quo
860 3132 919 3186 in
951 3147 1195 3186 numero
1244 3147 1412 3186 meus
1442 3148 1675 3202 quoque
1727 3136 1892 3203 pater
1919 3135 2063 3198 erat,

422 3236 626 3276 ramus
657 3220 895 3293 quidem
936 3220 1034 3275 ille
1077 3219 1324 3287 alienus,
1358 3225 1632 3276 ceterum
1661 3221 1779 3275 vita
1807 3225 1863 3275 et
1891 3221 2063 3275 mori-

420 3310 533 3365 bus
564 3311 634 3364 ad
664 3326 772 3364 nos
804 3309 1191 3381 propendens.
1214 3310 1292 3363 Ac
1314 3309 1605 3381 pudicitiae
1629 3309 1866 3381 quidem
1898 3308 2071 3365 laude

420 3398 564 3454 adeo
594 3397 888 3466 excelluit,
916 3402 979 3452 ut
1008 3398 1162 3453 idem
1196 3396 1397 3463 simul,
1420 3402 1475 3452 et
1504 3397 1989 3469 amabilissimus,
2018 3402 2074 3454 et

422 3486 793 3544 castissimus
810 3490 984 3553 esset,
1006 3504 1131 3558 qua:
1153 3486 1268 3542 duo
1290 3486 1447 3542 haud
1467 3487 1632 3542 facile
1653 3486 1712 3542 in
1737 3504 1918 3541 unum
1942 3504 2073 3541 con-

423 3579 690 3632 currunt.
718 3573 968 3631 Justitiae
1017 3578 1235 3644 autem,
1261 3574 1413 3643 quod
1446 3574 1638 3645 majus
1683 3579 1740 3629 et
1782 3573 2073 3628 illustrius

426 3670 841 3738 argumentum
884 3664 1076 3718 afferri
1110 3668 1319 3735 potest,
1352 3679 1528 3734 quam
1558 3663 1731 3734 quod,
1756 3663 1813 3718 in
1846 3662 2075 3734 magnis

426 3754 761 3826 reipublicae
785 3752 1131 3807 muneribus
1150 3758 1435 3819 versatus,
1456 3768 1528 3807 ne
1558 3753 1821 3807 teruncio
1840 3752 2073 3823 quidem

424 3842 733 3899 facultates
755 3858 894 3896 suas
915 3841 1159 3906 auxerit,
1178 3842 1355 3912 idque
1372 3857 1506 3896 cum
1530 3840 1673 3896 alios
1696 3844 1956 3895 cerneret
1980 3857 2078 3910 pu-

428 3930 599 3987 blicis
620 3930 789 3986 bonis
810 3930 1027 3985 Briarei
1052 3946 1286 3997 manus,
1309 3934 1373 3985 ut
1400 3929 1510 3984 dici
1535 3928 1699 3989 solet
1724 3930 2075 3999 injicientes,

430 4036 497 4076 ac
529 4019 702 4076 malis
732 4018 911 4075 lucris
961 4019 1302 4091 turgentes?
1342 4020 1436 4074 Sic
1466 4019 1620 4074 enim
1673 4035 1812 4091 opes
1861 4018 2080 4087 injuste

429 4108 705 4166 collectas
760 4124 921 4164 voco.
957 4107 1282 4164 Prudentia
1340 4126 1508 4181 porro
1559 4124 1898 4180 quanquam
1958 4107 2080 4161 haec

432 4214 667 4270 quoque
698 4214 813 4253 non
835 4197 1042 4270 exigua
1063 4198 1282 4254 indicia
1301 4202 1460 4263 sunt,
1484 4198 1651 4269 plura
1669 4201 1867 4253 tamen
1899 4196 2081 4251 oratio

430 4286 667 4359 longius
698 4303 1008 4359 progressa
1035 4286 1374 4343 declarabit.
1408 4287 1515 4342 Pro
1558 4287 1650 4343 his
1700 4287 1876 4342 rebus
1908 4285 2081 4340 ﬁdem

2178 3132 2271 3193 Θος
2329 3129 2645 3207 ἀλλότριος,
2710 3132 2790 3201 τῷ
2846 3130 2924 3202 (1)
2976 3127 3081 3203 βίῳ
3128 3126 3267 3203 πρὸς
3314 3128 3464 3199 ἡμᾶς
3509 3122 3823 3181 ἕπικλίνων.

2183 3218 2498 3297 Σοφροσῦνῃ
2576 3217 2668 3292 μὲν
2745 3237 2805 3293 γε
2871 3219 3129 3271 τοσοῦτον
3206 3212 3509 3289 διήνεγκεν,
3587 3213 3725 3268 ὥστε
3799 3216 3827 3266 6

2183 3308 2340 3370 αὐτὸς
2389 3305 2793 3383 ὶρασμιώτατός
2837 3326 2896 3360 τε
2946 3306 3059 3377 ἅμα
3104 3302 3340 3380 γενέσθαι
3415 3302 3504 3357 καὶ
3570 3301 3828 3374 κοσμιώ-

2182 3417 2377 3459 τατος·
2450 3397 2481 3451 ἃ
2544 3395 2786 3473 χαλεπὸν
2860 3393 3137 3472 ἀμφότερα
3207 3389 3551 3467 συνδραμεῖν.
3611 3398 3828 3446 Δικαιο-

2184 3487 2343 3557 σύνης
2403 3484 2460 3541 δὲ
2511 3485 2563 3540 τί
2624 3490 2805 3557 μεῖζον
2864 3485 3151 3559 γνώρισμα
3205 3481 3293 3536 καὶ
3359 3479 3830 3557 περιφανέστερον,

2183 3576 2216 3643 ἦ
2262 3575 2347 3628 ’ὁτι
2394 3571 2674 3633 πολιτείας
2727 3570 2789 3625 οὗ
2845 3573 2912 3625 τὰ
2968 3568 3188 3643 δεύτερα
3236 3567 3507 3643 ἰσχηκὼς,
3561 3564 3688 3621 οὖδὶ
3732 3571 3837 3639 μιᾷ

2187 3659 2411 3737 δραχμῇ
2461 3659 2635 3715 πλείω
2676 3661 2774 3728 τὴν
2825 3658 3006 3713 οὐσίαν
3070 3657 3339 3726 πεποίηκε
3404 3655 3651 3729 καίτοιγε
3707 3656 3837 3715 τοὺς

2187 3748 2390 3812 ἄλλους
2442 3751 2583 3825 ὀρῶν
2626 3750 2723 3810 τὰς
2771 3746 3016 3822 Βριάρεω
3066 3752 3255 3823 χεῖρας
3286 3740 3689 3805 ἐπιϐάλλοντας
3715 3749 3837 3805 τοῖς

2189 3837 2498 3911 δημοσίοις,
2549 3837 2639 3891 καὶ
2680 3840 2798 3898 τοῖς
2846 3840 3034 3897 κακοῖς
3098 3834 3291 3909 πόροις
3358 3832 3837 3911 φλεγμαίνονταςς

2188 3926 2332 3981 οὕτω
2385 3926 2488 4000 γὰρ
2536 3925 2640 4001 ἐγὼ
2690 3924 2844 3980 καλῶ
2885 3925 2984 3993 τὴν
3032 3920 3216 3978 ἄδικον
3276 3921 3548 3998 εὐπορίαν.
3620 3923 3841 3997 Φρονή-

2190 4036 2325 4077 σεως
2379 4013 2455 4083 δὶ,
2508 4015 2675 4091 μικρὰ
2731 4015 2825 4086 μὲν
2897 4012 3020 4068 οὐδὲ
3082 4016 3251 4067 ταῦτα
3309 4010 3681 4088 γνωρίσματα,
3749 4008 3846 4081 δη-

2192 4104 2358 4159 λώσει
2403 4101 2459 4158 δὲ
2514 4102 2581 4157 τά
2622 4102 2796 4157 πλείω
2846 4103 3050 4177 προϊὼν
3102 4102 3130 4156 6
3162 4100 3343 4177 λόγος.
3376 4100 3588 4155 Τούτων
3623 4098 3712 4153 καὶ
3750 4121 3843 4171 μι-

2192 4193 2315 4256 σθὸν
2376 4195 2473 4266 (2),
2526 4193 2702 4265 οἶμαι,
2760 4193 2859 4261 τήν
2908 4190 3089 4247 πίστιν
3140 4190 3423 4267 ἠνέγκατο.
3475 4190 3546 4243 Τὸ
3594 4185 3656 4242 δὲ
3686 4188 3842 4250 ὅπως

2193 4278 2463 4357 (οὐδὲγὰρ
2514 4281 2658 4351 ἄξιον
2710 4286 3010 4345 σιωπᾶσθαι
3059 4285 3287 4357 πρᾶγμα
3330 4280 3635 4351 τοσοῦτον),
3683 4276 3847 4332 αὖτοί

433 4391 691 4448 quoque,
726 4379 789 4429 ut
817 4376 1042 4447 opinor,
1068 4376 1289 4447 praemii
1323 4375 1445 4431 loco
1475 4374 1694 4431 retulit.
1718 4375 1781 4431 Id
1808 4390 1939 4430 vero
1970 4389 2065 4444 qu<

2192 4372 2622 4445 παραστήσωμεν

436 4468 608 4538 pacto
666 4463 974 4535 contigerit
1002 4464 1215 4535 (neque
1270 4465 1426 4520 enim
1486 4480 1579 4520 res
1636 4468 1802 4519 tanta
1850 4462 2084 4519 silentio

434 4552 838 4627 pratereunda
866 4552 997 4623 est),
1032 4552 1404 4625 perspicuum
1433 4552 1736 4609 faciemus.

508 4642 626 4697 VII.
660 4640 928 4697 Divinam
968 4640 1328 4712 Scripturam
1360 4640 1649 4697 dicentem
1693 4641 1887 4696 audivi
1925 4658 1937 4695 :
1970 4641 2083 4695 Mu-

435 4731 626 4786 lierem
656 4732 853 4801 fortem
882 4730 1007 4802 qui:
1034 4731 1275 4785 inveniet
1293 4730 1379 4784 ‘0‘?
1401 4735 1481 4785 Ac
1502 4731 1722 4786 donum
1754 4730 1915 4786 istud
1946 4729 2087 4785 divi-

502 4874 548 4909 ⁸ο
571 4873 739 4930 Prov.
773 4883 927 4941 xxxi,
960 4872 1048 4928 10.

505 5013 616 5089 (911)
646 5012 921 5089 Βρῴματα
950 5008 1089 5089 ἔστιν
1124 5014 1297 5089 bt._Sic
1323 5015 1461 5089 Beg.
1488 5015 1608 5087 bm,
1630 5014 1805 5072 Coisl.
1830 5017 1884 5087 2,
1908 5015 2001 5071 Or.
2029 5015 2079 5069 1.

434 5082 710 5161 Mepdosé
742 5082 800 5161 in
832 5087 1025 5161 editis,
1053 5082 1299 5161 πρόϐατα
1326 5083 1382 5148 ’ἐς
1410 5082 1548 5141 τινα.

506 5158 613 5231 (95)
644 5162 749 5231 Τῆς
781 5152 1150 5230 ἰπικειμὲνης.
1180 5160 1275 5215 Or.
1311 5161 1361 5227 1,
1391 5165 1493 5227 τῆς
1514 5152 1929 5231 περικειμένης.

507 5225 615 5302 (96)
646 5230 867 5302 Λήμης.
930 5225 1117 5302 Gloss.
1165 5225 1537 5302 εμΛήμηχτὸ
1587 5225 1968 5302 συνιστάμενον
2030 5225 2079 5281 ὲν

431 5305 545 5382 τοῖς
564 5296 884 5382 ,οἶ-φθαλμοῖς
946 5296 1147 5382 λευκόν-
1196 5296 1332 5354 ἐπιδ
1362 5296 1771 5382 «H_Lippi_tud‘9,
1796 5296 1824 5347 ii
1854 5299 1911 5354 id
1973 5304 2078 5382 est,

436 5394 463 5422 «
496 5372 634 5427 tabi'
672 5375 935 5442 quendam
997 5377 1240 5445 species,
1280 5374 1429 5443 quod
1484 5372 1847 5444 lippientium
1898 5372 2080 5428 oculis

436 5444 709 5497 adhaeret.
738 5470 759 5495 ι

436 5450 709 5499 adhaeret.
738 5470 759 5495 ι

504 5516 616 5653 (97)
643 5514 826 5587 Τάχει.
862 5514 1036 5569 Coisl.
1073 5516 1121 5579 1,
1153 5512 1365 5587 τάχιον.

525 5588 615 5651 98)
651 5585 823 5653 Αὐτῷ.
855 5586 948 5641 Sic
979 5587 1071 5640 ΟΡ.
1108 5589 1155 5640 1.
1189 5587 1250 5640 lu
1282 5589 1365 5641 ed.

525 5581 615 5651 98)
651 5581 948 5656 Αὐτῷ.δίο
979 5587 1071 5640 0r.
1108 5589 1155 5640 1.
1189 5581 1397 5656 1ίιόι1.,
1428 5581 1577 5640 αὐτό.

507 5656 616 5726 (99)
650 5653 1031 5729 Φιλοτίμημα.
1066 5657 1207 5731 Reg.
1241 5675 1293 5727 a,
1326 5655 1641 5734 φιλότιμον.

2265 4638 2334 4691 Ζ’.
2424 4639 2653 4689 Γυναῖκα
2742 4635 2836 4707 μὲν
2917 4630 3164 4709 ἀνδρείαν
3243 4632 3330 4695 τίς
3412 4630 3671 4709 εὑρήσεις
3748 4632 3851 4701 τῆς

2195 4723 2339 4790 θείας
2367 4721 2576 4793 ἤκουσα
2626 4721 2896 4799 λεγούσης
2946 4723 3202 4800 Γραφῆςο
3245 4719 3347 4776 καί
3380 4720 3447 4776 τδ
3492 4717 3669 4795 δῶρον
3727 4721 3851 4776 θεό-

2265 5011 2339 5084 (1)
2366 5013 2479 5084 Τῷ,
2512 5010 2605 5066 Sic
2638 5010 2776 5084 Reg.
2812 5008 3023 5084 bm,_et
3049 5007 3145 5063 Or.
3179 5008 3230 5084 t.
3266 5006 3439 5063 Deest
3455 5004 3653 5084 inled.

2267 5077 2589 5155 (ΖλΊζόύτων
2645 5077 2753 5134 καῖ
2795 5077 3010 5155 μισθόν,
3040 5084 3146 5155 διο.
3184 5080 3311 5155 [lac
3353 5078 3529 5133 verba
3584 5094 3703 5155 non
3761 5078 3847 5133 sic

2193 5150 2569 5227 intelligenda
2624 5150 2924 5227 sunt,'_nec_
2980 5150 3336 5227 intellexisse
3376 5150 3726 5227 censendus
3755 5157 3847 5205 est

2194 5220 2525 5299 GregoFius,
2544 5225 2711 5297 quasi
2733 5220 3192 5299 quispiamullis
3216 5220 3527 5299 moraliqm
3554 5221 3842 5299 virtutum

2191 5292 2400 5353 officiis
2432 5292 2606 5352 ﬁdem
2639 5292 2847 5351 mereri
2880 5292 3094 5368 possit.
3129 5295 3227 5349 Est
3254 5294 3410 5368 enim
3440 5292 3587 5355 ﬁdes
3618 5294 3841 5368 donum

2190 5369 2312 5437 Dei,
2347 5387 2461 5425 non
2493 5384 2734 5441 operum
2784 5365 3027 5422 merces.
3062 5365 3381 5437 Improprie
3423 5368 3619 5441 tamen
3653 5366 3847 5441 potqit

2193 5462 2219 5493 ε
2253 5436 2580 5497 mercedem
2616 5463 2644 5491 »
2677 5440 2887 5507 dicere,
2922 5455 3025 5508 pro
3074 5436 3333 5509 congrua
3377 5436 3629 5509 quadam
3658 5436 3737 5492 ad
3772 5436 3842 5489 ﬁ-

2188 5514 2319 5568 dem
2352 5512 2791 5584 praeparatione,
2818 5517 2875 5565 et
2903 5510 3071 5580 quasi
3106 5508 3222 5564 non
3252 5508 3672 5584 repugnantia;
3709 5524 3843 5579 qua

2190 5602 2297 5657 nec
2323 5581 2454 5657 ipsa
2477 5581 2581 5639 Dei
2605 5599 2855 5657 munere
2868 5598 3091 5657 Avacara
3120 5581 3412 5657 censenda
3438 5583 3548 5637 est.

2258 5655 2332 5728 (3)
2346 5652 2828 5731 Ἡαραστήσωμεν.
2858 5653 2956 5714 0r.
2986 5654 3042 5724 1,
3076 5652 3515 5728 παραστήσομεν.
