  <div class='ocr_page' id='page_1' title='image "/cluster/home/n/w/nwhite01/storage/ocr_20150623/35/hvd.32044054100326/502.png"; bbox 0 0 4138 6212; ppageno 0'>
   <div class='ocr_carea' id='block_1_1' title="bbox 287 354 400 418">
    <p class='ocr_par' dir='ltr' id='par_1_1' title="bbox 287 354 400 418">
     <span class='ocr_line' id='line_1_1' title="bbox 287 354 400 418; baseline -0.009 0"><span class='ocrx_word' id='word_1_1' title='bbox 287 354 400 418; x_wconf 80' lang='grc'>998</span> 
     </span>
    </p>
   </div>
   <div class='ocr_carea' id='block_1_2' title="bbox 1191 350 2782 415">
    <p class='ocr_par' dir='ltr' id='par_1_2' title="bbox 1191 350 2782 415">
     <span class='ocr_line' id='line_1_2' title="bbox 1191 350 2782 415; baseline -0.001 0"><span class='ocrx_word' id='word_1_2' title='bbox 1191 353 1480 415; x_wconf 81' lang='lat' dir='ltr'>ORATIO</span> <span class='ocrx_word' id='word_1_3' title='bbox 1527 350 1739 414; x_wconf 85' lang='lat' dir='ltr'>XVIII.</span> <span class='ocrx_word' id='word_1_4' title='bbox 1772 381 1849 399; x_wconf 84' lang='lat'>--</span> <span class='ocrx_word' id='word_1_5' title='bbox 1879 350 2267 414; x_wconf 82' lang='lat' dir='ltr'>FUNEBRIS</span> <span class='ocrx_word' id='word_1_6' title='bbox 2312 352 2390 413; x_wconf 88' lang='lat' dir='ltr'>IN</span> <span class='ocrx_word' id='word_1_7' title='bbox 2440 354 2782 415; x_wconf 78' lang='lat' dir='ltr'>PATREM.</span> 
     </span>
    </p>
   </div>
   <div class='ocr_carea' id='block_1_3' title="bbox 3569 354 3686 419">
    <p class='ocr_par' dir='ltr' id='par_1_3' title="bbox 3569 354 3686 419">
     <span class='ocr_line' id='line_1_3' title="bbox 3569 354 3686 419; baseline 0.009 -1"><span class='ocrx_word' id='word_1_8' title='bbox 3569 354 3686 419; x_wconf 56' lang='lat'>99!</span> 
     </span>
    </p>
   </div>
   <div class='ocr_carea' id='block_1_4' title="bbox 290 481 1972 559">
    <p class='ocr_par' dir='ltr' id='par_1_4' title="bbox 290 481 1972 559">
     <span class='ocr_line' id='line_1_4' title="bbox 290 481 1972 559; baseline -0.002 -20"><span class='ocrx_word' id='word_1_9' title='bbox 290 486 370 540; x_wconf 98' lang='grc' dir='ltr'>θεν</span> <span class='ocrx_word' id='word_1_10' title='bbox 433 504 590 553; x_wconf 85' lang='grc' dir='ltr'>ειναι,</span> <span class='ocrx_word' id='word_1_11' title='bbox 648 485 746 553; x_wconf 82' lang='grc' dir='ltr'>τὴν</span> <span class='ocrx_word' id='word_1_12' title='bbox 806 483 1009 559; x_wconf 74' lang='grc' dir='ltr'>ἀγαθὴν</span> <span class='ocrx_word' id='word_1_13' title='bbox 1069 483 1215 558; x_wconf 78' lang='grc' dir='ltr'>παρὰ</span> <span class='ocrx_word' id='word_1_14' title='bbox 1268 487 1364 537; x_wconf 77' lang='grc' dir='ltr'>τοῦ</span> <span class='ocrx_word' id='word_1_15' title='bbox 1422 489 1620 556; x_wconf 85' lang='grc' dir='ltr'>Κυριου</span> <span class='ocrx_word' id='word_1_16' title='bbox 1669 481 1972 555; x_wconf 61' lang='grc' dir='ltr'>συζυγίαν)</span> 
     </span>
    </p>
   </div>
   <div class='ocr_carea' id='block_1_5' title="bbox 2070 481 3686 559">
    <p class='ocr_par' dir='ltr' id='par_1_5' title="bbox 2070 483 3686 556">
     <span class='ocr_line' id='line_1_5' title="bbox 2070 483 3686 556; baseline 0.004 -19"><span class='ocrx_word' id='word_1_17' title='bbox 2070 483 2201 538; x_wconf 64' lang='lat' dir='ltr'>litus</span> <span class='ocrx_word' id='word_1_18' title='bbox 2231 500 2380 550; x_wconf 88' lang='lat' dir='ltr'>esse,</span> <span class='ocrx_word' id='word_1_19' title='bbox 2409 485 2744 556; x_wconf 90' lang='lat' dir='ltr'>bonumque</span> <span class='ocrx_word' id='word_1_20' title='bbox 2783 486 3124 556; x_wconf 87' lang='lat' dir='ltr'>conjugium</span> <span class='ocrx_word' id='word_1_21' title='bbox 3156 504 3189 541; x_wconf 93' lang='lat' dir='ltr'>a</span> <span class='ocrx_word' id='word_1_22' title='bbox 3219 487 3462 543; x_wconf 88' lang='lat' dir='ltr'>Domino</span> <span class='ocrx_word' id='word_1_23' title='bbox 3494 490 3686 544; x_wconf 84' lang='lat' dir='ltr'>conci-</span> 
     </span>
    </p>
   </div>
   <div class='ocr_carea' id='block_1_6' title="bbox 290 569 1928 647">
    <p class='ocr_par' dir='ltr' id='par_1_6' title="bbox 290 569 1928 647">
     <span class='ocr_line' id='line_1_6' title="bbox 290 569 1928 647; baseline -0.004 -18"><span class='ocrx_word' id='word_1_24' title='bbox 290 572 634 647; x_wconf 80' lang='grc' dir='ltr'>ἁρμόζεσθαι.</span> <span class='ocrx_word' id='word_1_25' title='bbox 694 573 765 627; x_wconf 88' lang='grc' dir='ltr'>Τὸ</span> <span class='ocrx_word' id='word_1_26' title='bbox 822 570 869 627; x_wconf 84' lang='grc' dir='ltr'>δ’</span> <span class='ocrx_word' id='word_1_27' title='bbox 931 571 1060 626; x_wconf 78' lang='grc' dir='ltr'>αὐτὸ</span> <span class='ocrx_word' id='word_1_28' title='bbox 1109 574 1182 645; x_wconf 78' lang='grc'>(4)</span> <span class='ocrx_word' id='word_1_29' title='bbox 1229 569 1379 626; x_wconf 84' lang='grc' dir='ltr'>δοκεῖ</span> <span class='ocrx_word' id='word_1_30' title='bbox 1420 572 1512 625; x_wconf 76' lang='grc' dir='ltr'>καὶ</span> <span class='ocrx_word' id='word_1_31' title='bbox 1552 576 1669 632; x_wconf 86' lang='grc' dir='ltr'>τοῖς</span> <span class='ocrx_word' id='word_1_32' title='bbox 1701 569 1928 640; x_wconf 72' lang='grc' dir='ltr'>ἔξωθινο</span> 
     </span>
    </p>
   </div>
   <div class='ocr_carea' id='block_1_7' title="bbox 292 656 1931 738">
    <p class='ocr_par' dir='ltr' id='par_1_7' title="bbox 292 656 1931 738">
     <span class='ocr_line' id='line_1_7' title="bbox 292 656 1931 738; baseline -0.004 -20"><span class='ocrx_word' id='word_1_33' title='bbox 292 662 437 738; x_wconf 71' lang='grc' dir='ltr'>εἴπερ</span> <span class='ocrx_word' id='word_1_34' title='bbox 488 661 701 716; x_wconf 80' lang='grc' dir='ltr'>ἐκείνων</span> <span class='ocrx_word' id='word_1_35' title='bbox 750 662 827 734; x_wconf 84' lang='grc'>(5)</span> <span class='ocrx_word' id='word_1_36' title='bbox 873 661 960 726; x_wconf 88' lang='grc' dir='ltr'>τὸ,</span> <span class='ocrx_word' id='word_1_37' title='bbox 1017 660 1274 721; x_wconf 87' lang='grc' dir='ltr'>Γυναικὸς</span> <span class='ocrx_word' id='word_1_38' title='bbox 1342 660 1478 731; x_wconf 76' lang='grc' dir='ltr'>ἀνὴρ</span> <span class='ocrx_word' id='word_1_39' title='bbox 1546 661 1722 734; x_wconf 80' lang='grc' dir='ltr'>χρῆμ’</span> <span class='ocrx_word' id='word_1_40' title='bbox 1780 656 1931 712; x_wconf 75' lang='grc' dir='ltr'>οὐδὲν</span> 
     </span>
    </p>
   </div>
   <div class='ocr_carea' id='block_1_8' title="bbox 294 745 1933 822">
    <p class='ocr_par' dir='ltr' id='par_1_8' title="bbox 294 745 1933 822">
     <span class='ocr_line' id='line_1_8' title="bbox 294 745 1933 822; baseline -0.003 -16"><span class='ocrx_word' id='word_1_41' title='bbox 294 751 537 821; x_wconf 79' lang='grc' dir='ltr'>ληίζεται</span> <span class='ocrx_word' id='word_1_42' title='bbox 564 747 794 805; x_wconf 87' lang='grc' dir='ltr'>κάλλιον</span> <span class='ocrx_word' id='word_1_43' title='bbox 839 746 1059 816; x_wconf 66' lang='grc' dir='ltr'>ἐσθλῆς,</span> <span class='ocrx_word' id='word_1_44' title='bbox 1107 745 1233 801; x_wconf 77' lang='grc' dir='ltr'>οὐδὶ</span> <span class='ocrx_word' id='word_1_45' title='bbox 1281 752 1469 822; x_wconf 87' lang='grc' dir='ltr'>χεῖρον</span> <span class='ocrx_word' id='word_1_46' title='bbox 1532 750 1627 815; x_wconf 73' lang='grc' dir='ltr'>τῆς</span> <span class='ocrx_word' id='word_1_47' title='bbox 1676 746 1933 808; x_wconf 81' lang='grc' dir='ltr'>ἐναντίας.</span> 
     </span>
    </p>
   </div>
   <div class='ocr_carea' id='block_1_9' title="bbox 295 832 1933 906">
    <p class='ocr_par' dir='ltr' id='par_1_9' title="bbox 295 832 1933 906">
     <span class='ocr_line' id='line_1_9' title="bbox 295 832 1933 906; baseline -0.004 -12"><span class='ocrx_word' id='word_1_48' title='bbox 295 842 406 895; x_wconf 75' lang='grc' dir='ltr'>Τοῦ</span> <span class='ocrx_word' id='word_1_49' title='bbox 463 836 521 893; x_wconf 74' lang='grc' dir='ltr'>δὲ</span> <span class='ocrx_word' id='word_1_50' title='bbox 567 837 666 891; x_wconf 77' lang='grc' dir='ltr'>οὐκ</span> <span class='ocrx_word' id='word_1_51' title='bbox 713 836 851 892; x_wconf 82' lang='grc' dir='ltr'>ἔστιν</span> <span class='ocrx_word' id='word_1_52' title='bbox 901 836 1087 904; x_wconf 75' lang='grc' dir='ltr'>εἰπεῖν,</span> <span class='ocrx_word' id='word_1_53' title='bbox 1139 834 1284 896; x_wconf 80' lang='grc' dir='ltr'>ὅστις</span> <span class='ocrx_word' id='word_1_54' title='bbox 1326 836 1460 889; x_wconf 86' lang='grc' dir='ltr'>κατά</span> <span class='ocrx_word' id='word_1_55' title='bbox 1486 839 1646 889; x_wconf 77' lang='grc' dir='ltr'>τοῦτο</span> <span class='ocrx_word' id='word_1_56' title='bbox 1680 832 1933 906; x_wconf 80' lang='grc' dir='ltr'>εὐδαιμο-</span> 
     </span>
    </p>
   </div>
   <div class='ocr_carea' id='block_1_10' title="bbox 294 920 1935 1003">
    <p class='ocr_par' dir='ltr' id='par_1_10' title="bbox 294 920 1935 1003">
     <span class='ocr_line' id='line_1_10' title="bbox 294 920 1935 1003; baseline -0.004 -22"><span class='ocrx_word' id='word_1_57' title='bbox 294 929 558 1003; x_wconf 80' lang='grc' dir='ltr'>νέστερος.</span> <span class='ocrx_word' id='word_1_58' title='bbox 620 927 785 999; x_wconf 76' lang='grc' dir='ltr'>Οἶμαι</span> <span class='ocrx_word' id='word_1_59' title='bbox 843 924 968 999; x_wconf 87' lang='grc' dir='ltr'>γάρ,</span> <span class='ocrx_word' id='word_1_60' title='bbox 1027 920 1081 978; x_wconf 79' lang='grc' dir='ltr'>εἷ’</span> <span class='ocrx_word' id='word_1_61' title='bbox 1125 944 1207 985; x_wconf 90' lang='grc' dir='ltr'>τις</span> <span class='ocrx_word' id='word_1_62' title='bbox 1262 922 1321 977; x_wconf 77' lang='grc' dir='ltr'>ἐκ</span> <span class='ocrx_word' id='word_1_63' title='bbox 1365 924 1609 995; x_wconf 82' lang='grc' dir='ltr'>περάτων</span> <span class='ocrx_word' id='word_1_64' title='bbox 1662 929 1791 997; x_wconf 79' lang='grc' dir='ltr'>γῆς,</span> <span class='ocrx_word' id='word_1_65' title='bbox 1848 921 1935 975; x_wconf 83' lang='grc' dir='ltr'>καὶ</span> 
     </span>
    </p>
   </div>
   <div class='ocr_carea' id='block_1_11' title="bbox 297 1010 1940 1091">
    <p class='ocr_par' dir='ltr' id='par_1_11' title="bbox 297 1010 1940 1091">
     <span class='ocr_line' id='line_1_11' title="bbox 297 1010 1940 1091; baseline -0.005 -19"><span class='ocrx_word' id='word_1_66' title='bbox 297 1016 494 1078; x_wconf 85' lang='grc' dir='ltr'>παντὸς</span> <span class='ocrx_word' id='word_1_67' title='bbox 547 1015 732 1091; x_wconf 87' lang='grc' dir='ltr'>γένους</span> <span class='ocrx_word' id='word_1_68' title='bbox 782 1014 1105 1089; x_wconf 85' lang='grc' dir='ltr'>ἀνθρώπων,</span> <span class='ocrx_word' id='word_1_69' title='bbox 1162 1012 1260 1080; x_wconf 80' lang='grc' dir='ltr'>τὴν</span> <span class='ocrx_word' id='word_1_70' title='bbox 1329 1012 1551 1088; x_wconf 79' lang='grc' dir='ltr'>ἀρίστην</span> <span class='ocrx_word' id='word_1_71' title='bbox 1606 1010 1940 1085; x_wconf 71' lang='grc' dir='ltr'>ἁρμόσασθαι</span> 
     </span>
    </p>
   </div>
   <div class='ocr_carea' id='block_1_12' title="bbox 294 1099 1938 1181">
    <p class='ocr_par' dir='ltr' id='par_1_12' title="bbox 294 1099 1938 1181">
     <span class='ocr_line' id='line_1_12' title="bbox 294 1099 1938 1181; baseline -0.005 -21"><span class='ocrx_word' id='word_1_72' title='bbox 294 1104 544 1181; x_wconf 74' lang='grc' dir='ltr'>συζυγίαν</span> <span class='ocrx_word' id='word_1_73' title='bbox 618 1100 966 1174; x_wconf 73' lang='grc' dir='ltr'>ἐσπούδασεν,</span> <span class='ocrx_word' id='word_1_74' title='bbox 1057 1100 1155 1155; x_wconf 79' lang='grc' dir='ltr'>οὐκ</span> <span class='ocrx_word' id='word_1_75' title='bbox 1247 1102 1378 1155; x_wconf 81' lang='grc' dir='ltr'>εῖναι</span> <span class='ocrx_word' id='word_1_76' title='bbox 1471 1100 1670 1171; x_wconf 66' lang='grc' dir='ltr'>ταύτης</span> <span class='ocrx_word' id='word_1_77' title='bbox 1768 1099 1938 1174; x_wconf 73' lang='grc' dir='ltr'>εὑρεῖν</span> 
     </span>
    </p>
   </div>
   <div class='ocr_carea' id='block_1_13' title="bbox 297 1187 1941 1267">
    <p class='ocr_par' dir='ltr' id='par_1_13' title="bbox 297 1187 1941 1267">
     <span class='ocr_line' id='line_1_13' title="bbox 297 1187 1941 1267; baseline -0.004 -19"><span class='ocrx_word' id='word_1_78' title='bbox 297 1193 503 1267; x_wconf 67' lang='grc' dir='ltr'>ἀμείνω</span> <span class='ocrx_word' id='word_1_79' title='bbox 570 1192 660 1247; x_wconf 86' lang='grc' dir='ltr'>καὶ</span> <span class='ocrx_word' id='word_1_80' title='bbox 720 1188 1156 1267; x_wconf 83' lang='grc' dir='ltr'>ἀρμοδιωτέραν.</span> <span class='ocrx_word' id='word_1_81' title='bbox 1225 1189 1378 1244; x_wconf 79' lang='grc' dir='ltr'>Οὕτω</span> <span class='ocrx_word' id='word_1_82' title='bbox 1437 1191 1537 1265; x_wconf 74' lang='grc' dir='ltr'>γὰρ</span> <span class='ocrx_word' id='word_1_83' title='bbox 1596 1187 1804 1264; x_wconf 82' lang='grc' dir='ltr'>ἀνδρῶν</span> <span class='ocrx_word' id='word_1_84' title='bbox 1852 1189 1941 1242; x_wconf 85' lang='grc' dir='ltr'>καὶ</span> 
     </span>
    </p>
   </div>
   <div class='ocr_carea' id='block_1_14' title="bbox 294 1277 1937 1357">
    <p class='ocr_par' dir='ltr' id='par_1_14' title="bbox 294 1277 1937 1357">
     <span class='ocr_line' id='line_1_14' title="bbox 294 1277 1937 1357; baseline -0.003 -21"><span class='ocrx_word' id='word_1_85' title='bbox 294 1285 560 1357; x_wconf 82' lang='grc' dir='ltr'>γυναικῶν</span> <span class='ocrx_word' id='word_1_86' title='bbox 596 1281 672 1343; x_wconf 78' lang='grc' dir='ltr'>εἰς</span> <span class='ocrx_word' id='word_1_87' title='bbox 701 1278 756 1335; x_wconf 71' lang='grc' dir='ltr'>ἓν</span> <span class='ocrx_word' id='word_1_88' title='bbox 789 1279 1020 1349; x_wconf 77' lang='grc' dir='ltr'>συνῆλθε</span> <span class='ocrx_word' id='word_1_89' title='bbox 1047 1281 1113 1334; x_wconf 74' lang='grc' dir='ltr'>τὰ</span> <span class='ocrx_word' id='word_1_90' title='bbox 1160 1280 1439 1355; x_wconf 86' lang='grc' dir='ltr'>κράτιστα,</span> <span class='ocrx_word' id='word_1_91' title='bbox 1473 1277 1610 1333; x_wconf 77' lang='grc' dir='ltr'>ὥστε</span> <span class='ocrx_word' id='word_1_92' title='bbox 1641 1278 1749 1353; x_wconf 82' lang='grc' dir='ltr'>οὐχ</span> <span class='ocrx_word' id='word_1_93' title='bbox 1778 1280 1937 1346; x_wconf 77' lang='grc' dir='ltr'>ἧττον</span> 
     </span>
    </p>
   </div>
   <div class='ocr_carea' id='block_1_15' title="bbox 294 1367 1938 1445">
    <p class='ocr_par' dir='ltr' id='par_1_15' title="bbox 294 1367 1938 1445">
     <span class='ocr_line' id='line_1_15' title="bbox 294 1367 1938 1445; baseline -0.004 -19"><span class='ocrx_word' id='word_1_94' title='bbox 294 1372 486 1445; x_wconf 74' lang='grc' dir='ltr'>ἀρετῆς</span> <span class='ocrx_word' id='word_1_95' title='bbox 536 1372 570 1438; x_wconf 81' lang='grc' dir='ltr'>ἢ</span> <span class='ocrx_word' id='word_1_96' title='bbox 635 1369 901 1442; x_wconf 88' lang='grc' dir='ltr'>σωμάτων</span> <span class='ocrx_word' id='word_1_97' title='bbox 962 1369 1202 1443; x_wconf 83' lang='grc' dir='ltr'>γενέσθαι</span> <span class='ocrx_word' id='word_1_98' title='bbox 1255 1367 1509 1441; x_wconf 81' lang='grc' dir='ltr'>συζυγίαν</span> <span class='ocrx_word' id='word_1_99' title='bbox 1564 1369 1653 1422; x_wconf 90' lang='grc' dir='ltr'>τὸν</span> <span class='ocrx_word' id='word_1_100' title='bbox 1712 1367 1886 1441; x_wconf 63' lang='grc' dir='ltr'>γάμον</span> <span class='ocrx_word' id='word_1_101' title='bbox 1926 1386 1938 1398; x_wconf 75' lang='grc'><strong><em>³</em></strong></span> 
     </span>
    </p>
   </div>
   <div class='ocr_carea' id='block_1_16' title="bbox 297 1455 1944 1532">
    <p class='ocr_par' dir='ltr' id='par_1_16' title="bbox 297 1455 1944 1532">
     <span class='ocr_line' id='line_1_16' title="bbox 297 1455 1944 1532; baseline -0.004 -17"><span class='ocrx_word' id='word_1_102' title='bbox 297 1461 410 1516; x_wconf 79' lang='grc' dir='ltr'>ἐπεὶ</span> <span class='ocrx_word' id='word_1_103' title='bbox 458 1463 562 1515; x_wconf 79' lang='grc' dir='ltr'>τῶν</span> <span class='ocrx_word' id='word_1_104' title='bbox 610 1456 797 1513; x_wconf 78' lang='grc' dir='ltr'>ἄλλων</span> <span class='ocrx_word' id='word_1_105' title='bbox 846 1462 1189 1532; x_wconf 77' lang='grc' dir='ltr'>κρατοῦντες,</span> <span class='ocrx_word' id='word_1_106' title='bbox 1248 1455 1513 1527; x_wconf 79' lang='grc' dir='ltr'>ἀλλήλων</span> <span class='ocrx_word' id='word_1_107' title='bbox 1572 1462 1784 1531; x_wconf 79' lang='grc' dir='ltr'>κρατεῖν</span> <span class='ocrx_word' id='word_1_108' title='bbox 1844 1455 1944 1510; x_wconf 81' lang='grc' dir='ltr'>οὐκ</span> 
     </span>
    </p>
   </div>
   <div class='ocr_carea' id='block_1_17' title="bbox 297 1544 1943 1625">
    <p class='ocr_par' dir='ltr' id='par_1_17' title="bbox 297 1544 1943 1625">
     <span class='ocr_line' id='line_1_17' title="bbox 297 1544 1943 1625; baseline -0.005 -20"><span class='ocrx_word' id='word_1_109' title='bbox 297 1551 472 1625; x_wconf 80' lang='grc' dir='ltr'>εἶχον,</span> <span class='ocrx_word' id='word_1_110' title='bbox 544 1546 635 1603; x_wconf 72' lang='grc' dir='ltr'>διὰ</span> <span class='ocrx_word' id='word_1_111' title='bbox 710 1549 771 1602; x_wconf 89' lang='grc' dir='ltr'>τὸ</span> <span class='ocrx_word' id='word_1_112' title='bbox 844 1550 946 1617; x_wconf 75' lang='grc' dir='ltr'>τῆς</span> <span class='ocrx_word' id='word_1_113' title='bbox 997 1546 1195 1624; x_wconf 80' lang='grc' dir='ltr'>ἀρετῆς</span> <span class='ocrx_word' id='word_1_114' title='bbox 1255 1546 1545 1622; x_wconf 70' lang='grc' dir='ltr'>ἰσόρροπον</span> <span class='ocrx_word' id='word_1_115' title='bbox 1604 1545 1693 1600; x_wconf 83' lang='grc' dir='ltr'>καὶ</span> <span class='ocrx_word' id='word_1_116' title='bbox 1751 1544 1943 1617; x_wconf 86' lang='grc' dir='ltr'>ὁμότι-</span> 
     </span>
    </p>
   </div>
   <div class='ocr_carea' id='block_1_18' title="bbox 302 1639 532 1711">
    <p class='ocr_par' dir='ltr' id='par_1_18' title="bbox 302 1639 532 1711">
     <span class='ocr_line' id='line_1_18' title="bbox 302 1639 532 1711; baseline 0 -18"><span class='ocrx_word' id='word_1_117' title='bbox 302 1659 402 1711; x_wconf 84' lang='grc' dir='ltr'>μον</span> <span class='ocrx_word' id='word_1_118' title='bbox 430 1639 532 1711; x_wconf 84' lang='lat'>(6).</span> 
     </span>
    </p>
   </div>
   <div class='ocr_carea' id='block_1_19' title="bbox 2042 571 3685 648">
    <p class='ocr_par' dir='ltr' id='par_1_19' title="bbox 2042 571 3685 648">
     <span class='ocr_line' id='line_1_19' title="bbox 2042 571 3685 648; baseline 0.005 -23"><span class='ocrx_word' id='word_1_119' title='bbox 2042 571 2192 626; x_wconf 91' lang='lat' dir='ltr'>liari.</span> <span class='ocrx_word' id='word_1_120' title='bbox 2225 574 2348 637; x_wconf 89' lang='lat' dir='ltr'>Qua</span> <span class='ocrx_word' id='word_1_121' title='bbox 2379 573 2436 627; x_wconf 93' lang='lat' dir='ltr'>in</span> <span class='ocrx_word' id='word_1_122' title='bbox 2470 574 2760 628; x_wconf 83' lang='lat' dir='ltr'>sententia</span> <span class='ocrx_word' id='word_1_123' title='bbox 2789 575 3009 629; x_wconf 82' lang='lat' dir='ltr'>externi</span> <span class='ocrx_word' id='word_1_124' title='bbox 3042 592 3275 646; x_wconf 88' lang='lat' dir='ltr'>quoque</span> <span class='ocrx_word' id='word_1_125' title='bbox 3305 582 3469 645; x_wconf 86' lang='lat' dir='ltr'>sunt;</span> <span class='ocrx_word' id='word_1_126' title='bbox 3502 578 3685 648; x_wconf 89' lang='lat' dir='ltr'>siqui-</span> 
     </span>
    </p>
   </div>
   <div class='ocr_carea' id='block_1_20' title="bbox 2038 660 3690 734">
    <p class='ocr_par' dir='ltr' id='par_1_20' title="bbox 2038 660 3690 734">
     <span class='ocr_line' id='line_1_20' title="bbox 2038 660 3690 734; baseline 0.005 -21"><span class='ocrx_word' id='word_1_127' title='bbox 2038 660 2174 714; x_wconf 85' lang='lat' dir='ltr'>dem</span> <span class='ocrx_word' id='word_1_128' title='bbox 2211 660 2439 715; x_wconf 89' lang='lat' dir='ltr'>illorum</span> <span class='ocrx_word' id='word_1_129' title='bbox 2474 661 2581 716; x_wconf 89' lang='lat' dir='ltr'>hoc</span> <span class='ocrx_word' id='word_1_130' title='bbox 2603 668 2691 717; x_wconf 89' lang='lat' dir='ltr'>est</span> <span class='ocrx_word' id='word_1_131' title='bbox 2715 678 2725 716; x_wconf 92' lang='lat'>:</span> <span class='ocrx_word' id='word_1_132' title='bbox 2750 663 2976 717; x_wconf 85' lang='lat' dir='ltr'>Nullam</span> <span class='ocrx_word' id='word_1_133' title='bbox 2998 664 3173 734; x_wconf 82' lang='lat' dir='ltr'>proba</span> <span class='ocrx_word' id='word_1_134' title='bbox 3202 680 3374 719; x_wconf 68' lang='lat' dir='ltr'>umore</span> <span class='ocrx_word' id='word_1_135' title='bbox 3402 666 3690 722; x_wconf 72' lang='lat' dir='ltr'>meliorem</span> 
     </span>
    </p>
   </div>
   <div class='ocr_carea' id='block_1_21' title="bbox 2043 749 3689 825">
    <p class='ocr_par' dir='ltr' id='par_1_21' title="bbox 2043 749 3689 825">
     <span class='ocr_line' id='line_1_21' title="bbox 2043 749 3689 825; baseline 0.005 -24"><span class='ocrx_word' id='word_1_136' title='bbox 2043 764 2161 802; x_wconf 80' lang='lat' dir='ltr'>rem</span> <span class='ocrx_word' id='word_1_137' title='bbox 2188 751 2444 819; x_wconf 76' lang='lat' dir='ltr'>cuiquam</span> <span class='ocrx_word' id='word_1_138' title='bbox 2473 749 2729 805; x_wconf 77' lang='lat' dir='ltr'>obvenire</span> <span class='ocrx_word' id='word_1_139' title='bbox 2757 767 2927 820; x_wconf 78' lang='lat' dir='ltr'>posse,</span> <span class='ocrx_word' id='word_1_140' title='bbox 2961 768 3062 806; x_wconf 69' lang='lat' dir='ltr'>nec</span> <span class='ocrx_word' id='word_1_141' title='bbox 3089 769 3284 807; x_wconf 76' lang='lat' dir='ltr'>rursus</span> <span class='ocrx_word' id='word_1_142' title='bbox 3314 755 3565 823; x_wconf 77' lang='lat' dir='ltr'>zmpraba</span> <span class='ocrx_word' id='word_1_143' title='bbox 3594 770 3689 825; x_wconf 84' lang='lat' dir='ltr'>pe-</span> 
     </span>
    </p>
   </div>
   <div class='ocr_carea' id='block_1_22' title="bbox 2037 838 3690 913">
    <p class='ocr_par' dir='ltr' id='par_1_22' title="bbox 2037 838 3690 913">
     <span class='ocr_line' id='line_1_22' title="bbox 2037 838 3690 913; baseline 0.007 -24"><span class='ocrx_word' id='word_1_144' title='bbox 2037 852 2234 907; x_wconf 70' lang='lat' dir='ltr'>]orem.</span> <span class='ocrx_word' id='word_1_145' title='bbox 2265 838 2381 891; x_wconf 86' lang='lat' dir='ltr'>Hac</span> <span class='ocrx_word' id='word_1_146' title='bbox 2414 854 2582 908; x_wconf 89' lang='lat' dir='ltr'>porro</span> <span class='ocrx_word' id='word_1_147' title='bbox 2616 840 2672 892; x_wconf 90' lang='lat' dir='ltr'>in</span> <span class='ocrx_word' id='word_1_148' title='bbox 2706 855 2764 893; x_wconf 87' lang='lat' dir='ltr'>re</span> <span class='ocrx_word' id='word_1_149' title='bbox 2794 841 2904 894; x_wconf 89' lang='lat' dir='ltr'>dici</span> <span class='ocrx_word' id='word_1_150' title='bbox 2937 857 3051 895; x_wconf 88' lang='lat' dir='ltr'>non</span> <span class='ocrx_word' id='word_1_151' title='bbox 3088 846 3275 911; x_wconf 89' lang='lat' dir='ltr'>potest</span> <span class='ocrx_word' id='word_1_152' title='bbox 3294 843 3439 913; x_wconf 85' lang='lat' dir='ltr'>&#39;quis</span> <span class='ocrx_word' id='word_1_153' title='bbox 3462 859 3535 897; x_wconf 86' lang='lat' dir='ltr'>eo</span> <span class='ocrx_word' id='word_1_154' title='bbox 3566 843 3690 900; x_wconf 79' lang='lat' dir='ltr'>feli-</span> 
     </span>
    </p>
   </div>
   <div class='ocr_carea' id='block_1_23' title="bbox 2047 925 3690 1001">
    <p class='ocr_par' dir='ltr' id='par_1_23' title="bbox 2047 925 3690 1001">
     <span class='ocr_line' id='line_1_23' title="bbox 2047 925 3690 1001; baseline 0.006 -22"><span class='ocrx_word' id='word_1_155' title='bbox 2047 925 2168 980; x_wconf 92' lang='lat' dir='ltr'>cior</span> <span class='ocrx_word' id='word_1_156' title='bbox 2195 926 2498 980; x_wconf 80' lang='lat' dir='ltr'>exstiterit.</span> <span class='ocrx_word' id='word_1_157' title='bbox 2520 927 2611 981; x_wconf 65' lang='lat' dir='ltr'>Sir-</span> <span class='ocrx_word' id='word_1_158' title='bbox 2642 927 2796 982; x_wconf 88' lang='lat' dir='ltr'>enim</span> <span class='ocrx_word' id='word_1_159' title='bbox 2826 928 3113 993; x_wconf 83' lang='lat' dir='ltr'>existimo,</span> <span class='ocrx_word' id='word_1_160' title='bbox 3133 931 3179 984; x_wconf 90' lang='lat' dir='ltr'>si</span> <span class='ocrx_word' id='word_1_161' title='bbox 3205 930 3337 1001; x_wconf 84' lang='lat' dir='ltr'>quis</span> <span class='ocrx_word' id='word_1_162' title='bbox 3360 932 3430 985; x_wconf 88' lang='lat' dir='ltr'>ab</span> <span class='ocrx_word' id='word_1_163' title='bbox 3464 931 3690 989; x_wconf 84' lang='lat' dir='ltr'>ultimis</span> 
     </span>
    </p>
   </div>
   <div class='ocr_carea' id='block_1_24' title="bbox 2049 1014 3690 1093">
    <p class='ocr_par' dir='ltr' id='par_1_24' title="bbox 2049 1014 3690 1093">
     <span class='ocr_line' id='line_1_24' title="bbox 2049 1014 3690 1093; baseline 0.006 -25"><span class='ocrx_word' id='word_1_164' title='bbox 2049 1018 2337 1069; x_wconf 89' lang='lat' dir='ltr'>terrarum</span> <span class='ocrx_word' id='word_1_165' title='bbox 2376 1014 2611 1081; x_wconf 81' lang='lat' dir='ltr'>finibus,</span> <span class='ocrx_word' id='word_1_166' title='bbox 2639 1021 2815 1087; x_wconf 86' lang='lat' dir='ltr'>atque</span> <span class='ocrx_word' id='word_1_167' title='bbox 2845 1034 2911 1071; x_wconf 86' lang='lat' dir='ltr'>ex</span> <span class='ocrx_word' id='word_1_168' title='bbox 2946 1015 3214 1074; x_wconf 84' lang='lat' dir='ltr'>universo</span> <span class='ocrx_word' id='word_1_169' title='bbox 3250 1019 3556 1076; x_wconf 86' lang='lat' dir='ltr'>hominum</span> <span class='ocrx_word' id='word_1_170' title='bbox 3592 1038 3690 1093; x_wconf 65' lang='lat' dir='ltr'>ge«</span> 
     </span>
    </p>
   </div>
   <div class='ocr_carea' id='block_1_25' title="bbox 2050 1105 3692 1178">
    <p class='ocr_par' dir='ltr' id='par_1_25' title="bbox 2050 1105 3692 1178">
     <span class='ocr_line' id='line_1_25' title="bbox 2050 1105 3692 1178; baseline 0.005 -17"><span class='ocrx_word' id='word_1_171' title='bbox 2050 1122 2205 1173; x_wconf 89' lang='lat' dir='ltr'>nere,</span> <span class='ocrx_word' id='word_1_172' title='bbox 2241 1105 2791 1177; x_wconf 70' lang='lat' dir='ltr'>praestantissimum</span> <span class='ocrx_word' id='word_1_173' title='bbox 2847 1108 3181 1178; x_wconf 78' lang='lat' dir='ltr'>conjugium</span> <span class='ocrx_word' id='word_1_174' title='bbox 3214 1112 3523 1169; x_wconf 86' lang='lat' dir='ltr'>conciliare</span> <span class='ocrx_word' id='word_1_175' title='bbox 3566 1120 3692 1170; x_wconf 84' lang='lat' dir='ltr'>stu-</span> 
     </span>
    </p>
   </div>
   <div class='ocr_carea' id='block_1_26' title="bbox 2050 1194 3694 1275">
    <p class='ocr_par' dir='ltr' id='par_1_26' title="bbox 2050 1194 3694 1275">
     <span class='ocr_line' id='line_1_26' title="bbox 2050 1194 3694 1275; baseline 0.006 -26"><span class='ocrx_word' id='word_1_176' title='bbox 2050 1195 2296 1264; x_wconf 90' lang='lat' dir='ltr'>duisset,</span> <span class='ocrx_word' id='word_1_177' title='bbox 2321 1194 2549 1249; x_wconf 90' lang='lat' dir='ltr'>nullum</span> <span class='ocrx_word' id='word_1_178' title='bbox 2574 1212 2823 1266; x_wconf 80' lang='lat' dir='ltr'>usquam</span> <span class='ocrx_word' id='word_1_179' title='bbox 2857 1197 2965 1251; x_wconf 90' lang='lat' dir='ltr'>hoc</span> <span class='ocrx_word' id='word_1_180' title='bbox 2994 1200 3364 1267; x_wconf 75' lang='lat' dir='ltr'>praestantius</span> <span class='ocrx_word' id='word_1_181' title='bbox 3384 1203 3694 1275; x_wconf 86' lang='lat' dir='ltr'>aptiusque</span> 
     </span>
    </p>
   </div>
   <div class='ocr_carea' id='block_1_27' title="bbox 2051 1283 3694 1354">
    <p class='ocr_par' dir='ltr' id='par_1_27' title="bbox 2051 1283 3694 1354">
     <span class='ocr_line' id='line_1_27' title="bbox 2051 1283 3694 1354; baseline 0.005 -17"><span class='ocrx_word' id='word_1_182' title='bbox 2051 1283 2291 1354; x_wconf 87' lang='lat' dir='ltr'>reperiri</span> <span class='ocrx_word' id='word_1_183' title='bbox 2344 1283 2623 1354; x_wconf 88' lang='lat' dir='ltr'>potuisse.</span> <span class='ocrx_word' id='word_1_184' title='bbox 2659 1285 2742 1339; x_wconf 90' lang='lat' dir='ltr'>lta</span> <span class='ocrx_word' id='word_1_185' title='bbox 2796 1286 2950 1339; x_wconf 91' lang='lat' dir='ltr'>enim</span> <span class='ocrx_word' id='word_1_186' title='bbox 2997 1286 3249 1341; x_wconf 86' lang='lat' dir='ltr'>virorum</span> <span class='ocrx_word' id='word_1_187' title='bbox 3283 1304 3349 1343; x_wconf 88' lang='lat' dir='ltr'>ac</span> <span class='ocrx_word' id='word_1_188' title='bbox 3379 1289 3694 1346; x_wconf 80' lang='lat' dir='ltr'>mulierum</span> 
     </span>
    </p>
   </div>
   <div class='ocr_carea' id='block_1_28' title="bbox 2048 1372 3700 1443">
    <p class='ocr_par' dir='ltr' id='par_1_28' title="bbox 2048 1372 3700 1443">
     <span class='ocr_line' id='line_1_28' title="bbox 2048 1372 3700 1443; baseline 0.006 -19"><span class='ocrx_word' id='word_1_189' title='bbox 2048 1372 2270 1442; x_wconf 89' lang='lat' dir='ltr'>optima</span> <span class='ocrx_word' id='word_1_190' title='bbox 2300 1378 2355 1425; x_wconf 90' lang='lat' dir='ltr'>et</span> <span class='ocrx_word' id='word_1_191' title='bbox 2384 1372 2828 1442; x_wconf 65' lang='lat' dir='ltr'>praeclarissima</span> <span class='ocrx_word' id='word_1_192' title='bbox 2848 1391 3087 1443; x_wconf 68' lang='lat' dir='ltr'>quaeque</span> <span class='ocrx_word' id='word_1_193' title='bbox 3116 1374 3171 1428; x_wconf 87' lang='lat' dir='ltr'>in</span> <span class='ocrx_word' id='word_1_194' title='bbox 3206 1393 3385 1431; x_wconf 91' lang='lat' dir='ltr'>unum</span> <span class='ocrx_word' id='word_1_195' title='bbox 3408 1378 3700 1434; x_wconf 81' lang='lat' dir='ltr'>conﬂuxe-</span> 
     </span>
    </p>
   </div>
   <div class='ocr_carea' id='block_1_29' title="bbox 2052 1462 3698 1535">
    <p class='ocr_par' dir='ltr' id='par_1_29' title="bbox 2052 1462 3698 1535">
     <span class='ocr_line' id='line_1_29' title="bbox 2052 1462 3698 1535; baseline 0.005 -21"><span class='ocrx_word' id='word_1_196' title='bbox 2052 1464 2204 1527; x_wconf 85' lang='lat' dir='ltr'>rant,</span> <span class='ocrx_word' id='word_1_197' title='bbox 2255 1467 2320 1514; x_wconf 90' lang='lat' dir='ltr'>ut</span> <span class='ocrx_word' id='word_1_198' title='bbox 2370 1462 2476 1515; x_wconf 89' lang='lat' dir='ltr'>hoc</span> <span class='ocrx_word' id='word_1_199' title='bbox 2510 1462 2975 1530; x_wconf 86' lang='lat' dir='ltr'>matrimonium,</span> <span class='ocrx_word' id='word_1_200' title='bbox 3020 1479 3132 1517; x_wconf 93' lang='lat' dir='ltr'>non</span> <span class='ocrx_word' id='word_1_201' title='bbox 3188 1464 3386 1519; x_wconf 91' lang='lat' dir='ltr'>minus</span> <span class='ocrx_word' id='word_1_202' title='bbox 3438 1468 3698 1535; x_wconf 81' lang='lat' dir='ltr'>virtutis,</span> 
     </span>
    </p>
   </div>
   <div class='ocr_carea' id='block_1_30' title="bbox 2052 1552 3697 1620">
    <p class='ocr_par' dir='ltr' id='par_1_30' title="bbox 2052 1552 3697 1620">
     <span class='ocr_line' id='line_1_30' title="bbox 2052 1552 3697 1620; baseline 0.005 -17"><span class='ocrx_word' id='word_1_203' title='bbox 2052 1565 2230 1620; x_wconf 87' lang='lat' dir='ltr'>quam</span> <span class='ocrx_word' id='word_1_204' title='bbox 2264 1565 2595 1619; x_wconf 89' lang='lat' dir='ltr'>corporum,</span> <span class='ocrx_word' id='word_1_205' title='bbox 2631 1566 2813 1605; x_wconf 87' lang='lat' dir='ltr'>nexus</span> <span class='ocrx_word' id='word_1_206' title='bbox 2844 1556 3015 1605; x_wconf 86' lang='lat' dir='ltr'>esset.</span> <span class='ocrx_word' id='word_1_207' title='bbox 3053 1552 3194 1609; x_wconf 86' lang='lat' dir='ltr'>Nam</span> <span class='ocrx_word' id='word_1_208' title='bbox 3228 1569 3359 1607; x_wconf 89' lang='lat' dir='ltr'>cum</span> <span class='ocrx_word' id='word_1_209' title='bbox 3394 1553 3541 1610; x_wconf 87' lang='lat' dir='ltr'>alios</span> <span class='ocrx_word' id='word_1_210' title='bbox 3571 1556 3697 1610; x_wconf 86' lang='lat' dir='ltr'>vin-</span> 
     </span>
    </p>
   </div>
   <div class='ocr_carea' id='block_1_31' title="bbox 2052 1638 3697 1711">
    <p class='ocr_par' dir='ltr' id='par_1_31' title="bbox 2052 1638 3697 1711">
     <span class='ocr_line' id='line_1_31' title="bbox 2052 1638 3697 1711; baseline 0.006 -20"><span class='ocrx_word' id='word_1_211' title='bbox 2052 1642 2267 1703; x_wconf 88' lang='lat' dir='ltr'>cerent,</span> <span class='ocrx_word' id='word_1_212' title='bbox 2289 1643 2484 1693; x_wconf 88' lang='lat' dir='ltr'>tamen</span> <span class='ocrx_word' id='word_1_213' title='bbox 2517 1640 2588 1693; x_wconf 91' lang='lat' dir='ltr'>ob</span> <span class='ocrx_word' id='word_1_214' title='bbox 2611 1638 2844 1694; x_wconf 89' lang='lat' dir='ltr'>virtutis</span> <span class='ocrx_word' id='word_1_215' title='bbox 2872 1640 3261 1711; x_wconf 64' lang='lat' dir='ltr'>aequalitatem</span> <span class='ocrx_word' id='word_1_216' title='bbox 3295 1647 3500 1699; x_wconf 84' lang='lat' dir='ltr'>neuter</span> <span class='ocrx_word' id='word_1_217' title='bbox 3529 1644 3697 1701; x_wconf 82' lang='lat' dir='ltr'>alteri</span> 
     </span>
    </p>
   </div>
   <div class='ocr_carea' id='block_1_32' title="bbox 2050 1726 2877 1799">
    <p class='ocr_par' dir='ltr' id='par_1_32' title="bbox 2050 1726 2877 1799">
     <span class='ocr_line' id='line_1_32' title="bbox 2050 1726 2877 1799; baseline 0.005 -20"><span class='ocrx_word' id='word_1_218' title='bbox 2050 1726 2350 1781; x_wconf 83' lang='lat' dir='ltr'>victoriam</span> <span class='ocrx_word' id='word_1_219' title='bbox 2383 1727 2604 1798; x_wconf 85' lang='lat' dir='ltr'>eripere</span> <span class='ocrx_word' id='word_1_220' title='bbox 2635 1731 2877 1799; x_wconf 85' lang='lat' dir='ltr'>poterat.</span> 
     </span>
    </p>
   </div>
   <div class='ocr_carea' id='block_1_33' title="bbox 374 1810 1972 1905">
    <p class='ocr_par' dir='ltr' id='par_1_33' title="bbox 374 1810 1944 1888">
     <span class='ocr_line' id='line_1_33' title="bbox 374 1810 1944 1888; baseline -0.004 -16"><span class='ocrx_word' id='word_1_221' title='bbox 374 1818 455 1873; x_wconf 83' lang='lat' dir='ltr'>H&#39;.</span> <span class='ocrx_word' id='word_1_222' title='bbox 488 1814 585 1870; x_wconf 76' lang='grc' dir='ltr'>Καὶ</span> <span class='ocrx_word' id='word_1_223' title='bbox 615 1819 693 1887; x_wconf 81' lang='grc' dir='ltr'>τῷ</span> <span class='ocrx_word' id='word_1_224' title='bbox 726 1814 819 1888; x_wconf 74' lang='grc' dir='ltr'>μὲν</span> <span class='ocrx_word' id='word_1_225' title='bbox 867 1811 1046 1887; x_wconf 74' lang='grc' dir='ltr'>’Δδᾶμ</span> <span class='ocrx_word' id='word_1_226' title='bbox 1098 1816 1132 1884; x_wconf 73' lang='grc' dir='ltr'>ἡ</span> <span class='ocrx_word' id='word_1_227' title='bbox 1193 1810 1409 1877; x_wconf 84' lang='grc' dir='ltr'>δοθεῖσα</span> <span class='ocrx_word' id='word_1_228' title='bbox 1450 1815 1563 1868; x_wconf 79' lang='grc' dir='ltr'>κατ’</span> <span class='ocrx_word' id='word_1_229' title='bbox 1623 1812 1780 1867; x_wconf 75' lang='grc' dir='ltr'>αὐτὸν</span> <span class='ocrx_word' id='word_1_230' title='bbox 1813 1813 1944 1887; x_wconf 85' lang='grc' dir='ltr'>βοη-</span> 
     </span>
    </p>
   </div>
   <div class='ocr_carea' id='block_1_34' title="bbox 2070 1810 3696 1905">
    <p class='ocr_par' dir='ltr' id='par_1_34' title="bbox 2123 1815 3696 1905">
     <span class='ocr_line' id='line_1_34' title="bbox 2123 1815 3696 1905; baseline 0.006 -37"><span class='ocrx_word' id='word_1_231' title='bbox 2123 1815 2269 1905; x_wconf 82' lang='lat' dir='ltr'><strong>VIII.</strong></span> <span class='ocrx_word' id='word_1_232' title='bbox 2287 1816 2355 1905; x_wconf 85' lang='lat' dir='ltr'>Et</span> <span class='ocrx_word' id='word_1_233' title='bbox 2372 1815 2608 1886; x_wconf 90' lang='lat' dir='ltr'>quidem</span> <span class='ocrx_word' id='word_1_234' title='bbox 2627 1815 2879 1889; x_wconf 71' lang='lat' dir='ltr'>i1la,quae</span> <span class='ocrx_word' id='word_1_235' title='bbox 2897 1818 3136 1889; x_wconf 86' lang='lat' dir='ltr'>Adamo,</span> <span class='ocrx_word' id='word_1_236' title='bbox 3153 1820 3476 1890; x_wconf 86' lang='lat' dir='ltr'>adjumenti</span> <span class='ocrx_word' id='word_1_237' title='bbox 3496 1838 3696 1889; x_wconf 86' lang='lat' dir='ltr'>causa,</span> 
     </span>
    </p>
   </div>
   <div class='ocr_carea' id='block_1_35' title="bbox 304 1901 1944 1979">
    <p class='ocr_par' dir='ltr' id='par_1_35' title="bbox 304 1901 1944 1979">
     <span class='ocr_line' id='line_1_35' title="bbox 304 1901 1944 1979; baseline -0.002 -20"><span class='ocrx_word' id='word_1_238' title='bbox 304 1906 394 1969; x_wconf 82' lang='grc' dir='ltr'>θὸς</span> <span class='ocrx_word' id='word_1_239' title='bbox 425 1901 635 1979; x_wconf 66' lang='grc' dir='ltr'>(ἐπειδὴ</span> <span class='ocrx_word' id='word_1_240' title='bbox 685 1902 850 1958; x_wconf 86' lang='grc' dir='ltr'>καλὸν</span> <span class='ocrx_word' id='word_1_241' title='bbox 901 1903 967 1972; x_wconf 76' lang='grc' dir='ltr'>ἦν</span> <span class='ocrx_word' id='word_1_242' title='bbox 1017 1904 1092 1975; x_wconf 78' lang='grc' dir='ltr'>μὴ</span> <span class='ocrx_word' id='word_1_243' title='bbox 1131 1902 1294 1975; x_wconf 68' lang='grc' dir='ltr'>μόνον</span> <span class='ocrx_word' id='word_1_244' title='bbox 1327 1904 1466 1957; x_wconf 83' lang='grc' dir='ltr'>εἶναι</span> <span class='ocrx_word' id='word_1_245' title='bbox 1494 1903 1585 1957; x_wconf 88' lang='grc' dir='ltr'>τὸν</span> <span class='ocrx_word' id='word_1_246' title='bbox 1620 1902 1944 1975; x_wconf 72' lang='grc' dir='ltr'>ἄνθρωπον),</span> 
     </span>
    </p>
   </div>
   <div class='ocr_carea' id='block_1_36' title="bbox 306 1990 1944 2069">
    <p class='ocr_par' dir='ltr' id='par_1_36' title="bbox 306 1990 1944 2069">
     <span class='ocr_line' id='line_1_36' title="bbox 306 1990 1944 2069; baseline -0.002 -21"><span class='ocrx_word' id='word_1_247' title='bbox 306 1994 419 2048; x_wconf 84' lang='grc' dir='ltr'>ἀντὶ</span> <span class='ocrx_word' id='word_1_248' title='bbox 463 1997 720 2069; x_wconf 71' lang='grc' dir='ltr'>συνεργοῦ</span> <span class='ocrx_word' id='word_1_249' title='bbox 765 1990 1006 2064; x_wconf 86' lang='grc' dir='ltr'>πολεμία</span> <span class='ocrx_word' id='word_1_250' title='bbox 1052 1993 1306 2062; x_wconf 80' lang='grc' dir='ltr'>κατέστη,</span> <span class='ocrx_word' id='word_1_251' title='bbox 1361 1991 1449 2046; x_wconf 83' lang='grc' dir='ltr'>καὶ</span> <span class='ocrx_word' id='word_1_252' title='bbox 1499 1990 1604 2067; x_wconf 79' lang='grc' dir='ltr'>οὐχ</span> <span class='ocrx_word' id='word_1_253' title='bbox 1649 1991 1944 2065; x_wconf 84' lang='grc' dir='ltr'>ὁμόζυγος,</span> 
     </span>
    </p>
   </div>
   <div class='ocr_carea' id='block_1_37' title="bbox 302 2077 1948 2156">
    <p class='ocr_par' dir='ltr' id='par_1_37' title="bbox 302 2077 1948 2156">
     <span class='ocr_line' id='line_1_37' title="bbox 302 2077 1948 2156; baseline -0.002 -19"><span class='ocrx_word' id='word_1_254' title='bbox 302 2081 426 2138; x_wconf 82' lang='grc' dir='ltr'>ἀλλ’</span> <span class='ocrx_word' id='word_1_255' title='bbox 484 2082 753 2144; x_wconf 84' lang='grc' dir='ltr'>ἀντίθετος</span> <span class='ocrx_word' id='word_1_256' title='bbox 780 2101 791 2114; x_wconf 86' lang='grc'><strong>·</strong></span> <span class='ocrx_word' id='word_1_257' title='bbox 851 2080 1097 2156; x_wconf 78' lang='grc' dir='ltr'>κλέψασα</span> <span class='ocrx_word' id='word_1_258' title='bbox 1149 2082 1240 2136; x_wconf 88' lang='grc' dir='ltr'>τὸν</span> <span class='ocrx_word' id='word_1_259' title='bbox 1282 2078 1449 2156; x_wconf 81' lang='grc' dir='ltr'>ἄνδρα</span> <span class='ocrx_word' id='word_1_260' title='bbox 1479 2078 1547 2135; x_wconf 82' lang='grc' dir='ltr'>δι’</span> <span class='ocrx_word' id='word_1_261' title='bbox 1579 2078 1800 2150; x_wconf 74' lang='grc' dir='ltr'>ἡδονῆς,</span> <span class='ocrx_word' id='word_1_262' title='bbox 1858 2077 1948 2133; x_wconf 67' lang='grc' dir='ltr'>καὶ</span> 
     </span>
    </p>
   </div>
   <div class='ocr_carea' id='block_1_38' title="bbox 300 2167 1949 2244">
    <p class='ocr_par' dir='ltr' id='par_1_38' title="bbox 300 2167 1949 2244">
     <span class='ocr_line' id='line_1_38' title="bbox 300 2167 1949 2244; baseline -0.002 -17"><span class='ocrx_word' id='word_1_263' title='bbox 300 2176 378 2244; x_wconf 82' lang='grc' dir='ltr'>τῷ</span> <span class='ocrx_word' id='word_1_264' title='bbox 432 2170 579 2244; x_wconf 72' lang='grc' dir='ltr'>ξύλῳ</span> <span class='ocrx_word' id='word_1_265' title='bbox 636 2174 735 2240; x_wconf 78' lang='grc' dir='ltr'>τῆς</span> <span class='ocrx_word' id='word_1_266' title='bbox 796 2171 1049 2244; x_wconf 85' lang='grc' dir='ltr'>γνώσεως</span> <span class='ocrx_word' id='word_1_267' title='bbox 1102 2175 1199 2226; x_wconf 84' lang='grc' dir='ltr'>τοῦ</span> <span class='ocrx_word' id='word_1_268' title='bbox 1249 2171 1414 2241; x_wconf 76' lang='grc' dir='ltr'>ξόλοῦ</span> <span class='ocrx_word' id='word_1_269' title='bbox 1453 2177 1553 2239; x_wconf 80' lang='grc' dir='ltr'>τῆς</span> <span class='ocrx_word' id='word_1_270' title='bbox 1586 2175 1728 2238; x_wconf 83' lang='grc' dir='ltr'>ζωῆς</span> <span class='ocrx_word' id='word_1_271' title='bbox 1785 2167 1949 2223; x_wconf 81' lang='grc' dir='ltr'>ἀλλο-</span> 
     </span>
    </p>
   </div>
   <div class='ocr_carea' id='block_1_39' title="bbox 300 2257 1946 2335">
    <p class='ocr_par' dir='ltr' id='par_1_39' title="bbox 300 2257 1946 2335">
     <span class='ocr_line' id='line_1_39' title="bbox 300 2257 1946 2335; baseline -0.002 -20"><span class='ocrx_word' id='word_1_272' title='bbox 300 2261 591 2332; x_wconf 85' lang='grc' dir='ltr'>τριώσασα.</span> <span class='ocrx_word' id='word_1_273' title='bbox 649 2264 735 2331; x_wconf 80' lang='grc' dir='ltr'>Τῷ</span> <span class='ocrx_word' id='word_1_274' title='bbox 793 2257 851 2314; x_wconf 70' lang='grc' dir='ltr'>δὲ</span> <span class='ocrx_word' id='word_1_275' title='bbox 906 2258 968 2313; x_wconf 80' lang='grc' dir='ltr'>οὐ</span> <span class='ocrx_word' id='word_1_276' title='bbox 1022 2260 1270 2335; x_wconf 87' lang='grc' dir='ltr'>συνεργὸς</span> <span class='ocrx_word' id='word_1_277' title='bbox 1334 2259 1498 2331; x_wconf 85' lang='grc' dir='ltr'>μόνον</span> <span class='ocrx_word' id='word_1_278' title='bbox 1556 2261 1589 2327; x_wconf 84' lang='grc' dir='ltr'><strong>ἡ</strong></span> <span class='ocrx_word' id='word_1_279' title='bbox 1641 2259 1784 2333; x_wconf 81' lang='grc' dir='ltr'>παρὰ</span> <span class='ocrx_word' id='word_1_280' title='bbox 1815 2261 1946 2313; x_wconf 80' lang='grc' dir='ltr'>Θεοῦ</span> 
     </span>
    </p>
   </div>
   <div class='ocr_carea' id='block_1_40' title="bbox 304 2344 1948 2422">
    <p class='ocr_par' dir='ltr' id='par_1_40' title="bbox 304 2344 1948 2422">
     <span class='ocr_line' id='line_1_40' title="bbox 304 2344 1948 2422; baseline -0.002 -19"><span class='ocrx_word' id='word_1_281' title='bbox 304 2346 517 2403; x_wconf 85' lang='grc' dir='ltr'>δοθεῖσα</span> <span class='ocrx_word' id='word_1_282' title='bbox 573 2350 756 2422; x_wconf 72' lang='grc' dir='ltr'>(ἧττον</span> <span class='ocrx_word' id='word_1_283' title='bbox 813 2348 913 2422; x_wconf 79' lang='grc' dir='ltr'>γὰρ</span> <span class='ocrx_word' id='word_1_284' title='bbox 986 2352 1147 2402; x_wconf 79' lang='grc' dir='ltr'>τοῦτο</span> <span class='ocrx_word' id='word_1_285' title='bbox 1224 2348 1572 2420; x_wconf 81' lang='grc' dir='ltr'>θαυμαστὸν),</span> <span class='ocrx_word' id='word_1_286' title='bbox 1653 2344 1798 2400; x_wconf 75' lang='grc' dir='ltr'>ἀλλὰ</span> <span class='ocrx_word' id='word_1_287' title='bbox 1858 2346 1948 2400; x_wconf 87' lang='grc' dir='ltr'>καὶ</span> 
     </span>
    </p>
   </div>
   <div class='ocr_carea' id='block_1_41' title="bbox 308 2432 1950 2513">
    <p class='ocr_par' dir='ltr' id='par_1_41' title="bbox 308 2432 1950 2513">
     <span class='ocr_line' id='line_1_41' title="bbox 308 2432 1950 2513; baseline -0.003 -21"><span class='ocrx_word' id='word_1_288' title='bbox 308 2437 553 2513; x_wconf 84' lang='grc' dir='ltr'>ἀρχηγὸς</span> <span class='ocrx_word' id='word_1_289' title='bbox 578 2434 951 2512; x_wconf 84' lang='grc' dir='ltr'>γίνεται,ἕργῳ</span> <span class='ocrx_word' id='word_1_290' title='bbox 970 2456 1028 2491; x_wconf 83' lang='grc' dir='ltr'>τε</span> <span class='ocrx_word' id='word_1_291' title='bbox 1051 2436 1141 2490; x_wconf 84' lang='grc' dir='ltr'>καὶ</span> <span class='ocrx_word' id='word_1_292' title='bbox 1164 2434 1316 2509; x_wconf 87' lang='grc' dir='ltr'>λόγῳ</span> <span class='ocrx_word' id='word_1_293' title='bbox 1346 2436 1483 2511; x_wconf 78' lang='grc' dir='ltr'>πρὸς</span> <span class='ocrx_word' id='word_1_294' title='bbox 1515 2436 1580 2488; x_wconf 78' lang='grc' dir='ltr'>τὰ</span> <span class='ocrx_word' id='word_1_295' title='bbox 1608 2436 1861 2511; x_wconf 84' lang='grc' dir='ltr'>κράτιστα</span> <span class='ocrx_word' id='word_1_296' title='bbox 1883 2432 1950 2488; x_wconf 82' lang='grc' dir='ltr'>δι’</span> 
     </span>
    </p>
   </div>
   <div class='ocr_carea' id='block_1_42' title="bbox 310 2520 1948 2599">
    <p class='ocr_par' dir='ltr' id='par_1_42' title="bbox 310 2520 1948 2599">
     <span class='ocr_line' id='line_1_42' title="bbox 310 2520 1948 2599; baseline -0.002 -19"><span class='ocrx_word' id='word_1_297' title='bbox 310 2526 506 2595; x_wconf 68' lang='grc' dir='ltr'>ὶαυτῆς</span> <span class='ocrx_word' id='word_1_298' title='bbox 555 2526 793 2599; x_wconf 83' lang='grc' dir='ltr'>ἄγουσα’</span> <span class='ocrx_word' id='word_1_299' title='bbox 848 2523 935 2578; x_wconf 79' lang='grc' dir='ltr'>καὶ</span> <span class='ocrx_word' id='word_1_300' title='bbox 985 2523 1050 2578; x_wconf 77' lang='grc' dir='ltr'>τὰ</span> <span class='ocrx_word' id='word_1_301' title='bbox 1097 2524 1189 2597; x_wconf 75' lang='grc' dir='ltr'>μὶν</span> <span class='ocrx_word' id='word_1_302' title='bbox 1243 2522 1387 2578; x_wconf 68' lang='grc' dir='ltr'>ἄλλα</span> <span class='ocrx_word' id='word_1_303' title='bbox 1432 2528 1532 2577; x_wconf 78' lang='grc' dir='ltr'>τοῦ</span> <span class='ocrx_word' id='word_1_304' title='bbox 1582 2520 1774 2598; x_wconf 84' lang='grc' dir='ltr'>ἀνδρὸς</span> <span class='ocrx_word' id='word_1_305' title='bbox 1819 2543 1948 2597; x_wconf 76' lang='grc' dir='ltr'>κρα-</span> 
     </span>
    </p>
   </div>
   <div class='ocr_carea' id='block_1_43' title="bbox 307 2611 1952 2688">
    <p class='ocr_par' dir='ltr' id='par_1_43' title="bbox 307 2611 1952 2688">
     <span class='ocr_line' id='line_1_43' title="bbox 307 2611 1952 2688; baseline -0.002 -19"><span class='ocrx_word' id='word_1_306' title='bbox 307 2616 512 2669; x_wconf 88' lang='grc' dir='ltr'>τεῖσθαι</span> <span class='ocrx_word' id='word_1_307' title='bbox 568 2613 721 2686; x_wconf 86' lang='grc' dir='ltr'>νόμῳ</span> <span class='ocrx_word' id='word_1_308' title='bbox 771 2614 1024 2688; x_wconf 75' lang='grc' dir='ltr'>συζυγίας</span> <span class='ocrx_word' id='word_1_309' title='bbox 1073 2612 1288 2688; x_wconf 81' lang='grc' dir='ltr'>ἄριστον</span> <span class='ocrx_word' id='word_1_310' title='bbox 1337 2612 1466 2667; x_wconf 70' lang='grc' dir='ltr'>εἶναι</span> <span class='ocrx_word' id='word_1_311' title='bbox 1530 2611 1803 2688; x_wconf 78' lang='grc' dir='ltr'>κρίνουσα,</span> <span class='ocrx_word' id='word_1_312' title='bbox 1853 2619 1952 2681; x_wconf 78' lang='grc' dir='ltr'>τῆς</span> 
     </span>
    </p>
   </div>
   <div class='ocr_carea' id='block_1_44' title="bbox 311 2698 1951 2778">
    <p class='ocr_par' dir='ltr' id='par_1_44' title="bbox 311 2698 1951 2778">
     <span class='ocr_line' id='line_1_44' title="bbox 311 2698 1951 2778; baseline -0.001 -21"><span class='ocrx_word' id='word_1_313' title='bbox 311 2698 579 2765; x_wconf 74' lang='grc' dir='ltr'>εὐσεϐείας</span> <span class='ocrx_word' id='word_1_314' title='bbox 641 2700 699 2757; x_wconf 74' lang='grc' dir='ltr'>δὲ</span> <span class='ocrx_word' id='word_1_315' title='bbox 755 2701 854 2757; x_wconf 76' lang='grc' dir='ltr'>οὐκ</span> <span class='ocrx_word' id='word_1_316' title='bbox 891 2701 1259 2778; x_wconf 72' lang='grc' dir='ltr'>αἰσχυνομένη</span> <span class='ocrx_word' id='word_1_317' title='bbox 1312 2700 1568 2778; x_wconf 75' lang='grc' dir='ltr'>παρέχειν</span> <span class='ocrx_word' id='word_1_318' title='bbox 1620 2702 1812 2769; x_wconf 67' lang='grc' dir='ltr'>ἑαυτὴν</span> <span class='ocrx_word' id='word_1_319' title='bbox 1862 2702 1951 2755; x_wconf 80' lang='grc' dir='ltr'>καί</span> 
     </span>
    </p>
   </div>
   <div class='ocr_carea' id='block_1_45' title="bbox 313 2790 1949 2865">
    <p class='ocr_par' dir='ltr' id='par_1_45' title="bbox 313 2790 1949 2865">
     <span class='ocr_line' id='line_1_45' title="bbox 313 2790 1949 2865; baseline -0.002 -18"><span class='ocrx_word' id='word_1_320' title='bbox 313 2790 659 2848; x_wconf 84' lang='grc' dir='ltr'>διδάσκαλον.</span> <span class='ocrx_word' id='word_1_321' title='bbox 692 2793 761 2849; x_wconf 78' lang='grc' dir='ltr'>’Ὁ</span> <span class='ocrx_word' id='word_1_322' title='bbox 793 2791 1080 2865; x_wconf 76' lang='grc' dir='ltr'>θαυμάζειν</span> <span class='ocrx_word' id='word_1_323' title='bbox 1119 2792 1213 2864; x_wconf 73' lang='grc' dir='ltr'>μὲν</span> <span class='ocrx_word' id='word_1_324' title='bbox 1247 2791 1454 2861; x_wconf 80' lang='grc' dir='ltr'>ἐκείνης</span> <span class='ocrx_word' id='word_1_325' title='bbox 1476 2791 1638 2861; x_wconf 80' lang='grc' dir='ltr'>ἄξιον,</span> <span class='ocrx_word' id='word_1_326' title='bbox 1662 2792 1949 2864; x_wconf 83' lang='grc' dir='ltr'>θαυμάζειν</span> 
     </span>
    </p>
   </div>
   <div class='ocr_carea' id='block_1_46' title="bbox 312 2879 1955 2955">
    <p class='ocr_par' dir='ltr' id='par_1_46' title="bbox 312 2879 1955 2955">
     <span class='ocr_line' id='line_1_46' title="bbox 312 2879 1955 2955; baseline -0.002 -18"><span class='ocrx_word' id='word_1_327' title='bbox 312 2880 370 2937; x_wconf 65' lang='grc' dir='ltr'>δὲ</span> <span class='ocrx_word' id='word_1_328' title='bbox 400 2880 566 2937; x_wconf 85' lang='grc' dir='ltr'>πλέον</span> <span class='ocrx_word' id='word_1_329' title='bbox 595 2882 686 2936; x_wconf 88' lang='grc' dir='ltr'>τὸν</span> <span class='ocrx_word' id='word_1_330' title='bbox 722 2880 896 2936; x_wconf 72' lang='grc' dir='ltr'>ἰκοντὶ</span> <span class='ocrx_word' id='word_1_331' title='bbox 940 2881 1256 2952; x_wconf 80' lang='grc' dir='ltr'>ἡττώμενον</span> <span class='ocrx_word' id='word_1_332' title='bbox 1304 2884 1400 2953; x_wconf 83' lang='grc'>(7).</span> <span class='ocrx_word' id='word_1_333' title='bbox 1444 2880 1651 2949; x_wconf 87' lang='grc' dir='ltr'>Ἐκείνη</span> <span class='ocrx_word' id='word_1_334' title='bbox 1678 2881 1777 2955; x_wconf 84' lang='grc' dir='ltr'>γάρ</span> <span class='ocrx_word' id='word_1_335' title='bbox 1816 2879 1955 2935; x_wconf 82' lang='grc' dir='ltr'>ἐστιν</span> 
     </span>
    </p>
   </div>
   <div class='ocr_carea' id='block_1_47' title="bbox 312 2967 1955 3047">
    <p class='ocr_par' dir='ltr' id='par_1_47' title="bbox 312 2967 1955 3047">
     <span class='ocr_line' id='line_1_47' title="bbox 312 2967 1955 3047; baseline -0.002 -21"><span class='ocrx_word' id='word_1_336' title='bbox 312 2974 368 3042; x_wconf 77' lang='grc' dir='ltr'>ἡ,</span> <span class='ocrx_word' id='word_1_337' title='bbox 400 2975 507 3026; x_wconf 79' lang='grc' dir='ltr'>τῶν</span> <span class='ocrx_word' id='word_1_338' title='bbox 557 2969 744 3026; x_wconf 76' lang='grc' dir='ltr'>ἄλλων</span> <span class='ocrx_word' id='word_1_339' title='bbox 788 2974 1052 3045; x_wconf 76' lang='grc' dir='ltr'>γυναικῶν</span> <span class='ocrx_word' id='word_1_340' title='bbox 1101 2968 1296 3025; x_wconf 82' lang='grc' dir='ltr'>κάλλει</span> <span class='ocrx_word' id='word_1_341' title='bbox 1340 2967 1818 3047; x_wconf 72' lang='grc' dir='ltr'>φιλοτιμουμένων</span> <span class='ocrx_word' id='word_1_342' title='bbox 1864 2969 1955 3023; x_wconf 88' lang='grc' dir='ltr'>καὶ</span> 
     </span>
    </p>
   </div>
   <div class='ocr_carea' id='block_1_48' title="bbox 315 3044 2014 3135">
    <p class='ocr_par' dir='ltr' id='par_1_48' title="bbox 315 3044 2014 3135">
     <span class='ocr_line' id='line_1_48' title="bbox 315 3044 2014 3135; baseline -0.003 -19"><span class='ocrx_word' id='word_1_343' title='bbox 315 3060 654 3134; x_wconf 80' lang='grc' dir='ltr'>ὑψουμένων,</span> <span class='ocrx_word' id='word_1_344' title='bbox 687 3058 810 3115; x_wconf 80' lang='grc' dir='ltr'>ὅσον</span> <span class='ocrx_word' id='word_1_345' title='bbox 840 3081 899 3113; x_wconf 88' lang='grc' dir='ltr'>τε</span> <span class='ocrx_word' id='word_1_346' title='bbox 928 3060 1149 3135; x_wconf 76' lang='grc' dir='ltr'>φυσικὸν</span> <span class='ocrx_word' id='word_1_347' title='bbox 1190 3059 1279 3113; x_wconf 88' lang='grc' dir='ltr'>καὶ</span> <span class='ocrx_word' id='word_1_348' title='bbox 1328 3059 1450 3112; x_wconf 82' lang='grc' dir='ltr'>ὅσον</span> <span class='ocrx_word' id='word_1_349' title='bbox 1497 3057 1849 3129; x_wconf 79' lang='grc' dir='ltr'>ἐπίπλαστον,</span> <span class='ocrx_word' id='word_1_350' title='bbox 1898 3055 1951 3111; x_wconf 67' lang='grc' dir='ltr'>ἓν</span> <span class='ocrx_word' id='word_1_351' title='bbox 1981 3044 2014 3112; x_wconf 27' lang='grc' dir='ltr'>,ι</span> 
     </span>
    </p>
   </div>
   <div class='ocr_carea' id='block_1_49' title="bbox 312 3145 1949 3223">
    <p class='ocr_par' dir='ltr' id='par_1_49' title="bbox 312 3145 1949 3223">
     <span class='ocr_line' id='line_1_49' title="bbox 312 3145 1949 3223; baseline -0.003 -18"><span class='ocrx_word' id='word_1_352' title='bbox 312 3150 640 3222; x_wconf 69' lang='grc' dir='ltr'>ἐπισταμένη</span> <span class='ocrx_word' id='word_1_353' title='bbox 690 3148 921 3220; x_wconf 85' lang='grc' dir='ltr'>κάλλος,</span> <span class='ocrx_word' id='word_1_354' title='bbox 976 3147 1037 3203; x_wconf 77' lang='grc' dir='ltr'>τὰ</span> <span class='ocrx_word' id='word_1_355' title='bbox 1080 3151 1176 3217; x_wconf 75' lang='grc' dir='ltr'>τῆς</span> <span class='ocrx_word' id='word_1_356' title='bbox 1231 3150 1438 3223; x_wconf 71' lang='grc' dir='ltr'>ψυχῆς,</span> <span class='ocrx_word' id='word_1_357' title='bbox 1477 3148 1652 3201; x_wconf 78' lang='grc' dir='ltr'>καὶτὸ</span> <span class='ocrx_word' id='word_1_358' title='bbox 1680 3148 1779 3214; x_wconf 77' lang='grc' dir='ltr'>τήν</span> <span class='ocrx_word' id='word_1_359' title='bbox 1808 3145 1949 3201; x_wconf 86' lang='grc' dir='ltr'>θείαν</span> 
     </span>
    </p>
   </div>
   <div class='ocr_carea' id='block_1_50' title="bbox 2057 1904 3696 1977">
    <p class='ocr_par' dir='ltr' id='par_1_50' title="bbox 2057 1904 3696 1977">
     <span class='ocr_line' id='line_1_50' title="bbox 2057 1904 3696 1977; baseline 0.005 -17"><span class='ocrx_word' id='word_1_360' title='bbox 2057 1904 2270 1961; x_wconf 85' lang='lat' dir='ltr'>similis</span> <span class='ocrx_word' id='word_1_361' title='bbox 2299 1904 2382 1959; x_wconf 86' lang='lat' dir='ltr'>illi</span> <span class='ocrx_word' id='word_1_362' title='bbox 2414 1906 2545 1959; x_wconf 88' lang='lat' dir='ltr'>data</span> <span class='ocrx_word' id='word_1_363' title='bbox 2578 1907 2759 1961; x_wconf 84' lang='lat' dir='ltr'>fuerat</span> <span class='ocrx_word' id='word_1_364' title='bbox 2799 1908 2927 1977; x_wconf 90' lang='lat' dir='ltr'>(nec</span> <span class='ocrx_word' id='word_1_365' title='bbox 2957 1909 3109 1962; x_wconf 91' lang='lat' dir='ltr'>enim</span> <span class='ocrx_word' id='word_1_366' title='bbox 3161 1910 3457 1966; x_wconf 89' lang='lat' dir='ltr'>hominem</span> <span class='ocrx_word' id='word_1_367' title='bbox 3506 1912 3696 1967; x_wconf 88' lang='lat' dir='ltr'>solum</span> 
     </span>
    </p>
   </div>
   <div class='ocr_carea' id='block_1_51' title="bbox 2057 1996 3696 2071">
    <p class='ocr_par' dir='ltr' id='par_1_51' title="bbox 2057 1996 3696 2071">
     <span class='ocr_line' id='line_1_51' title="bbox 2057 1996 3696 2071; baseline 0.004 -22"><span class='ocrx_word' id='word_1_368' title='bbox 2057 2010 2186 2049; x_wconf 78' lang='lat' dir='ltr'>esse</span> <span class='ocrx_word' id='word_1_369' title='bbox 2228 1996 2447 2048; x_wconf 83' lang='lat' dir='ltr'>bonum</span> <span class='ocrx_word' id='word_1_370' title='bbox 2482 2002 2605 2048; x_wconf 87' lang='lat' dir='ltr'>erat</span> <span class='ocrx_word' id='word_1_371' title='bbox 2625 1996 2714 2065; x_wconf 81' lang='grc'>⁴¹),</span> <span class='ocrx_word' id='word_1_372' title='bbox 2741 2014 2839 2066; x_wconf 89' lang='lat' dir='ltr'>pro</span> <span class='ocrx_word' id='word_1_373' title='bbox 2872 1998 3032 2051; x_wconf 88' lang='lat' dir='ltr'>socia</span> <span class='ocrx_word' id='word_1_374' title='bbox 3080 1998 3304 2053; x_wconf 83' lang='lat' dir='ltr'>hostem</span> <span class='ocrx_word' id='word_1_375' title='bbox 3338 2016 3398 2055; x_wconf 90' lang='lat' dir='ltr'>se</span> <span class='ocrx_word' id='word_1_376' title='bbox 3431 2001 3696 2071; x_wconf 61' lang='lat' dir='ltr'>praebuit,</span> 
     </span>
    </p>
   </div>
   <div class='ocr_carea' id='block_1_52' title="bbox 2059 2084 3701 2157">
    <p class='ocr_par' dir='ltr' id='par_1_52' title="bbox 2059 2084 3701 2157">
     <span class='ocr_line' id='line_1_52' title="bbox 2059 2084 3701 2157; baseline 0.004 -20"><span class='ocrx_word' id='word_1_377' title='bbox 2059 2100 2159 2152; x_wconf 91' lang='lat' dir='ltr'>pro</span> <span class='ocrx_word' id='word_1_378' title='bbox 2192 2084 2440 2153; x_wconf 82' lang='lat' dir='ltr'>conjuge</span> <span class='ocrx_word' id='word_1_379' title='bbox 2470 2084 2890 2150; x_wconf 83' lang='lat' dir='ltr'>adversariam;</span> <span class='ocrx_word' id='word_1_380' title='bbox 2927 2092 2987 2138; x_wconf 89' lang='lat' dir='ltr'>ut</span> <span class='ocrx_word' id='word_1_381' title='bbox 3020 2103 3146 2157; x_wconf 75' lang='lat' dir='ltr'>quea</span> <span class='ocrx_word' id='word_1_382' title='bbox 3175 2086 3484 2157; x_wconf 85' lang='lat' dir='ltr'>voluptatis</span> <span class='ocrx_word' id='word_1_383' title='bbox 3514 2089 3701 2144; x_wconf 85' lang='lat' dir='ltr'>illece-</span> 
     </span>
    </p>
   </div>
   <div class='ocr_carea' id='block_1_53' title="bbox 2061 2172 3703 2249">
    <p class='ocr_par' dir='ltr' id='par_1_53' title="bbox 2061 2172 3703 2249">
     <span class='ocr_line' id='line_1_53' title="bbox 2061 2172 3703 2249; baseline 0.004 -23"><span class='ocrx_word' id='word_1_384' title='bbox 2061 2175 2163 2226; x_wconf 89' lang='lat' dir='ltr'>bra</span> <span class='ocrx_word' id='word_1_385' title='bbox 2192 2173 2340 2228; x_wconf 76' lang='lat'>335</span> <span class='ocrx_word' id='word_1_386' title='bbox 2388 2172 2663 2226; x_wconf 88' lang='lat' dir='ltr'>maritum</span> <span class='ocrx_word' id='word_1_387' title='bbox 2715 2174 2771 2225; x_wconf 88' lang='lat' dir='ltr'>in</span> <span class='ocrx_word' id='word_1_388' title='bbox 2824 2175 3084 2227; x_wconf 82' lang='lat' dir='ltr'>fraudem</span> <span class='ocrx_word' id='word_1_389' title='bbox 3140 2176 3452 2245; x_wconf 80' lang='lat' dir='ltr'>induxerit,</span> <span class='ocrx_word' id='word_1_390' title='bbox 3486 2194 3550 2232; x_wconf 86' lang='lat' dir='ltr'>ac</span> <span class='ocrx_word' id='word_1_391' title='bbox 3601 2193 3703 2249; x_wconf 80' lang='lat' dir='ltr'>per</span> 
     </span>
    </p>
   </div>
   <div class='ocr_carea' id='block_1_54' title="bbox 2058 2259 3702 2333">
    <p class='ocr_par' dir='ltr' id='par_1_54' title="bbox 2058 2259 3702 2333">
     <span class='ocr_line' id='line_1_54' title="bbox 2058 2259 3702 2333; baseline 0.005 -19"><span class='ocrx_word' id='word_1_392' title='bbox 2058 2259 2310 2314; x_wconf 69' lang='lat' dir='ltr'>scientiae</span> <span class='ocrx_word' id='word_1_393' title='bbox 2342 2260 2565 2331; x_wconf 85' lang='lat' dir='ltr'>lignum</span> <span class='ocrx_word' id='word_1_394' title='bbox 2598 2277 2632 2315; x_wconf 91' lang='lat' dir='ltr'>a</span> <span class='ocrx_word' id='word_1_395' title='bbox 2660 2260 2786 2314; x_wconf 65' lang='lat' dir='ltr'>vitaz</span> <span class='ocrx_word' id='word_1_396' title='bbox 2818 2261 2974 2333; x_wconf 90' lang='lat' dir='ltr'>ligno</span> <span class='ocrx_word' id='word_1_397' title='bbox 3007 2264 3294 2318; x_wconf 85' lang='lat' dir='ltr'>averterit.</span> <span class='ocrx_word' id='word_1_398' title='bbox 3326 2265 3469 2320; x_wconf 87' lang='lat' dir='ltr'>Huic</span> <span class='ocrx_word' id='word_1_399' title='bbox 3497 2272 3702 2322; x_wconf 88' lang='lat' dir='ltr'>contra</span> 
     </span>
    </p>
   </div>
   <div class='ocr_carea' id='block_1_55' title="bbox 2058 2347 3705 2424">
    <p class='ocr_par' dir='ltr' id='par_1_55' title="bbox 2058 2347 3705 2424">
     <span class='ocr_line' id='line_1_55' title="bbox 2058 2347 3705 2424; baseline 0.005 -23"><span class='ocrx_word' id='word_1_400' title='bbox 2058 2347 2269 2402; x_wconf 87' lang='lat' dir='ltr'>mulier</span> <span class='ocrx_word' id='word_1_401' title='bbox 2298 2348 2393 2402; x_wconf 88' lang='lat' dir='ltr'>Dei</span> <span class='ocrx_word' id='word_1_402' title='bbox 2425 2348 2703 2403; x_wconf 87' lang='lat' dir='ltr'>beneficio</span> <span class='ocrx_word' id='word_1_403' title='bbox 2734 2365 3029 2419; x_wconf 88' lang='lat' dir='ltr'>concessa,</span> <span class='ocrx_word' id='word_1_404' title='bbox 3064 2368 3179 2405; x_wconf 88' lang='lat' dir='ltr'>non</span> <span class='ocrx_word' id='word_1_405' title='bbox 3229 2354 3399 2408; x_wconf 90' lang='lat' dir='ltr'>modo</span> <span class='ocrx_word' id='word_1_406' title='bbox 3447 2355 3705 2424; x_wconf 79' lang='lat' dir='ltr'>adjutrix</span> 
     </span>
    </p>
   </div>
   <div class='ocr_carea' id='block_1_56' title="bbox 2059 2436 3700 2514">
    <p class='ocr_par' dir='ltr' id='par_1_56' title="bbox 2059 2436 3700 2514">
     <span class='ocr_line' id='line_1_56' title="bbox 2059 2436 3700 2514; baseline 0.005 -23"><span class='ocrx_word' id='word_1_407' title='bbox 2059 2437 2279 2509; x_wconf 89' lang='lat' dir='ltr'>(minus</span> <span class='ocrx_word' id='word_1_408' title='bbox 2300 2437 2455 2491; x_wconf 89' lang='lat' dir='ltr'>enim</span> <span class='ocrx_word' id='word_1_409' title='bbox 2477 2436 2533 2490; x_wconf 91' lang='lat' dir='ltr'>id</span> <span class='ocrx_word' id='word_1_410' title='bbox 2568 2436 2761 2493; x_wconf 79' lang='lat' dir='ltr'>laudis</span> <span class='ocrx_word' id='word_1_411' title='bbox 2784 2442 2840 2492; x_wconf 89' lang='lat' dir='ltr'>et</span> <span class='ocrx_word' id='word_1_412' title='bbox 2871 2440 3274 2496; x_wconf 88' lang='lat' dir='ltr'>admiralionis</span> <span class='ocrx_word' id='word_1_413' title='bbox 3296 2441 3573 2514; x_wconf 86' lang='lat' dir='ltr'>haberet),</span> <span class='ocrx_word' id='word_1_414' title='bbox 3598 2443 3700 2499; x_wconf 87' lang='lat' dir='ltr'>sed</span> 
     </span>
    </p>
   </div>
   <div class='ocr_carea' id='block_1_57' title="bbox 2059 2525 3705 2601">
    <p class='ocr_par' dir='ltr' id='par_1_57' title="bbox 2059 2525 3705 2601">
     <span class='ocr_line' id='line_1_57' title="bbox 2059 2525 3705 2601; baseline 0.005 -21"><span class='ocrx_word' id='word_1_415' title='bbox 2059 2530 2117 2581; x_wconf 90' lang='lat' dir='ltr'>et</span> <span class='ocrx_word' id='word_1_416' title='bbox 2148 2526 2285 2590; x_wconf 83' lang='lat' dir='ltr'>dux,</span> <span class='ocrx_word' id='word_1_417' title='bbox 2310 2529 2365 2579; x_wconf 90' lang='lat' dir='ltr'>et</span> <span class='ocrx_word' id='word_1_418' title='bbox 2395 2525 2779 2596; x_wconf 87' lang='lat' dir='ltr'>antesignana</span> <span class='ocrx_word' id='word_1_419' title='bbox 2810 2526 2938 2593; x_wconf 85' lang='lat' dir='ltr'>fuit,</span> <span class='ocrx_word' id='word_1_420' title='bbox 2961 2532 3158 2600; x_wconf 86' lang='lat' dir='ltr'>utpote</span> <span class='ocrx_word' id='word_1_421' title='bbox 3189 2546 3315 2601; x_wconf 67' lang='lat' dir='ltr'>quc&#39;e</span> <span class='ocrx_word' id='word_1_422' title='bbox 3336 2545 3470 2585; x_wconf 89' lang='lat' dir='ltr'>eum</span> <span class='ocrx_word' id='word_1_423' title='bbox 3502 2532 3618 2588; x_wconf 90' lang='lat' dir='ltr'>vita</span> <span class='ocrx_word' id='word_1_424' title='bbox 3646 2536 3705 2588; x_wconf 86' lang='lat' dir='ltr'>et</span> 
     </span>
    </p>
   </div>
   <div class='ocr_carea' id='block_1_58' title="bbox 2062 2615 3705 2693">
    <p class='ocr_par' dir='ltr' id='par_1_58' title="bbox 2062 2615 3705 2693">
     <span class='ocr_line' id='line_1_58' title="bbox 2062 2615 3705 2693; baseline 0.004 -23"><span class='ocrx_word' id='word_1_425' title='bbox 2062 2631 2327 2670; x_wconf 82' lang='lat' dir='ltr'>sermone</span> <span class='ocrx_word' id='word_1_426' title='bbox 2349 2615 2421 2669; x_wconf 90' lang='lat' dir='ltr'>ad</span> <span class='ocrx_word' id='word_1_427' title='bbox 2445 2615 2665 2685; x_wconf 84' lang='lat' dir='ltr'>Optima</span> <span class='ocrx_word' id='word_1_428' title='bbox 2695 2632 2938 2687; x_wconf 61' lang='lat' dir='ltr'>quisque</span> <span class='ocrx_word' id='word_1_429' title='bbox 2971 2633 3071 2688; x_wconf 91' lang='lat' dir='ltr'>per</span> <span class='ocrx_word' id='word_1_430' title='bbox 3100 2618 3352 2690; x_wconf 90' lang='lat' dir='ltr'>seipsam</span> <span class='ocrx_word' id='word_1_431' title='bbox 3375 2620 3615 2693; x_wconf 87' lang='lat' dir='ltr'>ducens,</span> <span class='ocrx_word' id='word_1_432' title='bbox 3639 2637 3705 2677; x_wconf 89' lang='lat' dir='ltr'><strong>a0</strong></span> 
     </span>
    </p>
   </div>
   <div class='ocr_carea' id='block_1_59' title="bbox 2062 2703 3708 2778">
    <p class='ocr_par' dir='ltr' id='par_1_59' title="bbox 2062 2703 3708 2778">
     <span class='ocr_line' id='line_1_59' title="bbox 2062 2703 3708 2778; baseline 0.004 -19"><span class='ocrx_word' id='word_1_433' title='bbox 2062 2703 2285 2759; x_wconf 74' lang='lat' dir='ltr'>caeteris</span> <span class='ocrx_word' id='word_1_434' title='bbox 2309 2705 2545 2775; x_wconf 89' lang='lat' dir='ltr'>quidem</span> <span class='ocrx_word' id='word_1_435' title='bbox 2576 2704 2634 2759; x_wconf 92' lang='lat' dir='ltr'>in</span> <span class='ocrx_word' id='word_1_436' title='bbox 2668 2705 2862 2772; x_wconf 90' lang='lat' dir='ltr'>rebus,</span> <span class='ocrx_word' id='word_1_437' title='bbox 2890 2710 2952 2759; x_wconf 91' lang='lat' dir='ltr'>ut</span> <span class='ocrx_word' id='word_1_438' title='bbox 2981 2706 3340 2763; x_wconf 89' lang='lat' dir='ltr'>matrimonii</span> <span class='ocrx_word' id='word_1_439' title='bbox 3370 2708 3525 2778; x_wconf 84' lang='lat' dir='ltr'>leges</span> <span class='ocrx_word' id='word_1_440' title='bbox 3559 2711 3708 2765; x_wconf 81' lang='lat' dir='ltr'>fere—</span> 
     </span>
    </p>
   </div>
   <div class='ocr_carea' id='block_1_60' title="bbox 2064 2794 3707 2867">
    <p class='ocr_par' dir='ltr' id='par_1_60' title="bbox 2064 2794 3707 2867">
     <span class='ocr_line' id='line_1_60' title="bbox 2064 2794 3707 2867; baseline 0.003 -19"><span class='ocrx_word' id='word_1_441' title='bbox 2064 2794 2224 2859; x_wconf 88' lang='lat' dir='ltr'>bant,</span> <span class='ocrx_word' id='word_1_442' title='bbox 2253 2794 2374 2847; x_wconf 89' lang='lat' dir='ltr'>viro</span> <span class='ocrx_word' id='word_1_443' title='bbox 2406 2810 2511 2849; x_wconf 86' lang='lat' dir='ltr'>suo</span> <span class='ocrx_word' id='word_1_444' title='bbox 2540 2812 2741 2865; x_wconf 87' lang='lat' dir='ltr'>parere</span> <span class='ocrx_word' id='word_1_445' title='bbox 2771 2794 3059 2866; x_wconf 87' lang='lat' dir='ltr'>optimum</span> <span class='ocrx_word' id='word_1_446' title='bbox 3092 2813 3219 2852; x_wconf 88' lang='lat' dir='ltr'>esse</span> <span class='ocrx_word' id='word_1_447' title='bbox 3240 2798 3539 2867; x_wconf 83' lang='lat' dir='ltr'>judicans,</span> <span class='ocrx_word' id='word_1_448' title='bbox 3572 2798 3707 2854; x_wconf 85' lang='lat' dir='ltr'>lidei</span> 
     </span>
    </p>
   </div>
   <div class='ocr_carea' id='block_1_61' title="bbox 2064 2882 3710 2956">
    <p class='ocr_par' dir='ltr' id='par_1_61' title="bbox 2064 2882 3710 2956">
     <span class='ocr_line' id='line_1_61' title="bbox 2064 2882 3710 2956; baseline 0.003 -19"><span class='ocrx_word' id='word_1_449' title='bbox 2064 2888 2261 2938; x_wconf 87' lang='lat' dir='ltr'>autem</span> <span class='ocrx_word' id='word_1_450' title='bbox 2310 2888 2367 2936; x_wconf 89' lang='lat' dir='ltr'>et</span> <span class='ocrx_word' id='word_1_451' title='bbox 2417 2882 2647 2953; x_wconf 87' lang='lat' dir='ltr'>pietatis</span> <span class='ocrx_word' id='word_1_452' title='bbox 2691 2883 3032 2954; x_wconf 81' lang='lat' dir='ltr'>magistram</span> <span class='ocrx_word' id='word_1_453' title='bbox 3065 2901 3297 2955; x_wconf 88' lang='lat' dir='ltr'>quoque</span> <span class='ocrx_word' id='word_1_454' title='bbox 3345 2903 3407 2940; x_wconf 83' lang='lat' dir='ltr'>se</span> <span class='ocrx_word' id='word_1_455' title='bbox 3455 2889 3710 2956; x_wconf 80' lang='lat' dir='ltr'>praebere</span> 
     </span>
    </p>
   </div>
   <div class='ocr_carea' id='block_1_62' title="bbox 2065 2971 3711 3044">
    <p class='ocr_par' dir='ltr' id='par_1_62' title="bbox 2065 2971 3711 3044">
     <span class='ocr_line' id='line_1_62' title="bbox 2065 2971 3711 3044; baseline 0.003 -19"><span class='ocrx_word' id='word_1_456' title='bbox 2065 2972 2523 3041; x_wconf 88' lang='lat' dir='ltr'>haudquaquam</span> <span class='ocrx_word' id='word_1_457' title='bbox 2556 2971 2803 3026; x_wconf 79' lang='lat' dir='ltr'>erubuit.</span> <span class='ocrx_word' id='word_1_458' title='bbox 2829 2974 3012 3035; x_wconf 87' lang='lat' dir='ltr'>Quam</span> <span class='ocrx_word' id='word_1_459' title='bbox 3040 2974 3273 3044; x_wconf 88' lang='lat' dir='ltr'>quidem</span> <span class='ocrx_word' id='word_1_460' title='bbox 3308 2992 3439 3029; x_wconf 90' lang='lat' dir='ltr'>cum</span> <span class='ocrx_word' id='word_1_461' title='bbox 3473 2976 3579 3029; x_wconf 91' lang='lat' dir='ltr'>hoc</span> <span class='ocrx_word' id='word_1_462' title='bbox 3611 2992 3711 3031; x_wconf 89' lang='lat' dir='ltr'>no-</span> 
     </span>
    </p>
   </div>
   <div class='ocr_carea' id='block_1_63' title="bbox 2066 3060 3709 3135">
    <p class='ocr_par' dir='ltr' id='par_1_63' title="bbox 2066 3060 3709 3135">
     <span class='ocr_line' id='line_1_63' title="bbox 2066 3060 3709 3135; baseline 0.004 -22"><span class='ocrx_word' id='word_1_463' title='bbox 2066 3060 2223 3113; x_wconf 88' lang='lat' dir='ltr'>mine</span> <span class='ocrx_word' id='word_1_464' title='bbox 2253 3060 2527 3112; x_wconf 85' lang='lat' dir='ltr'>admirari</span> <span class='ocrx_word' id='word_1_465' title='bbox 2564 3076 2667 3130; x_wconf 91' lang='lat' dir='ltr'>par</span> <span class='ocrx_word' id='word_1_466' title='bbox 2696 3061 2791 3123; x_wconf 87' lang='lat' dir='ltr'>sit,</span> <span class='ocrx_word' id='word_1_467' title='bbox 2827 3067 2949 3115; x_wconf 89' lang='lat' dir='ltr'>tum</span> <span class='ocrx_word' id='word_1_468' title='bbox 2982 3078 3115 3116; x_wconf 88' lang='lat' dir='ltr'>vero</span> <span class='ocrx_word' id='word_1_469' title='bbox 3146 3063 3421 3118; x_wconf 87' lang='lat' dir='ltr'>maritum</span> <span class='ocrx_word' id='word_1_470' title='bbox 3452 3064 3709 3135; x_wconf 85' lang='lat' dir='ltr'>amplius</span> 
     </span>
    </p>
   </div>
   <div class='ocr_carea' id='block_1_64' title="bbox 2066 3148 3709 3219">
    <p class='ocr_par' dir='ltr' id='par_1_64' title="bbox 2066 3148 3709 3219">
     <span class='ocr_line' id='line_1_64' title="bbox 2066 3148 3709 3219; baseline 0.003 -16"><span class='ocrx_word' id='word_1_471' title='bbox 2066 3148 2343 3203; x_wconf 84' lang='lat' dir='ltr'>admirari</span> <span class='ocrx_word' id='word_1_472' title='bbox 2385 3150 2670 3213; x_wconf 84' lang='lat' dir='ltr'>convenit,</span> <span class='ocrx_word' id='word_1_473' title='bbox 2704 3149 2803 3219; x_wconf 86' lang='lat' dir='ltr'>qui</span> <span class='ocrx_word' id='word_1_474' title='bbox 2853 3155 3060 3219; x_wconf 89' lang='lat' dir='ltr'>sponte</span> <span class='ocrx_word' id='word_1_475' title='bbox 3106 3152 3367 3207; x_wconf 87' lang='lat' dir='ltr'>cedebat.</span> <span class='ocrx_word' id='word_1_476' title='bbox 3400 3152 3505 3207; x_wconf 90' lang='lat' dir='ltr'>Illa</span> <span class='ocrx_word' id='word_1_477' title='bbox 3552 3153 3709 3208; x_wconf 89' lang='lat' dir='ltr'>enim</span> 
     </span>
    </p>
   </div>
   <div class='ocr_carea' id='block_1_65' title="bbox 314 3207 1972 3313">
    <p class='ocr_par' dir='ltr' id='par_1_65' title="bbox 314 3207 1949 3312">
     <span class='ocr_line' id='line_1_65' title="bbox 314 3207 1949 3312; baseline -0.004 -19"><span class='ocrx_word' id='word_1_478' title='bbox 314 3207 584 3306; x_wconf 50' lang='grc' dir='ltr'>εἰκόνα.ἢ</span> <span class='ocrx_word' id='word_1_479' title='bbox 630 3207 950 3312; x_wconf 47' lang='grc' dir='ltr'>συντηρεῖν,</span> <span class='ocrx_word' id='word_1_480' title='bbox 1000 3237 1035 3306; x_wconf 72' lang='grc' dir='ltr'><strong>ἢ</strong></span> <span class='ocrx_word' id='word_1_481' title='bbox 1107 3207 1477 3311; x_wconf 54' lang='grc' dir='ltr'>ἀνακαθαίρειν</span> <span class='ocrx_word' id='word_1_482' title='bbox 1539 3236 1615 3297; x_wconf 70' lang='grc' dir='ltr'>εἰς</span> <span class='ocrx_word' id='word_1_483' title='bbox 1673 3207 1899 3308; x_wconf 73' lang='grc' dir='ltr'>δύναμιν</span> <span class='ocrx_word' id='word_1_484' title='bbox 1936 3254 1949 3268; x_wconf 92' lang='grc'><strong>·</strong></span> 
     </span>
    </p>
   </div>
   <div class='ocr_carea' id='block_1_66' title="bbox 2070 3207 3711 3313">
    <p class='ocr_par' dir='ltr' id='par_1_66' title="bbox 2070 3236 3711 3313">
     <span class='ocr_line' id='line_1_66' title="bbox 2070 3236 3711 3313; baseline 0.002 -20"><span class='ocrx_word' id='word_1_485' title='bbox 2070 3242 2176 3297; x_wconf 83' lang='lat' dir='ltr'>est.</span> <span class='ocrx_word' id='word_1_486' title='bbox 2204 3254 2330 3309; x_wconf 73' lang='lat' dir='ltr'>quae</span> <span class='ocrx_word' id='word_1_487' title='bbox 2361 3252 2492 3291; x_wconf 91' lang='lat' dir='ltr'>cum</span> <span class='ocrx_word' id='word_1_488' title='bbox 2540 3237 2665 3291; x_wconf 66' lang='lat' dir='ltr'>alite</span> <span class='ocrx_word' id='word_1_489' title='bbox 2698 3236 2974 3292; x_wconf 88' lang='lat' dir='ltr'>mulieres</span> <span class='ocrx_word' id='word_1_490' title='bbox 3004 3240 3077 3293; x_wconf 93' lang='lat' dir='ltr'>ob</span> <span class='ocrx_word' id='word_1_491' title='bbox 3112 3240 3305 3295; x_wconf 69' lang='lat' dir='ltr'>formae</span> <span class='ocrx_word' id='word_1_492' title='bbox 3337 3239 3711 3313; x_wconf 84' lang='lat' dir='ltr'>elegantiam,</span> 
     </span>
    </p>
   </div>
   <div class='ocr_carea' id='block_1_67' title="bbox 313 3322 1959 3401">
    <p class='ocr_par' dir='ltr' id='par_1_67' title="bbox 313 3322 1959 3401">
     <span class='ocr_line' id='line_1_67' title="bbox 313 3322 1959 3401; baseline -0.001 -20"><span class='ocrx_word' id='word_1_493' title='bbox 313 3326 438 3389; x_wconf 76' lang='grc' dir='ltr'>τοὺς</span> <span class='ocrx_word' id='word_1_494' title='bbox 498 3324 555 3381; x_wconf 72' lang='grc' dir='ltr'>δὲ</span> <span class='ocrx_word' id='word_1_495' title='bbox 611 3325 885 3401; x_wconf 78' lang='grc' dir='ltr'>γραπτοὺς</span> <span class='ocrx_word' id='word_1_496' title='bbox 1067 3326 1155 3380; x_wconf 85' lang='grc' dir='ltr'>καὶ</span> <span class='ocrx_word' id='word_1_497' title='bbox 1198 3322 1494 3401; x_wconf 77' lang='grc' dir='ltr'>τεχνητοὺς</span> <span class='ocrx_word' id='word_1_498' title='bbox 1526 3324 1784 3397; x_wconf 77' lang='grc' dir='ltr'>κόσμους,</span> <span class='ocrx_word' id='word_1_499' title='bbox 1841 3330 1959 3386; x_wconf 87' lang='grc' dir='ltr'>ταῖς</span> 
     </span>
    </p>
   </div>
   <div class='ocr_carea' id='block_1_68' title="bbox 315 3411 1959 3490">
    <p class='ocr_par' dir='ltr' id='par_1_68' title="bbox 315 3411 1959 3490">
     <span class='ocr_line' id='line_1_68' title="bbox 315 3411 1959 3490; baseline -0.002 -20"><span class='ocrx_word' id='word_1_500' title='bbox 315 3414 403 3471; x_wconf 71' lang='grc' dir='ltr'>ἐπὶ</span> <span class='ocrx_word' id='word_1_501' title='bbox 456 3422 558 3485; x_wconf 83' lang='grc' dir='ltr'>τῆς</span> <span class='ocrx_word' id='word_1_502' title='bbox 619 3417 816 3485; x_wconf 74' lang='grc' dir='ltr'>σκήνῆς</span> <span class='ocrx_word' id='word_1_503' title='bbox 863 3413 1225 3490; x_wconf 63' lang='grc' dir='ltr'>ἀπορρίψασα.</span> <span class='ocrx_word' id='word_1_504' title='bbox 1278 3413 1412 3469; x_wconf 83' lang='grc' dir='ltr'>Μίαν</span> <span class='ocrx_word' id='word_1_505' title='bbox 1461 3411 1517 3467; x_wconf 77' lang='grc' dir='ltr'>δὲ</span> <span class='ocrx_word' id='word_1_506' title='bbox 1549 3411 1816 3484; x_wconf 74' lang='grc' dir='ltr'>ἀληθινὴν</span> <span class='ocrx_word' id='word_1_507' title='bbox 1873 3414 1959 3468; x_wconf 83' lang='grc' dir='ltr'>εὐ-</span> 
     </span>
    </p>
   </div>
   <div class='ocr_carea' id='block_1_69' title="bbox 321 3497 1961 3580">
    <p class='ocr_par' dir='ltr' id='par_1_69' title="bbox 321 3497 1961 3580">
     <span class='ocr_line' id='line_1_69' title="bbox 321 3497 1961 3580; baseline -0.001 -22"><span class='ocrx_word' id='word_1_508' title='bbox 321 3504 524 3580; x_wconf 79' lang='grc' dir='ltr'>γένειαν</span> <span class='ocrx_word' id='word_1_509' title='bbox 584 3504 945 3579; x_wconf 87' lang='grc' dir='ltr'>γινώσκουσα,</span> <span class='ocrx_word' id='word_1_510' title='bbox 1006 3504 1105 3571; x_wconf 82' lang='grc' dir='ltr'>τὴν</span> <span class='ocrx_word' id='word_1_511' title='bbox 1164 3497 1457 3574; x_wconf 77' lang='grc' dir='ltr'>εὐσέϐειαν,</span> <span class='ocrx_word' id='word_1_512' title='bbox 1506 3503 1594 3556; x_wconf 87' lang='grc' dir='ltr'>καὶ</span> <span class='ocrx_word' id='word_1_513' title='bbox 1651 3504 1712 3557; x_wconf 87' lang='grc' dir='ltr'>τὸ</span> <span class='ocrx_word' id='word_1_514' title='bbox 1768 3500 1961 3557; x_wconf 78' lang='grc' dir='ltr'>εἷδέναι</span> 
     </span>
    </p>
   </div>
   <div class='ocr_carea' id='block_1_70' title="bbox 322 3591 1965 3667">
    <p class='ocr_par' dir='ltr' id='par_1_70' title="bbox 322 3591 1965 3667">
     <span class='ocr_line' id='line_1_70' title="bbox 322 3591 1965 3667; baseline -0.002 -19"><span class='ocrx_word' id='word_1_515' title='bbox 322 3593 483 3658; x_wconf 78' lang='grc' dir='ltr'>πόθεν</span> <span class='ocrx_word' id='word_1_516' title='bbox 539 3613 597 3647; x_wconf 88' lang='grc' dir='ltr'>τε</span> <span class='ocrx_word' id='word_1_517' title='bbox 650 3591 973 3667; x_wconf 85' lang='grc' dir='ltr'>γεγόναμεν,</span> <span class='ocrx_word' id='word_1_518' title='bbox 1034 3591 1123 3646; x_wconf 86' lang='grc' dir='ltr'>καὶ</span> <span class='ocrx_word' id='word_1_519' title='bbox 1179 3597 1281 3645; x_wconf 88' lang='grc' dir='ltr'>ποῖ</span> <span class='ocrx_word' id='word_1_520' title='bbox 1346 3594 1767 3664; x_wconf 76' lang='grc' dir='ltr'>καταντήσομεν.</span> <span class='ocrx_word' id='word_1_521' title='bbox 1838 3593 1965 3645; x_wconf 83' lang='grc' dir='ltr'>Ένα</span> 
     </span>
    </p>
   </div>
   <div class='ocr_carea' id='block_1_71' title="bbox 325 3678 1962 3759">
    <p class='ocr_par' dir='ltr' id='par_1_71' title="bbox 325 3678 1962 3759">
     <span class='ocr_line' id='line_1_71' title="bbox 325 3678 1962 3759; baseline -0.002 -22"><span class='ocrx_word' id='word_1_522' title='bbox 325 3680 383 3737; x_wconf 76' lang='grc' dir='ltr'>δὲ</span> <span class='ocrx_word' id='word_1_523' title='bbox 430 3682 668 3738; x_wconf 82' lang='grc' dir='ltr'>πλοῦτον</span> <span class='ocrx_word' id='word_1_524' title='bbox 714 3678 930 3759; x_wconf 79' lang='grc' dir='ltr'>ἀσφαλῆ</span> <span class='ocrx_word' id='word_1_525' title='bbox 982 3701 1040 3735; x_wconf 90' lang='grc' dir='ltr'>τε</span> <span class='ocrx_word' id='word_1_526' title='bbox 1094 3702 1184 3735; x_wconf 89' lang='grc' dir='ltr'>και</span> <span class='ocrx_word' id='word_1_527' title='bbox 1234 3679 1455 3751; x_wconf 83' lang='grc' dir='ltr'>ἄσυλον,</span> <span class='ocrx_word' id='word_1_528' title='bbox 1502 3681 1565 3734; x_wconf 85' lang='grc' dir='ltr'>τὸ</span> <span class='ocrx_word' id='word_1_529' title='bbox 1595 3679 1962 3735; x_wconf 81' lang='grc' dir='ltr'>ἀποπλουτεῖν</span> 
     </span>
    </p>
   </div>
   <div class='ocr_carea' id='block_1_72' title="bbox 324 3766 1964 3843">
    <p class='ocr_par' dir='ltr' id='par_1_72' title="bbox 324 3766 1964 3843">
     <span class='ocr_line' id='line_1_72' title="bbox 324 3766 1964 3843; baseline -0.002 -17"><span class='ocrx_word' id='word_1_530' title='bbox 324 3775 460 3843; x_wconf 83' lang='grc' dir='ltr'>Θεῷ,</span> <span class='ocrx_word' id='word_1_531' title='bbox 518 3770 607 3824; x_wconf 88' lang='grc' dir='ltr'>καὶ</span> <span class='ocrx_word' id='word_1_532' title='bbox 662 3774 780 3831; x_wconf 89' lang='grc' dir='ltr'>τοῖς</span> <span class='ocrx_word' id='word_1_533' title='bbox 826 3768 1037 3839; x_wconf 81' lang='grc' dir='ltr'>πένησι,</span> <span class='ocrx_word' id='word_1_534' title='bbox 1096 3768 1187 3823; x_wconf 82' lang='grc' dir='ltr'>καὶ</span> <span class='ocrx_word' id='word_1_535' title='bbox 1276 3768 1509 3841; x_wconf 87' lang='grc' dir='ltr'>μάλιστα</span> <span class='ocrx_word' id='word_1_536' title='bbox 1582 3773 1689 3823; x_wconf 82' lang='grc' dir='ltr'>τῶν</span> <span class='ocrx_word' id='word_1_537' title='bbox 1766 3768 1825 3822; x_wconf 73' lang='grc' dir='ltr'>ἐκ</span> <span class='ocrx_word' id='word_1_538' title='bbox 1877 3766 1964 3843; x_wconf 74' lang='grc' dir='ltr'>γέ-</span> 
     </span>
    </p>
   </div>
   <div class='ocr_carea' id='block_1_73' title="bbox 323 3857 1965 3930">
    <p class='ocr_par' dir='ltr' id='par_1_73' title="bbox 323 3857 1965 3930">
     <span class='ocr_line' id='line_1_73' title="bbox 323 3857 1965 3930; baseline -0.002 -16"><span class='ocrx_word' id='word_1_539' title='bbox 323 3880 447 3921; x_wconf 90' lang='grc' dir='ltr'>νους</span> <span class='ocrx_word' id='word_1_540' title='bbox 504 3860 582 3928; x_wconf 85' lang='grc'>(9)</span> <span class='ocrx_word' id='word_1_541' title='bbox 636 3862 756 3920; x_wconf 88' lang='grc' dir='ltr'>τοῖς</span> <span class='ocrx_word' id='word_1_542' title='bbox 810 3857 1216 3928; x_wconf 81' lang='grc' dir='ltr'>ἀπανθήσασιν·</span> <span class='ocrx_word' id='word_1_543' title='bbox 1287 3859 1368 3919; x_wconf 80' lang='grc' dir='ltr'>οἷς</span> <span class='ocrx_word' id='word_1_544' title='bbox 1417 3857 1479 3911; x_wconf 89' lang='grc' dir='ltr'>τὸ</span> <span class='ocrx_word' id='word_1_545' title='bbox 1540 3858 1633 3930; x_wconf 81' lang='grc' dir='ltr'>μὶν</span> <span class='ocrx_word' id='word_1_546' title='bbox 1689 3858 1820 3930; x_wconf 83' lang='grc' dir='ltr'>ἄχρι</span> <span class='ocrx_word' id='word_1_547' title='bbox 1865 3864 1965 3926; x_wconf 84' lang='grc' dir='ltr'>τῆς</span> 
     </span>
    </p>
   </div>
   <div class='ocr_carea' id='block_1_74' title="bbox 324 3944 1967 4024">
    <p class='ocr_par' dir='ltr' id='par_1_74' title="bbox 324 3944 1967 4024">
     <span class='ocr_line' id='line_1_74' title="bbox 324 3944 1967 4024; baseline -0.001 -22"><span class='ocrx_word' id='word_1_548' title='bbox 324 3948 512 4024; x_wconf 78' lang='grc' dir='ltr'>χρείας</span> <span class='ocrx_word' id='word_1_549' title='bbox 563 3947 836 4022; x_wconf 77' lang='grc' dir='ltr'>ἐπαρκεῖν,</span> <span class='ocrx_word' id='word_1_550' title='bbox 888 3947 949 4002; x_wconf 80' lang='grc' dir='ltr'>οὐ</span> <span class='ocrx_word' id='word_1_551' title='bbox 991 3944 1146 4001; x_wconf 81' lang='grc' dir='ltr'>λύσιν</span> <span class='ocrx_word' id='word_1_552' title='bbox 1190 3953 1292 4015; x_wconf 79' lang='grc' dir='ltr'>τῆς</span> <span class='ocrx_word' id='word_1_553' title='bbox 1341 3952 1643 4024; x_wconf 70' lang='grc' dir='ltr'>συμφορᾶς,</span> <span class='ocrx_word' id='word_1_554' title='bbox 1676 3945 1801 4001; x_wconf 83' lang='grc' dir='ltr'>ἀλλ’</span> <span class='ocrx_word' id='word_1_555' title='bbox 1834 3945 1967 4000; x_wconf 82' lang='grc' dir='ltr'>ὑπό-</span> 
     </span>
    </p>
   </div>
   <div class='ocr_carea' id='block_1_75' title="bbox 329 4032 1968 4112">
    <p class='ocr_par' dir='ltr' id='par_1_75' title="bbox 329 4032 1968 4112">
     <span class='ocr_line' id='line_1_75' title="bbox 329 4032 1968 4112; baseline -0.001 -21"><span class='ocrx_word' id='word_1_556' title='bbox 329 4058 520 4111; x_wconf 86' lang='grc' dir='ltr'>μνησιν</span> <span class='ocrx_word' id='word_1_557' title='bbox 603 4034 748 4112; x_wconf 77' lang='grc' dir='ltr'>ἔχειν</span> <span class='ocrx_word' id='word_1_558' title='bbox 808 4034 1090 4110; x_wconf 73' lang='grc' dir='ltr'>ἐνόμιζενο</span> <span class='ocrx_word' id='word_1_559' title='bbox 1147 4037 1210 4090; x_wconf 86' lang='grc' dir='ltr'>τὸ</span> <span class='ocrx_word' id='word_1_560' title='bbox 1280 4032 1338 4090; x_wconf 75' lang='grc' dir='ltr'>δὲ</span> <span class='ocrx_word' id='word_1_561' title='bbox 1413 4033 1857 4110; x_wconf 73' lang='grc' dir='ltr'>ἐλευθεριώτερον</span> <span class='ocrx_word' id='word_1_562' title='bbox 1911 4032 1968 4089; x_wconf 72' lang='grc' dir='ltr'>εὖ</span> 
     </span>
    </p>
   </div>
   <div class='ocr_carea' id='block_1_76' title="bbox 322 4118 1969 4199">
    <p class='ocr_par' dir='ltr' id='par_1_76' title="bbox 322 4118 1969 4199">
     <span class='ocr_line' id='line_1_76' title="bbox 322 4118 1969 4199; baseline -0.002 -19"><span class='ocrx_word' id='word_1_563' title='bbox 322 4131 520 4194; x_wconf 84' lang='grc' dir='ltr'>ποιεῖν,</span> <span class='ocrx_word' id='word_1_564' title='bbox 568 4129 734 4179; x_wconf 73' lang='grc' dir='ltr'>τοῦτο</span> <span class='ocrx_word' id='word_1_565' title='bbox 783 4125 917 4178; x_wconf 79' lang='grc' dir='ltr'>εἶναι</span> <span class='ocrx_word' id='word_1_566' title='bbox 973 4131 1143 4197; x_wconf 86' lang='grc' dir='ltr'>τιμῆς</span> <span class='ocrx_word' id='word_1_567' title='bbox 1197 4118 1419 4199; x_wconf 75' lang='grc' dir='ltr'>βεϐαίας</span> <span class='ocrx_word' id='word_1_568' title='bbox 1481 4123 1570 4178; x_wconf 85' lang='grc' dir='ltr'>καὶ</span> <span class='ocrx_word' id='word_1_569' title='bbox 1627 4123 1969 4197; x_wconf 86' lang='grc' dir='ltr'>παραμυθίας</span> 
     </span>
    </p>
   </div>
   <div class='ocr_carea' id='block_1_77' title="bbox 322 4210 1968 4289">
    <p class='ocr_par' dir='ltr' id='par_1_77' title="bbox 322 4210 1968 4289">
     <span class='ocr_line' id='line_1_77' title="bbox 322 4210 1968 4289; baseline -0.002 -21"><span class='ocrx_word' id='word_1_570' title='bbox 322 4211 687 4282; x_wconf 84' lang='grc' dir='ltr'>τελεωτάτης.</span> <span class='ocrx_word' id='word_1_571' title='bbox 739 4212 843 4267; x_wconf 85' lang='grc' dir='ltr'>Καὶ</span> <span class='ocrx_word' id='word_1_572' title='bbox 886 4217 993 4266; x_wconf 79' lang='grc' dir='ltr'>τῶν</span> <span class='ocrx_word' id='word_1_573' title='bbox 1050 4212 1143 4283; x_wconf 73' lang='grc' dir='ltr'>μὲν</span> <span class='ocrx_word' id='word_1_574' title='bbox 1193 4215 1262 4284; x_wconf 75' lang='grc' dir='ltr'>τῇ</span> <span class='ocrx_word' id='word_1_575' title='bbox 1314 4210 1641 4289; x_wconf 76' lang='grc' dir='ltr'>οἰκωφελείᾳ</span> <span class='ocrx_word' id='word_1_576' title='bbox 1696 4232 1968 4287; x_wconf 85' lang='grc' dir='ltr'>προεχου-</span> 
     </span>
    </p>
   </div>
   <div class='ocr_carea' id='block_1_78' title="bbox 326 4298 1970 4377">
    <p class='ocr_par' dir='ltr' id='par_1_78' title="bbox 326 4298 1970 4377">
     <span class='ocr_line' id='line_1_78' title="bbox 326 4298 1970 4377; baseline -0.001 -20"><span class='ocrx_word' id='word_1_577' title='bbox 326 4306 457 4375; x_wconf 80' lang='grc' dir='ltr'>σῶν,</span> <span class='ocrx_word' id='word_1_578' title='bbox 503 4307 611 4357; x_wconf 83' lang='grc' dir='ltr'>τῶν</span> <span class='ocrx_word' id='word_1_579' title='bbox 671 4299 728 4356; x_wconf 73' lang='grc' dir='ltr'>δὲ</span> <span class='ocrx_word' id='word_1_580' title='bbox 775 4306 843 4374; x_wconf 75' lang='grc' dir='ltr'>τῇ</span> <span class='ocrx_word' id='word_1_581' title='bbox 895 4298 1136 4372; x_wconf 79' lang='grc' dir='ltr'>εὐσεϐείᾳ</span> <span class='ocrx_word' id='word_1_582' title='bbox 1167 4300 1275 4374; x_wconf 85' lang='grc' dir='ltr'>(καὶ</span> <span class='ocrx_word' id='word_1_583' title='bbox 1331 4301 1432 4375; x_wconf 73' lang='grc' dir='ltr'>γάρ</span> <span class='ocrx_word' id='word_1_584' title='bbox 1490 4299 1732 4375; x_wconf 82' lang='grc' dir='ltr'>χαλεπὸν</span> <span class='ocrx_word' id='word_1_585' title='bbox 1794 4302 1970 4377; x_wconf 78' lang='grc' dir='ltr'>ἀμφο-</span> 
     </span>
    </p>
   </div>
   <div class='ocr_carea' id='block_1_79' title="bbox 327 4388 1973 4467">
    <p class='ocr_par' dir='ltr' id='par_1_79' title="bbox 327 4388 1973 4467">
     <span class='ocr_line' id='line_1_79' title="bbox 327 4388 1973 4467; baseline -0.001 -22"><span class='ocrx_word' id='word_1_586' title='bbox 327 4392 495 4465; x_wconf 65' lang='grc' dir='ltr'>τέραιν</span> <span class='ocrx_word' id='word_1_587' title='bbox 547 4390 869 4465; x_wconf 77' lang='grc' dir='ltr'>ἐπιτυχεῖν),</span> <span class='ocrx_word' id='word_1_588' title='bbox 928 4388 1258 4467; x_wconf 74' lang='grc' dir='ltr'>ἀμφοτέροις</span> <span class='ocrx_word' id='word_1_589' title='bbox 1315 4389 1522 4451; x_wconf 84' lang='grc' dir='ltr'>ἁπάσας</span> <span class='ocrx_word' id='word_1_590' title='bbox 1570 4391 1854 4459; x_wconf 78' lang='grc' dir='ltr'>νικήσασα,</span> <span class='ocrx_word' id='word_1_591' title='bbox 1884 4391 1973 4444; x_wconf 76' lang='grc' dir='ltr'>καὶ</span> 
     </span>
    </p>
   </div>
   <div class='ocr_carea' id='block_1_80' title="bbox 328 4475 1971 4555">
    <p class='ocr_par' dir='ltr' id='par_1_80' title="bbox 328 4475 1971 4555">
     <span class='ocr_line' id='line_1_80' title="bbox 328 4475 1971 4555; baseline 0 -24"><span class='ocrx_word' id='word_1_592' title='bbox 328 4483 406 4549; x_wconf 82' lang='grc' dir='ltr'>τῷ</span> <span class='ocrx_word' id='word_1_593' title='bbox 452 4477 575 4548; x_wconf 85' lang='grc' dir='ltr'>περὶ</span> <span class='ocrx_word' id='word_1_594' title='bbox 624 4477 871 4553; x_wconf 71' lang='grc' dir='ltr'>ἑκάτερον</span> <span class='ocrx_word' id='word_1_595' title='bbox 924 4476 1095 4555; x_wconf 77' lang='grc' dir='ltr'>ἄκρῳ,</span> <span class='ocrx_word' id='word_1_596' title='bbox 1145 4478 1235 4531; x_wconf 85' lang='grc' dir='ltr'>καὶ</span> <span class='ocrx_word' id='word_1_597' title='bbox 1281 4482 1360 4549; x_wconf 84' lang='grc' dir='ltr'>τῷ</span> <span class='ocrx_word' id='word_1_598' title='bbox 1411 4476 1550 4550; x_wconf 79' lang='grc' dir='ltr'>μόνη</span> <span class='ocrx_word' id='word_1_599' title='bbox 1600 4478 1665 4531; x_wconf 82' lang='grc' dir='ltr'>τὰ</span> <span class='ocrx_word' id='word_1_600' title='bbox 1697 4475 1791 4532; x_wconf 78' lang='grc' dir='ltr'>δύο</span> <span class='ocrx_word' id='word_1_601' title='bbox 1851 4499 1971 4531; x_wconf 91' lang='grc' dir='ltr'>συν-</span> 
     </span>
    </p>
   </div>
   <div class='ocr_carea' id='block_1_81' title="bbox 2069 3325 3718 3403">
    <p class='ocr_par' dir='ltr' id='par_1_81' title="bbox 2069 3325 3718 3403">
     <span class='ocr_line' id='line_1_81' title="bbox 2069 3325 3718 3403; baseline 0.003 -22"><span class='ocrx_word' id='word_1_602' title='bbox 2069 3332 2189 3381; x_wconf 83' lang='lat' dir='ltr'>tam</span> <span class='ocrx_word' id='word_1_603' title='bbox 2226 3325 2501 3391; x_wconf 83' lang='lat' dir='ltr'>nativam,</span> <span class='ocrx_word' id='word_1_604' title='bbox 2536 3342 2713 3396; x_wconf 89' lang='lat' dir='ltr'>quam</span> <span class='ocrx_word' id='word_1_605' title='bbox 2765 3326 2959 3381; x_wconf 85' lang='lat' dir='ltr'>ﬁctam</span> <span class='ocrx_word' id='word_1_606' title='bbox 3008 3332 3065 3383; x_wconf 90' lang='lat' dir='ltr'>et</span> <span class='ocrx_word' id='word_1_607' title='bbox 3113 3329 3445 3399; x_wconf 85' lang='lat' dir='ltr'>ascititiam,</span> <span class='ocrx_word' id='word_1_608' title='bbox 3478 3330 3718 3403; x_wconf 85' lang='lat' dir='ltr'>gloriari</span> 
     </span>
    </p>
   </div>
   <div class='ocr_carea' id='block_1_82' title="bbox 2072 3414 3715 3490">
    <p class='ocr_par' dir='ltr' id='par_1_82' title="bbox 2072 3414 3715 3490">
     <span class='ocr_line' id='line_1_82' title="bbox 2072 3414 3715 3490; baseline 0.003 -20"><span class='ocrx_word' id='word_1_609' title='bbox 2072 3420 2245 3485; x_wconf 88' lang='lat' dir='ltr'>atque</span> <span class='ocrx_word' id='word_1_610' title='bbox 2267 3415 2483 3469; x_wconf 85' lang='lat' dir='ltr'>animis</span> <span class='ocrx_word' id='word_1_611' title='bbox 2505 3414 2693 3469; x_wconf 62' lang='lat' dir='ltr'>ell‘rrri</span> <span class='ocrx_word' id='word_1_612' title='bbox 2716 3420 2964 3482; x_wconf 85' lang='lat' dir='ltr'>soleant,</span> <span class='ocrx_word' id='word_1_613' title='bbox 2984 3416 3111 3487; x_wconf 89' lang='lat' dir='ltr'>ipsa</span> <span class='ocrx_word' id='word_1_614' title='bbox 3128 3422 3331 3474; x_wconf 90' lang='lat' dir='ltr'>contra</span> <span class='ocrx_word' id='word_1_615' title='bbox 3346 3418 3497 3474; x_wconf 89' lang='lat' dir='ltr'>hanc</span> <span class='ocrx_word' id='word_1_616' title='bbox 3514 3437 3715 3490; x_wconf 89' lang='lat' dir='ltr'>unam,</span> 
     </span>
    </p>
   </div>
   <div class='ocr_carea' id='block_1_83' title="bbox 2073 3505 3723 3580">
    <p class='ocr_par' dir='ltr' id='par_1_83' title="bbox 2073 3505 3723 3580">
     <span class='ocr_line' id='line_1_83' title="bbox 2073 3505 3723 3580; baseline 0.005 -22"><span class='ocrx_word' id='word_1_617' title='bbox 2073 3522 2200 3575; x_wconf 70' lang='lat' dir='ltr'>quas</span> <span class='ocrx_word' id='word_1_618' title='bbox 2234 3505 2291 3559; x_wconf 91' lang='lat' dir='ltr'>in</span> <span class='ocrx_word' id='word_1_619' title='bbox 2324 3505 2521 3559; x_wconf 85' lang='lat' dir='ltr'>anima</span> <span class='ocrx_word' id='word_1_620' title='bbox 2552 3505 2860 3577; x_wconf 76' lang='lat' dir='ltr'>divinaque</span> <span class='ocrx_word' id='word_1_621' title='bbox 2886 3506 3164 3579; x_wconf 86' lang='lat' dir='ltr'>imagine,</span> <span class='ocrx_word' id='word_1_622' title='bbox 3197 3509 3315 3564; x_wconf 87' lang='lat' dir='ltr'>sive</span> <span class='ocrx_word' id='word_1_623' title='bbox 3341 3512 3577 3580; x_wconf 90' lang='lat' dir='ltr'>tuenda,</span> <span class='ocrx_word' id='word_1_624' title='bbox 3603 3513 3723 3567; x_wconf 77' lang='lat' dir='ltr'>sive</span> 
     </span>
    </p>
   </div>
   <div class='ocr_carea' id='block_1_84' title="bbox 2075 3593 3719 3669">
    <p class='ocr_par' dir='ltr' id='par_1_84' title="bbox 2075 3593 3719 3669">
     <span class='ocr_line' id='line_1_84' title="bbox 2075 3593 3719 3669; baseline 0.004 -24"><span class='ocrx_word' id='word_1_625' title='bbox 2075 3610 2178 3663; x_wconf 90' lang='lat' dir='ltr'>pro</span> <span class='ocrx_word' id='word_1_626' title='bbox 2212 3593 2428 3647; x_wconf 80' lang='lat' dir='ltr'>viribus</span> <span class='ocrx_word' id='word_1_627' title='bbox 2460 3597 2848 3665; x_wconf 86' lang='lat' dir='ltr'>repurganda.</span> <span class='ocrx_word' id='word_1_628' title='bbox 2873 3596 3059 3666; x_wconf 89' lang='lat' dir='ltr'>posita</span> <span class='ocrx_word' id='word_1_629' title='bbox 3088 3604 3195 3659; x_wconf 85' lang='lat' dir='ltr'>est,</span> <span class='ocrx_word' id='word_1_630' title='bbox 3226 3599 3719 3669; x_wconf 86' lang='lat' dir='ltr'>pulchritudinem</span> 
     </span>
    </p>
   </div>
   <div class='ocr_carea' id='block_1_85' title="bbox 2076 3682 3722 3755">
    <p class='ocr_par' dir='ltr' id='par_1_85' title="bbox 2076 3682 3722 3755">
     <span class='ocr_line' id='line_1_85' title="bbox 2076 3682 3722 3755; baseline 0.004 -20"><span class='ocrx_word' id='word_1_631' title='bbox 2076 3682 2457 3752; x_wconf 84' lang='lat' dir='ltr'>agnoscebat;</span> <span class='ocrx_word' id='word_1_632' title='bbox 2491 3682 2676 3752; x_wconf 86' lang='lat' dir='ltr'>pictos</span> <span class='ocrx_word' id='word_1_633' title='bbox 2710 3688 2901 3738; x_wconf 88' lang='lat' dir='ltr'>autem</span> <span class='ocrx_word' id='word_1_634' title='bbox 2936 3690 2992 3738; x_wconf 89' lang='lat' dir='ltr'>et</span> <span class='ocrx_word' id='word_1_635' title='bbox 3022 3691 3143 3740; x_wconf 85' lang='lat' dir='ltr'>arte</span> <span class='ocrx_word' id='word_1_636' title='bbox 3176 3686 3447 3755; x_wconf 69' lang='lat' dir='ltr'>quaasitos</span> <span class='ocrx_word' id='word_1_637' title='bbox 3480 3691 3722 3742; x_wconf 79' lang='lat' dir='ltr'>ornatus</span> 
     </span>
    </p>
   </div>
   <div class='ocr_carea' id='block_1_86' title="bbox 2075 3770 3724 3841">
    <p class='ocr_par' dir='ltr' id='par_1_86' title="bbox 2075 3770 3724 3841">
     <span class='ocr_line' id='line_1_86' title="bbox 2075 3770 3724 3841; baseline 0.004 -17"><span class='ocrx_word' id='word_1_638' title='bbox 2075 3770 2146 3824; x_wconf 89' lang='lat' dir='ltr'>ad</span> <span class='ocrx_word' id='word_1_639' title='bbox 2180 3771 2439 3824; x_wconf 85' lang='lat' dir='ltr'>scenicae</span> <span class='ocrx_word' id='word_1_640' title='bbox 2471 3770 2852 3825; x_wconf 84' lang='lat' dir='ltr'>mulierculas</span> <span class='ocrx_word' id='word_1_641' title='bbox 2884 3772 3210 3841; x_wconf 87' lang='lat' dir='ltr'>abjiciebat.</span> <span class='ocrx_word' id='word_1_642' title='bbox 3236 3772 3421 3827; x_wconf 89' lang='lat' dir='ltr'>Unam</span> <span class='ocrx_word' id='word_1_643' title='bbox 3456 3774 3591 3827; x_wconf 88' lang='lat' dir='ltr'>item</span> <span class='ocrx_word' id='word_1_644' title='bbox 3630 3791 3724 3830; x_wconf 85' lang='lat' dir='ltr'>n0-</span> 
     </span>
    </p>
   </div>
   <div class='ocr_carea' id='block_1_87' title="bbox 2078 3856 3720 3932">
    <p class='ocr_par' dir='ltr' id='par_1_87' title="bbox 2078 3856 3720 3932">
     <span class='ocr_line' id='line_1_87' title="bbox 2078 3856 3720 3932; baseline 0.002 -20"><span class='ocrx_word' id='word_1_645' title='bbox 2078 3856 2364 3912; x_wconf 84' lang='lat' dir='ltr'>bilitatem</span> <span class='ocrx_word' id='word_1_646' title='bbox 2398 3858 2455 3911; x_wconf 89' lang='lat' dir='ltr'>in</span> <span class='ocrx_word' id='word_1_647' title='bbox 2492 3858 2705 3928; x_wconf 81' lang='lat' dir='ltr'>pietate</span> <span class='ocrx_word' id='word_1_648' title='bbox 2737 3858 2908 3912; x_wconf 86' lang='lat' dir='ltr'>sitam</span> <span class='ocrx_word' id='word_1_649' title='bbox 2958 3875 3086 3914; x_wconf 86' lang='lat' dir='ltr'>esse</span> <span class='ocrx_word' id='word_1_650' title='bbox 3137 3861 3433 3930; x_wconf 89' lang='lat' dir='ltr'>censebat,</span> <span class='ocrx_word' id='word_1_651' title='bbox 3462 3862 3720 3932; x_wconf 87' lang='lat' dir='ltr'>atquein</span> 
     </span>
    </p>
   </div>
   <div class='ocr_carea' id='block_1_88' title="bbox 2077 3946 3724 4021">
    <p class='ocr_par' dir='ltr' id='par_1_88' title="bbox 2077 3946 3724 4021">
     <span class='ocr_line' id='line_1_88' title="bbox 2077 3946 3724 4021; baseline 0.001 -18"><span class='ocrx_word' id='word_1_652' title='bbox 2077 3963 2165 4016; x_wconf 86' lang='lat' dir='ltr'>eo,</span> <span class='ocrx_word' id='word_1_653' title='bbox 2190 3950 2255 4001; x_wconf 90' lang='lat' dir='ltr'>ut</span> <span class='ocrx_word' id='word_1_654' title='bbox 2283 3946 2436 4001; x_wconf 87' lang='lat' dir='ltr'>unde</span> <span class='ocrx_word' id='word_1_655' title='bbox 2466 3949 2657 4000; x_wconf 91' lang='lat' dir='ltr'>ortum</span> <span class='ocrx_word' id='word_1_656' title='bbox 2711 3946 3047 4013; x_wconf 85' lang='lat' dir='ltr'>habuimus,</span> <span class='ocrx_word' id='word_1_657' title='bbox 3072 3953 3129 4003; x_wconf 90' lang='lat' dir='ltr'>et</span> <span class='ocrx_word' id='word_1_658' title='bbox 3160 3965 3274 4020; x_wconf 90' lang='lat' dir='ltr'>quo</span> <span class='ocrx_word' id='word_1_659' title='bbox 3322 3950 3559 4005; x_wconf 88' lang='lat' dir='ltr'>tandem</span> <span class='ocrx_word' id='word_1_660' title='bbox 3597 3967 3724 4021; x_wconf 86' lang='lat' dir='ltr'>per-</span> 
     </span>
    </p>
   </div>
   <div class='ocr_carea' id='block_1_89' title="bbox 2077 4033 3727 4108">
    <p class='ocr_par' dir='ltr' id='par_1_89' title="bbox 2077 4033 3727 4108">
     <span class='ocr_line' id='line_1_89' title="bbox 2077 4033 3727 4108; baseline 0.003 -19"><span class='ocrx_word' id='word_1_661' title='bbox 2077 4036 2302 4091; x_wconf 89' lang='lat' dir='ltr'>venturi</span> <span class='ocrx_word' id='word_1_662' title='bbox 2327 4034 2534 4102; x_wconf 86' lang='lat' dir='ltr'>simus,</span> <span class='ocrx_word' id='word_1_663' title='bbox 2557 4033 2978 4105; x_wconf 84' lang='lat' dir='ltr'>intelligamus.</span> <span class='ocrx_word' id='word_1_664' title='bbox 2995 4035 3160 4091; x_wconf 83' lang='lat' dir='ltr'>Solae</span> <span class='ocrx_word' id='word_1_665' title='bbox 3186 4037 3425 4108; x_wconf 84' lang='lat' dir='ltr'>insuper</span> <span class='ocrx_word' id='word_1_666' title='bbox 3444 4038 3550 4092; x_wconf 89' lang='lat' dir='ltr'>bas</span> <span class='ocrx_word' id='word_1_667' title='bbox 3566 4043 3727 4094; x_wconf 83' lang='lat' dir='ltr'>tutas</span> 
     </span>
    </p>
   </div>
   <div class='ocr_carea' id='block_1_90' title="bbox 2080 4123 3725 4197">
    <p class='ocr_par' dir='ltr' id='par_1_90' title="bbox 2080 4123 3725 4197">
     <span class='ocr_line' id='line_1_90' title="bbox 2080 4123 3725 4197; baseline 0.002 -18"><span class='ocrx_word' id='word_1_668' title='bbox 2080 4129 2253 4196; x_wconf 88' lang='lat' dir='ltr'>atque</span> <span class='ocrx_word' id='word_1_669' title='bbox 2283 4124 2354 4178; x_wconf 88' lang='lat' dir='ltr'>ab</span> <span class='ocrx_word' id='word_1_670' title='bbox 2378 4123 2533 4178; x_wconf 90' lang='lat' dir='ltr'>omni</span> <span class='ocrx_word' id='word_1_671' title='bbox 2569 4124 2947 4194; x_wconf 87' lang='lat' dir='ltr'>subreptione</span> <span class='ocrx_word' id='word_1_672' title='bbox 2977 4124 3272 4181; x_wconf 89' lang='lat' dir='ltr'>immunes</span> <span class='ocrx_word' id='word_1_673' title='bbox 3295 4142 3434 4197; x_wconf 83' lang='lat' dir='ltr'>opes</span> <span class='ocrx_word' id='word_1_674' title='bbox 3455 4127 3725 4197; x_wconf 88' lang='lat' dir='ltr'>ducebat,</span> 
     </span>
    </p>
   </div>
   <div class='ocr_carea' id='block_1_91' title="bbox 2082 4211 3727 4287">
    <p class='ocr_par' dir='ltr' id='par_1_91' title="bbox 2082 4211 3727 4287">
     <span class='ocr_line' id='line_1_91' title="bbox 2082 4211 3727 4287; baseline 0.002 -20"><span class='ocrx_word' id='word_1_675' title='bbox 2082 4213 2360 4268; x_wconf 89' lang='lat' dir='ltr'>nimirum</span> <span class='ocrx_word' id='word_1_676' title='bbox 2385 4211 2498 4266; x_wconf 90' lang='lat' dir='ltr'>Deo</span> <span class='ocrx_word' id='word_1_677' title='bbox 2528 4218 2581 4266; x_wconf 89' lang='lat' dir='ltr'>et</span> <span class='ocrx_word' id='word_1_678' title='bbox 2610 4211 2963 4283; x_wconf 83' lang='lat' dir='ltr'>pauperibus</span> <span class='ocrx_word' id='word_1_679' title='bbox 2988 4230 3127 4284; x_wconf 84' lang='lat' dir='ltr'>Opes</span> <span class='ocrx_word' id='word_1_680' title='bbox 3152 4214 3470 4280; x_wconf 73' lang='lat' dir='ltr'>ell‘undere,</span> <span class='ocrx_word' id='word_1_681' title='bbox 3494 4231 3560 4270; x_wconf 89' lang='lat' dir='ltr'>ac</span> <span class='ocrx_word' id='word_1_682' title='bbox 3585 4233 3727 4287; x_wconf 67' lang='lat' dir='ltr'>prie-</span> 
     </span>
    </p>
   </div>
   <div class='ocr_carea' id='block_1_92' title="bbox 2083 4300 3727 4375">
    <p class='ocr_par' dir='ltr' id='par_1_92' title="bbox 2083 4300 3727 4375">
     <span class='ocr_line' id='line_1_92' title="bbox 2083 4300 3727 4375; baseline 0.002 -20"><span class='ocrx_word' id='word_1_683' title='bbox 2083 4301 2284 4355; x_wconf 85' lang='lat' dir='ltr'>sertim</span> <span class='ocrx_word' id='word_1_684' title='bbox 2325 4300 2798 4371; x_wconf 86' lang='lat' dir='ltr'>consanguineis,</span> <span class='ocrx_word' id='word_1_685' title='bbox 2824 4300 2918 4371; x_wconf 87' lang='lat' dir='ltr'>qui</span> <span class='ocrx_word' id='word_1_686' title='bbox 2977 4302 3223 4358; x_wconf 75' lang='lat' dir='ltr'>fortunis</span> <span class='ocrx_word' id='word_1_687' title='bbox 3271 4303 3416 4369; x_wconf 85' lang='lat' dir='ltr'>suis,</span> <span class='ocrx_word' id='word_1_688' title='bbox 3441 4307 3727 4375; x_wconf 89' lang='lat' dir='ltr'>tanquam</span> 
     </span>
    </p>
   </div>
   <div class='ocr_carea' id='block_1_93' title="bbox 2083 4389 3729 4463">
    <p class='ocr_par' dir='ltr' id='par_1_93' title="bbox 2083 4389 3729 4463">
     <span class='ocr_line' id='line_1_93' title="bbox 2083 4389 3729 4463; baseline 0.001 -18"><span class='ocrx_word' id='word_1_689' title='bbox 2083 4392 2222 4446; x_wconf 89' lang='lat' dir='ltr'>ﬂore</span> <span class='ocrx_word' id='word_1_690' title='bbox 2270 4390 2547 4460; x_wconf 87' lang='lat' dir='ltr'>quodam,</span> <span class='ocrx_word' id='word_1_691' title='bbox 2587 4389 2972 4455; x_wconf 78' lang='lat' dir='ltr'>excidissent;</span> <span class='ocrx_word' id='word_1_692' title='bbox 3007 4391 3243 4461; x_wconf 90' lang='lat' dir='ltr'>quibus,</span> <span class='ocrx_word' id='word_1_693' title='bbox 3285 4392 3441 4463; x_wconf 91' lang='lat' dir='ltr'>quod</span> <span class='ocrx_word' id='word_1_694' title='bbox 3491 4407 3729 4447; x_wconf 88' lang='lat' dir='ltr'>necesse</span> 
     </span>
    </p>
   </div>
   <div class='ocr_carea' id='block_1_94' title="bbox 2082 4477 3730 4551">
    <p class='ocr_par' dir='ltr' id='par_1_94' title="bbox 2082 4477 3730 4551">
     <span class='ocr_line' id='line_1_94' title="bbox 2082 4477 3730 4551; baseline -0.001 -17"><span class='ocrx_word' id='word_1_695' title='bbox 2082 4482 2257 4541; x_wconf 88' lang='lat' dir='ltr'>esset,</span> <span class='ocrx_word' id='word_1_696' title='bbox 2281 4478 2562 4531; x_wconf 85' lang='lat' dir='ltr'>duntaxat</span> <span class='ocrx_word' id='word_1_697' title='bbox 2593 4477 2865 4547; x_wconf 59' lang='lat' dir='ltr'>praebere,</span> <span class='ocrx_word' id='word_1_698' title='bbox 2898 4494 3010 4532; x_wconf 89' lang='lat' dir='ltr'>non</span> <span class='ocrx_word' id='word_1_699' title='bbox 3046 4478 3399 4534; x_wconf 89' lang='lat' dir='ltr'>calamitatis</span> <span class='ocrx_word' id='word_1_700' title='bbox 3430 4478 3730 4551; x_wconf 83' lang='lat' dir='ltr'>depulsio-</span> 
     </span>
    </p>
   </div>
   <div class='ocr_carea' id='block_1_95' title="bbox 327 4565 1972 4642">
    <p class='ocr_par' dir='ltr' id='par_1_95' title="bbox 327 4565 1972 4642">
     <span class='ocr_line' id='line_1_95' title="bbox 327 4565 1972 4642; baseline 0 -22"><span class='ocrx_word' id='word_1_701' title='bbox 327 4571 575 4642; x_wconf 83' lang='grc' dir='ltr'>αγαγεῖν.</span> <span class='ocrx_word' id='word_1_702' title='bbox 635 4567 794 4623; x_wconf 80' lang='grc' dir='ltr'>Οὖτω</span> <span class='ocrx_word' id='word_1_703' title='bbox 843 4567 936 4641; x_wconf 75' lang='grc' dir='ltr'>μὶν</span> <span class='ocrx_word' id='word_1_704' title='bbox 985 4568 1076 4622; x_wconf 86' lang='grc' dir='ltr'>τὸν</span> <span class='ocrx_word' id='word_1_705' title='bbox 1126 4567 1273 4621; x_wconf 82' lang='grc' dir='ltr'>οἷκον</span> <span class='ocrx_word' id='word_1_706' title='bbox 1320 4565 1646 4635; x_wconf 77' lang='grc' dir='ltr'>συναύξουσα</span> <span class='ocrx_word' id='word_1_707' title='bbox 1672 4571 1793 4628; x_wconf 85' lang='grc' dir='ltr'>ταῖς</span> <span class='ocrx_word' id='word_1_708' title='bbox 1850 4566 1972 4620; x_wconf 64' lang='grc' dir='ltr'>δαυ-</span> 
     </span>
    </p>
   </div>
   <div class='ocr_carea' id='block_1_96' title="bbox 2070 4565 3728 4642">
    <p class='ocr_par' dir='ltr' id='par_1_96' title="bbox 2081 4565 3728 4635">
     <span class='ocr_line' id='line_1_96' title="bbox 2081 4565 3728 4635; baseline 0.001 -14"><span class='ocrx_word' id='word_1_709' title='bbox 2081 4583 2236 4634; x_wconf 89' lang='lat' dir='ltr'>nem,</span> <span class='ocrx_word' id='word_1_710' title='bbox 2270 4565 2370 4620; x_wconf 91' lang='lat' dir='ltr'>sed</span> <span class='ocrx_word' id='word_1_711' title='bbox 2403 4569 2849 4619; x_wconf 89' lang='lat' dir='ltr'>monumentum</span> <span class='ocrx_word' id='word_1_712' title='bbox 2880 4582 3007 4620; x_wconf 83' lang='lat' dir='ltr'>esse</span> <span class='ocrx_word' id='word_1_713' title='bbox 3043 4566 3347 4635; x_wconf 86' lang='lat' dir='ltr'>judicabat</span> <span class='ocrx_word' id='word_1_714' title='bbox 3378 4583 3390 4621; x_wconf 92' lang='lat'>:</span> <span class='ocrx_word' id='word_1_715' title='bbox 3425 4565 3728 4623; x_wconf 87' lang='lat' dir='ltr'>liberalius</span> 
     </span>
    </p>
   </div>
   <div class='ocr_carea' id='block_1_97' title="bbox 324 4653 1972 4731">
    <p class='ocr_par' dir='ltr' id='par_1_97' title="bbox 324 4653 1972 4731">
     <span class='ocr_line' id='line_1_97' title="bbox 324 4653 1972 4731; baseline 0 -21"><span class='ocrx_word' id='word_1_716' title='bbox 324 4658 423 4724; x_wconf 73' lang='grc' dir='ltr'>τῆς</span> <span class='ocrx_word' id='word_1_717' title='bbox 481 4653 815 4729; x_wconf 75' lang='grc' dir='ltr'>ἐπιμελείαις</span> <span class='ocrx_word' id='word_1_718' title='bbox 866 4656 956 4711; x_wconf 83' lang='grc' dir='ltr'>καὶ</span> <span class='ocrx_word' id='word_1_719' title='bbox 1013 4654 1336 4731; x_wconf 85' lang='grc' dir='ltr'>περινοίαις,</span> <span class='ocrx_word' id='word_1_720' title='bbox 1394 4656 1530 4710; x_wconf 85' lang='grc' dir='ltr'>κατά</span> <span class='ocrx_word' id='word_1_721' title='bbox 1592 4654 1719 4717; x_wconf 82' lang='grc' dir='ltr'>τοὺς</span> <span class='ocrx_word' id='word_1_722' title='bbox 1796 4655 1972 4710; x_wconf 83' lang='grc' dir='ltr'>Σολο-</span> 
     </span>
    </p>
   </div>
   <div class='ocr_carea' id='block_1_98' title="bbox 331 4742 1973 4821">
    <p class='ocr_par' dir='ltr' id='par_1_98' title="bbox 331 4742 1973 4821">
     <span class='ocr_line' id='line_1_98' title="bbox 331 4742 1973 4821; baseline 0.001 -24"><span class='ocrx_word' id='word_1_723' title='bbox 331 4748 543 4818; x_wconf 81' lang='grc' dir='ltr'>μῶντος</span> <span class='ocrx_word' id='word_1_724' title='bbox 592 4744 716 4819; x_wconf 80' lang='grc' dir='ltr'>περὶ</span> <span class='ocrx_word' id='word_1_725' title='bbox 772 4752 872 4815; x_wconf 84' lang='grc' dir='ltr'>τῆς</span> <span class='ocrx_word' id='word_1_726' title='bbox 930 4742 1178 4818; x_wconf 84' lang='grc' dir='ltr'>ἀνδρείας</span> <span class='ocrx_word' id='word_1_727' title='bbox 1222 4744 1477 4818; x_wconf 84' lang='grc' dir='ltr'>γυναικὸς</span> <span class='ocrx_word' id='word_1_728' title='bbox 1527 4744 1687 4821; x_wconf 79' lang='grc' dir='ltr'>ὅρους</span> <span class='ocrx_word' id='word_1_729' title='bbox 1744 4745 1835 4799; x_wconf 86' lang='grc' dir='ltr'>καὶ</span> <span class='ocrx_word' id='word_1_730' title='bbox 1886 4744 1973 4799; x_wconf 88' lang='grc' dir='ltr'>νό-</span> 
     </span>
    </p>
   </div>
   <div class='ocr_carea' id='block_1_99' title="bbox 397 4888 833 4956">
    <p class='ocr_par' dir='ltr' id='par_1_99' title="bbox 397 4888 833 4956">
     <span class='ocr_line' id='line_1_99' title="bbox 397 4888 833 4956; baseline -0.002 -10"><span class='ocrx_word' id='word_1_731' title='bbox 397 4890 439 4925; x_wconf 74' lang='grc'>⁸¹</span> <span class='ocrx_word' id='word_1_732' title='bbox 474 4888 615 4946; x_wconf 88' lang='lat' dir='ltr'>Gen.</span> <span class='ocrx_word' id='word_1_733' title='bbox 650 4907 713 4956; x_wconf 82' lang='grc' dir='ltr'>ιι,</span> <span class='ocrx_word' id='word_1_734' title='bbox 747 4890 833 4946; x_wconf 88' lang='grc'>18.</span> 
     </span>
    </p>
   </div>
   <div class='ocr_carea' id='block_1_100' title="bbox 400 5027 1975 5103">
    <p class='ocr_par' dir='ltr' id='par_1_100' title="bbox 400 5027 1975 5103">
     <span class='ocr_line' id='line_1_100' title="bbox 400 5027 1975 5103; baseline 0.001 -20"><span class='ocrx_word' id='word_1_735' title='bbox 400 5030 478 5103; x_wconf 56' lang='grc'>(4)</span> <span class='ocrx_word' id='word_1_736' title='bbox 512 5027 673 5084; x_wconf 77' lang='grc' dir='ltr'>Αὐτό.</span> <span class='ocrx_word' id='word_1_737' title='bbox 707 5030 801 5086; x_wconf 91' lang='lat' dir='ltr'>Sic</span> <span class='ocrx_word' id='word_1_738' title='bbox 832 5029 971 5103; x_wconf 85' lang='lat' dir='ltr'>Reg.</span> <span class='ocrx_word' id='word_1_739' title='bbox 1018 5030 1139 5101; x_wconf 92' lang='lat' dir='ltr'>bm,</span> <span class='ocrx_word' id='word_1_740' title='bbox 1170 5031 1341 5089; x_wconf 88' lang='lat' dir='ltr'>Coisl.</span> <span class='ocrx_word' id='word_1_741' title='bbox 1380 5034 1429 5102; x_wconf 86' lang='grc'>1,</span> <span class='ocrx_word' id='word_1_742' title='bbox 1462 5037 1519 5088; x_wconf 90' lang='lat' dir='ltr'>et</span> <span class='ocrx_word' id='word_1_743' title='bbox 1550 5032 1645 5087; x_wconf 92' lang='lat' dir='ltr'>Or.</span> <span class='ocrx_word' id='word_1_744' title='bbox 1683 5032 1731 5085; x_wconf 82' lang='lat'>1.</span> <span class='ocrx_word' id='word_1_745' title='bbox 1765 5031 1827 5086; x_wconf 87' lang='lat' dir='ltr'><strong>In</strong></span> <span class='ocrx_word' id='word_1_746' title='bbox 1859 5031 1975 5097; x_wconf 93' lang='lat' dir='ltr'>ed.,</span> 
     </span>
    </p>
   </div>
   <div class='ocr_carea' id='block_1_101' title="bbox 327 5099 1979 5247">
    <p class='ocr_par' dir='ltr' id='par_1_101' title="bbox 327 5099 1979 5247">
     <span class='ocr_line' id='line_1_101' title="bbox 327 5099 1422 5157; baseline 0.004 -2"><span class='ocrx_word' id='word_1_747' title='bbox 327 5099 512 5157; x_wconf 81' lang='grc' dir='ltr'>αὐτόν.</span> <span class='ocrx_word' id='word_1_748' title='bbox 919 5099 944 5103; x_wconf 49' lang='grc'>⁷</span> <span class='ocrx_word' id='word_1_749' title='bbox 1126 5099 1134 5101; x_wconf 38' lang='grc'><strong>-</strong></span> <span class='ocrx_word' id='word_1_750' title='bbox 1417 5099 1422 5102; x_wconf 19' lang='grc' dir='ltr'><strong><em>γ</em></strong></span> 
     </span>
     <span class='ocr_line' id='line_1_102' title="bbox 403 5170 1979 5247; baseline 0 -18"><span class='ocrx_word' id='word_1_751' title='bbox 403 5174 483 5247; x_wconf 89' lang='grc'>(5)</span> <span class='ocrx_word' id='word_1_752' title='bbox 514 5170 835 5247; x_wconf 41' lang='grc' dir='ltr'>Ἐκείνῳνμι</span> <span class='ocrx_word' id='word_1_753' title='bbox 862 5172 1119 5247; x_wconf 74' lang='lat' dir='ltr'>Illorum,</span> <span class='ocrx_word' id='word_1_754' title='bbox 1142 5195 1169 5222; x_wconf 88' lang='lat'>»</span> <span class='ocrx_word' id='word_1_755' title='bbox 1196 5174 1253 5228; x_wconf 93' lang='lat' dir='ltr'>id</span> <span class='ocrx_word' id='word_1_756' title='bbox 1286 5178 1393 5240; x_wconf 90' lang='lat' dir='ltr'>est,</span> <span class='ocrx_word' id='word_1_757' title='bbox 1412 5196 1447 5247; x_wconf 82' lang='lat'>_«</span> <span class='ocrx_word' id='word_1_758' title='bbox 1473 5175 1646 5230; x_wconf 88' lang='lat' dir='ltr'>unius</span> <span class='ocrx_word' id='word_1_759' title='bbox 1678 5192 1745 5231; x_wconf 85' lang='lat' dir='ltr'>ex</span> <span class='ocrx_word' id='word_1_760' title='bbox 1776 5174 1979 5246; x_wconf 81' lang='lat' dir='ltr'>ipsis.»</span> 
     </span>
    </p>
   </div>
   <div class='ocr_carea' id='block_1_102' title="bbox 331 5244 1978 5317">
    <p class='ocr_par' dir='ltr' id='par_1_102' title="bbox 331 5244 1978 5317">
     <span class='ocr_line' id='line_1_103' title="bbox 331 5244 1978 5317; baseline -0.001 -16"><span class='ocrx_word' id='word_1_761' title='bbox 331 5244 540 5317; x_wconf 84' lang='lat' dir='ltr'>nempe</span> <span class='ocrx_word' id='word_1_762' title='bbox 573 5245 825 5313; x_wconf 87' lang='lat' dir='ltr'>Hesiodi,</span> <span class='ocrx_word' id='word_1_763' title='bbox 877 5244 977 5300; x_wconf 82' lang='lat' dir='ltr'>lib.</span> <span class='ocrx_word' id='word_1_764' title='bbox 1012 5244 1247 5315; x_wconf 79' lang='lat' dir='ltr'>Operum</span> <span class='ocrx_word' id='word_1_765' title='bbox 1293 5253 1348 5299; x_wconf 78' lang='lat' dir='ltr'>et</span> <span class='ocrx_word' id='word_1_766' title='bbox 1391 5244 1633 5313; x_wconf 76' lang='lat' dir='ltr'>dierum,</span> <span class='ocrx_word' id='word_1_767' title='bbox 1669 5244 1818 5302; x_wconf 51' lang='lat' dir='ltr'>vers:</span> <span class='ocrx_word' id='word_1_768' title='bbox 1852 5247 1978 5317; x_wconf 88' lang='lat'>700,</span> 
     </span>
    </p>
   </div>
   <div class='ocr_carea' id='block_1_103' title="bbox 328 5317 1075 5388">
    <p class='ocr_par' dir='ltr' id='par_1_103' title="bbox 328 5317 1075 5388">
     <span class='ocr_line' id='line_1_104' title="bbox 328 5317 1075 5388; baseline -0.003 -13"><span class='ocrx_word' id='word_1_769' title='bbox 328 5319 502 5388; x_wconf 86' lang='lat' dir='ltr'>cujus</span> <span class='ocrx_word' id='word_1_770' title='bbox 534 5317 653 5374; x_wconf 70' lang='lat' dir='ltr'>haec</span> <span class='ocrx_word' id='word_1_771' title='bbox 684 5324 823 5373; x_wconf 89' lang='lat' dir='ltr'>sunt</span> <span class='ocrx_word' id='word_1_772' title='bbox 851 5319 1026 5373; x_wconf 87' lang='lat' dir='ltr'>verba</span> <span class='ocrx_word' id='word_1_773' title='bbox 1061 5334 1075 5373; x_wconf 86' lang='lat'><strong>:</strong></span> 
     </span>
    </p>
   </div>
   <div class='ocr_carea' id='block_1_104' title="bbox 400 5418 1764 5500">
    <p class='ocr_par' dir='ltr' id='par_1_104' title="bbox 400 5418 1764 5500">
     <span class='ocr_line' id='line_1_105' title="bbox 400 5418 1764 5500; baseline 0.001 0"><span class='ocrx_word' id='word_1_774' title='bbox 400 5420 480 5500; x_wconf 61' lang='lat'>96</span> <span class='ocrx_word' id='word_1_775' title='bbox 515 5422 610 5500; x_wconf 61' lang='grc' dir='ltr'>μὶν</span> <span class='ocrx_word' id='word_1_776' title='bbox 640 5423 745 5500; x_wconf 60' lang='grc' dir='ltr'>γὰρ</span> <span class='ocrx_word' id='word_1_777' title='bbox 778 5444 828 5478; x_wconf 76' lang='grc' dir='ltr'>τι</span> <span class='ocrx_word' id='word_1_778' title='bbox 860 5422 1111 5500; x_wconf 51' lang='grc' dir='ltr'>γυναικρς</span> <span class='ocrx_word' id='word_1_779' title='bbox 1140 5422 1275 5499; x_wconf 67' lang='grc' dir='ltr'>ἀνὴρ</span> <span class='ocrx_word' id='word_1_780' title='bbox 1308 5418 1515 5500; x_wconf 73' lang='grc' dir='ltr'>ληίζεῖτῗ</span> <span class='ocrx_word' id='word_1_781' title='bbox 1544 5418 1764 5500; x_wconf 59' lang='grc' dir='ltr'>ἄμεικργ</span> 
     </span>
    </p>
   </div>
   <div class='ocr_carea' id='block_1_105' title="bbox 402 5491 1828 5569">
    <p class='ocr_par' dir='ltr' id='par_1_105' title="bbox 402 5491 1828 5569">
     <span class='ocr_line' id='line_1_106' title="bbox 402 5491 1828 5569; baseline 0 -19"><span class='ocrx_word' id='word_1_782' title='bbox 402 5491 524 5562; x_wconf 82' lang='grc' dir='ltr'>Τῆς</span> <span class='ocrx_word' id='word_1_783' title='bbox 551 5491 773 5569; x_wconf 72' lang='grc' dir='ltr'>ἀγαθῆς,</span> <span class='ocrx_word' id='word_1_784' title='bbox 798 5491 898 5565; x_wconf 74' lang='grc' dir='ltr'>τῆς</span> <span class='ocrx_word' id='word_1_785' title='bbox 933 5494 978 5551; x_wconf 85' lang='grc' dir='ltr'>δ’</span> <span class='ocrx_word' id='word_1_786' title='bbox 1008 5497 1134 5551; x_wconf 81' lang='grc' dir='ltr'>αὗτε</span> <span class='ocrx_word' id='word_1_787' title='bbox 1162 5491 1332 5564; x_wconf 74' lang='grc' dir='ltr'>κακῆς</span> <span class='ocrx_word' id='word_1_788' title='bbox 1364 5493 1425 5548; x_wconf 80' lang='grc' dir='ltr'>οὐ</span> <span class='ocrx_word' id='word_1_789' title='bbox 1458 5491 1632 5569; x_wconf 70' lang='grc' dir='ltr'>ῥίγιον</span> <span class='ocrx_word' id='word_1_790' title='bbox 1667 5491 1828 5550; x_wconf 79' lang='grc' dir='ltr'>ἄλλο.</span> 
     </span>
    </p>
   </div>
   <div class='ocr_carea' id='block_1_106' title="bbox 400 5600 1768 5674">
    <p class='ocr_par' dir='ltr' id='par_1_106' title="bbox 400 5600 1768 5674">
     <span class='ocr_line' id='line_1_107' title="bbox 400 5600 1768 5674; baseline 0.002 -19"><span class='ocrx_word' id='word_1_791' title='bbox 400 5600 559 5674; x_wconf 54' lang='lat' dir='ltr'>nihil</span> <span class='ocrx_word' id='word_1_792' title='bbox 584 5604 734 5657; x_wconf 79' lang='lat' dir='ltr'>enim</span> <span class='ocrx_word' id='word_1_793' title='bbox 762 5606 849 5659; x_wconf 81' lang='lat' dir='ltr'>vir</span> <span class='ocrx_word' id='word_1_794' title='bbox 876 5604 1077 5661; x_wconf 74' lang='lat' dir='ltr'>melius</span> <span class='ocrx_word' id='word_1_795' title='bbox 1103 5604 1294 5660; x_wconf 74' lang='lat' dir='ltr'>sortiri</span> <span class='ocrx_word' id='word_1_796' title='bbox 1333 5606 1510 5674; x_wconf 75' lang='lat' dir='ltr'>potest</span> <span class='ocrx_word' id='word_1_797' title='bbox 1534 5604 1768 5674; x_wconf 72' lang='lat' dir='ltr'>muliere</span> 
     </span>
    </p>
   </div>
   <div class='ocr_carea' id='block_1_107' title="bbox 404 5673 1801 5753">
    <p class='ocr_par' dir='ltr' id='par_1_107' title="bbox 404 5673 1801 5753">
     <span class='ocr_line' id='line_1_108' title="bbox 404 5673 1801 5753; baseline 0.001 -26"><span class='ocrx_word' id='word_1_798' title='bbox 404 5673 579 5743; x_wconf 81' lang='lat' dir='ltr'>Bona,</span> <span class='ocrx_word' id='word_1_799' title='bbox 605 5690 799 5731; x_wconf 73' lang='lat' dir='ltr'>rursus</span> <span class='ocrx_word' id='word_1_800' title='bbox 828 5691 951 5751; x_wconf 72' lang='lat' dir='ltr'>vero</span> <span class='ocrx_word' id='word_1_801' title='bbox 978 5676 1134 5753; x_wconf 63' lang='lat' dir='ltr'>mala</span> <span class='ocrx_word' id='word_1_802' title='bbox 1159 5691 1272 5732; x_wconf 78' lang='lat' dir='ltr'>non</span> <span class='ocrx_word' id='word_1_803' title='bbox 1299 5673 1497 5745; x_wconf 62' lang='lat' dir='ltr'>durius</span> <span class='ocrx_word' id='word_1_804' title='bbox 1525 5673 1705 5741; x_wconf 67' lang='lat' dir='ltr'>aliud.</span> <span class='ocrx_word' id='word_1_805' title='bbox 1794 5732 1801 5741; x_wconf 63' lang='grc'>,</span> 
     </span>
    </p>
   </div>
   <div class='ocr_carea' id='block_1_108' title="bbox 2082 4652 3727 4725">
    <p class='ocr_par' dir='ltr' id='par_1_108' title="bbox 2082 4652 3727 4725">
     <span class='ocr_line' id='line_1_109' title="bbox 2082 4652 3727 4725; baseline -0.001 -14"><span class='ocrx_word' id='word_1_806' title='bbox 2082 4661 2273 4712; x_wconf 88' lang='lat' dir='ltr'>autem</span> <span class='ocrx_word' id='word_1_807' title='bbox 2305 4659 2362 4708; x_wconf 92' lang='lat' dir='ltr'>et</span> <span class='ocrx_word' id='word_1_808' title='bbox 2394 4652 2675 4725; x_wconf 85' lang='lat' dir='ltr'>prolixius</span> <span class='ocrx_word' id='word_1_809' title='bbox 2706 4655 3050 4722; x_wconf 83' lang='lat' dir='ltr'>eosjuvare,</span> <span class='ocrx_word' id='word_1_810' title='bbox 3074 4654 3130 4707; x_wconf 92' lang='lat' dir='ltr'>id</span> <span class='ocrx_word' id='word_1_811' title='bbox 3163 4654 3400 4709; x_wconf 86' lang='lat' dir='ltr'>demum</span> <span class='ocrx_word' id='word_1_812' title='bbox 3436 4655 3590 4710; x_wconf 84' lang='lat' dir='ltr'>ﬁrmi</span> <span class='ocrx_word' id='word_1_813' title='bbox 3623 4656 3727 4710; x_wconf 79' lang='lat' dir='ltr'>h0-</span> 
     </span>
    </p>
   </div>
   <div class='ocr_carea' id='block_1_109' title="bbox 2083 4741 3730 4813">
    <p class='ocr_par' dir='ltr' id='par_1_109' title="bbox 2083 4741 3730 4813">
     <span class='ocr_line' id='line_1_110' title="bbox 2083 4741 3730 4813; baseline 0.001 -14"><span class='ocrx_word' id='word_1_814' title='bbox 2083 4744 2241 4799; x_wconf 90' lang='lat' dir='ltr'>noris</span> <span class='ocrx_word' id='word_1_815' title='bbox 2262 4760 2328 4798; x_wconf 91' lang='lat' dir='ltr'>ac</span> <span class='ocrx_word' id='word_1_816' title='bbox 2353 4741 2760 4813; x_wconf 84' lang='lat' dir='ltr'>perfectissimi</span> <span class='ocrx_word' id='word_1_817' title='bbox 2783 4742 2973 4797; x_wconf 89' lang='lat' dir='ltr'>solatii</span> <span class='ocrx_word' id='word_1_818' title='bbox 3002 4743 3295 4798; x_wconf 80' lang='lat' dir='ltr'>esse.Jam</span> <span class='ocrx_word' id='word_1_819' title='bbox 3326 4760 3461 4799; x_wconf 88' lang='lat' dir='ltr'>cum</span> <span class='ocrx_word' id='word_1_820' title='bbox 3488 4744 3613 4801; x_wconf 68' lang='lat' dir='ltr'>alia)</span> <span class='ocrx_word' id='word_1_821' title='bbox 3644 4744 3730 4803; x_wconf 77' lang='lat' dir='ltr'>rei</span> 
     </span>
    </p>
   </div>
   <div class='ocr_carea' id='block_1_110' title="bbox 2155 5020 3732 5103">
    <p class='ocr_par' dir='ltr' id='par_1_110' title="bbox 2155 5020 3732 5103">
     <span class='ocr_line' id='line_1_111' title="bbox 2155 5020 3732 5103; baseline 0.004 -21"><span class='ocrx_word' id='word_1_822' title='bbox 2155 5029 2233 5099; x_wconf 90' lang='grc'>(6)</span> <span class='ocrx_word' id='word_1_823' title='bbox 2264 5020 2571 5101; x_wconf 68' lang='grc' dir='ltr'>Ἰσόῤῥοπον</span> <span class='ocrx_word' id='word_1_824' title='bbox 2601 5027 2689 5079; x_wconf 75' lang='grc' dir='ltr'>καὶ</span> <span class='ocrx_word' id='word_1_825' title='bbox 2722 5020 3013 5103; x_wconf 83' lang='grc' dir='ltr'>ὁμότιμον.</span> <span class='ocrx_word' id='word_1_826' title='bbox 3045 5051 3070 5081; x_wconf 84' lang='grc' dir='ltr'>ιι</span> <span class='ocrx_word' id='word_1_827' title='bbox 3101 5031 3182 5086; x_wconf 92' lang='lat' dir='ltr'>Ob</span> <span class='ocrx_word' id='word_1_828' title='bbox 3213 5030 3468 5103; x_wconf 61' lang='lat' dir='ltr'>aequales</span> <span class='ocrx_word' id='word_1_829' title='bbox 3498 5030 3732 5090; x_wconf 85' lang='lat' dir='ltr'>virtutis</span> 
     </span>
    </p>
   </div>
   <div class='ocr_carea' id='block_1_111' title="bbox 2090 5102 3159 5171">
    <p class='ocr_par' dir='ltr' id='par_1_111' title="bbox 2090 5102 3159 5171">
     <span class='ocr_line' id='line_1_112' title="bbox 2090 5102 3159 5171; baseline -0.003 -17"><span class='ocrx_word' id='word_1_830' title='bbox 2090 5102 2303 5162; x_wconf 86' lang='lat' dir='ltr'>lances,</span> <span class='ocrx_word' id='word_1_831' title='bbox 2340 5116 2654 5171; x_wconf 88' lang='lat' dir='ltr'>paremquc</span> <span class='ocrx_word' id='word_1_832' title='bbox 2686 5102 3107 5171; x_wconf 67' lang='lat' dir='ltr'>praestantiam.</span> <span class='ocrx_word' id='word_1_833' title='bbox 3133 5125 3159 5171; x_wconf 57' lang='grc' dir='ltr'>ξ)</span> 
     </span>
    </p>
   </div>
   <div class='ocr_carea' id='block_1_112' title="bbox 2158 5169 3728 5245">
    <p class='ocr_par' dir='ltr' id='par_1_112' title="bbox 2158 5169 3728 5245">
     <span class='ocr_line' id='line_1_113' title="bbox 2158 5169 3728 5245; baseline 0.002 -21"><span class='ocrx_word' id='word_1_834' title='bbox 2158 5172 2236 5243; x_wconf 92' lang='grc'>(7)</span> <span class='ocrx_word' id='word_1_835' title='bbox 2272 5169 2483 5245; x_wconf 76' lang='grc' dir='ltr'>Έκοντὶ</span> <span class='ocrx_word' id='word_1_836' title='bbox 2538 5169 2868 5242; x_wconf 64' lang='grc' dir='ltr'>ἡττώμενον.</span> <span class='ocrx_word' id='word_1_837' title='bbox 2925 5174 3067 5241; x_wconf 82' lang='lat' dir='ltr'>Jes.,</span> <span class='ocrx_word' id='word_1_838' title='bbox 3123 5169 3243 5227; x_wconf 76' lang='lat' dir='ltr'>&#39;e&#39;xov</span> <span class='ocrx_word' id='word_1_839' title='bbox 3292 5176 3358 5244; x_wconf 77' lang='grc' dir='ltr'>τῇ</span> <span class='ocrx_word' id='word_1_840' title='bbox 3415 5173 3728 5245; x_wconf 78' lang='grc' dir='ltr'>ἡττώμενον</span> 
     </span>
    </p>
   </div>
   <div class='ocr_carea' id='block_1_113' title="bbox 2090 5241 2435 5315">
    <p class='ocr_par' dir='ltr' id='par_1_113' title="bbox 2090 5241 2435 5315">
     <span class='ocr_line' id='line_1_114' title="bbox 2090 5241 2435 5315; baseline 0 -19"><span class='ocrx_word' id='word_1_841' title='bbox 2090 5241 2435 5315; x_wconf 79' lang='lat' dir='ltr'>[mendose].</span> 
     </span>
    </p>
   </div>
   <div class='ocr_carea' id='block_1_114' title="bbox 2161 5310 3496 5388">
    <p class='ocr_par' dir='ltr' id='par_1_114' title="bbox 2161 5310 3496 5388">
     <span class='ocr_line' id='line_1_115' title="bbox 2161 5310 3496 5388; baseline 0.001 -18"><span class='ocrx_word' id='word_1_842' title='bbox 2161 5317 2234 5388; x_wconf 81' lang='lat'>(8)</span> <span class='ocrx_word' id='word_1_843' title='bbox 2269 5310 2565 5388; x_wconf 68' lang='grc' dir='ltr'>Γραπτούς.</span> <span class='ocrx_word' id='word_1_844' title='bbox 2598 5314 2742 5384; x_wconf 88' lang='lat' dir='ltr'>Jes.,</span> <span class='ocrx_word' id='word_1_845' title='bbox 2772 5313 3068 5384; x_wconf 69' lang='grc' dir='ltr'>κρύπτοῦς,</span> <span class='ocrx_word' id='word_1_846' title='bbox 3105 5339 3125 5365; x_wconf 72' lang='grc' dir='ltr'>ει</span> <span class='ocrx_word' id='word_1_847' title='bbox 3161 5317 3441 5388; x_wconf 87' lang='lat' dir='ltr'>occultos.</span> <span class='ocrx_word' id='word_1_848' title='bbox 3467 5337 3496 5366; x_wconf 83' lang='lat'><strong>»</strong></span> 
     </span>
    </p>
   </div>
   <div class='ocr_carea' id='block_1_115' title="bbox 2160 5382 3729 5468">
    <p class='ocr_par' dir='ltr' id='par_1_115' title="bbox 2160 5382 3729 5468">
     <span class='ocr_line' id='line_1_116' title="bbox 2160 5382 3729 5468; baseline 0.001 -28"><span class='ocrx_word' id='word_1_849' title='bbox 2160 5382 2233 5468; x_wconf 72' lang='grc'>(9)</span> <span class='ocrx_word' id='word_1_850' title='bbox 2262 5382 2375 5439; x_wconf 81' lang='grc' dir='ltr'>Τῶν</span> <span class='ocrx_word' id='word_1_851' title='bbox 2409 5382 2698 5468; x_wconf 46' lang='grc' dir='ltr'>ἐκγένουῆ</span> <span class='ocrx_word' id='word_1_852' title='bbox 2725 5382 2751 5435; x_wconf 69' lang='grc' dir='ltr'>ι(</span> <span class='ocrx_word' id='word_1_853' title='bbox 2785 5382 3278 5468; x_wconf 87' lang='lat' dir='ltr'>Consanguineos.</span> <span class='ocrx_word' id='word_1_854' title='bbox 3310 5387 3513 5468; x_wconf 42' lang='lat' dir='ltr'>{Elius</span> <span class='ocrx_word' id='word_1_855' title='bbox 3552 5410 3586 5468; x_wconf 50' lang='grc' dir='ltr'>ε(</span> 
     </span>
    </p>
   </div>
   <div class='ocr_carea' id='block_1_116' title="bbox 2088 5456 3733 5527">
    <p class='ocr_par' dir='ltr' id='par_1_116' title="bbox 2088 5456 3733 5527">
     <span class='ocr_line' id='line_1_117' title="bbox 2088 5456 3733 5527; baseline -0.001 -14"><span class='ocrx_word' id='word_1_856' title='bbox 2088 5456 2278 5513; x_wconf 87' lang='lat' dir='ltr'>mines</span> <span class='ocrx_word' id='word_1_857' title='bbox 2338 5456 2517 5512; x_wconf 89' lang='lat' dir='ltr'>nobili</span> <span class='ocrx_word' id='word_1_858' title='bbox 2550 5464 2605 5512; x_wconf 82' lang='lat' dir='ltr'>et</span> <span class='ocrx_word' id='word_1_859' title='bbox 2644 5456 2800 5513; x_wconf 86' lang='lat' dir='ltr'>claro</span> <span class='ocrx_word' id='word_1_860' title='bbox 2854 5456 3062 5527; x_wconf 75' lang='lat' dir='ltr'>genere</span> <span class='ocrx_word' id='word_1_861' title='bbox 3120 5465 3275 5513; x_wconf 87' lang='lat' dir='ltr'>ortos</span> <span class='ocrx_word' id='word_1_862' title='bbox 3320 5457 3614 5527; x_wconf 87' lang='lat' dir='ltr'>intelligit.</span> <span class='ocrx_word' id='word_1_863' title='bbox 3650 5460 3733 5527; x_wconf 85' lang='lat' dir='ltr'>Ita</span> 
     </span>
    </p>
   </div>
   <div class='ocr_carea' id='block_1_117' title="bbox 2089 5525 3732 5602">
    <p class='ocr_par' dir='ltr' id='par_1_117' title="bbox 2089 5525 3732 5602">
     <span class='ocr_line' id='line_1_118' title="bbox 2089 5525 3732 5602; baseline -0.003 -18"><span class='ocrx_word' id='word_1_864' title='bbox 2089 5531 2273 5602; x_wconf 73' lang='lat' dir='ltr'>etiam</span> <span class='ocrx_word' id='word_1_865' title='bbox 2320 5529 2572 5602; x_wconf 79' lang='lat' dir='ltr'>Basilius</span> <span class='ocrx_word' id='word_1_866' title='bbox 2621 5546 2633 5582; x_wconf 88' lang='lat'><strong>:</strong></span> <span class='ocrx_word' id='word_1_867' title='bbox 2686 5528 2749 5602; x_wconf 37' lang='grc' dir='ltr'>ἐκ.</span> <span class='ocrx_word' id='word_1_868' title='bbox 2799 5525 3005 5602; x_wconf 80' lang='grc' dir='ltr'>γένους,</span> <span class='ocrx_word' id='word_1_869' title='bbox 3058 5531 3299 5582; x_wconf 83' lang='grc' dir='ltr'>τουτέστι</span> <span class='ocrx_word' id='word_1_870' title='bbox 3362 5526 3410 5596; x_wconf 74' lang='grc' dir='ltr'>ἐξ</span> <span class='ocrx_word' id='word_1_871' title='bbox 3467 5525 3732 5602; x_wconf 69' lang='grc' dir='ltr'>εὐγενείας</span> 
     </span>
    </p>
   </div>
   <div class='ocr_carea' id='block_1_118' title="bbox 2088 5594 3731 5674">
    <p class='ocr_par' dir='ltr' id='par_1_118' title="bbox 2088 5594 3731 5674">
     <span class='ocr_line' id='line_1_119' title="bbox 2088 5594 3731 5674; baseline -0.004 -21"><span class='ocrx_word' id='word_1_872' title='bbox 2088 5600 2175 5653; x_wconf 83' lang='grc' dir='ltr'>καὶ</span> <span class='ocrx_word' id='word_1_873' title='bbox 2219 5594 2861 5674; x_wconf 36' lang='grc' dir='ltr'>πλούτου-πεπτωκότες·</span> <span class='ocrx_word' id='word_1_874' title='bbox 2887 5626 2913 5651; x_wconf 89' lang='grc'>‹‹</span> <span class='ocrx_word' id='word_1_875' title='bbox 2948 5594 3432 5674; x_wconf 61' lang='lat' dir='ltr'>consanguineos,</span> <span class='ocrx_word' id='word_1_876' title='bbox 3458 5620 3486 5647; x_wconf 87' lang='lat'><strong>»</strong></span> <span class='ocrx_word' id='word_1_877' title='bbox 3515 5594 3574 5654; x_wconf 73' lang='lat' dir='ltr'>id</span> <span class='ocrx_word' id='word_1_878' title='bbox 3617 5604 3731 5669; x_wconf 74' lang='lat' dir='ltr'>est,</span> 
     </span>
    </p>
   </div>
   <div class='ocr_carea' id='block_1_119' title="bbox 2093 5671 3475 5745">
    <p class='ocr_par' dir='ltr' id='par_1_119' title="bbox 2093 5671 3475 5745">
     <span class='ocr_line' id='line_1_120' title="bbox 2093 5671 3475 5745; baseline -0.007 -15"><span class='ocrx_word' id='word_1_879' title='bbox 2093 5693 2121 5723; x_wconf 73' lang='grc' dir='ltr'>(ί</span> <span class='ocrx_word' id='word_1_880' title='bbox 2153 5674 2251 5745; x_wconf 87' lang='lat' dir='ltr'>qui</span> <span class='ocrx_word' id='word_1_881' title='bbox 2285 5690 2318 5728; x_wconf 90' lang='lat' dir='ltr'>a</span> <span class='ocrx_word' id='word_1_882' title='bbox 2346 5671 2648 5732; x_wconf 80' lang='lat' dir='ltr'>nobilitate</span> <span class='ocrx_word' id='word_1_883' title='bbox 2677 5678 2734 5729; x_wconf 90' lang='lat' dir='ltr'>et</span> <span class='ocrx_word' id='word_1_884' title='bbox 2764 5674 2999 5729; x_wconf 86' lang='lat' dir='ltr'>fortuna</span> <span class='ocrx_word' id='word_1_885' title='bbox 3028 5671 3415 5729; x_wconf 79' lang='lat' dir='ltr'>desciverunt.</span> <span class='ocrx_word' id='word_1_886' title='bbox 3444 5690 3475 5721; x_wconf 70' lang='grc' dir='ltr'><strong>η</strong></span> 
     </span>
    </p>
   </div>
  </div>
