4138 6212
459 406 578 466 995

1696 397 1761 456 S.
1810 393 2180 455 GREGORII
2225 394 2618 456 THEOLOG]

3743 396 3857 460 996

460 535 764 595 familiaris
789 532 1066 606 augendae
1092 529 1285 597 laude,
1310 529 1433 584 alia:
1461 528 1696 601 pietatis
1717 527 1902 599 gloria
1931 524 2111 582 excel-

2228 544 2384 596 μους,
2416 524 2491 587 ὡς
2524 520 2757 579 εὐσεϐεῖν
2790 524 2887 578 οὐκ
2937 522 3143 579 εἷδυῖα¹
3192 524 3335 579 οὕτω
3384 523 3441 580 δὲ
3496 528 3856 599 προσκειμένη

458 626 945 698 lant(utrumque
982 622 1138 677 enim
1172 619 1405 689 assequi
1439 617 1674 672 difﬁcile
1705 620 1836 684 est),
1862 620 2111 687 utroque

461 715 699 773 nomine
716 711 988 767 mulieres
1006 727 1209 766 omnes
1227 707 1549 779 superavit:
1570 713 1697 761 tum
1715 707 1868 777 quod
1888 712 2113 760 utrum-

462 821 576 877 que
621 803 833 858 horum
884 801 956 854 ad
1007 813 1313 854 summum
1363 810 1549 865 usque
1600 793 1951 866 praestiterit,
1984 798 2108 847 tum

463 892 615 966 quod
650 890 773 946 sola
803 889 918 942 duo
953 888 1066 941 ista
1095 883 1400 955 complexa
1430 881 1621 938 fuerit.
1649 882 1786 935 Rem
1818 882 1974 936 enim
2008 881 2110 935 do-

2221 616 2337 684 Θεῷ
2390 613 2481 668 καὶ
2535 620 2651 676 τοῖς
2720 614 2901 682 θείοις,
2963 615 3040 676 ὡς
3105 614 3380 690 οἰκουρίας
3456 613 3710 670 πλεῖστον
3766 617 3861 671 ᾶπ-

2219 700 2419 777 έχουσα
2442 721 2455 735 ·
2516 704 2605 756 καὶ
2654 700 2806 757 οὐδὶν
2857 703 2960 757 ὑπὸ
2993 706 3106 776 (10)
3136 708 3233 758 τοῦ
3265 704 3449 779 ἑτέρου
3479 699 3864 779 παραϐλαπτο-

2225 789 2357 863 μένη
2406 792 2540 867 πρὸς
2585 792 2826 869 θάτερον,
2886 792 3166 869 ἀμφότερα
3215 789 3272 846 δὶ
3311 790 3379 847 δι’
3408 791 3676 864 ἀλλήλων
3735 817 3862 871 κρα-

2218 879 2469 936 τόνουσα.

464 981 767 1038 mesticam
799 974 1093 1032 industria
1123 979 1182 1030 et
1210 973 1449 1029 solertia
1496 988 1622 1040 sua,
1647 971 1819 1041 juxta
1871 970 2028 1042 leges
2069 968 2297 1025 mulieri
2331 972 2460 1026 forti
2494 989 2527 1027 a
2558 972 2868 1028 Salomone
2898 975 3168 1044 statutas,
3201 972 3282 1029 ita
3311 973 3492 1045 auxit,
3526 975 3693 1044 quasi
3748 975 3865 1045 pie-

459 1075 639 1126 tatem
672 1067 858 1124 colere
890 1063 1142 1121 nesciret
1174 1078 1188 1119 :
1222 1063 1336 1118 Deo
1367 1076 1601 1116 rursum
1650 1076 1717 1115 ac
1763 1059 1975 1114 divinis
2007 1060 2181 1115 rebus
2230 1060 2311 1115 ita
2340 1076 2468 1116 sese
2498 1060 2743 1129 addixit,
2770 1066 3053 1133 tanquam
3102 1080 3137 1117 a
3181 1079 3374 1119 rerum
3409 1063 3863 1119 domesticarum

461 1158 867 1232 procuratione
898 1154 1218 1226 plurimum
1251 1152 1482 1207 abesset
1514 1168 1527 1206 :
1561 1166 1750 1221 neque
1781 1149 1853 1204 ab
1884 1148 2164 1204 alterutro
2203 1148 2415 1204 horum
2448 1150 2772 1222 quidquam
2810 1150 3099 1223 impedita
3128 1155 3235 1222 est,
3270 1152 3587 1223 quominus
3620 1151 3862 1208 alterum

460 1248 750 1321 impleret,
780 1244 919 1315 quin
953 1242 1148 1314 potius
1173 1246 1490 1311 utrumque
1520 1237 1764 1294 alterius
1796 1254 1903 1308 cpe
1936 1235 2160 1293 fulcivit
2189 1242 2247 1294 et
2274 1238 2659 1294 conﬁrmavit.

529 1335 621 1391 ιχ.
646 1333 949 1397 Quodnam
972 1328 1254 1387 orationis
1285 1332 1539 1400 tempus,
1559 1326 1760 1398 ecquis
1794 1326 1956 1382 locus
1977 1342 2107 1381 eam

454 1424 665 1482 latuit?
693 1420 847 1477 Nihil
878 1419 1035 1476 enim
1068 1424 1188 1474 toto
1219 1417 1312 1473 die
1343 1425 1484 1483 erat,
1519 1416 1588 1471 ad
1624 1416 1777 1487 quod
1810 1415 1973 1487 prius
2005 1415 2109 1469 im-

460 1514 793 1588 pelleretur.
815 1510 937 1565 lmo
954 1525 1089 1564 vero
1114 1523 1381 1578 quasnam
1417 1521 1676 1577 unquam
1710 1520 1906 1575 parem
1940 1519 2105 1574 spem

458 1602 667 1658 habuit
695 1602 836 1668 fore,
870 1603 934 1652 ut
964 1595 1141 1652 simul
1191 1600 1364 1666 atque
1408 1593 1625 1664 aliquid
1665 1593 1951 1664 petiisset,
1984 1596 2104 1647 sta-

459 1692 588 1757 tim,
622 1690 775 1761 quod
823 1690 1062 1759 peteret,
1086 1682 1576 1753 consequeretur?
1606 1684 1880 1747 Quasnam
1914 1697 2105 1736 sacer-

2289 1326 2365 1381 9'.
2424 1325 2514 1388 Τίς
2577 1326 2670 1399 μὶν
2731 1322 2916 1382 ἔλαθεν
2961 1326 3192 1398 ἐκείνην,
3253 1327 3423 1402 εὐχῆς
3480 1329 3515 1395 ἦ
3569 1327 3777 1402 καιρὸς,
3834 1329 3869 1397 ἦ

2214 1412 2383 1475 τόπος
2411 1440 2425 1481 ς
2457 1413 2487 1468 δ
2534 1416 2643 1488 (11)
2693 1416 2781 1469 καὶ
2828 1420 3044 1492 πρῶτον
3078 1419 3143 1484 ἦν
3179 1416 3313 1490 αὐτῇ
3345 1417 3560 1470 πάντων
3592 1423 3692 1484 τῆς
3725 1415 3865 1488 ἡμέ-

2220 1522 2313 1578 ρας
2361 1501 2593 1575 κίνημα.
2652 1502 2879 1559 Μᾶλλον
2930 1502 2987 1560 δὶ
3045 1503 3129 1567 τίς
3173 1504 3346 1567 οὕτως
3393 1501 3538 1580 ἔχειν
3596 1505 3736 1575 ὁμοῦ
3786 1509 3865 1575 τῷ

2218 1591 2383 1645 αίτεῖν
2441 1594 2551 1665 (12)
2606 1594 2669 1647 τὸ
2716 1592 3037 1666 αἰτούμενον
3087 1591 3355 1662 ἤλπισεν;
3417 1594 3507 1655 Τίς
3568 1590 3625 1647 δὶ
3674 1594 3863 1668 ἱερέων

2217 1679 2389 1734 οὕτως
2420 1678 2624 1754 ᾐδέσθη
2676 1687 2839 1757 χεῖρα
2866 1682 2954 1736 καὶ
2986 1681 3300 1755 πρόσωπον,
3332 1683 3365 1750 ἢ
3394 1688 3496 1736 πᾶν
3531 1679 3672 1743 εἶδος
3705 1680 3865 1758 φιλο-

458 1781 662 1834 dotum
696 1792 939 1831 manum
970 1773 1313 1842 vultumque
1355 1771 1436 1825 ita
1465 1771 1649 1825 verita
1677 1773 1785 1839 est,
1806 1775 1908 1824 aut
1940 1784 2111 1823 omne

2225 1768 2404 1848 σοφίας
2436 1769 2726 1844 ἐτίμησεν;
2762 1771 2854 1833 Τίς
2886 1769 2942 1826 δὶ
2977 1770 3189 1846 μᾶλλον
3232 1771 3507 1842 νηστείαις
3562 1772 3653 1826 καὶ
3704 1773 3864 1847 ἀγρυ-

459 1864 842 1940 philosOphiae
869 1879 1057 1934 genus
1081 1859 1297 1916 coluit?
1317 1860 1470 1914 336
1494 1857 2030 1928 Quaenamjejuniis
2057 1861 2111 1911 et

2225 1861 2403 1922 πνίαις
2431 1860 2527 1923 τὰς
2561 1861 2758 1936 σάρκας
2817 1863 3136 1935 ὑπέσπασεν,
3186 1864 3220 1932 ἣ
3267 1860 3619 1937 ψαλμῳδίαις
3670 1864 3863 1930 ἑαυτὴν

454 1955 672 2027 vigiliis
693 1968 926 2009 carnem
955 1951 1142 2022 magis
1165 1948 1508 2016 attenuavit,
1534 1954 1631 2002 aut
1651 1947 1880 2001 diurnis
1903 1963 1967 2001 ac
2000 1963 2106 2001 no-

458 2043 684 2100 cturnis
750 2039 1091 2114 psalmodiis
1149 2036 1433 2093 columnae
1494 2036 1679 2092 instar
1735 2036 1847 2090 ﬁxa
1903 2035 2109 2091 stetit?

459 2134 736 2198 Quasnam
766 2129 1165 2201 virginitatem
1212 2127 1433 2197 majore
1477 2125 1535 2179 in
1584 2124 1973 2179 admiratione
2002 2124 2108 2179 ba-

458 2222 608 2289 buit,
640 2220 909 2292 quamvis
938 2216 1217 2274 connubii
1250 2214 1549 2270 vinculum
1581 2213 1922 2269 sustinens?
1951 2213 2110 2276 Quaa-

459 2329 596 2369 nam
656 2308 939 2381 orphanis
996 2323 1062 2362 ac
1117 2305 1308 2361 viduis
1368 2304 1573 2374 majori
1637 2303 1904 2373 praasidio
1963 2303 2110 2358 fuit?

459 2402 735 2466 Quaenam
779 2396 1114 2470 lugentibus
1158 2393 1521 2449 calamitates
1552 2409 1711 2463 aeque
1740 2391 2109 2447 sublevavit?

458 2496 651 2561 Atque
702 2489 819 2544 haec
866 2486 1130 2556 insuper,
1169 2500 1295 2553 quae
1348 2498 1523 2553 parva
1570 2482 1808 2552 quidem
1860 2482 2110 2537 fortasse

458 2584 619 2642 sunt,
649 2581 819 2645 atque
853 2592 887 2629 a
915 2571 1213 2628 nonnullis
1244 2571 1418 2626 etiam
1451 2574 1924 2634 contemnuntur,
1949 2570 2106 2640 quod

459 2666 757 2739 plerisque
790 2679 903 2718 non
936 2661 1103 2716 facile
1135 2663 1370 2731 pateant
1391 2659 1479 2728 (ﬁt
1508 2658 1661 2713 enim
1699 2659 1834 2728 fere,
1859 2662 1920 2712 ut
1951 2657 2107 2730 quod

460 2754 757 2827 quispiam
782 2749 1011 2821 assequi
1038 2766 1153 2805 non
1178 2752 1385 2820 potest,
1412 2746 1466 2801 id
1494 2747 1565 2802 ob
1600 2747 1874 2802 invidiam
1900 2763 1971 2802 ne
1993 2764 2111 2802 cre-

461 2842 639 2899 dibile
698 2840 933 2912 quidem
991 2854 1121 2894 esse
1173 2836 1378 2909 putet),
1430 2837 1583 2908 apud
1643 2853 1735 2891 me
1794 2842 1985 2891 tamen
2050 2837 2107 2891 in

459 2947 672 3004 magno
705 2929 889 3003 pretio
921 2932 1080 2991 sunt,
1113 2926 1389 2997 quoniam
1422 2925 1554 2980 ﬁdei
1601 2925 1830 2981 inventa
1860 2931 2025 2981 erant
2052 2931 2110 2981 et

2218 1948 2496 2020 ἐστήλωσε
2552 1952 2665 2025 (13)
2722 1951 3021 2026 παννόχοις
3092 1973 3150 2006 τε
3207 1950 3295 2006 καί
3353 1952 3726 2025 ἡμερησίαις
3778 1952 3866 2012 Τίς

2222 2039 2316 2111 μὶν
2374 2040 2660 2113 παρθενίαν
2719 2040 2928 2114 ἠγάσθη
2990 2040 3178 2109 πλέον,
3239 2039 3432 2114 καίπερ
3510 2041 3860 2114 ἀνασχομένη

2219 2124 2451 2197 δέσεως;
2502 2128 2593 2190 Τίς
2645 2126 2702 2183 δὲ
2749 2128 2995 2205 ὀρφανῶν
3046 2129 3134 2184 καὶ
3167 2134 3357 2205 χηρῶν
3389 2129 3623 2201 ἀμείνων
3652 2130 3865 2203 ἐγένετο

2216 2216 2545 2289 παραστάτις
2600 2220 2755 2289 (14);
2816 2218 2899 2280 τίς
2956 2216 3013 2273 δὲ
3083 2222 3334 2281 πενθοῦσι
3407 2219 3501 2279 τὰς
3581 2222 3866 2295 συμφορᾶς

2218 2304 2360 2359 οὕτω
2418 2307 2841 2384 συνυπεκοῦφισε
2896 2310 3046 2380 (15);
3106 2307 3203 2362 Καὶ
3260 2312 3426 2361 ταῦτα
3476 2304 3564 2378 δὴ,
3596 2307 3663 2361 τὰ
3700 2307 3868 2381 μικρᾶ

2220 2394 2313 2466 μὲν
2364 2394 2515 2466 ἴσως,
2570 2396 2738 2470 τυχὸν
2786 2393 2842 2451 δέ
2886 2416 2994 2449 τισι
3042 2396 3131 2450 καὶ
3164 2392 3548 2468 διαπτυόμενα,
3578 2396 3659 2450 ὅτι
3726 2394 3870 2467 μηδὲ

2215 2483 2448 2558 προσιτα
2478 2481 2677 2559 ῥᾳδίως
2706 2490 2825 2547 τοῖς
2871 2484 3083 2540 πλείοσι
3116 2486 3199 2558 (τὸ
3230 2486 3333 2561 γὰρ
3365 2485 3463 2540 οὐκ
3493 2484 3709 2563 ἐφικτὸν
3744 2483 3871 2540 οὖδὶ

2215 2571 2402 2626 πιστόν
2445 2594 2561 2634 πως
2593 2570 2680 2627 διὰ
2707 2594 2799 2628 τον
2830 2573 3066 2651 φθόνον),
3100 2573 3223 2647 ἐμοὶ
3256 2572 3312 2629 δὲ
3363 2574 3451 2628 καί
3503 2573 3622 2629 λίαν
3681 2575 3871 2647 τιμώ-

2223 2681 2374 2734 μενα,
2417 2660 2499 2716 ὅτι
2552 2661 2783 2724 πίστεως
2842 2663 2908 2731 ἦν
2970 2663 3269 2736 εὑρήματα,
3330 2663 3417 2717 καὶ
3488 2670 3868 2735 πνευματικῆς

2221 2750 2413 2818 ζέσεως
2447 2750 2667 2827 ἒγχειρή
2680 2772 2838 2825 ματα.
2875 2752 3002 2809 Οίον
3033 2752 3095 2806 τὸ
3130 2754 3343 2825 μήποτε
3374 2753 3557 2830 φωνὴν
3615 2751 3784 2820 αὐτῆς
3817 2752 3867 2805 ἐν

2218 2838 2386 2913 ἱεροῖς
2420 2840 2743 2909 ἀκουσθῆναι
2776 2838 3091 2917 συλλόγοις,
3123 2841 3157 2909 ἣ
3180 2840 3396 2909 τόποις,
3428 2838 3526 2909 ἔξω
3556 2845 3663 2894 τῶν
3710 2840 3869 2915 ἀναγ-

2217 2926 2386 2981 καίων
2417 2930 2530 3001 (16)
2560 2929 2648 2982 καὶ
2684 2933 2975 3001 μυστικῶν.

455 3017 779 3093 spiritualis
809 3016 1047 3072 fervoris
1077 3020 1344 3070 conatus.
1364 3015 1486 3078 Quo
1518 3014 1577 3068 in
1609 3030 1817 3085 genere
1846 3014 1992 3068 illud
2024 3018 2131 3083 est,
2157 3017 2314 3087 quod
2346 3017 2405 3072 in
2436 3018 2620 3073 sacris
2651 3020 3032 3075 conventibus
3062 3024 3163 3075 aut
3194 3019 3335 3077 locis
3368 3035 3671 3090 nunquam
3708 3019 3872 3075 illius

451 3126 563 3165 vox
591 3107 792 3163 audita
822 3104 919 3172 sit,
946 3104 995 3159 si
1027 3101 1387 3159 necessarias
1415 3106 1472 3157 et
1504 3102 1782 3174 mysticae
1812 3102 2193 3173 excipiamus.

525 3197 592 3253 X.
624 3196 785 3260 Quod
818 3194 866 3250 si
897 3194 1036 3249 olim
1068 3208 1348 3263 magnum
1398 3195 1567 3261 atque
1617 3190 1879 3261 amplum
1935 3190 2107 3245 altari
2137 3194 2179 3261 C

456 3290 602 3355 erat,
630 3285 786 3355 quod
809 3299 987 3354 super
1007 3281 1200 3352 ipsum
1225 3297 1328 3335 nec
1351 3279 1574 3335 securis
1595 3279 1977 3347 ascendisset,
2003 3296 2108 3336 nec

457 3375 585 3430 visa
613 3390 719 3428 nec
749 3372 950 3428 audita
989 3370 1146 3426 ascia
1189 3373 1342 3424 esset
1357 3370 1402 3405 ⁴²
1425 3369 1564 3439 (quo
1596 3367 1872 3422 nimirum
1920 3368 2108 3423 subli-

460 3463 617 3518 mius
642 3461 859 3532 aliquid
883 3458 1348 3531 signiﬁcabatur,
1374 3472 1582 3529 nempe
1604 3457 1866 3513 nativum
1890 3462 1947 3512 et
1974 3458 2111 3513 sim-

459 3553 613 3625 plex,
641 3550 900 3621 artisque
932 3564 995 3602 ac
1028 3547 1143 3602 fuci
1175 3563 1378 3618 expers
1409 3563 1537 3601 esse
1567 3546 1796 3615 debere,
1825 3546 2107 3617 quidquid

459 3642 576 3698 Deo
607 3638 1025 3709 consecratur),
1052 3654 1156 3691 cur
1198 3653 1311 3689 non
1362 3634 1442 3689 illi
1495 3652 1728 3706 quoque
1758 3636 1828 3689 ad
1873 3635 2108 3690 laudem

460 3745 740 3802 magnum
775 3728 871 3795 sit,
898 3726 1050 3798 quod
1093 3725 1323 3781 silentio
1369 3730 1571 3779 sancta
1603 3725 1920 3795 honorarit,
1955 3725 2107 3796 quod

460 3818 805 3875 venerandae
861 3833 1075 3870 mensa:
1135 3830 1439 3885 nunquam
1492 3819 1655 3885 terga
1701 3814 1972 3876 obvertit,
2005 3829 2110 3869 nec

460 3909 520 3963 in
554 3908 817 3963 divinum
867 3905 1262 3976 pavimentum
1298 3904 1624 3973 exspuerit;
1680 3904 1833 3972 quod
1889 3902 2111 3957 nullius

461 4012 722 4067 unquam
745 3994 982 4066 gentilis
1013 3992 1262 4055 femina),
1287 3991 1555 4061 quamvis
1582 3990 1796 4059 alioqui
1826 3991 2112 4046 honestis-

462 4086 627 4141 simae
643 4101 709 4139 ac
728 4081 1255 4154 propinquissimaa,
1274 4080 1549 4133 manibus
1572 4095 1809 4133 manum
1828 4079 2109 4149 injecerit,

462 4176 565 4228 aut
592 4173 756 4227 labra
788 4171 963 4226 labris
995 4169 1325 4235 miscuerit;
1360 4168 1477 4222 imo
1510 4184 1615 4221 nec
1645 4183 1777 4222 cum
1812 4166 1922 4236 his,
1948 4168 2045 4238 qui
2079 4185 2112 4222 a

463 4261 706 4334 profana
756 4264 815 4314 et
870 4260 1102 4330 impura
1157 4273 1364 4312 mensa
1408 4254 1737 4321 veniebant,
1778 4273 1888 4311 non
1940 4257 2111 4312 modo

463 4351 692 4421 sponte,
717 4347 815 4403 sed
851 4363 920 4402 ne
941 4350 1141 4402 coacta
1174 4345 1408 4417 quidem
1442 4344 1527 4401 sal
1559 4361 1870 4401 commune
1898 4345 2114 4401 habue-

464 4438 561 4504 rit,
586 4453 690 4492 nec
719 4436 1011 4508 impuram
1061 4440 1117 4491 et
1164 4434 1509 4506 sacrilegam
1543 4434 1783 4490 domum
1833 4436 2113 4491 adversus

462 4526 834 4585 conscientias
883 4524 1092 4596 legem,
1146 4528 1247 4579 aut
1293 4522 1652 4596 pertransire
1701 4540 1957 4594 unquam
2014 4527 2115 4581 aut

464 4614 801 4687 conspicere
831 4612 1209 4679 sustinuerit;
1244 4628 1348 4667 nec
1388 4628 1589 4667 aurem
1621 4616 1679 4666 et
1707 4611 1988 4682 linguam,
2022 4628 2113 4669 res

464 4705 694 4760 divinas
723 4702 935 4775 partim
967 4700 1369 4772 accipientem,
1404 4701 1615 4771 partim
1650 4700 2111 4772 proloquentem,

464 4791 716 4850 ethnicis
749 4790 1200 4854 narrationibus,
1227 4805 1293 4844 ac
1325 4788 1623 4844 theatricis
1649 4789 1954 4844 cantilenis
1984 4805 2116 4844 con-

462 4880 739 4938 taminari
769 4896 943 4951 passa
964 4880 1041 4935 sit
1060 4877 1228 4949 (nihil
1251 4878 1405 4934 enim
1444 4877 1669 4950 profani
1700 4877 1881 4933 sacris
1907 4894 2113 4935 conve-

536 5077 582 5112 "
610 5075 779 5133 Deut.
810 5090 986 5141 xxvn,
1017 5074 1072 5130 5.

542 5282 654 5360 (10)
684 5275 831 5360 TF5-
865 5282 960 5360 Οε-
996 5283 1046 5360 ἓν
1080 5277 1229 5360 ἀπάρ,
1381 5350 1414 5360 -
1458 5347 1469 5360 .

541 5346 654 5425 (11)
679 5348 881 5425 Τόπος;
913 5354 963 5408 '6.
994 5348 1353 5425 Jes.,_16vo¢._
1377 5346 1552 5425 Coisl.
1585 5349 1633 5414 1,
1667 5347 1726 5415 ἢ.

543 5419 654 5496 (12)
797 5419 987 5496 αἰτεῖν.
1018 5421 1199 5496 (ΞοὶβιηΔ
1222 5423 1272 5489 1,
1302 5419 1364 5474 τὸ
1395 5419 1584 5496 αἰτεῖν.

546 5490 655 5566 (13)
685 5490 1020 5564 Ἐ’στήλωσε.
1076 5493 1279 5548 Billius
1330 5508 1401 5550 :«
1449 5490 1747 5545 Columnae
1798 5491 1983 5548 instar
2028 5510 2117 5550 se-

472 5565 663 5639 ipsam
697 5568 900 5621 al‘ﬁxit.
922 5588 957 5639 _n

689 5635 1042 5710 Παραστάτις.
1078 5638 1139 5691 ln
1171 5633 1550 5710 quibusdam,
1583 5630 1895 5710 πρόστάτις.

543 5639 656 5780 (14)
689 5639 1042 5710 Παραστάτις.
1078 5639 1139 5691 In
1171 5639 1550 5763 guibusdam,
1583 5639 1751 5707 πρόστ

572 5708 660 5779 15)
692 5704 1145 5783 Συνυπεκούφισε.
1221 5724 1268 5762 r.
1302 5708 1354 5778 1,
1386 5701 1751 5782 συνεκούφισι.

2142 4569 2192 4633 D

2289 3194 2344 3248 1'.
2379 3193 2475 3247 Καὶ
2528 3192 2576 3247 εἷ’
2625 3192 2758 3270 μέγα
2805 3197 2881 3265 τῷ
2930 3193 3292 3269 θυσιαστηρίῳ
3338 3196 3468 3249 ποτὲ
3496 3195 3557 3248 τὸ
3592 3196 3667 3267 μή
3700 3192 3873 3249 πέλε-

2215 3301 2309 3336 κυν
2344 3279 2426 3336 ἐπ’
2455 3280 2586 3336 αὐτὸ
2618 3278 2903 3352 ἀναϐῆναι,
2949 3280 3082 3355 μηδὲ
3135 3278 3390 3360 ὅφθῆναι,
3449 3284 3484 3351 ἢ
3540 3282 3871 3351 ἀκουσθῆναι

2217 3368 2568 3445 λαξευτήριον
2617 3368 2796 3445 (λόγῳ
2855 3371 3086 3444 μείζονι,
3148 3373 3225 3434 ὡς
3298 3369 3415 3427 δέον
3488 3372 3714 3450 φυσικὸν
3778 3371 3874 3425 καὶ

2218 3455 2439 3534 ἄτεχνον
2502 3459 2628 3513 εἶναι
2677 3465 2779 3514 πᾶν
2811 3464 2890 3531 τῷ
2920 3465 3035 3532 Θεῷ
3066 3460 3525 3535 καθιερούμενον),
3588 3464 3707 3520 πῶς
3740 3458 3874 3533 οὐχὶ

2216 3548 2305 3602 καὶ
2337 3549 2463 3618 παρ’
2495 3548 2702 3618 ἐκείνης
2739 3549 2896 3622 μέγα,
2944 3549 3005 3603 τὸ
3056 3552 3235 3622 σιωπῇ
3286 3550 3539 3622 τιμᾶσθαι
3592 3548 3658 3602 τὰ
3718 3546 3874 3621 ἅγια.

2214 3636 2278 3691 τὸ
2315 3639 2527 3709 μήποτε
2556 3641 2699 3691 νῶτα
2730 3634 2950 3706 δοθῆναι
2981 3642 3048 3711 τῇ
3100 3632 3381 3709 σεϐασμίῳ
3439 3640 3549 3709 (17)
3607 3636 3875 3710 τραπέζῃ,

2222 3721 2365 3797 μηδὲ
2410 3728 2837 3794 καταπτυσθῆναι
2886 3732 3026 3789 θεῖον
3076 3723 3294 3795 ἔδαφος,
3338 3725 3399 3779 τὸ
3446 3728 3658 3795 μήποτε
3694 3722 3873 3793 δεξιὰν

2220 3808 2563 3886 ἐμϐληθῆναι
2612 3815 2645 3883 ἢ
2684 3814 2847 3889 χείλη
2906 3822 3130 3889 μιγῆναι
3181 3814 3365 3890 χερσῖν
3413 3811 3769 3881 Ἑλληνικαῖς
3844 3814 3879 3875 ἢ

2219 3901 2430 3977 χείλεσι
2493 3900 2633 3975 μηδὲ
2691 3911 2791 3972 τῆς
2830 3901 3008 3959 τᾶλλα
3053 3904 3436 3975 κοσμιωτάτη..
3487 3903 3747 3975 γυναικὸς
3776 3902 3874 3953 καὶ

2220 3990 2596 4062 οἷκειοτάτης;
2650 3990 2796 4046 ἀλλὰ
2848 3989 2986 4064 μηδὲ
3038 3992 3183 4046 ἀλῶν
3234 3998 3582 4062 κοινωνῆσαι,
3648 3992 3726 4063 μὴ
3787 3990 3873 4045 ὃτι

2220 4078 2459 4147 έκοῦσαν,
2495 4078 2640 4135 ἀλλὰ
2672 4078 2813 4153 μηδὶ
2844 4081 3173 4154 βιασθεῖσαν,
3205 4086 3320 4142 τοῖς
3353 4080 3458 4134 ἀπὸ
3486 4086 3586 4147 τῆς
3618 4073 3878 4153 βεϐήλου

2218 4168 2307 4221 καὶ
2338 4165 2567 4242 ἀναγνου
2622 4167 2892 4241 τραπέζης
2980 4166 3120 4241 μηδέ
3168 4170 3361 4244 μιαρὸν
3410 4169 3556 4221 οἷκον
3587 4169 3621 4236 ἢ
3658 4165 3875 4233 παρελ-

2222 4257 2330 4310 θεῖν
2364 4277 2515 4325 ποτε,
2545 4257 2579 4325 ἢ
2610 4254 2740 4312 ίδεῖν
2774 4256 3123 4331 ἀοασχέσθαι,
3155 4258 3299 4333 παρᾶ
3338 4258 3437 4325 τήν
3481 4262 3577 4310 τοῦ
3626 4254 3884 4311 συνειδό-

2218 4366 2311 4407 τος
2340 4345 2691 4417 νομοθεσίαν·
2730 4344 2872 4419 μηδὶ
2902 4343 3239 4421 διηγήμασιν
3272 4345 3645 4415 Ἑλληνικοῖς,
3698 4344 3733 4411 ἦ
3792 4344 3887 4414 ᾆσ-

2226 4456 2355 4508 μασι
2403 4440 2704 4509 θεατρικοῖς
2758 4437 3240 4509 καταμολυνθῆναι
3295 4436 3394 4503 τὴν
3455 4434 3653 4504 ἀκοήν,
3709 4434 3882 4502 ἣτὴν

2221 4521 2496 4598 γλῶσσαν,
2546 4525 2645 4593 τήν
2700 4525 2768 4579 τὰ
2825 4527 2942 4579 θεῖα
3016 4522 3321 4601 δεχομένην
3398 4525 3431 4591 ἢ
3489 4524 3887 4600 φθεγγομένην

2224 4608 2399 4684 (οὐδὶν
2455 4614 2556 4688 γὰρ
2617 4612 2786 4688 ἱεροῖς
2844 4614 3066 4689 πρέπειν
3125 4614 3395 4689 ἀνίερον)·

2222 4701 2685 4776 θαυμασιώτερον,
2744 4703 2807 4756 τὸ
2851 4704 3063 4774 μήποτε
3122 4700 3378 4757 τοσοῦτον
3446 4698 3633 4755 δοῦναι
3694 4701 3886 4765 πένθει

2224 4794 2543 4861 σωματικῷ,
2600 4790 2839 4866 καίτοιγί
2913 4789 3274 4869 διαφερόντως
3330 4789 3730 4863 καμπτομένην
3797 4791 3889 4844 καὶ

2221 4882 2338 4941 τοῖς
2394 4882 2501 4933 τῶν
2560 4877 2715 4949 ξένων
2775 4881 3016 4951 πάθεσιν,
3073 4879 3209 4935 ὥστε
3240 4881 3273 4947 ἢ
3327 4879 3521 4955 γοεράν
3581 4900 3720 4935 ποτε
3780 4878 3889 4954 πρὸ

3445 4613 3533 4666 καὶ
3581 4611 3610 4665 ὅ
3664 4612 3885 4666 τούτων

2302 5281 2410 5355 (16)
2440 5280 2791 5355 Ἀναγκαίων,
2842 5287 2947 5355 etc.
3002 5284 3165 5355 Perga
3198 5300 3364 5338 voces
3420 5286 3791 5342 necessarias
3831 5292 3895 5342 et

2231 5354 2533 5438 mysticae,
2564 5354 2589 5401 ί
2619 5369 2719 5409 eas
2760 5354 3037 5438 intelligit
3066 5354 3240 5438 Elias,
3273 5355 3505 5438 quibus
3540 5355 3741 5438 plebs_
3762 5363 3899 5438 tota

2230 5425 2630 5499 sacerdotibus
2672 5425 2990 5494 accinebat,
3023 5425 3231 5499 quales
3256 5431 3517 5499 sunt,ut
3543 5425 3606 5483 in
3662 5429 3899 5487 scholia

2228 5495 2464 5568 legitur,
2496 5512 2665 5551 voces
2701 5515 2713 5552 :
2749 5520 2775 5547 ‹‹
2807 5499 3013 5570 Amen,
3039 5495 3101 5555 et
3130 5514 3262 5570 cum
3293 5498 3515 5570 Spiritu
3548 5506 3651 5555 tuo
3690 5518 3703 5556 :
3733 5501 3902 5556 San-

2228 5567 2381 5638 ctus,
2413 5572 2671 5643 sanctus,
2705 5572 2762 5623 et
2791 5568 3009 5643 similia
3041 5595 3055 5628 :
3082 5592 3111 5620 »
3134 5567 3354 5643 λ’Δμήνῖ
3372 5567 3460 5621 καὶ
3500 5573 3580 5642 τῷ
3610 5572 3909 5643 Πνεύματί

2228 5636 2475 5715 configunt
2494 5637 2582 5715 τὲ,
2610 5644 2825 5715 Ἄγιοςζ
2856 5638 3030 5715 ἅγιος,
3059 5640 3150 5715 καὶ
3178 5636 3247 5715 τᾷ
3272 5636 3514 5695 τοιοῦτα.

2299 5711 2413 5784 (17)
2444 5703 2759 5785 Σεϐασμίὶρ.
2792 5703 2977 5787 Or.'1,
3007 5703 3293 5788 σεϐασμίᾳ.
