4138 6212
304 392 426 453 997

1225 388 1516 450 ORATIO
1557 385 1879 449 XVIII.—
1906 388 2292 449 FUNEBRIS
2338 390 2413 450 IN
2461 388 2808 452 PATREM.

3605 394 3725 457 998

302 530 404 592 τῆς
438 518 795 596 εὐχαριστίας
828 520 935 593 (18)
983 516 1214 593 ῥαγῆναι
1263 519 1446 595 φωνὴν
1502 518 1536 586 ἧ
1592 514 1821 592 δάκρυον
1873 516 1995 586 έκγ

2093 520 2202 576 iire
2233 522 2580 592 statuebat);
2616 540 2741 593 nec,
2766 523 2918 593 quod
2951 520 3156 593 majori
3190 523 3565 579 admirationi
3597 541 3727 583 esse

300 616 477 667 πεσεῖν
526 608 799 685 βλεφάρου
862 612 1134 681 μυστικῶς
1192 606 1633 684 σφραγισθέντος,
1677 607 1710 674 ἢ
1760 613 1954 680 σχῆμα

300 702 561 771 πένθιμον
596 696 945 772 παραμένειν,
978 696 1223 763 καίτοιγε
1260 694 1485 750 πολλῶν
1519 693 1791 755 πολλάκις
1825 716 1956 766 συμ-

300 789 575 845 πεσόντων
625 787 761 859 αὐτῇ
820 785 1104 859 λυπηρῶν,
1177 782 1430 859 λαμπρᾶς
1512 786 1618 856 (19)
1678 783 1954 858 παρούσης

304 877 536 951 ἡμέρας.
574 882 773 951 Ψυχῆς
804 876 905 951 γὰρ
951 876 1085 928 εἶναι
1133 872 1423 951 θεοφιλοῦς
1478 871 1787 927 ὑποκλίνειν
1842 876 1959 932 τοῖς

308 967 472 1027 θείοις
505 966 640 1019 ἅπαν
670 964 1031 1039 ἀνθρώπινον.

2064 610 2256 675 debet,
2288 627 2562 681 corporeo
2593 612 2777 666 luctui
2827 617 3057 667 tantum
3093 629 3354 684 unquam
3388 613 3725 699 indulserit,

2064 696 2201 751 licet
2227 699 2443 769 alioqui
2468 699 2555 753 vel
2577 706 2950 755 externorum
2977 702 3419 756 calamitatibus
3441 696 3725 772 majorem

2071 785 2127 838 in
2162 786 2399 840 modum
2430 794 2915 854 commoveretur,
2942 795 3005 842 ut
3028 788 3296 845 luctuosa
3316 806 3421 845 vox
3452 791 3501 845 ei
3534 792 3728 861 prius-

2072 888 2247 943 quam
2279 874 2602 945 gratiarum
2640 878 2792 930 actio
2823 884 3178 948 erumperet,
3204 883 3303 932 aut
3333 895 3398 933 ex
3432 878 3728 950 palpebris

2074 960 2315 1032 mystice
2334 962 2583 1033 signatis
2611 963 2864 1035 lacryma
2890 965 3113 1033 flueret,
3129 972 3229 1020 aut
3252 983 3382 1020 cum
3404 967 3529 1022 dies
3546 968 3731 1024 festus

315 1057 566 1125 adesset,
600 1053 869 1126 quamvis
916 1054 1025 1125 ipsi
1081 1052 1279 1107 multa;
1328 1069 1580 1124 persaepe
1630 1050 1910 1106 molestiae
1942 1048 2281 1117 acciderint,
2315 1049 2583 1122 lugubris
2613 1052 2848 1108 habitus
2881 1061 3265 1125 permaneret.
3302 1056 3413 1111 Pias
3460 1057 3616 1112 enim
3664 1075 3730 1113 ac

311 1146 427 1202 Deo
460 1144 646 1199 charte
679 1142 886 1197 animae
919 1159 1047 1200 esse
1078 1143 1373 1207 censebat,
1408 1140 1623 1197 divinis
1649 1140 1826 1195 rebus
1855 1139 2115 1194 humana
2146 1139 2347 1194 omnia
2375 1140 2738 1197 submittere.

384 1234 488 1291 IA'.
523 1233 620 1287 Καὶ
654 1234 846 1286 σιωπῶ
874 1231 942 1286 τὰ
969 1230 1177 1286 τούτων
1211 1229 1643 1306 ἀπορῥητότερα,
1699 1230 1770 1283 ὧν
1832 1230 1960 1291 Θεὸς

319 1321 543 1398 μάρτυς,
602 1319 690 1374 καὶ
732 1325 843 1375 τῶν
893 1324 1100 1374 πιστῶν
1152 1322 1263 1393 (20)
1310 1316 1703 1393 θεραπαινίδων
1755 1319 1839 1379 αἷς
1899 1316 1965 1371 τὰ

310 1417 534 1466 τοιαῦτα
590 1408 882 1465 ἐπίστευσε.
932 1410 1002 1463 Τὸ
1076 1410 1179 1483 γὰρ
1252 1409 1369 1462 καθ’
1436 1408 1584 1479 ἡμᾶς
1648 1404 1781 1467 ἴσως
1838 1403 1964 1460 οὐδὲ

315 1504 539 1574 μνήμης
590 1499 866 1568 ἀξιωτέον,
911 1497 985 1558 ὡς
1037 1496 1278 1567 ἀναξίους
1327 1501 1424 1550 τοῦ
1469 1494 1814 1556 έλπισθέντος
1843 1514 1855 1527 ’
1917 1494 1962 1548 εί

309 1588 526 1661 κάκείνῃ
560 1586 694 1661 μέγα
720 1586 784 1640 τὸ
824 1586 1162 1662 ἐπιχείρημα
1193 1588 1327 1658 (21),
1387 1584 1470 1639 ὅτι
1517 1584 1607 1639 καὶ
1664 1585 1771 1659 πρὸ
1828 1582 1969 1657 γενέ-

318 1698 455 1737 σεως
504 1678 652 1748 ἡμᾶς
700 1674 1074 1749 καθυπέσχετο
1121 1678 1199 1745 τῷ
1246 1679 1381 1745 Θεῷ,
1437 1670 1604 1745 μηδὲν
1655 1671 1715 1727 τὰ
1764 1669 1966 1745 μέλλον

312 1759 695 1835 εὐλαϐηθεῖσα,
746 1763 835 1818 καὶ
894 1763 1242 1838 γεννηθέντας
1301 1762 1453 1826 εὐθὸς
1528 1761 1775 1832 ἀνέθηκε.
1834 1764 1965 1815 Θεοῦ

2145 1230 2294 1285 337
2330 1230 2417 1286 ΧΙ.
2452 1238 2554 1302 Ac,
2607 1249 2732 1304 quae
2793 1233 2885 1288 his
2934 1233 3250 1290 occultiora
3308 1240 3479 1305 sunt,
3540 1240 3726 1303 taceo,

2075 1334 2326 1389 quorum
2370 1322 2535 1376 testis
2586 1328 2675 1377 est
2727 1327 2899 1388 Deus,
2933 1330 2988 1377 et
3020 1323 3267 1389 ancillas,
3293 1341 3542 1395 quarum
3594 1326 3729 1381 ﬁdei

2076 1423 2166 1462 res
2218 1408 2559 1478 hujusmodi
2610 1412 3031 1467 committebat.
3064 1413 3209 1467 Nam
3258 1412 3425 1485 illud,
3460 1415 3614 1484 quod
3656 1415 3729 1470 ad

2076 1512 2183 1551 nos
2216 1498 2445 1567 attinet,
2481 1516 2551 1553 ne
2585 1501 3146 1556 commemoratione
3196 1502 3432 1571 quidem
3485 1505 3734 1559 fortasse

2074 1584 2320 1656 dignum
2352 1592 2462 1656 est,
2496 1593 2699 1659 utpote
2730 1590 2829 1659 qui
2864 1590 3053 1660 ipsius
3099 1592 3218 1661 spei
3274 1592 3732 1663 haudquaquam

2075 1675 2591 1745 responderimus;
2634 1693 2971 1748 quanquam
3008 1695 3258 1750 magnus
3290 1680 3399 1750 ipsi
3436 1680 3526 1735 hic
3558 1696 3737 1735 cona-

2074 1767 2171 1817 tus
2206 1763 2333 1831 fuit,
2360 1766 2515 1835 quod
2550 1782 2655 1820 nos
2697 1766 2872 1821 etiam
2909 1771 3041 1821 ante
3073 1773 3262 1822 ortum
3298 1768 3433 1835 Deo,
3471 1768 3734 1824 futurum

316 1852 373 1908 δὲ
414 1855 476 1908 τὸ
530 1854 603 1926 μὴ
658 1854 830 1923 πάντη
884 1850 1198 1928 διαμαρτεῖν
1247 1851 1414 1919 αὐτὴν
1468 1858 1568 1919 τῆς
1598 1850 1791 1925 εὐχῆς,
1828 1846 1967 1921 μηδὲ

2093 1850 2226 1905 nihil
2259 1852 2669 1919 reformidans,
2705 1855 2994 1927 promisit,
3022 1862 3195 1927 atque
3234 1858 3290 1912 in
3330 1857 3515 1913 lucem
3549 1859 3735 1914 editos

1948 1938 1961 1957 ἱ

317 1944 628 2011 ἀπωσθῆναι
677 1942 740 1996 τὸ
799 1941 1151 2018 καλλιέρημα
1383 1940 1598 1995 Τούτων
1654 1941 1748 2011 μὲν
1782 1936 1873 1993 οὖν
1906 1938 1971 1992 τὰ

325 2034 417 2107 μὶν
452 2034 626 2107 παρῆν
654 2028 787 2102 ἤδη,
818 2031 884 2085 τὰ
914 2028 972 2085 δὲ
1001 2028 1223 2104 ἔμελλε,
1272 2036 1391 2091 ταῖς
1417 2030 1552 2083 κατὰ
1599 2027 1760 2103 μέρος
1812 2047 1973 2101 προσ-

320 2124 513 2192 θήκαις
569 2120 855 2192 αὐξόμενα.
908 2120 1004 2174 Καὶ
1066 2120 1305 2194 καθάπερ
1359 2117 1515 2187 ἣλιος
1573 2115 1790 2187 ἣδιστον
1857 2121 1972 2175 ταῖς

324 2211 569 2271 έωθιναῖς
602 2203 969 2284 προσϐάλλων
1020 2207 1218 2278 ἀκτῖσι,
1250 2212 1369 2268 ταῖς
1420 2200 1816 2281 μεσημϐριναῖς
1861 2205 1974 2278 θερ-

328 2297 555 2374 μότερος
581 2296 794 2351 ’ίσταται
826 2297 917 2351 καὶ
948 2294 1301 2374 φαιδρότερος
1327 2317 1339 2330 ·
1374 2295 1516 2350 οὕτω
1560 2294 1649 2349 καὶ
1700 2292 1859 2363 αὕτη,
1912 2290 1972 2346 οὐ

329 2386 496 2461 μικρὰ
542 2386 610 2439 τὰ
648 2392 747 2454 τῆς
791 2380 1059 2447 εὐσεϐείας
1119 2385 1208 2438 ἀπ’
1237 2385 1415 2458 ἀρχῆς
1449 2382 1806 2460 ὑπνφαίνουσα
1839 2383 1972 2454 (23),

323 2480 402 2546 τῷ
447 2473 745 2546 τελευταίῳ
797 2474 936 2551 φωτὶ
992 2472 1159 2527 πλέον
1219 2472 1507 2546 ἐξέλαμψε.
1570 2470 1709 2529 Τότε
1762 2468 1807 2524 δ’
1882 2467 1972 2523 οὖν

328 2566 546 2639 κέντρον
599 2562 660 2617 οὐ
714 2562 905 2635 μικρὸν
958 2557 1225 2623 εὐσεϐείας
1276 2558 1483 2624 οἴκοθεν
1535 2561 1680 2635 εἶχεν
1730 2558 1895 2626 αὐτὴν
1947 2558 1975 2612 ὁ

325 2652 778 2724 εἷσοικισάμενος,
829 2652 1029 2714 ἄνωθεν
1092 2651 1208 2724 μὲν,
1257 2650 1345 2705 καὶ
1392 2649 1450 2704 έκ
1498 2648 1773 2725 προγόνων
1825 2644 1978 2725 φιλό-

335 2736 453 2795 θεόν
506 2760 564 2794 τε
618 2740 708 2794 καὶ
768 2741 1151 2817 φιλοχριστον,
1192 2740 1281 2794 καὶ
1310 2743 1559 2813 πατρῷον
1591 2736 1798 2814 κλῆρον
1861 2734 1976 2790 δια-

336 2826 627 2902 δεξαμένην
678 2830 769 2883 τὸν
819 2836 918 2898 τῆς
967 2828 1202 2902 ἀρετῆς·
1257 2826 1384 2883 ἀλλ’
1442 2826 1541 2881 οὐκ
1590 2826 1649 2881 ἐκ
1697 2833 1795 2895 τῆς
1827 2826 1978 2901 ἀγρι-

332 2918 539 2989 ελαίου,
597 2919 772 2978 καθὼς
829 2917 1052 2984 ἐκεῖνος,
1120 2916 1570 2993 ἐγκεντρισθεῖσαν
1632 2916 1708 2977 εἰς
1782 2914 1979 2970 καλλι-

326 3006 527 3075 έλαιον,
559 3007 619 3061 οὐ
654 3005 916 3083 φέρουσαν
952 3004 1009 3060 δὲ
1040 3007 1101 3061 τὸ
1153 3007 1490 3082 έτεροζυγεῖν
1544 3003 1613 3059 δι’
1666 3000 1976 3078 ὑπερϐολὴν

329 3096 599 3157 πίστεως’
663 3094 808 3151 ἀλλὰ
852 3100 1012 3150 τοῦτο
1069 3095 1227 3167 μόνον
1277 3094 1644 3173 φιλοσοφῆσαι
1696 3095 1771 3167 μή
1824 3092 1979 3147 δυνα-

338 3187 528 3257 μένην,
576 3183 755 3239 τόιλλα
812 3187 1282 3261 καρτερικωτάτην
1345 3182 1502 3238 οὖσαν
1567 3188 1831 3259 γυναικῶν
1890 3183 1979 3236 καὶ

2081 1940 2278 1995 statim
2305 1942 2685 1997 consecravit.
2711 1943 2809 1998 Dei
2836 1951 3030 1999 autem
3057 1946 3401 2001 beneficium
3436 1947 3580 2002 illud
3605 1947 3735 2013 fuit,

2083 2031 2237 2100 quod
2271 2035 2399 2085 voto
2432 2048 2539 2086 suo
2583 2049 2696 2087 non
2747 2034 2986 2088 omnino
3033 2035 3328 2105 exciderit,
3366 2053 3469 2091 nec
3501 2035 3737 2091 victima

2082 2134 2170 2181 ea,
2204 2136 2381 2189 quam
2434 2120 2742 2187 obtulerat,
2798 2124 3105 2192 repudiata
3156 2125 3348 2178 fuerit.
3383 2127 3567 2194 Atque
3616 2125 3736 2179 haec

2084 2207 2347 2277 quidem,
2381 2208 2592 2278 partim
2617 2212 2744 2279 jam
2776 2212 3038 2280 aderant,
3074 2212 3283 2282 partim
3323 2213 3736 2280 adventabant,

2086 2295 2276 2349 tacitis
2308 2298 2685 2352 incrementis
2713 2298 2995 2367 paulatim
3033 2302 3425 2370 augescentia.
3455 2303 3520 2355 Et
3540 2318 3741 2372 quem-

2085 2384 2404 2438 admodum
2459 2385 2565 2449 sol,
2601 2386 2910 2442 matutinis
2962 2388 3140 2443 radiis
3173 2390 3232 2443 in
3265 2389 3464 2445 oculos
3515 2389 3739 2445 suavis-

2086 2472 2233 2527 sime
2277 2472 2566 2539 incidens,
2601 2476 2942 2532 meridianis
2975 2477 3247 2533 fervidior
3275 2483 3331 2534 et
3379 2478 3741 2550 splendidior

2087 2564 2230 2628 stat;
2265 2562 2467 2617 eodem
2520 2565 2691 2620 modo
2734 2564 2852 2631 illa,
2887 2582 3019 2620 cum
3070 2565 3225 2621 haud
3278 2584 3455 2639 parva
3503 2568 3738 2639 pietatis

2089 2650 2281 2705 officia
2314 2652 2568 2722 primum
2618 2654 2980 2711 subobscure
3033 2656 3407 2725 ostendisset,
3444 2660 3737 2728 postremo

2088 2738 2310 2795 lumine
2345 2742 2533 2813 magis
2574 2742 2965 2807 exsplenduit.
3001 2745 3149 2799 Tum
3204 2744 3385 2817 igitur
3430 2744 3587 2801 haud
3620 2744 3737 2800 exi-

2089 2844 2271 2899 guum
2300 2830 2535 2900 pietatis
2557 2833 2865 2886 stimulum
2892 2833 3047 2887 domi
3073 2833 3449 2906 babebat,qui
3474 2851 3602 2890 eam
3629 2833 3740 2890 sibi

2091 2918 2462 2973 matrimonio
2497 2921 2793 2988 junxerat,
2828 2920 3043 2992 quippe
3094 2938 3219 2993 quae
3270 2923 3618 2993 antiquitus,
3651 2929 3738 2978 at-

2090 3021 2201 3076 que
2233 3022 2266 3060 a
2297 3007 2621 3077 majoribus
2644 3009 2790 3071 suis,
2815 3009 2913 3063 Dei
2947 3015 3007 3064 et
3036 3010 3247 3065 Christi
3270 3028 3466 3067 amore
3500 3012 3740 3083 praedita

2089 3101 2263 3161 esset,
2297 3112 2361 3150 ac
2400 3097 2632 3150 virtutis
2682 3097 3077 3153 baereditatem
3107 3116 3141 3153 a
3172 3100 3438 3170 patribus
3481 3100 3738 3172 accepis-

2091 3189 2208 3248 set;
2242 3201 2355 3239 non
2389 3190 2605 3251 autem,
2640 3191 2703 3239 ut
2751 3185 2867 3253 ille,
2902 3203 2969 3241 ex
3018 3186 3268 3243 oleastro
3309 3189 3368 3243 in
3402 3186 3612 3244 olivam
3646 3190 3737 3243 in-

335 3241 737 3348 dvdpiiéwtimv
771 3241 904 3347 (24).,
954 3241 1016 3327 τὸ
1046 3273 1095 3344 ἐξ
1145 3241 1396 3347 ἡμίσείας
1449 3241 1688 3342 ἡνῶσθαι
1735 3278 1813 3345 τῷ
1865 3275 1981 3343 Θεῷ

2093 3278 2246 3328 serta
2291 3274 2514 3341 fuisset,
2549 3289 2673 3342 nec,
2706 3279 2939 3347 propter
2981 3275 3379 3332 incredibilem
3412 3278 3731 3348 quamdam

340 3363 428 3418 διὰ
458 3363 556 3431 τὴν
584 3366 681 3416 τοῦ
710 3363 999 3435 τμήματος
1031 3359 1419 3438 ἀλλοτρίωσιν,
1453 3360 1597 3417 ἀλλὰ
1647 3363 1721 3435 μὴ
1755 3381 1981 3437 προστε-

333 3454 489 3521 θῆναι
519 3455 587 3525 τῇ
620 3450 906 3525 σωματικῇ
941 3451 1196 3530 συναφείᾳ
1223 3453 1322 3521 τὴν
1368 3450 1637 3529 συμφυίαν
1686 3455 1781 3506 τοῦ
1825 3450 1982 3505 τινεύ-

336 3560 541 3613 ματος·
600 3539 689 3594 καὶ
749 3537 836 3596 διὰ
886 3544 1052 3595 τοῦτο
1123 3540 1563 3615 προσπίπτουσαν
1613 3541 1708 3614 μὲν
1762 3545 1840 3612 τῷ
1869 3545 1983 3612 Θεῴ

332 3630 521 3691 νυκτὸς
570 3630 657 3683 καὶ
709 3631 942 3705 ἡμέρας,
993 3630 1082 3685 καὶ
1131 3632 1257 3705 παρ’
1320 3629 1483 3684 αὐτοῦ
1541 3631 1639 3698 τὴν
1708 3628 1978 3705 σωτηρίαν

331 3721 429 3787 τῆς
488 3716 732 3796 κεφαλῆς
808 3718 1134 3792 αἰτουμένην
1195 3719 1245 3772 έν
1304 3716 1542 3780 πολλαῖς
1591 3716 1862 3787 νηστείαις
1892 3717 1983 3772 καὶ

339 3806 584 3882 δάκρυσι,
634 3806 1028 3884 προσκειμένην
1074 3806 1131 3861 δὶ
1179 3811 1256 3878 τῷ
1298 3803 1451 3881 ἀνδρὶ
1503 3802 1835 3884 φιλοπόνως,
1894 3806 1982 3859 καὶ

336 3894 702 3971 πολυτρόπως
758 3896 915 3951 αὐτὸν
968 3895 1433 3969 έμπορευομένην,
1477 3892 1829 3967 ὀνειδισμοῖς,
1860 3915 1981 3948 νου·-

340 3985 565 4057 θεσίαις,
606 3985 933 4060 θεραπείαις,
981 3984 1396 4057 ἀλλοτριώσεσι,
1464 3984 1527 4038 τὸ
1579 3984 1852 4058 μέγιστον,
1904 3987 1984 4055 τῷ

340 4074 528 4147 οἰκείῳ
559 4074 767 4149 τρόπῳ,
802 4075 890 4128 καὶ
922 4078 1000 4146 τῷ
1038 4075 1351 4149 θερμοτέρῳ
1381 4072 1503 4148 περί
1534 4073 1631 4140 τήν
1680 4067 1982 4144 εὐλάϐειαν,

337 4164 384 4236 ᾧ
446 4160 682 4235 μάλιστα
745 4165 897 4239 ψυχὴ
947 4164 1249 4236 κάμπτεται
1305 4164 1393 4217 καὶ
1445 4161 1797 4235 μαλάσσεται,
1851 4162 1986 4237 πρὸς

339 4252 535 4327 ἀρετὴν
565 4251 825 4313 ἑκουσίως
863 4252 1178 4327 βιαζομένη.
1226 4250 1468 4322 Ἔμελλε
1518 4248 1575 4304 δὶ
1626 4248 1727 4325 ἄρα
1767 4249 1985 4306 κοιλαί-

336 4362 445 4396 νειν
495 4343 607 4415 (25)
654 4342 753 4409 τὴν
803 4342 1000 4415 πέτραν
1050 4341 1085 4409 ἡ
1136 4343 1230 4394 τοῦ
1282 4337 1473 4401 ὕδατος
1507 4338 1656 4414 ῥανὶς
1695 4339 1776 4394 ἀεὶ
1807 4338 1983 4410 πλήτ-

333 4450 522 4496 τουσα,
552 4429 641 4484 καὶ
675 4429 860 4506 χρόνῳ
894 4428 1155 4485 διανύσειν
1186 4428 1249 4483 τὸ
1298 4425 1732 4500 σπουδαζόμενον
1759 4447 1770 4459 ·
1824 4426 1989 4498 δηλοῖ

343 4515 400 4573 δὲ
424 4519 493 4572 τὰ
521 4516 709 4595 ἐφεξῆς
723 4562 733 4577 .

2088 3361 2224 3416 ﬁdei
2248 3360 2732 3433 magnitudinem,
2756 3378 2889 3418 cum
2912 3363 3151 3419 diversae
3178 3365 3475 3437 religionis
3497 3366 3734 3420 homine

2080 3452 2293 3522 jugum
2326 3451 2537 3506 ducere
2585 3452 2927 3520 sustineret;
2960 3469 3178 3519 verum,
3202 3454 3471 3525 quamvis
3517 3453 3735 3527 alioqui

2092 3538 2366 3594 mulieres
2397 3556 2600 3595 omnes
2632 3540 2921 3612 patientiae
2953 3559 3018 3597 ac
3050 3542 3407 3598 fortitudinis
3437 3543 3608 3599 laude
3639 3560 3737 3599 su-

2090 3634 2339 3699 peraret,
2372 3628 2480 3683 hoc
2521 3646 2704 3683 unum
2750 3648 2915 3701 mquo
2948 3632 3143 3686 animo
3178 3634 3321 3687 ferre
3354 3649 3465 3686 non
3518 3636 3737 3704 posset,

2092 3732 2153 3771 se
2185 3716 2429 3771 dimidia
2461 3722 2685 3772 tantum
2720 3733 2785 3772 ex
2821 3726 3003 3790 parte,
3037 3722 3108 3774 ob
3142 3721 3416 3792 segmenti
3452 3720 3543 3775 sui
3574 3736 3736 3775 aver-

2093 3805 2339 3875 sionem,
2377 3806 2486 3860 Deo
2516 3806 2796 3877 copulari,
2823 3812 2879 3862 et
2910 3825 3023 3863 non
3055 3810 3124 3863 ad
3159 3826 3465 3879 corporum
3501 3810 3741 3879 conjun-

2091 3893 2341 3949 ctionem
2382 3894 2626 3965 spiritus
2670 3895 2843 3948 etiam
2880 3896 3153 3951 unionem
3200 3897 3471 3969 adjungi;
3509 3914 3575 3952 ac
3608 3913 3741 3969 pro-

2094 3986 2291 4053 pterea
2316 3981 2440 4036 dies
2464 3987 2780 4053 noctesque
2803 3984 2870 4037 ad
2898 3984 2999 4038 Dei
3033 3986 3205 4056 pedes
3236 3985 3541 4056 accideret,
3565 3990 3743 4057 atque

2096 4088 2197 4142 pro
2229 4070 2434 4141 capitis
2464 4070 2554 4125 sui
2587 4070 2776 4126 salute
2801 4088 2935 4127 cum
2972 4073 3173 4128 multis
3197 4075 3443 4145 jejuniis
3476 4080 3534 4130 et
3566 4075 3748 4147 lacry-

2096 4161 2209 4215 mis
2239 4176 2369 4215 eum
2405 4160 2754 4225 obsecraret,
2789 4164 2963 4232 atque
2994 4162 3113 4218 viro
3162 4164 3337 4219 etiam
3386 4163 3588 4220 sedulo
3620 4164 3746 4220 ins-

2093 4254 2262 4313 taret,
2311 4264 2563 4319 eumque
2603 4249 2778 4304 variis
2829 4252 3016 4307 modis
3077 4251 3290 4307 lucrari
3348 4255 3746 4321 contenderet,

2096 4337 2344 4411 probris,
2378 4338 2903 4405 admonitionibus,
2954 4341 3275 4413 obsequiis,
3320 4341 3747 4413 simultatibus,

2097 4427 2345 4498 et,quod
2371 4426 2603 4481 maximi
2630 4428 2911 4484 momenti
2934 4436 3076 4496 erat,
3098 4447 3327 4486 morum
3353 4447 3597 4486 suorum
3625 4448 3752 4502 pro-

2016 4504 2063 4568 D
2096 4516 2272 4572 bitate
2303 4532 2370 4571 ac
2403 4516 2646 4571 ferventi
2687 4532 2824 4589 erga
2871 4518 3141 4588 pietatem
3173 4519 3390 4586 studio,
3414 4536 3531 4590 qua
3567 4520 3753 4590 potis-

344 4608 563 4663 simum
596 4624 656 4664 re
687 4609 888 4665 anima
918 4608 1169 4665 ﬂectitur
1197 4612 1253 4662 et
1281 4605 1595 4672 emollitur,
1630 4622 1694 4661 ac
1725 4605 2049 4662 voluntarie
2080 4606 2148 4660 ad
2195 4604 2470 4660 virtutem
2518 4604 2896 4675 pertrahitur.
2932 4606 3043 4663 Nec
3077 4624 3205 4662 vero
3238 4608 3407 4663 aliter
3439 4608 3558 4663 ﬁeri
3588 4612 3755 4679 pote-

344 4703 452 4761 rat,
488 4698 628 4768 quin
664 4698 917 4753 assiduis
948 4698 1183 4753 tandem
1215 4695 1428 4751 ictibus
1459 4698 1625 4767 gutta
1655 4694 1908 4765 lapidem
1942 4699 2259 4758 excavaret,
2293 4710 2358 4747 ac
2390 4709 2697 4764 progressu
2732 4696 3035 4766 temporis,
3068 4697 3220 4766 quod
3254 4697 3546 4764 studebat,
3573 4697 3754 4753 conﬁ-

345 4789 521 4851 ceret,
554 4787 1050 4857 quemadmodum
1083 4801 1151 4842 ex
1182 4786 1294 4855 his,
1328 4801 1454 4856 quaa
1485 4784 1763 4856 deinceps
1794 4788 2141 4856 sequuntur,
2176 4782 2399 4854 liquido
2434 4781 2753 4853 apparebit.

414 4926 523 4997 (18)
554 4926 943 5004 βύχαριστίας.
996 4932 1175 5004 Regg.
1222 4929 1441 5001 plures,
1474 4933 1593 4984 tres
1623 4928 1783 4984 Colb.
1816 4934 1912 4985 Or.
1945 4929 1996 4994 1,

342 4996 964 5075 δοξἹίεύχαριστηρίου.

415 5070 528 5140 (L9)
558 5070 847 5147 Λαμπρᾶς,
879 5078 989 5129 etc.
1024 5071 1231 5128 Billius
1266 5089 1278 5126 :
1305 5094 1332 5121 ‹‹
1379 5071 1697 5142 Splendido
1728 5071 1820 5126 die
1851 5088 1992 5143 prae-

360 5148 543 5198 sente.
570 5164 599 5191 ››

426 5212 536 5285 (20)
566 5216 682 5265 Τῶν
712 5217 934 5268 πιστῶν.
970 5215 1140 5271 Deest
1168 5214 1228 5269 in
1260 5218 1396 5285 Reg.
1430 5213 1553 5285 b_m.

442 5281 533 5378 ΞΑ)
564 5284 956 5378 Emimu-
988 5288 1126 5378 θοι·
1162 5303 1214 5353 ³ο
1249 5281 1786 5378 οεοζὲεὲγχιὲρηξξτ

566 5351 945 5433 Καλλίέρημα.
991 5380 1019 5408 ‹‹
1056 5351 1627 5433 -ξβοιέαᾲὶί-ῐαΐίειίὶα
1672 5351 1999 5433 καλλιερέω,

350 5446 380 5475 ι(
410 5424 538 5495 lito,
579 5445 744 5500 sacra
776 5424 969 5486 'fa'cio.
997 5452 1024 5479 »
1056 5430 1201 5485 Hinc
1257 5426 1488 5500 Βοιωιά
1538 5424 1850 5500 Χριστιανοὶ
1874 5424 1881 5428 ’
1906 5424 1998 5500 μιν

350 5516 483 5550 ποτε
533 5498 918 5572 καλ-ληροῦσι,
971 5500 1093 5555 ὅταν
1150 5497 1371 5559 ἑαυτοὺς
1406 5500 1505 5572 -τῷ
1562 5497 1677 5572 Qui)
1728 5497 1998 5572 προσαγά-

350 5588 485 5648 γωσι
519 5565 1291 5648 πνεύματιμσυντετριμμένῳ,
1334 5568 1422 5623 καὶ
1454 5565 2001 5648 καρδίᾳ-τεταπεινω-

355 5636 503 5725 μένῃ.
539 5664 568 5691 ‹‹
602 5636 917 5725 ghristiani
947 5636 1366 5725 quidem-tunc
1396 5636 1563 5725 sacra
1593 5636 2002 5725 faciuntt‘cum

351 5710 579 5784 seipsos
608 5714 726 5773 Deo
755 5710 1006 5775 offerunt
1052 5715 1264 5790 spiritu
1295 5713 1565 5784 contrito,
1599 5721 1653 5770 et
1692 5712 2003 5772 humiliato

2110 4927 2300 4982 corde.
2329 4948 2355 4974 ››

2175 4998 2289 5122 (23)
2319 4996 2732 5072 ’Υποφαινουσα.
2775 4997 2947 5055 Coisl.
3004 5002 3057 5069 1,
3106 4998 3420 5077 ὐφαίνουσα,
3455 5024 3485 5053 ‹‹
3536 5000 3755 5058 texuis-

2203 5111 2215 5122 ,
2239 5091 2267 5117 ››

2108 5085 2215 5125 Βθῐ..
2239 5091 2267 5117 ››

2181 5138 2296 5226 (24)
2351 5133 2809 5226 Ἀνδρικωτάτην,
2856 5141 3036 5215 Regg.
3087 5161 3144 5212 a,
3194 5146 3313 5211 bm,
3364 5144 3539 5201 Coisl.
3573 5146 3626 5215 1,
3656 5144 3753 5201 0r.

2113 5212 2162 5279 1,
2189 5207 2605 5283 ἃνδρειοτάτῃν.

2181 5278 2664 5360 (εὶὲξγΚοιλαίνειν,
2730 5288 2844 5360 ειιξ1
2902 5284 3112 5360 Νοιιιῐη
3172 5300 3260 5343 est
3316 5290 3480 5360 apud
3529 5290 3759 5360 Graeca

2110 5353 2269 5435 istud
2321 5353 2692 5435 proverbium
2737 5370 2750 5409 :
2801 5354 3317 5435 Kotlalvsisrérpav
3354 5353 3518 5435 ’ῥανὶς
3564 5355 3757 5435 ὕδατος

2110 5421 2445 5498 ἐνδελεχείη·
2482 5447 2510 5474 ‹‹
2554 5428 2724 5495 Aquae
2773 5434 2939 5497 gutta
2988 5421 3233 5487 assidue.
3283 5421 3541 5487 cadendo
3596 5434 3760 5485 cavat

2110 5497 2388 5568 lapidem.
2415 5518 2441 5568 ξ)
2473 5498 2586 5551 Aut
2629 5497 2782 5551 istud
2821 5500 3007 5568 etiam
3043 5503 3178 5558 huic
3209 5503 3400 5557 simile
3437 5519 3449 5557 :
3486 5498 3761 5558 Πολλαῖσς

2110 5588 2150 5622 π
2174 5564 2375 5650 ignis.
2414 5564 2539 5650 δρῦς
2598 5586 2785 5650 erepta:
2814 5567 3171 5644 ὃαμάζεται·‹‹
3207 5574 3476 5629 Praedura
3507 5588 3760 5643 quercus

2113 5639 2330 5697 crebris
2363 5639 2578 5695 ictibus
2608 5639 2779 5697 cedit.
2814 5666 2835 5693 ι
