4138 6212
456 411 575 477 999

1697 408 1763 471 ε.
1812 395 2184 469 causam
2229 401 2625 467 resonam

3714 406 3878 469 1000

522 546 641 603 XII.
674 546 804 601 Haec
832 544 1014 617 igitur
1054 544 1184 615 ipsa
1226 543 1472 613 petebat,
1494 545 1551 597 et
1580 541 1641 597 in
1673 558 1777 612 spe
1824 539 2097 605 habebat,

2283 536 2385 592 IB.
2418 535 2481 591 Ἡ
2522 535 2616 607 μὶν
2668 535 2756 589 καὶ
2805 532 2924 608 ᾔτει
2969 539 3138 589 ταῦτα
3179 535 3270 589 καὶ
3319 534 3599 604 ἤλπιζειν,
3656 537 3750 591 ἅτε
3805 540 3876 610 τῇ

448 640 521 707 ut
552 652 678 705 quas
708 634 823 689 ﬁde
869 634 1262 705 magis,quam
1307 632 1628 701 iuventute,
1654 629 1806 685 338
1842 629 2102 684 ferveret.

455 723 656 793 Neque
686 724 838 776 enim
872 722 1188 793 quisquam
1217 720 1604 791 prmsentibus
1638 720 1813 774 rebus
1845 717 2107 789 perinde,

457 816 521 867 ut
550 810 650 865 illa
680 811 855 865 rebus
882 810 938 865 in
964 825 1067 882 spe
1091 808 1316 880 positis,
1344 808 1702 874 confidebat;
1738 804 2105 874 necmirum,

454 915 589 954 cum
612 898 819 953 divina;
850 897 1215 954 liberalitatis
1240 913 1305 952 ac
1330 897 1747 952 muniﬁcentiae
1779 893 2108 967 periculum

447 990 573 1060 jam
598 988 861 1044 fecisset.
896 986 1043 1042 Huic
1092 991 1286 1042 autem
1337 986 1409 1041 ad
1464 985 1715 1041 salutem
1767 985 2106 1056 adjumento

454 1082 598 1144 erat,
631 1084 756 1132 tum
799 1076 947 1132 ratio
978 1076 1129 1149 ipsa,
1162 1075 1523 1131 curationem
1574 1073 1857 1146 paulatim
1889 1072 2108 1128 admit-

452 1171 605 1235 tens,
639 1172 762 1221 tum
797 1164 1222 1221 insomniorum
1258 1164 1435 1219 etiam
1465 1164 1634 1229 visio,
1666 1180 1769 1235 per
1797 1180 1921 1234 quae
1953 1161 2108 1216 Deus

455 1256 715 1312 animam
739 1254 930 1311 salute
953 1254 1191 1325 dignam
1209 1269 1611 1325 smpenumero
1627 1253 1811 1323 juvat.
1829 1252 2107 1315 Quisnam

455 1348 651 1401 autem
674 1343 795 1398 haec
816 1342 960 1399 visio
982 1340 1145 1398 erat?
1169 1341 1272 1397 Hic
1303 1341 1443 1397 mihi
1470 1340 1906 1412 jucundissima
1925 1338 2107 1395 totius

452 1431 809 1487 narrationis
834 1447 969 1502 pars
990 1428 1103 1485 sita
1124 1434 1233 1485 est.
1258 1429 1506 1484 Putabat
1531 1446 1613 1493 se,
1628 1431 1783 1499 quod
1806 1433 1939 1484 ante
1962 1444 2109 1483 nun-

451 1536 625 1591 quam
678 1520 910 1588 fecerat,
936 1518 1205 1590 quamvis
1239 1535 1382 1573 uxor
1412 1519 1688 1589 frequens
1736 1518 1795 1572 in
1847 1517 2106 1572 oratione

450 1612 627 1678 esset,
648 1625 717 1663 ex
750 1606 988 1663 ‘Davidis
1021 1606 1275 1662 Psalmis
1305 1623 1430 1661 eam
1464 1611 1687 1677 partem
1718 1622 1925 1661 canere
1950 1623 1963 1662 :
1990 1607 2106 1661 Lm-

452 1704 601 1752 tatu:
631 1712 752 1751 sum
780 1697 841 1750 in
870 1696 955 1750 his
985 1710 1111 1767 quae
1141 1695 1292 1750 dicta
1320 1703 1449 1750 sunt
1475 1695 1637 1761 mihi,
1661 1696 1724 1749 in
1751 1694 1972 1751 domum
2004 1696 2109 1751 Do-

450 1786 597 1841 mini
625 1785 832 1839 ibimus
851 1785 913 1837 ⁸⁸.
957 1785 1153 1841 Novus
1182 1788 1240 1840 et
1276 1785 1543 1840 insuetus
1576 1784 1668 1839 hic
1700 1789 1910 1840 cantus
1960 1788 2106 1853 erat,

2217 623 2394 678 πίστει
2431 622 2796 697 μᾶλλονῆτῇ
2842 624 3061 694 νεότητι
3114 626 3322 693 ζέουσα.
3379 625 3479 678 Καὶ
3534 626 3635 700 γὰρ
3691 624 3874 686 οὐδεὶς

2218 711 2390 775 οὕτως
2423 711 2631 788 ἐθάρρει
2804 719 2920 774 τοῖς
2969 718 3258 786 παροῦσιν,
3304 714 3380 776 ὡς
3428 713 3563 783 αὕτη
3614 720 3734 776 τοῖς
3783 714 3876 769 ἐλ-

2216 803 2472 872 πισθεῖσι,
2504 801 2665 877 πείρᾳ
2698 804 2940 875 μαθοῦσα
2968 806 3066 856 τοῦ
3114 807 3248 858 Θεοῦ
3287 802 3350 857 τὸ
3399 800 3733 881 φιλόδωρον.
3787 808 3878 875 Τῷ

2219 887 2276 944 δὲ
2306 888 2566 965 συνείργει
2603 891 2695 963 μὲν
2729 891 2865 963 πρὸς
2897 889 3169 964 σωτηρίαν
3204 890 3293 946 καὶ
3326 892 3355 946 ὁ
3389 891 3681 966 λογισμὸς,
3735 894 3877 946 κατὰ

2223 978 2413 1052 μικρὸν
2442 979 2539 1047 τὴν
2568 978 2847 1053 θεραπείαν
2880 976 3347 1055 παραδεχόμενος·
3383 980 3645 1053 συνείργει
3670 978 3728 1034 δὲ

2217 1067 2306 1121 καὶ
2374 1066 2664 1139 ὀνειράτων
2725 1063 2868 1141 ὄψις,
2931 1066 3012 1130 οἷς
3092 1067 3356 1143 εὐεργετεῖ
3405 1066 3678 1129 πολλάκις
3739 1069 3873 1131 Θεὸς

2216 1157 2401 1231 ψυχὴν
2451 1156 2595 1227 ἆξίαν
2638 1160 2736 1210 τοῦ
2782 1157 3046 1224 σώζεσθαι
3093 1159 3230 1229 (28).
3283 1154 3459 1212 Ἀλλὰ
3502 1156 3587 1211 τίς
3635 1160 3670 1226 ἡ
3708 1154 3872 1230 iique;

2218 1246 2473 1300 Ἐνταῦθά
2505 1246 2717 1318 μοικαὶ
2747 1246 2807 1300 τὸ
2856 1249 2953 1300 τοῦ
3004 1243 3347 1320 διηγήματος
3394 1243 3615 1315 ἣδιστον
3644 1266 3655 1277 ·
3703 1245 3873 1303 "E30-

2216 1332 2318 1405 ξεν,
2365 1331 2394 1387 ὅ
2440 1335 2608 1405 μήπω
2656 1332 2945 1408 πρότερον,
2990 1333 3168 1388 καίτοι
3222 1331 3492 1395 πολλάκις
3535 1341 3636 1403 τῆς
3682 1356 3878 1410 γυναι-

2214 1422 2307 1482 κὸς
2359 1420 2704 1492 ἱκετευούσης
2761 1422 2851 1476 καὶ
2898 1420 3183 1495 δεομένης,
3234 1420 3467 1495 ψάλλειν
3518 1421 3577 1477 ἐκ
3612 1428 3721 1477 τῶν
3773 1428 3875 1479 τοῦ

2216 1509 2363 1574 θείου
2412 1506 2577 1565 Δαϐὶδ
2636 1510 2809 1565 ἐκεῖνο
2854 1511 2917 1566 τὸ
2970 1512 3174 1586 μὲρος’
3236 1510 3551 1588 Εὐφράνθην
3615 1513 3701 1566 ἐπὶ
3756 1520 3879 1575 τοῖς

2217 1599 2459 1677 εἰρηκόσι
2515 1620 2642 1671 μοι’
2697 1600 2772 1662 εἷς
2820 1602 2972 1655 οἷκον
3022 1600 3225 1673 Κυρίου
3290 1599 3664 1675 πορευσόμεθα

2217 1689 2314 1743 Καὶ
2364 1691 2399 1758 ἠ
2447 1686 2745 1762 ψαλμῳδία
2797 1688 2938 1760 ξὲνη,
2987 1688 3079 1744 καὶ
3128 1690 3155 1743 ὁ
3205 1689 3373 1751 πόθος
3411 1693 3476 1763 τῇ
3662 1711 3876 1745 συνεισ-

2217 1778 2456 1853 έρχεται.
2508 1778 2607 1832 Καὶ
2653 1779 2729 1839 ὡς
2772 1775 3002 1847 ἤκουσεν
3050 1780 3084 1848 ἠ
3133 1785 3234 1847 τῆς
3283 1778 3453 1853 εὐχῆς
3502 1777 3872 1854 ἐπιτυχοῦσι,

456 1890 523 1929 ac
555 1873 913 1930 desiderium
944 1872 1124 1929 simul
1152 1889 1285 1928 cum
1315 1877 1489 1929 cantu
1557 1873 1906 1945 ingreditur.
1941 1874 2101 1940 Quod

2214 1868 2305 1922 τὸν
2337 1869 2521 1942 καιρὸν
2574 1867 2822 1936 ἁρπάζει,
2879 1866 3281 1943 ὑποκριναμένη
3337 1888 3396 1922 τε
3438 1868 3536 1936 τὴν
3574 1863 3697 1941 ὄψιν
3728 1868 3871 1941 πρὸς

451 1963 552 2018 ubi
584 1962 794 2019 mulier
830 1963 1071 2031 audivit,
1104 1963 1219 2018 voti
1261 1963 1386 2033 jam
1441 1979 1680 2034 compos
1734 1965 1904 2031 facta,
1937 1980 2103 2019 occa-

453 2052 680 2109 sionem
728 2052 952 2125 arripit,
984 2053 1271 2107 visionem
1305 2052 1454 2107 hanc
1503 2054 1562 2107 in
1604 2053 2106 2123 jucundissimam

451 2146 676 2212 partem
709 2158 844 2196 vera
894 2142 1232 2212 conjectura
1279 2140 1689 2211 interpretans,
1722 2142 2107 2211 beneficiique

454 2230 920 2302 magnitudinem
953 2230 1133 2285 animi
1166 2229 1367 2284 latitia
1399 2229 1726 2298 declarans,
1760 2247 1826 2285 ac
1855 2232 2106 2285 salutem

451 2320 767 2391 adurgens,
800 2335 872 2374 ne
901 2319 1065 2389 quid,
1098 2319 1251 2389 quod
1283 2319 1569 2373 vocationi
1610 2318 1887 2385 obstaret,
1922 2318 2107 2374 inter-

450 2408 701 2474 cederet,
737 2408 1178 2478 negotiumque,
1211 2407 1270 2461 in
1321 2407 1477 2477 quod
1526 2422 1760 2461 summo
1791 2407 1986 2461 studio
2015 2406 2105 2461 in-

448 2496 786 2562 cumbebat,
827 2498 1224 2567 abrumperet.
1256 2496 1326 2550 Et
1356 2500 1531 2562 certe,
1563 2511 1696 2550 cum
1742 2512 1832 2550 res
1865 2495 1947 2550 ita
1976 2499 2104 2550 tum

450 2588 589 2639 nata
620 2584 850 2652 fuisset,
885 2590 951 2639 ut
999 2582 1331 2656 complures
1363 2583 1622 2655 episcopi
1670 2584 1917 2639 Nicaeam
1965 2601 2102 2640 con-

448 2672 775 2736 tenderent,
809 2689 924 2743 quo
957 2671 1077 2726 Arii
1121 2671 1302 2727 furori
1333 2672 1709 2739 obsisterent,
1735 2689 1870 2728 cum
1902 2689 2106 2729 recens

449 2765 577 2815 orta
606 2764 761 2816 esset
794 2761 913 2816 haec
944 2761 1181 2817 baaresis
1213 2778 1340 2833 qua:
1371 2762 1736 2817 divinitatem
1777 2762 2103 2833 scindebat,

448 2853 563 2904 Deo
597 2864 724 2905 sese
754 2867 821 2905 ac
854 2850 1113 2905 veritatis
1159 2851 1525 2922 praeconibus
1556 2850 1754 2920 tradit,
1788 2856 1845 2906 et
1873 2852 2101 2907 deside-

448 2938 603 2993 rium
635 2938 964 3005 conﬁtetur,
995 2938 1445 3010 communisque
1476 2940 1684 2995 salutis
1715 2939 2000 2994 auxilium
2031 2939 2105 2995 ab

446 3026 521 3082 iis
555 3028 767 3095 poscit;
802 3028 954 3083 inter
982 3044 1131 3099 quos
1164 3028 1409 3096 insignis
1439 3044 1674 3099 quoque
1704 3028 1800 3083 ille
1831 3029 2104 3084 Leontius

448 3120 594 3180 erat,
627 3118 727 3186 qui
785 3121 913 3171 tum
963 3116 1334 3188 metropolim
1393 3124 1651 3172 nostram
1713 3118 2101 3187 gubernabat.

448 3205 800 3258 Miraculum
832 3211 1049 3271 autem,
1084 3206 1238 3275 quod
1290 3206 1381 3259 hic
1428 3222 1661 3276 quoque
1692 3206 1886 3259 divina
1916 3205 2103 3277 gratia

2211 1958 2275 2012 τὸ
2323 1954 2544 2026 ἣδιστον
2600 1955 2733 2029 μετᾶ
2777 1963 2876 2025 τῆς
2938 1954 3197 2026 ἀληθείας
3269 1958 3400 2029 (30),
3448 1956 3536 2011 καὶ
3592 1961 3660 2030 τῇ
3718 1962 3873 2032 χαρᾷ

2216 2043 2460 2116 δηλοῦσα
2487 2052 2589 2115 τῆς
2620 2044 2920 2119 εὐεργεσίας
2949 2047 3011 2099 τὸ
3072 2046 3318 2119 μέγεθος,
3377 2045 3465 2099 καὶ
3523 2047 3622 2115 τήν
3683 2068 3871 2116 σωτη-

2218 2134 2332 2210 ρίαν
2383 2133 2801 2209 ὲπιταχύνουσα,
2860 2135 2933 2206 μή
2985 2156 3038 2188 τι
3084 2135 3428 2208 παρεμπεσὸν
3463 2133 3734 2208 ἐμποδίσῃ
3796 2139 3868 2207 τῇ

2215 2223 2407 2293 κλήσει
2440 2225 2575 2297 (31),
2606 2223 2695 2277 καὶ
2730 2221 2867 2294 λύσῃ
2896 2224 2956 2277 τὸ
2988 2220 3443 2295 σπουδαζόμενον.
3491 2225 3588 2277 Καὶ
3640 2223 3708 2292 δὴ
3758 2227 3871 2297 (32)

2216 2308 2424 2385 συμϐὰν
2458 2316 2756 2382 τηνικαῦτα
2786 2312 3010 2373 πλείους
3040 2312 3315 2388 ἀρχιερεῖς
3357 2312 3443 2366 ἐπὶ
3490 2313 3586 2379 τὴν
3640 2315 3869 2367 Νικαίαν

2216 2399 2459 2456 σπεύδειν
2517 2404 2651 2473 (33),
2704 2399 2793 2455 ’ίνα
2839 2402 2975 2456 κατά
3017 2408 3119 2470 τῆς
3172 2400 3382 2476 Ἀρείου
3433 2404 3597 2454 στῶσι
3650 2402 3870 2473 μανίας,

2214 2486 2335 2565 ἄρτι
2365 2493 2459 2543 τοῦ
2488 2492 2655 2542 κακοῦ
2714 2488 3012 2566 φυομένου,
3065 2490 3155 2543 καὶ
3202 2489 3302 2557 τήν
3364 2487 3593 2555 θεότητα
3629 2489 3865 2559 τέμνον-

2211 2599 2327 2647 τος,
2361 2575 2550 2632 δίδωσι
2590 2577 2682 2650 μὲν
2739 2578 2923 2633 ἑαυτὸν
2967 2578 3047 2650 τῷ
3096 2576 3218 2651 Οεῷ
3264 2576 3352 2632 καὶ
3390 2582 3506 2638 τοῖς
3537 2578 3731 2652 κήρυξι
3764 2584 3870 2647 τῆς

2212 2666 2493 2739 ἀληθείας,
2538 2666 2626 2721 καὶ
2680 2667 2773 2721 τὸν
2831 2667 2999 2731 πόθον
3059 2667 3348 2742 ὁμολογεῖ,
3406 2666 3496 2722 καὶ
3531 2672 3682 2736 ζητεῖ
3735 2675 3868 2743 παρ’

2212 2756 2387 2812 αὐτῶν
2440 2757 2539 2825 τὴν
2597 2757 2787 2826 κοινὴν
2837 2757 3131 2834 σωτηρίαν,
3191 2756 3263 2811 ὦν
3317 2757 3391 2819 εἷς
3433 2757 3681 2818 Λεόντιος
3732 2761 3796 2825 ἦν
3833 2758 3861 2811 ὁ

2212 2848 2351 2901 πάνυ
2407 2848 2543 2919 (34),
2588 2846 2615 2899 ὁ
2672 2844 2795 2900 τότε
2842 2849 2938 2915 τῆς
2980 2848 3099 2910 καθ’
3148 2849 3297 2919 ἡμᾶς
3350 2846 3750 2922 μητροπόλεως
3783 2846 3863 2917 ἐξ-

2212 2935 2537 3012 ηγούμενος.
2568 2936 2636 2992 Ὅ
2686 2932 2744 2989 δὲ
2784 2934 3053 2999 κάνταῦθα
3097 2936 3242 3010 παρά
3285 2942 3385 3004 τῆς
3432 2935 3662 3010 χάριτος
3694 2935 3865 3004 ἀπήν-

2210 3046 2341 3095 τησε
2372 3027 2571 3097 θαῦμα,
2604 3021 2809 3099 σφόδρα
2836 3024 2895 3078 ἂν
2929 3022 3177 3095 ἀδικοίην
3208 3026 3306 3093 τήν
3335 3026 3517 3100 χάριν,
3578 3025 3624 3078 εἰ
3673 3029 3862 3097 σιωπῇ

2212 3111 2547 3190 παρέλθοιμι
2573 3132 2586 3145 ·
2644 3113 2909 3188 μάρτυρες
2965 3110 3023 3167 δὲ
3071 3113 3170 3167 οὐκ
3200 3112 3382 3187 ὀλίγοι
3412 3118 3508 3168 τοῦ
3540 3115 3816 3184 θαύματος
3845 3133 3859 3145 ο

2214 3202 2525 3257 Πλανῶνταί
2579 3223 2699 3256 τινα
2754 3200 2962 3268 πλάνην
3019 3203 3382 3275 πνευματικὴν
3441 3204 3498 3255 οἱ
3553 3209 3654 3270 τῆς
3704 3202 3868 3274 ἀκρι-

455 3290 677 3347 editum
736 3298 845 3359 est,
878 3293 926 3347 si
979 3294 1286 3358 reticuero,
1338 3310 1611 3365 magnam
1675 3294 1927 3364 profecto
1988 3294 2101 3365 ipsi

2215 3286 2363 3352 ϐείας
2423 3288 2737 3345 διδάσκαλοι
2769 3292 2906 3365 (35),
2936 3292 3025 3345 καὶ
3057 3269 3330 3366 προτυποῖ
3347 3269 3417 3345 τὸ
3450 3269 3657 3363 μέλλον
3689 3293 3723 3359 ἡ
3758 3269 3867 3364 χά-

456 3381 655 3452 gratia:
687 3381 965 3451 injuriam
1014 3382 1220 3437 fecero.
1254 3381 1440 3453 Hujus
1501 3399 1672 3453 porro
1728 3387 1909 3438 testes
1967 3386 2106 3438 sunt

456 3486 573 3525 non
605 3469 792 3541 pauci.
817 3469 1132 3541 Spirituale
1163 3471 1459 3541 quoddam
1492 3476 1750 3525 erratum
1782 3472 2103 3529 accuratio-

458 3560 538 3614 ris
568 3557 891 3631 disciplinae
929 3560 1192 3631 magistri
1225 3559 1563 3627 admittunt,
1596 3560 1793 3631 idque,
1825 3562 1981 3632 quod
2012 3562 2103 3618 fu-

454 3650 653 3702 turum
684 3652 829 3715 erat,
859 3648 1051 3718 gratia
1098 3648 1431 3719 praesignat,
1464 3664 1531 3703 ac
1560 3650 1871 3704 sacerdotii
1916 3651 2103 3707 forma

456 3752 593 3792 cum
626 3736 918 3792 catechesi
974 3738 1277 3792 miscetur.
1312 3736 1356 3791 Ο
1405 3736 1795 3793 initiationem
1857 3740 2101 3796 minime

450 3824 880 3897 spontaneam‘?
910 3826 1137 3881 Etenim
1183 3826 1241 3881 in
1274 3842 1426 3896 genu
1459 3826 1799 3897 inclinatus,
1832 3828 1911 3882 ita
1942 3836 2101 3886 cate-

448 3914 643 3971 chesis
667 3915 1038 3970 sermonibus
1069 3914 1374 3979 imbuitur,
1400 3914 1542 3969 adeo
1565 3920 1629 3968 ut
1651 3915 1843 3986 multi,
1866 3918 1964 3987 qui
1997 3919 2098 3974 ad-

2215 3401 2318 3455 ρις,
2366 3381 2457 3435 καὶ
2514 3379 2681 3441 τύπος
2746 3379 3046 3455 ἱερωσύνης
3102 3384 3169 3453 τῇ
3228 3382 3536 3454 κατηχήσει
3591 3380 3867 3455 μίγνυται.

2212 3470 2277 3524 Ὠ
2304 3477 2407 3539 τῆς
2465 3469 2720 3525 ἀκουσίου
2781 3471 3069 3540 μυήσεωςι
3134 3470 3255 3524 Ἐπὶ
3306 3471 3408 3543 γὰρ
3466 3469 3599 3543 γόνυ
3629 3468 3866 3541 κλιθεὶς,

2212 3559 2354 3614 οὕτω
2410 3564 2523 3620 τοῖς
2600 3557 2790 3633 λόγοις
2869 3560 2967 3627 τῆς
3034 3561 3395 3633 κατηχήσεως
3462 3557 3863 3632 καταρτίζεται,

2211 3649 2349 3704 ὥστε
2377 3646 2625 3709 πολλοὺς
2654 3653 2761 3702 τῶν
2792 3647 3072 3723 παρόντων
3105 3651 3481 3725 προφητεῦσαι
3528 3646 3593 3700 τὸ
3628 3644 3865 3719 μέλλον,

2210 3738 2272 3793 οὐ
2301 3743 2407 3793 τῶν
2463 3735 2817 3810 ὑψηλοτέρων
2879 3735 3068 3809 μόνον,
3119 3734 3263 3792 ἀλλὰ
3290 3736 3380 3790 καὶ
3406 3740 3512 3790 τῶν
3544 3735 3865 3790 ταπεινοτέ-

2209 3848 2316 3902 ρων
2371 3827 2447 3889 είς
2494 3826 2719 3897 σύνεσιν,
2770 3824 2868 3880 οὐκ
2916 3822 3182 3900 ἀμυδροῖς
3213 3825 3465 3899 σημείοις
3496 3824 3863 3887 πιπωθέντας

2207 3918 2343 3992 πρὸς
2373 3917 2434 3970 τὸ
2466 3914 2743 3987 ἐσόμενον.

446 4009 633 4072 erant,
666 4020 781 4059 non
812 4010 1041 4059 tantum
1074 4004 1293 4076 ingenii
1324 4004 1561 4058 solertia
1591 4004 1839 4076 praediti,
1872 4007 1972 4061 sed
2012 4009 2189 4067 etiam
2222 4008 2334 4081 ipsi
2368 4008 2566 4073 rudes,
2596 4006 2755 4061 haud
2801 4005 3068 4061 obscuris
3099 4005 3285 4078 signis
3317 4006 3668 4073 confirmati,
3704 4006 3867 4077 quod

447 4093 711 4148 futurum
747 4096 891 4159 erat,
926 4092 1325 4165 praedicerent.

517 4180 660 4235 ΧΙΙΙ.
694 4180 818 4235 Non
868 4180 1119 4236 multum
1167 4179 1448 4252 temporis
1500 4179 1917 4254 interﬂuxerat,
1963 4201 2095 4241 cum

2277 4185 2374 4239 Il".
2409 4183 2614 4257 Μικρὸν
2674 4182 2736 4236 τὸ
2793 4180 2845 4235 ἰν
2909 4180 3081 4254 μέσῳ,
3140 4182 3231 4235 καὶ
3286 4186 3364 4253 τῷ
3409 4182 3648 4255 θαύματι
3682 4187 3870 4253 θαῦμα

446 4267 580 4323 huic
612 4267 893 4324 miraculo
934 4268 1283 4325 miraculum
1314 4270 1466 4325 339
1502 4269 1659 4325 aliud
1701 4272 2048 4344 adjungitur
2077 4289 2091 4329 :

446 4354 605 4412 hunc
636 4359 830 4412 autem
862 4374 1205 4417 sermonem
1225 4358 1336 4430 piis
1365 4359 1609 4414 auribus
1641 4362 2092 4433 commendabo;

447 4463 583 4503 nam
613 4447 769 4517 apud
800 4448 1072 4519 profanas
1100 4449 1329 4506 animas
1360 4448 1507 4504 nihil
1538 4450 1763 4521 pulcbri
1797 4451 1970 4507 ﬁdem
2003 4452 2096 4508 in-

517 4554 564 4590 “
592 4551 746 4609 Psal.
779 4570 928 4625 αλιι,
963 4558 1012 4610 1.

512 4668 627 4813 (26)
658 4666 925 4745 Ἐθάρῥει.
961 4674 1098 4746 Reg.
1134 4693 1187 4742 a,
1220 4676 1316 4732 Or.
1352 4677 1401 4744 1,
1438 4670 1643 4749 θαρἓεῖ.

536 4743 627 4813 27)
652 4742 937 4813 ,Συνείργει
990 4745 1155 4813 μένη,
1201 4745 1466 4813 συνείργει
1512 4745 1643 4803 δὲ(

508 4742 937 4822 ’(27).Συνείργει
990 4742 1155 4818 μὲἶι..,
1201 4742 1466 4822 συνείργει
1506 4742 1587 4803 δὲ.
1623 4746 1790 4803 Cois].
1829 4749 1880 4816 1,
1910 4751 1967 4803 et
1995 4747 2090 4803 0r.

450 4815 498 4870 1.
532 4812 953 4887 συνῄργειίόῐο.
990 4812 1000 4818 ’
1140 4812 1146 4814 Ἴ
1351 4812 1359 4822 ’
1397 4812 1407 4822 ’
1868 4812 1877 4816 ’

516 4886 628 4958 (28)
658 4884 836 4954 Ἀξίαν
895 4890 991 4941 τοῦ
1049 4887 1332 4956 σώζεσθαι.
1367 4912 1394 4939 ‹‹
1432 4888 1627 4945 Salute
1676 4889 1935 4961 dignam.
1969 4913 1997 4940 ››
2032 4892 2089 4946 Id

445 4971 578 5033 cum
611 4961 991 5033 congruentia
1028 4962 1284 5033 quadam
1329 4962 1775 5033 intelligendum
1809 4966 1924 5029 est;
1960 4961 2089 5017 nul-

430 5027 756 5103 AlumAenim
786 5036 923 5103 ante
955 5027 1130 5087 ﬁdem
1163 5039 1353 5103 potest
1382 5050 1511 5088 esse
1524 5027 1839 5089 “meritum.

659 5102 1057 5177 Hopeucducp‘a.
1082 5100 1230 5177 Reg.
1265 5122 1317 5173 a,
1349 5104 1760 5176 πορευσώμεθα.

512 5170 626 5312 (30)
654 5170 797 5226 Μετὰ
826 5170 927 5242 τῆς
959 5170 1237 5244 ἀληθείας
1270 5170 1311 5225 «γ
1332 5170 1473 5230 Cum
1502 5170 1766 5230 veritate.
1793 5195 1820 5222 »

516 5242 594 5312 :31
655 5245 873 5312 ΚΛήσει.
934 5247 1030 5303 Sic
1085 5248 1258 5302 Coisl.
1296 5248 1321 5301 1
1355 5253 1411 5302 et
1456 5248 1510 5312 2,
1542 5247 1687 5310 Jes.,
1719 5249 1820 5299 etc.

655 5245 873 5314 Κλήσει.
934 5242 1258 5303 Sic-Coisl.
1296 5248 1321 5301 1
1355 5253 1411 5302 et
1456 5248 1510 5314 2,
1542 5247 1687 5310 Jes.,
1719 5249 1827 5299 etc.
1884 5244 1942 5298 In
1994 5246 2085 5300 ed.

441 5330 756 5467 κῖίὲἕλρή.
789 5387 884 5443 Sic
915 5389 1054 5460 Reg.
1084 5389 1203 5456 bm,
1225 5388 1400 5458 Coisl,
1434 5389 1459 5441 1
1492 5390 1551 5441 et
1577 5387 1631 5457 2,
1666 5385 1762 5441 Or.
1797 5386 1847 5456 1,
1880 5390 1989 5442 etc.
2026 5388 2088 5442 In

443 5456 935 5602 θᾳῷ3ῗὶὲπεόδειν.
969 5531 1059 5586 Sic
1089 5530 1284 5602 plures
1319 5531 1521 5602 ωερε..
1554 5533 1609 5583 et
1638 5527 1821 5602 Colb.,
1855 5528 2030 5585 Coisl.
2058 5531 2083 5585 1

440 5600 499 5652 et
525 5600 578 5670 2,
740 5602 936 5670 1,.188.
973 5602 1032 5656 In
1067 5598 1181 5669 ed,
1214 5598 1472 5670 σπευδήν,
1508 5601 1851 5670 [mendose]

513 5668 623 5747 (34)
658 5668 815 5747 Ἦν.ίὸ
840 5671 1007 5747 πάνυ,
1037 5678 1147 5728 etc.
1197 5673 1370 5730 Coisl.
1407 5668 1457 5729 1.
1490 5668 1555 5739 ἦν
1610 5671 1638 5723 ὁ
1686 5669 1807 5724 τότε
1856 5668 2084 5741 Πόντου,

443 5734 544 5803 6τῆ
549 5757 573 5797 ς
603 5734 718 5791 καθ’
748 5739 919 5810 ἡμᾶς.

2205 4274 2569 4328 συνάπτεται·
2627 4272 3013 4343 παραθήσομαι
3068 4268 3126 4325 δὲ
3178 4269 3380 4325 πίστῶν
3422 4271 3613 4332 ἀκοαῖς
3643 4272 3740 4325 τὸν
3772 4270 3871 4326 λό-

2202 4383 2295 4437 γον
2323 4380 2334 4393 ’
2366 4364 2570 4435 ψυχαῖς
2598 4359 2703 4434 γὰρ
2738 4354 2999 4435 βεϐήλοις
3033 4357 3187 4414 οὐδὲν
3244 4364 3351 4414 τῶν
3408 4359 3589 4414 καλῶν
3655 4360 3873 4429 ἀξιόπι-

2203 4471 2350 4508 στον.
2408 4448 2658 4525 Πρόσεισι
2720 4448 2813 4521 μὲν
2861 4452 2930 4522 τῇ
2991 4446 3060 4503 δι’
3112 4446 3305 4510 ὕδατος
3357 4452 3469 4523 (36)
3501 4448 3867 4524 ἀναγεννήσει

2275 4675 2389 4747 (35)
2434 4674 2649 4747 Οἱλτῆς
2708 4667 2984 4747 ἀκριϐείας
3044 4668 3383 4747 διδάσκαλοι.
3432 4696 3466 4747 iu
3518 4675 3866 4747 Accuratio-

2204 4744 2291 4800 ris
2335 4744 2650 4818 disciplinae
2700 4744 2985 4818 magistri.
3013 4746 3310 4818 )irBillius,
3336 4770 3365 4793 α
3398 4746 3640 4818 sincerae
3695 4746 3870 4800 disci-

2245 4817 2662 4874 linmJJuxta
2718 4817 2866 4889 hanc
2918 4817 3313 4889 disciplinam,
3348 4823 3411 4872 ut
3460 4817 3642 4872 habet
3693 4818 3865 4872 scho-

2226 4890 2371 4958 ium,
2396 4912 2423 4938 «
2457 4906 2571 4944 non
2600 4905 2789 4958 genua
2818 4888 3127 4943 flectebant
3156 4889 3581 4956 catechumeni,
3616 4890 3729 4943 sed
3760 4906 3862 4943 au-

2202 4977 2294 5016 res
2327 4964 2555 5016 tantum
2581 4960 2705 5015 oleo
2726 4960 3156 5032 perl’undendas
3181 4961 3867 5032 praebebantﬁregorius

2201 5038 2397 5088 autem
2427 5032 2640 5099 senior,
2667 5036 2875 5104 contra
2921 5031 3071 5087 hanc
3120 5030 3326 5104 legem,
3360 5044 3494 5087 cum
3525 5030 3717 5086 sacris
3750 5030 3865 5085 ini-

2200 5105 2465 5185 tiaretur,
2497 5102 2847 5185 genuﬂexit;
2880 5107 2938 5157 et
2960 5106 3057 5173 qui
3082 5102 3418 5185 catechista
3451 5118 3702 5185 munere
3738 5106 3861 5185 fun-

2200 5177 2466 5247 gebatur,
2498 5174 2648 5247 item,
2671 5174 2797 5245 ipse
2829 5190 3032 5247 errore
3078 5174 3300 5247 lapsus,
3337 5192 3450 5247 non
3502 5175 3857 5240 catechesis,

2200 5245 2300 5302 sed
2348 5245 2653 5301 sacerdotii
2694 5245 3014 5301 orationem
3063 5245 3324 5302 Drstulit.
3353 5270 3378 5293 ››
3410 5246 3529 5297 Ἔτι
3588 5249 3699 5297 τῶν
3732 5264 3859 5297 κατ-

2200 5314 2679 5403 ηχουμένιυνῃοῦξι
2732 5314 3000 5403 εἷωθότῆων
3040 5314 3243 5403 κλίνειν
3293 5316 3648 5403 τᾶ’χόνατα,
3696 5315 3858 5403 ’ἀλλά

2202 5338 2231 5385 η
2286 5336 2527 5389 ουμενων
2581 5336 2679 5369 ουκ
2732 5336 3000 5368 ειωῠοτων
3040 5336 3243 5371 χΑινειν
3293 5338 3359 5371 τα
3421 5337 3648 5403 χονατα,
3715 5336 3853 5370 alti-1

2202 5336 2362 5460 μδνον
2410 5388 2487 5459 τῷ
2533 5384 2703 5460 ἐλαίῳ
2750 5386 2996 5460 χρίεσθαι
3044 5388 3111 5442 τὰ
3156 5388 3289 5457 ὦτα,
3338 5386 3499 5449 αὐτος
3568 5388 3726 5460 ειιτιιρᾲΔ
3766 5390 3853 5460 τὸν

2194 5446 2363 5531 νόμον
2407 5446 3005 5534 κάτηχήὲἑωςῗέκλινε
3063 5446 3501 5534 κατηχοῦμενος,
3551 5446 3657 5534 καῖ’
3700 5456 3777 5511 ἔτι
3811 5458 3854 5534 ’ὃ

2194 5526 2863 5607 κατηχήσαςζπλανηθείς,
2895 5528 2957 5583 οὐ
2994 5526 3376 5607 κατηχήσεως,
3426 5530 3577 5585 ἀλλὰ
3627 5528 3855 5603 ἱερωσύ-

2195 5624 2258 5671 νη
2269 5623 2309 5677 ςῗ
2325 5600 2494 5677 ε’ὖχὴν
2521 5600 2798 5677 ἐποίησεν.

2266 5669 2484 5748 (36)Τῇ
2517 5670 2585 5727 δι’
2616 5669 2831 5734 ὕδατος.
2860 5673 2931 5745 τῇ
2961 5677 3057 5727 τοῦ
3086 5671 3300 5736 ὓδατος.
