4138 6212
319 359 466 420 1001

1198 356 1490 418 ORATIO
1535 353 1751 418 XVIII.
1786 391 1860 400 —
1895 352 2282 419 FUNEBRIS
2329 354 2402 418 IN
2448 359 2793 424 PATREM.

3588 365 3742 438 1002

315 489 403 544 καὶ
439 487 772 561 Πνεύματος,
799 485 868 542 δι’
898 489 966 556 ἧς
998 484 1378 562 ὁμολογοῦμεν
1415 492 1527 559 Θεῷ
1556 488 1652 555 τὴν
1693 494 1788 542 τοῦ
1836 490 1970 543 κατὰ

2094 492 2280 546 venire
2313 499 2520 563 potest.
2577 498 2656 548 At]
2724 511 2848 550 eam
2906 494 3428 566 regenerationem,
3483 513 3610 568 qua:
3644 515 3744 568 per

323 580 552 655 Χριστὸν
606 579 896 654 ἀνθρώπου
950 577 1228 654 μόρφωσίν
1280 598 1336 632 τε
1393 579 1481 632 καὶ
1533 578 1837 650 τελείωσιν,
1885 578 1974 633 καὶ

323 675 420 724 τοῦ
451 675 649 746 χοϊκοῦ
681 669 815 743 πρὸς
841 669 904 724 τὸ
935 674 1143 740 πνεῦμα
1194 666 1470 740 μετάθεσιν
1521 669 1611 723 καὶ
1657 669 1973 724 ἀνάπλασινο

323 761 412 815 καὶ
442 760 686 836 πρόσεισι
741 759 874 831 μετὰ
916 760 1123 833 θερμῆς
1171 766 1270 826 τῆς
1321 757 1634 830 ἐπιθυμίας,
1680 759 1770 813 καὶ
1830 757 1974 831 λαμ-

323 855 462 923 πρᾶς
493 852 591 917 τῆς
644 846 888 918 ἐλπίδος,
937 853 1016 919 τῷ
1066 846 1282 920 λουτρῷ
1329 850 1676 923 προκαθτςρας
1708 851 1820 920 (37)
1854 847 1974 902 ἐαυ-

319 937 412 993 τὸν
465 938 542 1000 εἷς
601 935 851 1010 δύναμιν,
908 937 997 991 καὶ
1055 939 1209 1011 ψυχῇ
1266 937 1355 990 καὶ
1406 937 1619 1008 σώματι
1649 937 1973 1011 καθαγνίσας

326 1026 523 1098 πολλῷ
557 1026 795 1099 μᾶλλον,
824 1026 858 1094 ἢ
893 1026 946 1080 οἱ
975 1026 1069 1087 τὰς
1099 1025 1308 1086 πλάκας
1346 1025 1491 1099 παρά
1539 1027 1811 1086 Μωυσέως
1860 1027 1972 1098 (38)

320 1112 563 1185 δέξασθαι
616 1111 936 1187 μέλλοντες.
987 1120 1113 1176 Τοῖς
1167 1114 1260 1186 μὶν
1315 1113 1418 1188 γὰρ
1455 1115 1651 1190 μέχρις
1686 1113 1908 1182 ἐσθῆτος
1941 1115 1969 1168 ὁ

319 1202 605 1276 ἀγνισμὸς,
667 1202 754 1255 καὶ
814 1200 1043 1277 γαστρὸς
1097 1201 1265 1275 μικρὰ
1314 1199 1587 1269 στένωσις,
1641 1201 1974 1278 καὶσωφρο-

319 1291 448 1359 σῦνη
510 1311 590 1352 τις
651 1287 873 1365 σχέδιος
930 1291 1085 1362 (39)·
1133 1294 1213 1362 τῷ
1272 1286 1329 1344 δὲ
1357 1296 1463 1352 πᾶς
1493 1291 1522 1344 ὁ
1555 1289 1606 1345 έν
1643 1289 1790 1363 μέσῳ
1853 1290 1972 1364 βίος

320 1379 630 1454 παρασκευή
689 1385 788 1447 τῆς
829 1377 1160 1452 ἐλλάμψεως
1215 1381 1299 1447 ἦν,
1353 1379 1442 1433 καὶ
1486 1379 1592 1455 πρὸ
1620 1386 1719 1447 τῆς
1771 1381 1973 1454 καθάρ-

327 1488 462 1528 σεως
492 1466 749 1543 κάθαρσις
800 1464 1210 1544 ἀσφαλιζομένη
1260 1468 1360 1536 τὴν
1417 1465 1624 1542 δωρεὰν
1656 1470 1787 1541 (40),
1815 1465 1907 1521 ’ίνα
1935 1470 1971 1538 ἡ

324 1554 607 1626 τελειότης
639 1553 706 1629 τῇ
733 1555 1064 1630 καθαρότητι
1095 1556 1377 1628 πιστευθῇ,
1407 1555 1495 1609 καὶ
1540 1556 1615 1628 μή
1664 1551 1980 1630 κινδυνεύσῃ

324 1645 386 1699 τὸ
418 1644 618 1718 ἀγαθὸν
673 1643 724 1698 έν
782 1642 882 1714 ἕξει
940 1643 1209 1718 τολμώσῃ
1273 1646 1405 1716 μετὰ
1448 1651 1548 1713 τῆς
1574 1643 1801 1720 χάριτος
1835 1647 1973 1719 (41).

323 1731 638 1805 Ἐξελθοντα
689 1730 748 1788 δί
788 1733 948 1788 αὐτὸν
995 1733 1054 1787 ἰκ
1093 1738 1190 1788 τοῦ
1238 1731 1454 1804 ὕδατος,
1509 1739 1621 1810 φῶς
1650 1733 1972 1807 περιαστρά-

327 1843 448 1877 πτει
477 1821 566 1876 καὶ
599 1818 726 1892 δόξα
770 1829 872 1891 τῆς
921 1819 1212 1885 διαθέσεως
1252 1821 1394 1893 ἀξία,
1443 1820 1554 1895 λιεθ’
1599 1824 1665 1892 ἧς
1698 1822 1976 1897 προσῆλθε

325 1917 402 1982 τῷ
457 1910 760 1986 χαρίσματι
813 1919 915 1981 τῆς
972 1910 1236 1973 πίστεως·
1292 1908 1403 1965 ἔστι
1467 1912 1561 1983 μὲν
1619 1913 1701 1972 οἷς
1733 1912 1821 1966 καὶ
1869 1917 1977 1967 τῶν

328 1998 513 2055 ἄλλων
563 1997 850 2070 ἐπίδηλος,
909 1998 960 2054 οἳ
1017 1999 1140 2054 τότε
1183 2001 1277 2071 μὶν
1339 2004 1521 2072 σιῶπῇ
1551 2000 1614 2054 τὸ
1647 2005 1824 2073 θαῦμα
1855 2022 1976 2056 κατ-

325 2088 510 2163 έσχον,
566 2087 789 2157 ἐξειπεῖν
840 2088 901 2142 οὐ
934 2087 1296 2164 θαρρήσαντες
1327 2088 1436 2157 (καὶ
1469 2089 1572 2164 γὰρ
1605 2089 1770 2143 αὐτοῦ
1807 2089 1975 2162 μόνου

325 2178 524 2247 ταύτην
584 2178 716 2231 εἶναι
763 2179 862 2246 τὴν
924 2176 1048 2250 ὀψιν
1107 2176 1330 2239 ἕκαστος
1389 2174 1570 2250 ᾤετο),
1655 2178 1845 2252 μικρὸν
1919 2176 1977 2233 δὲ

325 2266 544 2340 ὕστερον
575 2263 848 2334 ἀλλήλοις
899 2261 1159 2320 διέδωκαν
1182 2284 1194 2296 ·
1254 2270 1332 2337 τῷ
1382 2263 1440 2320 δὲ
1474 2267 1738 2339 βαπτιστῇ
1769 2267 1858 2322 καὶ
1888 2289 1978 2322 τε-

329 2354 532 2426 λειωτῇ
561 2356 672 2427 (42)
701 2357 957 2408 τοσοῦτον
1019 2352 1251 2430 ἐναργής
1304 2375 1363 2408 τε
1391 2355 1480 2409 καὶ
1509 2357 1807 2431 γνώριμος,
1839 2356 1979 2412 ὥστε

330 2440 470 2514 μηδὲ
528 2445 641 2515 (43)
698 2447 987 2517 κατασχεῖν
1046 2440 1331 2514 δυνηθῆναι
1371 2444 1434 2498 τὸ
1469 2446 1789 2518 μυστήῃιον,
1832 2443 1980 2500 ἀλλᾶ

324 2533 414 2587 καὶ
456 2529 700 2603 δημοσίᾳ
729 2531 886 2606 ῥῆξαι
918 2533 1130 2607 φωνὴν,
1171 2531 1252 2587 ὅτι
1282 2533 1373 2587 τὸν
1407 2532 1599 2588 ἑαυτοῦ
1653 2536 1764 2607 (44)
1796 2531 1978 2589 διάδο-

335 2641 434 2696 χον
465 2625 544 2691 τῷ
567 2620 832 2692 πνεύματι
861 2619 1124 2695 χρίσειεν.

2088 598 2299 650 aquam
2353 589 2408 636 et
2451 584 2736 654 Spiritum
2799 584 3070 649 efficitur,
3124 585 3250 655 ipse
3315 587 3562 654 accedit,
3643 603 3742 656 per

2087 686 2264 739 quam
2299 671 2682 743 bominis,qui
2719 675 3045 728 secundum
3075 672 3374 729 Christum
3407 677 3736 744 est,forma-

2085 757 2303 813 tionem
2355 765 2413 814 et
2462 761 2898 831 perfectionem,
2950 764 3284 834 terrenique
3337 764 3409 817 ad
3459 764 3734 834 spiritum

2088 847 2556 903 immutationem
2589 858 2646 904 et
2680 850 3032 904 relictionem
3082 851 3196 905 Deo
3245 851 3597 906 conﬁtemur
3629 869 3640 908 :
3676 857 3735 907 et

2085 937 2322 1007 quidem
2356 953 2487 993 cum
2521 938 2747 992 ardenti
2777 939 3065 993 desiderio
3105 946 3160 992 et
3195 938 3504 1009 splendida
3535 958 3636 1012 spe
3664 942 3734 995 ad

2085 1025 2377 1080 lavacrum
2430 1026 2676 1091 accedit,
2722 1042 2852 1080 cum
2903 1043 2965 1081 se
3010 1043 3114 1097 pro
3164 1028 3383 1082 viribus
3416 1029 3540 1082 suis
3575 1031 3735 1100 prius

2086 1119 2415 1184 purgasset,
2450 1120 2626 1184 atque
2652 1118 2779 1168 tum
2813 1116 3029 1174 animo.
3075 1121 3200 1169 tum
3251 1133 3511 1186 corpore,
3549 1119 3732 1172 multo

2086 1203 2295 1272 magis,
2329 1218 2506 1272 quam
2539 1201 2636 1273 qui
2669 1201 2807 1257 olim
2840 1220 2874 1257 a
2906 1203 3102 1274 Moyse
3152 1202 3382 1258 tabulas
3433 1206 3729 1275 accepturi

2084 1296 2252 1345 erant
2283 1290 2881 1361 “,purificassetJllis
2911 1292 3065 1346 enim
3099 1307 3212 1345 non
3244 1292 3399 1345 ultra
3427 1296 3737 1360 vestem,et

2085 1380 2355 1452 exiguam
2388 1380 2602 1436 ventris
2633 1381 3228 1451 compressionem,ac
3261 1381 3492 1440 brevem
3526 1398 3732 1452 quam-

2085 1469 2220 1524 dam
2253 1469 2510 1538 corporis
2551 1469 2957 1524 castimoniam
3010 1470 3338 1540 purificatio
3388 1484 3516 1524 sese
3549 1473 3733 1540 porri-

2084 1559 2295 1629 gebat:
2331 1557 2440 1628 ipsi
2473 1563 2668 1613 autem
2703 1559 2773 1612 ad
2809 1558 3065 1612 divinam
3097 1556 3592 1630 illuminationem
3628 1577 3730 1613 su-

2084 1644 2279 1715 perior
2301 1646 2495 1701 omnis
2525 1646 2644 1701 vita
2675 1645 3016 1717 preparatio
3047 1647 3316 1717 quedam
3341 1653 3484 1711 erat,
3517 1653 3572 1702 et
3605 1658 3737 1702 ante

2087 1735 2496 1806 purgationem
2531 1734 2817 1806 purgatio,
2844 1750 2969 1804 quas
3003 1735 3222 1788 donum
3245 1735 3304 1788 in
3330 1742 3454 1790 tuto
3471 1741 3735 1806 poneret,

2088 1828 2154 1877 ut
2181 1823 2453 1894 perfectio
2487 1823 2724 1893 puritati
2758 1822 3590 1895 committeretur,bonumque
3624 1827 3732 1876 mi-

2086 1910 2242 1966 nime
2272 1912 2700 1982 periclitaretur
2729 1912 2787 1966 in
2839 1912 3062 1980 habitu,
3113 1913 3212 1984 qui
3265 1914 3464 1983 gratim
3517 1915 3733 1967 auxilio

2087 1999 2439 2071 prasideret.
2473 2002 2673 2072 Ipsum
2699 2009 2897 2056 autem
2928 2017 2996 2055 ex
3024 2017 3178 2071 aqua
3206 2017 3508 2073 egressum
3530 2002 3730 2056 lumen

2085 2091 2516 2162 circumt‘ulget,
2548 2097 2604 2145 et
2634 2089 2820 2162 gloria
2863 2090 2969 2145 hac
3009 2091 3190 2145 animi
3242 2091 3562 2157 atfectione,
3598 2107 3729 2146 cum

2087 2197 2200 2252 que
2221 2182 2292 2235 ad
2312 2181 2441 2236 ﬁdei
2467 2181 2714 2252 gratiam
2740 2181 3196 2251 accessit,digna
3227 2199 3239 2235 :
3275 2181 3578 2236 nonnullis
3602 2182 3732 2253 qui-

2091 2271 2224 2324 dem
2257 2271 2434 2326 etiam
2484 2269 2616 2326 aliis
2664 2269 3001 2341 conspicua,
3052 2271 3150 2341 qui
3204 2277 3329 2325 tum
3379 2271 3733 2325 miraculum

2090 2358 2233 2413 illud
2262 2360 2415 2430 apud
2450 2376 2511 2413 se
2560 2359 2959 2426 continebant,
3012 2359 3229 2414 idcirco
3277 2360 3582 2414 enuntiare
3629 2360 3736 2412 mi-

2090 2448 2248 2503 nime
2276 2449 2578 2511 audentes,
2627 2449 2780 2518 quod
2829 2449 3239 2518 unusquisque
3270 2449 3553 2504 visionem
3587 2447 3738 2503 hanc

2092 2536 2204 2592 sibi
2238 2536 2521 2591 duntaxat
2541 2537 2856 2607 contigisse
2885 2535 3347 2607 crederet,paulo
3380 2541 3512 2606 post
3541 2542 3741 2592 autem

2092 2625 2238 2680 illud
2272 2625 2426 2680 inter
2457 2641 2518 2680 se
2549 2625 3012 2681 disseminarunt
3042 2640 3057 2678 :
3091 2630 3152 2679 at
3181 2623 3369 2695 ei,qui
3403 2625 3740 2696 baptizabat

330 2718 386 2765 et
417 2710 704 2776 initiabat,
734 2712 878 2766 adeo
908 2709 1065 2767 clara
1096 2717 1151 2767 et
1181 2711 1433 2784 cognita,
1468 2716 1532 2766 ut
1561 2729 1632 2767 ne
1665 2714 2009 2785 mysterium
2043 2715 2280 2786 quidem
2314 2719 2542 2786 pectore
2576 2713 2845 2769 clausum
2878 2718 3074 2769 tenere
3107 2713 3378 2784 potuerit,
3411 2714 3512 2768 sed
3546 2713 3739 2784 palam

333 2801 667 2855 clamaverit
696 2816 759 2855 se
788 2817 1187 2866 successorem
1213 2818 1387 2856 suum
1421 2801 1632 2873 spiritu
1668 2804 1924 2858 unxisse.

407 2888 502 2943 IA'.
550 2884 647 2940 Καὶ
695 2890 862 2959 τοῦτο
913 2883 1090 2948 οὐδεὶς
1135 2887 1449 2957 ἀπιστήσειε
1497 2892 1601 2943 τῶν
1657 2889 1974 2958 ἀκηκοότων

330 2995 389 3030 τε
435 2975 525 3029 καὶ
578 2974 1015 3050 γιγνωσκόντων,
1073 2975 1157 3030 ὅτι
1203 2982 1440 3046 Μωϋσῆς
1479 2979 1589 3049 (45)
1625 2979 1718 3050 μέν
1748 2975 1826 3032 ἔτι
1888 3000 1980 3050 μι-

2159 2892 2303 2946 XIV.
2340 2897 2455 2947 Nec
2482 2908 2615 2947 vero
2647 2891 2939 2964 quispiam
2974 2891 3107 2962 huic
3139 2890 3218 2946 rei
3255 2891 3427 2946 {idem
3463 2890 3740 2946 adbibere

2089 2981 2513 3047 detrectaverit,
2557 2982 2658 3052 qui
2701 2980 2911 3036 adierit
2951 2987 3009 3035 et
3056 2980 3298 3044 noverit,
3349 2981 3734 3050 quemadmo-

333 3064 462 3139 κρὸς
491 3059 562 3117 ὥν
594 3069 710 3126 τοῖς
741 3063 1002 3130 πολλοῖς,
1033 3064 1121 3119 καὶ
1157 3061 1309 3119 οὔπω
1361 3063 1525 3142 λόγου
1555 3067 1701 3128 τινὸς
1731 3066 1979 3140 ἀξιούμε-

2094 3070 2234 3125 dum
2269 3070 2653 3141 Moyses,cum
2686 3071 2840 3140 apud
2866 3069 3086 3124 multos
3108 3068 3300 3123 adhuc
3327 3084 3540 3139 parvus
3557 3072 3734 3137 esset,

333 3174 446 3222 νος,
479 3151 538 3206 ἐκ
565 3159 664 3221 τῆς
712 3153 876 3227 βάτου
924 3152 1190 3222 καλεῖται,
1242 3153 1537 3227 καιομένης
1574 3154 1690 3227 μὲν,
1725 3156 1821 3210 οὐκ
1852 3156 1980 3212 ἀνα-

336 3239 666 3314 λισκομένης
717 3239 794 3312 δὲ,
851 3240 1063 3314 μᾶλλον
1112 3239 1168 3297 δὲ
1211 3247 1308 3297 τοῦ
1340 3241 1391 3297 ἐν
1423 3247 1490 3316 τῇ
1528 3244 1676 3318 βάτῳ
1719 3251 1980 3321 φανταζο-

337 3333 518 3400 μένου,
578 3330 666 3384 καὶ
724 3334 1007 3384 πιστοῦται
1065 3335 1142 3402 τῷ
1196 3331 1398 3407 πρώτῷ
1455 3331 1708 3405 θαύματι.
1743 3339 1980 3403 Μωυσῆς

334 3416 555 3486 ἐκεῖνος,
617 3419 662 3490 ᾧ
714 3417 955 3474 θάλασσα
1010 3417 1288 3491 τέμνεται,
1345 3420 1433 3474 καὶ
1466 3422 1624 3496 ἄρτος
1679 3421 1850 3489 ὕεται,
1889 3422 1979 3477 καὶ

332 3509 499 3580 πέτρα
545 3509 802 3582 πηγάζει,
857 3506 946 3561 καὶ
1000 3507 1197 3571 στύλος
1254 3509 1425 3584 πυρὸς
1468 3511 1557 3564 καὶ
1585 3509 1814 3588 νεφέλης
1847 3508 1980 3582 ὁδη-

328 3599 504 3670 γοῦσι,
539 3601 651 3668 μετ’
682 3593 948 3666 ἅλλῆλων
989 3596 1268 3669 ἱστάμενοι
1301 3601 1432 3671 (46),
1492 3599 1579 3652 καὶ
1629 3603 1830 3675 χειρῶν
1892 3595 1979 3654 ἕκ-

328 3705 482 3746 τασις
532 3683 792 3760 τρόπαιον
846 3682 1055 3765 ξίστησι,
1112 3686 1201 3740 καὶ
1259 3691 1383 3756 νικᾷ
1437 3685 1651 3748 πολλὰς
1694 3685 1977 3762 μυριάδας,

330 3775 418 3828 τὸν
479 3773 704 3847 σταυρὸν
759 3773 1190 3848 σχηματίζουσα.
1243 3773 1456 3836 Ἠσαίας
1492 3773 1568 3846 δὲ,
1613 3777 1640 3829 ὁ
1670 3783 1769 3844 τῆς
1821 3773 1980 3846 δόξης

332 3862 420 3917 καὶ
494 3867 601 3917 τῶν
676 3863 913 3939 σεραφὶμ
979 3865 1194 3932 θεατὴς,
1253 3865 1340 3918 καὶ
1403 3870 1511 3936 μετ’
1568 3864 1767 3919 ἐκεῖνον
1819 3867 1976 3940 Ἱερε-

333 3951 480 4023 μίας,
501 3952 528 4004 ὁ
559 3952 656 4019 τήν
708 3949 950 4026 μεγάλην
995 3953 1111 4007 κατ’
1142 3952 1303 4007 ἐθνῶν
1333 3953 1420 4008 καὶ
1455 3953 1721 4027 βασιλέων
1756 3975 1975 4008 πιστευ-

333 4039 442 4102 θεὶς
503 4037 750 4112 δύναμιν·
807 4041 835 4094 ὁ
893 4042 987 4112 μὶν
1045 4041 1226 4096 ἀκούει
1277 4042 1418 4104 θείας
1475 4049 1681 4120 φωνῆς,
1731 4043 1818 4097 καὶ
1878 4050 1976 4112 τῆς

333 4128 664 4205 προφητείας
721 4133 801 4200 τῷ
854 4127 1079 4205 ἄνθρακι
1148 4131 1598 4206 προκαθαίρεται’
1671 4133 1698 4186 ὁ
1759 4129 1816 4187 δὲ
1870 4133 1976 4208 πρὸ

332 4220 429 4287 τῆς
487 4219 600 4291 (47)
658 4215 999 4280 διαπλάσεως
1047 4220 1396 4296 γιγώσκεται,
1452 4221 1540 4278 καὶ
1611 4221 1717 4298 πρὸ
1784 4224 1974 4297 γεννή-

334 4328 470 4368 σεως
515 4305 808 4381 ἁγιάζεται.
861 4306 1076 4370 Παῦλος
1125 4307 1182 4372 δὲ
1229 4306 1467 4378 διώκτης
1499 4309 1571 4365 ὥν
1603 4309 1700 4379 ἔτι,
1734 4309 1762 4364 ὀ
1817 4309 1978 4387 μέγας

330 4402 430 4464 τῆς
489 4394 744 4464 ἀληθείας
801 4396 992 4473 κῆρυξ,
1045 4399 1073 4452 ὁ
1118 4402 1225 4453 τῶν
1258 4397 1420 4454 ἐθνῶν
1450 4397 1501 4454 ἐν
1524 4397 1702 4464 πίστει
1735 4397 1980 4455 διδάσκα-

402 4540 448 4574 “
477 4539 652 4614 Exod.
687 4556 804 4608 xxx,
832 4541 957 4614 710.7
1000 4542 1046 4576 ⁴³
1075 4541 1251 4614 Exod.
1285 4560 1368 4613 ιιι,
1405 4544 1455 4598 4.
1532 4544 1575 4578 ⁸⁸
1605 4544 1781 4614 Exod.
1810 4561 1926 4614 xxv,
1947 4543 2038 4614 22.

329 4611 376 4646 ⁵ο
406 4612 581 4666 Exod.
612 4628 754 4680 xvu,
785 4613 875 4680 11,
907 4613 992 4668 47.
1069 4613 1112 4650 ⁸1
1148 4613 1256 4689 Isa.
1291 4611 1368 4683 v1,
1409 4619 1454 4671 l.
1531 4615 1576 4650 ³²
1602 4613 1815 4687 Jerem.
1850 4633 1889 4684 ι,
1911 4611 2012 4671 ⁷10.

546 4754 924 4832 ῌᾼροκαθήρας.
958 4756 1052 4832 0r.
1088 4757 1138 4822 1,
1169 4755 1534 4832 προκαθάρας.

429 4822 519 4898 38⁷)
555 4822 842 4898 Μωυσέως.
881 4831 970 4898 0r.
1009 4829 1059 4898 1,
1090 4822 1347 4898 Μωσέως.

429 4828 497 4880 38
555 4828 842 4886 Μωυσέως.
881 4831 970 4882 0r.
1009 4829 1059 4898 1,
1090 4828 1347 4889 Μωσέως.
1419 4828 1427 4832 ’

553 4896 648 4950 Καὶ
679 4895 1000 4974 σωφροσύνη
1036 4917 1128 4974 -τις
1157 4896 1395 4974 σχέδιος.
1435 4921 1462 4954 α
1493 4901 1683 4974 Brevis
1715 4903 1983 4970 quendam

331 4970 490 5044 etgad
524 4970 852 5044 tempus'ab
886 4971 1165 5027 uxoribus
1193 4970 1574 5029 continentia.
1606 4995 1634 5023 »
1660 4976 1794 5044 Aut,
1833 4979 1897 5030 ut
1923 4974 1983 5029 in

339 5042 480 5101 Elia.
519 5059 540 5088 ι
576 5043 836 5097 castitas.
875 5064 902 5090 »ι

408 5112 520 5187 (40)
551 5110 994 5187 ’Δσφαλιζομένη
1028 5112 1124 5180 τὴν
1158 5109 1593 5185 δωρεάνΒίΗίιιε
1629 5131 1641 5170 :
1671 5136 1697 5165 «
1733 5115 1981 5171 ﬁrmita-

335 5189 455 5238 tem
490 5185 642 5238 dono
665 5185 943 5241 efferens.
976 5206 1004 5235 »

406 5255 517 5325 (41)
550 5253 696 5309 Μετὰ
740 5256 840 5330 τῆς
897 5252 1167 5330 χάριτος..
1209 5254 1423 5330 Dillius
1475 5255 1635 5330 legit,
1690 5256 1826 5310 κατὰ
1881 5263 1984 5326 τῆς

335 5327 583 5408 χάριτος,
617 5334 672 5381 et
703 5326 957 5394 vertit,"«
980 5326 1043 5383 in
1075 5326 1492 5409 animibabitu
1539 5326 1820 5384 adversus
1850 5345 1981 5400 gra-

335 5407 478 5453 tiam
509 5399 737 5454 audaci.
776 5421 803 5448 ι)
838 5398 932 5454 Sic
961 5400 1136 5456 etiam
1171 5399 1386 5456 legitur
1416 5416 1472 5454 ιιι
1500 5399 1628 5455 Bas.
1662 5400 1776 5456 ed..
1801 5399 1896 5455 Or.
1932 5402 1981 5456 1.

335 5416 478 5453 uam
509 5416 737 5454 auaaci.
776 5421 803 5448 ιι
838 5416 932 5454 mc
961 5416 1136 5456 etiam
1171 5416 1386 5470 legitur
1416 5416 1472 5454 ιιι
1501 5416 1628 5455 bas.
1662 5416 1776 5464 θα,
1801 5416 1896 5455 ur.
1932 5416 1982 5468 ι,

332 5469 586 5539 aliisque
619 5470 921 5526 nonnullis
940 5469 1449 5526 codicibus.Nobis
1472 5476 1667 5539 tamen
1683 5472 1986 5529 retinenda

330 5538 562 5615 videtur
589 5541 780 5612 lectio,
815 5559 942 5614 quas
1000 5543 1194 5611 habet,
1256 5540 1308 5595 ἂν
1366 5539 1466 5615 ἔξει
1523 5538 1789 5615 τολμώσῃ
1849 5543 1986 5614 μετὰ

328 5617 430 5698 τῆς
462 5609 714 5698 χάριτρς,
755 5609 776 5662 ὁ
907 5615 1130 5698 habitu;
1163 5609 1495 5698 qui_gratiaa
1539 5609 1984 5698 auiilio'praesi-

331 5684 514 5741 deret.
543 5684 573 5735 ᾧ)
603 5684 744 5750 Quis
775 5685 935 5744 enim
966 5686 1064 5748 ille
1091 5684 1238 5745 θεία
1271 5684 1508 5743 habitus
1537 5684 1822 5754 adversus
1849 5705 1984 5763 gra-

623 5813 888 5879 ΡΑτιιοι..
921 5817 1033 5880 Gn.
1076 5814 1316 5880 XXXV.

2007 4364 2055 4429 D

2091 3175 2195 3214 nec
2226 3157 2380 3231 vulgi
2400 3157 2620 3226 judicio
2652 3157 2774 3213 ulla
2794 3156 2948 3212 fama
2977 3158 3433 3223 celebraretur,e
3465 3157 3608 3213 rubo
3634 3159 3736 3228 qui

2089 3247 2330 3303 ardebat
2361 3248 2618 3318 quidem,
2653 3248 2753 3302 sed
2785 3263 2899 3302 non
2932 3247 3346 3303 assumebatur
3374 3247 3438 3311 ‘5,
3462 3245 3548 3301 vel
3578 3247 3648 3300 ab
3672 3263 3738 3302 eo

2090 3337 2306 3408 potius,
2339 3336 2438 3408 qui
2470 3337 2528 3390 in
2564 3340 2707 3391 rubo
2742 3337 3077 3407 apparebat,
3093 3340 3331 3390 vocatus
3357 3337 3526 3404 sit,ac
3552 3336 3737 3406 primo

2088 3425 2187 3481 illo
2222 3425 2502 3480 miraculo
2534 3425 2914 3480 conﬁrmatus
2947 3441 2960 3479 :
2997 3425 3243 3495 Moyses,
3298 3424 3566 3495 inquam,
3621 3425 3739 3494 ille,

2090 3516 2180 3569 cui
2219 3530 2373 3570 mare
2407 3512 2694 3569 scinditur
2731 3514 2794 3577 ‘5,
2853 3513 3019 3583 panis
3071 3512 3220 3584 pluit
3248 3513 3312 3577 ⁸⁷,
3349 3520 3511 3584 petra
3543 3521 3739 3568 scatu-

2091 3606 2164 3658 rit
2192 3605 2257 3670 ‘3,
2291 3603 2350 3675 ig
2396 3604 2444 3659 is
2475 3611 2533 3657 et
2553 3602 2727 3658 nubis
2760 3602 3033 3657 columna
3061 3601 3302 3657 alternis
3329 3602 3553 3656 vicibus
3583 3607 3741 3656 stan-

2089 3697 2178 3748 tes
2201 3693 2266 3759 ‘9,
2300 3693 2408 3746 iter
2438 3695 2910 3762 pramonstrant,
2945 3696 3002 3745 et
3039 3707 3322 3744 manuum
3374 3691 3635 3746 extensio
3667 3691 3733 3754 ⁸ο,

2089 3797 2316 3836 cracem
2369 3780 2752 3844 adumbrans,
2797 3786 3080 3849 tropaeum
3134 3779 3359 3841 statuit,
3419 3794 3485 3832 ac
3546 3775 3732 3832 multa

2095 3869 2402 3924 hominum
2437 3866 2621 3922 millia
2635 3885 2700 3922 su
2713 3865 3082 3937 perat.[saias
3100 3871 3293 3920 autem
3308 3865 3720 3937 ,ille,inquam,

2087 3957 2282 4027 glorise
2314 3961 2371 4011 et
2394 3955 2842 4026 seraphinorum
2879 3959 3173 4025 spectator
3202 3955 3278 4020 5';
3331 3969 3397 4007 ac
3428 3959 3558 4024 post
3589 3969 3723 4008 eum

2085 4045 2391 4110 Jeremias,
2443 4043 2542 4114 qui
2591 4044 2746 4098 3.10
2789 4059 3062 4114 magnam
3115 4043 3392 4098 adversus
3441 4047 3642 4114 gentes
3672 4049 3728 4096 et

2086 4151 2249 4207 reges
2299 4133 2613 4204 potentiam
2667 4132 2888 4202 accepit
2915 4131 2997 4199 5';
3030 4130 3174 4187 alter
3227 4132 3485 4188 divinam
3525 4147 3725 4186 vocem

2087 4222 2272 4290 audit,
2309 4227 2480 4292 atque
2520 4221 2863 4293 priusquam
2916 4220 3229 4291 prophetiae
3279 4237 3496 4275 munus
3535 4220 3726 4285 obeat,

2087 4328 2192 4382 per
2219 4311 2530 4370 carbonem
2565 4313 2848 4381 purgatur
2875 4309 2920 4342 ⁵³
2945 4325 2958 4375 ;
2991 4309 3136 4362 alter
3165 4314 3296 4364 ante
3323 4309 3729 4364 formationem

2088 4399 2479 4472 cognoscitur,
2513 4403 2570 4454 et
2598 4404 2732 4466 ante
2762 4402 2954 4453 ortum
2997 4397 3395 4452 sanctificatur
3419 4397 3481 4451 ⁵⁸.
3515 4397 3733 4452 Paulus

2115 4544 2158 4577 ‘7
2189 4540 2366 4597 Exod.
2400 4525 2514 4609 xvi,
2539 4541 2590 4594 4.
2668 4539 2710 4573 ⁸⁸
2741 4539 2915 4594 Exod.
2949 4556 3085 4608 xvu,
3107 4539 3161 4594 6.
3239 4539 3284 4575 ‘9
3316 4538 3487 4595 Exod.
3520 4555 3645 4606 xm,
3675 4541 3729 4594 2.

2088 4615 2132 4649 ⁵³
2165 4618 2274 4669 Isa.
2308 4629 2385 4683 v1,
2415 4613 2470 4666 6.
2546 4612 2592 4646 ⁵⁸
2622 4611 2734 4667 Jer.
2769 4627 2809 4683 ι,
2838 4612 2893 4667 5.

2089 4759 2232 4813 tiam
2262 4757 2472 4822 audax,
2507 4777 2534 4806 »
2565 4754 2624 4810 in
2649 4771 2764 4827 quo
2799 4776 2827 4805 «
2859 4757 3146 4826 bonum,»
3176 4756 3233 4810 id
3260 4760 3368 4822 est,
3393 4777 3422 4806 «
3454 4753 3734 4824 baptismi

2092 4830 2422 4902 gratia,non
2456 4827 2859 4902 periclitetur]
2891 4849 2918 4877 ››

2152 4901 2384 5025 {42)1‘3.
2412 4897 2592 4970 ειωτῇ.
2647 4898 2739 4954 Sic
2800 4899 2936 4971 Reg.
2999 4899 3120 4953 bm.
3180 4904 3238 4953 et
3294 4897 3390 4954 Or.
3436 4899 3485 4952 1.
3522 4899 3581 4953 In
3615 4898 3734 4966 sd.,

2191 4990 2363 5025 ειοτη.

2091 4990 2363 5041 τελειοτῃ.

2187 5044 2276 5111 43)
2308 5036 2460 5108 Μηδὲ
2499 5040 2688 5111 Regg.
2728 5056 2780 5106 a,
2814 5039 2936 5105 bm,
2967 5039 3060 5094 Or.
3100 5041 3148 5108 l,
3185 5039 3343 5111 μήτε.

2187 5044 2254 5096 43
2308 5043 2460 5108 Μηδὲ
2514 5043 2688 5111 Regg.
2728 5056 2780 5106 a,
2814 5043 2936 5105 bm,
2967 5043 3060 5094 Or.
3100 5043 3148 5108 l,
3185 5043 3343 5111 μήτε.

2165 5043 2277 5185 (44)
2309 5113 2426 5168 Ὀτι
2458 5110 2548 5185 τὸν
2582 5107 2793 5185 ἑαυτοῦ,
2825 5113 3175 5175 etc.Billius,
3197 5135 3224 5162 «
3259 5113 3359 5166 sed
3391 5126 3524 5166 eum
3560 5126 3736 5185 quem

2095 5183 2604 5256 innungebat,_sibi
2639 5184 2693 5237 in
2727 5186 3068 5256 episcopatu
3099 5200 3511 5239 successurum
3546 5183 3738 5255 palam

2095 5275 2160 5313 ac
2194 5254 2422 5327 publice
2454 5254 2808 5327 clamaverit.
2850 5277 2877 5304 ››

2189 5325 2274 5398 715)
2303 5331 2559 5398 Dimissi;
2595 5325 2732 5398 Beg.
2759 5327 2889 5398 bm,‘
2913 5333 2966 5381 et
2997 5325 3092 5393 Or,
3124 5327 3171 5398 1.
3206 5325 3424 5398 Μωσῆς.

2189 5329 2274 5398 45)
2303 5331 2559 5393 Μωυσῆς.
2596 5328 2732 5397 Reg.
2759 5328 2875 5389 bm,
2913 5333 2966 5381 et
2997 5328 3092 5393 Or,
3124 5328 3171 5380 1.
3206 5328 3424 5392 Μωσῆς.

2165 5328 2277 5470 (46)
2309 5404 2430 5452 Μετ’
2459 5393 2725 5465 ἀλλήλων
2759 5394 3073 5470 1στάμενοι.
3130 5397 3256 5452 Hme
3307 5396 3379 5449 ab
3427 5395 3741 5470 interprete

2093 5465 2333 5542 omissa.
2371 5494 2399 5522 ‹‹
2430 5465 2944 5542 Alternisvicibus
2975 5474 3219 5540 stantes,
3255 5488 3280 5518 α
3310 5470 3367 5542 id
3399 5471 3508 5537 est,
3539 5488 3566 5516 «
3601 5465 3738 5521 alte-

2094 5561 2158 5599 ra
2189 5544 2244 5599 in
2283 5537 2457 5598 usum
2489 5539 2624 5606 diei,
2659 5539 2843 5596 altera
2874 5539 2932 5594 in
2969 5537 3140 5595 nsum
3175 5536 3388 5607 noctis,
3420 5559 3448 5589 »

2164 5617 2284 5688 (47)
2314 5619 2446 5686 Τῆς.
2476 5613 2570 5671 Sic
2603 5612 2742 5687 Reg.
2778 5613 2898 5684 βω,
2930 5611 3102 5677 Deest
3129 5612 3190 5668 in
3223 5611 3314 5682 ed.

3387 5809 3466 5873 32
