4138 6212
466 333 621 395 1003
1701 330 1766 390 S.
1814 329 2100 390 GREG’)!

2234 329 2627 392 THEOLOGI
3709 347 3865 408 (θοαί

460 468 656 541 etiam,
685 484 954 538 magnus,
1005 467 1269 538 inquam,
1332 465 1426 520 ille
1480 463 1741 520 veritatis
1802 479 2008 535 prmco,
2051 468 2094 517 el

2232 466 2335 522 loc.
2369 461 2456 515 ml
2491 463 2626 538 φωτὶ
2656 463 3082 538 περιλαμπεται,
3115 465 3203 520 καί
3231 470 3481 544 γνωρίζει
3527 475 3616 528 τὸν
3668 473 3866 532 διωκό-

458 559 721 630 gentium
755 557 813 611 in
849 556 959 611 ﬁde
1008 555 1309 628 magister,
1363 571 1493 608 cum
1547 553 1738 608 adhuc
1777 558 2092 623 persecute]

2233 570 2400 614 ιενον,
2433 550 2518 604 καὶ
2541 553 2639 618 τὴν
2668 552 2912 626 μεγάλην
2950 551 3221 610 διακονίαν
3252 559 3580 629 πιστεύεται,
3610 564 3700 618 καὶ
3722 567 3867 637 πλη-

453 650 628 716 esset,
660 645 884 702 lumine
905 644 1402 701 circumfunditur
1431 644 1954 713 5‘,eumque,quem
1981 657 2087 712 per

1981 657 2106 712 per-
2215 643 2304 713 ροῖ
2331 637 2426 692 τού
2456 638 2790 715 Εὐαγγελίου
2822 648 2990 696 πᾶσαν
3025 643 3192 712 ἀκοὴν
3224 646 3315 699 καὶ
3348 645 3605 706 διάνοιαν.

451 735 827 806 sequebatur,
862 734 1178 806 cognoscit,
1212 748 1603 804 magnumque
1635 730 2028 786 ministerium
2062 729 2174 785 sibi
2205 729 2488 784 creditum
2538 732 2808 803 suscipit,
2840 738 3017 805 atque
3049 736 3312 791 omnium
3340 755 3512 795 aures
3545 747 3602 796 et
3630 744 3866 802 animos

452 823 762 896 Evangelio
794 823 1021 896 implet.

520 913 634 968 XV.
668 913 815 978 Quid
848 918 1042 969 autem
1095 929 1299 968 omnes
1348 929 1446 967 eos
1496 923 1838 966 enumerare
1869 909 2097 972 attinet,

2278 908 2378 962 lE'.
2430 906 2488 959 Τί
2538 904 2619 961 δεῖ
2667 907 2870 971 πάντας
2927 910 3341 983 ἀπαριθμεῖσθαι
3398 913 3526 976 τοὺς
3568 917 3672 972 ὑπὸ
3725 923 3861 976 Θεοῦ

449 1002 546 1072 qui
583 1020 616 1057 a
645 1003 761 1058 Deo
793 1003 1054 1058 advocati
1088 1006 1246 1066 sunt,
1296 1000 1630 1071 talibusque
1675 997 1976 1054 miraculis
2001 1015 2083 1052 as-

2229 993 2668 1069 τροσκληθὲντας,
2747 998 2836 1051 καὶ
2892 999 3163 1061 τοιούτοις
3217 1001 3589 1066 οἰκειωθέντας
3647 1009 3863 1080 θαύμα-

448 1090 568 1156 citi,
602 1090 878 1163 qualibus
909 1091 1006 1146 ille
1038 1090 1214 1145 etiam
1239 1090 1312 1144 ad
1343 1089 1476 1143 fidei
1501 1088 1773 1160 pietatem
1795 1086 2082 1141 conﬁrma

2228 1103 2308 1151 rw,
2368 1085 2450 1145 οἷς
2507 1089 2616 1154 (48)
2683 1085 2929 1149 κάκεῖνος
3006 1084 3307 1161 ἐϐεϐαιώθη
3368 1093 3503 1167 πρὸς
3558 1096 3657 1161 τήν
3707 1097 3862 1152 εὐσέ-

446 1183 546 1236 tus
576 1179 708 1236 est?
735 1180 850 1235 Nec
885 1194 1017 1235 vero
1059 1178 1199 1233 talia
1237 1178 1502 1249 quidem,
1550 1181 1790 1247 tamque
1849 1174 2080 1230 incredi-

2219 1167 2390 1241 iaiav;
2453 1173 2550 1226 Κπὶ
2592 1173 2654 1227 οὐ
2711 1176 2777 1229 τὰ
2839 1177 2932 1247 μὶν
2995 1182 3186 1252 πρῶτα
3239 1184 3480 1250 τοιαῦτα,
3533 1184 3622 1237 καὶ
3671 1185 3853 1250 οὓτως

447 1268 590 1324 bilia
620 1273 675 1324 et
720 1267 1066 1323 admiranda
1107 1267 1274 1321 initia
1325 1267 1579 1337 fuerunt,
1630 1282 1732 1337 per
1777 1281 1846 1320 ea
1875 1267 2081 1330 autem1

2223 1262 2399 1316 ἱπιστα
2473 1263 2562 1316 καὶ
2630 1261 2923 1340 παράδοξα,
2986 1267 3293 1343 κατῄσχυνε
3351 1266 3409 1324 δέ
3453 1292 3506 1325 τι
3561 1277 3668 1326 τῶν
3721 1297 3857 1351 προ-

450 1374 576 1430 quae
611 1362 813 1430 postea
843 1360 1042 1413 secuta
1072 1360 1230 1423 sunt,
1266 1354 1489 1427 aliquid
1523 1371 1748 1420 eorum,
1781 1371 1907 1425 qua:
1948 1371 2084 1425 pra:-

2225 1352 2567 1426 ιπηργμένων
2625 1358 2743 1414 τοῖς
2795 1351 3038 1429 ὕστερον,
3073 1356 3149 1417 ὡς
3211 1356 3268 1410 ἂν
3323 1379 3407 1420 τις
3462 1366 3568 1414 τῶν
3619 1365 3859 1438 τάχιστα

448 1451 773 1512 cesserunt,
807 1447 1016 1517 probro
1076 1450 1132 1500 et
1163 1446 1444 1500 dedecore
1474 1444 1682 1510 affecit,
1715 1444 2082 1515 quemadmo-

2223 1440 2360 1514 ιόρον
2391 1445 2488 1494 τοῦ
2517 1439 2691 1496 καλοῦ
2722 1439 3135 1516 λαμϐανόντων,
3171 1447 3284 1500 εἶτα
3310 1452 3409 1501 τοῦ
3441 1449 3628 1524 πρόσω
3686 1474 3857 1508 κατα-

445 1533 588 1588 dum
619 1533 915 1606 quispiam
945 1532 1122 1600 exiis,
1155 1533 1255 1604 qui
1290 1532 1666 1588 honestarum
1701 1548 1894 1586 rerum
1927 1535 2079 1586 satu-

2222 1528 2564 1603 ›ρονούντων,
2632 1531 2667 1599 ἤ
2731 1530 2820 1585 καὶ
2881 1533 3182 1588 παντάπασι
3227 1535 3364 1610 πρὸς
3417 1539 3601 1593 κακίαν
3652 1541 3856 1596 παλιν-

443 1621 675 1678 ritatem
709 1625 767 1677 et
796 1621 1094 1677 fastidium
1139 1621 1251 1676 cito
1299 1620 1659 1692 concipiunt,
1709 1636 1813 1675 nec
1842 1620 2077 1676 ulterius

2216 1617 2570 1691 ῖρομούντων·
2623 1618 2716 1674 οὖν
2778 1617 2888 1674 ἔστι
2946 1626 3106 1676 τοῦτο
3164 1622 3368 1678 εἰπεῖν·
3411 1625 3554 1681 ἀλλὰ
3599 1631 3691 1684 καὶ
3725 1629 3850 1686 λίαν

441 1709 715 1784 progredi
743 1716 973 1776 curant,
995 1710 1083 1765 vel
1117 1711 1290 1766 etiam
1324 1711 1396 1764 ad
1427 1709 1633 1764 vitium
1666 1709 1905 1764 omnino
1937 1709 2075 1764 rela-

2223 1711 2385 1761 αυτοῦ
2440 1713 2532 1762 καῖ
2588 1713 2695 1762 τῶν
2750 1709 3166 1788 προειληφότων
3224 1710 3428 1788 ἔχεται,
3490 1715 3627 1772 ὣστε
3666 1718 3855 1797 ἆμρόο

439 1801 683 1857 buntur.
713 1801 860 1869 Νοη,
886 1799 1153 1872 inquam,
1185 1799 1296 1854 hoc
1346 1799 1623 1869 cuiquam
1671 1797 1860 1852 dicere
1908 1797 2073 1865 licet;

2216 1815 2319 1870 ςερα
2348 1797 2702 1872 συναρμόζειν
2735 1795 3033 1868 ἀλλήλοις,
3064 1801 3132 1855 τά
3159 1822 3216 1856 τε
3249 1805 3354 1877 πρὸ
3389 1811 3490 1872 τῆς
3541 1795 3850 1882 ἱερωσύνης

437 1906 664 1957 verum,
695 1893 752 1945 et
773 1888 884 1945 sibi
911 1889 1230 1943 admodum
1277 1888 1557 1954 constitit,
1608 1893 1663 1941 et
1694 1885 1958 1958 pristinis
1988 1903 2071 1941 ve-

2213 1889 2306 1946 τοῖς
2367 1884 2571 1956 ἐκείνης
2623 1887 2833 1955 καλοῖς,
2885 1887 2974 1942 καὶ
3028 1890 3093 1942 τὰ
3137 1892 3252 1962 μετ’
3301 1891 3464 1961 αὐτὴν
3496 1901 3614 1957 τοῖς
3644 1898 3847 1972 πρότε-

439 1979 630 2051 stigiis
650 1978 836 2046 hasit,
871 1979 1012 2033 adeo
1047 1981 1110 2032 ut
1140 1977 1290 2032 inter
1320 1993 1381 2032 se
1413 1981 1656 2044 utraque
1679 1975 1919 2047 pulchre
1944 1991 2073 2030 con-

2210 1993 2305 2026 >ov°
2359 1973 2448 2027 καὶ
2505 1977 2642 2047 μήτε
2691 1973 2877 2037 ἄλλως
2923 1979 3037 2050 (49)
3095 1975 3345 2052 ἄρξασθαι
3399 1983 3622 2056 πρέπειν
3678 1987 3713 2053 ἢ
3765 1988 3844 2049 ὡς

433 2069 717 2133 venirent,
748 2084 956 2138 nempe
991 2071 1047 2122 et
1075 2083 1161 2134 ea,
1195 2083 1322 2137 quae
1354 2065 1748 2121 sacerdotium
1773 2080 2067 2135 praecesse-

2207 2059 2521 2134 ιτελεύτησε,
2559 2066 2696 2137 μήτε
2726 2064 2800 2126 είς
2834 2063 2974 2120 ἄλλο
3005 2066 3292 2141 προελθεῖν
3343 2068 3506 2132 τέλος
3531 2073 3566 2140 ἢ
3599 2074 3662 2127 οὗ
3698 2095 3841 2146 προ-

433 2162 591 2225 rant,
620 2173 754 2212 cum
787 2156 900 2223 his,
926 2173 1055 2228 quas
1084 2155 1142 2210 in
1174 2156 1500 2211 sacerdotio
1534 2162 1684 2209 recte
1714 2171 1780 2208 ac
1812 2152 2067 2224 praeclare

2205 2151 2387 2224 ἤρξατο
2643 2153 2950 2208 Πιστεύεται
3014 2155 3106 2228 μὲν
3158 2177 3217 2230 γε
3256 2159 3354 2226 τήν
3388 2159 3712 2236 ἱερωσύνην,
3775 2165 3839 2220 οὗ

432 2247 633 2319 gessit,
663 2251 718 2302 et
747 2263 814 2302 ea
844 2263 968 2317 quas
1001 2250 1131 2316 post
1173 2249 1514 2316 susceptum
1565 2243 1956 2298 sacerdotium
1987 2258 2066 2296 se-

2209 2241 2322 2294 ιατά
2363 2242 2462 2309 τήν
2512 2245 2601 2294 νῦν
2643 2241 2890 2296 εὐκολίαν
2926 2243 3014 2297 καὶ
3047 2245 3281 2313 ἀταξίαν,
3341 2246 3485 2303 ἀλλὰ
3542 2253 3739 2324 μικρόν
3790 2276 3843 2309 τι

435 2340 570 2393 cuta
599 2341 758 2403 sunt,
791 2352 925 2390 cum
957 2335 1050 2401 iis,
1094 2351 1219 2405 quae
1269 2338 1683 2402 praecesserant
1717 2350 1731 2386 :
1765 2348 1868 2386 nec
1913 2331 2069 2384 aliter

2206 2327 2477 2394 ῖιαλιπὼν,
2512 2325 2650 2384 ὥστε
2679 2334 2745 2403 τῇ
2775 2334 3029 2406 καθάρσει
3075 2336 3433 2406 προστεθῆναι
3483 2339 3573 2391 καὶ
3612 2342 3712 2408 τήν
3741 2349 3840 2399 τοῦ

433 2425 690 2498 incipere
722 2425 946 2490 doceat,
994 2440 1171 2495 quam
1225 2422 1519 2494 quomodo
1566 2422 1689 2491 ipse
1735 2419 1939 2484 ﬁnivit,
1973 2435 2067 2474 nec

2202 2418 2453 2493 ιαθαίρειν
2485 2419 2767 2495 ἐμπειρίαν
2799 2421 2888 2473 καὶ
2919 2417 3169 2494 δύναμιν,
3203 2422 3370 2499 ὅσπερ
3400 2429 3509 2499 (51)
3542 2424 3608 2496 δὴ
3659 2431 3836 2502 νόμος

432 2529 640 2570 rursus
687 2512 748 2568 in
796 2511 976 2567 alium
1025 2513 1201 2566 finem
1249 2509 1538 2581 progredi,
1592 2525 1768 2578 quam
1827 2509 1983 2562 unde
2027 2509 2066 2561 is

2197 2505 2505 2568 ἷικολουθίας
2535 2516 2932 2581 πνκυματικῆς.
2965 2511 3113 2566 Ἐπεὶ
3146 2509 3202 2566 δὲ
3233 2515 3558 2585 πιστεύεται,
3588 2516 3761 2574 πλέον
3797 2525 3831 2590 ἡ

429 2602 732 2658 exordium
766 2599 1434 2655 duxerat.Sacerdotium
1459 2601 1652 2653 autem
1684 2597 2063 2667 suscipit,non

2208 2598 2345 2671 (ἀρις
2379 2594 2674 2666 δοξάζεται,
2708 2596 2888 2673 ὣσπερ
2920 2594 3090 2660 ὅντως
3139 2606 3272 2655 Θεοῦ
3324 2603 3507 2679 χάρις,
3555 2605 3679 2662 ἀλλ’
3740 2610 3842 2665 οὐκ

428 2709 495 2750 ea
526 2693 800 2748 facilitate
831 2708 896 2747 ac
939 2689 1302 2753 confusione,
1353 2706 1478 2760 quis
1535 2705 1689 2743 nunc
1737 2689 1911 2758 viget,
1971 2687 2062 2742 sed

2205 2686 2508 2758 ινθρώπων,
2540 2684 2684 2757 οὐδὲ,
2718 2686 2747 2740 ὅ
2777 2708 2936 2763 φησιν
2972 2689 2999 2742 ὁ
3053 2688 3506 2761 Ἐκκλησιαστὴς,
3535 2696 3685 2768 ὁρμή
3752 2720 3839 2761 τις

425 2781 708 2838 nonnullo
739 2781 1046 2851 interjecto
1077 2778 1361 2850 temporis
1412 2778 1620 2850 spatio,
1645 2793 1759 2848 quo
1793 2776 2059 2831 nimirum

1835 2776 2072 2831 imirum
2184 2775 2509 2848 αὐτόνομος,
2541 2775 2629 2829 καὶ
2663 2776 2971 2851 προαίρεσις
3000 2776 3305 2852 πνεύματος
3339 2783 3469 2854 (52).

428 2871 499 2927 ad
531 2870 623 2925 sui
652 2870 1063 2942 purgationem
1109 2867 1355 2924 aliorum
1387 2883 1619 2939 quoque
1672 2867 2114 2937 purgandorum
2164 2865 2433 2936 peritiam
2465 2871 2522 2921 et
2551 2866 2886 2921 facultatem
2933 2868 3296 2940 adjungeret,
3328 2875 3831 2942 quemadmodum

426 2958 692 3016 videlicet
722 2957 1050 3031 spiritualis
1101 2957 1324 3012 ordinis
1377 2957 1466 3013 lex
1516 2956 1722 3028 poscit.
1757 2956 2075 3026 Postquam
2123 2959 2314 3009 autem
2369 2957 2645 3027 suscepit,
2677 2955 2866 3025 gratia
2915 2957 3104 3028 magis
3153 2959 3497 3027 celebratur,
3532 2969 3595 3018 ut
3627 2981 3831 3024 revera

425 3047 524 3104 Dei
556 3047 764 3120 gratia,
795 3063 912 3103 non
943 3050 1140 3102 autem
1168 3045 1498 3111 hominum,
1534 3061 1638 3100 nec
1670 3049 1751 3113 ut,
1786 3044 1940 3115 quod
1974 3043 2055 3098 ait
2085 3041 2482 3112 Ecclesiastes,
2512 3044 2767 3115 impetus
2800 3044 3040 3115 quidam
3072 3046 3321 3114 solutus,
3353 3054 3410 3104 et
3441 3056 3824 3126 presumptio

424 3134 671 3208 spiritus
695 3136 759 3190 ⁵⁸.

490 3223 636 3282 XVI.
666 3225 813 3282 Nam
845 3241 978 3281 cum
1011 3223 1284 3280 silvosam
1317 3227 1374 3278 et
1405 3225 1695 3294 agrestem
1745 3221 2062 3276 Eccleriam
2094 3222 2124 3288 ί

2246 3221 2346 3274 ΙΣ¹.
2402 3213 2736 3294 Παραλαϐὼν
2792 3221 2891 3295 γὰρ
2949 3222 3047 3289 τὴν
3101 3223 3427 3294 Ἐκκλησίαν
3489 3225 3677 3298 ὑλώδη
3737 3231 3829 3284 καὶ

417 3313 758 3387 accepisset,
790 3330 908 3368 non
935 3311 1106 3384 longo
1138 3317 1272 3366 ante
1303 3316 1564 3382 tempore
1584 3308 1898 3381 episcopali
1921 3325 2051 3364 cura

2185 3304 2690 3383 ἰπηγροικιᾶμὲνην,
2741 3308 2802 3362 οὐ
2854 3309 3134 3384 πορῥωθεν
3197 3312 3291 3384 μὲν
3361 3312 3631 3388 ἐπισκοπῇ
3692 3339 3819 3374 ποι-

414 3404 823 3476 gubernatam,
855 3403 953 3458 sed
987 3403 1058 3455 ab
1090 3418 1206 3456 uno
1236 3405 1466 3455 tantum
1498 3417 1565 3454 ex
1586 3398 2048 3454 antecessoribus

2181 3402 2481 3465 uaveeiaazv,
2513 3396 2639 3452 ἀλλ’
2672 3397 2793 3451 ὅσον
2827 3398 2904 3451 ἐνὶ
2934 3403 3041 3451 τῶν
3074 3400 3178 3475 πρὸ
3228 3399 3392 3456 αὑτοῦ
3440 3413 3815 3475 κοσμηθῆναι,

413 3492 537 3548 suis
567 3496 928 3560 exornatam,
963 3491 1203 3562 quique,
1242 3493 1304 3543 ut
1349 3487 1716 3544 admirandis
1748 3492 1922 3558 atque
1954 3504 2047 3542 an-

2187 3485 2254 3539 ιαὶ
2291 3486 2472 3559 τούτῳ
2511 3487 2792 3559 θαυμασίῳ
2844 3487 2936 3560 μὲν
2986 3488 3076 3542 καὶ
3120 3489 3402 3564 ἀγγελικῷ
3445 3493 3537 3546 τὸν
3588 3495 3821 3569 τρόπον,

408 3581 608 3654 gelicis
638 3580 900 3636 moribus
929 3584 1053 3634 erat
1084 3579 1382 3650 praeditus,
1417 3578 1496 3632 ita
1528 3576 1867 3648 simplicior,
1900 3578 2042 3632 34]

2189 3572 2524 3647 ὶπλουστέρῳ
2583 3573 2639 3629 δὲ
2749 3576 2883 3630 κατὰ
2927 3578 3054 3639 τοὺς
3103 3583 3194 3632 νῦν
3228 3584 3332 3632 τῶν
3368 3579 3510 3634 λαῶν
3575 3585 3823 3657 προστα-

408 3687 586 3742 quam
621 3671 720 3742 qui
753 3686 908 3724 nunc
940 3667 1154 3740 populo
1179 3667 1791 3738 praesunt,habebatur
1819 3683 1832 3732 ;
1866 3681 1930 3720 eo
1951 3682 2042 3720 au-

2188 3683 2280 3725 τας·
2313 3663 2505 3718 τούτου
2539 3661 2595 3718 δὲ
2639 3663 2870 3739 τάχιστα
2925 3664 3386 3744 προσληφθέντος,
3437 3669 3675 3726 ἐπιπολὺ
3718 3676 3822 3728 πά-

409 3763 528 3816 tem
556 3759 858 3816 celerrime
888 3757 944 3812 in
972 3756 1181 3812 coelum
1215 3764 1541 3827 assumpto,
1575 3755 1780 3827 perdiu
1815 3770 2043 3809 rursum

2185 3768 2251 3805 \w
2313 3751 2712 3828 ῥᾳθυμηθεῖσάν
2754 3775 2811 3808 τε
2871 3756 2959 3809 καὶ
3009 3760 3495 3831 χερσομανησασαν
3545 3760 3598 3830 ἐξ
3649 3762 3819 3840 ἀναρ-

401 3848 751 3921 neglectam,
801 3853 857 3903 et
894 3849 966 3902 ob
1013 3846 1245 3900 antistis
1298 3845 1556 3917 inopiam
1608 3844 1879 3915 squalore
1911 3844 2035 3899 affe-

2185 3840 2289 3916 (ίας
2314 3860 2325 3871 ·
2361 3846 2573 3917 πρῶτον
2613 3843 2705 3915 μὶν
2733 3845 2800 3897 τὰ
2826 3841 2934 3913 ἤθη
2965 3849 3072 3898 τῶν
3120 3846 3419 3918 ἀνθρώπων
3454 3848 3516 3902 οὐ
3549 3849 3819 3924 χαλεπῶς

401 3941 579 4006 ctam,
622 3942 798 4010 atque
829 3937 888 3990 in
923 3952 1126 4007 vepres
1159 3935 1477 3998 redactam,
1521 3933 1776 4004 primum
1810 3933 2035 4003 quidem:

2183 3931 2475 4007 ιξημὲρωσε
2523 3929 2712 4007 λόγοις
2767 3953 2826 3987 τε
2881 3941 3249 4005 ποιμαντικῆς
3301 3939 3413 4007 (53)
3471 3936 3817 4011 ἐπιστήμης,

405 4028 623 4082 ferinos
653 4025 957 4082 hominum
989 4039 1180 4078 mores
1204 4023 1361 4078 haud
1385 4038 1596 4093 magno
1644 4021 1873 4093 negotio
1903 4021 2039 4076 mitia

2187 4020 2250 4073 Lai
2281 4024 2360 4091 τῷ
2412 4022 2689 4095 προθεῖναι
2722 4023 2833 4094 (54)
2863 4023 3030 4076 τύπον
3067 4023 3276 4091 ἑαυτὸν,
3311 4022 3490 4099 ὣσπερ
3523 4025 3821 4103 ἀνδριάντα

405 4117 581 4188 gavit,
614 4122 740 4171 tum
775 4115 1086 4188 pastoralis
1118 4114 1264 4169 artis
1289 4113 1682 4180 sermonibus,
1716 4118 1840 4168 tum
1873 4112 2039 4167 etiam

2189 4111 2543 4182 πνευματικὸν,
2595 4111 2672 4173 εἷς
2715 4109 2922 4174 κάλλος
2973 4113 3322 4186 ἀπεξεσμένον
3370 4116 3548 4186 πάσης
3587 4118 3823 4192 ἀρίστης

402 4205 558 4276 quod
589 4221 671 4272 se,
703 4205 858 4260 velut
887 4203 1252 4276 spiritualem
1307 4202 1622 4272 quamdam
1673 4207 1928 4256 statuam
1977 4200 2036 4255 ad

2191 4199 2424 4272 εράξειις.
2475 4205 2699 4254 Ἔπειτα
2740 4206 2856 4263 τοῖς
2904 4201 3067 4263 θείοις
3116 4201 3308 4276 λόγοις
3339 4203 3608 4267 συντόνως
3644 4207 3825 4280 ἐμμεο

401 4293 635 4364 optimis
650 4294 939 4364 cujusque
957 4291 1202 4347 actionis
1215 4289 1716 4361 pulchritudinem
1731 4290 2035 4361 expolitam

2181 4289 2412 4357 ιετήσας,
2480 4289 2670 4361 καίπερ
2729 4289 3004 4362 ὀψιμαθὴς
3065 4296 3172 4345 τῶν
3205 4292 3467 4347 τοιούτων
3493 4298 3815 4370 τυγχάνων,

400 4383 472 4438 ad
505 4382 856 4437 imitandum
873 4379 1466 4452 proponeret.Deinde
1491 4379 1548 4433 in
1581 4379 2034 4434 sacrarumlitte-

2181 4376 2423 4446 τοσαύτην
2480 4376 2626 4439 ἐντὸς
2685 4377 2872 4453 ὀλίγου
2957 4378 3158 4454 χρόνου
3217 4381 3404 4458 σοφίαν
3465 4382 3815 4454 συνελέξατο,

399 4485 596 4526 rarum
630 4469 1270 4536 meditatione,summa
1301 4485 1433 4523 cum
1465 4469 2033 4524 animimontentione

2185 4464 2296 4519 ὅστε
2333 4466 2400 4519 τά
2445 4486 2503 4520 τε
2534 4463 2680 4521 ἄλλα
2713 4465 2945 4538 μηδενὸς
2980 4467 3255 4522 λείπεσθαι
3284 4472 3392 4522 τῶν
3427 4468 3513 4522 ἐπὶ
3550 4469 3819 4527 πλεῖστον

394 4564 685 4629 versatus,
709 4559 977 4630 quamvis
1008 4558 1196 4614 serius
1225 4559 1292 4612 ad
1329 4557 1668 4627 hujusmodi
1696 4558 1893 4613 studia
1921 4575 2028 4613 sese

2191 4555 2569 4625 ῑεπονηκότων,
2601 4555 2689 4609 καὶ
2723 4557 2883 4631 ’χάριν
2937 4556 2996 4610 ἐκ
3025 4562 3158 4611 Θεοῦ
3217 4557 3416 4628 ταύτην
3447 4554 3640 4614 λαϐεῖν
3679 4561 3825 4632 ἐξαί-

396 4647 1003 4718 contulisset,tantum
1036 4646 1379 4702 eruditionis
1411 4647 1567 4701 brevi
1600 4646 1922 4719 collegit,ut
1944 4663 2030 4702 net

2197 4663 2334 4715 ετον,
2404 4643 2713 4718 ὀρθονοξίας
2775 4646 3018 4720 γενέσθαι
3065 4648 3244 4722 πατὴρ
3297 4647 3384 4700 καὶ
3435 4645 3776 4713 διδάσκαλος
3807 4671 3824 4685 ⁸

462 4794 508 4829 ⁸⁸
538 4794 658 4849 Act.
693 4808 770 4863 Ix,
803 4792 855 4847 3.
932 4791 976 4826 ⁵⁸
1007 4789 1192 4847 Eccle.
1224 4807 1264 4859 1,
1298 4790 1382 4844 17,

461 4945 573 5030 (ἐξ)
604 4942 853 5030 Dis-ﬁr-
890 4946 943 5030 1:
971 4941 1209 5030 οἳοεεο,
1927 5021 1942 5030 .

2183 4955 2341 5008 none,
2374 4948 2474 5030 n11
2516 4949 2682 5030 vim,
2727 4963 2754 5030 ιι
2806 4943 3069 5016 depastio
3117 4943 3296 4999 venti.
3331 4963 3360 4992 η
3396 4941 3576 5030 Unde
3608 4945 3817 5003 Schol.

458 5022 571 5112 ιω)
603 5020 850 5112 "Aw.
899 5029 1006 5112 ειίεο
1058 5016 2035 5112 Μςθηεεξφςνηιιιοεςηιλλωςος.,ετξ-

2189 5016 2591 5112 ῐιοιπροαίριεσις
2624 5028 3175 5112 πνειύματος,-ᾕαῐ)θι,
3205 5030 3349 5102 νομῆ
3384 5028 3619 5096 ἀνέμου,
3649 5058 3678 5084 ι(
3713 5035 3821 5090 ὁὲ-

390 5091 646 5163 λεύτησεν
681 5093 913 5177 ἐκεῖνος...
941 5091 1306 5173 νοτυωῂωα
1339 5109 1512 5177 VOCP‘S.
1554 5091 1770 5175 ἄλλοις,
1811 5100 1867 5149 et
1897 5093 2024 5147 ἐκεῖ·

2181 5091 2602 5177 _asti_o_ven_t_i,_»
2635 5109 2700 5177 ut
2729 5091 2882 5177 apud
2911 5091 3530 5177 _Hebraaos._daaterum
3583 5091 3814 5177 (ἐι-εεος

387 5187 501 5258 ξος,
545 5185 670 5258 quae
704 5169 759 5223 in
797 5167 955 5250 nullo
988 5165 1358 5258 reperiuntur
1387 5165 1604 5258 codice,
1641 5166 1806 5219 nobis
1837 5182 2021 5237 super

2181 5175 2271 5258 ius
2295 5173 2388 5258 hic
2421 5165 3093 5258 nihil‘aliud‘intellexjt,
3118 5175 3239 5258 _nisi
3296 5175 3449 5258 930d
3491 5165 3815 5258 expresse-

389 5239 542 5304 ﬂuaa,
563 5235 817 5310 ideoque
849 5235 1175 5308 reﬁciendae
1208 5235 1498 5289 videntur.
1915 5235 1926 5237 ’
2143 5251 2280 5299 runt
2312 5245 2819 5314 interpretes,cum
2851 5247 2970 5302 haec
3003 5235 3186 5303 Eccle.
3221 5263 3260 5314 ι,
3293 5235 3381 5309 [7,
3408 5235 3588 5302 verba
3618 5248 3816 5303 inter-

454 5319 567 5391 (50)
595 5322 665 5374 "H
701 5316 767 5372 οὗ
793 5314 1335 5391 προήρξατοᾘὶυἰυε
1374 5329 1387 5367 :
1423 5337 1450 5362 «
1485 5331 1660 5384 quam
1695 5320 1757 5369 ut
1787 5315 1912 5386 ipse
1943 5317 2030 5372 in-

2175 5316 2350 5391 uretati
2385 5322 2542 5384 sunt,
2577 5334 2786 5391 nempe
2817 5318 3160 5391 Gregorium
3193 5321 3416 5391 patrem
3454 5335 3560 5373 nec
3596 5321 3809 5389 prisci-

383 5388 576 5462 cmpit.
616 5413 646 5442 »
840 5388 843 5389 ⁷
947 5388 954 5391 ’
990 5388 996 5390 “
1114 5459 1123 5462 _
1243 5449 1268 5462 η
1453 5455 1579 5462 Mm
1727 5456 1778 5462 __
1947 5459 1958 5462 _
2141 5388 2242 5460 piti
2275 5391 2456 5462 motu,
2491 5388 2770 5444 necinani
2803 5388 2989 5462 gloria
3019 5388 3284 5456 ductum,
3308 5390 3377 5444 ad
3394 5388 3808 5448 sacerdotium

451 5449 778 5534 (Sl)"9nep.
815 5462 994 5534 Regg.
1029 5477 1080 5529 a,
1113 5449 1426 5527 ὺωβσπερ.
1453 5455 1659 5511 Billius
1689 5456 1916 5515 videtur
1946 5459 2028 5515 le-

845 5465 994 5534 tegg.
1029 5477 1080 5529 a,
1113 5449 1426 5527 bm,5cmp.
1453 5455 1659 5511 Billius
1689 5456 1916 5515 videtur
1946 5459 2028 5515 le-
2141 5449 2479 5534 accessisse.

382 5530 560 5606 siese,
595 5530 796 5606 ὥσπερ.
890 5530 965 5606 ,ῃ
1198 5595 1210 5606 ,
1511 5599 1544 5606 “
1841 5603 1850 5606 _
1992 5604 2005 5606 λ

2210 5531 2325 5601 (53)
2360 5534 2748 5606 Ποιμαντικῆς.
2791 5533 2885 5589 Sic
2917 5533 3097 5606 Regg.
3142 5550 3195 5601 a,
3246 5533 3368 5598 bm,
3404 5537 3520 5588 etc.
3576 5535 3640 5590 In
3670 5534 3812 5605 ed.,

455 5595 568 5677 (52)
598 5603 696 5677 καὶ
718 5595 1045 5677 ’προαίρεσις
1084 5595 1912 5677 13v_c_i-5par_oc.n«Praesumptio,
1945 5604 2027 5658 af-

904 5620 1045 5677 psgtc
1084 5595 1912 5677 13v_c_i-5par_oc.._«_Przesumptio,
1945 5604 2027 5658 af—
2135 5595 2536 5677 ποιμαντικοῖς.

455 5617 568 5674 (DZ)
598 5617 696 5657 Καί
736 5617 1045 5677 προαιρεσις
1084 5617 1407 5724 ungitur“.
1447 5620 1475 5647 «
1509 5617 1912 5672 rraasumptlo,
1945 5617 2015 5658 at-

381 5672 560 5728 ﬂictio
592 5673 855 5746 spiritus.
888 5697 911 5724 ι
950 5672 1044 5728 Sic
1095 5671 1186 5726 LX
1242 5711 1255 5725 .
1312 5672 1373 5724 In
1405 5669 1642 5729 Hebraeo
1673 5680 1869 5731 autem
1901 5692 2015 5732 ser-

1719 5617 2027 5672 rnptio,at-
2135 5620 2537 5672 ποιμαντικοις.

1719 5680 1869 5731 utem
1901 5692 2027 5732 ser-
2208 5675 2321 5747 (54)
2352 5676 2660 5748 Προθεῖναι.
2695 5674 2835 5750 Reg.
2867 5677 2990 5746 bm,
3021 5675 3353 5751 προσθεῖναι.
