4138 6212
315 408 337 472 1
350 405 465 471 005

1219 403 1507 466 ORATIO
1550 397 1766 465 XVIII.
1804 438 1880 448 -—-
1914 400 2298 467 FUNEBRIS
2351 410 2423 467 IN
2472 406 2817 471 PA'l‘l'tEM.

3564 416 3722 479 1006

312 541 370 595 οὐ
414 542 547 594 κατὰ
602 538 728 600 τοὺς
790 534 880 592 νῦν
935 536 1132 614 σοφοὺς
1179 542 1296 597 τοῖς
1347 542 1556 611 καιροῖς
1604 534 1961 608 συγκλινόμε-

2094 539 2209 592 iliis
2244 540 2293 592 in
2316 541 2487 595 rebus
2523 560 2815 614 quoquam
2851 563 3074 617 eorum,
3111 550 3205 619 qui
3249 550 3528 605 diuturno
3577 558 3719 605 tum-

313 651 420 700 νος,
452 626 582 683 οὐδὲ
617 628 793 700 μέσως
844 626 933 681 καὶ
968 628 1235 700 τεχνικῶς
1285 628 1381 678 τοῦ
1429 625 1545 686 καθ’
1597 626 1745 695 ἡμᾶς
1797 622 1966 696 λόγου

316 719 733 794 προϊστάμενος,
783 716 856 776 ὡς
904 715 962 769 ἂν
1015 716 1067 767 οἱ
1119 715 1194 786 μή
1246 714 1406 783 πῆξιν
1454 709 1673 788 ἔχοντες
1713 713 1965 776 πίστεως,

314 809 348 878 ἢ
380 805 783 877 καπηλεύοντες
822 805 920 873 τὴν
969 804 1222 874 ἀλήθειαν
1249 821 1263 836 ⁶
1296 799 1423 856 ἀλλ’
1451 802 1517 870 ἦν
1548 806 1655 856 τῶν
1692 800 1784 875 μέν
1815 799 1964 875 λόγῳ

313 895 546 952 δυνατῶν
602 890 997 968 εὐσεϐέστερος,
1054 896 1161 947 τῶν
1224 890 1395 966 όρθων
1459 887 1516 944 δὲ
1571 891 1668 958 τήν
1712 888 1951 943 διάνοιαν

314 986 718 1061 λογικώτερος·
775 980 988 1056 μᾶλλον
1040 979 1095 1036 δέ
1140 980 1310 1054 λόγου
1365 981 1432 1034 τὰ
1486 976 1707 1054 δεύτερα
1762 978 1960 1055 φέρων,

314 1070 555 1144 εὐσεϐείᾳ
609 1076 822 1127 πάντων
885 1070 1113 1145 ἐκράτει.
1174 1073 1308 1125 "Eva
1352 1069 1446 1141 μὲν
1499 1068 1628 1123 Θεὸν
1700 1064 1858 1127 εἰδὼς
1906 1065 1958 1119 έν

310 1160 499 1239 Τριάδι
554 1159 1045 1236 προσκυνούμενον,
1114 1157 1236 1232 τρία
1293 1155 1351 1212 δὶ
1407 1156 1483 1218 εἷς
1546 1156 1669 1230 μίαν
1732 1155 1962 1223 θεότητα

311 1252 680 1327 συναγόμενα·
734 1248 823 1303 καὶ
870 1244 993 1303 οῦτε
1039 1252 1117 1319 τῷ
1165 1246 1241 1301 ένὶ
1286 1241 1661 1314 Σαϐελλίζων,
1697 1243 1820 1299 οὐτε
1844 1249 1959 1305 τοῖς

306 1342 478 1414 τρισὶν
531 1338 893 1414 Ἀρειανίζων,
952 1337 986 1405 ἢ
1050 1341 1129 1408 τῷ
1185 1333 1498 1389 συστέλλειν
1576 1333 1805 1403 θεότητα
1874 1333 1963 1386 καὶ

310 1428 559 1484 ἀναλύειν
752 1426 946 1497 ἀθέως,
1064 1429 1142 1496 τῷ
1170 1424 1521 1496 κατατέμνειν
1553 1423 1757 1484 ἀνίσοις
1793 1420 1964 1476 ἀλλο-

313 1517 615 1593 τριότησιν,
655 1518 690 1585 ἢ
749 1514 1035 1590 μεγέθους,
1091 1514 1125 1582 ἢ
1181 1512 1414 1590 φύσεως.
1473 1510 1545 1565 Οῦ
1597 1512 1700 1587 γὰρ
1741 1510 1963 1565 ἕκαστον

316 1604 695 1672 ἀκατάληπτον
729 1603 818 1658 καὶ
850 1602 982 1675 ὑπὲρ
1008 1602 1107 1670 τήν
1139 1601 1408 1674 ἡμετέραν
1439 1599 1700 1668 ἐπίνοιαν,
1734 1603 1851 1661 πῶς
1884 1598 1967 1652 έν-

314 1700 481 1758 ταῦθα
508 1695 571 1749 τὸ
603 1694 893 1768 ὑπεραῖρον
925 1690 961 1760 ἤ
988 1692 1331 1760 νοηθήσεται,
1436 1686 1920 1764 δογματισθήσεται
1948 1705 1963 1755 ;

318 1787 426 1838 Ποῦ
459 1780 515 1837 δὲ
542 1786 815 1858 μετρεῖται
844 1781 907 1835 τὸ
940 1779 1183 1855 ἄπειρον,
1210 1776 1284 1831 'iv’
1314 1779 1343 1832 ’ὁ
1391 1782 1497 1831 τῶν
1548 1775 1963 1852 περατουμένων

315 1872 444 1943 ἐστὶ,
476 1875 639 1926 τοῦτο
669 1872 810 1943 πάθῃ
842 1868 1053 1939 θεότης,
1090 1869 1323 1943 βαθμοῖς
1351 1866 1687 1943 μετρουμένη
1710 1865 1799 1919 καὶ
1834 1865 1966 1919 ὑπο-

318 1958 530 2017 ϐάσεσιν
701 1981 713 2029 ;

1994 1913 2042 1979 Β

2082 628 2236 695 poris
2268 629 2454 697 spatio
2489 630 2908 702 laboraverant,
2927 636 3163 690 interior
3183 645 3340 692 esset
3366 663 3377 701 ;
3403 656 3468 693 ac
3493 643 3724 710 praeter-

2078 730 2146 768 ea
2180 716 2540 786 singularem
2573 720 2723 775 hanc
2764 739 2796 776 a
2844 724 2953 778 Deo
3010 727 3257 796 gratiam
3306 726 3608 798 acciperet,
3664 736 3727 783 ut

2077 803 2408 861 orthodoxa
2442 806 2717 861 doctrina:
2765 817 2930 879 pater
2957 816 3015 865 et
3048 813 3327 885 magister
3370 815 3721 881 efficeretur;

2077 908 2214 958 non,
2253 900 2315 946 ut
2345 892 2522 963 hujus
2552 900 2832 967 temporis
2863 900 3174 970 sapientes,
3210 920 3323 957 una
3356 910 3723 974 cumtempo-

2077 980 2240 1035 ribus
2267 998 2329 1036 se
2358 982 2682 1049 inﬂectens,
2719 1003 2821 1041 nec
2855 988 3025 1043 ﬁdem
3062 996 3319 1045 nostram
3356 992 3547 1048 medio
3580 1010 3721 1063 quo-

2077 1068 2211 1122 dam
2244 1073 2300 1122 et
2330 1070 2645 1126 artiﬁcioso
2678 1074 2851 1127 modo
2886 1076 3227 1142 defendens,
3266 1084 3328 1132 ut
3360 1078 3420 1136 ii.
3452 1080 3550 1149 qui
3589 1080 3719 1133 ﬁdei

2076 1156 2415 1212 firmitatem
2465 1176 2578 1213 non
2638 1159 2875 1230 habent,
2914 1170 3014 1217 aut
3042 1166 3339 1220 veritatem
3389 1183 3722 1237 cauponum

2080 1262 2241 1300 more
2272 1246 2641 1313 adulterant;
2675 1252 2775 1304 sed
2809 1250 2888 1304 ita
2910 1268 2972 1305 se
3004 1255 3403 1323 comparabat,
3430 1260 3567 1309 utet
3588 1272 3722 1310 eru—

2076 1334 2229 1389 ditos
2260 1336 2494 1404 pietate,
2528 1343 2583 1391 et
2615 1339 2741 1407 pios
2789 1339 3135 1396 eruditionis
3184 1342 3354 1397 laude
3403 1350 3722 1414 superaret,

2078 1424 2198 1477 imo
2230 1424 2446 1494 potius,
2472 1426 2553 1480 ita
2572 1430 2860 1483 secundas
2878 1430 3155 1483 doctrinae
3182 1432 3420 1495 ferebat,
3441 1438 3505 1485 ut
3526 1438 3721 1487 tamen

2079 1510 2314 1579 pietatis
2348 1514 2566 1582 primas
2587 1515 2894 1570 obtineret.
2925 1516 3115 1571 Unum
3150 1519 3367 1589 quippe
3385 1519 3588 1585 Deum,
3624 1520 3723 1590 qui

2079 1598 2137 1653 in
2165 1600 2449 1656 Trinitate
2480 1604 2775 1673 adoretur,
2827 1604 2939 1660 tria
2996 1611 3213 1675 autem,
3248 1624 3373 1678 quae
3424 1608 3482 1663 in
3543 1626 3722 1664 unam

2079 1688 2353 1744 deitatem
2369 1690 2746 1763 colliguntur,
2780 1695 3169 1765 agnoscebat:
3205 1713 3269 1751 ac
3293 1712 3480 1767 neque
3512 1703 3727 1769 autpcr

2084 1794 2283 1847 unum,
2309 1778 2580 1849 Sabellio,
2615 1786 2715 1835 aut
2745 1797 2848 1852 per
2877 1783 3007 1848 tria,
3042 1783 3177 1838 Ario
3209 1786 3472 1852 favebat;
3516 1804 3725 1859 nempe

2077 1866 2166 1922 vel
2198 1867 2476 1921 deitatem
2509 1868 2688 1941 impie
2722 1872 3117 1927 contrahendo
3149 1878 3206 1927 et
3236 1874 3596 1942 resolvendo,
3638 1879 3725 1931 νισι

2071 1972 2174 2026 per
2202 1957 2467 2027 dispares
2501 1958 2929 2029 magnitudinis
2961 1968 3063 2016 aut
3096 1967 3313 2017 natura:
3343 1965 3561 2035 gradus
3594 1982 3727 2019 con-

318 2052 656 2109 scindendo.
690 2050 797 2107 Ubi
827 2049 983 2106 enim
1021 2048 1483 2119 unumquodque
1513 2047 1724 2101 mentis
1756 2050 1966 2100 nostra;
1999 2048 2173 2115 atque
2202 2045 2420 2116 ingenii
2452 2053 2687 2117 captum
2719 2049 2958 2107 excedit.
2996 2066 3250 2120 quonam
3286 2052 3457 2107 modo
3490 2052 3630 2119 illic,
3665 2054 3723 2109 id

319 2141 471 2213 quod
507 2138 806 2212 praecellit,
844 2137 1051 2209 poterit
1072 2135 1159 2191 vel
1191 2141 1385 2191 mente
1419 2135 1655 2206 percipi,
1681 2134 1767 2188 vel
1794 2132 2026 2187 doceri?
2048 2133 2322 2197 Quaenam
2357 2134 2489 2188 item
2524 2133 2825 2189 immensa)
2857 2136 2938 2191 rei
2962 2138 3327 2193 dimetiendis
3352 2139 3497 2193 ratio
3532 2140 3728 2194 futura

318 2234 426 2301 est,
461 2234 546 2300 ut,
581 2230 733 2300 quod
787 2228 960 2283 rebus
1012 2226 1190 2280 ﬁnitis
1220 2223 1507 2292 convenit,
1543 2223 1693 2277 idem
1727 2222 2017 2277 divinitati
2049 2238 2282 2293 quoque
2314 2223 2558 2289 accidat,
2589 2224 3001 2296 graduumque
3034 2242 3098 2281 ac
3131 2226 3520 2283 descensuum
3555 2246 3723 2283 men-

322 2335 469 2374 surae
501 2316 847 2388 subjiciatur
866 2316 893 2369 *Ι

386 2407 477 2461 ΙΖ’.
515 2409 690 2459 Ταῦτα
737 2402 929 2458 έννοῶν
973 2402 1000 2457 ὁ
1051 2400 1219 2476 μέγας
1272 2398 1474 2461 ἐκεῖνος
1515 2402 1629 2473 (57)
1679 2399 1967 2473 ἅνθρωπος

312 2499 407 2549 τοῦ
457 2498 611 2565 Θεοῦ,
668 2492 758 2547 καὶ
805 2490 1026 2561 ἀληθῶς
1074 2488 1368 2563 Θεολόγος,
1401 2488 1490 2543 καὶ
1527 2488 1659 2561 μετὰ
1686 2491 1783 2541 τοῦ
1815 2486 1969 2541 Πνεύ-

321 2603 489 2655 ματος
521 2580 644 2655 περὶ
673 2580 879 2636 τούτων
907 2577 1246 2652 κινούμενος,
1286 2578 1338 2632 τί
1378 2580 1490 2653 χρὴ
1546 2576 1721 2652 λέγειν
1765 2573 1970 2652 ἕτερον,

326 2669 354 2740 ἤ
388 2672 471 2726 ὃτι
502 2671 621 2725 νέαν
671 2668 1037 2745 Ἰερουσαλὴμ
1071 2668 1159 2723 καὶ
1190 2663 1423 2722 κιϐωτὸν
1459 2664 1637 2737 ἄλλην
1672 2666 1803 2741 ὑπὲρ
1838 2663 1968 2719 ὑδά-

320 2782 426 2815 των
460 2754 789 2838 φερομένην,
823 2758 1003 2833 ὥσπερ
1035 2759 1063 2813 ὁ
1100 2757 1265 2831 μέγας
1296 2756 1498 2818 ἐκεῖνος
1548 2760 1686 2824 Νῶε,
1739 2756 1827 2809 καὶ
1875 2759 1971 2809 τοῦ

331 2847 582 2924 δευτέρου
627 2848 824 2902 τούτου
873 2846 1084 2919 κόσμου
1131 2848 1333 2919 πατὴρ,
1382 2842 1544 2915 τήνδε
1599 2846 1698 2912 τήν
1738 2843 1972 2913 Ἐκκλη-

324 2939 441 2993 σίαν
512 2937 791 2992 καλεῖσθαι
861 2935 1165 3005 πεποίηκε’
1244 2939 1405 2989 τοῦτο
1461 2954 1520 2988 τε
1586 2930 1974 3006 κατακλυσμοῦ

322 3032 430 3081 τῶν
477 3029 688 3102 ψυχῶν,
731 3025 821 3079 καὶ
861 3027 959 3093 τῆς
1013 3028 1120 3078 τῶν
1172 3022 1458 3097 αἱρετίκῶν
1512 3021 1767 3095 ἐπηρείας
1796 3024 1977 3097 σαφῶς

330 3113 749 3189 ὑπεραίρουσαν⁸
801 3111 889 3165 καὶ
949 3109 1061 3183 ὅσῳ
1108 3110 1307 3181 πλήθει
1336 3115 1444 3165 τῶν
1488 3107 1673 3163 ἄλλων
1706 3108 1978 3177 ἐλείπετο,

330 3207 589 3257 τοσοῦτον
651 3198 861 3271 εὐδοξία
896 3203 1193 3277 κρατοῦσαν
1224 3218 1237 3231 ο
1297 3198 1386 3253 καὶ
1438 3198 1500 3252 τὸ
1546 3205 1645 3267 τῆς
1678 3198 1824 3273 ἱερᾶς
1874 3196 1977 3250 πά-

2149 2399 2313 2453 XVIl.
2348 2400 2478 2455 Haee
2509 2417 2640 2455 cum
2676 2417 2926 2473 magnus
2953 2402 3049 2458 ille
3079 2404 3253 2459 homo
3302 2405 3425 2475 Dei,
3476 2422 3724 2477 vereque

2080 2486 2433 2560 Theologus,
2458 2505 2522 2544 ac
2541 2491 2612 2544 de
2643 2490 2733 2544 his
2754 2491 2930 2546 rebus
2962 2508 3079 2546 una
3107 2509 3239 2547 cum
3272 2494 3491 2563 Spiritu
3527 2501 3729 2550 sancto

2081 2576 2358 2633 incitatus
2389 2584 2444 2632 et
2475 2578 2751 2649 agitatus,
2795 2594 2995 2634 secum
3028 2586 3346 2652 reputaret,
3380 2583 3517 2653 quid
3571 2584 3729 2638 aliud

2083 2665 2393 2719 dicendum
2426 2671 2533 2733 est,
2568 2684 2745 2737 quam
2778 2668 2932 2738 quod
2958 2668 3066 2723 hoc
3088 2670 3358 2735 effecerit,
3393 2675 3457 2725 ut
3480 2672 3731 2727 novaJe-

2084 2753 2360 2821 rusalem,
2396 2772 2459 2809 ac
2492 2757 2748 2811 secunda
2780 2758 3047 2827 quaedam
3080 2774 3212 2813 arca
3236 2760 3411 2814 undis
3445 2761 3733 2828 eminens,

2086 2845 2588 2915 quemadmodum
2614 2845 2714 2900 illa
2745 2848 2940 2918 magni
2968 2846 3124 2901 illius
3174 2848 3313 2913 Noe,
3377 2850 3736 2920 secundique

2085 2932 2265 3003 hujus
2281 2934 2481 2987 mundi
2499 2935 2775 3003 parentis,
2792 2934 2912 2989 haec
2930 2936 3187 2991 Ecclesia
3209 2942 3544 3005 vocaretur;
3568 2939 3733 3010 quip-

2091 3039 2158 3092 pe
2188 3038 2315 3093 quaa
2341 3021 2483 3076 illud
2518 3023 2849 3078 animarum
2872 3024 3183 3091 diluvium,
3217 3028 3373 3096 quod
3407 3033 3532 3082 tum
3572 3044 3736 3099 gras-

2090 3111 2352 3179 sabatur,
2414 3116 2590 3182 atque
2650 3112 3058 3169 haereticorum
3109 3116 3527 3185 impressuones
3568 3118 3739 3188 plane

2092 3206 2413 3270 superaret,
2449 3205 2853 3272 quantumque
2885 3202 3017 3258 aliis
3035 3220 3275 3258 numero
3294 3206 3446 3260 842
3478 3206 3739 3271 cedebat,

788 3260 802 3271 .
934 3260 943 3277 .
1603 3260 1613 3267 -
1730 3260 1739 3273 .

334 3311 570 3367 σχουσαν
608 3288 879 3362 Βηθλεὲμ,
911 3291 975 3359 ἣν
1012 3285 1163 3342 οὐδὲν
1198 3286 1437 3343 ἐκώλυσε
1466 3287 1553 3341 καὶ
1598 3288 1792 3361 μικρὰν
1844 3286 1976 3340 εἶναι

2094 3293 2254 3342 tanto
2286 3304 2385 3342 eas
2437 3289 2692 3343 nominis
2750 3289 3083 3345 celebritate
3118 3292 3416 3359 vinceret;
3462 3293 3737 3364 idemque

335 3379 516 3450 πόλιν,
568 3378 657 3433 καὶ
704 3381 801 3447 τῆς
854 3377 1187 3450 οἰκουμένης
1245 3375 1612 3450 μητρόπολιν,
1646 3376 1718 3436 ὡς
1747 3377 1980 3450 Χριστοῦ

333 3469 419 3523 καὶ
447 3471 560 3541 (58)
606 3468 804 3544 τροφὸν
836 3466 925 3520 καὶ
962 3464 1189 3541 μητέρα,
1217 3469 1312 3519 τοῦ
1342 3466 1431 3518 τὸν
1461 3464 1662 3537 κόσμον
1695 3464 1785 3518 καὶ
1815 3465 1979 3533 ποιή-

333 3577 524 3619 σαντος
554 3556 642 3610 καὶ
673 3558 989 3626 νικήσαντος
1014 3574 1027 3624 ;

402 3825 512 3880 IH'.
544 3824 851 3896 Τικμήριον
883 3819 941 3877 δὲ
966 3826 1064 3877 τοῦ
1099 3820 1290 3896 Λόγου·
1350 3819 1449 3874 Καὶ
1479 3820 1579 3895 γὰρ
1629 3818 1791 3888 ἡνίκα
1838 3818 1983 3893 παρὰ

332 3916 429 3966 τοῦ
480 3911 807 3987 θερμοτέρου
857 3912 1053 3987 μέρους
1102 3916 1201 3978 τῆς
1247 3906 1572 3978 Ἐκκλησίας
1636 3908 1982 3961 κατεστασιά-

332 4002 532 4073 σθημεν
586 4004 704 4075 (59)
752 4000 1036 4075 γράμματι
1086 3996 1380 4059 κλαπέντες
1423 3997 1512 4051 καὶ
1565 3996 1770 4071 ῥήμασι
1800 4015 1981 4070 τεχνι-

332 4096 449 4151 κοῖς
506 4089 581 4151 εἷς
635 4090 876 4161 πονηρὰν
937 4088 1249 4156 κοινωνίαν,
1311 4086 1476 4159 μόνος
1540 4086 1632 4159 μὲν
1692 4085 1979 4154 ἐπιστεύθη

331 4181 430 4247 τήν
482 4175 721 4232 διάνοιαν
772 4178 1011 4252 ἄτρωτον
1054 4174 1223 4251 ἔχειν,
1276 4176 1365 4230 καὶ
1416 4176 1490 4248 μή
1543 4179 1623 4246 τῷ
1659 4172 1851 4246 μέλανι
1882 4175 1983 4242 τήν

332 4268 519 4342 ψυχὴν
548 4264 1028 4339 συμμελαίνεσθαι,
1061 4264 1106 4318 εἰ
1156 4264 1246 4319 καὶ
1296 4262 1567 4334 ἁπλότητι
1610 4261 1983 4337 συνηρπάσθη,

332 4356 420 4410 καὶ
468 4356 561 4409 τὸν
613 4352 773 4410 δόλον
825 4353 884 4409 έκ
928 4358 1026 4409 τοῦ
1078 4359 1177 4421 τῆς
1223 4355 1406 4428 ψυχῆς
1438 4350 1640 4407 ἀδόλου
1676 4353 1750 4424 μὴ
1786 4351 1985 4428 ἐφυλά-

333 4445 486 4514 ξατο’
548 4444 708 4516 μόνος
761 4441 838 4512 δὲ,
895 4441 1106 4515 μᾶλλον
1158 4439 1216 4495 δὲ
1265 4446 1506 4517 πρῶτος,
1571 4442 1633 4495 τὸ
1705 4441 1987 4509 στασιάζον

332 4536 471 4607 πρὸς
523 4535 691 4603 ἡμᾶς,
748 4531 903 4604 ζήλῳ
949 4538 1050 4601 τῆς
1099 4525 1369 4591 εὐσεϐείας
1413 4530 1588 4600 έαυτῳ
1629 4548 1687 4583 τε
1729 4528 1818 4582 καὶ
1867 4534 1985 4589 τοῖς

2088 3377 2201 3447 ipsi
2234 3393 2342 3431 usu
2375 3378 2615 3440 veniret,
2647 3378 2799 3448 quod
2851 3378 3186 3435 Bethlehem
3241 3382 3525 3436 accidisse
3575 3382 3737 3436 vide—

2090 3483 2246 3535 mus,
2281 3482 2455 3536 quam
2490 3466 2652 3521 nulla
2683 3482 2775 3521 res
2822 3468 3141 3537 prob:buit,
3194 3471 3513 3541 quominus
3563 3471 3739 3525 simul

2091 3560 2148 3609 et
2178 3571 2354 3625 parva
2385 3553 2588 3609 civitas
2631 3561 2806 3619 esset,
2848 3562 2904 3611 et
2935 3558 3113 3613 totius
3157 3566 3324 3613 terrea
3376 3561 3739 3631 metropolis,

2093 3648 2295 3713 utpote
2325 3660 2453 3713 quae
2485 3644 2723 3711 Christi,
2756 3646 2915 3700 orbis
2938 3647 3255 3703 conditoris
3271 3664 3336 3703 ac
3352 3648 3608 3715 victoris,
3642 3665 3743 3719 pa-

2098 3748 2235 3786 rens
2266 3737 2441 3802 atque
2475 3733 2674 3787 nutrix
2700 3735 2985 3788 exstiterit
3013 3735 3041 3788 Ἰ

2160 3818 2353 3875 XVlll.
2391 3819 2538 3875 Illud
2574 3827 2768 3876 autem
2791 3821 2926 3876 hinc
2957 3823 3287 3892 conjicitur.
3341 3824 3484 3879 Nam
3518 3840 3653 3879 cum
3714 3841 3747 3880 a

2094 3908 2437 3963 ferventiore
2467 3908 2732 3964 Ecelesire
2766 3915 2927 3981 parte
2964 3911 3037 3965 ob
3080 3926 3204 3966 eam
3259 3930 3497 3967 causam
3534 3914 3745 3969 seditio

2094 3997 2149 4051 in
2190 4012 2295 4051 nos
2329 3997 2577 4051 excitata
2609 4003 2783 4063 esset,
2826 3998 2977 4067 quod
3002 3999 3220 4069 scripto
3252 4000 3531 4070 quodam,
3562 4005 3620 4055 et
3648 4018 3741 4054 ar-

2094 4085 2360 4141 tiﬁciosis
2387 4085 2577 4140 verbis
2619 4086 3071 4157 circumscripti,
3124 4086 3182 4141 in
3218 4105 3449 4159 pravam
3495 4088 3741 4143 societa-

2095 4180 2213 4229 tem
2240 4174 2515 4245 pertracti
2537 4174 2876 4241 fuissemus,
2906 4175 3067 4229 solus
3091 4176 3473 4246 ipseillazsam
3493 4184 3741 4233 mentem

2097 4264 2455 4335 minimeque
2487 4262 2658 4318 simul
2693 4280 2825 4317 cum
2850 4266 3458 4320 atramentoinfectam
3484 4266 3743 4322 animam

2097 4353 2310 4407 habere
2342 4352 2596 4407 creditus
2629 4358 2737 4418 est,
2771 4354 3005 4408 tametsi
3038 4369 3140 4424 per
3178 4354 3359 4409 animi
3397 4354 3743 4426 simplicita-

2097 4448 2214 4496 tem
2250 4442 2529 4512 abreptus
2564 4441 2791 4509 fuisset,
2810 4441 3131 4513 dolumque
3149 4443 3220 4497 ob
3244 4441 3744 4499 animisincerita-

2095 4536 2213 4585 tem
2247 4530 2319 4583 ab
2351 4530 2508 4584 omni
2542 4528 2675 4583 dolo
2706 4529 2961 4584 alienam
2994 4532 3238 4587 minime
3277 4532 3544 4589 cavisset.
3598 4532 3745 4595 Quin

332 4620 533 4682 ἀλλοις
567 4618 900 4691 κατήλλαξε,
931 4617 1209 4674 τελεταῖόν
1258 4620 1449 4691 τ’
1507 4614 1854 4693 ἀποδραμὸν,
1900 4615 1990 4671 καί

2101 4618 2275 4674 etiam
2300 4618 2621 4686 solus,aut,
2646 4623 2707 4672 ut
2724 4619 2936 4673 rectius
2962 4619 3436 4691 dicam,primus,
3461 4636 3579 4690 eos,
3601 4620 3752 4690 quia

335 4715 557 4781 πρῶτον
588 4706 962 4784 προσδραμὸν,
994 4706 1142 4762 αἰδοῖ
1170 4728 1228 4762 τε
1255 4710 1352 4760 τοῦ
1384 4703 1597 4781 ἀνδρὸς,
1628 4706 1717 4760 καὶ
1765 4710 1835 4779 τῇ
1888 4711 1986 4760 τοῦ

337 4797 609 4875 δόγματος
642 4797 969 4873 καθαρότητι
997 4816 1009 4829 ⁶
1046 4796 1186 4851 ὥστε
1212 4796 1300 4851 καὶ
1333 4796 1422 4850 τὸν
1455 4794 1628 4850 πολὺν
1662 4793 1827 4850 σάλον
1878 4800 1982 4849 τῶν

413 5017 520 5087 (55)
571 5011 669 5067 Καὶ
717 5011 991 5070 ἀναλύειν.
1044 5013 1249 5070 Billius
1292 5030 1312 5087 κε
1339 5038 1365 5064 ι(
1401 5019 1457 5069 et
1504 5013 1934 5087 confundendo.
1966 5034 1994 5063 »

338 5083 559 5142 Verum
592 5087 677 5166 sic
707 5088 1002 5166 vertendo,
1033 5086 1150 5166 vim
1181 5086 1339 5141 vocis
1388 5104 1512 5166 non
1553 5083 1994 5166 reddit..lmpu-

387 5165 486 5213 nat
515 5160 671 5213 enim
723 5158 817 5213 hic
849 5158 1163 5229 Gregorius
1212 5174 1426 5212 novum
1478 5156 1993 5229 sabellianismum

407 5229 879 5293 arcellianorum,
912 5228 1013 5301 qui
1060 5230 1271 5285 Filium
1299 5246 1365 5301 ac
1394 5228 1677 5299 Spiritum
1728 5236 1997 5301 sanctum

345 5320 378 5357 a
410 5301 581 5357 Patre
611 5299 944 5374 productos
969 5316 1098 5374 esse
1143 5300 1676 5374 concedentes,_eo_s
1709 5304 1905 5374 tamen
1939 5299 1999 5374 in

346 5342 378 5357 υ.
411 5342 433 5356 .
458 5342 581 5357 μην
611 5342 926 5374 recte.“
970 5342 1098 5357 νυυν
1143 5342 1524 5356 υνμυυυν...ν.,
1579 5342 1676 5354 νυ..
1713 5342 1905 5353 ...ωνμ
1940 5342 1997 5352 ...

346 5390 599 5452 persona
637 5388 770 5452 vere
819 5372 1138 5452 subsistere
1182 5371 1497 5452 negabant.
1533 5342 1823 5452 b‘nde,.£ic;
1851 5366 1930 5436 ἓν,
1953 5369 1997 5452 ’ἢ

347 5440 544 5515 μηδεν,
579 5443 773 5514 inquit
822 5443 1095 5509 Basilius,
1123 5465 1149 5493 ‹‹
1178 5443 1239 5498 in
1266 5440 1473 5505 unam,
1504 5441 1592 5497 vel
1627 5440 1822 5513 potius
1872 5440 2001 5495 nul-

347 5517 466 5571 lam
530 5532 838 5572 personam
894 5516 1282 5571 resolvebant.
1314 5537 1334 5563 ι
1388 5514 1457 5569 Ει
1512 5512 1880 5572 scholiastes.
1929 5510 2003 5572 εἷς

347 5532 466 5571 iam
530 5532 838 5587 personam
894 5532 1282 5571 resonvenant.
1314 5537 1334 5563 ι
1391 5532 1457 5569 ut
1512 5532 1880 5579 scnonasres,
1929 5532 2003 5572 εις

346 5586 473 5661 τρία
507 5584 769 5658 όνόματα,
804 5608 833 5637 ‹‹
864 5586 923 5643 in
955 5588 1067 5643 tria
1102 5587 1337 5643 nomina
1377 5585 1724 5642 Trinitatem
1758 5584 2005 5641 resolve-

349 5660 831 5809 Ιὶᾶἶέ“.ιὲ)”Βαθμοῖς
894 5725 1230 5806 μετρουμένη
1281 5726 1371 5782 καὶ
1417 5719 1733 5785 ύποϐάσεσι.
1784 5749 1812 5778 ‹‹
1864 5726 2005 5784 Gra-

2097 4708 2266 4762 nobis
2289 4708 2361 4762 ob
2376 4705 2610 4777 pietatis
2628 4705 2815 4761 zelum
2832 4707 3217 4773 dissidebant,
3233 4713 3289 4762 et
3305 4708 3439 4777 sibi,
3461 4713 3516 4763 et
3529 4709 3753 4764 caeteris

2097 4795 2514 4865 reconciliavit,
2534 4800 2863 4867 postremos
2883 4812 2915 4851 a
2929 4796 3097 4852 nobis
3111 4796 3431 4867 sejunctos,
3451 4802 3508 4853 et
3525 4798 3753 4869 primos

2106 5013 2289 5068 duum
2315 5011 2683 5083 superiorum
2703 5015 2760 5067 et
2780 5013 3115 5068 inferiorum
3142 5031 3428 5070 mensurae
3447 5016 3754 5072 obnoxia.»

2106 5083 2535 5159 I_n_sub|imi_or_i
2568 5084 2783 5159 gradu;
2808 5084 3035 5159 Patrem
3069 5086 3430 5159 collocabant
3477 5087 3753 5159 haeretici,

2108 5156 2408 5227 Filiumgin
2441 5156 2720 5227 inferiori,
2752 5156 3033 5227 Spiritum
3066 5156 3120 5211 in
3156 5158 3377 5214 inﬁmo.

2179 5227 2289 5297 (57)
2321 5225 2377 5301 Ὀ
2413 5224 2579 5301 μέγας
2625 5224 2849 5286 ἐκεῖνος.
2881 5228 2973 5283 Sic
3004 5231 3141 5301 Reg.
3176 5247 3227 5296 a,
3262 5237 3320 5285 et
3348 5230 3445 5286 Or.
3475 5234 3530 5287 2.
3565 5230 3628 5285 In
3660 5230 3751 5286 ed.

2110 5296 2311 5356 ἐκεῖνος
2338 5298 2366 5350 ὁ
2396 5298 2583 5368 μέγας.

2203 5369 2293 5440 58)
2325 5367 2444 5423 Καί.
2478 5367 2649 5424 Deest
2681 5369 2737 5423 in
2774 5370 2909 5440 Reg.
2944 5388 2997 5438 a,
3030 5376 3086 5426 et
3119 5370 3214 5425 (δι’.
3250 5372 3301 5425 1.

2203 5371 2272 5422 58
2325 5371 2444 5423 Καί.
2478 5371 2649 5424 Deest
2681 5371 2737 5423 in
2774 5371 2909 5440 Reg.
2944 5388 2997 5438 a,
3030 5376 3086 5426 et
3119 5371 3214 5425 (δι’.
3250 5372 3301 5425 1.

2181 5371 2293 5510 (59)
2341 5440 2894 5511 Κατεστασιάσθημεν.
2948 5442 3041 5496 Sic
3090 5443 3123 5494 3
3169 5441 3349 5505 Colb.,
3403 5441 3573 5495 Coisl.
3625 5442 3648 5494 1
3700 5446 3758 5496 ct

2112 5518 2168 5577 2,
2209 5512 2306 5566 0r.
2358 5512 2412 5580 1,
2458 5513 2601 5579 Jes.,
2650 5518 2758 5568 etc.
2812 5513 3082 5570 Mendose
3134 5514 3193 5568 in
3241 5513 3437 5583 editis,
3482 5512 3759 5566 κατεστιά-

2114 5591 2649 5730 σθῗόθῗίΓελευταῖόν
2676 5653 2743 5709 τ’.
2784 5655 2963 5730 Regg.
2994 5672 3047 5730 a,
3078 5655 3202 5728 bm,
3249 5658 3305 5714 et
3354 5654 3448 5714 0r.
3482 5655 3534 5729 1,
3572 5650 3761 5719 τελευ-

2114 5719 2265 5781 ταῖόν
2284 5719 2376 5786 ’τεο
