4138 6212
450 363 602 424 1007

1689 353 1753 411 S.
1802 349 2176 410 GREGORII
2221 350 2617 412 THEOLOGI

3704 357 3859 420 1008

445 493 858 558 reversos,tum
871 487 943 542 ob
959 485 1147 558 ipsius
1163 483 1695 548 reverentiam,tum
1715 483 1787 537 ob
1804 483 1974 553 dogm
1986 480 2077 534 nti:

2214 479 2552 548 Ἑκκλησιῶν
2585 477 3031 553 κατασϐεσθῆναι,
3062 483 3151 536 καὶ
3184 491 3373 552 στῆναι
3422 485 3520 552 τήν
3571 485 3859 560 καταιγὲδα

443 584 775 655 puritatem,
809 581 890 636 ita
916 585 980 633 ut
1009 575 1202 646 gravis
1226 573 1614 628 Ecclesiarum
1642 577 1961 641 tempestas
1995 586 2090 624 ex—

444 675 657 731 stincta
685 671 781 736 sit,
801 687 867 725 ac
888 665 1140 741 procella
1163 665 1223 716 in
1246 678 1448 718 auram
1477 662 1727 725 redacta,
1756 659 1938 730 ipsius
1962 675 2089 729 pre-

444 764 608 818 cibus
625 768 680 816 et
699 755 1195 815 admonitionibus
1212 749 1840 818 soluta,nobisinterim
1864 749 1932 816 (si
1950 747 2087 818 quid

438 850 685 925 juvenili
717 863 878 904 more
918 841 1280 918 jactabunde
1308 839 1467 911 loqui
1499 839 1585 893 fas
1619 839 1750 908 est),
1775 841 1832 892 et
1854 835 2088 908 pietatis

443 947 708 1012 etoperae
740 935 938 999 sociis,
971 933 1071 1004 qui
1103 945 1232 985 cum
1253 929 1324 984 ad
1357 943 1530 982 omne
1549 928 1767 981 bonum
1790 925 2087 995 adjutores

441 1029 556 1102 ipsi
586 1032 643 1084 et
673 1026 912 1084 comites
943 1035 1229 1088 essemus,
1261 1033 1326 1072 ac
1353 1015 1512 1070 velut
1541 1033 1575 1070 a
1604 1014 1783 1070 latere
1826 1028 2086 1068 currere-

444 1101 602 1188 mus,
653 1117 747 1172 hic
797 1113 900 1171 Dei
948 1107 1229 1167 beneﬁcio
1276 1110 1462 1160 multo
1515 1103 1831 1159 maximam
1866 1101 2087 1156 laboris

442 1209 744 1279 studiique
785 1206 1013 1276 partem
1069 1194 1449 1253 contulimus.
1515 1193 1725 1249 Verum
1774 1206 1964 1247 sermo
2015 1191 2086 1244 de

2201 565 2276 628 εἲς
2307 564 2490 638 αὔραν,
2538 575 2656 632 ταῖς
2708 570 2914 626 ἐκείνου
2967 570 3214 636 λυθεῖσαν
3272 572 3465 648 εὐχαῖς
3524 595 3584 629 τε
3612 574 3701 630 καὶ
3733 577 3860 648 παρ’

2199 656 2479 728 αινέσεσιν,
2567 657 2622 714 ei’
2684 681 2735 714 τι
2810 657 2892 715 δεῖ
2937 661 3027 715 καὶ
3083 663 3486 728 νεανιεύσασθαι
3546 669 3682 738 (61),
3741 670 3861 738 μετ’

2203 747 2363 817 ἡμῶν
2417 753 2693 802 κοινωνῶν
2751 750 2840 803 καὶ
2897 757 2999 819 τῆς
3050 746 3338 823 εὐσεϐείας,
3397 752 3489 807 καὶ
3547 761 3646 823 τῆς
3705 755 3858 828 ἐνερ-

2197 832 2382 908 γείας·
2437 835 2488 890 οἵ
2537 838 2672 912 πρὸς
2724 844 2826 892 πᾶν
2875 840 3068 914 ἀγαθὸν
3120 840 3266 911 αύτῷ
3307 842 3709 914 συναιρόμενοι,
3763 845 3856 900 καὶ

2199 923 2312 976 οἷον
2344 931 2813 999 παρομαρτοῦντες
2843 927 2933 981 καὶ
2984 929 3365 1002 παραθέοντες,
3422 929 3646 985 ἐνταῦθα
3694 931 3859 988 πλεῖ-

2198 1031 2321 1066 στον
2383 1012 2545 1088 μέρος
2598 1021 3013 1090 συνεισενεγκεῖν
3058 1017 3399 1089 ἠξιώθημεν.
3472 1018 3626 1076 Ἀλλ’
3676 1022 3705 1075 ὁ
3759 1023 3859 1093 μὲν

2198 1101 2322 1175 περί
2375 1103 2580 1157 τούτων
2631 1104 2816 1180 Λόγος,
2867 1104 3060 1180 μικρόν
3088 1127 3140 1160 τι
3173 1104 3600 1182 προεκδραμὼν,
3632 1109 3861 1165 ἐνταῦθα

2206 1191 2462 1262 μεινάτω.

443 1299 536 1356 his
565 1278 763 1362 rebus,
796 1291 1062 1348 ordinem
1095 1301 1270 1342 suum
1302 1281 1570 1338 nonnihil
1602 1287 2000 1354 antegressus,
2030 1279 2140 1334 hoc
2169 1278 2295 1337 loco
2327 1283 2723 1353 conquiescat.

510 1387 650 1444 XIX.
683 1382 823 1448 Quis
861 1387 1054 1436 autem
1083 1379 1165 1430 tot
1196 1373 1356 1428 illius
1401 1372 1669 1436 virtutes,
1719 1375 1822 1424 aut
1848 1384 2089 1425 enume-

438 1477 623 1534 rando
655 1473 972 1531 recenseat,
997 1469 1096 1520 aut
1127 1461 1313 1516 multa
1343 1462 1636 1531 praeterire
1657 1459 1928 1529 cupiens,
1949 1457 2086 1528 quid

437 1561 906 1639 przetereundum
938 1554 1034 1621 sit,
1060 1551 1229 1606 facile
1259 1550 1512 1639 reperire
1571 1552 1747 1639 queat
1776 1550 1798 1601 Ρ
1844 1547 2089 1639 §emper

438 1634 596 1711 enim
617 1646 901 1724 quidquid
936 1643 1198 1699 animum
1249 1637 1426 1708 subit,
1476 1635 1815 1724 pratentius
1846 1634 1939 1697 iis,
1959 1649 2086 1703 quae

436 1721 876 1816 praecesserunt,
912 1746 1040 1788 esse
1057 1729 1288 1784 videtur
1318 1743 1331 1782 :
1358 1725 1534 1795 idque
1568 1721 1919 1795 amplector:
1957 1739 2084 1820 ma-

436 1808 645 1906 éisque
672 1828 819 1899 ipse,
853 1821 992 1894 quid
1017 1817 1162 1874 mihi
1193 1814 1598 1906 omittendum-
1617 1813 1709 1906 sit,
1743 1828 1921 1906 quam
1984 1808 2083 1906 alii

2271 1371 2368 1426 ΙΘ’.
2427 1370 2520 1432 Τίς
2578 1369 2624 1425 δ’
2681 1371 2739 1426 ἂν
2797 1377 2904 1426 τῶν
2962 1371 3166 1428 ἐκείνου
3220 1373 3404 1429 καλῶν
3453 1377 3488 1444 ἢ
3542 1375 3606 1430 τὸ
3636 1375 3858 1446 πλῆθος

2197 1457 2639 1532 ἐξαριθμήσαιτο,
2690 1461 2724 1528 ἣ
2769 1462 2837 1515 τά
2885 1460 3062 1517 πλείω
3111 1461 3484 1538 παραδραμεῖν
3512 1464 3735 1533 ἐθέλων,
3773 1468 3854 1538 μὴ

2195 1545 2453 1620 χαλεπῶς
2505 1548 2653 1616 εὕροι
2701 1550 2759 1603 τὸ
2809 1553 3066 1623 παρετέον
3119 1554 3274 1624 (62);
3332 1552 3445 1607 Ἀεὶ
3494 1555 3599 1627 γὰρ
3654 1555 3718 1608 τὸ
3748 1556 3853 1622 τήν

2196 1633 2431 1691 διάνοιαν
2481 1635 2734 1703 ἐπεισιὸν,
2778 1644 3021 1714 κρεῖττον
3079 1644 3184 1694 τῶν
3246 1640 3668 1719 προειληφότων
3725 1643 3853 1718 φαί-

2191 1744 2358 1778 νεται·
2411 1727 2499 1779 καὶ
2559 1728 2691 1798 μετᾶ
2730 1727 2924 1782 τούτου
3101 1729 3349 1803 γίνομαι·
3384 1729 3475 1784 καὶ
3507 1729 3699 1785 πλεῖον
3727 1735 3852 1802 (64)

2192 1812 2314 1885 ἐμοὶ
2344 1819 2440 1868 τοῦ
2469 1815 2522 1869 τί
2553 1817 2664 1890 χρὴ
2696 1818 3049 1892 παραλιπεῖν,
3080 1819 3113 1885 ἦ
3165 1819 3284 1880 τοῖς
3319 1816 3513 1881 ἄλλοις
3543 1819 3852 1883 ἆπαινέταις

435 1900 788 1984 laudatores,
815 1912 955 1984 quid
987 1910 1176 1964 dicere
1198 1906 1467 1967 debeant,
1491 1901 1796 1956 addubito.
1861 1901 1944 1954 Ita
1993 1900 2076 1964 ﬁt,

2195 1906 2280 1956 τοῦ
2336 1903 2387 1956 τί
2433 1905 2544 1977 χρή
2597 1903 2768 1979 λέγειν
2825 1908 2859 1973 ἡ
2917 1905 3116 1980 ἀπορία
3165 1910 3298 1979 (65)·
3344 1903 3480 1962 ὥστε
3520 1929 3614 1980 μοι
3640 1910 3846 1983 τρόπον

435 2017 502 2068 ut
534 2009 676 2065 mihi
707 2006 875 2076 copia
903 1995 1334 2073 quodammodo
1367 1996 1426 2048 in
1451 1993 1867 2046 detrimentum
1888 1991 2075 2054 cedat,

437 2113 716 2168 mensque
746 2096 874 2162 ipsa
901 2087 1248 2160 exploretur,
1279 2085 1418 2138 dum
1450 2081 1608 2136 illius
1642 2082 1836 2134 laudes
1879 2079 2079 2152 explo-

435 2205 564 2246 rare
593 2183 951 2259 aggreditur,
985 2193 1091 2232 nec
1121 2177 1271 2228 inter
1293 2170 1540 2242 aequalia
1571 2168 1943 2259 praestantius
1992 2169 2078 2259 ιγ)-

433 2278 518 2334 hil
541 2256 800 2333 invenire
823 2271 1029 2343 potest.
1067 2264 1212 2322 Nam
1243 2261 1399 2332 quod
1431 2261 1493 2315 in
1538 2257 1866 2328 tranquillis
1907 2256 2081 2311 undis

433 2366 660 2426 evenire
691 2359 1004 2422 cernimus,
1036 2358 1101 2408 ut
1131 2365 1265 2406 cum
1315 2348 1566 2416 injectus
1611 2345 1762 2417 lapis
1819 2349 2078 2400 centrum

433 2453 705 2519 effecerit,
737 2447 888 2504 alius
917 2458 1092 2514 super
1121 2439 1301 2495 alium
1338 2434 1594 2491 circulus
1624 2434 1927 2498 excitetur,
1952 2447 2082 2487 con-

431 2546 799 2610 tinenterque
814 2536 874 2590 in
889 2527 1258 2603 superﬁciem
1282 2525 1532 2596 agitatus
1553 2527 1856 2610 externum
1889 2522 2078 2576 circu-

431 2632 556 2688 lum
587 2609 814 2697 Iemper
843 2619 1140 2682 dissolvat,
1173 2614 1229 2668 id
1257 2612 1397 2667 mihi
1418 2611 1590 2683 plane
1613 2609 1706 2664 hic
1730 2624 1960 2679 quoque
1987 2624 2078 2661 ac-

436 2720 594 2776 cidit.
623 2712 796 2772 Aliud
827 2709 986 2765 enim
1016 2707 1074 2761 in
1109 2705 1364 2757 mentem
1394 2699 1572 2764 venit,
1606 2697 1765 2752 aliud
1806 2711 2080 2766 superve-

436 2809 543 2879 nit,
575 2803 736 2862 aliud
767 2815 895 2857 sese
924 2791 1200 2852 subduxit
1227 2806 1240 2858 ;
1275 2794 1467 2879 atque
1490 2785 1801 2879 indelectu
1856 2785 2076 2879 laboro,

437 2875 592 2959 343
616 2897 759 2952 dum
790 2890 870 2957 id,
899 2885 1053 2959 quod
1074 2882 1232 2955 prius
1252 2877 1494 2949 arripui,
1518 2877 1590 2946 ei,
1614 2875 1763 2946 quod
1801 2883 2002 2946 postea
2020 2875 2078 2928 in

438 2989 702 3048 animum
737 2977 948 3045 inﬂuit,
980 2975 1106 3030 loco
1132 2970 1306 3028 cedit.

507 3076 613 3134 XX.
649 3072 787 3139 Quis
815 3068 970 3126 enim
1018 3063 1119 3118 illo
1149 3061 1209 3115 in
1259 3056 1509 3131 publicis
1563 3054 1806 3124 negotiis
1853 3055 2076 3110 studio-

435 3167 554 3224 sior
572 3165 600 3220 ?
629 3161 770 3227 Quis
800 3157 859 3212 in
885 3157 1055 3211 rebus
1077 3146 1412 3206 domesticis
1450 3144 1789 3216 sapientior,
1813 3143 2075 3214 quando-

2193 1992 2313 2044 τινὰ
2359 1991 2556 2063 ζημίαν
2605 1992 2837 2068 γίνεσθαι
2888 1995 2986 2062 τὴν
3035 1995 3370 2069 περιουσίαν,
3401 1998 3490 2051 καὶ
3547 1995 3850 2070 δοκιμάζε-

2197 2090 2318 2141 σθαι
2345 2081 2442 2148 τήν
2479 2077 2736 2150 διάνοιαν,
2761 2083 2828 2136 τὰ
2859 2082 3060 2138 ἐκείνου
3091 2081 3407 2157 δοκιμάζειν
3458 2084 3846 2161 ἐπιχειροῦσαν

2187 2168 2276 2222 καὶ
2307 2168 2405 2222 οὐκ
2435 2165 2663 2244 ἔχουσαν
2704 2171 2766 2225 τὸ
2796 2170 2974 2225 νικοῦν
3009 2171 3180 2247 εὑρεῖν
3207 2179 3327 2234 τοῖς
3379 2175 3674 2248 ὁμοτιμοις
3709 2180 3847 2248 (66).

2188 2258 2359 2331 ’Όπερ
2391 2258 2492 2331 γὰρ
2524 2257 2610 2312 ἐπὶ
2639 2264 2747 2312 τῶν
2778 2264 3045 2334 σταθερῶν
3082 2259 3288 2315 ὑδάτων
3333 2262 3546 2337 ὁρῶμεν
3604 2260 3844 2336 συμὸαἷ-

2188 2365 2302 2415 νον,
2357 2345 2480 2400 ὅταν
2528 2346 2700 2422 ψηφὶς
2751 2347 3058 2419 ἐμπεσοῦσα
3103 2348 3321 2424 κέντρον
3381 2350 3622 2426 γένηται,
3677 2350 3846 2407 ἀλλοι

2191 2432 2271 2488 ἐπ’
2313 2433 2470 2506 ἄλλῳ
2517 2435 2719 2498 κύκλος
2775 2435 3116 2512 ἐγειρόμενος
3163 2438 3252 2492 καὶ
3302 2443 3542 2514 συνεχῶς
3593 2439 3850 2518 ἐπιφρίσ-

2190 2543 2296 2576 σων
2339 2523 2419 2576 ἀεὶ
2471 2522 2588 2578 λύει
2631 2526 2722 2578 τὸν
2773 2522 2985 2595 ἔξωθεν·
3045 2530 3206 2582 τοῦτο
3254 2528 3343 2581 καὶ
3399 2528 3546 2600 αὐτῷ
3580 2551 3674 2600 μοι
3709 2551 3850 2601 συμ-

2190 2606 2419 2682 ϐέϐηκεν
2471 2609 2742 2688 ἄντικρυς.
2792 2615 2862 2668 Τὸ
2899 2615 2991 2687 μὲν
3019 2615 3105 2670 ἐπὶ
3135 2614 3258 2670 νοῦν
3291 2615 3446 2688 ἦλθε,
3478 2616 3540 2672 τὰ
3576 2616 3634 2672 δὲ
3664 2617 3846 2674 ἐπεισ-

2188 2699 2346 2769 ῆλθε,
2376 2702 2436 2756 τὸ
2483 2699 2538 2756 δὲ
2596 2703 2970 2777 ὑπεχώρησεψ
3018 2704 3107 2758 καὶ
3155 2707 3343 2778 κάμνω
3393 2707 3517 2781 περὶ
3558 2709 3658 2776 τὴν
3690 2707 3846 2784 αἴρε-

2189 2811 2294 2860 σιν,
2343 2791 2424 2845 ἀεὶ
2471 2796 2567 2845 τοῦ
2616 2789 3122 2867 προκαταλαϐόντος
3163 2797 3277 2866 (67)
3310 2795 3730 2868 ὑπεξισταμένου
3762 2797 3846 2871 τῷ

2189 2877 2540 2955 ἐπεισρὲοντι.

2259 3064 2329 3111 Κ¹⁸
2361 3057 2450 3119 Τίς
2487 3059 2580 3130 μὲν
2627 3061 2725 3134 γὰρ
2778 3058 2985 3114 ἐκείνου
3037 3062 3160 3136 περὶ
3207 3063 3275 3116 τὰ
3330 3064 3480 3116 κοινᾶ
3539 3063 3845 3121 σπουδαιό-

2186 3166 2374 3220 τερος;
2405 3147 2486 3208 τίς
2518 3145 2574 3202 δὲ
2602 3148 2668 3201 τὰ
2699 3148 2838 3202 οἷ’κοι
2869 3147 3310 3225 φιλοσοφώτερος
3363 3155 3497 3224 (68),
3525 3151 3714 3223 ἐπειδὴ
3749 3156 3842 3208 καὶ

435 3254 670 3328 quidem
692 3247 828 3320 ipsi,
857 3253 909 3301 et
941 3245 1203 3304 domum,
1225 3241 1282 3292 et
1301 3251 1440 3332 opes
1463 3235 1613 3332 satis
1635 3232 1880 3332 amplas,
1903 3237 2077 3332 Deus:

2195 3236 2334 3289 οἶκον
2386 3234 2628 3311 ἐμέρισεν
2679 3236 2843 3308 αὐτῷ,
2875 3237 2964 3291 καὶ
3012 3245 3201 3306 κτῆσιν
3247 3238 3576 3315 σύμμετρον,
3611 3243 3640 3296 ὁ
3671 3245 3845 3298 πάντα

437 3321 540 3418 qui
570 3339 772 3399 omnia
798 3341 950 3391 recte
981 3348 1047 3387 ac
1077 3328 1230 3384 varie
1257 3324 1647 3392 administrat,
1670 3322 1914 3392 largitus
1941 3329 2031 3377 est
2051 3321 2078 3376 ?

436 3412 578 3502 Quis
616 3425 989 3502 pauperibus,
1026 3421 1130 3474 hoc
1168 3423 1276 3485 est,
1319 3413 1724 3502 abjectissimae
1773 3412 1921 3502 parti
1967 3428 2081 3502 pa-

435 3499 729 3590 turmpcui
760 3515 915 3570 idem
947 3510 1191 3565 debetur
1216 3505 1420 3572 honor,
1452 3502 1540 3558 vel
1563 3501 1757 3590 animo
1775 3499 2086 3555 condolen-

436 3613 569 3679 tior,
590 3589 688 3662 vel
721 3619 899 3659 manu
958 3595 1170 3667 largior
1215 3598 1271 3648 et
1312 3589 1642 3663 profusior?
1689 3590 1833 3644 Nam
1884 3605 2082 3644 revera

437 3708 720 3771 tanquam
749 3693 1068 3748 alienorum
1105 3686 1390 3739 bonorum
1421 3685 1784 3773 procurator,
1814 3679 1886 3733 de
1912 3679 2080 3734 bonis

438 3768 898 3856 suis'cogitabat,
929 3787 1254 3848 pauperum
1295 3769 1553 3840 inopiam
1605 3768 1784 3837 quam
1831 3768 2080 3823 maxime

439 3879 683 3952 poterat,
709 3869 1045 3929 sublevans,
1070 3878 1174 3917 nec
1205 3857 1503 3930 superﬂua
1523 3857 1825 3921 duntaxat,
1849 3856 1950 3910 sed
1978 3873 2077 3911 ne-

440 3945 698 4025 cessaria
716 3974 946 4033 quoque
963 3955 1023 4009 in
1045 3967 1172 4007 eam
1191 3965 1314 4004 rem
1331 3947 1654 4013 insumens,
1669 3945 1821 4016 quod
1837 3945 2078 4014 quidem

436 4052 741 4114 charitatis
771 4065 906 4117 erga
930 4057 1217 4118 pauperes
1265 4035 1706 4110 apertissimum
1766 4051 2075 4104 argumen-

433 4151 564 4201 tum
593 4148 702 4207 est,
734 4141 1075 4211 partemque
1106 4132 1273 4200 dans,
1325 4144 1440 4182 non
1493 4130 1718 4196 septem
1767 4125 2072 4192 duntaxat,

433 4232 592 4288 velut
621 4224 954 4284 Salomonis
983 4221 1074 4277 lex
1105 4216 1427 4290 praescribit
1458 4216 1739 4282 57,verum
1763 4214 1811 4267 si
1836 4216 2075 4268 octavus

432 4324 606 4378 etiam
641 4317 958 4380 accederet,
990 4328 1062 4366 ne
1096 4310 1185 4364 hic
1218 4315 1405 4362 tamen
1439 4304 1689 4360 restricti
1738 4319 1804 4357 ac
1852 4303 2072 4357 sordidi

430 4407 613 4466 animi
644 4404 784 4460 vitio
814 4402 1109 4465 laborans,
1133 4398 1234 4452 sed
1258 4394 1532 4450 libentius
1557 4409 1665 4447 sua
1689 4392 2069 4463 profundens,

432 4513 605 4572 quam
638 4492 735 4550 alii
764 4490 1108 4562 acquirant:
1141 4485 1439 4540 vinculum
1469 4487 1526 4536 et
1581 4479 1919 4536 electionem
1958 4480 2070 4536 tol‘

427 4569 769 4651 lens“(hoc
807 4584 914 4647 est,
949 4582 1013 4631 ut
1069 4575 1303 4646 quidem
1357 4572 1728 4642 interpretor,
1786 4569 2069 4624 tenacita-

2188 3322 2370 3386 καλῶς
2392 3325 2479 3378 καὶ
2510 3325 2777 3387 ποικίλως
2794 3325 3097 3398 οἰκονομῶν
3129 3328 3256 3389 Θεός
3282 3346 3296 3396 ;
3327 3329 3418 3390 Τίς
3451 3327 3508 3383 δὲ
3539 3332 3844 3405 πένησι,τῷ

2190 3412 2517 3485 ἀτιμωτάτῳ
2553 3413 2700 3489 μὲρει
2729 3421 2828 3483 τῆς
2859 3415 3130 3488 ὁμοτίμου
3161 3416 3394 3493 φύσεως,
3501 3421 3602 3487 τήν
3650 3423 3839 3496 ψυχήν

2191 3503 2684 3576 συμπαθὲστιρος,ἣ
2711 3504 2806 3571 τὴν
2838 3509 3000 3578 χεῖρα
3031 3501 3414 3578 δαψιλέστερος
3440 3526 3452 3570 ;
3483 3511 3564 3578 τῷ
3585 3504 3699 3562 ὄντι
3733 3511 3838 3582 γὰρ

2189 3590 2263 3651 ὡς
2295 3591 2588 3663 οἰκονόμος
2617 3589 2926 3666 ἀλλοτρίων
2962 3591 3218 3648 διενοεῖτο
3250 3596 3373 3666 περί
3403 3600 3509 3648 τῶν
3534 3595 3840 3664 ἷδίων,ἒπι-

2188 3680 2457 3757 κουφίζων
2488 3681 2587 3749 τὴν
2621 3681 2801 3735 πενίαν
2825 3681 2903 3743 εἰς
2935 3679 3180 3754 δύναμιν,
3212 3682 3301 3736 καὶ
3326 3679 3740 3755 δαπανώμενος,
3777 3686 3838 3740 οὗ

2187 3773 2302 3830 τοῖς
2349 3774 2623 3844 περιττοῖς
2678 3769 2868 3841 μόνον,
2917 3767 3062 3825 ἀλλὰ
3121 3768 3185 3840 δὴ
3231 3773 3467 3832 καὶτοῖς
3498 3772 3843 3846 ἀναγκαίοις,

2186 3857 2327 3932 ἥπερ
2367 3856 2433 3925 δὴ
2478 3858 2779 3935 σαφεστάτη
2831 3856 3214 3936 φιλοπτωχίας
3259 3859 3552 3930 ἀπόδειξις,
3602 3864 3694 3916 καὶ
3755 3861 3848 3918 δι-

2189 3943 2319 4002 δοὺς
2355 3944 2565 4019 μερίδα,
2598 3947 2658 4001 ού
2689 3952 2806 4009 τοῖς
2838 3947 2971 4002 ἑπτὰ
3022 3949 3208 4021 μόνον,
3258 3951 3392 4004 κατὰ
3435 3952 3534 4018 τήν
3585 3957 3686 4006 τοῦ
3732 3960 3843 4007 Σο-

2189 4035 2471 4107 λομῶντος
2518 4036 2858 4108 νομοθεσίαν,
2914 4035 3041 4092 ἀλλ’
3075 4038 3124 4092 εἴ
3166 4036 3458 4114 προσέλθοι
3490 4040 3578 4094 καὶ
3613 4038 3844 4114 ὄγδοος,

2190 4122 2330 4196 μηδὲ
2370 4125 2590 4179 ἐντσῦθα
2621 4125 3150 4200 μικρολογούμενος,
3191 4125 3319 4181 ἀλλ’
3365 4124 3523 4196 ἥδιον
3575 4130 3844 4184 amoma-

2188 4234 2371 4285 μενος,
2432 4215 2465 4283 ἣ
2524 4213 2854 4286 κτωμένους,
2917 4212 3123 4277 ἄλλους
3187 4216 3542 4290 γινώσκομεν·
3595 4218 3839 4294 ἀναιρῶν

2184 4300 2484 4374 σύνδεσμον
2533 4301 2620 4356 καί
2680 4303 3019 4377 χειροτονίαν
3081 4302 3234 4379 (ὅπερ
3293 4303 3416 4376 ἐμοὶ
3459 4302 3682 4362 δύναται
3749 4332 3841 4380 μι-

2180 4389 2472 4467 κρολογίαν
2523 4390 2611 4444 καὶ
2664 4388 2980 4461 δοκιμασίαν
3035 4397 3129 4446 τοῦ
3179 4395 3520 4465 Αηψομὲνου,
3581 4394 3735 4458 ὅστις
3784 4419 3841 4451 τε

2182 4479 2440 4550 ἄξιος,καί
2466 4478 2611 4541 ὅστις
2635 4480 2696 4534 οὕ
2722 4483 2903 4554 (68³)),
2926 4480 3016 4535 καὶ
3044 4481 3109 4556 ῥῆ
3122 4502 3194 4553 μα
3223 4488 3541 4557 γογγυσμοῦ
3577 4487 3717 4555 μετᾶ
3739 4493 3839 4553 τῆς

2181 4567 2496 4631 ἐπιδόσεως.
2546 4570 2717 4643 ’Ὁπερ
2762 4570 3066 4644 πάσχουσιν
3096 4571 3148 4623 οἱ
3178 4568 3408 4638 πολλοὶ,
3437 4568 3683 4634 διδόντες
3717 4577 3838 4646 μὲν,

429 4629 556 4643 ³⁸³⁵⁸⁸
638 4629 767 4651 \“"
811 4629 914 4647 "'1
957 4629 1010 4631 "'
1078 4629 1104 4646 ’l.
1513 4629 1530 4642 ι
1717 4629 1727 4637 1

426 4682 567 4741 tem,
613 4677 670 4729 et
711 4667 1163 4742 explorationem
1207 4663 1358 4734 ejus,
1411 4661 1508 4732 qui
1562 4664 1907 4728 accepturus
1959 4664 2066 4728 est,

2462 4629 2468 4631 ,
2689 4629 2698 4643 ,
2878 4629 2915 4644 μ
3397 4629 3407 4638 ,
3668 4629 3681 4634 -
3717 4629 3728 4646 ,
3773 4629 3777 4630 ν
3825 4629 3838 4644 ,

2195 4659 2238 4712 εὸ
2273 4655 2329 4711 δὶ
2386 4656 2684 4731 προθύμως
2744 4655 2804 4710 οὐ
2863 4658 3268 4732 προστιθέντες
3331 4658 3359 4712 ὅ
3414 4665 3512 4713 τοῦ
3572 4663 3839 4738 παρέχειν

428 4769 582 4824 sitne
611 4761 880 4819 videlicet
909 4759 1145 4831 dignus,
1179 4759 1404 4823 necne),
1455 4769 1522 4808 ac
1572 4751 1891 4807 murmuris
1940 4767 2065 4805 ver-

496 4910 538 4945 "
568 4906 753 4964 Eccle.
785 4921 862 4972 x1,
893 4904 948 4958 2.
1024 4901 1068 4936 ⁸⁸
1102 4902 1212 4956 lsa.
1245 4913 1398 4964 Lvm,
1429 4896 1482 4950 9.

493 5052 606 5123 (61)
636 5045 1067 5123 Νεανιε-ύσασθαι.
1083 5042 1194 5123 _0r.
1232 5044 1281 5123 ,
1313 5036 1691 5123 νεανιεύεσθαι.

496 5109 604 5194 (62)
637 5119 924 5194 Παρετεον.
956 5118 1050 5174 Sic
1083 5117 1222 5187 Reg.
1249 5115 1368 5180 bm,
1395 5118 1514 5167 tres
1544 5110 1726 5175 Colb.,
1753 5109 1846 5164 Or.
1876 5110 1925 5176 1,
1950 5109 2068 5164 Jes.

421 5188 922 5269 Ιη’θι1’.,πὰρεθέντ
1091 5261 1125 5269 ι
1422 5255 1435 5269 ,
1605 5256 1641 5269 4,
1699 5251 1739 5269 η
1852 5251 1865 5269 ,
2058 5249 2069 5269 ν

491 5268 599 5352 (ϐξ)
628 5251 780 5321 ’Μετᾶ
829 5261 1046 5316 τούτου.
1089 5261 1267 5328 Regg.
1319 5272 1370 5325 a,
1422 5255 1544 5320 bm,
1593 5256 1652 5307 et
1698 5251 1794 5305 ΟΡ.
1848 5251 1900 5315 1,
1954 5269 2051 5320 μετ

419 5336 603 5477 αὖῖἕίῖ)
630 5404 849 5461 Πλεῖον.
871 5404 1026 5477 ΔΤιίξιι
1055 5398 1247 5477 Colb.,
1275 5400 1332 5450 et
1361 5396 1636 5477 Montes,
1667 5389 1896 5477 πλείων.

509 5464 597 5552 65)
719 5472 936 5552 ἀπορία.
972 5475 1106 5552 ﬂag:
1141 5487 1193 5534 a,
1224 5467 1462 5552 άπειρία,
1483 5489 1518 5552 ἰ(
1553 5464 1867 5552 imperitia;
1895 5484 1922 5552 υ

631 5549 708 5606 Τὸ
738 5536 926 5624 νικοῦν
959 5536 1148 5624 εύρξῖν.
1167 5544 1282 5624 τοῖς
1318 5536 1646 5624 ἑμοτίμοις.
1681 5537 1819 5624 βεδε.
1856 5537 1992 5624 θίξΠῇ
2009 5536 2066 5590 et

415 5605 674 5691 Gri—17:16
703 5622 866 5691 νικῶν
891 5605 1105 5691 [bene].
1128 5613 1286 5691 idem
1318 5605 1481 5691 ﬂag?
1503 5605 1624 5691 hm,
1647 5605 1852 5691 ettres
1876 5605 2060 5691 po‘lb”

417 5691 469 5750 δν
500 5683 616 5755 τοῗς
648 5683 967 5767 ὁμοτίμοῐὲ,
999 5683 1284 5760 [optime].
1316 5684 1478 5749 Quod
1509 5683 1594 5739 sic
1629 5683 1850 5754 optime
1878 5683 2058 5735 inter-

2183 4746 2367 4821 μεῖζὸν
2418 4745 2527 4800 ἐστι
2577 4745 2666 4800 καὶ
2715 4746 3062 4822 τελεώτερον.
3107 4746 3311 4819 ΠολΛῷ
3337 4749 3437 4823 γὰρ
3471 4748 3694 4824 βέλτιον
3728 4756 3842 4826 (69)

2177 5037 2438 5107 pretatur
2467 5031 2622 5110 E_lias_
2652 5048 2718 5110 pa
2753 5049 2856 5087 nec
2887 5033 3025 5110 quid
3070 5039 3305 5106 praestet
3333 5035 3599 5092 invenire
3634 5043 3838 5110 queat,

2182 5104 2317 5162 cum
2349 5105 2547 5159 omnia
2576 5104 2694 5175 sint
2725 5104 2987 5175 aequalia.
3015 5127 3043 5155 ››

2251 5179 2364 5250 (67)
2397 5169 2932 5250 Προκαταλαϐόντος.
2987 5176 3125 5248 Reg.
3179 5193 3230 5241 ιι,
3286 5177 3380 5233 Or.
3417 5179 3466 5245 1,
3517 5173 3842 5252 προλαϐόν-

2178 5269 2361 5444 τοζόϐ)
2393 5314 2870 5394 Φιλοσοφώτερος.
2908 5341 2932 5367 ‹‹
2965 5318 3132 5391 [Equi
3174 5319 3440 5444 iustique
3488 5321 3772 5380 tenacior.
3805 5346 3842 5370 αι

2270 5392 2391 5444 68⁸)
2423 5390 2611 5444 Verba
2637 5390 2694 5444 in
2721 5390 3051 5444 parenthesi
3081 5390 3175 5444 inc
3205 5408 3329 5444 usa.
3355 5391 3629 5444 Scholion
3664 5394 3842 5444 nobis

2270 5392 2391 5458 (38')
2423 5390 2694 5444 Verba'in
2721 5390 3060 5462 parenthesi
3081 5390 3632 5456 inclusa,'Scholion
3664 5394 3848 5451 nobis

2175 5461 2304 5546 esea
2332 5461 2627 5546 videntur,
2661 5461 2814 5532 quod
2848 5479 2878 5518 e
2910 5463 3170 5536 margine
3201 5463 3328 5519 cod.
3363 5480 3474 5520 ms.
3507 5465 3567 5521 in
3606 5471 3846 5523 textum

2175 5535 2494 5606 irrepserit.
2528 5533 2685 5588 Enn.
3044 5533 3064 5536 ⁷

2244 5607 2355 5678 (69)
2397 5601 2602 5675 nona.
2651 5603 2750 5680 γὰρ
2807 5600 3044 5677 βέλτιον.
3097 5605 3377 5664 Praeclara
3422 5607 3545 5662 haec
3593 5613 3851 5666 senten-
