4138 6212
341 434 495 494 1ου9

1235 435 1525 498 ORATIO
1575 435 1786 497 XVIII.
1821 468 1896 480 —
1929 438 2318 498 FUNEBRIS
2365 437 2443 497 IN
2484 437 2826 497 PATREM.

3604 435 3763 497 1010

337 556 474 618 ’ἵναι
553 560 641 617 διὰ
687 563 815 624 τοὺς
862 562 1040 636 ἀξίους
1089 563 1295 639 ὀρεγειν
1348 566 1437 619 καὶ
1485 573 1602 628 τοῖς
1649 566 1910 639 ἀναξίοις,
1962 567 1995 635 ἢ

2114 569 2250 623 bum
2285 585 2415 623 cum
2450 568 2776 640 largitione.
2815 568 2876 622 Id
2921 568 3176 639 profecto
3207 567 3500 638 plerisque
3529 567 3760 635 accidit,

337 653 468 714 τοὺς
502 652 681 724 ἀξίους
729 652 1042 729 ἀποστερεῖν
1097 651 1202 707 δέει
1251 658 1357 706 τῶν
1405 654 1649 725 ἀναξίων.
1700 655 1795 709 Καὶ
1837 661 1996 709 τοῦτο

343 743 480 797 εἶναι
530 741 796 818 φαίνεται,
845 743 908 795 τὸ
957 749 1159 818 χρῆναι
1209 743 1442 814 πέμπειν
1490 745 1551 798 τὸ
1601 744 1758 820 ἄρτον
1811 745 1998 800 ἑαυτοῦ

342 831 431 886 καὶ
461 832 578 884 καθ’
629 827 843 902 ὕδατος,
895 831 968 892 ὡς
1020 831 1080 885 ού
1113 832 1658 906 παρασυρησόμενον,
1691 830 1813 886 οὐδὲ
1861 834 1996 887 ἀπο-

344 919 614 992 λούμενον
663 923 742 991 τῷ
775 916 970 991 δικαίῳ
1018 919 1222 974 τούτων
1281 919 1530 993 ἐξεταστῇ
1575 925 1710 994 (70),
1743 919 1869 976 ἀλλ’
1918 921 1996 975 ἐν·

339 1013 507 1070 ταῦθα
535 1008 958 1078 καταντήσοντα,
1013 1006 1073 1061 οὗ
1119 1009 1289 1062 πάντα
1339 1009 1571 1062 κείσεται
1625 1009 1689 1062 τὰ
1733 1011 1990 1085 ἡμέτερα,

341 1096 429 1151 καὶ
465 1097 859 1166 ἀπαντήσονται
895 1098 1006 1169 (71)
1039 1094 1089 1150 ἐν
1131 1101 1328 1173 καιρῷ,
1363 1097 1458 1151 κᾶν
1509 1099 1672 1169 ἡμεῖς
1727 1099 1800 1169 μὴ
1833 1103 1992 1152 τοῦτο

341 1185 681 1257 νομίζωμεν·

2109 659 2209 728 qui
2254 657 2522 712 tribuunt
2551 656 2809 726 quidem,
2842 673 3042 712 verum
3075 656 3182 711 hoc
3213 673 3329 711 non
3361 656 3666 726 adjiciunt,
3698 663 3763 714 ut

2109 753 2376 818 prompte
2408 762 2472 799 ac
2504 745 2755 800 libenter
2781 745 3065 808 tribuant,
3101 746 3256 816 quod
3289 750 3442 800 certe
3482 747 3675 815 majus
3707 752 3764 802 et

2108 835 2420 906 perfectius
2469 839 2579 899 est,
2612 849 2787 904 quam
2825 835 3099 904 praebere.
3148 833 3327 888 Multo
3375 832 3532 889 enim
3572 835 3762 891 satius

2105 929 2194 978 est
2225 925 2296 977 ob
2329 940 2448 987 eos,
2476 923 2577 991 qui
2609 922 2767 988 digni
2801 928 2960 990 sunt,
2983 923 3244 993 indignis
3269 938 3504 993 quoque
3537 922 3759 995 largiri,

2106 1029 2305 1083 quam,
2342 1013 2483 1066 dum
2519 1012 2839 1065 metuimus
2873 1029 2942 1065 ne
2973 1012 3044 1065 de
3075 1009 3334 1080 indignis
3366 1013 3508 1066 bene
3540 1028 3759 1068 merea-

2105 1117 2258 1168 mur,
2287 1099 2494 1171 dignos
2527 1100 2703 1154 etiam
2737 1099 3018 1153 beneficio
3043 1100 3410 1155 defraudare.
3434 1103 3622 1171 Atque
3643 1102 3759 1156 huc

2103 1190 2392 1260 pertinere
2443 1187 2689 1251 videtur,
2744 1188 2896 1257 quod
2958 1187 3037 1241 ait
3085 1187 3405 1258 Scriptura,
3439 1205 3650 1258 panem
3697 1191 3755 1245 in

342 1293 556 1347 aquam
589 1291 822 1346 quoque
854 1273 1208 1330 mittendum
1243 1291 1370 1331 esse
1391 1277 1469 1344 5°;
1503 1294 1617 1331 non
1653 1282 1715 1331 ut
1746 1277 2127 1344 distrahatur,
2165 1284 2264 1332 aut
2297 1285 2494 1344 pereat
2522 1279 2674 1347 apud
2710 1279 2940 1346 justum
2974 1276 3184 1330 harum
3217 1291 3412 1330 rerum
3443 1279 3754 1334 {estimate-

341 1381 486 1428 rem,
518 1364 619 1418 sed
653 1380 719 1418 eo
749 1365 1066 1435 perveniat,
1100 1365 1199 1418 ubi
1249 1365 1447 1420 omnia
1496 1371 1697 1420 nostra
1738 1365 2200 1435 collocabuntur,
2233 1371 2410 1436 atque
2459 1365 2518 1419 in
2567 1370 2829 1435 tempore
2877 1368 3203 1428 occurrent,
3239 1368 3540 1434 utcunque
3586 1365 3758 1420 aliter

343 1455 773 1511 existimemus.

413 1561 535 1616 KA'.
563 1560 632 1613 Τὸ
666 1555 726 1620 δὲ
753 1557 1046 1614 κάλλιστόν
1091 1579 1150 1613 τε
1196 1559 1285 1613 καὶ
1339 1558 1618 1633 μέγιστον,
1649 1558 1731 1613 ὅτι
1780 1565 1858 1631 τῷ
1898 1581 1990 1632 με-

344 1645 651 1722 γαλοψύχῳ
681 1653 889 1723 προσῆν
939 1647 1026 1701 καὶ
1079 1648 1142 1702 τὸ
1196 1647 1543 1724 ἀφιλότιμον.
1595 1652 1758 1704 ’Όσον
1810 1647 1865 1702 δὲ
1904 1650 1990 1702 καὶ

345 1737 481 1803 οἷον,
515 1733 782 1806 δηλώσω)
820 1731 1080 1811 ἔρχομαι·
1115 1738 1188 1789 Τὰ
1242 1738 1334 1809 μὲν
1385 1738 1488 1812 γὰρ
1524 1739 1786 1813 χρήματα
1815 1739 1990 1802 κοινὰ,

342 1824 430 1879 καὶ
529 1824 808 1897 προθυμία
854 1829 950 1879 τοῦ
997 1826 1281 1901 παρεχειν,
1315 1825 1459 1896 αὐτῷ
1503 1847 1558 1879 τε
1605 1827 1694 1881 καὶ
1741 1830 1809 1900 τῇ
1857 1828 1991 1898 ὁμο-

2171 1563 2317 1616 ΧΧΙ.
2351 1563 2511 1627 Quod
2562 1565 2757 1616 autem
2810 1561 3130 1615 maximum
3183 1563 3240 1614 et
3288 1557 3750 1630 pulcherrimum

2102 1655 2209 1721 est,
2245 1651 2314 1705 ad
2357 1650 2536 1704 animi
2590 1648 3059 1721 magnitudinem
3109 1647 3303 1720 gloriae
3354 1664 3589 1720 quoque
3617 1665 3753 1704 con-

2100 1743 2387 1811 temptum
2450 1739 2824 1811 adjungebat.
2888 1739 3154 1802 Quantus
3211 1740 3408 1793 autem
3460 1741 3517 1792 et
3562 1737 3754 1808 qualis

2103 1829 2294 1894 fuerit,
2328 1829 2654 1883 ostendam.
2689 1827 2965 1891 Quamvis
3015 1827 3169 1881 enim
3217 1842 3355 1897 opes
3398 1825 3512 1896 ipsi
3557 1831 3754 1882 essent

345 1913 492 1987 ζύγῳ
525 1913 658 1988 πρὸς
687 1914 749 1967 τὸ
780 1888 1083 1969 κάλλιστονο
1110 1888 1549 1988 ἁμιλλωμένοις·
1573 1922 1672 1985 τῆς
1699 1888 1994 1977 ἐπιδόσεως

2109 1935 2235 1972 cum
2271 1935 2447 1972 uxore
2477 1934 2841 1984 communes,
2866 1918 3126 1987 itemque
3148 1914 3435 1987 largiendi
3469 1919 3751 1986 prompti-

344 1999 399 2056 δὲ
428 2004 489 2056 τὸ
523 2001 781 2057 πλεῖστον
811 2006 879 2077 τῇ
913 2001 1121 2074 ἐκείνης
1173 2004 1319 2079 χειρῖ
1369 2011 1628 2078 παρῆκεν,
1671 2004 1743 2066 ὡς
1775 2005 1995 2079 ἀρίστης

341 2090 634 2164 οἷκονόμου
682 2096 789 2146 τῶν
839 2091 1106 2146 τοιούτων
1153 2092 1242 2147 καὶ
1294 2094 1625 2163 πιστοτάτης
1659 2136 1671 2148 .
1722 2093 1876 2155 Τίνος
1927 2091 1992 2161 δὴ

340 2180 596 2255 γυναικὸς
632 2179 801 2254 λέγω,
836 2180 925 2234 καὶ
976 2179 1114 2246 οἵας,
1148 2181 1184 2256 ᾖ
1222 2181 1362 2254 μηδὲ
1407 2183 1470 2236 τὸ
1522 2179 1866 2237 Ἀτλαντικὸν
1900 2184 1993 2237 πὲ-

345 2268 531 2346 λαγος,
564 2271 598 2338 ἢ
632 2267 677 2324 ε’ί
708 2291 758 2324 τι
795 2268 940 2326 ἄλλο
993 2276 1099 2324 τῶν
1139 2270 1431 2345 μεγίστων,
1471 2268 1692 2348 ἤρκεσεν
1742 2272 1798 2327 ἂν
1834 2274 1996 2327 ἀπαν-

345 2356 646 2431 τλούμενον
681 2377 694 2426 ;
726 2363 983 2420 τοσοῦτος
1017 2355 1153 2436 ἔρως
1183 2365 1280 2415 τοῦ
1301 2360 1561 2436 παρέχειν
1594 2361 1750 2435 αὐτῇ,
1784 2363 1872 2416 καὶ
1903 2361 1996 2416 οὕ-

345 2467 455 2508 τως
489 2446 739 2522 ἇμετρος·
774 2449 806 2517 ἦ
834 2449 932 2517 τήν
965 2450 1380 2522 Σολομώντειον
1408 2447 1642 2524 βδὲλλαν
1674 2451 1747 2512 εἷς
1779 2450 1998 2506 τούναν-

348 2535 461 2590 τίον
522 2534 806 2607 ἐζήλωσε,
864 2541 932 2610 τῇ
981 2537 1106 2612 περὶ
1143 2537 1206 2593 τδ
1264 2545 1506 2614 κρεῖττον
1565 2538 1840 2610 ἀπληστίᾳ
1893 2541 1991 2607 τὴν

352 2625 426 2686 είς
455 2626 517 2678 τὸ
568 2631 755 2702 χεῖρον
805 2629 918 2698 (72)
965 2629 1246 2698 νικήσασα,
1294 2627 1383 2682 καὶ
1429 2627 1588 2704 κόρον
1645 2627 1748 2682 οὐκ
1792 2627 1994 2703 ἔχουσα

340 2719 442 2782 τῆς
473 2714 596 2790 περὶ
642 2714 704 2767 τὸ
754 2713 810 2767 εὗ
859 2720 1033 2769 ποιεῖν
1077 2717 1406 2790 προθυμίας·
1441 2718 1474 2785 ἣ
1526 2717 1601 2789 μὴ
1654 2715 1733 2771 ὅτι
1784 2738 1847 2791 γε
1893 2718 1990 2785 τὴν

340 2799 522 2856 οὐσίαν
589 2803 818 2874 ἅπασαν,
878 2801 976 2874 ὅση
1037 2825 1097 2858 τε
1153 2804 1219 2872 ἦν
1272 2803 1479 2874 αὐτοῖς,
1539 2806 1627 2859 καὶ
1675 2803 1773 2875 ὅση
1823 2826 1993 2881 προσ-

338 2891 563 2966 εγένετο,
599 2891 922 2966 μικροτέραν
971 2894 1160 2967 ἡγεῖτο
1210 2899 1312 2961 τῆς
1363 2892 1565 2955 οἰκείας
1598 2891 1827 2971 ἐφέσεως
1854 2896 1988 2966 (73)·

338 2977 483 3034 ἀλλᾶ
509 2979 597 3034 καὶ
631 2980 823 3049 ἑαυτὴν
851 2981 938 3035 καὶ
970 2981 1098 3042 τοὺς
1144 2979 1343 3043 παῖδας
1375 2981 1612 3054 ἑτοίμως
1643 2980 1873 3036 ἀπέδοτο
1906 2983 1990 3054 ἂν,

337 3064 390 3123 εἷ’
417 3089 532 3130 πως
564 3068 708 3138 ἐνῆν,
741 3070 768 3124 ’ὀ
801 3069 889 3124 καὶ
922 3068 1194 3132 πολλάκις
1244 3069 1412 3140 αὐτῆς
1447 3069 1715 3148 λεγούσης
1759 3069 1987 3144 ἥκουσα,

339 3154 475 3211 ὥστε
523 3154 960 3228 ὶκδαπανηθῆναι
1007 3165 1128 3220 τοῖς
1176 3159 1368 3228 πένησι
1401 3203 1412 3216 .
1464 3159 1642 3234 Ταύτῃ
1688 3160 1781 3222 τὰς
1832 3160 1988 3229 ἡνίας

2103 2007 2267 2071 tudo,
2301 2007 2511 2078 quippe
2563 2007 2657 2078 qui
2711 2007 2781 2062 de
2827 2005 3233 2077 pulcherrima
3278 2020 3510 2076 quaque
3539 2006 3753 2059 virtute

2105 2097 2553 2160 contenderent;
2590 2096 2870 2164 majorem
2902 2099 3098 2148 tamen
3120 2093 3246 2164 ipse
3276 2092 3604 2165 largitionis
3627 2110 3753 2165 par-

2103 2189 2220 2240 tem
2254 2185 2325 2250 ei,
2361 2188 2423 2239 ut
2453 2184 2683 2256 cptimm
2716 2187 2771 2239 et
2801 2182 3155 2237 fidelissimae
3183 2181 3522 2253 hujusmodi
3555 2199 3748 2237 rerum

2105 2273 2533 2344 dispensatrici,
2569 2272 2954 2343 relinquebat.
2990 2273 3173 2336 Quam
3208 2275 3400 2325 autem
3433 2274 3489 2325 et
3517 2269 3748 2342 qualem

2105 2361 2410 2418 mulierem
2444 2362 2592 2426 dico,
2625 2361 2716 2416 cui
2754 2377 2822 2416 ne
2851 2360 3201 2415 Atlanticum
3230 2358 3462 2430 quidem
3488 2358 3752 2431 pelagus,

2106 2454 2208 2507 aut
2237 2452 2284 2507 si
2317 2451 2457 2523 quid
2491 2450 2645 2506 aliud
2682 2450 3005 2504 maximum
3037 2453 3145 2517 est,
3189 2450 3261 2504 ad
3294 2448 3753 2505 exhauriendum

2104 2541 2372 2597 sufﬁcere
2403 2539 2734 2610 potuisset?
2763 2542 2982 2594 Tantus
3005 2541 3245 2608 tamque
3265 2537 3618 2593 immodicus
3640 2537 3753 2608 ipsi

2104 2630 2295 2684 inerat
2332 2629 2614 2700 largiendi
2669 2627 2869 2682 amorl
2906 2629 3062 2681 344
3093 2629 3227 2690 Quae
3259 2625 3587 2682 Salomonis
3619 2643 3754 2682 san-

2103 2719 2408 2790 guisugam
2439 2718 2484 2753 δο
2529 2719 2586 2771 in
2619 2716 2976 2771 contrarium
3029 2714 3302 2770 aemulata
3331 2718 3440 2781 est,
3473 2715 3756 2770 nimirum

2104 2825 2206 2879 per
2235 2805 2644 2878 inexplebilem
2681 2806 2749 2860 ad
2785 2805 3003 2860 bonum
3037 2804 3441 2876 cupiditatem,
3475 2803 3762 2860 insatura-

2103 2896 2276 2951 bilem
2321 2896 2391 2950 ad
2426 2895 2646 2949 malum
2699 2893 3032 2949 aviditatem
3083 2893 3341 2961 vincens,
3375 2896 3655 2963 tantaque
3687 2893 3758 2947 ad

2101 2986 2247 3039 bene
2290 2985 2631 3038 merendum
2686 2981 2984 3037 alacritate
3030 2981 3292 3052 praedita,
3327 2985 3478 3035 utea
3508 2982 3759 3036 saturari

2100 3090 2215 3128 non
2249 3079 2476 3144 posset;
2532 3089 2658 3142 quae
2690 3072 2944 3141 denique
2973 3087 3084 3124 non
3138 3084 3277 3140 opes
3306 3068 3498 3124 solum
3531 3085 3755 3139 omnes,

2099 3178 2245 3233 quas
2275 3161 2360 3216 vel
2394 3161 2465 3215 ab
2496 3161 2666 3215 initio
2700 3148 2927 3226 habuit,
2960 3158 3047 3214 vel
3083 3163 3286 3231 postea
3307 3163 3624 3214 consecuta
3647 3163 3755 3217 est,

349 3243 482 3307 ὅλας
533 3245 778 3324 ἐπαφῆκε
828 3254 930 3317 τῆς
975 3245 1289 3309 ἐπιδόσεως.
1322 3249 1388 3304 Ὃ
1428 3248 1515 3302 καὶ
1566 3247 1998 3324 παραδείγματος

2112 3251 2428 3322 cupiditate
2461 3267 2567 3305 sua
2617 3249 2872 3304 minores
2921 3247 3295 3303 existimabat
3325 3264 3338 3302 :
3368 3248 3468 3303 sed
3501 3247 3757 3320 seipsam

351 3331 474 3406 ἐμοὶ
524 3340 656 3410 γοῦν
707 3340 950 3409 κρεῖττον
1000 3332 1463 3409 ὑπολαμϐάνεται.
1511 3339 1580 3391 Τὸ
1632 3337 1724 3410 μὲν
1773 3339 1872 3414 γὰρ
1924 3338 1997 3400 είς

346 3427 608 3500 χρήματα
644 3425 1055 3500 μεγαλόψυχον,
1100 3425 1187 3480 καὶ
1238 3433 1362 3501 παρ’
1404 3423 1600 3488 ἄλλοις
1645 3427 1706 3480 οὐ
1737 3425 1996 3502 χαλεπῶς

337 3512 483 3588 εὕροι
531 3534 612 3575 τις
659 3513 741 3586 ἃν,
800 3513 898 3568 ὅσα
949 3536 1007 3569 τε
1058 3513 1132 3576 εἷς
1182 3516 1278 3576 τὰς
1324 3516 1505 3576 κοινὰς
1562 3515 1649 3570 καὶ
1709 3516 1995 3578 πολιτικὰς

337 3600 640 3657 ἀπόλλυται
666 3602 1020 3680 φιλοτιμίας,
1054 3603 1152 3658 ὅσα
1197 3625 1256 3658 τε
1301 3609 1380 3676 τῷ
1426 3609 1540 3675 Θεῷ
1583 3603 1670 3659 διὰ
1697 3609 1801 3660 τῶν
1835 3608 1996 3676 πενή-

327 3711 434 3745 των
469 3688 788 3763 δανείζεται,
833 3692 920 3747 καὶ
979 3691 1115 3764 μόνα
1168 3697 1286 3752 τοῖς
1338 3691 1683 3747 ἀναλίσκουσι
1736 3695 1994 3770 Θησαυρί-

333 3784 495 3848 ζεται·
528 3787 627 3849 τῆς
662 3778 719 3835 δὲ
762 3779 846 3835 ἐπὶ
903 3781 1086 3853 τούτῳ
1119 3784 1231 3854 (74)
1265 3778 1447 3851 δόξης,
1495 3781 1593 3836 οὐκ
1640 3778 1778 3836 ἔστιν
1814 3779 1996 3838 ὅντινα

332 3871 812 3944 παραχωρήσαντα
884 3868 1086 3946 ῥᾳδίως
1144 3870 1460 3944 εὑρίσκομεν
1508 3914 1521 3927 .
1572 3875 1676 3924 Τοῦ
1739 3872 1832 3943 μὲν
1890 3875 1992 3949 γὰρ

341 3955 600 4029 δαπανᾷν,
652 3959 740 4013 καὶ
795 3961 830 4028 ἡ
884 3957 1169 4037 φιλοδοξία
1215 3964 1332 4021 τοῖς
1382 3958 1616 4019 πολλοῖς
1663 3958 1891 4034 παρὲχει
1931 3962 1992 4015 τὸ

333 4047 633 4121 πρόθυμον·
685 4045 747 4102 οὗ
798 4045 854 4103 δὲ
902 4048 1108 4125 ἀφανὴς
1145 4050 1260 4122 (75)
1293 4050 1327 4117 ἡ
1362 4045 1627 4116 ἆπίδοσις,
1673 4048 1781 4103 ἐκεῖ
1810 4050 1896 4104 καὶ
1931 4052 1990 4104 τό

333 4134 592 4212 παρέχειν
622 4132 991 4213 ἀμϐλύτερον.

2112 3356 2362 3411 quoque,
2410 3339 2458 3392 si
2511 3339 2631 3392 ﬁeri
2684 3338 2991 3409 potuisset,
3024 3341 3080 3391 et
3140 3337 3372 3401 liberos,
3407 3340 3472 3391 ut
3517 3353 3586 3392 ex
3633 3337 3761 3408 ipsa

2109 3446 2261 3500 saepe
2286 3428 2500 3492 audivi,
2531 3432 2793 3500 prompte
2817 3443 2881 3481 ac
2913 3426 3181 3480 lubenter
3201 3425 3580 3491 vendidisset,
3606 3429 3670 3480 ut
3699 3427 3760 3480 in

2109 3532 2430 3589 pauperum
2489 3533 2633 3572 usus
2683 3517 3166 3585 expenderentur.
3199 3515 3345 3569 Huic
3393 3519 3546 3570 totas
3587 3515 3760 3588 largi-

2105 3607 2284 3662 tionis
2306 3607 2565 3662 habenas
2591 3606 2685 3660 ille
2708 3606 3218 3677 permiserat.0uaa
3242 3621 3493 3671 res,mea
3519 3604 3758 3674 quidem

2106 3697 2412 3761 sententia,
2449 3695 2604 3750 omni
2655 3694 2921 3765 exemplo
2955 3693 3323 3764 praestantior
3353 3709 3418 3745 ac
3450 3691 3762 3746 sublimior

2104 3789 2211 3840 est.
2248 3785 2391 3838 Nam
2427 3784 2605 3839 animi
2642 3784 2873 3852 quidem
2908 3782 2967 3836 in
2994 3780 3260 3853 pecuniis
3293 3780 3759 3850 magnitudinem

2104 3875 2258 3945 apud
2318 3873 2464 3927 alios
2523 3887 2755 3943 quoque
2814 3871 2984 3925 facile
3042 3869 3294 3940 reperire
3341 3872 3450 3934 est,
3496 3866 3615 3921 sive
3661 3883 3760 3922 eas

2102 3967 2349 4034 spectes,
2393 3979 2518 4033 quae
2564 3962 2622 4015 in
2672 3960 2937 4031 publicas
2988 3965 3045 4013 et
3091 3957 3357 4029 politicas
3406 3956 3759 4026 cupiditates

2101 4051 2323 4125 perdite
2355 4052 2758 4112 effunduntur,
2790 4051 2908 4103 sive
2942 4064 3068 4120 quae
3094 4047 3210 4102 Deo
3243 4062 3343 4117 per
3372 4059 3660 4117 pauperes
3682 4045 3758 4101 fe-

2101 4141 2228 4196 nori
2260 4142 2496 4206 dantur,
2533 4139 2786 4210 solaeque
2815 4139 2912 4204 iis,
2933 4135 3032 4208 qui
3055 4151 3153 4191 eas
3186 4135 3538 4206 expendunt,
3559 4149 3758 4188 recon-

334 4227 561 4282 duntur
594 4244 606 4283 :
644 4232 701 4283 at
732 4228 830 4300 qui
863 4228 1108 4299 gloriam
1140 4244 1208 4284 ex
1238 4245 1305 4284 ea
1336 4244 1396 4284 re
1427 4227 1727 4284 collectam
1775 4229 1940 4284 alteri
1986 4230 2360 4295 concesserit,
2396 4229 2549 4284 haud
2603 4229 2684 4282 ita
2733 4226 2900 4281 facile
2947 4224 3326 4295 reperiemus.
3362 4220 3640 4276 Permulti
3673 4221 3752 4275 si.

336 4315 574 4387 quidem
607 4317 677 4371 ad
713 4321 988 4388 sumptus
1021 4322 1289 4389 prompto
1321 4318 1516 4373 animo
1551 4317 1842 4374 faciendos
1874 4319 1996 4375 sola
2027 4319 2266 4375 honoris
2315 4319 2630 4390 cupiditate
2662 4317 2978 4370 ducuntur.
3012 4313 3116 4368 Ubi
3151 4317 3345 4366 autem
3399 4311 3628 4382 largitio
3660 4326 3755 4365 ar-

336 4405 506 4462 bitris
538 4411 717 4472 caret,
751 4407 872 4462 illic
903 4423 1135 4479 quoque
1166 4407 1396 4479 largitio
1427 4407 1776 4478 languescit,
1807 4413 1865 4464 et
1894 4408 2258 4464 obtunditur.

411 4513 518 4569 KP.
549 4515 608 4568 'H
647 4512 739 4585 μὶν
782 4510 872 4566 οὖν
918 4512 1040 4588 χεῖρ
1088 4512 1346 4583 τοσαύτη·
1397 4515 1485 4568 καὶ
1535 4514 1603 4568 τὰ
1648 4512 1823 4568 πλείω
1871 4519 1986 4576 τοῖς

2170 4515 2333 4570 ΧΧΠ.
2368 4515 2554 4569 Tanta
2602 4513 2837 4585 quidem
2874 4527 2939 4566 ac
2971 4508 3101 4564 talis
3154 4507 3263 4563 fuit
3303 4505 3465 4561 illius
3495 4503 3752 4562 liberali-

339 4598 509 4657 εἰδόσι
556 4603 896 4676 παρήσομεν,
947 4597 1103 4674 ὥστε,
1138 4600 1258 4657 εἷ’τι
1312 4603 1400 4657 καὶ
1451 4606 1586 4676 ἡμῖν
1637 4609 1983 4679 μαρτυρεῖται

337 4695 610 4765 τοιοῦτον,
641 4690 691 4761 ἐξ
723 4690 930 4762 ἐκείνης
979 4691 1114 4745 εἶναι
1160 4697 1262 4761 τῆς
1304 4697 1510 4768 πηγῆς,
1561 4691 1808 4747 κάκείνου
1856 4695 1985 4765 μοῖ-

340 4783 561 4855 ραντοῦ
608 4779 894 4855 ὁεύματος.
933 4778 1022 4843 Τίς
1073 4777 1130 4835 δὲ
1177 4779 1311 4855 μετᾶ
1358 4784 1491 4836 Θεοῦ
1543 4779 1775 4855 μᾶλλον,
1823 4781 1859 4851 ἢ
1905 4784 1984 4852 τῷ

410 5014 456 5050 ⁵⁸
482 5013 667 5072 Eccle.
698 5029 776 5083 xx,
810 5014 862 5070 1.
937 5013 982 5050 ⁶⁰
1009 4969 1176 5071 Ιέιιον.
1207 5029 1336 5083 xxx,
1373 5013 1459 5072 15.

338 5264 422 5336 tia
450 5266 606 5336 apud
656 5265 1033 5322 Demosthen.
1085 5265 1179 5336 0r.
1226 5265 1293 5336 de
1341 5264 1598 5336 Corona;
1631 5262 1853 5321 Βέλτιον
1906 5260 1995 5318 διὰ

337 5334 695 5405 τοὺς-ἀξίους
737 5341 899 5408 τιμᾷν
947 5336 1074 5410 τους
1127 5335 1621 5410 ἀναξίουςμῆτοὺς
1655 5336 1833 5410 ἀξίους
1860 5336 1991 5410 ἀποο

344 5404 573 5482 στερεῖνί
601 5415 700 5476 τῆς
753 5404 1141 5483 προσηκούσης
1195 5404 1388 5483 τιμῆς
1413 5404 1500 5483 δια
1545 5407 1673 5468 τοὺς
1701 5404 1990 5476 ⁷ἀναξίους.

348 5481 652 5553 «MPmstat
683 5481 953 5553 indignos
988 5489 1222 5552 propter
1243 5481 1452 5552 dignos
1476 5482 1785 5545 honorare,
1817 5496 1995 5553 quam

346 5552 578 5624 dignos,
640 5551 874 5625 propter
920 5551 1212 5625 indignos,
1263 5551 1469 5608 merito
1519 5553 1737 5608 honore
1785 5551 1996 5623 spolia-

346 5640 428 5678 re.
468 5645 495 5673 »

424 5694 538 5769 (70)
569 5694 873 5768 Ἐεεταστῇ.
923 5695 1018 5751 Sic
1066 5697 1242 5769 Regg.
1294 5713 1348 5765 a,
1379 5697 1502 5769 bm,
1552 5697 1647 5753 Or.
1685 5697 1732 5766 1,
1775 5700 1884 5752 etc.
1937 5697 1998 5751 In

349 5764 441 5822 ed.
452 5810 468 5838 ,
501 5764 776 5840 ἐξετασθῇ.

2098 4609 2190 4660 tas
2218 4622 2230 4671 ;
2265 4604 2550 4676 pluraque
2601 4603 2772 4657 etiam
2806 4599 3123 4656 scientibus
3155 4597 3576 4667 relinquemus,
3607 4595 3751 4651 adeo

2097 4697 2180 4764 ut,
2217 4692 2264 4747 si
2298 4693 2412 4748 tale
2445 4693 2580 4764 quid
2618 4709 2650 4746 τι
2683 4691 2850 4746 nobis
2882 4690 3394 4754 commemoretur,
3419 4683 3562 4740 illud
3595 4700 3663 4740 ex
3684 4699 3750 4740 eo

2097 4781 2253 4838 fonte
2303 4798 2672 4853 promanare,
2719 4779 2994 4850 illiusque
3025 4775 3293 4850 profluvii
3342 4777 3566 4848 partem
3597 4786 3751 4842 esse,

2136 5266 2288 5388 Ἰ,((71)
2337 5264 2777 5332 Ἀπαντήσονται.
2829 5263 2966 5333 Reg.
3026 5261 3144 5330 bm,
3203 5265 3258 5316 et
3312 5258 3407 5315 0r.
3469 5259 3521 5327 1,
3577 5254 3751 5310 ἀπαν-

2160 5356 2354 5388 λσοντα.

2100 5356 2354 5389 τησοντα.

2157 5371 2438 5532 Ιζῆῐιίῧίς
2487 5407 2549 5460 τὸ
2598 5408 2806 5480 χεῖρον.
2866 5408 3005 5476 Reg.
3066 5420 3119 5472 a,
3177 5405 3234 5459 et
3289 5400 3383 5457 Or.
3446 5400 3496 5467 1,
3557 5394 3634 5458 εἷς
3685 5393 3754 5449 τὰ

2157 5497 2298 5532 seu).

2105 5497 2298 5553 χειρω.

2180 5537 2288 5622 (⁵73)
2322 5551 2581 5622 Ἐφέσεωᾼς
2616 5551 2788 5619 chg.
2823 5563 2874 5622 ξι,
2909 5547 3026 5622 bm,
3055 5545 3154 5622 ρι’.
3181 5545 3240 5622 ,1,
3272 5537 3579 5611 ἐπιθυμίας.

2180 5613 2290 5695 (74)
2471 5619 2666 5695 τούτῳ.
2688 5613 2872 5695 Coisl,
2901 5619 2962 5695 1,
2985 5615 3073 5695 ἐπί
3100 5613 3329 5695 τούτων.

2181 5683 2289 5768 (75)
2319 5691 2392 5746 Οὖ
2418 5690 2480 5768 Ϋδὶ
2524 5683 2750 5768 ἀφᾴνῄς.
2802 5690 2895 5768 Sic
2925 5689 3099 5746 Coisl.
3134 5690 3194 5758 1,
3231 5689 3325 5740 Or.
3365 5687 3413 5753 1,
3459 5683 3604 5753 Jes.,
3634 5684 3743 5738 etc.

2108 5759 2334 5826 Male'in
2366 5767 2527 5832 edit.,
2561 5759 2684 5818 οὐδὲ
2708 5761 2933 5837 ἀφανής.
