4138 6212
351 391 502 453 1013

1235 389 1530 452 ORATIO
1573 385 1788 447 XVIII.
1823 416 1899 429 —
1927 383 2316 444 FUNEBRIS
2362 383 2439 441 IN
2483 383 2830 444 PATREM.

3602 387 3762 450 10H

351 519 431 576 διὰ
457 524 643 589 τοῦτο,
695 521 758 576 τὸ
792 521 886 594 μὲν
937 519 1217 593 ὁρώμεοον
1256 521 1369 592 (89)
1408 517 1709 590 ἀτιμάζειν,
1768 516 1916 575 ὃπως
1949 511 1993 567 δ’

2105 514 2401 570 illecebris
2449 513 2660 570 irretiti
2708 531 2835 571 esse
2861 517 3276 588 arbitrabatur,
3309 519 3465 576 dicta
3493 520 3761 594 factaque

349 609 402 666 ἂν
429 611 578 672 ἔντος
745 609 1012 666 κάλλιστα
1042 607 1185 684 ἔχοι,
1220 607 1381 663 τοῦτο
1417 607 1580 679 μόνον
1613 612 1851 660 σκοπεῖν.
1905 605 1996 658 καὶ

345 703 504 755 ταῦτα
533 699 656 773 περί
687 697 903 754 πολλοῦ
934 702 1226 764 ποιεῖσθαι,
1271 697 1320 766 ἐξ
1353 695 1426 749 ὧν
1461 696 1620 756 αὐτός
1651 716 1706 748 τε
1736 692 1994 747 πλείστου

349 790 487 858 ἄξιος
519 784 687 858 ἔσται,
719 789 806 843 καὶ
835 788 961 850 τοὺς
995 786 1198 848 ἄλλους
1233 784 1374 858 ἕλξει
1403 784 1472 840 δι’
1519 785 1709 839 ἑαυτοῦ
1754 783 1890 858 πρὸς
1933 783 1994 836 τὸ

352 875 648 953 βέλτιστον.

2109 621 2214 658 sua
2252 604 2450 659 omnia
2483 603 2595 658 huc
2628 604 2859 670 referre,
2894 611 2957 661 ut
2987 607 3234 677 gloriam
3268 613 3325 663 et
3374 607 3751 680 splendorem

2107 694 2261 765 apud
2296 699 2519 748 exteros
2552 699 2926 765 assequatur,
2961 696 3178 768 quippe
3201 698 3301 769 qui
3335 700 3604 769 przesenti
3635 701 3757 758 vita

2108 780 2250 836 nihil
2286 782 2510 836 beatius
2542 797 2669 837 esse
2693 783 2868 838 ducat
2902 802 2912 838 :
2949 785 3275 855 spiritualis
3293 791 3486 842 autem
3511 792 3566 843 et
3587 787 3751 843 Chri-

2105 870 2489 936 stiani,unam
2517 875 2744 926 tantum
2777 873 3029 928 salutem
3061 874 3134 928 ob
3165 875 3365 930 oculos
3397 875 3509 930 sibi
3541 894 3748 949 propo-

347 986 496 1032 nere.
529 973 698 1040 atque
729 984 816 1035 ea,
851 984 977 1038 quas
1010 968 1079 1022 ad
1113 967 1266 1022 hanc
1315 967 1556 1030 ducant,
1590 962 1827 1036 plurimi
1883 963 2090 1016 facere.
2127 977 2252 1030 quae
2286 964 2481 1014 autem
2527 961 2596 1014 ad
2647 978 2776 1015 eam
2836 962 2980 1016 nihil
3035 965 3359 1034 adjumenti
3393 965 3657 1031 afferant,
3686 972 3750 1023 ut

340 1056 490 1126 vilia,
523 1057 862 1128 nulliusque
897 1056 1085 1127 pretii,
1119 1054 1455 1126 aspernari;
1499 1054 1572 1108 ob
1621 1066 1870 1121 eamque
1902 1065 2162 1116 causam,
2198 1049 2253 1102 id
2284 1048 2542 1118 quidem,
2577 1050 2730 1119 quod
2767 1049 2824 1104 in
2857 1056 3153 1121 aspectum
3203 1053 3378 1123 cadit,
3414 1071 3516 1124 pro
3566 1055 3747 1110 nihilo

341 1151 562 1217 putare,
600 1146 655 1200 id
691 1151 887 1200 autem
921 1161 1104 1200 unum
1137 1148 1418 1216 spectare,
1451 1147 1625 1213 atque
1671 1142 1729 1194 in
1780 1156 1846 1195 eo
1892 1139 2212 1201 elaborare,
2246 1143 2310 1190 ut
2359 1140 2587 1192 interna
2619 1139 2838 1209 optimo
2886 1144 2943 1193 et
2995 1139 3387 1210 pulcherrimo
3419 1147 3574 1198 statu
3608 1143 3746 1213 sint,

342 1251 520 1306 eaque
553 1235 746 1306 magni
787 1235 1098 1301 aestimare,
1131 1251 1199 1289 ex
1229 1232 1445 1304 quibus
1475 1236 1532 1286 et
1579 1231 1705 1303 ipse
1733 1245 1911 1300 quam
1964 1227 2224 1299 Optimus
2275 1227 2510 1282 futurus
2540 1227 2636 1293 sit,
2669 1232 2725 1282 et
2755 1228 2901 1283 alios
2930 1229 3197 1300 exemplo
3248 1247 3354 1285 suo
3403 1232 3474 1286 ad
3524 1233 3748 1304 optima

341 1339 582 1396 quaeque
622 1328 911 1395 pertractu
922 1339 1042 1378 rus.

404 1413 519 1468 KA'.
582 1417 646 1464 "0
701 1409 759 1465 δὲ
809 1410 1104 1466 κάλλιπον
1164 1415 1272 1466 τῶν
1348 1409 1554 1464 ἐκείνου
1621 1408 1710 1462 καὶ
1773 1403 1983 1460 ἰδιώτα-

335 1521 422 1555 τον
451 1502 582 1573 (91),
615 1501 704 1554 καὶ
737 1498 861 1554 οὐδὲ
889 1506 1006 1562 τοῖς
1033 1498 1271 1561 πολλοῖς
1304 1497 1689 1574 ἀγνοούμενον,
1739 1498 1774 1564 ἡ
1808 1493 1982 1549 ἁπλό-

336 1595 454 1660 τῆς,
505 1586 594 1643 καί
639 1589 703 1643 τὸ
735 1590 840 1650 ,τοῦ
893 1588 1058 1657 ἤθους
1108 1586 1304 1643 ἄδολον
1350 1608 1408 1642 τε
1454 1585 1542 1641 καί
1592 1585 1982 1658 ἀμνησίκακον.

340 1675 542 1739 Ἄλλος
594 1678 689 1749 μὲν
733 1679 836 1752 γὰρ
883 1675 1024 1732 ἄλλο
1076 1699 1128 1731 τι
1172 1682 1280 1731 τῶν
1329 1675 1576 1731 παλαιῶν
1630 1677 1663 1743 ἢ
1713 1678 1819 1728 τῶν
1851 1674 1980 1726 νέων

336 1767 745 1840 κατωρθωκέναι
821 1765 1149 1838 πιστεύεται,
1229 1767 1304 1827 ὡς
1382 1762 1603 1826 ἕκαστος
1674 1760 1864 1838 ἔτυχεν
1926 1761 1986 1816 ἐκ

2164 1405 2356 1460 XXIV.
2390 1407 2497 1461 Sed
2540 1406 2690 1461 inter
2720 1406 2918 1462 omnia
2977 1407 3164 1480 ipsius
3224 1415 3568 1465 ornamenta
3598 1411 3753 1466 nihil

2095 1511 2256 1566 teque
2288 1495 2624 1566 pulchrum,
2667 1497 2838 1566 eique
2891 1497 3214 1568 proprium,
3265 1514 3332 1552 ac
3383 1498 3748 1554 multitudini

2094 1585 2270 1640 etiam
2304 1585 2606 1654 cognitum
2639 1589 2785 1652 erat,
2819 1590 2882 1640 ut
2912 1585 3281 1658 simplicitas,
3315 1592 3374 1642 et
3404 1603 3596 1644 mores
3626 1588 3747 1644 doli

2095 1678 2380 1744 expertes,
2415 1679 2591 1744 atque
2619 1673 2970 1744 injuriarum
3021 1674 3256 1731 oblivio.
3313 1677 3540 1732 Etenim
3591 1676 3745 1732 alius

2096 1761 2335 1833 quidem
2368 1763 2745 1832 antiquorum
2758 1769 2860 1818 aut
2873 1763 3260 1819 recentiorum
3274 1765 3582 1820 hominum
3605 1783 3738 1837 pro-

337 1859 466 1910 Θεοῦ
514 1855 741 1930 χάριτός
783 1875 927 1916 τινος
976 1856 1305 1926 ἠξιωμένος.
1342 1849 1485 1923 Ἰὼϐ,
1517 1852 1580 1907 τὸ
1629 1851 1681 1907 ὲν
1732 1857 1847 1912 τοῖς
1880 1851 1984 1904 πά-

2100 1852 2225 1922 pria
2254 1853 2508 1922 quadam
2532 1851 2740 1906 virtute
2769 1852 3080 1908 emicuisse
3102 1854 3379 1919 creditur,
3412 1872 3515 1926 pro
3546 1872 3613 1911 ea
3630 1856 3741 1911 sci-

338 1945 450 1997 θυσι
481 1945 799 2020 καρτερικὸν
831 1945 918 1998 καὶ
951 1943 1231 1999 ἀνάλωτον
1259 1962 1272 1974 ·
1307 1945 1513 2011 Μωσῆς
1549 1942 1640 1996 καὶ
1692 1935 1882 2006 Δαϐὶδ,
1931 1939 1990 1993 τὸ

336 2038 525 2104 πρᾶοψ
577 2031 842 2104 Σαμουὴλ
890 2033 954 2087 τὸ
1003 2032 1370 2108 χρηματίσαι,
1427 2030 1646 2107 βλέπων
1686 2030 1752 2084 τὰ
1784 2027 1989 2103 ἔμπρο-

337 2123 450 2176 σθεν
476 2141 488 2152 ’
525 2123 713 2183 Φινεὲς
742 2123 832 2176 τὸν
868 2119 1060 2192 ζῆλον,
1091 2121 1180 2198 ἀφ’
1220 2119 1282 2174 οὗ
1329 2120 1418 2174 καὶ
1473 2119 1830 2192 ὀνομάζεται·
1891 2118 1992 2170 Πέ-

335 2231 461 2286 τρος
493 2213 582 2266 καὶ
635 2209 852 2272 Παῦλος
884 2215 1018 2281 (92),
1048 2213 1110 2265 τὸ
1153 2210 1401 2265 σύντονόν
1446 2214 1544 2264 τοῦ
1602 2208 1986 2282 κηρύγματος*

338 2300 388 2354 οἱ
416 2305 514 2355 τοῦ
545 2295 830 2354 Ζεϐεδαίου
858 2301 921 2353 τὸ
957 2298 1376 2377 μεγαλόφωνον,
1408 2297 1438 2352 8
1471 2299 1584 2368 (93)
1612 2296 1701 2351 καὶ
1757 2297 1989 2371 βροντῆς

339 2387 488 2450 υἱοὺς
549 2388 742 2449 αὐτοὺς
820 2387 1290 2463 προσηγόρευσεν
1361 2386 1449 2441 καὶ
1509 2385 1560 2440 τί
1629 2385 1688 2439 ἂν
1739 2386 1990 2460 καταριθ-

345 2473 508 2547 μοίην
542 2478 652 2548 (94)
685 2475 957 2542 ἃπαντας;
986 2475 1036 2528 ἐν
1071 2476 1173 2550 γὰρ
1207 2473 1404 2530 εἷόόκιν
1435 2476 1462 2529 ὁ
1495 2473 1682 2548 λόγος.
1717 2472 1988 2550 Στεφάνου

343 2562 400 2619 δὲ
446 2567 558 2636 (95)
618 2563 705 2618 καὶ
756 2568 850 2617 τοῦ
898 2563 1034 2635 ἐμοῦ
1082 2564 1307 2638 πατρὸς,
1358 2563 1509 2618 οὐδὲν
1557 2561 1750 2632 οὕτως,
1801 2562 1875 2622 ὡς
1926 2561 1990 2616 τὸ

341 2653 612 2728 ἀπόνηρον
660 2655 966 2728 γνώρισμα,
1016 2658 1069 2706 Ὀ
1132 2654 1224 2725 μὲν
1305 2653 1408 2728 γὰρ
1483 2650 1608 2706 οὐδὲ
1666 2649 1990 2705 κινδυνεύων

341 2741 514 2814 ἐμίσει
551 2740 678 2802 τοῦς
740 2741 1068 2817 βάλλοντας,
1110 2741 1236 2797 ἀλλ’
1266 2740 1541 2810 ἐλιθάζετο
1599 2742 1712 2812 μὲν,
1769 2739 1899 2814 ὑπὲρ
1933 2737 1990 2793 δὲ

335 2836 443 2884 τῶν
476 2830 806 2898 λιθαζόντων
860 2827 1088 2906 ηὔχετο,
1138 2831 1210 2892 ὡς
1261 2835 1495 2903 Χριστοῦ
1553 2830 1822 2902 μαθητὴς,
1855 2828 1987 2903 ὑπὲρ

341 2917 407 2972 οῦ
438 2920 526 2974 καὶ
556 2919 618 2974 τὸ
651 2920 878 2994 πάσχειν
911 2921 976 2988 ἦν
1010 2919 1174 2990 αὐτῷ,
1215 2924 1398 2990 μεῖζον
1430 2923 1527 2972 τοῦ
1578 2919 1806 2972 θανάτου
1855 2937 1986 2988 καρ-

339 3013 601 3086 ποφορῶν
658 3013 738 3080 τῷ
793 3012 928 3080 Θεῷ,
987 3009 1085 3076 τὴν
1151 3007 1564 3083 μακροθυμίαν·
1613 3011 1692 3077 τῷ
1719 3004 1775 3061 δὲ
1832 3003 1982 3060 οὐδὲν

340 3102 500 3171 μέσον
529 3100 594 3166 ἦν
646 3103 747 3166 τῆς
807 3095 1153 3167 ἆπιπλήξεως
1210 3097 1299 3150 καὶ
1347 3103 1446 3166 τῆς
1497 3096 1756 3174 ἀφέσεπιτς,
1791 3096 1866 3156 ὡς
1902 3117 1986 3167 μι-

2099 1939 2236 1995 licet
2266 1943 2472 2011 gratia,
2506 1957 2681 2012 quam
2715 1941 2868 1995 346
2900 1942 3151 2012 quisque
3181 1959 3215 1997 a
3245 1943 3361 1998 Deo
3391 1951 3744 2000 consecutus

2101 2035 2208 2084 est.
2257 2030 2510 2085 Emicuit
2551 2031 2661 2084 Job
2711 2047 2923 2102 magna
2971 2031 3293 2102 invictaque
3336 2033 3392 2086 in
3438 2033 3610 2089 malis
3642 2051 3742 2105 pa-

2101 2117 2304 2172 tientia
2333 2119 2626 2190 “,Moyses
2657 2125 2716 2174 et
2744 2120 2925 2174 David
2956 2122 3411 2178 mansuetudine
3439 2124 3743 2192 53,8amuel

2098 2207 2408 2276 vaticiniis,
2463 2210 2616 2280 quod
2680 2210 2876 2264 futura
2923 2211 3341 2281 praenuntiaret
3383 2213 3445 2276 ⁸⁸,
3496 2213 3744 2270 Phinees

2098 2295 2219 2350 zelo
2249 2297 2315 2362 ⁵⁵,
2345 2313 2460 2367 quo
2493 2313 2766 2368 magnam
2799 2297 2911 2351 sibi
2937 2299 3155 2353 famam
3181 2301 3420 2371 peperit,
3453 2302 3659 2357 Petrus
3688 2307 3744 2358 et

2100 2385 2318 2440 Paulus
2377 2385 2555 2440 animi
2617 2385 2984 2442 contentione
3035 2387 3093 2442 in
3174 2389 3478 2460 Evangeiio
3529 2393 3742 2463 prendi-

2100 2476 2284 2530 cando
2313 2476 2376 2546 ‘5,
2410 2475 2512 2529 lilii
2544 2475 2798 2530 Zebedsai
2829 2477 3362 2548 grandiloquentia,
3383 2480 3534 2534 unde
3564 2481 3740 2535 etlilii

2101 2565 2341 2620 tonitrui
2384 2565 2660 2637 appellati
2709 2573 2849 2621 sunt
2877 2568 2954 2628 67;
2988 2573 3043 2622 et
3073 2568 3210 2638 quid
3254 2585 3457 2624 omnes
3501 2585 3741 2625 enume-

2101 2671 2219 2708 rem
2244 2655 2270 2709 ?
2300 2657 2421 2710 Aud
2448 2671 2546 2710 eos
2589 2656 2769 2719 enim,
2810 2656 2909 2727 qui
2967 2657 3086 2710 haec
3119 2661 3353 2723 norunt,
3413 2658 3736 2714 orationem

2097 2743 2302 2798 habeo.
2335 2750 2412 2798 At
2443 2743 2804 2814 Stephanum
2845 2751 2902 2798 et
2933 2751 3155 2816 patrem
3190 2763 3386 2802 meum
3438 2747 3600 2802 nulla
3647 2765 3740 2805 res

2100 2832 2338 2902 perinde
2368 2832 2592 2888 nobiles
2620 2838 2678 2887 et
2706 2833 2966 2904 insignes
2996 2833 3281 2903 reddit,ac
3312 2851 3537 2891 morum
3560 2837 3744 2907 placi-

2098 2921 2248 2976 ditas
2281 2927 2336 2976 et
2367 2921 2718 2976 innocentia.
2755 2921 2855 2976 llle
2902 2923 3140 2994 quippe,
3173 2940 3277 2979 nec
3307 2924 3365 2979 in
3414 2925 3740 2995 periculum

2095 3009 2334 3080 quidem
2366 3009 2492 3064 vita
2522 3010 2832 3077 adductus,
2865 3028 2985 3076 eos,
3019 3029 3054 3066 a
3083 3013 3300 3082 quibus
3329 3013 3739 3085 impetebatur,

2096 3099 2315 3164 oderat,
2347 3114 2546 3152 verum
2592 3115 2724 3152 cum
2760 3098 3140 3170 lapidaretur,
3190 3117 3294 3171 pro
3343 3099 3740 3172 lapidantibus

269 3241 280 3250 _
333 3191 473 3260 κροῦ
503 3185 591 3240 καὶ
622 3184 945 3241 κλέπτεσθαι
974 3186 1038 3240 τὸ
1069 3185 1275 3240 λυποῦν
1309 3190 1387 3257 τῷ
1432 3183 1592 3260 τάχει
1623 3192 1723 3253 τῆς
1769 3204 1986 3259 συγχω-

2100 3189 2299 3242 orabat
2325 3188 2389 3254 59,
2425 3192 2488 3241 ut
2517 3187 2732 3242 Christi
2764 3188 3112 3259 discipulus,
3136 3205 3238 3260 pro
3261 3206 3376 3261 quo
3408 3189 3584 3246 etiam
3614 3208 3739 3247 cru-

335 3277 567 3351 ρήσεως.

2095 3275 2318 3330 ciatum
2366 3276 2698 3343 sui‘ferebat,
2750 3278 2941 3347 majus
2988 3277 3208 3349 aliquid
3276 3282 3462 3334 morte
3511 3279 3738 3336 Christo

335 3368 606 3436 offerens,
642 3383 854 3439 nempe
885 3366 1425 3439 longanimitatem;
1461 3367 1554 3422 hic
1583 3370 1776 3422 autem
1801 3365 2027 3420 nullum
2049 3367 2330 3438 temporis
2363 3372 2727 3421 momentum
2757 3367 2909 3422 inter
2939 3367 3405 3440 objurgationem
3428 3374 3484 3424 et
3506 3370 3736 3428 veniam

334 3455 516 3512 fluere
546 3455 910 3528 patiebatur;
947 3456 1089 3511 adeo
1122 3461 1186 3510 ut
1215 3456 1552 3528 ignoscendi
1585 3456 1876 3511 celeritate
1909 3471 2120 3510 mmror
2147 3471 2380 3526 quoque
2409 3457 2535 3526 ipse
2564 3471 2711 3526 pene
2741 3455 3164 3528 subriperetur.

405 3545 522 3600 ΚΕ.
554 3548 687 3599 Θεοῦ
726 3544 818 3616 μὲν
871 3543 1036 3619 ὀργῆς
1098 3543 1318 3618 τρυγίαν
1349 3544 1471 3598 τινὰ
1515 3544 1603 3597 καὶ
1654 3541 1975 3614 πιστεύομεν

329 3632 420 3687 καὶ
453 3632 742 3704 ἀκούομεν,
791 3633 854 3687 τὸ
903 3630 1116 3704 λεῖμμα
1169 3634 1283 3705 (96)
1328 3639 1428 3702 τῆς
1476 3633 1611 3685 κατά
1657 3636 1763 3685 τῶν
1816 3631 1974 3700 ἀξίων

330 3724 618 3792 κινήσεως⁸
679 3719 865 3789 ἐπειδὴ
913 3721 1041 3782 Θεὸς
1095 3718 1421 3790 ἱκδικήσεων
1479 3719 1691 3794 Κύριος.
1755 3719 1816 3775 Εἰ
1873 3721 1976 3793 γὰρ

329 3812 421 3865 καὶ
471 3810 640 3866 κλίνει
693 3808 780 3864 διὰ
836 3809 1241 3887 φιλανθρωπίαν
1293 3809 1350 3863 ἐκ
1403 3813 1499 3863 τοῦ
1531 3809 1810 3879 ἀποτόμου
1841 3809 1975 3882 πρὸς

328 3903 392 3956 τὸ
439 3898 745 3972 ἐνδόσιμον,
804 3898 929 3955 ἀλλ’
978 3898 1038 3952 οὐ
1085 3900 1257 3968 πάντη
1291 3904 1567 3973 συγχωρεῖ
1594 3905 1711 3960 τοῖς
1744 3899 1980 3974 ἁμαρτά-

328 4011 534 4054 νουσιν,
587 3990 678 4044 ’ίνα
740 3990 815 4062 μὴ
872 3987 938 4062 τῇ
981 3987 1320 4063 γρηστότητι
1377 3988 1561 4062 χείρος
1618 3988 1892 4063 γίνωνται.
1924 3993 1977 4041 Ὀ

330 4076 390 4133 δὲ
421 4077 573 4134 οὐδεν
622 4080 904 4154 ὑπεκράτει
968 4080 1082 4150 (97)
1137 4083 1255 4139 τοῖς
1311 4076 1692 4148 παροξύνουσι,
1739 4076 1979 4152 καίτοιγε

331 4165 458 4222 οὐδὲ
514 4168 845 4222 παντάπασιν
902 4163 1142 4241 ἄτρωτος
1199 4169 1262 4234 ἧν
1323 4167 1502 4240 θυμῷ,
1549 4165 1644 4220 κάν
1676 4172 1791 4227 τοῖς
1820 4187 1976 4220 πνευ-

333 4264 582 4330 ματικοῖς
642 4255 878 4330 μάλιστα
926 4260 1006 4327 τῷ
1067 4257 1176 4328 (98)
1211 4253 1365 4327 ζήλῳ
1397 4256 1720 4327 νικώμενος·
1752 4257 1897 4323 πλὴν
1933 4252 1988 4309 εἷ’

325 4367 434 4402 που
491 4345 652 4421 τύχοι
697 4344 1196 4420 παρεσκευασμένος
1255 4345 1343 4398 καὶ
1393 4343 1758 4417 ὡπλισμένος,
1787 4345 1875 4399 καὶ
1905 4345 1978 4405 ὡς

327 4436 466 4508 πρὸς
513 4431 806 4489 ἀντίπαλον
854 4434 915 4488 τὸ
968 4432 1213 4502 λυπῆσον
1259 4432 1538 4509 πόῤῥωθεν
1565 4434 1979 4508 παρατεταγμέ-

328 4545 445 4586 νος.
478 4524 632 4579 Οὕτω
664 4521 720 4578 δὲ
750 4520 862 4577 οὐδ’
895 4521 954 4576 ἂν
988 4521 1204 4596 μυριάσι
1243 4523 1588 4594 μετεκινήθη,
1621 4523 1681 4575 τὸ
1713 4518 1778 4590 δὴ
1815 4520 1981 4596 λεγό-

2157 3542 2319 3600 XXV.
2349 3547 2428 3598 Ac
2460 3561 2565 3599 nos
2597 3545 2834 3616 quidem
2877 3547 3195 3617 quamdam
3248 3547 3344 3602 iraa
3394 3547 3599 3603 divine
3631 3549 3732 3603 fte-

2087 3649 2212 3688 cem
2244 3635 2308 3698 ‘9,
2341 3641 2398 3688 et
2428 3634 2745 3700 credimus,
2777 3640 2832 3688 et
2855 3637 3151 3700 audimus,
3178 3636 3286 3690 hoc
3329 3641 3437 3703 est,
3469 3653 3727 3692 commo-

2088 3722 2262 3777 tionis
2294 3724 2574 3778 adversus
2605 3741 2723 3788 eos,
2759 3724 2855 3795 qui
2895 3741 2963 3780 ea
3005 3725 3162 3793 digni
3196 3733 3354 3789 sunt,
3390 3726 3727 3792 residuum;

2087 3812 2563 3882 quandoquidem
2614 3817 2767 3866 Deus
2817 3813 3104 3866 ultionuui
3156 3814 3439 3867 Dominus
3478 3813 3542 3866 7°.
3577 3814 3734 3867 Licet

2087 3899 2241 3953 enim
2274 3917 2377 3971 pro
2411 3918 2518 3955 sua
2548 3901 2908 3971 benignitate
2935 3905 3108 3971 atque
3138 3901 3447 3956 clementia
3475 3919 3543 3956 ex
3575 3917 3734 3957 seve-

2088 3989 2257 4043 ritate
2288 3991 2356 4042 ad
2392 3987 2728 4042 facilitatem
2747 3994 2803 4042 et
2833 3988 3058 4042 veniam
3090 3988 3736 4060 inclinet,peccautibus

2087 4081 2283 4131 tamen
2317 4094 2430 4131 non
2461 4078 2702 4131 omnino
2724 4076 3072 4148 ignoscit,ne
3103 4078 3464 4148 benignitate
3486 4078 3731 4133 deterio-

2089 4183 2180 4221 res
2213 4168 2373 4221 tiant.
2408 4172 2481 4220 At
2514 4170 2675 4237 pater
2704 4165 2775 4218 iis
2807 4183 2840 4219 a
2869 4165 3082 4236 quibus
3129 4167 3554 4236 concitabatur,
3589 4167 3735 4222 nihil

2088 4256 2541 4322 reservabat,vir
2571 4254 2783 4324 alioqui
2817 4257 2887 4308 ab
2921 4255 3234 4311 iracundiae
3257 4255 3595 4312 vulneribus
3617 4273 3733 4312 non

2089 4361 2328 4416 prorsus
2361 4344 2732 4412 immunis,ac
2762 4344 3082 4415 praesertim
3113 4344 3171 4399 in
3203 4345 3378 4400 rebus
3409 4346 3732 4416 spirituali-

2088 4434 2286 4498 bus,in
2317 4434 2529 4503 quibus
2552 4451 2585 4488 a
2612 4433 2732 4488 zelo
2762 4433 3138 4501 vincebatur;
3175 4434 3290 4490 nisi
3321 4436 3468 4490 forte
3490 4442 3732 4506 paratus

2089 4529 2145 4578 et
2171 4529 2434 4577 armatus
2465 4529 2639 4588 esset,
2691 4527 2867 4593 atque
2913 4522 3192 4578 adversus
3244 4525 3323 4591 id,
3367 4525 3524 4594 quod
3550 4524 3732 4580 mole-

335 4634 520 4687 μενον,
571 4614 659 4668 καὶ
697 4617 858 4666 τοῦτο
919 4610 1123 4665 ἐκείνου
1169 4609 1342 4686 γλυκὺ
1389 4611 1451 4664 τὸ
1500 4609 1688 4674 πάθος.
1757 4612 1816 4667 Ὀ
1889 4612 1982 4683 μὶν

2100 4612 2261 4667 stiam
2296 4612 2607 4665 allaturum
2641 4617 2785 4676 erat,
2804 4616 3082 4680 tanquam
3117 4613 3404 4668 adversus
3436 4612 3667 4670 hostem
3701 4632 3736 4670 a

329 4705 433 4779 γὰρ
463 4703 634 4774 θυμὸς
664 4703 724 4770 ἣν
758 4700 922 4771 αὐτῷ,
957 4699 1018 4753 οὐ
1047 4699 1181 4753 κο.τά
1210 4699 1309 4766 τὴν
1356 4699 1622 4770 ὁμοίωσιν
1652 4703 1748 4752 τοῦ
1781 4694 1978 4776 ὄφεως,

330 4789 542 4847 ἔνδοθεν
575 4791 927 4867 ὑροσμύχων,
981 4788 1069 4843 καὶ
1114 4789 1251 4861 πρὸς
1302 4788 1504 4860 ἄμυναν
1541 4788 1826 4863 εὐτρεπὴς,
1859 4786 1983 4842 οὐδὲ

333 4881 412 4942 είς
471 4880 638 4956 ὀργὴν
697 4879 906 4956 φθάνων
964 4877 1022 4931 ἐκ
1078 4882 1174 4931 τοῦ
1231 4877 1454 4952 πρώτου
1511 4879 1837 4950 κινήματος,
1893 4877 1982 4931 καὶ

329 4966 656 5030 ἀντιδόσεως
717 4965 918 5046 ἔφεσιν,
978 4965 1122 5022 ἀλλᾶ
1186 4969 1321 5020 κατὰ
1367 4967 1429 5020 τὸ
1486 4966 1701 5043 κέντρον
1733 4975 1832 5036 τῆς
1888 4988 1981 5039 με-

2091 4701 2410 4771 longinquo
2446 4703 2770 4753 instructus
2799 4704 2856 4753 et
2903 4700 3228 4770 expeditus.
3263 4701 3358 4756 Sic
3409 4703 3568 4758 enim
3601 4719 3674 4759 ne
3702 4721 3738 4759 a

2093 4788 2454 4861 myriadibus
2487 4789 2748 4858 quidem,
2799 4793 2859 4842 ut
2889 4789 3003 4842 dici
3034 4788 3200 4859 solet,
3237 4795 3471 4846 emotus
3503 4793 3736 4863 fuisset,

2092 4879 2235 4949 quin
2265 4877 2465 4932 suavis
2496 4893 2730 4947 quoque
2763 4878 2857 4931 hic
2889 4875 3046 4932 illius
3095 4879 3277 4932 animi
3335 4885 3532 4936 motus
3589 4888 3734 4936 erat.

2095 4969 2275 5022 Furor
2303 4967 2459 5020 enim
2494 4965 2604 5036 ipsi
2633 4983 2746 5020 non
2779 4967 3105 5021 secundum
3137 4966 3585 5024 similitudinem
3614 4987 3734 5025 ser-

401 5089 447 5123 ⁶²
471 5089 601 5143 Job.
653 5104 690 5156 ι,
739 5086 830 5140 21.
906 5085 951 5119 ⁸³
996 5084 1168 5140 Num.
1229 5101 1330 5153 xu,
1389 5086 1455 5152 3;
1514 5085 1667 5140 Psal.
1727 5086 1993 5149 cxxxr,i.

2100 5084 2117 5117 ⁸
2165 5083 2185 5137 Ι
2230 5083 2373 5156 Reg.
2425 5099 2501 5147 ιχ,
2551 5083 2603 5134 9.
2681 5082 2726 5115 ⁸⁵
2757 5081 2927 5136 Num.
2960 5098 3129 5146 xxxv,
3158 5084 3212 5137 7.
3289 5083 3334 5118 ⁶⁶
3363 5083 3549 5140 Galat.
3583 5101 3644 5154 ιι,
3678 5087 3733 5142 7.

329 5161 372 5196 ⁸⁷
408 5160 582 5215 Marc.
619 5155 700 5228 In,
735 5158 820 5212 17.
896 5157 941 5192 ⁸⁸
971 5159 1093 5212 Act.
1129 5172 1228 5224 vn,
1259 5157 1349 5210 59.
1425 5157 1470 5192 ⁶⁹
1502 5157 1653 5212 Psal.
1688 5173 1871 5220 Lxxw,
1904 5159 1959 5211 9.

2109 5155 2264 5210 Psal.
2295 5170 2456 5222 xcui,
2493 5155 2539 5208 1.

342 5351 353 5360 ,
404 5295 517 5367 (89)
546 5291 894 5367 '7Opdipev‘ov:
911 5290 1005 5346 Sic
1037 5289 1239 5362 Regg.,
1273 5306 1305 5344 a
1349 5289 1472 5359 bm,
1521 5291 1636 5346 duo
1688 5289 1884 5359 Coisl.,
1919 5295 1977 5346 et

551 5345 617 5421 In
645 5345 760 5436 ed.,
795 5345 1066 5436 ὁρώμενα.

411 5439 521 5509 (90)
551 5429 756 5509 Ἑντύς.
790 5429 886 5490 ΟΤ.
911 5429 973 5509 ξ,
1004 5433 1071 5486 τὰ
1103 5429 1276 5509 ἐντός.

411 5499 525 5580 (91)
557 5503 887 5580 Ἰδιώτατον,
911 5505 1035 5580 Duo
1065 5505 1245 5580 Colb.,
1281 5499 1593 5580 ἶδέαίτατον,

416 5575 527 5654 )92)
595 5575 811 5638 Παῦλος
860 5576 950 5630 καὶ
1030 5577 1252 5650 Πέτρος.
1312 5575 1407 5630 Or.
1497 5578 1548 5643 1,

341 5652 446 5708 Πὲτ
486 5670 565 5712 ος.

417 5671 530 5798 (83)
559 5723 646 5779 "0.
679 5723 777 5778 Or.
813 5721 864 5793 1,
897 5719 963 5793 ᾧ.

1626 5573 1841 5637 Παῦλος
1897 5573 1986 5630 καῖ

2301 5287 2728 5363 Καταριθμοίῃν.
2763 5289 2944 5363 Or._1,
2975 5286 3441 5363 καταριθμοίμην.

2166 5355 2274 5438 (95)
2308 5355 2578 5438 ξτεςρᾶνου
2609 5355 2683 5438 δὲ.
2719 5363 2828 5428 etc,
2863 5360 2925 5415 In
2984 5355 3323 5429 nonnullis,
3373 5355 3637 5438 Στέφανον
3681 5359 3740 5417 δὶ

2092 5429 2181 5486 καὶ
2210 5429 2298 5486 τὸν
2335 5429 2463 5502 ἐμὸν
2494 5432 2714 5503 πατέρα.

2097 5506 2277 5630 r696)
2310 5508 2546 5574 Αεῖμμα.
2583 5505 2720 5571 Reg.
2755 5520 2808 5571 a,
2842 5505 3099 5559 secunda
3122 5504 3440 5570 manu,sed
3473 5503 3738 5576 antiqua,

2133 5596 2316 5630 ημμα.

2235 5596 2316 5630 ια.

2133 5596 2634 5722 η(9ἓῗῗῖῐ“πεκράτει.
2650 5647 2809 5722 Reg,
2841 5663 2892 5702 ει.
2910 5643 3218 5722 ᾗπεκράτςι.

2166 5649 2282 5793 (97)
2308 5649 2634 5722 Ὑπεκράτει.
2669 5649 2809 5774 Reg,
2841 5663 2892 5702 a.
2919 5649 3218 5721 ἰπεκράτει.

2188 5721 2280 5791 98)
2307 5722 2413 5788 Τῷ.
2451 5724 2614 5774 Deest
2646 5719 2704 5774 in
2787 5735 2876 5790 eg.
2910 5718 3030 5787 bm,
3063 5724 3121 5774 et
3144 5719 3239 5775 Or.
3274 5719 3324 5772 1.
