4138 6212
389 389 545 463 1013

1642 393 1702 453 S.
1754 386 2122 452 GREGUttlI
2165 387 2558 448 THEOLOGI

3648 387 3814 448 1016

396 534 588 608 pentis
617 533 658 569 ’τί
694 529 1109 597 erat,animum
1145 527 1731 596 interneincendens,
1766 531 1821 581 et
1853 525 1925 580 ad
1951 524 2038 578 ul-

2164 518 2347 589 λίσσης
2379 514 2507 594 δίχα
2548 522 2645 573 τοῦ
2677 522 2929 581 θανατοῦν
2978 518 3069 572 τὸν
3116 516 3496 590 πλησσόμενον
3740 520 3812 574 τὸ

396 625 614 678 tionem
649 626 908 692 paratus,
936 624 1109 690 atque
1163 636 1228 673 ex
1278 619 1465 688 primo
1510 623 1668 672 motu
1703 616 1770 671 ad
1806 616 1952 669 iram
1987 619 2043 668 et

400 712 715 766 vindictam
753 710 1131 780 progrediens
1159 726 1170 774 ;
1203 724 1403 761 verum
1444 707 1571 778 apis
1603 705 1799 761 aculeo
1832 704 2043 759 similis

397 802 496 872 qui
520 801 602 854 ita
625 799 926 871 pungit,ut
950 802 1195 851 mortem
1222 814 1331 850 non
1367 796 1571 851 all‘erat
1603 812 1614 849 :
1650 799 1708 848 at
1739 800 1900 849 tanta
1921 798 2044 847 erat

394 890 580 961 ipsius
605 888 1186 959 benignitas,quanta
1210 902 1313 940 nec
1345 886 1415 939 ab
1440 885 1672 940 homine
1692 882 2043 956 postulanda

394 979 640 1033 videtur.
678 977 852 1031 Rotas
885 981 941 1028 et
972 976 1151 1045 ﬂagra
1183 991 1333 1045 saepe
1368 974 1719 1037 minabatur,
1737 991 1802 1029 ac
1837 978 2042 1044 praesto

396 1073 578 1135 erant,
608 1066 705 1136 qui
743 1064 862 1119 haec
900 1064 1277 1128 exhiberent;
1312 1062 1633 1134 periculum
1688 1070 1905 1133 autem,
1957 1063 2042 1119 vel

397 1155 453 1209 in
491 1155 717 1209 aurium
754 1152 1268 1224 compressionem,
1316 1152 1401 1205 vel
1433 1152 1490 1205 in
1523 1169 1803 1223 genarum
1838 1158 2043 1206 contu-

405 1241 755 1311 meliam,vel
776 1241 830 1294 in
855 1241 1141 1311 impactas
1161 1239 1372 1312 pugnis
1388 1240 1936 1310 alapas,desinebat.
1953 1241 2045 1296 Sic

405 1332 577 1387 minae
611 1330 1002 1384 solvebantur.
1036 1329 1182 1383 347
1220 1329 1411 1382 Vestis
1439 1333 1495 1383 et
1526 1328 1917 1384 calceamenta
1943 1331 2044 1384 de-

396 1420 903 1481 trahebantur,atq
916 1434 983 1471 ue
1007 1418 1038 1470 h
1051 1434 1081 1470 υ
1095 1418 1169 1471 mi
1195 1422 1415 1471 stratus
1437 1419 1725 1489 jacebat,q
1736 1419 1791 1472 ui
1819 1420 2043 1476 facinus

400 1508 633 1578 aliquod
672 1510 1033 1577 perpetraret
1067 1522 1079 1559 :
1118 1510 1319 1576 postea
1344 1506 1650 1563 iracundia
1673 1525 1783 1562 non
1812 1509 1866 1563 in
1886 1527 2043 1579 eum,

401 1597 501 1668 qui
535 1596 882 1665 injustitiam
920 1595 1152 1661 fecerat,
1200 1595 1299 1649 sed
1350 1594 1408 1649 in
1459 1611 1614 1665 eum,
1648 1598 1745 1669 qui
1781 1607 2046 1671 prompte

2154 605 2209 661 δὲ
2278 605 2660 685 φιλάνθρωπον
2720 607 2851 681 ὑπὲρ
2910 606 3212 680 ἄνθρωπον.
3271 606 3475 683 Τροχοὶ
3528 605 3815 671 πολλάκις

2152 696 2481 767 ἠπειλοῦντο
2538 695 2626 750 καί
2691 696 2965 771 μάστιγες,
3036 695 3123 749 καὶ
3201 696 3252 749 οἱ
3327 697 3815 772 παραστησόμενοι

2151 787 2388 856 πλησίον
2413 804 2425 817 °
2474 786 2561 840 καὶ
2610 787 2637 839 6
2675 783 2944 851 κίνδυνος,
2994 788 3059 853 ἦν
3096 793 3250 839 “om”
3281 788 3358 859 (ί)
3389 785 3595 859 θλίψις,
3629 790 3664 856 ἦ
3701 809 3815 842 πα’

2155 882 2309 953 ρειῶν
2373 871 2553 947 ὕϐρεις
2612 877 2707 947 (2),
2767 875 2800 943 ἣ
2856 874 2957 944 πὺξ
3014 875 3149 928 κατά
3204 874 3443 950 κόρρης·
3499 876 3640 929 οὕτω
3700 878 3809 944 τήν

2153 966 2384 1035 ἀπειλήν
2420 962 2664 1018 διελύετο
2696 965 2790 1035 (3).
2835 962 3030 1030 Ἐσθὴς
3078 967 3389 1035 περιηρεῖτε
3440 964 3529 1017 καὶ
3590 961 3811 1033 ὑποδή-

2159 1078 2318 1130 ματα,
2377 1054 2465 1109 καὶ
2525 1053 2660 1108 κατὰ
2712 1058 2813 1126 γῆς
2841 1052 2868 1105 6
2899 1054 3201 1124 κακοῦργος
3224 1069 3236 1082 '
3274 1053 3387 1106 εἶτα
3417 1053 3444 1105 6
3478 1054 3647 1124 θυμὸς
3704 1053 3813 1107 οὐχ

2154 1147 2240 1202 ἐπὶ
2280 1146 2370 1199 τὸν
2431 1140 2734 1212 ἠθληκότα
2791 1143 2886 1213 (4),
2936 1141 3026 1193 τὸν
3070 1136 3127 1193 δὲ
3173 1139 3466 1215 προθύμως
3515 1142 3814 1214 ὑπουργή-

2153 1254 2332 1301 σαντα,
2357 1232 2429 1294 ὠς
2461 1234 2641 1284 κακῶν
2674 1229 2971 1301 ὑπηρέτην.
3007 1233 3127 1289 Πῶς
3160 1227 3219 1282 ἂν
3250 1249 3333 1290 τις
3372 1227 3582 1301 μᾶλλον
3630 1230 3806 1307 ἐφάνη

2154 1324 2390 1402 χρηστὸς
2441 1318 2537 1391 ὢν,
2589 1321 2623 1387 ἣ
2675 1318 2790 1389 Θεῷ
2833 1315 2980 1390 δῶρα
3010 1315 3330 1394 προσφέσειν
3366 1318 3547 1386 ἄξιος;
3577 1318 3648 1372 Οὐ
3701 1322 3816 1393 γὰρ

2156 1413 2345 1491 ἔφθανε
2400 1406 2748 1479 κεκινημένος
2805 1404 3115 1477 πολλάκις,
3173 1406 3262 1460 καὶ
3341 1406 3809 1483 ὑπεραπελογεῑτο

2153 1510 2249 1563 τοῦ
2304 1504 2645 1572 κινήσαντος,
2705 1498 2966 1574 ἐρυθριῶν
3024 1497 3098 1559 ὡς
3150 1495 3541 1564 οἱκείοις,τοῖς
3599 1498 3813 1554 ἐκείνου

2155 1595 2501 1667 πταίσμασιν.

400 1692 576 1757 atque
624 1684 872 1755 impigre
903 1684 1277 1753 observierat,
1310 1689 1375 1739 ut
1425 1684 1714 1741 malorum
1766 1689 2123 1759 ministrum,
2172 1706 2235 1745 se
2280 1682 2669 1742 convertebat.
2704 1681 2964 1745 Quonam
3016 1680 3210 1734 autem
3264 1679 3436 1733 modo
3484 1678 3813 1751 quisquam

400 1773 707 1845 benignior
753 1771 935 1826 videri
988 1771 1293 1843 potuisset,
1328 1776 1431 1827 aut
1482 1774 1732 1845 dignior,
1768 1777 1866 1847 qui
1898 1778 2052 1835 dona
2102 1780 2216 1835 Deo
2270 1769 2543 1831 offerret?
2589 1770 2751 1840 Saepe
2808 1768 2964 1822 enim
2994 1766 3087 1821 vix
3119 1767 3469 1822 commoveri
3526 1772 3809 1840 cceperat,

401 1878 533 1919 cum
568 1877 724 1921 eum,
755 1876 787 1914 a
817 1876 932 1931 quo
965 1864 1295 1916 commotus
1329 1860 1536 1929 fuerat,
1570 1862 1771 1918 statim
1820 1868 2158 1939 excusabat,
2189 1866 2262 1920 ob
2294 1862 2452 1916 illius
2503 1862 2754 1929 peccata,
2788 1872 2901 1910 non
2934 1870 3102 1910 secus
3134 1860 3309 1927 atque
3338 1856 3410 1911 ob
3442 1872 3567 1927 sua,
3591 1857 3808 1912 erube-

399 1967 590 2007 808118.

470 2038 791 2093 XXVI.Ros
815 2038 1010 2109 potius
1040 2036 1219 2092 solem
1256 2040 1578 2095 matutinos
1612 2042 1805 2098 radios
1836 2044 2045 2099 diffun-

2224 2046 2329 2110 κζ’.
2395 2036 2595 2111 Δρόσος
2654 2031 2935 2111 ὑφίσταται
3016 2029 3229 2105 μᾶλλον
3306 2029 3543 2102 ἡλιακὴν
3612 2034 3811 2087 ἀκτῖνα

399 2129 632 2184 dentem
667 2128 1249 2197 sustinuisset,quam
1278 2132 1341 2181 ut
1370 2129 1509 2199 quid
1532 2130 1846 2188 iracundiae
1871 2133 1929 2188 in
1962 2134 2047 2205 ip-

400 2218 524 2273 sius
556 2216 752 2271 animo
787 2215 1277 2270 resideretSimul
1303 2217 1456 2272 enim
1484 2224 1655 2289 atque
1678 2219 2046 2292 loquebatur,

400 2307 671 2379 protinus
705 2304 1028 2375 indignatio
1056 2321 1187 2359 cum
1221 2306 1412 2360 verbis
1453 2307 1821 2375 abscedebat,
1854 2311 2047 2365 solum

403 2393 714 2468 probitatis
747 2410 1005 2449 amorem
1040 2393 1283 2449 inﬁxum
1319 2395 1672 2466 relinquens,
1695 2414 1797 2452 nec
1822 2399 2047 2455 tardius

404 2500 664 2554 unquam
694 2482 814 2538 sole
844 2483 1235 2548 occumbens;
1275 2500 1377 2538 nec
1409 2485 1580 2549 iram,
1606 2502 1730 2557 quzs
1755 2489 2051 2558 prudenti-

402 2572 515 2627 bus
545 2571 721 2627 etiam
752 2571 891 2625 viris
922 2570 1160 2625 exitium
1196 2572 1378 2639 affert,
1407 2573 1627 2643 fovens,
1659 2580 1762 2630 aut
1791 2576 2048 2648 aliquam

403 2658 524 2714 vitii
560 2660 651 2714 sui
683 2663 882 2713 notam
914 2659 1139 2730 corpori
1190 2660 1560 2730 imprimens,
1610 2669 1812 2735 utpote
1841 2666 1955 2730 cui,
1991 2667 2048 2720 in

404 2747 537 2818 ipsa
564 2764 796 2817 quoque
826 2747 1006 2801 animi
1041 2748 1609 2817 perturbatione,sua
1635 2757 1929 2808 constaret
1958 2771 2051 2809 se-

405 2836 643 2890 renitas.
678 2835 794 2890 Hoc
826 2835 1026 2905 igitur,
1058 2838 1210 2906 quod
1266 2838 1520 2893 maxime
1573 2842 1908 2897 mirandum
1943 2847 2051 2911 est,

404 2923 518 2995 ipsi
548 2923 944 2994 contingebat,
975 2939 1086 2978 non
1130 2923 1365 2994 quidem
1405 2930 1470 2981 ut
1501 2926 1662 2983 solus
1692 2929 2051 3001 objurgaret,

404 3013 505 3068 sed
538 3017 604 3066 ut
634 3012 794 3066 solus
822 3011 893 3064 iis
912 3011 1332 3083 etiam,quibus
1364 3017 1835 3081 succensebat,et
1870 3019 2054 3074 amori

406 3106 459 3157 et
494 3099 866 3155 admirationi
893 3106 1066 3169 esset,
1099 3101 1457 3173 benignitate
1487 3104 1751 3160 videlicet
1776 3108 2052 3162 fervorem

416 3193 729 3259 superante
763 3206 774 3242 :
809 3205 874 3243 ac
907 3191 1182 3261 profecto,
1217 3208 1249 3245 a
1276 3192 1396 3245 viro
1421 3195 1583 3262 justo
1617 3194 1825 3266 corripi
1870 3197 2056 3251 satius

411 3282 708 3348 est,quam
743 3279 813 3332 ab
845 3278 1111 3348 improbo
1142 3279 1348 3352 inungi
1373 3305 1386 3347 ;
1410 3280 1567 3336 illius
1584 3283 1740 3338 enim
1773 3287 2058 3356 asperitas

410 3368 584 3422 etiam
617 3372 855 3437 propter
907 3366 1213 3422 utilitatem
1249 3370 1445 3424 suavis
1489 3376 1597 3439 est,
1647 3372 1824 3442 hujus
1856 3378 2056 3429 contra

409 3456 479 3510 ob
514 3472 740 3509 morum
759 3455 1190 3525 perversitatem
1212 3458 1542 3528 benignitas
1564 3476 1799 3532 quoque
1821 3478 2055 3532 suspec-

404 3546 836 3615 ta.Quanquam
870 3548 1061 3597 autem
1082 3544 1277 3600 animo
1309 3546 1774 3619 itacomparatus
1807 3557 2054 3617 esset,ac

406 3632 602 3689 divina
632 3634 887 3703 quadam
921 3650 1151 3689 morum
1182 3635 1556 3707 simplicitate
1584 3640 1881 3709 praeditus,
1916 3658 2053 3697 con-

403 3721 736 3777 tumeliosis
756 3727 950 3776 tamen
984 3728 1041 3777 et
1058 3723 1456 3794 petulantibus
1472 3726 1813 3784 hominibus
1835 3730 1906 3784 ob
1936 3730 2052 3801 pie-

403 3814 580 3866 tatem
612 3811 816 3865 terrori
868 3816 1028 3877 erat;
1062 3812 1201 3880 imo,
1260 3818 1323 3867 ut
1371 3816 1585 3870 rectius
1634 3815 1859 3888 loquar,
1896 3819 2057 3874 nulla

402 3915 497 3956 res
530 3900 643 3954 alia
674 3900 818 3970 ipsis
870 3901 1012 3954 adeo
1061 3901 1255 3969 gravis
1298 3907 1442 3965 erat,
1494 3920 1671 3975 quam
1723 3912 2057 3978 contempta

404 3987 777 4059 simplicitas.
815 3988 937 4042 Non
971 3989 1127 4043 enim
1166 3990 1285 4044 lieri
1317 3996 1562 4061 poterat,
1595 4010 1727 4049 cum
1779 3995 2052 4067 cuiquam

402 4076 593 4133 fausta
623 4077 706 4131 vel
740 4077 995 4132 infausta
1028 4083 1380 4148 precaretur,
1414 4082 1555 4151 quin
1610 4082 1660 4136 ei
1710 4083 1933 4144 statim.
1969 4084 2054 4139 vel

406 4165 750 4221 diuturnum
784 4165 1019 4236 aliquod
1048 4167 1290 4232 bonum,
1323 4168 1410 4222 vel
1458 4170 1688 4225 brevem
1725 4172 2054 4228 molestiam

408 4253 655 4310 afferret.
679 4252 823 4306 lllud
858 4252 1013 4306 enim
1047 4255 1118 4307 ab
1150 4254 1357 4309 intimo
1390 4261 1618 4327 pectore
1651 4259 2055 4329 proﬁcisceba-

408 4345 540 4408 tur;
566 4341 723 4394 istud
755 4346 947 4395 autem
987 4344 1041 4396 in
1091 4346 1368 4398 extremis
1411 4350 1643 4401 tantum
1675 4348 1846 4404 labiis
1876 4350 2054 4404 situm

414 4433 560 4495 erat,
589 4445 653 4482 ac
684 4434 935 4500 pateram
967 4432 1275 4500 cujusdam
1310 4433 1737 4505 objurgationis
1771 4438 2055 4494 rationem

410 4518 685 4574 habebat.
723 4517 920 4574 Multis
952 4520 1186 4589 quidem
1210 4525 1360 4577 certe
1389 4538 1454 4577 ex
1479 4523 1614 4593 iis,a
1632 4525 1846 4597 quibus
1879 4528 2057 4584 oti'en-

479 4642 522 4677 ἠ
556 4640 709 4698 Psal.
742 4659 876 4713 LVII,
906 4645 960 4698 5.

2158 2129 2355 2192 ἓωθινὰ
2387 2123 2724 2203 βάλλουσαν,
2772 2123 2806 2190 ἢ
2855 2142 2908 2175 τι
2930 2122 3226 2194 παρέμενεν
3260 2119 3451 2192 ἐκείνῳ
3480 2123 3654 2193 θυμοῦ
3690 2121 3812 2176 λεί-

2156 2222 2322 2294 ψανον
2350 2234 2361 2248 ⁸
2397 2214 2524 2271 ἀλλ’
2569 2214 2709 2284 ὁμοῦ
2750 2232 2809 2266 τε
2838 2211 3146 2287 ἐφθέγγετο,
3178 2210 3266 2263 καὶ
3298 2211 3325 2264 6
3358 2209 3530 2285 χόλος
3560 2212 3636 2282 (5)
3685 2217 3811 2272 τοῖς

2159 2310 2364 2388 ῥήμασι
2396 2306 2800 2380 συναπήρχετο,
2838 2303 3001 2376 μόνον
3052 2302 3204 2379 ἀφεὶς
3247 2302 3310 2356 τὸ
3361 2301 3683 2380 φιλάγαθον,
3716 2308 3814 2356 καί

2158 2400 2354 2455 οὔποτε
2384 2396 2549 2467 ἡλίου
2583 2393 2765 2472 φανεὶς
2801 2392 3132 2467 μακρότερος
3159 2410 3171 2422 ·
3204 2389 3327 2446 οὐδὲ
3357 2392 3457 2459 τήν
3486 2387 3820 2446 ἀπολλύου-

2158 2510 2250 2543 σαν
2282 2487 2370 2542 καῖ
2431 2483 2727 2560 φρονίμους
2779 2481 2949 2557 ὀργὴν
2996 2483 3335 2555 γεωργήσας,
3385 2477 3421 2548 ii
3468 2487 3647 2547 τιτῆς
3682 2481 3817 2534 ἑκυ-

2156 2581 2253 2632 τοῦ
2300 2574 2487 2635 κακίας
2522 2570 2829 2642 ἐνσημήνας
2859 2569 2937 2639 τῷ
2969 2570 3202 2641 σώματι,
3233 2569 3297 2622 τὸ
3331 2565 3387 2622 δὲ
3416 2567 3648 2642 γαληνὸν
3684 2566 3815 2623 δια..

2160 2667 2348 2735 σώζων
2398 2663 2492 2718 κάν
2543 2659 2621 2733 τῷ
2666 2662 2950 2731 κινήματι.
2980 2660 3275 2733 Τοιγαροῦν
3310 2652 3631 2711 συνέϐαινειν
3668 2657 3817 2711 ἐκεί-

2160 2776 2239 2827 νῳ
2267 2754 2329 2807 τὸ
2378 2747 2831 2825 παραδοξότατον,
2890 2747 2951 2802 οὗ
3014 2747 3164 2821 μόνῳ
3200 2747 3293 2818 μὲν
3323 2745 3593 2818 ἐπιτιμᾷν,
3659 2746 3822 2817 μόνῳ

2163 2839 2220 2896 δὲ
2253 2840 2354 2895 ὑπὸ
2411 2844 2518 2894 τῶν
2579 2834 2996 2911 ἐγκαλουμένων
3054 2832 3354 2909 ἀγαπᾶσθαι
3392 2853 3449 2887 τε
3478 2833 3566 2887 καὶ
3599 2834 3821 2906 θαυμά-

2166 2930 2363 3000 ζεσθαι,
2407 2931 2670 2986 νικῶντος
2726 2928 2822 2977 τοῦ
2882 2928 3124 2998 χνηστοῦ
3169 2925 3244 2996 (6)
3302 2924 3399 2992 τήν
3458 2923 3818 2995 θερμότητα·

2162 3018 2250 3073 καὶ
2301 3013 2465 3077 ὅντως
2513 3015 2837 3087 τιμιώτερον
2891 3013 3021 3067 εἶναι
3068 3012 3131 3066 τὸ
3190 3014 3267 3082 (7)
3297 3015 3375 3082 τῷ
3432 3007 3625 3082 δικαίῳ
3684 3033 3822 3065 παι-

2166 3105 2431 3173 δεύεσθαι,
2491 3106 2525 3173 ἢ
2587 3108 2665 3175 τῶ
2698 3106 2925 3177 πονηρῷ
2975 3099 3387 3177 καταλείφεσθαι
3410 3118 3422 3131 ·
3454 3104 3550 3153 τοῦ
3586 3100 3681 3172 μὲν
3714 3103 3825 3174 γὰρ

2164 3196 2253 3251 καὶ
2300 3196 2363 3249 τὸ
2412 3192 2589 3269 τραχὺ
2638 3191 2904 3267 προσηνὲς
2956 3188 3043 3244 διὰ
3072 3191 3172 3258 τήν
3200 3188 3484 3265 ὠφέλειαν,
3515 3192 3613 3243 τοῦ
3637 3186 3698 3242 δὲ
3729 3188 3825 3243 καῗ

2164 3284 2227 3340 τὸ
2257 3283 2497 3359 χρηστὸν
2553 3278 2791 3335 ὕποπτον
2844 3278 2933 3335 διὰ
2977 3280 3039 3333 τὸ
3082 3278 3364 3348 κακόηθες.
3399 3277 3601 3353 Καίπερ
3632 3274 3692 3331 δὲ
3726 3275 3824 3332 οὗ-

2166 3392 2275 3433 τως
2332 3369 2476 3446 ἔχων
2532 3372 2717 3444 ψυχῆς
2776 3367 2862 3423 καὶ
2901 3365 3069 3436 ἤθους
3102 3363 3375 3419 ἀπλοῖκοῢ
3398 3365 3486 3418 καί
3515 3362 3822 3432 θεοειόοὺς,

2168 3460 2321 3534 ὅμως
2381 3462 2456 3532 (8)
2511 3481 2561 3514 τι
2616 3463 2732 3520 τοῖς
2784 3453 3057 3533 ὑϐρισταῖς
3107 3457 3197 3510 καὶ
3238 3451 3468 3534 φοϐερὸς
3494 3459 3559 3524 ἦν
3595 3454 3684 3509 διὰ
3713 3458 3819 3524 τὴν

2163 3545 2431 3605 εὐσέϐειαν
2459 3568 2472 3582 ο
2510 3546 2722 3621 μᾶλλον
2754 3545 2810 3601 δὶ
2840 3545 2968 3602 οὐδὲ
2999 3545 3138 3602 ἄλλο
3168 3566 3217 3600 τι
3247 3546 3310 3600 τὸ
3358 3545 3601 3613 πλῆττον
3654 3547 3744 3617 ἧν,
3775 3544 3816 3615 ἤ

2162 3636 2411 3707 ἁπλότης
2459 3636 2965 3715 καταφρονουμένη.
3015 3634 3088 3689 Οὐ
3119 3635 3223 3709 γὰρ
3263 3637 3328 3703 ἦν
3360 3633 3513 3688 αὐτὸν
3548 3635 3743 3709 εὐχῆς,
3776 3633 3817 3705 ἤ

2162 3730 2399 3804 κατάρας
2456 3727 2713 3800 προέσθαι
2762 3726 2931 3802 ῥῆμα,
2982 3725 3071 3780 καὶ
3121 3726 3197 3797 μή
3246 3746 3299 3779 τι
3331 3722 3512 3779 δοῦναι
3544 3724 3811 3799 παραυτί-

2161 3837 2251 3889 κα,
2308 3813 2345 3886 ἤ
2407 3817 2598 3892 ἀγαθὸν
2658 3812 2893 3891 διαρκὲς,
2951 3811 2987 3882 ἥ
3048 3812 3295 3889 λυπηρὸν
3325 3812 3695 3889 πρόσκαιρον·
3753 3814 3821 3866 τὸ

2169 3906 2262 3979 μὲν
2296 3905 2395 3981 γὰρ
2446 3907 2509 3972 ἦν
2566 3903 2623 3957 ἐκ
2676 3904 2872 3979 βάθους
2920 3904 3124 3977 ψυχῆς,
3164 3902 3227 3956 τὸ
3259 3898 3317 3956 δὲ
3348 3901 3431 3955 ἐπὶ
3468 3901 3678 3976 χείλεσι
3716 3901 3821 3973 μό-

2163 4015 2275 4066 νον,
2320 3993 2409 4047 καὶ
2466 3992 2701 4067 πάτρική
2757 4010 2840 4053 τις
2871 3988 3184 4061 ἐπίπληξις.
3230 3988 3471 4051 Πολλοῖς
3502 3991 3563 4063 γέ
3594 4010 3678 4043 τοι
3713 3994 3827 4042 τῶν

2167 4080 2559 4151 λελυπηκότων
2612 4077 2736 4135 οὐδὲ
2793 4080 3139 4155 ὑπερήμερος
3188 4078 3503 4150 ἀπήντησεν
3545 4076 3825 4146 ἡὰντίδο-

2167 4192 2270 4243 σις,
2303 4168 2428 4225 οὐδέ
2459 4165 2791 4230 ὄπισθόπους
2822 4170 2857 4238 ἡ
2893 4166 3039 4243 θξκη,
3070 4173 3231 4222 τοῦτο
3263 4166 3329 4236 δὴ
3360 4168 3423 4221 τὸ
3468 4170 3543 4239 (9)
3593 4187 3825 4235 ποιητι-

2165 4257 2281 4314 κόν·
2340 4256 2483 4313 ἀλλὰ
2530 4257 2657 4332 παρ’
2704 4256 2838 4311 αὐτὰ
2874 4263 2975 4326 τῆς
3007 4258 3265 4327 κινήσεως
3300 4256 3643 4331 ἐπλήγησαν,
3698 4255 3823 4309 ἐπε-

2167 4348 2498 4423 “Pisam,
2566 4345 2900 4421 προσῆλθον,
2990 4345 3406 4422 ἐγονυπὲτησαν,
3480 4345 3821 4419 συγγνώμης

2167 4433 2377 4511 ἔτυχον,
2413 4433 2680 4507 ἀπῆλθον,
2714 4435 3017 4508 ἡττημένοι
3044 4438 3249 4504 καΛῶς,
3285 4434 3537 4508 ἀμείνους
3596 4431 3817 4507 ἐγένον-

2165 4547 2251 4596 το,
2310 4525 2399 4580 καὶ
2456 4525 2922 4603 σωφρονισθέντες,
3005 4524 3094 4579 καὶ
3154 4525 3599 4599 συγγιωσθέντες.
3665 4523 3818 4576 Ἐπεὶ

479 4765 716 4846 Τὸν
748 4762 1155 4846 πλησσόμενον.
1204 4773 1345 4843 Reg.
1379 4788 1431 4841 a,
1486 4775 1608 4829 tres
1654 4774 1840 4844 Colb.',
1884 4774 2050 4846 πλῆσ-

2165 4776 2289 4832 Non
2322 4791 2463 4831 sane
2488 4775 2623 4840 sibi,
2678 4776 2780 4831 sed
2823 4775 2955 4831 aliis
3005 4774 3218 4838 illatas,
3277 4779 3334 4829 et
3389 4774 3504 4830 Deo
3538 4776 3814 4840 maxime,

417 4836 530 4892 σον.
564 4836 661 4904 Or,
697 4841 746 4903 1,
781 4836 1065 4907 πλήσσων.

508 4911 529 4964 1
587 4910 783 4966 Ὠτων.
818 4911 897 4966 Re
944 4955 955 4967 .
991 4931 1043 4979 8.,
1079 4917 1133 4968 et
1164 4915 1257 4968 Or.
1296 4913 1345 4982 1,
1376 4913 1560 4968 νώτων
1619 4940 1645 4966 ‹‹
1677 4918 1857 4973 dorsi.
1894 4943 1921 4969 ››

480 4909 559 5052 (2)
592 4984 836 5052 Παρειῶν
866 4926 1067 5052 ὕὲρεις.
1106 4984 1242 5052 Reg.
1278 5001 1330 5050 a,
1375 4989 1429 5040 et
1460 4962 1642 5052 ΟΓ.’1,
1678 4983 1853 5052 ὕϐρις.

507 4983 836 5061 2)“Παρειῶν
866 4983 1067 5056 ὕϐρεις.
1106 4984 1242 5061 Reg.
1278 5001 1330 5050 a,
1375 4989 1429 5061 et
1460 4983 1642 5061 Orsi,
1678 4983 1853 5061 ὕϐρις.

483 5074 509 5101 ‹‹
542 5052 832 5132 Generum
868 5052 1244 5132 contumelia,
1278 5076 1303 5107 ιι
1339 5057 1443 5123 vel,
1481 5052 1785 5132 «impacta
1813 5062 2058 5117 maxillae

413 5122 601 5190 alapa.
636 5126 809 5181 Juxta
844 5130 1045 5189 Eliam.
1089 5149 1114 5179 α
1146 5144 1245 5198 per
1284 5122 1564 5199 genarum
1616 5122 2055 5190 contumeliam.

414 5202 827 5277 percussiones
858 5200 916 5255 in
954 5199 1666 5277 maxillasintelliguntur;
1706 5222 1804 5275 per
1838 5224 2056 5277 pugno-

415 5283 546 5347 rum
580 5270 953 5347 aut_cm_ictus
985 5270 1533 5347 innmalamautrcs
1556 5270 1891 5347 eadem,aut
1918 5270 2059 5346 quo-

414 5339 731 5418 dummodo
764 5342 983 5415 dispar.
1018 5341 1163 5418 Illud
1210 5344 1365 5398 enim
1417 5347 1690 5416 expansis
1740 5339 2057 5418 digitis-fit,

414 5409 525 5465 hoc
557 5417 746 5464 autem
783 5409 1122 5470 contractis.
1165 5435 1192 5462 »

486 5480 562 5550 (3)
587 5480 858 5551 Διελύετο.
893 5486 1065 5542 Coisl.
1102 5487 1154 5551 1,
1188 5481 1490 5540 συνελύιτο.

492 5552 568 5625 (4)
600 5550 949 5623 Ἠδικηκότα,
984 5582 1009 5607 ‹‹
1066 5550 1145 5610 1ο
1176 5572 1310 5609 eum
1362 5558 1459 5625 qui
1510 5556 1856 5625 injustitiam
1910 5559 2057 5614 fece-

419 5624 531 5689 rat,
567 5642 593 5698 )_»
627 5626 747 5698 ljon
783 5626 928 5698 bene
956 5627 1161 5682 Billius
1193 5641 1206 5679 :
1248 5645 1269 5673 α
1313 5624 1499 5698 aquo
1536 5624 1720 5698 laesus
1770 5630 1993 5698 fuerat;
2030 5653 2057 5681 ››

420 5689 589 5759 quasi
620 5693 932 5766 Gregorius
964 5698 1087 5769 ipse
1117 5712 1256 5751 suas
1316 5689 1476 5752 ultus
1532 5697 1741 5756 fuisset
1786 5689 2054 5774 injurias.

2170 4866 2237 4904 cu
2238 4848 2579 4919 jusvindex
2605 4852 2662 4901 et
2692 4847 2846 4903 ultor
2874 4852 2997 4902 erat
3023 4847 3355 4919 episcopus,
3376 4846 3459 4901 sic
3508 4846 3812 4919 plectebat.

2242 4914 2409 4992 (5)'O
2442 4915 2639 4992 χόλος.
2674 4918 2943 4992 Plerique
2972 4914 3164 4992 codd.,
3194 4914 3441 4992 ὁλόγος.
3479 4914 3817 4992 Ineptalec-

2170 4988 2271 5047 tio.
2302 4988 2511 5063 Praeter
2539 4988 2884 5063 Gombef.,_'6
2916 4988 3109 5063 θυμός,
3143 4989 3297 5061 quod
3339 4988 3405 5044 iet
3452 5006 3557 5063 ego
3582 4988 3810 5063 malim.

2170 5062 2472 5135 Siquidem
2527 5058 2707 5135 16M;
2757 5058 2996 5117 «iram
3041 5058 3380 5116 diuturnam
3425 5083 3452 5109 »
3490 5058 3814 5133 Vaigniﬁcat,

2170 5135 2365 5205 qualis
2401 5133 2663 5200 Gregorii
2696 5133 2782 5187 ira
2813 5149 2928 5191 non
2962 5135 3089 5187 fuit.

2240 5209 2312 5273 (ὃ)
2345 5208 2449 5278 Τοῦ
2477 5208 2745 5278 χρηστοῦ.
2779 5205 2871 5261 Sic
2901 5207 3016 5260 duo
3057 5204 3254 5269 Coisl.,
3289 5206 3385 5258 Ur.
3440 5205 3490 5264 1.
3520 5204 3665 5272 Jes.,
3700 5212 3809 5258 etc.

2168 5277 2313 5332 Male
2347 5277 2412 5348 in,
2436 5276 2550 5348 ed.,
2578 5276 2831 5348 Χριστοῦ.

2240 5348 2317 5419 (7)
2346 5344 2437 5401 Τό.
2470 5347 2527 5402 in
2560 5344 3042 5419 pluribusideest.

2262 5419 2316 5485 8)
2341 5415 2722 5489 "Opwciiﬁeg.
2757 5438 2807 5485 ιι,
2833 5415 3065 5489 ὁμοίως.

2262 5422 2316 5485 8)
2341 5422 2551 5488 Ὅμως.
2584 5422 2663 5474 Re
2712 5462 2722 5473 .
2757 5438 2807 5485 ιι,
2833 5422 3065 5489 ὁμοίως.

2239 5422 2312 5560 (9)
2343 5492 2512 5560 Τρῦτο
2545 5485 2609 5558 δή
2638 5435 2705 5543 1%
2729 5486 3036 5557 ποιητικόν.
3071 5488 3166 5543 Sic
3220 5491 3337 5557 Reg

2169 5554 2471 5628 omittu'nt,
2502 5554 2607 5631 τό,
2652 5554 3060 5629 ωδιθ.Ἐιίας,
3128 5581 3147 5609 ι
3213 5566 3278 5614 ut

2170 5635 2321 5686 utar.
2358 5652 2384 5679 ι)

3384 5529 3396 5541 .
3448 5505 3501 5556 a,
3545 5488 3661 5543 bm.
3698 5486 3802 5540 Alii

3379 5559 3566 5615 indari
3614 5558 3801 5615 verbis
