4138 6212
293 427 445 492 1017

1178 431 1466 493 ORATIO
1509 431 1725 494 XVIII.
1758 462 1837 475 -
1866 427 2257 493 FUNEBRIS
2301 429 2379 490 IN
2425 427 2775 492 PATREM.

3541 425 3697 491 1018

294 559 379 614 καὶ
405 559 467 613 τὸ
498 558 821 635 σύγγνωμον
853 558 1122 622 πολλάκις
1158 563 1292 636 μέγα
1337 561 1474 636 πρὸς
1522 559 1816 635 σωτηρίαν,
1847 559 1935 615 αἶ-

2055 579 2153 617 sus
2177 562 2382 627 fuerat,
2402 578 2475 617 ne
2499 578 2629 618 sera
2650 561 2886 633 quidem
2912 576 2977 615 ac
2998 560 3364 632 pedissequa,
3390 564 3456 616 ut
3475 561 3698 633 poetico

296 645 380 703 δοῖ
409 653 693 722 κατεῖργον
732 649 823 703 τὸν
871 646 1221 720 ἀδικήσαντα,
1265 649 1352 704 καὶ
1408 651 1632 726 μετάγον
1684 650 1759 711 εἰς
1805 648 1936 726 φίλ-

296 757 421 807 τρον
468 737 527 792 ἐκ
576 733 748 814 φόϐου
792 739 891 806 τὴν
939 738 1336 815 ἀσφαλεστέραν
1383 736 1611 796 εύνοιαν,
1665 736 1941 792 Ἐπαιδεύ-

296 836 460 894 θησαν
497 823 572 894 δὲ,
607 827 658 880 οἱ
712 827 805 898 μὶν
859 827 960 880 ὑπὸ
1013 827 1154 900 βοῶν
1207 826 1580 904 ἀναῤῥιφέντες
1626 831 1695 899 τῇ
1740 825 1938 900 ζεύγλῃ

292 914 722 988 τετρυχωμένων
760 961 772 985 ,
827 917 918 969 καὶ
975 915 1390 985 ἀπαντησάντων
1467 916 1675 990 ἀθρόως
1709 961 1723 986 ,
1784 913 1936 969 οὔπω

293 1000 449 1056 τοῦτο
499 1000 762 1077 πρότερον
813 1004 1181 1066 πεπονθότωνο
1217 1006 1268 1058 οἱ
1324 1003 1597 1067 δὲ’ίπποις
1645 1001 1935 1082 σφενδονη-

298 1091 472 1154 θέντες
503 1138 517 1162 ,
568 1092 656 1146 καὶ
708 1092 1144 1165 σ)μπατηθέντες
1180 1138 1194 1162 ,
1241 1099 1347 1148 τῶν
1409 1094 1827 1157 εύπειθεστάτων
1879 1114 1938 1148 τε

294 1181 382 1235 καὶ
420 1183 793 1254 ἡμερωτάτων
828 1200 842 1213 ’
895 1183 946 1236 οἱ
998 1180 1054 1236 δὲ
1097 1189 1348 1258 πυρετοῖς
1400 1185 1649 1258 ἀσχὲτοις
1695 1181 1937 1252 καταλη-

295 1270 532 1345 φθέντες,
585 1270 670 1324 καὶ
725 1271 1040 1347 φαντασίαις
1088 1271 1159 1325 ὧν
1209 1270 1631 1344 τετολμήκασινο
1665 1273 1718 1325 ol
1748 1269 1804 1325 δὲ
1835 1268 1936 1324 ἅλ-

295 1354 380 1410 λοι
414 1360 548 1431 (1Ο)’
584 1356 724 1413 ἄλλο
753 1380 806 1413 τι
836 1357 1368 1434 παιδαγωγηθέντες,
1409 1361 1498 1415 καὶ
1554 1361 1810 1433 μαθόντες
1836 1361 1933 1428 τὴν

296 1445 536 1513 ὑπακοήν
570 1445 618 1518 ἐξ
653 1445 726 1500 ὧν
757 1444 983 1511 ἔπαθον.

2046 651 2221 706 verbo
2253 653 2403 716 utar,
2435 652 2521 705 vis
2553 651 2653 705 illa
2679 650 2960 706 scelerum
2999 649 3171 705 ultrix
3202 650 3481 718 occurrit;
3515 652 3612 706 sed
3641 651 3696 706 in

2046 738 2174 810 ipso
2207 739 2305 793 IP28
2333 739 2577 794 articulo
2603 739 2861 811 percussi
2887 744 3045 805 sunt,
3064 739 3538 811 resipuerunt,ad
3566 755 3698 794 eum

2049 833 2441 895 accesserunt,
2475 829 2544 882 ad
2579 844 2769 900 genua
2803 827 3196 899 prociderunt,
3230 826 3457 882 veniam
3516 826 3700 897 impe-

2046 920 2295 979 trarunt,
2352 917 2593 987 pulchre
2623 916 2756 971 victi
2792 917 3210 984 discesserunt,
3244 919 3439 984 atque,
3469 918 3592 968 tum
3627 915 3698 969 ob

2047 1004 2509 1075 castigationem,
2535 1010 2659 1059 tum
2693 1005 2766 1060 ob
2796 1005 3049 1070 veniam,
3078 1004 3347 1059 meliores
3381 1004 3514 1058 facti
3539 1008 3696 1057 sunt.

2047 1093 2200 1148 848
2233 1094 2716 1165 Quandoquidem
2751 1095 2925 1148 etiam
2961 1109 3214 1164 perszepe
3245 1093 3440 1164 magni
3476 1093 3545 1147 ad
3607 1109 3701 1147 sa-

2045 1182 2226 1237 lutem
2288 1182 2569 1238 momenti
2630 1188 2718 1235 est
2749 1199 3034 1236 noxarum
3067 1182 3436 1247 condonatio,
3469 1185 3536 1236 ut
3567 1197 3698 1252 quae

2046 1289 2202 1340 eum,
2235 1273 2332 1344 qui
2368 1272 2644 1342 injuriam
2675 1271 2901 1338 intulit,
2935 1272 3156 1343 pudore
3189 1274 3467 1338 coerceat,
3531 1276 3702 1340 atque

2046 1378 2079 1417 a
2139 1367 2295 1416 metu
2358 1363 2428 1416 ad
2475 1377 2755 1424 amorem,
2791 1361 2897 1415 boc
2930 1367 3016 1416 est
3047 1359 3319 1415 tutiorem
3355 1357 3700 1414 benevolen-

2044 1451 2212 1515 tiam,
2246 1451 2534 1505 traducat.
2569 1450 2843 1521 Uastigati
2877 1465 3048 1521 porro
3088 1452 3246 1518 sunt,
3305 1447 3400 1502 alii
3463 1463 3696 1504 sursum

284 1522 490 1592 jactati
524 1552 558 1590 a
587 1537 774 1593 bobus
812 1538 959 1610 jugo
991 1539 1212 1594 vexatis
1242 1543 1298 1593 et
1330 1538 1585 1602 afflictis,
1618 1555 1684 1594 ac
1715 1543 1954 1610 repente
1985 1537 2448 1610 incursantibus,
2481 1555 2613 1593 cum
2649 1554 2950 1610 nunquam
3000 1537 3164 1609 prius
3216 1537 3323 1592 hoc
3375 1535 3522 1607 ipsis
3552 1535 3700 1591 acci-

293 1624 502 1691 disset;
535 1623 630 1679 alii
672 1627 744 1681 ab
793 1626 984 1698 equis,
1016 1627 1194 1682 etiam
1245 1628 1745 1683 mansuetissimis
1792 1632 1848 1683 et
1899 1627 2474 1698 obsequentissimis,
2506 1628 2734 1683 excussi
2768 1631 2824 1682 et
2853 1627 3117 1698 protriti;
3168 1625 3267 1681 alii
3317 1623 3701 1680 intolerandis

291 1710 550 1768 febribus
583 1715 850 1785 correpti,
885 1721 1062 1787 atque
1092 1717 1320 1786 objecta
1353 1716 1675 1771 facinorum
1708 1731 1951 1772 suorum
1983 1717 2175 1788 epecie
2207 1717 2567 1788 perturbati;
2611 1716 2708 1771 alii
2757 1716 2886 1772 aliis
2934 1716 3126 1772 modis
3155 1715 3390 1781 eruditi,
3421 1718 3599 1784 atque
3631 1729 3700 1769 ex

290 1799 403 1870 bis,
437 1818 562 1866 quae
595 1804 856 1874 perpessi
891 1806 1141 1870 fuerant,
1174 1805 1568 1861 obedientiam
1598 1806 1809 1862 edocti.

362 1889 481 1944 KE'.
517 1891 636 1964 Ἆρ’
667 1890 756 1945 οὖν
805 1892 868 1946 τὸ
917 1893 1009 1964 μὶν
1061 1891 1294 1955 ἐπιεικὲς
1341 1897 1603 1948 τοσοῦτον
1656 1893 1801 1964 αύτῷ
1846 1891 1936 1948 καί

2115 1896 2330 1952 XXVII.
2363 1895 2473 1951 Sed
2508 1895 2683 1951 fuerit
2713 1913 2853 1951 sane
2879 1899 3044 1950 tanta
3074 1898 3291 1966 tanque
3321 1891 3537 1948 illustri
3579 1908 3706 1947 mo.

292 1976 432 2031 οὕτω
462 1979 763 2052 γνώριμον·
810 1978 1080 2043 ἐντελείας
1123 1983 1232 2053 (11)
1281 1979 1339 2035 δὲ
1386 1982 1475 2036 καὶ
1523 1988 1626 2051 τῆς
1655 1984 1768 2055 (12)
1811 1982 1935 2054 περὶ

293 2064 352 2118 τὸ
381 2067 643 2137 πρακτέον
695 2068 889 2143 ἀρετῆς
933 2076 1172 2145 παρῆκεν
1225 2069 1391 2145 ἑτέρῳ
1437 2071 1500 2125 τὸ
1543 2069 1710 2125 πλέον
1742 2067 1888 2145 ἔχειν
1923 2090 1937 2141 ;

292 2153 362 2207 Ού
398 2156 491 2225 μὲν
524 2159 639 2210 08v°
675 2156 802 2213 ἀλλ’
839 2160 905 2226 ἧν
939 2159 967 2213 ὁ
999 2159 1159 2220 αὐτὸς
1203 2159 1412 2234 ἥμερος
1467 2161 1581 2232 μὲν,
1628 2160 1673 2214 εἰ
1722 2159 1811 2214 καί
1857 2179 1941 2221 τις

291 2238 480 2307 ἄλλος,
524 2242 739 2320 ἐνεργὸς
786 2243 845 2300 δὲ
890 2247 1026 2301 κατὰ
1067 2247 1129 2302 τὸ
1176 2247 1406 2323 ἥμερον.
1442 2247 1545 2302 Δύο
1587 2248 1687 2324 γάρ
1735 2250 1942 2302 τούτων

287 2330 358 2391 ὡς
397 2331 463 2385 τὰ
495 2330 686 2387 πολλὰ
737 2334 1069 2410 μαχομένων
1111 2334 1387 2406 ἀλλήλοις
1433 2337 1522 2391 καὶ
1571 2337 1940 2392 ἀντικαθιστα-

296 2420 492 2490 μένων,
545 2421 857 2493 ἁπλότητος
905 2425 994 2478 καὶ
1042 2425 1414 2499 τραχύτητος,
1459 2425 1549 2481 καὶ
1599 2428 1696 2492 τῆς
1754 2427 1845 2499 μὶν
1880 2425 1944 2480 τὸ

297 2507 506 2584 ἥμερον
539 2509 779 2586 ἐχούσης
810 2515 945 2585 μετά
989 2517 1086 2568 τοῦ
1133 2514 1430 2589 ἀπράκτου,
1461 2521 1561 2584 τῆς
1613 2512 1671 2570 δὲ
1699 2516 1761 2570 τὸ
1804 2534 1943 2591 πρα-

303 2599 483 2652 κτικὸν
519 2596 648 2676 δίχα
675 2605 772 2655 τοῦ
804 2601 1213 2679 φιλανθρώπου,
1248 2602 1433 2676 ἐκείνῳ
1465 2602 1696 2673 συνῆλθε
1745 2605 1947 2675 θαυμα-

303 2685 432 2749 σίως
464 2688 764 2765 ἀμφότερα·
800 2692 1050 2766 πράττειν
1087 2693 1204 2764 μὲν,
1253 2693 1328 2754 ὡς
1378 2692 1634 2769 αὐστηρῷ
1685 2694 1819 2766 μετὰ
1845 2699 1945 2762 τῆς

303 2776 670 2848 ἡμερότητος·
707 2779 948 2856 ὑφίεσθαι
1000 2777 1080 2847 δὲ,
1132 2781 1208 2842 ὡς
1257 2782 1516 2855 ἀπράκτῳ
1573 2783 1705 2854 μετὰ
1740 2788 1840 2850 τῆς
1870 2780 1948 2836 ἒν-

298 2865 533 2938 τεΑείας,
582 2866 634 2921 ἐν
681 2869 1060 2943 προστασίαις,
1104 2869 1154 2925 ἐν
1207 2870 1554 2946 παῤῥησίαις,
1587 2871 1637 2925 ἐν
1680 2868 1780 2926 εἷ’δι
1812 2892 1946 2925 παν-

297 2958 350 3009 τι
384 2951 781 3032 κυϐερνήσεως.
815 2959 884 3012 Τὸ
914 2958 1016 3033 γὰρ
1046 2963 1143 3013 τοῦ
1191 2955 1364 3034 ὄφεως
1410 2956 1672 3038 φρόνιμον
1721 2959 1843 3037 περέ
1883 2960 1948 3015 τὸ

298 3045 461 3098 κακὸν
523 3049 599 3116 τῷ
644 3053 746 3114 τῆς
817 3053 1134 3122 περιστερᾶς
1192 3048 1430 3122 ἀκεραίῳ
1487 3049 1607 3124 περὶ
1665 3050 1726 3103 τὸ
1781 3046 1949 3104 καλὸν

297 3131 579 3206 ἀναμίξας,
634 3131 757 3188 οὔτε
799 3135 864 3190 τὸ
922 3136 1186 3212 φρόνιμον
1246 3135 1390 3192 εἷάσε
1439 3141 1736 3212 κακοῦργον
1791 3138 1946 3211 γενὲ-

2048 2002 2179 2040 rum
2230 1985 2542 2052 facilitate;
2588 1985 2878 2040 industria
2907 2001 3062 2053 vero,
3095 1999 3277 2055 eaque
3308 1981 3540 2049 virtute,
3573 1997 3701 2052 quae

2048 2074 2106 2129 in
2131 2074 2306 2129 rebus
2336 2075 2609 2144 gerendis
2639 2079 3074 2143 versatur,num
3106 2071 3384 2143 cuiquam
3413 2069 3508 2125 alii
3541 2070 3708 2125 cede-

2048 2163 2176 2217 bat?
2197 2162 2456 2217 Minime.
2479 2165 2692 2217 Verum
2727 2162 2884 2217 idem
2916 2162 3039 2232 ipse
3060 2165 3117 2217 et
3133 2159 3284 2216 lenis
3316 2176 3380 2215 ac
3412 2157 3699 2230 placidus,

2051 2255 2116 2306 ut
2144 2251 2192 2306 si
2225 2251 2357 2323 quis
2389 2250 2564 2316 alius,
2595 2255 2738 2318 erat,
2772 2256 2826 2306 et
2859 2251 2930 2305 ad
2965 2249 3256 2322 agendum
3288 2263 3556 2320 peraeque
3595 2261 3701 2316 ap-

2050 2344 2148 2395 tus
2206 2345 2262 2395 et
2317 2340 2637 2412 appositus.
2690 2339 2966 2405 Quamvis
2997 2338 3153 2394 enim
3185 2338 3272 2392 bas
3306 2337 3433 2391 dua:
3465 2352 3557 2392 res
3587 2335 3704 2391 fere

2052 2429 2206 2485 inter
2235 2446 2296 2486 se
2327 2434 2589 2501 pugnent
2618 2434 2673 2484 et
2702 2432 3096 2500 opponantur,
3129 2426 3479 2498 simplicitas
3529 2423 3701 2479 nimi-

2055 2535 2185 2573 rum
2243 2523 2300 2574 et
2353 2519 2661 2590 asperitas,
2693 2519 2992 2588 alteraque
3025 2514 3538 2572 mansuetudinem
3569 2529 3703 2570 cum

2054 2607 2269 2663 inertia
2295 2609 2668 2678 conjunctam
2709 2606 2938 2676 habeat,
2999 2604 3183 2660 altera
3238 2604 3412 2659 rebus
3469 2602 3702 2674 quidem

2056 2695 2329 2768 gerendis
2359 2700 2494 2766 apta
2525 2695 2619 2764 sit,
2641 2712 2842 2750 verum
2877 2693 3241 2748 humanitate
3275 2696 3488 2760 careat,
3512 2690 3571 2746 in
3604 2689 3704 2745 illo

2055 2789 2251 2840 tamen
2312 2783 2556 2839 miriﬁce
2613 2787 2732 2839 baac
2791 2785 2905 2838 duo
2964 2784 3024 2837 in
3076 2799 3257 2836 unum
3291 2781 3705 2842 convenerunt,

2057 2891 2266 2945 nempe
2293 2877 2357 2928 nt
2378 2877 2433 2928 et
2455 2877 2738 2944 tanquam
2771 2889 2942 2945 asper
2965 2889 3030 2927 ac
3060 2871 3372 2927 vehemens
3403 2869 3579 2924 rebus
3610 2884 3706 2939 ge-

2057 2963 2255 3018 rendis
2287 2979 2418 3018 cum
2453 2963 2905 3017 mansuetudine
2933 2961 3318 3023 incumberet.
3341 2967 3396 3014 et
3425 2962 3706 3029 tanquam

2057 3069 2091 3108 α
2123 3053 2296 3107 rebus
2327 3052 2597 3123 gerendis
2628 3051 2854 3107 alienus
2885 3068 3012 3106 sese
3043 3066 3177 3105 cum
3226 3047 3517 3103 industria
3568 3047 3706 3101 sub-

2059 3141 2334 3206 mitteret,
2394 3141 2450 3194 in
2513 3139 2801 3211 praesidiis
2832 3140 3106 3205 ferendis,
3140 3139 3200 3192 in
3230 3136 3604 3193 sermonibus
3636 3135 3708 3190 ab

295 3223 436 3287 σθαι,
469 3220 592 3276 οὔτε
619 3224 681 3277 τὸ
734 3223 939 3280 ἁπλοῦν
967 3225 1237 3294 )ἀνόητον·
1272 3224 1397 3281 ἀλλ’
1437 3225 1492 3281 ἓν
1525 3227 1722 3300 ἀρετῆς
1770 3224 1938 3295 εἶδος,

300 3310 372 3338 Α.-
426 3310 659 3338 --ΔἸ...,.
711 3311 829 3338 λ...ξ’..
890 3313 936 3338 2)
985 3315 1237 3338 )_,,,,A_l-,
1357 3315 1421 3338 λέ
1470 3335 1525 3338 η-
1561 3311 1593 3338 Ρ
1619 3316 1632 3336 I
1658 3337 1676 3338 κ
1702 3336 1765 3338 _,,
1844 3318 1910 3338 ’πὶ

2057 3229 2214 3286 omni
2248 3233 2404 3284 metu
2439 3228 2659 3295 liberis,
2691 3229 2749 3283 in
2781 3228 2940 3284 omni
2971 3228 3222 3298 denique
3269 3223 3709 3297 gubernationis

2063 3333 2260 3338 _-m-_-
2310 3318 2451 3338 ‘Y__._
2495 3335 2616 3338 -u...
2660 3319 2939 3338 ___s-__1:_
2980 3317 3042 3338 -.1
3080 3315 3297 3338 _..-|-_...
3337 3314 3705 3338 __.-.I-_L:-M

297 3310 372 3371 ὡς
425 3310 662 3383 μάλιστα
710 3311 852 3380 ἐνῆν,
887 3313 936 3386 ἐξ
979 3315 1298 3392 ἀμφοτέρων
1350 3311 1798 3388 ἀπηκριϐώσατο.
1844 3318 1945 3372 Τὸν

2055 3333 2284 3391 genere.
2310 3318 2455 3373 Nam
2491 3335 2622 3373 cum
2655 3319 2941 3390 serpentis
2974 3317 3042 3372 ad
3080 3315 3300 3371 malum
3337 3314 3709 3386 prudentiam

297 3395 364 3467 δὴ
414 3405 658 3454 τοιοῦτον
721 3402 814 3473 μὲν
861 3403 1145 3478 γεγονότα,
1200 3403 1344 3459 οὕτω
1387 3402 1444 3459 δὲ
1490 3413 1592 3474 τῆς
1643 3405 1942 3481 ἱερωσύνης

2055 3424 2188 3463 cum
2221 3407 2501 3463 columbae
2524 3408 2595 3462 ad
2624 3409 2842 3463 bonum
2873 3405 3254 3478 simplicitate
3285 3403 3708 3472 conjunxisset,

297 3490 628 3562 προστάντα,
673 3490 932 3562 τοιαύτης
965 3491 1022 3547 δὲ
1065 3495 1208 3570 παρὰ
1256 3500 1382 3549 πᾶσι
1439 3493 1600 3564 δόξης
1647 3495 1945 3571 τετυχηκό-

2055 3495 2136 3552 ita
2167 3512 2228 3552 se
2257 3496 2632 3568 comparavit,
2668 3500 2733 3551 ut
2763 3513 2868 3551 nec
2899 3494 3274 3568 prudentiam
3307 3493 3363 3547 in
3416 3496 3708 3547 versutam

296 3597 383 3646 τα,
411 3577 465 3631 τί
497 3580 799 3651 θαυμαστὸν
831 3581 920 3635 καὶ
953 3582 1195 3653 σημείων
1242 3582 1558 3652 ἀξιωθῆναι,
1593 3585 1679 3646 οἷς
1731 3579 1946 3659 βεϐαιοῖ

2055 3586 2510 3658 improbitatem,
2567 3601 2672 3641 nec
2733 3585 3175 3658 simplicitatem
3236 3583 3293 3637 in
3327 3581 3705 3638 stoliditatem

297 3667 428 3728 Θεὸς
455 3667 552 3734 τήν
582 3662 852 3723 εὐσέϐειαν
884 3687 898 3738 ;

2055 3674 2407 3746 degenerare
2429 3675 2678 3743 sineret;
2710 3691 2910 3730 verum
2935 3689 3002 3729 ex
3033 3672 3342 3739 ambabus,
3367 3667 3556 3742 quoad
3585 3669 3712 3737 ejus

299 3756 424 3810 fieri
461 3763 704 3828 poterat,
739 3776 915 3815 unam
969 3760 1202 3816 virtutis
1251 3762 1504 3833 speciem
1550 3763 1822 3828 efficeret,
1857 3764 2121 3819 numeris
2153 3764 2431 3820 omnibus
2472 3764 2784 3835 perfectam
2817 3769 2874 3818 et
2906 3761 3256 3818 absolutam.
3292 3760 3458 3814 Hunc
3508 3757 3708 3828 igitur,

298 3862 432 3901 eum
465 3846 640 3901 talem
674 3865 736 3903 se
766 3849 1132 3919 praebuisset,
1167 3855 1339 3923 atque
1384 3851 1466 3906 ita
1497 3851 1819 3906 sacerdotio
1850 3853 2197 3922 praefuisset,
2231 3858 2575 3924 tantamque
2605 3853 2759 3924 apud
2814 3868 3020 3907 omnes
3050 3849 3296 3923 gloriam
3332 3844 3708 3912 obtinuisset,

297 3935 440 4006 quid
476 3936 690 3991 mirum
724 3938 910 4008 signis
941 3938 1137 4007 etiam,
1173 3941 1388 4008 quibus
1421 3940 1572 3994 Deus
1603 3939 1880 4011 pietatem
1915 3942 2244 4002 confirmat,
2278 3941 2519 4012 dignum
2553 3942 2817 3996 habitum
2852 3939 3082 3996 fuisse?

377 4024 500 4078 KH'.
534 4025 628 4077 Ἕν
663 4021 718 4077 δὲ
763 4029 872 4079 τῶν
920 4024 1044 4101 περί
1093 4025 1290 4080 ἐκεῖνον
1339 4027 1646 4099 θαυμάτων·
1680 4032 1947 4099 ’Έκαμνεν

297 4109 595 4185 ἀρρωστίᾳ,
645 4111 733 4165 καὶ
783 4118 1043 4189 πονηρῶς
1096 4117 1215 4189 εἶχε
1250 4119 1347 4169 τοῦ
1396 4116 1676 4188 σώματος.
1738 4116 1840 4173 Καὶ
1896 4116 1949 4170 τί

297 4200 630 4271 θαυμαστὸν,
665 4199 710 4255 εἷ
739 4203 1104 4257 κακοπαθοῦσι
1154 4204 1242 4257 καὶ
1293 4205 1468 4278 ἅγιοι,
1504 4202 1610 4260 εἷπε
1640 4204 1717 4267 εἷς
1749 4207 1949 4278 κάθαρ-

302 4307 387 4340 σιν
434 4288 522 4340 καὶ
571 4295 668 4357 τῆς
719 4295 915 4363 μικρᾶς
959 4290 1133 4362 ξ’λύος,
1187 4289 1292 4347 εἴτε
1340 4293 1415 4354 εἰς
1474 4294 1702 4366 βάσανον
1751 4294 1951 4368 ἀρετῆς

295 4375 387 4430 καὶ
422 4382 610 4451 πεῖραν
651 4376 998 4455 φιλοσοφίας,
1045 4377 1151 4435 sifts
1199 4381 1275 4442 εἷς
1322 4379 1601 4436 παίδευσιν
1639 4387 1747 4438 τῶν
1797 4384 1949 4447 ἀσθε-

295 4463 561 4540 νεστέρων
593 4465 644 4520 ἐν
673 4465 898 4528 ἰκείνοις
946 4468 1318 4540 μανθανόντων
1363 4471 1426 4525 τὸ
1474 4477 1772 4546 καρτερεῖν,
1803 4471 1951 4528 ἀλλὰ

2131 4031 2373 4085 XXVIII.
2430 4031 2646 4085 Herum
2701 4045 2870 4101 porro
2921 4025 3362 4091 miraculorum,
3397 4039 3524 4095 qua)
3553 4021 3613 4076 in
3644 4038 3710 4076 eo

2059 4119 2214 4174 edita
2234 4122 2392 4184 sunt,
2423 4117 2526 4172 hoc
2548 4135 2731 4172 unum
2758 4122 2842 4173 est
2867 4133 2879 4170 :
2906 4117 3105 4172 Morbo
3126 4114 3448 4178 laborabat,
3473 4128 3539 4166 ac
3561 4127 3711 4182 aegro

2059 4223 2297 4280 corpore
2328 4213 2468 4262 erat.
2489 4207 2634 4273 Quid
2670 4211 2864 4262 autem
2899 4205 3319 4272 mirandum,si
3355 4201 3537 4257 sancti
3573 4215 3712 4272 quo-

2060 4314 2173 4368 que
2203 4297 2309 4352 viri
2342 4297 2512 4351 malis
2544 4301 2904 4368 premantur,
2933 4295 3050 4350 sive
3073 4295 3143 4349 ad
3174 4292 3298 4348 limi
3330 4289 3708 4362 quantumvis

2058 4385 2249 4457 exigui
2283 4385 2710 4458 purgationem,
2745 4384 2862 4439 sive
2894 4385 2960 4438 ad
2991 4381 3227 4437 virtutis
3255 4378 3710 4452 explorationem

2057 4479 2114 4530 et
2144 4474 2524 4547 philosoyibize
2557 4474 2996 4538 documentum,
3030 4471 3148 4526 sive
3179 4471 3429 4541 denique
3479 4468 3550 4522 ab
3601 4466 3711 4520 im-

299 4567 379 4624 μη
416 4553 657 4609 ἐκκακεῖν
704 4560 823 4617 τοῖς
856 4556 1076 4612 πάθεσιν
1113 4576 1126 4626 ;
1159 4561 1427 4632 Ἕκαμνεν
1479 4557 1593 4630 οὖν,
1624 4560 1713 4615 καὶ
1772 4562 1800 4615 ὁ
1832 4582 1951 4616 και-

2062 4562 2424 4619 becilliorum
2514 4563 2944 4630 eruditionem,
3014 4559 3113 4632 qui
3179 4559 3236 4614 in
3303 4557 3422 4612 illis
3488 4556 3715 4610 fortiter

301 4641 398 4717 ρὸς
423 4641 491 4710 ἧν
522 4643 584 4697 τὸ
617 4644 770 4718 ἅγιον
823 4643 1014 4720 Πάσχα
1054 4647 1144 4700 καὶ
1195 4643 1522 4721 περιϐόητον
1566 4651 1702 4722 (13),
1732 4651 1767 4719 ὴ
1806 4649 1952 4725 βασί-

299 4729 465 4785 λισσα
492 4735 600 4785 τῶν
633 4734 854 4808 ἡμερῶν
900 4734 1107 4808 ἡμέρα,
1151 4736 1239 4789 καὶ
1286 4738 1320 4804 ἡ
1356 4735 1583 4812 λαμπρὰ
1629 4737 1715 4808 νὺξ
1748 4737 1952 4794 λύουσα

292 4821 362 4874 τὸ
390 4820 582 4878 σκότος
631 4827 730 4890 τῆς
775 4822 1063 4899 ἁμαρτίας,
1114 4825 1234 4878 καθ’
1264 4826 1324 4894 ἣν
1358 4827 1522 4898 ἡμεῖς
1571 4827 1673 4882 ὑπὸ
1701 4826 1952 4900 πλουσίῳ

295 4908 442 4986 φωτῖ
473 4909 574 4976 τήν
616 4913 886 4986 σωτηρίαν
939 4913 1100 4984 ἡμῶν
1151 4911 1328 4968 αὐτῶν
1377 4914 1722 4990 ἑορτάζομεν,
1754 4915 1951 4989 καὶτῷ

292 4996 438 5075 φωτὶ
492 4994 740 5070 δι’ἡμάς
791 4999 1111 5074 νεκρωθὲντι
1162 5004 1611 5079 συννεκρωθὲντες
1645 5049 1658 5073 ,
1708 5005 1798 5060 καὶ
1854 5005 1949 5060 ἀν-

296 5087 577 5158 ισταμένῳ
608 5089 1053 5161 συνανιστάμεθα.
1105 5090 1362 5147 Ἐνταῦθα
1415 5093 1508 5165 μὲν
1561 5090 1627 5162 δὴ
1685 5099 1781 5148 τοῦ
1828 5115 1951 5150 και-

295 5178 402 5250 ροῦ
432 5176 494 5228 τὸ
521 5176 712 5237 πάθος”
761 5177 828 5230 τὸ
874 5174 930 5230 δὲ
980 5178 1068 5247 ἢν,
1104 5179 1179 5240 ὡς
1229 5179 1280 5233 ἐν
1333 5181 1531 5256 βραχεῖ
1570 5180 1946 5257 διηγήσασθαι·

297 5264 540 5338 Πυρετὸς
575 5265 668 5336 μὲν
720 5263 952 5342 σφοδρὸς
1000 5267 1086 5320 καὶ
1121 5265 1344 5336 διακαής
1391 5276 1493 5324 πᾶν
1524 5271 1586 5325 τὸ
1639 5272 1801 5346 βάθος
1832 5293 1950 5326 συν-

292 5353 550 5429 ἐφλεγεν,
583 5355 617 5422 ἡ
653 5351 711 5408 δε
743 5351 969 5428 δύναμις
1001 5355 1366 5430 ἐπελελοίπει,
1397 5364 1504 5414 τῶν
1532 5360 1716 5415 σιτίων
1752 5358 1810 5416 δὲ
1838 5364 1951 5434 (14)

401 5605 487 5676 10)
517 5601 739 5661 ”Δλλοι.
776 5605 855 5661 Re
943 5648 954 5660 .
989 5622 1041 5677 ει,
1079 5607 1198 5673 bm,
1231 5609 1264 5662 3
1295 5607 1478 5678 Colb.,
1513 5610 1589 5666 01·
1641 5613 1692 5678 1,
1725 5608 1918 5673 ἄλλος.

374 5603 484 5747 III)
521 5621 1098 5747 zEvrsleIa<.§§onne,
1132 5677 1459 5747 ἐντρεχείας,
1493 5687 1556 5740 ut
1581 5655 1918 5742 ﬁillwidetu

402 5674 484 5758 11)
521 5674 842 5758 ιβντελείας.
863 5674 1098 5752 Nonne,
1132 5674 1474 5756 ἐντρεχείας,⁷
1493 5687 1556 5740 ut
1581 5674 1712 5741 Bill.
1732 5684 1961 5742 videtur

291 5747 519 5820 legisse
531 5747 560 5804 *ἲ

2061 4654 2304 4710 adversa
2361 4653 2646 4724 perferre,
2700 4656 2757 4707 et
2811 4649 3168 4706 calamitosis
3226 4648 3400 4704 rebus
3467 4645 3711 4700 minime

2059 4741 2250 4813 frangi
2283 4757 2347 4796 ac
2379 4740 2675 4797 debelitari
2707 4737 3098 4795 condiscunt?
3126 4737 3320 4793 Morbo
3347 4735 3527 4805 igitur
3555 4732 3712 4786 labo-

2059 4830 2246 4900 rabat,
2281 4845 2346 4884 ac
2378 4829 2564 4885 morbi
2595 4833 2828 4901 tempus
2867 4831 2991 4884 erat
3047 4829 3321 4883 sanctum
3377 4829 3435 4880 et
3489 4820 3714 4877 celebre

2061 4920 2212 4974 849
2247 4919 2487 4986 Pascha,
2508 4919 2632 4973 dies
2653 4919 2882 4974 dierum
2904 4933 3095 4986 rex,ac
3118 4913 3427 4986 splendida
3456 4910 3555 4965 illa
3579 4925 3710 4978 nox,

2058 5007 2278 5080 peccati
2312 5007 2584 5063 tenebras
2617 5006 2869 5077 solvens,
2901 5006 2960 5061 in
2993 5021 3107 5078 qua
3147 5019 3253 5060 nos
3308 5016 3442 5058 cum
3502 5014 3717 5070 magna

2059 5095 2303 5151 luminis
2361 5096 2526 5167 copia
2585 5095 2794 5152 salutis
2840 5099 3049 5151 nostra
3080 5094 3294 5149 festum
3327 5089 3714 5167 celebramus!

2061 5191 2231 5256 atque
2263 5202 2395 5241 cum
2443 5190 2674 5240 mortua
2726 5201 2828 5257 pro
2886 5185 3055 5239 nobis
3111 5183 3236 5237 luce
3294 5183 3481 5236 morte
3537 5155 3718 5233 simul

2062 5275 2271 5342 affecti,
2332 5281 2388 5329 et
2446 5291 2579 5330 cum
2635 5275 2839 5329 eadem
2889 5273 3138 5328 excitata
3166 5269 3340 5327 simul
3372 5267 3714 5324 excitamur.

2061 5364 2178 5420 Hoc
2210 5368 2473 5437 tempore
2503 5364 2746 5420 morbus
2776 5363 3041 5436 urgebat.
3076 5362 3132 5418 Is
3162 5364 3383 5427 autem,
3428 5359 3494 5412 ut
3548 5355 3716 5410 breve

2165 5615 2252 5687 12)
2280 5615 2617 5687 Τῆς.ροθεῐ
2647 5615 2706 5687 in
2738 5614 2875 5687 Reg.
2907 5613 3028 5668 bm.

2168 5675 2254 5760 13')
2287 5675 2906 5760 Πέριδδηδρνολὶθεῗα»
2937 5675 3284 5760 matiam“-
3535 5743 3546 5758 .

2168 5752 2252 5829 14)
2288 5752 2484 5813 Σιτίων
2515 5752 2594 5814 δὲ.
2626 5752 2800 5816 CoisI.
2834 5757 2860 5814 1
2895 5752 3079 5825 addit,
3118 5752 3281 5822 am,
3328 5773 3356 5803 «
3390 5752 3651 5806 omnino.
3686 5788 3687 5793 η
