4138 6212
443 404 600 471 1019

1684 408 1749 470 8.
1799 408 2174 470 GHEGOHII
2219 408 2618 471 THEOLOGI

3702 412 3859 475 1090

444 538 673 607 nnciam,
705 538 841 594 talis
870 544 996 595 erat
1026 555 1039 595 :
1072 539 1400 597 Vehemens
1447 541 1710 612 quaedam
1770 543 1829 596 et
1879 540 2090 595 ardens

2204 534 2615 604 ἀποκὲκλειστο,
2663 536 2828 600 ὕπνος
2876 536 2934 594 δὲ
2983 538 3322 611 ἀπελήλατο,
3372 542 3569 617 ἀπορίᾳ
3608 539 3666 596 δὶ
3715 540 3858 618 εἴχε-

441 626 620 682 febris
668 628 904 684 intimas
935 645 1137 684 omnes
1164 630 1424 701 corporis
1456 635 1650 703 partes
1679 629 1976 697 exurebat,
2009 628 2092 683 vi-

443 733 534 771 res
566 717 909 786 defecerant,
941 736 969 772 a
1006 718 1151 773 cibis
1182 718 1456 775 exclusus
1486 725 1629 789 erat,
1664 735 1909 775 somnus
1957 718 2095 773 abs-

445 811 722 870 cesserat,
783 823 897 878 quo
955 824 1015 863 se
1045 811 1291 863 verteret
1322 807 1633 875 nesciebat,
1663 812 1838 878 atque
1867 806 1939 862 ob
1971 823 2096 862 cor—

444 894 536 949 dis
567 894 976 967 palpitationes
1008 896 1205 952 animo
1238 897 1489 951 subinde
1519 896 1914 967 linquebatur.
1962 895 2094 950 Jam

448 983 646 1039 omnia
676 984 792 1039 oris
825 985 1186 1049 interiora,et
1214 985 1472 1057 palatum
1505 987 1787 1058 ipsum,et
1807 985 2096 1057 quidquid

446 1072 719 1143 superius
750 1075 981 1143 pendet,
1013 1078 1097 1127 tot
1148 1077 1385 1144 tamque
1434 1073 1659 1128 acerbis
1705 1077 1761 1127 et
1802 1070 2098 1127 continuis

448 1159 745 1216 ulceribus
774 1164 1096 1224 scatebant,
1130 1168 1195 1217 ut
1225 1178 1297 1217 ne
1328 1177 1494 1231 aquae
1524 1162 1758 1233 quidem
1794 1160 1982 1216 facilis
2040 1164 2099 1215 et

444 1250 702 1320 periculo
754 1267 956 1321 expers
1006 1256 1234 1307 meatus
1265 1257 1430 1306 esset.
1473 1252 1587 1307 Nec
1616 1267 1748 1306 vero
1780 1255 1881 1305 aut
1913 1249 2098 1304 medi-

440 1355 642 1394 corum
675 1343 851 1405 artes,
884 1344 985 1393 aut
1015 1340 1478 1412 propinquorum
1512 1340 1596 1394 vel
1629 1339 2095 1395 necessariorum

436 1428 762 1498 quamlibet
791 1429 1039 1483 assidua
1072 1445 1292 1501 preces,
1316 1434 1415 1484 aut
1437 1429 1623 1484 ullum
1655 1428 1974 1483 curationis
1995 1444 2091 1499 ge-

439 1533 552 1571 nus
584 1517 784 1572 morbo
818 1517 1159 1589 depellenda
1192 1535 1297 1590 par
1324 1535 1448 1575 esse
1480 1522 1724 1590 poterat.
1759 1518 1948 1588 Atque
1999 1515 2094 1570 hic

447 1622 513 1660 eo
536 1609 691 1661 statu
724 1606 1147 1677 erat,exiguum
1180 1608 1460 1678 quiddam
1492 1614 1547 1662 et
1577 1608 1948 1678 desperatum
1980 1605 2095 1677 spi-

440 1710 673 1763 rans,ac
700 1711 773 1750 ne
802 1699 1118 1766 praasentes
1150 1696 1387 1766 quidem
1419 1711 1979 1767 agnoscens,verum
2008 1699 2096 1749 to-

436 1787 535 1839 tus
570 1784 628 1837 in
660 1783 987 1838 discessum
1021 1785 1485 1857 intentus,atque
1509 1784 1567 1839 ia
1595 1801 1815 1855 ea,quas
1838 1782 2094 1855 jampri-

436 1871 568 1926 dem
601 1872 925 1943 expetebat,
959 1890 1205 1945 quzeque
1235 1874 1347 1946 ipsi
1382 1878 1703 1946 praeparata
1734 1878 1919 1929 erant.
1978 1872 2094 1928 Nos

431 1976 566 2015 vero
624 1960 680 2014 in
714 1960 932 2032 templo
977 1979 1234 2032 eramus,
1271 1969 1470 2032 mystae
1503 1962 1681 2019 simul
1711 1965 1766 2018 et
1797 1961 2094 2033 supplices

433 2048 781 2120 (desperatis
812 2050 1077 2107 videlicet
1111 2053 1387 2107 omnibus
1418 2052 1548 2108 aliis
1570 2051 1946 2116 remediis,ad
1971 2067 2093 2104 ma-

434 2152 616 2209 gnum
653 2139 1031 2206 medicum,et
1058 2142 1243 2197 noctis
1273 2141 1431 2197 illius
1457 2142 2087 2212 potentiam,tanquam

435 2227 507 2282 ad
539 2231 858 2283 extremam
919 2246 1086 2301 cpem
1148 2235 1202 2286 et
1260 2230 1567 2296 auxilium,
1626 2228 2087 2301 confugientes);

435 2318 573 2387 quid
608 2317 841 2372 dicam?
873 2318 1184 2374 Festumne
1216 2324 1277 2375 ut
1297 2336 1623 2392 ageremus,
1659 2336 1729 2373 an
1762 2324 1824 2373 ut
1864 2318 2091 2390 lugere-

434 2405 609 2461 mus?
632 2406 905 2461 Laetitiam
918 2425 986 2461 ne
1018 2414 1083 2463 ut
1113 2424 1181 2463 ex
1211 2409 1323 2464 diei
1358 2409 1691 2465 celebritate
1722 2420 2085 2479 caperemus,

433 2510 507 2549 an
540 2499 604 2549 ut
633 2512 791 2564 eum,
824 2497 922 2566 qui
958 2514 1071 2552 non
1096 2498 1222 2567 jam
1254 2498 1347 2553 hic
1380 2504 1552 2565 esset,
1589 2496 1932 2552 funebribus
1984 2495 2088 2549 ho-

431 2584 675 2639 noribus
733 2585 1143 2640 afficeremus‘?
1200 2587 1243 2642 Ο
1277 2586 1565 2658 lacrymas
1596 2586 1749 2656 illas,
1781 2602 1930 2657 quas
1961 2588 2086 2639 tum

432 2672 706 2726 universa
735 2672 898 2744 plebs
945 2674 1138 2729 fudit?
1193 2675 1236 2730 Ο
1292 2692 1460 2731 voces
1517 2679 1575 2730 et
1625 2675 1930 2739 clamores,
1990 2673 2089 2743 qui

431 2759 797 2831 psalmorum
830 2765 1098 2819 cantibus
1129 2764 1648 2821 admiscebantur?
1681 2770 1720 2818 A
1751 2762 1970 2835 templo
2001 2779 2091 2817 sa-

435 2849 751 2917 cerdotem,
804 2867 837 2904 a
882 2853 1163 2924 mysterio
1195 2870 1493 2909 sacrorum
1526 2854 1875 2919 antistitem,
1910 2869 1943 2907 a
1977 2856 2088 2905 Deo

436 2938 680 3009 dignum
714 2940 943 2995 astitem
976 2942 1553 3013 requirebantzidque
1584 2943 1929 3014 praecinente
1960 2956 2091 2995 mea

438 3025 642 3091 Maria,
676 3030 1157 3101 tympanumque,
1181 3048 1294 3087 non
1318 3031 1694 3104 triumphale,
1721 3031 1821 3087 sed
1844 3027 2091 3101 supplex

435 3113 709 3185 pulsante
740 3117 806 3184 7’,
842 3123 1059 3174 actum
1093 3121 1350 3192 primum
1384 3123 1659 3193 padorem
1720 3138 1838 3193 prae
1894 3118 2089 3174 dolere

434 3203 1188 3280 deponente,populumque
1212 3209 1390 3265 simul
1414 3227 1478 3265 ac
1502 3215 1680 3265 Deum
1701 3225 1953 3281 magnus
1972 3207 2087 3262 cla-

2202 646 2290 695 το,
2329 626 2417 680 καὶ
2449 624 2558 681 παλ
2569 632 2697 699 μοῖς
2743 630 3119 685 συνεκὸπτετο.
3152 629 3226 684 Τὰ
3276 629 3334 685 δὶ
3366 628 3493 686 εἶ’σω
3522 636 3618 686 τοῦ
3650 632 3856 704 στόμα-

2202 730 2299 777 τος
2348 717 2597 782 ἅπαντα,
2657 715 2690 785 ἦ
2748 738 2806 771 τε
2866 718 3121 793 ὑπερῷα,
3183 718 3272 773 καὶ
3330 720 3453 774 ὅσον
3513 722 3855 797 ὑπεραιωρη-

2202 825 2289 859 ται
2336 806 2470 878 (15),
2509 805 2791 867 τοσούτοις
2840 803 3053 861 ἕλκεσιν
3102 806 3403 881 ἐξηνθήκει,
3451 809 3539 863 καὶ
3590 809 3733 863 οὕτω
3767 831 3855 863 mo

2204 898 2360 970 κροῖς
2387 914 2445 947 τε
2474 895 2564 948 καὶ
2595 894 2895 970 συνεγὲσιν,
2938 894 3076 950 ὥστε
3109 894 3249 969 μηδὲ
3299 895 3451 952 ὕδατι
3485 897 3667 973 ῥᾴδιον
3720 899 3855 953 εἶναι

2203 982 2295 1037 τὸν
2326 982 2520 1058 πόρον,
2556 980 2695 1055 μηδὲ
2748 980 3045 1039 ἀκίνδυνον.
3094 985 3330 1059 Ἦρκουν
3379 982 3436 1039 δὲ
3484 981 3607 1038 οὔτε
3653 987 3857 1061 ἱατρών

2203 1069 2413 1146 τέχναι,
2445 1068 2567 1124 οὕτε
2599 1069 2811 1125 οἷ’κείων
2845 1070 3003 1145 εὐχαὶ
3033 1071 3122 1125 καὶ
3154 1070 3273 1127 λίαν
3309 1072 3854 1148 προσλιπαρούντων,

2207 1155 2330 1213 οὔτε
2384 1158 2638 1236 θεραπεία
2685 1164 2832 1213 πᾶσα
2885 1161 3272 1235 προσαγομένη
3305 1204 3317 1216 .
3375 1162 3435 1218 Ὀ
3507 1163 3600 1233 μὲν
3655 1161 3746 1216 οὖν
3808 1163 3858 1218 ὲν

2202 1246 2421 1309 τούτοις
2453 1250 2541 1317 ἦν,
2574 1248 2746 1302 πνὲων
2801 1250 2967 1321 μικρά
2995 1249 3084 1303 καὶ
3126 1250 3536 1323 ἀπεγνωσμένα,
3580 1251 3669 1304 καὶ
3707 1249 3853 1324 μηδέ

2203 1341 2309 1390 τῶν
2351 1335 2632 1407 παρόντων
2682 1336 3159 1409 ἐπαισθανόμενος,
3209 1336 3337 1393 ἀλλ’
3381 1338 3513 1401 ὅλος
3557 1342 3655 1408 τῆς
3690 1339 3856 1410 ἐκδη-

2208 1424 2332 1497 μίας
2380 1423 2474 1494 ὢν,
2506 1426 2595 1479 καὶ
2643 1430 2749 1479 τῶν
2802 1424 2973 1479 πάλαι
3020 1428 3376 1499 ποθουμένων
3424 1428 3569 1499 αὐτῷ
3614 1430 3705 1483 καὶ
3752 1430 3854 1499 ηύ-

2203 1512 2573 1587 τρεπισμὲνων
2637 1513 2773 1586 (16).
2833 1513 3002 1587 ’Πμὰς
3061 1511 3118 1568 δὲ
3174 1514 3291 1590 εἶχε
3331 1516 3395 1569 τὸ
3443 1516 3609 1591 ἱερὸν,
3647 1516 3855 1588 μύστας

2205 1603 2344 1675 ὁμοῦ
2374 1603 2486 1674 (17)
2516 1600 2606 1656 καὶ
2660 1602 2838 1663 ἱκέτας
2886 1600 3097 1675 (ἐπειδὴ
3148 1607 3255 1658 τῶν
3307 1601 3493 1659 ἄλλων
3530 1605 3857 1681 ἀπεγνώκει-

2208 1711 2301 1763 μεν
2352 1690 2642 1763 ἁπάντων),
2689 1691 2825 1766 πρὸς
2878 1691 2970 1746 τὸν
3026 1690 3193 1767 μέγαν
3242 1693 3425 1768 ἱατρὸν
3475 1693 3565 1747 καὶ
3603 1695 3703 1763 τήν
3751 1701 3855 1763 τῆς

2201 1778 2393 1842 νυκτὸς
2454 1778 2663 1848 ἐκείνης
2713 1776 2941 1853 δύναμιν
2998 1781 3450 1858 καταφεύγοντας,
3510 1780 3600 1836 καί
3650 1784 3751 1851 τήν
3772 1805 3855 1838 τε-

2124 1908 2172 1973 Β
2205 1866 2453 1923 λευταίαν
2513 1868 2849 1944 ἐπικουρίανθ
2907 1868 2961 1923 τί
3017 1868 3106 1923 καὶ
3166 1874 3251 1948 φῶ
3304 1889 3317 1940 ;
3380 1871 3753 1946 ἑορτάσοντας,
3815 1875 3849 1942 ἢ

2204 1958 2571 2032 θρηνήσοντας
2624 1976 2636 2025 ;
2697 1958 3156 2033 πανηγυρίσοντας
3206 2002 3219 2027 ,
3279 1960 3313 2027 ἢ
3368 1962 3703 2031 τιμήσοντας
3757 1962 3851 2015 τὸν

2202 2044 2379 2100 οὐκέτι
2424 2044 2648 2109 ἐνταῦθα
2692 2046 2760 2100 τὰ
2796 2045 3095 2123 ἑπιτάφια;
3139 2048 3204 2102 Ὠ
3251 2052 3355 2102 τῶν
3418 2045 3662 2124 δακρύων
3716 2047 3854 2103 ὲκεί-

2199 2154 2329 2203 νων,
2380 2134 2415 2188 ἃ
2459 2135 2605 2206 παρὰ
2657 2136 2857 2196 παντὸς
2904 2135 3066 2211 ἐχέθη
3117 2140 3214 2190 τοῦ
3255 2136 3388 2192 λαοῦ
3430 2142 3727 2207 τηνικαῦτα
3760 2140 3773 2194 !
3807 2137 3851 2193 ὣ

2201 2227 2414 2303 φωνῶν,
2465 2223 2553 2277 καὶ
2606 2224 2772 2299 βοῶν,
2814 2224 2902 2278 καὶ
2950 2224 3130 2297 ὕμνων
3179 2227 3287 2299 (18)
3332 2230 3449 2288 ταῖς
3494 2224 3850 2299 ψαλμῳδὶαις

2200 2310 2637 2388 συγκιρναμὲνων
2668 2313 2679 2369 !
2712 2314 2968 2383 Ἐζήτουν
3018 2314 3165 2387 παρὰ
3208 2318 3307 2370 τοῦ
3356 2315 3505 2389 ἱεροῦ
3554 2315 3646 2369 τὸν
3676 2316 3845 2390 ἱερέα,

2196 2402 2343 2477 παρὰ
2403 2406 2500 2456 τοῦ
2572 2402 2873 2477 μυστηρίου
2931 2402 3023 2457 τὸν
3090 2404 3449 2479 μυσταγωγὸν
3487 2448 3500 2471 ,
3548 2404 3694 2481 παρᾶ
3748 2411 3847 2460 τοῦ

2198 2495 2332 2545 Θεοῦ
2360 2490 2453 2544 τὸν
2504 2488 2648 2560 ἄξιον
2693 2490 3062 2565 παραστάτην·
3106 2492 3195 2546 καὶ
3243 2496 3409 2546 ταῦτα
3450 2493 3539 2565 ἦν,
3591 2492 3847 2568 ἔξαρχού-

2199 2600 2299 2649 σης
2346 2586 2447 2648 τῆς
2498 2579 2637 2651 ὶμῆς
2684 2579 2893 2654 Μαρίας
2940 2582 3093 2653 (19),
3137 2580 3226 2635 καὶ
3289 2580 3731 2655 ἀνακρουομὲειης
3781 2583 3843 2637 τὸ

2195 2666 2497 2740 τύμπανον,
2532 2667 2593 2721 οὺ
2621 2666 2685 2721 τὸ
2734 2666 3019 2740 ἐπινίκιον,
3052 2667 3200 2724 ἀλλὰ
3245 2669 3308 2723 τὸ
3338 2670 3562 2739 ἱκέσιον,
3594 2669 3684 2723 καὶ
3722 2670 3847 2725 τότε

2196 2761 2411 2833 πρῶτον
2446 2756 2819 2831 ἀναισχυντεῖν
2873 2756 3151 2830 μαθούσης
3202 2759 3303 2813 ὑπὸ
3352 2762 3449 2813 τοῦ
3496 2758 3721 2825 πάθους,
3757 2760 3845 2813 καὶ

2196 2840 2552 2914 καταϐοώσης
2599 2849 2697 2899 τοῦ
2746 2842 2884 2899 λαοῦ
2933 2866 2992 2900 τε
3038 2846 3249 2918 ὁμοίως
3299 2847 3389 2901 καὶ
3434 2852 3532 2901 τοῦ
3562 2852 3718 2902 Θεοῦ’
3749 2852 3846 2902 τοῦ

2202 2934 2323 3009 μὲν,
2355 2931 2640 3007 συναλγεῖν
2670 2932 2957 3008 πασχούσῃ
2988 2936 3121 3007 (20),
3154 2935 3243 2989 καὶ
3291 2935 3844 3013 προσφιλοτιμεῑσθιι

2196 3028 2314 3084 τοῖς
2348 3019 2593 3097 δάκρυσι’
2640 3024 2735 3076 τοῦ
2769 3019 2848 3092 δὲ,
2882 3021 3177 3077 εἰσακούειν
3217 3028 3323 3078 τῶν
3376 3021 3668 3098 δεομένων,
3718 3027 3847 3079 πάν-

2196 3133 2302 3167 των
2337 3110 2496 3166 αὐτὸν
2543 3114 2650 3165 τῶν
2696 3111 2802 3185 πρὸ
2849 3109 3044 3166 τούτου
3092 3112 3380 3185 θαυμάτων
3436 3116 3544 3186 (21)
3591 3115 3702 3183 (καὶ
3741 3114 3845 3189 γὰρ

2199 3199 2472 3277 εύρετικὸν
2498 3200 2560 3253 τὸ
2589 3198 2839 3274 πάσχειν)
2872 3200 3382 3275 ὑπομιμνήσκουσα.

431 3293 696 3350 moribus
726 3295 1109 3367 implorante;
1166 3298 1333 3355 illum
1380 3316 1611 3371 nempe,
1645 3304 1711 3355 ut
1742 3297 1957 3354 dolenti
1992 3292 2346 3359 condoleret,
2379 3291 2768 3362 certatimque
2799 3307 2933 3346 cum
2981 3307 3049 3347 ea
3095 3291 3385 3364 lacrymas
3432 3293 3852 3364 profunderet;

427 3380 587 3438 hunc
618 3388 836 3453 autem,
872 3391 938 3441 ut
968 3394 1201 3444 orantes
1230 3389 1554 3457 exaudiret,
1587 3405 1652 3445 ac
1686 3387 2105 3443 miraculorum
2138 3381 2425 3450 omnium,
2459 3396 2586 3453 quas
2628 3380 2794 3452 prius
2837 3380 3100 3436 ediderat
3131 3382 3422 3455 (magnam
3452 3383 3606 3437 enim
3641 3383 3715 3437 ad
3745 3383 3847 3437 in-

430 3472 782 3528 veniendum
815 3475 927 3529 vim
961 3476 1126 3532 dolor
1154 3477 1372 3549 habet),
1407 3478 1816 3533 submonente.

505 3559 695 3616 XXIX.
730 3563 875 3626 Quid
910 3564 1089 3636 igitur
1119 3568 1305 3622 noctis
1328 3544 1505 3637 imus,
1532 3573 1590 3623 et
1630 3567 1883 3640 jacentis
1931 3565 2086 3623 σεο

2269 3558 2387 3613 KB'.
2409 3556 2469 3611 Τί
2499 3554 2589 3612 οὖν
2641 3556 2864 3612 ἐνταῦθα
2911 3558 3023 3631 (22)
3055 3556 3083 3610 ὁ
3110 3564 3209 3626 τῆς
3258 3558 3448 3620 νυκτὸς
3490 3556 3701 3628 ἰκείνης
3752 3544 3855 3613 καἒ

436 3648 619 3705 Deus?
640 3650 779 3706 Mihi
813 3653 884 3707 ad
916 3670 1139 3723 eorum,
1161 3674 1285 3727 quae
1313 3662 1662 3725 sequuntur,
1698 3656 2088 3711 narrationem

435 3740 854 3810 progredienti,
887 3742 1289 3800 cohorrescere
1318 3746 1509 3809 subit;
1544 3763 1609 3801 ac
1638 3762 1741 3802 vos
1769 3745 1943 3801 etiam
1993 3760 2088 3800 co-

436 3827 785 3885 horrescatis
844 3831 1035 3895 ινυηῗῖηπ,
1097 3851 1208 3889 non
1264 3840 1459 3890 autem
1506 3835 1677 3891 ﬁdem
1711 3834 1955 3890 orationi
1990 3834 2088 3888 de-

435 3917 721 3975 trahatis:
750 3937 935 3992 neque
966 3922 1119 3977 enim
1148 3924 1233 3978 fas
1262 3928 1518 3988 est,cum
1550 3930 1606 3980 et
1637 3941 1762 3991 nos,
1782 3929 1840 3980 et
1869 3925 1940 3979 de
1963 3922 2086 3993 illo,

432 4008 608 4063 verba
640 4008 939 4064 faciamus.
975 4011 1229 4082 Mysterii
1262 4018 1494 4085 tempus
1525 4014 1748 4084 aderat,
1800 4019 1856 4067 et
1911 4026 2082 4067 vene-

433 4096 619 4151 randa
639 4097 835 4163 statio,
868 4104 1040 4171 atque
1061 4102 1220 4167 ordo,
1255 4103 1325 4156 ad
1357 4119 1423 4157 ea
1452 4120 1581 4175 quae
1611 4104 2019 4159 celebrabantu

436 4174 691 4244 quietem
751 4183 809 4233 et
864 4180 1162 4235 silentium
1209 4187 1437 4251 tenens,
1469 4174 1601 4239 cum
1634 4184 1733 4240 ille
1762 4186 1834 4240 ab
1864 4202 1952 4252 eo,
1985 4204 2100 4258 qu1

439 4260 700 4310 mortuos
728 4259 796 4311 ad
830 4259 1011 4314 vitam
1043 4268 1294 4330 revocat,
1324 4267 1383 4318 et
1410 4280 1442 4317 a
1492 4269 1662 4320 nocte
1718 4274 2090 4324 sacrosancta

438 4342 935 4402 eXcitatur.Primo
959 4348 1262 4419 paululum
1285 4367 1346 4406 se
1368 4353 1798 4420 movet,deinde
1832 4355 2087 4413 ﬁrmius:

440 4446 574 4487 mox
600 4432 809 4504 exigua
838 4436 1156 4491 admodum
1189 4444 1245 4493 et
1303 4440 1552 4496 obscura
1607 4458 1745 4498 voce
1802 4444 2084 4501 famulum

436 4520 751 4592 quemdam
782 4538 849 4578 ex
879 4524 971 4593 iis,
996 4527 1094 4595 qui
1128 4526 1179 4580 ei
1210 4528 1587 4596 assistebant,
1618 4533 1960 4588 nominatim
1995 4552 2090 4590 ac-

433 4608 615 4665 citum
646 4616 855 4680 praesto
886 4629 1109 4682 esse,ac
1141 4623 1363 4671 vestem
1398 4619 2092 4695 porrigere,manumque

503 4726 549 4761 ⁷³
577 4726 755 4782 Exod.
784 4744 876 4795 xv,
906 4731 995 4784 20.

505 4853 616 4948 ξιξ)
645 4853 1112 4948 ζιζτῑξρσξιίέρηταεί
1132 4858 1273 4948 Res-
1307 4876 1361 4926 αν
1393 4861 1569 4948 (ξοίειο
1604 4864 1656 4948 4»
1687 4861 2089 4948 ὑπερεφρητμιο

434 4924 1653 5023 ἓξςλίμιῖτξεεηρὲὴῖοξε[υτοέπείέιλώρηταιπ
1671 4924 1821 5023 ειμρδ
1856 4924 2092 5023 9W?-

435 4996 564 5082 Qsio
595 4996 1128 5082 place_t.:M0ntao‘.',
1191 4996 1917 5082 ὁπηρώηταὶχαίχόἰᾱᾳυίό
1980 5010 2091 5066 sub

435 5068 536 5154 illo
578 5068 831 5154 1(pala'to)
870 5074 1123 5154 pendet,
1152 5095 1180 5124 ››
1214 5068 1329 5154 quo
1360 5068 1731 5148 potissimum
1764 5068 1812 5130 α’
1827 5080 2090 5154 linguam

434 5139 633 5217 palato
662 5139 985 5217 subjectam
1016 5167 1043 5194 »
1078 5139 1387 5217 significat.

507 5213 619 5411 (16)
650 5213 1161 5289 ΗύτρεπισμὲνωνῘ
1178 5217 1272 5273 0r.
1310 5220 1361 5283 1,
1396 5218 1853 5291 εὐτρὲπισμᾶνων.

504 5286 595 5352 (17
649 5285 883 5358 Μύστας,
918 5294 1026 5346 etc.
1060 5311 1087 5339 «
1121 5293 1426 5344 Sacrorum
1464 5292 1756 5347 antistites
1808 5293 1853 5347 si

512 5373 587 5411 DD
618 5358 751 5411 ires.
807 5383 835 5408 »
883 5364 1015 5411 Inse
1042 5359 1459 5411 intelligendus
1490 5368 1578 5411 est
1608 5363 1853 5411 Thenlnc

436 5358 751 5437 supplices.
807 5383 835 5408 »
883 5364 1015 5437 Ipse
1033 5359 1459 5437 intelligendus
1490 5368 1578 5417 est
1608 5363 1963 5436 Theologus,
1994 5366 2094 5437 qui

435 5430 621 5506 patris
654 5432 808 5506 vices
836 5430 1067 5506 agebat.
1093 5430 1303 5506 _Elias:
1338 5455 1367 5482 ‹‹
1401 5433 1609 5506 festum
1644 5430 1907 5506 agentés.
1944 5430 1964 5488 ὁ

446 5501 623 5626 Ορῗ)
683 5499 779 5554 Καὶ
834 5499 1040 5573 ὕμνων.
1092 5502 1219 5559 Haec
1250 5504 1465 5559 desunt
1493 5505 1549 5558 in
1585 5499 1763 5579 Regg.
1796 5524 1848 5573 a,
1883 5507 2003 5576 bm,
2040 5512 2097 5565 et

494 5587 542 5624 Γ.
578 5587 629 5624 1.

434 5642 580 5744 1;..;(.1
587 5640 913 5744 ῗξηῖίῖἒίῗῖῗζ
933 5644 1109 5701 Juxta
1135 5644 1344 5718 Euam:
1367 5651 1629 5705 Νοοηδω
1660 5654 1906 5708 matrem
1935 5649 2102 5708 intel-

462 5713 571 5781 igit
603 5713 936 5785 Gregorius.

649 5285 883 5358 Μύστας,
918 5285 1026 5346 etc.
1060 5311 1087 5339 «
1121 5293 1426 5344 Sacrorum
1464 5285 1756 5347 antistites
1808 5293 1990 5349 simul
2038 5298 2096 5350 et

2195 3651 2292 3701 τοῦ
2320 3646 2570 3720 κειμένου
2601 3645 2732 3707 Θεός
2766 3664 2778 3713 ;
2812 3644 3062 3721 Φρίττειν
3094 3643 3380 3721 ἐπέρχεταί
3416 3666 3509 3717 μοι
3558 3653 3677 3708 τοῖς
3725 3648 3855 3719 ἑξῆς

2196 3734 2475 3811 προσιόντι
2532 3739 2630 3789 τοῦ
2689 3731 3036 3808 διηγήματος
3094 3737 3208 3808 (23)
3267 3736 3565 3813 (φρίττοιτε
3633 3734 3693 3791 δὲ
3760 3737 3855 3790 καὶ

2199 3823 2373 3897 ὑμεῖς,
2408 3824 2459 3878 οἱ
2493 3822 2800 3890 ἀκούοντες,
2838 3824 2912 3895 μὴ
2948 3822 3262 3894 ἀπιστοίητε
3311 3823 3388 3879 δέ·
3422 3824 3482 3879 ού
3530 3825 3634 3898 γὰρ
3680 3824 3855 3892 ὅσιον,

2196 3914 2356 3985 ἡμῶν
2405 3915 2516 3985 (24)
2565 3911 2654 3967 καὶ
2702 3912 2827 3987 περὶ
2875 3910 3084 3966 ἱκείνου
3134 3909 3558 3987 διηγουμένων).
3604 3919 3795 3987 Παρῆν
3828 3914 3860 3968 ὁ

2197 4006 2294 4056 τοῦ
2344 4000 2644 4074 μυστηρίου
2690 4000 2897 4076 καιρὸς,
2950 4000 3039 4054 καὶ
3091 4003 3125 4070 ἡ
3179 3997 3473 4075 σεϐάσμιος
3526 4002 3733 4070 στάσις,
3766 4003 3863 4057 καὶ

2195 4089 2363 4161 τάξις,
2423 4095 2539 4152 τοῖς
2595 4089 2951 4163 τελουμένοις
3003 4087 3459 4167 ἐφησυχάζουσαο
3515 4091 3544 4144 ὀ
3602 4089 3662 4146 δὲ
3713 4094 3867 4164 παρὰ

2196 4184 2291 4235 τοῦ
2326 4183 2724 4248 ζωοποιοῦντος
2748 4177 2877 4240 τοὺς
2908 4178 3128 4255 νεκροὺς
3178 4178 3267 4234 καί
3309 4186 3407 4249 τῆς
3463 4181 3609 4256 ἱερᾶς
3655 4182 3865 4241 νυκτὸς

2199 4266 2552 4326 διανίσταται.
2600 4268 2808 4341 Μικρὸν
2862 4266 3192 4322 ὑποκίνεῖται
3243 4273 3492 4344 πρῶτον,
3543 4269 3657 4323 εἶτα
3705 4269 3866 4345 στερ-

2202 4356 2440 4435 ῥότερον·
2477 4357 2590 4411 εἶτα
2617 4355 2849 4418 καλέσας
2902 4360 3008 4410 τῶν
3058 4356 3473 4432 παραμενόντων
3520 4359 3645 4412 τινὰ
3692 4360 3858 4431 θερα-

2202 4447 2404 4516 πευτὴν
2581 4444 2632 4515 ἐξ
2682 4444 2973 4517 ὀνόματος,
3027 4446 3196 4520 μικρὰ
3244 4446 3380 4499 πάνυ
3407 4444 3496 4499 καὶ
3539 4443 3761 4520 ἀμ.υὸρᾷ
3791 4449 3864 4517 τῇ

2200 4539 2376 4613 φωνῇ,
2407 4533 2656 4609 παρεῖναί
2683 4554 2743 4588 τε
2771 4531 2861 4588 καὶ
2912 4530 3119 4609 ὀρέγειν
3165 4532 3378 4603 ἐσθῆτα,
3422 4534 3512 4587 καὶ
3557 4540 3722 4610 χεῖρα
3757 4536 3865 4590 ὑπ-

2201 4622 2347 4699 έχειν
2396 4621 2659 4679 ἐκέλευεν.
2714 4621 2817 4680 Καὶ
2864 4622 2923 4683 ’ὸς
2972 4627 3149 4696 παρῆν
3204 4622 3318 4695 μετ’
3363 4620 3714 4693 ἐκπλήξεως,
3767 4628 3864 4679 καὶ

2271 4867 2383 4940 (20)
2414 4862 2730 4940 [Ιαιγχρύσ-ςδἶ
2766 4864 2912 4932 Jes.,
2926 4863 3318 4940 παρασχούσῃ.

2275 4934 2385 5009 (21)
2443 4934 2619 4993 Αὗτόν
2680 4934 2786 5009 τῷν
2814 4935 2949 5009 Ῠπρὸ
2994 4934 3189 5009 τούτου
3221 4934 3529 5008 θαυμάτων.
3566 4938 3711 5009 Reg.
3738 4940 3873 5003 bm.

2200 5007 2398 5083 αὐτῶν,
2434 5009 2692 5083 [melius]
2729 5007 2905 5083 Cois].
2938 5009 2991 5075 2,
3025 5008 3129 5083 προ
3157 5011 3253 5061 τοῦ
3285 5007 3685 5083 [βω-προτοῦ)
3735 5022 3869 5073 0n-

2205 5079 2410 5152 μάτων.
2435 5079 2564 5136 Bill.
2598 5079 2949 5152 infsecunda
2976 5080 3242 5135 versione
3263 5079 3326 5135 ξιξ
3351 5079 3635 5137 miracula
3658 5079 3879 5137 omnia

2201 5150 2261 5227 in
2294 5153 2639 5227 memoriam
2669 5150 3131 5227 ipsiredigenle.
3155 5174 3183 5202 η
3215 5152 3455 5220 Verum,
3477 5153 3586 5209 hac
3618 5156 3875 5227 postha-

2203 5225 2345 5295 bita,
2381 5225 2629 5297 priorem
2646 5223 3058 5297 _restituimus.

2274 5293 2398 5378 (22)
2422 5294 2610 5378 Ἰξί-οὗν
2642 5293 2886 5378 ἐνταῦθα,
2928 5300 3038 5378 etc:
3092 5293 3298 5378 {Quid
3331 5293 3426 5378 bic
3450 5296 3878 5378 igitur‘noctjs

2202 5365 2385 5448 illius,
2416 5373 2473 5423 et
2495 5367 2747 5450 jacentis
2777 5366 2979 5438 mgroti
3008 5366 3147 5421 facit
3177 5366 3374 5423 Deus?
3400 5387 3425 5418 ν
3447 5365 3540 5422 Sic
3571 5367 3788 5423 Billins
3815 5368 3877 5422 in

2204 5455 2395 5509 prima
2424 5456 2707 5495 versione.

2295 5512 2387 5576 23)
2421 5511 2804 5582 Λιηγήματος,
2826 5505 3000 5582 Gois‘l.
3035 5508 3086 5574 1,
3118 5504 3413 5579 θαύματος.

2296 5583 2388 5653 24)
2418 5577 2622 5653 sese;
2655 5579 2828 5636 Coisl.
2862 5580 2912 5653 t_,
2947 5577 3120 5649 ὑμῶν.

2454 5651 2803 5722 Θε.απευτήν.
2874 5651 3014 5723 Reg.
3083 5667 3133 5719 ι,
3202 5651 3390 5708 Coisl.
3460 5654 3524 5724 1,
3593 5661 3879 5724 θεραπευ-

2205 5741 2333 5780 των.

2274 5510 2294 5723 ἓ
