4138 6212
316 407 460 467 1021

1190 409 1483 473 ORATIO
1527 408 1750 470 XVIII.
1778 440 1856 451 -—
1887 408 2279 470 FUNEBRIS
2324 408 2403 469 IN
2450 410 2795 472 PATBEM.

3562 410 3717 472 1022

312 538 562 611 ὑπηρετει
621 537 955 612 προθύμως·
1013 541 1102 593 καὶ
1151 538 1208 601 ὃς
1439 540 1512 602 ὡς
1576 537 1844 613 βακτηρίᾳ
1880 542 1949 612 τῇ

2070 540 2351 609 subjicere
2383 541 2565 611 jubet.
2590 541 2696 604 Qui
2730 558 2862 597 cum
2896 558 3010 598 non
3044 542 3168 597 sine
3200 546 3437 613 stupore
3457 542 3711 612 adesset,

311 625 653 701 χειραγωγίᾳ
682 628 1053 703 χρησάμενος,
1094 635 1342 701 μιμεῖται
1372 630 1461 683 τὸν
1514 628 1599 682 ἐπὶ
1647 633 1743 682 τοῦ
1794 624 1954 702 ὅρους

312 714 537 769 Μωδσέα
581 718 714 788 (27),
767 716 856 769 καὶ
906 718 1001 778 τὰς
1056 717 1382 790 παρειμένας
1426 723 1615 793 χεῖρας
1671 716 1744 777 εἷς
1786 716 1953 790 εύχήν

312 802 681 877 σχηματίσας,
725 803 966 859 συντελεῖ
996 806 1295 878 προθύμως
1404 807 1660 880 προτιλεῐ
1701 810 1797 859 τοῦ
1842 806 1953 877 (28)

312 891 447 946 λαοῦ
477 894 542 945 τὰ
577 895 865 967 μυστήρια,
899 894 1103 968 ῥήμασι
1140 895 1234 966 μὲν
1269 893 1480 970 ὀλίγοις
1510 894 1596 948 καὶ
1628 892 1777 955 ὅσοις
1810 891 1954 947 ἔσθε-

309 1001 412 1047 νεν,
474 979 685 1052 διανοίᾳ
735 979 809 1045 δὲ,
863 982 938 1044 ὡς
989 982 1113 1054 ἐμοὶ
1160 981 1327 1053 δοκεῖ,
1378 983 1466 1037 καὶ
1500 982 1619 1036 λίαν
1648 983 1954 1055 τελεωτάτη

310 1067 376 1141 (ὥ
405 1076 501 1123 τοῦ
535 1070 810 1141 θαύματος
837 1073 894 1142 ί),
929 1069 1052 1125 ἄνευ
1084 1073 1329 1144 βήματος
1363 1072 1447 1126 ἐπὶ
1503 1073 1770 1146 βήματος,
1833 1070 1953 1124 ἄνευ

308 1158 691 1229 θυσιαστηρίου
744 1158 931 1229 θύτης,
977 1161 1149 1235 ἱερεὺς
1196 1160 1385 1237 πόρρω
1433 1165 1540 1215 τῶν
1585 1160 1950 1232 τελουμένων·

310 1247 395 1301 καὶ
442 1252 610 1301 ταῦτα
664 1255 842 1323 παρῆν
903 1248 1050 1320 αύτῷ
1105 1250 1249 1321 παρά
1306 1253 1401 1303 τοῦ
1434 1250 1583 1324 ἁγίου
1614 1249 1948 1320 Πνεύματος,

310 1336 453 1407 αύτῷ
510 1336 605 1408 μὶν
652 1337 1045 1412 γινωσκόμενα,
1094 1344 1210 1400 τοῖς
1257 1336 1485 1409 παροῦσι
1516 1335 1572 1392 δὶ
1601 1337 1708 1413 οὐχ
1738 1339 1953 1411 ὁρώμε-

307 1445 389 1480 να.
444 1427 575 1480 Εἶτα
620 1424 855 1479 ἐπειπὼν
898 1428 963 1480 τὰ
1022 1434 1122 1495 τῆς
1168 1426 1516 1502 εὐχαριστίας
1565 1426 1782 1501 ῥηματα
1840 1429 1952 1499 (29)

311 1513 507 1585 οὕτως,
540 1514 615 1576 ὡς
648 1513 891 1583 σύνηθες,
932 1515 1020 1569 καὶ
1050 1516 1141 1569 τὸν
1194 1514 1323 1569 λαὸν
1372 1512 1800 1591 κατευλογήσας,
1852 1515 1952 1569 πά-

312 1601 395 1657 λιν
446 1609 545 1671 τῆς
593 1602 787 1671 κλίνης
829 1603 1055 1677 γίνεται,
1103 1612 1309 1682 τροφῆς
1358 1626 1416 1658 τε
1451 1603 1641 1679 μικρόν
1673 1626 1723 1658 τι
1753 1605 1953 1680 προσὲ..

314 1712 469 1764 μενος
529 1695 661 1765 (30),
718 1693 806 1746 καὶ
865 1692 1033 1747 ὕπνου
1097 1688 1441 1765 μεταλαϐὼν,
1499 1692 1843 1748 ἀνακαλεῖται
1892 1695 1953 1748 τὸ

309 1785 556 1852 πνεύματ’
629 1782 718 1835 καὶ
790 1786 909 1842 ταῖς
984 1782 1118 1836 κατά
1201 1782 1390 1856 μικρὸν
1462 1784 1796 1856 προσθήκαις
1854 1786 1953 1852 τῆς

312 1866 489 1940 ὑγείας
536 1871 649 1941 (31)
697 1869 1139 1939 συναυξηθείσης,
1192 1872 1225 1938 ἡ
1276 1871 1431 1937 καινὴ
1466 1877 1642 1945 παρῆν
1668 1872 1782 1942 (32)
1813 1870 1952 1944 ἡμέ-

311 1977 374 2033 ρα
402 1964 504 2025 τῆς
536 1956 728 2029 ἑορτῆς
779 1959 860 2029 (ἣν
911 1957 1082 2020 οὕτως
1122 1957 1456 2031 ὀνομάζομεν
1488 1960 1711 2031 πρώτην
1758 1966 1952 2033 Κυρια-

308 2046 427 2115 κήν,
482 2047 617 2116 μετα
671 2048 771 2113 τήν
820 2045 1181 2118 ἀναστάσιμον
1226 2047 1425 2116 ταύτην
1476 2043 1738 2123 ἔχοντες)
1772 2048 1861 2101 καὶ
1892 2049 1953 2102 τὸ

314 2134 451 2207 ιερὸν
484 2129 805 2189 καταλαϐὼν
840 2134 930 2188 σὺν
964 2136 1122 2189 παντὶ
1151 2140 1229 2207 τῷ
1274 2143 1371 2205 τῆς
1426 2134 1749 2206 Έκκλησίας
1806 2137 1953 2207 πλη-

313 2223 526 2298 ρώματι
588 2223 871 2297 ἐγκαινίζει
913 2225 1011 2293 τὴν
1066 2224 1359 2299 σωτηρίαν,
1417 2226 1507 2279 καὶ
1556 2224 1668 2278 θύει
1698 2226 1765 2279 τὰ
1794 2245 1955 2301 χαρι-

311 2314 526 2386 στήρια.
580 2312 677 2366 Καί
732 2312 824 2384 μοί
871 2334 922 2366 τι
970 2316 1130 2367 τοῦτο
1172 2316 1281 2386 (33)
1311 2314 1373 2367 τὸ
1404 2312 1555 2389 ἔργον
1586 2319 1682 2368 τοῦ
1712 2315 1834 2388 περὶ
1864 2315 1956 2369 τὸν

313 2400 557 2476 Ἐζεχίαν
592 2400 865 2473 θαύματος
899 2401 997 2456 οὐκ
1038 2402 1357 2475 ἀτιμότερον
1414 2406 1565 2474 (34)⁶
1624 2404 1679 2457 δν
1730 2404 1955 2473 ἀσθενή-

314 2510 477 2544 σαντα
524 2491 611 2543 καὶ
672 2488 949 2563 δεηθέντα,
1007 2494 1291 2566 προσθήκῃ
1352 2494 1494 2560 ζωῆς
1555 2493 1583 2547 ὁ
1616 2493 1745 2554 Θεὸς
1777 2490 1956 2562 ἐδόξα-

314 2597 419 2632 σεν⁶
452 2578 542 2631 καὶ
575 2583 732 2633 τοῦτο
782 2578 1035 2655 ἐγνώρισε
1080 2583 1147 2652 τῇ
1198 2585 1321 2650 σκιᾷ
1356 2584 1463 2635 τῶν
1497 2576 1817 2653 ἀναϐαθμῶν
1861 2580 1954 2635 ἐπ-

310 2667 599 2741 αναχθείσῃ
795 2669 932 2723 κατᾶ
960 2670 1058 2737 τὴν
1087 2667 1249 2723 αύτοῦ
1277 2673 1374 2724 τοῦ
1407 2669 1669 2726 σωθέντος
1718 2671 1952 2739 αἶ’τησινο

310 2756 449 2826 ὑμοῦ
478 2777 535 2809 τε
562 2760 629 2828 τῇ
664 2758 850 2832 χάριτι
879 2757 967 2811 καὶ
997 2762 1076 2828 τῷ
1112 2757 1327 2830 σημείῳ
1354 2759 1445 2813 τὸν
1484 2758 1707 2833 βασιλέα
1752 2764 1951 2832 τιμῶν,

302 2844 389 2897 καὶ
420 2846 490 2914 τῇ
538 2847 819 2919 προσθήκῃ
866 2853 966 2914 τῆς
1016 2846 1227 2921 ἡμέρας
1268 2848 1364 2915 τὴν
1396 2852 1503 2901 τῶν
1537 2850 1760 2922 ἡμερῶν
1793 2869 1958 2923 προσ-

304 2934 479 3006 θήκην
514 2955 896 3006 πιστουςιενος.

378 3200 455 3255 Λ’.
487 3200 555 3253 Τὸ
588 3197 634 3253 δ’
664 3199 793 3254 αὐτὸ
839 3199 928 3254 καὶ
981 3199 1101 3275 περὶ
1150 3201 1249 3269 τὴν
1293 3200 1501 3274 μητέρα
1527 3201 1626 3269 τὴν
1656 3200 1794 3273 ἐμὴν
1826 3222 1949 3255 συν-

1985 1918 2032 1984 Β

2065 634 2453 699 prompteque
2479 630 2920 700 obsequeretur,
2946 632 3069 702 ipse
3093 648 3267 685 manu
3298 636 3574 702 tanquam
3608 634 3708 686 ba-

2065 716 2195 771 culo
2221 717 2454 785 ductus,
2483 718 2734 791 Moysem
2763 719 2928 774 illum
2964 720 3019 774 in
3054 726 3249 774 monte
3281 724 3543 774 orantem
3577 720 3710 774 imi-

2064 810 2241 873 tatur,
2278 807 2592 877 fractisque
2623 825 2686 862 ac
2721 808 3037 864 debilitatis
3074 809 3345 864 manibus
3377 809 3446 863 ad
3498 811 3710 865 oratio-

2066 911 2197 949 nem
2231 896 2587 965 compositis,
2624 897 2799 952 alacri
2836 898 3030 953 animo
3061 914 3192 953 cum
3225 897 3462 969 populo,
3489 897 3575 951 vel
3610 914 3711 969 pro

2064 983 2279 1054 populo
2313 985 2591 1055 mysteria
2621 986 2864 1057 peragit,
2902 986 3100 1056 paucis
3132 987 3387 1058 quidem,
3414 992 3469 1041 et
3499 988 3712 1057 quibus

2064 1076 2308 1143 poterat,
2332 1073 2540 1139 verbis,
2568 1080 2760 1129 mente
2793 1082 3008 1145 autem,
3036 1080 3099 1130 ut
3130 1076 3277 1130 mihi
3308 1076 3557 1142 videtur,
3581 1093 3709 1148 per-

2064 1176 2240 1230 quam
2264 1160 2523 1231 integra;
2556 1178 2675 1216 rem
2703 1163 2942 1217 miram!
2984 1163 3109 1217 sine
3142 1164 3393 1219 sacrario
3424 1164 3480 1219 in
3515 1180 3705 1219 sacra-

2062 1249 2168 1315 rio,
2193 1250 2322 1305 sine
2344 1250 2512 1304 altari
2544 1251 2863 1315 sacrificus,
2889 1253 3159 1306 sacerdos
3190 1269 3222 1306 a
3254 1252 3550 1324 mysteriis
3582 1270 3710 1323 pro-

2063 1338 2156 1391 cul
2184 1344 2463 1393 remotus.
2488 1340 2673 1409 Atque
2697 1339 2815 1394 haec
2837 1356 3068 1411 quoque
3090 1339 3172 1394 illi
3200 1358 3232 1395 a
3260 1342 3475 1412 Spiritu
3505 1347 3705 1396 sancto

2062 1428 2324 1494 aderant,
2359 1428 2469 1498 ipsi
2513 1429 2749 1499 quidem
2805 1430 3057 1501 cognita,
3092 1430 3478 1499 praesentibus
3511 1434 3706 1483 autem

2061 1514 2519 1587 haudquaquam
2555 1522 2873 1589 perspecta.
2922 1518 3150 1587 Postea,
3199 1534 3331 1573 cum
3382 1518 3702 1589 gratiarum

2063 1603 2307 1659 actionis
2339 1607 2531 1669 verba,
2564 1606 2645 1660 ita
2676 1612 2739 1660 ut
2768 1607 3129 1662 consuetudo
3161 1608 3288 1673 fert,
3345 1606 3703 1677 protulisset,

2064 1708 2129 1747 ac
2164 1694 2444 1763 populum
2490 1695 2901 1761 benedixisset,
2950 1695 3011 1749 in
3056 1695 3338 1751 lectulum
3388 1712 3595 1750 rursus
3647 1710 3708 1750 se

2064 1780 2405 1850 conjicit.Cu
2417 1798 2592 1853 mque
2611 1784 2913 1854 paululum
2931 1784 3210 1855 quiddam
3223 1785 3334 1840 cibi
3351 1784 3707 1851 admisisset,

2065 1886 2131 1924 ac
2154 1870 2343 1924 somni
2368 1870 2654 1943 particeps
2677 1873 2862 1927 factus
2890 1872 3115 1936 fuisset,
3143 1873 3416 1943 spiritum
3446 1877 3671 1927 revocat
3694 1890 3706 1941 ;

2065 1963 2352 2029 auctaque
2383 1959 2664 2030 paulatim
2696 1960 2966 2029 sanitate,
3009 1977 3143 2016 cum
3194 1977 3379 2017 novus
3425 1960 3523 2015 ille
3578 1961 3707 2015 festi

2065 2048 2188 2102 dies
2219 2046 2320 2117 (ita
2348 2065 2481 2103 eum
2514 2048 2897 2120 appellamus,
2946 2050 3098 2121 quod
3154 2054 3285 2121 post
3330 2049 3705 2105 resurrectio-

2066 2151 2198 2190 nem
2214 2136 2577 2192 Dominicam
2599 2139 2857 2209 primum
2877 2155 3009 2193 eum
3030 2138 3527 2210 habeamus,)jam
3546 2140 3711 2194 ades-

2065 2230 2172 2293 set,
2206 2224 2263 2279 in
2304 2226 2589 2298 templum
2624 2244 2685 2282 se
2715 2228 2957 2295 confert,
2990 2244 3058 2282 ac
3089 2244 3224 2283 cum
3250 2228 3409 2283 omni
3442 2227 3707 2283 Ecclesiae

2065 2315 2341 2385 agmnine
2371 2314 2581 2370 salutis
2612 2316 2869 2371 encwnia
2899 2315 3172 2381 celebrat,
3217 2320 3390 2387 atque
3444 2316 3503 2370 in
3559 2315 3710 2387 grati

2066 2403 2248 2458 animi
2282 2404 2768 2475 signiﬁcationem
2802 2404 3155 2459 sacrificium
3195 2405 3380 2459 offert.
3414 2407 3550 2470 Quae
3580 2405 3711 2475 qui-

2067 2493 2195 2546 dem
2225 2510 2314 2548 res
2338 2493 2620 2548 miraculo
2653 2492 2774 2559 illo,
2799 2494 2950 2564 quod
2984 2492 3044 2547 in
3072 2494 3314 2548 Ezechia
3344 2494 3566 2548 editum
3598 2498 3708 2560 est,

2066 2597 2195 2637 meo
2226 2582 2461 2653 quidem
2496 2582 2742 2652 judicio,
2791 2599 3159 2653 nequaquam
3212 2582 3453 2637 inferior
3510 2582 3709 2637 haberi

2066 2669 2237 2725 debet
2263 2687 2277 2737 ;
2312 2686 2506 2740 quem,
2530 2687 2661 2725 cum
2694 2670 2749 2723 in
2786 2672 3053 2725 morbum
3078 2670 3399 2735 incidisset,
3423 2677 3478 2725 et
3509 2681 3709 2741 prechs

2065 2758 2451 2827 adhibuisset,
2485 2763 2633 2813 Deus
2663 2759 2795 2814 vita:
2825 2758 3184 2814 incremento
3216 2759 3491 2825 donavit;
3531 2758 3710 2829 idque

2064 2848 2341 2902 indicavit
2372 2864 2471 2919 per
2500 2852 2843 2903 retroactam
2876 2848 3165 2919 graduum
3209 2848 3500 2914 umbram,
3536 2852 3709 2918 prout

2063 2938 2309 3008 petierat
2324 2938 2387 3006 ⁷³,
2404 2937 2501 3009 qui
2530 2936 2777 2991 salutem
2803 2938 3042 3008 accepit,
3062 2953 3254 3009 regem
3279 2936 3501 2992 scilicet
3520 2937 3710 3007 gratia

2063 3025 2239 3080 simul
2273 3031 2328 3079 et
2359 3026 2526 3097 signo
2561 3026 2876 3094 honorans,
2909 3029 3083 3097 atque
3114 3027 3261 3083 851
3302 3042 3401 3096 per
3430 3025 3542 3080 diei
3573 3040 3712 3097 aug-

2064 3120 2348 3178 mentum,
2382 3115 2608 3168 dierum
2641 3119 3022 3185 augmentum
3055 3115 3431 3170 confirmans.

2130 3203 2295 3258 XXX.
2335 3204 2486 3259 [dem
2513 3208 2704 3258 autem
2732 3202 3083 3259 miraculum
3117 3204 3176 3258 in
3202 3208 3386 3259 matre
3409 3202 3709 3273 aliquanto

300 3288 508 3363 ηνὲχθη
564 3290 763 3360 θαῦμα,
833 3288 894 3343 ού
956 3290 1147 3363 μικρὸν
1205 3289 1460 3365 ὕστερον·
1519 3291 1665 3360 ἄξιον
1718 3287 1774 3343 δὲ
1807 3287 1948 3362 μηδὲ

2070 3298 2191 3363 post
2230 3292 2490 3363 contigit,
2544 3293 2699 3363 quod
2760 3292 2937 3347 etiam
2992 3292 3190 3362 ipsum
3248 3308 3710 3347 commemorare

296 3381 459 3431 τοῦτο
516 3381 889 3451 παραδραμεῖν
918 3396 929 3409 '
990 3378 1190 3448 ταύτην
1238 3399 1295 3433 τε
1342 3380 1445 3453 γὰρ
1474 3380 1541 3433 τὰ
1573 3379 1753 3433 εἰκότα
1780 3381 1948 3451 τιμή-

298 3486 488 3538 σομεν,
541 3464 689 3542 εῗίπερ
740 3468 863 3520 τινὰ
910 3464 1067 3521 οὖσαν
1116 3475 1286 3540 τιμῆς
1336 3467 1506 3538 ἀξίαν,
1540 3468 1725 3541 ἐκείνῳ
1750 3489 1810 3522 τε
1841 3488 1949 3542 γα-

299 3555 566 3629 ριούμεθα
596 3558 691 3624 τὴν
723 3556 1008 3611 κοινωνίαν
1036 3556 1148 3630 (36)
1186 3562 1283 3611 τοῦ
1333 3554 1489 3631 διηγή
1503 3578 1693 3630 ματος.
1748 3559 1949 3613 Ἄπτε-

297 3666 386 3698 ται
445 3645 697 3714 κάκείνης
757 3644 1032 3721 ἀῤῥωστία
1080 3652 1180 3713 τῆς
1239 3645 1410 3700 πάντα
1457 3653 1779 3721 καρτερικῆς
1813 3650 1946 3717 (37),

293 3734 385 3788 καὶ
436 3733 704 3807 γενναίας,
750 3734 840 3788 καὶ
896 3734 1089 3788 ἀνόσου
1140 3734 1229 3788 τὸν
1280 3734 1487 3788 ἃπαντα
1528 3735 1751 3809 χρόνον.
1805 3734 1949 3789 Πολ-

296 3819 409 3876 λῶν
444 3820 501 3876 δὲ
530 3818 698 3877 ὄντων
728 3828 836 3877 τῶν
871 3822 1212 3888 λυπούντων,
1239 3820 1329 3876 ’ίνα
1362 3824 1436 3893 μή
1492 3824 1693 3898 μακρὸν
1740 3822 1953 3877 ἀποτεί-

294 3932 374 3964 νω
409 3910 607 3985 λόγων,
645 3914 677 3979 ἡ
712 3915 826 3984 (38)
854 3911 1083 3989 ἀτροφία
1110 3909 1172 3965 τι)
1208 3910 1502 3986 βαρύτατον
1535 3914 1598 3979 ἦν
1625 3910 1712 3965 ἐπὶ
1745 3913 1947 3987 συχνὰς

291 3999 506 4075 ἡμέρας
555 3998 716 4054 τοῦτο
776 4000 1179 4073 κινδυνευούσῃ,
1246 3999 1335 4054 καὶ
1403 3997 1569 4072 μηδὲν
1630 3999 1949 4075 εύρισκούσῃ

285 4094 387 4143 τοῦ
419 4094 587 4143 κακοῦ
641 4089 945 4163 φάρμακον.
999 4094 1121 4151 [Ιῶς
1173 4089 1263 4143 οὖν
1310 4090 1489 4166 τρέφει
1540 4088 1742 4160 ταύτην
1776 4088 1945 4159 Θεός;

287 4177 367 4235 Ού
419 4180 586 4251 μάννα
638 4179 848 4255 βρέξας,
899 4179 973 4240 ὡς
1022 4178 1084 4232 τὸ
1127 4176 1295 4233 πάλαι
1343 4179 1423 4249 τῷ
1456 4177 1679 4252 Ἰσραήλ
1708 4198 1720 4210 ’
1756 4179 1792 4247 ἢ
1851 4177 1947 4233 πέ-

357 4306 402 4340 ”
436 4305 509 4359 IV
537 4306 675 4377 Reg.
708 4323 802 4377 xx,
832 4306 900 4373 9;
934 4306 1043 4361 Isa.
1078 4321 1312 4374 xxxvm,
1345 4306 1398 4360 8.
1476 4307 1521 4340 7‘
1550 4305 1726 4361 Exod.
1762 4323 1876 4375 XVI,
1915 4307 2002 4362 17.

366 4449 479 4518 (26)
516 4446 611 4501 Καὶ
644 4445 790 4518 ὅς.Ιο
826 4448 1147 4514 nonnullis,
1179 4446 1268 4500 καὶ
1301 4447 1351 4504 ὁ.

364 4517 475 4590 (27)
508 4517 756 4591 Μωυσέα.
790 4521 929 4591 Reg.
955 4521 1087 4591 rbrn,
1118 4525 1175 4575 et
1205 4519 1300 4574 ΟΡ.
1340 4520 1390 4588 1,
1425 4517 1640 4572 Μωσέα.

2058 3397 2243 3454 operae
2275 3382 2527 3453 pretium
2559 3386 2668 3448 est,
2702 3386 2766 3436 ut
2795 3385 2852 3436 et
2881 3397 3010 3436 eam
3046 3382 3284 3448 honore,
3318 3382 3365 3437 si
3415 3399 3533 3453 qua
3570 3381 3706 3447 alia,

2058 3471 2319 3542 dignam,
2340 3475 2405 3525 ut
2432 3487 2534 3543 par
2555 3476 2661 3537 est,
2688 3470 3065 3537 honoremus,
3089 3475 3145 3526 et
3171 3472 3241 3526 ab
3262 3471 3361 3525 illo
3384 3487 3486 3541 per
3507 3487 3707 3525 narra-

2058 3560 2236 3615 tionis
2268 3560 2603 3615 societatem
2637 3560 2887 3630 gratiam
2928 3560 3214 3615 ineamus.
3268 3560 3427 3615 Hanc
3477 3574 3708 3630 quoque

2060 3651 2299 3704 morbus
2320 3650 2561 3713 invadit,
2590 3651 2793 3704 fortem
2824 3667 2889 3705 ac
2910 3666 3252 3721 generosam
3285 3650 3501 3720 alioqui
3538 3650 3702 3702 femi-

2059 3755 2355 3810 nam,quae
2373 3755 2473 3809 per
2485 3753 2657 3792 omne
2670 3738 2800 3792 vitae
2813 3744 2925 3791 tem
2937 3754 3041 3807 pus
3054 3736 3708 3792 commodavaletudine

2058 3829 2267 3882 fuerat.
2286 3828 2346 3880 In
2370 3826 2569 3880 multis
2587 3831 2782 3880 autem
2806 3826 3216 3889 doloribus,ne
3234 3840 3560 3879 sermonem
3587 3824 3708 3878 lon-

2059 3916 2189 3985 gius
2211 3912 2700 3985 producam,nihil
2720 3913 2957 3983 perinde
2970 3929 3142 3984 grave
3156 3917 3473 3981 erat,atque
3493 3912 3704 3979 inedia,

2058 4020 2175 4074 qua
2217 4004 2432 4057 multos
2470 4004 2595 4072 jam
2647 4003 2770 4056 dies
2810 4000 3133 4072 periculose
3166 4001 3490 4067 laborabat,
3523 4017 3706 4071 neque

2058 4092 2238 4161 hujus
2285 4090 2422 4145 mali
2471 4091 2794 4145 remedium
2836 4089 3021 4143 ullum
3056 4089 3405 4144 inveniebat.
3440 4091 3702 4153 Quonam

2058 4179 2239 4253 igitur
2266 4180 2439 4234 modo
2469 4178 2623 4233 Deus
2655 4195 2779 4233 eam
2814 4177 2968 4234 alit?
2997 4178 3121 4233 Non
3153 4194 3368 4233 manna
3398 4176 3604 4249 pluens
3635 4178 3700 4244 7‘,

2134 4449 2245 4519 (31)
2268 4444 2497 4521 Ὑγείας.
2520 4447 2673 4521 _Reg.
2706 4448 2828 4515 bm,
2863 4445 3088 4519 ὑγιείας.

2126 4517 2540 4600 (’32)ξΗ’καινή
2598 4524 2797 4600 παρῆν,
2847 4517 3017 4600 διας
3068 4522 3261 4574 Novus
3315 4518 3703 4600 solemnitatis

368 4588 475 4661 (28)
511 4588 771 4663 Προτελεῖ
809 4588 906 4644 τοῦ
953 4590 1108 4659 λαοῦ,
1142 4596 1252 4647 etc.
1279 4615 1305 4641 ι(
1341 4594 1449 4645 Pro
1483 4590 1695 4715 populo
1732 4593 1942 4661 myste-

368 4680 385 4715 I.
434 4665 677 4715 neraeit.
706 4688 727 4714 ι
768 4663 972 4715 Billius
1025 4679 1099 4715 ;‹‹
1154 4668 1286 4715 ante
1334 4679 1484 4715 nonu
1518 4678 1613 4715 um
1667 4663 1947 4715 mvsteria

2070 4588 2181 4647 lies
2213 4588 2431 4657 aderat,
2468 4607 2642 4662 quem
2679 4588 2778 4645 sic
2832 4589 3219 4661 appellamus,
3251 4591 3405 4660 quod
3442 4598 3570 4660 post
3600 4592 3705 4645 Re-

2070 4663 2435 4715 surrectionis
2461 4662 2823 4715 Uominicum
2852 4662 3025 4715 diem.
3054 4662 3306 4715 primum
3332 4662 3701 4715 Dominicum

1452 4679 1484 4715 u

292 4664 385 4717 ria
434 4665 677 4735 peragit.
706 4688 727 4714 ι
768 4663 972 4719 Billius
1025 4679 1099 4717 ;‹‹
1154 4668 1286 4735 ante
1334 4663 1613 4735 populum
1664 4663 1947 4735 mysteria

291 4731 538 4806 peragit.
566 4731 603 4783 ›ἷ
629 4734 755 4807 Non
789 4740 941 4790 recte
974 4752 986 4790 :
1022 4752 1128 4807 vo};
1161 4734 1314 4789 enim
1336 4731 1630 4807 ’προτελεῖν
1664 4731 1758 4787 hic
1787 4734 1943 4807 idem

296 4802 469 4879 sonat
499 4822 565 4860 ac
592 4804 1081 4879 ﬁpOE‘SXw‘Bati‘th
1112 4802 1269 4879 λαοῦ,
1292 4828 1320 4855 ‹‹
1346 4802 1510 4860 orare
1540 4822 1642 4876 pro
1672 4804 1946 4877 populo,»

284 4878 444 4948 quod
481 4878 930 4946 apudeumdem
955 4878 1295 4948 Gregorium
1327 4878 1631 4948 reperitur.
1655 4878 1943 4933 Caeterum

282 4949 347 5003 in
401 4949 618 5003 Mouito
672 4950 1043 5019 probavimus
1074 4948 1418 5020 Gregorium
1471 4950 1762 5005 seniorem
1824 4966 1937 5005 non

283 5037 619 5093 verersacra
650 5021 963 5093 peregisse.

365 5092 476 5163 (‘29)
527 5088 918 5165 'E‘rre'iitcbvvﬁé
950 5095 1069 5165 ,τῆς
1122 5088 1463 5165 εὐχαριστίας
1526 5089 1761 5165 ῥήματα.
1825 5090 1942 5165 Bil-

286 5162 409 5217 lius
443 5180 455 5216 :
486 5184 511 5212 ι(
546 5181 677 5218 cum
726 5163 1090 5218 eucharistia:
1122 5162 1296 5217 verba
1326 5162 1534 5217 effatus
1565 5169 1736 5217 esset.
1771 5183 1798 5209 ››
1829 5162 1940 5217 Ve-

290 5251 423 5305 rum
459 5234 516 5288 in
565 5236 719 5290 notis
768 5236 1052 5290 observat.
1089 5250 1190 5305 per
1225 5257 1251 5283 α
1283 5234 1647 5289 eucharistiaa
1695 5234 1889 5300 verba,
1913 5255 1940 5281 ››

292 5304 383 5360 vel
414 5322 481 5360 ea
526 5304 777 5377 intelligi
828 5324 1020 5377 posse,
1054 5304 1267 5374 quibus
1315 5305 1672 5360 consecratio
1721 5305 1942 5377 perﬁci-

287 5383 421 5442 tur;
456 5375 541 5431 vel
572 5395 658 5443 ea,
694 5375 909 5448 quib—us
952 5378 1061 5432 sub
1118 5378 1301 5432 Missa
1352 5378 1524 5431 finem
1556 5394 1590 5432 a
1619 5376 1939 5445 sacerdote,

285 5449 362 5503 ob
404 5458 842 5504 sacrosanctum
891 5448 1154 5519 epulum,
1188 5453 1296 5502 Deo
1345 5448 1544 5519 gratias
1596 5448 1937 5514 agebantur.

283 5520 420 5592 Haec
456 5520 743 5588 posterior
773 5522 1055 5592 expositio
1087 5519 1220 5592 ipsi,
1256 5519 1329 5592 ob
1360 5535 1446 5587 ea,
1483 5535 1607 5592 quae
1640 5519 1711 5572 de
1741 5520 1939 5592 populi

286 5591 696 5716 b'eiinetdictione
744 5590 875 5647 moi:
921 5590 1225 5664 subjungit
1256 5591 1593 5662 Gregorius,
1627 5591 1815 5663 magis
1847 5608 1940 5647 ar-

286 5679 335 5716 ri
387 5678 415 5716 e
451 5704 462 5716 .

285 5664 462 5717 ridet.

359 5733 476 5807 (30)
510 5734 872 5809 Προσέμινος.
904 5734 970 5794 In
1001 5732 1324 5808 nonnullis,
1354 5731 1734 5812 προσιέμενος.

2058 4663 2435 4719 surrectionis
2461 4662 2823 4717 Dominicum
2852 4662 3025 4728 diem,
3053 4662 3306 4732 primum
3332 4662 3701 4717 Dominicum

2060 4735 2214 4816 hunc
2238 4735 2390 4816 diem
2414 4734 2756 4788 habeamus.
2784 4756 2811 4782 ››
2835 4733 3083 4816 Octavus
3105 4733 3335 4788 Paschas
3359 4735 3502 4816 dies,
3527 4751 3700 4816 quem

2061 4807 2176 4860 «in
2230 4806 2395 4861 Albis
2428 4830 2448 4857 ι
2486 4822 2784 4866 vocamus,
2836 4805 2988 4875 apud
3042 4804 3269 4860 Graecos
3325 4827 3345 4853 σι
3405 4804 3702 4862 Dominica

2058 4895 2253 4933 nova»
2288 4876 2715 4950 appellabatur.
2746 4876 2905 4950 Hanc
2937 4876 3295 4950 [)omingicam
3332 4876 3544 4950 insigni
3578 4894 3702 4931 ora-

2054 4950 2213 5006 tione
2245 4949 2557 5020 celebravit
2584 4948 2915 5020 Gregorius.
2948 4947 3088 5002 Vide
3119 4948 3213 5003 Or.
3248 4964 3395 5020 XLIV.

2148 5022 2236 5091 33)
2270 5019 2371 5075 Καί
2424 5020 2515 5091 μοί
2564 5038 2614 5091 τι
2663 5022 2839 5073 τοῦτο.
2883 5024 3048 5091 Deest
3096 5039 3151 5091 τι
3200 5020 3256 5073 in
3313 5019 3451 5091 Reg.
3494 5019 3613 5090 bm,
3647 5024 3705 5075 et

2053 5088 2243 5148 tribus
2275 5088 2433 5146 Colb.
2467 5089 2637 5146 Cois].
2674 5093 2696 5145 1
2738 5091 2914 5145 habet
2949 5088 3037 5141 καί
3066 5088 3151 5144 τοί
3189 5111 3231 5143 τι
3262 5088 3447 5143 τοῦτὸ.

2125 5166 2234 5233 (34)
2266 5163 2547 5251 βαύματρς
2574 5160 2677 5251 οὐκ.
2705 5160 3048 5251 ἀτιμότερον.
3082 5162 3175 5251 Sic
3203 5163 3346 5251 'Reg.
3384 5163 3502 5243 hm.
3527 5162 3698 5251 Οςτιί,

2050 5235 2194 5305 Jes.,
2229 5240 2336 5292 etc.
2370 5238 2460 5289 Sic
2492 5236 2616 5307 ipse
2660 5235 2797 5305 legit
2847 5234 3070 5301 Billius,
3107 5236 3216 5291 etsi
3267 5234 3366 5287 οὐκ
3422 5236 3479 5288 in
3528 5234 3700 5287 editis

2053 5309 2223 5362 desit.

2122 5378 2235 5451 (35)
2267 5371 2619 5451 Ἀναϐαθμῶν
2650 5373 3051 5451 ,ἐπαναχθείσῖμ
3102 5381 3239 5449 Reg.
3291 5376 3412 5444 bm,
3448 5374 3691 5449 βαθμῶν.

2050 5450 2221 5506 Coisl.
2260 5452 2310 5508 1.
2345 5447 2809 5520 ἐπαναόειχθεισῃ.

2120 5523 2231 5591 (36)
2266 5522 2307 5575 Τ
2316 5521 2378 5587 ὴν
2412 5514 2715 5576 κοιν‹,›ν’ίαν.
2749 5514 2923 5575 Cois].
2956 5521 3004 5581 1,
3032 5517 3102 5590 τῇ
3133 5514 3407 5585 κοινωνίᾳ.

2262 5585 2615 5666 Καρτερικῆς.
2651 5594 2743 5646 Sic
2774 5585 3207 5666 Beg._gbm,'tres
3235 5591 3416 5654 Colb.,
3438 5585 3612 5641 Coisl.
3638 5588 3691 5652 1,

2049 5663 2228 5738 0r._t,
2262 5663 2370 5738 etc.
2390 5663 2469 5738 Ii)
2502 5666 2616 5738 (ζόη
2645 5663 2982 5738 καρτερινῆςΣ

2119 5682 2144 5720 ⁵.
2178 5681 2228 5731 1,
2262 5681 2370 5720 etc.
2410 5681 2469 5720 In
2502 5681 2616 5735 θα,
2645 5681 2982 5792 καῖτερινης.

2119 5736 2233 5809 (38)
2261 5735 2347 5791 Ἠ.
2382 5736 2475 5794 Sic
2506 5737 2601 5794 Or.
2632 5738 2682 5793 1.
2746 5752 2781 5791 n
2812 5735 2929 5807 ed.,
2960 5731 3014 5803 ἢ.
