4138 6212
425 392 578 457 1023

1656 404 1724 466 8.
1771 402 2143 466 GREGORII
2186 404 2579 468 THEOLOGI

3668 404 3827 465 1024

421 535 488 588 ut
543 531 683 589 olim
739 532 959 603 Israeli,
1010 539 1113 590 aut
1154 539 1382 609 petram
1414 538 1711 610 frangens,
1743 539 1809 592 ut
1840 536 2059 592 sitienti
2090 595 2096 603 ,

2208 554 2300 609 ραν
2356 535 2537 612 ῥήξας,
2592 535 2686 592 ’ίνα
2740 538 2955 613 πηγάσῃ
3012 535 3131 609 λαῷ
3189 534 3456 611 διψῶντι’
3515 536 3552 605 ἢ
3603 535 3821 611 κόραξιν

425 618 637 692 pOpulo
667 637 882 693 aquam
916 624 1185 680 funderet
1204 626 1265 695 ⁷⁸,
1299 632 1401 682 aut
1434 643 1535 699 per
1563 644 1763 683 corvos
1795 642 2063 698 pascens,
2086 670 2101 681 .

427 716 492 765 ut
521 710 687 766 illum
718 710 902 766 Eliam
934 714 999 780 ⁷⁸,
1053 719 1155 769 aut
1206 731 1307 786 per
1348 717 1689 789 prophetam
1725 717 1784 771 in
1816 716 2070 772 sublime

428 804 662 869 raptum
693 799 938 871 satiaris,
971 806 1035 856 ut
1064 802 1360 859 Danielem
1406 810 1595 874 antea,
1631 821 1764 861 cum
1810 806 1961 860 fame
2010 805 2069 859 in

430 887 559 942 lacu
590 894 954 960 premeretur
982 892 1045 946 ⁷⁷.
1098 892 1358 956 Quonam
1391 895 1571 966 igitur
1600 896 1817 950 modo?
1863 894 2069 949 Visum

429 980 517 1032 est
548 978 682 1048 ipsi,
716 993 831 1048 me,
871 996 1044 1049 quem
1095 980 1507 1038 charissimum
1557 984 1806 1040 habebat
1863 985 2072 1054 (neque

428 1065 585 1122 enim
607 1083 961 1138 quemquam
989 1068 1169 1124 alium
1194 1076 1482 1140 nostrum,
1508 1089 1580 1127 ne
1610 1073 1671 1127 in
1700 1072 1923 1128 somnis
1946 1072 2072 1143 qui-

430 1154 585 1222 dem,
611 1156 755 1210 mihi
788 1159 1167 1229 praelerebat),
1198 1167 1370 1215 noctu
1403 1167 1638 1233 repente
1668 1162 2077 1233 supervenien-

433 1247 572 1310 tem,
604 1261 738 1299 cum
771 1245 1047 1308 canistro.
1079 1248 1449 1321 panibusque
1487 1251 1780 1323 imprimis
1811 1250 2076 1307 candidis

434 1349 538 1404 pro
570 1349 697 1389 meo
728 1350 887 1389 more
918 1336 1260 1405 benedictis,
1295 1344 1467 1411 atque
1496 1357 1666 1396 cruce
1694 1340 2074 1413 consignatis,

435 1437 565 1479 eam
595 1421 831 1489 aluisse,
864 1428 921 1478 et
953 1426 1334 1497 confortasse,
1366 1445 1432 1485 ac
1462 1430 1546 1484 sic
1576 1429 1723 1486 vires
1753 1429 2077 1502 collegisse.

436 1511 505 1565 Et
535 1516 691 1567 certe
722 1520 1010 1569 nocturna
1038 1514 1138 1571 illa
1166 1515 1310 1572 visio
1342 1519 1601 1575 veritatis
1632 1536 1780 1591 opus
1822 1524 1964 1574 erat.
1996 1520 2079 1573 Ab

435 1616 501 1656 eo
532 1599 686 1655 enim
719 1611 980 1673 tempore
1010 1604 1081 1659 ad
1130 1621 1193 1660 se
1222 1607 1413 1674 rediit,
1446 1625 1728 1680 spemque
1780 1608 2079 1664 meliorem

439 1688 719 1759 concepit.
755 1690 818 1745 Id
857 1696 1055 1748 autem
1085 1698 1285 1765 aperto
1313 1701 1370 1751 et
1401 1698 1706 1768 perspicuo
1737 1702 2082 1769 argumento

440 1777 819 1834 manifestum
851 1786 959 1836 est.
992 1786 1138 1838 Nam
1172 1800 1305 1839 cum
1340 1786 1618 1856 postridie
1651 1803 1821 1842 mane
1850 1787 1921 1841 ad
1953 1802 2079 1842 eam

2176 625 2441 693 ὶστιάσας,
2474 626 2549 688 ὡς
2580 626 2671 681 τὰν
2714 624 2902 683 Ἡλιαν
2938 625 3160 681 ἐκεῖνον·
3192 627 3227 696 ἢ
3260 629 3516 704 προφήτῃ
3551 627 3825 699 μεταρσίῳ

2176 714 2425 789 κορέσας,
2484 715 2560 776 ὡς
2607 717 2699 770 τὸν
2747 715 2950 783 Δανιὴλ
2999 714 3261 791 πρότερον
3315 715 3366 770 ἐν
3402 716 3590 787 λάκκῳ
3618 713 3829 786 λιμώτ-

2175 823 2355 858 τοντα.
2377 802 2504 857 Τίνα
2536 801 2592 858 δὲ
2620 804 2820 879 τρόπον
2849 822 2862 871 ;
2896 801 3113 874 Ἐδοξεν
3146 803 3242 876 ἐμὲ
3292 804 3382 858 τὸν
3434 804 3569 867 αύτῆ
3635 800 3829 878 φίλτα-

2177 913 2269 947 τον
2321 895 2674 967 (προετιμᾶτο
2724 893 2826 969 γάρ
2870 895 3031 965 ἡμῶν
3077 889 3248 954 ἄλλος
3292 894 3405 962 (39)
3446 890 3559 946 οὐδ’
3592 890 3642 945 ἐν
3680 890 3827 944 ὀνεί-

2183 984 2303 1057 ρῳ),
2336 982 2546 1053 ἀθρόως
2594 981 2881 1036 ἐπιστάντα
2923 982 3131 1050 νυκτὸς,
3185 981 3319 1054 μετὰ
3363 986 3548 1048 κανοῦ,
3598 981 3686 1034 καὶ
3735 979 3830 1054 ἆρ-

2180 1091 2288 1125 των
2343 1075 2450 1125 τῶν
2505 1070 2930 1145 λαμπροτάτων,
2982 1069 3336 1143 ὲπευξάμενόν
3394 1090 3452 1123 τε
3481 1068 3687 1140 αὐτοῖς,
3738 1068 3831 1122 καὶ

2185 1159 2566 1239 σφραγίσαντα,
2619 1159 2796 1234 ὥσπερ
2847 1159 3005 1236 φίλον
3056 1162 3214 1231 ἡμῖν,
3265 1157 3453 1235 θρέψαι
3500 1179 3559 1212 τε
3600 1157 3688 1211 καὶ
3724 1157 3833 1231 ῥῶ-

2186 1270 2302 1319 σαι,Ι
2342 1253 2430 1303 καί
2479 1254 2797 1324 συναγαγεῖν
2844 1250 2941 1318 τὴν
2993 1245 3240 1321 δύναμιν.
3293 1248 3387 1300 Καὶ
3433 1249 3467 1315 ἡ
3509 1253 3610 1315 τῆς
3643 1247 3837 1306 νυκτὸς

2187 1335 2334 1413 ὄψις,
2382 1336 2536 1414 ἔργον
2582 1341 2647 1406 ἦν
2700 1336 2961 1406 ἀληθείας
2988 1355 3000 1368 '
3053 1336 3102 1409 ἐξ
3134 1336 3339 1390 ἐκείνου
3369 1337 3472 1411 γὰρ
3502 1336 3693 1404 ἑαυτῆς
3747 1338 3835 1410 γί-

2186 1448 2328 1482 νεται
2376 1426 2465 1481 καὶ
2511 1432 2611 1495 τῆς
2662 1426 3032 1501 χρηστοτέρας
3092 1421 3313 1487 ἐλπίδος
3341 1444 3354 1455 ⁸
3414 1429 3491 1495 τῷ
3545 1427 3708 1478 τοῦτο
3746 1420 3841 1491 δῆ-

2190 1514 2286 1571 λον
2320 1519 2431 1589 (40)
2462 1514 2671 1590 ἐναργεῖ
2698 1516 2787 1569 καὶ
2818 1518 3030 1592 φανερῷ
3083 1516 3195 1584 (41)
3236 1512 3594 1589 γνωρίσματι.
3657 1513 3839 1566 Ἐπεισ

2191 1602 2257 1673 δὴ
2289 1604 2389 1681 γὰρ
2417 1612 2518 1674 τῆς
2549 1606 2759 1679 ἡμέρας
2806 1598 3197 1672 ἐπιλαϐούσης,
3259 1600 3509 1657 εἷσελθὼν
3550 1600 3673 1656 τότε
3700 1601 3843 1677 πρὸς

2190 1694 2358 1763 αὐτὴν
2419 1690 2658 1770 ὄρθριος,
2716 1696 2933 1766 πρῶτον
2990 1693 3082 1765 μὲν
3134 1689 3487 1770 φαιδροτέραν
3535 1692 3569 1759 ἣ
3602 1691 3836 1763 πρόσθεν

2192 1782 2514 1856 ἐθεασάμην
2575 1780 2777 1855 ἔπειτα,
2826 1785 2943 1844 πῶς
2989 1784 3023 1851 ὴ
3085 1780 3198 1852 νὺξ,
3229 1781 3318 1835 καὶ
3350 1779 3475 1834 ὅτου
3509 1777 3708 1847 δέοιτο,
3772 1779 3839 1832 τὰ

437 1866 762 1938 ingressus,
796 1869 1052 1940 primum
1084 1871 1419 1929 hilariorem
1465 1890 1616 1941 eam,
1664 1892 1841 1946 quam
1890 1882 2082 1930 antea.

2208 1875 2396 1943 τυνήθη
2462 1871 2525 1941 δὴ
2581 1876 2747 1927 ταῦτα
2804 1869 3218 1943 ἐπυνθανόμην·
3308 1869 3382 1923 Σύ
3444 1890 3511 1940 με
3586 1867 3835 1942 ἔθρεψας,

439 1957 872 2027 conspexissem
898 1977 910 2026 ;
944 1960 1154 2017 deinde
1185 1961 1305 2017 haec
1336 1970 1619 2020 consueta
1650 1981 1662 2018 :
1708 1964 1781 2020 Ut
1810 1982 1871 2021 se
1905 1970 2076 2020 noctu

437 2044 761 2112 habuisset,
791 2064 974 2119 ecqua
1022 2067 1083 2105 re
1128 2067 1275 2122 Opus
1326 2053 1582 2120 haberet,
1635 2054 2075 2124 quassivissem;

437 2134 524 2189 Tu
556 2151 671 2202 me,
707 2138 1008 2207 respondit
1036 2138 1157 2209 illa,
1210 2157 1242 2194 o
1291 2141 1391 2208 ﬁli,
1447 2149 1714 2215 prompte
1760 2145 2079 2201 admodum

441 2239 506 2278 ao
537 2223 784 2295 benigne
814 2224 1030 2296 aluisti,
1055 2232 1114 2283 et
1145 2235 1345 2299 postea
1377 2247 1566 2302 rogas,
1589 2233 1794 2303 ecquid
1818 2234 2038 2288 valeam
2056 2232 2084 2287 ?

440 2327 718 2384 perquam
742 2316 970 2387 egregie
999 2320 1057 2371 et
1082 2318 1276 2388 quieta
1307 2325 1516 2376 mente.
1546 2321 1846 2392 Simulque
1876 2321 2083 2393 capitis

440 2404 588 2456 nutu
621 2402 763 2456 mibi
793 2404 1015 2459 ancillis
1046 2406 1476 2477 signiﬁcabant,
1506 2426 1576 2465 ne
1606 2410 2084 2477 contradicerem,

444 2489 545 2544 sed
580 2489 778 2546 statim
810 2508 1152 2564 responsum
1190 2496 1291 2551 hoc
1322 2498 1664 2569 acciperem,
1689 2515 1779 2567 ne,
1806 2500 2088 2570 patefacta

444 2577 706 2645 veritate,
731 2596 977 2637 mcerore
1006 2591 1498 2643 consternaretur.
1523 2588 1715 2643 Unum
1746 2588 1938 2644 adhuc
1969 2605 2089 2643 am-

445 2665 634 2723 bobus
665 2684 978 2726 commune
1009 2672 1350 2746 adjungam.

519 2756 714 2811 XXXI.
749 2758 893 2814 Cum
924 2760 1274 2819 Alexandria
1324 2781 1425 2837 per
1482 2783 1641 2822 mare
1678 2765 2088 2824 Parthenicum

448 2843 509 2899 ln
540 2843 819 2902 Graeciam
850 2848 1182 2921 navigarem
1223 2852 1591 2925 (navigabam
1624 2862 1817 2912 autem
1848 2859 1906 2912 in
1936 2857 2090 2928 [Egi-

452 2950 577 2989 naza
606 2935 759 3003 navi,
793 2936 1198 3010 intempestivo
1230 2958 1469 3013 prorsus
1507 2949 1785 3017 tempore,
1835 2950 1899 3001 ut
1947 2947 2090 3001 mihi

451 3021 535 3078 sic
564 3025 850 3080 suadebat
873 3028 1199 3099 cupiditas;
1233 3049 1366 3087 nam
1399 3035 1455 3089 id
1480 3051 1572 3090 me
1602 3036 1686 3089 vel
1711 3037 1963 3092 maxime
1983 3037 2093 3091 im-

452 3111 720 3185 pellebat,
757 3116 912 3185 quod
967 3117 1025 3171 in
1079 3124 1288 3176 nautas
1329 3123 1475 3177 mihi
1507 3123 1823 3180 familiares
1854 3125 2093 3180 incidis-

451 3201 639 3271 sem);
691 3203 844 3260 852
888 3221 1045 3273 cum,
1077 3207 1337 3279 inquam,
1373 3214 1726 3285 navigarem,
1760 3213 2093 3284 paululum-

2190 1962 2375 2039 φησὶν,
2430 1962 2475 2015 ὧ
2527 1961 2736 2028 τέκνον,
2799 1959 2946 2032 μάλα
3004 1957 3237 2031 ἆτοίμως
3272 1958 3361 2011 καὶ
3411 1957 3837 2034 φιλανθρώπως,

2189 2048 2377 2106 ἔπειτα
2424 2050 2627 2121 ἐρωτᾷς
2684 2048 2768 2117 τὸ,
2823 2053 2941 2111 πῶς
2999 2045 3221 2123 ἴχοιμις
3266 2045 3385 2101 λίαν
3420 2045 3603 2108 καλῶς
3632 2066 3691 2101 τε
3749 2044 3837 2099 καὶ

2188 2140 2444 2216 γαληνῶς
2500 2140 2632 2213 (42).
2694 2139 2790 2192 Καὶ
2848 2136 2962 2210 ἅμα
3017 2135 3296 2191 κατένευον
3356 2136 3409 2190 al
3457 2133 3839 2211 θεραπεύτριαι

2190 2230 2326 2305 πρὸς
2355 2233 2515 2283 τοῦτο
2552 2229 2627 2301 μὴ
2663 2226 2996 2299 ἀντιτείνειν,
3030 2223 3155 2280 ἀλλ’
3186 2225 3422 2297 ἑτοίμως
3456 2221 3704 2299 δέχεσθαι
3746 2224 3844 2291 τὴν

2192 2318 2496 2393 ἀπόκρισιν
2577 2317 2652 2390 μὴ
2720 2315 2922 2388 ἀθυμίᾳ
2993 2308 3387 2386 καταϐληθείη,
3461 2310 3846 2387 γυμνωθείσης

2191 2415 2291 2477 τῆς
2329 2405 2605 2476 ἀληθείας.
2638 2407 2733 2459 "Ev
2762 2402 2836 2459 ἔτι
2871 2405 3167 2478 προσθήσω
3204 2407 3311 2458 τῶν
3361 2407 3551 2458 κοινῶν
3600 2401 3845 2479 ἀμφοτέ-

2197 2516 2331 2574 ροις.

2270 2767 2397 2821 ΛΑ’.
2432 2758 2660 2816 Πλὲοντί
2695 2780 2787 2833 μοι
2843 2757 2906 2814 τὸ
2963 2758 3280 2835 Παρθενικὸν
3326 2759 3438 2831 (43)
3469 2755 3710 2832 πέλαγος
3745 2756 3850 2809 ἀπὸ

2197 2859 2299 2922 τῆς
2351 2847 2770 2925 ’Δλεξανδρὲων,
2822 2848 2909 2903 ἐπὶ
2960 2850 3057 2918 τὴν
3109 2845 3368 2903 Ἐλλάδα’
3402 2844 3593 2901 ἔπλεον
3630 2843 3688 2900 δὲ
3716 2866 3850 2898 πανο

2199 2940 2375 3002 τελῶς
2424 2937 2524 3010 ἔξω
2570 2944 2671 3007 τῆς
2719 2937 2887 3012 ὥρας,
2935 2936 3078 2992 οὕτω
3106 2940 3202 2992 to?)
3232 2937 3400 2991 πόθου
3432 2936 3731 3003 πείθοντος,
3766 2932 3853 2987 ἐπὶ

2204 3031 2334 3097 νηὸς
2368 3028 2659 3105 Αἰγιναίας
2691 3032 2854 3082 τοῦτο
2885 3026 2989 3103 γάρ
3024 3046 3089 3098 με
3122 3026 3211 3080 καὶ
3246 3023 3480 3098 μάλιστα
3522 3022 3854 3101 προύτρεψεν

2205 3120 2280 3181 ὡς
2332 3118 2550 3179 οἰκείοις
2606 3114 3023 3192 προσδραμόντα
3085 3120 3201 3176 τοῖς
3260 3114 3463 3184 ἄξουσι·
3524 3110 3747 3167 πλέοντι
3808 3109 3853 3164 δ’

2209 3206 2324 3277 οὖν,
2358 3208 2432 3269 ὡς
2467 3205 2653 3281 ὀλίγον
2690 3206 3028 3280 ἀνήχθημεν,
3065 3201 3238 3265 δεινὸς
3270 3202 3565 3276 συμπίπτει
3619 3202 3860 3275 χειμὼν,

454 3305 568 3360 que
589 3290 715 3361 jam
748 3295 1263 3364 processissemus,
1296 3301 1487 3371 gravis
1538 3307 1854 3373 tempestas
1901 3306 2096 3357 exorta

2208 3275 2317 3353 xui.»
2355 3297 2468 3351 οἷον
2524 3275 2638 3368 (4.4)
2691 3295 2767 3367 μὴ
2798 3275 3044 3348 ’πολλῶν
3089 3290 3350 3368 πρότερον
3386 3312 3491 3363 μνη
3506 3290 3746 3363 μονεύειν
3782 3290 3862 3342 εἷ-

453 3381 562 3445 est,
607 3385 665 3434 et
712 3382 912 3451 quales
944 3382 1099 3439 haud
1134 3387 1349 3443 multas
1383 3389 1545 3461 prius
1576 3391 2005 3456 meminissent,
2039 3395 2104 3446 ut

454 3466 709 3537 aiebant,
741 3471 841 3540 qui
873 3487 1101 3529 mecum
1136 3474 1511 3533 vehebantur.
1562 3480 1660 3534 Hic
1709 3496 1845 3535 cum
1898 3497 2103 3535 omnes

454 3571 827 3614 communem
861 3565 1105 3617 mortem
1140 3570 1486 3635 metuerent,
1521 3568 1661 3622 mihi
1697 3574 1899 3624 contra
1946 3585 2104 3625 mors

457 3644 666 3701 anima:
697 3649 979 3717 majorem
1012 3652 1384 3709 formidinem
1418 3656 1713 3713 afferebat.
1761 3658 1824 3712 In
1878 3659 2104 3731 pericu-

455 3731 582 3788 lum
615 3736 772 3790 enim
805 3736 985 3793 miser
1015 3756 1307 3813 veneram,
1343 3760 1413 3799 ne
1445 3762 1556 3799 non
1596 3745 1863 3802 initiatus
1910 3764 1941 3802 e
1988 3747 2108 3803 vita

459 3822 843 3891 discederem,
879 3828 1243 3895 spiritualsm
1275 3850 1490 3904 aquam
1528 3835 1680 3890 inter
1730 3836 2004 3892 exitiosae
2053 3842 2109 3892 et

459 3913 794 3969 mortiferas
824 3932 1008 3971 unua-s-
1056 3920 1416 3978 desiderans.
1470 3926 1543 3979 Ac
1594 3925 1837 3996 proinde
1892 3925 2108 3981 clama-

458 4000 617 4068 bam,
652 4003 1054 4072 obsecrabam,
1087 4008 1257 4064 breve
1297 4012 1592 4081 quoddam
1640 4015 1921 4085 temporis
1975 4031 2108 4085 spa-

459 4090 607 4145 tium
632 4093 970 4163 expetebam
997 4113 1009 4151 :
1042 4098 1488 4156 conclamabant
1507 4103 1705 4167 etiam,
1730 4105 1787 4157 in
1812 4103 2111 4159 communi

462 4176 598 4234 licet
626 4182 754 4235 vitea
785 4182 1156 4251 descrimine,
1190 4188 1290 4257 qui
1322 4189 1498 4245 simul
1531 4191 1903 4262 navigabant,
1939 4191 2023 4246 sic
2051 4196 2115 4246 ut

466 4282 571 4321 nec
601 4268 842 4337 quidam
897 4288 927 4327 e
973 4276 1319 4331 necessariis
1355 4295 1537 4349 seque,
1571 4279 1815 4335 humani
1847 4280 2114 4336 videlicet

467 4352 749 4425 ho.~pites,
782 4364 957 4429 atque
987 4378 1055 4417 ex
1103 4364 1375 4434 periculis
1427 4368 1498 4422 ad
1547 4369 2115 4424 commiserationem

468 4443 700 4529 eruditi.
732 4446 844 4502 Hoc
875 4466 1044 4519 porro
1076 4467 1182 4524 ego
1213 4453 1449 4523 quidem
1482 4456 1766 4527 patiebar,
1799 4457 2114 4529 compatie-

465 4528 685 4587 bantur
714 4538 907 4590 autem
940 4544 1213 4608 parentes
1242 4543 1377 4614 mei,
1412 4561 1514 4614 per
1543 4551 1893 4600 nocturnum
1927 4528 2115 4601 visum

2209 3407 2334 3463 χον,
2368 3384 2441 3447 ὡς
2469 3381 2724 3463 ἵφασκον,
2760 3383 2811 3437 οἱ
2843 3380 3235 3456 συμπλέοντες.
3278 3381 3499 3435 Πάντων
3535 3376 3589 3433 δὲ
3618 3378 3709 3432 τὸν
3744 3398 3861 3463 κοι-

2210 3461 2296 3531 νδν
2330 3461 2548 3528 θάνατον
2585 3469 2930 3543 δεδοικότων,
2974 3472 3001 3525 ὁ
3031 3478 3130 3540 τῆς
3172 3473 3357 3545 ψυχῆς
3400 3471 3463 3537 ἦν
3515 3468 3639 3540 ἐμοὶ
3696 3461 3863 3544 φοϐε-

2217 3565 2471 3641 ρώτερος.
2532 3559 2900 3616 Ἐκινδύνευον
2958 3560 3059 3636 γὰρ
3091 3558 3280 3623 ἄθλιος
3311 3555 3567 3613 ἀπελθεῖν
3625 3555 3712 3612 καὶ
3745 3556 3866 3609 aut-

2214 3654 2425 3723 λιστος,
2473 3654 2658 3715 ποθῶν
2708 3650 2771 3705 τὸ
2816 3649 3175 3721 πνευματικὸν
3217 3645 3363 3723 ὕδωρ
3395 3646 3445 3700 ὲν
3472 3650 3589 3707 τοῖς
3624 3648 3872 3721 φονικοῖς

2218 3740 2392 3797 ὕδασι.
2446 3740 2543 3794 Καὶ
2591 3741 2704 3812 (45)
2750 3735 2839 3793 διὰ
2880 3742 3040 3792 τοῦτο
3092 3732 3287 3808 ἐϐόων,
3335 3734 3591 3805 ἱκέτευον,
3638 3732 3870 3787 ἐπόθουν

2223 3831 2418 3906 μικρὰν
2479 3827 2836 3906 προθεσμίαν⁶
2888 3826 2976 3881 καὶ
3036 3820 3299 3880 συνεϐόων
3360 3824 3412 3877 οἱ
3472 3822 3871 3893 συμπλέοντες,

2216 3919 2305 3974 καὶ
2336 3923 2497 3973 τοῦτο
2529 3916 2580 3971 ἐν
2612 3920 2728 3977 τοῖς
2758 3920 2962 3977 κοινοῖς
2993 3912 3285 3981 κινδύνοις,
3333 3912 3408 3973 ὡς
3439 3909 3565 3966 οὐδὲ
3595 3916 3704 3965 τῶν
3756 3910 3876 3964 ἐπι-

2219 4004 2449 4079 τηδείων
2499 4006 2663 4076 τινες,
2716 4004 2852 4075 εένοι
2905 4000 3306 4081 φιλάνθρωποι,
3355 4002 3418 4055 τὸ
3450 4004 3733 4075 συναΑγεῖν
3774 4019 3876 4070 μα-

2220 4096 2403 4157 θόντες
2462 4094 2520 4150 ἐκ
2572 4098 2679 4149 τῶν
2740 4089 3025 4148 κινδύνων.
3081 4094 3249 4145 Τοῦτο
3306 4085 3542 4164 ἔπασχον
3596 4088 3693 4159 μὲν
3740 4087 3874 4161 ἐγὼ,

2221 4181 2558 4259 συνὲπασχον
2610 4180 2667 4238 δὲ
2711 4183 2764 4237 οἱ
2808 4183 3149 4257 γεννήτορες,
3200 4176 3289 4233 διὰ
3332 4184 3653 4253 νυκτερινῆς
3684 4196 3879 4253 φαντα-

2223 4273 2341 4334 σίας
2369 4277 2466 4327 τοῦ
2496 4268 2748 4327 κινδύνου
2784 4268 3125 4344 μετᾶχοντες,
3158 4266 3247 4322 καί
3279 4267 3382 4321 ἀπὸ
3429 4273 3537 4341 γῆς
3586 4260 3878 4334 ἐϐοήθουν,

2222 4366 2329 4417 τῶν
2391 4362 2647 4434 κυμάτων
2705 4357 2770 4414 δι’
2826 4358 2996 4435 εὐχῆς
3048 4353 3461 4426 κατεπᾴδοντες,
3520 4355 3594 4415 ὡς
3655 4353 3877 4428 ἕιιι-τερον

2226 4444 2596 4524 συμϐαλόντες
2656 4446 2895 4526 ἔγνωμεν
2952 4448 3041 4502 τὸν
3095 4446 3303 4522 καιρὸν,
3355 4444 3512 4514 ἣνίκα
3561 4441 3879 4512 ἐπανήλθοο

2232 4561 2346 4613 μεν.
2404 4542 2571 4594 Τοῦτο
2619 4544 2708 4593 καί
2738 4540 2875 4611 ἡμῖν
2907 4533 3182 4608 ἐδήλωσεν
3211 4534 3373 4595 ὕπνος
3405 4534 3701 4605 σωτήριος,
3733 4530 3881 4586 ἐπει-

468 4620 730 4692 periculo
752 4625 1191 4697 participanles,
1214 4636 1391 4701 atque
1412 4649 1442 4688 e
1463 4638 1618 4688 terra
1639 4649 1807 4703 opem
1830 4633 2092 4690 terebant

2225 4626 2291 4701 δή
2350 4648 2485 4684 ποτε
2528 4632 2718 4683 τοῦτον
2753 4623 3014 4704 ἔγνωμεν,
3051 4623 3243 4699 μικρὸν
3274 4622 3560 4683 ὑπανέντος
3598 4625 3701 4677 τοῦ
3748 4620 3885 4675 κλύ-

470 4708 586 4763 vim
621 4709 910 4768 ﬂuctuum
942 4716 1214 4785 precibus
1236 4718 1396 4774 velut
1423 4722 1812 4791 incantantes,
1837 4723 2119 4794 quemad-

2231 4721 2423 4781 δωνος.
2482 4713 2758 4794 Ἐριννύος
2807 4717 2922 4789 (46)
2979 4713 3235 4791 ἰκράτουν
3287 4712 3417 4789 ἑγὼ,
3456 4706 3694 4788 φοϐερὸν
3755 4708 3883 4783 βλε-

544 4863 588 4899 ⁷⁶
617 4865 797 4923 Exod.
825 4882 963 4935 xvn,
993 4869 1047 4925 6.
1123 4871 1167 4907 ⁷⁸
1197 4871 1272 4928 ΙΙΙ
1304 4872 1444 4947 Reg.
1478 4892 1618 4945 xvu,
1647 4877 1701 4932 6.
1778 4878 1821 4913 ⁷⁷
1851 4877 1997 4935 Dan.
2028 4894 2145 4946 xxv,
2175 4875 2264 4933 33.

544 5026 651 5099 (39)
684 5026 913 5115 imae.
948 5033 1303 5115 _SiguRegg.
1357 5057 1410 5109 a,
1460 5041 1584 5113 bm,
1633 5041 1809 5100 Coisl.
1842 5044 1893 5115 ι,
1935 5042 2031 5099 Or.
2067 5042 2116 5113 ι,

469 5097 767 5177 Βιιβ-Ἲζοΐο.
804 5105 863 5158 In
897 5097 1251 5177 θάηλᾶλλωῖ.

544 5172 658 5255 (ΑΟ)
687 5177 773 5244 Τῷ
798 5178 959 5231 τοῦτο
998 5172 1203 5255 δῆλον.
1237 5183 1345 5255 Pro
1391 5186 1489 5253 τῷ,
1522 5184 1678 5255 quod
1734 5181 1881 5255 nihil
1915 5184 2009 5240 hic
2041 5185 2124 5240 Si-

471 5244 762 5329 gni-ﬁcere,
808 5244 1190 5329 potestpnis‘i
1240 5244 1761 5329 ad‘dasfyivtcoai,
1811 5254 2124 5325 legendum

474 5319 647 5393 forte,
674 5316 782 5387 mi,
808 5316 927 5387 νει,
954 5324 1115 5377 τοῦτο
1148 5320 1205 5378 δὲ
1237 5322 1363 5393 δῆλ.
1397 5316 1554 5381 Enr}.

692 5394 937 5469 fatgem}:
967 5393 1139 5469 Goisl.
1177 5397 1200 5450 1
1236 5387 1301 5469 οξ
1326 5395 1457 5469 Bas.
1492 5395 1715 5469 addunt
1753 5394 2014 5469 γενέσθαι.

524 5460 659 5542 .(42)
692 5460 856 5542 Μάλα
893 5460 1285 5542 ἐτοίμως-καὶ
1338 5460 1977 5542 φιλανθρῴπωςληλίαν
2030 5485 2125 5542 κα-

477 5525 593 5589 λῶς
614 5525 682 5609 ’τε
710 5533 797 5587 καὶ
830 5525 1105 5608 γαληνῶς.
1134 5525 1211 5594 Ut
1242 5525 1396 5595 recte
1433 5525 1664 5595 incedat
1692 5525 1896 5609 oratio,
1930 5539 2017 5594 sic
2046 5538 2128 5593 le-

479 5603 732 5679 gendum
765 5603 1120 5679 _putamus,_
1153 5610 1285 5666 licet
1342 5610 1508 5679 codd.
1568 5616 1625 5665 et
1681 5611 1771 5665 ed.
1826 5603 2124 5679 habeant:

486 5668 632 5759 μάλα
664 5668 898 5759 ἑτοίμως
912 5679 1011 5759 ,καὶ
1037 5668 1359 5759 γαληνῶς..)
1385 5678 1504 5737 λίαν
1538 5680 1720 5759 καλῶς
1744 5701 1802 5759 τε
1831 5681 1921 5738 καὶ
1942 5678 2130 5759 φιλαν-

483 5747 737 5812 θρώπως.
795 5747 1020 5821 Billius,
1050 5747 1291 5811 'omisso
1330 5754 1440 5811 hoc
1487 5754 1794 5827 posteriori
1842 5747 2127 5825 membro,

2232 5036 2489 5111 primum
2520 5035 2593 5091 ad
2625 5036 2871 5089 matrem
2904 5031 3180 5100 referens,
3204 5028 3289 5085 sio
3316 5026 3489 5111 vertit
3523 5044 3537 5082 :
3567 5047 3595 5076 «
3616 5033 3885 5113 prompte

2234 5107 2552 5166 admodum
2584 5109 2640 5162 et
2658 5102 2979 5177 tranquillo
2999 5102 3186 5177 vultu.
3205 5122 3235 5177 :3
3245 5099 3410 5177 E1188
3440 5114 3544 5177 prp
3575 5096 3887 5177 φιλὲνθρωο

2233 5200 2352 5241 πως
2384 5179 2560 5234 habet
2600 5170 2847 5250 ἠμὲρωξ,
2872 5176 3026 5250 quod
3081 5173 3178 5250 ιιᾷ⁸
3204 5171 3389 5250 ﬁlium
3440 5170 3636 5250 refert.
3667 5170 3887 5224 Verum

2234 5240 2357 5309 haec
2389 5250 2598 5306 ultima
2626 5240 3058 5304 'verba're'ctius
3089 5245 3361 5299 videntur
3391 5240 3597 5298 matris
3648 5256 3886 5313 respon-

2237 5340 2394 5389 sum,
2426 5339 2553 5394 quaa
2596 5320 2974 5394 interrogata,
3005 5344 3025 5368 α
3062 5316 3357 5388 quomodo
3390 5331 3453 5369 se
3480 5314 3712 5382 habeat,
3738 5335 3763 5359 η
3794 5328 3887 5365 re-

2238 5392 2507 5469 spondet.
2542 5392 2907 5469 «‘0pti_r116._»

2456 5456 2804 5539 Παρθενικόν.
2968 5456 3374 5539 1,-ΙΙαρθένιον.

2334 5531 2421 5607 44)
2456 5531 2599 5607 Οἷόν.
2639 5537 2802 5607 Lege,
2835 5531 2986 5607 οἵων.
3020 5532 3182 5607 Εῡιτ.

2333 5599 2421 5662 458
2454 5605 2571 5662 Καί.
2602 5599 2821 5662 εἱοὉιλ.
2857 5607 2908 5661 1.
2943 5604 3116 5659 Deest
3145 5602 3203 5655 in
3235 5599 3325 5655 ed.

2334 5668 2418 5751 46)
2480 5676 2797 5755 Ἐριννύος.-
2838 5675 3069 5755 Schol.,
3137 5669 3411 5745 Δαίμονος
3485 5668 3890 5742 τιμωρῃικοῦ,

2240 5774 2269 5804 ιι
2302 5747 2627 5810 άωιηοιιοω
2658 5747 2977 5808 crudelem.
3003 5768 3031 5797 ››
