4138 6212
299 361 445 423 1025

1169 356 1459 420 ORATIO
1501 359 1715 421 XVIII.
1750 394 1827 404 —
1857 358 2251 422 FUNEBRIS
2296 360 2376 422 IN
2422 361 2775 425 PATREM.

3543 367 3698 429 1026

297 493 520 562 ποόσης,
570 492 659 547 καὶ
702 488 1034 561 ἀπειλούσης
1084 492 1173 545 τὸν
1225 489 1468 545 κίνδυνον
1504 511 1516 522 ·
1577 491 1777 562 ταύτην
1834 491 1934 568 γὰρ
1968 508 1991 571 Α

2083 496 2289 551 modum
2324 503 2546 569 postea,
2573 499 2865 555 subducta
2890 502 3169 572 temporis
3192 503 3436 573 ratione,
3460 504 3699 559 domum

298 586 426 655 ἡμῖν
461 586 642 659 σαφῶς
675 583 709 649 ἡ
740 580 831 651 νὺξ
868 580 1183 655 ὑπέγραψεν.
1217 579 1430 642 ’Ἀλλος
1480 578 1653 635 ἐδόκει
1694 585 1802 635 τῶν
1846 579 1943 653 ἐμ-

300 670 570 727 πλεόντων
605 671 693 740 (ἧν
730 666 785 724 δὲ
814 675 941 730 παῖς
972 671 1083 741 (47)
1130 672 1238 722 τῶν
1290 668 1651 724 εὐνουστάτων
1702 668 1825 741 ἐμοὶ
1857 666 1947 723 καὶ

304 760 595 838 φιλτάτων,
627 758 716 812 καὶ
759 757 1274 833 ὑπεραγωνιώντων,
1327 756 1500 820 οὕτως
1537 756 1818 833 ἔχοντος),
1850 758 1949 826 τὴν

309 850 511 924 μητέρα
562 848 662 915 τήν
712 846 848 920 ἐμὴν
902 841 1159 902 ἐπιϐᾶσαν
1202 852 1303 915 τῆς
1355 844 1647 916 Θαλάσσης,
1705 847 1793 901 καὶ
1846 853 1947 915 τῆς

306 939 432 1009 νηὸς
464 932 776 1008 λαϐομένην
814 934 1046 1006 ἐξέλκειν
1080 933 1280 1002 ταύτην
1313 933 1401 988 ἐπὶ
1450 937 1548 1003 τὴν
1602 941 1728 1009 γῆν,
1762 934 1822 988 οὐ
1856 933 1946 987 σὺν

230 1060 235 1063 ν
306 1024 499 1097 πολλῶ
543 1030 622 1096 τῷ
670 1023 843 1097 πόνῳ.
896 1022 994 1078 Καὶ
1034 1025 1067 1092 ἠ
1120 1017 1241 1097 ὄψις
1295 1023 1619 1078 ἐπιστεύετο·
1671 1025 1949 1098 ἡμεροῦτο

306 1117 470 1193 γὰρὴ
531 1113 791 1185 θάλασσα,
848 1113 940 1167 καὶ
998 1109 1182 1173 Ῥόδος
1241 1111 1386 1188 εἶχεν
1446 1114 1595 1184 ἡμᾶς
1656 1112 1845 1166 αὐτίκα
1888 1112 1949 1166 οὐ

307 1202 446 1259 πολὺ
469 1204 532 1257 τὸ
563 1201 615 1257 ἐν
664 1202 812 1275 μέσῳ
859 1202 1361 1271 κακοπαθήσαντας.
1410 1201 1647 1255 Ἐκείνου
1690 1204 1786 1255 τοῦ
1835 1222 1950 1255 κιν-

308 1291 464 1348 δύνου
491 1291 580 1346 καὶ
618 1293 781 1363 ἡμεῖς
832 1287 1007 1364 δῶρον
1060 1290 1355 1364 γεγόναμεν
1383 1309 1395 1321 ’
1447 1288 1949 1364 καθυποσχύμενοι,

307 1383 347 1437 εἱ
378 1382 706 1452 σωθείημεν,
738 1382 886 1452 ἡμᾶς
919 1376 1115 1441 αὐτοὺς
1144 1383 1223 1450 τῷ
1254 1383 1390 1451 Θεῷ,
1423 1379 1511 1433 καὶ
1544 1375 1839 1440 δεδωκότες
1876 1378 1951 1436 ὡς

308 1473 417 1546 (48)
445 1469 697 1539 ἀπεσώθη
710 1489 821 1541 μεν.

2056 585 2268 639 reversi
2299 586 2697 657 cognovimus.
2732 588 2790 641 Id
2826 588 3002 643 etiam
3034 590 3203 644 nobis
3235 589 3513 644 salutaris
3542 608 3702 646 som-

2058 689 2169 727 nus
2200 673 2495 742 indicavit,
2529 691 2659 731 cum
2693 678 2931 731 tandem
2965 676 3280 749 aliquando
3308 695 3467 745 eum,
3501 682 3702 735 remit-

2056 766 2212 817 tente
2265 762 2537 819 nonnihil
2615 770 2983 835 tempestate,
3042 767 3425 837 cepissemus.
3461 768 3695 823 Furiam

2057 851 2211 904 enim
2245 850 2390 905 mihi
2424 856 2619 906 tenere
2639 854 2894 923 videbar,
2918 854 3274 909 horrendum
3299 856 3527 909 vultum
3561 873 3704 927 prae-

2060 939 2361 1004 ferentem,
2394 956 2460 994 ac
2493 940 2814 1010 periculum
2867 943 3236 998 minitantem
3274 961 3287 999 :
3344 943 3494 998 hanc
3549 944 3704 999 enim

2060 1044 2172 1082 nox
2203 1033 2399 1099 aperte
2426 1028 2596 1083 nobis
2626 1030 3033 1085 adumbrabat.
3067 1032 3229 1087 Alius
3270 1049 3336 1087 ex
3381 1034 3710 1089 vectoribus

2060 1115 2228 1186 (puer
2257 1115 2307 1170 is
2338 1122 2463 1171 erat
2494 1116 2777 1188 singulari
2810 1133 2948 1189 erga
2980 1135 3071 1173 me
3114 1120 3308 1174 studio
3355 1126 3412 1174 et
3460 1122 3709 1177 benevo-

2061 1202 2261 1270 lentia,
2296 1220 2541 1275 meaque
2575 1221 2755 1259 causa
2782 1206 3160 1261 vehementer
3189 1208 3417 1275 anxius,
3451 1225 3584 1264 cum
3631 1210 3715 1265 ita

2062 1308 2125 1347 se
2155 1309 2246 1346 res
2282 1292 2562 1364 haberet,)
2596 1298 2843 1347 matrem
2887 1310 3076 1349 meam
3111 1295 3222 1351 sibi
3253 1296 3449 1352 videre
3478 1298 3714 1353 videba-

2060 1385 2176 1451 tur,
2209 1397 2340 1451 quae
2370 1398 2531 1436 mare
2561 1381 2848 1453 ingressa,
2901 1383 3250 1453 prehensum
3303 1401 3507 1440 navem
3560 1386 3715 1441 haud

2064 1485 2277 1541 magno
2333 1470 2532 1526 labore
2581 1471 2651 1525 ad
2700 1477 2915 1527 terram
2965 1473 3345 1544 pertraheret.
3400 1475 3718 1545 Fidemque

308 1560 638 1617 inveniebat
667 1559 789 1614 hanc
817 1558 982 1615 visio.
1017 1559 1342 1615 Sedabatur
1384 1557 1539 1615 enim
1582 1573 1763 1628 mare,
1795 1558 2113 1629 statimque
2177 1558 2323 1614 citra
2371 1558 2615 1614 multam
2664 1577 2984 1615 aarumnam
3036 1561 3301 1617 Rhodum
3348 1562 3713 1634 appulimus.

312 1652 497 1722 Hujus
528 1648 641 1722 ipsi
672 1648 913 1722 periculi
948 1650 1169 1705 donum
1198 1647 1553 1704 exstitimus.
1590 1647 1659 1703 Ut
1688 1647 1843 1703 enim
1878 1663 1983 1703 nos
2013 1647 2129 1702 Deo
2160 1664 2528 1715 voveramus,
2561 1649 2609 1703 si
2641 1648 2958 1705 discrimen
2992 1652 3403 1721 ell‘ugeremus,
3434 1652 3519 1708 ita
3551 1658 3715 1724 post-

313 1755 489 1812 quam
521 1738 834 1805 evasimus,
868 1754 976 1793 nos
1006 1737 1058 1792 ei
1090 1738 1266 1792 etiam
1298 1736 1451 1791 dono
1482 1736 1772 1791 dedimus.

382 1833 501 1882 AB'.
528 1825 603 1880 Τὰ
636 1825 728 1898 μὲν
764 1822 829 1894 δὴ
862 1826 1017 1879 κοινὰ
1044 1829 1286 1881 τοιαῦτα.
1320 1823 1497 1879 Πάλαι
1545 1821 1601 1878 δὲ
1633 1826 1786 1895 οἶμαι
1829 1823 1953 1877 θαυ-
1985 1829 1991 1892 ς

2132 1824 2340 1881 XXXII.
2377 1826 2508 1881 Haac
2552 1828 2791 1897 quidem
2839 1833 3005 1883 erant
3059 1829 3293 1901 utrique
3348 1831 3714 1887 communia.

318 1916 500 1990 μάζειν
544 1916 689 1976 τινας
737 1919 842 1968 τῶν
891 1915 957 1968 τὰ
1006 1911 1210 1969 ἐκείνου
1260 1918 1442 1990 σαφῶς
1487 1912 1821 1988 ἐγνωκότων,
1873 1913 1955 1967 ὅτι

315 2003 435 2080 περί
471 2004 564 2077 μὲν
594 2002 800 2059 τούτων
857 2002 999 2058 οὕτω
1048 2001 1505 2078 καταγεγόναμεν,
1538 2002 1611 2063 ὡς
1658 2000 1795 2074 μόνα
1824 2001 1960 2077 πρὸς

316 2093 582 2172 εὐφημίαν
618 2091 858 2168 ἔχοντες*
890 2099 989 2162 τῆς
1023 2089 1080 2146 δὲ
1107 2096 1216 2147 τῶν
1264 2096 1467 2168 καιρῶν
1517 2088 1832 2166 δυσχερείας
1861 2091 1960 2159 τὴν

318 2187 537 2257 μνήμην
596 2182 888 2254 ἀνεθέμεθα
948 2184 1111 2255 (49),
1170 2182 1303 2254 πρὸς
1371 2179 1463 2242 οὖς
1520 2180 1960 2254 παραταξάμενος

318 2272 519 2333 ἐκεῖνος
578 2271 840 2349 φαίνεται,
893 2269 1073 2345 ὥσπερ
1118 2269 1153 2338 ἢ
1203 2270 1556 2345 ἀγνοήσαντες
1594 2273 1781 2341 ταῦτα,
1814 2270 1847 2337 ἢ
1883 2268 1957 2340 μή

319 2358 531 2435 μεγάλα
558 2358 872 2431 νομίζοντες
904 2361 1040 2431 (50).
1088 2358 1227 2433 Φὲρε
1259 2355 1348 2412 οὖν
1389 2356 1479 2412 καὶ
1508 2361 1676 2412 ταῦτα
1712 2358 1961 2433 προσθῶ-

321 2470 414 2523 μεν
465 2453 582 2509 τοῖς
632 2448 979 2524 εἰρημένοιςο
1031 2448 1286 2521 Ἤνεγκεν
1339 2446 1366 2500 ὁ
1415 2447 1533 2510 καθ’
1576 2448 1723 2518 ἡμᾶς
1772 2445 1960 2521 καιρὸς

318 2542 533 2614 πρῶτον
562 2538 749 2609 κακὸν,
783 2538 936 2609 οἶμαι
989 2533 1046 2590 δὲ
1090 2536 1179 2589 καὶ
1221 2536 1556 2605 τελευταῖον,
1586 2536 1677 2589 τὸν
1727 2535 1960 2589 ἀποστά-

319 2648 415 2696 την
448 2626 668 2682 καὶτοῦ
701 2629 832 2680 Θεοῦ
875 2624 963 2678 καὶ
1007 2628 1114 2679 τῶν
1167 2621 1447 2699 λογισμῶν
1498 2622 1740 2697 βασιλέα·
1779 2624 1837 2685 ὃς
1874 2645 1961 2695 μι-

323 2717 450 2792 κρὸν
506 2716 598 2788 μὲν
652 2711 808 2789 ἔργον
860 2715 1205 2788 ἡγησάμενος
1258 2714 1390 2768 εἴναι
1440 2712 1647 2788 Πέρσας
1693 2713 1965 2789 χειρώσα-

324 2807 462 2873 σθαι,
528 2802 667 2878 μέγα
724 2800 781 2857 δὲ
826 2803 889 2857 τὸ
949 2802 1304 2875 Χριστιανοὺς
1358 2803 1818 2876 παραστήσασθαι,
1875 2802 1967 2855 καὶ

325 2895 437 2966 ἅμα
476 2898 584 2947 τῶν
630 2891 867 2967 ἀγόντων
919 2890 1078 2946 αὐτὸν
1130 2888 1399 2964 δαιμόνων
1448 2895 1607 2945 τοῦτο
1652 2891 1964 2958 πειθόντων,

327 2980 478 3038 οὐδὲν
508 2979 647 3042 εἶδος
682 2976 924 3042 ἀσεϐείας
968 2979 1209 3035 ἐνέλειπε
1256 2982 1391 3054 (51),
1436 2980 1653 3052 πείθων,
1703 2980 1966 3047 ἀπειλῶν,

326 3070 708 3149 σοφιζόμενος,
737 3066 913 3124 ἕλκων
947 3070 1083 3144 πρὸς
1116 3069 1319 3139 ἑαυτὸν,
1352 3067 1413 3123 οὐ
1441 3068 1599 3142 μόνον
1634 3068 1715 3130 οἷς
1748 3066 1968 3143 ἐτεχνά-

2068 1914 2265 1969 Mirari
2288 1922 2481 1970 autem
2497 1916 2853 1987 jampridem
2878 1916 3191 1973 nonnullos
3218 1934 3418 1974 eorum
3443 1920 3717 1987 arbitror,

2067 2003 2281 2073 quibus
2311 2021 2403 2059 res
2435 2003 2595 2059 illius
2628 2006 2893 2077 apprime
2922 2006 3166 2078 cognitae
3211 2013 3371 2075 sunt,
3425 2009 3565 2080 quid
3617 2009 3715 2077 sit,

2069 2108 2191 2157 cur,
2225 2109 2357 2147 cum
2400 2093 2457 2147 in
2505 2093 2599 2149 his
2629 2096 2807 2149 rebus
2836 2095 2919 2149 ita
2950 2112 3172 2151 moram
3206 2097 3536 2164 fecerimus,
3571 2114 3636 2153 ac
3667 2097 3719 2153 si

2069 2182 2194 2237 sola
2215 2181 2336 2237 haec
2366 2183 2435 2237 ad
2470 2181 2703 2237 laudem
2736 2183 3104 2250 haberemus,
3131 2186 3494 2241 difﬁcultatis
3520 2191 3719 2242 tamen

2068 2275 2423 2342 temporum,
2458 2273 2741 2327 adversus
2772 2288 2900 2342 quas
2934 2273 3059 2345 ipse
3091 2274 3245 2327 velut
3284 2275 3464 2330 aciem
3497 2275 3720 2331 instru-

2071 2360 2223 2415 xisse
2254 2360 2631 2431 conspicitur,
2666 2362 3023 2416 mentionem
3056 2362 3243 2417 facere
3286 2362 3716 2433 distulerimus,

2070 2448 2231 2506 velut
2256 2448 2306 2503 si
2338 2464 2405 2504 ea
2432 2450 2517 2504 vel
2552 2449 3038 2521 ignoraverimus,
3070 2451 3157 2506 vel
3210 2468 3321 2507 non
3373 2453 3455 2507 ita
3506 2469 3719 2524 magna

2071 2536 2614 2593 existimaverimus.
2652 2546 2771 2610 Age
2809 2538 3006 2609 igitur,
3042 2539 3159 2594 haec
3191 2556 3423 2611 quoque
3456 2543 3719 2612 superio-

2074 2626 2237 2682 ribus
2268 2627 2661 2699 adjungamus
2698 2644 2711 2683 :
2743 2628 2900 2683 Tulit
2931 2633 3130 2684 nostra
3158 2634 3298 2684 satas
3328 2632 3606 2701 primum,
3639 2636 3715 2700 et,

2074 2722 2139 2771 ut
2187 2716 2411 2788 opinor,
2447 2720 2811 2789 postremum
2842 2717 3089 2782 malum,
3122 2717 3230 2772 hoc
3262 2722 3370 2781 est,
3404 2719 3719 2790 imperato-

2076 2822 2219 2873 rem,
2252 2806 2353 2876 qui
2381 2810 2438 2860 et
2468 2824 2500 2861 a
2532 2805 2667 2875 Deo,
2691 2811 2747 2861 et
2776 2823 2809 2860 a
2841 2811 3030 2861 mente
3061 2806 3302 2872 defecit;
3345 2807 3443 2877 qui
3476 2824 3716 2879 parvum

2076 2894 2315 2965 quidem
2337 2910 2486 2965 opus
2508 2910 2636 2951 esse
2656 2895 2998 2961 arbitratus,
3029 2896 3232 2951 Persas
3258 2896 3504 2965 imperio
3531 2914 3636 2952 suo
3660 2913 3723 2953 ac

2077 2984 2283 3039 ditioni
2317 2983 2469 3039 353
2500 2984 2808 3052 subiicere,
2863 2999 3143 3055 magnum
3194 2988 3390 3039 autem
3447 2985 3724 3041 Christia-

2079 3089 2185 3129 nos
2216 3075 2273 3128 in
2305 3078 2651 3145 potestatem
2684 3072 2961 3144 redigere,
2996 3088 3128 3127 cum
3161 3073 3269 3142 ipsi
3303 3073 3480 3129 simul
3513 3075 3729 3130 daemo-

330 3166 469 3231 ζετο,
500 3157 646 3214 ἀλλὰ
673 3160 761 3213 καὶ
811 3159 892 3221 οἷς
945 3154 1206 3227 ἐϐιάζετο.
1240 3158 1316 3215 Οὐ
1368 3159 1475 3230 μήν
1528 3156 1708 3212 λαθεῖν
1761 3157 1875 3219 οἶός
1911 3178 1970 3212 τε

332 3251 360 3263 ..
460 3246 515 3263 κ,
757 3247 770 3263 ς
859 3244 883 3263 δ
1050 3246 1063 3263 ς
1438 3251 1459 3262 -
1529 3245 1543 3263 ,
1693 3246 1703 3263 .
1888 3243 1961 3263 »ω

2083 3180 2205 3232 nes,
2228 3180 2262 3217 a
2293 3163 2509 3234 quibus
2532 3162 2874 3227 ducebatur,
2901 3162 2981 3215 ita
3006 3161 3339 3227 suaderent,
3364 3161 3592 3217 nullum
3616 3162 3727 3217 im-

328 3251 394 3319 ἧν
423 3246 673 3303 κλέπτων
717 3247 807 3302 τὸν
856 3244 1102 3321 διωγμὸν
1153 3251 1486 3324 σοφιστικαῖς
1526 3245 1813 3316 ἐπινοίαις,
1846 3243 1971 3301 οὐδὲ

333 3339 439 3410 μὴν
472 3337 561 3391 καὶ
592 3339 837 3413 φανερῶς
885 3337 955 3407 τῇ
1004 3333 1287 3407 δυναστείᾳ
1333 3337 1646 3410 χρώμενος·
1673 3334 1742 3389 ἵν’
1792 3335 1869 3390 ἐνί
1913 3354 1975 3409 γε

333 3431 410 3497 τῷ
440 3426 628 3501 τρόπῳ
658 3426 867 3487 πάντως
920 3423 1163 3496 ἁλῶμεν,
1195 3426 1230 3493 ἣ
1272 3425 1753 3500 κακουργηθὲντες,
1784 3426 1819 3494 ἢ
1859 3425 1975 3499 βια-

334 3515 569 3578 σθέντες.
600 3511 803 3569 Τοῦτον
853 3513 936 3573 τίς
989 3510 1200 3585 μᾶλλον
1291 3515 1711 3589 περιφρονήσας,
1740 3515 1774 3577 ἢ
1817 3533 1977 3567 κατα-

337 3601 503 3663 λύσας
552 3600 845 3675 εὑρίσκεται
882 3620 895 3670 ;
926 3603 1031 3669 Τῆς
1082 3604 1193 3674 (52)
1255 3601 1348 3673 μὶν
1399 3622 1491 3675 οῃν
1539 3604 1978 3678 περιφρονήσεως

338 3693 476 3766 πρὸς
508 3687 743 3752 πολλοῖς
801 3688 994 3752 ἄλλοις
1044 3689 1213 3744 ἐκεῖνο
1271 3696 1523 3763 σημεῖον,
1555 3689 1606 3744 ο’ί
1651 3711 1709 3744 τε
1744 3691 1979 3760 τοξόται,

339 3780 428 3835 καὶ
456 3781 483 3833 ὁ
508 3779 714 3834 τούτων
748 3778 1071 3853 στρατηγὸς,
1106 3778 1195 3840 οὓς
1245 3777 1442 3852 ἐπῆγεν
1494 3778 1697 3840 ἐκεῖνος
1744 3785 1860 3841 τοῖς
1906 3780 1982 3834 ἱε-

344 3875 458 3943 ροῖς
491 3865 661 3929 οἷόιοις
711 3870 893 3939 ἡμῶν,
943 3867 1018 3928 ὡς
1049 3868 1083 3935 ἣ
1123 3866 1605 3942 παραληψόμενος,
1636 3869 1670 3936 ἢ
1698 3888 1985 3942 καταστρε-

342 3958 580 4031 ψόμενος
614 3960 748 4029 (53).
784 3953 1001 4025 Ἐπειδὴ
1026 3957 1131 4031 γὰρ
1152 3954 1389 4018 πολλοῖς
1409 3952 1736 4031 προσϐαλὼν
1771 3956 1985 4026 ἄλλοις,

343 4048 613 4109 κάνταῦθα
640 4048 766 4114 ἧκεν
813 4045 947 4116 μετὰ
987 4049 1084 4099 τοῦ
1137 4042 1255 4098 ἷ¹σου
1287 4047 1655 4121 φρονήματος,
1705 4044 1794 4099 καί
1817 4046 1879 4099 τὸ
1912 4046 1985 4099 ἰε-

348 4138 437 4209 ρὸν
481 4134 657 4204 ἐζήτει
712 4134 846 4205 μετά
891 4138 997 4187 τῶν
1048 4133 1499 4208 προσταγμάτων,
1548 4138 1804 4189 τοσοῦτον
1849 4134 1990 4188 ἀπο-

348 4223 572 4298 σχέσθαι
602 4226 713 4297 (54)
744 4222 838 4276 τοῦ
888 4242 938 4275 τι
988 4223 1418 4295 καταπράξασθαι
1451 4223 1523 4276 ὧν
1573 4219 1851 4295 ἐϐούλετο,
1886 4222 1989 4277 ὥσ-

346 4334 427 4381 τε,
462 4312 506 4365 εἰ
542 4312 616 4383 μὴ
650 4317 838 4374 θᾶττον
874 4308 1137 4380 ὑπεκλίθη
1173 4314 1251 4380 τῷ
1280 4309 1396 4383 ἐμῷ
1588 4312 1773 4387 πατρὶ,
1804 4313 1839 4379 ἢ
1868 4312 1993 4385 παρ’

351 4402 544 4455 ἑαυτοῦ
590 4399 784 4466 συνεὶς,
837 4396 872 4467 ἤ
923 4419 1068 4460 τινος
1119 4393 1621 4471 συμϐουλεύσαντος
1670 4402 1784 4474 (56)
1832 4400 1994 4455 ἀκού-

354 4509 472 4554 σας,
509 4487 605 4542 κᾶν
649 4487 775 4549 τοὺς
827 4485 997 4549 πόδας
1047 4487 1246 4557 ξανθεὶς
1299 4486 1598 4563 ἀπηλλάγη
1649 4491 1781 4561 (57),
1818 4491 1998 4558 ζέσαν-

350 4598 444 4639 τος
475 4575 557 4631 ἐπ’
586 4575 743 4630 αὐτὸν
778 4578 934 4649 θυμῷ
980 4576 1069 4630 καὶ
1117 4575 1271 4647 ζήλῳ
1323 4576 1444 4650 περὶ
1473 4562 1575 4630 τοῦ
1620 4581 1750 4631 ναοῦ
1792 4583 1887 4632 τοῦ
1918 4579 1998 4633 ἱε-
2028 4562 2074 4627 D

357 4665 512 4741 ρέως.
547 4666 658 4733 Τὴν
692 4662 980 4719 κατάλυσιν
1034 4663 1089 4719 δὲ
1140 4668 1258 4727 πῶς
1309 4662 1368 4718 ἄν
1412 4685 1495 4726 τις
1553 4662 1766 4739 μᾶλλον
1808 4667 1995 4744 φανείη

354 4753 931 4830 πραγματευσάμενος,
1067 4751 1307 4827 δημοσίᾳ
1353 4754 1447 4826 μὲν
1502 4754 1689 4831 εὐχαῖς
1735 4756 1825 4811 καὶ
1873 4755 1999 4828 δεή-

432 4898 544 4969 (47)
576 4901 732 4957 Παῖς.
765 4896 855 4951 Sic
904 4896 1106 4980 plures
1132 4898 1272 5023 Reg.
1320 4901 1378 4954 et
1423 4897 1609 4969 Colh.,
1642 4899 1757 4956 duo
1806 4900 2011 4970 Coisl.,

432 4990 452 5023 ι.
492 4970 543 5023 1.
574 4969 718 5023 Jes..
753 4972 860 5023 etc.
899 4970 1063 5023 Deest
1092 4986 1150 5023 1n
1182 4985 1212 5023 e
1260 5010 1273 5023 .

360 4968 452 5025 0r.
492 4970 543 5034 1,
574 4969 718 5037 Jes.,
753 4972 860 5023 etc.
899 4970 1063 5024 Deest
1092 4968 1150 5024 in
1182 4968 1273 5024 ed.

368 5113 378 5123 ο
438 5040 551 5165 (42)
581 5040 687 5099 Ὡς.
731 5040 825 5095 Sic
858 5041 1034 5113 Regg.
1077 5057 1129 5108 a,
1166 5041 1288 5105 bm,
1318 5039 1487 5096 Coisl.
1518 5041 1572 5111 2,
1605 5045 1663 5096 et
1690 5041 1810 5099 Jes.
1846 5043 2016 5099 Deest

368 5130 425 5165 in
466 5128 495 5165 e
545 5153 557 5165 .

364 5130 425 5167 ω
466 5128 557 5166 ea.

440 5180 921 5255 (49)_’Avat_lép.e0a.
968 5183 1144 5255 Regg.
1201 5200 1255 5255 a,
1310 5182 1431 5249 bm,
1481 5181 1655 5239 Coisl.
1705 5184 1759 5252 3,
1810 5183 1906 5241 0r.
1960 5186 2012 5255 1,

365 5247 513 5320 Jeé.,
534 5247 942 5325 ἀνεϐαλόμεθα.

442 5326 552 5397 (50)
586 5322 933 5397 Νομίζοντες.
971 5330 1032 5379 In
1076 5322 1394 5397 nonnullis,
1426 5322 1763 5395 νομίσαντες.

461 5398 551 5467 51)
584 5392 874 5451 Ἐνὲλειπε.
914 5398 1051 5469 Reg.
1087 5414 1139 5464 a,
1178 5392 1411 5469 ἐνέλιπε.

376 5539 387 5550 ν
440 5466 555 5594 (5Ξ)
582 5472 714 5536 Τῆς.
749 5469 841 5525 Sic
882 5466 1061 5541 Regg.
1091 5487 1143 5539 a,
1177 5468 1298 5533 bm,
1330 5473 1388 5523 et
1434 5466 1468 5519 2
1513 5466 1687 5522 Coisl.
1722 5467 1898 5523 Prave
1928 5466 2018 5529 Τίς

376 5555 434 5594 in
466 5556 495 5594 e
546 5583 558 5594 .

371 5555 434 5595 1n
466 5555 558 5594 ea.

444 5611 550 5686 (53)
599 5614 685 5686 ’ῼς
742 5610 777 5679 ἢ
836 5607 1324 5686 παραληψόμενος,
1383 5607 1419 5675 ἣ
1460 5606 2016 5686 ,καταστρεψόμενος

371 5702 404 5735 (ι
436 5678 646 5741 υινθι
704 5678 804 5740 eas
862 5678 1171 5757 achperet,
1231 5680 1327 5753 (ab
1382 5678 1656 5754 episcopo
1696 5678 2019 5753 nimirum,

2083 3253 2316 3325 pietatis
2337 3267 2523 3323 genus
2548 3249 3043 3322 praetermittebat,
3059 3266 3215 3305 nunc
3232 3249 3730 3316 alliciendo,nunc

2084 3340 2513 3405 comminando,
2541 3355 2699 3394 nunc
2724 3337 2999 3404 fallendo,
3023 3354 3180 3394 nunc
3200 3340 3374 3394 etiam
3400 3356 3513 3394 non
3538 3339 3731 3396 solum

2087 3429 2315 3485 callidis
2340 3427 2587 3494 artibus,
2604 3427 2704 3481 sed
2726 3426 2777 3480 vi
2801 3443 3034 3498 quoque
3055 3426 3323 3482 homines
3347 3428 3416 3482 ad
3442 3445 3503 3483 se
3520 3433 3736 3500 pertra-

2088 3518 2299 3573 hendo.
2325 3517 2439 3574 Nec
2464 3532 2597 3570 vero
2618 3515 2700 3570 ita
2728 3515 2979 3570 obscura
3001 3515 3128 3586 ejus
3149 3515 3395 3571 consilia
3415 3533 3543 3572 esse
3578 3522 3735 3588 pote-

2090 3612 2240 3672 rant,
2274 3606 2416 3677 quin
2448 3612 2753 3677 appareret
2798 3620 2931 3658 eum
2981 3604 3232 3659 versutis
3280 3622 3345 3660 ac
3397 3606 3735 3676 sophisticis

2092 3694 2355 3751 artiﬁciis
2401 3694 2861 3764 persecutionem
2910 3700 3142 3764 tegere;
3193 3710 3295 3748 nec
3348 3709 3582 3747 rursum
3633 3710 3736 3764 po-

2091 3784 2276 3839 tentia
2328 3798 2435 3837 sua
2492 3788 2686 3851 aperte
2746 3785 3036 3844 utebatur,
3079 3798 3194 3851 quo
3248 3797 3459 3851 nempe
3515 3780 3737 3837 utrovis

2095 3871 2269 3926 modo
2325 3886 2566 3940 prorsus
2622 3885 2982 3940 caperemur,
3031 3868 3118 3923 vel
3176 3869 3441 3938 improbe
3492 3869 3737 3940 decepti,

2093 3958 2183 4014 vel
2231 3958 2433 4014 coacti.
2482 3958 2621 4020 Quis
2654 3972 2824 4029 porro
2855 3958 3198 4028 reperietur,
3231 3958 3330 4028 qui
3366 3957 3519 4011 hunc
3551 3957 3739 4030 magis

2099 4053 2199 4103 aut
2230 4046 2659 4118 contempserit,
2692 4052 2793 4100 aut
2822 4046 3181 4117 oppresserit
3204 4046 3232 4100 ‘I
3281 4044 3743 4117 Contemptionis

2101 4137 2359 4209 quidem.
2388 4135 2539 4189 inter
2570 4135 2756 4189 multa
2786 4134 2901 4189 alia
2929 4135 3116 4206 signa,
3140 4138 3318 4190 testes
3343 4139 3481 4189 sunt
3501 4135 3746 4207 sagitta-

2102 4226 2170 4280 rii
2202 4224 2309 4291 illi,
2342 4239 2663 4294 eorumque
2695 4224 3020 4295 praefectus,
3053 4240 3203 4295 quos
3233 4223 3291 4278 in
3337 4222 3611 4279 ecclesias
3641 4239 3745 4280 no-

2102 4319 2254 4370 stras
2285 4313 2630 4378 immiserat,
2665 4316 2729 4367 ut
2758 4328 2856 4367 eas
2884 4312 2971 4367 vel
3003 4312 3296 4369 deditione
3326 4313 3633 4383 acciperet,
3657 4311 3747 4368 vel

2105 4402 2286 4458 armis
2316 4402 2634 4473 subigeret.
2667 4400 2810 4455 Nam
2844 4416 2977 4455 cum
3023 4400 3240 4456 multos
3284 4401 3429 4456 alios
3480 4402 3746 4474 adortus,

2107 4491 2220 4546 huc
2242 4505 2473 4561 quoque
2501 4488 2623 4560 pari
2659 4504 2791 4543 cum
2825 4489 3068 4544 audacia
3092 4489 3346 4545 venisset
3374 4504 3439 4544 ac
3471 4505 3604 4544 cum
3637 4489 3751 4545 im-

2107 4578 2390 4651 peratoris
2416 4578 2589 4648 jussu
2622 4577 2908 4649 templum
2933 4577 3044 4632 sibi
3075 4578 3224 4633 tradi
3247 4582 3600 4649 exposceret,
3622 4583 3754 4633 tan-

2108 4676 2235 4723 tum
2270 4666 2457 4721 abfuit
2486 4670 2551 4720 ut
2580 4666 2877 4738 quidpiam
2901 4682 3125 4733 eorum,
3150 4683 3276 4738 qum
3306 4668 3597 4738 cupiebat,
3624 4684 3753 4740 per-

2113 4758 2328 4825 ficeret,
2361 4759 2446 4821 ut,
2480 4754 2592 4810 nisi
2626 4754 2777 4826 patri
2809 4771 2964 4819 meo,
2996 4756 3086 4810 vel
3136 4759 3342 4827 suopte
3373 4755 3638 4824 consilio,
3667 4754 3759 4812 vel

2120 4901 2221 4953 aut
2271 4913 2304 4952 a
2353 4894 2576 4951 civibus
2622 4896 2911 4964 traditas),
2960 4896 3044 4953 vel
3096 4896 3249 4964 illas,
3295 4919 3324 4947 ››
3372 4898 3446 4953 iis
3493 4898 3762 4953 obniten-

2118 4970 2299 5035 tibus,
2336 4988 2356 5017 ι
2392 4973 2691 5024 everteret.
2724 4990 2751 5019 »
2783 4967 2957 5024 Coisl.
2994 4970 3042 5039 1,
3082 4968 3555 5041 κατασκεψάμενος
3610 4971 3762 5042 [per-

2122 5042 2715 5183 peisalsllsmxeaem.
2750 5109 2928 5183 Regg.
2979 5128 3034 5181 a,
3085 5112 3205 5178 bm,
3254 5110 3429 5167 Coisl.
3479 5112 3533 5179 3,
3581 5114 3673 5168 ον.
3710 5112 3762 5183 1,

2120 5186 2145 5240 .I
2154 5178 2234 5239 es.
2246 5225 2259 5249 ,
2282 5178 2579 5249 ἀπέσχετο.

2217 5254 2307 5324 55)
2338 5248 2599 5324 Τῷἶμξρ.
2622 5251 2771 5324 Reg.
2804 5251 2925 5321 bm,
2956 5254 3034 5322 τῷ
3063 5256 3169 5324 μῷ.

2217 5256 2286 5309 55
2338 5255 2424 5322 Τῷ
2463 5254 2599 5323 ἆμῷ.
2634 5254 2771 5323 Reg.
2804 5254 2925 5321 bm,
2956 5254 3034 5322 τῷ
3063 5256 3169 5324 μῷ.

2193 5254 2307 5398 (56)
2390 5318 2936 5395 Συμϐουλεύσαντος.
3023 5324 3120 5381 Or.
3207 5326 3233 5380 1
3258 5368 3272 5396 ,

2122 5416 2471 5541 τοῗ57)-Τοὺς
2494 5461 2664 5526 πόδας
2696 5464 2900 5541 ξανθεὶς
2923 5464 3479 5541 ἀπηλλάγηί-Βίηἰυε
3506 5464 3567 5541 in
3598 5464 3721 5541 Elia
3751 5479 3765 5520 :

2127 5562 2153 5610 (ι
2202 5535 2452 5610 pedibus
2500 5544 2782 5594 contusus
2841 5539 3100 5595 abiisset.
3147 5535 3180 5587 ι’
3221 5538 3495 5593 Mendose
3542 5535 3602 5592 in
3651 5537 3768 5609 ed.,

2125 5607 2474 5686 ἀπηλλάγης.

3357 5316 3599 5396 συμϐουλ
3614 5321 3768 5377 suov-
