4138 6212
447 378 471 437 1
484 376 598 437 027

1683 369 1745 426 S.
1797 364 2169 427 GREGORII
2214 361 2607 426 THEOLOGI

3698 370 3843 436 1028

445 510 757 579 cujusdam
789 504 1115 567 admonitu,
1166 500 1433 575 protinus
1481 502 1776 565 cessisset,
1829 499 2085 554 calcibus

2202 516 2312 549 σεσι
2345 494 2654 568 πανῖτξζιοις
2711 496 2933 572 βάλλων
2980 497 3070 551 τὸν
3121 494 3429 575 αλετηριον,
3461 502 3550 556 xui
3602 501 3724 559 οὐδὲ
3755 508 3839 559 τὸν

442 599 617 653 etiam
648 613 832 651 caesus
863 595 1231 649 discessurus
1261 591 1473 657 fuerit;
1525 591 1606 646 ita
1658 590 1714 645 in
1766 588 1953 643 ullum
2001 588 2089 642 fu-

442 702 569 742 rore
601 701 663 742 ac
696 682 897 755 templi
930 682 1050 738 zelo
1075 682 1347 737 sacerdos
1377 678 1697 736 aestuabat!
1733 677 1873 740 Quis
1895 680 2088 732 autem

438 775 551 845 ipsi
586 773 829 828 exitium
862 773 1051 842 magis
1082 786 1453 841 comparasse
1484 768 1662 823 videri
1696 772 1890 838 queat,
1915 782 2089 837 quam

441 862 560 929 ille,
594 861 695 932 qui
732 859 962 933 publice
994 860 1233 931 quidem
1280 860 1611 929 conjunctis
1662 856 1839 912 totius
1889 852 2086 926 populi

434 952 586 1007 votis
617 954 674 1006 et
704 950 974 1020 precibus
1005 950 1302 1019 impurum
1326 947 1492 1002 illum
1514 953 1571 1002 et
1591 946 1941 1017 sacrilegum
1973 944 2083 998 im-

441 1043 682 1111 peteret,
717 1055 782 1093 ac
816 1055 887 1093 ne
918 1044 1151 1109 tempus
1185 1053 1417 1108 quoque
1443 1039 1765 1101 metueret;
1812 1033 2085 1103 privatim

438 1135 656 1197 autem,
681 1131 1028 1182 nocturnam
1063 1127 1340 1180 adversus
1371 1140 1504 1178 eum
1537 1123 1715 1178 aciem
1750 1126 2087 1192 opponeret,

439 1224 614 1289 atque
645 1221 702 1271 et
731 1215 897 1270 humi
921 1214 1187 1269 cubando
1216 1213 1430 1268 seniles
1452 1213 1583 1267 illas
1603 1218 1660 1266 et
1683 1211 1942 1266 roscidas
1964 1225 2087 1263 car-

436 1323 539 1362 nes
558 1306 887 1367 conficeret,
907 1308 964 1358 et
982 1302 1256 1375 lacrymis
1274 1302 1672 1373 pavimentum
1694 1300 2085 1371 perfunderet,

430 1397 489 1450 in
515 1411 736 1450 annum
761 1392 934 1448 etiam
961 1394 1140 1447 ferme
1164 1391 1479 1462 integrum,
1504 1390 1680 1460 idque
1704 1389 1754 1444 ei
1782 1389 2084 1453 duntaxat,

431 1484 524 1539 cui
558 1500 649 1538 res
680 1481 920 1537 occultae
952 1480 1194 1551 cognitae
1230 1486 1387 1544 sunt,
1421 1484 1728 1550 praestans,
1762 1477 1928 1531 nobis
1976 1492 2081 1531 au-

2200 585 2383 659 καιρὸν
2420 580 2839 657 εὐλαϐούμενος⁹
2878 583 2986 657 ἰδίᾳ
3017 585 3075 642 δὲ
3101 590 3201 657 τὴν
3250 594 3563 665 νυκτερινήν
3607 595 3838 668 παράτα-

2200 675 2276 745 ξιν
2308 675 2422 727 κατ’
2454 674 2617 728 αὐτοῦ
2664 670 3139 749 προϐαλλόμενος,
3186 679 3456 752 χαμευνίᾳ
3627 682 3719 754 μὲν
3751 685 3839 743 τὰς

2200 762 2420 837 γεραιὰς
2467 766 2576 836 (59)
2626 763 2825 826 ὲκείνας
2878 764 2967 818 καὶ
3013 762 3270 841 δροσερὰς
3317 767 3672 843 κατατρύχων
3714 772 3838 841 σάρ-

2197 872 2313 924 κας,
2350 849 2567 922 δάκρυσι
2602 850 2659 906 δὲ
2689 854 2950 928 πηγάζων
2982 855 3044 907 τὸ
3092 851 3310 932 ἔδαφος,
3366 862 3563 931 μικροῦ
3610 862 3722 930 (60)
3752 860 3836 913 καί

2200 940 2277 1001 εἷς
2307 940 2547 994 ἐνιαυτὸν
2598 939 2749 995 δλον⁸
2801 942 2892 995 καὶ
2938 948 3098 997 τοῦτο
3148 949 3226 1014 τῷ
3274 947 3389 1016 (61)
3433 950 3539 999 τῶν
3586 954 3833 1020 κρυπτῶν

2197 1029 2413 1103 γνώστῃ
2466 1030 2616 1102 μόνῳ
2665 1029 3001 1109 φιλοσοφῶν,
3034 1035 3180 1104 ἡμᾶς
3214 1031 3273 1087 δὲ
3318 1033 3596 1098 λανθάνειν
3629 1036 3835 1112 ἐπιχει-

2199 1123 2304 1194 ρῶν
2341 1116 2429 1173 διὰ
2455 1120 2518 1173 τὸ
2550 1117 2936 1189 ἀνεπίδεικτον,
2973 1117 3153 1197 ὥσπερ
3186 1118 3339 1199 ἔφην,
3367 1132 3467 1193 τῆς
3504 1122 3786 1187 εὐλαϐείας
3822 1147 3835 1195 ;

2196 1208 2295 1260 Kui
2347 1207 2527 1263 λαθὼν
2580 1208 2638 1262 ἂν
2688 1211 2754 1277 ἦν
2804 1212 3178 1280 παντάπασιν,
3226 1212 3270 1266 εἳ
3324 1214 3398 1284 μὴ
3452 1234 3581 1268 ποτε
3630 1215 3838 1287 ἁθρόως

2199 1294 2521 1351 ἐπεισελθὼν
2584 1295 2708 1373 ἐγὼ,
2766 1299 2855 1352 xui
2910 1301 3021 1372 (62)
3075 1300 3375 1375 χαμευνίας
3426 1299 3678 1375 σύμϐολα
3722 1307 3839 1359 θεα-

2197 1386 2449 1457 σάμενος,
2489 1387 2577 1440 xui
2626 1391 2732 1440 τῶν
2774 1387 2898 1462 περὶ
2947 1388 3104 1443 αὐτὸν
3154 1390 3485 1464 πυθόμενος,
3532 1392 3651 1446 τίνα
3696 1397 3840 1447 ταῦτ’

2196 1474 2286 1545 ἧν,
2318 1471 2483 1550 ἔγνων
2515 1482 2612 1544 τῆς
2643 1477 2834 1538 νυκτὸς
2863 1477 2926 1531 τὸ
2961 1480 3281 1551 μυστήριον.

430 1576 547 1627 tem
581 1572 653 1626 ob
684 1571 957 1641 pietatem
990 1570 1061 1623 ab
1092 1569 1501 1634 ostentatione,
1538 1571 1601 1622 ut
1643 1568 1764 1636 jam
1797 1565 1936 1629 dixi,
1968 1565 2243 1635 alienam,
2278 1564 2464 1621 celare
2492 1567 2778 1622 studens?
2814 1569 2892 1623 Ac
2941 1574 3090 1624 certe
3139 1571 3378 1626 omnino
3429 1571 3691 1643 celasset,
3727 1563 3840 1629 nisi

430 1661 562 1731 ipse
590 1659 906 1729 aliquando
937 1655 1274 1712 cubiculum
1306 1656 1503 1710 subito
1537 1655 1862 1726 ingressus,
1896 1652 2377 1724 chameuniaaque
2418 1654 2587 1723 signa
2625 1656 3023 1727 conspicatus,
3056 1662 3231 1729 atque
3259 1675 3328 1714 ex
3358 1660 3612 1730 quodam
3651 1663 3839 1732 ipsius

430 1747 673 1812 famulo,
706 1748 987 1817 quidnam
1021 1746 1126 1800 hoc
1158 1752 1313 1801 esset
1344 1748 1739 1816 percontatus,
1773 1743 1961 1799 noctis
1993 1758 2274 1797 arcanum
2310 1743 2749 1798 intellexissem.

502 1836 747 1891 XXXIII.
781 1834 1033 1890 Alteram
1065 1835 1331 1905 ejusdem
1372 1832 1654 1903 temporis
1703 1831 2082 1902 ejusdemque
2110 1832 2158 1897 Β

428 1925 789 1981 fortitudinis
822 1924 1218 1978 narrationem
1244 1912 1506 1992 accipite.
1530 1921 1799 1976 Czesareaz
1822 1920 1973 1974 cives
2007 1919 2079 1974 de

429 2015 685 2087 episc0pi
735 2015 1029 2068 creatione
1086 2012 1239 2066 inter
1291 2027 1352 2065 se
1409 2009 1883 2065 contendebant:
1941 2023 2078 2062 nam

430 2104 577 2159 alter
596 2107 939 2169 excesserat,
965 2100 1110 2157 alter
1132 2099 1557 2171 requirebatur,
1582 2097 1847 2167 aerisque
1870 2095 2079 2150 seditio

431 2197 576 2259 erat,
608 2196 666 2247 et
695 2207 826 2262 quae
857 2207 972 2245 non
1006 2190 1172 2245 facile
1217 2188 1523 2259 comprimi
1567 2204 1634 2242 ac
1682 2185 1872 2241 sedari
1925 2186 2080 2240 354

434 2284 653 2354 posset.
677 2280 886 2335 Prmter
916 2279 973 2333 id
1005 2278 1183 2343 enim,
1215 2279 1367 2348 quod
1402 2282 1610 2331 natura
1639 2292 1767 2340 sua,
1790 2274 1849 2328 in
1883 2273 1991 2328 hac
2021 2289 2079 2328 re

432 2371 777 2442 praesertim,
812 2370 884 2423 ob
918 2367 1053 2422 ﬁdei
1085 2368 1367 2423 fervorem
1420 2367 1486 2420 ad
1543 2364 1889 2420 seditionem
1945 2379 2079 2433 pro—

433 2459 596 2514 clivis
625 2463 715 2514 est
743 2475 811 2513 ea
850 2458 1072 2527 civitas,
1106 2457 1395 2512 cathedrae
1426 2455 1668 2525 insuper
1697 2452 1853 2507 illius
1886 2451 2080 2522 splen-

433 2550 540 2603 dor
568 2556 622 2603 et
651 2547 836 2620 gloria
868 2548 1148 2615 majorem
1182 2544 1573 2600 contentionis
1604 2541 1908 2596 cumulum
1941 2540 2083 2594 affe-

434 2638 616 2692 rebat.
651 2642 841 2707 Atque
873 2635 983 2688 hoc
1016 2638 1170 2689 statu
1203 2650 1295 2688 res
1334 2637 1457 2687 erat
1489 2649 1501 2685 :
1559 2647 1624 2686 ac
1666 2630 1932 2685 nonnulli
1960 2628 2081 2700 epi-

436 2726 598 2797 sc0pi
631 2726 897 2789 aderant,
930 2729 995 2778 ut
1024 2723 1346 2778 antistitem
1395 2722 1620 2777 darent.
1676 2721 1785 2775 Sed
1835 2736 1967 2774 cum
2022 2719 2080 2773 in

439 2812 635 2885 plures
689 2813 1013 2868 sententias
1074 2811 1392 2866 multitudo
1452 2810 1892 2877 distraheretur,
1953 2808 2080 2863 alii-

438 2918 552 2972 que
585 2900 765 2956 alium
798 2906 1206 2973 proponerent,
1239 2898 1735 2970 quemadmodum
1772 2898 1831 2951 in
1874 2896 2082 2968 hujus-

440 2990 598 3045 modi
628 2991 804 3046 rebus
835 2990 959 3045 fieri
991 2988 1311 3055 consuevit,
1335 2993 1505 3060 prout
1527 2988 1777 3059 quisque
1796 2986 1884 3041 vel
1908 2987 2080 3041 bene-

438 3078 689 3135 volentia
719 3095 857 3151 erga
886 3079 1166 3150 aliquem,
1188 3077 1273 3133 vel
1312 3079 1521 3149 pietate
1546 3094 1682 3148 erga
1706 3082 1880 3131 Deum
1913 3076 2083 3131 duce-

438 3169 612 3224 batur
644 3185 656 3223 :
706 3168 944 3223 tandem
999 3167 1162 3238 plebs
1205 3170 1325 3222 tota
1354 3183 1469 3221 uno
1499 3182 1788 3221 consensu
1822 3164 2083 3235 primarii

439 3256 662 3312 ordinis
691 3257 882 3311 virum
918 3273 1123 3321 unum,
1158 3256 1274 3309 vita
1304 3255 1538 3325 quidem
1572 3263 1626 3308 et
1671 3254 1931 3308 moribus
1962 3252 2085 3308 exi-

442 3346 649 3409 mium,
684 3345 880 3400 divino
910 3350 1106 3399 tamen
1138 3344 1430 3414 baptismo
1465 3343 1725 3397 nondum
1775 3344 2086 3414 consigna-

439 3440 588 3501 tum,
624 3434 867 3487 invitum
902 3438 956 3488 et
988 3438 1411 3503 repugnantem
1445 3432 1847 3503 corripientes,
1883 3430 2086 3486 simul-

440 3540 553 3593 que
590 3521 948 3577 militaribus
996 3521 1199 3592 copiis,
1251 3538 1377 3591 quae
1429 3525 1553 3574 tum
1604 3520 1660 3574 in
1714 3521 1855 3574 urbe
1902 3524 2089 3587 erant,

440 3628 608 3683 opem
640 3610 1042 3679 atIerentibus,
1074 3609 1132 3663 in
1169 3609 1425 3665 sacrario
1459 3607 1836 3674 collocarunt,
1871 3613 1929 3662 et
1968 3608 2087 3678 epi-

440 3697 634 3769 scopis
665 3696 1025 3766 obtulerunt,
1048 3697 1120 3750 ab
1150 3696 1339 3766 iisque
1373 3701 1564 3767 petere
1594 3695 1998 3764 instituerunt,
2027 3699 2092 3750 ut

439 3804 571 3842 eum
631 3786 951 3851 initiarent,
1004 3790 1059 3840 et
1116 3785 1441 3841 antistitem
1492 3784 1942 3855 proclamarent,
1972 3785 2088 3839 vim

439 3875 673 3931 interim
707 3874 965 3930 suasioni
998 3875 1392 3930 admiscentes
1427 3891 1441 3929 :
1483 3891 1596 3928 non
1630 3872 1685 3928 id
1719 3875 1955 3943 quidem
1988 3875 2091 3929 ad-

439 3966 679 4020 modum
705 3965 964 4019 modeste
987 3968 1162 4034 atque
1183 3964 1523 4034 composite,
1548 3963 1866 4017 admodum
1894 3967 2089 4018 tamen

439 4054 531 4125 pie
563 4058 737 4124 atque
767 4054 1057 4108 ardenter.
1090 4052 1289 4123 Neque
1320 4052 1413 4106 hic
1444 4050 1781 4120 dicendum,
1814 4052 2090 4122 quisnam

438 4158 527 4211 eo,
559 4140 649 4195 vel
681 4140 909 4210 clarior,
940 4140 1030 4195 vel
1074 4140 1287 4212 pietate
1338 4139 1709 4211 praestantior
1756 4141 2042 4195 exstiterit
2075 4156 2088 4193 :

440 4229 498 4283 id
528 4235 762 4302 tempus
797 4230 1072 4285 ostendit.
1106 4229 1254 4295 Quid
1284 4228 1438 4284 enim
1481 4229 1567 4294 ﬁt,
1617 4234 1673 4284 et
1721 4247 1835 4300 quo
1883 4229 2091 4284 seditio

439 4333 749 4389 progressa
771 4318 901 4373 est?
930 4317 1125 4373 Coacti
1155 4316 1240 4372 illi
1261 4333 1395 4372 eum
1430 4316 1836 4387 puriﬁcarunt,
1861 4316 2091 4372 antisti-

439 4410 556 4460 tem
615 4407 1053 4476 renuntiarunt,
1087 4407 1148 4461 in
1206 4407 1419 4460 throno
1477 4405 1859 4471 collocarunt,
1912 4424 2091 4463 manu

439 4498 635 4550 tamen
688 4496 903 4566 potius,
946 4512 1121 4566 quam
1172 4494 1470 4549 voluntate
1519 4495 1815 4565 animique
1859 4496 2087 4565 affectu,

442 4583 596 4639 velut
628 4588 828 4655 postea
867 4584 1224 4640 declaratum
1265 4588 1370 4639 est.
1422 4588 1494 4638 Ut
1540 4586 1696 4639 enim
1745 4584 2082 4641 lubentibus

438 4670 656 4727 animis
685 4671 1107 4740 discesserunt,
1137 4688 1203 4727 ac
1232 4672 1581 4727 sententiam
1614 4689 1781 4728 suam
1827 4673 1887 4727 in
1930 4674 2082 4729 arbi-

442 4760 553 4816 trio
584 4778 693 4816 suo
722 4765 778 4816 et
808 4766 1092 4832 potestate
1124 4761 1476 4829 habuerunt,
1500 4762 1809 4817 consilium
1843 4762 1995 4818 inter
2024 4780 2086 4819 se

431 4853 665 4917 ineunt,
699 4849 855 4905 haud
883 4850 1004 4905 scio
1044 4868 1115 4905 an
1151 4848 1405 4921 Spiritus
1435 4849 1718 4921 impulsu,
1753 4852 1851 4907 sed
1884 4852 2090 4908 ineunt

432 4941 656 5005 tamen,
688 4954 898 5011 nempe
932 4942 996 4994 ut
1036 4937 1189 4993 nihil
1222 4954 1451 5007 eorum,
1483 4955 1611 5010 quis
1643 4946 1807 5011 gesta
1837 4941 2088 5015 fuerant,

504 5120 617 5191 (58)
653 5119 943 5193 Χαμευνίᾳ.
1002 5120 1093 5176 Sic
1149 5118 1325 5176 Coisl.
1376 5121 1432 5186 1,
1484 5120 1627 5185 Jes.,
1677 5125 1786 5176 etc.
1840 5121 1904 5174 In
1962 5122 2078 5189 ed.,

432 5189 642 5264 χαμευν
654 5189 731 5245 ίαν
742 5189 759 5264 ⁷,

687 5263 797 5325 Τὰς
854 5260 1088 5339 γεραιάς.
1166 5262 1262 5318 Or.
1330 5263 1355 5315 1
1443 5266 1499 5316 et
1582 5260 1713 5329 alii,
1789 5261 1883 5322 τὰς
1970 5283 2078 5338 γη-

436 5332 615 5545 Ραζὲὂ)
646 5407 878 5495 Μικρρςῗ).
922 5406 1059 5477 Reg.
1094 5424 1146 5476 8.,
1187 5396 1401 5478 μικρόν.

502 5478 583 5545 (6|
644 5483 749 5545 Τῳ.
779 5484 871 5531 Sic
902 5478 1038 5545 Reg.
1070 5480 1191 5542 bm,
1224 5482 1280 5533 et
1308 5479 1401 5528 Jes

524 5473 613 5550 61)
644 5473 871 5550 Τῴζὸξο
902 5473 1038 5550 Βρεζῖ
1070 5473 1195 5542 bm,
1224 5473 1424 5550 et'Jes.
1462 5473 1717 5550 Deestin
1750 5475 1840 5529 ed.

525 5514 613 5545 vl,
654 5514 749 5547 ιΨα
779 5514 871 5531 υιυ
902 5514 1038 5550 ιιυδ.
1070 5514 1191 5542 “tu,
1224 5514 1280 5533 υυ
1308 5514 1424 5528 υυυο
1462 5514 1630 5528 υννυν
1660 5514 1717 5528 ιιι
1751 5514 1840 5529 νυ.

501 5514 613 5619 (62)
646 5550 769 5603 Καί.
805 5548 973 5605 Deest
1004 5553 1059 5605 in
1098 5550 1234 5620 Reg.
1267 5548 1386 5599 bm.
1420 5550 1476 5599 et
1505 5546 1599 5599 Or.
1634 5546 1683 5599 1.

501 5620 609 5644 ΔΩΟΧ
672 5624 686 5644 ,
707 5629 719 5644 ι
776 5616 920 5644 9"---
1005 5621 1095 5644 Οἷ-
1178 5616 1439 5644 -Ιηκεηηη

500 5616 611 5688 (63)
672 5616 944 5748 Ἀνδέίας.
1004 5621 1098 5677 Sic
1178 5616 1441 5702 plerique
1529 5616 1697 5671 codd.
1766 5616 1941 5700 Coisl..
2018 5619 2071 5673 3.

431 5690 489 5743 et
518 5688 611 5746 Or.
645 5692 698 5765 1,
732 5692 790 5748 ἀν
831 5691 997 5769 ρείας.
1040 5692 1217 5747 Prave
1262 5706 1321 5747 In
1369 5688 1484 5759 ed.,
1514 5683 1822 5769 ἀνανδρίας,
1847 5712 1875 5739 ‹‹
1910 5705 2075 5763 igna-

2262 1830 2382 1886 AI".
2415 1830 2636 1904 ’Έτερον
2689 1828 2745 1884 δὲ
2793 1829 2890 1886 τοῦ
2936 1831 3099 1887 αὐτοῦ
3145 1838 3336 1910 καιροῦ
3384 1836 3472 1889 καὶ
3520 1844 3620 1907 τῆς
3670 1837 3837 1907 αὐτῆς

2188 1914 2405 1989 ἀνδρίας
2436 1920 2552 1989 (63)
2601 1916 2873 1994 διήγημα’
2925 1920 3226 1991 ἐστασίαζεν
3258 1926 3293 1992 ἡ
3328 1927 3639 1999 Καισαρέων
3672 1927 3835 1988 πόλις

2188 2005 2310 2080 περὶ
2342 2001 2627 2081 προϐολὴν
2659 2008 2959 2084 ἀρχιερέως
2995 2013 3128 2083 (64),
3159 2016 3255 2065 τοῦ
3290 2013 3384 2084 μὶν
3427 2014 3833 2085 ὑπεξελθόντος,

2185 2097 2281 2147 τοῦ
2332 2091 2387 2148 δὲ
2434 2093 2885 2168 ἐπιζητουμένου,
2935 2098 3024 2151 καὶ
3079 2102 3113 2167 ἡ
3147 2101 3328 2161 στάσις
3381 2104 3581 2176 θερμὴ,
3614 2104 3703 2157 καὶ
3758 2106 3831 2176 μή

2191 2178 2374 2258 ῥᾳδίαν
2421 2184 2517 2251 τήν
2572 2182 2722 2238 λύσιν
2777 2181 2995 2261 ἔχουσα.
3052 2187 3216 2241 Φύσει
3265 2210 3321 2242 τε
3370 2192 3469 2264 γὰρ
3522 2191 3834 2263 πιρὶτοῦτσ

2193 2271 2429 2344 μάλιστα
2460 2271 2761 2342 στασιώδης
2792 2277 2825 2343 ἡ
2859 2274 3045 2346 πόλις,
3097 2274 3184 2329 διὰ
3397 2280 3707 2351 θερμότητα
3748 2282 3834 2336 πί-

2189 2381 2377 2431 στεως,
2408 2360 2495 2414 καὶ
2526 2362 2587 2414 τὸ
2632 2364 2729 2430 τῆς
2776 2361 3037 2438 καθέδρας
3092 2362 3357 2437 ἐπίδοξον,
3390 2364 3566 2422 πλείω
3615 2371 3713 2437 τήν
3747 2392 3837 2447 φι-

2191 2447 2457 2503 λονεικίαν
2509 2450 2813 2525 εἰργάζετο.
2880 2457 3055 2506 Ταῦτα
3110 2456 3213 2523 ἧν,
3272 2456 3360 2508 καὶ
3419 2464 3664 2532 παρῆσαν
3728 2464 3836 2513 τῶν

2192 2537 2500 2593 ἐπισκόπων
2546 2540 2684 2601 τινες
2733 2541 2824 2595 τὸν
2879 2541 3137 2617 ἀρχιερέα
3192 2541 3474 2607 δώσοντες’
3537 2547 3611 2607 ὡς
3664 2545 3723 2601 δὲ
3764 2548 3839 2610 εἷς

2190 2626 2411 2689 πλείους
2458 2632 2554 2682 τοῦ
2604 2626 2785 2702 δήμου
2836 2627 3191 2705 διαιρεθέντος
3228 2676 3242 2703 ,
3291 2633 3382 2688 καὶ
3434 2632 3620 2689 ἄλλων
3670 2636 3842 2691 ἄλλον

2190 2713 2688 2792 προϐαλλομένων,
2719 2716 2850 2792 ὅπερ
2884 2719 2935 2773 ἐν
2968 2726 3082 2781 τοῖς
3111 2720 3386 2784 τοιούτοις
3415 2722 3564 2799 φιλεῖ
3612 2721 3841 2797 συμϐαί-

2189 2827 2320 2878 νειν,
2352 2806 2427 2867 ὡς
2455 2805 2677 2868 ἕκαστος
2708 2803 2894 2882 ἔτυχεν
2928 2810 2962 2876 ἣ
2991 2807 3175 2885 φιλίας
3220 2811 3355 2881 πρός
3405 2832 3552 2873 τινας
3606 2811 3776 2888 ἔχων,
3808 2817 3839 2883 ἦ

2189 2896 2324 2969 πρὸς
2372 2895 2499 2950 Θεὸν
2567 2890 2881 2967 εὐλαϐείας,
2930 2896 3087 2959 τέλος
3146 2903 3527 2977 συμφρονήσας
3577 2902 3606 2958 ὁ
3658 2900 3838 2974 δῆμος

2192 2986 2351 3054 ἅπας,
2381 2989 2489 3038 τῶν
2538 2986 2769 3060 πρώτων
2800 2988 2912 3059 (66)
2960 2987 3086 3061 παρ’
3133 2988 3316 3050 αὐτοῖς
3344 2987 3452 3058 ἕνα,
3480 2989 3585 3063 βίῳ
3620 2992 3714 3063 μὲν
3752 2992 3835 3064 ἐξ·

2192 3072 2525 3147 ειλεγμένον,
2560 3072 2711 3128 οὔπω
2754 3071 2811 3128 δὲ
2856 3079 2934 3146 τῷ
2983 3074 3110 3147 θείῳ
3162 3077 3489 3152 βαπτίσματι
3534 3101 3834 3157 κατεσφρα-

2114 3188 2156 3256 C
2194 3162 2449 3236 γισμένον
2483 3206 2497 3231 ,
2554 3168 2744 3217 τοῦτον
2803 3161 2999 3219 ἄκοντα
3056 3169 3520 3239 συναρπάσαντες,
3577 3171 3667 3223 καὶ
3729 3172 3842 3242 ἅμα

2198 3254 2589 3326 στρατιωτικῆς
2615 3254 2803 3326 χειρὸς
2850 3248 3273 3327 συλλαϐομένης
3318 3256 3502 3318 αὐτοῖς
3547 3265 3845 3329 τηνικαῦτα

2197 3336 2575 3411 ἐπιδημούσης
2625 3340 2712 3395 ἐπὶ
2764 3342 2825 3395 τὸ
2883 3342 3035 3416 βῆμα
3083 3341 3288 3416 ἔθεσαν,
3340 3345 3429 3399 xui
3475 3353 3591 3407 τοῖς
3626 3346 3846 3402 ἐπίστιό-

2196 3450 2321 3490 ποις
2346 3432 2715 3506 προσήγαγον,
2747 3428 3077 3501 τελεσθῆναί
3104 3454 3161 3487 τε
3190 3433 3372 3506 ἠξίουν
3421 3435 3511 3488 xui
3558 3444 3857 3512 κηρυχθῆ-

2197 3539 2301 3586 ναι,
2349 3520 2529 3572 πειθοῐ
2583 3520 2699 3593 βίαν
2752 3519 3113 3593 ἀναμίξαντες·
3151 3521 3211 3576 οὐ
3264 3522 3383 3577 λίαν
3420 3525 3512 3597 μὶν
3556 3525 3852 3594 εὐτάκτως,

2198 3605 2319 3662 λίαν
2372 3604 2430 3661 δὲ
2470 3612 2675 3669 πιστῶς
2725 3608 2813 3662 xui
2864 3606 3162 3685 διαπύρως.
3220 3611 3492 3667 Κάνταῦθα
3552 3614 3652 3668 οὐκ
3708 3614 3854 3670 ἔστιν

2199 3696 2390 3767 εἰπεῖν,
2440 3696 2619 3752 ὅντινα
2669 3694 3100 3775 εὐδοκιμώτερον
3136 3698 3342 3755 ἐκείνου
3386 3702 3475 3756 xui
3507 3699 3859 3759 θεοσεϐέστε-

2200 3806 2289 3861 ρον
2326 3782 2574 3855 διέδειξεν
2605 3788 2631 3840 ὁ
2667 3787 2880 3862 καιρός.
2913 3787 2973 3840 Τί
3021 3790 3121 3863 γὰρ
3171 3790 3401 3862 γίνεται,
3433 3792 3520 3845 xui
3567 3798 3669 3847 ποῖ
3713 3814 3854 3869 προ-

2196 3875 2361 3942 ῆλθεν
2391 3877 2424 3943 ἡ
2468 3875 2649 3937 στάσις
2684 3895 2696 3943 ;
2729 3871 3107 3948 Ἐϐιάσθησαν,
3155 3878 3382 3953 ἥγνισαν
3412 3925 3424 3948 ,
3472 3881 3804 3956 ἆνεκήρυξαν
3836 3930 3854 3952 ,

2200 3962 2287 4017 ἐπὶ
2344 3964 2432 4017 τὸν
2482 3963 2670 4034 θρόνον
2715 3960 2925 4037 ἔθεσαν,
2974 3968 3120 4040 χειρὶ
3177 3966 3390 4038 μᾶλλον
3436 3969 3470 4037 ἦ
3522 3972 3718 4043 γνώμῃ
3759 3972 3852 4026 xui

2203 4049 2431 4106 διαθέσει
2479 4051 2809 4125 πνεύματος·
2864 4050 3119 4125 ἐδηλώθη
3183 4053 3239 4109 δὲ
3293 4063 3410 4118 τοῖς
3471 4060 3607 4130 μετᾶ
3658 4064 3855 4116 ταῦτα.

2200 4141 2286 4202 Ὠς
2315 4140 2417 4216 γὰρ
2450 4138 2865 4227 ἀπηλλάγησαν
2900 4141 3148 4214 ἄσμενοι,
3182 4145 3269 4198 xui
3321 4146 3550 4219 γνώμης
3598 4146 3857 4221 ἐγένοντο

2200 4230 2402 4303 κύριοι,
2455 4229 2663 4304 βουλὴν
2722 4228 3075 4305 βουλεύονται
3125 4231 3214 4286 σὺν
3262 4232 3562 4303 ἀλληλοις,
3596 4236 3696 4291 οὐκ
3730 4235 3861 4291 οῖδα

2205 4318 2298 4389 μὲν
2332 4317 2376 4371 εἰ
2411 4320 2776 4390 πνευματικὴν
2809 4322 2941 4391 (67),
2997 4319 3343 4394 βουλεύονται
3376 4320 3423 4376 δ’
3452 4321 3630 4394 ὅμως,
3682 4324 3860 4397 μηδὶν

2199 4406 2384 4481 κύριον
2444 4408 2689 4483 ἡγεῖσθαι
2732 4412 2837 4462 τῶν
2896 4408 3313 4484 πεπραγμένων,
3373 4408 3512 4482 μηδὲ
3557 4414 3659 4481 τήν
3695 4416 3862 4468 κατά-

2200 4516 2381 4549 στασιν
2442 4492 2721 4570 ἔγκριτον
2785 4498 2882 4565 τήν
2938 4517 2997 4551 τε
3059 4498 3176 4571 βίαν
3236 4496 3623 4562 ἐπικαλοῦντες
3681 4502 3852 4573 αὐτῷ,

2202 4581 2367 4656 μηδὲν
2424 4585 2585 4651 ἦττον
2636 4584 2926 4659 βιασθέντι,
2972 4606 3061 4639 και
3123 4585 3381 4661 ῥημάτων
3439 4584 3851 4663 λαμϐανόμενοέ

2192 4694 2374 4739 τινων,
2409 4672 2482 4733 ὡς
2532 4672 2836 4748 εἰρημένων
2887 4679 3183 4743 τηνικαῦτα
3230 4678 3653 4754 προπετέστερον
3686 4681 3723 4747 ἢ
3760 4701 3847 4734 σοι

2196 4762 2460 4838 φώτερον.
2495 4761 2571 4817 Οὐ
2609 4762 2716 4833 μὴν
2751 4763 2777 4816 ὁ
2813 4762 2976 4837 μέγας
3016 4763 3327 4838 ἀρχιερεὺς,
3359 4766 3443 4819 xui
3497 4763 3708 4830 δίκαιος
3740 4774 3842 4822 τῶν

2197 4851 2534 4925 πραγμάτων
2586 4850 2889 4923 ἐξεταστὴς,
2923 4852 2956 4919 ἢ
2996 4856 3319 4929 σζναπήχθη
3351 4860 3467 4916 τοῖς
3515 4861 3682 4911 ταῦτα
3717 4859 3841 4931 (iou-

2203 4938 2543 5012 λευομένοις,
2592 4940 2626 5007 ἢ
2671 4940 2769 5006 τὴν
2820 4940 3050 5013 γνώμην
3100 4939 3354 5014 ἐπῄνεσεν
3391 4961 3403 4975 ·
3456 4943 3583 4999 ἀλλ’
3635 4944 3838 5019 ἔμεινεν

2190 5137 2372 5275 maia.)
2402 5191 2757 5275 ’Apxzsphéguf.
2793 5216 2813 5245 ι
2865 5194 3094 5275 summi
3154 5196 3501 5275 sacerdotis,
3548 5220 3575 5246 υ
3625 5199 3680 5253 id
3735 5206 3843 5269 est,

2192 5283 2219 5314 ι
2250 5263 2577 5334 episcopi!»
2602 5263 2741 5320 'Bill.
2768 5287 2796 5316 «
2833 5266 3276 5338 archiepiscopi,
3308 5290 3334 5317 υ
3365 5263 3494 5340 quae
3540 5286 3645 5325 vox
3691 5263 3840 5327 non;

2187 5336 2327 5389 dum
2359 5342 2483 5389 erat
2513 5335 2569 5388 in
2600 5352 2731 5389 usu.

2258 5352 2327 5388 im
2359 5352 2483 5389 erat
2513 5352 2569 5388 in
2600 5352 2731 5390 usu.

2258 5406 2367 5483 (ὓῆ)
2400 5403 2515 5483 atat.
2557 5406 2652 5461 Sic
2701 5408 2876 5481 Regg.
2912 5425 2965 5479 a,
2996 5409 3121 5474 bm,
3153 5408 3270 5463 duo
3317 5409 3518 5483 Coisl.,
3546 5411 3688 5479 Jes.,
3721 5418 3835 5468 etc.

2184 5480 2249 5531 In
2283 5478 2372 5532 ed.
2407 5479 2591 5533 deest.

2256 5549 2368 5623 (66)
2412 5552 2526 5623 iam
2572 5548 2826 5623 πρώτων.
2878 5549 2973 5606 Sic
3020 5549 3195 5606 Coisl.
3252 5552 3303 5623 1,
3353 5552 3448 5607 0r.
3503 5554 3554 5619 1,
3606 5554 3725 5609 Jes.
3777 5558 3834 5611 et

2256 5578 2368 5618 \W}
2420 5578 2526 5601 ιων
2572 5578 2623 5601 Ἷῖ’
2651 5578 2826 5605 ωἰων.
2878 5578 2973 5606 Diu
3020 5578 3069 5605 Ui

2185 5618 2455 5696 Compsa
2476 5622 2535 5675 In
2567 5578 2654 5676 cci.
2671 5665 2684 5686 ,
2712 5620 3069 5696 τὸνᾼπρῷτον.

2256 5692 2362 5765 (67)
2395 5689 2458 5745 Ei
2489 5689 2889 5767 πνευματικήν(
2912 5693 3117 5749 Billius
3151 5708 3164 5749 :
3192 5715 3221 5744 «
3251 5709 3326 5751 an
3356 5694 3676 5767 spirituale.
3701 5718 3733 5748 ι»
