4138 6212
331 360 484 421 1020

1225 358 1516 421 ORATIO
1558 350 1779 417 XVIII.
1819 381 1889 398 -—
1922 353 2315 417 FUNEBRIS
2362 352 2442 412 IN
2484 354 2838 418 PATREM.

3580 371 3738 431 1030

321 487 549 558 ἀκλινὴς
579 490 667 544 καὶ
700 491 992 561 ἀηττητος,
1026 488 1177 544 οὐδέν
1209 510 1268 564 γε
1298 491 1456 556 ἦττον
1490 487 1524 554 ἢ
1562 482 1701 557 μηδὲ
1734 483 1970 559 βιασθεὶς

2086 490 2274 538 ratum
2308 501 2374 538 ac
2408 485 2641 539 firmum
2677 503 2805 541 esse
2836 489 3136 558 ducerent,
3171 508 3271 546 nec
3304 493 3734 558 institutionem

322 579 489 641 ὅλως.
524 585 727 655 Χρῆναι
758 580 881 655 γὰρ,
911 586 1098 649 κοινῆς
1130 581 1243 651 (68)
1273 577 1439 647 οὕσης
1469 582 1570 644 τῆς
1614 573 1758 649 βίας,
1790 572 1825 641 ἢ
1881 593 1971 627 κα-

319 672 684 744 τηγοροῦντας
761 668 1314 743 ἀντικατηγορεῖσθαι,
1386 664 1422 732 ἢ
1500 661 1747 738 ἀφιέντας
1827 659 1971 738 ἀφίε-

319 768 459 827 σθαι,
518 757 553 823 ἢ
614 756 675 810 τό
722 777 782 831 γε
831 754 1192 833 δικαιότερον,
1239 755 1367 828 μήτ’
1399 755 1510 825 (69)
1541 749 1791 827 ἀφιέντας
1824 748 1972 825 ἀφίε-

318 847 455 900 σθαι.
512 843 572 899 Εἰ
636 844 730 916 μὲν
790 844 893 919 γὰρ
942 844 1137 906 αὐτοὺς
1195 848 1332 898 εῖναι
1389 840 1715 917 συγγνώμης
1764 836 1966 908 ἀξίους,

317 933 558 989 κάκεῖνον
610 935 847 995 πάντως·
903 933 947 987 εί
993 931 1050 988 δὲ
1084 930 1357 1006 μηδαμῶς
1390 930 1616 996 ἰκεῖνον,
1651 930 1832 1002 σχολῇ
1865 927 1968 1000 γὰρ

319 1022 376 1077 ἂν
412 1021 627 1083 αὐτοὺς.
688 1020 893 1093 Πολλῷ
920 1024 1022 1098 γὰρ
1058 1020 1273 1096 βὲλτιον
1306 1006 1461 1089 εἶξαι,
1493 1012 1615 1072 τότε
1644 1012 1967 1070 κινδυνεύειν

315 1111 403 1166 καὶ
434 1110 737 1165 ἀντιτείνειν
775 1112 939 1186 μέχρι
965 1112 1180 1182 παντὸς,
1213 1112 1247 1179 ἢ
1299 1110 1520 1184 ὓστερον
1570 1100 1966 1174 ἐπιϐουλεύειν,

315 1201 409 1255 κᾶν
442 1199 620 1272 τούτῳ
649 1204 727 1271 τῷ
754 1204 928 1275 καιρῷ
961 1201 1073 1273 (70)
1109 1196 1533 1272 μάλιστα,ἡνίκα
1561 1194 1649 1249 καὶ
1681 1193 1776 1254 τὰς
1807 1191 1969 1253 οὓσας

314 1287 512 1364 ’ἔχθρας
540 1286 823 1343 καταλύειν
858 1284 1077 1361 ἄμεινον
1109 1290 1199 1357 ῆν,
1229 1289 1264 1356 ἣ
1290 1288 1384 1348 τὰς
1432 1284 1531 1340 οὐκ
1561 1281 1721 1344 οὔσας
1752 1300 1968 1357 περινο-

316 1384 408 1432 εῖψ
445 1378 562 1452 εἶχε
590 1379 693 1453 γὰρ
726 1376 922 1439 οὕτως.

2078 572 2404 644 legitimam
2442 598 2454 629 :
2486 574 2603 628 vim
2651 576 2701 629 ei
2747 577 3107 649 objicientes,
3142 582 3240 651 qui
3296 600 3411 638 non
3445 587 3731 646 minorem

2077 661 2203 731 ipse
2235 661 2346 715 vim
2380 678 2593 733 passus
2630 664 2837 733 fuerat,
2862 683 2926 721 ac
2954 684 3251 726 sermones
3283 675 3565 743 quosdam
3591 679 3731 733 arri-

2078 752 2320 821 pientes,
2356 756 2421 805 ut
2468 751 2798 822 petulanter
2856 757 3045 828 magis
3090 774 3268 828 quam
3322 764 3616 834 sapienter
3663 785 3729 824 eo

2078 841 2342 909 tempore
2372 838 2650 910 prolatos.
2684 844 2755 895 At
2786 843 3052 915 antistes,
3081 853 3138 902 et
3159 865 3363 921 aequus
3395 869 3587 909 rerum
3622 874 3729 913 aes-

2077 927 2338 992 timator,
2374 943 2478 982 nec
2510 945 2645 984 cum
2678 930 2771 1000 iis,
2802 934 2899 1003 qui
2936 933 3273 1005 hujusmodi
3300 941 3610 999 consilium
3644 946 3733 1000 in-

2079 1015 2574 1082 ibant,abductus
2596 1023 2703 1084 est,
2734 1035 2834 1075 nec
2866 1038 3068 1077 eorum
3091 1029 3440 1085 sententiam
3466 1048 3732 1106 compro-

2080 1104 2254 1171 bavit,
2290 1122 2490 1159 verum
2537 1112 2813 1162 constans
2864 1115 3033 1181 atque
3084 1112 3334 1173 invictus
3387 1104 3731 1196 permansit,

2079 1210 2192 1248 non
2229 1193 2429 1249 minus
2459 1210 2637 1265 quam
2670 1196 2718 1250 si
2753 1197 2913 1253 nulla
2943 1201 3182 1257 omnino
3206 1206 3292 1259 vis
3320 1206 3431 1278 ipsi
3466 1193 3731 1269 adhibita

2080 1281 2309 1336 fuisset.
2345 1282 2488 1337 Nam
2532 1300 2663 1339 cum
2695 1286 2782 1340 vis
2834 1290 3164 1345 communis
3211 1300 3385 1365 esset,
3419 1306 3728 1374 oporteret,

2079 1376 2145 1425 ut
2175 1376 2277 1426 aut
2324 1378 2672 1429 accusantes
2701 1375 2960 1430 vicissim
3011 1387 3447 1453 accusarentur,
3483 1393 3584 1443 aut
3620 1392 3722 1446 ab-

317 1469 606 1525 solventes
638 1467 1111 1535 absolverentur;
1159 1471 1280 1537 aut,
1313 1464 1469 1538 quod
1513 1462 1737 1536 justius
1785 1464 1929 1527 erat,
1962 1475 2034 1549 ne
2080 1458 2449 1515 absolventes
2480 1462 2718 1533 quidem
2768 1464 3225 1525 absolverentur.
3260 1471 3318 1525 Si
3369 1473 3526 1530 enim
3581 1478 3726 1549 ipsis

314 1559 480 1616 venia
511 1558 841 1623 deberetur,
874 1558 1078 1630 utique
1108 1560 1164 1613 et
1195 1555 1255 1612 ili
1292 1573 1305 1613 :
1341 1555 1433 1611 sin
1465 1553 1550 1610 illi
1584 1551 1745 1608 nullo
1778 1549 1949 1641 modo
1978 1547 2418 1641 ignoscendum
2458 1555 2632 1620 esset,
2670 1552 2853 1641 multo
2884 1559 3038 1611 certe
3086 1557 3283 1614 minus
3336 1561 3500 1633 ipsis.
3537 1547 3730 1641 Longe

315 1644 470 1702 enim
502 1645 689 1701 satius
749 1644 975 1716 fuisset,
1011 1652 1075 1701 ut
1104 1646 1215 1717 ipsi
1265 1649 1390 1700 tum
1441 1642 1724 1715 temporis
1774 1637 2099 1729 periculum
2132 1637 2380 1705 adirent,
2413 1642 2585 1710 atque
2618 1640 2688 1695 ad
2720 1646 3043 1699 extremum
3106 1663 3292 1719 usque
3350 1637 3723 1729 obsisterent,

315 1754 491 1809 quam
523 1741 587 1792 ut
618 1742 817 1810 postea
862 1737 1112 1793 insidias
1160 1737 1588 1808 compararent,
1622 1747 1805 1804 eoque
1847 1728 2013 1819 356
2034 1730 2354 1819 praesrtim
2388 1734 2667 1803 tempore,
2701 1748 2815 1804 quo
2848 1739 2985 1791 ortae
3007 1736 3135 1807 jam
3169 1738 3484 1799 inimicitiae
3532 1748 3731 1819 potius

314 1831 509 1884 essent
539 1827 916 1899 deponendas,
950 1843 1131 1899 quam
1165 1843 1324 1882 nova:
1354 1823 1767 1897 excogitandis.
1802 1819 1893 1875 Sic
1923 1816 2079 1873 enim
2113 1834 2206 1873 res
2238 1834 2300 1874 se
2329 1818 2599 1876 habebat.

384 1916 503 1971 ΛΚ.
554 1921 738 1988 Παρῆν
800 1915 893 1987 μὲν
955 1915 983 1968 6
1035 1912 1289 1989 βασιλεὺς
1337 1914 1554 1990 βρέμων
1591 1911 1955 1985 Χριστιανοῖς,

2136 1907 2380 1964 XXXIV.
2412 1909 2632 1966 Aderat
2674 1911 2994 1984 imperator
3039 1916 3319 1976 adversus
3365 1922 3729 1985 Christianos

318 2000 385 2058 δι’
415 2002 591 2079 ἀργῆς
623 2000 680 2057 δὲ
703 2004 738 2072 ἡ
771 2002 1100 2079 χειροτονία,
1127 2001 1409 2072 ήπειλεῖτο
1455 1998 1512 2055 δὲ
1559 2001 1586 2055 ὁ
1634 1992 1969 2071 προϐληθείς

321 2092 405 2147 ἐπὶ
467 2089 627 2167 ξυροῦ
679 2094 794 2166 (71)
842 2088 901 2145 δὲ
1032 2090 1217 2162 πόλις,
1250 2092 1283 2159 ἦ
1317 2090 1506 2163 μηκέτ’
1538 2090 1673 2143 εἶναι
1707 2086 1839 2160 μετὰ
1869 2085 1966 2153 τὴν

318 2181 525 2255 ἡμέραν
560 2180 789 2252 ἐκείνην,
836 2183 869 2249 ἢ
894 2188 1288 2256 περισωθῆναι,
1325 2180 1415 2234 καί
1463 2199 1611 2240 τινος
1662 2174 1966 2255 φιλανθρω-

318 2269 442 2330 πίας
485 2274 696 2345 τυχεῖν.
749 2267 1136 2344 Προσεγεγόνει
1196 2268 1298 2343 γὰρ
1348 2268 1427 2330 οἷς
1476 2266 1791 2342 παρώξυντο
1844 2262 1966 2335 περὶ

318 2365 418 2427 τῆς
460 2358 668 2434 Τύχης,
719 2357 770 2413 ἐν
829 2356 1005 2433 καιρῷ
1034 2364 1132 2427 τῆς
1159 2355 1413 2432 εὑτυχίας
1442 2353 1846 2431 περιλυθείσης,
1877 2352 1965 2407 καὶ

316 2450 352 2516 ἡ
402 2446 525 2522 περὶ
572 2448 663 2501 τὸν
714 2444 880 2522 ἄνδρα
908 2447 1251 2520 καινοτομία,
1285 2447 1358 2508 ὡς
1386 2451 1492 2501 τῶν
1542 2443 1820 2518 δημοσίων
1879 2464 1963 2497 σε-

318 2535 662 2609 συλημὲνων.
710 2538 921 2607 Ἐζήτει
955 2534 1012 2591 δὲ
1042 2538 1070 2591 6
1099 2541 1197 2591 τοῦ
1229 2532 1414 2598 ἔθνους
1446 2532 1632 2610 ἅρχων
1662 2534 1691 2588 ὃ
1720 2556 1773 2588 τι
1806 2531 1964 2607 χαρί-

318 2646 467 2679 σαιτο
523 2629 603 2697 τῷ
653 2626 848 2700 καιρῷ,
900 2627 1145 2680 κάκεῖνον
1175 2625 1228 2680 τί
1260 2623 1463 2695 διαθείη
1498 2625 1683 2694 κακὸν,
1716 2620 1839 2677 ούδὶ
1869 2622 1964 2676 ἄλ-

319 2713 431 2776 λως
461 2715 597 2791 πρὸς
633 2713 789 2769 αὐτὸν
823 2711 966 2790 ἔχων
1001 2713 1346 2785 ἐπιτηδείως,
1381 2711 1507 2769 ἀλλ’
1555 2713 1629 2775 ὡς
1662 2712 1713 2782 ἐξ
1739 2712 1963 2766 ἀντιπο-

319 2802 523 2865 λιτείας
557 2800 812 2880 διάφορος
847 2800 940 2860 ὢν.
976 2801 1191 2858 Ἐκάλει
1250 2800 1307 2858 δὶ
1364 2800 1430 2857 δι’
1487 2800 1788 2857 ἐπιστολῶν
1835 2799 1962 2861 τοὺς

317 2895 799 2967 χειροτονήσαντας
858 2892 932 2955 ὡς
988 2895 1490 2969 κατηγορήσοντας,
1522 2891 1622 2946 οόκ
1652 2887 1728 2945 ἔτι
1787 2890 1963 2965 ἀπρα-

315 2980 563 3055 γμόνως,
596 2979 721 3035 ἀλλ’
758 2978 859 3051 ἤδη
893 3003 945 3036 τι
977 2981 1066 3036 καὶ
1097 2980 1331 3050 ἀπειλῆς
1373 2984 1488 3054 (72)
1540 2979 1962 3055 ωροστιθεῖς,ὡς

313 3075 473 3125 τοῦτο
505 3071 861 3133 ἀπαιτοῦντος
882 3074 1002 3144 ⁴(73)
1034 3076 1130 3126 τοῦ
1168 3070 1458 3147 βασιλέως.
1497 3069 1637 3127 Τότε
1666 3068 1841 3125 τοίνυν
1874 3065 1962 3123 καί

316 3158 450 3232 πρὸς
504 3159 659 3213 αὐτὸν
708 3158 973 3230 ἐλθούσης
1023 3160 1337 3232 ἐπιστολῆς,
1389 3157 1542 3214 ούδὶν
1591 3157 1787 3226 δείσας,
1839 3155 1964 3213 οὐδὲ

322 3249 510 3324 μικρὸν
556 3247 797 3323 ἐπισχὼν
845 3251 1157 3323 (σκοπῶμεν
1205 3251 1305 3319 την
1351 3248 1675 3326 παρρησίαν,
1721 3246 1820 3317 ὅση
1871 3247 1960 3301 καὶ
1992 3276 2035 3343 C

321 3339 437 3409 μεθ’
485 3337 613 3392 ὅσου
660 3342 757 3392 τοῦ
805 3338 1135 3412 πνεύματος,
1185 3339 1378 3394 ἐκτῶν
1407 3336 1960 3410 ἀντεπεσταλμένων),

311 3428 525 3499 Ἡμεῖς,
602 3427 788 3501 φησὶν,
866 3429 910 3482 ὤ
988 3430 1235 3504 κράτιστε
1309 3429 1535 3503 ἡγεμὼν
1630 3430 1766 3502 (74),
1840 3425 1966 3481 πάν-

317 3535 423 3569 των
458 3519 564 3569 τῶν
595 3516 982 3592 πραττομένων
1032 3515 1232 3593 ἔχομεν
1264 3516 1543 3590 ἐξεταστὴν
1585 3513 1677 3571 ἕνα
1721 3517 1810 3570 καὶ
1864 3516 1965 3590 βα-

318 3601 493 3670 σιλέα,
541 3603 630 3658 τὸν
679 3609 767 3657 νῦν
814 3602 1268 3678 πολεμούμενον·
1333 3604 1536 3667 ἐκεῖνος
1572 3604 1660 3659 καὶ
1720 3606 1817 3672 τὴν
1876 3608 1963 3657 νῦν

319 3691 549 3761 ἐξετάσει
580 3693 942 3768 χειροτονίαν,
975 3696 1034 3762 ἣν
1083 3692 1338 3767 ἔνθεσμον
1391 3697 1501 3767 (75)
1530 3693 1619 3748 καὶ
1669 3692 1833 3770 φίλην
1879 3692 1969 3746 αύ-

315 3785 397 3851 τῷ
427 3783 791 3854 πεποιήμεθα.
817 3784 969 3856 Ὑμῖν
1003 3781 1060 3837 δὲ
1090 3781 1230 3838 ἄλλο
1265 3784 1358 3856 μὲν
1400 3803 1451 3837 τι
1514 3781 1785 3857 βιάζεσθαι
1835 3782 1968 3856 βου-

322 3870 599 3942 λομένοις,
633 3871 721 3925 καὶ
752 3873 889 3925 πάνυ
921 3871 1112 3948 ῥᾷστον
1139 3891 1151 3904 ·
1191 3875 1353 3926 τοῦτο
1387 3869 1444 3926 δὲ
1474 3869 1649 3933 οὐδεὶς
1681 3873 1829 3943 ἡμᾶς
1860 3870 1965 3947 ἀφ-

321 3961 621 4031 αιρήσεται,
665 3960 728 4014 τὸ
778 3967 1113 4037 συνηγορεῖν,
1163 3961 1236 4022 ὡς
1285 3960 1461 4035 ὀρθῶς
1492 3960 1580 4015 καὶ
1614 3958 1837 4022 δικαίως
1866 3981 1966 4015 πε-

319 4047 679 4122 πραγμένοις,
736 4054 852 4111 τοῖς
910 4050 1333 4126 πεπραγμένοις*
1395 4049 1440 4104 εἰ
1500 4051 1576 4123 μὴ
1633 4048 1722 4103 καὶ
1776 4053 1965 4104 τοῦτον

318 4135 501 4206 θείητε
555 4138 645 4191 τὸν
705 4137 894 4210 νόμον,
949 4139 1064 4199 οἷος
1097 4142 1210 4207 (76)
1240 4138 1302 4193 οὐ
1335 4139 1550 4210 θεμιτὸν
1601 4137 1965 4214 παρακύπτειν

318 4224 395 4285 εἷς
452 4224 518 4279 τὰ
569 4226 830 4303 ἡμέτερα.
882 4230 1060 4285 Τοῦτο
1107 4228 1168 4281 τὸ
1212 4226 1441 4302 γράμμα
1486 4229 1575 4282 καὶ
1624 4226 1784 4289 αὐτὸς
1815 4225 1967 4281 ἐθαύ-

320 4334 484 4385 μασεν
519 4315 545 4367 ὁ
574 4311 883 4386 δεξάμενος,
917 4316 963 4370 εἰ
992 4315 1081 4370 καὶ
1112 4316 1245 4383 πρὸς
1282 4314 1472 4391 ὀλίγον
1514 4314 1859 4391 ἐχαλέπηνεν,
1893 4317 1966 4379 ὡς

317 4402 370 4455 οἱ
423 4400 629 4457 πολλοὶ
692 4408 796 4457 τῶν
859 4406 970 4477 (77)
1026 4404 1093 4459 τὰ
1150 4402 1349 4458 ἐκείνου
1407 4403 1592 4466 καλῶς
1638 4400 1967 4479 γιγνωσκόν-

314 4496 424 4545 τῶν
459 4494 571 4563 (78)
602 4492 956 4567 ἀπήγγελλον
984 4514 996 4524 ·
1028 4497 1193 4548 τοῦτο
1224 4495 1311 4547 καὶ
1359 4492 1628 4554 κασιλὲως
1658 4494 1758 4561 τὴν
1787 4480 1965 4569 ὁρμήν

318 4576 529 4651 ἔστησε,
588 4582 677 4635 καί
734 4586 829 4635 τοῦ
886 4580 1137 4637 κινδύνου
1178 4583 1275 4651 τὴν
1330 4580 1490 4637 πόλιν
1542 4583 1871 4655 ἆπήκλαξεν,
1904 4582 1966 4637 οὐ

2078 1995 2333 2052 fremens
2372 2016 2385 2065 ;
2444 1998 2593 2054 hanc
2636 2003 2833 2055 autem
2882 2003 3309 2063 ordinationem
3359 2009 3504 2067 irato
3555 2021 3729 2087 atque

2077 2083 2317 2141 incenso
2339 2087 2536 2143 animo
2565 2089 2800 2156 ferebat,
2825 2092 3024 2162 gravia
3054 2110 3185 2149 vero
3204 2096 3261 2151 in
3294 2114 3450 2167 eum,
3477 2104 3576 2172 qui
3600 2083 3729 2176 p-ro-

2080 2179 2273 2229 motus
2307 2176 2513 2245 fuerat,
2549 2178 2887 2234 minabatur
2918 2198 2933 2237 :
2966 2187 3140 2255 atque
3171 2184 3229 2239 in
3281 2192 3571 2246 novaculae
3603 2195 3726 2251 acie

2078 2262 2284 2320 civitas
2317 2270 2461 2331 erat,
2497 2272 2694 2322 utrum
2732 2275 2862 2340 post
2890 2269 3057 2327 illum
3080 2273 3234 2329 diem
3265 2292 3389 2333 esse
3414 2280 3725 2351 desineret,

2077 2369 2149 2406 an
2182 2368 2211 2407 e
2243 2354 2499 2424 periculo
2539 2357 2827 2423 evaderet,
2862 2363 3036 2430 atque
3073 2361 3459 2423 humanitatis
3506 2370 3725 2443 aliquid

2077 2447 2551 2512 consequeretur.
2605 2444 2690 2498 Ad
2735 2461 2868 2500 eum
2918 2448 3074 2503 enim
3123 2450 3404 2521 dolorem,
3437 2472 3610 2526 quem
3655 2460 3728 2516 ob

2082 2530 2343 2586 Fortunas
2390 2533 2676 2603 templum
2730 2534 3019 2591 felicitatis
3069 2543 3330 2610 tempore
3376 2544 3639 2602 dirutum
3673 2555 3730 2605 et

2076 2634 2365 2686 eversum,
2397 2622 2674 2693 capiebat
2713 2623 2817 2677 viri
2870 2624 3027 2680 illius
3068 2629 3357 2686 ordinatio
3390 2637 3720 2703 accedebat,

2076 2724 2253 2778 quam
2286 2710 2651 2781 publicarum
2675 2728 2871 2768 rerum
2904 2715 3335 2774 convulsionem
3360 2738 3423 2777 ac
3452 2724 3608 2780 velut
3628 2742 3725 2783 ex-

2075 2797 2409 2868 pilationem
2440 2816 2568 2855 esse
2595 2800 3106 2873 interpretabatur.
3136 2806 3189 2861 Is
3220 2813 3437 2881 autem,
3462 2816 3561 2884 qui
3596 2832 3727 2886 pro-

2072 2886 2275 2941 vincia:
2322 2892 2586 2959 praeerat,
2618 2890 2874 2946 rationes
2924 2893 3280 2965 exquirebat,
3316 2900 3530 2969 quibus
3573 2907 3724 2960 tem-

2076 2975 2199 3046 pori
2234 2976 2677 3045 obsecundaret,
2711 2984 2884 3051 atque
2931 2980 3128 3053 ipsum
3165 2986 3316 3041 malo
3343 2987 3538 3060 aliquo
3572 2993 3728 3048 mul-

2075 3067 2243 3132 taret,
2278 3069 2343 3120 ut
2373 3066 2474 3137 qui
2507 3083 2608 3122 nec
2642 3066 2861 3140 alioqui
2887 3070 3076 3127 amico
3107 3089 3173 3128 ac
3204 3074 3481 3134 benevolo
3505 3079 3564 3135 in
3588 3098 3725 3140 eum

2074 3154 2269 3209 animo
2300 3159 2474 3223 esset,
2509 3171 2707 3211 verum
2756 3157 2829 3212 ob
2860 3161 3150 3217 contraria
3192 3163 3249 3218 in
3284 3167 3594 3237 republican
3625 3175 3725 3227 ad-

2075 3242 2508 3299 ministratione
2531 3246 2725 3301 studia
2746 3247 2818 3301 ab
2849 3264 2913 3302 eo
2939 3248 3266 3307 dissideret.
3291 3254 3571 3318 Quocirca
3602 3276 3720 3325 eos.

2073 3348 2106 3385 a
2136 3332 2353 3403 quibus
2373 3333 2676 3388 ordinatus
2700 3334 2905 3406 fuerat,
2929 3336 3086 3393 velut
3105 3338 3298 3410 ipsum
3321 3350 3723 3418 accusaturos,

2075 3437 2177 3492 per
2199 3420 2424 3476 litteras
2458 3424 2809 3491 accersebat,
2836 3441 2948 3480 non
2972 3427 3097 3496 jam
3130 3427 3340 3487 leniter
3369 3437 3423 3488 et
3453 3437 3719 3508 remisse,

2075 3510 2174 3565 sed
2196 3509 2488 3565 minarum
2507 3511 2680 3567 etiam
2698 3511 2917 3585 aliquid
2942 3516 3589 3595 adjungens,tanquam
3614 3528 3722 3583 im-

2076 3604 2306 3669 perator
2361 3598 2469 3654 hoc
2526 3600 2797 3673 exigeret.
2839 3605 2982 3659 Cum
3043 3606 3222 3678 igitur
3246 3614 3435 3680 «pater
3491 3631 3723 3687 quoque

2077 3691 2200 3743 tum
2236 3688 2307 3742 ab
2352 3703 2418 3743 eo
2463 3688 2769 3760 epistolam
2803 3693 3138 3764 accepisset,
3172 3696 3317 3751 nihil
3348 3699 3585 3768 veritus,
3619 3720 3725 3760 nec

2078 3793 2300 3831 moram
2336 3776 2514 3831 ullam
2565 3777 2941 3850 interponens
2989 3782 3470 3855 (consideremus,
3505 3806 3723 3863 quasso,

2078 3881 2146 3921 ex
2175 3865 2266 3933 iis,
2301 3882 2428 3936 quae
2461 3868 2787 3937 respondit,
2817 3876 3040 3940 quanta
3068 3870 3257 3942 ipsius
3287 3874 3344 3929 in
3378 3877 3622 3935 dicendo
3654 3880 3723 3935 li-

2078 3954 2294 4019 bertas,
2328 3958 2384 4008 et
2431 3959 2647 4025 quanto
2700 3972 2831 4010 cum
2866 3958 3073 4027 spiritu
3124 3962 3438 4032 conjuncta
3481 3967 3672 4039 fuerit)
3707 3985 3721 4025 :

2080 4042 2215 4110 Nos,
2248 4041 2460 4113 inquit,
2491 4044 2899 4114 potentissime
2945 4063 3176 4116 praeses,
3208 4066 3403 4108 rerum
3435 4056 3723 4125 omnium,

2079 4148 2206 4203 qua:
2237 4134 2539 4202 geruntur,
2558 4147 2855 4188 censorem
2882 4151 3061 4191 unum
3093 4155 3157 4193 ac
3189 4155 3382 4211 regem
3417 4143 3724 4211 habemus.

2079 4221 2176 4293 qui
2197 4235 2352 4276 nunc
2369 4226 2763 4291 oppugnatur.
2788 4224 2839 4278 is
2856 4229 2911 4278 et
2929 4232 3273 4296 praesentem
3296 4232 3725 4291 ordinationem

2078 4309 2382 4381 expendet,
2436 4325 2611 4380 quam
2673 4327 2777 4365 nos
2828 4312 2937 4368 rite
2991 4331 3055 4369 ac
3106 4314 3384 4390 legitime,
3443 4325 3617 4395 atque
3663 4331 3731 4381 ut

2079 4399 2191 4470 ipsi
2223 4402 2454 4469 gratum
2504 4403 2613 4465 est,
2645 4398 2908 4457 fecimus.
2949 4406 3059 4458 Vos
3111 4412 3307 4463 autem
3346 4408 3457 4466 alia
3489 4413 3727 4483 quidem

2078 4487 2277 4558 aliqua
2318 4486 2377 4540 in
2410 4503 2470 4541 re
2501 4487 2691 4554 nobis,
2722 4489 2771 4544 si
2820 4492 3055 4548 animus
3106 4494 3187 4549 ita
3232 4495 3452 4568 tulerit,
3488 4500 3607 4556 vim
3640 4504 3730 4558 afv

2079 4576 2227 4631 ferre
2270 4573 2540 4646 perfacile
2589 4577 2831 4645 potestis
2866 4597 2878 4634 :
2912 4581 2967 4633 id
3019 4588 3211 4637 autem
3247 4602 3417 4643 nemo
3467 4606 3729 4661 unquam

320 4664 556 4743 φαύλως
579 4666 624 4723 δ’
654 4668 713 4724 ἂν
741 4672 1058 4746 προσθείην,
1089 4670 1171 4725 ὅτι
1201 4671 1290 4726 καὶ
1333 4677 1432 4740 τῆς
1484 4669 1747 4745 αἰσχύνης
1796 4673 1966 4743 ἡμᾶς.

2083 4664 2248 4719 nobis
2271 4641 2519 4730 adimet,
2554 4641 2695 4733 quin
2730 4682 2817 4732 ea,
2850 4684 2979 4738 quas
3011 4670 3159 4726 facta
3190 4678 3350 4741 sunt,
3386 4641 3450 4730 ut
3475 4641 3729 4735 {iis};

318 4755 525 4811 Τούτου
563 4762 662 4812 τοῦ
699 4760 1096 4836 μικροπολίτου
1138 4762 1200 4815 τὸ
1233 4757 1409 4837 ἔργον,
1440 4759 1529 4814 καὶ
1559 4765 1661 4829 τῆς
1708 4758 1968 4835 καθέδρας

395 4882 536 4970 (68)-
556 4889 775 4956 Κρινῆς.
828 4888 1021 4973 schol.
1059 4907 1071 4943 :
1105 4883 1969 4973 Δηλονότιπῷχειροτονηθέντι,

319 4960 413 5005 καί
445 4960 565 5015 τοῖς
596 4960 1033 5031 χειροτονήσασι.
1083 4982 1111 5010 ‹‹
1142 4961 1293 5014 Tum
1340 4960 1393 5013 ei
1425 4960 1649 5017 scilicet
1679 4962 1777 5034 qui
1820 4962 1973 5019 ordi-

319 5029 496 5081 natus
528 5028 736 5087 fuerat.
767 5038 824 5086 et
851 5032 923 5086 iis
956 5030 1055 5087 aui
1088 5032 1516 5087 ordinaverant.
1549 5054 1577 5083 ››

319 5041 496 5081 natus
528 5041 736 5097 ruerat,
767 5041 824 5086 et
851 5041 923 5086 iis
956 5041 1055 5103 qui
1088 5041 1516 5087 ordinaverant.

728 5107 863 5181 Beﬂg.
900 5105 1020 5181 13m,
1055 5109 1110 5157 et
1140 5102 1235 5181 Or_.
1270 5104 1319 5167 1,
1355 5098 1516 5181 μηδὲἐ

390 5168 504 5250 (70)
534 5169 626 5243 Τῷ
653 5168 849 5248 καιριῖῖ.
906 5168 1083 5247 Regg.
1120 5191 1172 5243 a,
1209 5175 1327 5240 bm,
1357 5168 1439 5229 'et
1466 5174 1575 5229 Or.
1628 5175 1679 5246 Ι,
1711 5177 1807 5227 τοῦ
1850 5193 1969 5228 και-

360 5256 423 5289 Ου

392 5280 506 5381 (71)
575 5312 693 5386 Ἐπὶ
764 5315 943 5386 ξυροῦ.
1014 5339 1041 5367 ‹‹
1104 5318 1241 5382 Quae
1307 5313 1365 5368 in
1421 5330 1655 5370 summo
1714 5315 1971 5385 periculo

316 5387 482 5463 sunt,
518 5406 545 5432 ››
577 5385 769 5463 inquit,
822 5385 1048 5463 Billius,
1100 5404 1245 5463 aea,
1282 5386 1970 5463 proverbiali‘locntione,

314 5457 705 5531 innovaculaa
751 5462 871 5516 acie
904 5457 1060 5517 stare
1102 5459 1406 5531 dicuntur.
1433 5457 1659 5531 »___Illud
1695 5459 1968 5531 adagium

315 5526 411 5649 (ἐξέ
438 5526 512 5624 ab
542 5527 790 5588 Homero
820 5535 1081 5603 ductum,
1113 5530 1230 5604 qui,
1260 5528 1427 5587 Iliad.
1461 5528 1559 5585 lib.
1591 5546 1646 5600 ι,
1678 5526 1969 5599 νει-εἷ173,

319 5685 433 5737 Νῦν
487 5686 590 5765 γὰρ
646 5687 715 5763 δὴ
772 5694 1056 5755 πάντεσσιν
1114 5689 1203 5747 ἐπὶ
1263 5688 1423 5767 ξυροῦ
1476 5685 1691 5744 ἵσταται
1766 5690 1970 5764 ἀκμῆς.

2073 4755 2235 4824 juste
2286 4753 2454 4818 facta,
2506 4751 2931 4823 defendamus,
2984 4758 3093 4814 nisi
3127 4761 3272 4816 forte
3320 4761 3470 4819 hanc
3498 4781 3733 4837 quoque

2152 4883 2307 4938 Nunc
2335 4879 2486 4935 enim
2515 4881 2768 4937 omnibus
2816 4883 2876 4938 in
2918 4887 3196 4944 novacula:
3224 4891 3343 4947 acie
3369 4891 3481 4947 sita
3509 4908 3599 4950 res
3628 4898 3730 4951 est.

2170 4971 2263 5111 72)
2295 4965 2577 5037 ’Δπειλῆς.
2611 4971 2779 5027 Coisl.
2816 4975 2865 5043 1,
2898 4972 3145 5036 ἀπειλάς.

2178 5043 2243 5097 73
2294 5039 2705 5102 Ἀπαιτοῦντος.
2756 5044 2928 5100 Coisl.
2977 5048 3030 5111 1,
3079 5047 3145 5101 ἀπ

2294 5039 2705 5102 Ἀπαιτοῦντος.
2756 5039 2928 5100 Cois].
2977 5048 3030 5112 1,
3079 5045 3456 5119 ἀπειλοῦντος,
3492 5076 3521 5104 α
3554 5050 3730 5111 niini-

2082 5114 2283 5172 tantis.
2323 5135 2347 5158 ν

2291 5181 2558 5265 ᾘνγεμών.
2588 5182 2650 5265 in
2684 5184 3059 5265 quibusdam,
3093 5187 3323 5265 ἥγεμον.

2173 5252 2260 5318 75)
2312 5252 2806 5336 ¹Χειροτονίοινίγῆν
2850 5252 3213 5336 ἔνθεσμονίλ(⁵
3262 5264 3728 5336 Ordinationem,

2082 5326 2259 5410 quam
2310 5326 2588 5410 lﬁesi'tjnge,
2620 5350 2655 5410 n'
2700 5332 2808 5410 etc:
2861 5326 3159 5395 Quatenus
3206 5335 3449 5410 scilicet,
3484 5326 3727 5410 ἥγνισαν,

2080 5394 2405 5481 ἆγεκήρυξαν
2440 5394 2747 5481 ἑπξθρύνον
2779 5397 2985 5481 ἔθεσαν,
3025 5429 3054 5455 «ι
3089 5394 3561 5477 ρυνίϐοᾶνθτίιῐίί,
3593 5394 3726 5481 pro:

2082 5473 2499 5539 clamaverunt,
2527 5470 2828 5530 intbrono
2859 5470 3238 5533 collecaruut.
3273 5500 3301 5528 ››

2152 5542 2264 5682 (76)
2293 5538 2406 5599 Οἷς.
2442 5540 2578 5613 Reg.
2614 5559 2667 5608 a,
2700 5542 2792 5604 ὡς.

2152 5610 2241 5682 (77
2294 5612 2442 5666 Τῶν.
2474 5612 2567 5667 Sic
2598 5617 2692 5670 Or.
2730 5618 2777 5671 1.

2170 5612 2263 5675 77)
2294 5612 2442 5666 Τῶν.
2474 5612 2567 5667 Sic
2598 5617 2692 5670 Or.
2730 5618 2777 5671 1.
2814 5617 2986 5674 Deest
3014 5619 3072 5674 in
3107 5621 3199 5675 ed.

2174 5685 2266 5756 78)
2297 5681 2737 5759 Διγνωσκόντων.
2768 5688 2908 5763 Reg.
2942 5690 3063 5761 bm,
3090 5688 3484 5767 γινωσκόντων.
