4138 6212
436 334 587 399 1031

1674 329 1735 390 S.
1789 326 2159 390 GREGORII
2210 323 2603 390 THEOLOGI

3701 336 3720 393 1
3734 331 3855 395 032

432 471 625 541 legem
681 464 975 532 statuatis,
1010 464 1227 534 quibus
1258 479 1331 518 ne
1371 460 1430 515 in
1462 466 1692 516 nostras
1722 462 1960 532 quidem
1992 478 2084 516 res

2199 461 2261 512 τὰ
2288 456 2506 533 δεύτερα
2566 457 2807 535 ἔχοντος.
2870 461 2993 535 'Ap’
3053 460 3114 514 οὗ
3169 458 3364 533 πολλῴ
3428 461 3647 537 βέλτιον
3709 466 3855 519 οὕτω

432 555 763 628 prospicere
802 554 887 608 fas
921 556 1027 607 est.
1074 552 1189 606 Has
1219 553 1442 606 litteras
1490 550 1586 605 ille
1617 550 1795 605 etiam
1830 550 1954 621 ipse
1985 551 2087 605 ad-

436 646 685 701 miratus
713 647 821 706 est,
855 641 955 712 qui
986 640 1229 711 accepit,
1265 640 1495 696 etiamsi
1528 655 1843 710 parumper
1873 645 2089 694 stoma-

431 736 642 790 chatus
662 730 1264 802 sit,quemadmodum
1290 747 1357 785 ex
1378 728 1578 784 multis
1601 728 2085 798 intellectumiest,

2197 549 2516 623 πρωτεᾷειν,
2570 550 2603 617 ἢ
2650 548 2755 602 ἀπο
2803 552 2908 603 τῶν
2958 548 3312 623 ὑψηλοοὲρων
3349 551 3557 627 θρόνων
3591 556 3854 626 φθέγγεσ-

2198 639 2305 709 θαι,
2339 637 2428 691 καὶ
2460 643 2671 713 κρατεῖν
2705 638 2756 693 ἐν
2785 640 2899 711 (⁸79)
2922 644 3037 701 τοῖς
3086 640 3364 715 πράγμασι
3411 639 3625 712 μᾶλλον
3653 644 3687 710 ἦ
3733 650 3853 703 τοῖς

2199 724 2287 780 ovo
2296 748 2452 799 μασιν
2487 746 2500 795 ;

432 823 531 896 qui
566 840 656 877 res
686 820 848 876 illius
880 820 1382 892 perspectissimas
1416 817 1724 874 habebant.
1756 819 1943 889 Atque
1974 817 2082 872 hoc
2113 820 2171 872 et
2210 818 2578 888 imperatoris
2612 820 2894 890 impetum
2928 820 3299 889 compressit,
3334 825 3391 875 et
3418 821 3716 877 civitatem
3752 840 3849 892 pe-

435 911 617 967 riculo
647 909 935 978 liberavit,
967 926 1082 964 non
1116 908 1265 964 male
1295 914 1491 963 autem
1523 908 1873 971 addiderim,
1908 907 2063 977 quod
2098 923 2205 962 nos
2236 924 2469 978 quoque
2517 909 2588 963 ab
2640 908 2884 963 infamia
2914 909 3248 964 vindicavit.
3283 909 3400 964 Hoc
3430 910 3653 981 exigua:
3691 912 3850 966 urbis

432 1000 688 1072 episcopi
719 1016 886 1070 opus,
921 1004 977 1053 et
1006 999 1292 1054 cathedra:
1324 998 1609 1052 secundas
1654 996 1928 1051 tenentis.
1960 1004 2169 1050 Annon
2203 1001 2398 1051 autem
2448 996 2635 1052 multo
2685 996 2898 1052 melius
2947 1002 3037 1052 est
3084 997 3478 1068 principatum
3512 1000 3594 1052 ita
3627 1008 3850 1067 tenere,

437 1105 614 1161 quam
648 1104 678 1142 e
708 1086 1153 1142 sublimioribus
1186 1087 1412 1141 thronis
1444 1084 1792 1151 declamare,
1826 1101 1892 1139 ac
1926 1087 2101 1139 rebus
2132 1084 2354 1155 potius,
2388 1102 2565 1156 quam
2609 1086 2971 1151 nominibus,
3004 1087 3366 1156 superiorem
3394 1087 3567 1142 esse?

507 1178 661 1235 356
705 1176 920 1231 XXXV.
971 1176 1101 1230 Jam
1152 1177 1305 1246 quod
1354 1174 1415 1228 in
1476 1174 1636 1230 illius
1684 1175 1858 1229 rebus
1907 1176 2089 1244 gestis

434 1268 638 1325 ordine
668 1265 904 1336 quidem
956 1269 1315 1336 postremum
1349 1270 1457 1327 est,
1490 1265 1543 1317 vi
1592 1270 1787 1319 autem
1821 1268 1879 1317 et
1908 1261 2087 1316 facul-

435 1363 553 1413 tate
585 1355 841 1427 primum
892 1359 949 1407 et
996 1353 1345 1420 maximum,
1375 1354 1507 1422 quis
1540 1356 1658 1407 tam
1710 1354 1781 1407 ab
1812 1352 1951 1406 orbe
1983 1368 2086 1405 no-

433 1451 553 1501 stro
586 1449 843 1498 remotus
866 1447 972 1507 est,
1000 1447 1061 1496 ut
1089 1442 1311 1497 nesciat
1340 1444 1361 1494 P
1392 1442 1618 1495 Rursus
1650 1440 1853 1494 eadem
1884 1439 2086 1494 civitas

430 1532 696 1587 eamdem
726 1532 799 1586 ob
832 1546 1074 1585 causam
1127 1530 1412 1584 seditione
1444 1528 1767 1593 laborabat,
1802 1545 1867 1583 eo
1912 1528 2085 1583 nimi-

436 1637 589 1687 rum,
624 1618 716 1675 cui
754 1626 906 1674 recte
936 1618 1021 1673 vis
1047 1617 1207 1672 illata
1237 1619 1443 1686 fuerat,
1478 1616 1780 1672 celerrime
1808 1618 1924 1672 vita
1952 1616 2085 1671 fun-

435 1714 525 1766 cto
558 1714 616 1764 et
635 1710 705 1763 ad
730 1708 935 1776 Deum,
963 1723 1064 1777 pro
1096 1724 1211 1777 quo
1244 1706 1470 1762 fortiter
1502 1723 1567 1761 ac
1590 1710 1826 1761 strenue
1858 1706 1915 1760 in
1948 1722 2084 1776 per-

435 1798 834 1854 secutionibus
866 1796 1215 1863 decertarat,
1249 1795 1523 1865 profecto.
1558 1797 1745 1865 Atque
1777 1812 1845 1849 ea
1874 1795 2081 1850 seditio

436 1892 656 1958 quanto
688 1885 876 1941 acrior
904 1889 962 1940 et
994 1885 1325 1950 ferventior,
1362 1889 1524 1939 tanta
1556 1884 1729 1939 etiam
1764 1884 1998 1939 stultior
2027 1887 2083 1938 et

2272 1174 2393 1229 AE'.
2430 1174 2491 1225 Ὀ
2548 1171 2605 1227 δὲ
2661 1171 2972 1228 τελευταῖον
3032 1175 3123 1246 μὲν
3172 1178 3278 1227 τῶν
3319 1172 3525 1229 ἐκείνου
3584 1179 3650 1247 τῇ
3683 1177 3852 1245 τάξει,

2198 1265 2415 1335 πρῶτον
2475 1258 2533 1315 δὲ
2587 1265 2654 1335 τῇ
2717 1259 2940 1333 δυνάμει
2990 1261 3079 1317 καὶ
3125 1264 3400 1337 μὲγιστον,
3431 1262 3514 1323 τίς
3544 1263 3719 1325 οὕτως
3753 1263 3856 1334 ἔξω

2195 1356 2296 1418 τῆς
2326 1356 2445 1414 καθ’
2473 1353 2620 1423 ἡμᾶς
2671 1350 3024 1422 οἰκουμένης,
3074 1350 3212 1404 ὥστε
3262 1352 3474 1426 ἀγνοεῖν
3500 1370 3513 1419 ;
3545 1353 3859 1422 Ἐστασίαζε

2197 1436 2361 1493 πάλιν
2390 1442 2424 1508 ὴ
2475 1439 2609 1508 αὐτή
2658 1439 2823 1502 πόλις
2874 1440 2961 1494 ἐπὶ
2991 1445 3108 1501 τοῖς
3154 1439 3361 1508 αὐτοῖς,
3396 1443 3628 1516 τάχιστα
3685 1463 3859 1517 προσ⁹

2197 1526 2498 1603 ληφθέντος
2545 1531 2659 1601 (80)
2706 1534 2802 1583 τοῦ
2832 1529 3016 1590 καλῶς
3048 1531 3161 1601 (81)
3198 1530 3535 1603 βιασθέντος,
3592 1530 3681 1583 καὶ
3714 1532 3857 1603 πρὸς

2194 1618 2322 1671 Θεὸν
2378 1620 2490 1689 (82)
2540 1616 2949 1689 ἐκδημήσαντος
2996 1620 3134 1691 (83),
3171 1618 3303 1691 ὑπὲρ
3352 1617 3414 1672 οὗ
3445 1618 3704 1692 γενναίως
3760 1621 3855 1673 καὶ

2192 1704 2456 1781 ἀνδρικῶς
2488 1705 2679 1768 ἐντοῖς
2731 1705 3000 1781 διωγμοῖς
3048 1707 3380 1781 ἠγωνίσατο.
3431 1708 3527 1761 Καὶ
3579 1710 3612 1777 ἡ
3665 1710 3853 1770 στάσις

2192 1798 2280 1864 ἦν,
2331 1795 2442 1866 ’ὀσῳ
2474 1796 2798 1871 θερμοτέρα,
2834 1794 3072 1867 τοσούτῳ
3101 1796 3189 1849 καὶ
3243 1793 3581 1870 ἀλογωτὲρα.
3632 1796 3705 1850 Οὐ
3744 1799 3853 1873 γὰρ

2192 1884 2445 1957 ἠγνοεῖτο
2475 1884 2537 1938 τὸ
2569 1883 2886 1958 ὑπεραῖρον,
2921 1882 3100 1959 ὣσπερ
3153 1881 3265 1937 οὐδ’
3298 1883 3347 1937 ἐν
3376 1884 3627 1957 ἀστράσιν
3657 1884 3847 1953 ἥλιος

437 1976 748 2031 absurdior
796 1978 937 2029 erat.
994 1973 1116 2029 Non
1149 1974 1305 2028 enim
1349 1973 1733 2045 ignorabatur
1783 1972 1914 2044 quis
1945 1990 2084 2042 pra:-

2199 1971 2341 2027 ἀλλά
2371 1971 2459 2026 καὶ
2493 1970 2614 2027 λίαν
2651 1970 2914 2041 ἐπίδηλον
2943 1975 3030 2040 ἦν,
3063 1978 3180 2033 τοῖς
3207 1993 3265 2026 τε
3296 1970 3491 2034 ἄλλοις
3540 1974 3725 2039 ἅπασι,
3756 1975 3853 2028 καὶ

438 2064 706 2133 celleret,
767 2063 1265 2134 quemadmodum
1335 2078 1438 2117 nec
1498 2060 1584 2117 sol
1644 2061 1797 2116 inter
1853 2060 2084 2128 sidera,

437 2154 537 2210 sed
587 2169 867 2225 perquam
926 2151 1101 2206 etiam
1149 2152 1531 2221 conspicuum
1589 2155 1737 2218 erat,
1777 2167 1909 2205 cum
1955 2147 2086 2204 aliis

438 2242 734 2309 omnibus,
787 2246 912 2296 tum
959 2240 1356 2296 selectissimaa
1406 2240 1731 2311 prmsertim
1784 2257 1849 2294 ac
1896 2239 2085 2307 puris-

437 2338 598 2393 simae
649 2335 845 2407 populi
900 2333 1067 2405 parti,
1116 2333 1225 2388 hoc
1271 2338 1359 2388 est
1388 2340 1446 2388 et
1491 2333 1564 2388 iis
1615 2333 1714 2404 qui
1764 2332 1944 2387 altare
1975 2331 2084 2385 cir-

437 2429 737 2480 cumstant
779 2428 835 2478 et
880 2423 1244 2478 nostratibus
1292 2422 1600 2490 Nazarseis,
1660 2422 1875 2493 quibus
1923 2419 2083 2484 solis,

435 2513 521 2569 vel
554 2518 707 2569 certe
753 2512 1149 2582 potissimum,
1179 2510 1489 2566 electiones
1541 2511 1880 2581 hujusmodi
1927 2526 2084 2563 com-

436 2602 589 2657 mitti
620 2600 924 2672 oportebat
953 2598 1061 2667 (sic
1104 2598 1259 2654 enim
1295 2616 1597 2669 nunquam
1632 2598 1901 2654 Ecclesiis
1934 2598 2084 2652 male

434 2691 628 2759 esset),
663 2706 727 2743 ac
771 2704 885 2742 non
920 2688 993 2742 iis
1042 2688 1142 2758 qui
1189 2687 1398 2757 opibus
1444 2705 1507 2742 ac
1536 2686 1794 2759 potentia
1844 2686 2082 2758 pollent,

434 2785 538 2834 aut
568 2778 756 2849 plebis
786 2777 1029 2848 impetui
1081 2781 1137 2831 et
1165 2776 1501 2841 temeritati,
1548 2782 1723 2848 atque
1753 2777 1927 2831 etiam
1962 2774 2082 2845 ple-

435 2868 700 2923 beiorum
730 2865 1009 2920 vilissimo
1040 2872 1095 2920 et
1126 2865 1630 2937 contemptissimo
1653 2866 1883 2936 cuique.
1918 2865 2084 2919 Nunc

437 2972 568 3012 vero
600 2972 809 3027 parum
858 2956 1043 3020 abest,
1074 2955 1214 3025 quin
1249 2955 1550 3025 popularia
1582 2956 1827 3025 imperia
1858 2952 2081 3009 meliori

442 3045 647 3100 ordine
705 3061 771 3099 ac
836 3043 1148 3114 disciplina
1204 3048 1470 3098 constare
1523 3043 1872 3109 existimem,
1906 3057 2079 3113 quam

440 3139 660 3204 nostra,
693 3133 909 3205 quibus
939 3133 1132 3187 divina
1158 3132 1342 3204 gratia
1364 3138 1629 3186 omnium
1661 3149 1795 3187 voce
1817 3133 2084 3187 attribui-

437 3227 556 3291 tur,
583 3238 646 3277 ac
680 3238 771 3277 res
805 3221 1140 3291 hujusmodi
1164 3219 1371 3276 timore
1403 3220 1636 3287 melius,
1661 3238 1838 3291 quam
1863 3222 2085 3275 ratione

2196 2066 2291 2115 τοῦ
2324 2059 2459 2115 λαόὕ
2520 2061 2754 2134 μάλιστα
2804 2064 2914 2133 (84)
2945 2066 3023 2132 τῷ
3058 2059 3293 2136 ἐγκρίτῳ
3325 2071 3384 2115 τε
3412 2062 3501 2115 καὶ
3531 2065 3855 2138 κιιιθοιγτκυτοὶ⁹

2196 2172 2296 2222 τῳ,
2333 2149 2456 2204 ὅσον
2486 2172 2544 2204 τε
2574 2152 2696 2225 περὶ
2725 2151 2786 2205 τὸ
2819 2152 2886 2224 βῆ
2900 2172 2973 2223 μᾳ
3005 2153 3138 2223 (85),
3172 2150 3260 2204 καὶ
3305 2149 3428 2204 ὅσον
3461 2150 3511 2204 ἐν
3561 2158 3678 2213 τοῖς
3737 2154 3859 2206 καθ’

2196 2242 2346 2311 ἡμᾶς
2377 2240 2686 2310 Ναζιραίοις
2717 2244 2852 2313 (86)⁶
2890 2240 2968 2316 ἐφ’
3002 2240 3084 2301 οἷς
3137 2237 3243 2293 ἔδει
3276 2242 3369 2300 τὰς
3418 2240 3667 2301 τοιαύτας
3718 2262 3859 2315 προ-

2197 2324 2365 2391 ϐολὰς
2398 2336 2626 2396 κεῖσθαι,
2664 2330 2874 2401 μόνοις,
2907 2331 2940 2398 ἢ
2980 2329 3062 2383 ὅτι
3095 2328 3353 2400 μάλιστα,
3386 2330 3473 2383 καὶ
3505 2328 3658 2383 οὐδὲν
3692 2330 3748 2383 ἂν
3788 2334 3857 2399 ἦ)

2193 2424 2310 2479 ταῖς
2366 2417 2715 2488 Ἐκκλησίαις
2764 2419 2947 2472 κακόν·
3001 2418 3147 2473 ἀλλὰ
3181 2424 3255 2490 μή
3299 2425 3415 2479 τοῖς
3448 2418 3859 2491 εὐπορωτανοις

2191 2529 2249 2562 τε
2279 2509 2367 2563 καὶ
2427 2506 2838 2579 δυνατωτάτοις,
2907 2506 2943 2576 ἤ
2991 2528 3132 2584 φορᾳ
3178 2504 3360 2579 δήμου
3390 2508 3477 2561 καὶ
3509 2507 3727 2580 ἀλογίᾳ,
3760 2510 3857 2562 καὶ

2192 2597 2395 2651 τούτων
2447 2598 2619 2652 αὐτῶν
2677 2595 2913 2670 μάλιστα
2943 2602 3063 2658 τοῖς
3102 2596 3457 2657 εὖωνοτάτοις
3484 2599 3617 2670 (87).
3651 2602 3759 2651 Νῦν
3796 2595 3858 2652 δὲ

2192 2684 2487 2741 κινδυνεύω
2533 2688 2626 2748 τὰς
2685 2684 2953 2757 δημοσίας
3012 2685 3187 2759 ἀρχὰς
3248 2686 3647 2761 εὑτακτωτερας
3714 2688 3855 2741 ὑπο-

2195 2770 2491 2848 λαμϐάνειν
2520 2781 2625 2829 τῶν
2668 2776 2971 2849 ἡμετέρων,
3004 2776 3090 2835 αἷς
3118 2776 3150 2842 ἡ
3202 2773 3315 2828 θεία
3372 2778 3531 2849 χάρις
3584 2774 3854 2850 ἐπιφημί-

2195 2870 2339 2932 ζεται
2363 2882 2375 2895 ⁸
2426 2864 2516 2917 καὶ
2569 2862 2771 2939 βελτίω
2821 2868 2929 2918 τῶν
2964 2864 3227 2918 τοιούτων
3264 2860 3550 2932 διοικητὴν
3579 2860 3777 2939 φόϐον,
3811 2862 3851 2932 ἤ

2192 2951 2374 3027 λόγον.
2427 2953 2573 3007 Ἐπεὶ
2616 2952 2698 3013 τίς
2746 2953 2804 3006 ἂν
2856 2952 2937 3008 ἐπ’
2977 2950 3144 3007 ἄλλον
3177 2950 3316 3020 ἦλθε
3344 2957 3450 3005 τῶν
3484 2950 3540 3005 εὖ
3573 2953 3847 3030 φροτοῦν-

2190 3062 2321 3111 των,
2354 3041 2411 3094 σὲ
2436 3042 2761 3117 παραλιπὼν
2963 3042 3007 3094 ὦ
3054 3040 3166 3095 Θεία
3218 3040 3307 3094 καὶ
3339 3040 3458 3113 ἱερὰ
3485 3040 3721 3117 κεφαλὴ,
3751 3042 3851 3095 τὸν

2194 3122 2281 3184 ἐπὶ
2337 3134 2444 3184 τῶν
2506 3135 2709 3204 χειρῶν
2761 3130 2958 3205 Κυρίου
2990 3129 3467 3206 ἐζιυγραφημὲνον,
3499 3130 3591 3183 τὸν
3646 3129 3848 3204 ἄζυγα,

2191 3219 2282 3272 τὸν
2314 3218 2618 3289 ἀκτήμονα,
2651 3219 2740 3272 τὸν
2774 3219 3004 3293 ἄσαρκον
3044 3222 3242 3292 μικροῦ
3272 3219 3359 3272 καὶ
3413 3218 3697 3290 ἀναίμονα,
3749 3220 3850 3272 τὸν

436 3310 833 3366 administrari
866 3309 1119 3364 credam.
1152 3309 1297 3363 Nam
1330 3309 1441 3364 nisi
1484 3310 1565 3363 ita
1595 3315 1769 3373 esset,
1805 3309 2075 3379 quisnam

2199 3307 2241 3361 ἓν
2272 3305 2456 3381 λόγοις
2494 3308 2628 3379 μετὰ
2651 3308 2740 3361 τὸν
2794 3306 2988 3382 Λόγον,
3039 3307 3128 3361 τὸν
3177 3306 3230 3360 ἐν
3280 3306 3604 3384 φιλοσόφοις
3654 3310 3849 3383 σοφὸν,

436 3418 591 3455 sanae
629 3399 863 3466 mentis,
898 3404 953 3453 te
983 3398 1206 3467 relicto,
1240 3415 1272 3452 ο
1322 3398 1585 3452 divinum
1639 3402 1695 3451 et
1725 3414 1957 3452 sacrum
1991 3415 2081 3452 ca-

434 3492 557 3560 put,
591 3488 661 3542 ad
711 3486 892 3541 alium
938 3502 999 3541 se
1030 3485 1397 3552 contulisset,
1442 3491 1520 3553 te,
1569 3486 1832 3556 inquam,
1864 3486 2086 3563 relicto,

432 3577 528 3647 qui
561 3576 622 3631 in
655 3575 933 3630 manibus
986 3574 1217 3629 Domini
1265 3575 1529 3645 depictus
1558 3590 1640 3641 es,
1675 3576 1775 3645 qui
1808 3573 2083 3630 connubii

425 3666 639 3737 jugum
670 3663 881 3729 nescis,
917 3662 1015 3733 qui
1052 3662 1196 3717 nihil
1227 3663 1515 3733 possides,
1542 3663 1639 3734 qui
1672 3680 1843 3719 carne
1875 3681 2085 3736 prOpe-

434 3755 676 3809 modum
703 3758 759 3809 et
788 3753 1074 3823 sanguine
1108 3768 1293 3817 cares,
1340 3752 1444 3821 qui
1473 3751 1799 3807 litterarum
1830 3753 1999 3808 laude
2028 3758 2084 3808 et

430 3842 659 3914 eloquio
688 3847 819 3913 post
847 3840 1101 3895 Verbum
1122 3842 1410 3895 secundas
1442 3847 1622 3907 tenes,
1645 3840 1797 3896 inter
1828 3841 2082 3911 philoso-

431 3932 579 4002 phos
624 3931 880 4002 sapiens,
913 3930 1063 3985 inter
1109 3929 1440 3983 mundanos
1496 3930 1718 3983 mundo
1751 3929 2081 3995 sublimior,

430 4018 650 4075 sodalis
680 4035 745 4073 ac
778 4017 975 4073 socius
1008 4033 1197 4083 meus,
1229 4024 1424 4087 atque,
1459 4023 1523 4070 ut
1552 4017 1833 4072 audacius
1861 4017 2081 4087 aliquid

432 4109 645 4174 dicam,
681 4107 890 4162 animae
934 4123 1074 4161 meae
1100 4105 1438 4171 dimidium,
1474 4122 1539 4160 ac
1572 4104 1694 4159 vitae
1724 4110 1778 4161 et
1810 4105 2083 4161 doctrinm

431 4196 716 4251 consors?
754 4194 974 4251 Vellem
1025 4194 1353 4250 libertatem
1403 4194 1586 4249 oratio
1636 4194 1894 4265 haberet,
1927 4197 2081 4266 apud

435 4283 580 4338 alios
613 4288 668 4338 te
702 4284 968 4355 pingens,
999 4300 1063 4339 ac
1098 4300 1211 4338 non
1243 4289 1300 4337 te
1329 4288 1613 4354 praesente
1646 4283 1767 4338 haec
1795 4285 2079 4355 expende-

433 4378 657 4437 rentur,
692 4371 789 4426 ubi
819 4371 1023 4428 laudes
1044 4377 1176 4427 tuas
1205 4373 1411 4442 majori
1441 4388 1509 4427 ex
1540 4377 1703 4442 parte
1734 4372 2084 4430 imminuere

436 4478 629 4534 cogor,
681 4477 753 4515 ne
805 4460 865 4515 in
916 4460 1273 4516 adulationis
1322 4459 1715 4531 suspicionem
1762 4461 2080 4516 incurram.

439 4554 677 4615 Verum,
701 4554 766 4604 ut
796 4550 866 4604 ad
897 4550 1233 4605 institutum
1256 4565 1588 4605 sermonem
1621 4550 1876 4619 redeam,
1899 4552 2079 4623 Spiri-

531 4740 624 4810 79)
655 4739 761 4793 'Ev.
796 4739 971 4810 Deest
999 4738 1053 4793 in
1086 4740 1225 4810 Reg.
1260 4756 1314 4809 a,
1347 4743 1403 4794 et
1432 4738 1528 4794 Or.
1563 4739 1613 4810 l.

535 4805 624 4885 80)
656 4805 1309 4885 [Ιροσληιρθὲντος.ᾟρεζ.’
1345 4812 1465 4885 b111,
1498 4805 1935 4885 προληφθέντος,

513 4884 627 5008 (81)
656 4881 766 4937 Τοῦ
809 4881 1011 4942 καλῶς.
1063 4906 1089 4931 ‹‹
1126 4883 1310 4937 Recte.
1346 4904 1372 4931 ››
1418 4881 1555 4953 Reg.
1590 4881 1709 4946 bm,
1741 4884 1835 4934 τοῦ
1884 4886 2084 4952 κακῶς,

513 4971 604 5008 ma
630 4971 679 5008 e.
713 4977 741 5004 ››
782 4954 1039 5008 Utraque
1070 4953 1236 5008 lectio
1282 4953 1509 5008 admitti
1563 4957 1791 5008 potest:
1845 4955 2084 5008 scilicet.

445 4978 471 5005 ‹‹
507 4953 679 5026 male.
713 4977 741 5004 ››
780 4954 1039 5026 Utraque
1070 4953 1236 5009 lectio
1282 4953 1523 5026 admitti
1563 4957 1791 5024 potest;
1845 4955 2085 5023 scilicet,

441 5024 648 5092 καλῶς,
684 5025 903 5081 ratione
936 5024 1064 5081 fidei
1116 5043 1181 5081 ac
1211 5025 1442 5079 virtutis
1490 5024 1649 5079 illius
1680 5026 1777 5091 qui
1814 5026 2086 5097 deposce-

444 5099 638 5165 batur,
669 5103 726 5152 et
755 5100 846 5152 cui
879 5099 965 5153 vis
987 5098 1375 5164 inferebatur;
1408 5099 1585 5155 κακῶς
1617 5102 1831 5165 autem,
1865 5100 2089 5154 ratione

443 5170 749 5241 popularis
771 5170 1085 5225 tumultus.

516 5237 624 5309 (82)
655 5238 806 5313 Θεόν.
844 5247 978 5313 Reg.
1018 5241 1136 5305 bm,
1168 5237 1385 5313 ξίύριονΖ

515 5305 626 5379 (83)
658 5305 1122 5384 Ἐκλδημήσῖαντος.
1286 5312 1334 5377 1,
1370 5305 1791 5384 ὲν-δημήσαντος.

516 5384 629 5450 (84)
661 5381 924 5437 Μάλιστα.
960 5389 1130 5438 Deest
1152 5382 1207 5435 in
1240 5383 1379 5452 Reg.
1416 5381 1535 5435 bm.

516 5448 819 5528 (85)"anv
852 5474 909 5507 τε
936 5454 1061 5528 περὶ
1105 5453 1165 5506 τὸ
1200 5448 1372 5527 βῆμα.
1411 5452 1534 5528 __I'_lic
1583 5448 1798 5516 clerici,
1832 5456 1888 5505 et
1917 5452 1954 5506 ii
1989 5452 2089 5524 qui

449 5522 830 5582 sacerdotalis
861 5522 1254 5582 sunt'ordiuis
1283 5522 1712 5591 intelliguntur.

522 5595 633 5665 (86)
687 5598 991 5669 To‘icime’
1045 5599 1194 5669 ὗμᾶς
1254 5592 1587 5669 Ναζιραίοιςἶ
1643 5614 1685 5669 «Δ
1719 5591 2090 5669 Nostratibus

448 5662 757 5739 Nazareis,
781 5688 808 5720 ι
835 5668 893 5727 id
919 5674 1025 5741 est,
1043 5693 1072 5721 «
1092 5662 1166 5727 iis
1194 5662 1403 5727 nostris
1427 5662 1758 5739 provincia,
1780 5686 1808 5714 »
1835 5665 2089 5740 quicum

2192 3395 2284 3449 τὸν
2317 3393 2368 3448 ἐν
2428 3401 2711 3468 κοσμικοῖς
2755 3395 3138 3467 ὑπερκόσμιον,
3191 3396 3282 3451 τὸν
3331 3396 3459 3467 ἐμὸν
3509 3396 3723 3470 ἑταῖρον
3754 3398 3855 3451 καὶ

2199 3485 2474 3557 συνεργὸν,
2524 3485 2615 3538 τὸν
2674 3487 3048 3558 συμμεριστην
3107 3491 3207 3552 τῆς
3267 3488 3474 3558 ψυχῆς,
3519 3483 3594 3538 ’ἶν’
3624 3485 3763 3538 εἴπω
3798 3507 3855 3539 τι

2193 3570 2625 3647 τολμηρότερον,
2685 3574 2771 3626 καὶ
2836 3573 2955 3647 βίου
3014 3573 3274 3627 κοινωνὸν
3325 3573 3412 3627 καὶ
3471 3571 3854 3641 παιδεύσεωςς

2192 3656 2537 3733 Ἐϐουλόμην
2566 3659 2868 3735 ἐλευθερίαν
2904 3656 3045 3735 ἔχειν
3078 3662 3165 3715 τὸν
3213 3660 3398 3736 λόγον,
3449 3661 3498 3715 ἐν
3545 3659 3747 3723 ἄλλοις
3796 3683 3858 3716 σε

2194 3751 2437 3822 γραφῶν,
2471 3747 2616 3803 ἀλλὰ
2644 3751 2716 3819 μὴ
2763 3749 3031 3823 παρόντος
3079 3770 3173 3803 σου
3220 3751 3288 3804 τὰ
3325 3754 3548 3803 τοιαῦτα
3605 3749 3856 3819 ἐξεταζε-

2194 3839 2333 3905 σθαι,
2366 3837 2453 3890 καὶ
2480 3836 2720 3911 ὑφίεσθαι
2752 3838 2819 3891 τὰ
2866 3836 3042 3891 πλείω
3082 3834 3171 3890 διὰ
3218 3835 3506 3899 κολακείας
3561 3838 3850 3894 ὑπόνοιαν.

2194 3924 2349 3981 Ἀλλ’
2381 3926 2408 3979 ὃ
2443 3946 2536 3996 μοι
2587 3924 2759 4000 λέγειν
2808 3926 2835 3978 ὁ
2892 3923 3057 3999 λόγος
3108 3923 3355 4000 ὥρμησε,
3400 3927 3460 3979 τὸ
3492 3931 3713 3998 Πνεῦμα
3750 3929 3856 3998 μὲν

2192 4013 2311 4089 ᾔδει
2341 4015 2431 4069 τὸν
2466 4016 2655 4068 ἑαυτοῦ
2675 4016 2813 4088 (πῶς
2838 4014 2937 4090 γὰρ
2970 4014 3030 4068 οὐ
3056 4015 3425 4086 ;)·ἀντεστατει
3458 4013 3514 4069 δὲ
3545 4016 3573 4069 ὁ
3622 4016 3855 4093 φθόνος·

2190 4105 2253 4160 τὸ
2286 4103 2342 4159 δὲ
2371 4105 2466 4172 ὧι,
2501 4102 2831 4178 αἰσχύνομαι
2866 4102 3064 4179 λέγειν’
3102 4102 3208 4158 εἷ’θε
3240 4102 3297 4157 δὲ
3331 4102 3467 4176 μηδ’
3488 4105 3600 4176 (89)
3653 4102 3854 4158 αλλων

2194 4192 2465 4265 λεγόντων
2502 4192 2711 4246 ἀκούειν
2744 4195 2835 4260 ἦν,
2864 4192 2952 4246 καὶ
2986 4189 3404 4264 κωμῳδοόντων
3448 4190 3733 4264 ἐπιμελῶς
3788 4195 3859 4247 τὰ

2192 4283 2451 4355 ἡμέτερα.
2486 4282 2662 4337 Τοῦτο
2698 4282 2790 4352 μὲν
2825 4281 2934 4350 οὗν,
2968 4282 3205 4356 καθάπερ
3238 4283 3289 4336 οἱ
3321 4283 3562 4354 ποταμοὶ
3590 4286 3701 4335 τῶν
3756 4303 3860 4335 πε-

2190 4372 2333 4447 τρῶν
2364 4370 2460 4431 τὰς
2493 4368 2543 4423 ἐν
2577 4370 2726 4442 μέσῳ
2755 4374 2834 4441 τῷ
2871 4369 3128 4445 ῥεύματι,
3160 4368 3625 4445 παραδράμωμεν,
3662 4375 3862 4442 σιωπῇ

2190 4463 2459 4533 τιμῶντες
2489 4458 2556 4512 τὰ
2586 4456 2763 4527 λήθης
2796 4456 2934 4527 ἄξια·
2969 4458 3122 4513 αὐτοὶ
3180 4455 3236 4512 δὲ
3282 4460 3415 4533 πρὸς
3462 4459 3529 4512 τὰ
3568 4458 3693 4528 ἑξῆς
3758 4464 3865 4513 τοῦ

2196 4548 2368 4624 λόγου
2399 4544 2578 4622 προίω
2587 4567 2701 4619 μεν.

2117 4743 2164 4807 D
2198 4738 2407 4796 Basilio
2440 4737 2769 4805 versati,vel
2798 4738 2869 4792 ab
2887 4753 2954 4793 eo
2985 4738 3409 4793 suntinstituti.
3436 4743 3512 4792 De
3538 4739 3861 4794 monachis

2198 4811 2292 4866 hic
2325 4811 2610 4883 praecipue
2642 4810 2861 4864 mentio
2893 4815 3001 4864 est.
3032 4810 3163 4866 Illos
3197 4811 3495 4883 Nazaraeos
3516 4818 3859 4883 vocatbjre-

2197 4880 2657 4965 goriusgutpote
2686 4887 2795 4963 Deo
2828 4887 3217 4965 consecratos.
3249 4904 3267 4927 ιι
3305 4882 3487 4965 Penes
3513 4880 3650 4936 illos
3670 4881 3858 4945 solos,

2199 4950 2393 5025 inquit
2420 4950 2593 5021 Elias,
2646 4950 2990 5025 hujusmodi
3021 4953 3295 5009 electione
3344 4950 3484 5007 sitas
3515 4968 3648 5025 esse
3679 4970 3857 5025 opor-

2195 5031 2375 5106 tebat,
2394 5041 2507 5106 non
2530 5024 2956 5106 copiosissimis
2974 5027 3303 5106 quibusque
3321 5028 3379 5078 et
3393 5024 3855 5105 potentissimis,

2196 5103 2253 5154 et
2285 5098 2441 5168 vulgi
2462 5095 2782 5168 temeritati
2816 5095 3001 5167 atque
3024 5095 3288 5168 stultitiae
3319 5095 3628 5151 committi.
3662 5118 3691 5145 ››

2272 5164 2800 5251 (8ῇξιῐιόιιιζνοτοίτοιςἶ
2844 5190 2871 5217 ‹‹
2898 5164 3285 5251 Sicnappellat
3311 5184 3431 5251 eos,
3465 5168 3561 5238 qui
3594 5167 3665 5251 ad
3701 5182 3853 5251 quo-

2198 5238 2477 5295 rumlibet
2526 5238 2752 5306 laudes,
2786 5239 2976 5311 inquit
3005 5238 3181 5299 Elias.
3219 5239 3381 5295 facile
3426 5256 3486 5294 se
3519 5238 3853 5302 conferunt,

2199 5328 2262 5366 ac
2296 5316 2551 5383 quaestus
2583 5311 2775 5383 exigui
2807 5327 2983 5383 causa
3013 5312 3315 5383 veritatem
3348 5311 3703 5383 adulterant.

2271 5379 2380 5454 (88)
2442 5381 2511 5454 Σὲ
2568 5379 2931 5454 παιρᾶιλιτιών.Δ
2972 5404 3001 5432 ‹‹
3061 5384 3139 5439 Te
3197 5382 3417 5438 relicto.
3479 5404 3507 5431 ››
3541 5379 3779 5454 _Schol.
3839 5398 3853 5434 ε

2198 5448 2491 5529 Π-ρὸςπὸν
2569 5448 3095 5529 ψέγω-’στρέφεται
3152 5454 3241 5507 καὶ
3307 5457 3473 5507 ταῦτα
3541 5448 3857 5529 λέγει-Βα-

2200 5524 2424 5598 σίλειον.
2465 5524 2607 5598 «_Ad
2653 5523 2935 5580 Basiliuin
2958 5523 3249 5598 'Magnum
3280 5541 3558 5582 conversa
3586 5523 3857 5580 oratione

2199 5597 2321 5653 hazc
2352 5595 2629 5667 loquitur.
2664 5618 2692 5647 η

2270 5669 2382 5743 (89)
2415 5663 2583 5737 Μηδ’.
2617 5667 2758 5739 Reg.
2793 5667 2911 5740 bm,
2939 5667 3035 5724 Or.
3070 5670 3122 5735 1,
3158 5669 3305 5741 μήτ’.
