4138 6212
302 321 449 383 1033
1211 318 1503 379 ORATIO
1546 317 1761 380 XVIII.
1794 351 1872 365 —
1901 316 1971 379 Fl

2077 318 2288 382 EBRIS
2334 321 2412 382 IN
2459 320 2807 386 PATREM.
3544 320 3704 385 1034

299 462 389 513 tua
421 455 657 528 quidem
691 457 879 521 norat,
912 453 1011 524 qui
1042 470 1187 509 suus
1240 458 1397 509 esset
1446 453 1677 526 (quidni
1710 454 1864 508 enim
1891 454 1937 525 7)
1971 455 2043 509 At
2098 454 2320 511 invidia
2375 458 2739 525 obsistebat;
2799 475 3051 529 quorum
3105 463 3316 525 autem,
3370 458 3561 513 dicere
3594 476 3706 530 pu-

303 545 393 600 det
421 561 433 600 :
468 549 643 615 atque
675 544 903 598 utinam
937 559 1040 598 nec
1071 559 1140 597 ex
1168 542 1419 598 aliorum
1452 559 1748 609 sermone,
1779 542 1879 613 qui
1911 558 2003 598 res
2035 548 2263 598 nostras
2296 546 2558 601 studiose
2589 547 2995 617 proscindunt,
3032 548 3087 602 id
3125 547 3327 602 audire
3356 546 3571 603 liceret.
3605 548 3712 603 Sed

303 634 438 702 base,
496 638 560 688 ut
608 631 708 687 illa
766 631 929 686 ﬂuvii
987 648 1149 697 saxa,
1208 648 1334 702 quae
1388 632 1446 684 in
1528 631 1720 687 medio
1783 630 2002 686 ﬂuento
2078 637 2413 703 occurrunt,
2494 640 2931 705 praetereamus,
2991 640 3164 708 atque
3224 651 3311 704 ea,
3373 637 3519 693 857
3584 652 3712 708 qum

307 722 592 778 oblivione
624 720 803 792 digna
834 726 994 787 sunt,
1029 719 1262 775 silentio
1294 735 1629 789 premanus,
1662 724 1719 774 et
1752 721 1825 775 ad
1857 736 1943 787 ea,
1978 736 2104 791 quae
2140 720 2413 792 deinceps
2442 730 2788 793 sequuntur,
2820 726 3285 797 progrediamur.

371 810 482 877 Λζ’.
537 804 689 877 ’ᾘδει
750 806 815 860 τὰ
868 811 967 860 τοῦ
1039 805 1350 878 Πνεῦματος
1426 801 1664 881 ἀκριϐῶς
1746 807 1774 860 ὁ
1847 810 1945 861 τοῦ

2132 808 2364 863 XXXVI.
2400 809 2581 866 Probe
2632 812 2854 868 sciebat
2902 813 2991 868 vir
3038 812 3365 885 spiritualis
3414 829 3541 885 qua
3583 812 3714 884 Spi-

308 896 650 970 Πνεύματοςσ
705 895 795 950 καὶ
857 891 945 948 διὰ
998 899 1156 949 τοῦτο
1218 891 1387 968 μηδὲν
1444 894 1692 949 ταπεινὸν
1739 899 1953 971 φρονεῖν

308 983 443 1059 ᾤετο
498 982 631 1057 δεῖν,
690 982 829 1058 μηδὲ
874 984 1009 1039 κατὰ
1052 985 1327 1044 συστάσεις
1377 986 1485 1055 (90)
1524 983 1612 1037 καὶ
1644 982 1953 1057 προλήψεις

312 1076 599 1149 μάχεσθαι,
649 1074 837 1149 χάριτι
884 1072 1048 1129 πλέον
1102 1074 1136 1141 ἣ
1169 1076 1284 1144 Θεῷ
1309 1072 1571 1145 νέμοντας
1598 1091 1609 1103 ⁸
1645 1071 1790 1127 ἀλλὰ
1817 1072 1952 1145 πρὸς

307 1160 358 1217 ἓν
396 1160 616 1237 βλέπειν
654 1161 837 1235 μόνον,
870 1162 932 1216 τὸ
970 1164 1079 1215 τῶν
1113 1162 1452 1230 Ἐκκλησιῶν
1486 1156 1707 1237 ὄφελος,
1739 1160 1827 1215 καὶ
1858 1161 1956 1228 τὴν

308 1253 491 1321 κοινὴν
518 1249 814 1324 σωτηρίαν.
849 1251 946 1304 Διὰ
986 1253 1146 1303 τοῦτο
1193 1247 1441 1326 ἔγραφεν,
1492 1248 1777 1319 ἐνουθέτει,
1834 1269 1955 1301 συν-

309 1341 517 1416 ήρμοζε
582 1341 671 1394 τὸν
726 1338 881 1413 λαὸν,
936 1338 1063 1399 τοὺς
1116 1336 1292 1413 ἱερέας
1345 1339 1478 1408 (9|),
1509 1335 1636 1397 τούς
1662 1358 1721 1390 τε
1751 1333 1955 1398 ἄλλους

310 1431 396 1484 καὶ
425 1426 541 1483 ὅσοι
573 1432 670 1482 τοῦ
705 1428 974 1502 βήματος,
1022 1424 1430 1500 διεμαρτύρετο,
1480 1424 1771 1502 ἐψηφίζετο
1823 1426 1957 1497 (92),

313 1516 641 1593 ἐχειροτόνει
696 1516 786 1570 καὶ
846 1518 1015 1589 μήπω
1076 1515 1302 1590 παρών·
1358 1511 1535 1567 ἐδίδου
1589 1518 1658 1586 τῇ
1700 1511 1870 1584 πολιᾷ
1897 1513 1960 1568 τὸ

314 1607 662 1675 ἐναυθεντεῖν,
717 1605 793 1668 ὡς
852 1603 1094 1669 οἰκείοις,
1129 1608 1245 1665 τοῖς
1273 1601 1613 1679 ἀλλοτρίοις.
1648 1602 1749 1659 Καὶ
1778 1602 1959 1673 τέλος,

315 1693 500 1764 ἐπειδὴ
556 1695 844 1762 κανονικὴν
900 1690 1006 1748 ἔδει
1068 1693 1305 1769 γενέσθαι
1351 1692 1449 1760 τήν
1482 1692 1817 1767 χειροτονίαν
1852 1692 1965 1764 (93)

317 1785 481 1856 αὐτῷ,
513 1782 798 1845 λείποντος
830 1783 945 1844 ἐνὸς
974 1785 1086 1855 (94)
1116 1786 1194 1853 τῷ
1249 1781 1465 1857 ἀριθμῷ
1522 1785 1629 1836 τῶν
1693 1781 1967 1856 ἀνακηρυ-

319 1874 539 1945 ξοντων,
594 1876 692 1928 τοῦ
752 1868 1055 1945 σκίμποδος
1112 1871 1297 1925 ἑαυτὸν
1332 1869 1670 1943 ἀποσπάσας,
1702 1872 1848 1946 γήρᾳ
1876 1870 1964 1924 καὶ

320 1964 458 2036 νόσῳ
513 1960 968 2037 συντετριμμένος
1026 1962 1159 2031 (95),
1222 1957 1308 2013 ἐπὶ
1364 1960 1463 2027 τήν
1512 1956 1674 2013 πόλιν
1706 1964 1966 2021 νεανικῶς

316 2050 455 2107 ’ίεται
480 2070 491 2083 ’
533 2049 745 2124 μᾶλλον
779 2047 838 2103 δὲ
863 2049 1077 2127 φέρεται
1108 2046 1278 2123 νεκρῷ
1305 2048 1384 2117 τῷ
1414 2048 1649 2120 σώματι,
1678 2047 1766 2101 καὶ
1803 2046 1971 2122 μικρᾶ

322 2142 573 2196 πνέοντι·
606 2138 771 2194 καλὸν
805 2137 1049 2215 ἐντάφιον
1081 2136 1247 2207 αὐτῷ,
1290 2135 1386 2189 κᾶν
1419 2132 1474 2189 εἷ’
1492 2156 1544 2189 τι
1597 2133 1707 2190 δέοι
1758 2140 1965 2205 παθεῖν,

319 2232 418 2299 τὴν
464 2225 707 2297 σπουδὴν
752 2226 958 2295 ἐκείνην
1007 2220 1213 2288 ἔσεσθαι
1261 2223 1642 2296 πεπεισμένος.
1676 2224 1882 2279 Γίνεται
1917 2221 1974 2278 δέ

230 2379 249 2399 ι
322 2341 375 2373 τι
431 2319 700 2381 κάνταῦθα
756 2320 983 2388 σημεῖον
1044 2313 1143 2368 οὐκ
1200 2312 1631 2385 ἀπιστούμενον·
1686 2314 1971 2368 Ῥώννυται

323 2412 401 2479 τῷ
456 2406 628 2478 πόνῳ,
686 2404 857 2473 νεάζει
917 2407 985 2475 τῇ
1043 2402 1338 2477 προθυμίᾳ,
1372 2402 1670 2474 οἰκονομεῖ,
1702 2403 1976 2478 παρατάσ-

327 2517 491 2565 σεται,
522 2495 731 2565 τίθησιν
766 2493 854 2548 ἐπὶ
884 2497 982 2548 τοῦ
1008 2491 1201 2565 θρόνου
1250 2493 1384 2564 (96),
1416 2493 1818 2563 προπέμπεται,
1879 2491 1977 2545 οὐκ

329 2582 405 2640 ἔτι
438 2582 584 2658 σορῷ
612 2584 690 2655 τῷ
734 2581 960 2658 φορείῳ,
990 2576 1212 2652 κιϐωτῷ
1243 2576 1300 2633 δὶ
1331 2579 1445 2650 θείᾳ
1474 2581 1842 2654 χρησάμενος.
1875 2581 1972 2634 Ἢν

331 2672 386 2729 δὲ
416 2671 535 2749 ἄρτι
570 2670 941 2747 μακροθυμίαν
982 2670 1213 2724 ἐπαινῶν
1247 2667 1583 2741 ἐπαυσάμην,
1634 2669 1834 2739 ταύτην
1895 2668 1976 2723 ἓν·

328 2763 498 2817 τηῦθα
548 2760 638 2814 καὶ
695 2757 861 2814 πλέον
923 2756 1210 2814 δείκνυσιν.
1270 2756 1341 2811 Οὐ
1401 2758 1504 2831 γὰρ
1563 2757 1833 2835 φερόντων
1870 2762 1978 2812 τῶν

333 2849 773 2925 συλλειτουργῶν
821 2849 921 2917 τὴν
968 2846 1228 2922 αἰσχύνην
1274 2852 1372 2915 τῆς
1417 2845 1609 2915 ἥττης,
1662 2847 1750 2900 καὶ
1795 2847 1893 2914 τὴν
1924 2845 1974 2900 ἐν

329 2945 446 3001 τοῖς
482 2940 763 3013 πράγμασι
812 2941 910 2992 τοῦ
952 2935 1204 3011 γέροντος
1256 2932 1586 3002 δυναστείαν,
1616 2934 1706 2989 καὶ
1738 2932 1826 2989 διά
1854 2938 1978 2988 τοῦ·

329 3050 392 3083 το
425 3025 886 3103 δυσχεραινόντων
915 3024 1060 3096 αὐτῷ
1108 3025 1196 3079 καὶ
1243 3020 1703 3097 λοιδορουμένων,
1761 3020 1976 3097 ἴσχυσεν

334 3117 415 3178 οἷς
475 3114 747 3191 ἐκαρτέρει
804 3113 893 3168 καὶ
948 3112 1155 3167 τούτων
1217 3111 1463 3186 ὑπεράνω
1511 3110 1774 3185 γενέσθαι,
1828 3110 1981 3184 μέγι-

334 3226 457 3260 στον
511 3205 680 3275 εὑρὼν
728 3204 805 3265 εἰς
844 3199 1163 3276 συμμαχίαν
1195 3201 1292 3268 τὴν
1322 3199 1632 3272 ἐπιείκειαν,
1662 3198 1751 3253 καὶ
1780 3199 1842 3253 τὸ
1904 3200 1979 3271 μὴ

2062 896 2209 951 ritus
2240 902 2406 952 erant
2433 914 2446 964 ;
2481 899 2555 954 ob
2586 899 2762 971 idque
2794 901 3083 957 demissos
3112 918 3317 958 omnes
3370 906 3427 956 et
3456 902 3716 973 abjectos

2063 985 2241 1041 animi
2276 1002 2486 1042 sensus
2517 988 2880 1058 adjiciendos
2918 1006 3046 1046 esse
3068 990 3393 1060 judicabat,
3445 1007 3550 1046 nec
3580 1006 3717 1045 con-

2063 1073 2371 1129 venticulis
2429 1080 2485 1130 et
2532 1076 2869 1148 anticipatis
2917 1078 3296 1149 opinionibus
3347 1078 3718 1144 certandum,

2066 1179 2170 1217 nec
2201 1162 2330 1233 plus
2360 1163 2564 1233 favori,
2596 1181 2771 1235 quam
2803 1170 2937 1235 Deo,
2970 1166 3351 1221 tribuendum
3377 1184 3389 1233 ;
3414 1167 3514 1222 sed
3537 1182 3717 1221 unam

2064 1254 2293 1305 tantum
2316 1251 2581 1307 Ecclesiae
2602 1252 2939 1321 utilitatem,
2956 1270 3023 1309 ac
3054 1269 3427 1310 communem
3452 1254 3719 1309 omnium

2066 1338 2315 1394 salutem
2344 1341 2416 1395 ob
2452 1340 2654 1397 oculos
2702 1342 3055 1412 ponendam.
3106 1343 3181 1398 Ac
3228 1343 3469 1414 proinde
3498 1342 3723 1398 litteras

2068 1428 2380 1492 scribebat,
2435 1430 2729 1497 monebat,
2789 1431 3139 1487 conciliabat
3189 1430 3495 1503 populum,
3536 1447 3727 1487 sacer-

2068 1516 2233 1572 dotes
2263 1521 2321 1572 et
2351 1516 2632 1589 reliquos,
2666 1523 2953 1590 quotquot
2987 1523 3153 1575 erant
3194 1520 3410 1590 clerici,
3460 1520 3730 1576 testimo-

2072 1605 2235 1660 nium
2267 1606 2516 1672 dicebat,
2550 1607 2895 1679 suffragium
2936 1609 3173 1677 ferebat,
3211 1609 3520 1665 ordinabat
3551 1609 3729 1664 etiam

2071 1693 2261 1749 adhuc
2292 1695 2529 1763 absens,
2560 1696 2848 1751 senectuti
2871 1697 2980 1752 hoc
2999 1699 3196 1766 dabat,
3221 1702 3285 1753 ut
3306 1701 3458 1769 apud
3484 1697 3729 1764 alienos,

2073 1786 2358 1853 tanquam
2390 1784 2542 1855 apud
2569 1800 2732 1852 suos,
2758 1787 3105 1841 auctoritate
3136 1790 3417 1841 uteretur.
3449 1786 3728 1855 Denique,

2075 1872 2354 1943 quoniam
2388 1872 2816 1929 ordinationem
2861 1875 3199 1930 canonicam
3246 1891 3375 1930 esse
3404 1875 3730 1945 oportebat,

2075 1977 2210 2015 cum
2244 1977 2397 2016 unus
2427 1978 2496 2016 ex
2531 1978 2735 2017 eorum
2784 1980 3051 2029 numero,
3083 1962 3183 2035 qui
3228 1963 3567 2034 episcopum
3600 1978 3731 2033 pro-

2077 2048 2383 2104 clamaturi
2413 2056 2598 2120 erant,
2624 2051 3075 2117 desideraretur,
3114 2055 3411 2107 senectute
3443 2055 3497 2105 et
3529 2051 3732 2107 morbo

2077 2138 2317 2208 fractus,
2350 2153 2381 2192 e
2409 2137 2625 2194 lectulo
2656 2156 2717 2194 se
2749 2140 3063 2208 abstrahit,
3097 2144 3275 2211 atque
3305 2141 3376 2195 ad
3411 2140 3617 2195 urbem
3649 2139 3736 2209 iu-

2078 2226 2252 2281 venili
2302 2227 2499 2299 vigore
2547 2229 2887 2296 contendit;
2937 2228 3025 2284 vel
3076 2228 3269 2301 potius
3322 2232 3555 2283 mortuo
3608 2244 3734 2284 cor-

2082 2332 2239 2388 pore,
2274 2331 2338 2370 ac
2370 2315 2677 2387 paululum
2727 2316 2988 2388 spirante
3038 2317 3241 2387 fertur,
3274 2317 3534 2388 prmclari
3567 2317 3735 2373 fune-

2082 2404 2163 2461 ris
2192 2403 2316 2459 loco
2350 2405 2613 2460 studium
2636 2406 2794 2461 istud
2828 2423 2893 2461 ac
2914 2406 3275 2478 diligentiam
3309 2406 3420 2462 sibi
3454 2407 3573 2461 fore
3604 2423 3733 2477 per-

2084 2493 2358 2560 suadens,
2386 2492 2562 2548 etiam
2592 2493 2640 2549 si
2673 2494 2811 2565 quid
2834 2493 2973 2549 mali
2994 2494 3106 2565 ipsi
3138 2494 3375 2549 fortuito
3398 2495 3735 2550 accidisset.

2085 2582 2188 2637 Hic
2217 2598 2448 2653 quoque
2479 2583 2715 2654 signum
2749 2583 3043 2653 quoddam
3076 2583 3289 2652 editur,
3320 2584 3414 2639 cui
3447 2584 3592 2638 fides
3626 2583 3737 2638 mi-

2086 2670 2242 2725 nime
2272 2671 2608 2742 abroganda
2653 2676 2761 2726 est.
2811 2672 2891 2726 Ex
2935 2672 3131 2727 labore
3182 2673 3361 2727 robur
3408 2675 3736 2742 comparat,

2086 2758 2386 2814 alacritate
2414 2759 2673 2831 vigescit,
2707 2759 3005 2831 negotium
3055 2760 3453 2827 administrat,
3490 2760 3560 2815 ad
3593 2776 3736 2815 con-

2087 2849 2311 2903 ﬂictum
2344 2863 2406 2901 se
2436 2850 2621 2918 parat,
2655 2847 2714 2901 in
2745 2847 2954 2903 throno
2991 2848 3255 2917 collocat,
3288 2850 3531 2904 domum
3564 2848 3739 2904 redu-

2088 2938 2259 3004 citur,
2292 2935 2577 3003 vehiculo,
2612 2938 2867 3007 nonjam
2900 2942 2965 2991 ut
2994 2936 3241 3006 tumulo,
3275 2938 3372 2993 sed
3407 2941 3472 2991 ut
3501 2954 3635 2992 arca
3656 2936 3739 2992 di-

2087 3024 2221 3080 vina
2251 3040 2417 3079 usus.
2450 3026 2634 3089 Quam
2686 3028 2881 3080 autem
2932 3024 3233 3081 lenitatem
3285 3026 3457 3081 modo
3501 3025 3740 3081 laudare

2090 3111 2259 3182 desii,
2292 3127 2419 3167 eam
2453 3111 2549 3167 hic
2581 3128 2814 3184 quoque
2844 3113 3097 3185 amplius
3127 3114 3567 3170 demonstravit.
3597 3117 3741 3170 Cum

2090 3201 2247 3258 enim
2305 3199 2492 3272 ipsius
2541 3200 2772 3274 collega:
2830 3202 3219 3259 contentionis
3275 3203 3461 3273 illius,
3518 3201 3577 3257 in
3628 3218 3746 3275 qua

336 3289 727 3367 ἀντιλοιδορεῖν
784 3288 1369 3364 λοιδορούμενον
1399 3289 1460 3342 Τί
1488 3289 1589 3365 γὰρ
1622 3289 1754 3343 εἶναι
1786 3284 1971 3359 δεινὸν,

2091 3288 2227 3345 victi
2280 3289 2531 3359 fuerant,
2581 3289 2989 3362 ignominiam,
3041 3308 3309 3363 eamque,
3361 3308 3538 3364 quam
3570 3306 3749 3348 senex

337 3383 383 3437 εἰ
436 3386 555 3443 τοῖς
608 3380 889 3455 πράγμασι
939 3380 1181 3449 νικήσας,
1224 3379 1376 3456 φέροι
1406 3382 1475 3450 τῇ
1505 3376 1731 3453 γλώσσῃ
1753 3377 1971 3449 νικώμε-

2094 3378 2192 3435 ille
2221 3378 2497 3435 omnibus
2533 3378 2591 3434 in
2644 3380 2818 3436 rebus
2870 3382 3189 3451 obtinebat,
3242 3380 3646 3437 auctoritatem
3692 3383 3750 3435 et

336 3491 451 3543 νος,
504 3473 802 3544 Τοιγαροῦν
854 3466 997 3523 οὕτω
1044 3466 1322 3528 κάκείνους
1372 3466 1485 3521 εἷλε
1513 3470 1581 3539 τῇ
1618 3464 1971 3540 μακροθυμίᾳ

2096 3468 2418 3541 potentiam
2442 3467 2640 3539 iniquo
2673 3470 2869 3526 animo
2900 3471 3136 3538 ferrent,
3186 3472 3258 3527 ob
3290 3471 3466 3542 idque
3512 3469 3625 3542 ipsi
3658 3470 3747 3524 in-

338 3553 664 3636 προσλαόὼν
723 3557 812 3612 καὶ
868 3558 960 3611 τὸν
1013 3555 1213 3631 χρόνον
1260 3558 1357 3625 τῆς
1410 3556 1637 3631 γνώμης
1669 3554 1971 3629 σύμμαχον)

2099 3557 2248 3613 fensi
2298 3561 2517 3627 essent,
2575 3574 2641 3612 ac
2699 3558 2974 3615 conviciis
3026 3576 3162 3614 eum
3221 3559 3600 3623 incesserent,
3648 3572 3747 3612 eos

341 3648 480 3703 ὥστε
536 3646 927 3722 ἀπελογοῦντο,
988 3644 1378 3721 προσέπιπτον,
1433 3638 1867 3715 μεταϐάλλοντες
1914 3643 1971 3698 ei.)

2098 3662 2330 3717 quoque
2362 3645 2641 3717 patientia
2670 3663 2777 3702 sua
2824 3648 3139 3719 superavit,
3192 3647 3517 3702 maximum
3545 3644 3742 3700 subsi-

340 3740 520 3809 θαῦμα
547 3737 646 3803 τήν
673 3736 1056 3810 ἀγανάκτησιν.
1118 3732 1450 3807 ’ῌσχῦνοντο
1507 3736 1624 3793 τοῖς
1680 3731 1964 3807 προτέροις

2096 3736 2259 3789 dium
2292 3739 2523 3803 nactus,
2556 3735 2776 3791 scilicet
2805 3737 3312 3792 mansuetudinem
3346 3739 3404 3790 et
3432 3735 3585 3805 quod
3619 3749 3743 3788 ma-

336 3826 582 3900 ἐχρῶντο
635 3823 967 3899 πατριάρχῃ,
1026 3821 1117 3877 καὶ
1172 3822 1461 3895 νομοθέτῃ,
1511 3820 1601 3875 καὶ
1644 3817 1890 3894 δικαστῇ,
1923 3821 1971 3875 τί

2094 3822 2323 3879 ledictis
2370 3822 2680 3878 lacessitus
2728 3822 3038 3878 maledicta
3079 3840 3194 3878 non
3244 3825 3551 3895 regereret.
3593 3820 3742 3887 Quid

341 3919 515 3987 μισεῖν
545 3911 962 3989 ἀπορρίψαντες.

2094 3911 2251 3967 enim
2279 3909 2391 3981 ipsi
2423 3926 2595 3981 grave
2641 3914 2816 3976 esset,
2848 3911 2918 3979 si,
2952 3928 3086 3967 cum
3131 3912 3307 3967 rebus
3337 3910 3592 3977 vicisset,
3623 3907 3745 3989 lin-

340 4012 458 4068 gua
487 4010 551 4051 se
577 3988 729 4051 vinci
762 3992 1106 4065 pateretur?
1155 3991 1545 4059 Quamobrem
1596 3990 1681 4045 sic
1736 4006 1836 4046 eos
1867 4007 2100 4064 quoque
2146 3989 2382 4046 lenitate
2411 4006 2521 4045 sua
2575 3994 2632 4045 et
2675 3990 2953 4062 patientia
3008 3991 3180 4063 cepit,
3211 3989 3391 4047 ascito
3423 3988 3747 4061 praesertim

339 4085 415 4141 ad
442 4083 745 4140 sententiae
779 4099 896 4137 suae
930 4079 1217 4136 auxilium
1280 4084 1563 4151 tempore,
1595 4083 1661 4133 ut
1689 4078 2149 4151 indignationem
2182 4079 2241 4133 in
2301 4077 2748 4134 admirationem
2807 4083 3228 4148 convertentes,
3261 4093 3388 4135 sese
3418 4077 3531 4150 ipsi
3579 4092 3751 4133 excu-

340 4178 559 4245 sarent,
615 4171 863 4245 genibus
919 4170 1071 4227 358
1133 4169 1598 4239 advolverentur,
1655 4169 1897 4240 pudore,
1951 4170 2024 4225 ob
2082 4186 2151 4225 ea
2206 4184 2334 4239 quis
2389 4167 2553 4239 prius
2609 4168 2993 4241 admiserant,
3048 4169 3543 4235 suﬂunderentur,
3595 4166 3757 4236 abje-

342 4261 573 4333 ctisque
601 4260 775 4326 odiis,
809 4277 876 4316 eo
914 4258 1268 4332 patriarcha,
1300 4257 1635 4329 legislatore
1666 4262 1723 4313 et
1746 4257 1944 4328 judice
1974 4261 2297 4314 uterentur.

416 4349 533 4405 AZ'.
590 4351 695 4402 Τοῦ
750 4344 807 4401 δὲ
864 4345 1028 4401 αὐτοῦ
1088 4342 1259 4415 ζήλου
1307 4341 1397 4399 καί
1426 4346 1461 4413 ἡ
1493 4343 1629 4398 κατᾶ
1655 4347 1764 4398 τῶν
1797 4345 1969 4419 αἱρετι

2175 4344 2445 4402 XXXVII.
2478 4346 2752 4417 Ejusdem
2797 4362 2968 4417 porro
3018 4346 3124 4402 zeli
3154 4363 3223 4402 ea
3270 4345 3433 4401 illius
3464 4341 3759 4399 contentio

426 4493 537 4566 (90)
570 4492 993 4566 ξυστάσεις.8ἰο
1024 4491 1163 4563 Reg.
1196 4508 1249 4560 a,
1282 4490 1406 4556 bm,
1437 4490 1551 4545 duo
1581 4488 1780 4557 Coisl.,
1815 4491 1911 4545 Or.
1946 4493 1999 4546 1.

355 4567 420 4621 In
436 4562 541 4619 led.
576 4564 729 4630 Par.,
761 4562 1085 4623 συστάσεως.

426 4637 532 4705 (91)
563 4634 698 4695 Τοὺς
749 4633 943 4709 ἱερέας,
972 4641 1081 4709 etc.
1134 4631 1411 4709 Billius.«
1464 4630 1826 4709 Sacerdotes,
1876 4635 2004 4709 tum

356 4701 527 4777 alios,
560 4711 688 4762 tum
720 4701 818 4762 eos
849 4708 948 4779 qui
979 4704 1184 4779 altaris
1216 4708 1373 4779 sunt.
1400 4724 1427 4753 »
1462 4701 1737 4779 Displicet
1766 4703 1887 4758 haec
1918 4705 1971 4759 in

2132 4777 2142 4779 _
2190 4705 2303 4775 (94)
2337 4701 2628 4779 Λείποντος
2676 4701 2810 4775 ἑνός,
2864 4709 2974 4779 etc.
3028 4704 3105 4779 Ea
3154 4720 3313 4779 conc.
3366 4702 3580 4779 Nician.
3617 4715 3763 4779 _can.

354 4771 718 4850 terpretatio,
752 4771 920 4850 quasi
939 4776 1167 4850 (duplex
1192 4777 1365 4850 esset
1403 4774 1770 4850 sacerdotum
1801 4791 2009 4846 genus,
2119 4777 2173 4850 li,
2198 4771 2324 4830 tres
2356 4771 2805 4850 requirebantur
2832 4776 3088 4850 episcopi
3125 4776 3195 4830 ad
3232 4773 3500 4847 praesulis
3533 4771 3767 4850 ordina-

360 4844 610 4922 quorum
642 4850 737 4922 alii
764 4844 882 4904 sint
902 4844 1128 4911 altaris,
1155 4845 1252 4922 alii
1277 4862 1391 4900 non
1414 4845 1553 4900 sint.
1579 4844 1835 4922 Nam.,ut
1858 4854 2013 4902 recte
2121 4844 2361 4922 tionem,
2391 4844 2620 4922 scilicet
2663 4848 2733 4922 ad
2774 4844 3374 4922 solemnitatem,'non
3406 4860 3540 4899 vero
3571 4844 3642 4898 ad
3675 4858 3771 4898 or-

361 4917 632 4977 dbservat
652 4921 826 4989 Elius,
856 4938 955 4993 per
981 4918 1465 4993 «sacerdotum»
1491 4917 1865 4993 vocabulum,
1899 4935 2012 4993 non
2123 4918 2832 4993 dinationis__essentiam.
2865 4918 3021 4993 _Cum
3078 4918 3385 4993 igit_ur_ad_
3425 4931 3773 4993 consecran-

362 4993 520 5049 solos
544 4987 872 5067 sacerdotes
901 4990 1178 5067 intelligit
1196 4989 1543 5067 Gregorius;
1570 4989 1669 5067 sed
1698 4991 1876 5067 etiam
1898 4991 2018 5067 dia-
2125 4993 2267 5067 dum
2307 4989 2615 5067 Basilium,
2650 5007 2802 5067 unus
2847 4987 3418 5067 deessetfadvolavit
3458 4987 3774 5067 Gregorius

363 5081 565 5131 conos,
615 5064 1027 5129 subdiaconos,
1077 5058 1342 5132 lectores,
1376 5063 1487 5115 etc.
1513 5083 1539 5108 «
1574 5061 1873 5126 Quocirca,
1923 5062 2017 5116 in—
2127 5066 2310 5132 pater,
2344 5061 2464 5116 sive
2496 5066 2559 5115 ut
2602 5062 2810 5116 tertius
2853 5063 3102 5129 adesset,
3138 5061 3255 5118 sive
3286 5078 3357 5117 ne
3384 5058 3644 5131 episcopi
3673 5058 3775 5128 qui

410 5136 517 5205 uit,
552 5137 755 5191 merito
787 5139 1154 5191 sacerdotum
1187 5131 1423 5205 nomine
1458 5147 1670 5205 sacros
1686 5148 1891 5205 omnes
1925 5149 2019 5186 or-
2129 5131 2247 5204 prae
2276 5132 2495 5187 invidia
2525 5132 2742 5189 Basilio
2776 5134 3254 5201 adversabantur,
3282 5147 3527 5189 numero
3558 5142 3778 5202 prava-

410 5154 517 5205 ιλιι,
552 5154 755 5191 merito
787 5154 1154 5191 δδϐθναοιυω
1188 5154 1423 5187 HOIIHDB
1458 5154 1654 5186 BECFOS
1686 5154 1891 5187 01111163
1925 5154 2019 5186 ΟΓ·
2130 5154 2247 5204 pra)
2276 5154 2336 5186 111

365 5154 535 5263 gines
573 5207 1032 5277 comprehendit,
1065 5210 1129 5260 ut
1162 5204 1275 5277 qui
1325 5202 1474 5256 sacri
1526 5202 1771 5277 catalogi
1829 5202 1965 5257 sint.
1987 5225 2021 5277 Δ››
2134 5205 2336 5277 lerent.

370 5280 588 5335 Omnes
617 5273 796 5347 enim,
820 5282 948 5333 tum
980 5276 1311 5350 sacerdotes
1341 5278 1469 5328 tum
1500 5273 1877 5350 clerici_,cum
1908 5290 1971 5345 ep

2204 5275 2317 5345 (95)
2394 5273 2880 5350 Συντετριμμένος.
2967 5275 3142 5331 Coisl.
3232 5277 3294 5343 1,

370 5366 571 5423 scopo,
603 5344 1014 5423 unusquisque
1045 5348 1104 5403 in
1139 5345 1340 5403 ordine
1388 5360 1519 5413 suo,
1552 5344 1735 5402 sacris
1788 5344 2024 5417 operam
2132 5344 2244 5423 νον2

378 5405 620 5478 satiant.
777 5405 820 5422 ‘9
883 5405 937 5423 ⁷³
998 5405 1043 5491 λ
1329 5489 1337 5491 4
1506 5405 1645 5491 ’,Α
1825 5405 1841 5417 ⁸

2144 5488 2157 5491 _
2207 5417 2318 5491 (.96)
2362 5418 2466 5469 Τοῦ
2533 5415 2746 5491 θρόνου.
2817 5419 2956 5491 Reg.
3027 5436 3081 5490 a,
3148 5418 3267 5484 bm,
3335 5412 3507 5470 Coisl.
3577 5412 3629 5479 1,
3686 5405 3778 5462 τὸν

594 5491 939 5569 Ἐψηφίζετο.
967 5490 1171 5569 Βὶὶιὶιξβ
1206 5504 1272 5569 ,α
1308 5486 1674 5569 decernebat.
1698 5509 1726 5537 )›
1919 5559 1954 5569 Α

2138 5486 2344 5569 θρᾷἕεγο

448 5551 562 5635 (93)
596 5551 963 5639 rasam“.
1024 5584 1082 5639 «_
1114 5558 1575 5639 ordinationem,
1626 5559 1971 5639 consecrati}

2172 5551 2181 5561 ’
2210 5560 2317 5631 (97)
2350 5554 2805 5634 Λοιδορούμενον.
2836 5560 3072 5618 Coislin.
3106 5561 3159 5631 1,
3191 5551 3643 5633 λοιδορούμενος.

380 5631 591 5693 nem.»
624 5631 718 5693 Sic
748 5653 817 5693 ex
845 5652 1011 5694 sacro
1042 5631 1313 5690 Ecclesia
1364 5646 1479 5686 usu
1520 5632 1887 5688 vertendum.
1920 5632 2030 5688 Mi-

711 5765 973 5832 Ριτιοι..
1021 5763 1134 5829 αι.
1178 5757 1429 5825 XXXV.

2113 4507 2243 4545 rum
2276 4507 2381 4545 cur
2411 4489 2638 4562 Billius,
2668 4491 2755 4545 vir
2784 4491 2992 4547 doctus
3022 4508 3087 4547 ao
3117 4492 3271 4562 pius,
3296 4488 3629 4562 posthabito
3650 4487 3765 4562 Ec-

2036 4539 2081 4603 D
2114 4539 2991 4632 ὲῑέἔίδὲἙεῦξὶἐῦἷᾷιέὸένέἕίεῖῖῖ
3011 4539 3622 4627 «Teios—66561317371?
3635 4539 3763 4615 6.1.

2117 4634 2342 4689 vinistae
2373 4631 2753 4703 interpretari
2775 4636 2993 4689 amant.

3385 5266 3783 5346 συντετριμμέ-
