4138 6212
446 346 600 410 1035

1687 344 1751 401 S.
1801 337 2173 401 GREGOltIl
2219 341 2612 402 THEOLOGI

3706 350 3855 414 1036

444 481 575 547 fuit,
608 494 723 550 qua
754 494 816 533 se
846 476 1133 532 haereticis
1164 480 1291 530 tum
1338 474 1631 546 opposuit,
1680 489 1816 529 cum
1850 471 1934 527 illi
1971 488 2080 526 una

2198 473 2306 523 κῶν
2370 466 2632 543 ἔνστασις,
2692 473 2851 542 ἡνίκα
2908 474 3329 550 ἐπεστράτευσαν
3389 482 3670 552 (98)ὴμῖν
3722 482 3853 554 μετά

443 585 577 624 cum
608 564 984 637 imperatoria
1013 564 1317 635 impietate
1358 563 1785 634 expeditionem
1818 562 2097 615 adversus

446 672 553 712 nos
585 658 990 727 susceperunt,
1022 656 1306 724 tanquam
1340 669 1446 708 nos
1475 667 1709 723 quoque
1749 651 1808 705 in
1840 652 2095 720 potesta-

446 749 562 801 tem
595 761 760 799 suam
814 742 1129 810 redacturi,
1188 741 1455 813 aliisque,
1492 742 1617 812 jam
1674 740 1789 795 fere
1822 738 2096 793 omnibus

446 833 726 889 servitute
775 831 1091 904 oppressis,
1141 830 1493 902 adjuncturi.
1547 830 1692 884 Nam
1743 828 1836 883 hic
1868 842 2095 898 quoque

446 939 560 978 non
594 938 768 993 parvo
799 922 967 977 nobis
1001 922 1340 992 adjumento
1391 920 1517 987 fuit,
1552 926 1676 974 tum
1726 935 1827 989 per
1856 934 1918 973 se
1948 918 2091 987 ipse,

446 1016 572 1068 tum
605 1028 706 1081 per
749 1028 853 1067 nos
903 1012 1078 1066 etiam
1129 1011 1394 1076 fortasse,
1440 1026 1609 1080 quos,
1664 1012 1944 1078 tanquam
1978 1021 2091 1060 non

444 1100 686 1171 ignavos
734 1115 799 1153 ac
847 1100 1165 1170 degeneres
1213 1097 1461 1164 catulos,
1520 1097 1579 1150 in
1629 1095 1781 1165 illos,
1831 1093 1995 1148 velut
2033 1093 2090 1146 in

445 1188 798 1244 szevissimas
830 1188 980 1242 feras
1028 1187 1340 1256 imittebat,
1385 1187 1459 1241 ad
1507 1186 1778 1257 pietatem
1813 1182 2091 1238 nimirum

444 1278 554 1333 hac
611 1278 831 1332 ratione
888 1293 994 1331 nos
1066 1292 1361 1331 exercens.
1420 1275 1610 1331 Unum
1670 1274 1875 1341 habeo,
1935 1271 2090 1341 quod

444 1365 679 1437 utrique
710 1380 1125 1432 succenseam;
1178 1380 1242 1419 ac
1292 1366 1423 1434 peto
1473 1380 1506 1416 a
1550 1362 1737 1428 vobis,
1789 1377 1860 1415 ne
1898 1374 2089 1414 meam

444 1454 595 1509 hanc
622 1454 852 1509 dicendi
909 1453 1237 1509 libertatem
1289 1469 1436 1524 aegre
1468 1452 1707 1519 feratis;
1751 1466 2089 1522 expromam

442 1543 598 1599 enim
631 1542 813 1598 animi
858 1541 1138 1609 dolorem,
1193 1540 1424 1595 etiamsi
1464 1540 1657 1613 gravis
1711 1554 1777 1595 ac
1807 1540 2090 1594 molestus

444 1632 538 1687 hic
569 1648 761 1688 sermo
792 1631 1026 1687 futurus
1057 1630 1167 1697 sit;
1198 1646 1407 1701 nempe
1445 1629 1595 1701 quod
1629 1645 1722 1684 me
1754 1628 1931 1699 hujus
1959 1628 2091 1683 vitae

446 1719 599 1775 mala
678 1718 878 1790 iniquo
954 1718 1150 1773 animo
1227 1717 1532 1782 ferentem,
1612 1732 1678 1771 ac
1751 1714 2089 1770 solitudinis

442 1825 640 1863 amore
692 1809 1057 1879 ﬂagrantem,
1115 1823 1230 1877 quo
1281 1806 1439 1861 haud
1499 1805 1619 1860 scio
1650 1822 1722 1860 an
1772 1803 2085 1875 quisquam

440 1903 652 1952 nostrae
685 1898 870 1951 aetatis
892 1896 1065 1964 alius,
1088 1911 1580 1965 communemque
1602 1894 1752 1948 hanc
1775 1898 2087 1963 tempesta-

440 1989 557 2040 tem
590 1990 646 2040 et
676 1986 994 2056 pulverem,
1027 2003 1204 2058 quam
1237 1985 1538 2040 celerrime
1567 1989 1853 2054 poteram,
1886 1982 2083 2050 vitare,

437 2079 612 2145 atque
659 2076 716 2128 in
774 2079 967 2130 tutum
1028 2075 1222 2129 locum
1277 2074 1588 2145 confugere
1643 2070 1852 2127 obnixo
1892 2068 2085 2124 studio

438 2164 904 2231 contendentem,
958 2164 1154 2219 nescio
1202 2180 1317 2234 quo
1376 2165 1542 2233 pacto
1573 2161 1634 2215 in
1690 2160 1799 2215 hoc
1829 2175 2001 2230 grave
2032 2162 2089 2212 et

436 2251 787 2307 insidiosum
820 2252 1148 2307 animarum
1184 2253 1372 2306 lorum
1407 2266 1509 2322 per
1538 2248 1868 2320 speciosum
1897 2262 2087 2302 sacer-

2206 564 2305 626 τῆς
2368 558 2657 632 βασιλικῆς
2716 557 2977 635 ἀσεϐείας,
3056 564 3132 625 ὡς
3203 568 3699 645 καταστρεφόμενοι
3768 572 3854 626 καὶ

2206 648 2375 733 ἡμᾶς,
2407 647 2496 702 καὶ
2525 649 2643 711 τοῖς
2675 648 2867 713 ἄλλοις
2898 655 3319 727 προσθήσοντες,
3346 654 3455 726 ἤδη
3499 655 3693 733 σχεδὸν
3725 666 3850 714 πᾶσι

2208 732 2667 808 δεδουλωμένοις.
2727 738 2861 795 Οὐδὲ
2919 741 3018 817 γὰρ
3078 743 3299 807 ἐνταῦθα
3358 732 3567 821 μικρόν
3604 767 3655 801 τι
3694 749 3853 824 μέρος

2205 827 2340 896 ἡμῖν
2394 829 2785 903 συνεισήνεγκε,
2837 831 2927 884 καὶ
2978 834 3105 906 παρ’
3157 833 3350 888 ἑαυτοῦ
3399 835 3488 889 καὶ
3536 838 3663 912 παρ’
3696 840 3854 910 ἡμῶν

2206 910 2368 974 ἴσως·
2405 914 2496 976 οὕς
2540 915 2737 990 έπῆγεν
2790 917 3033 989 ἐκείνοις,
3090 921 3162 974 ὡν
3218 923 3569 998 πικροτάτοις
3616 910 3853 1002 θηρίοις,

2204 1001 2303 1088 οὐκ
2358 1002 2596 1078 ἀγεννεῖς
2654 1006 2942 1077 σκύλακας,
3002 1011 3290 1083 γυμνάζων
3350 1013 3486 1088 πρὸς
3560 1015 3658 1082 τὴν
3694 1001 3851 1071 (eoo-6-

2203 1084 2373 1179 θειαν.
2414 1095 2509 1146 Ἔν
2544 1094 2875 1171 ἀμφοτέροις
2912 1097 3198 1175 μέμφομαι
3230 1100 3343 1172 (καί
3376 1084 3471 1174 μοι
3523 1100 3691 1175 μηδὲν

2202 1175 2571 1254 δυσχεράνητε
2623 1190 2722 1252 τῆς
2777 1184 3118 1260 παρρησίας·
3180 1187 3391 1261 ἐκρήξω
3451 1191 3551 1265 γὰρ
3626 1194 3689 1247 τὸ
3750 1175 3853 1247 ήλυέ

2200 1272 2334 1321 ποῦν
2358 1270 2455 1341 (1),
2490 1270 2654 1324 εἶκαὶ
2689 1275 3137 1349 φορτικώτερον),
3184 1274 3265 1330 ὅτι
3304 1298 3370 1349 με
3415 1285 3533 1341 τοῖς
3579 1286 3677 1334 τοῦ
3732 1281 3850 1355 βίου

2199 1360 2387 1418 κακοῖς
2432 1355 2871 1433 δυσχεραίνοντα,
2919 1362 3009 1417 καὶ
3053 1370 3152 1432 τῆς
3201 1364 3433 1438 ἐρημίας
3479 1367 3706 1442 ἐρῶντα,
3776 1370 3850 1431 ὡς

2200 1444 2300 1499 οὐκ
2330 1442 2430 1499 οἶδ’
2463 1444 2517 1501 εἶ’
2557 1468 2641 1510 τις
2681 1447 2853 1512 ἄλλος
2893 1455 3001 1505 τῶν
3047 1454 3163 1506 καθ’
3210 1456 3379 1527 ἡμᾶς,
3413 1457 3501 1509 καὶ
3532 1458 3633 1525 τὴν
3664 1461 3853 1527 κοινήν

2197 1534 2395 1603 ταύτην
2462 1533 2628 1606 ζάλην
2686 1538 2775 1591 καὶ
2819 1538 2985 1609 κόνιν,
3036 1541 3110 1602 ὡς
3160 1538 3275 1617 ἔχω
3325 1547 3552 1619 τάχους,
3587 1544 3850 1602 ἐκκλίνειν

2200 1621 2627 1699 φιλονεικοῦντα,
2677 1625 2766 1679 καὶ
2817 1626 2893 1689 εἰς
2939 1628 3002 1682 τὸ
3034 1628 3271 1706 ἀσφαλὲς
3303 1631 3697 1708 ἀποσώζεσθαι,
3753 1636 3852 1691 οὐκ

2199 1708 2302 1765 οἷδ’
2333 1711 2483 1773 ’ὁπως
2514 1712 2580 1787 τῇ
2631 1718 2863 1791 φορτικῇ
2896 1716 2984 1771 καὶ
3018 1713 3301 1791 ἐπιϐούλῳ
3332 1725 3441 1775 τῶν
3473 1725 3667 1798 ψυχῶν
3719 1725 3848 1799 ἆγο-

2201 1804 2265 1873 ρᾷ
2425 1800 2592 1874 ταύτῃ
2652 1804 2903 1880 φέροντες
2961 1804 3379 1882 παραδεδώκατε
3428 1812 3527 1881 (3),
3561 1809 3633 1865 δι’
3664 1813 3848 1888 εὖπρε.

2194 1893 2345 1973 ποῦς,
2366 1887 2634 1961 ὀνόματος
2663 1894 2759 1960 τῆς
2793 1892 3111 1966 ἱερωσύνης.
3160 1897 3245 1966 Ἐξ
3278 1894 3352 1950 ὦν
3381 1895 3489 1967 ἤδη
3527 1921 3621 1971 μοι
3651 1902 3715 1955 τὰ
3748 1887 3842 1973 μὶν

2195 1971 2387 2045 συνέϐη
2448 1980 2605 2049 κακὰ,
2668 1981 2732 2034 τὰ
2804 1978 2862 2035 δὲ
2936 1981 3231 2052 ἐλπίζεται.
3290 1986 3359 2039 Τὸ
3416 1987 3518 2062 γὰρ
3576 1985 3685 2057 ἤδη
3746 1971 3847 2045 πα-

2197 2066 2329 2133 θεῖν,
2405 2066 2493 2120 καὶ
2569 2070 2708 2143 πρὸς
2780 2072 2842 2123 τὸ
2924 2069 3127 2143 μέλλον
3210 2094 3329 2135 πως
3387 2072 3615 2130 δύσελπι
3673 2078 3845 2133 κᾶν)

2197 2151 2465 2228 λογισμὸς
2537 2153 2678 2211 ἄλλο
2750 2179 2802 2211 τι
2869 2158 3048 2234 πείθῃ,
3106 2161 3168 2215 τὸ
3216 2167 3460 2236 κρεῖττον
3529 2166 3849 2239 ὑποτιθέμε-

2196 2263 2309 2305 νος.

436 2340 577 2395 dotii
609 2358 822 2397 nomen
853 2339 1161 2396 intulistis.
1212 2342 1338 2405 Qua
1383 2355 1451 2394 ex
1481 2355 1543 2393 re
1599 2337 1785 2393 multa
1809 2336 1955 2391 mihi
2013 2333 2190 2400 mala,
2238 2334 2445 2402 partim
2491 2335 2617 2405 jam
2666 2337 3060 2410 contigerunt,
3094 2341 3303 2412 partim
3338 2342 3672 2400 imminent.
3706 2347 3850 2402 Nam

437 2429 537 2500 qui
559 2430 685 2501 jam
718 2430 938 2501 aliquid
970 2446 1183 2502 passus
1214 2432 1322 2496 est,
1356 2428 1510 2483 idem
1543 2427 1715 2481 etiam
1747 2426 1817 2480 de
1850 2424 2043 2479 futuro
2091 2422 2525 2493 quodammodo
2557 2423 2791 2493 diffidit,
2842 2425 3018 2481 etiam
3052 2428 3102 2482 si
3134 2428 3300 2499 ratio,
3352 2429 3595 2487 meliora
3627 2449 3847 2506 sugge-

436 2534 589 2588 rens,
624 2519 783 2575 aliud
810 2519 1090 2590 quiddam
1121 2518 1491 2589 persuadeat.

504 2607 795 2663 XXXVIII.
831 2608 944 2664 Nec
974 2624 1105 2662 vero
1154 2606 1307 2661 hanc
1339 2620 1574 2677 quoque
1617 2603 1805 2675 ipsius
1843 2602 2077 2657 laudem

434 2697 755 2752 omiserim.
786 2700 919 2752 Erat
948 2696 1187 2767 quidem
1220 2694 1315 2750 ille
1345 2694 1403 2748 in
1453 2693 1728 2749 omnibus
1760 2693 1934 2747 rebus
1966 2691 2077 2745 for-

433 2786 532 2851 tis,
585 2802 650 2839 ac
699 2784 957 2855 corporis
1002 2784 1403 2855 integumento
1451 2781 1749 2851 superior:
1786 2784 2079 2851 postremo

434 2880 630 2929 autem
667 2874 869 2929 morbo
900 2873 1192 2939 laborans,
1241 2872 1339 2943 qui
1385 2869 1560 2925 simul
1589 2886 1723 2925 cum
1783 2872 2079 2923 senectute

436 2962 723 3032 impetum
762 2961 1029 3031 faciebat,
1081 2976 1263 3031 eoque
1311 2960 1585 3014 diuturno
1629 2962 1686 3012 et
1732 2955 2076 3027 periculoso,

433 3050 579 3105 illud
602 3050 838 3122 quidem
861 3066 995 3105 cum
1018 3048 1150 3105 aliis
1166 3048 1505 3103 hominibus
1525 3062 1835 3102 commune
1852 3044 2079 3111 habuit,

2262 2598 2387 2655 AH'.
2448 2598 2556 2653 Οὐκ
2610 2598 2669 2652 ἂν
2730 2597 2855 2655 οὐδὲ
2909 2602 3070 2657 τοῦτο
3127 2605 3205 2677 (4)
3260 2609 3366 2659 τῶν
3414 2606 3620 2662 ἐκείνου
3664 2608 3849 2665 καλῶν

2188 2686 2540 2762 παρέλθοιμι.
2583 2687 2762 2743 Πάντα
2814 2691 2908 2762 μὲν
2940 2694 3006 2759 ἦν
3055 2695 3395 2768 καρτερικὸς,
3440 2697 3530 2750 καὶ
3581 2697 3841 2771 κρείττων

2186 2774 2283 2830 τοῦ
2332 2772 2747 2851 περιϐλήματος
2798 2782 2909 2851 (5)·
2958 2784 3025 2853 τῇ
3070 2780 3354 2854 τελευταίᾳ
3385 2780 3443 2838 δὲ
3471 2784 3615 2856 νόσῳ
3673 2808 3845 2841 κακο-

2187 2868 2391 2935 παθῶν,
2425 2866 2460 2933 ἢ
2517 2869 2595 2937 τῷ
2650 2868 2798 2941 γήρᾳ
2852 2868 3166 2924 συνεπέθετο
3197 2872 3293 2944 (6),
3324 2871 3413 2925 καὶ
3441 2873 3609 2945 ταύτῃ
3642 2877 3841 2950 χρονίᾳ

2188 2951 2277 3006 καί
2325 2955 2586 3026 σφαλερᾷ,
2643 2955 2705 3009 τὸ
2757 2956 2849 3028 μὲν
2898 2956 3243 3033 ἀρῥωστῆσαι
3295 2962 3474 3015 κοινὸν
3521 2963 3663 3037 πρὸς
3709 2964 3837 3026 τοὺς

2190 3038 2393 3103 ἄλλους
2445 3040 2601 3116 ἔσχεν
2659 3044 3010 3118 ἀνθρώπους’
3069 3051 3229 3102 τοῦτο
3278 3045 3354 3119 δὲ,
3387 3049 3487 3103 οὐκ
3518 3049 3594 3105 ἔτι
3629 3054 3837 3124 κοινὸν,

437 3140 593 3210 quod
625 3142 965 3210 aegrotaret;
1020 3137 1125 3193 hoc
1171 3141 1367 3193 autem
1412 3153 1527 3191 non
1574 3136 1711 3190 item
1743 3150 2075 3203 commune,

2197 3126 2338 3183 ἀλλὰ
2384 3128 2590 3206 σφόδρα
2628 3130 2854 3201 ἐκείνου,
2885 3134 2974 3187 καὶ
3005 3140 3123 3197 τοῖς
3150 3135 3343 3199 ἄλλοις
3371 3137 3677 3195 ἀκόλουθον
3708 3142 3841 3195 θαύ-

438 3228 538 3283 sed
572 3228 890 3283 admodum
912 3226 1223 3299 peculiare,
1251 3225 1500 3296 aliisque
1523 3222 1823 3279 miraculis
1844 3237 2086 3277 consen-

438 3321 701 3371 taneum.
735 3316 880 3371 Nam
914 3331 1049 3371 cum
1081 3330 1383 3386 nunquam
1413 3330 1530 3369 non
1563 3312 1761 3367 dolore
1793 3327 2081 3383 premere-

436 3409 536 3461 tur
564 3410 621 3460 et
649 3406 886 3477 quidem
926 3420 1181 3475 persaepe
1230 3402 1482 3475 singulis
1511 3402 1739 3467 diebus,
1790 3404 1964 3472 atque
1992 3400 2079 3454 in-

432 3494 663 3548 terdum
700 3492 875 3549 etiam
906 3492 1087 3563 horis,
1139 3508 1207 3547 ex
1238 3491 1362 3546 sola
1405 3490 1643 3561 liturgia
1683 3490 1861 3544 robur
1890 3489 2079 3544 conci-

434 3583 649 3655 piebat,
682 3600 747 3638 ac
798 3583 1037 3638 morbus
1082 3586 1365 3651 tanquam
1396 3596 1463 3636 ex
1511 3578 1698 3635 edicto
1728 3580 1985 3648 fugatus,
2020 3595 2081 3633 se

431 3670 817 3725 subducebat.
842 3670 983 3724 Cum
1008 3674 1205 3723 autem
1228 3672 1463 3722 centum
1487 3670 1667 3721 ferme
1696 3682 1880 3721 annos
1912 3665 2082 3721 vixis-

432 3762 541 3827 set,
574 3758 683 3813 hoc
731 3763 838 3828 est,
892 3758 1044 3813 ultra
1091 3755 1393 3811 Davidicos
1446 3757 1517 3810 de
1563 3755 1846 3825 temporis
1897 3755 2080 3809 nostri

431 3847 620 3918 spatio
648 3847 952 3915 terminos,
975 3862 1044 3901 ex
1076 3846 1264 3916 iisque
1289 3844 1350 3899 in
1380 3844 1703 3899 sacerdotio
1734 3843 1994 3915 quinque
2025 3846 2081 3898 et

429 3936 835 4008 quadraginta,
866 3952 993 4006 qua
1023 3935 1137 3989 fere
1168 3935 1321 3990 859
1345 3933 1613 3988 humanae
1644 3933 1773 3987 vita:
1804 3948 2080 3986 mensura

430 4030 538 4095 est,
571 4026 876 4097 exegisset,
911 4024 991 4079 ita
1020 4025 1257 4079 demum
1292 4023 1350 4076 in
1393 4022 1544 4077 bona
1573 4025 1868 4077 senectute
1896 4020 2075 4075 vitam

432 4115 670 4169 claudit.
702 4117 964 4180 Quonam
998 4113 1217 4167 modo?
1242 4114 1298 4166 In
1340 4111 1620 4167 orationis
1667 4110 1857 4165 verbis
1888 4114 1944 4164 et
1974 4110 2076 4164 ha-

431 4202 578 4267 bitu,
614 4203 842 4258 nullum
873 4202 1110 4274 quidem
1140 4201 1263 4255 vitii
1299 4200 1634 4272 vestigium,
1668 4198 1921 4271 plurima
1946 4215 2076 4253 vero

428 4290 712 4345 virtutum
761 4291 1122 4346 monimenta
1170 4289 1528 4359 relinquens.
1582 4288 1861 4353 Quocirca
1893 4289 2080 4358 major

427 4394 680 4449 quoque,
713 4395 891 4450 quam
924 4378 1181 4435 hominis
1211 4378 1465 4433 conditio
1497 4377 1643 4432 ferre
1675 4377 1958 4445 videatur,
1990 4376 2077 4447 ip-

2194 3239 2373 3290 μασιν.
2408 3218 2483 3275 Οὐ
2516 3220 2618 3295 γὰρ
2651 3216 2789 3275 ἔστιν
2822 3220 2912 3277 ὅτε
2944 3224 3020 3295 μὴ
3051 3228 3131 3297 τῷ
3178 3226 3329 3280 πάθει
3383 3230 3843 3305 στενοχωρούμεο

2188 3327 2302 3378 νος,
2359 3306 2449 3361 καὶ
2497 3306 2767 3370 πολλάκις
2819 3331 2882 3385 γε
2935 3318 3035 3381 τῆς
3094 3312 3326 3389 ἡμέρας,
3373 3311 3483 3370 ἔστι
3518 3314 3577 3371 δὲ
3612 3317 3701 3372 ὅτε
3758 3320 3849 3373 καὶ

2192 3392 2354 3470 ὥρας,
2418 3396 2520 3451 ὑπὸ
2574 3397 2747 3469 μόνης
2796 3397 3097 3474 έρῥώννυτο
3144 3409 3243 3471 τῆς
3303 3404 3689 3479 Λειτουργίας’
3754 3408 3849 3461 καὶ

2192 3485 2461 3560 ὑπεχώρει
2520 3486 2583 3539 τὸ
2639 3487 2829 3556 πάθος,
2890 3488 3071 3565 ὥσπερ
3129 3492 3180 3561 ἐξ
3210 3490 3439 3561 ἐντολῆς
3470 3492 3850 3570 φυγαδευόμεο

2188 3594 2297 3629 νον.
2357 3575 2531 3643 Ζήσας
2582 3572 2638 3628 δὲ
2686 3573 2879 3650 σχεδόν
2932 3599 2985 3632 τι
3032 3578 3156 3653 περὶ
3203 3580 3271 3634 τὰ
3318 3580 3505 3636 ἑκατὸν
3547 3579 3666 3653 ἔτη,
3707 3584 3852 3658 πέρα

2187 3666 2293 3715 τῶν
2326 3660 2625 3717 Δαυϊδικῶν
2656 3667 2728 3737 (7)
2759 3665 2923 3741 ὅρων,
2952 3669 3076 3744 περὶ
3106 3674 3203 3723 τοῦ
3244 3672 3363 3723 καθ’
3412 3672 3562 3742 ἡμᾶς
3613 3673 3856 3747 χρόνου,

2187 3751 2276 3804 καὶ
2306 3751 2512 3807 τούτων
2562 3752 2736 3807 αὐτῶν
2787 3754 2839 3809 ὲν
2877 3760 2946 3827 τῆ
2975 3758 3235 3832 ἱερωσύνῃ
3265 3760 3419 3814 πέντε
3448 3760 3539 3814 καὶ
3579 3765 3853 3836 τεσσαρὰ-

2187 3859 2369 3909 κοντα,
2426 3840 2617 3915 μέτρον
2662 3850 2763 3912 τῆς
2808 3843 3152 3920 ἀνθρωπίνης
3209 3854 3375 3919 ζωῆς,
3427 3847 3611 3903 ἔπειτα
3659 3851 3712 3903 ἐν
3743 3855 3857 3926 γή-

2190 3948 2255 4002 ρᾳ
2284 3928 2438 4001 καλῷ
2468 3930 2725 3985 καταλύει
2752 3932 2843 3986 τὸν
2883 3933 3020 4007 βίον.
3056 3936 3152 3989 Καὶ
3183 3941 3366 3996 τοῦτο.
3402 3942 3522 3999 πῶς
3549 3965 3562 4005 ;
3596 3940 3685 3992 Ἐν
3726 3946 3854 4002 τοῖς

2186 4023 2287 4085 τῆς
2318 4017 2487 4092 εὐχῆς
2600 4020 2727 4091 μασί
2758 4041 2815 4075 τε
2846 4022 2934 4075 καὶ
2967 4026 3074 4099 σγή
3089 4046 3270 4096 μασιν,
3305 4024 3456 4080 οὐδὲν
3492 4028 3587 4098 μὲν
3650 4029 3853 4091 κακίας

2188 4105 2365 4180 ἴχνος,
2422 4105 2652 4162 πλεῖστα
2708 4106 2763 4163 δὲ
2813 4112 3012 4183 ἀρετῆς
3068 4112 3386 4168 καταλιπὼν
3450 4115 3850 4189 ὑπομνήματα.

2185 4200 2477 4271 Τοιγαροῦν
2535 4196 2623 4251 καὶ
2673 4198 2733 4252 τὸ
2775 4194 2933 4262 σέϐας
2976 4201 3124 4274 αὐτῷ
3172 4202 3361 4258 πλεῖον
3405 4206 3481 4278 (8)
3512 4207 3547 4273 ἢ
3573 4208 3717 4260 κατὰ
3752 4208 3854 4262 ἂν-

2186 4284 2423 4357 θρωπον,
2478 4284 2529 4339 ἐν
2582 4291 2699 4349 ταῖς
2760 4289 3010 4344 ἁπάντων
3072 4294 3150 4365 (9)
3206 4291 3478 4367 γλώσσιις
3550 4296 3645 4349 καὶ
3724 4294 3849 4351 δια-

2184 4373 2399 4435 νοίαις·
2460 4376 2548 4428 καὶ
2608 4375 2709 4431 οὐκ
2763 4374 2872 4431 ἔστι
2934 4376 3137 4454 ῥᾳδίως
3213 4381 3407 4455 εὑρεῖν,
3481 4382 3638 4445 ’ὅστις
3715 4385 3853 4442 ἐκεί-

425 4466 551 4522 sius
581 4468 876 4522 veneratio
907 4469 964 4521 in
988 4465 1252 4522 omnium
1288 4464 1505 4536 linguis
1535 4470 1593 4519 et
1636 4464 1930 4519 mentibus
1962 4465 2074 4519 sita

432 4571 445 4573 Α
492 4561 505 4573 .
638 4572 679 4573 η
722 4556 747 4573 .-
814 4556 847 4573 ..
1531 4553 1689 4573 ,ιιεμ
1726 4553 2062 4573 ,μμμμμ

2197 4482 2279 4515 μου
2341 4465 2713 4535 μεμνημένος,
2773 4465 2905 4542 οὐχὶ
2964 4469 3055 4522 καὶ
3109 4471 3208 4539 τὴν
3270 4471 3556 4547 φαντασίαν
3598 4472 3851 4543 ἀσπάζε-

2197 4570 2242 4573 ﬂ-
2322 4554 2467 4573 _-r~',,
2541 4549 2596 4573 ἣν
2673 4552 2688 4573 \
2777 4560 2805 4570 -ρ
2882 4560 2921 4573 π
3040 4564 3067 4573 ..
3254 4563 3278 4573 .-
3375 4560 3399 4573 Α
3437 4559 3449 4573 ι
3520 4559 3532 4573 ς
3587 4560 3601 4573 ι
3722 4563 3733 4573 .

424 4561 548 4623 est;
585 4572 689 4611 nec
719 4556 886 4611 facile
932 4556 1185 4627 reperire
1232 4558 1340 4622 est,
1387 4554 1484 4624 qui
1531 4553 1693 4608 illius
1725 4553 2069 4608 memoriam

493 4809 604 4880 (98)
636 4804 1110 4880 Ἐπεστράτευσαν.
1143 4803 1238 4860 Sic
1269 4804 1408 4876 Reg.
1443 4821 1494 4873 Β,
1528 4808 1646 4860 tres
1675 4804 1859 4871 Colb.,
1886 4808 1981 4861 ΟΡ.
2017 4806 2067 4873 1,

420 4877 537 4936 Jes.
572 4880 631 4934 In
665 4881 786 4951 ed.,
813 4877 1258 4951 ἀπεστράτευσαν.

493 4951 607 5022 (99)
634 4947 836 5022 Μηδέν,
873 4946 1011 5021 Reg.
1046 4949 1225 5022 a,_0r.
1261 4950 1309 5015 1,
1346 4946 1446 5016 μή.

492 5017 569 5092 (1)
594 5017 669 5075 Τὸ
703 5020 928 5079 λυποῦν.
958 5017 991 5071 ᾗ
1030 5020 1311 5076 Dolorem.
1340 5040 1373 5092 »ν
1398 5023 1682 5092 Perpetua
1731 5017 1839 5092 fuit
1877 5020 2063 5074 Theo-

418 5092 533 5166 logi
555 5089 820 5166 querela,
852 5096 926 5149 ob
958 5094 1309 5166 impositum
1331 5089 1443 5143 sibi
1474 5090 1883 5166 sacerdotium.

509 5167 565 5237 2)
582 5161 705 5219 ’Τῶν
747 5161 940 5241 ψυχῶν
982 5161 1174 5239 ἄγόρᾷ.
1210 5163 1435 5241 alioro,
1476 5161 1885 5241 inquitElias,
1932 5162 2062 5241 ani:

418 5233 647 5293 marum
680 5233 880 5296 curam
904 5233 1259 5307 comparavit
1282 5234 1615 5307 Gregorius,
1641 5233 1712 5288 ob
1738 5250 1937 5289 eorum
1961 5234 2063 5303 qui

413 5325 474 5364 se
506 5311 774 5382 regendis
823 5304 1100 5382 human—is
1150 5304 1364 5382 animis
1397 5321 1643 5382 praeesse
1690 5307 2058 5382 proﬁtentur,

411 5376 801 5438 temeritatem
833 5389 891 5438 et
922 5378 1331 5453 petulantiam,
1363 5384 1419 5429 et
1451 5376 1587 5445 quia
1612 5377 1723 5446 ipsi
1757 5394 1903 5448 pene
1932 5378 2056 5431 ani-

408 5468 538 5507 mas
570 5456 830 5523 vendunt
861 5470 927 5508 ac
960 5455 1235 5523 produnt.
1265 5468 1291 5494 n

586 5512 1031 5598 Παραδεδῴκαέε.
1063 5522 1157 5576 Or.
1196 5521 1247 5598 1,
1277 5512 1649 5598 παρεδώκατε.

499 5524 551 5587 3)
586 5524 1031 5598 Παραδεδώκατε.
1063 5524 1157 5576 Or.
1196 5524 1247 5585 1,
1277 5524 1649 5589 παρεόωκατε.

475 5524 555 5684 (4)
584 5599 775 5652 Τοῦτο.
808 5595 903 5653 Sic
954 5595 1094 5665 Reg.
1129 5610 1163 5648 a
1191 5596 1249 5647 et
1278 5589 1374 5658 Or,
1410 5590 1458 5643 1.
1494 5590 1556 5644 In
1602 5590 1716 5657 ed.,
1755 5590 2053 5662 mendose,

406 5680 606 5735 τουτῳ.

2179 4570 2291 4618 ται,
2318 4554 2479 4605 τοῦτο
2538 4549 2604 4621 δὴ
2633 4552 2696 4607 τὸ
2736 4560 2837 4623 τῆς
2882 4560 3128 4633 Γραφῆς,
3184 4563 3347 4634 χεῖρα
3374 4559 3483 4621 θεὶς
3515 4559 3605 4615 ἐπὶ
3640 4563 3849 4636 στόμα-

2250 4803 2326 4873 (5)
2358 4799 2625 4882 Κρείττων
2660 4808 2759 4858 τοῦ
2806 4800 3243 4882 περιϐλήματος.
3291 4824 3311 4855 α
3364 4805 3640 4882 Corporis
3689 4806 3839 4862 inte~

2178 4880 2478 4955 gumento,
2505 4874 2619 4955 »λά
2665 4882 2775 4955 est,
2805 4900 2826 4927 ι
2863 4874 3315 4955 necessitatibus
3344 4874 3605 4955 corporis
3660 4895 3837 4951 supe—

2178 4948 2314 5000 rior.
2340 4968 2361 4997 ι
2400 4945 2494 4999 Sic
2527 4945 2667 5018 Reg.
2702 4949 2823 5015 bm,
2854 4957 2965 5006 etc.
3000 4951 3174 5007 Deest
3200 4953 3321 5017 τοῦ,
3355 4948 3414 5002 in
3446 4945 3541 5003 ed.

2250 5019 2326 5096 (β)
2358 5021 2710 5096 ἓαὲιεξποιθῶὲν
2760 5020 2798 5096 ἢ
2854 5026 2935 5093 τῷ
2987 5023 3131 5096 γήρᾳ
3188 5018 3524 5096 συνεπέθετο·
3578 5019 3833 5096 $0-0?-

2177 5090 2243 5166 1._
2264 5090 2322 5142 In
2354 5087 2526 5166 Coisl.
2564 5090 2613 5158 1,
2646 5087 2782 5161 ᾖγτὸ
2814 5087 3011 5166 γῆρας’
3037 5087 3377 5147 σύναπέθετο.
3429 5092 3493 5146 In
3545 5091 3664 5159 ed.,
3760 5095 3837 5159 τῷ

2173 5161 2667 5303 γήῧῖῗνξάιῗίδικῶν.
2697 5230 2791 5287 ΟΡ.
2828 5234 2877 5303 1,
2912 5239 3230 5290 Δαυϊτικῶν.
3262 5231 3483 5289 Alludit
3513 5231 3835 5303 Gregorius

2172 5302 2256 5358 ad
2292 5304 2412 5357 haec
2452 5302 2627 5358 verba
2680 5303 2829 5373 psal.
2862 5302 3109 5370 LXXXIX,
3144 5310 3210 5363 10
3244 5325 3256 5362 :
3289 5329 3309 5355 α
3346 5306 3480 5361 Dies
3534 5302 3833 5360 annorum

2172 5379 2505 5468 nolstror‘um
2538 5374 2595 5428 in
2603 5374 3171 5468 “ipsisLseptu‘aginta
3196 5378 3356 5445 anni,
3386 5399 3415 5425 »
3446 5380 3557 5431 etc.

2349 5441 2565 5519 Ι1λεῖον.
2602 5441 2891 5519 Regium;
2924 5441 3114 5506 πλέον.

2239 5516 2313 5587 (9)
2372 5516 2829 5574 Ἀπάντωνξὸἱο
2877 5516 3100 5594 Regius
3160 5538 3213 5578 8..
3272 5521 3338 5578 In
3408 5516 3622 5591 editis,
3692 5516 3832 5569 πάν-

2164 5607 2271 5639 των
2283 5630 2295 5642 .
