4138 6212
373 379 396 434 1
410 378 527 436 039

1610 358 1672 413 S.
1723 349 2092 413 GllEGOltII
2137 344 2532 408 THEOLOGI

3622 346 3784 405 1040

366 511 549 565 funus
577 511 749 562 tuum
777 504 961 569 ornet,
1006 498 1090 552 ita
1138 495 1376 567 accipis,
1410 490 1577 563 quasi
1627 489 1894 543 laborum
1926 502 2023 540 eo-

2159 479 2598 569 péxflncuc,tov
2652 475 2755 532 ei'ts
2811 479 3291 554 προπεμπτήριον,
3350 476 3447 533 εἴτ’
3503 477 3788 556 ἐπιτάφιον

373 615 525 662 rum,
558 611 705 666 quos
737 592 809 646 ob
843 605 971 643 mea
1000 585 1283 641 doctrinae
1312 582 1508 637 studia
1539 576 1868 648 suscepisti,
1903 575 2023 628 fru-

374 692 533 740 ctum
566 677 819 735 tuleris?
851 676 1029 742 Num,
1078 690 1182 745 pro
1222 670 1397 726 veteri
1448 684 1627 737 more,
1662 681 1860 736 pacem
1892 679 2025 717 ora-

374 772 521 828 tioni
560 767 789 835 tribuis,
850 765 1037 835 eique,
1099 779 1171 816 ne
1237 760 1474 814 modum
1532 756 1792 820 excedat,
1847 753 2025 807 ﬁnem

377 855 751 933 praescribis?
782 856 868 909 An
902 852 1097 924 potius
1137 848 1359 919 aliquid
1392 846 1633 901 uberius
1680 838 2028 898 desideras?

380 949 489 1005 Sed
514 946 669 1001 haud
694 942 869 999 dubie
890 940 1220 1013 praescribis
1246 956 1258 1006 ;
1289 936 1431 993 satis
1460 935 1614 991 enim
1639 933 1871 1003 longam
1905 945 2029 984 ora-

380 1037 597 1093 tionem
626 1032 966 1089 habuimus.
1008 1030 1125 1084 Hoc
1174 1043 1305 1082 vero
1339 1025 1506 1094 mihi,
1555 1038 1693 1094 pace
1726 1026 1843 1086 tua,
1878 1017 2028 1088 adji-

383 1142 511 1181 cere
541 1125 729 1179 liceat.
792 1122 901 1176 Fac
951 1120 1230 1181 sciamus,
1290 1130 1545 1187 quanam
1596 1111 1655 1165 in
1712 1109 1895 1181 gloria
1925 1107 2028 1177 sis,

384 1216 537 1288 quod
589 1214 787 1268 lumen
838 1215 893 1265 te
952 1208 1312 1271 circumstet,
1368 1209 1542 1274 atque
1596 1215 1833 1254 uxorem
1866 1201 2028 1250 tuam

384 1283 685 1375 aliquanto
718 1304 867 1372 post,
902 1303 958 1353 et
998 1297 1231 1359 liberos,
1280 1308 1530 1364 quorum
1566 1291 1739 1343 funus
1787 1283 2031 1339 deduxi-

385 1394 480 1464 sti,
517 1408 581 1447 ac
610 1407 701 1445 me
735 1403 982 1459 quoque,
1030 1388 1131 1440 aut
1164 1382 1308 1437 nihil
1356 1380 1568 1445 adhuc,
1602 1380 1703 1431 aut
1750 1380 1901 1430 certe
1932 1389 2033 1443 pa-

386 1498 517 1536 rum
548 1480 729 1550 hujus
759 1477 889 1530 vitae
940 1473 1111 1529 malis
1152 1471 1456 1532 afﬂictum,
1508 1467 1714 1521 iisdem
1760 1463 2031 1518 taberna-

385 1569 533 1625 culis
579 1547 813 1639 eiicipe:
877 1568 1051 1634 atque
1100 1569 1230 1615 ante
1287 1554 1683 1617 tabernacula,
1738 1552 1846 1605 hoc
1877 1547 2035 1603 dulci

383 1657 596 1730 lapide,
646 1671 817 1726 quem
876 1651 1161 1706 ambobus
1218 1646 1386 1701 nobis
1445 1642 1725 1709 statuisti,
1773 1638 2037 1694 videlicet

385 1748 481 1803 hic
513 1761 746 1817 quoque
778 1742 1138 1796 sacerdotem
1186 1742 1356 1791 tuum
1386 1740 1444 1788 et
1493 1730 1898 1802 cognominem
1931 1727 2033 1781 ho-

387 1852 526 1891 nore
557 1834 841 1897 afficiens,
894 1833 950 1884 et
1000 1826 1255 1883 sermoni
1300 1821 1711 1895 praetermisso,
1757 1823 1813 1873 et
1860 1817 1919 1871 in
1952 1814 2035 1870 tui

388 1923 638 1997 gratiam
670 1924 995 1991 assumpto,
1027 1916 1299 1987 ignosce:
1334 1929 1400 1968 ac
1430 1911 1704 1981 denique,
1737 1923 1870 1962 cum
1902 1922 2036 1976 gre-

386 2029 516 2085 gem
550 2011 908 2075 universum,
934 2011 991 2061 et
1011 2004 1315 2076 pontilices
1337 2017 1561 2066 omnes,
1590 2014 1841 2069 quorum
1875 1998 2038 2066 pater

388 2104 624 2156 vocatus
655 2115 737 2165 es,
789 2102 917 2152 tum
950 2111 1043 2149 me
1091 2091 1437 2165 praesertim,
1488 2093 1726 2160 paterne
1772 2102 1839 2140 ac
1863 2082 2036 2154 spiri-

385 2189 625 2245 tualiter
680 2194 967 2249 coactum,
1022 2181 1261 2254 periculi
1321 2195 1558 2235 securos
1625 2180 1906 2248 guberna,
1966 2187 2038 2227 ne

386 2279 500 2333 vim
540 2276 683 2331 mihi
716 2276 820 2330 abs
848 2278 905 2328 te
935 2270 1159 2326 illatam
1193 2282 1615 2340 usquequaque
1644 2278 1937 2319 accusem.

457 2365 601 2420 XLI.
636 2368 711 2417 At
741 2367 827 2429 tu,
862 2360 1002 2433 quid
1052 2373 1276 2427 censes,
1323 2373 1354 2410 0
1402 2369 1737 2410 sermonum
1774 2364 2036 2405 meorum

386 2460 445 2510 et
475 2453 863 2525 agitationum
889 2448 1118 2520 judex‘!
1147 2446 1207 2501 Si
1253 2446 1372 2499 haec
1403 2447 1494 2498 sat
1524 2440 1827 2497 commode
1858 2443 1912 2493 et
1943 2453 2034 2491 co-

387 2544 571 2615 piose,
599 2546 775 2612 atque
805 2544 870 2594 ut
916 2535 1231 2609 cupiditate
1278 2539 1381 2588 tua
1428 2532 1670 2604 dignum
1711 2534 1854 2594 erat,
1887 2529 2039 2583 dicta

389 2637 548 2698 sunt,
599 2631 708 2686 hoc
766 2626 987 2684 calculo
1037 2629 1137 2679 tuo
1195 2624 1497 2690 confirma,
1556 2624 1612 2675 et
1658 2618 2035 2690 accipiemus.

390 2723 537 2779 Nam
570 2718 827 2792 profecto
878 2716 974 2770 Dei
1030 2711 1287 2768 calculus
1332 2716 1469 2765 tuus
1508 2707 1766 2763 calculus
1797 2711 1905 2762 est.
1940 2706 2036 2761 Sin

393 2814 589 2866 autem
619 2808 789 2876 longe
847 2804 998 2858 infra
1029 2800 1214 2872 ipsius
1272 2799 1516 2871 gloriam
1566 2802 1622 2852 et
1677 2812 1841 2866 spem
1873 2799 2037 2849 tuam

389 2896 790 2959 substitimus,
824 2893 881 2947 in
942 2895 1218 2963 promptu
1267 2893 1356 2943 est
1411 2886 1509 2957 qui
1553 2885 1854 2957 suppetias
1884 2885 2031 2939 861

392 2988 558 3044 ferat.
590 2984 800 3039 Vocem
832 2986 1019 3044 tuam,
1068 2981 1409 3049 opportunae
1452 2974 1654 3045 pluviae
1703 2973 1910 3038 instar,
1943 2989 2040 3027 ex-

393 3075 632 3148 petitam
664 3071 823 3126 illius
852 3068 1126 3123 laudibus
1171 3066 1441 3120 immitte.
1476 3071 1555 3117 Ac
1586 3079 1726 3118 sane
1757 3062 1881 3133 ipse
1917 3078 2039 3115 ma-

390 3164 565 3219 ximis
594 3168 650 3217 te
682 3160 952 3217 nomibus
984 3156 1094 3212 sibi
1125 3155 1438 3211 obnoxium
1462 3159 1519 3209 et
1549 3152 1897 3207 obstrictum
1930 3150 2037 3204 ha-

395 3255 512 3322 bet,
546 3266 754 3321 nempe
784 3253 837 3303 et
890 3252 955 3301 ut
983 3250 1182 3317 pastor
1230 3247 1544 3316 pastorem,
1593 3246 1651 3297 et
1680 3246 1745 3295 ut
1776 3244 1940 3311 pater
1970 3239 2040 3292 fi-
2073 3223 2115 3288 C

394 3343 561 3410 lium,
595 3339 747 3411 quod
797 3337 1032 3408 quidem
1064 3335 1134 3389 ad
1182 3332 1430 3403 gratiam
1475 3331 1701 3385 attinet.
1734 3329 1881 3393 Quid
1913 3343 2046 3382 vero

399 3430 760 3494 mirandum,
791 3425 862 3490 si,
896 3423 995 3496 qui
1044 3427 1329 3478 terrarum
1378 3420 1503 3474 orbi
1556 3435 1657 3489 per
1681 3422 1737 3472 te
1768 3416 2045 3483 intonuit,

399 3520 555 3575 idem
589 3532 744 3571 nunc
793 3515 1049 3568 fructum
1099 3526 1331 3581 quoque
1380 3507 1633 3578 aliquem
1668 3522 1735 3560 ex
1782 3509 1884 3559 tua
1914 3520 2050 3559 voce

2136 574 2327 623 τοῦτον
2364 564 2623 638 ἔπαινον,
2653 567 2743 621 καὶ
2775 565 2935 629 δίδως
2971 569 3193 641 εἷρήνην
3245 568 3325 639 τῷ
3355 566 3531 641 λόγῳ,
3561 568 3654 622 τὸν
3685 587 3791 621 πα-

2138 656 2288 712 λαιὸν
2316 656 2539 732 τρόπον,
2571 656 2841 719 κάνταῦθα
2886 656 3081 710 τυῦτον
3132 655 3358 729 ὁρίζεις,
3423 655 3635 733 φεύγων
3695 656 3788 707 τὸν

2134 745 2319 819 κόρον,
2353 746 2426 806 ὡς
2457 744 2515 799 ἂν
2550 743 2632 814 ei’n
2666 744 2978 821 σύμμετρος
3005 762 3018 815 ;
3050 746 3085 813 ἢ
3117 744 3237 799 τίνα
3292 746 3608 819 προσθήκην
3669 743 3790 799 ἔπι-

2140 840 2355 906 ζητεῖς;
2415 835 2659 911 Ὀρίζεις,
2711 832 2812 888 οἶδ’
2862 833 2945 889 ὅτι
2972 853 2985 866 ⁸
3036 835 3124 889 xui
3165 834 3265 910 γὰρ
3297 834 3587 910 αὐτάρκης.
3621 837 3791 888 Ἐκεῖ-

2137 947 2197 979 νο
2249 923 2305 978 δέ
2361 928 2675 999 προσθεῖναι
2726 924 3124 999 συγχώρησον·
3177 924 3447 999 Γνώρισον
3494 925 3629 995 ἡμῖν
3680 926 3793 977 ποῦ

2138 1034 2269 1068 ποτε
2301 1014 2346 1068 εἷ
2383 1010 2565 1084 δόξης,
2596 1014 2686 1066 καὶ
2732 1013 2795 1066 τὸ
2851 1011 2976 1088 περὶ
3009 1013 3065 1066 σὲ
3106 1017 3242 1089 φῶς,
3274 1011 3365 1067 καὶ
3394 1013 3493 1081 τὴν
3536 1013 3635 1081 σὴν
3672 1011 3793 1084 μετ’

2143 1102 2329 1176 ὀλίγον
2384 1102 2631 1177 ὁμόζυγα
2669 1104 2803 1174 (24),
2837 1101 2925 1156 καὶ
2956 1106 3064 1155 τῶν
3092 1102 3316 1170 τέκνων,
3369 1101 3400 1155 ἃ
3451 1101 3798 1175 προκατέθα-

2139 1195 2243 1265 ψας
2294 1194 2442 1265 (22)·
2497 1191 2638 1263 κάμὲ
2679 1196 2797 1252 ταῖς
2850 1190 3035 1251 αὐταῖς
3075 1188 3217 1260 δέξαι
3248 1195 3490 1262 σκηναῖς,
3522 1191 3555 1259 ἢ
3621 1187 3792 1262 μηδὲν

2141 1279 2241 1353 ἔτι,
2270 1282 2304 1349 ἢ
2355 1282 2523 1356 μικρὰ
2551 1284 2627 1351 τῷ
2662 1279 2767 1354 βίῳ
2795 1280 2974 1351 τούτῳ
3017 1281 3460 1349 κακοπαθήσοντα
3486 1298 3497 1310 ·
3548 1280 3639 1332 καὶ
3686 1278 3796 1351 πρὸ

2138 1374 2245 1423 τῶν
2280 1373 2512 1438 σκηνῶν,
2563 1372 2640 1440 τῷ
2684 1368 2880 1442 γλυκεῖ
2920 1367 3059 1439 λίθῳ
3090 1370 3202 1441 (23)
3235 1367 3431 1439 τούτῳ,
3473 1366 3531 1421 ὃν
3564 1366 3802 1443 ἀμφοτέ-

2144 1478 2259 1533 ροις
2318 1453 2568 1527 ἕστησας,
2620 1461 2797 1529 τιμῶν
2852 1455 3121 1518 κάνταῦθα
3177 1457 3268 1510 τὸν
3347 1457 3437 1509 σὸν
3510 1456 3654 1531 ἱερὸν
3705 1456 3800 1509 καὶ

2146 1546 2477 1618 ὁμώνυμον·
2536 1546 2623 1600 καὶ
2672 1550 2768 1599 τοῦ
2820 1544 2991 1620 λόγου
3033 1548 3146 1619 (24)
3197 1546 3519 1621 συγγνώμην
3552 1542 3667 1619 ἔχε,
3700 1548 3802 1597 τοῦ

2140 1656 2199 1690 τε
2258 1636 2601 1711 παρεθέντος,
2660 1636 2749 1689 καὶ
2806 1639 2902 1689 τοῦ
2960 1632 3407 1712 προσληφθέντος
3464 1635 3561 1702 σὴν
3608 1634 3800 1709 χάριν.

2143 1725 2241 1779 Καὶ
2289 1722 2554 1798 διεξάγοις
2612 1720 2904 1785 ἀκινδύνως
2954 1726 3085 1797 (25),
3152 1724 3387 1795 μάλιστα
3440 1724 3534 1795 μὲν
3587 1723 3801 1776 ἃπασαν

2143 1814 2382 1887 ποίμνην
2440 1812 2529 1867 xui
2585 1820 2789 1874 πάντας
2838 1812 3127 1889 ἀρχιερέας
3186 1813 3261 1865 ὧν
3323 1810 3559 1882 ἐκλήθης
3614 1813 3801 1886 πατὴρ

2144 1904 2425 1979 ἆξαιρὲτως
2460 1899 2516 1956 δὲ
2547 1902 2635 1955 τὸν
2672 1901 2775 1955 ὑπὸ
2808 1905 2901 1955 σοῦ
2937 1901 3241 1976 βιασθέντα,
3274 1902 3363 1955 xui
3397 1900 3801 1975 τυρυνηθέντα

2144 1995 2417 2067 πατρικῶς
2475 2011 2534 2045 τε
2587 1990 2677 2044 xui
2733 1995 3134 2063 πνευματικῶς,
3187 1990 3262 2051 ὡς
3322 1988 3379 2043 ἂν
3432 1990 3507 2063 μὴ
3541 1991 3713 2043 πάντα
3746 2010 3805 2043 σε

2149 2080 2468 2158 μεμφοίμην
2501 2082 2599 2148 τῆς
2632 2076 2962 2155 τυραννίδος.

2220 2348 2349 2402 ΜΑ’.
2388 2346 2485 2400 Σοὶ
2517 2343 2709 2419 δὲ(26)
2765 2344 2817 2399 τί
2867 2342 3155 2417 δοκοῦμεν,
3202 2346 3246 2398 ὦ
3293 2345 3449 2418 κριτᾶ
3494 2347 3603 2398 τῶν
3653 2343 3806 2415 ἱμῶν

2147 2434 2323 2512 λόγων
2382 2434 2471 2489 καὶ
2513 2435 2873 2507 κινημάτων;
2926 2433 2991 2487 Εἴ
3040 2434 3132 2506 μὲν
3181 2433 3458 2506 αὐτάρκως
3502 2430 3804 2487 διείλεκται

2143 2529 2330 2595 ταῦτα,
2387 2522 2475 2577 καὶ
2528 2526 2624 2591 τῆς
2678 2530 2777 2592 σῆς
2835 2522 3124 2595 ἐπιθυμίας
3173 2522 3354 2592 ἀξίως,
3404 2526 3562 2576 τοῦτο
3592 2521 3808 2595 ἐπεψή-

2147 2634 2300 2691 φισον
2350 2614 2485 2686 (27),
2531 2612 2621 2666 καὶ
2671 2609 2982 2687 δεχόμεθα·
3035 2611 3249 2672 πάντως
3301 2608 3358 2665 δὲ
3414 2615 3547 2665 Θεοῦ
3613 2614 3805 2687 ψῆφος

2146 2706 2180 2773 ὴ
2214 2704 2302 2773 σή.
2342 2701 2399 2755 Εἰ
2431 2699 2488 2755 δὲ
2515 2702 2660 2775 παρὰ
2689 2699 2832 2755 πολὺ
2862 2707 2960 2769 τῆς
2993 2699 3194 2755 ἐκείνου
3229 2695 3408 2771 δόξης,
3434 2700 3523 2754 καὶ
3568 2702 3669 2768 τῆς
3698 2707 3802 2768 σῆς

2146 2788 2389 2861 ἐλπίδος,
2423 2788 2585 2864 ἐγγὺς
2618 2791 2645 2844 ὁ
2678 2789 2994 2864 σύμμαχος.
3030 2789 3262 2866 Ἐπάφες
3310 2789 3409 2857 τὴν
3462 2790 3562 2856 σὴν
3610 2789 3805 2864 φωνὴν

2147 2886 2262 2943 τοῖς
2307 2879 2511 2933 ἐκείνου
2557 2877 2749 2939 καλοῖς
2806 2875 3289 2953 προσδοκωμένην,
3349 2878 3425 2938 ὡς
3456 2877 3608 2931 ὑετὸν
3666 2875 3805 2951 ὥρι-

2152 2991 2249 3043 μον
2285 2972 2395 3041 (28)
2421 2988 2434 2999 ⁸
2468 2967 2684 3028 πάντως
2713 2964 2768 3021 δὲ
2802 2966 3086 3041 ὑπόχρεων
3118 2962 3232 3042 ἔχει
3264 2987 3322 3020 σε
3366 2971 3471 3019 τῶν
3507 2965 3806 3040 μεγίστων,

2147 3059 2236 3113 καὶ
2294 3059 2369 3118 ὡς
2416 3055 2653 3129 ποιμένα
2698 3058 2931 3129 ποιμὴν,
2982 3055 3071 3110 xui
3122 3056 3197 3116 ὡς
3245 3056 3426 3129 πατὴρ
3471 3055 3584 3108 υἱὸν
3618 3056 3712 3108 τὸν
3751 3054 3805 3108 ἐν

2148 3146 2355 3222 χάριτι.
2404 3144 2463 3198 Τί
2511 3142 2843 3217 θαυμαστὸν,
2891 3143 2938 3197 εἲ
2982 3140 3071 3197 διὰ
3123 3144 3237 3214 (29)
3263 3147 3361 3197 σοῦ
3396 3143 3702 3218 βροντήσας

2155 3233 2468 3307 οἷ’κουμὲνῃ,
2498 3233 2587 3287 καὶ
2616 3232 2776 3295 αὐτός
2807 3254 2860 3286 τι
2888 3239 2989 3302 τῆς
3023 3238 3123 3301 σῆς
3172 3238 3359 3307 φωνῆς
3400 3230 3763 3285 ἀπολαύσειεν
3795 3252 3809 3299 ;

2154 3323 2214 3376 Τί
2248 3321 2330 3378 δεῖ
2360 3322 2551 3377 λοιπόν
2579 3341 2593 3391 ;
2625 3326 2701 3396 Τῇ
2733 3324 3070 3394 πνευματικῇ
3106 3319 3307 3395 Σάρῥᾳ,
3362 3323 3431 3392 τῇ
3487 3324 3585 3374 τοῦ
3642 3322 3807 3393 μεγά-

2158 3410 2258 3466 λου
2290 3412 2489 3487 πατρὸς
2518 3414 2678 3484 ἡμῶν
2710 3406 2977 3483 ’Δῦραὰμ,
3009 3409 3096 3463 xui
3128 3407 3411 3483 ὁμοζύγῳ,
3439 3410 3529 3462 xui
3580 3407 3815 3481 ἶσοχρό-

2157 3523 2257 3573 νῳ,
2290 3500 2771 3578 συμφιλοσοφῆσαι
2802 3501 2870 3554 τὰ
2901 3496 3156 3569 ἐπικήδια
3187 3500 3320 3571 (30).

404 3605 643 3679 capiat?
676 3607 871 3659 Restat
893 3602 1041 3673 jam,
1077 3604 1141 3654 ut
1170 3615 1303 3653 cum
1340 3594 1629 3668 spirituali
1661 3596 1823 3661 Sara,
1875 3594 2075 3679 magni
2106 3592 2289 3648 nostri
2342 3592 2527 3663 patris
2577 3591 2821 3647 Abrahae
2852 3592 3121 3663 conjuge,
3174 3593 3350 3660 atque
3389 3588 3661 3658 ejusdem
3691 3594 3819 3644 ata-

404 3697 525 3763 tiis,
558 3697 660 3750 des
688 3694 781 3762 iis,
816 3708 943 3763 quae
975 3689 1044 3744 ad
1076 3689 1274 3742 fumus
1304 3688 1588 3757 spectant,
1622 3684 1927 3738 disseram.

477 3785 639 3840 XLII.
672 3783 795 3836 Non
825 3784 933 3845 est,
959 3795 992 3834 ο
1023 3781 1231 3847 mater,
1271 3776 1473 3830 eadem
1532 3774 1624 3828 Dei
1657 3778 1715 3828 et
1742 3772 2047 3827 hominum

406 3879 653 3939 natura;
690 3874 810 3935 aut,
860 3873 924 3923 ut
968 3868 1026 3921 in
1077 3881 1285 3937 genere
1333 3863 1560 3933 loquar,
1613 3876 1960 3931 superorum
1992 3864 2050 3915 et

399 3960 786 4020 terrestrium.
823 3957 991 4028 Apud
1022 3954 1154 4010 illos
1184 3953 1341 4008 enim
1392 3957 1666 4006 constans
1712 3954 1771 4005 et
1806 3949 2048 4004 immor-

397 4052 513 4107 tale
543 4055 648 4115 est,
680 4052 806 4104 tum
838 4047 1033 4118 ipsum
1065 4059 1213 4111 esse,
1245 4046 1371 4096 tum
1407 4055 1767 4111 quaecunque
1797 4039 1868 4093 ad
1901 4037 2044 4092 illud

398 4140 712 4212 pertinent.
765 4136 1094 4192 Firmorum
1147 4131 1302 4186 enim
1364 4146 1454 4185 res
1503 4129 1680 4183 ﬁrmae
1728 4130 1892 4182 sunt.
1935 4125 2046 4180 Res

474 4272 584 4342 (21)
613 4267 907 4341 Ὁμόζυγα.
941 4267 1034 4322 Sic
1066 4265 1205 4337 Reg.
1237 4282 1289 4333 a,
1323 4264 1443 4330 bm,
1476 4261 1570 4318 Or.
1598 4263 1648 4329 1,
1678 4261 1797 4316 Jes.
1831 4265 1898 4315 In
1934 4260 2050 4326 ed.,

410 4340 1058 4485 ὁξῐέἓἚγῗῖνροκατέθ-αψαςζ
1081 4432 1107 4459 ‹‹
1143 4409 1297 4485 Quos
1328 4403 1555 4485 tumulo
1586 4400 1993 4485 composuisti.
2027 4422 2047 4449 ιι

403 4474 629 4555 Reg},
664 4474 785 4555 duo,
809 4474 991 4545 Colbl,
1024 4480 1120 4535 0r.
1154 4481 1205 4544 1,
1238 4482 1380 4541 Jes.,
1413 4477 1536 4545 ipse
1573 4474 1812 4555 Billius,
1844 4491 2048 4555 npcxu—
2081 4481 2128 4545 Ι)

402 4544 651 4639 τὲλῗιϐες,
695 4578 722 4605 α
776 4544 1285 4639 ἱημοοὶοοοδευω,
1347 4544 1694 4620 praeverteris
1756 4544 2051 4616 accepisti,

406 4629 571 4700 prius
602 4629 921 4749 occupasti.
947 4646 974 4674 ››

475 4700 588 4770 (23)
616 4701 701 4768 Τῷ
728 4716 761 4770 γ
803 4700 918 4747 υκεῖ
950 4690 1101 4763 λίθῳ.
1138 4692 1194 4770 Id
1230 4696 1338 4770 est,
1364 4687 1559 4759 inquit
1583 4686 1818 4770 ‘Eliasxq
1845 4685 2046 4770 Sepul:

404 4757 522 4836 cro,
556 4757 684 4841 quo.
702 4757 913 4841 corpus
961 4757 1130 4841 tuum
1177 4765 1412 4841 tegitur,
1448 4757 1597 4841 quod
1634 4763 1689 4813 et
1718 4758 1821 4839 tibi
1854 4757 1964 4841 ipsi
1996 4760 2053 4810 et

406 4828 890 4896 mihi‘statuis‘ti.
941 4860 967 4886 »
1014 4836 1157 4903 Mox,
1210 4828 1272 4886 τδ
1332 4830 1419 4883 σὸν
1465 4828 1648 4903 Ἱερόν,
1683 4852 1709 4878 (ί
1756 4828 2054 4903 victimam

405 4917 591 4967 tuam.
623 4935 650 4962 ››
685 4913 780 4967 Sic
828 4900 1215 4965 Combeﬁsius
1262 4900 1794 4973 libenter'legeret.
1848 4900 2053 4956 Billius

404 4983 618 5047 legisse
647 4984 894 5047 videtur,
925 4978 1090 5047 ἱερέα,
1120 5000 1147 5028 ‹‹
1180 4978 1563 5047 sacerdotem.
1598 4995 1625 5023 »

498 5000 618 5039 isse
647 4997 894 5047 v1detur,
929 4997 972 5033 ιε
1013 4997 1090 5044 eu,
1120 5000 1147 5028 «
1180 4997 1563 5031 saceruowiu.
1598 4997 1625 5023 »

498 5056 589 5121 24)
622 5055 719 5107 Καὶ
777 5056 872 5105 τοῦ
930 4997 1114 5123 λόὶγου.
1168 5055 1287 5123 Dup
1337 5044 1684 5123 Q_oisl.,_tres
1742 5041 2051 5123 Qolb.,‘9r.

407 5112 609 5194 l,‘Jes.
643 5131 700 5181 et
746 5125 922 5188 Elias,
966 5112 1054 5194 xui
1102 5122 1199 5194 τοῦ
1248 5115 1406 5194 λαοῦ,
1445 5120 1558 5194 ..οἱ
1588 5112 1877 5194 populo.»
1910 5112 2055 5167 Hinc

404 5183 598 5269 schol.
636 5214 648 5252 :
683 5183 983 5269 IIAupeﬁtv'ru
1030 5188 1192 5269 λαὸν,Δ
1228 5189 1325 5269 δὸν
1368 5183 1621 5269 ξασίμὶων
1674 5183 1856 5269 λέγει,⁸
1888 5201 2054 5255 προσ-

445 5253 677 5346 ηφθὲντα
718 5253 778 5319 8E
819 5265 909 5346 τρν
961 5264 1288 5346 ᾘαιζιοινζοῦ·ι
1316 5283 1344 5346 (ξ
1380 5253 1665 5346 Populum
1715 5253 2051 5321 dimissum,

406 5328 508 5397 seu
533 5341 822 5405 relictum,
848 5328 1207 5393 Sasimorum
1236 5330 1465 5405 plebem
1490 5328 1663 5405 dicit;_
1684 5330 2053 5405 assumptum

404 5396 561 5479 vero,
587 5396 1073 5467 Nazianienum.»
1098 5396 1512 5479 Quw’quidcin
1534 5399 1705 5453 lectio
1733 5396 1938 5451 melior
1967 5396 2054 5477 vi-

405 5469 591 5541 detur.
630 5485 776 5539 Petit
805 5481 1156 5549 Theologus,
1186 5469 1614 5549 exs—tinctoﬁjam
1646 5475 1824 5539 patre,
1866 5469 2053 5522 utriu-

405 5574 551 5627 sque
583 5556 767 5628 plebis
805 5570 946 5608 cura
997 5542 1253 5628 liberari,
1289 5552 1406 5627 tum
1460 5542 1850 5621 Sasimorum,
1875 5557 2051 5610 quam

405 5612 630 5696 pridem
665 5626 998 5696 reliquerat,
1032 5617 1581 5696 tum_Naz_ianzenoe,
1611 5630 1787 5684 quam
1838 5612 1894 5664 in
1920 5628 2054 5696 ,ρο-

407 5683 514 5751 tris
547 5683 815 5770 gratiam,
848 5713 913 5753 ac
957 5683 1141 5751 donec
1172 5691 1231 5745 in
1262 5690 1388 5745 vita
1438 5683 1735 5759 superstes
1783 5687 1956 5751 esset,
1992 5683 2053 5737 in

2232 3769 2361 3825 MB'.
2412 3766 2529 3843 Οὐχ
2574 3769 2609 3837 ἡ
2660 3766 2794 3835 αὐτὴ
2846 3766 3022 3844 φύσις,
3075 3767 3119 3820 ὢ
3179 3772 3371 3840 μῆτερ,
3424 3769 3558 3821 Θεοῦ
3596 3764 3689 3819 xui
3724 3766 3822 3818 ἆν-

2157 3859 2388 3931 θρώπων
2647 3855 2860 3929 μᾶλλον
2916 3854 2971 3910 δὲ
3023 3854 3169 3917 ὅλως
3218 3860 3331 3909 τῶν
3378 3854 3531 3918 θείων
3562 3856 3654 3908 xui
3703 3860 3820 3908 τῶν

2158 3946 2425 4023 ἐπιγείωνο
2480 3946 2609 4021 Παρ’
2662 3945 2885 4006 ἐκείνοις
2939 3944 3031 4018 μὲν
3078 3944 3141 3999 τὸ
3194 3946 3453 4020 ἄτρεπτον
3489 3943 3578 3997 καὶ
3611 3944 3824 3997 cisz-

2152 4056 2269 4105 τον,
2318 4033 2483 4088 αὐτοῦ
2526 4055 2585 4089 τε
2637 4038 2734 4089 τοῦ
2783 4033 2938 4102 εἶναι,
2978 4034 3069 4087 xui
3107 4037 3212 4087 τῶν
3246 4031 3345 4086 ὅσα
3372 4036 3469 4086 τοῦ
3500 4030 3637 4085 εἶναι
3664 4053 3678 4064 ·
3706 4036 3823 4085 τῶν

2153 4123 2253 4199 γὰρ
2310 4122 2520 4197 παγίων
2576 4122 2644 4176 τὰ
2700 4123 2890 4195 πάγια.
2950 4122 3025 4174 Τὰ
3084 4118 3140 4175 δὲ
3196 4119 3440 4195 ἡμέτερα
3492 4123 3612 4180 πῶς
3662 4117 3827 4195 ἔχει;

2164 4274 2226 4339 se
2260 4262 2583 4339 receperat.
2626 4257 2722 4338 Sic
2768 4272 2901 4326 ergo
2953 4254 3307 4339 reddiderim
3341 4273 3355 4311 :
3384 4276 3411 4307 ε
3441 4255 3516 4309 da
3563 4254 3829 4323 veniam,

2165 4327 2477 4411 plebisque.
2497 4335 2620 4409 tum
2650 4329 2778 4411 ejus
2809 4345 2936 4398 quae
2968 4345 3001 4382 a
3030 4344 3123 4411 me
3158 4327 3357 4411 relicta
3387 4331 3495 4396 est,
3529 4330 3659 4380 tum
3692 4327 3827 4395 ejus

2165 4417 2341 4487 quam
2464 4400 2825 4487 tuipratiam
2849 4402 3107 4487 [su-scapi,
3132 4420 3170 4482 ι).
3192 4405 3304 4487 etp.

2232 4472 2344 4543 (25)
2377 4466 2723 4543 ’Awa‘évwc.
2775 4490 2797 4517 «
2847 4471 3005 4527 Citra
3028 4466 3395 4542 'periculum,
3430 4467 3682 4540 periculi
3735 4484 3832 4522 se-

2164 4542 2355 4599 curos.
2387 4565 2415 4593 ››
2446 4545 2492 4596 Α
2521 4542 2687 4597 Billio
2718 4542 3027 4598 omissum.

2236 4615 2342 4683 (26)
2377 4613 2475 4665 Σοὶ
2525 4609 2600 4668 δὲ.
2652 4614 2835 4687 S9601.
2884 4612 3091 4687 inpii;
3138 4610 3229 4665 τὸν
3293 4610 3454 4683 μέγαν
3508 4605 3829 4662 Βασίλειον·

2165 4704 2187 4733 ι
2222 4686 2502 4756 Magnum
2534 4683 3185 4757 Basiliumalloq'uitur.
3215 4705 3242 4732 ››

2231 4748 2350 4827 (27)
2375 4757 2757 4832 Ἐπιψήφισον.
2822 4756 2960 4828 Reg.
2982 4748 3001 4757 ⁸
3021 4773 3081 4826 a,
3142 4755 3241 4809 bm
3259 4797 3273 4824 ,
3333 4752 3425 4807 Or.
3490 4752 3513 4805 1
3538 4793 3553 4817 ,
3617 4748 3827 4823 ἐπιψη-

2208 4846 2337 4881 ισαι.

2164 4848 2347 4971 φιῗὲἑ)
2371 4899 2626 4972 ᾭρι-μον.
2661 4897 2868 4972 Billius
2900 4914 2914 4953 :
2943 4920 2988 4972 «_
3008 4902 3268 4972 maturae.
3301 4917 3330 4944 ››

2234 4963 2345 5042 (29)
2379 4963 2453 5042 εῑξ
2490 4963 2600 5042 δξά,
2651 4975 2760 5024 etc.
2812 4968 2907 5042 Sic
2958 4969 3097 5041 Reg.
3151 4963 3497 5042 bm,_Coisl.
3533 4965 3585 5027 1,
3638 4964 3740 5042 οε.
3777 4966 3829 5042 ι.

2164 5036 2248 5123 [τις
2285 5036 2374 5096 ed.
2410 5040 2488 5123 ﬁl.
2520 5036 2626 5092 διά.
2668 5062 2703 5122 .‹‹
2752 5041 2899 5123 Quid
2957 5036 3175 5123 autem.
3219 5036 3580 5123 mirandum,
3626 5037 3833 5123 inquit

2165 5112 2341 5179 Elias,
2374 5112 2425 5167 si
2474 5112 2548 5177 is,
2582 5112 2680 5182 qui
2731 5113 3001 5166 universo
3052 5110 3179 5167 orbi
3237 5109 3557 5182 salutarem
3607 5108 3830 5182 doctri-

2164 5201 2300 5238 nam
2336 5201 2437 5256 per
2466 5188 2521 5238 te
2551 5179 2825 5251 intonuit,
2860 5187 3061 5254 utpote
3092 5182 3193 5253 qui
3236 5181 3345 5256 tibi
3388 5179 3831 5256 manusnimpm

2165 5248 2366 5322 suerit,
2402 5255 2526 5327 ipse
2570 5248 3234 5327 quoqueievaoce'tuag
3257 5254 3511 5327 fructum
3564 5248 3829 5327 aliquem

2165 5327 2395 5408 capiat?
2427 5322 2454 5408 ξ)
2488 5322 2740 5408 pas—ilius
2791 5325 3105 5408 siquidem,
3139 5325 3238 5408 qui
3270 5325 3365 5408 pia
3413 5322 3690 5377 doctrina
3713 5339 3832 5408 hor-

2164 5392 2294 5479 bein
2329 5397 2606 5480 replebat,
2641 5392 2901 5470 Gregorii
2948 5397 3131 5480 patris
3156 5392 3357 5480 studio
3388 5398 3446 5450 et
3474 5408 3677 5465 opera,
3710 5392 3829 5448 Ca:-

2164 5469 2445 5525 sariensis
2478 5469 2788 5540 episcopus
2816 5476 3045 5524 creatus
3078 5469 3283 5540 fuerat.

2234 5542 2345 5611 (30)
2377 5541 2451 5592 Τὰ
2479 5534 2755 5611 ᾖπικήδια.
2794 5541 2888 5596 Or.
2924 5542 2975 5605 1,
3006 5534 3421 5611 τὰηὲπικήδεια.

2234 5607 2345 5683 (31)
2376 5607 2725 5687 Ἀνδρώπων.
2758 5613 2821 5669 In
2868 5610 3192 5681 nonnullis,
3226 5607 3536 5687 ἀνθρώπου.
