4138 6212
346 388 493 448 1011

1273 396 1567 456 ORATIO
1612 395 1823 455 XVIII.
1856 392 2349 455 —FUNEBRIS
2400 394 2471 450 ΙΝ
2522 392 2865 451 PA'I‘REM.

3599 388 3754 450 I042

353 524 467 575 Ῥεῖ
491 540 549 574 τε
576 520 665 574 καὶ
705 519 974 598 φθείρεται
1009 524 1144 593 (32),
1183 523 1271 577 καὶ
1304 521 1504 580 ἄλλοτε
1536 524 1712 596 ἄλλην
1774 520 1987 597 λαμϐά-

2114 528 2296 578 autem
2332 527 2538 578 nostra:
2574 540 2689 594 quo
2722 527 2889 595 pacto
2917 540 2977 575 se
3008 521 3268 576 habent?
3301 522 3514 577 Fluunt
3543 528 3599 578 et
3629 540 3755 577 cor-

347 629 423 663 νει
479 603 813 681 μεταϐολήν.
865 612 987 679 Ζωὴ
1039 618 1163 687 γοῦν
1216 612 1303 666 καὶ
1363 614 1607 684 θάνατος,
1668 616 1817 669 ταῦθ’
1864 615 1996 687 ἅπερ

346 696 583 772 λέγεται,
642 696 898 753 πλεῖστον
955 698 1221 771 ἀλλήλων
1276 699 1545 779 διαφέρειν
1606 702 1886 771 δοκοῦντα,
1920 702 1997 763 είς

349 784 574 856 ἄλληλα
619 794 925 863 περιχωρεῖ
980 811 1096 850 πως
1148 791 1236 844 καὶ
1298 792 1745 848 ἀντικαθίσταται.
1805 793 1867 848 Ἠ
1903 792 1997 863 μὶν

347 875 450 949 γὰρ
485 875 544 929 ἐκ
574 882 775 951 φθορᾶς
826 877 1107 952 ἀρχομένη
1166 886 1265 948 τῆς
1321 884 1527 956 μητρὸς
1574 885 1756 954 ἡμων,
1789 880 1877 935 καὶ
1909 877 1997 933 διὰ

346 965 545 1040 φθορᾶς
593 960 853 1019 ὁδεύουσα
909 973 1008 1035 τῆς
1070 967 1150 1021 ἀεὶ
1208 972 1301 1021 τοῦ
1356 968 1624 1044 παρόντος
1676 968 1994 1039 ἐκστάσεως,

346 1050 419 1113 εἲς
454 1051 653 1128 φθορὰν
700 1053 1051 1131 καταστρέφει
1097 1057 1195 1124 τὴν
1252 1061 1348 1110 τοῦ
1384 1056 1503 1131 βίου
1532 1056 1727 1112 τούτου
1758 1055 1994 1112 κατάλυ-

345 1161 425 1193 σιν
454 1159 465 1170 ’
501 1141 528 1194 6
578 1138 635 1195 δὶ
686 1145 793 1195 τῶν
840 1143 1065 1207 ἐνταῦθα
1112 1149 1290 1199 κακῶν
1345 1144 1673 1221 ἀπαλλαγὴν
1707 1144 1874 1221 ἔχων,
1908 1145 1995 1199 καὶ

343 1228 477 1301 πρὸς
517 1230 616 1298 τὴν
668 1231 778 1284 ἅνω
825 1230 1099 1294 πολλάκις
1154 1236 1397 1310 μετάγων
1453 1237 1616 1307 ζωήν,
1670 1236 1769 1289 οὐκ
1797 1232 1919 1289 οἴδα
1949 1234 1993 1288 εί

342 1337 544 1392 κυριως
589 1319 1053 1395 προσαγορεύοιτο
1104 1323 1351 1391 θάνατος,
1399 1323 1450 1378 ἐν
1499 1324 1720 1397 ὀνόματι
1777 1323 1990 1396 μᾶλλον

343 1408 376 1475 ἦ
405 1408 679 1482 πράγματι
707 1408 770 1462 τὸ
800 1404 1028 1486 φοϐερὸν
1076 1409 1220 1486 ἔχων
1248 1432 1260 1444 ·
1313 1414 1402 1466 καὶ
1459 1411 1840 1485 κινδυνεύομεν
1890 1414 1993 1466 πά-

347 1515 497 1569 σχειν
522 1517 640 1557 πως
672 1496 873 1572 ἄλογον
906 1500 1097 1567 πάθος,
1132 1500 1163 1554 ἃ
1206 1502 1299 1573 μὶν
1355 1498 1494 1556 ἔστιν
1547 1502 1608 1556 οὐ
1658 1498 1862 1579 φοϐερᾶ
1909 1499 1992 1556 δε-

347 1582 606 1654 δοικότες,
664 1586 696 1639 ἃ
739 1584 795 1640 δὲ
847 1582 1127 1663 φοϐεῖσθαι
1186 1590 1329 1661 ἄξιον
1382 1590 1453 1652 ὡς
1486 1592 1812 1665 αἱρετώτερα
1841 1611 1993 1664 περι-

346 1671 585 1735 ὶποντις.
620 1672 730 1729 Μία
761 1675 896 1745 ζωὴ,
928 1678 1065 1751 πρὸς
1110 1679 1211 1745 τὴν
1248 1680 1390 1747 ζωὴν
1425 1678 1641 1753 βλέπειν
1668 1700 1681 1713 ⁸
1731 1679 1805 1741 εἷς
1839 1680 1993 1733 θάνα-

346 1782 456 1833 τος,
507 1765 543 1831 ἡ
590 1763 866 1838 ἁμαρτία.
921 1768 1107 1841 ψυχῆς
1155 1767 1259 1842 γὰρ
1309 1766 1557 1843 ὅλεθρος.
1591 1768 1777 1824 Τᾶλλα
1804 1766 1880 1839 δὲ,
1915 1768 1995 1830 οἷς

350 1850 490 1955 μέγα
538 1852 795 1928 φρονοῦσι
850 1874 1015 1921 τινες,
1067 1853 1355 1930 ὀνειράτων
1398 1851 1519 1930 ὄψις
1563 1857 1674 1912 ἐστὶ
1720 1858 1855 1911 κατά
1881 1860 1989 1911 τῶν
2023 1892 2069 1955 Β

350 1936 362 1955 ,
651 1939 697 1955 ,..
973 1940 985 1955 .
1062 1946 1071 1955 .
1175 1950 1200 1955 -
1299 1944 1312 1955 .
1468 1944 1526 1955 ..
1640 1946 1649 1955 .
1889 1951 1909 1955 γ.

347 1932 514 1992 ὄντων
564 1939 851 2009 παίζουσα.
901 1940 990 1996 καὶ
1049 1946 1233 2018 ψυχῆς
1288 1944 1538 2011 ἀπατηλὰ
1585 1946 1854 2023 φάσματα.
1888 1951 1987 2000 "Av

348 2024 519 2088 οὕτως
579 2024 816 2102 ἔχωμεν,
877 2029 921 2081 ὧ
983 2036 1175 2105 μῆτερ,
1238 2030 1360 2085 οὕτε
1410 2036 1477 2103 τῇ
1532 2033 1645 2102 ζωῇ
1703 2034 1815 2104 (33)
1858 2030 1992 2106 μέγα

348 2116 712 2192 φρονήσομεν,
772 2113 896 2170 οὕτε
962 2122 1040 2189 τῷ
1099 2118 1309 2191 θανάτῳ
1356 2118 1474 2174 λίαν
1527 2120 1872 2192 ἀνιασόμεθα.
1932 2120 1992 2173 Τί

347 2201 524 2256 τοίνυν
554 2199 727 2257 δεινὸν
760 2203 1119 2277 πεπόνθαμεν,
1153 2206 1198 2260 εἰ
1229 2209 1365 2283 πρὸς
1394 2210 1496 2277 τὴο
1536 2207 1800 2278 ἀληθινὴν
1851 2210 1993 2278 ζωὴν

352 2288 555 2346 ἐνθένδε
614 2287 1097 2367 μεταϐεοήκαμεν;
1158 2296 1203 2349 εἷ
1259 2302 1504 2373 στροφῶν
1545 2301 1677 2371 (34),
1730 2299 1819 2353 καὶ
1864 2297 2000 2373 ἰλίγ-

354 2401 487 2455 γων,
519 2379 609 2433 καὶ
640 2379 841 2454 κόρων,
894 2382 980 2435 καὶ
1027 2389 1127 2451 τῆς
1185 2384 1415 2460 αἰσχρᾶς
1456 2385 1787 2463 φορολογίας
1818 2385 1999 2455 ἀπηλ-

357 2467 640 2543 λαγμένοι,
704 2471 838 2541 μετᾶ
894 2475 1001 2525 τῶν
1062 2471 1308 2527 ἑστώτων
1361 2473 1450 2528 καὶ
1502 2475 1562 2528 οὐ
1615 2475 1840 2551 ῥεόντων
1893 2475 2006 2529 ἐσό-

363 2558 496 2629 μεθα
566 2560 718 2633 φῶτα
796 2560 982 2632 μικρὰ,
1065 2565 1178 2637 φῶς
1254 2562 1314 2616 τὸ
1405 2562 1544 2637 μέγα
1624 2563 2008 2639 περιχορεύον-

356 2665 442 2705 τες
468 2671 481 2713 ;

2106 618 2483 683 rumpuntur,
2503 622 2672 682 alque
2694 612 2838 666 alias
2872 613 3042 664 aliam
3074 611 3454 665 mutationem
3491 613 3751 681 capiunt.

2106 702 2236 756 Vita
2265 702 2480 772 quippe
2520 706 2576 755 et
2628 718 2808 767 mors,
2840 700 2994 771 quod
3040 700 3275 763 dicitur,
3308 700 3542 754 tametsi
3576 701 3755 770 pluri-

2108 806 2270 844 mum
2319 791 2473 843 inter
2502 805 2563 844 se
2594 789 2879 844 dissidere
2907 789 3234 853 videantur,
3268 788 3421 842 inter
3452 805 3513 842 se
3558 794 3754 843 tamen

2106 880 2538 949 quodammodo
2588 878 2905 942 immeant,
2957 882 3129 946 atque
3179 876 3361 931 altera
3408 878 3465 930 in
3516 877 3754 931 alterius

2104 966 2300 1022 locum
2344 968 2521 1021 subit.
2558 966 2664 1021 Illa
2712 966 2862 1021 enim
2914 984 2945 1020 a
2992 966 3383 1035 corruptione,
3420 970 3603 1019 matre
3653 982 3754 1020 no-

2106 1060 2248 1121 stra,
2306 1055 2612 1126 incipiens,
2676 1071 2742 1108 ac
2802 1071 2904 1125 per
2962 1054 3418 1125 corruptionem,
3477 1054 3586 1108 hoc
3643 1059 3751 1125 est,

2105 1150 2456 1217 perpetuum
2514 1144 2660 1213 ejus,
2720 1144 2875 1214 quod
2933 1159 3187 1213 praesens
3248 1147 3364 1208 est,
3424 1159 3749 1212 excessum,

2104 1233 2399 1306 gradiens,
2454 1231 2513 1285 in
2575 1231 3008 1300 corruptionem
3068 1230 3328 1296 tandem,
3378 1229 3486 1284 hoc
3536 1234 3646 1295 est,
3690 1230 3749 1284 in

2103 1322 2283 1392 hujus
2327 1321 2457 1375 vitae
2506 1321 2682 1375 finem
2733 1318 2977 1385 desinit;
3011 1319 3132 1372 haec
3180 1323 3397 1384 autem,
3429 1318 3554 1389 quas
3604 1335 3749 1389 prm-

2104 1411 2371 1466 sentibus
2438 1408 2607 1463 malis
2671 1408 2912 1473 liberat,
2990 1411 3164 1478 atque
3237 1407 3413 1460 etiam
3471 1422 3624 1477 saepe
3678 1408 3749 1461 ad

2104 1515 2419 1570 supernam
2471 1499 2654 1551 vitam
2702 1495 2976 1562 traducit,
3012 1495 3167 1549 haud
3222 1494 3339 1550 scio
3390 1511 3461 1548 an
3520 1494 3751 1565 proprie

2105 1605 2264 1644 mors
2295 1586 2575 1658 appellari
2608 1592 2803 1655 queat,
2837 1590 3035 1655 utpote
3077 1584 3311 1638 nomine
3354 1584 3543 1653 magis
3573 1600 3751 1654 quam

2108 1694 2164 1733 re
2222 1674 2630 1730 formidabilis.
2673 1676 2859 1744 Atque
2908 1673 3160 1727 absurde
3207 1673 3640 1743 quodammodo
3694 1675 3753 1727 et

2105 1768 2456 1837 praepostere
2487 1762 2676 1817 affecti
2708 1778 2837 1817 esse
2866 1760 3151 1826 videmur,
3180 1762 3279 1831 qui
3309 1776 3395 1827 ea,
3423 1776 3547 1831 quas
3582 1760 3751 1815 mini-

2104 1870 2199 1929 me
2245 1852 2536 1908 horrenda
2584 1858 2749 1919 sunt,
2795 1850 3166 1919 extimemus,
3200 1866 3327 1920 quas
3378 1852 3572 1903 autem
3627 1866 3746 1905 me-

2102 1944 2319 1998 tuenda
2376 1944 2535 2008 sunt,
2582 1943 2647 1995 ut
2706 1938 3075 2011 Optabiliora,
3125 1937 3589 2009 complectimur.
3624 1938 3748 1994 Una

2101 2033 2217 2086 vita
2248 2036 2358 2096 est,
2382 2031 2452 2084 ad
2487 2031 2666 2084 vitam
2708 2028 3014 2099 respicere.
3040 2028 3166 2082 Una
3195 2043 3373 2095 mors,
3406 2032 3744 2097 peccatum;

2103 2126 2193 2177 est
2223 2120 2378 2175 enim
2410 2118 2616 2174 animae
2649 2118 2941 2173 interitus.
2964 2116 3092 2172 Alia
3111 2121 3327 2185 autem,
3351 2116 3423 2171 ob
3447 2132 3574 2187 quas
3606 2134 3748 2171 non-

2107 2209 2250 2264 nulli
2306 2208 2522 2263 animis
2572 2207 2915 2270 efferuntur,
2945 2206 3372 2261 insomniorum
3405 2204 3550 2259 visio
3593 2210 3754 2273 sunt,

2107 2299 2261 2354 veris
2307 2297 2483 2352 rebus
2517 2296 2789 2361 illudens,
2813 2300 2869 2351 et
2918 2294 3149 2350 fallacia
3177 2294 3386 2349 animis
3416 2300 3664 2366 spectra.
3698 2294 3758 2349 Si

2110 2389 2220 2443 hac
2243 2390 2435 2441 mente
2458 2385 2763 2449 fuerimus,
2786 2401 2817 2439 o
2850 2389 3057 2449 mater,
3083 2400 3188 2438 nec
3218 2384 3292 2437 ob
3322 2382 3495 2438 vitam
3530 2383 3759 2437 animos

2113 2475 2468 2542 attollamus,
2497 2490 2603 2528 nec
2625 2474 2696 2527 ob
2724 2477 2969 2527 mortem
3004 2471 3251 2525 nimium
3284 2486 3588 2541 angemur.
3611 2470 3756 2533 Quid

2116 2566 2294 2637 igitur
2324 2580 2493 2634 grave
2522 2562 2691 2617 nobis
2722 2562 2952 2630 accidit,
2986 2561 3035 2616 si
3065 2561 3203 2615 hinc
3245 2561 3316 2615 ad
3356 2577 3549 2615 veram
3579 2559 3758 2615 vitam

2120 2652 2547 2725 migravimus?
2594 2650 2655 2706 Si
2709 2648 3238 2719 vicissitudinibus,
3282 2647 3545 2717 fallaciis,
3597 2648 3760 2703 fasti-

360 2738 494 2807 diis,
527 2754 594 2795 ac
623 2738 779 2811 turpi
810 2739 912 2796 illa
940 2741 1145 2796 tributi
1194 2743 1491 2799 exactione
1539 2743 1787 2816 liberati,
1817 2762 1950 2800 cum
1991 2744 2306 2801 stabilibus
2338 2743 2533 2811 rebus,
2566 2742 2926 2812 minimeque
2970 2740 3143 2796 ﬂuxis
3190 2745 3246 2795 et
3294 2739 3553 2806 caducis,
3586 2754 3762 2811 parva

356 2826 587 2882 lumina
618 2827 800 2883 futuri
833 2846 1061 2897 sumus,
1095 2830 1316 2887 circum
1348 2832 1544 2888 lumen
1576 2833 1719 2889 illud
1753 2850 2033 2906 magnum
2062 2832 2500 2906 tripudiantes?

426 2919 552 2969 ΜΓ.
586 2911 759 2969 Ἀλλᾶ
806 2912 970 2969 λυπεῖ
1018 2937 1075 2969 σε
1120 2915 1182 2971 τό
1231 2925 1331 2987 τῆς
1366 2916 1718 2989 διαζεύξεως;
1751 2918 1877 2975 ἀλλ’
1911 2920 2000 2974 εὖ-

357 3000 622 3078 φραινὲτω
650 3002 712 3055 τὸ
740 3008 840 3070 τῆς
871 3000 1113 3065 ἐλπίδος.
1149 3003 1323 3060 Ἀλλὰ
1353 3004 1519 3060 δεινὸν
1552 3009 1586 3076 ἡ
1620 3009 1819 3083 χηρεία
1986 3027 1999 3076 ;

357 3088 545 3161 ἒκείνῳ
604 3092 718 3163 (36)
768 3087 825 3144 δὲ
880 3091 942 3145 οὐ
1001 3090 1195 3149 δεινόν.
1259 3094 1357 3147 Καὶ
1413 3100 1517 3148 ποῦ
1564 3096 1627 3150 τὸ
1656 3102 1755 3165 τῆς
1788 3096 2000 3172 ἀγάπης

356 3178 573 3253 ἀγαθὸν,
634 3179 805 3250 ἑαυτῷ
860 3181 925 3233 τὰ
976 3178 1090 3255 ῥᾴω
1150 3178 1386 3254 διδόντα,
1432 3187 1511 3254 τῷ
1542 3183 1774 3253 πλησίον
1810 3186 2001 3240 ἀπονέ-

362 3288 478 3339 μειν
509 3266 574 3321 τά
604 3268 1069 3345 προσαντιστερα;
1105 3268 1171 3326 Τί
1205 3267 1262 3324 δὲ
1292 3271 1381 3325 καὶ
1434 3269 1605 3325 δεινὸν
1638 3270 1783 3334 ’ὀλως
1811 3277 1877 3347 τῇ
1912 3273 2004 3327 λυ-

359 3354 636 3429 θησομὲνῃ
689 3356 821 3428 μετὰ
869 3352 1100 3431 μικρὸν;
1153 3358 1344 3434 Ἐγγὺς
1390 3361 1424 3428 ἡ
1458 3360 1782 3433 προθεσμία,
1813 3362 1875 3415 τὸ
1906 3359 2002 3415 λυ-

358 3444 534 3517 πηρὸν
587 3444 685 3499 οὐκ
743 3443 1025 3518 ἐπίμονον.
1083 3448 1173 3516 Mi)
1226 3449 1566 3525 φορτίζωμεν
1615 3452 1727 3523 (37)
1770 3451 2003 3525 ἀγεννέσι

360 3531 649 3608 λογισμοῖς
698 3534 765 3587 τὰ
815 3534 1138 3612 κουφότατα.
1212 3536 1473 3612 Μεγάλων
1530 3537 1858 3614 ἐστερήμεθα
1914 3539 2001 3593 καὶ

358 3620 458 3696 γάρ
508 3623 885 3697 τετυχήκαμεν
914 3642 925 3654 ·
976 3621 1037 3678 τὸ
1091 3625 1184 3696 μὲν
1228 3628 1547 3700 στερεῖσθαι,
1587 3628 1823 3695 πάντων,
1854 3629 1916 3681 τὸ
1949 3624 2004 3681 δὲ

361 3715 567 3785 τυχεῖν,
601 3710 662 3765 οὐ
691 3710 940 3768 πολλῶν.
975 3714 1063 3781 Μὴ
1107 3718 1267 3768 τοῦτο
1298 3716 1613 3787 καμπτὲτω,
1664 3714 1787 3769 ἀλλ’
1836 3714 2004 3769 ἐκεῖνο

360 3798 776 3874 παραμυθείσθω
834 3803 968 3875 (38).
1020 3802 1091 3855 Τὸ
1146 3802 1246 3877 γὰρ
1298 3807 1541 3876 κρεῖττον
1586 3808 1734 3873 νικᾷν
1770 3802 2007 3877 εὐλογώ-

360 3907 538 3961 τερον.
589 3890 855 3963 ’Ήνεγκας
899 3887 1107 3944 παίδων
1166 3886 1469 3963 ἀποϐολὴν,
1524 3896 1629 3945 τῶν
1659 3892 1871 3967 ὡραίων
1902 3889 2004 3960 ἔτι,

359 3976 557 4047 καὶτῷ
590 3981 684 4050 ζῇν
736 3979 847 4051 (39)
896 3976 1241 4051 ἐπιτηδείων,
1288 3977 1659 4054 ἀνδρικώτατα
1705 3980 1792 4034 καὶ
1846 3978 2005 4056 φιλο-

363 4066 685 4142 σοφώτατα·
748 4063 929 4141 ἔνεγκε
984 4067 1075 4122 καί
1119 4073 1351 4144 γηραιοῦ
1407 4070 1684 4124 κατάθεσιν
1754 4070 2006 4142 σώματος

361 4150 470 4224 ἤδη
530 4158 609 4225 τῷ
660 4154 762 4230 βίῳ
819 4157 1142 4228 κάμνοντος,
1185 4156 1229 4211 εἰ
1260 4157 1473 4219 καὶτὰς
1511 4157 1780 4228 αἰσθήσεις
1816 4159 2009 4221 ἀπαθε-

364 4243 557 4304 στάτας
615 4243 642 4296 6
690 4249 789 4313 τῆς
838 4246 1023 4320 ψυχῆς
1067 4245 1221 4306 τόνος
1268 4245 1415 4318 αὐτῷ
1458 4249 1571 4317 (40)
1629 4249 2003 4321 συνετήρησεν.

360 4328 537 4387 Ἀλλὰ
566 4328 658 4405 δὲῃ
685 4336 781 4387 τοῦ
811 4331 1117 4406 κηδεμόνος
1142 4352 1156 4403 ;
1189 4338 1298 4388 ποῦ
1332 4332 1389 4389 δὲ
1418 4335 1445 4389 6
1480 4335 1569 4397 σὸς
1600 4336 1756 4397 οὗτος
1806 4337 2004 4403 Ἰσαὰκ,

362 4418 419 4473 ὅν
477 4421 589 4474 ἀντὶ
648 4421 859 4476 πάντων
920 4443 1003 4476 σοι
1044 4420 1472 4492 καταλέλοιπεν;
1507 4422 1652 4482 Ai'tst
1685 4426 1810 4499 παρ’
1841 4424 2005 4479 αὐτοῦ

2181 2920 2373 2976 XLIII.
2410 2923 2476 2974 At
2522 2918 2837 2988 disjunctio
2869 2922 2927 2972 te
2956 2917 3158 2989 angit?
3198 2917 3341 2987 Spes
3382 2921 3438 2971 te
3486 2916 3757 2972 oblectet.

2112 3016 2186 3063 At
2216 3009 2407 3079 gravis
2441 3024 2532 3062 res
2564 3012 2652 3062 est
2694 3006 2986 3061 viduitas?
3016 3006 3169 3061 862
3218 3005 3327 3060 Sed
3360 3004 3441 3058 illi
3479 3022 3594 3060 non
3626 3021 3758 3076 gra-

2114 3096 2350 3153 vis.Ubi
2397 3112 2567 3167 porro
2616 3094 2918 3149 charitatis
2968 3095 3186 3147 bonum
3238 3092 3367 3157 erit,
3401 3092 3450 3147 si
3498 3093 3760 3149 faciliora

2116 3186 2408 3258 quispiam
2433 3184 2543 3239 sibi
2568 3184 2678 3254 ipsi
2701 3185 2866 3249 dans,
2892 3182 3189 3253 asperiora
3208 3182 3471 3253 proximo
3492 3182 3761 3237 tribuat?

2115 3276 2237 3330 [mo
2272 3274 2411 3345 quid
2446 3278 2535 3327 est
2560 3272 2818 3335 omnino,
2844 3270 2994 3341 quod
3027 3270 3098 3337 ei,
3127 3286 3253 3341 quae
3286 3269 3456 3341 paulo
3487 3274 3619 3342 post
3648 3271 3763 3326 dis-

2113 3363 2391 3421 solvenda
2429 3365 2537 3425 est,
2570 3377 2742 3432 grave
2772 3358 2951 3415 videri
3002 3360 3253 3414 debeat?
3300 3360 3488 3415 Instat
3532 3360 3758 3432 praesti-

2112 3457 2275 3506 tutus
2307 3450 2461 3517 dies;
2495 3449 2771 3504 diuturna
2804 3447 3074 3502 molestia
3106 3464 3219 3502 non
3241 3448 3368 3502 erit.
3398 3448 3479 3503 Ne
3500 3448 3763 3504 commit-

2113 3545 2329 3605 tamus,
2374 3544 2440 3593 ut
2495 3538 2721 3610 ignavis
2778 3536 3232 3608 cogitationibus
3290 3554 3380 3592 res
3434 3536 3760 3593 levissimas

2113 3646 2441 3685 oneremus.
2474 3627 2702 3697 Magnis
2752 3626 2925 3681 rebus
2957 3626 3165 3698 privati
3197 3643 3440 3692 sumus;
3473 3632 3532 3680 at
3583 3626 3759 3680 etiam

2116 3717 2186 3771 iis
2218 3717 2386 3771 nobis
2433 3716 2541 3770 frui
2592 3715 2855 3785 contigit.
2890 3714 3107 3769 Privari
3139 3731 3309 3785 porro
3340 3714 3604 3768 omnium
3636 3718 3760 3780 est;

2116 3806 2228 3860 frui
2271 3821 2610 3875 paucorum.
2644 3807 2832 3867 Quare
2883 3820 2955 3857 ne
2999 3808 3254 3857 mentem
3305 3805 3564 3856 nostram
3617 3801 3759 3855 illud

2116 3893 2369 3964 dejiciat,
2428 3909 2629 3946 verum
2691 3892 2796 3945 hoc
2855 3890 3048 3960 potius
3105 3887 3456 3943 consoletur.
3518 3889 3761 3959 /Equius

2115 3982 2270 4038 enim
2320 3986 2428 4046 est,
2478 3986 2563 4047 ut,
2616 3980 2770 4051 quod
2829 3977 3039 4032 melius
3098 3980 3203 4043 est,
3235 3975 3447 4031 vincat.
3480 3976 3757 4032 Filiorum

2116 4070 2515 4135 amissionem,
2550 4069 2669 4139 qui,
2718 4067 2989 4121 ﬂorentes
3046 4066 3238 4121 adhuc
3293 4069 3478 4131 aetate,
3532 4064 3762 4137 longio-

2115 4177 2237 4215 rem
2268 4159 2445 4214 vitam
2478 4158 2660 4213 acturi
2696 4156 3062 4223 videbantur,
3088 4154 3403 4209 fortissime
3433 4170 3499 4209 ac
3529 4155 3761 4225 sapien-

2115 4248 2344 4304 tissime
2397 4246 2610 4313 tulisti;
2660 4261 2786 4316 age,
2839 4243 3042 4299 senilis
3099 4243 3273 4299 etiam
3327 4244 3607 4315 corporis,
3633 4245 3759 4315 jam

2112 4338 2357 4394 vivendo
2423 4335 2755 4407 defatigati,
2814 4332 3233 4405 depositionem
3293 4333 3474 4399 feras,
3530 4333 3759 4388 etiamsi

2116 4426 2295 4482 animi
2328 4426 2489 4497 vigor
2528 4423 2933 4495 integerrimos
2982 4422 3090 4493 ipsi
3143 4437 3352 4477 sensus
3383 4422 3757 4477 conservarit.

359 4509 425 4562 τὰ
458 4509 643 4585 μικρὰ,
691 4511 789 4578 τὴν
834 4512 1221 4587 χειραγωγίαν,
1269 4514 1357 4566 καὶ
1398 4514 1496 4582 τὴν
1545 4510 1792 4568 δουλείαν
1819 4533 1831 4545 ·
1866 4513 2007 4567 ἀντί-

2114 4519 2183 4571 At
2214 4516 2395 4582 deest,
2430 4513 2530 4585 qui
2578 4513 2663 4568 tui
2712 4529 2911 4567 curam
2961 4510 3170 4583 gerat?
3220 4509 3468 4565 Ubinam
3500 4526 3635 4581 ergo
3666 4510 3761 4565 hic

363 4594 512 4652 δίδου
565 4598 634 4654 τὰ
693 4599 929 4671 μείζονα,
974 4602 1073 4669 τὴν
1136 4602 1405 4675 μητρικήν
1458 4601 1850 4676 εὐλογίαν,καὶ
1907 4602 2003 4664 τὰς

362 4687 548 4763 εὐχὰς,
625 4689 714 4742 καὶ
776 4690 876 4757 τὴν
964 4688 1162 4752 ἐκεῖθεν
1247 4688 1577 4765 ἐλευθερίαν.
1658 4691 2007 4764 ’Δγανακτεῖς

360 4778 795 4849 νουθετουμένη;
863 4782 1028 4832 τοῦτο
1106 4778 1345 4832 ἐπαινῶ·
1419 4778 1507 4833 καὶ
1584 4778 1685 4854 γὰρ
1758 4777 2003 4841 πολλοὺς

359 4866 767 4935 νενουθέτηκας,
829 4863 990 4927 ὅσους
1041 4866 1067 4919 6
1119 4865 1291 4921 πολὺς
1355 4866 1553 4941 χρόνος
1612 4866 1714 4921 ὑπὸ
1772 4868 1871 4935 τὴν
1906 4868 2003 4934 σὴν

358 4949 535 5028 ἤγαγε
587 4953 817 5009 σύνεσιν.
887 4952 1055 5010 Οὐδὲν
1106 4955 1133 5009 6
1185 4954 1347 5031 λόγος
1398 4957 1534 5032 πρὸς
1582 4955 1639 5010 σε
1685 4956 1783 5025 τὴν
1847 4953 2006 5033 φιλο-

430 5152 539 5223 (32)
573 5148 876 5227 Φθείρεται.
928 5150 1067 5222 Reg.
1120 5151 1241 5221 bm,
1273 5156 1329 5206 et
1375 5152 1470 5207 ΟΡ.
1505 5154 1555 5220 1,
1590 5152 1823 5227 φέρεται,
1858 5176 1885 5203 ‹‹
1923 5152 2002 5206 fe-

358 5227 591 5291 runtur,
622 5227 956 5278 volvuntur.
986 5244 1015 5271 ››

430 5295 541 5367 (33)
569 5292 645 5367 Τῇ
687 5296 820 5367 ζῷῇ.
857 5294 996 5367 Reg.
1030 5310 1083 5359 a,
1116 5293 1231 5367 duo
1272 5292 1472 5367 Coisl.,
1506 5294 1599 5348 Or.
1638 5295 1687 5359 1,
1720 5294 2001 5357 Combef.,

356 5362 447 5436 τῷ
492 5362 586 5437 ζῇν
620 5362 832 5436 τούτῳ.
868 5362 1048 5419 Iidem
1105 5365 1333 5419 codices
1394 5362 1511 5418 λίαν
1577 5382 1829 5437 sequens
1888 5382 2003 5419 non

362 5441 709 5509 agnoscunt.

452 5509 542 5580 34)
572 5507 636 5563 Εἰ
670 5508 938 5581 στροφῶν,
971 5510 1079 5561 etc.
1106 5506 1198 5561 Sic
1219 5506 1370 5581 Reg.
1396 5507 1586 5581 a,du_o
1609 5506 1804 5576 Coisl.,
1829 5507 1921 5561 0r.
1955 5509 2000 5581 l.

362 5601 391 5629 ‹‹
423 5577 481 5635 Si
516 5577 710 5635 rerum
737 5577 1135 5633 humanarum
1182 5577 1709 5644 vicissitudinibus,
1738 5601 1763 5627 »
1795 5585 1903 5632 etc.
1944 5580 2003 5633 In

360 5650 587 5726 ed.,__:tq
628 5653 865 5726 τροφῶν.
901 5649 1125 5726 B_i_llius,
1152 5672 1177 5698 «
1210 5650 1267 5703 Si
1300 5652 1799 5719 conversionibus,
1829 5651 2004 5707 verti-

361 5722 622 5798 ginibus,
654 5720 1084 5793 sat'uritatibus,
1109 5742 1138 5771 »
1168 5726 1276 5777 etc.

2115 4609 2256 4659 tuus
2311 4604 2491 4670 Isaac,
2524 4619 2696 4672 quem
2750 4601 2855 4655 tibi
2906 4599 3025 4667 ille,
3060 4599 3322 4654 omnium
3372 4599 3575 4668 instar,
3623 4598 3762 4653 reli-

2116 4693 2285 4765 quit?
2331 4698 2512 4746 Parva
2559 4691 2657 4745 illa
2706 4692 2776 4745 ab
2827 4706 2892 4745 eo
2940 4695 3090 4760 pete,
3126 4705 3333 4760 nempe
3365 4692 3429 4741 ut
3471 4693 3526 4743 te
3579 4704 3757 4742 manu

2116 4783 2312 4847 ducat,
2353 4780 2573 4851 tibique
2622 4780 2834 4835 serviat
2868 4797 2879 4833 :
2916 4779 3139 4848 majora
3184 4777 3457 4848 repende,
3488 4776 3598 4832 hoc
3646 4781 3755 4843 est,

2116 4875 2441 4926 maternam
2490 4868 2978 4933 benedictionem,
3027 4866 3340 4930 orationes,
3378 4869 3549 4937 atque
3597 4863 3757 4920 illius

2115 4958 2217 5011 aevi
2249 4957 2599 5012 libertatem.
2636 4954 2855 5010 Moneri
2886 4958 2941 5008 te
2970 4953 3340 5026 indignaris?
3372 4954 3433 5008 Id
3465 4970 3597 5012 vero
3629 4953 3756 5010 lau-

2184 5152 2295 5219 (35)
2326 5149 2552 5224 Χηρεία.
2586 5150 2679 5205 Sic
2706 5150 2931 5224 Regna,
2960 5149 3084 5224 βω.
3123 5148 3246 5220 Alii,
3272 5146 3471 5224 χηρία.

2184 5225 2297 5295 (36)
2327 5218 2567 5293 Ἐκέίνῳ.
2620 5218 2821 5277 (ἷοὶειιῖ
2852 5222 2900 5287 1,
2958 5218 3152 5287 ἐκεῖνο,
3193 5218 3238 5270 ‹‹⁷
3268 5218 3325 5275 id
3366 5218 3582 5276 autem
3640 5235 3755 5275 non

2113 5310 2304 5437 grai/ie).
2330 5316 2703 5439 Ξ1)ορτίζωμεν.
2757 5363 2927 5419 Coisl.
2988 5367 3034 5433 1,
3086 5361 3480 5439 φροντίζωμεν,
3524 5382 3552 5410 ‹‹
3599 5375 3759 5416 cure-

2113 5454 2773 5577 ωῗὲέ)»υαραμυθείσθιυ.
2792 5506 2972 5579 ῨΟΟῘΒΙ.
3014 5508 3061 5569 1,
3092 5525 3233 5579 παρα
3243 5501 3497 5579 μυθεέτω..

2188 5574 2291 5646 (39)
2325 5574 2418 5648 Τῷ
2462 5574 2580 5649 ζῇν,
2634 5585 2740 5632 etc.
2777 5578 2947 5633 Cois].
2986 5580 3034 5645 1,
3066 5574 3178 5629 τοῦ·
3211 5579 3325 5645 ζῇν.
3368 5574 3589 5641 Billius,
3626 5595 3653 5621 ‹‹
3685 5574 3757 5627 ad

2114 5652 2427 5723 vivendum
2461 5658 2753 5723 aptorum.
2779 5672 2805 5699 ››

2190 5724 2296 5796 (40)
2327 5714 2517 5794 Αὖτῷῖ
2538 5728 2676 5794 Reg.
2706 5739 2758 5790 a,
2790 5718 2960 5775 Coisl.
2991 5720 3041 5787 1,
3076 5723 3228 5785 Bas.,
3262 5714 3367 5771 σοί.
