4138 6212
324 332 480 398 1043
1564 334 1631 395 S.
1675 331 2049 395 GREGORII
2097 330 2493 392 THEOLOGI
3584 329 3750 390 10M

331 469 407 523 do
428 484 442 523 :
461 484 597 524 nam
622 466 839 522 multos
861 467 991 537 ipsa
1012 465 1613 538 monuisti,nimirum
1637 482 1736 521 eos
1757 480 1961 521 omnes

2117 462 2455 534 ιὀφωτάτην·
2508 459 2645 515 ἔστω
2702 462 2880 515 κοινὸν
2937 464 3055 522 τοῖς
3114 461 3369 514 πενθοῦσι
3399 461 3751 535 παραμυθία(

334 557 434 627 qui
467 558 526 611 in
556 560 678 611 tam
738 555 909 625 longo
967 554 1245 626 temporis
1296 555 1488 626 spatio
1528 556 1600 610 ad
1630 559 1793 610 tuam
1850 570 1968 627 pru'

2118 552 2403 628 ράρμακον,
2457 551 2531 614 ὡς
2581 551 2639 606 ἂν
2688 549 2847 605 ιῖδεῑν
2902 552 3014 623 (fil)
3073 549 3391 626 ἀνθρώπους
3468 551 3752 627 ἄνθρωποι

336 645 598 701 dentiam
629 658 759 700 sese
799 642 1190 700 contulerunt.
1217 647 1401 710 Quare
1432 645 1503 700 ad
1533 648 1589 699 te
1618 643 1897 700 feminam
1930 644 1970 699 ir

903 642 1190 700 tulerunt.
1217 647 1401 710 Quare
1432 645 1503 700 ad
1533 648 1589 699 te
1618 643 1897 700 feminam
1930 644 1989 699 in
2098 640 2537 717 προπέμποντες.

344 732 555 804 primis
603 732 947 803 sapientem,
982 731 1124 787 nihil
1177 732 1297 787 haec
1345 732 1528 787 oratio
1576 732 1829 803 pertinet
1863 749 1875 786 :
1909 732 1988 787 sit
2027 736 2221 788 autem
2272 731 2655 787 mcerentibus
2704 729 3034 786 communis
3096 728 3285 784 solatii
3344 731 3654 799 medicina,
3689 734 3757 786 ut

341 821 533 877 sciant
564 818 861 887 mortales,
892 836 954 875 se
986 820 1321 876 mortalium
1352 821 1529 875 funus
1561 821 1867 876 deducere.

416 936 645 1007 (41)Ὼε
668 934 764 1007 ᾧᾶν
826 932 1037 1004 εἰδεῖεν,
1090 940 1201 991 ato.
1254 936 1347 991 Sic
1404 935 1499 989 Or.
1534 937 1586 990 1.
1618 935 1750 1000 Alii,
1784 930 1998 990 si’Borev.

2126 952 2238 990 rum
2273 952 2514 1007 corpora
2553 935 2788 1007 quidem
2843 932 3073 1007 tumuli.
3100 934 3328 1007 animas
3375 940 3599 1001 autem,
3630 952 3760 1006 qua

342 1003 524 1063 Coisl.
556 1008 608 1076 1,
639 1003 843 1061 εἷ’δωσι.
880 1003 1086 1061 BilliUs
1121 1024 1132 1063 :
1161 1031 1188 1057 «
1223 1012 1287 1061 ut
1316 1008 1583 1063 homines
1612 1007 1754 1061 illud
1787 1006 1997 1062 intelli-
2108 1003 2468 1062 immortales
2501 1003 2657 1071 sunt,
2681 1006 2789 1062 loci
2815 1006 3053 1077 quidam
3078 1005 3407 1061 actionibus
3439 1003 3765 1078 congruen-

342 1082 507 1151 gant,
542 1079 810 1133 homines
844 1095 877 1133 a
908 1094 969 1134 se
999 1079 1299 1150 praemitti.
1328 1100 1354 1127 ››
1384 1081 1543 1151 Hunc
1573 1078 1766 1134 locum
1795 1079 1879 1133 sic
1903 1096 1998 1151 ex-
2108 1082 2197 1151 tes
2227 1078 2574 1149 suspiciunt,
2608 1094 2796 1148 usque
2824 1078 2905 1151 ad
2948 1078 3206 1131 futuram
3246 1080 3761 1151 resurrectionem,

341 1150 509 1222 ponit
566 1151 740 1218 Elias,
765 1172 798 1222 «ί
828 1159 893 1205 ut
941 1151 1174 1205 discant
1231 1150 1525 1216 homines,
1564 1151 1662 1221 qui
1723 1150 1999 1205 mortales
2110 1150 2168 1204 in
2201 1166 2318 1222 qua
2341 1166 2710 1222 unaquaeque
2735 1150 2959 1222 anima,
2991 1166 3205 1219 corpus
3245 1166 3420 1204 suum
3452 1150 3764 1222 recipiens,

342 1220 485 1278 sunt
515 1239 576 1277 se
600 1221 874 1277 mortales
897 1238 1127 1293 quoque
1160 1221 1429 1277 homines
1457 1220 1832 1294 praemittere,
1859 1238 1999 1292 quo-
2108 1220 2385 1277 aut’lucis
2417 1227 2522 1276 aut
2549 1220 2703 1293 ignis
2733 1220 2917 1276 haeres
2949 1222 3204 1276 exsistet.
3230 1241 3251 1271 ι

1071 1490 1224 1547 ³⁸³
1262 1500 1822 1591 MONITUM
1880 1504 1995 1588 IN
2054 1500 2705 1593 OBATIONEN

1409 1502 1822 1591 )NITUM
1880 1504 1995 1588 IN
2054 1500 2742 1593 ΟΒΑΤΙΟΝΕΜ
2795 1502 3043 1587 ΧΙΧ.

434 1792 484 1850 Ι.
549 1789 941 1872 Gregorius,
978 1795 1123 1869 post
1176 1791 1374 1869 patris
1431 1791 1713 1864 obitum,
1771 1790 1864 1872 in,
1894 1791 2183 1872 dilectam
2243 1791 2641 1853 solitudinem
2699 1809 2831 1853 sese
2886 1790 3163 1872 recipere
3217 1791 3503 1872 parabat.
3594 1793 3769 1853 Inter

357 1869 477 1951 has
532 1886 765 1946 moras,
822 1870 1133 1942 Julianus,
1196 1890 1323 1932 non
1379 1872 1703 1950 Apostata,
1765 1871 1873 1950 qui
1922 1871 2057 1950 jam
2114 1891 2147 1932 e
2202 1873 2360 1932 vivis
2416 1878 2785 1944 excesserat,
2848 1871 2953 1932 sed
3014 1871 3175 1932 alter
3219 1869 3512 1951 Gregorii
3566 1873 3771 1933 nostri

358 1949 705 2044 amicorum
758 1952 1237 2044 et‘mqualium.
1276 1949 2069 2044 optimusheade’mbum.
2106 1952 2431 2044 Theologo
2487 1953 2695 2044 patria
2752 1949 3377 2044 natus,.iisdemque
3426 1970 3769 2044 usus'ma-

360 2029 570 2107 gistris
610 2048 699 2112 ac
754 2030 1033 2112 imbutus
1090 2029 1454 2111 disciplinis,
1515 2032 1749 2111 quique
1807 2032 1996 2092 etiam
2046 2032 2181 2111 jam
2238 2034 2301 2092 in
2352 2029 2508 2110 jure“
2554 2032 2843 2105 dicendo,
2903 2031 3201 2092 eximium
3260 2029 3376 2093 sibi
3448 2033 3769 2112 aequitatis

361 2128 434 2191 ac
482 2110 822 2191 probitatis
879 2130 1108 2172 nomen
1167 2110 1551 2191 comparat,
1616 2110 2020 2191 eXaaquandis
2054 2110 2210 2173 itum
2262 2113 2511 2173 tributis
2583 2113 2875 2173 Nazianzi
2943 2112 3307 2190 praeﬁcitur.
3367 2110 3545 2173 Hunc
3605 2130 3768 2173 con-

357 2189 563 2273 festim
614 2191 949 2273 Gregorius
996 2192 1073 2252 ad
1133 2189 1641 2273 misericordiam
1683 2198 1743 2252 et
1774 2189 2249 2271 benignitatem
2294 2211 2448 2273 erga
2502 2211 2835 2273 pauperes,
2886 2189 3145 2253 clericos
3202 2198 3265 2253 et
3320 2193 3760 2272 philosophos,

354 2270 418 2330 id
476 2276 569 2353 est
624 2271 1007 2353 monachos,
1069 2277 1201 2332 tum
1262 2273 1482 2333 litteris
1534 2272 1696 2353 (42),
1754 2276 1891 2353 tum
1948 2270 2224 2353 carmine
2280 2270 2405 2352 (43)
2482 2270 2819 2353 incendere
2872 2273 3112 2332 nititur.
3175 2270 3488 2334 Lubenter
3541 2270 3763 2353 petitis

355 2350 579 2432 annuit
631 2351 961 2426 Julianus,
994 2431 1001 2432 γ
1036 2370 1111 2412 ea
1167 2358 1376 2413 tamen
1432 2350 1567 2431 lege
1625 2350 1694 2413 ut
1748 2351 1881 2430 ipse
1936 2352 2208 2414 vicissim
2267 2350 2651 2427 sermonem,
2725 2352 2942 2413 tributi
3000 2353 3169 2426 loco,
3230 2350 3563 2432 penderet:
3616 2355 3763 2415 Fuit

351 2429 675 2513 Theologo
726 2432 934 2508 gravis
989 2431 1125 2492 haec
1178 2429 1650 2512 imposita—lex.
1711 2429 1834 2493 sed
1889 2433 2102 2493 omnia
2155 2433 2304 2493 vicit
2357 2433 2552 2512 ipsius
2608 2452 2755 2511 erga
2811 2451 3122 2513 pauperes
3176 2429 3404 2494 amor:
3463 2440 3526 2494 et
3579 2453 3758 2512 vero,

350 2510 496 2570 licet
551 2529 930 2589 repugnans,
993 2513 1157 2573 hanc
1212 2510 1477 2574 subinde
1535 2513 1755 2572 habuit
1810 2514 2179 2575 orationem.

432 2592 509 2650 II.
557 2592 898 2673 Exorditur
953 2598 1168 2653 orator
1226 2614 1255 2651 α
1288 2612 1325 2653 a
1380 2592 1736 2673 tyrannide,
1795 2612 1920 2672 qua
1977 2612 2055 2654 ex
2112 2593 2418 2654 charitate
2473 2592 2718 2654 assidue
2775 2592 3167 2671 premitur.»
3221 2594 3361 2672 Ipse
3418 2593 3583 2653 enim
3638 2612 3757 2672 per

353 2688 604 2752 omnem
668 2671 818 2752 vita}
862 2691 1154 2745 cursum,
1232 2673 1379 2733 huic
1414 2671 1675 2734 ‘mundo
1732 2671 1969 2746 emori,
2047 2680 2109 2734 et
2163 2674 2355 2733 vitam
2408 2674 2473 2733 in
2532 2672 2776 2734 Christo
2834 2671 3269 2734 absconditam
3321 2674 3549 2734 ducere
3606 2671 3756 2752 per-

351 2749 636 2826 optabat.
687 2751 929 2811 Amisso
987 2759 1188 2832 patre,
1245 2754 1560 2814 silentium
1619 2754 2069 2832 amplectitur;
2130 2771 2256 2832 quo
2312 2753 2377 2811 in
2433 2753 2757 2832 proposito
2805 2752 3106 2813 invictum
3157 2772 3221 2813 se
3278 2759 3469 2827 ratus,
3522 2749 3761 2813 vietum

353 2847 420 2913 se
466 2835 689 2913 postea
734 2831 1017 2913 fatetuer
1063 2839 1253 2912 atque
1300 2833 1377 2893 iis
1423 2834 1487 2893 in
1532 2831 1836 2909 angustiis
1883 2831 2165 2913 positus,
2197 2831 2449 2912 aliquid
2478 2831 2725 2895 silentio
2773 2833 3194 2911 prazstabilius
3241 2834 3447 2894 dicere
3493 2835 3756 2913 expetit.

352 2911 620 2987 Arrepta
674 2910 868 2989 igitur
923 2910 1163 2974 oblatae
1210 2919 1557 2992 martyrum
1616 2910 1968 2975 festivitatis
2023 2910 2391 2983 occasione,
2467 2932 2685 2974 eorum
2759 2910 3105 2992 exemplis,
3181 2913 3260 2974 ab
3340 2910 3767 2974 humanarum

352 3007 563 3074 rerum
618 2997 987 3074 contemptu
1026 2994 1124 3074 ad
1183 2995 1485 3066 coelestia,
1545 2995 1747 3054 modis
1799 2994 2112 3067 omnibus,
2163 2994 2479 3055 auditores
2538 2993 2768 3055 evehit.
2818 2995 3162 3074 Postquam
3220 2999 3429 3054 autem
3492 2994 3773 3074 plurima

355 3069 434 3129 de
488 3069 899 3150 benignitate,
955 3073 1383 3154 misericordia
1430 3074 1797 3152 caaterisque
1844 3075 2180 3136 virtutibus
2225 3075 2541 3151 disseruit,
2592 3075 2776 3134 docet
2824 3072 2909 3153 (n.
2963 3074 3061 3154 11)
3118 3069 3512 3134 «reddenda—
3538 3074 3773 3135 Caesari

358 3168 504 3229 quae
559 3157 705 3234 sunt
758 3152 1060 3226 Caesaris,
1139 3159 1201 3213 et
1256 3172 1397 3234 quae
1456 3160 1602 3215 sunt
1658 3155 1809 3228 Dei,
1886 3158 2035 3215 Deo.
2090 3177 2118 3213 n
2199 3154 2431 3216 Deinde
2486 3155 2565 3215 ad
2619 3152 2939 3234 Julianum
3002 3152 3351 3215 orationem
3429 3157 3773 3227 transfert,

358 3231 1002 3313 eumquehortatur,
1062 3238 1152 3306 ut,
1213 3231 1321 3312 qui
1376 3235 1612 3295 tributa
1668 3234 1730 3293 in
1786 3234 2070 3313 publicas
2131 3236 2407 3296 rationes
2463 3236 2712 3308 referat,
2765 3233 2899 3294 haec
2956 3252 3139 3313 aequa
3196 3234 3375 3294 lance
3423 3234 3762 3310 describat,

358 3310 925 3395 atqne__(]hristum
984 3310 1256 3395 ipsomet
1312 3314 1749 3395 descriptionis
1789 3310 2090 3395 tempore
2144 3321 2361 3375 natum
2418 3334 2549 3395 prae
2604 3314 2802 3375 oculis
2857 3310 3136 3390 habens,
3212 3333 3347 3375 sese
3426 3314 3769 3394 benignum

359 3395 422 3450 et
440 3388 725 3473 __fecil_em
786 3388 1102 3452 conservis
1125 3472 1133 3473 ί
1158 3394 1286 3453 suis
1341 3388 1645 3473 praebeat.

440 3469 547 3554 III_.
615 3471 783 3554 ῌωο⁸
816 3478 926 3554 est
997 3469 1577 3552 analytica'hujus
1630 3474 1935 3535 orationis
1994 3474 2301 3554 synopsis.
2361 3474 2604 3535 Dictam
2662 3473 2975 3535 credimus
3031 3491 3105 3535 eo
3161 3473 3467 3553 temporis
3518 3473 3769 3554 spatio,

357 3549 529 3633 quod
588 3550 668 3633 ab
728 3550 902 3633 obitu
962 3549 1245 3630 Gregorii
1301 3549 1563 3614 senioris
1624 3572 1824 3632 usque
1880 3554 1956 3612 ad
2017 3549 2323 3633 Theelogi
2377 3555 2442 3614 in
2499 3554 2804 3616 Isauriam
2882 3572 3193 3615 secessum
3267 3549 3571 3615 efﬂuxit.‘
3612 3558 3774 3615 Cum

357 3628 525 3689 enim
582 3629 946 3714 'l‘heologus
1002 3628 1147 3714 hac,
1180 3633 1245 3693 in
1301 3634 1585 3695 oratione
1642 3628 2006 3713 Gregorium
2066 3628 2350 3714 patrem,
2423 3654 2502 3696 ne
2557 3635 2746 3695 semel
2807 3634 3101 3714 quidem,
3172 3640 3242 3695 ut
3294 3636 3357 3694 in
3416 3635 3554 3695 aliis
3614 3654 3775 3694 cono

355 3715 687 3792 sueverat,
764 3711 1221 3783 nominaverit,
1304 3732 1377 3774 eo
1442 3715 1574 3792 jam
1635 3711 1786 3773 vita'
1841 3711 2086 3774 functo'
2132 3715 2410 3775 habitam
2491 3734 2623 3776 esse
2687 3711 3045 3776 nullatenus
3106 3714 3542 3777 dubitandum.
3602 3716 3780 3777 Obiit

358 3794 569 3874 antem
634 3791 969 3874 Gregorius
1026 3795 1271 3874 senior,
1334 3800 1404 3853 ut
1452 3791 1518 3853 in
1579 3796 1813 3855 Monito
1889 3795 2265 3874 praecedenti
2321 3795 2633 3869 vidimus,
2704 3796 2907 3856 medio
2964 3795 3212 3856 circiter
3266 3815 3433 3856 anno
3487 3796 3602 3855 374
3640 3841 3657 3865 .
3714 3802 3783 3856 et

355 3868 843 3954 Theologusin
896 3872 1197 3954 Isauriam
1258 3892 1426 3935 anno
1485 3875 1771 3953 sequenti
1824 3868 2096 3947 secessit,
2147 3882 2217 3936 ut
2273 3894 2349 3935 ex
2398 3894 2605 3936 rerum
2663 3876 2808 3937 inde
2860 3883 3176 3953 gestarum
3224 3877 3382 3936 serie
3429 3876 3775 3954 colligitur.

354 3949 667 4036 Praeterea
720 3950 1034 4036 Julianus,
1087 3953 1273 4031 juxta
1317 3949 1798 4036 _Tillemontium
1854 3955 2013 4036 (44),
2073 3955 2193 4016 hoc
2250 3956 2389 4035 ipso
2448 3975 2612 4017 anno
2668 3958 2784 4016 374
2841 3949 3246 4035 exsequendis
3303 3956 3549 4016 tributis
3584 3949 3782 4034 ἰπερ-

356 4028 556 4089 fectus
611 4036 725 4090 est.
786 4033 965 4094 Unde
1021 4028 1147 4094 non
1211 4034 1374 4095 male
1415 4035 1789 4116 conjicitur,
1852 4028 2016 4097 hanc
2073 4053 2188 4114 pro
2245 4028 2661 4116 pauperibus,
2722 4036 2960 4097 clericis
2997 4028 3100 4097 iet
3157 4035 3479 4097 monachis
3534 4028 3780 4098 cretio-

357 4125 525 4179 nem,
587 4117 857 4173 exeunte
915 4130 1082 4175 anno
1137 4116 1278 4189 374,
1335 4115 1433 4176 vel
1490 4115 1747 4178 ineunte
1801 4116 1938 4191 375,
1999 4117 2323 4178 recitatam
2381 4116 2592 4177 fuisse.

454 4238 543 4381 42)
575 4240 760 4311 Epist.
792 4243 882 4299 67.
2183 4248 2299 4320 (44)
2328 4250 2452 4304 Art.
2484 4265 2622 4318 xm,
2655 4265 2713 4320 p.
2746 4247 2869 4305 404.

454 4308 521 4364 43
569 4310 762 4369 Carm.
792 4315 865 4370 ad
893 4314 1014 4372 Jul.

453 4308 539 4372 43)
569 4308 762 4369 carm.
792 4315 865 4370 ad
893 4314 1014 4372 Jul.

762 4568 1225 4668 ORATIO
1303 4574 1526 4668 XIX
1547 4588 1603 4667 ³.

2607 4598 3009 4695 ΛΟΓΟΣ
3111 4596 3268 4691 ΙΘ.

361 4727 517 4784 364
549 4733 628 4785 De
655 4732 773 4787 suis
799 4735 1170 4801 sermonibus,
1192 4740 1242 4791 et
1265 4737 1336 4792 ad
1358 4737 1647 4794 lulianum
1676 4740 1995 4795 tributorum

1989 4757 2006 4794 1
2040 4722 2084 4787 Β
2256 4735 2351 4797 Εἷς
2379 4736 2505 4797 τοὺς
2538 4733 2754 4810 λόγους,
2786 4732 2977 4810 καίιεῖς
2998 4734 3097 4810 εον
3132 4731 3391 4801 ἐξισωτήν
3424 4728 3623 4784 Ἰουλι-

976 4800 1399 4879 exaequatorem.

2620 4800 2630 4810 '
2742 4800 2747 4802 '
2796 4800 2920 4859 ανόν
2960 4807 3093 4877 (45).

434 4889 777 4954 Ι.011ω1111111
831 4892 952 4949 haec
996 4897 1264 4968 tyrannis
1314 4903 1423 4966 est,
1452 4916 1568 4969 qua
1614 4916 1681 4956 ex
1729 4899 2014 4955 charitate

2188 4898 2266 4954 A'.
2323 4894 2412 4957 Τίς
2470 4896 2504 4964 ἡ
2554 4894 2823 4967 τυραννὶς,
2871 4895 2938 4963 ἦν
2988 4893 3038 4963 ἐξ
3088 4892 3303 4967 ἀγάπης
3353 4889 3433 4944 ἀεὶ
3482 4891 3778 4964 τυραννοῦ-

362 4978 597 5035 assidue
640 4982 1004 5052 premimur?
1051 4986 1325 5049 Quaenam
1375 4989 1662 5059 sapientia
1710 4993 1911 5045 nostra
1955 4999 1996 5045 e1

2138 4985 2291 5053 1.801;
2347 4984 2430 5045 τίς
2488 4986 2522 5052 ἠ
2584 4982 2690 5055 ἐμὴ
2732 4982 2891 5059 σοφία
2946 4981 3034 5036 καὶ
3068 4980 3371 5051 ἐπιστήμη,
3429 4975 3590 5045 δι’ἦν
3649 4980 3772 5032 καθ’

362 5066 627 5137 scientia,
657 5070 730 5125 ob
761 5087 938 5142 quam
973 5074 1133 5130 festis
1164 5077 1440 5133 omnibus
1470 5076 1677 5132 diebus
1709 5094 1996 5149 oppugna-

2138 5074 2343 5139 ,κάστην
2401 5074 2697 5146 πανήγυριν
2759 5069 3188 5145 πολεμούμεθα;
3260 5068 3400 5143 Ἐγὼ
3492 5067 3589 5139 μὲν
3669 5070 3772 5141 γὰρ

362 5155 533 5211 mur?
552 5156 835 5229 Equidem
858 5161 1119 5234 undique
1142 5164 1431 5235 meipsum
1450 5165 1757 5235 explorans
1772 5168 1830 5219 et
1846 5182 1983 5220 excu

2143 5159 2371 5233 ιῦδεμίαν
2418 5160 2665 5235 εὑρίσκω,
2721 5160 3058 5235 πανταχόθεν
3098 5158 3326 5231 ἐμαυτὸν
3364 5155 3620 5231 διεξάγων
3660 5159 3777 5228 (46)

358 5244 530 5311 tiens,
555 5244 779 5304 nullam
811 5250 1049 5305 omnino
1082 5250 1331 5307 invenio.
1367 5252 1649 5307 Czeterum
1683 5252 1792 5307 hoc
1823 5269 1992 5307 11111111

2136 5250 2203 5303 Lai
2233 5249 2539 5305 διευθύνων.
2576 5249 2729 5318 Πλὴν
2762 5246 2815 5302 ἓν
2866 5270 2925 5323 γε
2972 5252 3132 5301 τοῦτο
3183 5246 3401 5319 ἐμαυτῷ
3451 5244 3770 5299 συνεπίστα-

430 5368 504 5444 (α)
537 5368 694 5425 Alias
726 5372 814 5441 IX,
849 5390 974 5444 quas
1009 5380 1202 5429 autem
1232 5376 1297 5428 19
1327 5379 1470 5439 erat,
1507 5390 1661 5428 nunc
1694 5376 1777 5427 18.
1803 5405 1870 5414 ——
1900 5377 2005 5431 Ha-
2114 5374 2380 5429 Nazianzi
2415 5380 2646 5429 exactor
2685 5378 2825 5429 erat.
2856 5396 2881 5422 ››
2910 5373 3068 5428 Alter
3113 5373 3293 5427 codex
3340 5370 3521 5438 addit,
3553 5366 3641 5421 κειὶ
3693 5368 3771 5428 εἰς

361 5438 761 5521 hita_exe_unte
789 5438 944 5521 anno
972 5447 1096 5509 374,
1128 5445 1215 5500 vel
1244 5438 1483 5521 ineunte
1511 5446 1634 5521 _3_‘_75.
1946 5517 1979 5521 __

2132 5447 2211 5511 εήν
2259 5445 2605 5521 ἀπογραφήν,
2639 5470 2667 5495 ‹‹
2720 5447 2778 5500 in
2827 5445 3305 5517 descriptionem,
3335 5466 3356 5492 ιο
3393 5458 3518 5509 seu,
3553 5466 3579 5490 α
3631 5457 3766 5496 cen-

436 5510 904 5586 ({I5)r’lou)uav6v.
966 5521 1120 5586 Reg.
1161 5535 1211 5581 n,
1272 5516 1414 5581 Jes.,
1473 5515 1685 5586 aliique
1742 5517 2005 5586 nonnulli

688 5510 904 5570 ιλιανόν.
966 5521 1120 5586 Reg.
1161 5535 1211 5581 n,
1272 5516 1414 5581 Jes.,
1473 5515 1685 5586 aliique
1742 5517 2005 5586 nonnulli
2116 5510 2322 5572 sum.»

365 5579 1229 5661 9111111111,σομφοιτητὴνᾜεῦτοῦ
1286 5579 1608 5660 γενόμενον,
1649 5585 1737 5641 καὶ
1794 5584 1999 5642 ἔκδικον

2186 5590 2297 5661 (415)
2330 5587 2611 5661 Διεξάγκυν,
2672 5594 2795 5661 etc.
2839 5587 3069 5661 Nicetes
3125 5586 3364 5661 exponit
3412 5601 3425 5637 :
3479 5581 3762 5653 ἐξετάζων,

366 5653 687 5721 Ναζιανζοῠ,
724 5653 902 5727 «'qui
960 5658 1147 5730 ipsius
1204 5653 1903 5734 1³1161111ὀοῐ1άὶεοὶρ111υε,
1952 5668 2000 5718 et

1790 5662 1903 5730 lus,
1952 5668 2007 5718 et
2113 5653 2201 5714 καῖ
2235 5653 2539 5734 διερευθῶθ,
2577 5653 2605 5711 α’
2634 5660 2942 5735 inquirens
2971 5660 3029 5717 et
3055 5653 3363 5731 indagans.
3390 5677 3419 5705 ››
