4138 6212
332 348 488 410 1045

812 354 1105 417 ORATIO
1147 356 1307 418 XIX.
1341 390 1415 401 —
1446 360 1552 419 AD
1596 357 1999 420 JULIANUM
2043 356 2563 419 TRIBUTORUM
2612 356 3248 428 lCXzEQUATOREM.

3575 358 3735 418 1046

330 501 449 553 μαι,
478 482 569 535 καὶ
598 479 729 544 ἴσως
764 481 826 537 οὐ
874 484 1098 560 φαῦλον,
1130 486 1224 541 κᾶν
1274 507 1415 550 τινες
1464 488 1709 559 ιῦήθειαν
1768 489 1964 561 ὀνομά-

2085 490 2229 545 mihi
2264 490 2536 545 conscius
2574 504 2728 556 sum,
2762 507 2829 545 ac
2874 492 3118 545 fortasse
3149 507 3263 545 non
3311 490 3643 560 improbum
3674 496 3733 545 et

330 575 512 639 ζωσιν.
564 566 910 643 Ἐὄουλήθην
962 573 1012 629 ἰν
1062 582 1234 650 καιρῷ
1282 578 1373 649 μὲν
1424 598 1582 632 παντι
1642 582 1974 652 νεκρωθῆναι

325 662 405 729 τῷ
467 660 594 733 βίῳ,
653 660 745 715 καὶ
801 665 957 729 ζῆσαι
1014 664 1112 731 τὴν
1183 663 1233 719 ἐν
1302 668 1519 740 Χριστῷ
1593 669 1975 740 κεκρυμμὲνην

330 748 494 820 ζωὴν,
554 748 642 803 καὶ
700 751 937 825 γενέσθαι
997 773 1078 807 τις
1139 753 1581 830 μεγαλὲμπορος,
1641 758 1855 810 πάντων
1902 758 1974 809 ὧν

329 834 444 911 ἔχω
500 838 592 891 τὸν
640 838 823 910 τίμιον
887 839 1236 915 ὠνησάμενος
1294 844 1653 918 μαργαρίτην,
1693 845 1780 898 καὶ
1832 846 1973 898 ἀντι-

329 922 459 986 δοὺς
508 928 622 998 (47)
667 929 735 981 τὰ
783 928 972 1003 ρὲοντα
1017 951 1106 984 και
1157 931 1427 1003 συρόμενα
1468 936 1573 986 τῶν
1606 933 1850 987 ἑστώτων
1884 933 1971 986 καὶ

328 1014 587 1088 οὐρανίων
616 1035 628 1047 ·
662 1015 800 1092 ἥπερ
836 1015 901 1086 δὴ
940 1024 1321 1094 πραγματειῶν
1358 1021 1579 1096 μεγίστη
1630 1020 1719 1075 καὶ
1757 1016 1971 1095 βεϐαιο-

323 1103 455 1173 τάτη
489 1108 606 1165 τοῖς
636 1125 695 1180 γε
723 1110 846 1159 νοῦν
876 1103 1091 1181 ἔχουσιν
1120 1129 1131 1139 ·
1168 1109 1212 1162 εἰ
1244 1107 1290 1162 δ’
1351 1109 1448 1164 οὐκ
1477 1112 1610 1183 (48),
1647 1107 1793 1164 ἀλλὰ
1843 1113 1971 1163 τοῦ-

324 1191 384 1245 τό
416 1214 477 1267 γε
524 1201 872 1268 καρτερῆσαι,
914 1194 1314 1272 παραχωρῆσαι
1343 1203 1449 1252 τῶν
1483 1199 1683 1273 θρόνων
1714 1201 1824 1272 (49)
1855 1203 1970 1259 τοῖς

328 1278 708 1355 βουλομένοις,
756 1282 915 1344 αὐτὸς
968 1281 1023 1337 δὲ
1082 1282 1171 1339 διὰ
1223 1286 1342 1360 βίου
1397 1290 1661 1360 παῖς
1696 1288 1823 1341 εἶναι
1881 1288 1969 1341 καὶ

328 1371 600 1442 μαθητὴς,
664 1370 859 1445 μέχρις
916 1373 973 1427 ἃν
1031 1380 1148 1435 τοῖς
1207 1373 1463 1447 ποτίμοις
1492 1380 1596 1429 τῶν
1634 1376 1814 1449 λόγων
1842 1374 1969 1437 τοὺς

322 1456 606 1533 ἁλμυροὺς
649 1457 1069 1533 ἀποκλύσωμαι.
1116 1466 1209 1519 "Ev
1261 1464 1354 1535 μὶν
1406 1460 1471 1532 δὴ
1512 1469 1673 1518 τοῦτο
1706 1470 1802 1532 τῆς
1834 1464 1970 1536 ἐμῆς

323 1545 458 1601 ἰστω
489 1548 601 1617 (51)
633 1545 977 1625 φιλοσοφίας,
1011 1547 1118 1605 εἴτε
1144 1550 1413 1621 εὐηθείας,
1447 1550 1537 1606 καῖ
1567 1556 1784 1628 πρῶτον
1809 1572 1819 1583 ·
1856 1550 1970 1607 δεύ-

321 1655 497 1711 τερον,
537 1633 614 1704 δὲ,
644 1635 675 1690 8
703 1636 791 1691 καὶ
827 1639 1100 1713 μέγιστον.

2086 579 2649 650 reprehendendum,
2683 580 3060 649 quantumvis
3110 578 3371 633 nonnulli
3416 577 3724 634 stultitiam

2084 668 2142 723 id
2191 667 2503 738 appellent.
2542 667 2689 722 Illud
2733 669 3027 738 optabam,
3062 667 3311 723 maxime
3340 668 3578 737 quidem
3628 685 3731 739 per

2085 772 2317 812 omnem
2348 756 2475 810 vitae
2506 773 2765 821 cursum,
2790 757 2926 811 huic
2961 758 3179 811 mundo
3210 756 3730 828 emori,vitamque

2083 844 2139 898 in
2173 843 2401 898 Christo
2432 845 2833 899 absconditam
2855 846 2901 878 79
2944 846 3174 910 ducere,
3204 861 3270 899 ac
3302 844 3496 915 magni
3530 846 3729 915 cujus-

2084 934 2215 987 dam
2252 933 2629 1002 negotiatoris
2660 934 2867 1002 instar,
2900 934 3075 987 rebus
3108 933 3255 987 meis
3285 933 3581 996 omnibus,
3606 950 3731 1005 pre-

2084 1021 2292 1075 tiosam
2351 1020 2509 1075 illam
2569 1021 2943 1093 margaritam
3000 1038 3191 1075 emere
3217 1022 3281 1087 ⁸ο,
3316 1021 3619 1093 ﬂuxasque
3674 1027 3732 1076 et

2084 1109 2318 1180 fragiles
2352 1125 2492 1179 Opes
2518 1125 2648 1163 cum
2678 1109 2861 1163 firmis
2891 1113 2949 1163 et
2974 1108 3305 1163 coelestibus
3328 1114 3689 1165 commutare
3714 1128 3727 1165 :

2083 1214 2210 1269 quae
2242 1198 2479 1269 quidem
2526 1198 2832 1269 negotiatic
2872 1214 3014 1252 sana
3044 1201 3235 1251 mente
3267 1198 3525 1267 praeditis
3560 1198 3733 1270 longe

2083 1288 2339 1342 maxima
2371 1292 2459 1342 est
2491 1303 2555 1341 ac
2582 1287 2940 1355 certissima;
2974 1288 3127 1357 quod
3154 1287 3201 1341 si
3225 1286 3422 1341 minus
3452 1288 3731 1359 consequi

2084 1392 2337 1448 possem,
2367 1392 2459 1431 me
2490 1380 2643 1431 certe
2684 1376 2766 1431 ita
2806 1376 3121 1440 continere,
3156 1379 3220 1430 ut
3250 1375 3532 1431 sublimes
3561 1378 3732 1433 sedes

2082 1465 2174 1531 iis,
2195 1464 2294 1535 qui
2328 1479 2531 1518 earum
2569 1464 2889 1535 cupiditate
2920 1464 3291 1530 ducerentur,
3316 1465 3727 1534 concederem;

2081 1554 2207 1625 ipse
2235 1569 2367 1608 vero
2400 1568 2499 1623 per
2529 1556 2711 1607 totam
2742 1556 2921 1608 vitam
2966 1552 3116 1608 inter
3146 1569 3356 1625 pueros
3385 1558 3442 1608 et
3470 1552 3729 1625 discipu-

2079 1642 2167 1698 los
2196 1657 2482 1706 censerer,
2508 1643 2699 1711 quoad
2734 1641 2890 1696 dulci
2920 1642 3187 1696 doctrina
3229 1641 3448 1697 salsam
3480 1646 3538 1697 et
3566 1658 3728 1697 ama-

323 1741 450 1780 ram
500 1725 825 1783 doctrinam
876 1728 1176 1785 eluissem.
1210 1728 1337 1785 Haec
1385 1735 1581 1786 autem
1636 1746 1796 1798 meae,
1830 1732 1949 1787 sive
1999 1730 2404 1803 philosophia,
2444 1730 2565 1784 sive
2614 1729 2972 1793 stoliditatis,
3005 1730 3196 1799 prima
3243 1746 3422 1785 causa
3474 1731 3727 1805 exstitit:

322 1813 565 1871 alteram
595 1831 750 1887 vero,
782 1833 1030 1890 eamque
1059 1818 1492 1889 gravissimam,
1525 1836 1680 1875 nunc
1712 1820 1927 1875 audite.

392 1902 460 1955 B'.
496 1899 718 1971 Ἐπειδὴ
766 1902 915 1978 Λόγῳ
962 1904 1053 1959 τὸν
1100 1910 1209 1960 τῶν
1259 1904 1484 1960 πολλῶν
1521 1904 1686 1980 λόγον
1721 1906 1964 1982 ἐπισχεῖν

2148 1907 2214 1962 ΙΙ.
2238 1908 2525 1974 Quoniam
2548 1908 2708 1963 enim
2732 1906 3057 1961 multorum
3087 1906 3383 1962 hominum
3416 1906 3728 1977 loquacita-

324 1988 431 2064 οὐχ
474 1988 589 2052 οἷός
633 2011 693 2045 τε
740 1990 1031 2067 ἐγενόμην,
1072 1996 1162 2047 καὶ
1192 1996 1293 2062 τήν
1324 1999 1410 2049 νῦν
1442 1994 1774 2069 κατέχουσαν
1833 1998 1967 2049 πάν-

318 2097 413 2138 τας
455 2078 622 2153 φορὰν
670 2080 760 2132 καὶ
822 2080 1149 2154 προθυμίαν,
1209 2082 1286 2144 είς
1338 2084 1399 2137 τὸ
1451 2080 1718 2138 διδάσκειν
1763 2104 1822 2138 τε
1877 2084 1965 2137 καὶ

322 2163 509 2220 λαλεῖν
560 2167 626 2221 τὰ
672 2172 767 2222 τοῦ
818 2169 1129 2242 Πνεύματος
1174 2172 1350 2247 χωρὶς
1402 2171 1712 2245 Πνεύματος
1740 2192 1752 2204 ·
1787 2172 1968 2248 ἐτὲραν

321 2253 515 2324 ἦλθον,
567 2256 640 2317 ὡς
685 2256 915 2329 ἐμαυτὸν
957 2258 1147 2331 πείθω,
1187 2259 1385 2334 βελτίω
1414 2282 1473 2315 τι
1501 2262 1590 2315 καὶ
1623 2261 1964 2336 ἀπονωτὲραν

321 2342 469 2413 ὁδὸν,
501 2343 781 2400 παιδεῦσαι
812 2348 948 2419 πρὸς
981 2349 1215 2423 ἡσυχίαν
1263 2350 1498 2411 ἅπαντας
1546 2350 1625 2422 τῷ
1671 2350 1966 2426 ἀρχετύπῳ

316 2440 419 2502 τῆς
470 2441 714 2503 σιωπῆς·
767 2435 811 2489 εἰ
865 2435 957 2507 μὲν
1006 2458 1056 2490 τι
1094 2436 1229 2512 μέγα
1257 2439 1381 2513 περὶ
1412 2441 1572 2510 ἡμῶν
1607 2438 1833 2507 οἴονται,
1865 2442 1964 2508 τήν

321 2522 600 2598 ὑπεροχήν
632 2521 988 2597 αἰδουμένους
1013 2542 1026 2556 ⁸
1061 2525 1107 2580 εί
1141 2523 1198 2579 δὲ
1232 2527 1423 2603 μικρόν
1455 2547 1513 2582 τε
1542 2528 1630 2581 καὶ
1678 2529 1801 2582 ’ὁσον
1855 2530 1964 2601 (52)

320 2607 488 2681 ἄξιον,
519 2616 598 2683 τῷ
630 2613 890 2686 ὁμοτίμῳ
948 2618 1472 2688 συμμετριάζοντας.
1534 2618 1705 2678 Οὗτος
1738 2618 1765 2671 ὁ
1797 2616 1964 2692 λόγος

320 2705 419 2768 τῆς
447 2699 588 2773 ἐμῆς
615 2704 828 2771 σιωπῆς
850 2722 862 2734 ·
895 2707 1056 2758 τοῦτο
1107 2710 1207 2773 τῆς
1238 2704 1519 2781 καρτερίας
1550 2708 1664 2778 (53)
1694 2708 1852 2779 ἡμῶν
1903 2706 1966 2760 τὸ

324 2791 621 2865 μυστήριον
637 2833 648 2848 .

390 3062 460 3112 Γ’.
494 3054 670 3112 Ἀλλὰ
709 3057 762 3112 τί
812 3057 1006 3127 notem;
1054 3060 1114 3116 Ὁ
1166 3059 1260 3131 μὲν
1312 3056 1456 3123 ἔνθεν
1489 3062 1624 3133 (54),
1657 3061 1685 3114 ὁ
1716 3058 1773 3115 δὲ
1826 3059 1964 3116 ἔνθεν

322 3143 626 3201 διέλκουσιν
687 3148 836 3223 ἡμᾶς
894 3147 983 3201 καὶ
1040 3147 1422 3223 σπαράττουσι,
1482 3150 1572 3203 καὶ
1651 3150 1781 3224 ὑπὲρ
1857 3155 1963 3204 τῶν

2077 2003 2194 2052 tem
2226 2013 2494 2053 sermone
2528 1997 2844 2068 reprimere
2888 2012 3001 2050 non
3032 1995 3216 2067 potui,
3239 2011 3344 2050 nec
3374 1996 3724 2067 promptitu-

2077 2085 2271 2141 dinem
2307 2085 2466 2141 illam
2500 2086 2801 2156 animique
2842 2085 3149 2157 impetum,
3175 2102 3287 2155 quo
3334 2101 3492 2140 nunc
3522 2101 3726 2141 omnes

2077 2176 2148 2229 ad
2196 2191 2263 2230 ea
2294 2192 2419 2246 quas
2451 2174 2707 2245 Spiritus
2755 2178 2915 2242 sunt,
2949 2172 3076 2228 sine
3125 2172 3344 2244 Spiritu
3378 2174 3638 2229 docenda
3667 2178 3726 2229 et

2076 2264 2417 2335 exponenda
2466 2263 2786 2334 praecipites
2840 2262 3128 2328 feruntur,
3161 2261 3404 2317 alteram
3435 2262 3609 2330 viam,
3644 2266 3721 2332 et,

2078 2356 2143 2406 ut
2181 2352 2323 2405 mihi
2377 2353 2721 2423 persuadeo,
2758 2352 3057 2405 meliorem
3110 2350 3424 2421 minusque
3470 2350 3726 2407 laborio-

2076 2456 2225 2507 sam,
2260 2440 2565 2511 ingreesus
2593 2456 2747 2507 sum,
2780 2444 2846 2493 ut
2890 2437 3183 2510 proposito
3214 2438 3431 2493 silentii
3463 2438 3726 2511 exemplo

2076 2534 2311 2583 czetercs
2341 2529 2413 2584 ad
2441 2528 2741 2583 silentium
2764 2527 3058 2583 erudirem
3084 2544 3096 2582 :
3121 2527 3170 2581 si
3194 2528 3431 2599 quidem
3455 2528 3529 2582 de
3558 2528 3728 2584 nobis

2078 2616 2397 2673 honorifice
2446 2615 2720 2683 sentiant,
2755 2616 3156 2688 prastantiam
3190 2615 3408 2671 honore
3457 2632 3523 2671 ac
3570 2632 3727 2671 reve-

2076 2705 2264 2761 rentia
2297 2709 2749 2777 prosequentes;
2793 2705 2881 2759 sin
2915 2707 3109 2760 autem
3155 2720 3363 2776 parum
3395 2704 3726 2776 magniﬁce,

2077 2810 2144 2850 ac
2174 2795 2417 2866 perinde
2444 2798 2510 2849 ut
2540 2794 2784 2865 dignum
2817 2797 2925 2863 est,
2959 2792 3201 2864 aequalis
3233 2793 3325 2849 sui
3358 2792 3728 2849 mediocrita-

2074 2888 2191 2938 tem
2224 2883 2546 2941 imitantes.
2580 2883 2710 2938 Haac
2760 2898 2900 2938 meae
2948 2882 3368 2938 taciturnitatis
3400 2882 3574 2951 ratio;
3619 2883 3729 2939 hoc

2076 2971 2373 3027 obﬁrmati
2404 2971 2687 3044 propositi
2716 2971 2901 3027 nostri
2933 2971 3264 3027 consilium.

2149 3062 2242 3116 ΙΙΙ.
2276 3064 2348 3116 Αι
2376 3062 2518 3132 quid
2563 3060 2813 3116 faciam?
2844 3060 2955 3115 Alii
3007 3059 3245 3115 aliunde
3276 3075 3370 3115 me
3396 3059 3644 3115 trahunt
3673 3063 3731 3116 et

2076 3149 2357 3215 lacerant,
2390 3166 2456 3204 ac
2488 3150 2558 3204 de
2590 3149 2733 3203 meis
2773 3147 3076 3203 laboribus
3123 3147 3266 3202 mihi
3316 3146 3474 3203 litem
3506 3153 3725 3215 creant,

320 3233 466 3307 ἱμῶν
522 3233 827 3304 δικάζονται
888 3235 1093 3305 πόνων,
1155 3235 1334 3311 ὣσπερ
1379 3235 1519 3291 ἄλλο
1564 3257 1615 3291 τι
1668 3238 1831 3314 ’χρέος
1877 3239 1964 3293 τὸν

320 3318 339 3340 Ν
370 3321 382 3340 Ι
579 3323 592 3340 9
827 3325 839 3340 Ι
1062 3324 1075 3340 9
1208 3324 1218 3340 Ι
1626 3325 1639 3340 \
1728 3326 1741 3340 ιι
1873 3332 1897 3340 .-

2084 3254 2435 3302 sermonem,
2468 3254 2583 3293 non
2626 3253 2794 3292 secus
2826 3253 2892 3291 ac
2932 3238 3082 3292 865
3118 3236 3382 3291 debitum
3415 3237 3729 3307 quoddam,

320 3318 484 3396 λόγον
567 3323 954 3398 ἀπαραιτήτως
1032 3324 1460 3400 εἷσπράττοντες,

324 3409 533 3483 μᾶλλον
592 3412 626 3480 ἢ
688 3411 847 3474 αὐτὸς
906 3412 1175 3486 ἐμαυτόν
1235 3412 1323 3467 καὶ
1392 3412 1493 3469 εἶσὶ
1566 3412 1759 3477 πάντες
1831 3414 1965 3487 ἐμοῦ

320 3500 641 3577 σοφώτεροι,
672 3499 919 3570 πλέον,ἣ
976 3499 1084 3576 ἐγὼ
1140 3503 1497 3577 γινώσκοντες
1554 3502 1739 3577 καιρὸν
1799 3502 1966 3579 λόγου

318 3589 353 3657 ἣ
539 3596 752 3659 σιωπῆς
778 3609 790 3622 ·
826 3590 915 3644 καί
948 3612 1104 3669 φασιν
1134 3591 1231 3646 οὐκ
1268 3591 1505 3663 ἀνήσειν,
1541 3591 1720 3668 ὣσπερ
1754 3590 1966 3667 σιδήρῳ

318 3683 532 3752 πυρῖτιν
596 3681 703 3751 (56)
755 3676 927 3751 λίθον,
990 3680 1232 3741 παίοντες
1289 3682 1438 3753 ἡμᾶς
1514 3685 1629 3741 τοῖς
1686 3679 1964 3747 ὀνείδεσιν,

316 3762 420 3828 ἕως
452 3766 511 3821 ἂν
546 3766 603 3821 ἐκ
639 3772 835 3842 μικροῦ
885 3770 1179 3843 σπινθῆρος
1229 3770 1318 3823 τὸν
1376 3774 1484 3823 τῶν
1520 3767 1701 3844 λόγων
1763 3770 1962 3840 πυρσὸν

316 3854 612 3926 ἀνάψωσιν.
673 3854 815 3925 Ἤδη
876 3854 933 3911 δὲ
983 3878 1120 3919 τινες
1178 3856 1352 3911 αὐτῶν
1424 3858 1512 3911 καὶ
1576 3858 1963 3931 ὑπισχνοῦνται

316 3944 681 4019 χρηστότερα,
729 3946 817 3999 καὶ
877 3946 1090 4020 μεγάλα
1140 3945 1484 4020 προτιθέασιν
1534 3945 1673 4000 ἆθλα
1721 3951 1837 4006 τοῖς
1872 3944 1965 4000 λό-

313 4053 431 4107 γοις
459 4051 472 4066 ⁸
504 4036 717 4108 πρῶτον
756 4033 848 4106 μὶν
880 4034 1099 4096 ἑαυτοὺς
1132 4034 1462 4105 εὐποιήσειν,
1498 4032 1676 4096 δοντες
1718 4038 1794 4105 τῷ
1851 4039 1965 4105 Θεῷ

315 4121 404 4175 καὶ
461 4123 597 4194 ἡμῖν
659 4121 734 4184 είς
791 4123 883 4177 τὸν
942 4122 1099 4199 λόγον
1151 4130 1601 4200 καρποφορῆσαιο
1638 4119 1821 4178 ἔπειτα
1874 4123 1963 4177 καὶ

313 4207 508 4263 τούσδε
552 4211 771 4283 πάντας,
822 4208 911 4265 διὰ
962 4217 1060 4281 τῆς
1107 4211 1431 4290 ἀπογραφῆς
1499 4214 1632 4285 (57),
1693 4212 1783 4265 τὸν
1835 4209 1964 4283 ἐμὸν

317 4297 542 4374 κλῆρον,
595 4296 743 4374 εἷίπερ
792 4299 923 4373 ἐμὸς
978 4300 1005 4353 ὁ
1062 4303 1345 4376 πατρικὸς,
1405 4302 1467 4356 τὸ
1527 4301 1655 4374 ἐμὸν
1684 4300 1962 4373 ποίμνιον,

316 4385 409 4450 οὕς
443 4385 563 4442 λίαν
598 4385 866 4458 ἀδικοίην,
900 4389 975 4462 μὴ
1017 4390 1191 4443 πάντα
1236 4390 1438 4463 τρόπον
1486 4389 1777 4465 εὐεργετεῖν
1827 4409 1960 4463 προ-

1553 3325 1641 3379 καὶ
1717 3326 1964 3401 ἀγαπῶσι

384 4506 431 4541 7°
458 4506 678 4563 Coloss.
714 4524 798 4573 ιιι,
829 4508 883 4561 3.
958 4507 1004 4542 ⁸ο
1036 4507 1239 4564 Matth.
1272 4525 1398 4573 xm,
1429 4509 1496 4562 45
1525 4524 1689 4580 seqq.

409 4622 494 4694 47)
528 4618 829 4694 ᾊντιδούς.
862 4623 1003 4690 188.,
1031 4619 1359 4694 ἀντιδιδούς,

412 4687 499 4765 48)
531 4687 659 4748 Οὔκ.
694 4693 833 4765 Reg.
868 4687 998 4761 bm,
1023 4692 1136 4748 οὗν.

408 4763 497 4834 49)
525 4767 640 4818 Τῶν
686 4763 912 4839 θρόνων.
963 4765 1137 4839 Coisl.
1171 4766 1222 4839 1,
1254 4765 1344 4818 τὸν
1392 4765 1605 4836 Θρόνον.
1639 4766 1733 4820 Sic
1786 4764 1963 4839 etiam

315 4832 567 4910 maetas,
598 4837 698 4908 qui
723 4832 1119 4910 ’διδασκαλικόν
1168 4832 1225 4891 id
1270 4843 1376 4903 est,
1404 4832 1434 4887 (ἑ
1464 4838 1728 4910 magistri
1762 4836 1961 4892 cathe-

316 4907 503 4998 dram,
530 4928 559 4998 η
591 4907 660 4998 ex
680 4907 1003 4998 Spisccp'ali
1036 4926 1296 4998 munere,
1329 4907 1581 4993 exponit:

388 4979 497 5049 (50)
530 4977 628 5032 Διὰ
678 4977 1018 5053 βίουηαᾚοιι
1064 4986 1245 5036 totam
1294 4977 1494 5037 vitam.
1523 5005 1548 5030 ››
1590 4980 1684 5036 Sic
1731 4979 1962 5053 Nicetes

315 5046 735 5123 interpretatur
767 5069 780 5105 ε
814 5046 881 5123 δι’
912 5048 1047 5118 ὅλης
1092 5071 1195 5123 μου
1223 5057 1321 5120 τῆς
1358 5058 1523 5121 ζωῆς.
1558 5053 1753 5121 Neque
1782 5050 1961 5123 enim

316 5120 537 5177 mirum
566 5123 750 5179 videri
781 5122 970 5191 debet,
1004 5120 1348 5195 Gregorium
1396 5120 1559 5181 tanto
1612 5120 1961 5178 humilitatis

318 5208 515 5265 amore
544 5196 874 5264 przeditum,
902 5194 1054 5249 inter
1086 5194 1295 5265 pnercs
1326 5213 1391 5250 ac
1422 5196 1745 5265 discipulos
1778 5197 1960 5248 totam

314 5264 494 5337 vitam
525 5267 844 5337 transigere
874 5264 1262 5337 desiderasse,
1290 5268 1480 5336 quoad
1513 5264 1665 5321 dulci
1700 5265 1964 5319 doctrina

316 5335 537 5391 salsam
568 5341 625 5392 et
653 5335 914 5393 amaram
942 5336 1204 5393 aluisset.
1236 5335 1391 5393 Unde
1414 5340 1558 5395 satis
1588 5339 1807 5392 indicat
1838 5342 1961 5389 tum

319 5423 549 5463 morum
579 5414 704 5463 tum
737 5409 1011 5463 doctrinae
1046 5409 1357 5465 nuritatem
1398 5416 1518 5465 toto
1548 5410 1675 5463 vita:
1707 5417 1965 5465 tempore

319 5427 549 5463 morum
579 5427 704 5463 tum
737 5427 1011 5463 (1001.“th
1086 5427 1357 5464 uritatem
1398 5427 1518 5465 toto
1548 5427 1675 5463 vitae
1707 5427 1821 5463 rem
1870 5427 1959 5462 ore

312 5479 411 5534 vix
441 5480 766 5552 comparari
803 5496 992 5552 posse.
1028 5427 1164 5552 ἕψε
1194 5481 1494 5537 silentium
1528 5498 1639 5534 non
1678 5506 1696 5527 α
1736 5427 1959 5552 storidi-

316 5556 433 5625 tae,
458 5574 484 5600 η
518 5550 617 5607 sed
652 5576 680 5602 ‹‹
715 5550 1027 5625 prudentia
1066 5550 1259 5625 potius
1290 5570 1356 5607 ac
1389 5554 1671 5607 modestia
1702 5574 1729 5625 Ρ
1764 5550 1962 5625 appel-

318 5621 429 5678 lari
462 5624 652 5680 debet.
688 5618 813 5681 Non
871 5618 1236 5697 igitur‘bene
1288 5625 1510 5697 Billius,
1543 5625 1641 5695 qui
1699 5618 1966 5697 Bza‘z'ﬁiw

320 5710 425 5769 per
451 5718 471 5747 ι
496 5697 784 5770 tantisper
805 5718 834 5749 »
854 5692 1065 5753 re'ddit.
1097 5697 1237 5762 Quis
1266 5696 1421 5755 enim
1452 5692 1703 5769 ignorat,
1737 5692 1967 5749 nullum

386 4624 403 4835 ἑ

481 4626 499 4834 ἒ

2080 3328 2265 3399 rigide
2294 3327 2647 3398 ﬂagitantes,
2682 3342 2891 3397 meque
2942 3325 3365 3395 vehementius,
3395 3341 3573 3396 quam
3624 3341 3729 3397 ego

2077 3415 2729 3488 meipsum,diligentes,
2747 3431 2813 3469 ac
2836 3430 2927 3469 me
2948 3429 3150 3469 omnes
3168 3413 3727 3486 sapientiavincunt,

2078 3512 2142 3560 ut
2172 3506 2267 3575 qui
2319 3504 2607 3560 sermonis
2655 3503 2997 3575 silentiique
3025 3509 3262 3575 tempus
3316 3502 3504 3574 magis
3551 3519 3728 3574 quam

2076 3610 2201 3664 ego,
2238 3593 2536 3665 cognitum
2569 3597 2626 3647 et
2656 3591 3021 3664 exploratum
3072 3592 3339 3647 habeant.
3375 3592 3523 3656 Quin
3556 3592 3728 3646 etiam

2077 3685 2292 3752 negant
2331 3698 2392 3735 se
2424 3685 2577 3746 ante,
2614 3685 2676 3734 ut
2708 3680 2933 3735 silicem
2965 3680 3140 3749 ferro,
3172 3679 3257 3734 sic
3310 3695 3402 3733 me
3451 3678 3729 3734 conviciis

2078 3768 2362 3824 tundendi
2394 3769 2566 3823 linem
2600 3768 2877 3836 facturos,
2911 3785 3088 3838 quam
3137 3784 3206 3822 ex
3244 3784 3421 3837 parva
3471 3765 3730 3820 scintilla

2075 3859 2373 3929 ingentem
2395 3873 2735 3912 sermonum
2760 3857 3057 3911 ﬂammam
3082 3855 3408 3910 excitarint.
3425 3854 3559 3909 Jam
3592 3870 3724 3909 vero

2076 3947 2316 4018 quidam
2372 3946 2548 4000 etiam
2603 3945 2961 4015 jucundiora
3020 3943 3399 4014 promittunt,
3459 3941 3725 4013 meisque

2075 4035 2447 4092 sermonibus
2496 4034 2736 4105 praemia
2790 4048 3005 4102 magna
3052 4036 3412 4103 proponunt;
3464 4030 3720 4102 primum

2075 4123 2333 4195 quidem,
2358 4126 2422 4176 ut
2454 4123 2525 4177 de
2547 4121 2759 4193 seipsis
2782 4121 3000 4191 optime
3032 4124 3393 4185 mereantur,
3417 4119 3530 4174 Deo
3554 4120 3725 4174 nimi-

2075 4229 2203 4268 rum
2238 4228 2303 4266 ac
2333 4211 2505 4265 nobis
2536 4211 2644 4265 hoc
2675 4211 2901 4277 dantes,
2935 4213 3001 4264 ut
3043 4225 3187 4264 suus
3217 4207 3463 4263 orationi
3513 4212 3722 4263 nostris

2074 4301 2300 4355 fructus
2332 4303 2561 4355 constet
2592 4316 2605 4354 :
2641 4298 2851 4353 deinde
2880 4302 2947 4354 ut
2989 4297 3379 4369 descriptione
3408 4296 3514 4352 hos
3544 4296 3719 4351 etiam

2073 4406 2275 4446 omnes
2300 4390 2536 4460 juvant;
2559 4389 2691 4455 hos,
2714 4389 2978 4459 inquam,
3001 4392 3216 4443 sortem
3242 4403 3455 4454 meam,
3478 4386 3527 4442 si
3551 4386 3722 4442 modo

1996 4626 2042 4690 Ι)
2075 4638 2204 4677 esse
2261 4622 2413 4676 inter
2465 4620 2757 4688 homines,
2781 4620 2883 4691 qui
2918 4642 2943 4668 ‹‹
2976 4619 3263 4691 tantisper
3308 4639 3336 4668 ι»
3392 4616 3721 4690 discipulus

2074 4710 2202 4749 esse
2234 4710 2347 4746 non
2378 4691 2630 4746 debeat?

2146 4765 2257 4846 (ῆι)
2288 4764 2484 4846 ’[εξστω.
2519 4763 2691 4818 Deest
2747 4762 2803 4815 in
2862 4764 3023 4816 Pass.
3060 4760 3199 4834 Reg.
3242 4778 3293 4830 c,
3346 4760 3541 4827 habet,
3590 4755 3717 4827 οἷ’τε,

2413 4901 2559 4985 ὅσον,
2593 4904 2686 4985 Sic
2716 4908 2831 4985 tres
2876 4904 3073 4985 Regg.,
3106 4906 3213 4958 etc.
3250 4905 3310 4985 In
3345 4903 3459 4985 ed.,
3492 4898 3719 4985 καὶούχ

2071 4972 2270 5045 ὅσον,’‹‹
2306 4994 2409 5032 nec
2442 4976 2681 5047 perinde
2727 4980 2903 5046 atque
2934 4972 3177 5047 dignum
3208 4981 3315 5045 est,
3345 4997 3372 5025 »
3403 4979 3466 5030 ut
3512 4972 3718 5029 Billius'

2071 5050 2512 5105 interpretatur.

2141 5068 2598 5261 (ἓὲἳιξέιέζὲἔίας.
2643 5117 2818 5175 Cois].
2849 5120 2902 5183 2,
2937 5115 3231 5191 σωτηρίας,
3268 5138 3296 5167 ι(
3326 5115 3556 5172 salutis.
3582 5138 3611 5166 ››

2141 5195 2233 5259 (54
2286 5193 2346 5247 '0
2383 5191 2474 5261 μὲν
2508 5187 2675 5259 ἔνθεν,
2708 5195 2816 5243 etc.
2852 5211 2879 5238 ‹‹
2910 5189 3073 5244 Alius
3108 5188 3262 5249 hinc,
3295 5187 3446 5243 alius
3476 5187 3611 5242 illini

2141 5187 2252 5261 (54)
2286 5193 2346 5247 '0
2368 5187 2474 5263 ’μὲν
2508 5187 2675 5259 ἔνθεν,
2708 5195 2816 5243 etc.
2852 5211 2879 5238 ‹‹
2910 5187 3262 5249 Alius'hinc,
3295 5187 3446 5243 alius
3476 5187 3660 5251 illinc,
3690 5207 3718 5235 η

2073 5268 2257 5404 “iam
2288 5334 2373 5387 Ἤ.
2409 5331 2710 5404 Nonnulli,
2741 5328 2851 5383 καί.

2146 5337 2236 5404 (55
2288 5335 2373 5387 Ἤ.
2409 5335 2710 5394 Nonnulli,
2741 5335 2851 5383 καί.

2146 5335 2257 5477 (56)
2326 5410 2565 5478 Πυρῖτιν.
2650 5403 2782 5474 Reg.
2857 5404 2988 5468 bm,
3063 5409 3118 5457 et
3184 5402 3356 5483 Cois].
3428 5403 3489 5469 1,
3565 5396 3721 5469 πυρί-

2074 5497 2190 5529 TT".

2131 5524 2257 5621 ’(57)
2292 5548 2386 5600 Διὰ
2430 5551 2529 5611 τῆς
2581 5542 2927 5621 ᾁπογραφῆς.
2964 5568 2989 5594 ‹‹
3024 5544 3129 5598 Per
3185 5540 3661 5621 descriptionem,
3693 5560 3720 5587 ››

2077 5615 2354 5675 nimirum
2392 5617 2641 5699 Jul_i.i.ni_
2671 5615 2867 5699 opera,
2919 5618 3264 5671 tributorum
3316 5615 3719 5684 exmquatoris,

2079 5692 2354 5765 Gregorio
2388 5688 2753 5746 amicissimi.
