4138 6212
414 336 567 401 1047

1651 340 1717 401 S.
1764 335 2136 402 GREGORII
2182 332 2576 395 THEOLOGI

3664 340 3818 403 1048

414 488 544 545 quae
588 475 832 544 paterna
879 490 1026 545 sors,
1051 490 1182 529 mea
1224 476 1517 530 censenda
1560 478 1667 540 est,
1719 489 1937 540 meum,
1970 471 2059 525 in-

2196 464 2537 540 ιυμοῦμενος.
2569 466 2639 520 Τὸ
2669 462 2725 520 δὲ
2753 464 3070 538 κάλλιστον,
3103 467 3208 539 ὅτι,
3241 468 3270 522 ὃ
3320 465 3507 523 πολλὰ
3555 472 3817 541 πονήσαν·

417 575 527 626 qua
541 578 617 630 m,
643 577 900 634 gregem,
924 578 1093 631 quem
1129 562 1363 633 quidem
1397 563 1510 618 nisi
1541 562 1817 618 omnibus
1846 560 2062 616 beneﬁ-

419 649 526 705 ciis
557 666 767 722 augere
798 652 1119 722 studerem,
1150 651 1521 723 iniquissime
1551 653 1820 708 facerem.
1854 651 1915 704 In
1950 665 2064 721 quo

422 738 599 793 etiam
633 738 776 794 illud
808 745 897 795 est
926 740 1654 813 praeclarissimum,quod,
1675 745 1741 795 ut
1766 758 1798 794 e
1820 755 1912 794 me
1942 755 2065 793 ser-

422 844 657 882 monem
681 828 1016 899 impetrent,
1042 828 1150 885 hoc
1173 830 1369 901 ipsum
1392 830 1830 900 offerunt,quod
1854 832 1917 883 ut
1938 844 2069 882 con-

424 932 719 987 sequerer,
745 933 995 989 magnus
1017 917 1160 972 mihi
1195 917 1356 973 labor
1386 920 1444 972 in
1476 918 1719 973 dicendo
1743 915 2067 988 suscipien-

423 1005 535 1061 dus
587 1005 813 1060 fuisset.
848 1006 891 1061 Ο
945 1006 1281 1077 praeclaram
1333 1007 1923 1077 contentionem,qua
1978 1021 2071 1059 me

422 1093 653 1150 vincere
685 1094 1066 1150 adnituntur!
1102 1110 1132 1149 ο
1162 1093 1452 1166 insignem
1494 1093 1939 1149 liberalitatem!
1972 1091 2070 1146 Vi-

2173 577 2265 617 τας
2298 552 2405 609 ἔδει
2431 557 2765 631 κατορθῶσαι
2796 562 2911 619 τοῖς
2946 556 3154 632 λόγοις,
3186 561 3345 613 τοῦτο
3388 558 3519 636 ὑπὶρ
3569 563 3674 613 τῶν
3726 556 3823 615 λό-

2172 666 2280 721 γων
2332 643 2505 698 αὐτῶν
2556 644 2917 722 εἰσφέρουσιν.
2959 648 3023 700 Ὠ
3066 653 3165 715 τῆς
3216 646 3395 717 καλῆς
3460 647 3822 726 φιλονεικίας,

2174 734 2235 802 ἣν
2269 733 2367 806 ἐμὲ
2395 740 2608 802 νικῆσαι
2643 732 3040 810 φιλονεικοῦσιν
3069 737 3080 791 l
3112 738 3178 789 Ὠ
3215 739 3312 805 τῆς
3362 737 3649 806 ὲπαινετῆς
3709 737 3826 793 ἰπι-

2178 819 2416 887 δόσεωςί
2451 823 2637 897 Ὀρᾶτι
2666 821 2900 892 πηλίκον
2931 824 2993 877 τὸ
3024 822 3181 900 ἔργον
3226 832 3327 894 τῆς
3378 824 3517 897 ἐμῆς
3564 833 3783 895 σιωπῆς
3810 846 3825 861 ⁸

2177 909 2371 972 αὐτοὺς
2432 911 2557 982 ὑμῖν
2615 911 2883 981 πεποίηκε
2936 912 3063 974 τοὺς
3118 912 3314 988 Λόγους
3389 916 3826 991 ποθεινοτὲρους.

2178 1000 2367 1074 Ὀρᾶτε
2419 998 2511 1052 τὸν
2566 1000 2769 1074 καρπὸν
2820 1006 2919 1069 τῆς
2967 998 3183 1071 ἀδοξίας
3232 1009 3332 1070 τῆς
3382 1003 3653 1077 ἡμετέρας
3694 1008 3828 1075 (58).

2178 1084 2303 1143 ΕἷΌι
2332 1108 2381 1141 τι
2413 1085 2621 1161 γένοιτο
2675 1087 2764 1142 καὶ
2810 1093 2918 1143 τῶν
2953 1087 3132 1164 λόγων
3160 1095 3416 1145 τοσοῦτον
3450 1088 3671 1170 ὄφελος,
3706 1092 3829 1147 ὅσον

424 1182 553 1237 dete
583 1182 723 1252 quid
773 1181 1072 1237 silentium
1123 1186 1390 1238 nostrum
1440 1183 1691 1238 effecerit
1724 1199 1737 1235 :
1769 1183 1964 1252 majus
2011 1180 2070 1235 in
2178 1182 2278 1244 τῆς
2307 1182 2547 1245 σιωπῆς.

421 1271 588 1326 vobis
617 1287 956 1326 sermonum
987 1272 1251 1343 ipsorum
1282 1271 1638 1327 desiderium
1668 1269 1958 1326 excitavit.
1991 1268 2197 1323 Videte
2226 1282 2401 1337 quem
2455 1266 2710 1321 fructum
2759 1282 2928 1323 meus
2966 1266 3161 1339 gloriae
3193 1273 3567 1343 contemptus
3596 1289 3836 1344 pepere-

422 1360 518 1415 rit.
554 1359 788 1415 Utinam
822 1365 1109 1431 quantum
1141 1361 1413 1416 utilitatis
1442 1360 1743 1416 silentium
1775 1358 1992 1430 attulit,
2022 1361 2254 1414 tantum
2286 1371 2587 1411 sermones
2616 1355 2728 1426 ipsi
2759 1355 3023 1412 afferant.

499 1447 591 1501 ιν.
625 1447 909 1513 Quoniam
959 1449 1140 1520 igitur
1194 1448 1398 1519 placet,
1441 1452 1612 1519 atque
1658 1448 1944 1503 invictum
1991 1446 2076 1500 vi-

2259 1446 2329 1496 A'.
2362 1440 2572 1498 Οὐκοῦν
2616 1439 2801 1511 ἐπειδὴ
2850 1446 3015 1496 ταῦτα
3064 1440 3231 1515 δοκεῖ,
3281 1443 3369 1498 καὶ
3401 1448 3718 1515 νενικήκατε
3745 1450 3837 1501 τὸν

428 1536 614 1606 cistis,
648 1553 713 1592 ac
754 1537 824 1591 de
868 1542 1069 1593 nostra
1116 1536 1488 1609 philosophia
1530 1543 1812 1608 tropaeum
1866 1536 2077 1591 statui-

2196 1529 2459 1600 ὶήττητον
2511 1533 2645 1602 (59),
2693 1530 2783 1584 καὶ
2828 1530 3087 1605 τρόπαιον
3140 1531 3396 1602 ἐστήσατε
3571 1536 3708 1589 κατὰ
3737 1544 3837 1605 τῆς

431 1627 560 1693 stis,
592 1642 716 1698 age,
741 1625 956 1696 aliquid
1001 1628 1071 1682 ad
1102 1643 1203 1682 vos
1252 1627 1442 1682 dicam
1475 1625 1703 1681 silentio
1753 1625 1964 1681 melius
2013 1641 2079 1679 ac

2196 1618 2327 1690 ἱμῆς
2360 1617 2702 1695 φιλοσοφίας,
2738 1620 2865 1695 φέρε
2890 1640 2944 1672 τι
2976 1620 3290 1696 eam...sz
3331 1625 3443 1694 (61)
3489 1623 3626 1697 πρὸς
3668 1623 3833 1695 ὑμᾶς,

430 1714 842 1789 prmstabilius.
866 1714 1022 1769 Nihil
1054 1714 1234 1787 igitur
1259 1713 1433 1770 molle
1463 1730 1529 1770 ac
1560 1715 1900 1781 remissum,
1933 1712 2078 1768 nihil

2196 1714 2286 1776 τῆς
2335 1714 2549 1775 σιωπῆς
2599 1708 2841 1780 ἄμεινον.
2893 1706 3200 1784 Φθέγξομαι
3237 1715 3548 1785 τοιγαροῦν,
3612 1713 3673 1765 οὗ
3735 1734 3837 1786 μα-

430 1819 747 1860 numerosa
777 1802 1166 1858 concinnitate
1209 1802 1573 1858 multitudini
1595 1803 1929 1874 jucundum
1961 1801 2077 1858 elo-

2196 1790 2356 1850 λακόν
2402 1817 2453 1850 τι
2502 1795 2591 1850 καὶ
2646 1790 3114 1870 ἀναϐεϐλημένον,
3158 1797 3283 1852 οὐδὲ
3329 1805 3429 1868 τῆς
3460 1797 3691 1871 ἡδίστης
3718 1807 3835 1863 τοῖς

430 1909 604 1965 quer;
640 1908 755 1947 non
788 1891 941 1947 enim
986 1891 1258 1947 eximiam
1290 1892 1540 1965 gratiam
1583 1893 1697 1948 mei
1746 1890 2082 1947 amantibus

2196 1882 2425 1947 πολλοῖς
2477 1885 2739 1961 ἁρμονίας
2786 1882 2932 1960 (οὐδὲ
2978 1887 3082 1963 γὰρ
3150 1886 3208 1941 ἂν
3261 1887 3445 1950 καλῶς
3495 1885 3835 1963 ἀμειϐοίμην

430 1981 832 2052 rependerem,
882 1980 989 2037 hoc
1040 1981 1322 2037 orationis
1369 1997 1581 2053 genere
1628 1985 1833 2049 utens;
1881 1995 2083 2035 verum

431 2070 751 2125 admodum
801 2069 1044 2125 robusta
1088 2072 1145 2125 et
1192 2069 1312 2125 acri
1364 2086 1430 2125 ac
1479 2069 1806 2125 vehementi
1853 2068 2085 2123 dicendi

431 2158 657 2214 ratione
690 2163 842 2220 uter,
875 2163 932 2214 et
964 2175 1079 2231 qua
1130 2158 1241 2229 ipsi
1276 2158 1521 2214 fortasse
1552 2158 1823 2213 meliores
1872 2156 2085 2212 efﬁcie-

433 2246 600 2313 mini,
634 2246 914 2301 nimirum
949 2263 982 2301 e
1010 2262 1185 2302 carne
1224 2247 1295 2301 ad
1327 2246 1601 2319 spiritum
1633 2245 1923 2310 translati,
1957 2245 2088 2300 ani-

434 2335 665 2407 misque
695 2335 754 2389 in
785 2334 972 2390 altum
1002 2336 1235 2390 abunde
1281 2335 1564 2391 subvecti.
1598 2336 1736 2391 Filii
1778 2335 2084 2403 hominum,

434 2440 708 2497 mquequo
747 2425 909 2494 gravi
949 2423 1144 2479 corde?
1173 2423 1430 2495 (initium
1465 2424 1621 2479 enim
1654 2441 1688 2478 a
1714 2423 1932 2478 Davide
1978 2423 2087 2477 du-

436 2531 586 2582 cam,
611 2513 893 2585 propheta
922 2513 980 2567 in
1012 2512 1256 2569 dicendo
1288 2514 1541 2568 maxime
1567 2512 1862 2582 sublimi;)
1894 2512 2089 2583 utquid

435 2604 667 2674 diligitis
710 2604 1029 2673 vanitatem,
1063 2606 1117 2657 et
1156 2603 1408 2674 quaeritis
1437 2601 1790 2657 mendacium
1811 2603 1854 2637 ⁸¹
1873 2601 1900 2655 ?
1929 2601 2089 2657 Hanc

435 2692 658 2748 scilicet
684 2692 884 2759 vitam,
919 2696 976 2746 et
1005 2691 1270 2758 delicias,
1293 2696 1349 2746 et
1378 2691 1648 2763 exiguam
1681 2689 2009 2763 gloriolam,
2032 2694 2085 2745 et

434 2780 719 2836 humilem
753 2780 1094 2851 potentiam,
1115 2787 1169 2836 et
1206 2779 1415 2835 falsam
1455 2780 1929 2852 prosperitatem,
1963 2796 2086 2834 ma-

434 2886 619 2943 gnum
650 2868 867 2939 aliquid
906 2873 964 2924 et
1011 2868 1274 2939 amplum
1325 2886 1455 2925 esse
1502 2870 1924 2924 existimantes.
1956 2873 2088 2924 Haec

432 2962 633 3013 tamen
677 2974 791 3012 non
826 2957 1014 3029 magis
1044 2974 1246 3013 eorum
1292 2957 1395 3029 qui
1442 2974 1511 3012 ea
1558 2958 1875 3029 possident,
1909 2973 2083 3028 quem

432 3062 631 3103 eorum
658 3046 753 3116 qui
783 3063 851 3101 ea
880 3046 939 3100 in
964 3062 1066 3117 spe
1097 3046 1337 3114 habent,
1360 3046 1622 3117 propria;
1657 3061 1845 3117 neque
1874 3045 2086 3100 horum

434 3153 642 3191 rursus
691 3135 900 3206 magis,
935 3152 1114 3206 quam
1142 3134 1380 3191 illorum
1412 3136 1566 3207 apud
1599 3151 1747 3206 quos
1795 3151 1867 3189 ne
1896 3134 1954 3188 in
1986 3150 2083 3188 ex-

435 3224 797 3297 spectatione
828 3223 1067 3295 quidem
1100 3240 1361 3294 unquam
1393 3224 1630 3278 fuerunt
1659 3239 1671 3277 :
1699 3239 1899 3278 verum
1935 3222 2088 3277 366

436 3318 502 3369 ut
532 3312 727 3385 pulvis
760 3328 792 3366 e
820 3311 1053 3368 turbine
1073 3312 1140 3383 ⁸³,
1165 3312 1250 3367 sic
1289 3329 1357 3368 ea
1409 3312 1480 3368 ab
1526 3311 1656 3367 aliis
1686 3315 1743 3367 et
1773 3311 1919 3366 alios
1949 3310 2089 3365 sub-

437 3401 574 3456 inde
603 3399 961 3455 ventilentur
1007 3404 1183 3471 atque
1229 3400 1553 3471 jactentur,
1586 3402 1642 3454 et
1688 3399 1841 3454 sicut
1889 3399 2089 3454 fumus

2189 1972 2320 2036 τοὺς
2361 1973 2526 2047 ἐμοὺς
2574 1972 2821 2049 ἐραστὰς,
2871 1973 3014 2029 οὕτω
3066 1972 3498 2052 διαλεγόμενος),
3552 1976 3703 2033 ἀλλὰ
3747 1980 3837 2033 καὶ

2194 2061 2314 2118 λίαν
2367 2060 2617 2138 ἀνδρικόν
2666 2083 2726 2117 τε
2774 2063 2864 2117 καὶ
2908 2062 3160 2118 σύντονον
3212 2066 3347 2137 (62),
3397 2066 3485 2120 καὶ
3535 2067 3581 2139 ᾧ
3610 2066 3843 2142 τάχαᾶν

2195 2150 2445 2225 ἀμείνους
2498 2150 2759 2226 γένοισθε,
2821 2151 2926 2206 ἀπὸ
2980 2159 3081 2221 τῆς
3140 2155 3334 2228 σαρκὸς
3390 2153 3477 2208 ἐπὶ
3522 2157 3585 2210 τὸ
3633 2161 3849 2228 πνεῦμα

2199 2240 2627 2314 μετενεχθέντος,
2671 2239 2761 2294 καὶ
2813 2240 3116 2314 ὐψωθέντες
3174 2243 3373 2304 ἱκανῶς
3429 2244 3527 2311 τὴν
3579 2242 3846 2301 διάνοιαν.

2194 2328 2311 2382 Υἱοὶ
2372 2329 2695 2404 ἀνθρώπων,
2751 2328 2854 2390 ἓως
2910 2329 3042 2384 πότε
3116 2329 3465 2407 βαρυκάρδιοι
3522 2336 3847 2407 (προοιμιςὶ⁶

2195 2437 2362 2489 σομαι
2442 2418 2546 2492 γὰρ
2621 2417 2757 2492 πρὸς
2831 2418 2968 2490 ὑμᾶς
3035 2418 3094 2472 ἐκ
3163 2424 3259 2473 τοῦ
3317 2418 3849 2497 μεγαλοφωνοτάτου

2197 2501 2425 2575 Δαϐὶδ);
2484 2508 2597 2560 ’Ίνα
2653 2506 2705 2560 τί
2761 2505 3003 2580 ἀγαπᾶτε
3065 2506 3420 2581 ματαιότητα,
3479 2509 3568 2563 καὶ
3632 2517 3849 2579 ζητεῖτε

2195 2591 2411 2668 ψεῦδος,
2466 2592 2605 2669 μέγα
2646 2615 2699 2647 τι
2736 2595 2826 2649 τὸν
2876 2594 3099 2650 ἐνταῦθα
3151 2596 3294 2671 βίον,
3342 2599 3431 2651 καὶ
3476 2599 3573 2667 τὴν
3605 2602 3841 2676 τρυφὴν,

2194 2683 2283 2738 καὶ
2313 2684 2375 2737 τὸ
2410 2684 2600 2759 μικρὸν
2634 2680 2901 2758 δοξάριον,
2937 2685 3026 2739 καὶ
3056 2686 3156 2753 τὴν
3208 2688 3463 2755 ταπεινὴν
3513 2686 3849 2761 δυναστείαν,

2195 2773 2283 2829 καὶ
2338 2775 2436 2843 τήν
2487 2770 2826 2846 ψευδομένην
2880 2772 3175 2849 εὐημερίαν
3227 2770 3744 2847 ὑπολαμϐάνοντες
3778 2780 3845 2831 "A

2200 2865 2276 2936 μή
2309 2867 2413 2917 τῶν
2447 2862 2685 2938 ἑχόντων
2724 2861 2936 2935 μᾶλλόν
2969 2862 3109 2918 ἐστιν
3141 2864 3298 2932 ἣτῶν
3325 2862 3687 2936 έλπισάντων,
3724 2864 3847 2921 οὐδὲ

2193 2952 2400 3006 τούτων
2460 2949 2671 3024 μᾶλλον
2721 2953 2754 3020 ἢ
2798 2956 2905 3006 τῶν
2935 2949 3059 3006 οὐδὲ
3089 2950 3584 3028 προσδοκησάντων
3614 2972 3628 2986 ·
3662 2953 3844 3029 ὥσπερ

2195 3045 2333 3116 χοῦς
2375 3039 2479 3095 ὐπὸ
2532 3039 2799 3101 λαίλαπος
2847 3039 3050 3096 ἄλλοτε
3095 3040 3170 3102 εἷς
3202 3039 3406 3103 ἄλλους
3439 3042 3766 3117 ῥιπιζόμενά
3793 3064 3849 3097 τε

2197 3129 2287 3183 καὶ
2342 3126 2867 3203 μεταρῥιπτούμενα,
2924 3129 2958 3197 ἣ
3010 3127 3189 3205 ὥσπερ
3248 3130 3448 3191 καπνὸς
3508 3127 3848 3205 διαρῥέοντα,

2198 3215 2287 3272 καὶ
2341 3217 2415 3279 ὡς
2464 3213 2589 3291 ὄναρ
2640 3217 2920 3289 παίζοντα,
2962 3217 3051 3272 καὶ
3107 3218 3181 3278 ὡς
3223 3217 3345 3272 σκιὰ
3376 3219 3453 3291 μὴ
3485 3218 3847 3294 κρατούμενα·

2200 3303 2323 3359 οὔτε
2352 3304 2555 3360 ἀπόντα
2587 3302 2915 3360 δυσέλπιστα
2940 3310 3058 3367 τοῖς
3091 3304 3152 3360 οὐ
3182 3306 3561 3379 κεκτημένοις,
3596 3308 3724 3363 circa
3753 3329 3849 3361 πα-

2202 3393 2361 3470 ρόντα
2390 3395 2556 3449 πιστὰ
2586 3398 2703 3457 τοῖς
2735 3393 2977 3470 ἔχουσιν.

440 3489 785 3545 dilabuntur
803 3490 867 3557 ⁸³,
900 3494 957 3545 et
987 3493 1269 3560 tanquam
1301 3488 1659 3544 insomnium
1693 3487 1963 3543 homines
1994 3485 2280 3542 deludunt
2299 3485 2363 3551 3‘,
2396 3485 2733 3556 umbraeque
2759 3484 2965 3554 instar,
2998 3486 3269 3542 manibus
3299 3486 3482 3543 teneri
3512 3492 3846 3559 nequeunt;

438 3594 505 3635 ac
536 3578 787 3649 denique
818 3578 901 3633 ita
930 3581 1266 3649 comparata
1296 3581 1454 3642 sunt,
1487 3582 1551 3632 ut
1604 3591 1730 3642 nec,
1764 3593 1897 3631 cum
1930 3575 2166 3642 absunt,
2197 3574 2267 3629 de
2315 3573 2387 3629 iis
2439 3573 2868 3645 consequendis
2914 3575 3245 3648 desperent,
3276 3576 3377 3647 qui
3426 3593 3540 3632 non
3596 3577 3850 3646 habent;

436 3682 544 3722 nec
575 3682 709 3721 cum
741 3666 978 3733 adsunt,
1008 3665 1362 3721 habentibus
1392 3664 1511 3719 ﬁda
1540 3667 1597 3719 et
1624 3667 1783 3719 certa
1811 3663 1950 3719 sint.

507 3758 576 3811 V.
618 3755 744 3810 Non
791 3754 850 3809 in
900 3754 1110 3809 ccelum
1172 3771 1410 3810 sursum
1468 3752 1904 3824 suspiciemus?
1958 3752 2084 3808 Non

436 3842 949 3917 expergiscemur?
986 3842 1112 3897 Non
1145 3842 1328 3899 lemas
1357 3859 1425 3898 ex
1456 3842 1641 3898 oculis
1670 3840 2087 3897 detrahemus?

435 3931 585 3998 Non,
610 3946 882 4002 quasnam
912 3945 1057 3984 versa
1088 3929 1299 3985 divitiis
1327 3933 1486 3995 sunt,
1510 3928 1944 4001 intelligemus?
1976 3928 2086 3992 Qui

436 4036 608 4075 verus
639 4017 957 4091 splendor?
1000 4017 1107 4073 Ubi
1139 4017 1391 4090 dignitas
1444 4016 1786 4072 mutationis
1832 4016 2086 4087 expers?

438 4109 572 4172 Quae
595 4109 769 4163 ﬁnem
794 4106 1061 4162 nesciens
1082 4105 1417 4161 beatitudo?
1439 4105 1546 4161 Ubi
1570 4106 1789 4160 bonum
1810 4103 1956 4159 illud
1981 4121 2085 4159 nec

439 4196 751 4263 ﬂuctuans,
777 4211 881 4250 nec
905 4193 1018 4250 alio
1043 4195 1326 4267 migrans,
1348 4210 1453 4249 nec
1475 4193 1711 4249 insidiis
1732 4193 2088 4248 obnoxium?

438 4284 564 4340 Non
615 4283 736 4338 haec
784 4283 989 4338 multis
1037 4282 1360 4352 laboribus,
1412 4282 1861 4354 sudoribusque,
1905 4282 1953 4337 si
2003 4281 2086 4337 ita

438 4370 756 4444 contingat,
780 4371 1211 4442 adipiscemur?
1230 4375 1379 4438 Non,
1408 4372 1456 4427 si
1480 4370 1619 4443 quid
1646 4370 1872 4427 deliciis
1895 4370 1953 4425 in
1976 4370 2085 4426 hac

434 4460 556 4515 vita
587 4459 847 4515 dandum
897 4463 1005 4531 est,
1038 4476 1234 4515 rerum
1267 4460 1598 4516 futurarum
1646 4476 1782 4532 spes
1810 4476 1913 4532 pro
1946 4458 2085 4514 deli—

2264 3748 2340 3815 E',
2372 3746 2486 3803 Οὐκ
2541 3742 2919 3821 ἀναϐλέψομεν
2980 3748 3055 3811 εὶς
3108 3750 3197 3804 τὸν
3258 3749 3483 3824 οὐρανὸν
3535 3748 3689 3820 Five);
3753 3753 3853 3807 οὐκ

2192 3836 2543 3909 ἆκνήψομενς
2598 3835 2658 3890 οὐ
2705 3841 2811 3891 τῶν
2864 3835 3162 3911 ὀφθαλμῶν
3205 3838 3305 3906 τὴν
3337 3836 3525 3910 λήμην
3556 3844 3851 3915 περιαιρή-

2193 3943 2397 3997 σομεν;
2459 3923 2557 3979 οὐκ
2613 3924 2888 3997 εἰσόμεθα,
2943 3925 3025 3987 τίς
3066 3928 3093 3980 ὁ
3152 3924 3418 3996 ἀληθινὰς
3448 3926 3716 3999 πλοῦτος,
3758 3930 3852 3984 καὶ

2190 4014 2274 4076 τίς
2307 4016 2341 4083 ἡ
2376 4008 2545 4075 ὅντως
2578 4013 2923 4086 λαμπρότης,
2954 4014 3043 4069 καὶ
3070 4015 3179 4069 ποῦ
3200 4016 3262 4071 τὰ
3298 4018 3371 4087 μὴ
3408 4014 3700 4072 διαπῖπτον
3734 4022 3853 4092 (63)

2192 4101 2441 4174 ἀξίωμα;
2498 4101 2582 4165 τίς
2631 4105 2665 4172 ἠ
2718 4103 3014 4179 ἀπέραντος
3084 4101 3419 4177 εὐδαιμονία,
3468 4107 3557 4160 καὶ
3615 4112 3728 4162 ποῖ’)
3789 4109 3851 4164 τὸ

2193 4189 2512 4257 ἀσάλευτον,
2568 4191 2763 4267 ἀγαθὸν
2827 4194 2956 4264 (64),
2999 4191 3133 4264 μηδὲ
3165 4195 3574 4267 μεθιστάμενον,
3632 4198 3666 4264 ἣ
3731 4198 3851 4253 imo

2193 4273 2623 4351 ϐουλευόμενον;
2657 4279 2729 4334 Οὐ
2780 4282 3092 4353 κτησόμεθα
3142 4286 3310 4337 ταῦτα
3355 4281 3595 4346 πολλοῖς
3647 4283 3847 4362 ἱδρῶσι

2191 4365 2279 4421 καὶ
2327 4367 2532 4439 πόνοις,
2594 4368 2651 4422 ἂν
2714 4368 2857 4423 οὕτω
2908 4364 3211 4444 συμϐαίνῃς
3262 4369 3379 4440 οὔκ,
3414 4370 3468 4426 εἴ
3487 4394 3539 4427 τι
3576 4370 3661 4427 δεῖ
3721 4395 3854 4447 τρυ-

2194 4460 2292 4534 φᾷν
2346 4455 2605 4527 ἔντεῦοεν,
2655 4456 2705 4511 ἐν
2750 4463 2868 4520 ταῖς
2920 4456 3101 4513 ἐλπίσι
3151 4462 3541 4538 τρυφήσομενς
3596 4462 3662 4516 οὗ
3714 4486 3855 4538 γνω-

436 4547 543 4604 ciis
574 4547 961 4604 habebimus?
990 4549 1115 4605 Non
1148 4548 1700 4618 animadvertemus,
1723 4552 1848 4603 tum
1881 4564 2082 4603 omnes

2196 4544 2399 4618 σόμεΟα
2443 4546 2569 4607 τοὺς
2615 4545 2803 4620 ἁγίους
2857 4546 3151 4623 μάρτυρας,
3202 4549 3330 4611 τούς
3368 4570 3427 4603 τε
3456 4547 3665 4613 ἄλλους
3720 4555 3855 4607 πάν-

435 4640 670 4693 sanctos
727 4641 1035 4710 martyres,
1069 4636 1193 4708 qui,
1236 4636 1397 4693 velut
1443 4652 1789 4692 communes
1842 4637 2082 4707 quidam

2196 4612 2284 4697 τας
2335 4638 2471 4707 (65),
2520 4633 2571 4689 ο⁹ί
2619 4612 2790 4690 πασαν
2834 4612 3148 4713 διειλήιρασί
3175 4638 3271 4706 τήν
3306 4638 3627 4710 οἰκουμένην
3661 4639 3850 4716 ὥσπερ

435 4726 595 4791 nodi,
628 4723 965 4781 universum
1012 4729 1300 4781 terrarum
1340 4726 1541 4782 orbem
1592 4725 1874 4798 complexi
1922 4730 2081 4790 sunt,

436 4818 563 4870 tum
594 4813 703 4869 hos
733 4815 908 4870 etiam
941 4832 1190 4887 quorum
1223 4814 1459 4871 nomine
1496 4816 1705 4871 festum
1741 4815 1897 4870 hunc
1928 4814 2083 4869 diem

437 4902 769 4974 agitemus?
799 4906 983 4970 Quam
1015 4905 1085 4958 ob
1117 4920 1355 4959 causam
1387 4903 1647 4971 vulnera,
1670 4903 1924 4974 vincula,
1952 4918 2084 4958 cru-

2189 4724 2328 4785 τινὶς
2389 4723 2562 4777 κοινοὶ
2619 4721 2927 4797 σύνδεσμοι,
2984 4725 3073 4779 καὶ
3134 4723 3206 4780 ὦν
3248 4729 3282 4797 ἡ
3316 4732 3559 4801 παροῦσα
3592 4734 3850 4806 πανήγυ-

2195 4832 2317 4889 ρις;
2376 4814 2529 4888 Ὑπὶρ
2598 4813 2747 4875 τίνος
2806 4812 3110 4887 τραύματα,
3168 4815 3257 4869 καὶ
3316 4813 3488 4890 δεσμὰ
3544 4818 3639 4873 καὶ
3699 4841 3854 4895 στρεο

2194 4896 2452 4973 ϐλώσεις,
2502 4902 2590 4955 καὶ
2630 4903 2801 4977 πυρὸς
2844 4900 3101 4972 ἀπειλὴν,
3150 4904 3238 4957 καὶ
3278 4904 3440 4982 ξιφῶν
3486 4906 3701 4979 ἀκμὴν,
3763 4909 3851 4964 καί

505 5001 550 5038 ⁸¹
583 5000 735 5056 Psal.
768 5018 845 5069 ιν,
878 5002 931 5056 3.
1007 5002 1052 5035 θ’
1081 5002 1215 5073 Sep.
1249 5019 1303 5071 v,
1338 5002 1423 5056 15.
1498 5002 1543 5036 ⁸³
1572 5002 1680 5058 Job
1707 5020 1825 5067 xn,
1858 5001 1945 5057 18.
2020 5001 2067 5034 ⁸⁵

2196 4999 2269 5055 :li.
2299 5017 2488 5071 xxxrv,
2523 5002 2571 5055 1.

505 5100 619 5172 (58)
650 5101 764 5168 Τῆς
820 5096 1038 5169 ἀδοξίας
1092 5101 1190 5167 τῆς
1247 5099 1535 5172 ἡμετέρας.
1597 5100 1803 5172 Billius
1838 5116 1851 5153 :
1891 5122 1919 5150 ‹‹
1958 5099 2085 5172 _mei

437 5169 695 5254 nominis
744 5173 1088 5254 obscuritas.
1123 5169 1459 5254 gloriaeque.
1482 5171 1858 5254 contemptio.
1885 5191 1914 5219 »
1958 5169 2082 5225 Non

435 5247 622 5311 recte;
646 5260 777 5300 cum
801 5245 1018 5316 potius,
1039 5244 1112 5299 ob
1132 5243 1391 5299 nominis
1413 5243 1761 5316 claritatem,
1785 5257 2083 5316 sermones

436 5316 508 5373 ab
539 5331 605 5371 eo
638 5313 1046 5386 poscebantur,
1081 5331 1147 5370 eo
1179 5316 1333 5387 quod
1380 5314 1607 5370 dicendi
1638 5313 1804 5385 copia
1833 5313 2082 5384 insignis

432 5388 777 5443 hebebatur.

506 5460 620 5529 (59)
648 5459 1034 5529 ’Δήττητονηα
1084 5456 1441 5529 invictum.»
1474 5454 1647 5529 Addit
1681 5454 1929 5529 BilliusA:
1962 5477 1982 5503 ι
2018 5459 2082 5510 ut

434 5526 561 5600 ipse
604 5526 842 5600 quidem
892 5528 1003 5583 sibi
1054 5526 1427 5600 videbatur.»
1461 5528 1593 5591 Quae
1624 5542 1757 5581 cum
1802 5544 1835 5581 a
1883 5526 2079 5581 Graeco

435 5597 652 5662 absint,
680 5600 927 5655 delenda
950 5597 1359 5667 judicaviinus.

509 5670 621 5740 (60)
650 5665 962 5739 Ἐστήσατεξ
993 5670 1176 5734 Pass.,
1208 5665 1517 5739 έστήσασθε.

2265 5100 2379 5172 (61)
2446 5097 2789 5175 Φθᾶγξωμαι.
2869 5099 2963 5155 Sic
3048 5100 3186 5172 Reg.
3255 5102 3314 5157 ὰ.
3395 5102 3537 5175 Alii,
3620 5106 3850 5183 φθέγξο.

2238 5190 2291 5223 αι

2261 5214 2375 5384 (ἐξ)
2407 5240 2691 5295 Σῦντονον.
2724 5241 2898 5297 Cois].
2935 5243 2985 5310 ι,
3020 5236 3259 5296 εὔτονον.

2284 5314 2377 5381 63)
2409 5318 2726 5369 Διαπῖπτον.
2771 5314 3040 5384 Quinque
3089 5313 3259 5384 Regg.

2284 5314 2726 5391 63)_Aiantmov.
2771 5314 3040 5384 Quinque
3089 5313 3293 5387 Regg.,
3328 5324 3381 5371 et
3413 5318 3615 5375 decem
3664 5321 3848 5391 Colb.,

2197 5383 2542 5454 μεναπίπτον.

2189 5452 2382 5577 47532),
2399 5456 2476 5511 Τὸ
2507 5453 2797 5510 ἀσάλευτον
2832 5452 3050 5529 ἀγαθόν.
3070 5455 3241 5512 Coisl.
3269 5461 3327 5527 2,
3348 5458 3410 5511 τὸ
3442 5459 3518 5531 μὴ
3550 5456 3847 5536 ἀλλότριον

2236 5546 2634 5669 (ῗὲἓῖᾟάντας.
2671 5599 2811 5670 Reg.
2843 5599 2901 5653 d.
2939 5598 3196 5659 ἅπαντας.
