4138 6212
318 414 347 472 1
358 408 477 472 049

802 408 1091 470 ORATIO
1135 410 1297 471 XIX.
1331 444 1409 454 —
1450 411 1557 472 AD
1600 410 1993 473 JULIANUM
2039 410 2559 475 TRIBUTORUM
2604 411 3247 483 EXIEQUATOREM.

3576 413 3732 474 1050

327 543 509 616 θηρῶν
544 540 859 615 ἂγριοτητα,
891 538 979 593 καὶ
1012 538 1229 606 σκότος,
1276 539 1365 594 καὶ
1420 539 1607 613 λιμὸν,
1657 540 1746 595 καὶ
1801 541 1965 616 βάρα-

2090 541 2294 612 ciatus,
2326 543 2481 615 ignis
2529 545 2742 611 minas,
2785 544 3114 617 gladiorum
3164 544 3369 613 aciem,
3404 544 3728 600 belluarum

323 631 443 703 θρα,
501 628 591 683 καὶ
635 629 940 703 χρημάτων
986 629 1248 703 ἁρπαγέις,
1300 629 1389 683 καὶ
1440 630 1621 703 μελῶν
1665 624 1968 701 ἀποϐολὰς,

322 719 411 774 καὶ
469 719 725 779 θανάτους
781 718 843 771 τὸ
900 715 1233 789 τελευταῖον,
1294 719 1384 772 καὶ
1448 720 1619 773 πάντα
1674 718 1972 795 προθύμως

328 807 653 877 ὑπέστησαν,
707 804 887 881 ὣσπερ
940 804 990 859 ἰν
1053 805 1367 882 ἀλλοτρίοις
1422 806 1815 883 ἀγωνιζόμενοι
1863 809 1971 861 σώ-

332 915 531 970 μασιν,
576 893 669 950 ’ἱνα
711 895 763 949 τί
814 894 1091 971 γένωνται,
1140 892 1230 948 καί
1282 894 1401 950 τίνα
1614 899 1972 971 κληρονομή-

330 1007 514 1053 σωσιν,
563 986 596 1054 ἢ
650 986 759 1059 (67)
807 990 939 1039 πᾶσι
983 981 1150 1054 δῆλα,
1199 982 1291 1039 κᾶν
1342 987 1504 1057 ἡμεῖς
1558 986 1633 1058 μὴ
1684 983 1971 1059 λέγωμεν,

325 1073 397 1129 Ού
434 1075 567 1147 μετὰ
614 1076 713 1143 τῆς
764 1073 928 1142 αὐτῆς
981 1070 1224 1146 ἰλπίδος,
1275 1073 1377 1128 ὑπὸ
1413 1078 1492 1146 τῷ
1522 1074 1668 1146 αύτῷ
1703 1069 1973 1151 βραϐευτῇ

326 1163 415 1218 καὶ
465 1162 800 1238 ἀγωνοθὲτῃ,
852 1163 986 1237 πρὸς
1044 1163 1134 1217 τὸν
1196 1161 1353 1217 αὐτὸν
1412 1163 1831 1239 παραταξόμεθα
1886 1162 1976 1218 τύ-

328 1266 549 1327 ραννον,
606 1251 697 1305 τὸν
744 1250 936 1326 πικρὸν
995 1250 1085 1304 καὶ
1142 1248 1265 1304 τότε
1323 1250 1412 1304 καὶ
1468 1254 1558 1304 νῦν
1618 1255 1723 1305 τῶν
1783 1254 1976 1325 ψυχῶν

327 1338 587 1411 διώκτην,
645 1340 737 1393 τὸν
801 1338 1028 1411 ἀόρατον
1089 1338 1283 1415 ἐχθρὸν
1334 1339 1420 1393 καὶ
1476 1338 1800 1412 πολέμιον;
1864 1339 1977 1396 Ούκ

330 1426 693 1504 ἀνδριούμεθα
766 1430 880 1499 (68)
954 1426 1354 1503 παραπλησίως
1427 1426 1606 1503 ὥσπερ
1683 1428 1734 1483 ἐν
1810 1432 1978 1499 κοινῷ

328 1518 538 1590 θεάτρῳ
588 1513 726 1587 τῷδε
770 1520 849 1587 τῷ
894 1515 1108 1588 κόσμῳ,
1159 1515 1204 1570 εί
1248 1516 1337 1571 καὶ
1391 1518 1465 1589 μὴ
1517 1516 1667 1590 ἀκμῇ
1717 1519 1828 1589 (69)
1877 1521 1977 1570 τοῦ

328 1604 575 1661 κινδύνου
633 1610 854 1681 ταχεῖαν
907 1604 1112 1681 ἐχούσῃ
1160 1604 1249 1659 καὶ
1288 1607 1385 1673 τήν
1422 1604 1772 1681 ἀπαλλαγὴν,
1834 1604 1978 1660 ἀλλὰ

324 1700 438 1757 τοῖς
471 1716 534 1768 γε
563 1695 681 1749 καθ’
714 1692 940 1765 ἑκάστην
974 1694 1181 1771 ἡμέραν
1215 1693 1552 1769 ἀγωνίσμασι
1602 1694 1691 1748 καὶ
1743 1693 1977 1749 παλαίσ-

330 1806 510 1858 μασιν,
537 1782 629 1838 ’ίνα
657 1782 746 1838 καὶ
776 1788 883 1839 τῶν
917 1783 1090 1839 αὐτῶν
1124 1782 1393 1862 στεφάνων
1446 1786 1782 1857 ἀξιωθῷμεν,
1825 1785 1859 1853 ἦ
1892 1783 1974 1839 δτι

326 1872 606 1949 ἐγγυτάτω
639 1875 751 1946 (70)
776 1891 789 1943 ;

395 2055 456 2121 ζ’.
511 2052 654 2125 Ἐγὼ
708 2051 800 2123 μὶν
855 2052 1014 2105 παντὶ
1062 2048 1471 2123 διακελεύομαι,
1524 2050 1614 2105 καὶ
1680 2049 1834 2125 ἀνδρὶ
1886 2052 1974 2106 καὶ

324 2140 559 2214 γυναικὶ,
618 2138 706 2193 καὶ
764 2137 1037 2215 πρεσϐύτῃ
1092 2139 1181 2194 καὶ
1238 2139 1365 2212 νὲῳ,
1422 2138 1626 2212 ἀστικῷ
1675 2161 1733 2194 τε
1764 2140 1828 2193 αὗ
1885 2142 1975 2195 καὶ

322 2229 587 2305 ἀγροίκῳ,
660 2224 852 2301 ἰδιώτῃ
897 2228 986 2282 καὶ
1040 2229 1289 2304 ἄρχοντι,
1338 2227 1588 2300 πλουσίῳ
1633 2228 1722 2282 καὶ
1781 2229 1972 2298 πένητι

325 2317 435 2387 (καὶ
484 2317 585 2393 γὰρ
635 2318 662 2371 6
716 2316 876 2379 αὐτὸς
926 2316 1068 2393 ἄγὼν
1096 2317 1253 2373 καλεῖ
1284 2316 1533 2389 πάντας),
1592 2318 1729 2392 πρὸς
1782 2322 1970 2372 τοῦτον

325 2403 649 2468 ἀποδύεσθαι
713 2405 1028 2480 προθύμως,
1088 2404 1177 2460 καί
1241 2407 1315 2479 μὴ
1370 2404 1777 2479 μαλακίζεσθαι,
1832 2404 1975 2479 μηδὶ

330 2493 577 2569 μέλλειν,
632 2492 772 2566 μηδὶ
818 2492 1099 2567 προίεσθαι
1147 2495 1238 2550 τὸν
1284 2496 1493 2571 καιρὸν,
1557 2495 1619 2549 οὗ
1662 2493 1826 2549 πάλιν
1873 2516 1974 2549 τυ·-

325 2590 443 2660 χεῖν
504 2584 816 2660 ἀμήχανον.
878 2584 1161 2659 Ἐργασίας
1215 2584 1315 2661 γὰρ
1367 2586 1394 2639 6
1442 2586 1629 2660 παρὼν
1675 2588 1808 2658 (71),
1838 2586 1866 2639 6
1916 2583 1974 2640 δὲ

327 2672 549 2746 μέλλων
601 2671 1031 2735 ἀνταποδόσεως.
1085 2673 1391 2749 Ἐγείρεσθε
1439 2676 1576 2745 (72),
1624 2676 1842 2748 ἄγωμεν
1893 2674 1972 2729 ἐν-

320 2764 524 2831 τεῦθεν,
575 2761 840 2831 ἠκούσατε
885 2761 982 2817 τοῦ
1037 2766 1294 2836 Σωτῆρος
1348 2762 1625 2837 λέγοντος,
1659 2762 1720 2817 οὐ
1749 2762 1969 2835 μᾶλλόν

323 2873 375 2907 τι
430 2851 557 2913 τοὺς
614 2851 737 2906 τότε
787 2853 1031 2924 μαθητὰς
1076 2850 1135 2906 ἐκ
1183 2856 1281 2907 τοῦ
1330 2852 1502 2906 τόπου
1553 2859 1654 2921 τῆς
1706 2849 1969 2915 Ἰουδαίας

327 2940 651 3015 ἀπάγοντος,
702 2938 847 2994 ἀλλὰ
890 2940 978 2994 καὶ
1026 2939 1154 3002 τοὺς
1202 2940 1421 3014 ὕστερον
1470 2938 1705 3002 ἅπαντας
1737 2939 1973 3004 ἐντεῦθεν

326 3028 715 3090 ἀπανιπάντος
764 3030 894 3102 (73),
943 3029 1033 3082 καὶ
1102 3028 1239 3103 πρὸς
1290 3029 1475 3084 ἑαυτὸν
1527 3027 1827 3103 ὑψούμενον
1880 3026 1971 3083 Κλ-

325 3138 532 3186 κοντος,
607 3117 681 3178 ὡς
747 3119 782 3185 ἡ
861 3116 1178 3192 ὑπόσχεσις.
1238 3116 1729 3190 ’Δκολουθήσωμεν
1791 3119 1972 3193 ἀγαθῷ

322 3205 600 3280 Δεσπότῃ·
652 3205 905 3284 φύγωμεν
952 3206 1048 3268 τὰς
1098 3206 1363 3279 κοσμικὰς
1427 3206 1734 3280 ἐπιθυμίας,
1785 3206 1969 3285 φύγω-

2006 1916 2054 1981 Β

2079 630 2358 702 furorem,
2396 634 2690 706 tenebras,
2724 635 2963 703 faniam,
2986 634 3316 705 voragines,
3350 634 3615 706 pecunia:
3636 657 3729 689 um

2080 719 2472 790 direptiones,
2553 724 2953 778 membrorum
3024 722 3413 793 abjectiones,
3485 728 3731 777 mortem

2081 809 2333 879 denique
2382 815 2559 882 atque
2588 816 2846 867 extrema
2876 811 3073 867 omnia
3132 816 3404 883 prompto
3455 815 3511 867 et
3557 803 3735 867 alacri

2082 897 2302 967 animo,
2326 904 2608 972 tanquam
2642 900 2701 955 in
2744 900 2949 957 alienis
2991 900 3329 972 corporibus
3360 900 3733 970 dimicantes,

2082 987 2538 1043 sustinuerunt?
2589 989 2803 1060 thuid
2863 990 3094 1055 essent,
3144 990 3354 1061 utquid
3420 1006 3734 1061 conseque-

2084 1080 2308 1146 rentur,
2335 1094 2526 1132 nouue
2556 1078 2832 1133 omnibus
2866 1079 3067 1150 utique
3112 1079 3169 1133 in
3218 1085 3529 1151 prospectu
3561 1084 3738 1146 esset,

2085 1162 2171 1219 vel
2203 1164 2371 1221 nobis
2401 1165 2777 1221 tacentibus?
2808 1166 2934 1221 Non
2986 1167 3167 1239 igitur
3215 1184 3321 1222 nos
3370 1167 3570 1233 etiam,
3601 1185 3736 1222 cum

2085 1254 2288 1308 eadem
2322 1270 2445 1324 spe,
2472 1255 2581 1309 sub
2614 1255 2812 1309 eodem
2833 1256 3173 1310 certaminis
3196 1254 3396 1324 judice
3416 1272 3482 1310 ac
3513 1256 3737 1326 praemii

2085 1342 2623 1410 arbitro,adversus
2645 1343 2915 1398 eumdem
2940 1348 3259 1414 tyrannum
3282 1344 3468 1398 aciem
3491 1344 3741 1400 instrue-

2086 1449 2239 1499 mus,
2267 1433 2689 1502 truculentum,
2715 1435 2980 1505 inquam,
3004 1434 3191 1500 illum,
3224 1438 3279 1489 et
3308 1438 3470 1501 tunc,
3495 1438 3551 1488 et
3582 1452 3736 1489 nunc

2085 1519 2284 1584 etiam,
2303 1520 2636 1575 animarum
2656 1526 3108 1593 persecutorem,
3130 1521 3483 1577 invisibilem
3506 1522 3737 1577 hostem

2085 1612 2141 1662 et
2172 1609 2617 1665 adversarium?
2645 1610 2770 1665 Non
2804 1610 2926 1682 pari
2958 1610 3174 1665 virtute
3226 1610 3285 1665 in
3339 1611 3447 1666 hoc
3497 1612 3742 1680 mundo,

2087 1696 2254 1767 quasi
2288 1698 2344 1751 in
2371 1698 2667 1753 communi
2701 1698 2951 1769 theatro,
2975 1698 3350 1770 certabimus,
3377 1699 3425 1754 si
3456 1716 3569 1755 non
3596 1701 3744 1771 peri-

2086 1785 2202 1841 culi
2235 1787 2375 1854 acie,
2400 1791 2457 1842 et
2486 1804 2603 1859 qua
2635 1787 2901 1860 protinus
2933 1788 3171 1853 defungi
3204 1787 3392 1857 liceat,
3418 1793 3477 1844 at
3507 1790 3564 1843 in
3599 1806 3741 1860 quo-

2086 1875 2329 1931 tidianis
2361 1875 2569 1932 saltem
2591 1877 3075 1933 dimicationibus
3107 1881 3161 1932 et
3191 1877 3501 1949 palaestris,
3525 1881 3590 1932 ut
3616 1894 3743 1932 eas-

2084 1965 2218 2020 dem
2248 1982 2515 2031 coronas,
2545 1970 2646 2021 aut
2674 1966 2767 2022 his
2800 1967 3116 2036 proximas,
3142 1982 3595 2036 consequamur.

2154 2053 2249 2110 VI.
2285 2055 2568 2125 Equidem
2612 2071 2837 2124 omnes,
2871 2060 2991 2110 tam
3036 2055 3190 2110 viros
3238 2072 3413 2125 quam
3476 2054 3747 2121 feminas,

2082 2148 2205 2199 tam
2238 2159 2409 2198 senes
2430 2160 2605 2214 quam
2631 2145 2903 2215 juvenes,
2926 2148 3045 2199 tam
3073 2144 3329 2199 urbanos
3363 2160 3543 2214 quam
3572 2144 3749 2199 rusti-

2084 2236 2343 2297 cos,tam
2369 2231 2623 2304 privatos
2644 2249 2823 2304 quam
2852 2233 3167 2304 principes,
3184 2236 3303 2287 tam
3332 2232 3540 2288 divites
3561 2249 3741 2304 quam

2084 2336 2391 2392 pauperes,
2419 2320 2643 2389 hortor,
2681 2321 2857 2391 (idem
2907 2321 3063 2376 enim
3116 2324 3410 2376 certamen
3459 2321 3740 2376 omnibus

2082 2410 2448 2482 propositum
2492 2410 2628 2481 est,)
2672 2414 2736 2464 ut
2784 2410 2855 2465 ad
2907 2426 3164 2483 pugnam
3216 2426 3348 2465 cum
3407 2409 3514 2465 hoc
3574 2409 3742 2465 hoste

2082 2497 2500 2553 conserendam
2550 2497 2797 2569 impigre
2853 2514 2915 2553 se
2957 2497 3283 2569 accingant,
3315 2514 3377 2553 ac
3424 2513 3538 2552 non
3591 2498 3735 2552 867

2084 2585 2318 2659 ignavia
2367 2586 2652 2654 laborent,
2679 2590 2780 2642 aut
2808 2602 3003 2642 moras
3058 2590 3313 2652 nectant,
3346 2589 3524 2658 atque
3574 2602 3740 2640 occa-

2084 2675 2333 2745 sionem,
2369 2692 2546 2747 quam
2577 2673 2739 2730 nulla
2769 2682 2972 2747 postea
3000 2676 3225 2731 ratione
3257 2674 3517 2730 nancisci
3550 2673 3738 2742 liceat,

2082 2765 2384 2835 abjiciant.
2419 2764 2661 2820 Laboris
2710 2764 2868 2819 enim
2899 2781 3157 2835 praesens
3205 2763 3314 2818 hoc
3347 2769 3580 2834 tempus
3611 2767 3733 2829 est;

2082 2854 2373 2921 futurum,
2407 2854 2804 2925 praemiorum.
2838 2852 3104 2908 Audistis
3147 2852 3507 2908 Salvatorem
3539 2852 3737 2907 dicen-

2080 2947 2220 3009 tem,
2273 2942 2516 3012 Βαναία,
2564 2942 2827 2997 abeamus
2883 2941 3311 3012 hinc:quibus
3369 2940 3559 2996 verbis
3616 2957 3733 2995 non

2081 3030 2271 3085 solum
2305 3028 2626 3101 discipulos
2659 3046 2808 3101 quos
2836 3034 2977 3085 tunc
3010 3030 3267 3085 habebat
3294 3047 3328 3084 a
3354 3030 3568 3084 Judmaa
3599 3029 3725 3084 loco

2080 3118 2428 3183 abducebat,
2464 3118 2563 3172 sed
2595 3118 2771 3172 etiam
2806 3132 3009 3171 omnes
3042 3115 3142 3187 qui
3182 3119 3381 3187 postea
3420 3115 3608 3187 ipsius
3640 3114 3728 3169 di-

2082 3205 2291 3278 scipuli
2323 3206 2503 3261 futuri
2552 3209 2717 3261 erant
2753 3204 2892 3260 hinc
2922 3204 3315 3270 abstrahebat,
3348 3208 3403 3259 et
3451 3205 3519 3259 ad
3572 3204 3722 3275 seip-

326 3318 419 3371 μεν
448 3295 539 3351 τὸν
574 3294 777 3351 πλάνον
806 3295 1011 3369 κόσμον
1062 3295 1152 3349 καὶ
1199 3295 1635 3372 κοσμοκράτορα,
1684 3298 1969 3371 γενώμεθα

2090 3311 2232 3364 sum,
2257 3294 2314 3349 in
2349 3294 2534 3350 altum
2567 3298 2828 3349 evectum
2851 3295 2917 3365 ⁸⁵,
2937 3294 3433 3365 quemadmodum
3457 3309 3518 3348 se
3550 3294 3728 3348 factu-

318 3387 565 3461 καθαρῶς
596 3387 706 3459 (74)
734 3388 834 3439 τοῦ
863 3385 1213 3455 ποιήσαντος,
1244 3387 1567 3458 τιμήσωμεν
1617 3386 1715 3454 τὴν
1770 3385 1965 3454 εἰκόνα,

2077 3403 2209 3441 rum
2256 3387 2608 3458 promiserat
2632 3386 2697 3457 ⁸⁸,
2748 3385 3143 3458 pertrahebat.
3183 3385 3461 3450 Quocirca
3506 3385 3724 3439 bonum

320 3471 651 3547 αἰδεσθῶμεν
708 3473 809 3541 τήν
868 3470 1084 3543 κλῆσιν,
1138 3475 1493 3547 μεταθώμεθα
1533 3475 1631 3542 τὴν
1682 3475 1847 3544 ζωήν.
1906 3474 1966 3528 Τί

2090 3476 2392 3532 Dominum
2442 3492 2797 3547 sequamur;
2842 3474 3141 3547 fugiamus
3188 3481 3450 3530 terrenas
3502 3474 3728 3545 cupidi-

323 3568 585 3635 ποιοῦμεν
634 3565 784 3636 ἡμᾶς
829 3562 1025 3623 αὐτοὺς
1066 3562 1375 3633 ταπεινοὺς,
1408 3562 1612 3636 ὑψηλοὶ
1642 3562 1964 3638 γεγονότες;

2090 3570 2246 3635 :ates,
2297 3565 2591 3638 fugiamus
2640 3564 3019 3634 impostorem
3070 3564 3379 3633 mundum,
3419 3567 3474 3617 et
3521 3562 3727 3617 mundi

319 3650 380 3706 Τί
410 3658 525 3713 τοῖς
555 3652 859 3728 ὁρωμένοις
889 3650 1321 3729 ἐματαμὲνομεν
1354 3654 1503 3724 (75);

2090 3654 2424 3726 principem,
2458 3671 2606 3726 pura
2656 3657 2851 3708 mente
2900 3652 3155 3709 Creatori
3204 3668 3311 3707 nos
3361 3650 3724 3719 addicsmus,

324 3742 579 3797 divinam
613 3743 926 3815 imaginem
957 3742 1176 3798 honore
1204 3741 1685 3814 complectamur,
1716 3744 2078 3799 vocationem
2124 3748 2380 3799 nostram
2422 3759 2811 3806 revereamur,
2844 3744 3022 3796 vitam
3055 3742 3113 3795 in
3147 3740 3359 3795 melius
3405 3744 3725 3793 commute-

322 3846 475 3886 mus.
502 3830 647 3897 Quid
681 3832 1073 3903 nosmetipsos
1104 3835 1311 3903 sponte
1341 3831 1672 3902 dejicimus,
1696 3848 1824 3887 cum
1858 3832 2143 3888 sublimes
2172 3837 2229 3888 et
2248 3832 2455 3888 excelsi
2486 3831 2660 3887 creati
2685 3830 2916 3886 simus?
2946 3829 3093 3895 Quid
3125 3828 3300 3883 rebus
3331 3827 3390 3881 in
3423 3830 3724 3897 aspectum

318 3921 665 3976 cadentibus
694 3919 1050 3976 inhaeremus
1069 3920 1097 3974 ?

390 4009 458 4062 Z'.
490 4010 773 4076 Ἕκαστος,
805 4007 835 4062 6'
862 4030 914 4062 τι
948 4007 1006 4061 ἂν
1040 4007 1156 4069 οἷός
1184 4028 1243 4062 τε
1284 4007 1339 4081 ᾖ,
1392 4006 1805 4083 καρποφορείτω
1855 4009 1964 4080 (76)

2148 4008 2272 4064 VII.
2330 4008 2745 4080 Unusquisque
2800 4006 2939 4077 Deo,
2997 4005 3148 4076 quod
3212 4003 3440 4075 poterit,
3499 4002 3723 4072 offerat,

312 4096 398 4168 τῷ
428 4100 542 4168 Θεῷ
571 4095 622 4150 ἒν
651 4097 847 4172 καιρῷ,
896 4097 1077 4165 παντὶ,
1117 4096 1204 4151 καὶ
1248 4093 1363 4168 ἰδέᾳ
1392 4098 1535 4169 πάσῃ
1564 4094 1653 4151 καί
1686 4094 1819 4171 βίων
1851 4098 1964 4169 (77)

2090 4096 2281 4169 quovis
2331 4101 2618 4168 tempore,
2644 4095 2850 4166 quovis
2900 4110 3109 4167 genere
3157 4093 3285 4148 vitae
3345 4095 3402 4147 et
3459 4092 3722 4158 fortunis,

317 4184 410 4240 καὶ
440 4186 831 4261 περιστάσεων,
861 4186 997 4241 κατὰ
1042 4186 1104 4240 τὸ
1139 4183 1334 4261 μέτρον
1360 4192 1460 4255 τῆς
1488 4184 1788 4259 παρούσης,
1819 4184 1966 4257 αύτῷ

2090 4202 2177 4258 pro
2228 4186 2531 4259 praesentis
2582 4184 2876 4241 facultatis
2927 4182 3187 4253 modulo,
3223 4199 3325 4253 pro
3374 4179 3563 4254 gratia
3610 4180 3723 4234 sibi

318 4272 616 4348 δυνάμεως,
664 4274 801 4329 κατὰ
845 4277 908 4330 τὸ
965 4272 1116 4339 δοθὲν
1164 4274 1311 4347 αὐτῷ
1358 4277 1639 4350 χάρισμα’
1688 4272 1780 4331 ’ίνα
1834 4281 1961 4329 πᾶσι

2090 4292 2371 4343 :oncessa,
2395 4280 2478 4344 ut,
2500 4291 2601 4347 per
2632 4290 2837 4329 omnes
2863 4273 3094 4329 virtutis
3125 4272 3351 4341 modos,
3377 4286 3580 4326 omnes
3612 4286 3724 4324 cce-

321 4363 541 4439 μὲτροις
572 4366 670 4432 τῆς
703 4365 919 4437 ἀρετῆς,
967 4363 1139 4425 πάσας
1185 4363 1279 4426 τὰς
1312 4362 1509 4428 ἐκεῖθεν
1547 4364 1712 4437 μονὰς
1739 4362 1964 4437 κληρώ-

315 4472 519 4524 σωμεν,
568 4457 826 4507 τοσοῦτον
878 4452 1177 4527 θερίσαντες
1238 4454 1371 4525 (78),
1438 4451 1561 4507 ὅσον
1620 4451 1964 4525 ἐσπείραμεν,

2072 4363 2236 4420 lestis
2269 4364 2428 4436 regni
2460 4362 2796 4419 mansiones
2840 4362 3215 4434 impleamus,
3248 4363 3473 4415 tantum
3506 4357 3727 4413 scilicet

2074 4459 2380 4522 metentes,
2405 4457 2693 4523 quantum
2734 4452 3085 4515 severimus;
3119 4448 3205 4505 vel
3248 4454 3312 4503 ut
3349 4448 3608 4503 exactius
3643 4446 3723 4501 lo-

318 4538 534 4613 μᾶλλον
587 4538 644 4595 δὶ
689 4545 947 4596 τοσοῦτον
976 4541 1360 4614 ἐναποθέμενοι
1391 4546 1510 4603 ταῖς
1539 4540 1704 4603 θείαις
1753 4540 1963 4611 ληνοῖς,

2090 4560 2242 4615 μιαν,
2267 4546 2495 4597 tantum
2526 4542 2586 4596 in
2611 4540 2823 4596 divinis
2852 4540 3079 4595 horreis
3110 4537 3471 4593 reconditum
3503 4536 3724 4591 haben-

312 4626 439 4684 ὅσον
472 4629 886 4706 ἑγεωργήσαμεν
932 4632 1063 4705 (79).
1116 4628 1426 4707 Εἲσφερέτω
1474 4649 1576 4699 τις,
1628 4629 1655 4683 ὁ
1699 4629 1792 4702 μὶν
1826 4630 1967 4705 χρή-

388 4757 433 4792 "
460 4758 625 4813 Joan.
658 4774 774 4825 xxv,
806 4758 893 4813 31.
970 4757 1015 4793 ⁸⁸
1043 4759 1208 4814 Joan.
1240 4774 1344 4828 χιι,
1375 4758 1462 4813 32.

386 4882 497 4954 (66)
526 4879 671 4935 Τίνα.
706 4881 843 4954 Reg.
874 4899 924 4947 c,
954 4880 1028 4935 τί.

406 4951 497 5026 67)
528 4951 892 5026 'H._Sic_duo
926 4954 1218 5026 Regglet
1246 4954 1450 5026 Camb1
1480 4954 1543 5009 In
1580 4954 1697 5026 ed.,
1727 4951 1783 5026 ᾖ.

405 5020 496 5149 68)
524 5020 775 5110 Ἀνδριού
826 5025 933 5081 εθα.
970 5020 1092 5080 Οὐδ
1125 5025 1245 5098 Reg
1292 5066 1329 5094 .,
1356 5020 1774 5109 depuod‘psOqi.

405 5097 474 5149 69
527 5095 731 5149 ’Axun.
782 5046 907 5149 Buo
958 5101 1119 5149 Rem.
1151 5094 1201 5149 εν
1236 5042 1405 5149 ἕκατι.
1435 5120 1463 5147 ‹‹
1498 5096 1747 5149 Periculi

405 5094 495 5168 69)
527 5094 731 5169 ’Δκμῇ.
758 5094 907 5169 ,Βυο
958 5101 1121 5169 Regj,
1151 5094 1405 5167 tv'ixpﬁ.
1435 5094 1747 5169 «(Periculi
1796 5096 1961 5151 ﬂam-

383 5116 495 5168 (ον)
544 5116 625 5150 Δκ
674 5117 731 5169 ῃ.
782 5116 907 5152 U110
958 5116 1035 5153 Πθ
1083 5116 1119 5163 ⁸,
1151 5116 1201 5150 εν
1236 5116 1405 5167 ακμῃ.
1435 5120 1463 5147 ((
1498 5116 1747 5153 1³61⁸10011
1796 5116 1961 5151 nam-

309 5184 471 5223 mam
501 5189 528 5217 »
563 5116 711 5224 seret
739 5168 932 5240 dicere
976 5116 1223 5224 Tiﬁlius.
1256 5167 1571 5240 Gregorius
1619 5185 1750 5224 vero
1798 5172 1964 5240 vocat

310 5262 340 5290 ιι
377 5239 617 5310 periculi
674 5238 879 5309 aciem,
906 5262 933 5289 »
974 5256 1108 5296 eum
1168 5238 1405 5311 statim,
1443 5240 1649 5295 acerbo
1702 5239 1960 5311 quodam

308 5312 520 5384 mortis
568 5312 955 5384 genere,rvita
982 5312 1113 5384 piis
1144 5311 1283 5366 viris
1310 5310 1566 5384 tollitur;
1618 5310 1737 5377 cui,
1769 5316 1830 5365 ut
1880 5311 1963 5365 ait

305 5380 597 5456 Nicetas,‘
617 5380 858 5456 opponit
914 5380 1037 5456 τοὺ-ς
1090 5380 1418 5456 ἀσκητικοὺς
1469 5380 1712 5456 πόνους,
1749 5405 1776 5432 ‹‹
1826 5399 1961 5456 san-

304 5459 412 5510 ctaa
439 5477 465 5502 »
489 5453 713 5510 scilicet
737 5478 755 5504 α
783 5459 839 5511 et
870 5454 1154 5527 religiosa
1183 5456 1312 5510 vitae
1342 5455 1594 5522 labores,
1617 5454 1716 5527 qui
1753 5456 1809 5510 in
1843 5453 1961 5510 lon-

304 5543 385 5598 gu
397 5542 461 5600 mg
480 5530 594 5600 tem
605 5527 762 5600 poris
794 5528 1052 5600 spatium
1086 5527 1490 5600 porriguntur,
1513 5550 1542 5576 »

380 5598 490 5667 (70)
524 5594 853 5671 Ἐγγυτάτωῖ
904 5599 1047 5671 Reg,
1086 5594 1191 5653 bm
1242 5594 1515 5671 5t_Coisl_.
1569 5598 1620 5669 1,
1673 5594 1957 5671 ιγγύτατα.

306 5665 718 5744 Mogpro't'yi‘o
753 5671 872 5744 μέν,
901 5665 1050 5728 ΟΡΪΙ
1093 5671 1287 5744 habet,
1320 5668 1423 5744 ἐγὼ
1455 5665 1531 5724 δέ.

379 5740 494 5813 (71)
526 5740 1014 5819 ΠαρῶνζΝοωρθ,
1045 5740 1251 5819 καιρός,
1287 5764 1316 5795 ‹‹
1349 5740 1601 5815 tempus.
1630 5762 1652 5795 ι

383 4954 403 5167 Ξ

478 4956 497 5168 ἔ

2075 4635 2183 4697 tes,
2217 4634 2508 4700 quantum
2546 4618 2990 4683 messuarimus.
3024 4626 3295 4681 Conferat
3334 4624 3596 4696 quidem,
3631 4623 3726 4677 hic

2287 4877 2605 4953 ⁹1ἰγείρεσθε.
2639 4879 2825 4953 Pass._,
2859 4876 3171 4953 ἐγείρωμεν.

2146 4946 2261 5021 (73)
2302 4946 2738 5011 Ἀ’πανιστάντος.
2796 4946 2935 5022 Reg.
2971 4946 3065 5018 'c,
3107 4955 3164 5006 et
3215 4948 3497 5017 Combef.,
3555 4946 3723 5000 ἀπαν-

2077 5042 2351 5082 ιστωντος.

2143 5096 2255 5167 (74)
2286 5096 2565 5167 Καθαρῷς,
2599 5097 2706 5148 etc.
2740 5091 2913 5167 Coisl.
2950 5094 3251 5167 iietunus
3281 5090 3464 5167 Golb.,
3498 5088 3719 5167 καθαροὶ

2070 5163 2159 5238 τῷ
2180 5163 2465 5235 ποιήσαντι
2498 5166 2663 5236 ἡμᾶς.
2696 5187 2723 5214 ‹‹
2761 5164 2891 5235 puri
2937 5165 3264 5238 efﬁciamur
3311 5163 3566 5218 Creatori
3617 5178 3718 5217 lio-

2072 5246 2214 5295 stro.
2242 5239 2490 5311 »_Pass.,
2520 5237 2764 5311 καθαρῶς
2794 5237 3205 5311 τῷΑποιῄσαντι.

2140 5312 2253 5379 (75)
2277 5304 2765 5383 Ἐγκαταμενομεν.
2791 5304 2963 5363 COisl.
2992 5309 3040 5377 1,
3067 5305 3503 5377 ἆναπομένωμεν.
3533 5304 3671 5358 Pass
3702 5342 3716 5367 ,

2072 5378 2234 5435 ἰναπο
2243 5378 2371 5453 μὲνο
2382 5400 2473 5453 μεν
2486 5422 2497 5434 .

2143 5448 2253 5527 (76)
2284 5448 2851 5527 καρποφορείτωΑκοτ.
2888 5453 2938 5519 1,
2971 5449 3375 5525 καρποφορήτω
3407 5448 3641 5518 [prave].

2143 5472 2249 5527 (10)
2285 5472 2466 5527 λαρπο
2512 5472 2722 5524 υρειτω.
2756 5472 2827 5506 ur

2141 5527 2255 5597 (77)
2286 5524 2445 5597 Βίων.
2473 5472 2571 5580 (δι’.
2604 5524 2652 5593 1,
2690 5519 2827 5597 βίον.

2141 5590 2250 5669 (78)
2285 5594 2615 5670 Θερίσαντες.
2639 5590 2749 5670 ὈΤ.
2789 5596 2839 5662 1,
2888 5594 3247 5670 τηρήσαντες,
3284 5612 3309 5637 ‹‹
3344 5590 3657 5643 servantes.
3690 5608 3710 5633 ι

2141 5664 2257 5739 (79)
2294 5664 2972 5740 ’Ὁσονᾘἆγεωργήσαμενξ
3014 5689 3040 5713 α
3099 5668 3393 5740 Quantum
3456 5674 3716 5740 messae-

2070 5729 2332 5799 rimus.»
2365 5729 2572 5796 Billius
2622 5729 2707 5793 :'«'
2738 5729 3025 5811 quantum
3087 5729 3465 5792 araverimus.
3512 5753 3539 5781 »
3589 5729 3733 5789 Non,
