4138 6212
412 394 562 456 1051

1648 398 1713 459 S.
1762 396 2134 459 GREGORII
2178 396 2576 459 THEOLOGI

3657 393 3820 456 1052

410 527 712 599 pecunias,
756 526 853 581 ille
900 526 1010 581 hoc
1055 526 1252 599 ipsum
1286 529 1443 599 quod
1498 528 1645 584 nihil
1694 529 1937 597 habeat;
1968 545 2060 585 me

2179 548 2337 599 ματα,
2369 529 2397 582 6
2429 526 2485 582 δὲ
2513 527 2576 582 τὸ
2611 525 2779 600 μηδὲν
2812 525 2955 603 ἔχειν
2982 529 3099 599 (80)
3124 544 3136 559 ⁸
3173 526 3202 580 6
3252 527 3346 599 μὲν
3400 526 3464 580 τὸ
3520 530 3821 601 προθυμεῖ-

412 633 759 688 Ι)⁹ἰ·,ιυῐ188ῐῐὶ
794 616 864 670 ad
900 617 1045 671 bene
1075 617 1146 670 de
1190 620 1450 687 pri-mimo
1484 620 1826 674 merendum
1860 620 2059 674 volun-

411 711 612 769 tatem,
635 704 732 757 ille
763 705 973 759 bonam
1007 706 1245 759 alterius
1275 706 1631 763 voluntatem
1656 708 2060 780 suscipiendo;

412 794 509 849 hic
540 793 845 848 honestam
868 796 1179 863 actionem,
1203 795 1299 850 ille
1321 797 1529 851 scitam
1551 802 1607 852 et
1627 797 1898 853 solertem
1925 814 2060 853 con-

413 881 886 952 templationem;
920 882 1013 937 hic
1035 884 1445 954 tempestivum
1466 889 1522 939 et
1543 886 1916 940 commodum
1940 902 2058 941 ser-

416 970 794 1035 monem,ille
839 988 971 1026 curn
1025 972 1248 1027 ratione
1287 974 1663 1044 conjunctum
1727 974 2057 1043 silentium;

414 1059 509 1113 hic
529 1058 878 1115 inoffensam
904 1061 1225 1115 doctrinam
1251 1063 1543 1134 vitamque
1568 1064 1809 1118 minime
1832 1068 2059 1119 contra-

414 1148 588 1213 riam,
623 1148 720 1205 ille
771 1151 1185 1220 obsequentem
1237 1157 1293 1206 et
1340 1153 1650 1207 candidam
1699 1170 1933 1220 aurem;
1968 1153 2061 1208 hic

415 1244 638 1293 castam
683 1238 1099 1309 virginitatem,
1132 1245 1188 1295 et
1217 1259 1249 1296 a
1282 1242 1500 1296 mundo
1550 1243 1785 1313 penitus
1830 1243 2059 1298 abscin-

415 1326 673 1393 dentem,
708 1326 805 1383 ille
854 1329 1098 1399 pudicas
1143 1331 1402 1401 nuptias,
1434 1348 1538 1386 nec
1584 1348 1823 1403 prorsus
1866 1348 1899 1387 a
1947 1332 2061 1387 Deo

416 1415 852 1485 disjungentes;
879 1415 968 1470 hic
991 1416 1287 1486 jejunium
1320 1418 1507 1473 fastus
1537 1435 1760 1489 expers,
1793 1418 1890 1474 ille
1919 1436 2060 1491 epu-

416 1502 504 1557 las
548 1503 620 1557 ab
656 1503 1108 1575 intemperantia
1158 1510 1215 1560 et
1262 1506 1584 1577 petulantia
1632 1513 1917 1575 remotas;
1969 1508 2062 1563 hic

413 1591 792 1646 attentionem
827 1598 885 1646 et
927 1593 1334 1650 assiduitatem
1363 1594 1422 1650 in
1456 1596 1819 1652 orationibus
1849 1601 1905 1652 et
1935 1596 2061 1667 spi-

2173 618 2311 683 σθαι,
2346 617 2373 669 6
2406 614 2462 671 δὲ
2490 617 2552 671 τὸ
2580 617 2671 671 τὸν
2703 617 3155 691 προθυμιλ3μ.;νον
3208 618 3324 689 (81)
3351 612 3713 690 ἀποδέχεσθαι
3738 635 3751 646 ⁸
3788 617 3821 669 6

2177 706 2270 779 μὲν
2302 705 2489 780 πρᾶξιν
2525 706 2829 775 ἐπαινετὴν,
2863 707 2890 760 6
2924 703 2980 759 δὲ
3019 704 3244 780 θεωρίαν
3294 700 3589 779 εὔστοχονο
3642 704 3669 758 6
3724 706 3826 777 μὶν

2172 793 2337 869 λόγον
2370 795 2601 870 καίριον,
2637 796 2664 848 6
2693 792 2749 849 δὲ
2781 796 2991 861 σιωπὴν
3020 793 3246 867 εὔλογον
3274 812 3285 825 ’
3322 794 3350 847 6
3403 793 3499 865 μέν
3526 813 3612 854 τις
3661 790 3820 847 διδα-

2170 883 2392 938 σκαλίαν
2443 881 2730 938 ἄπταιστον
2788 883 2876 937 καὶ
2937 884 3050 956 βίον
3115 904 3190 955 μη
3246 881 3653 955 ἀνθιστάμενον,
3697 881 3727 935 6
3760 880 3825 937 δὶ

2171 973 2343 1042 ἀκοὴν
2378 973 2595 1042 εὐπειθῆ
2631 974 2717 1027 καὶ
2898 972 3219 1047 εὐγνώμονα
3243 990 3255 1003 ·
3291 972 3320 1025 6
3369 970 3462 1043 μὶν
3522 970 3821 1047 παρθενίαν

2171 1063 2340 1136 ἀγνήν
2386 1063 2472 1117 καὶ
2506 1062 2715 1133 κόσμου
2745 1060 3027 1122 παντελῶς
3056 1058 3486 1133 ἀποτέμνουσαν,
3534 1060 3561 1113 6
3608 1056 3664 1113 δὲ
3715 1062 3823 1134 γά-

2175 1172 2273 1222 μον
2308 1151 2497 1222 σεμνὸν
2527 1151 2613 1205 καὶ
2649 1151 2724 1222 μή
2758 1151 2926 1214 πάντη
2960 1154 3092 1203 Θεοῦ
3123 1148 3431 1224 χωρίζοντα
3455 1167 3468 1180 ·
3527 1148 3554 1201 6
3590 1148 3683 1220 μὲν
3716 1170 3826 1218 νη-

2172 1240 2345 1293 στείαν
2382 1236 2601 1317 ἄτυφον,
2635 1240 2662 1293 6
2694 1237 2749 1293 ’δὲ
2777 1237 3076 1292 ἀπόλαυσιν
3126 1240 3199 1311 μὴ
3254 1236 3553 1291 ἀκόλαστον
3584 1256 3596 1267 ·
3642 1235 3825 1299 ἄλλος

2169 1329 2231 1382 τὸ
2281 1328 2332 1382 έν
2378 1334 2711 1404 προσευχαῖς
2756 1328 3149 1403 ἀπερίσπαστον
3175 1326 3263 1381 καὶ
3296 1325 3487 1399 ὕμνοις
3519 1346 3827 1399 πνευματι-

2168 1423 2309 1484 κοῖς,
2341 1416 2511 1479 ἄλλος
2540 1419 2602 1473 τὸ
2632 1418 2683 1470 ἐν
2715 1416 3013 1493 προστασίᾳ
3043 1418 3155 1489 (83)
3183 1420 3289 1470 τῶν
3332 1414 3599 1488 δεομένων
3623 1434 3637 1447 ’
3683 1416 3822 1469 πάν-

2168 1527 2255 1568 τες
2290 1504 2511 1579 δάκρυα,
2544 1509 2738 1568 πάντες
2770 1508 3048 1581 κάθαρσιν,
3080 1500 3333 1559 ἀνάϐασιν
3380 1504 3573 1566 πάντες
3618 1505 3711 1559 καὶ
3758 1505 3825 1559 τὸ

2168 1600 2286 1656 τοῖς
2317 1592 2619 1669 ἔμπροσθεν
2653 1594 3065 1657 έπεκτείνεσθαι.

413 1679 727 1735 ritualibus
759 1680 1015 1752 hymnis,
1049 1682 1148 1738 ille
1186 1700 1508 1755 pauperum
1560 1702 1758 1739 curam
1792 1691 1848 1739 et
1876 1685 2215 1757 praesidium
2251 1700 2264 1740 :
2298 1701 2502 1740 omnes
2550 1691 2746 1740 autem
2795 1684 3103 1756 lacrymas,
3136 1698 3339 1740 omnes
3387 1683 3829 1755 purgationem,

414 1784 618 1824 omnes
650 1786 982 1839 ascensum,
1015 1776 1189 1843 atque
1220 1774 1615 1829 extensionem
1649 1776 1718 1830 ad
1753 1791 1819 1829 ea
1851 1791 1977 1846 quae
2010 1775 2206 1846 priora
2234 1778 2375 1830 sunt
2394 1775 2459 1828 ⁸⁷.

485 1857 633 1912 VIII.
672 1858 1013 1914 Praeclarum
1049 1878 1281 1933 quoque
1314 1879 1529 1918 munus
1560 1868 1649 1918 est
1690 1862 2061 1934 simplicitas,

2246 1862 2323 1917 Il'.
2361 1859 2513 1929 Καλή
2544 1860 2633 1915 καὶ
2665 1858 2909 1930 ἁπλότης
2939 1879 3301 1935 καρποφορια,
3350 1858 3440 1913 καὶ
3488 1856 3664 1934 γέλως
3715 1878 3829 1912 σω-

413 1950 471 2002 et
504 1946 687 2002 risum
720 1964 1001 2018 coercere,
1035 1952 1180 2005 iram
1233 1952 1570 2023 reprimere,
1602 1952 1839 2008 oculum
1895 1952 2057 2007 cohi-

413 2035 570 2106 bere,
595 2039 771 2092 menti
798 2041 1043 2110 vagandi
1083 2045 1425 2112 potestatem
1456 2042 1607 2097 868
1641 2058 1871 2113 negare.
1910 2041 2061 2096 Nihil

412 2141 615 2181 eorum
645 2144 771 2196 quas
797 2133 908 2183 Deo
930 2129 1274 2200 offeruntur,
1297 2136 1415 2185 tam
1451 2148 1691 2202 parvum
1720 2137 1828 2196 est,
1853 2148 2060 2202 quam-

411 2214 499 2270 vis
530 2216 703 2271 etiam
740 2216 969 2272 minimi
1021 2219 1303 2274 momenti
1335 2220 1432 2283 sit,
1456 2219 1724 2291 quamvis
1755 2220 1923 2290 longe
1973 2220 2060 2273 in-

415 2304 503 2358 tra
534 2303 692 2359 illius
738 2305 1103 2377 dignitatem,
1137 2309 1291 2378 quod
1344 2325 1457 2363 non
1506 2309 1744 2363 omnino
1794 2307 2061 2379 accipiat,

415 2398 768 2464 gratumque
799 2394 1029 2465 habeat,
1053 2397 1463 2467 tametsijusto
1487 2399 1711 2468 judicio
1735 2397 2064 2452 misericor-

417 2481 573 2537 diam
633 2484 954 2553 ponderare
1013 2485 1197 2539 soleat
1221 2487 1284 2540 ⁸⁸.
1334 2486 1557 2556 Accipit
1614 2485 1728 2553 ille,
1788 2490 1842 2539 et
1903 2483 2065 2538 Pauli

416 2570 859 2641 plantationem,
898 2577 959 2626 ut
1003 2572 1187 2637 Pauli,
1211 2578 1265 2627 et
1314 2574 1657 2645 rigationem
1690 2573 1891 2645 Apollo
1912 2574 1977 2640 ⁸⁸,
2009 2576 2068 2628 et

415 2659 533 2714 duo
564 2660 750 2713 viduas
801 2660 1028 2715 minuta
1047 2661 1110 2731 9°,
1144 2660 1443 2732 publicani
1491 2662 1885 2717 humilitatem
1908 2663 1976 2729 οι,
2010 2665 2067 2717 et

420 2748 712 2803 Manassis
740 2749 1166 2805 confessionem
1190 2751 1254 2805 ⁶².
1280 2751 1506 2823 Moyses
1532 2751 1972 2807 tabernaculum
2004 2750 2069 2805 i1-

417 2835 544 2901 lud,
568 2837 639 2891 ad
672 2836 995 2893 caelestium
1040 2840 1336 2911 exemplar
1365 2846 1788 2905 constructum,
1822 2841 1878 2894 in
1915 2846 2069 2895 terra

418 2924 660 2996 ﬁgebat;
694 2930 750 2981 et
781 2943 1005 2991 omnes,
1040 2929 1194 2999 quod
1239 2928 1449 3000 cuique
1492 2929 1904 2985 denuntiatum
1938 2929 2067 2985 fue-

419 3018 527 3081 rat,
553 3015 945 3071 conferebant.
971 3018 1120 3082 Quin
1147 3018 1322 3073 etiam
1355 3024 1561 3091 suapte
1592 3024 1799 3091 sponte
1830 3018 1926 3074 alii
1960 3035 2069 3074 au-

419 3120 572 3171 rum,
606 3103 705 3158 alii
740 3110 1071 3176 argentum,
1099 3106 1198 3161 alii
1238 3124 1502 3179 gemmas
1544 3108 1828 3180 pretiosas
1859 3109 1930 3163 ad
1963 3125 2069 3164 su-

417 3192 847 3265 perhumeralis
895 3201 1165 3251 ornatum
1206 3198 1528 3268 erogabant
1560 3215 1573 3252 :
1609 3198 1883 3253 mulieres
1933 3215 2067 3269 par-
2102 3236 2145 3304 C

419 3281 519 3304 ΛΞ...
568 3282 801 3304 L_-__-__
858 3288 1126 3304 _-A___1n_-
1225 3287 1385 3304 ,AAAB,
1485 3303 1489 3304 ν
1554 3303 1559 3304 ,
1609 3286 1620 3298 '
1824 3290 1864 3304 ιν
1922 3292 1932 3304 ι

419 3281 524 3336 tim
568 3282 807 3353 byssum
858 3288 1154 3351 retortam,
1208 3287 1419 3357 partim
1470 3286 1770 3341 coccinum
1820 3290 2065 3354 textum,

420 3370 632 3441 partim
658 3387 999 3443 purpuram,
1018 3374 1223 3444 partim
1247 3375 1491 3430 arietum
1518 3375 1695 3447 pelles
1718 3376 2065 3446 rubricatas,

424 3460 636 3531 partim
669 3477 976 3532 caprarum
1020 3463 1192 3533 pilos,
1228 3480 1346 3519 rem
1396 3464 1766 3530 vilissimam,
1801 3465 1868 3518 ad
1922 3481 2071 3537 opus

421 3549 784 3604 tabernaculi
807 3551 883 3618 ⁹³;
918 3552 1034 3616 alii,
1072 3554 1225 3623 quod
1258 3554 1507 3625 quisque
1540 3558 1641 3609 aut
1672 3570 1917 3626 quaeque
1969 3555 2070 3609 ba-

423 3638 626 3705 bebat;
658 3645 931 3695 czeterum
987 3657 1191 3697 omnes
1239 3642 1573 3713 efferebant,
1609 3660 1711 3698 nec
1761 3643 2071 3713 quisquam

422 3727 708 3783 immunis
757 3733 901 3794 erat,
935 3747 1006 3786 ne
1050 3731 1381 3786 tenuiorum
1416 3732 1671 3800 quidem.
1696 3731 2070 3788 Consimilem

422 3833 530 3871 nos
560 3833 793 3889 quoque
838 3819 896 3872 in
946 3819 1183 3874 modum
1241 3820 1486 3890 pretioso
1530 3821 1625 3877 Dei
1675 3820 2071 3887 tabernaculo,

423 3904 532 3961 hoc
563 3911 670 3975 est,
704 3906 883 3977 hujus
914 3907 1200 3976 Ecclesiae,
1234 3909 1389 3979 quod
1427 3926 1540 3964 non
1574 3910 1645 3964 ab
1678 3911 1934 3977 homine,
1971 3910 2071 3965 sed

424 4011 457 4049 a
486 3995 602 4050 Deo
635 3997 811 4050 ﬁxum
857 4001 945 4051 est
966 3998 1030 4065 9‘,
1060 3998 1334 4067 quodque
1363 3998 1540 4053 variis
1570 3998 1850 4053 virtutum
1902 4015 2071 4052 orna-

426 4084 640 4139 mentis
664 4085 1041 4151 construitur,
1067 4086 1219 4141 alius
1243 4086 1437 4141 minus
1460 4088 1764 4159 quiddam,
1784 4087 1933 4142 alius
1956 4104 2074 4142 ma-

417 4172 543 4242 jus,
567 4188 770 4228 omnes
813 4178 1008 4228 tamen
1042 4175 1186 4229 citra
1214 4176 1612 4247 exceptionem
1646 4177 1980 4243 offeramus,
2013 4176 2073 4229 in

428 4276 575 4331 opus
624 4262 965 4333 perfectum,
1000 4262 1060 4317 in
1112 4262 1515 4319 habitaculum
1548 4264 1784 4331 Christi,
1815 4264 1871 4318 in
1920 4269 2074 4319 tem-

428 4347 593 4420 plum
627 4354 893 4405 sanctum
916 4352 980 4418 9³,
1006 4352 1453 4409 architectonica
1474 4353 1726 4425 Spiritus
1759 4357 1881 4409 arte
1912 4370 2077 4409 cons-

430 4438 1271 4512 tructi,ctcoagmentati.[llud
1296 4442 1533 4513 quidem
1560 4443 1801 4498 minime
1829 4443 2074 4498 dubium

2171 1950 2584 2029 φρονιζόμενος,
2617 1948 2706 2003 καὶ
2750 1949 2919 2017 θυμὸς
2960 1946 3356 2020 κολαζόμενος,
3388 1948 3476 2001 καὶ
3508 1943 3664 2021 ὄμμα
3692 1969 3827 2000 παι-

2172 2035 2610 2114 δαγωγούμενον,
2660 2039 2748 2092 καὶ
2798 2042 2919 2098 νοῦς
2968 2034 3269 2099 πλανᾶσθαι
3318 2036 3393 2108 μὴ
3427 2035 3826 2111 συγχωρούμε-

2170 2149 2282 2189 νος.
2316 2126 2482 2185 Οὐδὲν
2513 2127 2655 2182 οὕτω
2709 2127 2899 2200 μικρὸν
2942 2130 3051 2180 τῶν
3103 2125 3498 2201 εἰσφερομένων
3550 2128 3686 2196 Θεῷ,
3725 2124 3826 2178 κᾶν

2173 2216 2459 2293 έλάχιστον
2492 2218 2552 2288 ᾗ,
2582 2216 2676 2271 κᾶν
2710 2216 2856 2291 παρά
2888 2217 2995 2287 (84)
3028 2214 3171 2269 πολὺ
3214 2220 3314 2282 τῆς
3360 2213 3506 2286 ἀξίας
3564 2212 3834 2285 λειπόμε-

2171 2326 2261 2360 νον
2322 2307 2453 2378 (85),
2505 2304 2535 2358 δ
2584 2306 2658 2377 μὴ
2709 2304 2988 2380 προσίεται
3031 2302 3245 2363 πάντως
3273 2302 3362 2356 καὶ
3392 2298 3744 2376 ἀποδέχεται,
3781 2301 3831 2355 εί

2171 2394 2261 2449 καὶ
2294 2393 2600 2466 σταθμίζειν
2634 2391 2747 2448 οἶδε
2768 2397 2835 2465 τῇ
2868 2390 3047 2462 δικαίᾳ
3076 2392 3249 2464 κρίσει
3277 2390 3341 2445 τὸ
3372 2388 3543 2452 ἔλεος.
3597 2389 3827 2465 Δέχεται

2173 2483 2263 2538 καὶ
2295 2481 2512 2537 Παύλου
2542 2484 2639 2551 τήν
2665 2482 2902 2559 φυτείαν,
2934 2480 3007 2542 ὡς
3032 2477 3275 2551 Παύλου,
3306 2479 3395 2533 καὶ
3428 2477 3695 2533 ’Δπολλῶ
3722 2480 3826 2546 τὴν

2175 2568 2409 2644 ἀρδείαν,
2441 2572 2530 2624 καὶ
2558 2571 2623 2624 τὰ
2655 2568 2749 2625 δύο
2782 2568 2953 2624 λεπτὰ
2980 2575 3080 2638 τῆς
3110 2569 3308 2644 χήρας,
3340 2567 3427 2622 καὶ
3458 2571 3557 2622 τοῦ
3580 2566 3830 2622 τελώνου

2173 2662 2272 2729 τὴν
2331 2659 2675 2729 ταπείνωσιν,
2735 2660 2824 2713 καὶ
2881 2662 2977 2714 τοῦ
3028 2664 3278 2726 Μανασσῆ
3324 2658 3423 2725 τήν
3462 2656 3828 2732 έξαγόρευσιν.

2174 2753 2377 2818 Μωσῆς
2409 2747 2677 2822 ἐπήγνυτο
2723 2749 2822 2816 τήν
2875 2748 3080 2815 σκηνὴν
3267 2744 3434 2816 κάτω,
3461 2745 3563 2813 τὴν
3588 2748 3698 2798 τῶν
3733 2743 3826 2798 οὐ·

2177 2838 2375 2913 ρανίων
2430 2838 2736 2910 ἀντίτυπον,
2777 2834 2865 2891 καί
2912 2838 3105 2898 πάντες
3154 2834 3423 2912 εἲσέφερον
3453 2834 3516 2888 τὸ
3543 2834 3827 2909 κηρυχθὶν

2174 2928 2381 2989 αὐτοῖς.
2415 2928 2477 2980 O't
2510 2924 2565 2981 δὲ
2594 2928 2683 2981 καὶ
2714 2923 3163 3001 αὐτεπάγγελτοι,
3195 2926 3247 2979 οἱ
3283 2925 3376 2998 μὲν
3595 2924 3825 2997 χρυσὸν,

2179 3016 2231 3071 οἱ
2262 3014 2319 3070 δὲ
2350 3014 2605 3091 ἄργυρον,
2639 3016 2691 3070 οἱ
2721 3012 2777 3069 δὲ
2818 3014 2999 3077 λίθους
3026 3014 3241 3086 τιμίους
3294 3013 3371 3075 είς
3398 3014 3499 3081 τὴν
3527 3008 3783 3083 έπωμίδα
3808 3028 3822 3041 ’

2178 3106 2232 3161 αἱ
2286 3103 2343 3160 δὲ
2399 3105 2593 3180 βύσσον
2649 3102 3149 3177 διακεκλωσμένην,
3208 3103 3265 3156 αἱ
3322 3099 3379 3156 δὲ
3431 3102 3685 3155 κόκκινον
3739 3120 3828 3154 vc-

2177 3193 2466 3267 νησμένον,
2501 3195 2552 3248 οἱ
2584 3191 2641 3248 δὲ
2670 3192 2971 3269 πορφύραν,
3006 3193 3058 3246 οἱ
3090 3188 3147 3245 δὲ
3192 3189 3428 3267 δέρματα
3476 3194 3643 3265 κριῶν
3695 3190 3833 3263 ἠρυ-

2178 3281 2565 3357 θροδανωμένα
2588 3300 2599 3312 ·
2635 3282 2690 3337 α’ί
2721 3280 2777 3337 δέ
2806 3283 2893 3337 καὶ
2924 3282 3119 3356 τρίχας
3149 3279 3357 3354 αίγείας
3399 3278 3476 3340 είς
3520 3280 3589 3332 τὰ
3635 3277 3835 3352 acinp-

2177 3394 2245 3450 γα
2293 3380 2394 3442 τῆς
2444 3374 2666 3442 σκηνῆς,
2712 3372 2774 3426 τὸ
2824 3370 3158 3449 φαυλότατον
3185 3388 3198 3400 °
3251 3369 3301 3422 οἱ
3338 3365 3395 3422 δὲ
3418 3366 3450 3421 6'
3475 3388 3529 3422 τι
3700 3364 3835 3421 ἱκα-

2180 3483 2326 3533 στος,
2378 3462 2411 3531 ἣ
2461 3460 2653 3530 ἑκάστη
2714 3460 2934 3536 τύχοιεν
2996 3455 3213 3533 ἔχοντες
3255 3460 3490 3518 ’πάντες
3522 3454 3582 3510 δὶ
3612 3454 3829 3532 ἔφερον,

2179 3550 2267 3605 καὶ
2298 3547 2473 3611 οὐδεὶς
2504 3552 2569 3618 ἦν
2602 3547 2919 3617 ἂισυντελὴς,
2954 3545 3077 3601 οὐδὲ
3109 3552 3216 3601 τῶν
3264 3546 3619 3601 πενεστάτων.
3669 3545 3834 3601 Οὒτω

2179 3640 2267 3694 καὶ
2298 3642 2460 3711 ἡμεῖς
2490 3638 2559 3712 τῇ
2592 3637 2757 3710 μιμίᾳ
2784 3642 2881 3692 τοῦ
2935 3641 3069 3691 Θεοῦ
3115 3639 3290 3709 σκηνῇ
3337 3632 3502 3704 τῆσδε
3559 3641 3662 3703 τῆς
3715 3635 3837 3688 Έκ-

2178 3726 2430 3798 κλησίας,
2462 3730 2521 3795 ἣν
2550 3728 2578 3781 6
2606 3727 2800 3801 Κύριος
2831 3726 3011 3795 επηξε,
3070 3724 3160 3779 καὶ
3372 3723 3470 3779 οὐκ
3520 3720 3836 3798 ἅνθρωπος,

2180 3818 2214 3887 ἢ
2245 3814 2527 3893 διαφόροις
2572 3817 2762 3887 ἀρετῆς
2813 3812 3277 3886 συνοικοδομεῖται
3324 3811 3607 3879 κάλλεσιν,
3649 3813 3681 3866 6
3735 3812 3838 3884 μὶν

2186 3906 2402 3981 μικρὸν,
2449 3906 2476 3959 6
2526 3903 2583 3959 δὲ
2634 3909 2839 3977 μεῖζον,
2884 3902 3072 3964 πάντες
3130 3900 3186 3957 δὲ
3237 3903 3447 3975 ὁμοίως
3490 3899 3842 3978 εἲσφέρωμεν

2183 3993 2260 4056 είς
2321 3994 2477 4069 ἔργον
2536 3992 2763 4058 τέλειον,
2818 3992 2893 4053 εἷς
2938 3994 3359 4065 κατοικητήριον
3408 3993 3644 4065 Χριστοῦ
3697 3990 3846 4061 (90),

2183 4082 2261 4144 είς
2304 4083 2429 4137 ναὸν
2488 4080 2663 4156 ἅγιον,
2718 4080 3104 4154 συντιθέμενοι,
3163 4081 3252 4135 καὶ
3309 4077 3844 4154 συναρμολογούμε-

2181 4192 2266 4227 νοι
2334 4174 2443 4245 (91)
2500 4175 2568 4245 τῇ
2602 4170 2979 4247 ἀρχιτεκτονίᾳ
3005 4174 3102 4224 τοῦ
3130 4169 3464 4242 Πνεόματος.
3495 4169 3726 4229 Πάντως
3783 4165 3845 4221 δὶ

2185 4258 2308 4317 οὐδὲ
2381 4260 2685 4334 είσοίσομεν
2768 4264 3046 4331 τοσοῦτον,
3128 4258 3251 4314 ὅσον
3330 4256 3661 4335 εἰλήφαμεν,
3740 4257 3844 4311 κᾶν

2183 4350 2356 4405 πάντα
2409 4348 2761 4426 εἰσφέρωμεν.
2823 4348 2968 4404 Ἐπεὶ
3028 4348 3116 4402 καὶ
3161 4347 3223 4402 τὸ
3254 4346 3381 4401 εἶναι
3413 4348 3550 4420 ἡμῖν
3586 4345 3649 4400 ἐκ
3680 4350 3846 4419 Θεοῦ,

2182 4439 2273 4495 καὶ
2329 4440 2392 4493 τὸ
2452 4436 2641 4493 εἰδέναι
2700 4439 2853 4507 Θεὸν,
2908 4438 2997 4492 καὶ
3030 4436 3159 4492 αὐτὸ
3188 4436 3252 4491 τὸ
3283 4435 3428 4511 ἔχειν
3459 4434 3489 4490 6'
3519 4433 3848 4511 εἰσενέγκω-

430 4531 537 4595 est,
564 4528 730 4598 quin,
760 4529 991 4585 etiamsi
1039 4531 1236 4585 omnia
1282 4532 1726 4598 contulerimus,
1760 4533 1958 4588 minus
1989 4536 2066 4588 ta.-

2189 4550 2304 4605 μεν.
2338 4529 2408 4583 Τὸ
2440 4525 2497 4582 δὲ
2544 4502 2848 4583 κάλλιστον⁷
2896 4527 2986 4581 καὶ
3045 4502 3581 4603 φιλανθρωπότατον,
3616 4502 3724 4579 ὅτι.
3766 4526 3847 4597 μὴ

502 4662 546 4695 ετ
576 4661 766 4733 Philip

772 4679 827 4734 p.
863 4681 944 4732 III,
982 4666 1065 4718 13.
1142 4665 1186 4698 ⁸⁸
1218 4667 1326 4719 Isa.
1380 4682 1575 4735 xxvm,
1632 4668 1715 4720 17.
1792 4668 1837 4703 ⁸9
1872 4670 1891 4723 Ι
1924 4668 2051 4724 Cor.

2201 4665 2254 4719 6.
2332 4664 2375 4699 9°
2407 4664 2544 4718 Luc.
2594 4679 2710 4729 xxx,
2760 4666 2825 4735 2.7
2874 4662 2929 4735 ‘9‘
2966 4662 3103 4717 Luc.
3132 4677 3292 4735 grvm,
3329 4661 3412 4715 13.
3488 4660 3538 4695 ’³
3571 4661 3617 4716 II
3648 4661 3848 4716 Paral.

430 4710 944 4807 XXXII-1:"
967 4710 1817 4809 vitamefﬁvffi53348“,
1847 4710 2553 4812 έεέξᾴδἽιᾟοδιι.
2584 4710 3103 4806 ἷί-Ἷνδήίέρὴθεῖῖἷ,

433 4878 585 4951 recte
617 4872 1136 4951 quidemrEtenim
1170 4882 1300 4948 post
1346 4892 1594 4933 messem
1625 4878 1819 4951 fruges
1850 4878 1909 4933 in
1940 4878 2079 4933 hor-

432 4946 548 5000 reis
580 4946 994 5000 reconduntur.

505 5016 619 5158 (80)
650 5016 725 5071 Τὸ
760 5013 928 5087 μηδὲν
958 5014 1126 5143 ἔχειν.
1160 5019 1364 5075 Billlus
1398 5038 1410 5075 :
1438 5043 1465 5070 «
1499 5024 1921 5145 paupertatem:
1959 5043 1985 5068 ››

529 5090 592 5142 81
649 5088 718 5141 Τὸ
746 5089 837 5141 τὸν
878 5107 983 5158 προ
1023 5088 1352 5158 υμούμενον,
1385 5096 1493 5147 etc.
1528 5092 1614 5146 Bil
1643 5108 1735 5146 lus
1766 5107 1943 5145 nimis
1977 5109 1985 5158 ι

435 5238 491 5288 et
520 5234 1159 5290 commendationem.»

506 5304 618 5377 (82)
651 5304 768 5361 Καί.
807 5306 899 5361 Sic
950 5308 1151 5361 decem
1186 5304 1365 5372 Colb.,
1400 5305 1496 5359 Or.
1535 5305 1585 5374 1,
1618 5308 1674 5359 et
1723 5308 1881 5359 Pass.
1916 5304 2086 5360 Deest

435 5376 494 5431 in
526 5377 618 5431 ed.

649 5088 721 5163 T6
746 5089 837 5141 τὸν
878 5088 1352 5163 προθυμούμενον,
1385 5088 1943 5163 etchilliusnimis
1977 5108 2080 5161 pa-

435 5160 794 5233 raphrastice
828 5178 841 5215 :
870 5186 894 5211 ‹‹
924 5160 1187 5218 hominis
1217 5180 1282 5218 eo
1314 5164 1521 5219 all‘ectu
1577 5161 1799 5234 praediti
1849 5160 2081 5218 laudem

2186 4874 2343 4929 tione
2370 4875 2638 4940 verterat,
2660 4894 2686 4921 «
2716 4869 3181 4935 tabernaculum,
3205 4891 3234 4919 ››
3264 4867 3417 4940 quod
3450 4885 3598 4924 sane
3630 4872 3849 4925 rectius

2186 4917 2434 5071 vitlletur.
2470 4917 2647 4998 Aliud
2677 4943 2833 4998 enim
2865 4946 2990 4997 erat
3023 4965 3043 4991 ι
3079 4917 3230 5008 πόα,
3252 4917 3299 4990 »Ἰ
3315 4940 3471 4995 aliud
3505 4964 3535 4989 ‹‹
3570 4942 3848 4999 taberna-

2190 5034 2259 5071 ou
2291 5033 2412 5071 um.
2444 5036 2472 5063 »

2190 5033 2412 5074 omum.
2444 5036 2472 5063 υ

2285 5090 2375 5156 87)
2407 5085 2468 5139 Oi
2506 5084 2622 5156 μιν.
2660 5089 2779 5139 Duo
2812 5084 2987 5156 Regg.
3022 5088 3081 5139 et
3106 5083 3201 5139 0r.
3234 5084 3282 5151 1,
3315 5081 3345 5135 ὁ
3380 5080 3493 5155 μέν.

2284 5154 2371 5222 88)
2401 5159 2465 5209 '0
2502 5154 2575 5211 τι.
2610 5157 2795 5222 Pass.,
2827 5154 2976 5209 εἷ’τι.

2284 5226 2376 5284 89)
2408 5227 2527 5283 Καί.
2560 5228 2655 5283 Sic
2686 5233 2849 5282 Pass.
2882 5227 3054 5282 Deest
3080 5227 3138 5281 in
3171 5226 3265 5280 ed.

2284 5299 2375 5370 90)
2408 5302 2662 5373 Χριστοῦ.
2698 5299 2854 5355 Colb.
2892 5300 3125 5373 1,“Οεοῢ.

2266 5364 2378 5444 (91)
2438 5364 2806 5441 Συντιθέμενοι
2882 5367 2974 5423 καί
3046 5364 3651 5444 συναρμολογούμενοι,
3733 5366 3852 5444 B_il-

508 5448 619 5518 (83)
670 5447 755 5524 ’βν
818 5445 1135 5521 προστασίᾳ.
1187 5445 1360 5501 Cois].
1423 5448 1455 5500 3
1504 5452 1558 5500 et
1607 5446 1701 5501 Or.
1756 5448 1803 5513 1,
1870 5443 1919 5498 ὲν
1967 5452 2066 5499 uit

2192 5440 2411 5524 liu's_:'_«
2443 5440 2847 5524 constructum
2893 5446 2949 5497 et
2980 5440 3488 5524 coagmentatum.
3515 5462 3545 5488 ιο
3577 5441 3655 5524 _Id_
3681 5440 3855 5524 refert

436 5517 811 5591 προστασίαις.

510 5593 624 5659 (84)
658 5590 825 5661 Παρά,
858 5589 952 5643 Sic
988 5590 1125 5654 Reg.
1159 5590 1254 5658 ph.
1294 5593 1464 5661 Deest
1494 5589 1548 5641 in
1586 5590 1675 5661 ed.

520 5658 619 5727 85)
657 5658 1010 5729 Λειπόμενον.
1044 5661 1219 5716 Coisl.
1257 5663 1305 5729 1,
1343 5658 1799 5733 ἀπολειπόμενον.

512 5672 625 5799 (86)
652 5731 759 5797 Τὴν
793 5731 1016 5799 σκηνήν.
1044 5730 1249 5790 Billlus
1286 5752 1313 5786 ι
1351 5748 1565 5790 arcam.
1587 5750 1613 5785 ii
1650 5738 1715 5789 In
1747 5750 1799 5799 pi

534 5731 625 5799 86)
652 5731 759 5797 Τὴν
793 5731 1016 5799 σκηνήν.
1044 5730 1249 5790 Billlus
1286 5752 1313 5786 ι
1351 5748 1565 5790 arcam.
1587 5730 1628 5785 ί
1650 5738 1715 5789 In
1746 5734 1937 5806 prima
1965 5732 2084 5791 edi-

2195 5540 2222 5567 ‹‹
2260 5519 2329 5572 ad
2364 5514 2673 5587 templum,
2703 5536 2729 5563 υ
2762 5530 2895 5569 cum
2928 5514 2995 5569 ad
3030 5529 3137 5587 nos
3180 5513 3341 5587 ipsos
3383 5513 3589 5587 referri
3606 5514 3853 5587 debeat.

2192 5588 2309 5643 Noe
2338 5583 2501 5643 enim'
2528 5588 2638 5658 ipsi
2688 5602 2915 5658 sumus.
2949 5586 3071 5656 qui,
3104 5583 3565 5658 architectonica
3595 5584 3852 5655 Spiritus

2196 5660 2394 5788 sanctit
2411 5655 2607 5730 arte,“
2642 5660 2701 5715 in
2730 5655 3015 5731 templum
3048 5656 3146 5714 Dei
3176 5655 3607 5729 construimur,
3638 5662 3697 5714 et
3726 5670 3855 5711 coe-

2196 5746 2367 5789 gmen
2398 5747 2588 5789 amur.

2196 5746 2588 5805 gmentamur.
