4138 6212
257 415 405 479 1053

730 416 1026 478 ORATIO
1070 417 1224 478 XIX.
1257 451 1335 463 —
1364 420 1468 480 AD
1510 415 1908 481 JULlANUM
1951 416 2470 480 TRIBUTORUM
2516 415 3161 487 EXEQUATOREM.

3500 416 3658 479 1054

251 548 314 623 τῇ
375 547 496 621 ἀξίᾳ
550 552 647 603 τοῦ
718 546 1026 622 διδομένου,
1100 550 1169 625 τῇ
1244 548 1301 606 δὶ
1376 548 1601 626 δυνάμει
1674 550 1763 605 καὶ
1827 552 1884 622 τῆ

2010 566 2142 606 men
2195 549 2461 605 collaturi
2514 550 2722 615 simus,
2774 566 2951 618 quam
3001 550 3355 621 accepimus.
3388 550 3660 615 Quando-

256 635 484 692 διαθέσει
530 640 627 691 τοῦ
674 642 1173 718 καρποφοροῦντες,
1229 645 1415 715 μετρεῖ
1461 642 1588 703 Θεὸς
1634 640 1732 709 τὴν
1779 637 1896 693 έπί-

256 723 397 781 δοσιν
408 769 420 783 .

2010 640 2247 713 quidem
2302 639 2479 695 divini
2535 640 2798 695 benefici;
2862 646 2983 706 αἱ,
3016 640 3167 709 quod
3226 656 3455 711 sumus,
3502 645 3653 712 quod

2008 728 2192 784 Deum
2235 729 2667 801 cognoscimus,
2702 729 2969 798 quodque
3018 729 3214 798 etiam,
3249 729 3401 800 quod
3448 729 3655 784 offera-

256 832 404 884 mus,
440 816 748 872 habemus.
777 818 966 889 Atque
1006 818 1150 873 illud
1196 818 1656 891 pulcherrimum
1690 818 2307 888 humanissimumque
2338 820 2692 873 censendum
2720 822 2830 883 est,
2862 820 3016 889 quod
3065 823 3215 873 Deus
3260 817 3656 890 largitionem,

256 922 365 962 non
397 906 603 961 oblatae
635 906 717 962 rei
749 906 935 978 pretio
964 911 1022 962 et
1051 907 1351 980 dignitate,
1384 909 1485 964 sed
1518 907 1810 963 offerentis
1843 909 2049 963 aﬂ'ectu
2080 911 2136 962 et
2164 907 2439 962 facultate
2469 908 2763 962 metiatur.

322 995 394 1050 8'.
428 997 514 1062 Μή
550 994 639 1048 οὗν
671 994 959 1068 ἀναμείνῃς
996 994 1239 1069 γενέσθαι
1290 996 1549 1071 χρηστὸς,
1600 993 1727 1051 ἀλλ’
1782 993 1891 1064 ἤδη

255 1087 408 1157 γενοῦ
432 1102 445 1115 ο
485 1080 624 1155 μηδὶ
654 1083 736 1138 ὅτι
767 1090 867 1152 τῆς
901 1082 1047 1155 ἀξίας
1079 1083 1326 1158 λείπῃ,τὸ
1356 1090 1457 1139 πᾶν
1494 1083 1724 1159 έλλίπῃς
1759 1086 1889 1159 (92).

252 1170 424 1227 Ἀλλᾶ
474 1174 537 1227 τὸ
596 1174 689 1245 μὶν
740 1172 1030 1248 εἰσένεγκε,
1087 1175 1149 1228 τὸ
1214 1172 1271 1229 δὲ
1321 1176 1705 1250 προθυμήθητι
1760 1176 1891 1248 (93),

250 1262 374 1337 ὑπὲρ
406 1258 463 1315 δὲ
486 1266 583 1315 τοῦ
616 1259 842 1333 δεήθητι
873 1260 1095 1331 δοθῆναι
1144 1264 1467 1340 συγγνώμην
1514 1268 1582 1338 τῇ
1634 1262 1891 1334 ἀσθενείᾳ.

250 1350 357 1409 Οὐκ
415 1350 649 1427 ὀφθήσῃ,
716 1351 869 1428 φησὶ,
945 1353 1102 1414 κενὸς
1176 1351 1412 1407 ἐναντίον
1492 1374 1618 1426 μου.
1686 1350 1891 1421 Μηδεὶς

250 1439 380 1495 ἴστω
427 1440 601 1509 κενὸς,
655 1436 796 1512 μηδὲ
826 1437 1090 1516 ἄκαρπος,
1128 1438 1268 1515 μηδέ
1291 1462 1375 1504 τις
1406 1446 1590 1517 στεῖρα
1618 1443 1771 1516 ψυχὴ
1803 1441 1893 1496 καὶ

250 1527 458 1604 ἄγονος.
514 1530 777 1591 Ἕκαστος
835 1529 895 1584 ἐκ
952 1533 1060 1585 τῶν
1133 1529 1417 1605 παρόντων
1473 1530 1892 1608 καρποφορείτω

252 1622 384 1689 Θεῷ,
414 1618 505 1671 καὶ
535 1616 595 1672 ἐκ
621 1621 727 1672 τῶν
760 1617 974 1673 οίκείων
1007 1619 1118 1691 (94)
1143 1636 1156 1652 ⁸
1192 1619 1220 1673 6
1271 1617 1589 1695 ἁμαρτάνων
1644 1620 1745 1689 τὴν
1798 1640 1891 1693 με-

248 1701 511 1779 ταϐολὴν,
543 1706 572 1760 6
601 1706 787 1769 καλῶς
818 1707 1051 1782 νρέχων,
1080 1708 1181 1777 τήν
1232 1706 1493 1781 εὐτονίαν,
1544 1708 1573 1762 6
1620 1709 1739 1770 νέος
1791 1709 1892 1777 τὴν

252 1794 581 1871 ἐγκράτειαν,
628 1796 665 1865 ἡ
718 1794 890 1851 πολιὰ
933 1796 1032 1865 τήν
1085 1794 1369 1875 φρόνησιν,
1422 1796 1450 1851 6
1498 1795 1761 1859 πλούσιος
1789 1798 1889 1867 τήν

254 1856 616 1956 μὶτάδοσινίὸ
645 1856 814 1955 πένης
846 1885 943 1953 τὴν
977 1856 1406 1961 εὐχάριστίαν,’ὁ
1438 1886 1489 1940 έν
1533 1856 1757 1958 έξουσίᾳ-
1789 1856 1889 1955 την
1928 1856 1975 1923 Β

248 1972 492 2047 ἀτυγίαν,
552 1974 580 2027 6
640 1973 974 2049 εἰσπράττων
1034 1976 1134 2043 τήν
1192 1975 1532 2047 ἡμερότητα.
1592 1976 1656 2029 Οἱ
1704 1975 1891 2051 ἱερεῖς,

246 2060 527 2125 ένδύσασθε
565 2061 933 2135 δικαιοσύνην,
986 2064 1046 2135 ἢ,
1095 2063 1155 2118 τό
1213 2085 1273 2140 γε
1302 2064 1664 2141 ἀληθέστερον
1699 2064 1892 2132 εἰπεῖν,

249 2148 628 2224 ἐνδυσώμεθα.
663 2152 738 2223 μή
780 2149 1175 2228 διασπείρωμεν
1220 2154 1288 2207 τὰ
1341 2148 1591 2228 πρόϐατα
1643 2161 1744 2222 τῆς
1799 2174 1890 2208 νο-

250 2246 378 2312 μῆς,
438 2239 526 2293 καὶ
559 2237 979 2316 διαφθείρωμεν,
1040 2242 1171 2317 ὑπὲρ
1206 2243 1279 2296 ὧν
1310 2239 1468 2311 ἔθηκε
1498 2244 1595 2309 τὴν
1628 2244 1812 2317 ψυχὴν
1864 2243 1892 2296 6

244 2330 452 2400 ποιμὴν
486 2330 514 2383 ὁ
545 2329 734 2396 καλὸς,
769 2331 797 2384 6
827 2331 1104 2403 γινώσκων
1134 2332 1202 2385 τὰ
1232 2329 1361 2399 ἴδια,
1412 2330 1500 2385 καὶ
1558 2331 1894 2405 γινωσκόμε-

242 2438 332 2478 νος
382 2417 486 2471 61:6
532 2422 639 2471 τῶν
684 2415 860 2490 ίδίων,
908 2417 998 2473 καί
1042 2417 1223 2473 καλῶν
1272 2420 1390 2474 κατ’
1419 2414 1612 2492 ὅνομα,
1646 2420 1734 2473 καὶ
1784 2419 1889 2474 εἰσ-

246 2505 393 2581 άγων
425 2505 577 2577 αὐτὰ,
609 2506 698 2559 καὶ
748 2505 948 2581 ἐξάγων
999 2507 1105 2561 ἀπό
1159 2528 1218 2563 τε
1263 2507 1511 2570 ἀπιστίας
1565 2507 1641 2570 είς
1690 2507 1890 2577 πίστιν,

249 2595 337 2649 καὶ
393 2595 497 2649 ἀπὸ
556 2601 655 2664 τῆς
707 2598 850 2664 ζωῆς
894 2594 1095 2667 ταύτης
1141 2596 1228 2651 ἰπὶ
1274 2599 1372 2667 τὴν
1427 2596 1625 2661 ἐκεῖθεν
1657 2597 1891 2652 ἀνάπαυ-

248 2704 353 2739 σιν.
388 2678 753 2757 Φοϐηθῶμεν,
790 2685 864 2756 μὴ
901 2686 989 2763 ἀφ’
1021 2687 1179 2757 ἡμῶν
1214 2683 1435 2759 ἄρξηται
1466 2687 1529 2741 τὸ
1560 2691 1751 2762 κρῖμα,
1794 2707 1890 2741 κα-

244 2774 310 2826 τὰ
337 2774 435 2841 τὴν
466 2770 697 2843 ἀπειλήν
720 2793 733 2806 ο
771 2774 846 2846 μὴ
876 2768 1130 2847 λάϐωμεν
1172 2774 1231 2830 ἐκ
1260 2777 1447 2851 χειρὸς
1488 2774 1689 2852 Κυρίου
1720 2773 1891 2831 διπλᾶ

241 2862 308 2915 τὰ
368 2861 738 2934 ἁμαρτήματα
796 2865 927 2936 (95),
988 2863 1142 2917 αὐτοί
1196 2885 1256 2919 τε
1310 2864 1409 2919 οὐκ
1466 2864 1740 2935 εἷσιόντες,
1797 2864 1887 2919 καὶ

239 2949 366 3009 τοὺς
399 2948 657 3013 εἰσελθεῖν
693 2947 1020 3024 δυναμένους
1052 2951 1380 3015 κωλύοντες.

2078 998 2162 1052 IX.
2201 996 2449 1051 Proinde
2481 1013 2551 1051 ne
2583 996 2869 1067 benignus
2902 1014 3029 1052 esse
3060 996 3371 1067 cuncteris,
3402 997 3501 1053 sed
3526 998 3652 1067 jam

2003 1091 2155 1153 esto;
2203 1102 2325 1153 nec,
2360 1086 2499 1155 quia
2547 1084 2690 1140 satis
2724 1085 2967 1156 dignum
3019 1103 3235 1141 munus
3283 1086 3488 1141 offerre
3537 1104 3651 1142 non

2002 1180 2189 1248 potes,
2220 1174 2436 1230 idcirco
2495 1174 2753 1228 ofﬁcium
2807 1176 3047 1229 omnino
3095 1176 3314 1230 desere.
3349 1175 3499 1239 Quin
3553 1193 3651 1246 po-

2002 1264 2119 1319 tius
2171 1264 2251 1318 ita
2297 1268 2354 1317 te
2405 1279 2700 1333 compara,
2736 1266 2799 1316 ut
2844 1262 2958 1317 alia
3014 1264 3212 1317 statim
3267 1264 3497 1333 offeras,
3540 1264 3655 1319 alia

2005 1357 2275 1425 prompta
2305 1368 2371 1407 ac
2402 1368 2695 1423 propensa
2733 1351 3030 1406 voluntate
3061 1352 3264 1406 offerre
3296 1357 3551 1422 exoptes,
3584 1353 3654 1407 de

2004 1441 2134 1497 aliis
2172 1440 2500 1496 inﬁrmitati
2531 1446 2643 1495 tuae
2673 1440 2903 1495 veniam
2951 1446 3137 1511 petas.
3169 1444 3290 1496 Non
3337 1440 3649 1511 apparebis,

2004 1529 2218 1601 inquit,
2267 1545 2451 1585 coram
2496 1545 2582 1585 me
2632 1545 2833 1584 vacuus
2854 1530 2917 1583 9'.
2950 1529 3130 1585 Nemo
3177 1529 3359 1601 igitur
3405 1545 3650 1595 vacuus,

2003 1623 2061 1675 et
2090 1619 2492 1674 infructuosus
2524 1618 2619 1687 sit,
2652 1635 2757 1675 nec
2788 1618 2985 1675 anima
3015 1618 3137 1674 ulla
3175 1617 3392 1674 sterilis
3422 1625 3476 1674 et
3504 1618 3652 1674 infe-

2003 1708 2216 1764 cunda.
2247 1707 2667 1779 Unusquisque
2715 1712 2828 1763 Deo
2877 1724 3004 1778 quae
3050 1710 3392 1779 suppetunt,
3425 1710 3481 1763 et
3524 1723 3651 1779 quea

2004 1797 2241 1869 propria
2271 1800 2430 1863 sunt,
2459 1796 2611 1851 809
2644 1795 2906 1852 muneris
2938 1796 3062 1852 loco
3106 1796 3309 1851 offerat
3341 1811 3354 1849 :
3388 1795 3487 1867 qui
3519 1813 3649 1869 pec-

2005 1890 2119 1957 cat,
2150 1884 2279 1941 vitae
2326 1886 2746 1954 mutationem;
2779 1884 2878 1956 qui
2937 1889 3088 1940 recte
3133 1885 3337 1954 currit,
3368 1884 3429 1939 in
3474 1901 3650 1942 cursu

2005 1975 2426 2042 constantiam;
2460 1974 2798 2030 adolescens
2830 1974 3271 2042 continentiam,
3306 1991 3483 2031 senex
3513 1992 3651 2047 pru-

2004 2065 2283 2130 dentiam,
2304 2065 2463 2120 dives
2484 2064 2871 2136 largitionem,
2893 2081 3113 2135 pauper
3132 2066 3454 2135 gratiarum
3479 2066 3654 2120 actio-

2003 2170 2169 2221 nem;
2216 2152 2316 2224 qui
2366 2154 2624 2224 potentia
2672 2152 2868 2221 pollet,
2902 2153 3287 2218 modestiam;
3320 2154 3419 2225 qui
3451 2154 3650 2227 exigit,

2004 2242 2537 2298 mansuetudinem.
2612 2242 2952 2308 Sacerdotes,
3014 2241 3227 2297 induite
3281 2244 3648 2314 justitiam",

2004 2336 2126 2399 aut,
2156 2335 2221 2385 ut
2250 2330 2445 2385 verius
2474 2331 2687 2397 dicam,
2717 2330 3032 2385 induamus
3066 2346 3079 2383 :
3113 2346 3340 2402 pascua)
3391 2348 3526 2387 oves
3579 2349 3650 2389 ne

2003 2420 2413 2491 dispergamus
2439 2423 2493 2474 et
2518 2418 2865 2491 jugulemus
2886 2420 2948 2487 νε,
2974 2436 3076 2491 pro
3097 2420 3313 2491 quibus
3334 2420 3524 2476 bonus
3551 2420 3649 2477 ille

2002 2509 2204 2565 Pastor
2234 2509 2492 2565 animam
2522 2526 2689 2564 suam
2722 2508 2937 2579 posuit,
2962 2509 3062 2579 qui
3095 2525 3227 2564 oves
3259 2526 3397 2565 suas
3429 2527 3646 2583 cogno-

2000 2599 2131 2669 scit,
2154 2604 2212 2655 et
2241 2617 2275 2656 a
2304 2600 2427 2655 suis
2478 2599 2868 2671 cognoscitur,
2902 2602 2958 2653 et
2995 2614 3093 2653 eas
3137 2603 3320 2666 vocat,
3354 2603 3411 2655 et
3457 2599 3643 2656 intro-

1999 2690 2160 2746 ducit
2188 2695 2363 2761 atque
2394 2690 2674 2761 educit”,
2706 2693 2834 2744 tum
2867 2689 2939 2744 ab
2969 2688 3269 2760 impietate
3320 2690 3391 2745 ad
3444 2690 3642 2762 ﬁdem,

1996 2782 2125 2835 tum
2156 2780 2227 2835 ab
2258 2780 2366 2835 hac
2395 2779 2515 2835 vita
2544 2780 2616 2834 ad
2667 2779 2923 2834 futuram
2968 2779 3251 2849 requiem.
3284 2778 3641 2847 Timeamus,

1998 2885 2089 2937 ne,
2114 2869 2268 2941 quod
2308 2868 2609 2939 Scriptura
2653 2868 3064 2937 comminatur,
3096 2884 3130 2921 ιι
3161 2867 3328 2922 nobis
3359 2867 3458 2923 Dei
3482 2868 3642 2938 judi-

1997 2956 2153 3012 cium
2183 2956 2494 3028 incipiat‘;
2528 2972 2600 3011 ne
2630 2957 2699 3011 de
2730 2973 2909 3011 manu
2952 2956 3181 3011 Domini
3215 2956 3474 3029 duplicia
3503 2973 3639 3027 pec-

237 3044 365 3095 cata
409 3040 771 3112 accipiamus
790 3042 833 3110 ',
865 3058 983 3097 non
1030 3043 1203 3099 modo
1251 3044 1366 3116 ipsi
1416 3060 1531 3099 non
1589 3044 1975 3113 introeuntes,
2008 3046 2109 3102 sed
2155 3046 2331 3101 etiam
2363 3050 2421 3101 et
2449 3061 2547 3101 eos
2600 3045 2697 3117 qui
2744 3046 2987 3101 introire
3034 3049 3303 3117 possunt,
3335 3045 3646 3117 prohiben-

233 3131 321 3184 tes
345 3128 389 3184 ⁸.

309 3216 363 3272 Ι’.
433 3217 508 3269 Τὰ
584 3212 851 3291 πρόϐατα,
913 3219 988 3291 μὴ
1045 3218 1359 3292 ποιμαίνετε
1410 3220 1539 3284 τοὺς
1595 3221 1882 3296 ποιμένας,

2061 3222 2127 3279 Χ.
2161 3224 2326 3294 Oves,
2360 3228 2622 3297 pastores
2683 3228 2779 3295 nef
2814 3223 3053 3297 pascite,
3099 3240 3203 3279 nec
3260 3240 3441 3296 supra
3498 3224 3644 3280 fines

245 3300 387 3377 μηδὲ
434 3304 566 3380 ὑπὲρ
614 3304 739 3367 τοὺς
798 3306 999 3361 ἑαυτῶν
1046 3306 1207 3384 ὅρους
1237 3307 1552 3385 ἰπαίρεσθεο
1585 3310 1740 3387 ἀρκεῖ
1783 3312 1883 3387 γὰρ

237 3392 395 3466 ὑμῖν,
451 3392 510 3447 ἂν
553 3391 736 3457 καλῶς
780 3396 1145 3469 ποιμαίνησθε
1388 3400 1476 3468 Μή
1529 3398 1738 3475 κρίνετε
1760 3400 1885 3462 τοὺς

234 3483 444 3557 κριτὰς,
510 3480 651 3556 μηδὲ
696 3490 1041 3557 νομοτεθεῖτε
1084 3491 1201 3549 τοῖς
1254 3487 1609 3561 νομοθέταις·
1661 3488 1723 3544 οὗ
1780 3494 1883 3565 γάρ

237 3570 349 3625 ἔστι
410 3572 538 3633 Θεὸς
598 3571 985 3635 ἀκαταστασίας
1040 3576 1129 3630 καὶ
1188 3576 1421 3649 ἀταξίας,
1481 3575 1608 3632 ἀλλ’
1664 3578 1884 3654 εἰρήνης

232 3660 323 3714 καὶ
369 3659 592 3731 τάξεως.
643 3663 731 3730 Μὴ
777 3662 957 3717 τοίνυν
1009 3662 1146 3719 ἔστω
1184 3686 1265 3727 τις
1294 3665 1527 3742 κεφαλὴ,
1564 3666 1727 3741 μόγις
1779 3689 1885 3722 που

232 3749 361 3825 χεὶρ
392 3750 698 3825 τυγχάνων,
728 3752 763 3819 ἢ
796 3755 953 3824 ποῦς,
984 3755 1019 3821 ἢ
1060 3752 1202 3808 ἄλλο
1246 3775 1299 3808 τι
1345 3759 1453 3809 τῶν
1496 3754 1883 3831 εὐτελεστέρων

237 3838 421 3911 μελῶν
473 3842 587 3910 (97)
630 3844 727 3893 τοῦ
768 3843 1019 3913 σώματος
1043 3861 1057 3874 °
1090 3840 1217 3898 ἀλλ’
1247 3840 1468 3905 ἕκαστος
1501 3844 1551 3898 έν
1585 3843 1622 3919 ᾖ
1673 3843 1879 3916 ικλήθη

226 3927 396 3998 τάξει,
450 3925 701 4005 ἀδελφοὶ,
750 3928 802 3983 ἰν
850 3929 1017 4004 ταύτῃ
1072 3932 1298 4003 μενέτω,
1327 3931 1421 3986 κᾶν
1455 3931 1617 4006 ᾗτῆς
1643 3933 1884 4008 κρείττο-

226 4035 324 4077 νος
382 4016 528 4086 ἄξιος
556 4036 569 4050 ·
632 4017 683 4072 έν
733 4020 779 4090 ᾧ
827 4020 1041 4095 στέργει
1072 4023 1184 4095 (98)
1212 4022 1330 4089 τήν
1362 4025 1659 4097 παροῦσαν,
1716 4020 1881 4077 πλέον

223 4102 558 4178 εὐδοκιμῶν,
614 4108 648 4175 ἢ
702 4106 752 4161 ἐν
800 4112 878 4179 τῷ
932 4112 1109 4180 ζητεῖν
1156 4112 1216 4179 ἣν
1271 4110 1370 4166 οὐκ
1412 4106 1625 4167 ἔλαϐεν.
1661 4113 1747 4182 Μή
1776 4132 1883 4184 τις,

221 4193 343 4249 ξνὸν
402 4192 701 4257 ἀκινδύνως
749 4192 990 4270 ἕπεσθαι,
1050 4196 1237 4274 ἄρχειν
1299 4197 1653 4262 ἐπικινδύνως
1704 4200 1886 4265 ἐπιθυ-

224 4281 439 4356 μείτω·
496 4282 637 4357 μηδὲ
684 4286 713 4339 6
758 4291 860 4355 τῆς
912 4286 1193 4364 ὑποταγῆς
1241 4288 1410 4362 νόμος
1448 4288 1819 4359 καταλυέσθω,
1848 4290 1884 4359 ἦ

216 4371 317 4428 καὶ
374 4373 442 4427 τὰ
498 4370 707 4449 ἰπίγεια
753 4375 969 4450 συνέχει
998 4376 1088 4430 καὶ
1117 4377 1184 4432 τὰ
1213 4376 1472 4451 οὐράνια*
1511 4375 1652 4452 μηδὶ
1698 4383 1872 4435 ποιῶ-

224 4480 329 4535 μεν
397 4459 659 4537 ἀναρχίαν
712 4463 810 4531 τὴν
856 4460 1224 4540 πολυαρχίαν.
1274 4466 1336 4521 0i.
1365 4466 1488 4542 περὶ
1548 4464 1768 4543 λόγους,
1803 4469 1878 4542 μὴ

1995 3316 2220 3369 vestros
2278 3314 2602 3385 assurgite;
2636 3314 2779 3369 satis
2825 3313 2981 3369 enim
3030 3313 3192 3370 vobis
3249 3318 3357 3384 est,
3391 3312 3441 3368 si
3498 3318 3650 3369 recte

1995 3402 2337 3475 pascamini.
2372 3402 2560 3459 Nolite
2583 3403 2850 3475 judicare
2881 3403 3132 3474 judices,
3167 3419 3273 3458 nec
3302 3402 3649 3473 legislatori-

1995 3491 2107 3548 bus
2137 3491 2293 3565 leges
2342 3492 2720 3563 prwscribite.
2756 3492 2881 3547 Non
2936 3496 3021 3548 est
3072 3492 3228 3547 enim
3262 3491 3649 3548 dissensionis

1995 3585 2051 3637 et
2081 3580 2441 3637 confusionis
2473 3586 2645 3649 Deus,
2670 3583 2771 3637 sed
2812 3581 2971 3654 pacis
3000 3586 3057 3637 et
3086 3582 3309 3636 ordinis
3330 3582 3371 3637 ‘.
3401 3581 3481 3636 Ne
3512 3582 3648 3652 quis

1994 3670 2176 3741 igitur
2227 3676 2401 3741 caput
2444 3671 2538 3737 sit,
2564 3671 2664 3742 qui
2694 3670 2787 3725 vix
2832 3675 2932 3725 aut
2979 3688 3212 3734 manus,
3246 3676 3347 3725 aut
3394 3686 3516 3741 pes,
3549 3675 3649 3723 aut

1993 3758 2168 3814 vilius
2193 3759 2485 3830 quoddam
2530 3759 2683 3813 aliud
2720 3759 2978 3830 corporis
3020 3760 3350 3814 membrum
3385 3763 3475 3814 est
3506 3774 3519 3813 :
3553 3774 3645 3812 ve-

1996 3864 2290 3919 rum,quo
2318 3852 2556 3903 vocatus
2612 3852 2719 3918 est,
2753 3849 2812 3903 in
2862 3864 2929 3902 eo
2978 3849 3161 3920 gradu
3217 3849 3468 3919 quisque
3518 3864 3644 3902 ma-

1994 3942 2147 4005 neat,
2181 3936 2411 3992 etiamsi
2456 3936 2675 4007 alioqui
2708 3937 3094 4009 prestantiori
3128 3937 3342 4009 dignus
3373 3935 3478 4004 sit;
3515 3936 3645 4004 plus

1994 4026 2197 4098 utique
2223 4026 2416 4081 laudis
2446 4025 2751 4081 habiturus
2784 4042 2851 4081 ex
2880 4041 2945 4081 eo
2970 4026 3124 4097 quod
3158 4025 3427 4097 praesenti
3457 4026 3643 4097 gradu

1994 4115 2334 4187 acquiescit,
2368 4131 2547 4187 quam
2596 4116 2643 4170 si
2686 4132 2821 4171 eum
2854 4118 3092 4187 quaerat,
3128 4130 3302 4186 quem
3336 4132 3451 4170 non
3483 4131 3645 4170 acce-

1994 4205 2099 4277 pit.
2124 4205 2205 4260 Ne
2233 4204 2384 4276 quis,
2411 4220 2544 4261 cum
2586 4204 2710 4260 sine
2750 4203 3007 4276 periculo
3041 4203 3221 4259 alium
3255 4202 3419 4276 sequi
3451 4202 3643 4269 liceat,

1993 4293 2195 4367 prmire
2223 4310 2358 4349 cum
2391 4294 2646 4366 periculo
2695 4298 2960 4365 expetat;
2994 4310 3100 4349 nec
3148 4292 3484 4349 obedientiae
3534 4292 3645 4360 lex,

1993 4399 2121 4457 qua;
2152 4388 2273 4439 tam
2303 4388 2534 4439 terrena
2576 4399 2751 4453 quam
2787 4381 3043 4437 coelestia
3071 4386 3269 4437 tuetur
3298 4386 3477 4452 atque
3506 4398 3643 4438 con-

1992 4477 2204 4539 servat,
2238 4472 2622 4541 infringatur:
2655 4488 2843 4543 neque
2890 4471 3351 4536 committamus,
3385 4476 3450 4525 ut
3496 4488 3636 4541 pra;-

218 4546 807 4661 cppdpa‘mic‘ld‘yecc
845 4551 1113 4661 Θαρῥξῖτε,
1150 4550 1292 4627 μηδὲ
1322 4555 1602 4632 σοφίζεσθε
1656 4556 1881 4633 περισσὰ

2001 4562 2274 4617 factorum
2307 4560 2626 4615 multitudo
2648 4560 2704 4614 in
2729 4559 3076 4615 dissolutam
3109 4559 3237 4614 sine
3268 4558 3405 4614 ullis
3436 4561 3635 4630 praefe-

215 4637 317 4693 καὶ
370 4638 502 4714 ὗπὶρ
545 4638 636 4693 τὸν
679 4638 867 4716 λόγον,
902 4638 1043 4714 μηδὶ
1071 4646 1218 4713 νικᾷν
1252 4642 1562 4717 ἑπιθυμεῖτε
1591 4646 1761 4700 πάντα
1789 4668 1878 4702 κα·

211 4730 358 4796 κῶς,
388 4725 516 4783 ἀλλ’
546 4725 685 4783 ἔστιν
717 4729 754 4784 ἃ
780 4728 869 4785 καὶ
896 4731 1157 4799 ﬁnisest
1195 4729 1382 4794 καλῶς
1429 4732 1681 4808 ἀνέχεσθε
1737 4738 1873 4809 (99).

215 4815 362 4870 Δότε
390 4821 468 4887 τῷ
498 4816 660 4892 Λόγῳ
680 4818 770 4873 τὸν
795 4816 961 4893 λόγον
991 4840 1004 4854 ο
1022 4822 1289 4892 ποιήσατε
1311 4817 1654 4895 δικαιοσύνης
1674 4822 1869 4895 ὅπλον,

215 4905 303 4979 μὴ
340 4903 567 4961 θανάτου
596 4907 695 4975 τὴν
718 4904 1017 4965 παίδευσιν.

1986 4653 2095 4707 etis
2124 4650 2351 4705 vivendi
2399 4649 2695 4705 licentiam
2727 4650 2967 4704 recidat.
2999 4648 3105 4713 Qui
3159 4648 3368 4704 litteris
3399 4665 3634 4720 operam

1984 4740 2157 4806 datis,
2192 4756 2265 4795 ne
2289 4736 2566 4795 doctrinae
2598 4742 2771 4810 atque
2802 4737 3144 4809 eloquentiae
3177 4742 3377 4793 vestrm
3400 4753 3637 4810 magno-

1984 4844 2119 4902 pere
2162 4828 2493 4896 confidatis,
2526 4844 2629 4883 nec
2661 4827 2974 4883 immodice
3003 4831 3059 4883 et
3090 4827 3223 4899 plus
3256 4844 3434 4899 quam
3488 4828 3635 4883 ratio

1982 4918 2257 4991 postulat,
2318 4917 2611 4990 sapientes
2668 4918 2820 4985 sitis,
2861 4934 2966 4974 nec
3023 4916 3299 4973 omnibus
3350 4916 3409 4971 in
3460 4916 3635 4973 rebus

291 5041 741 5125 “nExo_d_._xx-1‘n,
774 5045 861 5099 15.
938 5046 1383 5125 °'_'_Psal._cxxx1,
1420 5050 1504 5104 16.
1537 5051 1625 5125 λθ
1656 5052 1857 5110 Ezech.
1890 5068 2080 5121 xxxtv,
2102 5054 2157 5123 5,
2179 5056 2234 5109 6.
2310 5054 2354 5089 99
2380 5055 2547 5110 Joan.
2579 5072 2631 5121 ι,
2666 5055 2726 5109 11
2762 5070 2888 5125 sqq.
2968 5054 2983 5087 ¹
3017 5053 3168 5108 Petr.
3198 5069 3276 5119 Iv,
3302 5053 3389 5107 17.
3465 5051 3486 5086 ³
3520 5054 3631 5107 Isa.

201 5128 307 5183 XL,
342 5114 399 5169 2.
474 5113 495 5148 ⁸
525 5114 727 5171 Matth.
762 5132 925 5185 χχιιι,
957 5117 1043 5172 13.
1119 5118 1142 5154 ⁴
1173 5118 1195 5173 Ι
1223 5119 1351 5174 Cor.
1366 5113 1502 5188 ἠν,
1532 5121 1624 5179 33.

288 5246 404 5321 (99)
435 5242 723 5321 Ἑλλίπῃς.
756 5248 854 5303 0r.
888 5250 940 5317 1,
975 5245 1230 5321 ἐλλειπῃς
1267 5251 1481 5321 [male].

288 5252 404 5387 (92;
435 5252 723 5319 Ἐλλιπῃς.
756 5252 854 5303 Οι·.
888 5252 940 5317 1,
975 5252 1490 5378 ἐλλειπῃςηῐιιιιιιθὶἰ

286 5316 408 5442 iii.
433 5314 1142 5442 ἓδ.,δδιῖτιιιιείτ⁵θεηξτξ;.ἓξξ
1163 5326 1872 5442 satietati-.1222?

199 5388 408 5455 Colb.,
441 5389 537 5445 Or.
586 5392 634 5460 1,
660 5388 869 5460 Pass),
897 5388 1143 5464 quorum
1180 5388 1869 5453 'auctoritatewresecavi-

192 5476 354 5541 gnua
389 5462 463 5531 μή
508 5466 639 5519 ante
679 5464 1089 5538 προθυμήθητι,
1119 5466 1274 5539 quod
1326 5467 1385 5522 in
1432 5467 1604 5524 editis
1653 5470 1868 5541 reperi-

193 5536 408 5670 tu(.94)
442 5603 542 5658 Καὶ
573 5601 631 5659 ἐκ
658 5607 763 5658 τῶν
797 5604 1028 5662 οἷ¹κείων.
1059 5607 1152 5663 Sic
1186 5608 1382 5670 plures
1410 5610 1577 5665 codd.
1610 5609 1783 5669 Deest
1812 5632 1871 5667 εκ

191 5675 275 5731 in
297 5674 405 5752 ad,
441 5673 647 5752 Billjus
676 5682 847 5752 vertit
874 5694 886 5733 :
911 5700 940 5731 ‹‹
968 5684 1026 5752 et
1054 5673 1208 5752 quod
1243 5682 1353 5736 Deo
1380 5682 1671 5752 convenit.
1697 5706 1725 5732 ››

290 5747 408 5819 (95)
439 5745 617 5804 man
655 5747 723 5804 τὰ
768 5745 1154 5825 ἁμαρτήματα.
1189 5774 1213 5806 ε
1246 5750 1514 5828 Duplioia
1556 5759 1813 5829 peccata,
1837 5776 1867 5807 η

1982 5547 2159 5618 μερῶν
2171 5590 2201 5618 ,ί
2220 5566 2241 5593 ε

1984 5256 2043 5311 id
2075 5263 2184 5332 est,
2213 5281 2233 5308 ιι
2269 5259 2531 5332 duplices
2564 5264 2934 5332 peccatorum
2968 5275 3197 5332 poenas.
3222 5280 3249 5332 »ξ

1998 5336 2001 5337 ⁷
2196 5328 2580 5403 Ποιμᾶίνησθε.
2641 5333 2777 5403 Reg.
2844 5328 3052 5403 phﬁet
3106 5329 3278 5386 Coisl.
3315 5330 3365 5396 1,
3411 5328 3632 5400 ποιμαί-

1980 5402 2174 5456 νοισθε.

2051 5472 2162 5549 (97)
2195 5470 2409 5530 Μελῶν.
2444 5476 2577 5549 Reg.
2621 5474 2720 5547 ph,
2754 5470 2927 5529 Coisl.
2963 5474 3012 5541 1,
3048 5476 3175 5527 octo
3224 5470 3406 5541 Colb.,
3441 5469 3535 5525 Or.
3571 5470 3624 5535 1,

2070 5564 2184 5611 >wv,
2220 5566 2241 5593 α
2275 5564 2428 5618 pars.
2462 5572 2488 5596 ιι

2193 5617 2275 5692 Ἐν
2386 5618 2620 5692 στέργει.
2650 5614 2970 5692 Forsantv
3003 5618 3079 5692 τῷ
3110 5612 3359 5689 στέργειν.

2197 5688 2496 5765 ’Δνὲχεσθεζ
2524 5688 2699 5747 ὈΟῘΒΙ.
2740 5694 2789 5762 1,
2822 5688 3121 5762 ἀνέχεσθαι.
