4138 6212
472 361 630 424 1058

1710 367 1775 426 S.
1823 365 2195 428 GREGORII
2244 363 2639 427 THEOLOGI

3723 362 3885 423 1056

471 495 700 551 vincere
732 496 880 551 male
911 497 1180 568 cupiatis,
1212 499 1313 553 sed
1344 498 1401 553 in
1434 498 1789 571 quibusdam
1821 499 1995 554 etiam
2034 499 2279 555 honeste
2308 498 2463 553 vinci
2500 514 2665 570 (equo
2696 497 2888 553 animo
2920 496 3137 553 feratis.
3171 495 3358 552 Verbo
3390 511 3692 551 sermones
3723 496 3882 551 date.

474 584 701 649 Cumte,
736 590 800 639 ut
830 587 1114 651 doctrina,
1149 606 1259 641 non
1302 590 1516 645 mortis.
1554 590 1654 645 sed
1678 590 1920 661 justitiie
1952 589 2115 643 vobis
2145 588 2603 643 instrumentum
2635 588 2730 643 sit.

544 674 631 728 XI.
669 675 881 739 Milites,
930 680 1172 731 contenti
1221 682 1385 733 estote
1434 680 1626 733 vestris
1671 678 1983 750 stipendiis,
2016 694 2152 743 nec,

2311 678 2413 732 IA'.
2448 677 2721 750 Ἀρκεῖσθε
2747 680 2863 736 τοῖς
2896 672 3056 735 ἰδίοις
3092 672 3375 745 ὀψωνίοις,
3430 673 3482 726 οἳ
3530 677 3880 746 στρατιῶται,

477 764 795 833 quidquam
846 771 1049 831 praeter
1098 766 1153 818 id
1203 768 1355 836 quod
1388 768 1551 822 vobis
1582 768 1963 822 constitutum
2014 772 2122 835 est,

478 854 770 922 exposcite
790 852 830 906 ⁵.
864 853 980 908 Hoc
1028 870 1257 909 mecum
1288 856 1451 910 vobis
1483 857 1811 911 faciendum
1856 856 2125 927 praescri-

481 940 566 994 bit
614 957 865 1013 magnus
910 942 1006 996 ille
1036 944 1298 998 veritatis
1350 962 1534 1016 praeco
1583 946 1861 1011 Joannes,
1892 962 2000 999 vox
2029 943 2130 1000 illa

482 1029 655 1083 Verbi
690 1030 915 1101 praevia.
950 1032 1093 1097 Quid
1138 1034 1497 1104 stipendium
1548 1034 1841 1107 appellat?
1888 1034 2128 1106 Regiam

485 1123 639 1173 certe
688 1135 1004 1185 annonam,
1055 1125 1230 1193 atque
1278 1138 1521 1178 munera
1570 1124 1688 1193 illa,
1734 1141 1859 1195 quae
1904 1123 1997 1192 iis,
2030 1123 2130 1194 qui

487 1208 643 1262 370
662 1207 974 1279 dignitates
991 1210 1275 1278 obtinent,
1290 1210 1444 1283 leges
1463 1214 1780 1267 constituta
1802 1212 2130 1278 sunt.Quod

486 1301 683 1352 autem
717 1298 1080 1368 superfluum
1115 1304 1222 1368 est,
1247 1302 1552 1370 cujusnam
1589 1301 1705 1355 sit?
1737 1303 1864 1372 Ipse
1895 1302 2132 1372 quidem

487 1402 687 1440 vereor
718 1385 927 1453 dicere,
962 1404 1031 1441 ne
1064 1388 1201 1458 quid
1254 1389 1474 1444 sinistri
1528 1390 1742 1445 ominis
1796 1390 1890 1444 hic
1940 1406 2131 1445 sermo

490 1474 743 1529 habeat:
777 1476 876 1529 sed
928 1475 1039 1547 ipsi
1088 1485 1244 1532 certe
1296 1479 1439 1533 satis
1487 1496 1589 1550 per
1635 1496 1733 1534 vos
1785 1479 2131 1551 intelligitis,

490 1563 759 1633 quamvis
786 1563 976 1619 dicere
1007 1567 1443 1636 supersedeam.
1468 1568 1575 1631 Qui
1607 1585 1640 1622 a
1670 1567 1999 1639 reipublicaa
2032 1568 2134 1623 ad-

492 1651 919 1708 ministratione
976 1671 1184 1708 nomen
1243 1656 1479 1724 ducitis,
1525 1673 1642 1728 quae
1687 1656 1935 1713 Ca’saris
1982 1660 2132 1727 sunt,

496 1739 716 1793 σκωνί
768 1740 1001 1809 reddite,
1046 1748 1096 1795 et
1148 1759 1268 1812 quae
1317 1746 1429 1809 Dei,
1482 1746 1662 1811 Deo‘;
1724 1744 1808 1798 illi
1868 1743 2132 1817 vectigal,

492 1826 629 1881 huic
660 1828 964 1896 timorem;
1013 1832 1281 1885 timorem
1328 1838 1518 1888 autem
1571 1849 1703 1889 cum
1738 1834 1885 1902 dico,
1918 1835 2135 1905 expila-

492 1914 708 1970 tionem
738 1918 1035 1987 prohibeo.
1062 1921 1208 1985 Quid
1240 1938 1372 1976 vero
1401 1923 1617 1994 magni,
1647 1923 1890 1978 fortasse
1923 1923 2137 1978 dicturi

495 2005 660 2073 estis,
695 2023 763 2060 ex
795 2023 858 2061 ea
907 2024 967 2062 re
1013 2008 1416 2065 lucrabimur?
1447 2012 1583 2066 Rem
1634 2013 1897 2067 omnium
1951 2011 2139 2066 maxi-
2169 2044 2217 2108 Β

498 2110 684 2164 mam;
728 2111 955 2167 meque,
1007 2098 1054 2152 si
1112 2099 1192 2153 ita
1236 2099 1435 2167 vultis,
1468 2101 1804 2166 mediatore,
1859 2101 2140 2156 nimirum

498 2200 633 2254 spes
664 2183 911 2256 faustas,
945 2204 1010 2242 ac
1043 2188 1262 2259 primas
1295 2206 1557 2260 supernae
1590 2191 1860 2260 civitatis,
1884 2207 1998 2244 non
2030 2190 2141 2245 hu-

499 2274 594 2344 ius
641 2275 858 2347 exiguae
912 2277 1288 2348 minimaque
1336 2279 1487 2334 inter
1532 2279 1819 2346 civitates,
1854 2280 2023 2349 cujus
2072 2296 2145 2335 ne

500 2362 813 2434 imperium
847 2366 1084 2436 quidem
1134 2371 1349 2431 tenere,
1375 2372 1438 2421 ut
1468 2368 1525 2422 in
1558 2368 1780 2423 altricis
1834 2386 1971 2423 meae
2014 2386 2144 2441 gra-

500 2452 641 2506 tiam
677 2453 1015 2523 parcissime
1046 2454 1272 2525 loquar,
1305 2457 1623 2512 admodum
1657 2457 1917 2529 amplum
1949 2462 2036 2513 est
2079 2474 2146 2513 ao

500 2540 845 2611 gloriosum.
872 2542 992 2596 Illic
1024 2543 1243 2613 primas
1274 2548 1469 2597 tenere
1503 2545 1839 2616 cupiamus;
1870 2546 2032 2601 illius
2063 2545 2146 2601 vi-

499 2634 570 2682 tae
622 2629 991 2700 splendorem
1041 2630 1269 2700 assequi
1320 2634 1693 2701 studeamus;
1750 2651 1852 2706 pro
1903 2634 2147 2689 misera-

503 2718 661 2772 tione
708 2717 763 2770 in
815 2717 923 2773 hac
954 2719 1072 2773 vita
1104 2719 1459 2775 calamitosis
1508 2722 1783 2792 exhibita,
1815 2722 1872 2777 in
1906 2723 2148 2777 Abrahae

501 2806 637 2862 sinu
670 2806 1140 2878 requiescamus;
1175 2809 1400 2879 justum
1444 2810 1733 2880 judicium
1776 2812 2149 2881 judicemus;

503 2913 817 2967 pauperem
850 2901 905 2951 et
935 2913 1182 2968 egenum
1207 2898 1527 2969 eripiamus
1553 2917 1565 2954 :
1590 2900 1773 2954 viduae
1806 2904 1860 2955 et
1890 2900 2152 2971 orphano

504 2984 967 3040 misericordiam
1028 2986 1465 3058 impertiamur;
1517 3005 1636 3055 eos,
1683 2989 1780 3059 qui
1831 2990 1900 3044 ad
1952 3004 2153 3043 necem

504 3074 841 3137 trahuntur,
875 3074 1271 3143 redimamus;
1323 3081 1443 3137 aut.
1485 3082 1549 3131 ut
1596 3077 1890 3133 levissime
1937 3077 2153 3143 dicam,

507 3180 721 3219 manus
777 3163 921 3235 ipsis
984 3180 1055 3219 ne
1111 3165 1470 3221 efferamus:
1518 3182 1649 3222 eum
1712 3167 1811 3237 qui
1870 3170 2154 3236 nostram,

506 3252 681 3307 etiam
716 3270 904 3323 usque
936 3253 1004 3307 ad
1040 3270 1252 3308 mensa;
1286 3256 1467 3310 micas
1490 3256 1530 3317 ⁷,
1555 3272 1722 3328 opem
1754 3255 2051 3327 implorat,
2086 3270 2157 3310 ne

507 3341 939 3412 despiciemus:
971 3342 1299 3397 ulcerosum
1332 3350 1388 3398 et
1428 3362 1528 3413 pro
1573 3344 1795 3399 foribus
1828 3344 2044 3399 nostris
2065 3344 2158 3413 ja-

508 3434 733 3485 centem
769 3446 841 3484 ne
872 3435 1323 3502 praetereamus:
1364 3412 1765 3488 laborantibus
1797 3433 1948 3500 aliis,
1983 3412 2159 3504 atque
2188 3412 2231 3480 (ἶ

509 3518 569 3573 in
601 3518 930 3573 calamitate
961 3520 1316 3588 constitutis,
1352 3521 1512 3575 luxui
1548 3538 1618 3576 ne
1647 3523 2021 3589 studeamus;
2056 3538 2161 3577 nec

510 3624 852 3664 conservum
914 3613 1179 3663 nostrum
1238 3610 1744 3666 exhorrescamus.
1788 3612 1889 3678 Ne,
1941 3626 2160 3682 quaeso,

511 3698 719 3753 fratres
750 3703 807 3752 et
848 3698 1042 3762 amici,
1076 3716 1108 3753 a
1139 3699 1336 3755 divitis
1387 3699 1544 3755 illius
1599 3701 1866 3771 partibus
1914 3706 2159 3769 stemus,

512 3803 619 3842 nec
650 3786 905 3842 ﬂammis
950 3788 1300 3855 cruciemur,
1334 3804 1439 3843 nec
1470 3798 1628 3844 vasto
1676 3789 1839 3844 hiatu
1869 3806 1901 3843 a
1931 3788 2161 3860 piorum

513 3883 663 3934 coetu
719 3879 1070 3934 dirimamur
1102 3898 1114 3935 :
1149 3897 1253 3935 nec
1305 3897 1438 3935 cum
1490 3882 1703 3936 Lazaro
1763 3897 2015 3952 paupere
2064 3879 2162 3934 illo

515 3965 812 4038 supplices
843 3984 1110 4038 agamus,
1134 3973 1199 4023 ut
1232 3974 1493 4024 nostram
1527 3969 1789 4041 linguam
1823 3970 1976 4041 ignis
1999 3969 2165 4023 ardo-

515 4056 680 4110 ribus
711 4063 1003 4123 exustam,
1030 4062 1287 4112 extremo
1320 4058 1502 4129 digito
1552 4059 1871 4129 refrigeret,
1904 4075 1970 4113 ac
2003 4074 2073 4112 ne
2105 4057 2164 4111 id

516 4144 750 4214 quidem
784 4146 1185 4217 impetremus.
1218 4147 1413 4202 Simus
1445 4147 2163 4219 benigniﬁmisericordes,

519 4232 809 4289 humani:
859 4234 1119 4306 Magistri
1178 4237 1362 4291 nostri
1423 4237 1741 4291 bonitatem
1801 4235 2165 4304 aemulemur,

520 4320 621 4390 qui
654 4320 837 4375 solem
860 4323 995 4377 oriri
1024 4325 1178 4393 facit,
1206 4341 1319 4379 non
1353 4326 1551 4380 minus
1578 4342 1754 4397 super
1775 4323 2168 4396 malos,quam

523 4425 700 4480 super
729 4409 933 4481 bonos,
960 4410 1273 4484 pluviaque
1314 4430 1422 4469 sua
1464 4430 1668 4469 omnes
1700 4429 1862 4485 aeque
1894 4412 2052 4467 alit'.
2087 4412 2169 4467 Ne

523 4513 591 4553 ex
622 4497 869 4554 aliorum
919 4506 1175 4571 egestate
1216 4519 1335 4557 rem
1381 4502 1727 4557 familiarem
1778 4518 1989 4574 augere
2038 4518 2168 4557 sus-

593 4600 614 4632 ⁵
648 4599 784 4653 Luc.
819 4616 902 4667 ur,
938 4602 1023 4655 14.
1100 4602 1121 4635 ⁶
1153 4602 1359 4657 Matth.
1392 4620 1531 4672 xxu,
1561 4604 1650 4658 21.
1726 4603 1745 4637 ⁷
1778 4603 1916 4657 Luc.
1950 4618 2063 4669 xvx,
2092 4602 2163 4656 20
2193 4616 2323 4671 sqq.

2204 4704 2251 4768 D

594 4700 670 4835 (1)
701 4699 784 4753 Ἡ.
819 4700 912 4754 Sic
943 4701 1057 4755 duo
1090 4701 1265 4772 Regg.
1302 4701 1361 4756 In
1395 4703 1509 4773 ed.,
1538 4703 1594 4769 ἡ.

594 4771 650 4835 (2
708 4769 767 4823 Τί
826 4767 1002 4835 λέγων
1057 4770 1314 4835 ὀψώνιον.
1364 4774 1495 4829 Haec
1542 4779 1594 4829 et

593 4767 670 4842 (2)
708 4769 767 4823 Tt
810 4767 1002 4845 ltywv
1057 4767 1314 4845 ὀψώνῶν.
1364 4767 1506 4845 llaec
1542 4767 1599 4829 et
1646 4790 1771 4845 quae
1819 4777 2165 4845 sequuntur,

523 4857 712 4913 usque
757 4843 825 4919 ad
880 4841 1230 4919 διες-νοτίῃ,
1262 4844 1322 4919 τὸ
1372 4841 1427 4898 δὲ
1485 4841 1755 4919 περισσὸν,
1804 4841 1990 4919 τινος
2052 4860 2169 4919 non

523 4920 705 4989 su_nt_,_
746 4915 917 4985 juxta
973 4916 1431 4989 Montacutium,
1487 4915 1745 4989 Gregorii
1804 4918 2008 4985 verba,
2068 4915 2170 4971 sed

525 4984 1201 5060 scholiaStaahcujusdam
1260 4988 1571 5059 glossema,
1604 4984 1769 5060 quod
1829 4989 1889 5042 in
1946 4984 2171 5060 textum

524 5056 775 5126 irrepsit.
823 5058 1062 5113 Miratur
1110 5061 1163 5115 id
1207 5056 1514 5117 a_nemine
1560 5056 1954 5116 Vob'servatum.
2007 5058 2171 5113 Nice-

523 5132 615 5252 tas
666 5133 861 5183 tamen
896 5136 960 5185 ut
997 5132 1314 5203 genuinam
1363 5132 1622 5205 Gregorii
1673 5130 2021 5185 sententiam
2075 5147 2169 5184 ex-

524 5216 559 5252 n
588 5205 722 5252 icat.

588 5198 722 5254 icat.

524 5216 771 5344 Digitis
816 5267 873 5325 δὲ
915 5274 1189 5344 περισσὸν,
1220 5272 1403 5339 τίνος;
1450 5273 1670 5328 Alludit
1714 5272 2047 5344 Gregorius,
2081 5272 2170 5344 ign-

525 5342 656 5415 quit
690 5344 937 5413 Nicetes,
971 5342 1040 5399 ad
1084 5346 1226 5399 illud
1261 5345 1495 5412 Christi,
1528 5344 1679 5414 apud
1727 5342 1932 5415 Matth.
1964 5361 2019 5409 ν,
2054 5343 2121 5396 37
2155 5357 2169 5398 :

532 5436 551 5462 ι
588 5416 749 5479 Quod
784 5422 977 5470 autem
1025 5417 1115 5471 his
1164 5418 1559 5471 abundantius
1599 5419 1706 5483 est,
1740 5432 1771 5468 a
1804 5414 1954 5468 malo
2006 5419 2111 5467 est.
2142 5435 2171 5462 »

529 5487 737 5541 Eodem
767 5490 937 5543 modo
972 5488 1165 5543 innuit
1187 5488 1537 5557 Tbeologus,
1561 5503 1647 5553 ea,
1674 5504 1795 5556 quae
1830 5485 2174 5541 necessariis

529 5562 657 5611 vitm
692 5558 897 5613 usibus
938 5567 1276 5629 supersunt,
1310 5569 1381 5614 ab
1420 5560 1648 5629 impuro
1681 5558 1892 5628 spiritu
1923 5573 2077 5622 esse;
2115 5557 2173 5629 id

528 5635 722 5683 tamen
753 5629 945 5699 eloqui
990 5628 1105 5687 non
1136 5633 1333 5701 audet,
1366 5648 1437 5687 ne
1466 5628 1605 5702 quid
1638 5629 1915 5686 tristioris
1958 5628 2174 5684 ominis

528 5702 743 5755 habeat
769 5702 973 5756 oratio.

2234 764 2324 819 καὶ
2373 761 2541 836 μηδὲν
2594 765 2724 837 ὑπὶρ
2774 765 2837 817 τὸ
2887 761 3299 837 διατεταγμένον
3352 761 3652 820 ἀπαιτεῖτε.
3710 766 3884 816 Ταῦτα

2238 854 2363 927 ὑμῖν
2414 851 2780 907 διακελεύεται
2836 854 2947 925 μεθ’
2999 854 3159 923 ἡμῶν
3211 852 3486 920 Ἰωάννης,
3518 851 3547 904 ὁ
3585 849 3750 925 μέγας
3778 859 3879 918 τῆς

2237 942 2498 1011 ἀληθείας
2531 941 2718 1017 κῆρυξ,
2750 944 2784 1010 ἡ
2822 945 2897 1014 (1)
2929 938 3243 1016 πρόδρομος
3272 938 3367 994 τοῦ
3400 939 3579 1014 Λόγου
3610 942 3789 1017 φωνή.
3822 939 3884 993 Τί

2238 1030 2411 1106 λέγων
2466 1030 2699 1104 ὀψώνιον
2753 1033 2868 1101 (2);
2918 1030 2986 1083 Τὸ
3031 1030 3309 1105 βασιλικὸν
3342 1031 3644 1103 σιτηρέσιον
3680 1026 3885 1097 δηλονο

2240 1119 2344 1188 ότι,
2370 1118 2459 1174 καὶ
2488 1121 2583 1181 τὰς
2616 1118 2972 1194 ὗωαρχοῦσας
3005 1118 3063 1172 ἐκ
3091 1118 3262 1191 νόμου
3302 1123 3420 1180 τοῖς
3468 1117 3738 1191 ἀξιώμασι
3785 1116 3891 1171 δω-

2242 1208 2385 1283 ρεάς.
2444 1208 2514 1263 Τὸ
2563 1206 2618 1262 δὲ
2665 1209 2935 1282 περισσὸν,
2984 1207 3125 1269 τίνος
3175 1208 3291 1280 (3);
3336 1208 3464 1281 Εγὼ
3499 1209 3593 1279 μὲν
3627 1206 3772 1260 ὀκνῶ
3804 1207 3894 1260 AE-

2240 1318 2352 1373 γειν
2405 1299 2468 1352 τὸ
2531 1296 2892 1374 βλάσφημον·
2955 1297 3107 1369 ὑμεῖς
3162 1293 3239 1368 δὲ,
3289 1293 3388 1349 οἶδ’
3438 1295 3520 1349 ὅτι
3553 1298 3630 1367 (4)
3661 1296 3891 1367 συνίετε,

2240 1386 2334 1442 κᾶν
2397 1386 2506 1461 ἐγὼ
2563 1383 2853 1464 φείδωμαι.
2915 1381 3179 1440 Ἀπόδοτε
3254 1386 3319 1439 τά
3375 1384 3638 1459 Καίσαρος
3690 1386 3889 1438 Καίσα-

2244 1496 2316 1551 ρι,
2366 1475 2455 1528 καὶ
2505 1476 2573 1528 τὰ
2618 1480 2713 1529 τοῦ
2763 1479 2896 1529 Θεοῦ
2942 1473 3022 1547 τίν
3063 1478 3214 1545 Θεῷ·
3245 1478 3323 1544 τῷ
3356 1474 3449 1546 μὶν
3476 1473 3539 1527 τὸ
3568 1472 3757 1539 τὲλος,
3813 1479 3896 1543 τῷ

2243 1562 2300 1619 δὲ
2328 1565 2417 1618 τὸν
2451 1558 2640 1641 φόϐον,
2675 1564 2829 1636 ὑμεῖς
2860 1564 2910 1617 οἱ
2940 1570 3040 1632 τῆς
3072 1560 3349 1623 πολιτείας
3372 1561 3650 1633 ἐπώνυμοι
3678 1581 3692 1593 ·
3727 1557 3899 1638 φόϐον

2243 1650 2301 1707 δὲ
2331 1652 2453 1707 ὅταν
2502 1649 2657 1723 εἴπω,
2709 1651 2910 1707 κωλύω
2956 1652 3054 1719 τὴν
3100 1648 3429 1719 πλεονεξίαν.
3479 1649 3539 1703 Τί
3591 1650 3683 1703 οὗν
3728 1652 3899 1721 ἡμεῖς

2242 1738 2626 1816 κερδανοῦμεν,
2656 1742 2801 1815 τάχα
2833 1740 2890 1795 ἂν
2935 1736 3158 1807 εἷίποιτε,
3214 1741 3389 1812 μὲγα;
3439 1740 3509 1793 Τὸ
3539 1739 3759 1793 πάντων
3798 1740 3901 1811 μέο

2244 1851 2426 1905 γιστον
2457 1853 2462 1857 ·
2498 1830 2588 1884 ναὶ
2622 1829 2667 1884 εἲ
2701 1829 2979 1905 βούλεσθε,
3014 1826 3082 1882 δι’
3132 1828 3267 1900 ἐμοῦ
3315 1827 3555 1900 μεσίτου,
3602 1829 3703 1888 τὰς
3753 1848 3901 1902 χρη-

2246 1920 2371 1981 στὰς
2420 1916 2668 1988 ἕλπίδας,
2716 1918 2803 1972 καὶ
2854 1917 2919 1971 τὰ
2968 1921 3210 1993 πρωτεῖα
3256 1923 3355 1985 τῆς
3390 1917 3498 1970 ἅνω
3527 1916 3775 1984 πόλεως,
3836 1916 3900 1971 οὗ

2244 2016 2343 2077 τῆς
2377 2006 2802 2084 μικρᾶςξταύτης
2833 2006 2921 2061 καὶ
2954 2004 3253 2080 ἒλαχιστης
3284 2005 3333 2059 ἐν
3380 2005 3622 2074 πόλεσιν,
3680 2008 3749 2073 ἧς
3810 2004 3903 2058 οὗ·

2250 2096 2308 2154 δδ
2336 2101 2398 2153 τὸ
2461 2100 2671 2174 ἄρχειν,
2715 2096 2805 2151 ’ίνα
2851 2095 3081 2171 μετρίως
3133 2094 3268 2150 εἷ’πω
3311 2099 3485 2169 τιμῶν
3519 2095 3593 2156 ὡς
3626 2094 3905 2169 Θρεψαμὲ-

2250 2211 2371 2258 νην,
2423 2189 2561 2242 πάνυ
2609 2208 2661 2241 τι
2701 2187 2893 2258 σεμνὸν
2943 2185 3031 2239 καὶ
3079 2185 3491 2257 ὑπέρλαμπρον.
3544 2185 3695 2237 Ἐκεῖ
3753 2186 3902 2258 γενε-

2252 2288 2373 2340 σθαι
2402 2281 2612 2352 πρῶτοι
2645 2274 2961 2347 θελήσωμεν
2986 2292 2999 2305 ·
3046 2274 3499 2346 μεταποιηοῶμεν
3543 2279 3647 2340 τῆς
3698 2272 3903 2334 ἐκεῖθεν

2253 2360 2668 2439 λαμπρότητος·
2720 2363 2771 2417 ἰν
2816 2361 3046 2423 κόλποις
3074 2356 3345 2434 Ἀϐραὰμ,
3377 2360 3493 2415 ἀντὶ
3522 2368 3625 2429 τῆς
3656 2360 3901 2415 ἐντεῦθεν

2254 2452 2678 2528 εὐσπλαγχνίας,
2729 2452 3193 2523 ἀναπαυσώμεθα·
3245 2455 3417 2525 κρῖμα
3459 2446 3667 2503 δίκαιον
3702 2449 3905 2521 κρίνω-

2259 2563 2391 2617 μεν·
2454 2541 2760 2614 ἂξελώμεθα
2832 2540 3037 2611 πὲνητα
3091 2538 3179 2593 καὶ
3238 2538 3458 2613 πτωχόν
3495 2556 3509 2570 ·
3568 2540 3756 2612 χήραν
3813 2536 3903 2590 καὶ

2258 2630 2487 2711 ὀρφανὸν
2564 2630 2916 2702 ίλεήσωμεν·
2994 2628 3343 2703 ἐκπριώμεϐα
3412 2625 3822 2698 κτεινομένους,
3872 2627 3907 2693 ἦ

2256 2720 2317 2776 τό
2374 2741 2437 2795 γε
2497 2720 2859 2793 μετριώτατον
2920 2720 2996 2789 (5)
3074 2716 3266 2788 εἰπεῖν,
3328 2716 3404 2789 μὴ
3457 2714 3614 2769 αὐτοὶ
3676 2714 3904 2769 κτείνω-

2264 2828 2397 2883 μεν·
2454 2810 2527 2881 μὴ
2582 2804 2897 2883 παρίδωμεν
2940 2806 3030 2860 τὸν
3080 2802 3335 2878 δεόμενον
3386 2806 3572 2877 ἡμῶν,
3618 2805 3904 2879 μέχριηὶ

2257 2903 2363 2954 τῶν
2398 2898 2503 2952 ἀπὸ
2531 2895 2799 2973 τραπέζης
2829 2895 3032 2971 ψιχίων
3066 2897 3143 2967 (6)
3168 2913 3181 2925 '
3212 2893 3301 2948 καὶ
3338 2894 3413 2966 μὴ
3458 2891 3905 2967 παραδράμωμεν

2260 2988 2349 3042 τὸν
2400 2983 2723 3058 ἡλκωμένον
2779 2988 2874 3057 (7»,
2923 2984 3011 3039 καὶ
3066 2978 3405 3059 βεϐλημένον
3454 2981 3506 3036 ἐν
3553 2987 3676 3043 τοῖς
3710 2981 3909 3053 ἡμετὲ-

2265 3096 2379 3152 ροις
2432 3073 2717 3129 πυλῶσιν·
2781 3074 2856 3145 μὴ
2946 3074 3330 3149 τρυφήσωμεν,
3398 3069 3583 3124 ἄλλων
3666 3090 3909 3123 κακοπα-

2265 3163 2503 3219 Θούντων
2530 3181 2542 3195 ·
2582 3166 2655 3235 μη
2694 3159 3076 3236 βδελυξώμεθα
3104 3162 3193 3215 τὸν
3237 3157 3544 3233 ὁμόδουλον
3572 3178 3585 3190 ·
3622 3160 3722 3231 μὴ,
3757 3156 3913 3229 φίλοι

2264 3255 2354 3309 καὶ
2411 3250 2659 3329 ἀδελφοὶ,
2710 3252 2989 3327 γενώμεθα
3044 3257 3142 3320 τῆς
3199 3252 3295 3303 τοῦ
3345 3248 3609 3303 πλουσίου
3658 3244 3917 3321 μερίδος,

2273 3341 2413 3416 μηδὲ
2446 3339 2794 3413 ὀδυνηθῶμεν
2826 3339 2875 3395 ιν
2910 3339 2977 3413 τῇ
3010 3338 3201 3417 φλογὶ,
3238 3335 3377 3410 μηδὲ
3406 3342 3483 3408 τῷ
3510 3336 3747 3411 χάσματι
3800 3332 3923 3388 δια-

2270 3436 2480 3503 στῶμεν
2536 3429 2641 3483 ἀπὸ
2688 3432 2795 3483 τῶν
2835 3427 3014 3496 ὁσίων,
3050 3424 3190 3499 μηδὲ
3222 3424 3502 3499 δεηθῶμεν
3536 3426 3785 3496 Λαζάρο)
3822 3426 3923 3477 τοῦ

2268 3523 2345 3594 (8)
2374 3518 2627 3591 πίνητος,
2661 3515 2810 3591 ἄκρῳ
2840 3514 3092 3589 δακτύλῳ
3119 3518 3197 3588 (9)
3228 3516 3519 3589 καταψῦξαι
3578 3514 3681 3581 τήν
3730 3510 3919 3588 γλῶσ-

2270 3630 2360 3663 σαν
2394 3611 2552 3681 ἡμῶν
2584 3604 2951 3685 φλεγομένην,
2999 3606 3089 3659 καὶ
3143 3601 3283 3677 μηδὲ
3322 3602 3582 3657 τοσούτου
3628 3602 3914 3676 τυγχάνωο

2275 3720 2390 3773 μεν.
2476 3697 2760 3767 Γενώμεθα
2816 3694 3051 3770 χρηστοὶ
3121 3690 3512 3767 εὔσπλαγχνοι,
3568 3691 3917 3763 συμπαθεῖς·

2275 3787 2643 3861 μιμησώμεθα
2686 3789 2784 3838 τοῦ
2832 3782 3101 3838 Δεσπότου
3147 3784 3246 3851 τήν
3295 3781 3631 3856 ἀγαθότητα,
3682 3778 3744 3841 ὅς
3792 3779 3921 3832 ἐνα-

2268 3874 2453 3931 τὲλλει
2482 3876 2574 3929 τὸν
2602 3872 2757 3942 ἣλιον
2789 3872 3006 3948 ἀγαθοῖς
3036 3871 3125 3926 καὶ
3158 3876 3415 3945 πονηροῖς
3447 3871 3580 3941 (10),
3615 3867 3708 3921 καὶ
3740 3870 3923 3943 τρέφει

2270 3968 2338 4039 τῇ
2371 3965 2552 4040 βροχῇ
2582 3964 2784 4024 πάντας
2836 3960 3064 4033 ὁμοίως.
3110 3964 3199 4028 Μὴ
3232 3957 3510 4031 δεξώμεθα
3535 3955 3810 4011 πλουτεῖν
3846 3955 3927 4011 διὰ

2272 4061 2370 4123 τῆς
2415 4057 2520 4106 τῶν
2574 4050 2758 4106 ἄλλων
2806 4050 3024 4111 πενίας·
3081 4051 3156 4121 μὴ
3205 4049 3349 4124 παρὰ
3377 4050 3637 4101 τοσοῦτον
3674 4045 3920 4117 ἔλθωμεν

2272 4150 2371 4211 τῆς
2429 4141 2572 4205 θείας
2634 4139 2921 4208 ἰσότητος·
3006 4135 3144 4211 μηδὶ
3206 4138 3443 4211 μίξωμεν
3496 4138 3588 4190 τὸν
3651 4136 3919 4209 ἡμέτερον

2276 4228 2513 4285 πλοῦτον
2562 4225 2879 4301 ἀλλοτρίοις
2929 4223 3203 4301 δάκρυσιν,
3256 4226 3339 4302 ὑφ’
3372 4225 3443 4278 ὧν
3473 4224 3547 4285 ὡς
3578 4222 3672 4277 ἰοῦ
3702 4223 3796 4277 καὶ
3828 4244 3922 4291 ση-

2274 4320 2365 4381 τὸς
2436 4314 2957 4387 ἐκδαπανηθήσεται,
3011 4316 3064 4385 ἣ,
3140 4313 3200 4368 τό
3275 4334 3335 4389 γε
3389 4318 3491 4381 τῆς
3561 4314 3789 4389 From-917,:
3856 4310 3923 4365 εἱ-

2278 4412 2420 4477 πεῖν,
2491 4405 2885 4478 ἆξεμεϐήσεται.
2948 4400 3125 4457 Ἀλλὰ
3172 4401 3329 4475 ἐσμεν
3374 4404 3470 4455 τοῦ
3531 4397 3757 4461 δέοντος
3804 4399 3927 4453 ἀπο-

2282 4494 2643 4569 πληστότεροι
2703 4495 2853 4566 (11);
2932 4490 3042 4547 ἔστι
3114 4491 3203 4546 καὶ
3268 4489 3669 4558 πλεονεκτῆσαι
3727 4488 3922 4546 καλῶς.

2400 4598 2421 4631 ⁸
2454 4594 2657 4651 Matth.
2689 4611 2745 4663 v,
2776 4595 2865 4649 45.

2354 4696 2432 4768 (4)
2463 4691 2576 4747 Ot8’
2606 4690 2709 4768 ότι.
2747 4692 2841 4768 _S_i_c
2870 4707 3075 4768 omnes
3118 4691 3361 4748 codices.
3393 4690 3487 4768 Sic
3519 4690 3667 4762 legit
3695 4688 3925 4768 Pirchg-

2282 4760 2500 4833 merus,
2534 4765 2635 4837 qui
2665 4765 2855 4837 reddit
2884 4782 2897 4820 :
2929 4788 2949 4815 ι
2984 4764 3100 4820 Vos
3130 4768 3346 4833 autem,
3378 4766 3533 4817 recte
3572 4760 3734 4828 novi,
3766 4760 3927 4816 intel-

2276 4832 2487 4913 ligitis.
2509 4832 2740 4913 n'Deest
2770 4832 2983 4913 oi8a_in
3015 4837 3106 4913 ed_.

2352 4901 2426 4980 (5)
2456 4907 2855 4981 Μετριώτατον.
2888 4908 3031 4963 Tres
3081 4907 3287 4977 Regg.,
3317 4907 3571 4976 quatuor
3618 4902 3809 4969 Colb.,
3840 4901 3926 4955 Or.

2278 4983 2334 5053 1,
2367 4983 2550 5049 Pass.,
2574 4980 2965 5053 μετριώτερόν.

2350 5055 2427 5126 (6)
2459 5046 2697 5127 Ψιχίῳνζ
2729 5046 2868 5127 Tres
2901 5051 3085 5127 Regg.
3110 5048 3204 5103 0r.
3218 5049 3287 5127 -1,
3320 5046 3508 5127 Pass_.,
3540 5046 3755 5127 ψξχῷν..

2350 5116 2429 5196 (7)
2456 5116 2921 5196 Τὸν’ἡλκ‹ι›μὲνον.
2949 5116 3052 5177 Sic
3072 5125 3189 5196 tres
3218 5116 3563 5196 ﬁegquuo'
3583 5116 3790 5183 ΟὸὶεΙ..
3817 5116 3921 5170 duo

2280 5187 2462 5263 Colbl,
2495 5199 2551 5249 et
2580 5187 2675 5251 Or.
2711 5187 2761 5263 1,
2795 5195 2854 5249 in
2884 5198 3016 5247 Par.
3050 5193 3165 5258 ed.,
3197 5187 3556 5263 εἱλκῷμίνον.

2351 5270 2428 5341 (8)
2453 5258 2584 5341 Τοῦ.
2618 5267 2713 5341 Sic
2743 5258 3007 5339 quinque
3037 5264 3241 5336 Regg.,
3262 5258 3435 5318 Coisl.
3469 5263 3523 5328 1,
3555 5260 3655 5315 0r.
3694 5262 3744 5325 1,
3774 5258 3924 5313 Pass.

2284 5338 2451 5395 Deest
2479 5338 2535 5391 in
2568 5340 2633 5394 ed
2647 5382 2659 5392 .

2352 5412 2431 5479 (9)
2461 5406 2742 5480 Δακτύλῳ.
2772 5407 2974 5480 Plures
3006 5400 3575 5480 codices,_8axrv$)ioo_,

2353 5468 2465 5549 (1ῧ)
2494 5468 2753 5571 ’,ἁγαθοῖς
2801 5478 2889 5532 καὶ
2934 5481 3217 5551 πονηροῖς.
3242 5468 3434 5540 Pass”
3468 5472 3557 5526 ἐπὶ
3588 5470 3823 5545 ἀγαθοὺς
3848 5468 3931 5521 καὶ

2282 5572 2583 5611 πονηρους,

2354 5572 2999 5695 ἴῗῦοἷξέτοπλτρτάτεροι
3026 5619 3187 5695 ;__S_ic
3218 5619 3355 5695 Beg.
3390 5617 3507 5695 δα),
3542 5615 3645 5687 ph,
3680 5632 3817 5672 cum
3848 5616 3931 5669 in-

2354 5633 2465 5695 (11)
2500 5633 2912 5690 ’Δποπληστοτε
2950 5638 3039 5689 οι;
3093 5633 3187 5675 διο
3218 5633 3295 5674 ne
3341 5657 3355 5671 .
3390 5633 3507 5685 Dm,
3542 5633 3645 5687 ρο,

2279 5696 2691 5770 terrogationis
2721 5698 2878 5755 nota.
2911 5640 2978 5753 in
3007 5691 3199 5763 editis,
3224 5633 3649 5763 ἀπληστότιροι.
