4138 6212
252 326 403 393 1067
728 328 1018 390 ORATIO
1062 330 1217 390 XIX.
1252 362 1330 375 —
1365 330 1468 389 AD
1512 328 1918 392 JULIANUM
1962 328 2479 391 TRlBUTORUM
2526 328 3170 398 EXIEQUATOREM.
3498 332 3655 392 1058

252 463 438 538 Δωμέν
467 484 519 517 τι
558 463 748 537 μικρὸν
777 460 1032 534 ἐντεῦθεν,
1059 460 1131 517 ἵν’
1163 461 1360 527 ἐκεῖθεν
1394 462 1819 536 πλουτήσωμεν.

2020 464 2335 531 tineamus;
2397 464 2553 520 absit
2594 471 2657 517 ut
2704 468 2825 518 tam
2874 463 3043 534 longe
3073 481 3107 518 a
3137 464 3332 520 divina
3382 468 3654 538 aaquitata

251 556 623 622 recedamus;
674 569 780 608 nec
827 553 1060 608 divitias
1106 560 1337 609 nostras
1389 571 1522 609 cum
1574 554 1822 609 aliorum
1876 553 2149 625 lacrymis
2198 555 2574 623 misceamus,
2608 570 2641 606 a
2671 553 2885 623 quibus
2938 558 3219 623 tanquam
3254 572 3285 609 a
3316 556 3563 628 rubigne
3594 575 3660 612 ac

250 646 406 699 tinea
438 644 881 708 consumantur,
915 645 1034 709 aut,
1072 645 1135 696 ut
1176 642 1483 713 Scripturae
1514 643 1688 697 verbo
1734 648 1884 708 utar,
1919 644 2322 697 evomentur”.
2357 646 2570 696 Verum
2605 643 2673 696 ad
2711 658 2828 696 rem
2881 641 3168 696 avidiores
3218 660 3447 711 sumus,
3480 662 3659 715 quam

252 751 357 806 par
386 733 504 788 sit?
532 730 686 786 Nihil
720 730 1009 803 prohibet,
1043 732 1360 802 quominus
1411 730 1691 787 laudabili
1722 730 1966 787 avaritia
2004 735 2327 785 teneamur.
2362 729 2669 786 Paululum
2705 730 2982 803 quiddam
3039 731 3132 786 hic
3163 733 3393 803 demus,
3428 738 3492 788 ut
3544 734 3663 791 illic

252 821 459 875 divites
489 822 547 875 et
576 817 797 890 ecpicsi
829 818 1036 874 simus.

320 909 415 964 IB'.
465 909 642 961 Ταῦτα
697 906 789 979 μὶν
841 903 932 959 οὖν
976 908 1087 979 (12)
1140 902 1247 975 ἤδη
1290 907 1449 960 κοινᾶ
1494 906 1630 979 πρὸς
1672 907 1899 977 πάντας,

2087 907 2233 962 371
2270 907 2389 962 XII.
2414 906 2544 961 Haec
2577 906 2816 977 quidem
2862 911 3148 979 praecepta
3191 926 3305 963 non
3337 909 3407 964 ad
3439 924 3538 965 eos
3570 927 3662 966 so-

252 996 313 1051 οὗ
343 994 471 1057 τοὺς
523 996 636 1068 (13)
686 993 736 1047 ἐν
787 991 1038 1065 πολιτείᾳ
1091 994 1273 1067 μόνον,
1323 994 1390 1048 τὰ
1431 991 1863 1071 φαραγγέλματα

2038 1012 2158 1065 um,
2185 995 2283 1066 qui
2316 994 2740 1067 rempublicam
2773 1002 3002 1067 gerunt,
3028 998 3128 1052 sed
3155 999 3328 1053 etiam
3363 1000 3435 1053 ad
3461 1016 3667 1055 omnes

252 1086 408 1140 κοινά
454 1085 558 1160 γὰρ
606 1082 696 1137 καί
744 1089 933 1153 κοινῆς
981 1082 1283 1159 ἀρρωστίας
1314 1084 1381 1137 τὰ
1410 1084 1685 1160 φάρμακα.
1723 1081 1797 1135 Σὺ
1848 1080 1886 1137 δῖ

2035 1084 2408 1138 :ommuniter
2437 1090 2720 1155 spectant.
2743 1084 3087 1139 Communis
3118 1087 3272 1140 enim
3298 1087 3486 1142 morbi
3513 1104 3669 1143 com—

253 1174 531 1251 ἀπόγραφε
562 1170 785 1233 δικαίως
817 1175 989 1245 ἡμᾶς,
1031 1173 1058 1226 ὁ
1087 1177 1195 1227 τῶν
1228 1173 1509 1247 ἡμετέρων
1556 1171 1735 1249 φόρων
1768 1171 1887 1225 ἀπο-

2033 1174 2222 1227 nunia
2251 1189 2484 1243 quoque
2516 1173 2943 1227 medicamenta
2974 1178 3131 1227 sunt.
3162 1174 3244 1228 Tu
3277 1192 3409 1229 vero
3435 1176 3530 1245 qui
3564 1177 3667 1230 tri-

254 1262 490 1340 γραφεύς
523 1265 633 1336 (14)
658 1281 671 1296 ⁸
724 1260 1025 1338 ἀπόγραφε,
1079 1264 1154 1335 μή
1203 1262 1328 1323 τοὺς
1360 1260 1523 1334 ἰμοὺς
1560 1260 1755 1337 λόγους
1787 1260 1888 1314 ἐπι·

2035 1266 2158 1316 )uta
2211 1268 2409 1316 nostra
2457 1261 2515 1316 in
2566 1261 2832 1331 publicas
2884 1262 3141 1316 rationes
3188 1263 3387 1329 refers,
3421 1264 3512 1319 fac
3561 1280 3669 1319 uos

260 1348 462 1423 μελῷς,
494 1349 568 1401 ὧν
599 1345 771 1417 οὐδὲν,
804 1349 837 1416 ἣ
872 1348 1063 1423 μικρὸν
1090 1347 1153 1401 τὸ
1183 1344 1395 1424 κέρδος,
1430 1350 1463 1417 ἦ
1495 1347 1568 1409 εἷς
1600 1349 1712 1421 (15)
1734 1349 1894 1416 ἀκοῆς

2041 1356 2169 1405 uste
2198 1350 2526 1417 describas;
2562 1351 2617 1404 id
2652 1366 2778 1422 age,
2813 1367 2922 1404 non
2975 1358 3037 1405 ut
3084 1351 3286 1405 sedulo
3316 1357 3371 1405 et
3403 1358 3670 1407 accurate

254 1439 415 1514 χάριν
441 1438 531 1491 καὶ
562 1434 789 1505 ἡδονὴν,
824 1434 969 1491 ἀλλά
993 1437 1082 1492 τὸν
1117 1436 1246 1510 ἐμὸν
1282 1438 1412 1492 λαὸν
1465 1437 1627 1498 ὁσίως
1676 1437 1764 1491 καὶ
1812 1458 1888 1514 ιρι·

2036 1439 2308 1494 irationes
2340 1456 2525 1507 meas,
2558 1456 2832 1509 quarum,
2862 1438 2948 1493 vel
2982 1438 3161 1502 nulla,
3192 1439 3279 1494 vel
3311 1457 3488 1512 parva
3517 1440 3670 1495 utili-

257 1526 593 1601 λανθρώπως
621 1545 632 1557 ·
685 1522 970 1597 αἰδεσθεὶς,
1021 1525 1065 1580 εἰ
1118 1528 1193 1599 μή
1240 1547 1289 1580 τι
1333 1523 1495 1597 ἄλλο,
1594 1528 1686 1580 τὸν
1716 1527 1891 1601 καιρὸκ

2035 1545 2108 1582 .as
2139 1533 2249 1593 est,
2280 1527 2367 1582 vel
2414 1526 2655 1583 auribus
2684 1530 2915 1582 tantum
2956 1532 3119 1599 grata
3168 1533 3344 1599 atque
3380 1529 3669 1599 jucunda,

256 1615 438 1688 αὐτὸν,
490 1614 573 1669 ὅτι
620 1614 708 1669 καὶ
755 1616 783 1669 6
836 1616 1031 1688 Σωτὴρ
1082 1615 1132 1669 ἐν
1166 1617 1457 1692 ἀπογραφῇ
1506 1616 1761 1671 τίκτεται.
1797 1615 1890 1684 Ἐξ·

2034 1617 2114 1672 sed
2148 1616 2430 1689 populum
2458 1634 2654 1672 meum
2680 1622 2877 1672 sancte
2897 1623 2954 1671 et
2975 1617 3229 1671 humane
3253 1619 3549 1673 describas
3576 1636 3587 1672 :
3620 1618 3668 1674 si

256 1704 395 1775 ἦλθε
468 1704 569 1780 γὰρ
645 1702 840 1779 δόγμα,
920 1704 1075 1781 φησὶ,
1152 1706 1296 1778 παρᾶ
1369 1703 1634 1775 Καίσαρος
1692 1703 1890 1779 Αὐγού·

2037 1706 2163 1759 iihil
2195 1704 2375 1777 aliud,
2408 1711 2466 1761 at
2497 1710 2649 1761 certe
2680 1710 2915 1777 tempus
2949 1706 3055 1760 hoc
3106 1707 3426 1761 reverentia
3472 1724 3671 1779 prose-

259 1816 407 1865 στου,
464 1798 561 1848 τοῦ
614 1792 1024 1871 ἀπογράφεσθαι
1098 1795 1209 1866 (16)
1268 1798 1439 1847 πᾶσαν
1496 1795 1595 1861 τὴν
1654 1792 1893 1865 οἴκωμέι

2041 1800 2216 1864 :utus;
2252 1776 2728 1867 quandoquidem
2758 1776 2883 1867 ipse
2910 1813 3143 1867 quoque
3170 1796 3436 1853 Salvator
3462 1776 3675 1852 descri-

259 1902 400 1953 νην·
453 1882 541 1937 καὶ
614 1882 977 1959 ἀπεγράφετο.
1051 1878 1240 1953 ’Δνὲϐη
1304 1880 1361 1935 δὶ
1433 1882 1523 1936 καὶ
1593 1883 1793 1959 Ἰωσὴφ
1852 1880 1893 1936 ἐκ

2040 1885 2236 1939 itionis
2275 1890 2538 1956 tempore
2589 1884 2870 1939 nascitur.
2895 1885 3067 1952 Exiz't,
3099 1884 3277 1950 enim,
3312 1885 3526 1956 inquit,
3557 1886 3674 1941 edi-

267 1968 515 2043 Βηθλεὲμ
591 1969 682 2024 σὺν
760 1972 990 2046 Μαριὰμ
1060 1974 1128 2044 τῇ
1226 1969 1667 2044 μεμνηπευμὲνῃ
1760 1970 1901 2041 αὐτῷ

2041 1979 2162 2028 tum
2202 1991 2236 2028 a
2280 1977 2501 2030 Caesare
2547 1975 2806 2043 Augusto,
2840 1982 2900 2028 ιιι
2945 1973 3339 2028 describeretur
3384 1976 3675 2029 universus

263 2060 479 2134 γυναικὶ
562 2061 677 2132 (17)
760 2059 1196 2133 ἀπογράψασθαι,
1269 2055 1358 2113 διὰ
1422 2060 1485 2113 τὸ
1540 2060 1671 2113 εἶναι
1749 2059 1897 2113 αὐτὸκ

2043 2064 2194 2123 trhis;
2235 2066 2292 2117 et
2341 2063 2575 2133 quidem
2611 2062 3067 2117 describebatur.
3096 2062 3348 2117 Ascendit
3395 2067 3581 2118 autem
3626 2071 3677 2118 et

267 2147 318 2218 ἔξ
370 2147 523 2201 οἳκου
572 2148 661 2202 καὶ
712 2153 941 2222 πατριᾶς
989 2142 1174 2204 Δαϐὶδ.
1234 2147 1331 2201 Καὶ
1379 2151 1677 2217 τηνικαῦτα
1728 2148 1756 2201 6
1787 2154 1901 2200 Σω-

2047 2153 2215 2221 ὀδερή
2250 2153 2308 2205 in
2358 2150 2696 2216 Bethlehem,
2728 2157 2788 2205 ut
2839 2167 2964 2205 cum
3012 2151 3185 2205 Maria
3227 2150 3544 2223 desponsata
3571 2151 3681 2205 sibi

263 2238 369 2311 τήρ
416 2236 675 2305 τίκτεται,
724 2237 787 2291 τὸ
836 2236 1156 2308 Θαυμάσιον,
1204 2235 1231 2289 6
1293 2236 1507 2289 πάντων
1576 2233 1897 2311 δημιουργὸς

2045 2255 2194 2295 wore
2222 2241 2598 2310 proﬁteretur,
2629 2256 2688 2295 eo
2718 2240 2858 2310 quod
2900 2244 3034 2295 esset
3062 2239 3127 2295 de
3155 2239 3315 2296 domo
3362 2244 3416 2295 et
3457 2241 3679 2311 familia

264 2327 378 2399 (18)
429 2324 517 2379 καὶ
554 2322 844 2395 δεσπότης,
879 2323 929 2378 ἒν
973 2322 1166 2402 φαύλῳ
1198 2326 1310 2398 (19)
1343 2325 1431 2378 καὶ
1469 2330 1646 2400 μικρῷ
1675 2323 1898 2379 καταλό-

2042 2329 2203 2383 Βαυὶιί
2232 2330 2294 2384 ¹⁰.
2326 2331 2515 2399 Atque
2539 2345 2605 2383 eo
2636 2332 2900 2400 tempore
2927 2328 3135 2383 salutis
3168 2334 3370 2385 auctor
3400 2329 3457 2383 in
3488 2329 3676 2384 lucem

271 2435 421 2489 ματι.
470 2410 812 2487 Φοϐηθῶμεν
860 2413 923 2467 τὸ
969 2416 1267 2488 μυστήριον
1297 2434 1307 2446 ·
1344 2413 1676 2487 αἶ’δεσθῶμεν
1708 2414 1805 2481 τήν
1837 2414 1905 2467 οἱ·

2046 2417 2265 2488 prodiit,
2298 2435 2389 2473 res
2423 2416 2798 2472 admiranda!
2845 2416 3105 2471 omnium
3156 2434 3350 2473 rerum
3401 2418 3591 2489 cpifex
3623 2421 3680 2472 et

264 2503 525 2576 κονομίαν
580 2505 712 2576 (20),
762 2502 853 2557 καὶ
903 2502 1054 2557 αὐτοὶ
1099 2506 1178 2574 τῷ
1226 2502 1399 2579 καιρῷ
1425 2525 1475 2557 τι
1507 2502 1898 2578 συνεισενὲγκωε

2044 2507 2327 2575 iominus,
2344 2508 2401 2560 in
2421 2507 2630 2577 exiguo
2649 2511 2705 2560 et
2722 2506 2964 2577 ignobili
2983 2506 3319 2561 diversorio.
3340 2507 3678 2579 Mysterium

276 2614 386 2667 μεν.
428 2597 531 2647 Νῦν
579 2590 803 2667 ἄγγελοι
850 2594 1126 2667 χαίρουσι,
1176 2596 1267 2645 νῦν
1313 2592 1568 2666 ποιμένες
1599 2591 1910 2668 περιαστρά-

2047 2613 2140 2651 Joc
2172 2597 2520 2662 timeamus;
2546 2594 2759 2649 Christi
2788 2594 3250 2649 incarnationem
3279 2613 3681 2663 revereamur;

270 2702 517 2754 πτονται,
565 2685 656 2735 νῦν
705 2679 875 2755 ἀστὴρ
925 2679 976 2749 ἐξ
1026 2679 1325 2736 Ἀνατολῷν
1356 2682 1540 2756 τρέχει
1574 2682 1707 2757 πρὸς
1738 2682 1799 2734 τὸ
1835 2682 1901 2753 μὲ

2046 2688 2094 2740 ω
2125 2684 2373 2756 gratiam
2406 2683 2688 2754 temporis
2714 2700 2821 2737 nos
2853 2699 3084 2753 quoque
3106 2683 3329 2754 aliquid
3351 2701 3680 2755 erogemus.

280 2791 466 2845 γιστον
517 2773 631 2846 φῶς
682 2770 769 2823 καὶ
820 2768 1107 2843 ἀπρόσιτον
1136 2788 1148 2801 ⁸
1181 2773 1271 2822 νῦν
1310 2770 1469 2845 μάγοι
1502 2770 1914 2845 προσπίπτουσι,

2050 2775 2201 2829 .‘Iunc
2228 2772 2415 2844 angeli
2443 2772 2720 2843 gaudent,
2746 2778 3007 2843 pastores
3035 2772 3279 2828 luminis
3302 2773 3525 2845 fulgore
3556 2790 3684 2845 per-

278 2858 369 2914 καί
402 2856 798 2936 δωροφοροῦσι,
848 2857 937 2912 καὶ
980 2858 1073 2912 τὸν
1119 2857 1327 2912 πάντων
1370 2857 1594 2933 βασιλέα
1631 2860 1912 2935 γινώσκου-

2048 2862 2408 2933 stringuntur
2426 2862 2466 2896 ίι
2491 2879 2503 2915 :
2528 2877 2683 2914 nunc
2704 2861 2776 2915 ab
2798 2861 3031 2916 Oriente
3053 2862 3123 2915 ad
3153 2860 3341 2916 lucem
3366 2862 3682 2917 maximam

286 2970 360 3019 σι,
409 2950 497 3002 καὶ
545 2947 726 3009 καλῶς
777 2948 855 3020 τῷ
903 2947 1083 3022 ἀστέρι
1123 2947 1469 3022 τεκμαίροντι
1520 2949 1610 3002 τὸν
1643 2948 1920 3024 οὐράνιον·

2038 2956 2094 3008 et
2122 2949 2583 3005 inaccessibilem
2613 2948 2780 3003 stella
2804 2949 3019 3016 currit;
3053 2966 3208 3003 nunc
3238 2949 3392 3021 magi
3421 2967 3658 3021 procum

281 3036 400 3092 νυνί
447 3057 505 3090 τε
550 3033 797 3111 Ἡρώδης
850 3036 1115 3109 μαίνεται,
1162 3036 1251 3090 καὶ
1304 3035 1644 3113 παιδοφονεῖ,
1702 3037 1791 3091 καὶ
1841 3035 1915 3091 ’διό

2049 3044 2207 3105 bunt,
2240 3056 2306 3094 ac
2337 3039 2488 3093 dona
2518 3038 2789 3100 offerunt,
2812 3037 3198 3108 omniumque
3229 3037 3440 3110 Regem
3475 3054 3683 3107 agnos-

280 3132 374 3181 τὸν
423 3123 814 3198 ἐλευθερωτὴν,
872 3125 1079 3201 ἀναιρεῖ
1121 3127 1247 3186 τοὺς
1288 3131 1387 3194 τῆς
1441 3124 1749 3201 ἐλευθερίας
1796 3147 1914 3201 τυγ-

2050 3133 2200 3196 zunt,
2222 3134 2279 3183 et
2304 3144 2372 3183 ex
2397 3128 2608 3182 sideris
2633 3132 2867 3198 aspectu
2892 3125 3185 3181 caelestem
3208 3126 3435 3199 egregie
3457 3128 3684 3199 conjec-

281 3217 468 3289 χάνειν
502 3212 837 3291 ὀφείλοντας.
893 3212 1047 3269 Ἀλλ’
1076 3215 1240 3286 ἡμεῖς
1272 3236 1333 3289 γε
1368 3215 1501 3287 μετά
1527 3220 1633 3270 τῷν
1692 3235 1915 3290 προσκυι

2058 3235 2171 3273 .ura
2202 3220 2618 3288 assequuntur.
2642 3215 2807 3269 Nunc
2828 3215 3081 3270 Herodes
3103 3215 3264 3285 furit,
3284 3219 3339 3271 et
3360 3232 3571 3287 pueros
3592 3218 3692 3271 ob-

282 3303 516 3358 νοῦντων
571 3304 876 3378 γενώμεθα,
925 3304 1014 3358 καὶ
1064 3305 1513 3379 προσενέγκωμεν
1563 3309 1641 3376 τῷ
1684 3302 1752 3358 δι’
1783 3306 1916 3377 ἡμᾶς

2054 3311 2292 3375 :runcat,
2319 3311 2377 3361 et
2407 3309 2642 3377 prOpter
2670 3303 2958 3360 libertatis
2988 3309 3198 3359 nostrai
3229 3304 3540 3371 vindicem,
3568 3322 3688 3372 eos,

284 3391 662 3467 πτωχεύσαντι
717 3391 881 3468 μέχρι
925 3393 1014 3447 καὶ
1061 3393 1335 3465 σώματος,
1399 3395 1475 3467 μὴ
1512 3389 1755 3466 λίϐανον,
1793 3392 1918 3467 μηδῖ

2057 3396 2142 3467 qui
2173 3396 2231 3449 in
2257 3394 2584 3450 libertatem
2613 3393 2912 3449 asserendi
2936 3397 3120 3464 erant,
3146 3393 3216 3448 de
3239 3392 3431 3450 medio
3452 3393 3604 3450 tollit
3628 3396 3691 3450 1³.

288 3482 516 3555 χρυσὸν,
574 3478 713 3553 μηδὲ
745 3482 982 3557 σμύρναν
1013 3500 1028 3515 '
1054 3483 1146 3536 τὸν
1179 3482 1273 3555 μὲν
1307 3482 1380 3544 ὡς
1413 3488 1528 3554 Θεῷ
1561 3485 1692 3556 (21),
1736 3485 1825 3537 τὸν
1880 3480 1922 3537 δῖ

2061 3488 2121 3539 Μ.
2152 3501 2256 3539 nos
2298 3486 2369 3539 ab
2421 3483 2804 3539 adorantibus
2834 3489 3083 3549 stemus;
3118 3482 3288 3555 eique
3335 3482 3437 3553 qui
3485 3488 3695 3539 nostras

290 3570 369 3631 ὡς
424 3567 657 3645 βασιλεῖ,
704 3572 803 3639 τὴν
855 3568 912 3624 δὲ
950 3571 1025 3633 ὡς
1055 3572 1373 3645 γευσαμένῳ
1408 3568 1477 3625 δι’
1506 3574 1653 3644 ἡμᾶς
1685 3572 1924 3646 νεκρότη-

2066 3572 2257 3628 salutis
2289 3589 2469 3627 causa
2506 3589 2571 3627 eo
2616 3572 2978 3643 paupertatis
3010 3588 3071 3625 se
3102 3570 3359 3636 demisit,
3393 3575 3457 3625 ut
3486 3587 3700 3642 corpus

287 3678 387 3719 τος
434 3661 584 3731 (22)·
640 3656 786 3712 ἀλλὰ
828 3656 975 3733 δῶρα
1026 3660 1275 3731 μυστικὰ,
1323 3660 1411 3714 καὶ
1472 3660 1603 3735 ὑπὲρ
1632 3660 1695 3715 τὸ
1754 3660 1921 3737 φαινόη

2065 3661 2226 3715 Etiam
2259 3662 2576 3732 acciperet;
2610 3678 2725 3714 non
2776 3662 2933 3727 thus,
2967 3678 3081 3714 non
3115 3676 3346 3723 aurum,
3380 3676 3494 3713 non
3546 3674 3699 3730 myr-

300 3767 459 3820 μενον
486 3766 497 3778 ’
534 3747 592 3801 τό
621 3767 681 3822 γε
712 3744 878 3819 μηδὲν
912 3743 1122 3819 λαϐεῖν,
1172 3745 1312 3820 μηδὲ
1356 3753 1436 3821 τῷ
1484 3748 1709 3821 πλούτῳ
1737 3770 1789 3803 τι
1821 3770 1934 3824 συγ-

2065 3748 2244 3816 rham,
2279 3750 2536 3820 primum
2574 3752 2637 3801 ut
2667 3748 2803 3814 Deo,
2836 3749 3161 3803 secundum
3194 3751 3259 3801 ut
3288 3747 3429 3818 regi,
3462 3748 3699 3801 tertium

298 3841 552 3909 χωρῆσαι
611 3835 745 3890 κατὰ
801 3837 1005 3905 πενίας,
1059 3833 1188 3909 μηδ’
1228 3834 1480 3907 ἀδικῆσαι
1511 3838 1573 3892 τὸ
1602 3836 1827 3910 πλάσμα
1858 3835 1932 3892 διὸ

2070 3844 2122 3892 1t
2149 3839 2200 3893 ei
2233 3837 2331 3910 qui
2364 3840 2559 3891 nostra
2595 3852 2773 3891 causa
2818 3840 3065 3890 mortem
3118 3835 3467 3907 degustavit,
3498 3834 3704 3890 offera-

296 3928 398 3979 τοῦ
427 3926 771 3997 πλάσματος.

2077 3944 2220 3994 nus;
2255 3927 2356 3981 sed
2392 3924 2639 3996 mystica
2669 3926 2841 3991 dona,
2865 3923 3077 3995 iisque,
3100 3940 3225 3994 quae
3256 3923 3438 3979 oculis
3461 3939 3711 3979 cernun—

299 4020 419 4085 tur,
450 4015 830 4081 sublimiora;
864 4014 1166 4084 nimirum,
1200 4020 1264 4071 ut
1294 4015 1443 4071 nihil
1475 4016 1851 4088 accipiamus,
1886 4034 1990 4073 nec
2020 4015 2240 4072 divitiis
2288 4014 2613 4086 quidquam
2654 4014 2934 4069 adversus
2980 4017 3382 4085 paupertatem
3428 4013 3712 4069 conceda-

301 4120 459 4174 mus,
494 4119 599 4159 nec
630 4103 726 4159 Dei
759 4109 1086 4160 creaturam
1119 4122 1221 4176 per
1252 4106 1428 4161 aliam
1460 4112 1788 4161 creaturam
1822 4106 2039 4178 injuria
2067 4106 2414 4162 afﬁciamus.

375 4192 472 4248 ΙΓ.
507 4189 613 4245 Σὺν
664 4196 886 4267 Χριστῷ
934 4194 1180 4269 γράφεις,
1212 4193 1303 4247 σὺν
1339 4199 1554 4267 Χριστῷ
1583 4191 1948 4264 ταλαντεύεις,

2132 4195 2278 4251 ΧΙΙΙ.
2313 4194 2457 4249 Cum
2490 4191 2718 4247 Christo
2749 4190 3056 4257 describis,
3095 4208 3226 4246 cum
3258 4190 3486 4247 Christo
3520 4190 3712 4246 tribu-

300 4278 396 4334 σὺν
447 4283 515 4353 τῇ
565 4278 776 4359 κεφαλῇ
823 4278 1155 4353 δοκιμάζεις,
1211 4283 1345 4356 μετὰ
1391 4287 1487 4337 τοῦ
1541 4282 1707 4359 λόγου
1739 4282 1928 4359 λογίζῃ

2080 4301 2186 4339 .um
2247 4281 2548 4354 expendis,
2582 4297 2715 4335 cum
2776 4280 2964 4351 capite
3021 4296 3330 4335 sensuram
3384 4279 3546 4345 facis,
3579 4295 3714 4334 cum

301 4368 533 4443 Χριστὸς
580 4365 700 4445 ἄρτι
743 4371 981 4446 γεννᾶταί
1033 4392 1142 4439 σοι,
1199 4372 1289 4426 καὶ
1342 4371 1470 4433 Θεὸς
1530 4372 1662 4444 ἐστι,
1710 4372 1799 4427 καὶ
1860 4372 1935 4427 ἄν·

2084 4374 2246 4428 Ierbo
2276 4372 2561 4427 rationem
2586 4369 2890 4424 subducis.
2916 4369 3081 4423 Nunc
3105 4368 3373 4424 Christus
3398 4368 3506 4423 tibi
3527 4367 3718 4423 nasci-

303 4460 524 4533 θρωπος
569 4458 797 4531 γίνεται,
844 4459 934 4513 καὶ
982 4460 1288 4534 ἀνθρώποις
1324 4463 1824 4539 συναναστρέφεται.
1885 4464 1930 4518 Τ

2083 4479 2181 4527 ω’,
2210 4465 2266 4515 et
2298 4461 2450 4515 Deus
2482 4462 2593 4525 est,
2616 4462 2671 4513 et
2703 4457 2878 4512 homo
2910 4458 3189 4524 efficitur,
3211 4462 3268 4512 et
3299 4473 3432 4511 cum
3465 4456 3717 4511 homini-

302 4550 403 4601 τοῦ
452 4542 623 4621 λόγου
674 4544 1014 4617 δηλοῦντος;
1069 4548 1228 4621 Ἐμοὶ
1278 4546 1425 4603 δοκεῖ
1473 4552 1608 4623 (23),
1660 4550 1735 4611 εἷς
1769 4552 1936 4605 νουθε·

2086 4567 2174 4605 ius
2206 4551 2603 4603 conversatur.
2639 4545 2785 4611 Quid
2818 4552 3014 4600 autem
3056 4545 3169 4600 sibi
3200 4544 3324 4600 vult
3356 4545 3450 4599 hic
3480 4545 3720 4601 sermo?

306 4634 426 4688 σίαν
455 4638 563 4689 τῶν
590 4634 656 4689 τὰ
698 4640 919 4690 τοιαῦτα
966 4637 1366 4709 πιστευομένων
1418 4640 1551 4710 (24),
1599 4636 1681 4692 ὅτι
1710 4644 1829 4700 ταῖς
1866 4660 1940 4711 με¹

2084 4640 2233 4705 iane,
2260 4636 2371 4690 nisi
2405 4652 2497 4689 me
2528 4636 2822 4690 sententia
2844 4635 3012 4703 fallit,
3039 4653 3157 4707 eos,
3181 4636 3335 4691 372
3360 4635 3575 4706 quibus
3610 4635 3718 4690 hu-

306 4722 523 4799 γίσταις
570 4727 677 4777 τῶν
727 4720 1048 4795 διοικήσεων
1099 4726 1226 4787 Θεὸς
1260 4726 1340 4779 ἀεὶ
1376 4726 1796 4802 συνεισέρχεται,
1858 4733 1934 4781 Κα

2094 4724 2325 4781 usmodi
2357 4740 2599 4779 munera
2642 4723 2959 4779 commissa
3010 4730 3171 4791 sunt,
3204 4725 3502 4793 admonet,
3540 4728 3716 4779 Deum

385 4868 405 4902 ⁹
429 4868 556 4923 Job.
588 4885 681 4935 xx,
714 4869 802 4924 15.
880 4870 925 4907 ¹⁰
950 4869 1087 4926 Luc.
1121 4887 1183 4938 II,
1217 4871 1241 4924 1
1272 4886 1405 4943 sqq.
1484 4871 1525 4908 “
1560 4871 1707 4927 ibid.
1738 4871 1773 4925 9
1803 4888 1933 4943 sqq.
2013 4875 2019 4906 ³

985 4887 1087 4926 .uc.
1121 4887 1183 4938 II,
1217 4871 1241 4924 1
1272 4886 1405 4943 sqq.
1484 4871 1525 4908 “
1560 4871 1707 4927 ibid.
1738 4871 1773 4925 9
1803 4888 1933 4943 sqq.
2013 4870 2057 4906 ¹²
2091 4868 2298 4924 Matth.
2332 4884 2393 4933 ll,
2428 4868 2451 4921 1
2489 4883 2619 4938 sqq.

387 5010 497 5081 (12)
529 5006 654 5081 Οὗν.
696 5012 862 5067 Deest
890 5012 949 5067 in
978 5012 1069 5067 ed.
2082 5034 2109 5062 (ί
2143 5011 2201 5065 in
2232 5009 2588 5081 praesepis.»

412 5078 495 5153 13)
524 5079 681 5154 Totic.
718 5083 901 5154 Pass,
939 5088 1073 5145 τοῖς.
1377 5153 1383 5154 ί
1427 5152 1437 5154 Α

2144 5078 2258 5149 (20)
2288 5078 2642 5152 Οἰκόνομίαν.
2676 5079 2883 5136 Billius
2916 5099 2928 5137 :
2958 5105 2985 5132 ιι
3016 5080 3446 5137 humanitatem
3494 5096 3723 5137 assum-

412 5151 495 5229 1ᾴ)
526 5151 747 5229 Φόρων.
768 5151 1134 5229 ἀπογραφεύς.
1167 5154 1264 5229 810
1290 5152 1463 5229 Coisl.
1500 5155 1550 5209 1.
1588 5156 1648 5209 In
1699 5153 1872 5212 Cois].
1907 5158 1963 5225 2,

685 5151 1134 5229 νάπογραφεύς.
1167 5154 1264 5229 810
1290 5152 1463 5229 Coisl.
1500 5155 1550 5209 1.
1588 5156 1648 5209 In
1699 5153 1872 5212 Cois].
1907 5158 1963 5225 2,
2076 5162 2258 5229 ptati},
2294 5175 2319 5201 ››

304 5228 368 5281 et
393 5220 514 5301 :61},
546 5220 802 5301 γραφεύς.
842 5220 1009 5301 Deest
1038 5224 1218 5301 φόρων
1250 5225 1307 5301 in
1343 5226 1472 5301 ed._
1520 5296 1529 5301 _
1568 5296 1582 5301 _
1654 5298 1661 5301 _

2091 5220 2110 5301 ‘_
2147 5220 2391 5301 (1’1)ch
2442 5221 2545 5301 μὲν,
2585 5221 2658 5301 ᾡς
2708 5225 2846 5301 eaq),
2897 5228 3005 5301 etc.
3056 5222 3258 5278 Billius
3303 5243 3368 5275 ια
3400 5226 3609 5295 partim
3662 5225 3725 5276 ut

413 5297 497 5372 ᾧ)
528 5294 641 5372 lite.
666 5294 847 5372 Deest
874 5299 931 5372 in
966 5294 1143 5372 Regg.
1178 5298 1318 5372 eLd,
1352 5302 1407 5351 et
1437 5296 1608 5372 Cois].
1644 5298 1693 5372 1_.
1781 5368 1812 5372 _
2076 5296 2225 5372 Deo,
2246 5294 2458 5372 partim
2490 5299 2555 5347 ut
2586 5294 2748 5372 Regi,
2782 5297 3021 5366 partim,
3049 5305 3218 5372 »_ele.
3404 5294 3409 5295 ⁷
3539 5368 3547 5372 _
3594 5362 3630 5372 η

413 5316 497 5368 ιο)
530 5316 641 5356 ηις.
676 5316 847 5353 ueeSt
874 5316 931 5352 In
966 5316 1044 5354 ne
1088 5316 1143 5369 g.
1178 5316 1227 5365 c,
1262 5316 1318 5365 α,
1352 5316 1407 5351 et
1437 5316 1608 5351 (.0181.
1644 5316 1693 5351 1.

410 5368 977 5444 16)_’A1ro~{pdtpecﬂai.
1038 5316 1180 5425 gres
1228 5368 1387 5440 Reg,
1440 5366 1613 5423 Coisl.
1667 5370 1729 5438 1,
1778 5368 1965 5434 Pass.,

2090 5316 2213 5363 ueo,
2246 5316 2457 5365 parum
2492 5316 2555 5347 un
2587 5316 2748 5364 negl,
2782 5316 3021 5366 parum,
3049 5317 3074 5343 ››
3109 5316 3218 5351 exc.

2147 5368 2259 5438 (22)
2292 5364 2649 5434 Νεκρότητος.
2704 5367 2889 5433 Pass.,
2938 5366 3270 5439 νεκρώσεως,
3324 5388 3352 5415 ι(
3406 5362 3724 5419 mortalita-

309 5438 725 5502 ἀπογράψασθαι
738 5482 749 5492 .
783 5438 792 5444 ’
1317 5438 1337 5440 γ

633 5438 749 5502 sai.
783 5438 792 5444 ’
1317 5438 1337 5440 7
2076 5444 2214 5494 tem.
2242 5460 2267 5487 ››

396 5442 749 5563 ογράψασθαι.
783 5442 792 5444 ’
1395 5508 1405 5520 ν

387 5512 501 5585 (1)
534 5509 770 5566 Γυναικί.
805 5514 897 5585 Sic
928 5518 1067 5585 Reg.
1104 5529 1152 5569 ο.
1186 5510 1358 5585 Deest
1392 5526 1451 5564 in
1486 5510 1605 5585 ad.)

2076 5444 2268 5585 ῑϐἳὲξᾷ)
2292 5511 2466 5585 δοκεῖ.
2502 5508 2596 5585 Sic
2627 5508 2818 5585 Cois]:
2839 5512 2885 5563 1.
2918 5514 2980 5565 In
3014 5510 3127 5585 ed._,
3163 5503 3357 5585 δοκεῖν.

537 5582 896 5658 Δημιουργός.
931 5572 1114 5658 ρτῖ1,
1146 5582 1481 5658 7501.1)17)th(_
1501 5580 1753 5658 factor.»
1836 5654 1845 5658 _

2152 5572 2268 5658 (24)
2296 5579 2729 5651 Πιστευομὲνων.
2785 5581 2963 5652 Regg.
2998 5598 3047 5650 ο,
3080 5572 3137 5647 (ἰν,
3180 5584 3236 5634 et
3282 5572 3451 5631 Coisl.
3486 5575 3539 5643 1,
3565 5592 3727 5627 πεπι-

394 5650 504 5727 (19)
532 5650 627 5709 Ἐν
668 5650 881 5733 φαῦλῳ.
939 5650 1232 5729 Ηθεξριλ.
1270 5650 1340 5710 οἱ
1388 5651 1538 5710 Cois]
1588 5655 1639 5723 1,
1694 5652 1743 5709 ἐν
1779 5654 1969 5731 φάτνῃ,

771 5650 881 5728 λῳ.
939 5650 1232 5729 Reg.'ph.
1270 5650 1340 5710 et
1388 5651 1538 5710 Coisl
1588 5655 1639 5723 1,
1694 5652 1743 5709 ἐν
1779 5654 1969 5731 φάτνῃ,
2079 5650 2405 5725 στευμὲνων.
