4138 6212
493 348 647 409 1059

1729 342 1794 402 S.
1843 337 2213 401 GREGORII
2260 337 2654 401 THEOLOGI

3741 343 3901 404 1060

492 499 609 537 una
639 494 869 551 semper
890 476 1162 532 maximis
1186 490 1379 530 rerum
1409 474 2018 531 administrationibus
2044 490 2132 528 co-

2246 467 2335 523 τίνα
2387 470 2481 542 μὲν
2524 465 2853 524 καταιδέσειε
2906 470 3017 542 (25)
3071 468 3203 532 τοὺς
3250 469 3682 548 ἀπογράφοντας,
3741 496 3899 545 τηνι-

490 570 685 625 milem
719 569 1021 621 interesse.
1046 566 1113 620 Et
1139 564 1481 635 quidem,ut
1501 564 1892 635 descriptores
1921 562 2141 634 pudore

487 657 740 729 quodam
770 654 1007 717 afﬁciet,
1029 670 1093 707 ac
1121 660 1505 720 commoveat,
1533 670 1597 708 eo
1619 658 1881 722 tempore
1904 666 2137 706 carnem

487 743 759 812 assumit,
782 749 994 798 etcum
1018 742 1357 797 horninibus
1389 747 1680 808 versatur;
1707 745 1771 795 ut
1794 745 1987 795 autem
2020 756 2139 794 ser-

486 833 655 887 vituti
689 838 901 887 nostrae
929 830 1204 886 solatium
1228 831 1449 900 afferat,
1475 830 1777 900 animique
1807 828 2138 899 aequitatem

488 921 665 977 veluti
698 921 822 992 lege
853 919 1075 976 sanciat
1097 921 1254 990 (nam
1291 935 1359 974 ne
1397 920 1453 973 id
1489 919 1722 990 quidem
1756 916 2138 988 contemptim

490 1010 960 1082 praetereundum
986 1010 1115 1077 est),
1139 1025 1255 1062 non
1286 1008 1458 1062 modo
1483 1024 1610 1071 suo,
1637 1008 1737 1062 sed
1762 1007 1937 1061 etiam
1962 1004 2139 1069 Petri,

489 1098 916 1170 discipulorum
950 1097 1213 1151 omnium
1270 1095 1629 1165 charissimi,
1664 1096 1899 1150 nomine
1946 1094 2141 1149 didra-

489 1187 729 1243 chmum
751 1186 949 1258 pendit
966 1188 1029 1239 ‘3.
1052 1185 1193 1241 Nam
1220 1190 1453 1256 propter
1471 1201 1575 1239 nos
1593 1184 1766 1239 homo
1786 1184 1973 1238 factus
1994 1186 2137 1249 erat,

491 1277 758 1348 servique
809 1276 1057 1330 formam
1108 1274 1452 1344 suscepit“,
1479 1278 1533 1328 et
1579 1290 1679 1345 pro
1729 1272 2143 1343 iniquitatibus

490 1366 710 1421 nostris
740 1366 811 1420 ad
837 1370 1080 1419 mortem
1106 1363 1317 1418 ductus
1337 1367 1425 1417 est
1448 1363 1509 1417 ιδ.
1534 1366 1663 1417 Haec
1688 1362 1954 1417 Salvator
1985 1361 2138 1427 fecit,

489 1455 667 1526 idque
698 1469 831 1508 cum
860 1452 1155 1507 voluntate
1186 1452 1309 1506 sola
1341 1452 1529 1518 nobis,
1558 1457 1754 1522 utpote
1780 1456 1949 1520 Deus,
1980 1449 2137 1505 salu-

489 1548 607 1597 tem
632 1542 835 1597 aITerre
865 1546 1081 1612 posset,
1104 1540 1601 1611 quemadmodum
1624 1545 1680 1594 et
1702 1540 2033 1594 universam
2057 1554 2141 1594 re-

488 1648 618 1686 rum
654 1631 986 1685 machinam
1022 1629 1145 1685 solo
1168 1631 1345 1699 jussu
1386 1634 1561 1700 atque
1591 1629 1836 1699 imperio
1869 1644 2138 1700 procrea-

488 1720 586 1774 vit.
622 1721 806 1790 Majus
851 1726 1067 1783 autem,
1102 1724 1157 1773 et
1191 1721 1258 1773 ad
1292 1718 1691 1773 incutiendum
1725 1719 2008 1790 pudorem
2040 1734 2138 1771 ac-

486 1808 916 1864 commodatius
964 1807 1131 1862 nobis
1181 1805 1444 1872 contulit,
1481 1822 1690 1883 nempe
1745 1806 2022 1878 pietatem
2072 1822 2138 1861 ac

488 1897 976 1963 misericordiam,
1031 1901 1206 1966 atque
1252 1895 1487 1950 honoris
1546 1895 1952 1965 aequalitatem.
1989 1894 2136 1959 Quid

486 2003 621 2041 vero
656 1984 1014 2049 nos,Christi
1050 1982 1343 2055 discipuli,
1379 1982 1555 2050 illius,
1590 1983 1853 2054 inquam,
1892 1983 2051 2037 mitis
2082 1986 2139 2038 et

486 2075 747 2148 benigni,
772 2079 829 2128 et
860 2073 958 2145 qui
992 2073 1159 2128 nobis
1194 2089 1380 2143 usque
1411 2073 1553 2127 adeo
1585 2072 1979 2129 ministravit?
2011 2072 2135 2127 Non

490 2163 750 2234 magistri
785 2164 1055 2235 pietatem
1102 2162 1271 2215 nobis
1303 2161 1650 2215 imitandam
1699 2161 2136 2232 proponemus?

487 2254 610 2309 Non
643 2252 926 2322 benignos
954 2267 1018 2305 ac
1052 2249 1250 2305 faciles
1278 2266 1383 2305 nos
1414 2250 1572 2321 ipsos
1599 2250 1893 2305 conservis
1920 2250 2136 2320 praebe-

488 2342 704 2408 bimus,
730 2346 795 2395 ut
814 2339 988 2394 talem
1024 2337 1134 2409 ipsi
1162 2355 1395 2410 quoque
1416 2338 1721 2393 dominum
1745 2337 2133 2408 experiamur,

487 2430 656 2487 nobis
687 2428 950 2484 videlicet
992 2428 1193 2482 eadem
1246 2444 1542 2493 mensura,
1575 2443 1692 2499 qua
1739 2427 1927 2481 mensi
1960 2426 2136 2482 fueri-

488 2537 643 2585 mus,
677 2532 1062 2589 repensurum
1088 2514 1170 2569 ‘5?
1200 2516 1323 2569 Non
1354 2515 1582 2570 animas
1628 2521 1859 2570 nostras
1898 2514 2136 2571 lenitate

488 2606 889 2664 redimemus?
920 2605 1075 2660 Satis
1096 2620 1387 2675 superque
1417 2620 1587 2675 grave
1610 2609 1697 2659 est
1719 2603 1918 2659 liberis
1942 2603 2133 2658 homi-

489 2697 662 2752 nibus
693 2696 972 2750 servitute
1006 2692 1211 2765 premi,
1232 2696 1578 2763 tantumque
1609 2692 1763 2747 inter
1790 2708 1910 2759 eos,
1936 2692 2034 2763 qui
2066 2709 2134 2747 ex

488 2785 690 2841 eadem
718 2788 881 2838 terrae
906 2799 1102 2837 massa
1134 2784 1524 2853 coagmentati
1553 2787 1710 2849 sunt,
1733 2782 2039 2849 interesse,
2070 2786 2134 2837 ut

490 2873 585 2929 alii
631 2873 940 2944 imperent,
973 2871 1071 2926 alii
1104 2870 1348 2942 imperio
1398 2875 1729 2937 teneantur;
1765 2870 1863 2926 alii
1914 2871 2133 2926 tributa

488 2962 869 3027 constituant,
904 2960 1003 3015 alii
1058 2960 1261 3014 tributi
1319 2977 1495 3015 causa
1543 2960 1979 3026 describantur;
2032 2958 2129 3014 alii

2250 562 2417 612 καῦτα
2469 557 2659 631 ὁμιλεῖ
2706 557 2859 632 σαρκὶ
2906 558 2995 612 καὶ
3043 558 3389 634 ἀνθρώποις·
3418 559 3506 615 ’ἱνα
3536 559 3595 616 δὲ
3643 583 3901 638 παραμυο

2251 649 2481 717 θῆσηται
2527 653 2627 716 τῆς
2684 644 2933 709 δουλείας
2986 650 3156 719 ἡμᾶς,
3210 649 3302 702 καὶ
3341 650 3440 718 τὴν
3472 649 3897 725 εὐγνωμοσύνην

2248 737 2585 810 νομοθετήσῃ
2640 732 2788 808 (οὐδὲ
2841 736 2942 812 γάρ
2992 741 3152 791 τοῦτο
3211 740 3560 812 παροπτέον),
3617 741 3767 795 τελεῖ
3810 743 3901 797 καὶ

2250 824 2407 886 άύτὸς
2462 825 2525 878 τὸ
2584 821 2909 900 δίδραχμον,
2968 824 3056 878 καὶ
3115 825 3223 901 οὺχ
3277 826 3408 901 ὑπὲρ
3461 827 3651 883 ἑαυτοῦ
3706 831 3897 902 μόνον,

2251 911 2395 968 ἀλλά
2422 913 2510 968 καὶ
2543 914 2748 988 Πέτρου
2798 917 2895 967 τοῦ
2939 913 3272 986 τιμιωτάτου
3311 920 3418 970 τῶν
3451 919 3707 989 μαθητῶν
3734 961 3745 973 .
3782 920 3899 974 ἐπεὶ

2248 1002 2336 1057 καὶ
2391 1001 2658 1077 ἄνθροπος
2707 1002 2919 1077 ἐγένετο
2970 998 3038 1055 δι’
3077 1005 3247 1075 ἡμᾶς,
3298 1006 3385 1058 καὶ
3440 1003 3640 1060 δούλου
3678 1010 3897 1085 μορῖνήν

2249 1088 2527 1161 ἀνεδέξατο
2576 1094 2712 1164 (26),
2756 1091 2843 1145 xui
2879 1091 3008 1165 ὑπὲρ
3041 1095 3146 1146 τῶν
3179 1093 3423 1166 ἀνομιῶν
3444 1096 3604 1167 ἡμῶν
3637 1093 3791 1171 ἤχθη
3826 1096 3900 1157 εἰς

2248 1178 2492 1236 θάνατον.
2540 1183 2713 1234 Ταῦτα
2764 1180 2857 1252 μὶν
2908 1180 2936 1234 ὁ
2984 1181 3201 1255 Σωτὴρ,
3246 1182 3335 1235 καὶ
3380 1186 3457 1253 τῷ
3486 1180 3757 1255 θελήματι
3796 1184 3899 1256 μό-

2249 1289 2364 1336 νον,
2414 1269 2489 1331 ὡς
2532 1269 2680 1339 Θεὸς,
2730 1273 2899 1338 σῶσα,
2954 1266 3269 1342 δυνάμενος,
3319 1269 3433 1325 ἐπεὶ
3484 1272 3573 1325 καὶ
3621 1274 3690 1327 τὰ
3727 1272 3902 1328 πάντα

2249 1359 2624 1434 προστάγματι
2662 1361 3058 1429 συνεστήσατοο
3112 1364 3292 1431 μεῖζον
3345 1356 3403 1414 δὶ
3450 1362 3539 1415 καὶ
3591 1359 3902 1433 δυσωπῃτι-

2247 1446 2482 1520 κώτερον
2545 1446 2849 1522 εἰσήνεγκεν
2924 1448 3084 1519 ἡμῖν,
3139 1446 3239 1515 τὴν
3296 1448 3628 1519 συμπάθειαν
3687 1450 3777 1504 καὶ
3836 1451 3901 1505 τὸ

2249 1533 2518 1609 ὁμότιμον
2567 1537 2700 1607 (27).
2748 1535 2808 1589 Τί
2861 1531 2918 1589 δὲ
2964 1537 3127 1607 ἡμεῖς
3178 1535 3229 1589 οἱ
3264 1538 3499 1609 Χριστοῦ
3533 1540 3770 1610 μαθηταὶ
3800 1544 3900 1595 τοῦ

2248 1623 2422 1699 πράου
2470 1623 2560 1679 καὶ
2607 1623 3017 1701 φιλανθρώπου,
3068 1624 3156 1678 καὶ
3194 1630 3451 1680 τοσοῦτον
3478 1628 3613 1699 ἡμῖν
3650 1627 3901 1701 λειτουρ-

2246 1714 2549 1788 γήσαντος;
2608 1713 2681 1768 Οὐ
2745 1712 3099 1787 μιμησόμεθα
3156 1718 3257 1768 τοῦ
3316 1715 3589 1770 Δεσπότου
3651 1719 3751 1785 τῆν
3820 1719 3901 1773 εύ-

2250 1799 2627 1878 σπλαγχνίανς
2679 1801 2777 1857 οὐκ
2823 1799 3057 1875 ἐσόμεθα
3110 1803 3345 1879 χρηστοὶ
3391 1810 3505 1866 τοῖς
3537 1803 3897 1879 ὁμοδούλοις,

2241 1888 2333 1944 ’ἱνα
2361 1890 2610 1946 τοιούτου
2661 1891 2916 1967 τύχωμεν
2966 1891 3054 1945 καὶ
3092 1890 3245 1947 αὐτοὶ
3275 1898 3373 1947 τοῦ
3404 1892 3603 1969 Κυρίου
3639 1901 3897 1969 μετροῦν-

2245 2000 2360 2049 τος,
2422 1980 2495 2040 ὡς
2549 1980 2607 2033 ἄν
2659 1982 3056 2053 μετρήσωμεν;
3108 1979 3168 2034 ού
3217 1980 3527 2053 κτησόμεθα
3564 1984 3660 2045 τάς
3693 1985 3894 2039 ἑαυτῶν

2247 2068 2448 2143 ψυχάς,
2502 2064 2590 2123 διὰ
2628 2075 2727 2137 τῆς
2779 2067 3167 2143 ἡμερότητος;
3218 2070 3399 2145 Ἀρκεῖ
3448 2068 3726 2129 δουλεύειν
3780 2080 3897 2136 τοῖς

2247 2154 2575 2233 ἐλευθᾶροις,
2650 2158 2739 2212 καὶ
2796 2161 3052 2211 τοσοῦτον
3111 2159 3238 2212 εἶναι
3297 2160 3360 2212 τὸ
3417 2158 3701 2235 διάφορον,
3762 2161 3896 2218 ὥστε

2243 2250 2339 2301 τοῦ
2390 2245 2552 2300 αὐτοῦ
2596 2247 2751 2319 χοὸς,
2778 2246 2842 2301 τὸ
2876 2245 2970 2318 μὶν
2998 2251 3235 2319 κρατεῖν,
3264 2247 3327 2301 τὸ
3359 2245 3417 2301 δὲ
3447 2248 3708 2323 ἄρχεσθαι
3733 2270 3745 2282 ·
3807 2252 3895 2304 καὶ

2241 2334 2305 2389 τὸ
2338 2335 2432 2407 μὶν
2462 2333 2672 2390 τάσσειν
2724 2335 2946 2413 φόρους,
2998 2336 3061 2389 τὸ
3095 2332 3152 2389 δὲ
3182 2336 3581 2413 ἀπογράφεσθαι
3606 2356 3619 2368 ·
3652 2340 3744 2392 καὶ
3775 2345 3893 2401 τοῖς

2246 2424 2341 2496 μὶν
2384 2421 2587 2479 ἀδικεῖν
2648 2424 2841 2494 ἐξεῖναι
2898 2423 2991 2478 καὶ
3048 2430 3221 2480 ποιεῖν
3276 2430 3478 2496 κακῶς,
3518 2431 3636 2487 τοῖς
3688 2425 3745 2481 δὲ
3776 2431 3891 2498 (28)

2245 2514 2376 2589 ὑπὲρ
2428 2517 2525 2568 τοῦ
2588 2514 2663 2587 μὴ
2712 2515 2825 2587 (29)
2873 2514 3060 2568 παθεῖν
3108 2510 3309 2577 δεῖσθαι
3358 2514 3446 2569 xui
3496 2515 3892 2591 ἀγωνίζεσθαι·

2240 2603 2330 2657 καὶ
2371 2606 2538 2657 ταῦτα
2595 2604 2725 2657 εἶναι
2781 2602 2905 2677 περὶ
2963 2603 3059 2671 τὴν
3124 2602 3245 2676 μίαν
3307 2603 3506 2676 εἰκόνα,
3566 2605 3657 2659 καὶ
3713 2607 3777 2660 τὸ
3836 2603 3891 2661 ’ἐν

2240 2691 2473 2765 ἀξιωμα,
2502 2691 2631 2754 τοὺς
2660 2699 2760 2761 τῆς
2790 2691 2955 2761 αὐτῆς
3006 2696 3152 2761 ζωῆς
3198 2691 3602 2768 κληρονόμους·
3650 2695 3783 2768 ὑπὲρ
3820 2696 3891 2749 ὧν

2240 2782 2466 2857 Χριστὸς
2516 2780 2722 2855 ὁμοίως
2772 2780 3051 2845 ἀπέθανεν.
3104 2782 3282 2857 Ἀρκεὶ
3325 2786 3489 2836 ταῦτα
3517 2789 3635 2844 τοῖς
3673 2783 3892 2839 ἐλευθε-

2241 2888 2395 2943 ροις·
2460 2871 2535 2943 μὴ
2586 2866 2897 2946 βαρυνέσοω
2947 2867 3005 2924 δὲ
3050 2870 3078 2923 ὁ
3130 2871 3311 2945 ζυγὸς,
3366 2868 3506 2944 μηδὲ
3532 2879 3633 2941 τῆς
3664 2874 3892 2946 πρώτης

2239 2960 2399 3031 ἡμῶν
2432 2958 2698 3035 ἁμαρτίας
2728 2959 2791 3013 τὸ
2822 2958 3118 3032 ἐπιτίμιον.

488 3052 765 3122 injuriam
798 3049 1031 3117 inferre,
1056 3048 1325 3119 maloque
1358 3050 1585 3103 afficere
1619 3049 1855 3120 impune
1889 3049 2137 3120 possint,
2170 3048 2289 3118 alii,
2323 3064 2393 3104 ne
2424 3049 2564 3121 quid
2599 3050 2920 3121 patiantur,
2948 3050 3233 3119 laborent,
3258 3066 3324 3105 ac
3355 3052 3623 3122 precibus
3657 3058 3895 3108 conten-

487 3141 656 3207 dant;
685 3156 868 3209 eaque
899 3138 1054 3193 circa
1101 3155 1278 3192 unam
1311 3144 1365 3193 et
1395 3139 1660 3192 eamdem
1709 3138 2046 3209 imaginem,
2078 3137 2233 3193 circa
2272 3155 2447 3194 unam
2480 3144 2538 3194 et
2567 3140 2833 3194 eamdem
2882 3140 3189 3212 dignitatis
3238 3140 3634 3210 prastantiam
3668 3144 3897 3196 contin-

485 3244 641 3302 gere,
674 3230 829 3284 circa
858 3229 1120 3296 ejusdem
1155 3228 1280 3282 vitae
1317 3228 1590 3296 hzsredes,
1624 3232 1680 3282 et
1712 3245 1811 3298 pro
1842 3228 2054 3299 quibus
2085 3227 2349 3283 Christus
2380 3247 2407 3280 ιι
2432 3245 2544 3300 que
2594 3233 2863 3284 mortuus
2891 3232 2980 3283 est
3032 3229 3210 3295 Satis,
3244 3229 3507 3300 inquam,
3542 3230 3662 3285 haec
3697 3230 3901 3286 liberis

485 3317 824 3373 hominibus
855 3316 1102 3370 molesta
1132 3320 1299 3382 sunt;
1330 3332 1400 3370 ne
1432 3315 1569 3386 quid
1603 3316 1736 3370 huic
1762 3317 1905 3387 jugo
1947 3315 2219 3387 ponderis
2250 3317 2520 3387 addatur,
2554 3333 2625 3373 ne
2656 3317 2795 3390 quid
2841 3334 3020 3390 pmnaa
3052 3316 3159 3386 illi,
3190 3334 3303 3388 qua
3332 3318 3588 3389 primum
3623 3324 3900 3375 nostrum

484 3409 783 3476 peccatum
818 3403 1165 3457 mulctatum
1196 3407 1303 3469 est,
1340 3403 1672 3457 acerbitatis
1701 3404 1957 3459 accedat.

553 3492 693 3547 XIV.
728 3492 957 3547 Utinam
994 3490 1259 3545 funditus
1304 3495 1498 3561 pereat
1527 3490 1753 3558 vitium,
1787 3495 1842 3546 et
1874 3490 2129 3563 primum
2162 3492 2204 3559 C

482 3581 642 3638 illius
673 3597 896 3643 semen,
930 3597 995 3633 ac
1027 3595 1239 3651 pravus
1272 3578 1388 3645 ille,
1413 3579 1534 3650 qui,
1568 3580 1996 3636 dormientibus
2028 3598 2127 3635 no-

481 3669 593 3741 bis,
626 3669 848 3724 zizania
891 3668 1381 3738 superseminavit
1407 3669 1469 3734 17,
1497 3672 1562 3722 ut
1594 3667 1728 3723 mali
1775 3669 2128 3740 principium

480 3775 549 3815 ex
579 3759 715 3814 boni
748 3758 976 3813 incuria
1021 3763 1378 3825 nasceretur,
1405 3775 1519 3813 non
1568 3774 1735 3813 secus
1767 3775 1831 3813 ac
1862 3760 2129 3815 tenebra—

480 3865 609 3903 rum
644 3846 1026 3919 principium,
1059 3851 1147 3901 est
1196 3845 1342 3900 lucis
1374 3846 1644 3901 secessio.
1679 3847 1808 3902 Haec
1857 3848 2025 3902 nobis
2056 3847 2131 3903 li-

485 3953 668 4009 gnum
698 3935 841 3990 illud
866 3934 1104 4003 invexit,
1124 3940 1180 3988 et
1226 3951 1464 3989 amarus
1488 3952 1645 3999 esus,
1669 3942 1726 3990 et
1754 3936 1986 3991 invidus
2014 3954 2130 3993 ser-

478 4043 643 4098 pens,
663 4030 719 4081 et
748 4025 838 4079 lex
870 4024 1101 4091 violata,
1128 4041 1254 4095 quae
1283 4026 1431 4082 373
1463 4025 1609 4079 hanc
1642 4042 1871 4095 poenam
1904 4026 2127 4098 irroga-

476 4115 576 4180 vit,
602 4121 665 4168 ut
696 4115 751 4169 in
778 4114 992 4169 sudore
1012 4113 1208 4168 vultus
1233 4113 1400 4168 nobis
1425 4113 1613 4169 victus
1641 4114 1716 4168 sit
1742 4116 2036 4184 parandus
2062 4115 2123 4149 1⁸⁸

476 4201 620 4257 Hinc
643 4217 747 4274 ego
775 4202 971 4257 nudus
997 4205 1056 4257 et
1084 4201 1415 4269 indecorus,
1436 4206 1491 4256 et
1513 4203 1838 4258 nuditatem
1862 4203 2125 4287 cognovi,

476 4293 533 4344 et
564 4289 868 4361 pelliceam
901 4296 1119 4345 vestem
1169 4290 1354 4357 indui,
1387 4294 1443 4345 et
1482 4307 1510 4346 e
1541 4291 1814 4363 paradiso
1865 4293 2127 4363 dejectus

476 4394 631 4447 sum,
656 4383 834 4450 atque
882 4380 950 4434 ad
996 4385 1233 4449 terram,
1276 4396 1344 4434 ex
1393 4396 1511 4451 qua
1558 4385 1829 4452 sumptus
1878 4381 2123 4453 fueram,

476 4483 713 4522 aversus
737 4484 890 4535 sum,
916 4469 972 4523 id
998 4485 1181 4523 unum
1204 4466 1545 4523 deliciarum
1568 4468 1693 4524 loco
1717 4469 2125 4541 habens,quod

474 4553 839 4611 calamitates
872 4573 1032 4611 meas
1071 4556 1334 4627 cognitas
1373 4557 1619 4612 habeam
1654 4574 1666 4611 :
1701 4562 1757 4613 et
1787 4575 1890 4629 pro
1918 4559 2127 4631 exigua

475 4644 793 4715 voluptate,
829 4650 1106 4717 perpetuo
1156 4660 1400 4700 mmrore
1445 4646 1762 4702 damnatus
1795 4663 1961 4715 sum;
1996 4663 2125 4703 eam

474 4749 588 4804 que
620 4750 853 4806 peanam
899 4735 1111 4805 pendo,
1144 4738 1209 4789 ut
1250 4734 1393 4789 mihi
1426 4751 1558 4789 cum
1592 4750 1679 4805 eo,
1714 4734 1814 4808 qui
1868 4736 2017 4792 male
2066 4738 2126 4793 in

2315 3493 2410 3548 IA'.
2459 3493 2547 3554 Ὠς
2598 3489 2861 3547 ἀπόλοιτο
2909 3494 2943 3563 ἡ
2995 3491 3174 3563 κακία,
3222 3492 3312 3547 καὶ
3361 3495 3395 3562 ἠ
3445 3494 3636 3569 πρώτη
3685 3494 3897 3564 ταύτης

2238 3575 2542 3653 καταϐολὴ,
2590 3581 2678 3635 καὶ
2729 3581 2756 3635 ὁ
2798 3578 3146 3636 καθεύδουσιν
3193 3584 3329 3654 ἡμῖν
3364 3580 3680 3658 ἐπισπείρας
3712 3582 3779 3637 τὰ
3816 3588 3897 3651 ζι-

2242 3671 2389 3740 ζάνια
2441 3671 2709 3746 Πονηρὸς,
2751 3668 2825 3725 ἵν’
2871 3670 3019 3747 ἀρχὴ
3068 3675 3164 3726 τοῦ
3212 3675 3381 3726 κακοῦ
3411 3670 3627 3746 γένηται
3659 3672 3722 3725 τὸ
3752 3671 3893 3745 ἆμε-

2239 3758 2402 3829 λῆσαι
2451 3764 2548 3815 τοῦ
2594 3760 2817 3835 ἀγαθοῦ,
2871 3759 3050 3834 ὥσπερ
3100 3759 3188 3815 καὶ
3234 3760 3455 3821 σκότους
3497 3763 3534 3829 ἡ
3573 3765 3674 3814 τοῦ
3710 3764 3892 3836 φωτὸς

2241 3849 2617 3924 ὑποχώρησις.
2666 3853 2841 3904 Ταῦτα
2885 3849 2949 3904 τὸ
2993 3848 3174 3921 ξύλον,
3242 3849 3332 3903 καὶ
3378 3851 3412 3917 ἡ
3462 3850 3631 3923 πικρά
3676 3854 3889 3922 γεῦσις,

2237 3937 2324 3990 καὶ
2369 3938 2396 3990 ὁ
2446 3935 2709 4011 βάσκανος
2765 3933 2908 4014 ὄφις,
2958 3937 3046 3991 καὶ
3104 3940 3138 4006 ἡ
3182 3938 3429 4011 παρακοὴ
3462 3938 3513 3992 ἐν
3548 3934 3738 4008 ἱδρῶτι
3792 3943 3892 3992 τοῦ

2236 4027 2535 4100 προσώπου
2603 4030 2695 4100 ζῇν
2759 4025 3138 4102 κατακρίνασα.
3205 4027 3468 4081 Ἐντεῦθεν
3517 4027 3727 4102 γυμνὸς
3786 4027 3893 4103 ἐγὼ

2234 4116 2321 4169 καὶ
2352 4116 2645 4191 ἀσχήμων,
2695 4116 2785 4170 καὶ
2834 4116 2931 4185 τὴν
2980 4115 3254 4191 γύμνωσιν
3304 4112 3495 4191 ἔγνων,
3524 4114 3613 4169 xui
3647 4117 3743 4170 τὸν
3774 4114 3893 4191 δερ-

2240 4204 2458 4278 μάτινον
2519 4208 2728 4279 χιτῶνα
2784 4203 3170 4281 ἠμφιασάμην,
3229 4205 3320 4258 καὶ
3377 4208 3474 4258 τοῦ
3549 4202 3887 4275 παραδείσου

2236 4290 2478 4348 διέπεσον
2530 4296 2663 4366 (30),
2713 4293 2800 4348 vui
2842 4292 2918 4356 εἷς
2947 4293 3046 4362 τὴν
3076 4300 3179 4369 γῆν
3208 4293 3576 4370 ἁπεστραφην,
3609 4293 3735 4348 ὅθεν
3766 4294 3896 4364 EM-

2236 4383 2395 4457 φθην,
2425 4378 2480 4437 ἵν
2524 4386 2689 4437 τοῦτο
2736 4382 2852 4437 ἀντὶ
2894 4388 3105 4461 τρυφῆς
3154 4378 3318 4457 ἔχων,
3348 4383 3415 4437 τὰ
3444 4381 3691 4454 ἐμαυτοῦ
3722 4384 3891 4458 γινώ-

2234 4491 2376 4526 σκειν
2433 4472 2572 4526 κακά
2598 4489 2611 4501 '
2670 4470 2762 4526 xui
2821 4468 3001 4542 λύπην
3054 4470 3372 4545 κατεκρίθην
3438 4469 3721 4525 ἄπαυστον

2232 4562 2332 4627 τῆς
2366 4565 2562 4637 μικρᾶς
2593 4562 2707 4634 (31)
2738 4556 2968 4630 ἡδονῆς,
2998 4560 3089 4615 xui
3120 4557 3363 4633 πόλεμον
3392 4559 3529 4636 πρὸς
3562 4560 3659 4614 τὸν
3712 4578 3892 4637 φιλιω-

2236 4647 2388 4713 θᾶντα
2434 4652 2637 4720 κακῶς,
2695 4650 2785 4704 καὶ
2842 4646 2931 4705 διὰ
3001 4656 3101 4720 τῆς
3162 4648 3397 4724 γεύσεως
3476 4648 3890 4705 ὑποσπάσαντι.

2233 4741 2410 4792 Ταῦτα
2460 4744 2561 4807 τῆς
2616 4737 2807 4802 κακίας
2864 4735 2987 4813 ἰμοί
3040 4738 3107 4792 τὰ
3163 4736 3452 4813 ἐπίχειρα*
3528 4736 3773 4793 ἐντεῦθεν
3824 4736 3889 4791 τὸ

545 4876 587 4911 ¹³
614 4875 818 4933 Matth.
848 4893 986 4945 xvn,
1016 4878 1106 4933 26.
1183 4877 1226 4911 ¹⁴
1254 4877 1510 4950 Philipp.
1544 4896 1605 4949 ιι,
1635 4878 1690 4936 7.
1771 4879 1814 4915 ίδ
1845 4880 1957 4936 Isa.
1990 4896 2109 4949 LIII,

2275 4882 2318 4917 ¹⁶
2350 4882 2484 4938 Luc.
2518 4898 2595 4953 γι,
2626 4881 2717 4936 38.
2793 4881 2834 4915 ¹⁷
2864 4881 3071 4938 Matth.
3099 4899 3222 4951 xm,
3251 4883 3338 4936 25.
3420 4881 3462 4917 1⁸
3492 4885 3644 4939 Gen.
3678 4899 3763 4951 ιιι,
3801 4882 3890 4937 19.

689 5022 1046 5105 [ςαταιδίῑσιειεἶ
1080 5027 1281 5083 Plures
1305 5028 1503 5105 ‘Begg.
1539 5034 1597 5085 et
1640 5029 1816 5086 Coisl.
1852 5031 1904 5100 1,
1935 5050 2119 5087 καται-

2244 5032 2398 5105 Mdu;
2429 5033 2584 5104 ἡμῖν,
2616 5028 2704 5105 xui
2754 5029 3023 5105 ὁμότιμος
3064 5029 3377 5105 γενόμενος,
3404 5028 3492 5085 1ἵνα
3541 5035 3718 5086 ταῦτα
3766 5029 3887 5085 δυσ-

543 5023 653 5096 (25)
689 5023 1045 5081 Καταιδέσειε.
1080 5027 1281 5083 Plures
1329 5028 1461 5102 Reg;

474 5090 529 5150 δέ
607 5140 617 5151 .
654 5097 897 5153 Plurimi
931 5098 1115 5167 C01b.,
1141 5096 1366 5169 καταιδή
1448 5141 1461 5153 .

535 5114 654 5220 Et”
703 5167 1031 5220 ’AvsBéFuto.
1092 5172 1349 5220 Quatuor
1378 5120 1461 5220 alii

474 5120 617 5220 0‘03.
654 5120 897 5153 r’lurlml
931 5120 1115 5167 υοιυ.,
1141 5120 1461 5225 καταιοησγγ,

474 5168 654 5291 “is?
703 5167 1031 5239 ’Λνίδέξατοο
1092 5172 1349 5236 Quatuor
1455 5187 1581 5243 egg.
1643 5175 1700 5225 et
1756 5170 1849 5225 Or.
1911 5173 1976 5235 1,
2030 5173 2119 5228 ἀν-

540 5258 654 5293 αοε.

540 5312 656 5383 (27)
706 5308 1095 5387 Εἲσήνεγκενφ
1142 5312 1204 5365 τὸ
1255 5310 1546 5387 ὁμότιμον.
1580 5310 1754 5387 Cois].
1788 5313 1842 5381 3,
1868 5312 1950 5387 Ᾱτὸ
1983 5314 2118 5387 ὁμό-

470 5376 689 5459 δωρον,
721 5405 749 5433 ‹‹
801 5376 1099 5459 servitutis
1156 5376 1631 5459 aequalitatem.»
1679 5376 2121 5459 Ηφοξῦτοεὸιίί

466 5453 643 5525 verba
674 5472 786 5508 non
819 5456 968 5510 male
1016 5453 1432 5525 interpretatur
1472 5454 1703 5509 Nicetas
1735 5455 1803 5510 de
1841 5453 2116 5517 hum'anis

468 5524 791 5594 affectibus,
818 5542 963 5596 quos
999 5524 1188 5579 induit
1208 5527 1494 5596 Christus,
1522 5532 1781 5582 nostram
1804 5544 2115 5588 assumens

470 5599 764 5673 naturam,
808 5598 1089 5673 nobisque
1135 5614 1237 5673 per
1283 5597 1500 5673 omnia,
1535 5604 1742 5673 praeter
1788 5606 2113 5673 peccatum,

469 5665 662 5722 factus
692 5666 906 5723 similis
940 5685 953 5723 :
987 5666 1085 5720 Διὰ
1111 5665 1272 5724 τοῦτο
1311 5665 1861 5746 γίγονενᾞνθρωπός,
1896 5665 2115 5747 συμπαιί

2232 5101 2544 5177 ωπούμενοι
2601 5101 3207 5177 φιλανθρωπευώμεθαί
3240 5128 3268 5153 ‹‹
3325 5105 3643 5175 Propterea
3705 5106 3889 5160 factus

2232 5182 2319 5229 est
2350 5178 2546 5229 homo.
2580 5175 2820 5229 affectus
2851 5181 3084 5229 nostros
3115 5176 3171 5229 in
3207 5194 3268 5229 se
3298 5177 3611 5229 recipiens.
3652 5176 3889 5229 nsi-inde

2231 5182 2319 5234 est
2350 5176 2546 5242 humo,
2580 5176 2820 5229 ali‘ectus
2851 5181 3084 5231 nostros
3115 5176 3171 5231 in
3207 5194 3268 5232 se
3298 5177 3611 5248 recipiens,
3692 5176 3891 5231 erinde

2231 5266 2298 5305 ac
2330 5267 2436 5335 nos
2468 5245 2639 5303 malis
2683 5246 2989 5314 obnoxius,
3024 5252 3088 5303 ut
3118 5265 3225 5304 nos
3254 5250 3475 5321 pudore
3524 5194 3752 5321 partem
3781 5249 3888 5302 hu-

2229 5334 2524 5378 maniores
2551 5334 2839 5375 οεεοιιιιιο.
2866 5339 2897 5369 ››

2318 5394 2409 5452 28)
2438 5394 2561 5452 Τοῖς
2594 5386 2674 5445 δέ,
2706 5390 2802 5446 Or.
2838 5390 2889 5452 1,
2919 5387 3046 5452 τοὺς
3078 5385 3155 5448 δι.

2318 5431 2408 5519 ξδς
2438 5431 2559 5519 illi?
2580 5431 3033 5519 ﬁé’esi't‘in‘baié;

2320 5531 2409 5603 30)
2439 5531 2712 5591 Διᾶπεσον.
2747 5533 2972 5602 Comb.,
3004 5531 3270 5603 ἐξιπεσον.

2317 5604 2407 5681 31)
2436 5610 2669 5683 Μικρᾶς.
2701 5604 2856 5664 Colb.
2893 5606 2945 5675 1,
2976 5611 3199 5682 πικρᾶς,
3234 5627 3263 5658 ιι
3293 5606 3523 5664 acerba.
3553 5629 3581 5655 η

2295 5396 2315 5680 ἓ

2388 5394 2409 5681 ἒ
