4138 6212
314 324 465 387 1061

796 323 1086 384 ORATIO
1131 320 1290 382 XIX.
1324 352 1403 368 —
1438 322 1543 382 AD
1587 319 1987 382 JULIANUM
2036 316 2559 381 TRIBUTORUM
2606 317 3245 388 EXIEQUATOREM.

3572 322 3728 385 1062

313 454 586 533 γεννᾶσθαι
644 453 757 525 (32)
814 451 1032 527 μόχθῳ,
1080 450 1169 505 καὶ
1217 455 1334 524 ζῇν,
1382 449 1473 505 καί
1523 450 1762 507 λύεσθαι.
1808 448 1956 518 Αὕτη

2087 466 2272 505 meam
2320 450 2639 506 amicitiam
2688 449 2941 520 irrepsit,
2969 468 3035 506 ac
3065 468 3168 522 per
3213 454 3439 509 arboris
3486 459 3728 527 gustum

320 547 506 619 μήτηρ
537 540 752 617 χρείας,
785 543 818 609 ἡ
852 539 909 595 δὲ
933 538 1267 612 πλεονεξίας,
1301 543 1335 608 ἡ
1370 538 1427 594 δὲ
1464 538 1744 612 πολέμων,
1795 538 1960 593 πόλε-

322 655 415 708 μοι
448 631 505 687 δὲ
536 630 717 708 φόρων
744 632 859 699 (33)
889 628 1136 706 πατέρες,
1171 630 1224 683 οἱ
1255 627 1313 683 δὶ
1350 636 1450 698 τῆς
1497 629 1860 703 κατακρίσεως
1904 628 1966 680 τὸ

324 722 644 799 βαρύτατον.
698 717 855 773 Ἀλλ’
900 721 1065 791 ἡμεῖς
1112 738 1175 793 γε
1228 720 1302 789 μὴ
1350 718 1412 771 τὸ
1444 718 1743 791 πρόστιμον
1776 715 1970 770 ἐπιτεί-

323 831 525 884 νωμεν,
560 810 662 863 ὑπὸ
686 810 785 876 τήν
827 806 991 875 αυτὴν
1024 807 1263 879 κείμενοι
1310 804 1626 875 καταδίκην,
1684 802 1821 877 μηδὲ
1872 804 1968 858 ἄλ-

326 900 446 961 λοις
488 898 646 953 κακοὶ
701 897 1001 971 γενώμεθα.
1071 894 1490 970 Φιλανίδρωπίαν
1544 897 1691 966 ἡμᾶς
1743 896 1842 961 τὴν
1893 894 1969 954 εἷς

323 987 611 1059 ἀλλήλους
669 987 884 1040 ἀπαιτεῖ
941 985 1091 1054 Θεὸς,
1167 984 1261 1039 κᾶν
1342 984 1429 1038 ὑπ’
1496 982 1660 1037 αὐτοῦ
1728 982 1972 1051 κολαζώ-

329 1080 424 1153 μεθ
432 1099 480 1132 α.

2075 540 2133 593 in
2169 539 2432 594 fraudem
2467 555 2559 593 me
2590 539 2837 608 induxit,
2872 539 3089 595 bellum
3134 557 3333 611 gerere
3364 543 3442 597 sit
3473 560 3728 601 necesse.

2079 629 2195 682 Hoc
2234 627 2379 682 mihi
2430 628 2645 698 peccati
2701 629 3025 697 praemium.
3062 628 3207 684 Hinc
3258 632 3475 686 factum
3529 639 3635 699 est,
3669 639 3736 689 ut

2080 718 2137 771 in
2170 716 2366 772 labore
2397 721 2453 771 et
2497 733 2758 771 aerumna
2804 733 3032 786 nascar,
3067 724 3124 773 et
3153 719 3365 785 vivam,
3399 737 3463 775 ac
3496 724 3732 777 moriar.

2078 806 2225 860 Hinc
2257 806 2581 876 indigentia
2628 810 2763 859 nata
2794 811 2908 869 est;
2943 822 3010 861 ex
3050 806 3373 879 indigentia
3420 811 3731 881 cupiditas,

2080 910 2147 949 ex
2181 894 2501 965 cupiditate
2532 893 2704 958 bella,
2737 911 2805 949 ex
2847 894 3010 950 hellis
3040 913 3210 967 porro
3240 898 3481 967 tributa,
3517 900 3734 970 quibus

2078 983 2139 1038 in
2171 983 2368 1038 divina
2397 983 2881 1038 condemnatione
2914 984 3057 1039 nihil
3090 986 3322 1057 gravius
3353 992 3441 1043 est
3470 993 3523 1044 et
3568 1005 3734 1045 acer-

2083 1073 2235 1127 bius.
2268 1073 2341 1126 At
2386 1088 2491 1126 nos
2540 1072 2771 1140 saltem,
2804 1089 2876 1127 ne
2926 1072 3172 1128 multam
3223 1092 3564 1149 augeamus,
3599 1094 3733 1135 cum

323 1170 513 1227 eidem
542 1183 723 1239 pmnaa
754 1164 988 1221 obnoxii
1018 1164 1225 1233 simus,
1260 1179 1365 1218 nec
1399 1160 1550 1217 male
1581 1178 1714 1216 cum
1760 1161 1891 1218 aliis
1923 1177 2190 1234 agamus.
2226 1162 2489 1216 Mutuam
2523 1176 2661 1232 erga
2710 1177 2816 1216 nos
2866 1162 3025 1232 ipsos
3072 1162 3488 1234 benignitatem
3523 1168 3673 1224 Deus
3703 1185 3736 1224 a

323 1257 495 1314 nobis
523 1254 805 1327 eXposcit,
837 1253 1067 1309 etiamsi
1100 1254 1171 1308 ab
1202 1252 1329 1323 ipso
1362 1251 1698 1323 puniamur.

395 1349 491 1400 ιε’.
525 1343 713 1399 Ἔσται
744 1339 833 1395 καὶ
883 1337 1029 1409 ἄλλη
1078 1360 1162 1400 τις
1213 1339 1477 1415 ἐγγραφὴ,
1508 1338 1597 1392 καὶ
1630 1336 1802 1399 ἄλλος
1834 1337 1967 1391 ἀπο-

318 1430 549 1510 γραφεύς
576 1450 587 1463 ·
637 1426 689 1485 εἷ’
728 1448 846 1483 τινα
897 1424 1088 1503 βίϐλον
1137 1428 1349 1496 ζώντων
1386 1428 1622 1495 ἀκούεις,
1652 1426 1742 1480 καὶ
1779 1422 1971 1501 βίϐλον

323 1521 385 1576 οὐ
449 1518 792 1591 σωζομένων.
854 1518 999 1572 Ἐκεῖ
1047 1515 1236 1578 πάντες
1296 1515 1771 1593 ἐγγραφησόμεϐα,
1828 1514 1969 1587 μᾶλ-

326 1609 422 1665 λον
470 1606 527 1662 δὲ
572 1604 682 1675 ἤδη
733 1607 1086 1682 γεγράμμεθα
1132 1606 1247 1659 κατ’
1302 1604 1445 1677 ἀξίαν
1494 1609 1599 1658 τῶν
1633 1602 1853 1658 ἐνταῦθα
1888 1605 1971 1678 βε-

2152 1338 2269 1393 XV.
2320 1338 2442 1393 Erit
2490 1337 2605 1392 alia
2656 1354 2890 1409 quoque
2938 1339 3273 1410 descriptio,
3308 1346 3365 1395 et
3414 1343 3737 1415 descriptor

2081 1427 2233 1483 alius
2262 1446 2276 1481 :
2303 1429 2418 1482 nisi
2446 1430 2591 1483 forte
2614 1430 2683 1482 de
2707 1428 2961 1497 quodam
2985 1429 3301 1483 viventium
3334 1432 3736 1501 pereuntium-

2081 1532 2193 1586 que
2221 1516 2370 1571 libro
2404 1515 2551 1570 nihil
2575 1532 2835 1586 unquam
2870 1515 3108 1572 audisti.
3134 1516 3257 1572 lllic
3286 1534 3490 1574 omnes
3522 1520 3736 1575 inscri-

2082 1607 2308 1672 bemur,
2332 1605 2442 1675 vel,
2471 1609 2535 1659 ut
2566 1605 2782 1659 rectius
2813 1604 3170 1676 dicam,jam
3205 1606 3472 1679 inscripti
3503 1625 3736 1678 sumus,

325 1693 607 1770 ϐιωμένων
668 1697 775 1767 (34)
823 1694 1068 1756 ἕκαστος.
1119 1693 1191 1747 Οὐ
1248 1693 1489 1755 πλοῦτος
1536 1692 1651 1768 ἔχει
1702 1694 1763 1747 τὸ
1803 1691 1969 1746 πλέον

2087 1710 2183 1766 pro
2232 1694 2438 1749 merito
2479 1710 2593 1763 quo
2641 1693 2893 1765 quisque
2941 1694 3032 1749 hic
3083 1696 3261 1749 vitam
3313 1698 3579 1752 confecit.
3614 1698 3739 1753 Illic

328 1786 457 1853 ἐκεῖ,
503 1784 564 1839 οῦ
612 1783 764 1838 πενία
809 1784 870 1838 τὸ
916 1780 1159 1855 ἔλαττον,
1211 1782 1271 1837 οὐ
1300 1784 1486 1857 χάρις,
1528 1783 1626 1837 οὐκ
1656 1781 1843 1857 ἔχθρα,
1879 1782 1976 1835 οὐκ

329 1872 475 1929 ἄλλο
516 1894 567 1928 τι
615 1877 721 1927 τῶν
770 1872 1036 1941 ἁπάντων,
1084 1873 1165 1933 οἷς
1217 1870 1442 1933 ἐνταῦθα
1490 1871 1551 1925 τὸ
1584 1868 1787 1925 δίκαιον
1847 1871 1974 1925 κλέ-

328 1984 538 2019 πτεται.
568 1960 829 2034 Δακτύλῳ
868 1966 1001 2016 Θεοῦ
1044 1962 1237 2021 πάντες
1278 1959 1649 2036 γεγράμμεθα,
1693 1960 1781 2013 καὶ
1834 1960 1977 2014 ἀνοι-

329 2054 555 2127 γήσεται
581 2053 717 2123 ἡμῖν
756 2045 953 2126 βίϐλος
986 2048 1036 2104 έν
1079 2050 1261 2124 ἡμέρᾳ
1308 2046 1726 2121 ἀποκαλύψεως.
1768 2049 1977 2122 Μικρὸς

332 2142 426 2213 μὲν
456 2139 547 2194 καὶ
578 2138 739 2214 μέγας
773 2139 882 2193 ἐκεῖ
926 2138 1057 2207 ἐστι,
1107 2138 1197 2192 καὶ
1246 2139 1491 2213 Θεράπων
1537 2138 1676 2209 ὁμοῦ
1725 2135 1974 2210 δεσπότῃ,

325 2231 387 2285 τὸ
439 2227 803 2301 Σολομῶντος
853 2228 1153 2305 φθέγξομαι
1202 2230 1336 2299 (35),
1387 2224 1476 2281 καί
1530 2224 1783 2301 βασιλεὺς
1813 2225 1978 2300 ἀρχο-

330 2318 494 2391 μένῳ,
552 2317 643 2371 καὶ
702 2315 1049 2394 ἀπογραφεὺς
1107 2318 1219 2390 (36)
1278 2314 1743 2393 ἀπογραφομένῳ,
1795 2314 1884 2368 καὶ
1936 2316 1970 2367 ’ὃ

327 2405 650 2482 λαμπρότης
700 2404 941 2479 ἐγγύθεν.
994 2404 1091 2459 Καὶ
1141 2405 1205 2458 τὸ
1254 2401 1539 2481 δύσφημον
1582 2405 1972 2475 σιωπήσομαι·

323 2495 469 2564 πλὴν
495 2496 585 2549 οἷα
614 2494 917 2571 γράφομεν,
971 2497 1196 2548 τοιαῦτα
1248 2492 1337 2547 καὶ
1387 2492 1795 2572 γραφησόμεθα.
1841 2491 1977 2545 Ταύ-

323 2605 422 2654 την
455 2582 687 2653 ποίησον
723 2587 929 2654 σεαυτῷ
955 2583 1055 2651 τὴν
1101 2582 1378 2660 ἐγγραφὴν
1411 2582 1807 2657 χρηστοτέραν,
1838 2583 1973 2654 ἡμῖν

327 2671 506 2747 φανεὶς
533 2672 774 2747 χρηστὸς
807 2672 894 2726 καὶ
926 2670 1335 2747 φιλάνθρωπος.

2087 1800 2201 1837 non
2234 1782 2461 1838 meliori
2509 1782 2846 1838 conditione
2895 1787 3033 1837 sunt
3064 1783 3296 1855 divitiae,
3333 1802 3437 1840 nec
3467 1786 3739 1842 deteriori

2087 1877 2422 1943 paupertas,
2474 1889 2587 1926 non
2646 1872 2851 1943 gratia,
2902 1890 3014 1927 non
3057 1872 3279 1941 odium,
3313 1892 3427 1930 non
3486 1876 3739 1947 denique

2086 1961 2201 2016 alia
2230 1962 2429 2015 omnia
2473 1960 2687 2031 quibus
2724 1960 3081 2031 judiciorum
3116 1963 3262 2016 ﬁdes
3294 1980 3359 2017 ac
3393 1962 3596 2035 religio
3646 1964 3740 2020 hic

2087 2050 2411 2119 subripitur
2441 2055 2496 2105 et
2526 2049 2927 2105 labefactatur.
2949 2049 3163 2104 Omnes
3189 2050 3280 2107 Dei
3315 2052 3500 2123 digito
3522 2054 3739 2109 descri-

2088 2138 2171 2209 pti
2203 2154 2432 2205 sumus,
2466 2138 2755 2208 nobisque
2786 2138 2844 2191 in
2890 2138 3263 2194 revelationis
3294 2140 3387 2195 die
3429 2141 3576 2196 liber
3605 2159 3739 2214 ape-

2088 2227 2287 2281 rietur.
2324 2226 2446 2280 Illic
2497 2242 2711 2297 parvus
2756 2230 2813 2281 et
2860 2242 3111 2297 magnus
3142 2233 3250 2294 est,
3285 2234 3343 2283 et
3370 2246 3575 2286 servus
3624 2248 3743 2286 una

2087 2331 2221 2369 cum
2268 2314 2408 2369 hero
2435 2315 2498 2380 '9,
2524 2319 2587 2369 ut
2630 2318 2718 2370 est
2760 2315 2915 2385 apud
2950 2314 3321 2371 Salomonem
3346 2317 3521 2388 [Joh],
3555 2322 3615 2374 et
3643 2336 3742 2374 rex

2087 2420 2205 2459 una
2234 2419 2367 2458 cum
2400 2403 2657 2470 subdito,
2681 2407 2737 2458 et
2762 2404 3088 2476 descriptor
3113 2420 3230 2460 una
3248 2421 3381 2462 cum
3412 2407 3737 2478 proﬁtente,

2086 2496 2143 2549 et
2172 2492 2448 2564 splendor
2476 2492 2534 2546 in
2568 2493 2930 2564 propinquo;
2965 2510 3099 2548 nam
3133 2495 3285 2564 quod
3318 2495 3473 2550 dictu
3507 2496 3740 2551 omino-

2088 2598 2221 2639 sum
2271 2585 2379 2648 est,
2414 2579 2645 2636 silentio
2705 2580 3028 2652 praeteribo.
3061 2582 3346 2638 Caeterum
3398 2600 3513 2656 quo
3568 2586 3739 2640 modo

2087 2670 2233 2725 alios
2263 2669 2769 2741 descripserimus,
2802 2670 3007 2726 eodem
3037 2670 3150 2742 ipsi
3181 2688 3413 2744 quoque
3444 2674 3741 2729 describe-

332 2780 482 2820 mur.
521 2764 675 2818 Hanc
701 2762 1145 2834 inscriptionem
1178 2762 1227 2817 si
1257 2760 1487 2817 facilem
1517 2764 1574 2816 et
1603 2760 1973 2816 commodam
2004 2758 2249 2830 experiri
2280 2759 2467 2831 cupis,
2500 2760 2589 2814 fac
2618 2764 2674 2815 te
2706 2760 3079 2816 commodum
3112 2760 3280 2817 nobis
3319 2765 3376 2817 et
3414 2762 3736 2819 humanum

331 2851 610 2922 praebeas.

401 2937 493 3004 1ζ¹.
545 2933 606 2989 Τί
656 2935 794 3010 πρὸς
842 2938 1009 2988 ταῦτα
1054 2934 1275 3007 λέγεις;
1324 2933 1384 2987 Τί
1430 2933 1674 3011 γράφεις,
1728 2935 1773 2987 ὦ
1804 2932 1975 3009 φίλων

2161 2935 2303 2990 XVI.
2338 2935 2485 3000 Quid
2517 2936 2585 2990 ad
2618 2936 2738 2990 haec
2769 2935 2956 2992 dicis?
2985 2936 3132 3001 Quid
3164 2937 3393 3007 scribis,
3413 2939 3739 2995 amicorum

332 3024 514 3101 ἄριστε
568 3021 659 3078 καί
715 3021 926 3092 ἡλίκων
987 3024 1077 3077 καὶ
1134 3022 1434 3077 παιδευτῶν
1468 3026 1602 3095 ἡμῖν
1634 3024 1861 3077 κοινωνὲ
1890 3023 1979 3076 καὶ

329 3110 733 3185 παιδευμάτων,
784 3112 829 3165 εἷ
879 3112 968 3165 καὶ
1013 3115 1104 3165 νῦν
1155 3114 1301 3184 ἡμᾶς
1340 3111 1414 3172 εἷς
1443 3112 1541 3179 τήν
1573 3110 1800 3185 κρείττω
1854 3116 1975 3183 μοῖ-

328 3221 421 3275 ραν
484 3202 513 3255 ὁ
570 3200 699 3263 Θεὸς
752 3199 949 3273 ἔταξεν,
1014 3200 1155 3273 ὑμᾶς
1202 3204 1368 3255 ταῦτα
1425 3198 1695 3254 παιδεύειν
1752 3199 1878 3261 τοὺς
1929 3199 1979 3253 ἐν

324 3288 537 3361 ἐξουσίᾳ
587 3288 753 3363 (ὀκνῶ
810 3290 911 3365 γὰρ
959 3288 1125 3343 εἰπεῖν
1177 3290 1537 3364 βαρυτέραν);
1589 3290 1655 3342 Ὦ
1718 3286 1979 3365 πατρίδος

324 3374 583 3441 εὐσεϐοῦς
634 3378 748 3453 (37)
797 3376 887 3433 καί
930 3378 1142 3452 γένους,
1193 3378 1238 3431 ὦ
1270 3378 1473 3453 γονέων
1507 3379 1665 3453 ἱερῶν
1700 3378 1843 3453 ἱερὸν
1880 3400 1977 3455 φυ-

331 3469 445 3538 τὸν,
478 3468 522 3521 ὦ
571 3466 692 3544 ῥίζα
739 3466 938 3522 τέκνων
986 3464 1288 3541 ἱερωτέρων
1336 3468 1470 3539 (38),
1502 3471 1618 3528 πῶς
1648 3487 1784 3520 ποτε
1841 3466 1976 3520 ἀπο-

329 3554 465 3632 δέχῃ
509 3556 637 3619 τοὺς
680 3556 845 3629 ἂμοὺς
897 3556 1129 3632 Αόγους;
1163 3554 1301 3631 Ἀρά
1329 3576 1380 3609 τι
1412 3556 1692 3628 πείθομεν,
1726 3556 1759 3624 ἦ
1796 3553 1976 3626 δεήσει

325 3643 643 3715 κατεπᾴδειν
716 3645 1060 3721 μακρότερα;
1130 3649 1298 3699 Τοῦτο
1378 3646 1471 3717 μὲν
1551 3644 1651 3699 οὐκ
1728 3645 1976 3712 εἰκάζειν,

327 3732 455 3788 ἀλλ’
512 3731 567 3788 εὖ
616 3731 814 3788 εἰδέναι
861 3735 995 3810 χρὴ,
1046 3732 1131 3787 ὅτι
1177 3754 1235 3787 σε
1286 3734 1337 3787 o't
1388 3734 1514 3808 παρ’
1545 3732 1681 3804 ἐμοῦ
1713 3732 1866 3808 λόγοι
1919 3732 1979 3786 ἑκ

327 3822 581 3884 πλείονος
633 3820 875 3897 ἔχουσιν.
929 3822 1031 3879 Καὶ
1081 3824 1183 3897 γὰρ
1230 3821 1274 3875 εἰ
1330 3824 1404 3893 μή
1436 3843 1541 3876 τινι
1574 3819 1732 3893 ἄλλῳ
1765 3821 1979 3897 θαρρεῖν

328 3911 552 3986 εἴχομεν
584 3914 717 3985 (39),
769 3909 915 3965 ἀλλὰ
962 3916 1079 3971 τοῖς
1132 3913 1241 3983 (40)
1273 3906 1458 3986 λὸγοις
1488 3910 1694 3981 αὐτοῖς,
1728 3908 1778 3963 ο⁹ί
1811 3931 1867 3963 σε
1897 3910 1977 3964 ἀεὶ

330 4001 466 4076 πρὸς
519 4000 586 4054 τὰ
642 3998 784 4054 καλά
826 3997 1024 4074 ῥᾳδίως
1058 3997 1297 4073 ἄγουσιν,
1329 4000 1363 4067 ἢ
1393 3998 1722 4073 ἀρχόμενον,
1782 3998 1815 4067 ἥ
1851 3998 1977 4052 ἐπό-

330 4110 488 4162 μενον
516 4108 529 4121 ·
557 4093 715 4143 τοῦτο
764 4090 868 4164 γάρ
916 4088 1079 4158 ἐστιν,
1111 4089 1155 4159 ᾧ
1185 4093 1291 4142 τῶν
1325 4087 1551 4143 πολλῶν
1587 4089 1637 4141 οἱ
1669 4087 1824 4165 σοφοὶ
1864 4084 1980 4141 δια-

330 4178 601 4255 φέρουσιν.
665 4178 801 4251 Ἐγὼ
845 4174 903 4231 δὲ
966 4176 1155 4251 μικρὸν
1212 4174 1292 4230 ἔτι
1349 4178 1644 4251 προσθήσω
1682 4182 1797 4237 τοῖς
1831 4176 1981 4249 εἰρη-

331 4266 515 4339 μένοις
538 4286 549 4297 ·
581 4264 643 4319 σὺ
679 4266 772 4339 μὶν
806 4262 1011 4327 ἔδωκας
1047 4266 1236 4337 μισθὸν
1280 4269 1397 4327 τοῖς
1422 4265 1599 4337 έμοῖς,
1656 4263 1859 4341 λόγοις,
1895 4264 1975 4319 ὅν-

324 4375 445 4409 τινα
494 4351 730 4416 δέδωκας
759 4374 770 4387 ·
826 4354 877 4408 οἱ
928 4351 985 4408 δέ
1034 4375 1115 4407 σοι
1152 4350 1358 4407 διδόασι
1389 4354 1479 4407 καὶ
1510 4355 1843 4428 προσάγουσι
1876 4355 1971 4408 πέ-

322 4463 512 4513 νητας,
560 4444 730 4497 πάντα
779 4442 947 4518 χορὸν
984 4443 1195 4517 ἱερέων,
1229 4442 1397 4518 χορὸν
1430 4440 1766 4520 φιλοσόφων,
1800 4440 1974 4498 οὐδενὶ

325 4528 515 4605 δεσμῷ
570 4531 717 4587 κάτω
772 4531 1180 4607 κατεχομένων,
1235 4530 1372 4603 μόνα
1402 4531 1746 4603 κεκτημένων
1780 4531 1844 4585 τὰ
1874 4534 1979 4586 σώ-

330 4641 496 4693 ματα,
530 4620 617 4676 καὶ
650 4618 763 4676 οὐδ’
794 4620 928 4675 αὖτὰ
964 4619 1241 4681 παντελῶς
1273 4638 1284 4651 ·
1342 4617 1495 4673 οὐδὲν
1551 4618 1787 4695 ἑχόντων
1850 4621 1978 4676 Καί-

328 4729 479 4785 σαρι,
506 4708 679 4764 πάντα
708 4713 844 4781 Θεῷ,
896 4707 1122 4783 ὕμνους,
1167 4706 1350 4782 εὐχὰς,
1381 4706 1699 4783 ἀγρυπνίας,
1751 4706 1975 4785 δάκρυα,

405 4854 451 4890 ¹⁹
476 4853 607 4911 Job.
640 4870 727 4922 ιιι,
762 4854 849 4911 19.

406 4996 512 5065 (32)
571 4998 843 5053 Ἐντεῦθεν
908 4996 970 5050 τὸ
1036 5000 1340 5070 γεννᾶσθαι,
1409 4999 1517 5070 (δίοῘ
1587 4996 1681 5051 Sic
1725 4999 1985 5070 exponit

332 5068 564 5143 Nicetes
622 5087 635 5123 :
697 5066 1341 5143 ’ἌνθριυπρςᾼῄεννδιταιΔ
1378 5066 1595 5143 μόχίὶῳ,
1650 5067 1739 5120 καὶ
1801 5066 1864 5141 ζῇ
1934 5069 1984 5122 ἐν

332 5135 483 5264 Istum
506 5158 518 5170 -
552 5164 579 5191 «
611 5145 797 5197 Homo
835 5135 907 5196 'in
958 5135 1153 5197 labore
1185 5135 1557 5206 nasciturfin'
1586 5135 1853 5197 aerumna
1902 5143 1985 5196 vi-

332 5228 387 5264 v1
425 5251 437 5264 .
464 5232 493 5259 »

329 5228 437 5266 νη.
464 5232 493 5259 ὶ)

409 5280 763 5357 (33))ξρρων.
799 5284 970 5341 Coisl.
1026 5285 1077 5348 1,
1126 5288 1183 5336 et
1230 5281 1323 5337 Or.
1377 5282 1429 5348 1,
1481 5280 1678 5357 φόνων,
1712 5304 1739 5332 ‹‹
1776 5284 1981 5353 caedes,

330 5353 670 5409 homicidia.
698 5378 727 5405 )›

402 5425 514 5496 (34)
562 5429 677 5477 Τῶν
737 5424 962 5488 ἐνταῦθα
1021 5417 1395 5498 βεϐιωμένων.
1455 5422 1547 5498 Sic
1605 5425 1775 5498 Coisl.
1838 5428 1984 5498 1__et

327 5494 479 5569 .[e§.,
502 5498 656 5569 quod
688 5500 864 5553 etiam
895 5494 1239 5555 Combefisio
1270 5494 1476 5566 placet.
1502 5496 1565 5550 In
1594 5497 1709 5564 ed.,
1734 5501 1839 5551 τῶν
1871 5495 1978 5568 ἤδη

334 5560 749 5644 βιβέξῴμένφνο

403 5640 519 5714 (35)
554 5636 952 5715 ’Σολομῶντος
1030 5636 1346 5717 γθίγξομαι.
1424 5636 1610 5711 Pass.,
1676 5644 1977 5722 προσφθέγ-

2089 3029 2145 3079 et
2185 3024 2494 3095 aequalium
2547 3026 2784 3095 optime,
2820 3030 2994 3094 atque
3040 3025 3245 3081 iisdem
3298 3027 3603 3081 nobiscum
3636 3044 3741 3084 use

2090 3113 2389 3184 magistris
2411 3118 2470 3167 et
2489 3112 2861 3184 disciplinis?
2890 3114 3148 3168 Tametsi
3174 3131 3327 3169 nunc
3352 3116 3741 3186 praestantiori

2090 3203 2272 3275 gradu
2306 3206 2483 3273 atque
2514 3202 2717 3257 ordine
2744 3206 2967 3269 (vereor
3004 3203 3160 3257 enim
3206 3204 3416 3274 dicere,
3445 3205 3740 3277 graviori),

2089 3308 2193 3346 nos
2227 3291 2378 3345 Deus
2410 3289 2730 3359 collocarit,
2754 3295 2821 3345 ut
2850 3307 2973 3359 vos,
2998 3291 3097 3361 qui
3144 3292 3556 3364 magistratum
3591 3293 3743 3366 geri-

2086 3380 2182 3449 tis,
2217 3379 2333 3434 ista
2363 3379 2699 3434 doceamus.
2734 3382 2774 3430 Ο
2820 3387 2902 3446 tu,
2932 3380 3031 3451 qui
3073 3378 3169 3451 pia
3212 3381 3403 3452 patria
3433 3384 3490 3437 et
3524 3381 3746 3438 familia

2089 3473 2253 3523 ortus
2285 3484 2366 3533 es,
2401 3485 2432 3523 o
2465 3471 2671 3523 sancta
2710 3471 3049 3523 sanctorum
3096 3472 3407 3541 parentum
3458 3469 3678 3542 planta,
3711 3487 3744 3525 ο

2087 3557 2447 3613 sanctiorum
2478 3556 2797 3612 liberorum
2842 3557 3042 3612 radix!
3076 3558 3197 3622 Quo
3236 3564 3401 3629 pacto
3434 3576 3591 3613 nunc
3622 3576 3741 3614 ser-

2088 3663 2291 3701 mones
2325 3663 2486 3700 meos
2510 3647 2664 3700 374
2686 3646 2902 3718 excipis
2920 3646 2948 3700 ‘I
2979 3646 3252 3717 Nunquid
3278 3651 3332 3702 te
3355 3646 3633 3702 ﬂectunt?
3658 3648 3742 3701 An

2088 3734 2337 3806 longiori
2369 3734 2635 3789 oratione
2666 3734 2809 3789 mihi
2843 3734 3217 3790 deliniendus
3248 3752 3313 3789 ac
3344 3735 3505 3789 velut
3542 3736 3743 3788 incan-

2086 3824 2302 3878 tandus
2333 3823 2493 3878 eris?
2536 3823 2819 3893 Equidem
2852 3828 2906 3877 te
2932 3824 3157 3891 jamdiu
3190 3823 3567 3877 sermonibus
3599 3821 3747 3877 meis

2089 3917 2422 3983 correptum
2482 3911 2687 3977 teneri,
2724 3927 2837 3965 non
2895 3912 3235 3983 conjectura
3282 3912 3537 3982 quadam
3588 3927 3745 3965 asse-

2089 4018 2255 4073 quor,
2282 4001 2381 4056 sed
2414 4004 2633 4055 certum
2666 4005 2723 4054 et
2752 3999 3116 4071 exploratum
3149 3999 3371 4066 habeo;
3408 4000 3591 4055 fretus
3623 4000 3746 4070 qui-

2090 4091 2244 4157 dem,
2278 4092 2327 4146 si
2360 4089 2522 4145 nulla
2553 4089 2667 4144 alia
2710 4107 2791 4157 re,
2825 4088 3036 4145 litteris
3067 4094 3220 4145 certe
3260 4090 3405 4161 ipsis
3435 4095 3493 4145 et
3524 4090 3743 4144 doctri-

2093 4196 2186 4245 na,
2210 4197 2332 4250 qua
2357 4184 2414 4234 te
2447 4177 2611 4233 facile
2643 4194 2873 4250 semper
2905 4179 2975 4232 ad
3020 4179 3244 4249 optima
3274 4194 3520 4251 quaeque
3560 4179 3741 4247 ducit,

2092 4267 2177 4323 vel
2210 4272 2310 4322 tua
2340 4267 2527 4338 ipsius
2555 4271 2761 4337 sponte
2791 4266 3179 4333 incedentem,
3204 4267 3292 4323 vel
3324 4266 3469 4323 alios
3500 4282 3747 4338 sequen-

2093 4362 2231 4412 tem.
2261 4356 2377 4411 Hoc
2407 4354 2562 4410 enim
2595 4359 2704 4423 est,
2730 4372 2844 4426 quo
2873 4356 3170 4425 sapientes
3201 4355 3409 4429 vulgus
3442 4359 3742 4428 superant.

2087 4446 2203 4517 Ego
2235 4461 2366 4500 vero
2399 4442 2665 4499 nonnihil
2707 4443 2882 4499 etiam
2915 4444 2985 4499 ad
3016 4461 3103 4511 sa,
3139 4461 3270 4515 quae
3313 4446 3439 4515 jam
3471 4444 3609 4515 dixi,
3641 4445 3743 4499 ad-

2080 4533 2304 4604 jiciam.
2332 4533 2418 4587 Tu
2443 4531 2680 4603 quidem
2708 4532 2957 4587 orationi
2991 4549 3130 4587 meae
3167 4534 3489 4589 mercedem
3518 4532 3745 4604 persol—

2088 4622 2243 4692 visti,
2276 4637 2690 4692 quamcunque
2719 4620 2983 4688 tandem,
3024 4621 3385 4691 persolvisti;
3419 4626 3477 4677 at
3506 4620 3603 4679 illa
3636 4620 3742 4676 tibi

2088 4712 2240 4766 dono
2279 4724 2568 4782 pauperes
2620 4709 2805 4775 otfert,
2842 4713 3030 4764 totum
3079 4710 3448 4766 sacerdotum
3497 4709 3741 4765 chorum

2094 4996 2275 5067 ξομαι.
2301 4998 2527 5078 Lapsus
2554 4996 2837 5077 memoria
2864 4996 2959 5052 hic
2978 4997 3212 5080 videtur
3239 4996 3571 5069 Gregorius,
3596 4997 3738 5053 dum

2094 5071 2384 5125 Salomoni
2435 5068 2644 5122 tribuit
2671 5070 2845 5124 verba
2893 5086 3022 5141 quae
3072 5070 3128 5124 in
3178 5070 3327 5126 libro
3374 5069 3482 5126 Job
3533 5085 3738 5125 occur-

2096 5146 2274 5283 rugitfi)
2304 5206 2700 5287 ’_A1t')‘{p<1t?£‘§¢-
2866 5210 3034 5287 coisl,
3071 5212 3093 5264 1
3131 5217 3184 5266 et
3213 5214 3267 5280 2,
3301 5213 3520 5267 decem.
3553 5211 3734 5276 Colh.,

2094 5282 2183 5339 0r.
2220 5286 2270 5347 1,
2305 5282 2587 5350 Jes.,_etc’.
2624 5282 2687 5336 ln
2722 5283 2843 5336 Par.
2876 5284 2966 5337 ed.
3001 5284 3185 5338 deest.

2166 5346 2274 5425 (37)
2307 5346 2596 5425 Εὐσεϐοῦς.
2632 5352 2803 5408 Cois].
2836 5356 2890 5423 3,
2924 5352 3191 5425 εὐγενοῦς,
3227 5376 3253 5403 ιι
3285 5352 3518 5409 celebri.
3547 5374 3568 5401 ι

2162 5424 2272 5498 (38)
2302 5424 2641 5498 Ἰερωτέρωξδ.
2678 5425 2848 5498 Cois].
2886 5428 2935 5496 1,
2970 5424 3295 5498 ἱερωτάτων.

2306 5479 2544 5571 ganges
2582 5496 2766 5571 Pas_s.,
2790 5479 3031 5571 ξχόριεν)
3060 5500 3120 5552 In
3163 5498 3327 5571 aliis,_
3346 5492 3591 5567 ἔχοιμεν.

2186 5572 2275 5640 40)
2305 5568 2457 5627 Τοῖς.
2492 5568 2665 5624 Deest
2696 5569 2753 5624 in
2788 5568 2927 5642 Reg.
2961 5571 3059 5626 bm
3093 5572 3151 5625 et
3181 5569 3275 5622 0r.
3310 5568 3360 5622 1.
