4138 6212
451 325 607 383 1063

1688 324 1753 381 S.
1804 317 2175 380 GREGORII
2219 316 2613 378 THEOLOGI

3699 323 3850 384 1664

450 474 515 513 ac
546 455 1027 529 phil030pborum
1074 459 1309 521 coetum,
1334 453 1431 525 qui
1476 453 1635 509 nullo
1665 452 1894 508 vinculo
1927 449 2087 505 humi

2211 454 2398 516 κτῆσιν
2445 448 2507 502 οὐ
2555 450 2949 525 κρατουμένην,
3013 449 3299 513 ἀποθανεῖν
3352 450 3546 524 κόσμῳ
3587 455 3724 525 (41),
3759 459 3853 523 ζῆ-

448 550 743 611 tenentur,
768 544 865 615 qui
914 543 1038 599 sola
1079 560 1341 615 corpora,
1375 561 1441 599 ac
1484 560 1553 597 ne
1586 560 1652 599 ea
1683 542 1919 614 quidem
1954 544 2093 606 tota,

448 636 782 706 possident;
816 632 915 703 qui
946 633 1150 688 Caesari
1186 631 1330 686 nihil
1364 632 1600 699 habent,
1626 632 1738 687 Deo
1771 631 1968 686 omnia
1998 629 2097 682 tri-

448 725 659 792 buunt,
710 721 983 793 hymnos,
1026 739 1246 793 preces,
1279 721 1527 791 vigilias,
1574 721 1884 792 lacrymas,
1932 733 2093 788 Opes,

446 830 572 883 quae
607 812 881 866 manibus
909 811 1088 882 arripi
1115 815 1439 882 nequeunt,
1463 809 1683 864 mundo
1709 809 1912 875 emori,
1938 805 2097 862 Chri-

445 907 535 955 sto
579 901 789 969 vivere,
821 914 1057 954 carnem
1119 915 1431 966 macerare,
1466 899 1724 953 animam
1776 914 1809 952 a
1854 909 2094 967 corpore

446 988 802 1044 abstrahere.
856 988 956 1043 His
1005 1004 1270 1059 parcens,
1322 992 1424 1042 aut
1471 988 1643 1043 etiam
1693 986 1929 1042 omnino
1978 984 2093 1038 Deo

446 1078 695 1131 reddens
741 1076 920 1131 divini
966 1077 1226 1131 numinis
1278 1075 1528 1131 famulos
1578 1081 1634 1130 et
1680 1073 2091 1145 mysteriorum

442 1165 733 1230 conscios,
782 1164 1223 1235 cmlestiumque
1283 1180 1479 1218 rerum
1536 1163 1917 1235 inspectores,
1961 1160 2093 1227 has,

446 1255 710 1325 inquam,
744 1254 974 1326 generis
1024 1252 1209 1308 nostri
1259 1252 1568 1324 primitias,
1611 1253 1730 1307 haec
1777 1251 2094 1317 columina,

446 1344 553 1398 has
602 1342 733 1396 lidei
781 1359 1045 1410 coronas,
1081 1341 1185 1396 has
1237 1343 1520 1413 pretiosas
1570 1341 1939 1413 margaritas,
1987 1339 2095 1394 hos

446 1431 649 1502 templi
710 1430 888 1499 illius,
939 1430 1223 1501 przeclari,
1274 1431 1537 1501 inquam,
1572 1429 1837 1485 Ecclesia:
1886 1432 2090 1482 coetus.

446 1520 691 1591 lapides,
725 1521 895 1590 cujus
929 1520 1375 1573 fundamentum
1410 1524 1465 1573 et
1496 1517 1643 1589 lapis
1676 1518 1974 1590 angularis
2006 1519 2096 1570 est

443 1608 709 1663 Christus
746 1624 757 1662 :
806 1606 1199 1678 pulcherrime
1245 1608 1469 1678 utique,
1505 1618 1563 1661 et
1593 1607 1759 1677 ipsis,
1790 1610 1847 1659 et
1879 1604 2005 1669 tibi,
2038 1608 2095 1658 et

2207 556 2292 590 σαι
2344 538 2579 611 Χριστῷ,
2631 538 2799 612 σάρκα
2845 541 3096 607 κενῶσαι,
3148 539 3334 614 ψυχὴν
3370 538 3589 594 ἑλκῦσαι
3621 541 3728 595 ἀπὸ
3759 548 3853 597 τοῦ

2205 625 2477 696 σώματος.
2508 625 2722 679 Τούτων
2752 622 3093 703 φειδόμενος,
3141 628 3176 695 ἢ
3227 627 3316 681 καὶ
3363 633 3609 704 καθαρῶς
3660 630 3854 685 ἀποδι-

2205 710 2331 775 δοὺς
2365 716 2473 785 (42)
2502 718 2581 785 τῷ
2612 719 2726 785 Θεῴ
2756 714 2881 776 τοὺς
2915 714 3241 790 θεραπευτὰς
3270 720 3367 770 τοῦ
3415 722 3550 771 Θεοῦ
3596 719 3686 772 καὶ
3752 720 3851 792 μύ-

2204 823 2349 871 στας,
2403 803 2490 857 καὶ
2536 807 2645 857 τῶν
2693 803 2952 880 οὐρανίων
3004 803 3259 871 ἐπόπτας,
3306 807 3407 874 τήν
3458 806 3714 882 ἀπαρχὴν
3750 814 3846 862 τοῦ

2202 890 2471 966 ἡμετέρου
2517 891 2728 967 γένους,
2776 890 2838 946 τὸ
2886 891 3107 969 ἔρεισμα
3147 892 3275 955 τοὺς
3326 901 3427 963 τῆς
3458 893 3693 958 πίστεως
3729 918 3851 951 στε-

2203 982 2421 1056 φάνους,
2448 979 2576 1041 τοὺς
2628 980 2962 1055 μαργαρίτας
3005 980 3132 1042 τοὺς
3159 980 3401 1053 τιμίους,
3431 982 3559 1044 τοὺς
3589 989 3687 1038 τοῦ
3718 990 3853 1039 ναοῦ

2203 1067 2413 1139 λίθους,
2468 1066 2529 1121 οὗ
2578 1068 2829 1142 θεμέλιος
2874 1070 2965 1124 καί
3013 1069 3409 1146 ἀκρογωνιαῖος
3442 1074 3699 1145 Χριστὸς,
3757 1079 3854 1129 τοῦ

2200 1155 2373 1211 καλοῦ
2430 1157 2578 1233 λέγω
2621 1165 2720 1227 τῆς
2769 1157 3097 1228 Ἐκκλησίας
3143 1157 3550 1235 πληρώματος’
3601 1162 3692 1217 καὶ
3746 1166 3855 1236 (43)

2201 1246 2467 1301 κάλλιστα
2498 1245 2555 1300 ἃν
2588 1246 2677 1301 καὶ
2705 1247 2942 1318 τούτοις,
2974 1248 3063 1301 καὶ
3096 1253 3324 1320 σεαυτῷ,
3375 1250 3461 1303 καὶ
3500 1256 3660 1304 πᾶσιν
3717 1254 3851 1323 ἡμῖν

2208 1335 2550 1409 βουλεύσαιο.
2604 1335 2706 1391 Καί
2754 1357 2837 1390 σοι
2889 1332 3123 1412 εὔχομαι
3175 1342 3366 1392 τοῦτον
3408 1346 3533 1413 παρ’
3562 1342 3727 1411 ἡμῶν
3761 1341 3852 1396 τὸν

2202 1423 2438 1479 πλοῦτον
2497 1426 2741 1499 γενέσθαι
2803 1423 3040 1498 μᾶλλον,
3099 1425 3133 1495 ἥ
3193 1424 3410 1481 πολλοῦ
3468 1429 3699 1502 χρυσίου
3763 1431 3852 1483 καὶ

2202 1512 2456 1588 ἀργυρίου
2488 1513 2812 1587 θησαυροὺς,
2842 1518 2933 1569 νῦν
2969 1515 3337 1591 ὑπάρχοντας,
3382 1516 3471 1570 καὶ
3507 1519 3623 1589 μετ’
3655 1516 3853 1593 ὀλίγον

2203 1601 2303 1655 οὐκ
2330 1600 2642 1674 ἐσομένους.

444 1697 612 1753 nobis
644 1696 921 1752 omnibus
951 1696 1336 1751 consulueris.
1373 1701 1453 1750 Ac
1488 1695 1591 1750 tibi
1641 1696 1748 1750 has
1798 1695 1990 1766 potius
2024 1710 2057 1748 a
2087 1692 2254 1748 nobis
2285 1692 2518 1749 divitias
2548 1693 2822 1764 optarim,
2857 1710 3033 1765 quam
3067 1710 3314 1767 magnos
3361 1695 3488 1750 auri
3534 1701 3713 1767 atque
3765 1715 3860 1753 ar-

442 1786 597 1855 genti
631 1784 960 1852 thesauros,
996 1785 1091 1853 qui
1128 1801 1283 1838 nunc
1314 1784 1622 1854 exsistunt,
1654 1800 1719 1838 ac
1751 1782 1923 1854 paulo
1955 1785 2088 1853 post
2118 1796 2230 1835 non
2264 1784 2455 1835 erunt.

514 1874 680 1929 XVII.
706 1874 943 1929 Habetis
966 1873 1248 1928 orationis
1276 1890 1415 1928 mea:
1443 1890 1681 1938 munus,
1707 1872 1755 1927 si
1780 1887 1882 1942 spe
1904 1875 2087 1926 vestra

2272 1869 2366 1923 ΙΖ’.
2403 1866 2546 1936 Αὕτη
2594 1872 2701 1921 τῶν
2754 1866 2899 1939 ἐμῶν
2945 1866 3125 1943 λόγων
3179 1869 3306 1941 ὑμῖν
3355 1872 3466 1942 (44)
3498 1872 3531 1940 ἡ
3564 1892 3859 1951 καρποφο-

440 1964 709 2027 inferius,
738 1968 795 2017 at
827 1968 977 2016 certe
1009 1962 1181 2033 quale
1224 1963 1427 2018 offerre
1466 1961 1786 2034 potuimus.
1814 1960 1930 2015 Vos
1961 1976 2091 2015 vero

443 2052 585 2107 mihi
620 2068 722 2123 pro
755 2051 861 2105 hac
893 2068 1021 2105 mea
1068 2051 1420 2122 erogatione,
1455 2051 1608 2122 quod
1640 2050 1833 2121 majus
1861 2053 1969 2117 est,
2005 2063 2091 2102 re-

443 2140 696 2212 pendite,
720 2156 926 2209 nempe
974 2139 1307 2194 tractabiles
1337 2144 1393 2194 et
1422 2140 1809 2210 obsequentes
1841 2137 2087 2192 animos.

442 2229 532 2284 Sic
555 2230 625 2284 ad
652 2229 765 2283 alia
788 2228 1097 2283 commoda
1120 2227 1230 2283 hoc
1252 2244 1483 2300 quoque
1503 2229 1760 2297 accedat,
1785 2233 1848 2281 ut
1870 2242 2089 2282 sermo-

442 2319 618 2373 nibus
648 2318 795 2373 meis
826 2317 1023 2372 minus
1064 2334 1211 2389 opus
1255 2317 1542 2383 habeatis,
1575 2316 1853 2371 nimirum
1888 2319 2089 2371 mutuo

439 2424 541 2463 vos
559 2409 716 2477 ipsos
734 2406 1166 2461 considerantes
1186 2407 1257 2460 ad
1279 2407 1743 2477 provocationem
1763 2403 2085 2471 cbaritatis,

441 2502 497 2551 et
529 2498 813 2550 bonorum
849 2511 1089 2565 operum
1111 2496 1188 2562 ²⁰;
1223 2500 1396 2565 atque
1444 2496 1525 2549 ita
1570 2495 1803 2549 tandem
1839 2494 1897 2546 in
1928 2492 2090 2547 caelis

442 2584 669 2640 facilem
702 2589 757 2637 et
787 2583 1100 2654 benignam
1132 2582 1192 2637 in
1224 2583 1321 2637 illo
1344 2601 1458 2638 aevo
1482 2582 1933 2654 descriptionem
1958 2598 2091 2635 con-

444 2673 648 2741 secuti,
666 2678 721 2726 et
742 2674 959 2726 circum
983 2672 1247 2727 omnium
1268 2673 1479 2744 Regem
1502 2672 1891 2742 tripudiantes
1910 2671 2085 2741 (quod

445 2776 623 2816 unum
657 2766 840 2831 agunt
889 2760 987 2831 qui
1038 2760 1156 2815 illic
1198 2760 1470 2832 descripti
1505 2761 1681 2831 sunt),
1706 2759 1939 2815 laudem
1972 2759 2087 2813 Deo

443 2848 869 2915 ministremus,
904 2865 1080 2902 unam
1114 2852 1170 2903 et
1218 2849 1481 2903 eamdem
1532 2848 1721 2903 Patris
1770 2853 1827 2902 et
1875 2847 2001 2903 Filii
2034 2851 2090 2903 et

441 2938 696 3010 Spiritus
729 2937 915 2993 sancti
960 2937 1284 2993 divinitatis
1317 2937 1562 3009 gloriam
1610 2941 1665 2993 et
1714 2936 2085 3009 splendorem

440 3028 758 3092 intuentes,
809 3026 1204 3098 laudibusque
1260 3027 1599 3094 exaltantes,
1651 3028 1745 3081 cui
1792 3026 1999 3099 gloria,
2032 3031 2090 3082 et

444 3116 649 3181 honor,
681 3121 738 3171 et
767 3117 1028 3171 adoratio
1061 3116 1119 3170 in
1148 3116 1362 3171 saecula
1390 3116 1759 3171 saeculorum.
1794 3121 1998 3171 Amen.

513 3242 558 3277 ²⁰
588 3242 761 3297 Hebr.
793 3258 851 3309 x,
889 3242 978 3296 24.

515 3364 621 3435 (41)
653 3364 967 3437 faucem»
1000 3363 1213 3436 κόσμῳ,
1246 3370 1354 3420 etc.
1387 3366 1593 3422 Billius
1627 3384 1639 3421 :
1668 3389 1695 3416 ‹‹
1730 3367 1830 3437 qui
1866 3367 2087 3423 mundo

448 3436 663 3489 mortui
724 3444 883 3503 sunt,
913 3458 940 3484 »
972 3444 1079 3491 etc.
1132 3438 1326 3491 Minus
1376 3446 1558 3503 recte;
1610 3436 1761 3493 nam,
1803 3438 1892 3492 ha'.
1949 3444 2091 3494 sunt

450 3528 471 3555 α
507 3507 1008 3578 philosmpborum,
1037 3530 1063 3555 »
1099 3525 1199 3562 seu
1254 3532 1279 3557 ‹‹
1340 3509 1758 3563 monachorum
1794 3533 1820 3558 »
1851 3510 2086 3580 divitiae,

439 3595 587 3705 guns
616 3585 921 3633 enumerat
949 3582 1284 3650 Gregorius,
1315 3597 1543 3652 nempe,
1571 3604 1596 3630 (ι
1629 3582 1848 3635 mundo
1880 3583 2083 3653 emori,

485 3650 666 3705 hristo
696 3650 902 3705 vivere.
927 3674 947 3697 ι
980 3655 1088 3705 etc.

485 3650 666 3705 hristo
696 3650 903 3717 vivere,
927 3674 947 3697 ι
980 3655 1088 3705 etc.

442 3790 473 3844 ἀ
510 3718 1015 3847 (4ἕ),Ἀποδιδούς.
1076 3722 1343 3792 Quinque
1414 3722 1635 3793 Regg,
1672 3727 1730 3779 et
1796 3723 1968 3779 Cois].
2032 3726 2084 3793 1,

476 3812 546 3847 πο
586 3812 701 3847 ους.

476 3812 701 3853 ποοους.

2203 1955 2311 2031 ρία,
2365 1956 2410 2010 εἰ
2458 1956 2548 2010 καῖ
2590 1963 2690 2026 τῆς
2734 1954 2957 2019 ἰλπίδος
3008 1957 3268 2029 ἐλάττων,
3319 1956 3464 2013 ἀλλά
3494 1961 3631 2014 κατὰ
3657 1982 3722 2037 γε
3752 1964 3853 2031 τὴν

2201 2045 2468 2120 ἡμετέραν
2531 2044 2777 2118 δύναμιν.
2837 2047 3020 2118 Ὑμεῖς
3079 2043 3135 2101 δὲ
3193 2044 3500 2118 ἆντιδοίητέ
3579 2071 3673 2121 μοι
3758 2058 3860 2119 τῆς

2198 2134 2335 2208 ἐμῆς
2386 2134 2637 2211 εἰσφορᾶς
2684 2136 2746 2189 τὸ
2798 2140 3006 2207 μεῖζον,
3060 2136 3157 2204 τὴν
3210 2135 3509 2200 εὐπείθειαν
3537 2157 3548 2169 -
3584 2138 3660 2200 ὡς
3696 2139 3761 2195 ἂν
3794 2142 3860 2195 τά

2196 2245 2254 2278 τε
2284 2221 2427 2278 ἄλλα
2455 2224 2543 2278 καὶ
2575 2226 2735 2292 ἦττον
2766 2220 2957 2294 δέησθε
2987 2228 3092 2278 τῶν
3127 2224 3269 2296 ἐμῶν
3303 2222 3508 2300 λόγων,
3556 2226 3854 2297 ἀλλήλους

2196 2317 2577 2374 κατανοοῦντες
2644 2311 2719 2374 εἷς
2793 2313 3135 2387 παροξυσμὸν
3206 2313 3421 2388 ἀγάπης
3497 2313 3586 2368 καὶ
3661 2316 3857 2371 καλῶν

2199 2401 2367 2478 ἔργων
2396 2422 2407 2435 ·
2460 2401 2533 2462 ὡς
2582 2400 2639 2455 ἂν
2689 2408 2939 2477 χρηστῆς
2970 2401 3059 2455 καὶ
3090 2399 3478 2478 φιλανθρώπου
3509 2410 3608 2472 τῆς
3645 2403 3854 2469 inde“

2196 2493 2407 2567 γραφῆς
2452 2490 2730 2565 τυχόντες,
2788 2490 2876 2544 καὶ
2934 2490 3056 2564 περὶ
3104 2490 3194 2545 τὸν
3243 2490 3455 2545 πάντων
3492 2492 3725 2565 βασιλέα
3756 2515 3862 2569 χο-

2200 2579 2465 2655 ρεύοντες,
2514 2578 2545 2633 ὅ
2596 2578 2754 2651 μόνον
2801 2575 2958 2653 ἔργον
3010 2579 3121 2632 ἐστὶ
3166 2582 3277 2653 (45)
3305 2585 3424 2641 τοῖς
3457 2579 3568 2634 ἐκεῖ
3611 2601 3861 2655 γεγραμ-

2203 2668 2403 2739 μένοις,
2464 2666 2869 2744 λειτουργῶμεν
2926 2673 3040 2739 Θεῷ
3093 2670 3193 2737 τὴν
3260 2667 3481 2739 αἶ’νεσιν,
3539 2670 3640 2737 τὴν
3724 2671 3857 2742 μίαυ

2200 2758 2430 2829 Πατρὸς,
2452 2758 2541 2811 καὶ
2574 2755 2724 2827 Υἱοῦ,
2754 2755 2843 2811 καί
2869 2757 3024 2833 ἁγίου
3058 2758 3393 2830 Πνεύματος,
3442 2758 3533 2812 καὶ
3584 2760 3861 2833 θεωροῦν-

2194 2867 2281 2907 τες
2311 2845 2401 2900 καὶ
2454 2845 2777 2919 ἀνυψοῦντες
2822 2847 2922 2915 τὴν
2969 2848 3081 2920 (46)
3128 2852 3228 2915 τῆς
3268 2846 3525 2914 θεότητος
3576 2844 3738 2916 δόξαν
3804 2870 3861 2903 τι

2196 2934 2285 2988 καὶ
2347 2935 2729 3010 Λαμπρότητα,
2788 2934 2934 3007 αὖτῷ
2990 2937 3024 3005 ἡ
3086 2933 3233 3005 δόξα,
3292 2936 3381 2989 καὶ
3431 2937 3658 3007 ἡτιμὴ,
3694 2936 3789 2991 καὶ
3822 2940 3857 3005 ἡ

2196 3021 2553 3097 προσκύνησις
2584 3023 2658 3085 είς
2688 3023 2814 3086 τοὺς
2845 3023 3041 3085 αἰῶνας
3064 3029 3173 3079 τῶν
3205 3023 3438 3081 αἰώνων.
3476 3025 3530 3077 ’Δ
3546 3027 3679 3097 μήν.

2269 3362 2530 3493 (4gltliai.
2564 3366 2658 3422 Sic
2690 3368 2869 3439 Regg.
2903 3367 3023 3432 bm,
3055 3366 3155 3437 ph,
3189 3366 3286 3422 Or.
3313 3367 3367 3434 l,
3399 3370 3457 3421 et
3489 3366 3651 3421 Pass.
3677 3365 3868 3421 Deest

2291 3456 2321 3493 e
2369 3457 2383 3492 ι
2417 3456 2486 3492 18.

2200 3439 2258 3494 in
2279 3439 2486 3494 editis.

2294 3512 2380 3580 44)
2410 3510 2585 3580 Ὑμῖν.
2617 3510 2707 3565 Sic
2766 3510 2880 3563 duo
2939 3509 3145 3580 Regg.,
3197 3512 3254 3563 et
3308 3507 3470 3565 Pass.
3519 3508 3617 3563 Sic
3674 3508 3866 3563 etiam

2202 3580 2425 3637 videtur
2456 3580 2666 3652 legisse
2696 3580 2919 3635 Billius.
2943 3581 3017 3652 rln
3048 3580 3166 3647 ed.,
3197 3580 3350 3650 ἡμῖν.

2268 3654 2381 3724 (45)
2413 3650 2572 3707 Ἐστί.
2606 3654 2699 3708 Sic
2731 3657 2867 3723 Reg.
2902 3651 2999 3723 ph.
3032 3652 3204 3707 Deest
3233 3652 3293 3724 in
3323 3650 3414 3705 ed.

2270 3719 2379 3798 (46)
2410 3726 2760 3798 ζΑνυψοῦντες
2795 3719 2923 3798 _«Erﬁv'.
2956 3725 3047 3778 Sic
3096 3724 3211 3798 duo
3262 3722 3437 3798 Regg.
3467 3719 3534 3798 ΔΙῑι
3582 3720 3773 3798 Cois].
3813 3724 3865 3789 1,

2198 3792 2576 3868 ἀνυμνοῦντες,
2609 3819 2637 3847 ‹‹
2671 3796 3053 3851 celebrantes.
3079 3816 3108 3844 »
3139 3794 3311 3851 Deest
3336 3792 3433 3862 τήν
3463 3792 3523 3847 in
3555 3793 3651 3847 ed.

1172 4085 1321 4141 ³⁷⁵
1385 4096 1940 4185 MONITUM
1997 4099 2087 4183 IlV

2211 4095 2859 4184 )HATIONEM
2913 4097 3117 4181 XX.

522 4420 569 4479 Ι.
636 4420 954 4482 Defunctis
1011 4425 1291 4503 Gregorii
1350 4425 1754 4503 parentibus,
1829 4425 2003 4503 ipse,
2075 4425 2261 4504 juxta
2314 4424 2804 4504 probabiliorem
2877 4424 3281 4502 opinionem,
3356 4420 3657 4504 abdicata
3716 4424 3878 4504 lia-

445 4501 755 4560 zianzena:
832 4505 1120 4566 Ecclesiae
1140 4501 1157 4503 “
1179 4525 1250 4566 cu
1263 4523 1331 4564 ra
1353 4501 1369 4576 ζ

1450 4523 1616 4565 anno
1673 4508 1789 4566 375
1867 4506 2217 4566 Seleuciam
2273 4524 2337 4565 se
2393 4505 2682 4567 contulit.
2743 4505 2835 4564 lbi

2908 4501 3018 4582 per
3072 4504 3407 4563 triennium
3483 4501 3837 4561 solitudini
3865 4548 3881 4575 ,

449 4580 677 4664 vigiliis
752 4599 827 4664 ac
896 4601 1103 4643 rerum
1176 4587 1523 4647 caelestium
1600 4586 2117 4664 contemplationi
2191 4587 2476 4659 deditus,
2556 4580 2925 4646 hominibus
2986 4584 3116 4645 fere
3187 4582 3543 4664 incognitus
3607 4583 3881 4642 mansit.

448 4661 1256 4745 Yerum,‘ob__sanctitatis
1311 4672 1372 4725 et
1428 4667 1805 4743 eloquentiae
1853 4661 2133 4737 _famam,
2193 4668 2609 4745 plurimorum
2671 4664 3232 4745 praesulumivotis
3290 4662 3608 4745 expetitus
3630 4706 3665 4745 ,_
3716 4670 3789 4721 et
3836 4681 3885 4745 Aa

449 4739 806 4824 Theodosio
860 4741 1089 4820 Magno
1150 4746 1209 4803 in
1269 4739 1965 4824 ConstantinOpolitana
2022 4739 2214 4820 sede;
2239 4747 2406 4807 circa
2462 4739 2696 4807 annum
2749 4748 2891 4818 3'79,
2937 4744 3302 4816 collocatus,
3355 4739 3578 4803 eadem
3629 4742 3881 4802 doctri-

450 4839 546 4879 nae
604 4838 678 4879 ac
750 4821 999 4905 pietatis
1055 4827 1293 4885 semina
1348 4827 1411 4884 in
1486 4821 1709 4885 navem
1768 4826 1887 4885 sibi
1942 4827 2242 4887 creditam
2318 4827 2563 4905 plebem
2622 4825 2869 4903 sparsit.
2932 4826 3255 4885 Invaserat
3329 4830 3475 4905 tunc
3552 4824 3881 4905 temporis

450 4902 1055 4983 Constantinopolim
1114 4906 1496 4966 incredibilis
1553 4906 1844 4983 quaedam
1902 4907 2083 4982 quasi
2150 4902 2434 4967 errorum
2508 4902 2755 4965 cohors.
2816 4908 2954 4965 Non
3026 4912 3272 4965 tantum
3349 4902 3675 4973 haeretici,

3770 4902 3885 4962 sed

448 4981 567 5064 ipsi
626 4980 843 5064 etiam
877 4982 1185 5045 Catholici
1242 5005 1435 5046 novas
1492 4980 1995 5064 et'periculosas
2050 4986 2127 5046 de
2183 4988 2370 5046 rebus
2426 4985 2652 5046 divinis
2708 4986 3087 5062 quaestiones
3154 4984 3502 5063 agitabant.
3570 4984 3667 5064 Ex
3732 4984 3884 5061 opi-

448 5061 706 5120 nionum
786 5061 1145 5126 diversitate
1222 5061 1807 5127 oriebantur'rixae
1886 5072 1949 5125 et
2016 5066 2498 5139 dissensiones;

2576 5071 2879 5143 tantaque
2952 5070 3087 5125 erat
3163 5067 3519 5126 animorum
3591 5063 3737 5129 vis,
3823 5068 3885 5121 et

449 5141 805 5218 linguarum
866 5146 1161 5224 prurigo,
1224 5152 1292 5207 ut
1346 5147 1422 5205 de
1480 5146 1665 5204 rebus
1718 5144 1911 5205 sacris
1966 5164 2091 5206 non
2147 5147 2350 5208 solum
2410 5146 2680 5225 templa,
2741 5141 2849 5205 sed
2908 5151 2970 5204 et
3027 5145 3165 5206 fora
3214 5151 3277 5205 et
3334 5144 3499 5204 sedes
3559 5142 3885 5204 continuo

452 5231 881 5301 personarenl.

530 5303 606 5362 ll.
661 5304 835 5361 Hanc
894 5305 1309 5388 temeritatem
1367 5302 2097 5388 retunditJTheologus,
2157 5326 2231 5388 _ac
2288 5307 2493 5388 primo
2526 5304 2806 5388 quidem
2865 5321 2973 5388 eos
3026 5306 3345 5385 praecipue
3395 5301 3649 5388 carpit,

448 5400 562 5466 nec
602 5399 957 5466 _sacrarum
1035 5385 1387 5446 litterarum
1459 5382 1815 5461 cognitione
1886 5381 2210 5466 instructi,
2288 5381 2407 5449 nec
2482 5381 2624 5447 vitae
2700 5381 3048 5466 sanctitate
3087 5381 3667 5453 commendabiles,
3724 5381 3888 5466 _sibi

448 5462 888 5537 theologorum
976 5484 1205 5524 nomen
1290 5469 1657 5541 arroganter
1740 5466 2179 5528 ascribebant.

2266 5467 2559 5529 Pluribus
2641 5465 2944 5546 exemplis
3024 5484 3101 5527 ex
3183 5467 3507 5546 Scriptura
3596 5461 3886 5546 prolatis

448 5542 757 5625 ostendit,
839 5561 963 5601 non
1021 5547 1247 5622 cuique
1302 5546 1539 5603 licitum
1597 5562 1728 5603 esse
1786 5550 2017 5607 Sancta
2072 5553 2434 5609 sanctorum
2492 5547 2703 5620 adire,
2784 5542 2883 5607 vel
2938 5554 3260 5625 spectare,
3294 5542 3437 5607 δνσὶ
3502 5544 3843 5620 attingere
3872 5590 3890 5615 ,

450 5622 558 5681 sed
614 5621 738 5679 illis
795 5625 1039 5682 tantum
1094 5621 1203 5703 qui
1259 5644 1297 5685 a
1354 5627 1481 5684 Deo
1539 5630 1686 5685 sunt
1740 5628 1985 5701 vocati,
2064 5634 2127 5691 et
2198 5630 2436 5720 seipsos
2508 5626 2781 5691 hostiam
2841 5621 3192 5715 viventem,
3248 5621 3393 5690 imo
3464 5626 3681 5706 ipsum
3770 5625 3894 5686 Dei
