4138 6212
497 378 654 439 1067
1734 376 1799 435 S.
1850 372 2220 435 GREGORII
2263 370 2661 435 THEOLOGI
3744 368 3910 438 1.68

498 510 781 583 paulatim
812 509 1143 579 abrumpat,
1166 506 1252 562 vel
1283 506 1546 561 divinum
1579 522 1795 561 numen
1827 505 2143 578 propitium

2268 522 2425 572 Jozav,
2459 502 2492 571 ἦ
2526 506 2711 578 ψυχῆς
2744 503 3048 559 ἐπιστασίαν
3085 501 3351 577 δέξασθαι,
3382 504 3417 574 ἢ
3445 503 3706 581 θεολογιᾳ
3733 525 3908 582 προσ-

499 599 736 664 sentiat,
762 603 864 653 aut
894 601 1211 668 utrumque
1260 596 1469 652 borum
1504 595 1737 660 habeat,
1772 612 1837 650 ac
1889 598 2143 650 mentem

2268 588 2466 662 Ξαλεῖν,
2502 591 2601 647 οὐκ
2632 591 2865 669 ἀσφαλὲς
2900 593 3030 647 εἷναι
3055 594 3333 668 γινώσκω.

498 688 755 743 maxima
785 703 921 742 cum
952 686 1255 758 diligentia
1284 686 1352 739 ad
1387 684 1642 741 cmlestia
1673 684 1909 757 dirigat,
1940 684 2052 751 vix,
2088 682 2352 754 inquam,
2383 687 2676 738 terrenam
2717 684 2867 739 hanc
2897 683 3110 739 molem
3141 684 3417 739 deorsum
3446 683 3777 740 trahentem
3806 700 3913 740 su-

497 790 701 847 perare
730 775 961 846 poterit.
996 774 1345 845 Priusquam
1378 778 1573 829 autem
1604 789 1755 839 eam,
1789 776 2075 843 quantum
2109 771 2233 826 ﬁeri
2265 774 2476 841 potest,
2508 771 2999 842 superaverimus,
3028 787 3317 843 auresque
3348 776 3579 827 nostras
3609 776 3667 827 et
3694 772 3912 828 mentis

499 863 682 920 aciem
713 865 857 919 satis
889 864 1418 935 repurgaverimus,
1443 863 1776 917 animarum
1807 876 2009 916 curam
2039 859 2355 931 suscipere,
2381 864 2481 914 aut
2510 859 2580 915 ad
2613 876 2809 916 rerum
2838 859 3170 916 divinarum
3204 860 3713 932 pertractationem
3744 877 3912 917 acce-

498 953 635 1010 dere
663 953 1127 1025 haudquaquam
1159 956 1351 1007 tutum
1380 967 1508 1007 esse
1538 952 1708 1006 duco.

571 1041 640 1096 II.
675 1048 754 1096 Ac
804 1057 875 1096 ne
926 1057 1017 1095 me
1068 1042 1211 1095 forte
1254 1039 1632 1109 timidiorem,
1675 1055 1852 1109 quam
1902 1055 2003 1109 par
2050 1037 2146 1107 sit,

498 1130 868 1197 existimetis,
900 1130 1001 1185 sed
1032 1128 1343 1185 consilium
1376 1129 1572 1199 potius
1604 1132 1868 1182 nostrum
1902 1127 2150 1198 pruden-

499 1220 763 1291 tiamque
807 1218 1218 1291 oomprobetis,
1255 1217 1409 1272 unde
1439 1218 1499 1271 in
1530 1216 1686 1271 hunc
1720 1220 1941 1271 metum
1972 1215 2148 1269 indu-

502 1311 632 1362 ctus
707 1307 937 1378 fuerim,
984 1322 1290 1378 exponam.
1343 1305 1607 1359 Primum
1682 1303 1860 1375 igitur
1908 1320 1976 1359 ex
2021 1303 2150 1374 ipso

504 1396 699 1467 Moyse
718 1396 764 1429 ³³
801 1395 995 1465 audio,
1021 1411 1136 1465 quo
1176 1395 1323 1448 377
1362 1398 1622 1465 tempore
1652 1391 1888 1447 oracula
1917 1391 1967 1447 ei
2002 1393 2151 1446 Deus

505 1485 734 1552 edebat,
772 1484 1039 1556 quamvis
1084 1484 1154 1539 ad
1205 1487 1462 1537 montem
1496 1482 1664 1536 multi
1714 1481 1882 1536 acciti
1933 1486 2150 1548 essent,

507 1590 759 1644 quorum
793 1590 950 1628 unus
989 1577 1113 1627 erat
1158 1571 1283 1642 ipse
1332 1574 1543 1636 Aaron,
1568 1586 1700 1625 cum
1733 1570 1963 1624 duobus
1993 1568 2152 1638 ﬁliis,

506 1664 695 1733 iisque
727 1662 1150 1730 sacerdotibus,
1184 1665 1379 1715 tamen
1425 1673 1661 1714 caeteros
1694 1675 1896 1714 omnes
1926 1658 2155 1713 eminus

509 1752 749 1806 adorare
772 1752 973 1821 jussos
999 1766 1149 1814 esse,
1174 1750 1429 1820 Moysem
1462 1752 1658 1803 autem
1692 1747 1883 1802 solum
1917 1748 1987 1801 ad
2020 1762 2154 1801 eum

508 1838 750 1910 pr0pius
801 1836 1142 1903 accessisse,
1176 1834 1458 1907 populum
1512 1850 1643 1889 vero
1692 1851 1765 1888 ne
1811 1833 1988 1888 simul
2028 1834 2155 1904 qui-

510 1928 643 1983 dem
694 1926 1049 1983 ascendisse.
1084 1930 1297 1996 Atque,
1332 1928 1396 1979 ut
1442 1923 1580 1978 item
1631 1922 1931 1993 aliquanto
1981 1940 2158 1994 supe-

510 2016 633 2071 rius
664 2020 883 2084 narrat,
916 2015 1062 2071 alios
1097 2013 1350 2085 fulgura,
1383 2012 1662 2080 tonitrua,
1694 2010 1969 2066 tubarum
2001 2010 2158 2066 elan-

510 2120 637 2177 gor,
679 2110 736 2161 et
787 2120 956 2160 mons
1016 2104 1176 2157 fumo
1235 2100 1713 2170 circumfusus”,
1745 2105 1802 2155 et
1857 2099 2158 2155 horrendas

511 2192 1018 2261 comminationes,
1072 2196 1244 2261 atque
1301 2189 1643 2259 hujusmodi
1699 2193 1950 2244 terrores
1993 2189 2158 2243 deor-

512 2298 645 2337 sum
678 2280 987 2348 sistebant,
1011 2280 1154 2335 adeo
1186 2284 1251 2333 ut
1280 2277 1393 2349 ipsi
1420 2276 1693 2350 praeclare
1722 2293 1921 2332 secum
1955 2276 2044 2347 agi
2075 2294 2161 2331 ar-

511 2369 891 2437 bitrarentur,
923 2368 1079 2439 quod
1120 2366 1206 2422 vel
1254 2365 1435 2421 solam
1473 2365 1569 2420 Dei
1620 2382 1817 2420 vocem
1867 2364 2157 2433 audirent,

510 2460 687 2531 idque
716 2458 826 2514 bac
868 2458 1012 2530 lege,
1039 2460 1103 2511 ut
1132 2472 1365 2512 summo
1412 2455 1575 2526 prius
1606 2454 1800 2509 studio
1832 2454 2057 2525 seipsos
2087 2454 2159 2509 ab

2186 1792 2233 1856 B

2329 1035 2399 1090 B'.
2444 1033 2541 1089 Καὶ
2592 1033 2710 1097 ὅθεν
2759 1034 2835 1096 είς
2881 1039 3042 1089 τοῦτο
3087 1034 3340 1110 ὑπήχθην
3387 1038 3449 1091 τὸ
3493 1034 3636 1109 δὲος,
3678 1035 3776 1091 ἵνα
3829 1040 3904 1109 μή

2262 1144 2327 1195 με
2358 1125 2468 1193 (54)
2496 1127 2592 1177 τοῦ
2640 1120 2855 1186 δέοντος
2908 1121 3210 1201 δειλότερον
3255 1120 3604 1194 ὑπολάϐοιτε,
3639 1125 3789 1181 ἀλλὰ
3818 1125 3905 1181 καὶ

2258 1211 2511 1281 ἐπαινῆτε
2565 1219 2663 1283 τῆς
2716 1213 3074 1290 προμηθείας,
3133 1213 3314 1268 ἀκούω
3372 1214 3466 1286 μὲν
3526 1215 3692 1269 αὐτοῦ
3736 1221 3903 1271 Μωυ-

2259 1300 2392 1362 σὲως
2426 1300 2586 1371 ἡνίκα
2616 1301 2981 1376 ἐχρημάτιζεν
3039 1302 3184 1373 αύτῷ
3214 1303 3241 1356 ὁ
3289 1302 3440 1371 Θεὸς,
3500 1302 3585 1357 ὅτι
3636 1303 3910 1358 πλειόνων

2261 1389 2335 1452 εἷς
2382 1391 2444 1445 τὸ
2487 1384 2613 1466 ὅρος
2673 1390 3167 1464 προσκεκλημίνων
3218 1392 3292 1445 ὧν
3354 1391 3430 1453 εἷς
3476 1394 3540 1460 ἦν
3573 1393 3664 1446 καὶ
3697 1394 3914 1469 ’Δαρὼν

2262 1477 2352 1533 σὺν
2384 1484 2502 1541 τοῖς
2534 1482 2714 1533 παισὶν
2767 1480 2930 1534 αὐτοῦ
2978 1485 3095 1542 τοῖς
3142 1477 3235 1533 δύο
3279 1485 3397 1541 τοῖς
3422 1480 3676 1555 ἱερεῦσιν,
3709 1482 3762 1535 οἱ
3818 1484 3914 1555 μὶν

2264 1567 2451 1623 λοιποὶ
2508 1569 2698 1630 πάντες
2754 1574 3131 1644 προσκυνῆσαι
3189 1568 3468 1644 πόρρωθεν
3518 1568 3910 1640 ἐκελεύσθησαν

2263 1654 2467 1730 ἐγγίσαι
2498 1652 2555 1709 δὲ
2588 1658 2823 1725 Μωυσῆς
2856 1655 3039 1729 μόνος,
3083 1656 3144 1710 ού
3198 1652 3545 1725 συναναϐῆναι
3598 1656 3655 1713 δὲ
3688 1660 3716 1712 ὁ
3752 1658 3913 1723 λαός.

2265 1744 2362 1797 Καὶ
2397 1744 2585 1819 μικρὸν
2619 1744 2724 1819 πρὸ
2772 1744 3001 1819 τούτων,
3057 1744 3186 1808 τοὺς
3230 1746 3324 1818 μὶν
3377 1743 3580 1809 ἄλλους
3618 1748 3913 1822 ἀστραπαὶ,

2266 1832 2355 1885 καὶ
2406 1832 2644 1908 βρονταὶ,
2693 1832 2780 1887 καὶ
2832 1832 3150 1910 σάλπιγγες,
3203 1834 3291 1888 καὶ
3339 1833 3469 1889 ὃλον
3518 1837 3913 1909 καπνιζόμενον

2266 1923 2327 1975 τὸ
2387 1922 2534 1996 ὅρος,
2583 1923 2673 1975 καὶ
2724 1921 2945 1977 ἀπειλαὶ
3005 1919 3319 1999 φρικώδεις,
3350 1922 3439 1978 καὶ
3468 1929 3693 1980 τοιαῦτα
3724 1924 3917 1999 δείμα-

2264 2031 2330 2065 τα
2360 2015 2478 2079 ἵστη
2527 2011 2673 2064 κάτω
2702 2028 2714 2040 °
2774 2010 2864 2065 καὶ
2925 2011 3065 2086 μέγα
3092 2014 3156 2079 ἦν
3206 2010 3390 2073 αὐτοῖς
3429 2011 3657 2067 ἀκοῦσαι
3683 2021 3788 2083 τῆς
3816 2020 3916 2070 τοῦ

2268 2103 2401 2153 Θεοῦ
2458 2106 2644 2176 φωνῆς
2696 2098 2884 2172 μόνον,
2933 2098 3023 2154 καὶ
3050 2103 3219 2154 ταῦτα
3241 2096 3297 2153 εὖ
3332 2098 3479 2172 μάλα
3505 2102 3915 2177 ἀγνισαμὲνοις.

2268 2189 2506 2256 Μωυσῆς
2558 2184 2614 2241 δὶ
2655 2187 2745 2241 καὶ
2804 2188 2995 2256 ἄνεισι,
3045 2188 3136 2241 καὶ
3162 2193 3263 2257 τῆς
3295 2186 3527 2265 νεφέλης
3556 2187 3685 2245 εἵσω
3712 2198 3915 2267 χωρεῖ.

2266 2276 2353 2329 καὶ
2385 2276 2500 2348 Θεῷ
2532 2275 2851 2352 συγγίνεται,
2881 2276 2970 2330 καὶ
3004 2272 3217 2351 δέχεται
3256 2274 3449 2348 νόμον,
3478 2283 3595 2340 τοῖς
3631 2280 3728 2352 μὲν
3776 2282 3917 2336 πολ-

2269 2362 2387 2426 λοῖς
2435 2365 2525 2418 τὸν
2573 2368 2670 2418 τοῦ
2710 2364 3055 2438 γράμματος,
3110 2370 3224 2428 τοῖς
3256 2361 3313 2419 δὶ
3344 2365 3476 2442 ὑπὲρ
3499 2365 3628 2430 τοὺς
3661 2366 3918 2433 πολλοῦς

2264 2453 2355 2506 τὸν
2385 2457 2486 2507 τοῦ
2516 2452 2845 2526 πνεύματος.

508 2547 668 2603 omni
720 2546 848 2601 labe
896 2548 1231 2616 purgarent.
1285 2547 1359 2596 At
1406 2542 1654 2613 Moyses,
1686 2547 1744 2596 et
1773 2542 2058 2607 ascendit,
2090 2546 2146 2597 et
2176 2542 2390 2597 nubem
2442 2548 2725 2613 penetrat,
2755 2548 2813 2597 et
2842 2559 2978 2599 cum
3027 2542 3143 2599 Deo
3192 2545 3589 2616 congreditur,
3619 2552 3683 2602 et
3730 2547 3919 2621 legem

507 2635 739 2708 accipit,
782 2634 855 2688 iis
903 2634 1161 2703 quidem,
1197 2632 1298 2703 qui
1347 2648 1377 2687 e
1424 2630 1597 2703 vulgo
1654 2636 1813 2699 sunt,
1864 2630 2195 2697 litteralem,
2247 2631 2320 2686 iis
2366 2638 2584 2699 autem,
2619 2632 2718 2704 qui
2769 2648 2949 2704 supra
2996 2632 3205 2704 vulgus
3260 2640 3600 2707 assurgunt,
3632 2637 3922 2709 spiritua-

507 2724 642 2780 lem.

580 2811 675 2866 III.
699 2811 846 2865 Tum
871 2810 1046 2865 etiam
1076 2808 1243 2878 illud,
1260 2809 1415 2880 quod
1438 2807 1561 2863 Heli
1584 2808 1869 2863 sacerdoti
1890 2808 1954 2875 “,
1980 2811 2151 2878 atque
2183 2814 2225 2880 (ξς

509 2900 805 2971 aliquanto
836 2903 967 2971 post
995 2900 1119 2954 Ossa
1140 2898 1184 2932 ²⁵
1221 2897 1452 2966 accidit,
1476 2897 1777 2968 cognitum
1809 2901 1865 2951 et
1894 2896 2153 2968 explora-

509 2992 706 3045 ratum
742 2988 927 3043 habeo
974 3005 986 3043 :
1032 3003 1279 3059 quorum
1326 2985 1471 3041 alter
1501 2984 1736 3041 sceleris
1767 2984 1937 3040 etiam
1973 2985 2153 3051 illius,

510 3078 665 3149 quod
700 3077 803 3133 ﬁlii
835 3078 1111 3132 adversus
1145 3075 1431 3131 sacriﬁcia
1462 3074 1922 3141 committebant,
1956 3091 2157 3145 pcenas

511 3166 705 3234 solvit,
728 3166 904 3238 idque
925 3181 1056 3221 cum
1079 3180 1278 3221 eorum
1311 3164 1672 3235 impietatem
1705 3180 1818 3217 non
1846 3164 2019 3218 modo
2042 3179 2155 3218 non

511 3255 836 3327 probasset,
868 3272 1068 3310 verum
1117 3253 1291 3309 etiam
1341 3252 1596 3307 multum
1644 3268 1709 3307 ac
1758 3268 2156 3323 saepenumero

510 3344 672 3416 ipsos
702 3344 811 3399 hoc
842 3344 1076 3399 nomine
1123 3342 1521 3413 objurgasset;
1557 3340 1720 3409 alter,
1755 3341 1909 3411 quod
1961 3357 2156 3395 arcam

510 3432 703 3488 solum
735 3449 769 3487 a
794 3432 937 3487 bove
959 3432 1324 3495 distractam,
1348 3435 1586 3500 tangere
1615 3446 1795 3483 ausus
1817 3435 2001 3497 esset;
2028 3446 2155 3485 eam

512 3521 752 3593 quidem
798 3519 1153 3574 incolumem
1188 3517 1458 3583 servavit,
1480 3517 1605 3588 ipse
1622 3533 1755 3571 vero
1787 3517 2040 3585 interiit;
2075 3519 2158 3573 sic

511 3609 792 3666 nimirum
851 3613 997 3663 Deus
1046 3606 1475 3661 venerationem
1538 3622 1683 3661 arcas
1734 3622 1850 3661 sua:
1899 3607 2156 3662 debitam

510 3698 803 3755 tuebatur.
829 3698 977 3761 Quin
1011 3696 1149 3750 illud
1186 3712 1417 3766 quoque
1460 3694 1604 3749 mibi
1644 3699 2015 3767 perspectum
2049 3700 2157 3766 est,

511 3804 583 3844 ne
612 3786 863 3860 parietes
894 3785 1133 3856 quidem
1176 3782 1375 3855 templi
1419 3785 1762 3856 promiscuae
1794 3783 2160 3839 multitudini

512 3876 849 3948 contingere
908 3873 1179 3941 licuisse,
1240 3888 1422 3944 eaque
1478 3873 1548 3927 de
1600 3888 1779 3927 causa
1836 3873 2160 3945 parietibus

513 3964 668 4035 aliis,
700 3964 917 4035 quibus
957 3962 1041 4017 illi
1073 3962 1472 4034 cingerentur,
1504 3978 1651 4032 opus
1682 3960 1895 4016 fuisse:
1932 3978 2036 4017 nec
2065 3979 2159 4018 sa-

514 4053 733 4110 criﬁcia
788 4053 917 4125 ipsa
959 4069 992 4106 a
1039 4052 1275 4123 quibus,
1308 4055 1409 4106 aut
1457 4051 1711 4121 quando,
1746 4055 1847 4105 aut
1894 4050 1993 4105 ubi
2045 4067 2159 4106 non

515 4142 911 4211 conveniebat,
941 4140 1208 4195 consumi
1259 4138 1431 4193 solita
1480 4154 1608 4193 esse
1642 4156 1654 4194 :
1690 4139 1903 4192 nedum
1953 4139 2158 4209 cuivis,

2335 2812 2403 2862 I‘.
2450 2807 2705 2860 Γινώσκω
2756 2806 2813 2860 δὲ
2858 2804 3015 2863 Ἠλεῖ
3061 2807 3152 2861 τὸν
3192 2808 3359 2883 ἱερέα,
3405 2810 3494 2863 καὶ
3529 2809 3729 2885 μικρὰν
3763 2811 3920 2867 ὓστε-

2265 2914 2355 2968 ρον
2414 2895 2568 2963 Ὀζᾶν
2613 2914 2770 2949 τινα’
2815 2895 2906 2948 τὸν
2952 2896 3046 2967 μὲν
3095 2895 3184 2949 καὶ
3234 2896 3367 2972 ὑπὲρ
3414 2904 3517 2966 τῆς
3559 2902 3672 2952 τῶν
3705 2898 3918 2955 παίδων

2264 2984 2602 3058 παρανομίας
2661 2983 3023 3053 ἀπαιτηθέντα
3082 2981 3261 3057 δίκην,
3318 2988 3385 3055 ἣν
3466 2986 3724 3060 ἐτόλμων
3782 2992 3919 3045 κατὰ

2262 3076 2368 3126 τῶν
2400 3073 2615 3141 θυσιῶν,
2647 3072 2737 3126 καὶ
2772 3076 2937 3127 ταῦτα
2984 3072 3083 3128 οὐκ
3127 3071 3535 3150 ἀποδεχόμενον
3591 3077 3771 3132 αὐτῶν
3819 3081 3919 3148 τὴν

2266 3155 2528 3233 ἀσέϐειαν,
2580 3159 2724 3215 άλλά
2774 3160 2961 3217 πολλὰ
3005 3159 3278 3225 πολλάκις
3323 3162 3760 3237 ἑπιτιμήσαντα’
3819 3170 3911 3223 τὸν

2266 3247 2342 3321 δὲ,
2394 3248 2475 3303 δτι
2524 3257 2625 3319 τῆς
2681 3245 2920 3304 κιϐωτοῦ
2976 3254 3173 3323 ψαῦσαι
3218 3250 3507 3324 τολμήσας
3542 3254 3730 3327 μόνον,
3762 3277 3914 3333 περι-

2266 3338 2588 3408 σπασθείσης
2636 3339 2738 3393 ὑπὸ
2793 3344 2891 3393 τοῦ
2947 3339 3182 3416 μόσχου,
3238 3341 3338 3408 τήν
3391 3342 3487 3413 μὲν
3518 3345 3917 3418 περιεσώσατο,

2265 3426 2422 3489 αὐτὸς
2454 3424 2509 3481 δὲ
2536 3425 2810 3498 ἀπώλετο,
2845 3423 3204 3503 φυϐάσσοντος
3234 3425 3449 3499 δηλαδή
3630 3437 3731 3487 τοῦ
3776 3440 3917 3489 Θεοῦ

2264 3521 2332 3589 τῇ
2363 3511 2585 3589 κιϐωτῷ
2613 3516 2675 3571 τὸ
2707 3512 3023 3590 σεϐάσμιον.
3056 3514 3192 3575 Οἶδα
3224 3515 3268 3571 δ’
3295 3517 3399 3593 ἐγὼ
3453 3516 3593 3591 μηδὲ
3637 3524 3750 3576 τῶν
3802 3523 3917 3577 τοί-

2267 3625 2383 3681 χων
2411 3610 2508 3659 τοῦ
2537 3606 2685 3680 ἱεροῦ
2715 3608 2911 3679 ψαῦσαι
2954 3611 3072 3668 τοῖς
3117 3605 3357 3670 πολλοῖς
3404 3608 3462 3662 ὃν
3511 3608 3778 3686 ἀσφαλὲς,
3826 3612 3918 3666 καὶ

2269 3692 2357 3749 διὰ
2400 3698 2561 3749 τοῦτο
2606 3694 2800 3767 ἐτέρων
2853 3692 3148 3765 ἐδεήθησαν
3322 3694 3526 3771 τοίχων
3555 3702 3664 3751 τῶν
3698 3696 3919 3768 ἔξωθεν·

2272 3780 2413 3857 μηδὲ
2465 3784 2560 3845 τὰς
2613 3784 2798 3846 θυσίας
2851 3783 3035 3853 αὐτὰς,
3086 3785 3173 3861 ὑφ’
3201 3785 3300 3857 ὧν,
3350 3784 3441 3839 καὶ
3470 3785 3585 3854 ὅτε,
3612 3787 3710 3841 καὶ
3740 3788 3808 3843 οὗ
3843 3790 3921 3862 μὴ

2266 3874 2501 3941 καθῆκον
2564 3873 2653 3943 ἦν,
2709 3871 3126 3937 ἀναλίσκεσθαι·
3175 3872 3440 3928 τοσούτου
3496 3871 3607 3929 δεῖν
3668 3879 3809 3952 πρὸς
3863 3878 3929 3932 τὰ

2267 3963 2433 4034 ’Ἅγια
2460 3965 2570 4015 τῶτ
2603 3960 2767 4036 ἁγίων
2799 3967 3127 4039 προσφοιτᾲν
3160 3961 3484 4038 θαῤῥοῦντα,
3514 3962 3551 4032 ἦ
3582 3966 3703 4037 (57)
3730 3968 3795 4020 τὸ
3826 3988 3925 4021 κι-

2267 4049 2603 4121 ταπὲτασμα,
2633 4052 2667 4119 ἢ
2698 4050 2761 4104 τὸ
2794 4049 3131 4127 ἱλαστήριον,
3162 4053 3195 4120 ἣ
3218 4052 3318 4119 τὴν
3366 4046 3626 4123 κιϐωτὸν,
3676 4054 3715 4123 ἣ
3756 4075 3927 4127 προσ-

2271 4133 2489 4193 ϐλέπειν
2523 4138 2655 4192 εἶναι
2687 4138 2907 4212 παντὸς,
2940 4140 2974 4208 ἢ
2994 4139 3417 4215 προσάπτεσθαι.

514 4234 616 4285 aut
662 4230 874 4284 Sancta
921 4234 1278 4294 sanctorum,
1313 4233 1416 4282 aut
1460 4227 1742 4297 velamen,
1776 4235 1877 4283 aut
1924 4228 2419 4300 propitiatorium,
2464 4234 2565 4285 aut
2612 4245 2807 4285 arcam
2857 4230 3114 4302 denique
3160 4230 3341 4298 adire,
3374 4229 3463 4287 vel
3511 4236 3808 4303 spectare,
3842 4231 3929 4290 vel

513 4319 816 4389 attingere,
847 4317 1097 4374 liberum
1131 4316 1333 4372 fuisse.

584 4404 676 4461 IV.
700 4406 832 4469 Quaa
865 4422 997 4460 cum
1030 4406 1155 4477 ipse
1194 4404 1407 4474 norim,
1445 4403 1703 4474 illudque
1744 4409 2037 4476 praeterea,
2072 4422 2155 4461 ne-

2345 4412 2415 4463 A'.
2447 4409 2621 4458 Ταῦτα
2645 4403 2737 4459 οῦν
2782 4402 2937 4467 εἰδὼς
2988 4404 3119 4480 ἐγὼ,
3168 4406 3259 4461 καὶ
3303 4406 3387 4461 ’ὁτι
3422 4402 3618 4479 μηδεὶς
3649 4406 3804 4477 ἄξιος
3836 4414 3929 4463 τοῦ

510 4492 730 4549 minem
777 4509 989 4565 magno
1038 4496 1170 4561 Deo,
1197 4498 1255 4548 et
1303 4492 1610 4559 sacriﬁcio,
1641 4496 1697 4547 et
1744 4495 2016 4565 pontitice
2066 4494 2154 4550 di-

2270 4493 2513 4568 μεγάΛου
2557 4496 2711 4563 Θεοῦ,
2762 4491 2852 4547 καὶ
2903 4492 3143 4566 θύματος
3185 4496 3318 4567 (58),
3363 4492 3453 4548 καὶ
3504 4493 3843 4570 ἀρχιερὲως,
3873 4496 3929 4557 ὃς

575 4627 621 4662 ³³
651 4626 827 4682 Exod.
860 4644 976 4693 xxx,
1009 4627 1062 4681 3.
1140 4626 1187 4661 ³³
1216 4625 1363 4681 Ibid.
1400 4626 1484 4680 16.
1563 4626 1610 4660 ²⁴
1642 4627 1661 4680 Ι
1694 4626 1829 4698 Reg.
1864 4645 1942 4697 1v,
1976 4629 2043 4683 12
2073 4645 2155 4701 sqq

2280 4628 2326 4663 ³⁸
2356 4628 2401 4683 ΙΙ
2442 4631 2581 4699 Reg.
2614 4644 2691 4695 VI,
2722 4628 2777 4682 6.

577 4758 687 4829 (54)
722 4758 813 4826 Μή
854 4776 938 4829 με.
972 4759 1064 4813 Sic
1107 4758 1221 4813 duo
1271 4758 1474 4829 Regg.,
1508 4756 1622 4811 duo
1673 4758 1857 4825 Colb.,
1891 4759 1985 4817 Or.
2021 4762 2072 4828 1,
2105 4767 2163 4817 et

509 4829 769 4886 Combel‘.
804 4829 866 4900 _ln
883 4830 1014 4900 _ed.,
1050 4830 1209 4900 μήτε.

578 4900 691 4972 (55)
722 4897 967 4972 Δηλαδή.
1016 4897 1184 4957 Deest
1216 4900 1271 4954 in
1306 4899 1576 4970 pluribus
1608 4899 1777 4953 codd.

510 4969 686 5095 @256)
717 4969 1074 5041 Ἐδεήθησαν.
1109 4973 1233 5027 Duo
1275 4969 1478 5043 Regg.,
1510 4976 1628 5025 tres
1672 4972 1855 5041 Colb.,
1886 4979 1943 5027 et
1975 4973 2068 5030 Or.
2106 4976 2155 5044 1,

510 5062 531 5095 Ε
597 5062 753 5095 ησαν.

506 5056 628 5110 εοεη
638 5062 753 5098 σαν.

541 5117 688 5240 t(87)
850 5121 1018 5172 Deest
1064 5115 1122 5169 in
1172 5115 1401 5169 duobus
1458 5113 1659 5183 Regg.,
1692 5113 1935 5167 totidem
1968 5115 2151 5187 Colb.,

646 5204 691 5240 r.
764 5228 776 5241 .

505 5202 563 5241 ει
596 5202 691 5240 UI‘.
727 5202 776 5241 1.

573 5258 681 5328 (58)
718 5258 986 5329 Synodus
1018 5258 1146 5323 CP.,
1182 5272 1343 5329 anno,
1368 5254 1504 5329 1156
1545 5253 1762 5329 babita,
1798 5253 1950 5329 inter
1990 5260 2149 5313 testi-

502 5324 699 5384 monia
754 5324 957 5384 contra
1015 5328 1278 5383 haeresim
1324 5324 1606 5379 Sotericbi
1665 5325 1925 5379 sobolion
1983 5331 2149 5386 affert

499 5401 701 5455 Basilii
726 5401 955 5456 minimi
978 5402 1047 5454 ad
1077 5401 1225 5453 hunc
1249 5398 1466 5460 locum,
1489 5396 1588 5463 qui
1612 5395 1692 5449 sic
1715 5412 1776 5449 se
1806 5398 1980 5454 habet
2007 5420 2018 5457 :
2044 5406 2145 5454 Τοῦ

496 5471 765 5544 Θεολόγου
817 5470 875 5524 ἐκ
920 5475 1017 5544 τοῦ
1069 5468 1232 5544 λόγου
1279 5471 1475 5544 τοῦηοί
1516 5464 1641 5536 Περὶ
1694 5466 1997 5541 θεολογίας,
2054 5474 2143 5527 καὶ

493 5535 866 5601 καταστάσεως
917 5535 1257 5617 ἐπισκόπων,
1305 5562 1323 5585 ι
1382 5535 1661 5617 Κείμενον.
1706 5560 1732 5587 ι(
1766 5535 1882 5591 Τοῦ
1905 5542 2142 5617 μεγάλου

496 5615 763 5683 Θεοῦνκαὶ
814 5612 1050 5683 θύματος
1102 5612 1189 5665 καὶ
1235 5609 1575 5683 ἀρχιερέως..
1613 5632 1639 5657 ››
1708 5609 1995 5683 Ερμηνὲίά
2044 5621 2141 5671 τοῦ

494 5681 785 5759 ἐλαχίστου
818 5677 1125 5740 Βάσιλείον.
1160 5707 1185 5733 (ι
1221 5677 1471 5757 Μεγάλου
1525 5678 1617 5752 μὲν
1648 5677 1907 5737 Θεοῦτοῦ
1938 5688 2137 5763 Κυρίου

2271 4761 2427 4843 ἡμῶν
2480 4760 2658 4844 Ἰησοῦ
2715 4761 2949 4846 Χριστοῦ
2975 4756 3175 4846 Λλέγει,
3228 4757 3358 4846 ἀλλ’
3405 4756 3931 4846 οὐχὶ-τοῦΛΠατρὸξ

2269 4828 2360 4884 νῦν
2389 4850 2399 4862 '
2425 4833 2613 4921 γτοῦιτο
2667 4828 3037 4921 σημειούμεθα
3077 4828 3216 4905 πρὸς
3262 4829 3390 4921 tog:
3436 4828 3513 4921 ξδ’
3548 4828 3814 4921 Μεγάλου
3843 4828 3929 4902 ’τῷ

2276 4908 2312 4921 η
3240 4901 3269 4910 ~
3404 4908 3442 4921 ι.
3474 4905 3498 4915 -
3587 4903 3599 4919 η
3872 4909 3894 4917 -

2273 4901 2441 4990 ματρὶ
2493 4902 2669 4990 μόνω,
2699 4898 3151 4990 περιγράφοντας,
3197 4901 3276 4974 τῷ
3325 4898 3372 4990 θ’
3404 4902 3511 4990 Fit?
3540 4903 3608 4989 τά
3643 4898 3925 4990 ’δευτεραέ

2270 4922 2441 5027 ἓιατρι
2493 4922 2669 5025 using,
2699 4922 3151 4995 περιγραφοντας,
3197 4924 3276 4974 τῳ
3326 4922 3353 4954 ο
3407 4922 3511 4990 mp
3540 4922 3608 4989 τα
3643 4922 3923 4993 οξυτεραια

2307 4988 2515 5052 ιοοντας
2548 4992 2559 5003 ·
2647 4992 2870 5052 υματος
2902 4972 2959 5029 δὲ
3002 4994 3089 5028 και
3121 4973 3423 5052 ᾀρχιερὲως
3450 4993 3513 5028 το
3546 4993 3642 5044 μεν
3681 4995 3761 5052 ως
3784 4996 3923 5052 ’σφα-

2267 5044 2600 5119 γίασθέγτος,
2648 5043 2917 5119 ³ξοιῖμὺπέρ
2962 5052 3062 5119 τῆς
3118 5043 3390 5119 diem
3454 5043 3918 5119 προπγεχθένὲφς

2266 5112 2575 5193 σωτηρίαςξ
2622 5115 2685 5193 τᾷ
2734 5112 2790 5168 δὲ
2840 5112 2916 5193 ὡς
2963 5112 3070 5193 οὐχ
3118 5112 3459 5193 ὑπίᾶλλου,
3496 5112 3591 5192 ὕφ’
3629 5112 3832 5171 ἑαῖἰτοῦ
3860 5115 3916 5172 δὲ

2263 5184 2447 5266 ἑαυτὸν
2494 5184 2798 5266 τεθυκότος,
2832 5188 2920 5241 καὶ
2954 5184 3278 5266 είδσφαγήν
3338 5184 3584 5241 ἑκούσιόν
3634 5200 3916 5259 προτεθει-

2259 5261 2435 5319 κότος.
2466 5283 2486 5308 ι
2526 5260 2768 5333 ΤΙιεοᾲιοθι
2811 5276 2880 5314 ex
2908 5260 3158 5317 oratione
3191 5260 3289 5317 ὀε
3331 5261 3603 5333 theologia
3630 5267 3686 5316 et
3715 5265 3917 5333 ερὶεωο

2255 5349 2455 5404 porum
2483 5331 2887 5404 constitutione.
2921 5334 3139 5389 Textus
3168 5349 3180 5387 :
3206 5332 3463 5404 «Magni
3494 5332 3592 5387 Dei
3624 5339 3685 5387 et
3716 5331 3916 5389 hostis:

2257 5402 2313 5459 et
2344 5402 2654 5473 pontiﬁcis.
2684 5424 2711 5449 ››
2740 5402 2937 5458 Basilii
2988 5405 3217 5459 minimi
3247 5402 3657 5474 interpretatio
3695 5421 3711 5457 :
3741 5426 3771 5456 σ
3796 5404 3916 5459 Μι-

2298 5492 2436 5554 num
2490 5474 2728 5554 quidem
2779 5479 2981 5544 Deum,
3015 5478 3328 5533 Dominum
3380 5475 3913 5554 nostrumnlesum

2299 5548 2547 5601 hristum
2586 5544 2747 5610 dicit,
2782 5563 2895 5601 non
2945 5554 3143 5604 tamen
3192 5563 3349 5604 nunc
3379 5546 3633 5602 Patrem.
3671 5545 3793 5602 Hoc
3842 5548 3912 5603 ad

2252 5624 2523 5689 notamus
2582 5617 2867 5673 adversus
2922 5618 3054 5676 illos
3096 5620 3197 5689 qui
3226 5617 3580 5677 vocabulum
3639 5621 3912 5689 Magnum

2251 5688 2405 5746 Patri
2458 5692 2689 5743 tantum
2746 5688 3069 5764 ascribunt,
3102 5688 3244 5748 Filio
3300 5696 3499 5748 autem
3556 5688 3760 5763 partes
3815 5705 3912 5746 εο-
