4138 6212
326 418 485 483 1069

1059 412 1351 477 ORATIO
1394 410 1524 476 XX.
1557 416 1764 477 -ΒΕ
1808 412 2158 478 DOGMAT.
2204 416 2304 478 ET
2348 419 2703 482 CONSTlT.
2750 420 2995 483 EPISC.

3571 424 3729 485 1070

329 550 406 623 μή
464 546 729 625 πρότερον
783 545 968 602 ὶαυτὸν
1018 544 1321 620 παρέστησε
1366 549 1446 617 τῷ
1494 550 1609 617 Θεῷ
1640 545 1822 602 Θυσίαν
1858 550 1970 615 ζῶ-

2092 565 2265 621 gnum
2296 566 2446 620 esse,
2469 551 2569 623 qui
2602 553 2839 624 quidem
2892 553 3056 625 prius
3088 558 3201 609 Deo
3250 553 3503 611 hostiam
3534 556 3727 612 viven-

329 659 448 709 σαν,
482 635 692 711 μᾶλλον
727 632 804 704 δὲ,
835 636 980 707 ναὸς,
1014 636 1167 709 ἅγιος
1200 633 1410 709 ἰγὲνετο
1449 640 1583 690 Θεοῦ
1632 640 1831 704 ζῶντος
1880 637 1970 691 καὶ

332 732 434 797 ζῶν
461 746 474 759 ο
507 730 625 789 πῶς
655 726 689 794 ἢ
741 724 899 785 αὐτὸς
928 722 1241 800 προχείρως
1270 721 1656 799 ἑγχειρήσαιμι
1685 730 1801 787 τοῖς
1848 725 1971 798 περὶ

328 819 463 874 Θεοῦ
519 814 733 889 λόγοις,
790 815 826 883 ἢ
886 809 1232 885 ἀποδέξωμαι
1287 814 1398 887 (59)
1452 814 1544 867 τὸν
1619 812 1975 890 ἐγχειροῦντα

328 903 601 983 θρασέωςς
633 904 742 957 Οὐκ
773 901 1046 964 ἐπαινετὸς
1079 902 1107 955 6
1151 900 1319 963 πόθος
1344 921 1357 933 ⁵
1410 896 1639 979 φοϐερὸν
1684 904 1748 957 τὸ
1796 902 1972 978 ἔγχεε.

329 1015 502 1074 ρημα.
554 992 653 1048 Καὶ
700 990 791 1047 διὰ
834 995 995 1046 τοῦτο
1042 990 1332 1066 καθαρτὲον
1371 990 1555 1045 ἑαυτὸν
1587 995 1827 1067 πρῶτον,
1861 991 1976 1046 εἶτα

325 1085 406 1158 τῷ
435 1081 656 1160 καθαρῷ
702 1078 1141 1156 προσομιλητὲον
1170 1098 1182 1112 ’
1235 1080 1281 1135 εί
1336 1080 1410 1152 μὴ
1456 1078 1756 1153 μέλλοιμεν
1786 1081 1849 1135 τὸ
1880 1085 1975 1135 τοῦ

328 1174 523 1232 Matqu
573 1170 871 1242 πείσεσθαι,
918 1168 1008 1224 καὶ
1057 1168 1225 1242 λὲξειν
1280 1170 1389 1243 (60)
1442 1167 1494 1224 ἐν
1526 1168 1788 1247 φαντασίᾳ
1840 1174 1975 1225 Θεοῦ

328 1262 609 1339 γενόμενοι
656 1262 787 1334 (61)’
838 1256 1258 1331 Ἀπολώλαμεν,
1310 1258 1355 1311 ὧ
1398 1257 1578 1332 γύναι,
1628 1259 1754 1313 Θεὸν
1802 1257 1976 1334 ζωρά-

327 1372 520 1425 καμεν,
551 1351 608 1418 ἢ,
655 1349 729 1410 ὡς
772 1347 995 1422 Πέτρος,
1051 1346 1470 1419 ἀποπέμψασθαι
1503 1348 1617 1419 (62)
1646 1351 1744 1402 τοῦ
1774 1346 1975 1403 πλοίου

323 1442 415 1497 τὸν
447 1441 683 1509 Ἰησοῦν,
712 1438 786 1499 ὡς
818 1435 917 1491 οὐκ
946 1432 1083 1506 ἄξιοι
1133 1435 1395 1505 τοιαύτης
1427 1433 1721 1508 ἐπίδημίας
1748 1454 1761 1466 ·
1808 1438 1867 1509 ἢ,
1900 1437 1977 1491 ὡς

329 1532 359 1584 6
405 1527 797 1602 ἑκατόνταρχος
848 1523 1069 1593 ἰκεῖνος,
1115 1525 1214 1592 τήν
1269 1525 1363 1597 μὲν
1411 1523 1696 1599 θεραπείαν
1742 1524 1977 1593 ἀπαιτή-

330 1639 440 1674 σιιν
476 1619 609 1692 (63),
638 1616 730 1670 τὸν
783 1615 1112 1687 θεραπευτὴν
1160 1610 1219 1667 δὲ
1266 1613 1366 1668 οὐκ
1412 1610 1761 1684 εἰσδέξασθαι.
1811 1612 1977 1689 Λεγέ-

326 1730 407 1763 τω
452 1727 539 1768 τις
584 1704 674 1760 καὶ
704 1705 887 1777 ἡμῶν,
920 1699 1023 1764 ἕως
1056 1701 1195 1757 ἐστὶν
1229 1701 1645 1779 ἰκατόνταρχος,
1676 1702 1766 1757 καὶ
1797 1701 1981 1758 πλειό-

330 1818 434 1851 νων
487 1795 539 1850 tv
600 1792 762 1863 κακίᾳ
814 1795 1048 1867 κρατῶν,
1080 1790 1169 1845 καὶ
1223 1789 1302 1845 ἔτι
1345 1791 1763 1867 στρατευόμενος
1792 1791 1982 1846 Καίσαρ

332 1885 493 1961 ριτῷ
523 1879 926 1957 κοσμοκράτορι
968 1884 1074 1933 τῶν
1119 1880 1267 1933 κάτω
1318 1880 1627 1955 συρομίνων
1653 1900 1665 1913 ο
1718 1878 1827 1935 Ούκ
1865 1879 1978 1952 εἰμὶ

330 1973 536 2044 ἱκανὸς,
569 1969 664 2025 ἵνα
724 1990 828 2043 μου
880 1968 982 2023 ὑπὸ
1030 1970 1130 2037 τὴν
1183 1969 1372 2043 στέγην
1425 1968 1684 2043 εἰσέλθῃς.
1726 1972 1885 2024 ’Ὀταν
1919 1967 1977 2024 δὲ

330 2064 540 2133 Ἰησοῦν
572 2060 869 2131 θεάσωμαι,
918 2056 1094 2112 καίτοι
1149 2058 1341 2129 μικρὸς
1370 2056 1442 2111 ὥν
1476 2058 1572 2126 τὴν
1605 2059 1973 2131 πνευματικὴν

332 2150 577 2222 ἠλικίαν,
609 2148 682 2211 ὡς
712 2149 740 2203 6
771 2151 1043 2221 Ζακχαῖος
1074 2145 1297 2215 ἐκεῖνος,
1329 2146 1418 2201 καὶ
1452 2146 1584 2219 ὑπὲρ
1614 2147 1713 2216 τήν
1738 2168 1975 2221 συκομο-

334 2240 456 2317 ρέαν
513 2238 679 2314 ἆρθῶ,
737 2235 1010 2311 νεκρώσας
1054 2234 1121 2289 τὰ
1171 2234 1312 2307 μὲλη
1360 2236 1428 2289 τὰ
1476 2234 1562 2290 ἰπὶ
1601 2242 1701 2305 τῆς
1732 2242 1853 2311 γῆς,
1886 2237 1977 2292 καὶ

339 2328 577 2404 μαράνας
624 2325 736 2400 (64)
780 2324 843 2378 τὸ
899 2326 1061 2396 σῶμα
1106 2329 1206 2392 τῆς
1253 2323 1627 2386 ταπεινώσεως
1658 2345 1671 2359 ·
1721 2323 1844 2380 τότε
1885 2324 1975 2380 καὶ

330 2418 542 2486 Ἰησοῦν
576 2410 901 2485 εἰσδέξομαι,
931 2411 1022 2466 καὶ
1052 2410 1354 2485 ἀκούσομαι
1379 2430 1391 2443 ·
1434 2414 1686 2489 Σήμερον
1735 2413 1977 2489 σωτηρία

329 2510 409 2578 τῷ
437 2501 573 2577 οἴκῳ
600 2502 781 2574 τούτῳ
806 2517 820 2532 ·
869 2501 959 2555 καὶ
1000 2507 1102 2569 τῆς
1154 2499 1428 2577 σωτηρίας
1456 2500 1735 2574 τεύξομαι,
1764 2502 1855 2557 καὶ
1886 2524 1975 2580 φι-

331 2592 631 2672 λοσοφήσω
670 2592 737 2645 τὰ
780 2589 1104 2662 τελεώτερα,
1156 2589 1461 2663 σκορπίζων
1500 2590 1685 2653 καλῶς
1725 2590 1757 2645 ἃ
1793 2596 1974 2654 κακῶς

331 2685 658 2758 συνήγαγον,
692 2676 798 2734 εἷ’τε
828 2680 939 2754 χρή
952 2698 1112 2751 ματα,
1145 2678 1252 2733 εἷ’τε
1280 2675 1543 2754 δόγματα.

2084 644 2199 693 tem
2259 640 2520 712 seipsum
2579 659 2693 698 non
2752 643 3081 699 exhibuerit
3101 644 3166 712 ²⁶,
3222 648 3344 709 aut,
3395 649 3460 699 ut
3516 646 3731 702 rectius

2082 726 2309 798 loquar,
2334 729 2435 784 Dei
2466 729 2571 784 vivi
2605 730 2894 803 templum
2926 737 3193 788 sanctum
3240 749 3306 788 ac
3351 733 3545 788 vivum
3568 736 3609 769 ²⁷
3640 734 3731 791 fa-

2084 820 2213 871 ctus
2244 816 2350 884 sit;
2384 818 2483 889 qui
2513 820 2749 874 tandem
2782 820 2906 875 ﬁeri
2938 821 3142 891 possit,
3174 827 3239 876 ut
3266 821 3354 877 vel
3383 821 3510 894 ipse
3539 838 3731 893 prom-

2085 911 2180 977 pto
2212 908 2407 962 animo
2431 908 2501 963 de
2531 908 2646 965 Deo
2670 908 3127 981 disputationem
3163 909 3374 966 habere
3402 911 3729 984 aggrediar,

2083 994 2173 1050 vel
2201 999 2419 1051 temere
2467 997 2900 1068 aggredientem
2933 1000 3218 1070 probem?
3249 1000 3568 1055 Laudande
3615 1016 3733 1055 non

2085 1088 2174 1139 est
2204 1083 2325 1139 haec
2354 1085 2681 1157 cupiditas;
2731 1086 3095 1157 periculosus
3143 1104 3209 1142 ac
3258 1089 3612 1144 metuendus
3640 1088 3735 1143 hic

2086 1177 2353 1228 conatus.
2376 1174 2455 1229 Ac
2478 1173 2717 1244 proinde
2745 1175 2982 1247 purgari
3006 1192 3112 1230 nos
3136 1179 3271 1231 ante
3294 1180 3539 1247 oportet,
3564 1180 3737 1249 atque

2086 1260 2167 1316 ita
2195 1262 2407 1317 deinde
2452 1263 2508 1317 in
2541 1261 2722 1329 illius,
2747 1262 2847 1333 qui
2892 1280 3075 1334 purus
3125 1267 3237 1331 est,
3270 1280 3653 1337 congressum
3683 1269 3738 1321 et

2087 1348 2446 1421 colloquium
2494 1350 2719 1419 venire;
2761 1368 2835 1407 ne
2892 1351 3109 1423 alioqui
3161 1351 3329 1408 nobis
3377 1353 3532 1408 idem
3583 1354 3739 1425 quod

2088 1440 2318 1507 Manue,
2353 1439 2602 1509 accidat,
2636 1457 2700 1495 ac
2752 1440 2853 1496 Dei
2884 1441 3105 1496 visione
3156 1441 3482 1511 perstrictis
3530 1441 3737 1509 oculis,

2088 1527 2355 1583 dicamus
2380 1546 2393 1584 :
2420 1530 2717 1594 Periimus,
2745 1530 2986 1592 mulier;
3007 1530 3160 1584 378
3190 1532 3365 1585 Deum
3396 1529 3633 1585 vidimus
3655 1531 3697 1565 ³⁸
3723 1547 3737 1585 :

2089 1621 2211 1684 aut,
2244 1617 2400 1673 Petri
2456 1618 2645 1673 instar
2663 1619 2726 1688 ³³,
2757 1618 2960 1674 Jesum
3007 1636 3041 1673 a
3089 1619 3319 1691 navigio
3378 1619 3737 1691 ablegemus,

2090 1710 2373 1778 tanquam
2405 1706 2749 1778 hujusmodi
2780 1708 3093 1778 presentia
3122 1708 3365 1763 minime
3395 1708 3557 1780 digni
3590 1726 3602 1763 :
3639 1713 3741 1765 aut

2090 1795 2361 1866 denique,
2399 1802 2461 1850 ut
2490 1796 2755 1851 centurio
2784 1795 2883 1851 ille
2915 1795 3263 1851 medicinam
3297 1797 3528 1865 quidem
3564 1813 3735 1868 expo-

2091 1899 2347 1951 scamus,
2381 1884 2670 1939 medicum
2703 1889 2899 1940 autem
2932 1885 3171 1939 minime
3203 1885 3607 1940 admittamus.
3643 1886 3737 1940 Di-

2087 1978 2179 2027 cat
2200 1973 2376 2029 etiam
2400 1973 2715 2045 quisquam
2737 1977 3027 2040 nostrum,
3051 1973 3315 2044 quandiu
3338 1974 3601 2029 centurio
3627 1978 3736 2045 est,

2087 2061 2325 2134 Vitiique
2382 2061 2693 2134 imperium
2751 2060 2904 2117 inter
2952 2061 3170 2117 multos
3218 2066 3394 2130 tenet,
3431 2061 3741 2133 adhucque

2085 2151 2197 2206 sub
2244 2150 2487 2221 Caesare,
2521 2150 2631 2206 hoc
2676 2154 2787 2217 est,
2821 2150 3027 2205 mundi
3078 2149 3362 2221 principe,
3412 2154 3589 2221 atque
3642 2167 3737 2206 eo-

2087 2256 2239 2307 rum,
2273 2240 2374 2312 qui
2403 2240 2569 2295 humi
2617 2244 2863 2311 serpunt
2910 2239 3282 2310 imperatore,
3312 2238 3605 2310 stipendia
3652 2239 3736 2296 fa-

2085 2329 2164 2384 cit
2196 2346 2208 2384 :
2242 2329 2361 2385 Non
2388 2344 2511 2383 sum
2539 2329 2757 2400 dignus,
2788 2332 2849 2383 ut
2878 2330 3054 2384 intres
3095 2329 3195 2383 sub
3238 2332 3437 2384 tectum
3466 2344 3651 2383 meum
3670 2328 3735 2385 ³ο.

2084 2420 2227 2473 Cum
2259 2422 2453 2474 autem
2491 2418 2696 2474 Jesum
2729 2433 3103 2488 conspexero,
3127 2416 3395 2488 quamvis
3444 2416 3738 2488 spirituali

2084 2511 2312 2563 statura
2343 2523 2577 2578 parvus,
2612 2510 2675 2562 ut
2712 2505 2810 2561 ille
2838 2506 3132 2575 Zachaaus,
3168 2520 3234 2560 ac
3263 2520 3442 2577 super
3470 2521 3737 2578 sycomo-

2084 2611 2216 2650 rum
2248 2599 2483 2650 evectus
2532 2594 2693 2649 fuero
2713 2593 2779 2661 ⁸¹,
2813 2593 3180 2649 mortiﬁcatis
3220 2592 3500 2648 nimirum
3551 2608 3737 2648 mem-

2083 2682 2227 2748 bris,
2251 2698 2377 2754 quas
2426 2686 2567 2738 sunt
2613 2698 2791 2754 super
2821 2686 3038 2737 terram
3061 2683 3130 2751 ³³,
3156 2687 3333 2752 atque
3381 2680 3739 2738 humilitatis

330 2789 571 2847 corpore
603 2771 916 2827 reformato
939 2772 1007 2836 ³³,
1042 2774 1168 2824 tum
1198 2785 1331 2825 vero
1381 2776 1437 2825 et
1483 2770 1684 2825 Jesum
1735 2771 2039 2842 excipiam,
2073 2776 2129 2828 et
2159 2772 2391 2828 audiam
2427 2788 2440 2827 :
2472 2772 2661 2842 Hodie,
2689 2773 2841 2829 salus
2887 2772 3019 2827 huic
3065 2772 3350 2839 domui“;
3387 2776 3445 2827 et
3490 2770 3739 2828 salutem

330 2862 647 2934 adipiscar,
679 2862 734 2914 et
764 2856 1107 2929 perfectiora
1135 2856 1236 2912 illa
1266 2857 1461 2912 ofﬁcia
1488 2859 1704 2915 curabo
1735 2862 1913 2930 atque
1941 2875 2246 2931 exsequar,
2283 2859 2549 2931 praeclare
2580 2877 2864 2932 spargens
2893 2877 3020 2932 qua
3062 2860 3340 2916 scelerate
3369 2859 3739 2933 collegeram,

331 2952 451 3007 sive
480 2948 782 3021 pecunias,
815 2946 934 3001 sive
962 2946 1257 3018 dogmata.

402 3039 478 3094 E'.
525 3036 671 3091 Ἐπεὶ
717 3032 775 3089 δὲ
826 3033 1229 3105 ἀνεκαθήραμεν
1279 3033 1359 3105 τῷ
1390 3032 1541 3109 λόγῳ
1569 3034 1659 3088 τὸν
1695 3033 1974 3111 θεόλογον,

2160 3038 2227 3095 ν.
2262 3038 2549 3102 Quoniam
2601 3042 2799 3092 autem
2832 3054 3100 3093 sermone
3129 3037 3486 3109 Theologum
3536 3054 3737 3110 repur—

336 3128 464 3206 φὲρε
493 3122 560 3193 δὴ
590 3125 680 3178 καὶ
709 3122 833 3197 περὶ
864 3125 997 3177 Θεοῦ
1028 3121 1101 3183 ὡς
1135 3120 1185 3174 ἐν
1224 3122 1420 3197 βραχεῖ
1451 3120 1831 3197 διαλεχθῶμεν
1842 3167 1856 3193 ν
1888 3123 1982 3178 αὖ-

337 3220 414 3287 τῷ
469 3212 549 3286 τῷ
605 3211 798 3287 Πατρὶ,
846 3211 936 3266 καὶ
984 3214 1061 3282 τῷ
1110 3211 1239 3283 Υἱῷ,
1289 3211 1378 3265 καὶ
1426 3215 1505 3282 τῷ
1545 3212 1682 3287 ἁγίῳ
1712 3211 1981 3285 Πνεύματι

340 3303 731 3381 θαρρήσαντες,
773 3299 897 3375 περὶ
948 3300 1020 3354 ὧν
1063 3300 1090 3352 6
1140 3298 1326 3375 λόγος.
1369 3296 1623 3375 Εῦχομαι
1671 3298 1728 3355 δὲ
1772 3300 1835 3355 τὸ
1882 3305 1981 3355 τοῦ

312 3390 690 3466 Σολομῶντος
720 3390 927 3460 παθεῖν,
965 3387 1133 3461 μηδὲν
1168 3385 1305 3442 ἴδιον
1350 3388 1598 3459 ἐννοῆσαι
1648 3390 1772 3465 περὶ
1823 3394 1980 3460 Θεοῦ,

331 3479 473 3556 μηδὶ
529 3478 874 3558 φθέγξασθαι.
939 3479 1104 3534 Ὅταν
1174 3477 1273 3553 γὰρ
1339 3476 1497 3554 λέγῃ,
1559 3479 1980 3556 Ἀφρονὲστατος

328 3572 433 3648 γάρ
502 3568 617 3642 εἶμι
695 3566 911 3622 πάντωτ
986 3565 1303 3641 ἀνθρώπων,
1389 3567 1479 3620 καὶ
1556 3567 1817 3643 φρόνησις
1894 3568 1981 3622 ἀν-

333 3660 557 3736 θρώπου
588 3657 687 3713 ούκ
714 3653 854 3711 ἔστιν
884 3654 1008 3728 ἐμοὶ
1064 3656 1197 3728 (65(,
1231 3654 1330 3709 οὐκ
1369 3656 1481 3728 (66)
1530 3655 1804 3710 ἀσυνεσίαν
1852 3658 1976 3711 ἐαυ-

322 3753 422 3805 τοῦ
453 3745 630 3819 δήπου
679 3745 1100 3821 καταγινώσκων
1149 3743 1309 3799 τοῦτό
1359 3764 1538 3821 φησιν.
1590 3748 1713 3806 Πῶς
1758 3745 1885 3820 γὰρ,
1919 3744 1979 3808 ὅς

323 3858 387 3914 γε
411 3840 573 3892 τοῦτο
621 3834 710 3889 καὶ
763 3835 873 3908 (67)
923 3830 1094 3908 ᾔτησε
1145 3833 1291 3904 παρὰ
1339 3836 1473 3887 Θεοῦ
1511 3832 1616 3906 πρὸ
1646 3835 1846 3895 παντὸς
1880 3832 1977 3889 ἅλ-

321 3926 441 3997 λου,
472 3924 562 3979 καὶ
618 3917 781 3979 ἔλαϐε
833 3920 1046 4001 σοφίαν,
1092 3920 1183 3975 καὶ
1215 3920 1462 3994 θεωρίαν,
1495 3920 1585 3975 καὶ
1614 3920 1820 3983 πλάτος
1847 3941 1977 3997 καρ-

327 4009 466 4086 δίας,
522 4014 754 4087 ψάμμου
810 4009 1219 4084 πλουσιώτερον
1279 4030 1339 4065 τε
1394 4008 1483 4064 καὶ
1543 4006 1976 4086 δαψιλέστερον;

332 4102 432 4157 Καὶ
465 4103 493 4158 6
541 4105 800 4157 τοσοῦτον
850 4098 1033 4175 σοφὸς,
1090 4097 1181 4153 καὶ
1227 4097 1483 4167 τοιαύτης
1524 4098 1838 4173 τετυχηκὼς
1871 4096 1976 4153 δω-

330 4197 478 4267 ρεᾶς,
528 4195 644 4253 πῶς
694 4188 1084 4267 ἀφρονέστατον
1132 4188 1317 4243 ἑαυτὸν
1370 4188 1725 4261 πάντων
1775 4187 1977 4261 ὀνομά-

347 4286 457 4351 ζει;
488 4286 575 4342 Ὧς
608 4279 705 4335 οὐκ
734 4278 877 4354 ἔχων
914 4275 1050 4332 ἰδίαν
1084 4274 1298 4346 δηλαδὴ
1332 4276 1615 4355 φρόνησιν,
1659 4276 1977 4352 ἐνεργούμε-

328 4390 419 4432 νος
454 4367 511 4424 δὲ
538 4370 638 4437 τὴν
686 4367 829 4431 θείαν
876 4387 935 4421 τε
981 4364 1071 4420 καί
1118 4364 1469 4442 τελεωτέραν.
1513 4364 1610 4421 Καὶ
1640 4365 1741 4440 γὰρ
1774 4366 1801 4419 ὁ
1832 4370 1975 4420 Παῦ-

330 4459 427 4520 λος
453 4455 655 4532 λέγων,
687 4460 771 4510 Ζῶ
801 4452 879 4523 δὶ,
913 4454 1012 4509 οῦκ
1051 4451 1128 4510 ἔτι
1178 4454 1305 4531 ἐγὼ,
1359 4459 1422 4524 ζῆ
1474 4451 1531 4509 δὲ
1579 4453 1630 4509 ἰν
1682 4453 1805 4511 ἰμοὶ
1852 4460 1978 4525 Χρι-

328 4548 475 4619 στὸς,
532 4545 638 4621 οὐχ
685 4545 759 4606 ὡς
814 4543 936 4619 περὶ
984 4547 1174 4617 νεκροῦ
1212 4544 1427 4605 πάντως
1460 4544 1649 4598 ἑαυτοῦ
1680 4540 1973 4619 διελέγετο,

326 4633 455 4691 ἀλλ’
486 4635 561 4696 ὡς
595 4638 800 4703 ζῶντος
829 4631 1113 4707 κρείσσονα
1142 4636 1248 4686 τῶν
1289 4629 1517 4686 πολλῶν
1549 4632 1716 4701 ζωὴν,
1746 4636 1825 4703 τῷ
1859 4653 1979 4704 μετ-

327 4720 610 4800 ειληφέναι
641 4727 743 4790 τῆς
774 4719 946 4782 ὅντως
981 4725 1145 4791 ζωῆς,
1178 4720 1267 4774 καὶ
1314 4717 1501 4793 μηδενὶ
1554 4719 1764 4792 θανάτῳ
1810 4740 1975 4796 περα-

2091 3127 2381 3199 gavimus,
2405 3143 2523 3198 age,
2542 3128 2657 3197 jam
2682 3127 2752 3181 de
2774 3126 2888 3181 Deo
2913 3124 3116 3197 paucis
3141 3125 3524 3195 disseramus,
3547 3125 3737 3197 ipsius

2090 3214 2280 3272 Patris
2330 3214 2575 3287 Filiique
2602 3219 2660 3269 et
2689 3214 2875 3270 sancti
2904 3215 3178 3286 Spiritus,
3203 3215 3273 3269 de
3302 3215 3515 3284 quibus
3562 3216 3737 3272 verba

2091 3304 2299 3360 facturi
2329 3320 2559 3373 sumus,
2580 3302 2795 3359 auxilio
2832 3304 2959 3359 freti
2993 3308 3167 3375 atque
3187 3302 3443 3359 subnixi.
3472 3303 3733 3375 Optarim

2089 3397 2288 3448 autem
2331 3392 2486 3448 idem
2536 3392 2680 3446 mihi
2715 3392 3049 3463 contingere
3078 3392 3231 3463 quod
3279 3391 3594 3462 Salomoni,
3627 3392 3736 3449 hoc

2087 3486 2196 3552 est,
2222 3485 2286 3536 ut
2315 3482 2387 3537 de
2419 3482 2530 3536 Deo
2562 3480 2706 3535 nihil
2741 3496 2938 3536 meum
2991 3497 3056 3536 ac
3106 3481 3429 3553 proprium,
3462 3481 3551 3537 vel
3579 3481 3736 3553 cogi-

2085 3575 2225 3637 tem,
2256 3569 2346 3625 vel
2374 3569 2602 3641 loquar.
2638 3568 2779 3625 Nam
2815 3586 2948 3624 cum
2979 3569 3073 3625 his
3103 3569 3295 3626 verbis
3324 3570 3510 3625 utitur
3542 3585 3556 3625 :
3589 3569 3738 3625 Stul-

2084 3660 2332 3714 tissimus
2360 3675 2486 3714 sum
2543 3660 2791 3714 omnium
2820 3657 3128 3725 hominum,
3161 3661 3211 3713 et
3235 3659 3532 3730 prudentia
3561 3657 3738 3712 homi-

2084 3750 2175 3803 nis
2203 3765 2318 3802 non
2344 3752 2421 3802 est
2451 3748 2513 3803 in
2539 3763 2627 3802 me
2648 3747 2715 3814 ³⁵,
2748 3746 3205 3817 haudquaquam
3247 3746 3474 3801 scilicet
3523 3746 3645 3800 haec
3674 3761 3741 3800 eo

2088 3836 2250 3901 dicit,
2301 3835 2455 3907 quod
2508 3834 2851 3890 stoliditatis
2901 3835 3162 3905 seipsum
3215 3835 3578 3889 condemnet.
3612 3832 3744 3901 (Qui

2086 3923 2241 3978 enim
2274 3922 2456 3989 istud,
2491 3938 2625 3977 cum
2659 3937 2789 3976 eam
2842 3938 2958 3992 pres
2990 3921 3121 3976 aliis
3178 3920 3455 3976 omnibus
3508 3920 3682 3975 rebus
3713 3936 3747 3974 a

2087 4011 2204 4066 Deo
2252 4010 2631 4082 postulasset,
2678 4026 2743 4065 ac
2795 4009 3145 4081 sapientiam
3194 4014 3254 4064 et
3302 4008 3746 4080 contemplatio-

2088 4116 2243 4169 nem,
2272 4104 2329 4155 et
2356 4098 2550 4155 cordis
2582 4098 2958 4154 latitudinem
2994 4114 3170 4154 arena
3200 4097 3383 4153 maris
3418 4096 3747 4152 uberiorem

2087 4193 2262 4261 atque
2309 4187 2691 4258 copiosiorem
2746 4186 3128 4259 accepisset?)
3160 4186 3268 4252 Qui
3324 4186 3390 4241 ﬁt
3445 4184 3647 4257 igitur,
3680 4188 3748 4239 ut

2084 4278 2173 4332 vir
2209 4291 2395 4348 usque
2428 4276 2570 4331 adeo
2615 4275 2873 4347 sapiens,
2907 4279 3083 4345 atque
3136 4275 3472 4346 hujusmodi
3521 4272 3746 4328 benefi-

2086 4365 2244 4421 cium
2279 4370 2652 4431 consecutus,
2684 4363 2950 4419 omnium
2996 4363 3420 4419 stultissimum
3450 4379 3513 4418 se
3543 4361 3743 4434 appel-

2084 4453 2197 4509 let?
2227 4454 2344 4509 Hoc
2375 4452 2498 4508 vult
2541 4451 2845 4517 nimirum,
2870 4452 3166 4523 propriam
3221 4467 3283 4507 se
3336 4450 3558 4506 nullam
3609 4467 3746 4521 pru-

2084 4543 2344 4598 dentiam
2378 4541 2610 4606 habere,
2639 4541 2740 4595 sed
2776 4539 2972 4595 divina
3018 4547 3076 4595 et
3123 4540 3452 4613 perfectiori
3503 4539 3750 4610 sapien-

2086 4633 2167 4687 tia
2198 4630 2403 4686 afflari.
2430 4629 2733 4700 Siquidem
2784 4634 2840 4684 et
2890 4628 3129 4699 Paulus,
3163 4645 3296 4684 cum
3349 4629 3583 4684 aiebat:
3626 4627 3752 4683 Vivo

2087 4730 2293 4790 autem,
2324 4735 2436 4776 non
2472 4719 2597 4789 jam
2634 4734 2753 4787 ego,
2789 4719 2925 4774 vivit
2953 4734 3077 4773 vero
3132 4720 3192 4773 in
3249 4734 3336 4773 me
3394 4716 3641 4773 Christus
3663 4716 3747 4782 9“;

402 4840 447 4874 ”
479 4839 646 4894 Rom.
678 4836 862 4903 x11,1.
942 4837 985 4871 ³⁷
1018 4837 1063 4891 ΙΙ
1095 4836 1223 4892 Cor.
1272 4854 1354 4900 v1.
1405 4837 1493 4893 16.
1570 4837 1612 4871 ⁸⁸
1643 4837 1839 4893 Judic.
1889 4854 2016 4899 xm.
2065 4838 2155 4891 22.
2234 4837 2281 4871 ’9
2314 4836 2452 4890 Luc.
2503 4850 2559 4902 v,
2607 4834 2663 4891 8.
2743 4834 2787 4868 ³ο
2820 4833 3025 4888 Matth.
3075 4850 3197 4898 vm,
3245 4833 3300 4889 8.
3375 4833 3418 4867 ³¹
3455 4832 3593 4888 Luc.
3635 4847 3753 4902 x11,

327 4912 365 4965 2
393 4927 557 4983 seqq.
632 4909 679 4944 ³³
706 4907 930 4964 Coloss.
963 4924 1048 4979 ιιι,
1078 4908 1133 4963 5.
1212 4908 1257 4943 ³³
1288 4908 1543 4981 Philipp.
1578 4926 1663 4978 ιιι,
1694 4909 1785 4963 21.
1863 4909 1908 4944 ³⁸
1942 4910 1978 4963 L

2109 4924 2227 4972 χιχ,
2257 4907 2310 4960 9.
2389 4906 2434 4939 ³⁸
2464 4909 2632 4961 Prov.
2666 4921 2797 4971 xxx,
2827 4906 2880 4959 2.
2959 4906 3003 4940 ³⁸
3034 4903 3221 4961 Galat.
3257 4921 3324 4971 ιι,
3350 4905 3440 4959 20.

335 5026 573 5097 cundas
601 5024 760 5080 dant.
782 5023 1060 5097 Δῌοειίεῐιῐι
1091 5040 1262 5097 porro
1310 5029 1368 5080 et
1418 5024 1751 5095 pontiﬁcem
1783 5022 1988 5095 appel-

335 5098 484 5177 lant,
695 5094 932 5167 quidem
950 5096 1034 5177 _ob
1078 5094 1501 5177 passionem’et
1531 5113 1633 5177 pro
1664 5094 1875 5177 nostra
1897 5111 1987 5177 sa-

334 5166 878 5236 lute‘oblationem;
912 5166 1162 5224 alterum
1205 5173 1423 5236 autem,
1457 5166 1597 5237 quia
1627 5182 1741 5221 non
1773 5167 1845 5221 ab
1878 5166 1989 5222 alio

338 5242 441 5298 sed
490 5240 724 5312 propria
752 5238 1049 5295 voluntate
1094 5239 1437 5312 immolatus
1486 5237 1721 5312 fui_t,pet
1768 5238 1838 5292 ad
1891 5255 1989 5294 vo-

336 5308 658 5368 luntariam
708 5315 957 5367 mortem
1006 5311 1270 5368 accessit.
1302 5332 1330 5359 »
1360 5309 1500 5364 ΜΑιι
1543 5308 1799 5379 Spicileg.
1833 5314 1988 5365 Rom.

341 5384 411 5455 x,
448 5383 537 5438 37.

428 5456 522 5521 59)
550 5447 953 5524 Ἀποδὲξωμαιη
985 5452 1127 5524 Reg.
1161 5452 1281 5520 bm,
1316 5445 1669 5521 ἀποδέξομαι.

554 5520 773 5598 Λέξεινί
792 5520 889 5580 0⁷1⁸.
911 5525 981 5598 ,1,
1014 5520 1212 5598 λέγειν.

430 5590 523 5669 61)
553 5590 680 5669 Γινό
690 5613 863 5669 μενοι.
896 5590 1155 5669 Cdmbéf.
1167 5637 1180 5663 ,
1205 5590 1529 5669 jevopévop.

437 5661 529 5740 62)
559 5666 647 5751 Ὠς
691 5661 909 5751 ’ῐξὲτρας
967 5661 1417 5751 ἀποπέμψασθαιζ
1466 5662 1781 5751 Regilli],
1833 5661 1907 5725 ὡς
1964 5663 1992 5717 ὁ

341 5735 575 5819 Ηὲτρός.
605 5739 704 5798 0r.
736 5739 788 5810 1,
817 5735 1128 5798 recentiori
1152 5735 1361 5809 manu,
1392 5735 1826 5811 ἀποπίμψεσθαι.

2170 5022 2285 5092 (63)
2311 5018 2602 5094 Θεραπείαν
2628 5019 3162 5094 ἀπαιτήσεινομϐοἱει.
3189 5022 3242 5087 1,
3264 5016 3544 5094 θεραπείαν
3569 5016 3753 5088 ἐπιζη-

2096 5090 2305 5164 τήσειν.
2342 5090 2492 5165 Par"
2523 5090 2803 5165 θεραπείας
2831 5090 3170 5165 ἐπιζήτησιν.

2172 5167 2286 5235 (64)
2315 5160 2592 5236 Μαράναςζ
2641 5163 2793 5232 Par.,
2847 5183 2932 5234 μω
2971 5160 3113 5223 ἀνας.
3170 5164 3309 5235 Reg.
3361 5162 3530 5232 Chry.
3585 5160 3748 5232 ὑπερ-

2172 5230 2319 5289 αϐάς.
2355 5258 2382 5285 «ι
2415 5241 2755 5289 transcenso
2786 5183 3134 5289 humilitatis
3165 5250 3423 5289 corpore.
3454 5256 3482 5284 ››

2099 5230 2319 5299 ανάϐάς,
2355 5230 2755 5291 «transcenso
2779 5230 3134 5290 humilitatis
3165 5230 3423 5299 corpore.
3454 5230 3482 5284 ἡ

2191 5310 2262 5364 65
2314 5306 2494 5378 Ἐμοί.
2531 5308 2610 5363 Re
2658 5348 2670 5361 .
2705 5323 2759 5372 a,
2790 5306 2885 5361 Or.
2924 5310 2974 5372 1,
3008 5311 3161 5375 Par.,
3194 5304 3245 5359 ἰν
3270 5303 3417 5376 ἒμοί.

2170 5311 2282 5452 (66)
2314 5378 2443 5435 Οὐκ.
2477 5378 2572 5435 Sic
2614 5323 2794 5435 goisl.
2842 5379 2894 5448 1,
2948 5378 3042 5433 Or.
3106 5380 3157 5448 1,
3214 5383 3271 5433 et
3327 5377 3417 5431 Pal

2192 5370 2281 5448 66)
2314 5370 2443 5435 Ούκ.
2477 5378 2572 5435 Sic
2614 5370 2794 5435 Cois—1.
2842 5379 2894 5448 1,
2948 5370 3042 5433 Or.
3106 5370 3157 5448 1,
3214 5383 3271 5433 et
3305 5370 3453 5431 'Par.
3510 5373 3575 5430 In
3630 5370 3749 5440 ed.,

2101 5450 2285 5607 06267)
2316 5517 2484 5574 Τοῦτο
2526 5518 2636 5575 καί.
2689 5518 2787 5576 Sic
2835 5518 3033 5591 plures
3083 5519 3332 5575 codices.
3382 5516 3445 5572 In
3498 5512 3614 5582 ed.,
3662 5508 3754 5564 καὶ

2097 5612 2282 5648 τουτο.

2171 5665 2286 5739 (68)
2318 5662 2560 5720 Πάντων.
2592 5661 2760 5719 Deest
2788 5660 2850 5718 in
2883 5661 3024 5735 Reg.
3054 5679 3107 5720 a.

2314 5378 2443 5435 Οὐκ.
2477 5378 2572 5435 Sic
