4138 6212
420 341 568 401 1071

1658 338 1722 396 S.
1773 330 2142 396 GREGORII
2189 331 2579 393 THEOLOGI

3670 338 3827 399 1072

422 491 534 527 non
569 472 770 543 utique
807 473 877 526 de
926 470 1134 540 seipso,
1167 474 1446 541 tanquam
1481 470 1550 524 de
1583 473 1833 535 mortuo,
1867 466 2065 538 loquo-

2187 463 2467 535 εουμένης.
2504 466 2916 537 Προσκυνοῦμεν
2958 459 3046 517 οὖν
3099 467 3333 542 Πατέρα,
3383 466 3471 522 καὶ
3532 469 3678 540 Υῖὸν,
3735 469 3829 524 καὶ

423 563 613 627 batur,
661 561 760 615 sed
823 565 1108 629 tanquam
1164 560 1232 613 de
1289 575 1376 625 eo,
1428 559 1528 628 qui
1583 555 2068 629 praestantiorem,

421 666 595 720 quam
627 648 839 720 vulgus
880 647 1214 703 mortalium
1267 647 1473 713 soleat,
1505 646 1681 701 vitam
1737 649 1952 717 ageret,
1989 647 2074 698 ut~

424 743 555 809 pote
587 738 690 808 qui
721 754 866 792 veras
908 737 1057 802 vitae,
1092 736 1370 806 nulloque
1401 739 1610 790 mortis
1660 739 1774 789 line
1821 735 2070 788 circum-

423 826 676 897 scriptae,
712 826 1004 898 particeps
1050 830 1222 880 esset.
1250 826 1475 880 Patrem
1510 825 1706 896 igitur,
1741 829 1798 878 et
1838 822 2072 888 Filium,

423 921 480 970 et
507 915 789 986 Spiritum
840 921 1108 970 sanctum
1157 915 1492 980 adoramus,
1530 912 1912 984 proprietates
1944 909 2073 981 qui-

422 1005 554 1059 dem
587 1004 1036 1076 distinguentes,
1071 1003 1433 1058 divinitatem
1467 1010 1661 1056 autem
1693 1000 2070 1072 copulantes:

425 1109 614 1165 neque
645 1098 746 1148 aut
777 1093 889 1148 tria
938 1093 995 1147 in
1049 1110 1232 1148 unum
1265 1092 1686 1158 contrahimus,
1720 1106 1792 1145 ne
1837 1083 2073 1144 Sabellii

425 1183 626 1240 morbo
655 1182 1020 1249 laboremus;
1053 1185 1155 1236 aut
1185 1181 1338 1236 379
1375 1197 1582 1236 rursus
1612 1180 1672 1234 in
1703 1180 1817 1234 tria
1846 1179 2076 1233 diversa

424 1276 479 1327 et
526 1271 718 1327 aliena
763 1286 1132 1342 separamus,
1165 1286 1238 1324 ne
1286 1269 1339 1322 in
1373 1269 1492 1322 Arii
1542 1267 1800 1322 furorem
1849 1266 2072 1321 incida-

2183 552 2332 625 ἅγιον
2367 555 2603 624 Πνεῦμα,
2638 554 2733 613 τὰς
2776 553 2868 626 μὶν
2919 549 3196 623 ἰδιότητας
3248 556 3601 631 χωρίζοντες,
3647 559 3832 612 ένοῧνο

2179 659 2266 700 τες
2301 642 2412 712 (69)
2445 637 2503 694 δὲ
2530 641 2629 708 τήν
2661 641 2889 711 θεότητα
2915 659 2927 672 ·
2961 641 3049 696 καὶ
3082 644 3205 697 οὕτε
3236 644 3312 706 εἷς
3341 645 3397 699 ’ἐν
3425 647 3492 699 τὰ
3540 647 3668 723 τρία
3715 668 3841 701 συν-

2181 727 2500 805 αλείφομεν,
2526 727 2618 783 ’ίνα
2651 731 2725 802 μὴ
2773 732 2874 799 τήν
2928 725 3236 787 Σαϐελλίου
3280 734 3434 788 νόσον
3465 739 3792 807 νοσησωμεν
3819 755 3833 768 ⁸

2183 814 2304 870 οὕτε
2352 814 2664 892 διαιροῦμεν
2719 818 2794 872 εἷς
2836 819 2962 893 τρία
3007 818 3213 894 ἔκφυλα
3260 822 3347 876 καὶ
3398 823 3688 900 ἀλλότρια,
3741 825 3836 878 ’ἕνα

2187 907 2262 977 μὴ
2295 907 2359 961 τὰ
2390 907 2598 981 Ἀρείου
2633 913 2907 980 μανῶμεν.
2949 909 3007 962 Τί
3039 912 3149 983 (70)
3181 911 3284 986 γὰρ
3317 909 3418 979 δεῖ,
3460 914 3701 988 καθάπερ
3733 937 3838 991 φυ-

2181 995 2272 1049 τὸν
2305 995 2634 1070 έτεροκλινὲς
2664 996 2832 1065 πάντη
2867 998 3275 1070 καμπτόμενον,
3312 1001 3404 1075 βίᾳ
3439 1005 3692 1077 μετάγειν
3741 1003 3834 1057 ἐπὶ

2181 1086 2245 1138 τὸ
2273 1080 2453 1157 ἕτερον
2491 1084 2675 1158 μέρος,
2720 1082 3018 1164 διαστροφῇ
3045 1088 3143 1156 τήν
3198 1087 3526 1168 διαστροφὴν
3581 1089 3835 1165 διορθου-

2189 1174 2402 1246 μένους,
2436 1172 2583 1228 ἀλλὰ
2616 1176 2690 1246 μὴ
2724 1176 2860 1250 πρὸς
2888 1175 2950 1230 τὸ
2999 1176 3161 1248 μέσον
3210 1178 3545 1248 εὐθύνοντας,
3597 1180 3649 1235 έν
3681 1182 3839 1257 ὅροις

2179 1261 2424 1318 ἵστασθαι
2455 1270 2555 1333 τῆς
2586 1260 2885 1326 Θεοσεόείας
2917 1283 2930 1333 ;

424 1378 575 1418 mus.
609 1360 756 1425 Quid
787 1359 942 1414 enim
977 1374 1213 1414 necesse
1261 1363 1352 1413 est
1400 1362 1484 1424 ut,
1519 1357 1674 1411 velut
1723 1357 1981 1427 plantam
2015 1355 2072 1408 in
2105 1354 2347 1409 alteram
2390 1360 2615 1425 partem
2667 1357 3145 1428 propendenlem,
3179 1359 3251 1414 ad
3303 1359 3548 1416 alteram
3601 1366 3833 1434 partem

422 1467 526 1522 per
551 1450 668 1504 vim
699 1449 1090 1517 inﬂectamus,
1122 1465 1187 1502 ac
1217 1447 1628 1502 distorsionem
1669 1461 1770 1516 per
1797 1444 2211 1500 distorsionem
2244 1444 2630 1515 corrigamus,
2663 1461 2780 1500 non
2813 1450 3006 1502 autem
3061 1447 3255 1518 potius
3305 1465 3433 1504 eam
3468 1452 3537 1506 ad
3572 1453 3840 1508 medium

424 1539 763 1610 dirigentes,
795 1539 951 1592 intra
984 1537 1214 1608 pietatis
1245 1535 1498 1606 fideique
1526 1534 1856 1590 orthodoxa;
1889 1535 2036 1588 fines
2069 1533 2482 1588 consistamus.

493 1626 770 1682 VLPorro
796 1644 930 1681 cum
954 1626 1212 1680 medium
1241 1626 1390 1690 dico,
1412 1625 1714 1678 veritatem
1739 1624 2071 1694 dico,quam

2255 1621 2314 1687 ζ’.
2385 1619 2673 1689 Μεσότητα
2727 1622 2838 1694 (71)
2899 1618 2955 1675 δὲ
3013 1620 3135 1676 ὅταν
3199 1620 3357 1695 εἷ’πω,
3424 1626 3522 1694 τὴν
3573 1625 3844 1697 ἀλήθειαν

427 1724 581 1771 recte
613 1715 797 1771 solam
828 1733 942 1787 prae
965 1715 1149 1769 oculis
1179 1714 1536 1785 propositam
1560 1713 1863 1768 habemus.
1891 1713 2077 1782 Repu-

426 1805 660 1858 diamus
683 1804 899 1871 itaque,
923 1808 1049 1858 tum
1077 1802 1290 1857 malam
1316 1801 1794 1867 contractionem,
1819 1805 1943 1855 tum
1973 1800 2079 1855 hac

429 1893 834 1948 absurdiorem
850 1891 1196 1946 divisionem
1215 1908 1227 1957 ;
1246 1890 1432 1957 ne,vel
1447 1892 1519 1945 ob
1540 1889 1938 1944 multitudinis
1952 1890 2083 1944 deo-

429 1998 562 2036 rum
596 1985 839 2048 metum,
875 1982 932 2035 in
966 1997 1144 2035 unam
1187 1995 1498 2051 personam
1545 1983 1844 2034 contracta
1874 1976 2077 2044 oratio,

429 2071 590 2126 nuda
612 2070 780 2126 nobis
803 2074 858 2124 et
878 2069 1078 2124 inania
1104 2070 1347 2124 nomina
1379 2068 1694 2139 relinquat,
1711 2084 1895 2122 unum
1917 2067 2082 2121 vide-

428 2159 563 2214 licet
583 2164 638 2213 et
660 2159 930 2213 eumdem
960 2163 1188 2213 Patrem
1215 2174 1280 2213 ac
1307 2158 1510 2212 Filium
1535 2162 1591 2211 et
1611 2157 1893 2228 Spiritum
1920 2172 2082 2211 sanc-

429 2252 552 2302 tum
577 2247 1076 2315 existimantibus,
1093 2263 1158 2301 ac
1182 2263 1296 2300 non
1317 2247 1506 2316 magis
1523 2246 1642 2299 haac
1659 2246 1858 2300 omnia
1876 2261 2079 2309 unum,

430 2353 607 2407 quam
640 2336 1104 2406 unumquodque
1136 2335 1282 2389 nihil
1305 2352 1432 2390 esse
1462 2335 1856 2389 statuentibus
1881 2333 2084 2403 (desie-

430 2426 548 2478 rint
577 2424 732 2479 enim
766 2424 820 2478 id
855 2440 982 2478 esse
1016 2425 1167 2494 quod
1203 2428 1359 2488 sunt,
1388 2425 1538 2478 inter
1567 2439 1628 2478 se
1662 2429 1864 2477 mutuo
1896 2429 2080 2478 trans-

427 2514 627 2568 euntia
656 2519 712 2567 et
755 2512 1116 2581 migrantia);
1150 2513 1242 2565 vel
1295 2529 1501 2566 rursus
1553 2512 1610 2565 in
1663 2517 1800 2580 tres,
1836 2519 1934 2566 aut
1983 2527 2078 2583 pe-

429 2604 692 2674 regrinas
721 2608 777 2656 et
809 2602 1073 2672 dispares
1121 2605 1296 2671 atque
1337 2601 1648 2656 distractae
1701 2608 1939 2656 naturas
1991 2618 2080 2656 se-

430 2692 845 2762 parata,juxta
877 2690 996 2744 Arii
1050 2695 1203 2744 recte
1251 2691 1618 2744 nominatum
1673 2692 1948 2757 furorem,
1982 2694 2082 2744 aut

429 2778 796 2852 principatus
840 2784 1104 2849 expertes
1135 2783 1192 2833 et
1231 2779 1615 2848 inordinatas,
1651 2779 2078 2850 divinitatique,

429 2873 496 2924 ut
552 2869 635 2922 sic
689 2867 917 2938 loquar,
971 2868 1322 2936 contrarias;
1385 2869 1596 2939 partim
1659 2868 1712 2921 in
1773 2868 2075 2924 Judaicam

431 2957 747 3029 quamdam
782 2958 1126 3028 parcitatem
1161 2957 1560 3027 concludatur,
1587 2957 1632 3012 si
1667 2957 1926 3029 ingenito
1957 2958 2079 3012 solo
2112 2995 2154 3060 Ο

429 3048 795 3104 divinitatem
819 3047 1395 3111 circumscribamus,
1423 3049 1632 3119 partim
1663 3047 1718 3101 in
1743 3049 2078 3119 oppositum

431 3138 690 3208 quidem,
752 3154 865 3192 non
916 3136 1114 3191 minus
1160 3143 1354 3192 tamen
1406 3137 1796 3208 perniciosum
1858 3137 2079 3192 malum

431 3225 821 3296 provolvatur,
847 3226 893 3280 si
941 3226 1055 3279 tria
1086 3225 1372 3296 principia
1417 3230 1652 3296 tresque
1687 3228 1828 3280 Deos
1859 3226 2080 3281 consti-

429 3314 740 3383 tuerimus,
772 3315 925 3384 quod
970 3313 1253 3385 superiori
1303 3314 1473 3368 etiam
1525 3330 1719 3368 errore
1767 3314 2081 3369 absurdius

429 3408 539 3457 est.
564 3401 708 3456 Nam
741 3403 1017 3473 profecto,
1043 3418 1146 3456 nec
1167 3402 1453 3470 quosdam
1486 3402 1566 3456 ita
1598 3401 1784 3456 Patris
1815 3407 2081 3458 amantes

430 3506 559 3545 esse
593 3495 840 3562 oportet,
878 3495 943 3544 ut
976 3490 1055 3544 illi
1091 3491 1244 3560 quod
1279 3494 1448 3544 Pater
1478 3491 1556 3544 sit
1585 3491 1875 3557 adimant;
1909 3493 2080 3561 cujus

431 3579 585 3634 enim
622 3583 790 3633 Pater
829 3579 1022 3644 fuerit,
1047 3578 1094 3633 si
1135 3577 1314 3633 Filius
1353 3580 1425 3633 ab
1455 3595 1521 3633 eo
1554 3584 1764 3634 natura
1815 3579 2080 3635 diversus

431 3668 679 3734 dicatur,
709 3672 883 3739 atque
924 3685 1038 3721 una
1070 3683 1202 3722 cum
1254 3667 1494 3738 reliquis
1545 3668 1829 3723 creaturis
1860 3668 2080 3724 abalie-

437 3757 644 3812 netur?
673 3757 786 3812 Nec
814 3773 1018 3812 rursus
1052 3757 1130 3812 ita
1158 3755 1370 3811 Christi
1402 3762 1686 3824 amantes,
1723 3763 1784 3812 ut
1831 3774 1902 3814 ne
1953 3759 2080 3814 Filii

437 3847 672 3917 quidem
707 3862 919 3901 nomen
950 3846 1001 3900 ei
1047 3845 1339 3917 integrum
1375 3851 1632 3914 servent;
1683 3847 1852 3916 cujus
1901 3848 2080 3914 enim,

436 3953 652 4007 quaeso,
680 3935 862 3990 Filius
902 3935 1096 4000 fuerit,
1130 3934 1242 3989 nisi
1295 3935 1365 3989 ad
1412 3935 1661 4003 Patrem,
1694 3941 1974 4007 tanquam
2009 3937 2080 3992 ad

433 4023 808 4094 principium,
844 4022 1166 4077 referatur?
1195 4021 1309 4076 Nec
1343 4022 1596 4092 denique
1627 4022 1778 4077 Patri
1812 4022 2080 4094 principii

429 4112 774 4182 dignitatem
825 4112 1198 4176 imminuere,
1234 4127 1406 4181 quam
1444 4116 1507 4165 ut
1546 4116 1710 4181 pater
1753 4115 1808 4165 et
1855 4113 2081 4183 gcnitor

429 4199 633 4265 habet;
678 4216 987 4270 parvorum
1042 4199 1254 4254 etenim
1307 4204 1479 4266 certe,
1514 4200 1759 4270 ipsoque
1809 4200 2079 4271 indigno-

427 4304 555 4342 rum
595 4288 948 4359 principium
1002 4288 1192 4357 fuerit,
1227 4286 1340 4342 nisi
1392 4288 1625 4342 deitatis
1678 4288 1824 4358 ejus,
1860 4306 1984 4359 quae
2017 4289 2074 4344 in

425 4374 568 4431 Filio
627 4379 685 4431 et
740 4375 959 4447 Spiritu
1013 4379 1213 4431 sancto
1260 4375 1686 4445 consideratur,
1749 4393 1926 4433 causa
1981 4378 2078 4433 sit.
2111 4361 2155 4427 Ι)

492 4576 605 4649 (69)
632 4579 925 4637 Ἐνοῦντες.
960 4598 991 4630 ι
1023 4577 1210 4633 Unam
1258 4581 1453 4634 autem
1486 4578 1850 4635 divinitatem
1896 4581 2069 4652 proﬁ-

422 4655 627 4705 tentes.
653 4670 681 4698 ››

492 4723 601 4791 (70)
631 4718 712 4772 Τί.
746 4719 1030 4791 Combef.,
1060 4718 1143 4774 οὐ.

488 4788 601 4864 (71)
633 4788 931 4864 Μεσότοητα.
968 4788 1211 4864 Billlus:
1240 4813 1267 4841 ι(
1305 4792 1788 4849 mediocritatem.
1827 4817 1846 4843 ιι

487 4860 601 4937 (72)
632 4860 1085 4937 Παραιτούμενοι,
1130 4863 1224 4918 Sic
1273 4865 1648 4937 duo_Regg.,
1700 4867 1814 4922 duo
1863 4866 2062 4937 Coisl.,

417 4932 510 4989 Or.
547 4935 598 5000 1,
631 4935 889 5006 Combef.
917 4932 984 4989 'ln
1019 4936 1132 4999 ed.,
1160 4932 1615 5006 παραιτούμενον.

487 5008 598 5080 (73)
626 5009 777 5080 Τρεῖς
811 5005 849 5080 ἢΔ
879 5006 1047 5080 ξένας.
1083 5005 1525 5080 Combel‘._delet
1554 5007 1602 5074 ἢ.

484 5076 593 5150 (74)
627 5076 966 5150 ’Ᾱνομοίουᾳ
1004 5079 1139 5149 Heg.
1177 5081 1315 5144 bm.,
1347 5076 1760 5148 ἀνομοουσίους.

485 5148 596 5221 (75)
632 5148 1109 5221 Κατακλεισθῆναιξ
1160 5151 1251 5205 Sic
1301 5157 1418 5205 tres
1467 5150 1650 5216 C0lb.,
1685 5151 1779 5204 Or.
1828 5151 1878 5219 1,
1933 5151 2055 5206 Par.

413 5222 471 5275 in
493 5218 621 5284 ‘ed.,
656 5218 1139 5275 κατακλεισθεῖναι.

485 5295 594 5366 (76)
623 5291 956 5366 ξΔγγενήτῳ.
1017 5299 1154 5363 Reg.
1198 5297 1355 5366 Cyp”
1408 5289 1826 5366 ivigxtp.”N0n
1885 5292 2054 5366 male,

409 5361 669 5436 guinhic
693 5361 1005 5436 Gregorius
1032 5361 1192 5420 totus
1215 5361 1292 5420 sit
1311 5364 1368 5416 in
1393 5385 1420 5412 ‹‹
1446 5361 1764 5434 principii»
1792 5364 2015 5420 ratione
2039 5361 2052 5420 ξ

478 5433 746 5510 ἀναρχους
775 5432 916 5510 τρεῖς
947 5435 1141 5510 ἀρχά-ς,
1176 5441 1282 5492 otc.

479 5507 590 5576 (77)
621 5507 924 5566 Τινας.Ὀι“.
964 5507 1182 5562 ἴξτίνα.

479 5511 566 5576 (77
621 5512 794 5566 Τινας.
832 5511 924 5562 0r.
964 5514 1012 5562 1.
1045 5511 1182 5562 τίνα.

477 5511 590 5646 (78)
639 5581 788 5646 Μήτε
837 5583 1026 5648 τοῦτο,
1085 5584 1192 5633 etc.
1255 5576 1347 5631 Sic
1418 5580 1552 5648 tres
1598 5573 1778 5643 C0lb.,
1840 5575 1933 5631 ΟΡ.
1997 5579 2053 5645 1,

405 5646 548 5716 Jes.,
582 5649 710 5705 Bas.
744 5649 875 5715 Alii,
909 5646 1047 5722 μήτε
1092 5649 1174 5704 τό.
1209 5649 1380 5704 Coisl.
1429 5649 1483 5716 3,
1539 5647 1691 5716 Par.,
1725 5653 1858 5718 etc.,
1912 5650 2050 5721 μήτε

2190 1706 2361 1782 λέγω,
2409 1709 2546 1784 πρὸς
2594 1711 2655 1777 ἣν
2718 1709 2936 1785 βλέπειν
2998 1711 3181 1772 καλῶς
3233 1711 3436 1787 ἔχομεν
3486 1715 3693 1786 μόνην·
3746 1717 3843 1770 καὶ

2186 1798 2286 1864 τήν
2339 1796 2550 1874 φαύλην
2601 1798 2900 1874 συναίρεσιν
2950 1800 3373 1875 παραιτούμενοι
3425 1805 3561 1875 (72),
3615 1805 3703 1858 καὶ
3733 1806 3840 1873 τήν

2190 1885 2531 1961 ἀτοπωτέραν
2584 1884 2881 1962 διαίρεσιν*
2935 1889 3008 1950 ὡς
3060 1891 3196 1962 μήτε
3251 1890 3330 1952 εἰς
3381 1890 3507 1964 μίαν
3551 1892 3844 1948 ὑπόστασιν

2188 1975 2561 2048 συναιρεθέντα
2610 1977 2701 2030 τὸν
2759 1976 2948 2052 λόγον,
3001 1975 3104 2032 δέει
3156 1978 3468 2049 πολυθεΐας,
3519 1981 3658 2054 ψιλὰ
3703 1985 3845 2055 ἡμῖν

2188 2063 2504 2119 καταλιπεῖν
2552 2066 2620 2119 τὰ
2659 2065 2918 2139 ὀνόματα,
2968 2067 3058 2121 τὸν
3105 2067 3261 2122 αὐτὸν
3309 2070 3539 2143 Πατέρα,
3571 2072 3660 2124 καὶ
3691 2073 3843 2140 Υὶὸν,

2188 2161 2278 2207 καί
2313 2159 2530 2226 Πνεῦμα
2557 2153 2708 2230 ἆγιον
2743 2150 3218 2228 ὑπολαμϐάνουσι,
3267 2157 3355 2212 καὶ
3414 2161 3488 2231 μὴ
3540 2158 3757 2232 μᾶλλον
3787 2159 3842 2216 ἰν

2189 2244 2255 2296 τὰ
2301 2244 2489 2315 πάντα,
2539 2245 2572 2312 ἢ
2623 2242 2790 2316 μηδὲν
2840 2241 3062 2299 ἕκαστον
3112 2247 3246 2300 εἷναι
3291 2248 3632 2322 ὁριζομένοις
3685 2253 3848 2326 (φεύ-

2189 2351 2275 2406 γοι
2332 2331 2432 2406 γὰρ
2483 2331 2542 2384 ἂν
2587 2333 2716 2385 εἶναι
2768 2331 2903 2407 ’ἀπερ
2962 2333 3125 2401 ἐστὶν,
3180 2337 3256 2396 εἰς
3307 2333 3528 2406 ἄλληλα
3581 2359 3847 2414 μεταχω-

2191 2424 2385 2492 ροῦντα
2442 2420 2529 2473 καὶ
2594 2416 3047 2494 μεταϐαίνοντα)·
3123 2426 3264 2495 μήτε
3322 2424 3398 2486 εἰς
3456 2431 3602 2500 τρεῖς
3662 2429 3696 2496 ἢ
3760 2429 3846 2500 ξέ-

2189 2530 2281 2569 νας
2335 2512 2448 2581 (73)
2495 2509 2581 2563 καὶ
2629 2511 2919 2583 ἀνομοίους
2960 2514 3072 2585 (74)
3121 2512 3303 2574 οὐσίας
3353 2513 3440 2568 καὶ
3484 2515 3845 2591 ἀπεῤῥηγμὲ-

2188 2618 2281 2659 νας
2311 2595 2661 2672 διαιρεθέντα,
2694 2602 2828 2654 κατα
2870 2601 2969 2669 τὴν
3015 2601 3226 2675 ’Δρείου
3280 2601 3464 2666 καλῶς
3511 2603 3846 2676 ὀνομασθεῖο

2190 2708 2280 2740 σαν
2347 2686 2558 2758 μανίαν,
2617 2690 2650 2756 ἢ
2718 2688 2987 2764 ἆνάρχους
3063 2690 3151 2744 καὶ
3227 2691 3510 2760 ἀτάκτους,
3572 2714 3661 2746 και
3723 2696 3840 2749 οἷον

2191 2775 2381 2848 εἰπεῖν,
2436 2776 2743 2838 ἀντιθέους’
2799 2777 2879 2850 τῷ
2940 2779 3032 2850 μὲν
3092 2778 3494 2850 εἰςἸουδαϊκήν
3529 2782 3843 2857 σμικρολο-

2190 2864 2310 2938 γίαν
2360 2863 2811 2935 κατακλεισθῆναι
2873 2870 3005 2940 (75),
3068 2863 3216 2941 μόνῳ
3275 2874 3351 2941 τῷ
3397 2870 3676 2943 ἀγεννῆ-τῳ
3726 2875 3846 2944 (76)

2189 2955 2287 3021 τήν
2343 2955 2571 3023 Θεότητα
2617 2955 3050 3032 περιγράφοντας
3076 2976 3088 2987 ”
3137 2957 3217 3030 τῲ
3262 2955 3318 3012 δὲ
3348 2959 3422 3020 εἷς
3457 2958 3689 3014 έναντέον
3724 2961 3843 3034 μὲν,

2193 3043 2353 3096 κακὸν
2412 3040 2469 3096 δὲ
2518 3043 2634 3096 ἳσον
2679 3050 2882 3115 πεσεῖν,
2943 3050 3089 3121 τρεῖς
3147 3046 3326 3123 ἀρχὰς
3392 3048 3844 3121 ὃποτιθεμένους,

2189 3132 2277 3185 καὶ
2334 3137 2478 3207 τρεῖς
2528 3130 2714 3198 Θεοὺς,
2766 3131 2797 3186 8
2843 3137 2945 3187 τῶν
2997 3133 3408 3209 προειρημένων
3443 3137 3793 3212 ἀτοπώτερον
3825 3158 3841 3171 ο

2191 3216 2308 3274 δέον
2355 3222 2492 3293 μήτε
2549 3219 2723 3282 οὕτως
2782 3221 2910 3276 εἷναί
2964 3243 3116 3285 τινας
3169 3226 3278 3297 (77)
3310 3222 3705 3302 φιλοπάτορας,
3762 3227 3844 3282 ὥς

2188 3308 2277 3362 καὶ
2334 3309 2397 3362 τὸ
2456 3310 2590 3362 εἶναι
2639 3307 2848 3382 Πατέρα
2907 3318 3205 3388 περιαιρεῖν
3255 3312 3423 3385 (τίνος
3467 3315 3570 3389 γὰρ
3624 3314 3682 3367 ἂν
3744 3315 3842 3369 καὶ

2191 3394 2270 3467 εἴη
2325 3398 2532 3473 Πατήρ,
2581 3403 2678 3452 τοῦ
2728 3400 2854 3452 Υἱοῦ
2902 3401 3000 3469 τήν
3064 3400 3218 3477 φύσιν
3282 3402 3689 3476 ἀπεξενωμένου
3743 3405 3843 3456 καὶ

2191 3483 2722 3560 ἆπηλλοτριωμένου
2779 3488 2915 3560 μετὰ
2967 3495 3067 3558 τῆς
3114 3489 3438 3563 minium)“
3519 3493 3648 3562 μήθ’
3693 3492 3847 3546 οῧτω

2191 3571 2605 3650 φιλοχρίστους,
2656 3576 2730 3637 ὡς
2811 3579 2949 3648 μήτε
3007 3582 3167 3633 τοῦτο
3227 3578 3511 3657 φυλάττειν
3580 3582 3715 3653 (78),
3781 3581 3847 3636 ἐὖ

2191 3666 2328 3717 εἷναι
2359 3665 2480 3718 Υἱόν
2542 3665 2707 3736 (τίνος
2766 3665 2869 3741 γὰρ
2917 3665 2976 3720 ἄν
3024 3667 3114 3721 καὶ
3163 3666 3246 3738 ε’ἷη
3293 3668 3434 3737 Υἱὸς,
3472 3671 3545 3741 μή
3581 3669 3717 3744 πρὸς
3755 3668 3850 3723 αἶ’-

2188 3774 2302 3807 τιον
2353 3756 2464 3826 (79)
2522 3753 2919 3830 ἀναφερόμενος
2947 3756 3035 3809 τὸν
3088 3759 3295 3832 Πατέρα
3320 3760 3360 3828 ;)
3396 3760 3534 3830 μήτε
3586 3759 3665 3830 τῷ
3726 3765 3850 3814 Πα-

2188 3842 2275 3914 τρὶ
2332 3843 2394 3896 τὸ
2448 3850 2550 3912 τῆς
2600 3843 2777 3918 ἀρχῆς
2823 3845 3271 3921 κατασμικρύνειν
3319 3846 3548 3919 ἀξίωμα.
3609 3855 3714 3916 τῆς
3767 3849 3852 3910 ὠς

2191 3930 2357 4003 Πατρῖ
2414 3933 2503 3984 καὶ
2560 3934 2882 4006 γεννήτοριο
2940 3938 3146 4008 μικρῶν
3197 3935 3297 4009 γὰρ
3355 3935 3412 3988 ἂν
3461 3933 3543 4005 ε’ἶη
3595 3937 3687 3989 καί
3748 3937 3853 3989 ἀν-

2192 4020 2350 4089 αξίων
2381 4020 2552 4095 ἀρχὴ,
2615 4021 2690 4092 μή
2743 4020 2998 4090 θεότητος
3057 4021 3129 4076 ὢν
3165 4020 3335 4085 -αἵτιος
3367 4027 3478 4097 (80)
3508 4027 3606 4092 τῆς
3640 4024 3693 4079 ἐν
3726 4027 3854 4098 Υἱῷ

2189 4109 2275 4163 καὶ
2311 4109 2580 4180 Πνεῦματι
2612 4110 3013 4185 Θεωρουμένης.
3049 4109 3268 4182 Ἐπειδή
3301 4113 3411 4189 χρὴ
3458 4114 3548 4168 καὶ
3591 4114 3686 4167 τὸν
3748 4113 3857 4169 ἕνα

2189 4198 2316 4251 Θεὸν
2377 4203 2582 4272 τηρεῖν,
2641 4197 2730 4252 καὶ
2775 4198 2869 4260 τὰς
2915 4205 3060 4275 τρεῖς
3115 4201 3432 4264 ὑποστάσεις
3513 4201 3850 4279 ὁμολογεῖν,

2187 4284 2280 4340 εἰτ’
2315 4286 2409 4339 οὗν
2437 4286 2557 4362 τρία
2586 4286 2869 4362 πρόσωπα,
2901 4289 2990 4342 καὶ
3023 4288 3251 4361 ἑκάστην
3297 4290 3432 4364 μετὰ
3476 4299 3576 4360 τῆς
3631 4289 3856 4363 ἰδιότη-

2185 4397 2301 4437 τος.

2179 4577 2379 4704 altera,
2404 4603 2431 4629 ‹‹
2466 4585 2532 4636 ut
2571 4580 2623 4636 ei
2672 4581 2964 4655 integrum
2997 4601 3112 4639 non
3160 4589 3407 4657 servent,
3439 4586 3594 4657 quod
3655 4585 3856 4644 Filius

2180 4668 2226 4704 Β]
2265 4693 2277 4704 .
2307 4673 2333 4699 ι)

2180 4668 2277 4707 Sit.
2307 4673 2333 4699 ι)

2246 4723 2359 4794 (79)
2397 4720 2553 4798 ⁸Πρὸς
2606 4719 2802 4798 τιιῖεειονἒ
2839 4726 3204 4798 ahTanquam
3265 4728 3336 4783 ad
3393 4728 3841 4798 principium.-

2173 4795 2507 4865 Gregorius,
2541 4795 2733 4864 inquit
2784 4795 2987 4852 Billius
3037 4795 3095 4851 in
3147 4795 3470 4863 Scholiisht
3502 4795 3680 4856 vocat
3730 4805 3846 4856 Pa-

2174 4871 2321 4939 trem
2349 4888 2374 4914 »
2410 4867 2785 4939 principium,
2815 4887 2840 4919 ε
2864 4874 2930 4922 ut
2959 4868 3059 4939 qui
3091 4870 3167 4924 sit
3198 4888 3376 4926 causa
3403 4871 3722 4927 naturalis.
3746 4874 3844 4927 Ob

2175 4937 2352 5014 idque
2400 4953 2532 4991 cum
2566 4937 2850 5014 dixisse_t_:
2883 4937 3304 5014 »_imminuunt
3349 4942 3500 4996 Patri
3555 4943 3844 5014 principii

2175 5011 2374 5084 decus,
2401 5032 2426 5056 «
2463 5009 2661 5084 statim
2708 5011 2976 5080 subjecit,
3007 5034 3035 5061 »
3063 5013 3192 5083 ejus
3235 5037 3255 5063 ι
3305 5009 3572 5084 inquam;
3597 5037 3627 5063 n
3664 5009 3840 5070 Pri-n-

2173 5081 2332 5155 cipii,
2356 5082 2509 5149 quod
2553 5084 2721 5155 Pater
2767 5084 2843 5136 sit
2867 5089 2930 5155 et
2956 5081 3210 5154 genitor;
3237 5109 3262 5134 α
3297 5081 3563 5155 [ιαιιυίε
3602 5087 3839 5141 scilicet

2172 5153 2592 5228 suspicaretur,
2625 5153 3016 5228 ipsumAPatri
3063 5156 3330 5228 principii
3360 5153 3830 5227 appellationem

2169 5225 2444 5293 tribuere,
2477 5229 2759 5295 tanquam
2801 5224 2872 5292 ei,
2907 5225 3009 5296 qui
3065 5224 3367 5298 majestate
3399 5224 3485 5283 ac
3531 5229 3838 5300 dignitate

2168 5301 2422 5367 praestet.
2435 5319 2476 5367 λ)

2240 5368 2350 5437 (80)
2383 5361 2586 5441 ᾼηῖίειος.
2620 5385 2641 5414 ι
2673 5366 2880 5441 Causa,
2908 5389 2935 5416 ››
2963 5366 3033 5441 id
3078 5375 3187 5438 est,
3207 5391 3236 5419 «
3270 5369 3506 5441 origo.»
3540 5371 3632 5425 Sic
3663 5370 3828 5425 enim

2169 5439 2363 5514 Patres
2394 5438 2644 5503 Graecos,
2676 5455 2808 5514 cum
2841 5439 2912 5514 de
2945 5440 3158 5514 divinis
3197 5438 3583 5498 relationibus
3612 5446 3820 5514 agunt,

2165 5511 2620 5583 interpretantur
2650 5511 2922 5582 theologi.
2961 5512 3108 5570 Vide
3137 5514 3363 5571 Estium
3397 5516 3454 5570 in
3483 5532 3526 5582 ι,
3559 5511 3693 5570 dist.
3722 5514 3821 5584 2-9,

2163 5584 2270 5649 ξε.
