4138 6212
362 430 517 495 1073

1094 435 1382 499 ORATIO
1428 437 1556 498 XX.
1594 471 1671 483 —-—
1699 437 1801 497 DE
1846 438 2194 499 DOGMAT.
2241 439 2343 500 ΕΤ
2389 441 2743 504 CONSTIT.
2794 444 3035 504 EPISC.

3618 445 3771 504 1074

358 566 844 641 Quandoquidem
873 572 933 627 et
961 586 1119 626 unus
1142 571 1295 627 Deus
1326 572 1668 628 retinendus
1698 575 1810 643 est,
1833 576 1890 627 et
1920 577 2036 630 tres
2068 573 2431 647 bypostases,
2455 575 2575 631 sive
2606 580 2725 631 tres
2756 593 3037 649 pereunte,
3059 579 3420 645 conﬁtendae,
3444 582 3499 633 et
3530 578 3765 649 quidem

357 675 725 732 unaquaque
752 676 889 717 cum
919 677 1030 717 sua
1061 661 1433 734 proprietate.

427 748 496 802 Z'.
528 752 762 823 Τηροῖτο
794 745 839 802 δ’
873 746 955 817 ἂν,
988 748 1063 810 ὡς
1089 750 1117 803 6
1149 748 1278 821 ἐμὸς
1327 748 1511 823 λόγος,
1569 752 1644 812 εἷς
1699 751 1793 823 μὲν
1844 752 1994 824 Θεὸς,

2181 753 2303 808 VII.
2339 754 2433 809 Sic
2465 756 2644 821 enim,
2668 773 2799 812 mea
2820 756 3053 828 quidem
3082 755 3396 821 sententia,
3423 756 3577 811 Deus
3609 773 3763 814 unus

359 835 434 899 εἷς
492 832 547 890 ἓν
596 833 768 891 αἴτιον
807 837 897 891 καὶ
950 838 1077 892 Υἱοῦ
1134 836 1223 892 καί
1288 837 1600 911 Πνεύματος
1666 838 1998 916 ἀναφερομέ-

361 946 487 996 νων,
535 924 599 979 οὗ
661 927 1078 999 συντιθεμένων,
1139 923 1266 983 οὐδὲ
1323 926 1790 1004 συναλειφομὲνων
1846 930 1997 999 (8Ι)’

352 1012 443 1070 καὶ
503 1015 640 1070 κατὰ
693 1016 756 1069 τὸ
804 1010 858 1070 ἓν
908 1014 997 1070 καὶ
1042 1017 1207 1070 ταυτὸ
1250 1018 1349 1084 τῆς
1395 1015 1672 1085 Θεότητος,
1703 1016 1792 1070 ἳνα
1826 1014 1999 1079 οὕτως

356 1102 635 1176 ὀνομάσω,
696 1102 901 1177 Αίνημά
941 1125 1001 1158 τε
1046 1104 1135 1159 καὶ
1182 1103 1462 1178 βούλημα,
1510 1104 1600 1159 καὶ
1641 1106 1740 1173 τὴν
1781 1112 1881 1174 τῆς
1914 1105 2002 1160 οὐ-

352 1191 466 1253 σίας
522 1192 844 1260 ταυτότητα.
892 1194 962 1251 Al
1018 1191 1076 1248 δὲ
1128 1200 1277 1269 τρεῖς
1334 1194 1672 1263 ὑποστάσεις,
1723 1191 1997 1266 μηδεμιᾶς

350 1280 742 1354 ὶπινοουμὲνης
771 1280 1105 1359 συναλοιφῆς
1135 1285 1270 1356 (82),
1320 1284 1354 1352 ἢ
1397 1281 1729 1354 ἀναλύσεως,
1780 1283 1814 1351 ἢ
1869 1303 1996 1358 συγ-

348 1369 587 1445 χύσεως,
631 1367 722 1425 ἵνα
783 1372 858 1444 μὴ
903 1371 965 1426 τὸ
1013 1378 1116 1426 πᾶν
1166 1371 1470 1445 καταλυθῇ,
1504 1369 1571 1426 δι’
1602 1372 1675 1425 ὧν
1708 1372 1771 1426 τὸ
1828 1371 1883 1426 ’ὲν
1918 1393 1999 1425 σε-

352 1457 603 1532 μνύνεται
651 1456 819 1515 πλέον
869 1461 903 1529 ἢ
947 1458 1133 1523 καλῶς
1173 1456 1313 1536 ἔχει.
1346 1461 1413 1515 Αἱ
1444 1458 1503 1515 8t
1530 1458 1823 1533 ἴδιότητες,
1883 1466 1998 1515 Πα-

346 1546 474 1619 τρὸς
508 1547 628 1620 μὶν,
662 1548 751 1603 καὶ
782 1548 1024 1625 ἀνάρχου
1053 1552 1188 1623 (83),
1235 1549 1326 1604 καὶ
1374 1550 1553 1625 ἀρχῆς
1602 1549 1996 1622 ἑπινοουμένυυ

344 1635 435 1692 καὶ
494 1635 797 1711 λεγομένου
847 1638 1050 1713 (ἀρχῆς
1099 1635 1178 1705 δὶ,
1234 1638 1310 1701 ὡς
1364 1638 1562 1706 αἰτίου,
1607 1638 1696 1693 καὶ
1754 1638 1830 1700 ὡς
1887 1658 1999 1709 πη-

341 1731 467 1801 ᾔς,
522 1726 615 1780 καὶ
675 1726 749 1788 ὡς
797 1722 974 1781 ἀϊδίου
1030 1726 1208 1804 φωτός
1270 1729 1403 1798 (84)*
1465 1727 1597 1781 Υἱοῦ
1642 1723 1722 1797 δὲ,
1753 1725 1996 1802 ἀνάρχου

347 1814 441 1886 μὶν
503 1811 783 1889 οὐδαμῶς,
832 1812 1016 1891 ἄρχῆς
1072 1813 1131 1871 δὶ
1187 1820 1293 1872 τῶν
1345 1814 1529 1871 δλῶν·
1562 1817 1743 1892 ἀρχὴν
1779 1813 1838 1871 δὶ
1868 1815 1995 1871 ὅταν

349 1901 505 1971 εἴπω,
543 1905 622 1976 μή
653 1904 855 1980 χρόνον
889 1907 1173 1980 παρενθῇς,
1210 1902 1350 1978 μηδὲ
1384 1905 1543 1978 μέσσν
1588 1926 1642 1959 τι
1690 1903 1849 1979 τάξῃς
1899 1909 1996 1960 τοῦ

345 1992 733 2068 γεγεννηκότος
784 1992 873 2048 καὶ
927 1998 1026 2049 τοῦ
1079 1997 1438 2070 γεννήματος,
1502 1991 1644 2066 μηδὲ
1674 1991 1857 2067 διέλῃς
1897 1995 1996 2062 τὴν

350 2080 506 2160 φύσιν
558 2086 637 2153 τῷ
686 2086 871 2144 κακῶς
935 2083 1310 2159 παρη-τεθέντι
1384 2087 1503 2145 τοῖς
1562 2081 1852 2145 συναϊδίοις
1904 2083 1993 2138 καὶ

350 2169 738 2243 συνημμένους.
788 2170 875 2228 Ei
905 2171 1010 2247 γὰρ
1053 2171 1257 2247 χρόνος
1305 2172 1433 2226 Υἳοῦ
1461 2166 1826 2248 πρεσϐύτερος
1857 2174 1990 2244 (85),

351 2256 557 2314 ἐκείνου
587 2256 803 2327 δηλαδὴ
835 2280 876 2314 π
896 2260 1087 2335 ρώτως
1130 2260 1192 2314 ἂν
1239 2256 1323 2329 εἷή
1353 2263 1467 2330 (86)
1498 2258 1669 2322 αἴτιος
1700 2261 1729 2314 6
1778 2262 1990 2333 Ηατήρ.

350 2347 450 2403 Καὶ
480 2352 598 2409 πῶς
638 2349 874 2419 ποιητὴς
904 2347 1120 2424 χρόνων
1150 2349 1179 2404 6
1211 2348 1314 2403 ὑπὸ
1354 2348 1559 2425 χρόνον
1587 2367 1600 2419 ;
1647 2354 1771 2411 Πῶς
1818 2347 1875 2403 δι
1903 2345 1995 2403 καῖ

350 2434 553 2510 Κύριος
612 2433 846 2505 πάντων,
895 2437 942 2493 εἱ
992 2437 1092 2492 ὑπὸ
1140 2436 1341 2513 χρόνου
1369 2436 1737 2513 προείληπταί
1793 2457 1852 2492 τε
1902 2437 1991 2492 καὶ

345 2524 687 2599 κυριεύεται;
740 2526 1012 2602 Ἀναρχος
1055 2524 1147 2581 οὖν
1197 2526 1226 2581 6
1276 2528 1463 2603 Πατήρ
1492 2544 1508 2563 ·
1557 2526 1618 2581 οὗ
1662 2526 1764 2603 γὰρ
1804 2526 1996 2603 ἰτὲρω-

348 2622 434 2675 θεν
477 2612 644 2685 αὐτῳ,
704 2611 829 2668 οὐδὲ
902 2615 1029 2687 παρ’
1086 2614 1275 2670 ἑαυτοῦ
1324 2618 1430 2689 (87)
1489 2614 1554 2669 τὸ
1607 2616 1878 2672 εἷναι.¹0
1936 2615 1994 2671 δὲ

349 2701 495 2766 Γὶὸς,
527 2701 612 2757 ἐᾶν
647 2702 740 2775 μὶν
773 2703 847 2765 ὡς
897 2701 1069 2759 αἶ’τιον
1100 2704 1192 2759 τὸν
1252 2704 1460 2777 Πατέρα
1517 2699 1822 2779 λαμϐάνῃς,
1895 2705 1996 2761 οὐκ

350 2790 591 2866 ἄναρχος
616 2811 628 2822 ·
663 2790 811 2867 ἀρχὴ
841 2793 944 2868 γὰρ
978 2792 1109 2846 Υἱοῦ
1136 2795 1323 2869 Πατὴρ
1370 2793 1444 2854 ὡς
1493 2789 1666 2855 αἶ’τιος
1907 2792 1994 2849 ἰὰν

351 2874 411 2934 δὶ
435 2880 535 2948 τὴν
567 2878 676 2935 ἀπὸ
706 2880 908 2955 χρόνου
938 2880 1068 2956 νοῇς
1106 2882 1308 2958 ἀρχὴν,
1338 2881 1427 2936 καὶ
1460 2880 1697 2958 ἄναρχος
1722 2902 1736 2915 ’
1771 2881 1869 2937 οὐκ
1897 2884 1992 2955 ἄρ-

349 2986 504 3042 χεται
536 2968 641 3043 γὰρ
674 2968 775 3023 ὑπὸ
806 2969 1011 3045 χρόνου
1041 2971 1070 3024 6
1101 2970 1316 3047 χρόνων
1346 2969 1644 3041 Δεσπότης.

2112 841 2477 909 retinebitur,
2510 845 2557 899 si
2594 844 2803 899 Filium
2847 845 3001 901 380
3049 850 3106 900 et
3152 845 3441 917 Spiritum
3490 851 3761 900 sanctum

2112 931 2183 985 ad
2216 947 2395 986 unam
2429 948 2665 988 causam
2697 934 3039 1003 referamus,
3076 952 3190 989 non
3222 938 3415 989 autem
3449 950 3761 1005 compona-

2112 1036 2246 1074 mus
2298 1038 2401 1075 nec
2431 1022 2948 1090 commisceamus;
2981 1033 3035 1078 et
3065 1023 3114 1077 si
3150 1040 3327 1078 unam
3382 1028 3555 1092 atque
3604 1040 3761 1079 eam-

2111 1108 2243 1163 dem
2276 1109 2627 1177 Divinitatis,
2651 1114 2716 1165 ut
2748 1112 2827 1166 ita
2870 1110 3095 1182 loquar,
3122 1112 3441 1167 motionem
3472 1118 3528 1166 et
3558 1114 3762 1167 volun-

2109 1202 2311 1264 tatem,
2344 1199 2731 1269 essentiaeque
2763 1199 3131 1254 identitatem
3174 1199 3594 1271 intelligamus.
3620 1202 3762 1256 Tres

2109 1290 2307 1339 autem
2342 1301 2621 1355 personas
2651 1286 2733 1340 ita
2765 1286 3117 1349 tenebimus,
3138 1290 3186 1341 si
3214 1286 3378 1341 nulla
3403 1288 3759 1355 commixtio,

2108 1378 2209 1427 aut
2256 1373 2555 1445 resolutio,
2582 1380 2685 1429 aut
2732 1375 2997 1429 confusio
3027 1374 3405 1445 excogitetur,
3438 1392 3511 1429 ne
3542 1375 3759 1447 alioqui

2107 1460 2443 1517 universum
2474 1478 2575 1533 per
2603 1478 2702 1517 eos
2726 1468 3043 1531 evertatur,
3068 1463 3169 1533 qui
3202 1463 3551 1533 impensius,
3576 1480 3753 1534 quam

2104 1565 2211 1622 per
2266 1550 2363 1620 sit,
2414 1552 2701 1607 unitatem
2753 1551 3057 1606 extollunt.
3102 1555 3405 1607 Postremo
3458 1551 3537 1607 ita
3582 1552 3757 1609 nobis

2104 1638 2523 1711 proprietatum
2558 1640 2706 1695 ratio
2735 1640 3047 1709 constabit,
3071 1640 3119 1695 si
3146 1644 3373 1696 Patrem
3408 1640 3669 1712 quidem,
3699 1646 3756 1698 et

2104 1727 2378 1799 principii
2426 1732 2741 1799 expertem,
2793 1732 2851 1783 et
2898 1728 3254 1801 principium
3306 1730 3651 1801 cogitemus,
3686 1746 3753 1787 ac

2105 1816 2490 1888 praedicamus
2542 1816 2937 1890 (principium,
2987 1817 3249 1887 inquam,
3284 1822 3348 1872 ut
3394 1834 3656 1883 causam,
3697 1821 3755 1875 et

2106 1911 2172 1960 ut
2203 1907 2444 1970 fontem,
2468 1906 2781 1977 lumenque
2823 1907 3301 1978 sempiternum);
3340 1906 3546 1961 Filium
3594 1924 3750 1975 vero,

2105 1995 2347 2050 minime
2370 1995 2606 2066 quidem
2631 1996 2902 2068 principii
2928 2000 3241 2067 expertem,
3263 1996 3529 2051 omnium
3558 2002 3754 2054 autem

2106 2100 2299 2139 rerum
2360 2084 2714 2155 principium
2764 2100 3128 2151 asseramus;
3182 2083 3534 2155 principium
3587 2101 3755 2155 porro

2103 2189 2236 2227 cum
2268 2173 2417 2239 dico,
2449 2189 2520 2228 ne
2566 2178 2801 2245 tempus
2830 2173 3171 2244 interjicias,
3197 2188 3303 2228 nec
3352 2174 3504 2228 inter
3533 2174 3758 2244 genito-

2103 2278 2224 2317 rem
2256 2267 2314 2317 et
2342 2262 2606 2333 genitum
2631 2262 2888 2317 medium
2913 2262 3132 2333 aliquid
3159 2262 3502 2328 constituas,
3524 2278 3629 2317 nec
3660 2279 3762 2334 per

2102 2350 2183 2415 id,
2207 2351 2362 2422 quod
2411 2351 2566 2406 inter
2610 2366 2697 2417 ea,
2728 2367 2856 2422 quas
2907 2351 3173 2406 eamdem
3225 2351 3604 2406 ister-nitatem
3657 2352 3761 2407 ba-

2104 2439 2264 2504 bent,
2287 2443 2345 2495 et
2373 2441 2688 2509 conjuncta
2726 2445 2885 2511 sunt,
2911 2439 3061 2495 male
3102 2439 3448 2511 interponis,
3484 2445 3757 2496 naturam

2104 2528 2347 2583 dividas.
2380 2527 2528 2583 Nam
2560 2528 2607 2583 si
2641 2532 2875 2600 tempus
2909 2528 3052 2582 Filio
3106 2531 3195 2583 est
3241 2527 3563 2599 antiquius,
3596 2528 3757 2584 illius

2102 2615 2303 2689 procul
2322 2617 2499 2672 dubio
2521 2617 2777 2689 primum
2804 2617 2972 2672 Pater
2994 2633 3168 2672 causa
3196 2616 3369 2672 fuerit
3391 2633 3626 2673 necesse
3643 2623 3756 2673 est.

2102 2707 2265 2772 Quod
2297 2706 2345 2761 si
2377 2706 2458 2761 ita
2507 2711 2614 2772 est,
2640 2722 2756 2777 quo
2804 2705 3038 2761 tandem
3089 2707 3262 2761 modo
3313 2710 3643 2777 temporum
3676 2708 3759 2761 fa-

2103 2800 2226 2851 ctor
2267 2795 2454 2863 erit",
2488 2795 2587 2863 qui
2623 2795 2732 2849 sub
2767 2798 3000 2865 tempus
3032 2794 3226 2849 cadit?
3256 2795 3379 2857 Quo
3412 2795 3551 2849 item
3585 2796 3757 2851 modo

2106 2885 2387 2940 Dominus
2409 2884 2676 2938 omnium
2696 2884 2761 2947 ⁸³,
2790 2882 2837 2937 si
2861 2899 2995 2938 eum
3018 2889 3253 2954 tempus
3277 2885 3663 2953 praecesserit,
3681 2884 3759 2939 ei-

2104 2989 2217 3044 que
2248 2972 2618 3027 dominetur?
2646 2972 2919 3042 Principii
2973 2972 3151 3044 igitur
3192 2987 3397 3043 expers
3427 2976 3515 3027 est
3546 2972 3715 3027 Pater
3749 2989 3763 3028 :

350 3074 457 3115 nec
485 3059 641 3117 enim
676 3060 934 3126 aliunde,
964 3078 1068 3117 nec
1096 3079 1130 3117 a
1158 3078 1221 3118 se
1264 3061 1393 3134 ipso
1441 3078 1570 3117 esse
1618 3062 1812 3117 habet.
1855 3062 2037 3118 Filius
2083 3068 2301 3132 autem,
2335 3061 2627 3133 siquidem
2676 3066 2905 3115 Patrem
2955 3066 3018 3115 ut
3061 3077 3298 3116 causam
3354 3061 3628 3132 accipias,
3660 3078 3761 3117 ne-

349 3162 646 3219 quaquam
698 3148 988 3221 principio
1043 3155 1234 3218 caret;
1268 3149 1625 3221 principium
1681 3149 1839 3205 enim
1896 3149 2023 3205 Filii
2079 3150 2250 3206 Pater
2304 3154 2411 3217 est,
2444 3154 2511 3205 ut
2560 3166 2766 3216 causa;
2810 3149 2899 3204 sin
2959 3149 3031 3203 de
3084 3154 3347 3220 tempore
3404 3149 3759 3221 principium

346 3234 721 3304 intellexeris,
754 3237 1025 3309 principii
1072 3254 1301 3311 quoque
1331 3238 1524 3295 omnis
1572 3243 1663 3295 est
1710 3255 1935 3311 expers.
1970 3239 2169 3312 Neque
2215 3239 2372 3295 enim
2430 3243 2762 3310 temporum
2812 3238 3095 3294 Dominus
3151 3237 3401 3310 tempori
3457 3239 3759 3309 subject-us

347 3328 455 3381 θει.

416 3411 499 3468 Η’.
530 3410 595 3468 Ei
634 3408 722 3481 -δὶ,
772 3408 857 3467 ὅτι
904 3412 972 3467 τὰ
1018 3412 1247 3487 σώματα
1292 3413 1399 3469 ὑπὸ
1444 3413 1670 3491 χρόνον,
1712 3412 1803 3470 διὰ
1829 3419 1990 3470 τοῦτο

2174 3416 2323 3472 VIII.
2348 3416 2510 3479 Quod
2544 3415 2618 3483 si,
2650 3415 2790 3488 quia
2832 3430 3074 3487 corpora
3121 3413 3372 3485 tempori
3423 3414 3754 3484 s‘ubjacent,

346 3498 593 3573 ἀξιώσεις
634 3502 839 3557 κεῖσθαι
884 3500 974 3557 καὶ
1019 3502 1112 3557 τὸν
1161 3502 1283 3558 Υἱὸν
1335 3504 1438 3559 ὑπὸ
1481 3503 1705 3579 χρόνον,
1765 3506 1989 3577 περιθή-

347 3608 458 3650 σεις
516 3588 607 3644 καὶ
666 3593 824 3662 σῶμα
876 3594 956 3661 τῷ
995 3590 1310 3664 ἀσωμάτῳ·
1369 3593 1458 3647 καὶ
1509 3592 1555 3647 εἰ
1612 3593 1693 3647 ὅτι
1745 3593 1813 3648 τὰ
1865 3594 1991 3669 παρ’

347 3674 481 3747 ἡμῖν
533 3676 868 3749 γεννώμενα,
917 3675 1017 3732 οὐκ
1062 3673 1191 3733 ὄντα
1232 3678 1384 3748 ποτὶ,
1425 3678 1540 3734 εἶτα
1586 3679 1868 3754 γινόμενα,
1904 3678 1994 3736 διὰ

343 3767 504 3819 τοῦτο
552 3763 643 3819 καὶ
690 3764 782 3821 τὸν
831 3764 952 3821 Υἱὸν
1004 3767 1317 3842 ἀναγκάσεις
1361 3766 1411 3840 ἐξ
1458 3768 1557 3822 οὐκ
1604 3763 1775 3822 ὅντων
1826 3768 1903 3830 εἷς
1929 3769 1992 3823 τὸ

347 3856 486 3907 εἶναι
550 3851 1011 3929 παρεληλυθέναι,
1059 3854 1363 3930 συγκρίνεις
1571 3856 1638 3911 τὰ
1679 3855 1991 3933 ἀσύγκριτα,

350 3942 477 3998 Θεὸν
504 3940 599 3997 καὶ
629 3939 942 4018 ἄνθρωπον,
973 3947 1133 4017 σῶμα
1168 3944 1261 3999 καὶ
1309 3944 1373 3999 τὸ
1419 3945 1708 4017 ἀσώματον
1735 3964 1748 3978 ·
1800 3945 1994 3999 οὐκοῦν

345 4030 435 4086 καὶ
465 4030 705 4087 πείσεται
749 4031 839 4087 καὶ
888 4031 1198 4104 λυθήσεται,
1245 4031 1330 4088 ὅτι
1374 4033 1561 4088 καὶτὰ
1606 4033 1846 4108 ἡμέτερα
1884 4033 1993 4087 σώ-

350 4139 511 4192 ματα.
561 4119 639 4173 Σὺ
690 4120 787 4193 μὶν
837 4120 927 4175 οὗν
976 4122 1145 4191 ἀξιοῖς
1193 4120 1283 4177 διὰ
1323 4127 1486 4177 τοῦτο
1536 4121 1679 4177 οὕτω
1710 4128 1995 4198 γεννᾶσθαι

346 4208 498 4278 Θεὸν,
533 4204 673 4263 διότι
700 4210 770 4263 τὰ
797 4209 1052 4283 σώματα’
1087 4210 1197 4286 ζγὼ
1229 4207 1286 4265 δὶ
1334 4208 1423 4266 διὰ
1449 4214 1610 4267 τοῦτο
1660 4210 1767 4287 οὐχ
1796 4210 1993 4282 οὓτως,

413 4306 457 4342 δ”
488 4307 663 4363 Hebr.
692 4325 735 4379 ι,
765 4310 820 4363 2.
896 4309 942 4344 ³⁸
972 4312 1138 4366 Rom.
1170 4328 1227 4378 x,
1260 4311 1348 4369 12.

415 4401 631 4486 (81)_06
681 4407 1094 4486 συντιθεμένων,
1146 4404 1273 4463 οὐδὲ
1320 4406 1815 4486 στναλειφομὲνων.
1865 4409 1996 4466 Haec

346 4475 652 4533 desuntin
687 4476 782 4534 0r.
818 4480 869 4535 1.

380 4546 933 4673 λὲῗξὲὲυναλοιφῆς.
982 4551 1105 4608 Duo
1138 4550 1343 4625 Regg.,
1390 4555 1449 4607 et
1494 4551 1610 4607 duo
1658 4550 1844 4622 Colb.,
1879 4570 1999 4605 συν-

345 4638 849 4765 ῗλῖἑξῖἷλνάρχου.
888 4713 923 4765 «γ
964 4690 1243 4765 Principii
1293 4697 1609 4764 expertem.
1646 4714 1689 4765 »_
1718 4692 1996 4765 Theologi

344 4761 528 4839 ϐινεσί
726 4761 1117 4839 proprietates
1136 4761 1292 4819 Patri
1324 4761 1616 4839 tribupnt,
1641 4762 1703 4817 τὸ
1734 4761 1995 4839 ἄναρχον,

343 4838 401 4889 et
452 4832 515 4886 τὸ
563 4831 878 4907 ἀγέννῇτον,
945 4836 1162 4906 quibus
1211 4851 1344 4891 eum
1395 4853 1429 4891 ιι
1460 4836 1624 4907 Filio
1670 4840 1728 4891 et
1776 4831 1991 4907 spiritu

347 4909 553 4982 sancto
604 4906 994 4982 distinguunt.
1040 4907 1147 4982 ῌίο
1204 4912 1400 4982 autem
1446 4906 1711 4982 ῥὶνᾳρχον,
1758 4906 1889 4982 non
1924 4909 1996 4964 de

343 4980 608 5048 tempore
656 4978 969 5050 accipiunt,
1003 4978 1219 5051 alioqui
1252 4978 1406 5035 enim
1444 4978 1625 5035 Filius
1650 4989 1706 5034 et
1747 4980 1995 5051 Spiritus

345 5053 611 5111 sanctus,
644 5064 757 5104 non
784 5049 991 5105 minus
1021 5049 1275 5124 ἄναρχοι,
1309 5051 1366 5124 id
1397 5056 1504 5124 est,
1538 5075 1565 5101 ‹‹
1600 5049 1867 5123 principii
1898 5068 1994 5124 ex-

422 5124 541 5193 rtes
565 5140 593 5168 »
623 5124 783 5193 sunt,
816 5138 994 5192 quam
1037 5122 1223 5190 Pater,
1253 5122 1354 5193 sed
1388 5122 1457 5178 de
1489 5139 1683 5178 causa.
1717 5122 1905 5193 Atque
1936 5123 1993 5176 in

426 5206 456 5245 ο
486 5189 914 5262 signiﬁcatione
943 5193 1053 5249 hoc
1080 5189 1425 5249 vocabulum
1460 5194 1567 5248 soli
1598 5194 1749 5248 Patri
1784 5189 1994 5249 conve-

344 5261 456 5343 nit,
489 5261 588 5343 qui
621 5279 655 5317 ι
681 5263 847 5343 nullo
886 5272 994 5343 est,
1028 5282 1162 5343 cum
1211 5264 1393 5319 Filius
1424 5270 1481 5319 et
1506 5265 1757 5343 _Spiritus
1789 5282 1857 5320 ex
1884 5265 1995 5343 P_a-

344 5338 436 5388 tre
467 5336 816 5407 sint,_atque
846 5336 919 5391 ad
951 5351 1108 5401 eum,
1139 5341 1419 5407 tanquam
1453 5337 1523 5389 ad
1559 5352 1820 5403 causam,
1854 5336 1995 5391 refe-

344 5408 571 5479 rantur.
599 5404 981 5479 Per‘causam
1006 5412 1201 5463 autem
1233 5404 1413 5479 Greci
1447 5407 1591 5462 nihil
1626 5407 1791 5479 aliud
1817 5424 1994 5479 quam

353 5496 375 5552 ς
410 5475 871 5552 Originem,_»_ac
904 5478 1061 5535 velut
1087 5479 1354 5536 essentia:
1388 5478 1606 5534 fontem
1636 5475 1993 5552 intelligunt.

344 5547 435 5620 Ita
461 5549 708 5620 exponit
727 5549 953 5606 Billius.

402 5615 775 5698 'Afdioe
812 5620 1015 5698 φωτός.
1067 5623 1206 5693 Reg.
1239 5617 1751 5698 Cyprqdyswwﬁtoo
1791 5618 1992 5698 φωτός.

350 5688 480 5766 ligno
510 5688 689 5766 lectio
710 5688 847 5766 apta
888 5695 1115 5766 videtur
1142 5688 1522 5766 Corpbeﬁeio,
1542 5699 1601 5748 et
1630 5688 1993 5766 propriePa-

346 5762 424 5823 tri
453 5762 921 5827 convenitCNam
948 5765 1131 5827 Filius
1151 5768 1208 5823 et
1226 5763 1481 5839 Spiritus
1511 5762 1770 5823 sanctus.
1795 5762 1994 5834 ἀΐδιον,

2026 4873 2075 4937 D

2100 3505 2315 3561 idcirco
2347 3504 2556 3560 Filium
2615 3520 2849 3576 quoque
2892 3503 3142 3576 tempori
3201 3503 3446 3559 subesse
3504 3508 3752 3569 statuas,

2101 3600 2241 3650 tunc
2290 3593 2369 3649 rei
2403 3594 2753 3665 incorporea:
2785 3609 2999 3665 corpus
3047 3593 3364 3658 attribues;
3408 3598 3464 3647 et
3494 3592 3567 3658 si,
3600 3608 3750 3662 quo-

2101 3684 2260 3739 niam
2291 3699 2357 3738 ea
2389 3699 2519 3754 qum
2564 3683 2717 3754 apud
2749 3698 2855 3737 nos
2885 3681 3231 3753 gignuntur,
3264 3697 3396 3735 cum
3448 3684 3583 3733 ante
3635 3696 3749 3734 non

2101 3777 2322 3841 essent,
2356 3777 2556 3843 postea
2585 3774 2710 3825 orta
2753 3775 2912 3836 sunt,
2947 3770 3078 3824 ideo
3127 3768 3334 3823 Filium
3368 3783 3602 3838 quoque
3651 3782 3751 3821 ne-

2100 3859 2352 3915 cessario
2404 3875 2472 3914 ex
2519 3857 2702 3913 nihilo
2759 3858 2817 3912 in
2878 3872 3071 3911 rerum
3133 3860 3401 3910 naturam
3467 3854 3752 3925 prodiisse

2101 3948 2426 4017 contendis,
2459 3962 2766 4017 comparas
2807 3961 2898 4011 ea,
2929 3961 3058 4015 que
3100 3942 3593 4015 comparationem
3625 3959 3750 3997 om-

2100 4052 2235 4092 nem
2269 4039 2572 4108 respuunt,
2610 4036 2789 4089 Deum
2821 4049 3030 4104 nempe
3070 4037 3126 4088 et
3165 4032 3482 4101 hominem,
3516 4047 3750 4103 corpus,

2101 4129 2157 4180 et
2188 4124 2245 4179 id
2278 4124 2430 4195 quod
2464 4138 2703 4194 corpore
2746 4126 2930 4177 vacat.
2963 4123 3108 4193 Ergo
3148 4126 3205 4176 et
3238 4120 3511 4191 patietur,
3544 4124 3602 4174 et
3632 4120 3753 4175 dis-

2100 4212 2376 4283 solvetur,
2399 4216 2573 4284 atque
2615 4210 2895 4278 interibit,
2937 4209 3437 4282 quemadmodum
3468 4212 3525 4263 et
3554 4213 3756 4264 nostra

2106 4404 2339 4484 ἄναρχον
2373 4409 2489 4484 φῶς
2521 4410 2677 4472 sunt,
2714 4406 2953 4484 perinde
2983 4421 3049 4484 ac
3092 4404 3372 4484 Pater,_id
3403 4408 3511 4484 est,
3536 4425 3563 4453 ‹‹
3594 4419 3751 4484 sem-

2111 4475 2403 4552 pitéinuni
2454 4479 2674 4535 lumen.
2700 4475 2730 4527 ›ἱ
2752 4477 2915 4533 Unus
2955 4482 3153 4533 autem
3201 4476 3373 4531 Pater
3413 4480 3502 4531 est
3531 4496 3560 4525 «
3590 4475 3752 4544 inge-

2107 4555 2284 4608 nitus.
2311 4573 2340 4602 η

2181 4625 2292 4696 (85)
2350 4614 2739 4695 Πρεσϐύτερος.
2809 4619 2949 4691 Reg.
3027 4618 3158 4687 bm,
3227 4618 3381 4687 Bas.,
3458 4609 3753 4691 πρεσϐύτε-

2143 4714 2222 4748 ον.

2109 4713 2290 4835 ροῖέὸ)
2321 4762 2560 4835 Πρώτως
2602 4760 2677 4835 ἃν,
2706 4756 2812 4829 εἶἠ.
2848 4760 3131 4835 ἓὶολξῖθεξ
3182 4760 3303 4835 δω)
3357 4758 3453 4835 0Γῖ
3499 4760 3548 4825 1⁹
3599 4758 3751 4835 Par”

2106 4831 2329 4902 Camb,
2361 4831 2498 4893 etc..
2534 4855 2562 4884 ‹‹
2596 4833 2873 4905 primum.
2905 4854 2933 4882 »
2966 4831 3238 4888 Men’dose
3280 4833 3340 4886 in
3390 4831 3505 4902 ed.,
3535 4833 3752 4902 πρῶτος

2107 4906 2165 4961 ἂν
2290 4906 2517 4995 Billips,
2540 4926 2568 4952 ‹‹
2598 4906 2847 4997 primus.
2871 4926 2898 4953 »

2176 4980 2193 5032 (
2231 4980 2288 5032 7)
2317 4973 2453 5030 Ουδε
2484 4995 2591 5032 παρ
2640 4975 2853 5030 ἒαυάου.
2888 4998 2898 5025 ‹

2176 4973 2288 5060 (87)
2317 4973 2453 5060 Οὐδξ
2484 4973 2618 5047 ποιρῖ
2640 4975 2853 5060 taedae,
2888 4974 3063 5060 «ﬁlice
3108 4992 3139 5027 ιι
3189 4973 3402 5060 seipso,
3430 4994 3457 5020 ι)
3489 4976 3596 5060 etc.
3633 4994 3661 5023 «
3691 4973 3753 5028 Si

2104 5046 2329 5105 enim'a
2371 5046 2586 5120 seipse,
2613 5071 2639 5095 ι)
2673 5049 2863 5119 inquit
2911 5046 3086 5108 Elias,
3121 5064 3143 5093 ι
3174 5050 3340 5120 ortus
3386 5047 3562 5110 esset,
3596 5061 3629 5099 a
3659 5060 3750 5099 se-

2104 5122 2231 5191 ipso
2263 5117 2494 5192 quoque
2524 5117 2780 5192 separari
2814 5121 3007 5192 posset
3027 5135 3052 5192 ;_
3073 5117 3361 5192 atqueita
3391 5131 3546 5170 unus
3576 5120 3750 5179 esset,

2104 5187 2241 5263 duo,
2276 5187 2525 5263 quorum
2561 5187 2705 5245 alter
2745 5187 3201 5263 prazeitstitisset,
3235 5187 3383 5263 alter
3426 5193 3626 5263 postea
3657 5203 3751 5263 or-

2104 5272 2201 5321 tus
2230 5259 2593 5340 'esset;__aut
2641 5259 3150 5340 ita'divideretur,
3203 5265 3267 5314 ut
3314 5259 3559 5340 dimidia
3580 5262 3752 5340 parte

2103 5341 2278 5395 esset,
2304 5334 2547 5403 dimidia
2581 5350 2784 5389 rursus
2816 5349 2879 5387 ex
2916 5339 3074 5403 parte
3096 5348 3217 5403 _non
3251 5335 3422 5403 esset.
3449 5350 3476 5377 »
3499 5329 3668 5403 Coisl.
3698 5330 3748 5403 1,

2104 5424 2208 5479 pro
2240 5402 2363 5459 οὐδὲ
2392 5410 2515 5479 παρ’
2546 5404 2757 5474 ἑαυτοῦ,
2791 5398 2986 5470 habet,
3022 5399 3166 5455 ἀλλὰ
3195 5402 3319 5476 παρ’
3351 5401 3561 5463 ἑαυτοῦ,
3590 5422 3617 5446 ιι
3649 5398 3748 5454 sed

2104 5496 2137 5534 a
2167 5479 2435 5547 seipso._»
2467 5483 2576 5532 etc.
2954 5546 2963 5547 ί
3112 5530 3137 5547 4

2174 5540 2287 5621 (88)
2322 5544 2527 5609 Δῗίτιος.
2578 5548 2715 5619 Reg.
2768 5548 2887 5613 bm,
2936 5546 3053 5599 duo
3101 5543 3285 5606 Colb.,
3338 5540 3432 5595 Or.
3490 5542 3540 5605 1,
3592 5542 3748 5611 Bas.,

2104 5617 2189 5674 αἶὲ
2198 5617 2296 5674 ιον.

2175 5695 2285 5765 (89)
2321 5691 2652 5768 Συγκρίνεις.
2690 5691 2826 5763 Reg.
2862 5694 3050 5761 Cypr.,
3084 5686 3408 5759 συγκρινεὴ.
