4138 6212
282 379 439 440 1077
1016 380 1308 442 ORATIO
1351 382 1481 443 XX.
1515 415 1594 429 —
1622 381 1725 442 DE
1769 380 2116 441 DOGMA'I‘.
2163 380 2264 439 ET
2307 378 2661 440 CONSTIT.
2709 381 2955 441 EPISC.
3537 384 3691 445 1078

276 512 507 587 gignis;
542 529 609 570 ac
639 512 906 585 proinde,
940 530 1072 569 eum
1105 514 1203 584 qui
1233 532 1349 571 non
1380 521 1523 585 erat,
1555 516 1614 571 in
1648 532 1839 571 rerum
1882 518 2151 570 naturam
2201 515 2495 585 producis.
2531 519 2665 578 Aut,
2701 520 2761 569 ut
2808 516 3155 585 profundius
3202 516 3419 587 aliquid
3473 518 3686 583 dicam,

278 604 525 659 fortasse
582 617 655 657 ne
714 603 840 675 ipse
897 604 1131 675 quidem
1194 620 1263 659 ex
1319 605 1505 660 nihilo
1566 604 1875 677 producis;
1935 604 2409 674 quandoquidem
2443 609 2500 658 et
2533 604 2685 671 Levi,
2719 611 2781 657 ut
2824 604 2918 657 illo
2969 605 3069 672 ait,
3104 606 3296 660 adhuc
3354 608 3411 660 in
3469 606 3687 663 lumbis

276 692 463 763 patris
518 696 664 758 erat,
697 696 1007 763 antequam
1066 693 1125 747 in
1182 694 1371 749 lucem
1428 695 1769 766 prodiret”.
1804 694 1919 748 Nec
1976 710 2110 748 vero
2170 693 2482 763 quisquam
2544 693 2679 748 huic
2732 694 2979 749 orationi
3039 694 3395 750 calumniam
3454 698 3685 752 conﬂet.

272 780 399 834 Non
429 779 587 835 enim
620 779 832 835 Filium
864 780 945 835 ita
974 797 1041 837 ex
1072 781 1236 838 Patre
1266 784 1544 838 exsistere
1593 784 1740 849 dico,
1773 783 1941 853 quasi
1974 782 2029 835 in
2064 781 2231 836 Patre
2278 782 2444 852 prius
2481 782 2717 852 quidem
2752 783 2940 848 fuerit,
2976 788 3174 854 postea
3203 788 3396 838 autem
3452 785 3507 839 in
3560 801 3688 840 esse

276 868 577 941 prodierit.
622 870 820 941 Neque
868 870 1025 925 enim
1076 871 1483 942 imperfectum
1534 873 1719 944 prius,
1755 888 1820 926 ac
1868 874 2070 942 postea
2100 870 2422 942 perfectum
2454 871 2602 937 dico,
2636 873 3133 942 quemadmodum
3185 873 3295 927 fert
3342 873 3429 929 lex
3477 879 3685 929 nostrae

276 959 693 1029 generationis.

346 1052 401 1099 l'.
433 1050 608 1101 Ταῦτα
653 1050 760 1101 τῶν
834 1045 1239 1122 ἆπηρεαζόντων
1318 1048 1455 1103 ἐστίν
1482 1067 1493 1079 '
1571 1051 1736 1101 ταῦτα
1817 1051 1922 1101 τῶν

2112 1048 2174 1102 Χ.
2210 1052 2341 1103 Haec
2371 1054 2507 1103 sunt
2537 1064 2761 1118 eorum,
2795 1050 2895 1119 qui
2930 1049 3350 1109 obtrectatione
3380 1055 3437 1104 et
3468 1051 3689 1105 calum-

274 1133 669 1204 ἔπιπηδώντων
696 1135 1013 1210 προχείρως
1043 1142 1171 1191 πᾶσι
1212 1141 1329 1198 τοῖς
1362 1134 1707 1211 λεγομένοις.
1735 1138 1924 1208 Ἡμεῖς

2043 1135 2157 1191 niis
2215 1136 2515 1208 gaudent:
2550 1137 2671 1191 hinc
2720 1153 2943 1205 eorum,
2995 1138 3093 1208 qui
3142 1139 3421 1195 adversus
3470 1140 3686 1205 omnia,

276 1219 333 1277 δὶ
363 1223 472 1299 οὐχ
521 1222 663 1278 οὕτω
712 1228 1039 1299 φρονοῦμεν,
1091 1224 1199 1299 οὐχ
1253 1224 1394 1279 οὓτω
1435 1222 1729 1296 δοξάζομεν
1757 1244 1768 1257 ·
1804 1211 1924 1279 ᾰίλλ1

2041 1240 2169 1296 quae
2199 1224 2493 1290 dicuntur,
2530 1229 2799 1296 prompte
2844 1224 3133 1280 insiliunt.
3167 1226 3283 1280 Nos
3327 1231 3521 1281 autem
3572 1245 3686 1281 non

281 1313 423 1385 ὁμοῦ
452 1316 530 1384 τῷ
558 1312 649 1366 τὸν
686 1312 896 1387 Πατέρα
927 1313 1057 1367 εἶναι
1090 1314 1199 1385 (99)
1230 1314 1534 1388 ἀγεννήτως
1581 1314 1685 1387 (ἀεὶ
1735 1310 1792 1367 δὲ
1838 1314 1924 1384 ἦν,

2039 1314 2121 1367 ita
2150 1314 2459 1380 sentimus,
2494 1330 2609 1368 non
2640 1314 2721 1368 ita
2766 1329 3073 1369 censemus
3102 1331 3115 1368 :
3148 1330 3348 1368 verum
3385 1315 3487 1370 hoc
3520 1318 3687 1371 doce-

276 1400 384 1477 ούχ
411 1401 729 1477 ὑπερπίπτει
761 1404 839 1476 (ι)
870 1401 973 1476 γὰρ
1004 1401 1082 1463 εἰς
1113 1403 1174 1457 τὸ
1210 1404 1285 1475 μὴ
1328 1402 1458 1457 εἶναί
1505 1424 1639 1457 ποτε
1679 1403 1707 1456 ὁ
1758 1406 1927 1473 νοῦς),

277 1490 366 1545 καὶ
424 1492 453 1545 ὁ
510 1490 635 1553 Υἱὸς
682 1493 747 1560 ἦν
808 1495 1103 1565 γεννητῶς.
1161 1497 1317 1546 Ὥστε
1362 1490 1641 1567 συντρέχει
1690 1492 1751 1545 τὸ
1799 1492 1929 1545 εἶναι

273 1582 371 1635 τοῦ
419 1580 627 1654 Πατρὸς
671 1583 750 1651 τῷ
797 1582 1151 1655 γεγεννῆσθαι
1199 1585 1297 1635 τοῦ
1352 1584 1706 1656 Μονογενοῦς,
1753 1579 1803 1651 ἐξ
1834 1580 1929 1634 αύ-

270 1672 368 1723 τοῦ
397 1687 455 1722 τε
505 1668 873 1744 ὑπάρχοντος,
920 1668 1011 1722 καὶ
1062 1669 1125 1723 ού
1180 1670 1293 1742 μετ’
1335 1669 1518 1740 αὐτὸν,
1553 1671 1587 1737 ἣ
1617 1669 1823 1739 ἐπινοίᾳ
1854 1671 1935 1742 (2)

278 1756 413 1831 μόνῃ
438 1760 507 1830 τῇ
533 1763 633 1827 τῆς
664 1756 845 1833 ἀρχῆς
871 1776 883 1790 ·
913 1757 1094 1833 ἀρχῆς
1147 1754 1225 1825 δὲ,
1276 1758 1352 1820 ὡς
1402 1758 1597 1814 αἰτίου.
1648 1755 1928 1819 Πολλακις

274 1847 378 1922 γὰρ
424 1846 516 1901 τὸν
576 1844 733 1900 αὐτὸν
786 1846 1101 1924 ἀναστρέφω
1151 1845 1341 1921 λόγον,
1393 1847 1457 1902 τὸ
1503 1847 1655 1922 παχύ
1687 1868 1781 1901 σου
1838 1846 1926 1901 καὶ

276 1933 461 1990 ὑλικὸν
491 1940 592 2003 τῆς
624 1932 863 1996 διανοίας
894 1930 1235 2012 φοϐούμενος
1266 1938 1366 2008 (3).
1416 1935 1479 1990 Εἰ
1528 1933 1585 1990 δὲ
1634 1935 1695 1989 ού
1756 1933 1929 1990 πολυ-

275 2028 609 2100 πραγμονεῖς
638 2024 738 2092 τὴν
763 2028 861 2078 τοῦ
892 2024 1042 2096 Υἳοῦ,
1093 2023 1201 2079 εἴτε
1254 2023 1502 2100 γεννησιν
1557 2025 1669 2100 χρὴ
1722 2023 1924 2098 λέγειν,

278 2112 385 2169 εἴτε
441 2111 752 2184 ὑπόστασιν,
808 2109 914 2167 εἴτε
967 2134 1019 2167 τι
1098 2109 1241 2169 ἄλλο
1311 2114 1641 2189 κυριώτερον
1716 2113 1923 2168 τούτων

273 2201 476 2257 ἆπινοεῖ
530 2204 675 2274 (νικᾷ
725 2202 827 2277 γὰρ
886 2203 986 2271 τὴν
1046 2201 1185 2274 ἒμήν
1251 2202 1499 2278 γλῶτταν
1574 2201 1637 2256 τὸ
1694 2200 1927 2275 νοούμε-

270 2310 364 2344 νον
413 2290 502 2345 καὶ
556 2288 896 2366 λογόμενον)·
957 2287 1100 2363 μηδὲ
1136 2294 1234 2344 τοῦ
1284 2290 1595 2365 Πνεύματος
1635 2288 1927 2366 περιεργά-

2040 1419 2195 1469 mus,
2228 1408 2285 1457 et
2316 1403 2676 1474 proﬁtemur,
2699 1404 2850 1473 quod
2898 1401 3073 1457 simul
3115 1408 3291 1473 atque
3321 1404 3492 1459 Pater
3524 1406 3688 1475 inge-

2040 1492 2161 1546 nito
2202 1492 2375 1547 modo
2407 1498 2532 1547 erat
2556 1494 2802 1562 (semper
2832 1496 3027 1547 autem
3062 1496 3203 1558 erat,
3229 1509 3334 1547 nec
3364 1495 3519 1547 enim
3552 1511 3685 1548 eum

2039 1579 2353 1651 aliquando
2385 1598 2499 1636 non
2535 1581 2715 1637 fuisse
2746 1581 3001 1651 concipit
3044 1597 3209 1637 mens
3248 1586 3468 1651 nostra,
3502 1600 3685 1653 quan-

2037 1669 2253 1724 tumvis
2285 1686 2347 1725 se
2394 1669 2679 1725 altissime
2708 1670 2947 1739 efferat),
2973 1674 3030 1724 et
3072 1670 3253 1725 Filius
3304 1687 3535 1742 quoque
3584 1688 3688 1743 per

2036 1758 2470 1831 generationem
2503 1763 2653 1826 erat;
2689 1758 2769 1814 ita
2792 1763 2855 1813 ut
2875 1759 3063 1813 Patris
3093 1760 3349 1814 essentia
3378 1766 3689 1815 concurrat

2037 1863 2171 1902 cum
2220 1846 2514 1919 Unigeniti
2571 1847 2968 1919 generatione,
3002 1848 3102 1919 qui
3152 1864 3218 1902 ex
3271 1849 3397 1920 ipso
3448 1850 3683 1920 quidem

2037 1940 2145 2003 est,
2172 1952 2289 1991 non
2322 1940 2519 1991 autem
2552 1938 2683 2007 post
2711 1935 2929 2007 ipsum,
2949 1939 3048 1991 aut
3078 1936 3285 1991 saltem
3322 1936 3447 1991 sola
3480 1938 3689 2008 princi-

2036 2025 2117 2096 pii
2148 2026 2516 2097 cogitatione.
2544 2024 2900 2097 Principium
2926 2041 3061 2080 vero
3083 2025 3177 2080 hic
3208 2043 3311 2096 pro
3332 2042 3508 2081 causa
3536 2027 3685 2082 acci-

2036 2114 2153 2186 pio.
2180 2114 2501 2168 Identidem
2534 2114 2689 2169 enim
2722 2114 2924 2169 eadem
2955 2115 3131 2169 verba
3162 2120 3378 2185 repeto,
3414 2122 3477 2170 ut
3508 2115 3689 2170 animi

2038 2203 2125 2257 tui
2184 2202 2525 2258 hebetudini
2581 2206 2639 2257 et
2699 2203 2988 2258 crassitiei
3045 2219 3369 2258 occurram.
3420 2205 3580 2269 Quod
3641 2205 3690 2259 si

2036 2292 2326 2347 curiosius
2384 2308 2497 2347 non
2560 2292 2838 2346 scrutaris
2877 2291 3029 2360 Filii,
3071 2292 3193 2347 sive
3251 2294 3691 2363 generationem

274 2383 369 2448 ζου
423 2380 523 2448 τὴν
568 2376 826 2454 πρόοδον.
876 2383 1160 2454 Δρκοῦμαι
1210 2379 1445 2450 ἀκούειν,
1508 2379 1591 2435 ὅτι
1638 2380 1784 2449 Υἱὸς,
1834 2380 1922 2435 καὶ

274 2464 783 2483 ..-ηι
960 2466 1838 2483 ....ς.......μ.η

2039 2381 2225 2437 dicere
2255 2381 2545 2446 convenit,
2578 2380 2699 2435 sive
2730 2381 3148 2451 substantiam,
3182 2381 3304 2436 sive
3334 2383 3488 2452 quod
3528 2382 3687 2437 aliud

273 2468 358 2523 ὃτι
390 2466 449 2522 εκ
476 2472 573 2522 τοῦ
606 2464 813 2543 Πατρός
839 2485 852 2501 ⁸
885 2469 975 2523 καὶ
1006 2466 1088 2523 δτι
1122 2470 1149 2523 ὁ
1186 2470 1280 2541 μὲν
1324 2472 1531 2544 Πατὴρ,
1566 2470 1594 2523 ὁ
1645 2466 1703 2524 δὲ
1756 2470 1879 2531 Υἱὸς
1910 2488 1923 2501 ο

274 2554 363 2612 καί
397 2553 550 2611 οὐδὲν
584 2557 728 2630 παρὰ
754 2561 915 2612 τοῦτο
959 2559 1411 2634 περιεργάζομαι,
1456 2559 1531 2631 μὴ
1578 2556 1739 2613 ταυτὸ
1772 2559 1927 2621 πάθω

270 2650 391 2707 ταῖς
447 2650 674 2723 φωναῖς,
728 2644 783 2701 αἹ
849 2651 929 2719 τῷ
988 2647 1415 2725 ὑπερφωνεῖσθαι
1471 2647 1752 2709 παντελῶς
1811 2645 1926 2702 δια-

270 2733 580 2807 πίπτουσιν,
637 2732 675 2805 ἥ
733 2735 802 2810 τῇ
853 2731 973 2809 ὄψει
1032 2735 1278 2811 τεινούσῃ
1333 2739 1410 2810 (4)
1482 2738 1616 2810 πρὸς
1687 2735 1925 2805 ἡλιακὴν

272 2823 478 2882 ἀκτῖνα.
520 2827 674 2897 ’Όσῳ
719 2825 820 2901 γὰρ
874 2823 933 2879 ἂν
983 2824 1174 2880 πλεῖον
1224 2825 1315 2879 καὶ
1361 2820 1740 2902 ἀκριϐέστερον
1794 2824 1925 2880 ἴδεῖν

273 2911 456 2977 ἰθελοι
500 2934 607 2979 τις,
657 2914 901 2986 τοσούτῳ
960 2915 1060 2984 τὴν
1130 2912 1378 2984 αἴσθησιν
1457 2911 1924 2989 παραϐλάπτεται,

273 3001 364 3056 καὶ
392 3002 457 3056 τὸ
487 3001 736 3057 ὁπωσοῦν
789 3002 917 3077 ὀρᾷν
956 3002 1351 3076 ἀποστερεῖται,
1403 3001 1491 3057 διὰ
1518 3009 1617 3058 τοῦ
1666 3002 1926 3065 πλείονος

274 3094 535 3151 νικῶντος
574 3091 673 3159 τὴν
728 3090 851 3163 ὄψιν
902 3096 999 3146 τοῦ
1048 3091 1331 3167 ὁρωμένου
1358 3092 1443 3147 ἰὰν
1478 3091 1605 3147 ὅλον
1642 3090 1770 3147 ἰδεῖν
1806 3092 1924 3147 ἐθε-

275 3178 441 3252 λήσῃ,
472 3178 561 3233 καὶ
596 3180 672 3252 μὴ
706 3177 829 3235 ὅσον
864 3182 992 3253 ὁρᾷν
1015 3179 1272 3257 ἀσφαλὲς.

2038 2469 2386 2526 vocabulum
2419 2470 2609 2541 magis
2653 2468 2953 2541 proprium
2996 2474 3170 2541 atque
3201 2470 3534 2541 appositum
3568 2470 3690 2526 cui-

2038 2560 2194 2631 piam
2228 2559 2285 2613 in
2319 2564 2574 2614 mentem
2605 2557 2766 2613 venit
2784 2559 3069 2629 (linguam
3102 2558 3258 2612 enim
3293 2574 3483 2613 meam
3518 2576 3689 2631 supe-

2039 2654 2129 2703 rat
2158 2648 2238 2715 id,
2273 2648 2427 2719 quod
2472 2646 2663 2718 cogito
2712 2663 2779 2701 ac
2826 2646 2999 2717 dico),
3032 2662 3106 2701 ne
3154 2662 3386 2717 quoque
3436 2647 3689 2716 Spiritus

2040 2737 2225 2793 sancti
2273 2735 2707 2808 processionem
2764 2734 2933 2790 anxie
2993 2734 3244 2805 inquire.
3289 2734 3429 2789 Mihi
3487 2736 3689 2791 audire

2039 2826 2183 2882 satis
2213 2830 2303 2881 est
2336 2841 2348 2879 :
2384 2826 2537 2896 quod
2572 2823 2755 2879 Filius
2800 2826 2909 2888 est,
2932 2827 2989 2878 et
3029 2824 3182 2894 quod
3214 2840 3281 2878 ex
3314 2823 3480 2878 Patre
3515 2838 3528 2878 :
3562 2829 3687 2879 tum

2039 2916 2193 2987 quod
2244 2914 2339 2969 ille
2388 2918 2560 2969 Pater
2606 2918 2715 2980 est,
2756 2912 2848 2968 hic
2901 2911 3139 2980 Fillius;
3175 2911 3322 2967 nihil
3371 2917 3577 2983 preter
3610 2926 3691 2969 'ea

2038 3005 2322 3076 investigo
2360 3020 2425 3059 ac
2470 3006 2831 3074 perscrutor;
2865 3017 2936 3056 ne
2968 3001 3113 3056 mihi
3162 3002 3317 3056 idem
3350 3003 3501 3072 quod
3533 3004 3692 3057 voci-

2039 3095 2149 3149 bus
2180 3093 2427 3158 accidat,
2461 3108 2587 3162 qua
2633 3090 2947 3145 immodica
2990 3090 3360 3145 contentione
3410 3090 3690 3162 frangun-

2034 3189 2149 3250 tur,
2184 3198 2249 3237 ac
2302 3197 2543 3253 prorsus
2575 3179 2913 3244 concidunt,
2948 3182 3045 3233 aut
3096 3179 3249 3233 idem
3297 3178 3452 3250 quod
3503 3177 3689 3233 oculis

278 3269 586 3325 adversum
644 3270 826 3326 solem
886 3270 1275 3326 intuentibus.
1320 3271 1467 3327 Nam
1523 3288 1634 3343 quo
1683 3272 1817 3343 quis
1875 3271 2130 3344 amplius
2170 3276 2226 3327 et
2282 3268 2611 3325 accuratius
2662 3285 2793 3322 eum
2854 3283 3088 3323 cernere
3142 3268 3325 3339 cupit,
3376 3284 3441 3322 eo
3502 3268 3688 3339 magis

278 3374 520 3415 sensum
552 3358 729 3426 laedit,
763 3376 829 3415 ac
860 3359 988 3416 ideo
1019 3360 1195 3416 etiam
1227 3377 1460 3433 quoquo
1492 3362 1663 3417 modo
1694 3362 1967 3419 cernendi
2002 3361 2270 3417 facultate
2303 3358 2582 3431 privatur,
2616 3358 2754 3428 quia
2785 3357 3067 3412 nimirum
3096 3356 3176 3424 id,
3209 3358 3359 3428 quod
3405 3357 3692 3419 cernitur,

277 3446 579 3503 oculorum
639 3448 824 3505 aciem
879 3453 1138 3522 superat,
1171 3465 1305 3505 cum
1364 3451 1660 3524 quispiam
1717 3455 1905 3506 totum
1956 3450 2291 3521 conspicere
2336 3445 2603 3510 voluerit,
2654 3462 2719 3501 ac
2765 3461 2880 3500 non
2928 3448 3216 3517 quantum
3272 3447 3397 3500 tuto
3453 3461 3686 3501 cernere

274 3534 430 3592 licet.

345 3622 450 3680 IA'.
509 3622 751 3686 Ἀκούνις
796 3624 1087 3701 γεννησιν;
1135 3626 1207 3680 Τὸ
1245 3631 1362 3688 πῶς
1416 3628 1490 3699 μή
1540 3626 1911 3702 περιεργάζου.

2104 3627 2195 3681 ΧΙ.
2227 3626 2409 3681 Audis
2452 3623 2927 3695 generationem?
2979 3623 3211 3679 Modum
3260 3622 3547 3677 curiosius
3606 3636 3678 3676 ne

275 3711 521 3774 Ἀκούεις
576 3711 659 3768 ὅτι
706 3714 769 3767 τὸ
817 3718 1034 3786 Πνεῦμα
1080 3717 1271 3791 προϊὸν
1320 3715 1377 3769 ἐκ
1423 3720 1517 3769 τοῦ
1569 3714 1918 3788 Πατρός;Τὸ

276 3796 429 3864 ὅπως
485 3803 561 3875 μὴ
619 3799 1089 3879 πολυπραγμόνει.
1166 3804 1231 3860 Εἰ
1308 3801 1365 3858 δὲ
1438 3802 1918 3879 πολυπραγμονεῖς

274 3891 403 3945 Υἱοῦ
459 3891 725 3966 γέννησιν,
783 3893 873 3946 καὶ
921 3891 1235 3966 Πνεύματος
1294 3888 1551 3969 πρόοδον,
1610 3892 1759 3966 κάγώ
1825 3912 1920 3945 σου

271 3978 725 4054 πολυπραγμονῶ
780 3980 844 4035 τὸ
884 3986 1071 4057 κρᾶμα
1119 3984 1305 4056 ψυχῆς
1349 3981 1437 4035 καὶ
1468 3982 1720 4053 σώματος
1747 3999 1759 4012 ·
1796 3984 1920 4041 Πῶς

270 4068 325 4123 εἷ
379 4072 535 4142 χοῦς,
590 4068 680 4122 καὶ
734 4068 891 4124 εἲκὼν
938 4074 1111 4139 Θεοῦ;
1164 4069 1223 4123 Τί
1268 4070 1331 4124 τὸ
1373 4074 1551 4124 κινοῦν
1585 4090 1661 4137 σε,
1694 4069 1728 4138 ἢ
1760 4069 1811 4123 τί
1858 4068 1921 4123 τὸ

269 4156 622 4229 κινούμενον;
657 4161 777 4219 Πῶς
804 4156 867 4212 τὸ
897 4158 1027 4213 αύτὸ
1055 4158 1144 4212 καὶ
1175 4162 1315 4213 κινεῖ
1341 4158 1432 4213 καὶ
1472 4164 1696 4213 κινεῖται
1724 4178 1737 4227 ;
1796 4161 1921 4219 Πῶς

272 4247 311 4314 ἡ
365 4242 610 4316 αἴσθησις
662 4245 713 4301 ὲν
771 4251 850 4319 τῷ
906 4245 1051 4319 αύτῷ
1110 4248 1279 4321 μένει,
1308 4248 1399 4302 καὶ
1429 4248 1490 4303 τὸ
1521 4243 1671 4309 ἔκτὸς
1700 4247 1921 4302 ἐπισπᾶ-

274 4351 403 4404 ται;
438 4338 558 4396 Πῶς
601 4335 629 4389 ὁ
682 4339 809 4397 νοῦς
854 4334 907 4391 ἂν
959 4336 1067 4405 σοὶ,
1119 4335 1287 4409 μένει,
1339 4338 1429 4391 καὶ
1476 4342 1638 4411 γεννᾷ
1668 4335 1833 4411 λόγον
1867 4335 1916 4390 ἐν

274 4419 437 4495 ἄλλῳ
466 4420 550 4477 νοΐ
583 4426 661 4495 (5)
691 4441 705 4493 ;
740 4428 863 4487 Πῶς
897 4422 1052 4500 λόγῳ
1100 4424 1284 4498 νόημα
1323 4423 1625 4480 διαδίδοται
1666 4427 1782 4498 (6);
1816 4424 1919 4480 Καὶ

275 4508 431 4566 οὔπω
454 4512 522 4566 τὰ
556 4512 775 4585 μείζονα
819 4510 986 4590 λὲγῳ.
1046 4513 1139 4575 Τίς
1186 4513 1415 4589 ούρανοῦ
1464 4515 1769 4591 περιφορά;
1829 4513 1921 4575 Τίς

275 4597 513 4674 ἀστέρων
572 4600 804 4672 κίνησις,
847 4599 885 4670 ἤ
942 4601 1111 4673 τάξις,
1168 4600 1205 4671 ἤ
1271 4603 1458 4678 μέτρα,
1515 4600 1551 4670 ἤ
1612 4600 1918 4673 σύνοδος,ἤ

276 4686 611 4758 ἀπόστασιςς
670 4690 827 4753 Τίνες
879 4688 925 4745 δ’
973 4690 1091 4767 ὅροι
1138 4689 1448 4761 θαλάσσης;
1506 4686 1673 4754 Πόθεν
1725 4689 1781 4745 δὲ
1808 4692 1922 4746 ἀνέ-

277 4798 397 4853 μων
452 4776 712 4854 ῥεύματα,
765 4781 799 4849 ἢ
845 4778 1001 4857 ὡρῶν
1056 4781 1379 4855 περιτροπαὶ
1409 4782 1443 4850 ἣ
1473 4775 1695 4856 ὄμϐρων
1730 4780 1920 4856 ἐπιχύ-

275 4882 422 4937 auc;
455 4866 526 4922 Et
547 4866 757 4923 τούτων
792 4866 956 4942 μηδὲν
1006 4868 1353 4940 κατενόησας,
1405 4871 1450 4925 ὦ
1504 4869 1752 4946 ἄνθρωπε
1807 4877 1921 4941 (κα-

346 4994 394 5031 ⁸ο
421 4992 595 5051 Hebr.
625 5010 730 5064 vn,
762 4995 850 5051 10.

491 5138 659 5211 Ὁμοῦ
688 5137 767 5207 τῷ
796 5136 888 5211 τὺν
930 5134 1140 5211 Πατέρα
1171 5138 1326 5194 εἶναι.
1360 5139 1485 5211 Duo
1518 5140 1719 5211 Regg.,
1749 5140 1926 5195 Coisl.

276 5207 366 5285 1,;
394 5207 563 5285 Par.,
604 5207 749 5285 ῥμοῦ
803 5208 867 5263 τὸ
925 5207 1083 5263 εἶναι’
1114 5210 1490 5285 τὸνλΠ-ατὲρα.
1547 5207 1685 5266 Τῐῖεῖε
1741 5211 1927 5285 Colb.,

277 5277 361 5354 τῷ
390 5277 657 5356 suam
697 5299 935 5355 αναρχον
986 5282 1242 5353 (Πατὲρα)
1290 5277 1613 5356 ἀγεννήτως,
1649 5305 1676 5332 ‹‹
1707 5277 1929 5353 absque

285 5351 678 5429 generatione:
706 5372 734 5401 »

376 5425 427 5481 il
455 5422 820 5481 Ὑπερπίπτει.
863 5423 1014 5481 Palu.
1050 5421 1358 5479 ὑποπίπτει.

376 5426 401 5479 1
455 5427 578 5478 Ὑπε
616 5425 820 5479 πίπτει.
863 5425 989 5481 Par.
1050 5425 1358 5479 ὑποπίπτει.

350 5425 432 5568 (ἓξ
462 5495 530 5548 Ἦ
576 5441 805 5565 fmvolq,
836 5501 946 5554 etc.
981 5470 1127 5551 ﬁuic
1175 5496 1370 5568 phrasi
1424 5498 1705 5568 consonat
1751 5493 1926 5564 expli-

285 5567 468 5631 catio,
530 5584 647 5640 qua
705 5568 886 5625 Filius
944 5567 1379 5623 dicitur’Patre
1435 5567 1749 5640 posterior,
1797 5583 1927 5640 non

285 5643 517 5706 natura,
547 5638 575 5691 3:
606 5656 796 5713 neque
831 5661 853 5689 α
888 5645 1168 5713 tempore,
1194 5662 1222 5713 ξ)
1254 5641 1417 5713 sedc
1438 5638 1685 5713 originis
1718 5660 1753 5713 »_
1778 5639 1928 5713 dun-

283 5713 446 5769 taxat
492 5733 522 5764 «
567 5711 862 5771 rationem
898 5711 1042 5771 Vide
1089 5712 1313 5769 Estium
1362 5712 1423 5768 in
1472 5730 1511 5783 ι,
1561 5712 1697 5768 dist.
1729 5711 1783 5780 9,
1815 5712 1843 5779 §
1870 5711 1927 5781 3,

2029 3716 2318 3787 inquiras.
2355 3714 2530 3768 Audis
2582 3712 2862 3784 Spiritum
2894 3729 2961 3767 ex
2990 3712 3158 3767 Patre
3210 3710 3559 3783 procedere?
3589 3709 3674 3776 Id,

2029 3806 2321 3877 quomodo
2353 3804 2475 3871 ﬁat,
2512 3820 2583 3857 ne
2615 3802 2784 3857 anxio
2834 3800 3028 3856 studio
3078 3799 3479 3871 perscruteris.
3514 3796 3676 3861 Quod

2033 3896 2079 3950 si
2115 3894 2173 3948 in
2206 3892 2331 3947 Filii
2376 3890 2751 3963 generatione
2782 3893 2837 3944 et
2865 3888 3117 3960 Spiritus
3150 3885 3518 3957 processione
3551 3899 3677 3954 per-

2029 3981 2369 4053 vestiganda
2400 3980 2553 4034 883
2594 3979 2893 4033 curiosum
2937 3981 2993 4031 te
3043 3975 3284 4047 praebes,
3316 3989 3420 4045 ego
3452 3988 3682 4043 quoque

2030 4071 2156 4143 pari
2186 4067 2525 4124 curiositate
2554 4072 2719 4121 tuam
2753 4065 2962 4121 animm
3009 4062 3384 4134 corporisque
3430 4061 3681 4130 conjun-

2031 4161 2281 4217 ctionem
2316 4162 2373 4213 et
2402 4160 2930 4228 temperamentum
2971 4152 3267 4224 inquiram
3302 4168 3314 4205 :
3349 4166 3464 4221 quo
3510 4150 3681 4204 modo

2033 4247 2224 4321 pulvis
2256 4264 2341 4317 es,
2371 4250 2428 4301 et
2458 4246 2554 4300 Dei
2586 4243 2818 4314 imago?
2849 4240 2995 4307 Quid
3027 4246 3136 4305 est,
3160 4240 3315 4311 quod
3347 4244 3405 4293 te
3432 4242 3680 4300 moveat,

2032 4342 2133 4393 aut
2164 4336 2302 4407 quid
2336 4336 2487 4405 quod
2541 4331 2879 4388 moveatur?
2908 4333 3030 4396 Quo
3064 4330 3237 4385 modo
3286 4329 3441 4383 idem
3491 4329 3684 4381 movet

2031 4432 2089 4481 et
2124 4424 2423 4481 movetur?
2452 4426 2573 4488 Quo
2608 4421 2777 4476 modo
2810 4436 3021 4475 sensus
3050 4420 3109 4473 in
3139 4419 3343 4473 eodem
3376 4421 3594 4481 manet,
3628 4419 3685 4471 et

2032 4520 2271 4570 externa
2302 4512 2583 4568 attrahit?
2613 4511 2734 4574 Quo
2756 4511 2928 4564 modo
2951 4524 3118 4564 mens
3142 4508 3198 4561 in
3222 4511 3279 4562 te
3302 4510 3520 4575 manet,
3542 4508 3599 4559 et
3621 4504 3679 4558 in

2033 4604 2146 4660 alia
2176 4608 2372 4656 mente
2403 4615 2735 4655 sermonem
2776 4598 3000 4670 gignit?
3028 4599 3151 4662 Quo
3205 4596 3376 4653 modo
3407 4594 3682 4665 cogitatio

2034 4708 2136 4764 per
2153 4707 2484 4746 sermonem
2511 4687 2881 4760 impertitur?
2899 4687 3165 4743 Nondum
3190 4685 3414 4755 majora
3435 4684 3681 4755 profero-

2034 4784 2167 4847 Qua:
2193 4778 2320 4835 caeli
2345 4777 2684 4834 conversio?
2705 4776 2845 4840 Quis
2868 4776 3127 4831 siderum
3158 4778 3378 4841 motus,
3399 4776 3500 4828 aut
3520 4774 3681 4828 ordo.

2036 4874 2138 4925 aut
2186 4866 2443 4924 modus?
2490 4867 2629 4930 Quae
2676 4864 3011 4935 conjunctio
3060 4866 3163 4920 aut
3204 4861 3531 4919 distantia?
3576 4861 3684 4925 Qui

2038 5141 2096 5193 et
2125 5136 2257 5191 dist.
2296 5137 2378 5202 16,
2406 5134 2441 5207 ξ,
2470 5137 2521 5189 2.

2236 5198 2480 5283 Δέανοίἷις
2541 5199 2901 5283 φοϐούμενος.
2960 5202 3055 5283 Sic
3113 5201 3249 5273 Reg.
3309 5198 3684 5283 bm,‘plures

2039 5271 2225 5348 Colb.,
2260 5280 2409 5341 Par.,
2442 5271 3134 5348 (.Jombefg'uwcrassitiem
3174 5271 3240 5328 ac
3273 5271 3681 5348 stupiditatem

2038 5338 2253 5423 ingenii
2290 5352 2370 5404 tui
2400 5338 2842 5423 [metuensfvgdln
2875 5347 2967 5423 ed.
3000 5346 3164 5423 de_est
3194 5338 3551 5423 φοϐιριῖηνοςζ

2108 5414 2186 5490 (71)
2215 5423 2367 5494 ’Όψει
2414 5419 2679 5494 “cavdam.
2726 5419 2818 5494 Sic
2876 5414 3257 5494 tresuﬂegg”
3315 5416 3470 5494 Bas.,
3528 5414 3680 5478 Par.,

2039 5484 2305 5563 Tillem,
2324 5499 2430 5549 etc.
2465 5484 2741 5549 Mend'ose
2772 5491 2829 5545 in
2861 5491 2975 5559 ed.,
3010 5484 3116 5561 ὄψῃ
3142 5484 3419 5556 πξινούοῃ.

2131 5568 2185 5637 5)
2218 5566 2339 5637 ΝοέΣ
2364 5566 2435 5637 in
2468 5563 2921 5637 nonnullis,_v<‘p.

2040 5704 2067 5763 ὃ
2109 5617 2188 5709 263
2221 5617 2737 5693 Διίαδίὲξτᾶζῖττεε
2780 5617 2987 5707 'aeng.,
3038 5630 3205 5686 Coisl.
3245 5630 3293 5695 1,
3340 5626 3435 5681 0r.
3491 5626 3541 5693 1,
3595 5617 3681 5674 δέ·
3738 5698 3743 5703 Α

2072 5727 2211 5763 οται.

2072 5727 2211 5765 οται.
