4138 6212
427 347 580 414 10⁸79
1661 340 1728 402 S.
1771 334 2097 400 GREGORl

2210 327 2581 394 l‘HEOLOGI
3662 330 3821 395 1080

428 484 612 538 maris
641 477 919 538 termini?
961 477 1120 533 Unde
1168 475 1320 530 venti
1375 473 1708 546 proﬂuunt?
1738 471 1902 527 Unde
1948 483 2077 540 par-

2210 464 2475 533 τανοήσεις
2508 458 2564 516 δὲ
2597 460 2725 524 ἴσως
2777 483 2929 533 ποτε,
2981 463 3105 517 ’ὁταν
3171 456 3453 537 ἀπολάόῃς
3501 461 3567 518 τὸ
3615 463 3828 519 τὲλειον

427 576 577 629 tium
610 569 748 626 anni
797 567 1205 634 revolutiones,
1230 573 1326 619 aut
1359 563 1688 636 pluviarum
1721 555 2081 617 effusiones?

2210 553 2436 622 Ὀψομαι
2521 550 2646 626 γὰρ,
2733 552 2887 628 φησὶ,
2957 552 3088 613 τοὺς
3165 551 3449 627 οὐρανοὺς,
3535 551 3665 628 ἔργα
3732 558 3842 608 τῶν

431 661 490 717 Si
523 659 665 715 nihil
694 659 903 713 horum
938 655 1234 711 intellectu
1269 652 1598 725 percepisti,
1624 668 1656 706 ο
1687 651 1861 705 homo
1883 644 2083 718 (perci-

2210 637 2472 694 ἴακτύλων
2508 660 2601 692 σου
2627 657 2638 670 ’
2693 639 2766 701 ὡς
2803 639 3145 704 ὑπονοεῖσθαι
3203 643 3269 695 τὰ
3314 645 3406 694 νῦν
3447 642 3701 716 ὁρώμενα
3763 646 3840 715 μὴ

432 750 556 820 pies
603 750 797 802 autem
831 745 1078 799 fortasse
1118 741 1453 813 aliquando,
1486 756 1617 795 cum
1673 736 2081 810 perfectionem

2210 730 2322 820 ιίῖναι
2362 729 2462 796 τήν
2509 728 2794 820 αλήρειαν,
2851 728 2998 784 ἀλλὰ
3046 737 3148 799 τῆς
3196 728 3450 800 ἀληθείας
3485 728 3842 806 ἷνδάλματα)·

433 815 786 893 consecutus
839 832 1016 888 lueris
1047 848 1060 886 :
1099 831 1292 886 Videbo
1321 830 1502 894 enim,
1534 828 1727 899 inquit
1774 824 1891 893 ille,
1922 822 2084 879 oculos

2210 817 2238 871 :i
2265 818 2455 872 σαυτὸν
2489 815 2588 872 οὐκ
2618 815 2784 891 ἔγνως
2815 821 2914 891 (7),
2948 816 3119 890 ὅστις,
3153 818 3201 873 εἶ
3227 819 3256 872 ὁ
3295 819 3417 894 περὶ
3461 818 3673 874 τούτων
3725 818 3846 874 δια-

430 941 594 999 opera
642 923 944 993 digitorum
995 926 1219 974 tuorum
1236 921 1311 986 ‘1;
1346 923 1408 973 ut
1447 917 1732 988 conjicere
1763 912 2083 986 possimus,

432 1028 520 1080 ea,
547 1029 674 1084 quea
708 1027 863 1066 nunc
893 1009 1212 1078 cernimus,
1233 1025 1348 1064 non
1379 1006 1682 1062 veritatem
1713 1004 1902 1075 ipsam
1934 1016 2082 1067 esse,

434 1102 533 1160 sed
566 1101 834 1173 quaedam
887 1100 1169 1154 duntaxat
1200 1095 1464 1152 veritatis
1509 1091 1878 1162 simulacra);
1931 1089 1978 1144 si
2031 1093 2089 1144 te

432 1191 629 1263 ipsum
681 1206 795 1244 non
852 1187 1032 1254 nosti,
1061 1185 1333 1256 quisquis
1377 1200 1460 1254 es,
1503 1182 1605 1254 qui
1655 1182 1726 1237 de
1773 1180 1865 1235 his
1914 1177 2088 1234 rebus

2194 904 2507 982 λεγόμενος,
2541 905 2585 958 εἰ
2615 910 2780 960 ταῦτα
2829 905 2892 960 οὐ
2939 903 3253 977 κατέλαϐες,
3303 908 3376 961 ὧν
3426 908 3515 962 καὶ
3565 911 3598 975 ή
3655 906 3851 978 uibar,-

2194 1014 2276 1056 σις
2333 996 2559 1070 μάρτυς,
2617 998 2733 1055 πῶς
2791 995 2920 1050 Θεὸν
2980 990 3242 1070 ἀκριϐῶς,
3295 995 3430 1073 ὅπερ
3473 1017 3534 1051 τε
3579 998 3671 1052 καὶ
3713 998 3844 1052 ὅσον

2197 1082 2359 1151 ἰστίν,
2392 1080 2588 1138 εἰδέναι
2619 1078 3066 1157 ὑπολαμϐάνεις;
3111 1082 3335 1155 Πολλῆς
3361 1090 3526 1140 τοῦτο
3561 1093 3660 1156 τῆς
3707 1085 3854 1142 die.

2195 1171 2335 1248 γίσις,

433 1280 723 1351 disputas,
756 1278 806 1332 si
836 1277 957 1332 hanc
991 1275 1251 1330 nondum
1283 1272 1577 1328 intellectu
1627 1265 2144 1342 comprehendisti,
2177 1275 2423 1336 quorum
2464 1279 2678 1319 sensus
2697 1263 3028 1335 ipsetestis
3048 1267 3166 1332 est,
3198 1280 3315 1336 quo
3361 1266 3596 1322 tandem
3648 1268 3852 1336 modo,

435 1368 598 1440 quid,
633 1372 688 1421 et
720 1371 974 1436 quantus
1003 1365 1082 1419 sit
1111 1364 1285 1429 Deus,
1319 1367 1376 1417 te
1406 1366 1560 1417 certo
1589 1365 1785 1416 tenere
1816 1375 1881 1414 ac
1911 1357 2059 1412 scire
2091 1351 2441 1440 arbitraris?
2463 1352 2690 1440 biegnae
2723 1352 2985 1440 profecto
3006 1353 3060 1407 id
3095 1352 3358 1408 stultitiae
3386 1360 3495 1410 est.

507 1457 626 1510 XII.
661 1454 940 1518 Quocirca
971 1456 1020 1507 si
1052 1452 1191 1522 quid
1235 1450 1378 1505 mihi
1409 1450 1800 1518 obtemperas,
1834 1446 1944 1501 hoc
1976 1449 2086 1510 est,

432 1543 704 1614 theologo
748 1542 992 1598 minime
1037 1539 1267 1604 audaci,
1301 1545 1365 1595 ut
1395 1537 1677 1594 nonnulla
1715 1538 1840 1607 jam
1892 1549 2086 1606 perce-

437 1633 598 1705 pisti,
637 1632 720 1688 ita
767 1631 945 1685 etiam
993 1645 1082 1695 ea,
1117 1644 1243 1699 quae
1288 1631 1627 1698 supersunt,
1663 1630 1731 1680 ut
1781 1622 2088 1695 percipias.

2269 1444 2363 1496 IB'.
2397 1436 2554 1494 Ἀλλ’
2583 1437 2636 1492 εἷ’
2657 1459 2708 1492 τι
2741 1438 2866 1510 tuo!
2898 1437 3076 1512 πείθῃ,
3103 1444 3184 1510 τῷ
3218 1441 3294 1512 μὴ
3341 1442 3527 1514 θρασεῖ
3574 1441 3852 1516 θεολόγῳ,

2194 1529 2258 1582 τὸ
2313 1527 2405 1599 μὲν
2458 1521 2772 1594 κατέλαϐες,
2825 1527 2890 1580 τὸ
2935 1524 2993 1580 δὲ
3021 1523 3463 1600 καταλαμϐάνειν
3489 1532 3570 1600 (8)
3601 1528 3852 1600 δεήθητι.

2195 1617 2268 1672 Τὸ
2305 1617 2398 1688 μὲν
2427 1615 2704 1691 ἀγάπησον
2739 1615 2791 1671 ἐν
2819 1615 2906 1669 σοὶ
2945 1616 3125 1688 μένον,
3154 1618 3218 1671 τὸ
3261 1614 3319 1672 δὶ
3348 1617 3403 1672 ἐν
3446 1623 3572 1679 τοῖς
3613 1621 3730 1673 ἂνω
3783 1622 3859 1693 (9)

441 1703 600 1793 roga.
626 1722 705 1776 Ea
735 1722 920 1790 parte,
953 1734 1077 1789 quas
1121 1716 1180 1770 in
1230 1720 1286 1770 te
1334 1719 1553 1782 manet,
1586 1717 1899 1769 contentus
1930 1715 2052 1766 esto
2084 1729 2096 1766 :

2210 1708 2498 1779 θησαυροῖς
2530 1705 2782 1776 μεινάτω.
2819 1704 2916 1758 Διὰ
2959 1703 3262 1775 πολιτείας,
3317 1704 3503 1762 ἄνελθε
3528 1728 3540 1740 ·
3590 1704 3678 1761 διὰ
3719 1709 3855 1764 καθ-

443 1809 625 1866 altera
653 1810 710 1862 in
746 1807 1016 1878 supernis
1047 1805 1342 1862 thesauris
1373 1803 1674 1861 recondita
1706 1804 1957 1856 maneat.
1982 1803 2091 1854 Per

441 1898 570 1954 vitae
603 1897 948 1968 probitatem
1002 1894 1250 1950 ascende
1282 1910 1293 1948 :
1330 1909 1430 1963 per
1473 1889 1898 1963 purgationem,
1931 1905 2089 1954 eum,

446 1987 547 2059 qui
580 2003 764 2058 purus
794 1988 902 2050 est,
935 1983 1280 2054 adipiscere.
1309 1981 1410 2037 Vis
1440 1979 1747 2051 theologus
1778 1977 2091 2049 aliquando

445 2076 596 2142 fieri,
619 2092 685 2131 ac
717 2073 1022 2130 divinitate
1053 2072 1302 2143 dignus?
1323 2075 1496 2126 Serva
1528 2069 1833 2134 mandata;
1866 2082 1967 2138 per
1999 2065 2091 2122 Dei

446 2167 738 2238 praecepta
768 2162 995 2229 incede;
1030 2160 1181 2216 actio
1203 2159 1358 2214 enim
1385 2159 1602 2230 gradus
1628 2162 1716 2212 est
1743 2156 1816 2212 ad
1838 2160 2092 2211 contem-

445 2252 762 2324 plationem
803 2269 816 2306 :
862 2265 932 2305 ex
980 2264 1220 2320 corpore
1264 2263 1501 2318 operam
1550 2247 1762 2301 animm
1809 2261 1974 2300 nava.
2006 2245 2093 2298 An

446 2341 761 2415 quisquam
791 2343 881 2394 est
911 2336 1270 2403 mortalium,
1293 2335 1394 2406 qui
1421 2335 1491 2390 ad
1521 2350 1648 2390 eam
1669 2333 2093 2390 sublimitatem

443 2429 635 2486 eﬂ'erri
666 2427 874 2500 possit,
897 2431 959 2480 ut
989 2427 1058 2480 ad
1085 2423 1250 2481 Pauli
1286 2439 1623 2480 mensuram
1657 2421 1994 2494 perveniat?
2023 2423 2096 2476 At

443 2517 541 2574 ille
561 2522 757 2573 tamen
777 2514 970 2570 videre
993 2531 1055 2569 se
1077 2529 1178 2585 per
1199 2512 1501 2584 speculum
1524 2517 1578 2566 et
1599 2512 1849 2583 aenigma
1871 2509 2012 2565 dicit
2029 2511 2092 2575 ⁴²,

444 2611 800 2678 tempusque
833 2605 1030 2668 affore,
1059 2618 1176 2672 quo
1206 2601 1349 2656 facie
1378 2602 1449 2656 ad
1495 2601 1702 2656 faciem
1731 2601 1966 2655 visurus
1995 2599 2091 2654 sit.

445 2696 608 2750 Tunc
656 2693 790 2748 aliis
842 2691 1078 2762 quidem
1128 2690 1186 2743 in
1236 2689 1591 2760 disputando
1641 2687 1988 2744 sublimior?
2022 2692 2096 2742 At

447 2783 564 2840 Deo
621 2782 777 2837 haud
827 2780 1005 2835 dubie
1053 2778 1292 2834 inferior
1337 2795 1419 2833 es.
1453 2779 1618 2833 Tune
1669 2777 1799 2832 aliis
1851 2777 2094 2832 fortasse

449 2871 675 2928 acutior
702 2874 760 2926 et
790 2868 1224 2940 perspicacior?
1249 2870 1321 2922 At
1349 2872 1501 2923 certe
1531 2867 1772 2922 veritate
1801 2870 1961 2921 tanto
1993 2882 2094 2937 po-

449 2960 661 3016 sterior
717 2975 801 3024 es,
849 2957 1005 3014 384
1061 2961 1281 3028 quanto
1329 2956 1584 3012 essentia
1631 2955 1731 3010 Dei
1778 2955 2094 3011 essentiam

2199 1792 2403 1868 ἀρσεως
2449 1795 2583 1864 (10),
2636 1794 2828 1860 κτῆσαι
2882 1793 2945 1847 τὸ
2995 1793 3246 1868 καθαρόν.
3325 1794 3517 1849 Βούλει
3587 1796 3856 1869 θεολόγος

2199 1881 2444 1958 γενέσθαι
2474 1882 2624 1950 ποτὲ,
2658 1879 2747 1935 καί
2785 1889 2886 1951 τῆς
2941 1881 3195 1952 θεότητος
3247 1881 3435 1953 ἄξιος;
3485 1887 3579 1946 τὰς
3630 1884 3859 1946 ἒντολᾶς

2200 1969 2440 2050 φύλασσε
2486 1969 2575 2025 διὰ
2622 1975 2728 2025 τῶν
2775 1972 3210 2046 προσταγμάτων
3263 1975 3377 2045 (11)
3415 1971 3640 2028 ὅδωσον
3667 1993 3680 2005 ο
3712 1981 3855 2050 τινρὶ-

2201 2062 2276 2132 ξις
2306 2061 2410 2135 γὰρ
2443 2054 2686 2121 ἐπίϐασις
2718 2060 2942 2135 θεωρίας
2967 2069 2982 2090 ⁸
3018 2060 3076 2116 ἐκ
3129 2065 3227 2115 τοῦ
3278 2062 3532 2133 σώματος
3698 2067 3857 2138 ψυχῇ

2200 2148 2574 2228 φιλοπόνησον
2606 2151 2738 2220 (12).
2772 2150 2912 2222 ’Δρά
2953 2149 3037 2211 τίς
3088 2148 3229 2204 ἔστιν
3276 2149 3589 2226 ἀνθρώπων,
3639 2154 3700 2212 ὃς
3743 2156 3862 2224 (13)

2201 2238 2426 2313 ἀρθῆναι
2473 2241 2730 2291 τοσοῦτον
2793 2234 3031 2305 δύνανται,
3091 2237 3229 2293 ὣστε
3281 2239 3356 2299 εἰς
3414 2240 3476 2293 τὸ
3509 2239 3734 2295 Παύλου
3769 2243 3864 2313 μὲ-

2200 2346 2322 2401 τρον
2381 2323 2595 2393 ἐλθεῖν;
2650 2323 2810 2380 Ἀλλ’
2857 2324 3012 2398 ὅμως
3061 2326 3197 2402 φησὶ
3239 2325 3458 2401 βλέπειν
3487 2324 3558 2382 δι’
3589 2327 3859 2403 ἐσόπτρου

2199 2416 2288 2469 καὶ
2336 2413 2674 2489 αἰνίγματος,
2734 2415 2822 2470 καὶ
2879 2413 3015 2469 εἶναι
3070 2417 3276 2488 καιρὸν,
3329 2415 3418 2472 ὅτε
3447 2412 3635 2490 ὄψεται
3695 2417 3862 2493 πρόσ-

2201 2524 2350 2560 ωπον
2381 2503 2517 2578 πρὸς
2549 2501 2865 2578 πρόσωπον.
2903 2501 3112 2560 Ἀλλου
3147 2505 3241 2575 μεν
3285 2507 3396 2578 (14)
3443 2506 3495 2560 εἶ
3539 2504 3861 2583 φιλοσοςδώο

2198 2613 2356 2668 τερος
2403 2591 2454 2646 ἂν
2516 2591 2738 2666 λόγοις;
2796 2596 2932 2648 θεοῦ
2991 2589 3048 2648 δὶ
3093 2593 3308 2654 πάντως
3357 2595 3470 2668 (15)
3520 2596 3863 2669 κατώτερος.

2200 2680 2412 2736 ΙἈλλου
2472 2681 2566 2753 μὶν
2618 2681 2786 2754 τυχὸν
2838 2685 2948 2753 (16)
3017 2683 3412 2758 συνετώτεροςς
3471 2684 3533 2739 τὸ
3597 2681 3656 2738 δὲ
3712 2683 3865 2753 ἀλη-

2201 2773 2344 2834 θείας
2392 2775 2500 2844 (17)
2549 2777 2807 2828 τοσοῦτον
2875 2771 3037 2846 λείπῃ
3085 2777 3219 2846 (18),
3268 2773 3393 2828 ὅσον
3442 2774 3506 2828 τὸ
3566 2774 3705 2829 εἷναί
3763 2795 3864 2830 σου

2203 2859 2447 2935 δεύτερον
2492 2865 2592 2915 τοῦ
2639 2861 2773 2914 εἶναι
2823 2865 2976 2917 Θεοῦ.
3045 2863 3288 2936 Ἐχομεν
3337 2861 3664 2939 ἐπαγγελίαν
3717 2866 3862 2938 γνώ-

2204 2948 2382 3012 σεσθαί
2449 2969 2602 3016 ποτε,
2655 2948 2779 3006 ὅσον
2839 2948 3176 3025 ἔγνώσμεθα.
3239 2950 3304 3006 Ei
3359 2953 3434 3023 μή
3500 2949 3722 3007 δυνατὸν
3776 2952 3862 3006 lv-

446 3053 608 3104 tuam
659 3046 969 3104 antecellit.
1004 3044 1488 3101 Pollicitationem
1534 3044 1818 3100 habemus
1860 3043 1999 3109 fore,
2034 3047 2097 3098 ut

2210 3040 2367 3093 ταῦοα
2398 3035 2544 3113 ἔχειν
2575 3035 2789 3092 τελείαν
2819 3040 2918 3107 τὴν
2948 3043 3055 3094 τῶν
3084 3038 3254 3093 ὅντων
3286 3045 3506 3114 γνῶσιν,
3539 3039 3589 3094 τί
3626 3061 3718 3114 μοι
3747 3044 3866 3114 (19)

2250 3129 2262 3144 ς
2302 3124 2321 3144 κ
2446 3126 2458 3144 1
2699 3126 2759 3144 ...ι
2837 3127 2851 3144 κ
2914 3128 2956 3144 ..
3043 3128 3097 3144 ..ι
3359 3135 3396 3144 η
3497 3128 3516 3144 ς
3571 3129 3582 3144 .

449 3136 764 3207 aliquando
795 3139 1023 3190 tantum
1071 3150 1514 3206 cognoscamus,
1548 3139 1833 3203 quantum
1885 3132 2100 3204 cogniti

451 3241 661 3280 sumus
683 3225 744 3278 ιδ.
779 3224 836 3278 Si
867 3224 991 3278 ﬁeri
1037 3240 1149 3278 non
1201 3227 1408 3294 potest,
1441 3226 1507 3277 ut
1555 3222 1869 3293 perfectam
1903 3220 1960 3275 in
1992 3221 2101 3275 hac

449 3313 567 3367 vita
617 3329 810 3366 rerum
861 3309 1255 3383 cognitionem
1307 3326 1713 3381 assequamur,
1765 3309 1903 3379 quid
1956 3309 2100 3363 mihi

451 3401 748 3472 reliquum
771 3399 897 3455 est?
919 3400 1065 3463 Quid
1100 3399 1159 3453 in
1188 3415 1290 3470 spe
1322 3397 1621 3470 positum?
1649 3399 1910 3469 Regnum
1936 3397 2103 3452 coelo-

450 3507 604 3556 rum,
631 3487 826 3560 procul
861 3488 1037 3541 dubio
1083 3487 1335 3558 inquies.
1360 3487 1536 3557 Atqui
1568 3485 1712 3540 illud
1746 3485 1887 3539 nihil
1941 3485 2102 3540 aliud

451 3594 580 3635 esse
608 3577 899 3643 existimo,
927 3591 1104 3647 quam
1126 3577 1275 3645 ejus,
1299 3575 1456 3646 quod
1483 3575 1866 3645 purissimum
1898 3579 1954 3629 et
1975 3591 2102 3644 per-

454 3667 844 3722 fectissimum
874 3669 983 3731 est,
1023 3664 1415 3735 adeptionem.
1449 3662 1885 3718 Perfectissima
1933 3679 2101 3733 porro

455 3771 652 3810 rerum
684 3752 950 3809 omnium
980 3757 1067 3807 est
1099 3752 1199 3808 Dei
1229 3751 1502 3824 cognitio.
1537 3751 1749 3806 Verum
1780 3767 1933 3819 eam,
1967 3768 2104 3822 par-

453 3843 560 3899 tim
589 3846 915 3906 teneamus,
940 3841 1172 3911 partim,
1193 3841 1474 3911 quamdiu
1506 3840 1566 3895 in
1599 3845 1753 3895 terra
1777 3855 2102 3905 versamur,

453 3931 749 4004 percipere
803 3930 1170 3997 studeamus,
1220 3929 1432 4000 partim
1483 3929 1540 3983 in
1592 3928 1861 3984 futurum
1917 3945 2102 3984 savum

452 4035 840 4087 reservemus,
876 4023 942 4074 ut
987 4018 1146 4074 hunc
1176 4017 1394 4074 laboris
1437 4017 1859 4088 industriaeque
1889 4021 2102 4074 nostrai

522 4110 566 4146 “
600 4107 753 4164 Psal.
787 4125 911 4174 VIII,
944 4107 994 4162 4.
1072 4107 1115 4143 ⁴²
1147 4108 1169 4163 Ι
1201 4110 1489 4178 Οονηχιιι,
1524 4108 1610 4163 12.
1687 4107 1732 4142 ‘3
1762 4106 1909 4162 Ibid.

525 4196 604 4270 (7)
634 4201 864 4270 ’ίξῐγνῳᾳ
900 4197 975 4270 Ip_
995 4193 1668 4270 quibusdam,_t1rtvac.

462 4333 496 4391 λ
645 4260 1114 4338 Καταλαμϐάνειν.
1166 4268 1310 4323 Tres
1363 4260 1546 4339 Cole,
1597 4271 1652 4322 et
1702 4265 1798 4322 Or.
1854 4268 1901 4333 1,
1948 4285 2105 4320 κατα-

504 4357 534 4390 α
577 4358 669 4391 ειν.

504 4357 669 4393 αοειν.

529 4409 608 4479 (9)
638 4409 806 4461 Ἀνω.
840 4408 934 4463 Sic
979 4407 1176 4480 plures
1220 4409 1423 4480 Regg.,
1456 4413 1514 4464 et
1543 4408 1728 4476 Colb.,
1759 4408 1931 4465 Coisl.
1967 4410 2016 4477 1,
2052 4412 2108 4464 et

457 4484 552 4536 Or.
588 4481 638 4534 1.
677 4481 738 4534 In
770 4480 839 4535 ed
873 4480 1055 4535 deest.

529 4552 642 4622 (10)
673 4550 792 4624 Διά,
814 4551 1147 4624 καθάρσεως,
1179 4554 1291 4624 etc.
1323 4551 1425 4606 His
1454 4551 1646 4624 verbis
1677 4552 1844 4607 docet
1891 4553 2106 4624 Grego-

462 4621 609 4696 rius,
639 4624 708 4677 ad
739 4621 963 4696 divina!
995 4621 1293 4696 sapientiai
1341 4622 1601 4696 studium
1654 4625 1969 4695 puritatem
2010 4621 2103 4680 re-

460 4694 636 4776 quiri,
671 4694 1265 4776 nequisiﬁquipurus
1305 4695 1515 4776 est,_ad
1557 4694 1740 4776 Deum
1776 4713 1946 4776 posse
1980 4713 2104 4768 per-

458 4765 703 4839 tingere,
742 4765 1294 4839 Flinchasaubonus
1335 4767 1395 4822 in
1428 4765 2103 4839 Praefatione'epistfvn,

463 4835 647 4892 sancti
673 4837 928 4909 Gregorii
961 4837 1205 4909 Nysseni
1232 4839 1301 4894 ad
1326 4839 1712 4904 Eustathiam,
1743 4835 2104 4892 Ambrosiam

461 4913 519 4962 et
580 4909 940 4972 Basilissam.
994 4909 1113 4964 haec
1171 4909 1434 4965 habetzu
1486 4915 1606 4965 Non
1657 4909 1769 4964 alia
1819 4910 2107 4964 sententia

459 4979 589 5050 fuit,
642 4986 765 5036 tum
820 4981 1064 5036 aliorum
1110 4980 1320 5036 veteris
1372 4979 1637 5035 Ecclesia:
1700 4979 2103 5050 Patrum,tum

457 5048 714 5124 Gregorii
769 5052 1271 5124 Nazianzeni,iviri
1321 5052 1448 5106 sine
1487 5048 1878 5124 controversia
1925 5051 2105 5124 maxi-

461 5119 654 5196 mi,'et
684 5125 781 5195 qui
815 5127 888 5178 ob
933 5123 1281 5196 exquisitam
1335 5137 1532 5196 rerum
1577 5119 1902 5196 divinarum
1957 5123 2103 5196 noti-

459 5195 598 5248 tiam
634 5191 765 5251 cum
803 5196 922 5265 pari
959 5191 1227 5248 facundia
1248 5198 1304 5245 et
1322 5191 1964 5265 eruditioneljunctam,
1989 5193 2105 5257 glo-

457 5261 850 5321 riosissimum
892 5265 1168 5334 Theologi
1216 5278 1429 5318 nomen
1477 5263 1626 5316 tulit.
1663 5261 1762 5316 Hic
1809 5262 1987 5332 igitur
2019 5266 2105 5318 vir

456 5341 656 5392 tantus
693 5335 1106 5406 gravissimum
1156 5338 1212 5406 et
1260 5349 1388 5386 vere
1434 5349 1764 5406 gemmeum
1817 5335 2099 5400 libellum,

459 5424 576 5478 quo
607 5403 916 5462 de‘divinaa
967 5403 1266 5478 sapientiae
1297 5405 1492 5478 studio
1544 5405 1826 5478 disputat,
1860 5407 1937 5460 ita
1971 5426 2101 5462 con~

458 5470 736 5550 cludit‘ut
766 5470 1051 5548 Oportere'
1076 5477 1232 5550 dicat
1264 5491 1276 5528 :
1313 5470 1400 5527 διὰ
1447 5470 1751 5550 καθάρσεως
1799 5470 1990 5546 κτῆσαι
2039 5478 2101 5531 τὸ

458 5544 712 5619 καθαρόν,
751 5572 777 5596 ‹‹
804 5544 910 5620 per
960 5547 1384 5620 purgationem,
1426 5544 1711 5619 eum,'qui
1766 5544 1946 5620 punis
1991 5555 2097 5616 est,

462 5619 844 5699 adipisci-re.)
876 5619 1088 5674 Deinde
1114 5622 1456 5699 auteirriter
1474 5619 1878 5699 affectantibus
1910 5622 1981 5699 ad
2002 5622 2100 5678 Dei

461 5689 912 5762 divinarumque
939 5707 1131 5747 rerum
1165 5690 1454 5765 notitiam,
1489 5693 1692 5752 doctor
1720 5693 2100 5754 fidelissimus

2208 3129 2271 3181 τὸ
2302 3124 2625 3198 λειπόμενον
2654 3145 2668 3195 ;
2699 3126 2759 3181 Τί
2799 3127 2859 3181 τὸ
2909 3128 3303 3200 ἐλπιζόμενον;
3358 3128 3645 3183 Βασιλείαν
3697 3151 3863 3204 cupa-

2210 3220 2340 3287 νῶν,
2400 3218 2614 3277 πάντως
2670 3218 2782 3288 (20)
2842 3215 3001 3291 ἐρεῖς.
3062 3218 3328 3292 ἹΙγοῦμαι
3388 3215 3446 3272 δὶ
3507 3219 3583 3290 μὴ
3615 3216 3762 3273 ἄλλο
3811 3240 3865 3273 τι

2209 3308 2369 3360 τοῦτο
2402 3306 2554 3374 εἶναι,
2586 3307 2620 3373 ἣ
2650 3306 2714 3359 τὸ
2741 3311 2926 3380 τυχεῖν
2959 3310 3054 3360 τοῦ
3101 3307 3486 3380 καθαρωτάτου
3534 3327 3596 3361 τε
3642 3328 3732 3361 και
3780 3328 3868 3361 τε·

2212 3393 2522 3449 Λεογτάτου·
2571 3391 2904 3449 τελεώτατον
2955 3391 3011 3448 δὲ
3055 3399 3163 3448 τῶν
3215 3390 3404 3462 ὄντων,
3455 3399 3650 3469 γνῶσις
3701 3401 3862 3451 Θεοῦ.

2213 3480 2389 3536 Ἀλλὰ
2436 3483 2496 3536 τὸ
2551 3483 2642 3554 μὶν
2691 3483 3073 3557 κατάσχωμεν,
3118 3484 3180 3536 τὸ
3222 3480 3278 3537 δὲ
3305 3479 3726 3556 καταλάϐωμεν,
3757 3483 3867 3546 ἓως

2212 3570 2370 3643 ἐσμεν
2423 3571 2556 3645 ὑπὶρ
2597 3577 2698 3645 γῆς
2728 3588 2740 3602 ⁸
2786 3570 2849 3628 τὸ
2897 3569 2956 3626 δὲ
3013 3570 3211 3635 ἐκεῖθεν
3273 3573 3716 3644 ταμιευσώμεθα,
3769 3572 3865 3627 ἵνα

2209 3659 2410 3730 ταύτην
2478 3665 2696 3736 σχῶμεν
2755 3667 2855 3730 τῆς
2926 3660 3250 3739 φιλοπονίας
3326 3664 3424 3730 τὴν
3508 3663 3866 3739 ἐπικαρπίαν,

2212 3748 2348 3818 ὅλην
2375 3755 2474 3818 τῆς
2506 3747 2659 3824 ἆγίας
2690 3746 2917 3823 Τριάδος
2951 3751 3048 3819 τήν
3082 3747 3382 3824 ἴλλαμψιν,
3429 3750 3550 3819 ἥτις
3605 3750 3742 3823 εστὶ,
3775 3754 3869 3807 καὶ

2214 3836 2320 3907 οἶα,
2348 3839 2437 3891 καὶ
2469 3837 2593 3906 ὅση,
2626 3836 2678 3891 ait
2711 3839 2867 3910 θεμις
2896 3843 3057 3893 τοῦτο
3100 3839 3289 3907 εἰπεῖν,
3351 3839 3400 3894 ἓν
3453 3840 3599 3912 αὐτῷ
3646 3843 3872 3916 Χριστῷ

2210 3931 2290 3998 τῷ
2321 3925 2500 4000 Κυρίῳ
2529 3928 2712 3998 ἡμῶν,
2745 3931 2792 3999 ᾧ
2819 3929 2853 3995 ἡ
2889 3924 3017 3997 δόξα
3043 3928 3134 3982 καὶ
3165 3928 3228 3983 τὸ
3257 3928 3454 4004 κράτος
3483 3932 3598 4003 (21)
3628 3931 3708 3992 εἱς
3735 3932 3875 3993 τοὺς

2214 4015 2414 4077 αἰώνας
2440 4019 2548 4071 τῶν
2579 4015 2816 4073 αἰώνων.
2852 4017 3051 4090 Ἀμήν.

2214 4193 2894 4277 hanc_compendiariam
2914 4193 3066 4277 viam
3097 4195 3374 4277 ostendit,
3406 4199 3472 4250 ut
3499 4211 3608 4267 per
3626 4196 3877 4277 Domini

2214 4266 2495 4339 mandata
2541 4266 2654 4339 iter
2702 4270 3034 4339 capessant,
3062 4266 3111 4320 si
3151 4267 3223 4322 ad
3269 4283 3461 4322 veram
3504 4266 3877 4339 sapientiam

2215 4338 2512 4412 pervenire
2542 4337 2742 4412 velint.
2775 4337 3046 4412 Actiones
3078 4354 3331 4412 namque
3361 4343 3501 4397 sunt
3529 4337 3712 4396 veluti
3741 4358 3877 4412 gra-

2138 4410 2183 4477 D
2214 4409 2331 4479 dus,
2373 4410 2591 4479 quibus
2637 4409 2708 4464 ad
2757 4411 3046 4465 cmlestem
3100 4410 3393 4466 veritatem
3443 4409 3814 4468 ascenditur.
3844 4432 3872 4465 ι

2215 4477 2404 4534 Βούλει
2436 4477 2692 4554 θεολόγος
2723 4481 2966 4554 γενέσθαι
2995 4485 3104 4554 etc.

2287 4555 2399 4622 (11)
2430 4551 2900 4626 Προσταγμάτωνᾷ
2925 4552 3020 4608 Or.
3058 4553 3107 4622 1,
3138 4551 3491 4626 πραγματων.

2315 4626 2399 4694 12)
2431 4621 2836 4691 Φιλοπόνῄσον.
2872 4622 3012 4695 Reg.
3045 4621 3236 4696 Cypr.,
3263 4621 3668 4747 φιλοσόὲησον.

2315 4697 2397 4747 131
2427 4694 2545 4747 "0:.
2580 4696 2673 4747 Sic
2703 4694 2798 4747 Or.
2833 4696 2882 4747 1.
2915 4701 2970 4747 et
3001 4695 3131 4747 Bas.
3170 4697 3229 4747 In
3261 4694 3420 4747 edit.-
3508 4715 3553 4747 ς.

2312 4697 2397 4764 13)
2427 4694 2547 4764 Ὅς.
2580 4696 2673 4750 Sic
2703 4694 2798 4750 Or.
2833 4696 2882 4764 1,
2915 4694 2972 4751 et
3001 4694 3140 4750 Bas.
3170 4697 3229 4750 In
3261 4694 3421 4764 edit..
3453 4694 3553 4755 ὥς.

2287 4699 2376 4768 (13
2427 4699 2545 4754 ⁷Ὀς.
2580 4699 2673 4750 Sic
2703 4699 2798 4750 ΟΡ.
2833 4699 2882 4764 1,
2915 4701 2970 4751 et
3001 4699 3131 4750 Bas.
3170 4699 3229 4750 In
3261 4699 3421 4755 edit..
3453 4699 3553 4755 ὡς.

2287 4699 2397 4836 (14)
2428 4763 2638 4820 Ἀλλου
2675 4764 2790 4838 μέν.
2825 4766 2962 4838 Reg.
2996 4769 3189 4838 Cypr.,
3221 4763 3391 4826 ἄλλος
3426 4765 3516 4838 μὲν
3555 4761 3757 4821 ἄλλου.

2289 4840 2397 4909 (15)
2433 4838 2670 4909 Πάντως.
2705 4839 2875 4893 Deest
2903 4837 2962 4892 in
2995 4837 3100 4909 Or._
3128 4840 3176 4893 1.

2286 4906 2398 4982 (16)
2427 4908 2810 4982 Τοχονηλῆϐε..
2833 4911 3026 4982 Cypr.,
3060 4906 3104 4961 εἷ
3135 4907 3325 4982 τυχόν.

2311 4982 2397 5050 17)
2428 4976 2589 5034 Τιῖδὶ
2618 4976 3021 5050 ἀληθείαςίὈΓ.
3060 4982 3109 5047 1,
3142 4976 3242 5047 τῆξ
3266 4976 3322 5032 δὲ
3351 4976 3637 5046 ἀληθείας.

2311 4986 2376 5034 17
2428 4986 2498 5034 Τὸ
2532 4986 2589 5034 δὶ
2618 4986 2899 5050 ἀληθείας.
2928 4986 3021 5037 Or.
3060 4986 3109 5047 1,
3142 4986 3241 5047 τῆς
3266 4986 3322 5032 δὲ
3351 4986 3637 5046 ἀληθείας.

2285 4986 2397 5124 (18)
2425 5055 2688 5106 Τοσοῦτον
2759 5049 2939 5126 λείπῃ.
3001 5052 3138 5124 Reg.
3195 5052 3389 5126 Cypr.,
3447 5052 3682 5104 τοσοῦτο
3757 5047 3870 5104 λεί-

2213 5143 2320 5178 πει.

2287 5195 2397 5262 (19)
2425 5191 2485 5245 Τί
2547 5212 2662 5263 μοι,
2722 5198 2828 5260 etc.
2875 5192 3087 5248 ‘Billius
3146 5194 3418 5248 vertendo
3463 5207 3529 5246 :«

2214 5271 2414 5333 restat,
2449 5262 2665 5321 honore
2707 5265 2961 5325 aﬁlcere.
2989 5288 3013 5311 »ι
3045 5265 3277 5319 videtur
3315 5265 3548 5336 legisse,
3577 5262 3715 5333 τίμᾳ
3742 5266 3875 5336 {pro

2210 5315 2414 5406 ὲῐρᾇῖ
2431 5315 2514 5390 {si
2528 5315 3039 5407 “Hegesinum
3058 5315 3064 5318 ⁷
3086 5315 3200 5390 Leti
3210 5315 3547 5398 ὖέηίζιῖίὶιὲξ
3564 5340 3620 5390 et
3637 5315 3872 5399 ἰ-ὲάᾶἰιζ

2212 5432 2239 5458 ‹‹
2274 5405 2546 5463 venerare
2578 5409 2634 5462 id
2661 5405 2822 5480 quod
2857 5405 2969 5462 tibi
2990 5409 3171 5480 deest.
3195 5431 3222 5457 »

2283 5481 2391 5550 (20)
2429 5473 2898 5550 [laivnuc.'Regg.
2955 5496 3008 5542 a,
3067 5479 3190 5545 bm,
3245 5478 3339 5534 Or.
3386 5479 3439 5548 1,
3499 5480 3656 5541 Pan,
3715 5473 3871 5543 ἴσως,

2219 5572 2239 5598 ιι
2278 5553 2538 5606 fortasse.
2576 5573 2600 5600 ι)
2634 5550 2764 5620 Alii,
2800 5549 2925 5609 tam;
2957 5550 3190 5610 πάντως.

2282 5623 2390 5748 (21)
2425 5621 2521 5676 Καὶ
2551 5622 2612 5675 τὸ
2640 5617 2859 5698 κράτος.
2889 5622 3019 5680 Haec
3050 5622 3267 5687 desunt
3293 5621 3353 5678 in
3384 5619 3524 5695 Reg.
3552 5635 3606 5692 a,
3631 5617 3873 5680 duobus

2208 5693 2284 5751 Co
2315 5696 2393 5751 b..
2426 5699 2483 5751 et
2512 5693 2608 5750 Or.
2644 5697 2696 5750 1.

2357 5735 2393 5764 .,
2426 5711 2483 5751 et
2512 5711 2608 5750 ur.
2644 5711 2696 5750 1.

3583 5192 3666 5268 id.
3719 5193 3873 5268 quod
