4138 6212
391 363 548 425 {083

1627 370 1692 429 S.
1740 365 2112 428 GREGORII
2156 365 2554 428 THEOLOGI

3638 367 3794 431 1084

387 497 437 554 si
469 513 534 552 ex
566 497 675 552 hac
705 497 821 553 vita
852 497 1178 570 migrarint.
1201 500 1362 556 Unde
1385 504 1441 555 et
1471 500 1646 566 Deus,
1671 500 1823 555 Deus
1853 501 2032 556 Abra-

2155 500 2304 574 γῶσι.
2366 499 2494 562 Καθ’
2549 499 2578 554 ὃ
2634 498 2725 553 καὶ
2780 493 3043 574 Ἀϐραὰμ,
3102 500 3192 554 καὶ
3243 501 3441 571 Ἰσαὰκ,
3473 500 3564 554 καὶ
3596 495 3796 557 Ἰακὼῦ

393 588 548 652 ham,
579 591 634 642 et
664 587 816 642 Deus
847 592 1029 658 Isaac,
1062 593 1118 643 et
1154 591 1300 644 Deus
1346 591 1527 645 Jacob
1576 589 1807 656 dicitur,
1841 594 1906 644 ut
1952 590 2034 643 vi-

387 676 649 732 ventium
685 677 855 740 Deus,
889 695 998 732 non
1036 684 1397 733 mortuorum
1421 680 1482 733 “.
1519 681 1802 734 Virtutem
1838 685 2032 733 autem

386 765 658 830 laudans,
697 768 871 820 Deum
926 765 1195 827 laudabo.
1228 785 1260 821 a
1300 784 1414 838 quo
1461 769 1646 823 virtus
1699 767 2035 822 hominibus

388 855 539 922 ﬂuit,
573 855 851 925 illudque,
882 861 945 910 ut
976 873 1076 927 per
1104 862 1407 927 cognatam
1444 857 1928 912 illuminationem
1963 856 2033 911 ad

389 959 522 998 eum
573 944 910 1013 evehantur,
944 945 1026 998 vel
1077 946 1268 1015 potius
1318 946 1688 1000 reducantur.
1722 945 1868 1000 Nam
1901 962 2032 999 cum

391 1032 577 1087 multa
605 1037 662 1087 et
693 1050 906 1105 magna
955 1035 1092 1099 sint,
1127 1039 1302 1105 atque
1346 1035 1487 1090 adeo
1521 1041 1605 1090 tot
1652 1039 1709 1090 et
1756 1040 1938 1100 tanta,
1974 1038 2037 1088 ut

391 1137 561 1175 nemo
592 1137 659 1175 ea
690 1138 957 1176 sermone
988 1123 1289 1194 complecti
1327 1125 1530 1192 possit,
1561 1140 1687 1194 qua:
1719 1139 1825 1177 nos
1857 1140 1890 1176 a
1921 1123 2035 1177 Deo

384 1209 506 1280 jam
544 1209 850 1277 habemus,
886 1212 1245 1283 jamjamque
1289 1212 1546 1266 habituri
1578 1229 1817 1279 sumus;
1852 1212 2033 1266 maxi-

392 1315 555 1354 mum
588 1304 782 1354 tamen
827 1304 883 1354 et
931 1300 1430 1356 humanissimum
1479 1307 1588 1369 est,
1623 1302 1931 1372 propensio
1963 1301 2032 1355 ad

388 1405 522 1444 eum
537 1394 710 1460 atque
731 1389 1114 1444 familiaritas.
1133 1391 1277 1445 Nam
1295 1409 1326 1462 q
1339 1392 1447 1445 uod
1470 1392 1642 1446 rebus
1657 1390 2037 1446 sensibilibus

391 1481 479 1532 est
510 1476 619 1541 eo],
643 1477 752 1532 hoc
784 1477 876 1547 iis,
901 1496 1024 1549 quae
1056 1479 1251 1534 animo
1275 1486 1331 1534 et
1361 1481 1582 1534 ratione
1603 1479 2032 1550 intelliguntur,

388 1570 476 1621 est
522 1571 689 1621 Deus.
728 1566 829 1621 llle
876 1568 1031 1622 enim
1084 1569 1368 1623 mundum
1421 1569 1574 1623 hunc
1624 1567 2034 1640 aspectabilem

388 1653 715 1721 collustrat,
747 1655 842 1710 hic
873 1655 1226 1712 invisibilem
1252 1682 1265 1722 ;
1299 1657 1394 1711 ille
1435 1658 1694 1728 corporis
1725 1657 1926 1712 oculos
1957 1656 2037 1711 ita

387 1742 586 1808 afficit,
620 1748 684 1798 ut
715 1744 909 1800 lumen
946 1746 1133 1816 ipsius
1163 1745 1378 1801 intueri
1411 1748 1656 1818 possint,
1683 1746 1778 1801 hic
1811 1750 2035 1801 mentes

390 1833 619 1887 divinas
650 1833 857 1887 reddit.
890 1836 1075 1904 Atque
1108 1839 1172 1888 ut
1209 1835 1325 1903 ille,
1359 1852 1512 1903 cum,
1547 1840 1603 1888 et
1633 1835 1706 1889 iis
1737 1851 1864 1905 quae
1897 1851 2033 1889 ocu-

389 1920 578 1977 lorum
615 1938 788 1976 sensu
831 1923 1069 1993 praedita
1099 1928 1256 1978 sunt.
1291 1929 1347 1979 et
1378 1925 1448 1979 iis
1480 1941 1604 1994 quae
1637 1929 1876 1995 aspectu
1905 1940 2036 1979 sen-

387 2009 638 2078 tiuntur,
673 2008 820 2064 hanc
851 2011 965 2064 vim
998 2011 1237 2077 tribuat,
1273 2018 1334 2067 ut
1369 2017 1424 2066 et
1456 2011 1556 2066 illa
1585 2012 1798 2082 videre,
1831 2016 1888 2067 ct
1919 2011 2039 2066 haec

386 2097 512 2152 visu
563 2098 780 2170 percipi
832 2100 1078 2170 possint,
1111 2099 1348 2155 interim
1399 2105 1594 2156 tamen
1647 2101 1771 2172 ipse
1819 2101 2038 2168 omnia,

388 2203 512 2256 quae
545 2186 731 2242 oculis
760 2187 1025 2259 subjecta
1055 2194 1214 2258 sunt,
1241 2188 1676 2260 pulchritudine
1703 2188 2036 2245 antecellit:

388 2275 592 2331 eodem
626 2276 797 2331 modo
832 2276 1006 2341 Deus,
1040 2293 1173 2332 cum
1208 2282 1325 2333 tam
1363 2277 1454 2348 iis,
1487 2295 1612 2349 quae
1653 2277 2042 2349 intelligentia

393 2368 659 2431 utuntur,
685 2381 861 2435 quam
886 2382 1011 2436 quas
1039 2372 1234 2421 mente
1254 2371 1308 2422 et
1339 2366 1634 2422 intellectu
1659 2367 2038 2439 comprehen-

394 2453 636 2523 duntur,
658 2454 766 2510 hoc
789 2455 1010 2522 afferat,
1035 2461 1098 2509 ut
1128 2455 1228 2510 illa
1255 2461 1313 2511 et
1344 2455 1697 2528 intelligant,
1720 2461 1776 2511 et
1805 2456 1926 2511 haec
1958 2456 2043 2511 in-

391 2542 710 2614 telligentia
741 2542 1154 2614 percipiantur,
1189 2544 1313 2615 ipse
1351 2549 1546 2599 tamen
1578 2543 2040 2616 intelligibilium

393 2632 657 2688 omnium
705 2649 976 2687 summus
1023 2638 1112 2688 est
1157 2637 1376 2701 vertex,
1407 2634 1466 2688 in
1517 2651 1632 2706 quo
1683 2633 2040 2690 desiderium

2144 585 2326 641 ἀκούει
2377 588 2523 660 Θεὸς,
2575 589 2602 642 ὁ
2651 589 2798 656 Θεὸς,
2851 589 2923 649 ὡς
2955 589 3014 642 οὐ
3047 593 3247 664 νεκρῶν
3279 590 3432 657 Θεὸς,
3463 586 3612 643 ἀλλὰ
3657 591 3800 658 ζών-

2143 695 2248 729 των
2305 678 2438 748 (29).
2512 677 2734 751 Ἀρετὴν
2793 674 2850 731 δὶ
2906 676 3154 743 ἐπαινῶν,
3231 678 3355 732 Θεὸν
3418 677 3797 750 ἐπαινέσομαι,

2143 766 2270 839 παρ’
2301 764 2362 818 οὐ
2390 770 2507 826 τοῖς
2539 766 2841 841 ἀνθρώποις
2873 768 2907 834 ἡ
2959 766 3146 841 ἀρετὴ,
3205 766 3296 819 καὶ
3345 767 3407 820 τὸ
3439 767 3574 839 πρὸς
3633 766 3798 821 αὐτὸν

2145 852 2454 928 ἀνάγεσθαι,
2514 855 2547 922 ἢ
2603 853 2957 928 ἐπανάγεσθαι
3009 851 3098 908 διὰ
3155 860 3252 923 τῆς
3332 859 3618 931 συγγενῶς
3678 858 3792 924 (30)

2146 941 2497 1016 ἱλλάμψεως.
2549 941 2780 998 Πολλῶν
2830 945 2929 1019 γὰρ
2979 945 3149 998 ἅντων
3197 945 3330 1016 ἡμῖν
3380 943 3469 997 καὶ
3515 942 3794 1018 μεγάλων,

2147 1030 2206 1086 οὐ
2243 1033 2336 1104 μὶν
2373 1032 2464 1085 οὗν
2495 1031 2636 1086 εἷ’ποι
2688 1053 2772 1094 τις
2817 1032 2874 1086 ἂν
2925 1031 3134 1101 ἡλίκων
3167 1031 3257 1086 καὶ
3289 1033 3429 1086 ’ὀσων
3462 1033 3534 1086 ὧν
3571 1033 3629 1086 ἐκ
3658 1037 3796 1087 Θεοῦ

2147 1120 2346 1195 ἔχομέν
2374 1142 2431 1176 τε
2458 1121 2547 1176 καὶ
2581 1117 2765 1194 ἕξομεν
2789 1141 2802 1153 ·
2833 1126 2995 1176 τοῦτο
3049 1123 3299 1197 μέγιστον
3342 1123 3432 1175 καὶ
3482 1120 3799 1199 φιλανθρω-

2145 1211 2399 1279 πότατον,
2452 1213 2487 1279 ἡ
2539 1211 2673 1286 πρὸς
2720 1211 2877 1265 αὐτὸν
2930 1212 3044 1284 (34)
3084 1210 3260 1272 νεῦσίς
3288 1232 3345 1265 τε
3376 1211 3465 1264 καὶ
3497 1211 3796 1273 οἷ’κείωσις.

2145 1301 2316 1374 ’Όπερ
2345 1301 2445 1375 γάρ
2480 1298 2591 1354 ἐστι
2619 1305 2736 1362 τοῖς
2767 1299 3044 1370 αἰσθητοῖς
3074 1297 3257 1370 ἥλιος,
3305 1297 3465 1354 τοῦτο
3507 1306 3625 1361 τοῖς
3666 1321 3800 1370 νοη-

2143 1393 2258 1450 τοῖς
2289 1388 2440 1450 Θεός.
2473 1390 2534 1446 Ὁ
2568 1390 2661 1461 μὲν
2694 1390 2797 1464 γὰρ
2825 1390 2916 1443 τὸν
2961 1389 3238 1464 ὁρώμενον
3291 1388 3512 1466 φωτίζει
3560 1389 3796 1460 κόσμον,

2147 1479 2174 1532 ὁ
2207 1476 2264 1532 δὲ
2319 1477 2412 1532 τὸν
2473 1478 2740 1554 ἀόρατονο
2801 1478 2890 1532 καὶ
2945 1478 2972 1532 ὸ
3026 1479 3119 1551 μὲν
3163 1480 3260 1540 τὰς
3293 1479 3609 1550 σωματικὰς
3639 1474 3796 1551 ὄψεις

2145 1564 2467 1637 ἠλιοειδεῖς,
2499 1568 2526 1622 ὁ
2558 1564 2615 1621 δὲ
2644 1567 2738 1628 τὰς
2767 1567 2956 1642 νοερᾶς
2989 1567 3172 1644 φύσεις
3222 1565 3474 1628 Θεοειδεῖς
3523 1569 3638 1640 (32)
3690 1568 3801 1622 ἀπ-

2147 1657 2442 1732 εργάζεται.
2494 1657 2592 1710 Καὶ
2643 1655 2823 1732 ὣσπερ
2881 1654 3039 1718 οὗτος
3090 1661 3208 1718 τοῖς
3243 1676 3301 1711 τε
3332 1658 3445 1729 (33)
3476 1656 3643 1731 ὁρῶσι
3703 1657 3796 1711 καὶ

2143 1750 2257 1806 τοῖς
2288 1745 2609 1820 ὁρωμένοις,
2640 1750 2758 1806 τοῖς
2815 1746 2907 1817 μὶν
2956 1745 3055 1814 τὴν
3109 1749 3206 1799 τοῦ
3257 1746 3406 1818 ὁρᾷν,
3450 1750 3572 1806 τοῖς
3606 1742 3663 1799 δὶ
3692 1747 3796 1814 τήν

2143 1839 2240 1889 τοῦ
2273 1835 2492 1909 ὁρᾶσθαι
2523 1835 2780 1909 παρέχων
2816 1831 3069 1905 δύναμιν,
3127 1832 3288 1895 αὐτὸς
3335 1838 3443 1888 τῶν
3494 1833 3793 1908 ὁρωμένων

2147 1923 2258 1978 ἰστὶ
2287 1925 2349 1977 τὸ
2378 1920 2672 1978 κάλλιστον
2701 1941 2713 1953 ·
2775 1921 2918 1977 οὕτω
2971 1923 3100 1984 Θεὸς
3147 1927 3268 1984 τοῖς
3318 1927 3499 1977 νοοῦσι
3552 1923 3640 1978 καὶ
3673 1929 3794 1986 τοῖς

2146 2013 2486 2084 νοουμένοις,
2524 2017 2641 2073 τοῖς
2678 2013 2771 2084 μὲν
2819 2011 2882 2065 τὸ
2913 2017 3076 2077 νοεῖν,
3105 2016 3222 2072 τοῖς
3252 2008 3309 2065 δὲ
3337 2013 3398 2066 τὸ
3426 2013 3659 2066 νοεῖσθαι
3695 2011 3799 2083 δη-

2153 2106 2450 2178 μιουργῶν,
2500 2100 2660 2163 αὐτὸς
2711 2104 2817 2154 τῶν
2867 2099 3178 2173 νοουμένων
3225 2099 3338 2156 lci-ri
3380 2103 3444 2156 τὸ
3473 2100 3797 2175 ἀκρότατον,

2149 2188 2225 2251 εἷς
2257 2187 2313 2242 ὅν
2345 2194 2490 2243 πᾶσα
2521 2185 2696 2266 [φεσις
2718 2185 2953 2244 ἵσταται.
3000 2189 3089 2242 καὶ
3135 2189 3266 2262 ὑπὲρ
3301 2187 3358 2244 ὄν
3409 2186 3652 2262 οὐδαμοῦ
3703 2191 3801 2268 φὶ·

2151 2297 2318 2354 ρεται.
2351 2274 2488 2332 Οὐδὲ
2513 2278 2614 2353 γὰρ
2649 2274 2761 2352 ἔχει
2791 2298 2845 2331 τι
2877 2275 3238 2351 ὑψηλότερον,
3289 2279 3324 2346 ἣ
3350 2276 3496 2339 ’ὀλως
3527 2274 3627 2348 ἕξει
3659 2281 3802 2352 (34),

2151 2363 2276 2422 οὐδὲ
2324 2366 2353 2420 ὸ
2401 2365 2848 2443 φιλοσοφώτατος
2893 2363 3021 2428 νοῦς
3068 2363 3157 2419 καὶ
3217 2359 3703 2433 διαϐατικώτατος,
3761 2367 3798 2434 ἣ

2149 2451 2795 2530 πολυπραγμονέστατος.
2851 2457 3022 2508 Τοῦτο
3079 2455 3180 2529 γάρ
3239 2452 3350 2508 ἰστι
3399 2455 3461 2509 τὸ
3514 2458 3622 2509 τῶν
3683 2455 3806 2530 ὀρε-

2149 2547 2287 2599 κτῶν
2321 2540 2571 2620 ἔσχατον,
2603 2543 2694 2598 καὶ
2723 2541 2786 2598 οὗ
2817 2541 3132 2619 γενομίνοις
3165 2544 3343 2612 πάσης
3391 2542 3620 2618 θεωρίας
3666 2544 3799 2598 ἀνά-

2150 2653 2364 2695 παυσις.

395 2736 570 2776 omne
626 2721 892 2776 consistit
941 2739 1006 2777 ac
1059 2723 1354 2794 defigitur,
1385 2727 1441 2778 et
1471 2740 1842 2795 nequaquam
1893 2741 2072 2796 supra
2118 2739 2252 2780 eum
2302 2724 2504 2780 fertur.
2537 2723 2651 2780 Nec
2681 2723 2837 2779 enim
2870 2721 3195 2794 quidquam
3251 2722 3567 2779 sublimius
3623 2722 3804 2779 habet

395 2814 498 2865 aut
528 2809 766 2865 omnino
797 2809 1036 2866 habebit
1068 2829 1234 2867 mens
1265 2811 1406 2880 ulla,
1439 2813 1816 2883 quantumvis
1861 2813 2268 2886 philosophica
2297 2813 2393 2880 sit,
2427 2816 2485 2868 et
2514 2811 2800 2868 altissime
2846 2812 3116 2879 tendens,
3148 2828 3215 2867 ac
3264 2827 3497 2867 summe
3543 2811 3802 2867 curiosa.

397 2899 514 2955 Hoc
562 2899 777 2954 etenim
827 2916 1023 2955 rerum
1081 2901 1348 2956 omnium
1405 2904 1856 2974 expetendarum
1890 2907 2212 2959 extremum
2256 2907 2364 2974 est,
2388 2919 2504 2974 quo
2551 2918 2687 2957 cum
2737 2900 3192 2974 pervenerimus,
3225 2901 3418 2956 omnis
3476 2900 3802 2972 speculatio

395 2988 785 3058 conquiescet.

470 3079 535 3135 II.
571 3079 911 3151 Cuicunque
956 3079 1135 3151 igitur
1162 3083 1392 3137 terrena
1423 3081 1574 3138 mole
1603 3098 1706 3154 per
1757 3081 2042 3138 rationem

2225 3080 2300 3138 B'.
2334 3081 2507 3157 ᾯτινι
2543 3079 2636 3152 μὲν
2687 3077 2779 3133 οὗν
2840 3076 3127 3152 ἐξεγένετο,
3181 3073 3269 3132 διὰ
3325 3075 3499 3152 λόγου
3527 3074 3618 3130 καὶ
3666 3077 3800 3131 θεωο

397 3171 454 3223 et
487 3170 1038 3240 contemplationem
1084 3175 1376 3243 perrupta,
1411 3170 1718 3243 solutaque
1749 3171 1895 3226 887
1934 3171 2041 3225 hac

2155 3169 2270 3245 ρίας
2304 3166 2585 3244 διασχόντι
2612 3168 2711 3236 τὴν
2746 3165 2884 3234 ὕλην
2928 3166 3018 3220 καὶ
3048 3166 3110 3221 τὸ
3158 3167 3411 3242 σαρκικὸν
3455 3169 3642 3234 τοῦτο,
3697 3163 3802 3220 εἷ’τε

399 3256 642 3322 carnali,
665 3257 783 3312 sive
815 3259 1021 3323 nubes,
1042 3259 1162 3313 sive
1191 3260 1477 3314 obvelatio
1500 3260 1745 3315 dicenda
1775 3264 1881 3328 est,
1908 3275 2040 3314 cum

399 3344 515 3401 Deo
545 3347 960 3401 commercium
993 3347 1225 3413 habere,
1248 3365 1314 3403 ac
1346 3349 1673 3421 purissima:
1703 3348 1839 3412 luci,
1863 3365 2047 3420 quan-

398 3437 525 3490 tum
557 3434 827 3490 humana:
860 3440 1078 3490 naturae
1109 3437 1311 3492 datum
1340 3442 1447 3506 est,
1472 3437 1834 3493 commisceri
1866 3437 2045 3492 licue-

400 3523 497 3589 rit,
529 3524 580 3579 is
611 3523 827 3595 duplici
859 3523 1091 3579 nomine
1120 3525 1327 3581 beatus
1357 3526 1655 3597 praedicari
1689 3526 1884 3592 debet;
1917 3530 2041 3580 tum

400 3613 554 3684 quod
605 3612 742 3666 hinc
788 3629 1025 3668 sursum
1059 3614 1402 3681 ascenderit,
1434 3619 1560 3670 tum
1607 3614 1761 3684 quod
1811 3613 2042 3669 deiﬁca-

399 3700 616 3756 tionem
650 3699 808 3756 illam
841 3702 912 3757 sit
946 3707 1314 3768 consecutus,
1341 3719 1515 3774 quam
1547 3719 1746 3758 verum
1779 3707 1835 3757 et
1865 3702 2047 3757 since-

402 3807 532 3845 rum
565 3789 948 3862 philosophis:
989 3791 1248 3846 studium
1293 3791 1580 3860 conciliat,
1605 3809 1670 3846 ac
1702 3791 1915 3846 mentis
1947 3808 2044 3845 su-

402 3897 507 3953 pra
537 3884 832 3935 terrenum
877 3879 1168 3934 binarium
1202 3880 1395 3950 elatio,
1430 3885 1664 3952 propter
1693 3897 1842 3950 eam,
1868 3896 2044 3950 quam

403 3968 463 4023 in
491 3968 773 4024 Trinitate
817 3967 1224 4041 intelligimus,
1259 3969 1564 4024 unitatem.
1599 3969 1705 4035 Qui
1747 3973 1940 4024 autem
1973 3969 2045 4024 ob

404 4058 616 4113 animm
637 4074 768 4113 cum
805 4073 1046 4130 corpore
1075 4059 1544 4129 conjunctionem
1577 4059 1828 4114 deterior
1859 4058 2047 4113 factus

405 4151 515 4214 est,
539 4162 604 4200 ac
652 4146 775 4201 luto
823 4163 1009 4218 usque
1041 4147 1182 4202 adeo
1217 4147 1403 4214 haesit,
1439 4151 1503 4202 ut
1533 4163 1637 4202 nec
1682 4147 1742 4201 in
1788 4145 2049 4202 veritatis

405 4233 600 4289 radios
632 4235 844 4291 mentis
874 4236 1054 4291 aciem
1085 4235 1408 4301 intendere,
1432 4251 1536 4291 nec
1568 4253 1746 4307 supra
1774 4235 2051 4290 inferiora

405 4321 526 4378 hinc
556 4339 862 4396 assurgere
893 4330 1082 4394 queat,
1107 4325 1280 4396 idque
1320 4342 1452 4381 cum
1484 4326 1736 4396 desuper
1765 4323 2049 4396 originem

404 4411 666 4479 traxerit,
689 4417 746 4467 et
777 4413 847 4468 ad
879 4431 1091 4485 supera
1138 4417 1394 4481 vocetur,
1429 4413 1592 4469 illum
1640 4413 1750 4468 hec
1797 4413 2050 4468 caecitate

409 4499 691 4555 miserum
725 4501 1012 4567 existimo,
1044 4502 1274 4558 etiamsi
1319 4518 1411 4558 res
1441 4502 1686 4573 hujusce
1714 4501 1839 4557 vita;
1870 4501 1952 4556 illi
1983 4518 2052 4557 ex

2151 3257 2308 3336 νὲφος
2341 3258 2453 3332 χρὴ
2489 3255 2683 3332 λέγειν,
2719 3253 2825 3310 sifts
2853 3254 3230 3331 προκάλυμμα
3259 3256 3393 3328 (35),
3443 3258 3560 3326 Θεῷ
3605 3275 3798 3328 συγγε-

2150 3345 2354 3415 νέσθαι,
2404 3345 2492 3400 καθ
2540 3349 2620 3417 τῷ
2671 3345 3110 3423 ἀκραιφνεστάτῳ
3160 3343 3300 3422 φωτὶ
3330 3345 3614 3418 κραθῆναι,
3665 3354 3798 3405 καθ-

2154 3435 2277 3492 όσον
2309 3435 2520 3514 ἐφικτὸν
2556 3431 2863 3507 ἀνθρωπίνῃ
2893 3433 3047 3511 φύσει
3075 3452 3087 3464 ·
3139 3432 3402 3506 μακάριος
3463 3429 3642 3500 οὗτος,
3698 3438 3797 3499 τῆς

2153 3547 2209 3581 τε
2239 3524 2474 3580 ἐντεῦθεν
2507 3521 2837 3591 ἀναϐάσεως,
2867 3521 2957 3577 καὶ
2986 3528 3088 3591 τῆς
3135 3520 3305 3577 ὶκεῖσε
3358 3523 3473 3592 (36)
3528 3521 3798 3589 Θεώσεως,

2153 3615 2220 3684 ἦν
2251 3615 2312 3668 τὸ
2340 3611 2571 3689 γνησίως
2604 3610 2971 3689 φιλοσοφῆσαι
2999 3609 3305 3685 χαρίζεσαι,
3333 3609 3423 3664 καὶ
3449 3609 3508 3664 τὸ
3543 3609 3675 3684 ὑπὲρ
3698 3609 3795 3677 τὴν

2157 3702 2349 3771 ὑλικὴν
2387 3698 2554 3756 δυάδα
2578 3699 2840 3776 γενέσθαι,
2872 3696 2960 3753 διὰ
2991 3701 3088 3768 τὴν
3122 3697 3174 3753 ἐν
3223 3702 3291 3771 τῇ
3339 3695 3527 3774 Τριάδι
3575 3699 3803 3769 νοουμέ-

2153 3813 2251 3861 νην
2286 3790 2509 3860 ἒνότητα
2545 3791 2729 3850 ’Ὀστις
2764 3786 2821 3843 δὲ
2852 3789 2955 3844 ὑπὸ
2983 3795 3082 3858 τῆς
3134 3789 3247 3861 (37)
3298 3788 3554 3861 συζυγίας
3601 3787 3805 3861 χείρων

2157 3878 2385 3956 δγὲνετο,
2444 3877 2532 3933 καὶ
2589 3882 2844 3933 τοσοῦτον
2903 3882 2983 3949 τῷ
3029 3874 3196 3948 πηλῷ
3243 3878 3565 3951 συνεσχέθη,
3611 3875 3688 3937 ὡς
3722 3877 3800 3947 μὴ

2159 3967 2451 4037 δυνηθῆναι
2507 3961 2775 4040 ἰμϐΛὲψαι
2835 3967 2972 4040 πρὸς
3014 3966 3109 4027 τὰς
3156 3971 3256 4034 τῆς
3307 3963 3569 4034 ἀληθείας
3615 3963 3803 4039 αὐγὰς,

2162 4054 2301 4131 μηδὲ
2362 4056 2491 4130 ὑπὲρ
2537 4055 2605 4110 τὰ
2643 4054 2790 4110 κάτω
2832 4053 3099 4131 γενεσθαι,
3145 4054 3385 4130 γεγονὼς
3433 4054 3650 4119 ἄνωθεν,
3714 4053 3806 4106 καὶ

2157 4146 2293 4222 πρὸς
2323 4147 2388 4200 τὰ
2418 4142 2528 4200 ἄνω
2575 4143 2913 4219 καλούμενος
2938 4161 2952 4176 ·
3002 4140 3189 4205 ἄθλιος
3230 4141 3393 4205 οὗτος
3425 4140 3546 4214 ἐμοὶ
3577 4148 3680 4210 τῆς
3711 4162 3808 4196 τυ-

2159 4233 2446 4314 φλώσεως,
2505 4234 2600 4288 κᾶν
2661 4233 2826 4309 εὐροῇ
2881 4237 3000 4295 τοῖς
3060 4230 3315 4288 ἰνταῦθα”
3391 4231 3480 4286 καὶ
3556 4229 3808 4302 τοσούτῳ

2159 4322 2344 4390 πλέον,
2377 4319 2590 4396 ὅσῳπερ
2623 4322 2680 4376 ἂν
2719 4319 2932 4395 μᾶλλον
2967 4321 3068 4376 ὑπὸ
3109 4327 3210 4390 τῆς
3261 4318 3476 4394 εὐροίας
3520 4318 3812 4389 παίζηται,

2158 4414 2248 4468 καὶ
2276 4413 2524 4482 πείθηται
2556 4408 2696 4466 ἄλλο
2725 4432 2777 4465 τι
2806 4409 2971 4466 καλὸν
3013 4410 3147 4464 εἷναι
3190 4409 3296 4484 πρὸ
3346 4411 3444 4463 τοῦ
3491 4403 3647 4470 ὄντος
3712 4428 3811 4462 κα-

2163 4500 2284 4572 λοῦ,
2338 4499 2579 4574 πονηρὸν
2634 4504 2876 4574 πονηρᾶς
2936 4493 3092 4570 δόξης
3145 4498 3346 4574 καρπὸν
3392 4493 3815 4572 δρεπόμενος,ἣ

407 4589 588 4645 animi
639 4590 929 4646 sententia
976 4591 1181 4660 ﬂuant,
1233 4596 1512 4663 tantoque
1559 4591 1735 4648 etiam
1787 4590 2042 4647 miserio-

2165 4563 2324 4669 ζόφον
2373 4563 2791 4665 meapte-Even:
2827 4589 2862 4657 ἧ
2910 4586 2984 4650 ὡς
3012 4563 3149 4660 *πῦρ
3185 4563 3334 4658 ἰδεῖν,
3367 4563 3435 4641 ὅν·
3457 4585 3531 4647 ὡς
3563 4563 3681 4663 φῶς
3715 4585 3815 4641 οὐκ

408 4695 553 4750 rem,
586 4684 803 4751 quanto
847 4681 1036 4753 magis
1067 4697 1100 4735 a
1129 4681 1384 4737 secundo
1416 4697 1481 4736 ao
1511 4681 1664 4737 felici
1695 4681 1854 4737 ﬂuxu
1883 4679 2054 4737 delu-

474 4796 522 4832 “
548 4797 749 4853 Matth.
781 4813 920 4868 xxii,
949 4798 1040 4854 32.

498 4923 588 4997 29)
647 4921 793 4986 Θεὸς,
864 4921 939 4983 ὡς
1005 4920 1071 4976 οὐ
1133 4925 1335 4997 νεκρῶν
1386 4923 1538 4993 Θεὸς,
1605 4921 1752 4978 ἀλλὰ
1815 4925 2047 4992 ζώντων.

405 5017 434 5044 ‹‹
468 4997 592 5050 Non
627 5000 690 5049 ut
731 5000 1095 5051 mortuorum
1150 5000 1319 5060 Deus,
1375 4997 1475 5052 sed
1523 4997 1868 5053 viventium.
1895 5019 1923 5045 »
1956 4997 2052 5052 Sic

408 5066 588 5155 ᾖδες.
626 5067 990 5155 ρὶυξοε,ρυο
1021 5067 1346 5155 (ξοὶεὶηριι.
1463 5074 1570 5155 etc:
1606 5073 1778 5155 Deest
1825 5067 1882 5155 i‘n
1935 5068 2050 5155 ed,

407 5136 577 5224 ὡς’οῥ
609 5136 809 5224 νεκρῶν
855 5139 1004 5199 Θεός.
1040 5141 1103 5194 In
1153 5140 1506 5210 quibusdam
1556 5139 1787 5211 legitur,
1820 5137 1894 5199 ὡς
1925 5137 2054 5214 οὐχὶ

400 5213 603 5282 νεκρῶν
635 5212 782 5271 Θεός.

621 5283 945 5364 Συγγενοξς.
977 5286 1071 5364 ΟΞ.
1108 5281 1132 5334 1
1169 5282 1331 5337 addit
1365 5281 1516 5364 ἡμῖν.
1646 5352 1661 5364 ‘
1740 5350 1750 5360 ι

497 5351 587 5422 31)
620 5351 813 5412 Αὐτόν.
859 5354 953 5409 Sic
1014 5353 1188 5426 Begg.
1240 5370 1293 5422 a,
1342 5351 1499 5420 c,'d,
1549 5351 1816 5406 undecim
1867 5351 2051 5420 Colb.,

404 5425 546 5489 Jes.,
581 5431 689 5481 etc.
728 5430 788 5483 In
830 5426 945 5490 ed.,
980 5423 1128 5480 αὐτό.

480 5497 592 5566 (32)
632 5489 1022 5555 Ἠλιοειδεῖς...
1076 5489 1352 5558 θεοειδεῖς.
1401 5516 1424 5543 ι(
1473 5492 1664 5566 Solem
1723 5491 2051 5548 videntes...

408 5565 593 5623 Deum
639 5571 918 5626 videntes.
947 5591 974 5618 ››
1007 5569 1133 5622 Haec
1184 5569 1490 5636 utriusque
1521 5565 1674 5619 vocis
1722 5581 1850 5636 esse
1899 5566 2053 5620 vide-

409 5638 905 5710 tugsigniﬂcatio.
939 5639 1125 5704 Quare
1155 5637 1266 5710 hic
1299 5635 1463 5710 locus
1492 5637 1574 5710 sic
1606 5635 1768 5710 reddi
1816 5641 2052 5710 potest:

417 5728 440 5758 ε
472 5707 572 5764 Ille
595 5707 797 5784 efﬁcit,
828 5716 896 5768 ut
942 5709 1201 5783 corporis
1241 5707 1397 5767 oculi
1447 5709 1629 5768 solem
1675 5707 1928 5780 videant,
1960 5707 2057 5767 hic

2164 4679 2477 4757 ιγνώρισεν.

2161 4937 2395 5009 quoque
2422 4920 2623 4988 efﬁcit,
2654 4924 2720 4977 ut
2759 4923 2982 4976 natura
3018 4917 3260 4974 rationis
3291 4920 3595 4990 compotes
3625 4916 3814 4974 Deum

2159 4998 2414 5052 videant.
2437 5014 2466 5045 η

2234 5067 2342 5135 (33)
2371 5070 2457 5121 Τε.
2489 5063 2586 5120 Sic
2617 5072 2871 5135 quatuor
2902 5065 3082 5135 Regg.
3116 5059 3290 5116 Deest
3313 5057 3373 5115 in
3404 5059 3497 5135 e_d.

2254 5071 2322 5121 33
2371 5071 2457 5121 Τε.
2489 5071 2586 5120 Sic
2617 5072 2871 5135 quatuor
2902 5071 3082 5133 Regg.
3117 5071 3290 5116 Deest
3313 5071 3373 5115 1n
3404 5071 3497 5115 ed.

2233 5071 2345 5216 ίξή)
2377 5138 2541 5216 Ἥξει.
2717 5135 2901 5216 Regg,
2931 5132 3371 5216 quinqueLocto
3420 5130 3814 5216 go_lb.,‘Coisl.

2165 5211 2215 5277 1,
2240 5203 2410 5266 Ῥαέε.
2445 5203 2531 5278 Ita
2557 5207 2734 5263 etiam
2767 5203 2911 5278 legit
2933 5203 3587 5278 ,Billius._Comheﬂsius
3616 5205 3814 5260 tamen

2163 5274 2417 5354 praefert,
2448 5275 2684 5354 t’xu,_ut
2712 5279 2773 5333 in
2805 5274 2979 5354 editis
3007 5274 3312 5354 reperitur.

2235 5355 2348 5425 (35)
2399 5339 2814 5426 Ἡρῖκᾶλυμμα.
2883 5339 3091 5405 Οοὶ81.’
3126 5348 3154 5401 1
3221 5345 3418 5415 addit,
3489 5339 3814 5398 διαπτύσαν-

2161 5444 2348 5571 1t.(39)
2378 5497 2601 5571 ’Exs‘iaf.
2636 5495 2700 5548 In
2734 5489 3056 5571 nonnullis,
3091 5487 3312 5571 δκεῖβεχ.
3343 5559 3354 5571 .
3395 5558 3408 5571 ‘
3476 5560 3489 5571 ⁸
3559 5563 3594 5571 _
3709 5563 3718 5571 .
3759 5558 3770 5569 .

2199 5558 2348 5695 άζῗἿ)
2378 5571 2507 5636 Τῆς.
2539 5565 2631 5624 Sic
2662 5564 2924 5640 quinque
2954 5561 3133 5636 Regg.
3166 5565 3224 5618 et
3259 5558 3436 5618 Coisl.
3471 5560 3520 5615 1.
3555 5563 3728 5616 Deest
3755 5558 3813 5615 in

2166 5653 2195 5695 θ
2239 5655 2257 5695 ι
2291 5679 2303 5695 .
