4138 6212
310 386 464 447 1085

1241 386 1530 449 ORATIO
1573 387 1734 448 XXI.
1760 420 1838 431 —
1864 385 1944 446 IN
1990 383 2320 447 LAUDEM
2365 382 2818 445 ATHANASII.

3555 375 3712 437 i086

305 535 404 574 sus
435 517 631 587 fuerit,
656 516 889 590 sibique
916 516 1076 574 aliud
1108 518 1426 590 quodpiam
1459 519 1699 587 bonum,
1721 534 1858 574 vero
1890 517 2041 573 bono
2072 515 2463 589 praestabilius
2491 530 2619 572 ese
2649 514 3026 587 persuaserit,
3057 513 3280 567 malum
3314 511 3517 582 utique
3545 508 3710 565 malas

305 609 596 682 cpinionis
629 609 883 664 fructum
915 611 1253 680 decerpens,
1282 610 1584 678 nimirum,
1617 615 1683 666 ut
1712 609 1798 665 vel
1829 609 2085 665 tenebris
2114 607 2450 673 mulctetur,
2477 607 2562 662 vel
2593 623 2728 661 eum
2760 610 3041 676 tanquam
3072 603 3268 676 ignem
3300 603 3510 669 videat,
3537 618 3708 669 quem

306 704 369 754 ut
397 698 588 753 lucem
622 699 862 753 minime
892 701 1179 771 cognovit.

376 805 448 858 Γ’.
481 807 655 857 Ταῦτα
686 802 892 878 ὀλίγοις
955 804 1046 874 μὶν
1107 801 1504 880 ἆφιλοσυφήθη,
1557 803 1646 858 καὶ
1697 807 1804 858 τῶν
1832 807 1945 871 νῦν,
1981 865 1984 872 Α

2135 805 2230 858 ΙΙΙ.
2267 808 2397 858 Haec
2443 803 2664 875 paucis,
2695 808 2814 858 tam
2850 805 3059 857 nostrae
3111 798 3499 871 tempestatis,
3534 813 3708 868 quam

310 892 399 947 καὶ
429 896 535 946 τῶν
569 889 737 946 πάλαι
772 891 974 965 (ὀλίγοι
1024 892 1127 966 γὰρ
1177 893 1227 946 οἱ
1256 897 1353 947 τοῦ
1385 898 1538 960 Θεοῦ,
1570 892 1615 946 εί
1641 894 1728 947 καὶ
1760 894 1954 953 πάντες

311 979 646 1053 πλάσματα),
680 980 1015 1051 νομοθέταις,
1065 987 1414 1056 στρατηγοῖς,
1468 982 1688 1056 ἱερεῦσι,
1738 982 1954 1054 προφή-

306 1090 448 1134 ταις,
508 1067 934 1143 εὐαγγελισταῖς,
981 1069 1333 1141 ἀποστόλοις,
1392 1071 1635 1142 ποιμέσι,
1705 1067 1955 1124 διδασκά-

308 1155 451 1224 λοις,
483 1156 572 1210 καὶ
607 1159 718 1229 (38)
745 1156 900 1210 παντὶ
949 1162 1297 1229 πνευματικῷ
1348 1156 1684 1233 πληρώματι
1733 1159 1821 1212 καὶ
1872 1179 1959 1211 συ-

310 1247 566 1318 στήματι,
628 1245 679 1299 ἐν
740 1243 796 1299 δὲ
851 1251 968 1307 τοῖς
1017 1251 1169 1314 πᾶσι,
1217 1247 1412 1318 καὶτῷ
1442 1251 1532 1300 νῦν
1561 1245 1954 1320 ἐπαινουμὲνῳ.

310 1334 464 1396 Τίνας
498 1331 564 1402 δὴ
598 1333 741 1409 λέγω
769 1335 1034 1402 τούτους;
1068 1334 1191 1388 Οἶον
1231 1335 1322 1390 τὸν
1375 1336 1554 1411 Ἑνὼχ
1589 1336 1814 1404 ἐκεῖνον,
1861 1336 1954 1390 τὸν

311 1428 454 1492 Νῶε,
506 1423 598 1478 τὸν
668 1416 920 1498 Αϐραάμ,
971 1424 1062 1478 τὸν
1125 1425 1323 1493 Ἰσαὰκ,
1383 1426 1472 1478 τὸν
1558 1419 1772 1492 Ἰακὼϐ,
1829 1424 1955 1486 τοὺς

311 1510 520 1568 δώδεκα
570 1511 932 1587 πατριάρχας,
989 1513 1079 1566 τὸν
1141 1512 1369 1568 Μῶϋσὲα
1423 1516 1557 1586 (39),
1597 1514 1690 1568 τὸν
1723 1515 1954 1588 Ἀαρὼν,

309 1602 400 1657 τὸν
464 1602 692 1670 Ἰησοῦν,
746 1599 874 1661 τοὺς
920 1600 1138 1674 Κριτὰς,
1182 1602 1272 1656 τὸν
1327 1602 1614 1675 Σαμουὴλ,
1645 1602 1736 1656 τὸν
1767 1598 1956 1671 Δαϐἱδ,

303 1691 400 1746 τὸν
429 1688 768 1762 Σολομῶντα
802 1691 965 1765 μέχρι
995 1692 1162 1762 τινὸς,
1212 1692 1304 1746 τὸν
1367 1691 1574 1760 Ἠλίαν,
1633 1692 1725 1746 τὸν
1783 1691 1960 1747 Ἐλισ-

312 1785 485 1848 σαῖον,
518 1777 645 1840 τοὺς
679 1779 784 1852 πρὸ
813 1785 914 1842 τῆς
946 1778 1334 1854 αἰχμαλωσίιος
1366 1784 1670 1858 προφήτας,
1701 1781 1827 1842 τοὺς
1865 1801 1958 1854 με·

311 1869 380 1924 τὰ
407 1870 505 1936 τήν
540 1865 920 1942 αἰχμαλωσίαν
949 1887 960 1898 ·
994 1869 1083 1922 καὶ
1116 1871 1228 1942 (40)
1257 1871 1323 1923 τὰ
1353 1869 1632 1924 τελευταῖα
1677 1867 1741 1938 δὴ
1793 1874 1961 1924 ταῦτα

316 1960 382 2030 τῇ
413 1956 576 2026 τάξει,
627 1956 716 2011 καὶ
751 1961 943 2032 πρῶτα
988 1960 1055 2029 τῇ
1106 1959 1216 2029 (41)
1263 1958 1514 2030 ἀληθείᾳ,
1565 1958 1662 2012 ὅσα
1710 1959 1832 2034 περὶ
1859 1961 1958 2028 τὴν

317 2050 550 2121 Χριστοῦ
581 2043 870 2120 σάρκωσιν,
902 2044 1025 2114 ἤτοι
1055 2045 1390 2121 πρόσληψιν,
1433 2049 1522 2102 τὸν
1555 2049 1661 2123 πρὸ
1705 2053 1800 2102 τοῦ
1854 2071 1962 2125 φω-

311 2134 404 2196 τὸς
435 2133 658 2209 λύχνον,
687 2134 786 2202 τὴν
839 2134 944 2209 πρὸ
992 2139 1088 2188 τοῦ
1137 2135 1318 2209 Λόγου
1351 2139 1556 2212 φωνὴν,
1587 2138 1680 2192 τὸν
1711 2138 1817 2213 πρὸ
1864 2143 1960 2192 τοῦ

311 2223 544 2280 Μεσίτου
603 2222 842 2295 μεσίτην,
909 2223 1133 2295 μεσίτην
1192 2223 1435 2286 Παλαιᾶς
1520 2229 1795 2297 Διαθήκης
1873 2227 1963 2281 καὶ

316 2311 470 2382 Νέας,
503 2312 749 2382 Ἰωάννην
776 2311 868 2367 τὸν
917 2313 1074 2381 πάνυ,
1105 2312 1232 2375 τοὺς
1264 2320 1496 2389 Χριστοῦ
1544 2317 1804 2389 μαθητὰς,
1834 2317 1966 2377 τοὺς

324 2402 460 2475 μετά
506 2402 750 2473 Χριστὸν,
801 2403 836 2468 ἢ
886 2398 1022 2455 λαοῦ
1067 2403 1549 2476 προκαθεσϐἑντας,
1599 2405 1634 2473 ἢ
1674 2401 1763 2458 διὰ
1795 2403 1966 2480 λόγου

322 2489 743 2566 φανερωθέντας,
775 2491 808 2558 ἢ
830 2487 920 2544 διὰ
945 2489 1188 2562 σημείων
1215 2494 1607 2567 γνωρισθέντας
1639 2496 1752 2567 (42)
1799 2496 1834 2562 ἢ
1877 2515 1968 2549 τε⁹

327 2577 643 2640 λειωθὲντας
679 2575 748 2632 δι’
778 2577 1028 2650 αἳματος.

323 2675 485 2734 runt,
516 2669 603 2725 vel
635 2685 738 2741 per
765 2685 1096 2725 sermonem
1127 2687 1192 2726 ac
1220 2671 1544 2728 doctrinam
1577 2672 1635 2727 in
1665 2671 2047 2744 conspicuum

322 2758 671 2830 sanguinem
701 2758 1114 2814 consummati.

395 2869 465 2918 A'.
519 2863 732 2917 Τούτων
781 2861 1122 2932 Ἀθανάσιος,
1170 2869 1285 2927 τοῖς
1340 2865 1434 2938 μὲν
1480 2865 1800 2942 ἡμιλλήθη,
1857 2871 1964 2923 τῶν

320 2947 378 3006 δὶ
413 2952 602 3024 μικρὸν
649 2948 977 3028 ἀπελείφθη,
1028 2950 1140 3006 ἔστι
1190 2949 1246 3007 δὶ
1295 2953 1386 3016 οὕς
1435 2955 1524 3009 καὶ
1575 2956 1886 3033 ὑπερίσχεν,
1923 2958 1966 3012 εί

320 3041 397 3114 μὴ
428 3037 712 3116 τολμηρὸν
747 3040 914 3095 εἰπεῖν
951 3059 966 3075 ⁸
1012 3041 1100 3096 καὶ
1147 3045 1255 3096 τῶν
1295 3042 1388 3116 μὶν
1420 3045 1510 3099 τὸν
1544 3043 1733 3120 λόγον,
1773 3052 1877 3102 τῶν
1913 3045 1970 3102 δὶ

314 3131 414 3199 τήν
457 3131 669 3205 πρᾶξιν,
722 3134 828 3183 τῶν
894 3127 950 3184 δὲ
979 3129 1041 3184 τὸ
1071 3135 1265 3204 πρᾶον,
1295 3136 1401 3186 τῶν
1431 3130 1487 3187 δὲ
1516 3134 1608 3188 τὸν
1640 3134 1828 3208 ζῆλον,
1861 3143 1966 3191 τῶν

319 3213 376 3272 δὲ
417 3215 542 3278 τοὺς
595 3213 904 3288 κινδύνους,
953 3221 1058 3271 τῶν
1112 3215 1169 3272 δὲ
1214 3220 1280 3273 τὰ
1309 3218 1504 3288 πλείω,
1535 3225 1641 3276 τῶν
1677 3219 1735 3276 δὲ
1763 3224 1828 3277 τὰ
1860 3227 1969 3296 (43)

319 3303 529 3359 ἃπαντα
562 3304 966 3378 μιμησάμενος,
999 3306 1086 3360 καὶ
1116 3305 1256 3362 ἄλλο
1306 3308 1398 3362 ἀπ’
1427 3307 1600 3364 ἄλλου
1629 3309 1838 3374 κάλλος
1870 3312 1968 3368 λα-

323 3389 456 3465 ϐὼν,
516 3393 697 3469 ὣσπερ
744 3395 796 3448 οἱ
844 3397 939 3456 τὰς
993 3397 1206 3473 μορφὰς
1245 3399 1360 3469 μεθ’
1393 3395 1702 3475 ὑπερϐολῆς
1734 3403 1968 3479 γράφον-

2065 893 2274 964 priscis
2309 892 2646 947 hominibus
2697 907 2845 945 cura:
2899 907 2963 945 ac
3011 889 3206 944 studio
3257 889 3494 942 fuerunt
3525 885 3710 956 (pauci

2065 981 2221 1036 enim
2281 981 2380 1035 Dei
2431 986 2587 1048 sunt,
2623 979 2890 1051 quamvis
2929 995 3132 1032 omnes
3191 977 3376 1048 ipsius
3435 976 3713 1047 ﬁgmenta

2067 1072 2226 1140 sint),
2253 1069 2707 1140 legislatoribus,
2731 1067 2957 1122 bellicis
2987 1066 3256 1131 ducibus,
3288 1064 3710 1130 sacerdotibus,

2067 1158 2386 1230 prophetis,
2420 1157 2814 1228 evangelistis,
2852 1154 3155 1227 apostolis,
3197 1155 3548 1226 pastoribus,
3577 1153 3713 1208 doc-

2067 1249 2316 1314 toribus,
2362 1247 2636 1316 omnique
2685 1244 2973 1315 spirituali
3024 1243 3195 1298 coetui
3247 1248 3422 1313 atque
3471 1241 3710 1313 agmini,

2067 1337 2221 1392 inter
2249 1352 2454 1391 omnes
2486 1341 2681 1390 autem
2715 1350 2813 1389 eos
2844 1333 2980 1387 huic
3012 1348 3268 1402 quoque,
3299 1332 3356 1384 in
3388 1331 3557 1400 cujus
3588 1329 3712 1385 lau-

2069 1427 2200 1481 dem
2234 1425 2352 1479 hac
2385 1441 2417 1478 a
2449 1425 2618 1479 nobis
2649 1423 2896 1478 habetur
2922 1421 3128 1476 oratio.
3155 1422 3309 1485 Quos
3338 1420 3574 1474 tandem
3607 1418 3715 1473 hos

2067 1515 2240 1569 dico?
2282 1513 2474 1568 Enoch
2526 1512 2717 1578 illum,
2751 1512 2889 1579 Noe,
2921 1509 3237 1577 Abraham,
3287 1510 3463 1574 Isaac,
3511 1507 3713 1572 Jacob,

2067 1603 2374 1658 duodecim
2427 1601 2805 1673 patriarchas,
2857 1601 3136 1671 Moysem,
3173 1601 3473 1664 Aaronem,
3511 1596 3713 1662 Josue,

2068 1693 2326 1757 Judices,
2349 1690 2704 1755 Samuelem,
2728 1690 3025 1757 Davidem,
3051 1687 3421 1743 Salomonem
3453 1684 3718 1756 aliquan-

2069 1782 2271 1853 tisper,
2307 1780 2511 1844 Eliam,
2544 1779 2838 1846 Elisaeum,
2869 1777 3201 1848 prophetas,
3227 1774 3326 1846 qui
3360 1774 3445 1828 vel
3474 1773 3714 1845 captivi-

2070 1875 2251 1925 tatem
2313 1871 2774 1934 antecesserunt,
2829 1866 2914 1921 vel
2974 1870 3106 1937 post
3162 1881 3289 1920 eam
3347 1862 3714 1918 exstiterunt.

2070 1962 2256 2030 Atque
2289 1959 2426 2025 haec,
2462 1957 2664 2013 ordine
2693 1956 2929 2027 quidem
2978 1960 3290 2026 postrema,
3324 1957 3594 2007 caeterum
3627 1967 3718 2006 re—

2070 2065 2204 2104 vera
2250 2047 2461 2118 prima,
2495 2063 2621 2118 quae
2662 2045 2815 2100 circa
2846 2045 3059 2099 Christi
3093 2043 3581 2107 Incarnationem,
3615 2056 3717 2096 seu

2071 2136 2456 2192 humanitatis
2499 2133 2984 2205 assumptionem,
3017 2133 3405 2204 contigerunt,
3439 2130 3718 2185 nimirum

2074 2225 2374 2280 lucernam
2435 2224 2596 2279 illam
2658 2228 2791 2278 ante
2847 2223 3082 2286 Lucem,
3128 2236 3326 2276 vocem
3386 2224 3519 2274 ante
3575 2221 3720 2273 Ver-

2076 2315 2239 2381 bum,
2275 2315 2654 2370 mediatorem
2701 2317 2835 2367 ante
2873 2310 3276 2379 Mediatorem,
3306 2308 3415 2364 hoc
3461 2312 3572 2371 est,
3605 2306 3722 2362 exi-

2080 2405 2264 2458 mium
2296 2403 2462 2458 illum
2510 2405 2814 2467 Joannem,
2848 2400 2945 2472 qui
2981 2399 3211 2454 medius
3259 2397 3412 2452 inter
3457 2397 3638 2452 Vetus
3669 2400 3726 2451 et

2080 2497 2303 2548 Novum
2353 2492 2795 2547 Testamentum
2845 2487 3089 2553 exstitit,
3121 2487 3334 2543 Christi
3382 2484 3722 2556 discipulos,

2081 2598 2181 2638 eos
2211 2581 2480 2651 denique,
2513 2580 2612 2651 qui
2654 2583 2786 2649 post
2815 2578 3110 2633 Christum
3139 2575 3224 2630 vel
3277 2574 3428 2646 plebi
3481 2574 3724 2646 praefue-

2076 2676 2381 2742 venerunt,
2412 2669 2498 2726 vel
2544 2686 2647 2741 per
2676 2666 2958 2724 miracula
3001 2664 3287 2720 nobilitati
3318 2668 3477 2734 sunt,
3507 2663 3594 2719 vel
3627 2679 3729 2735 per

2149 2868 2300 2924 388
2335 2867 2425 2922 IV.
2460 2867 2539 2922 Ex
2577 2866 2669 2921 his
2703 2863 3059 2920 Athanasius
3105 2862 3250 2918 alios
3281 2859 3620 2932 exequavit,
3653 2860 3724 2915 ab

2078 2957 2208 3013 aliis
2256 2955 2563 3029 paululum
2612 2954 2817 3022 abfuit,
2859 2952 3175 3008 nonnullos
3224 2951 3420 3018 etiam,
3453 2948 3567 3005 nisi
3616 2949 3725 3005 hoc

2079 3047 2358 3103 audacius
2389 3063 2422 3101 a
2450 3062 2543 3101 me
2592 3045 2811 3100 dictum
2844 3043 3129 3109 videatur,
3160 3041 3476 3096 antecessit
3509 3058 3521 3096 :
3553 3043 3727 3111 atque

2081 3136 2330 3192 aliorum
2384 3151 2710 3190 sermonem
2744 3139 2800 3187 et
2828 3132 3236 3200 eruditionem,
3270 3129 3520 3184 aliorum
3553 3129 3728 3183 actio-

2081 3242 2250 3292 nem,
2311 3224 2556 3279 aliorum
2613 3221 3148 3284 mansuetudinem,
3208 3219 3456 3274 aliorum
3514 3218 3724 3282 zelum,

2080 3314 2326 3369 aliorum
2389 3312 2847 3381 dimicationem,
2908 3309 3156 3364 aliorum
3216 3309 3420 3376 multa,
3479 3307 3727 3362 aliorum

2081 3403 2279 3459 omnia
2328 3403 2612 3457 imitando
2663 3406 3030 3462 consecutus.
3064 3404 3239 3470 atque
3288 3397 3443 3452 aliud
3496 3396 3566 3450 ab
3616 3395 3728 3450 alio

321 3503 434 3549 τες,
482 3482 570 3537 καὶ
620 3482 694 3544 είς
749 3482 870 3555 μίαν
913 3485 1014 3552 τήν
1062 3485 1252 3539 ἑαυτοῦ
1301 3489 1486 3562 ψυχὴν
1538 3491 1871 3566 συναγαγὼν,
1912 3487 1965 3544 ἓν

2083 3497 2413 3561 mutuatus,
2438 3490 2932 3561 quemadmodum
2957 3489 3051 3558 qui
3078 3490 3294 3543 formas
3317 3503 3416 3542 seu
3444 3485 3730 3557 imagines

325 3571 522 3645 ἀρετῆς
573 3569 712 3635 εἶδος
758 3571 816 3626 ἐκ
861 3571 1076 3627 πάντων
1123 3571 1569 3650 ἀπηκριϐώσατο,
1617 3578 1744 3640 τοὺς
1789 3580 1882 3653 μὶν
1917 3578 1968 3634 ἐν

328 3659 478 3736 λόγῳ
509 3658 716 3723 δεινοὺς
743 3665 812 3734 τῇ
843 3661 1051 3736 πράξει,
1083 3661 1209 3724 τοὺς
1240 3664 1571 3737 πρακτικοὺς
1604 3663 1660 3719 δὲ
1705 3671 1784 3738 τῷ
1817 3663 1970 3743 λόγῳ

323 3751 577 3819 νικήσαςσ
633 3749 678 3804 εἰ
731 3749 919 3823 βούλει
968 3747 1044 3819 δὶ,
1088 3749 1243 3825 λόγῳ
1279 3751 1372 3823 μὶν
1403 3751 1529 3814 τοὺς
1562 3751 1889 3827 εὐδοκίμους
1918 3757 1969 3810 ἐν

326 3838 497 3914 Λόγῳ,
545 3839 730 3912 πράξει
783 3836 839 3894 δὲ
888 3838 1016 3901 τοὺς
1065 3843 1544 3916 πρακτικωτάτους
1607 3840 1966 3918 ὑπερϐαλών·

324 3927 416 3982 καὶ
445 3927 574 3989 τοὺς
611 3929 704 4000 μὶν
736 3929 853 3982 κατ’
882 3927 1161 4004 ἀμφότερα
1194 3930 1370 4002 μέσως
1421 3927 1666 4007 ἔχοντας,
1722 3937 1800 4004 τῷ
1846 3933 1970 4009 περὶ

320 4016 386 4070 τὸ
443 4013 622 4092 ἕτερον
687 4011 1125 4092 ὑπερϐάλλοντι·
1177 4017 1306 4080 τοὺς
1366 4017 1422 4073 δὲ
1477 4022 1594 4075 καθ’
1646 4019 1823 4098 ἕτερον
1856 4025 1971 4096 (Us)

321 4101 543 4178 ἄκρους,
601 4109 719 4167 τοῖς
783 4105 1113 4184 ἀμφοτέροις
1169 4105 1560 4181 παραδραμών.
1623 4111 1718 4165 Καὶ
1752 4112 1797 4165 εἱ
1833 4112 1972 4188 μίγα

319 4198 439 4255 τοῖς
469 4188 832 4269 προλαϐοῦσι,
885 4195 946 4249 τὸ
993 4192 1338 4272 παράδειγμα
1367 4197 1546 4271 τούτῳ
1578 4199 1821 4274 γενέσθαι
1871 4209 1970 4271 τῆς

321 4281 542 4358 ἀρετῆς,
573 4281 681 4358 οὐχ
708 4282 872 4353 ἦττον
907 4283 983 4346 εἷς
1006 4283 1272 4362 εὐφημίαν
1305 4290 1384 4358 τῷ
1417 4289 1672 4364 ἡμετίρῳ
1701 4289 1873 4363 καλῷ,
1906 4292 1970 4346 τὸ

319 4375 439 4432 τοῖς
476 4372 588 4444 μετ’
617 4370 776 4425 αὐτὸν
804 4370 1042 4448 γενέσθαι
1075 4370 1442 4447 παράδειγμα.

2084 3578 2369 3651 singulari
2392 3579 2584 3634 studio
2602 3585 2658 3634 et
2679 3577 2965 3650 elegantia
2989 3577 3256 3648 pingunt,
3273 3581 3446 3646 atque
3468 3576 3524 3628 in
3551 3590 3726 3627 unam

2083 3669 2367 3740 suiipsius
2419 3669 2677 3724 animam
2712 3667 3070 3739 complexus,
3107 3682 3285 3720 unum
3324 3681 3404 3740 ex
3453 3663 3730 3717 omnibus

2081 3758 2404 3830 perfectum
2438 3757 2666 3812 virtutis
2698 3755 3079 3812 simulacrum
3112 3753 3330 3808 edidit:
3357 3753 3440 3808 sic
3467 3751 3735 3804 videlicet

2083 3863 2145 3902 se
2177 3863 2545 3918 comparans,
2580 3851 2644 3900 ut
2675 3851 2730 3900 et
2760 3845 3009 3899 disertos
3041 3845 3286 3908 actione,
3319 3847 3376 3896 et
3406 3857 3599 3896 rerum
3634 3855 3731 3911 ge-

2082 3937 2393 3991 rendarum
2429 3934 2701 3990 facultate
2732 3933 3010 4004 praeditos
3052 3930 3379 3986 eruditione
3409 3935 3584 4000 atque
3614 3927 3732 3983 elo-

2082 4026 2323 4096 quentia
2355 4025 2644 4091 vinceret;
2679 4027 2780 4077 aut
2829 4021 2873 4076 si
2923 4020 3129 4090 mavis,
3154 4025 3208 4075 et
3239 4019 3520 4074 doctrinm
3549 4016 3734 4090 gloria

2082 4114 2377 4182 ﬂorentes,
2410 4113 2699 4177 doctrina,
2731 4116 2789 4167 et
2820 4110 2996 4166 rebus
3047 4108 3318 4181 gerendis
3364 4107 3727 4179 aptissimos,

2083 4205 2308 4259 actione
2340 4206 2676 4273 superaret:
2705 4207 2900 4272 atque,
2934 4203 2991 4254 et
3029 4199 3124 4268 iis,
3156 4198 3253 4270 qui
3290 4196 3636 4252 mediocrem
3669 4195 3728 4249 in

2082 4298 2325 4362 utroque
2354 4307 2562 4363 genere
2595 4291 2825 4345 laudem
2852 4289 3244 4353 habebant,eo
3268 4284 3535 4357 superior
3554 4290 3727 4350 esset,

2081 4381 2236 4452 quod
2271 4381 2328 4434 in
2362 4379 2540 4435 altero
2565 4380 2772 4436 horum
2799 4394 3029 4434 summe
3051 4377 3380 4442 excelleret;
3414 4379 3471 4429 et
3504 4391 3728 4439 rursus,

322 4460 418 4529 iis,
455 4462 554 4533 qui
605 4461 781 4518 altero
833 4463 1118 4518 duntaxat
1147 4480 1357 4535 genere
1405 4482 1777 4538 summopere
1817 4469 2172 4538 eminebant,
2208 4469 2313 4524 hoc
2372 4468 2603 4524 nomine
2663 4472 2981 4540 praestaret,
3010 4467 3163 4538 quod
3223 4472 3470 4536 utraque
3520 4463 3731 4518 virtute

324 4549 587 4622 polleret.
619 4551 780 4614 Quod
812 4551 860 4606 si
893 4551 986 4606 his
1015 4552 1116 4622 qui
1147 4551 1344 4624 ipsum
1375 4559 1540 4609 atate
1579 4562 2020 4627 pracesserunt,
2054 4557 2288 4613 virtutis
2318 4557 2648 4628 exemplum
2701 4556 2809 4627 ipsi
2859 4556 3178 4626 praebuisse
3227 4569 3504 4625 magnum
3538 4557 3594 4607 et
3624 4552 3725 4606 ho-

325 4638 641 4695 noriﬂcum
673 4643 781 4709 est,
813 4656 929 4696 non
975 4641 1174 4697 minus
1222 4647 1374 4698 certe
1419 4643 1557 4700 huic
1587 4649 1786 4701 nostro
1835 4646 2178 4718 praeclarum
2233 4645 2454 4701 censeri
2502 4645 2691 4710 debet,
2727 4645 2880 4714 quod
2933 4643 3180 4715 posteris
3232 4640 3558 4713 exemplum
3606 4640 3731 4713 ipse

324 4728 521 4784 fuerit.

397 4835 469 4890 E’.
504 4832 682 4888 Πάντα
733 4833 827 4907 μὶν
869 4831 936 4904 δὴ
985 4835 1053 4890 τὰ
1100 4835 1306 4892 ικείνου
1337 4835 1511 4913 λέγειν
1539 4859 1598 4894 τε
1623 4839 1712 4894 καὶ
1770 4841 1976 4913 θαυμά-

2154 4843 2221 4899 ν.
2256 4847 2446 4914 Atque
2478 4857 2710 4897 omnem
2744 4841 2980 4912 quidem
3030 4838 3188 4896 illius
3232 4840 3411 4895 vitam
3465 4855 3732 4895 sermone

326 4928 432 4993 ζειν
489 4922 818 4999 μακρότερον
871 4922 928 4977 ἂν
963 4921 1046 4995 εἷή
1094 4925 1288 5002 τυχὸν,
1333 4927 1366 4996 ἢ
1400 4929 1536 4982 κατὰ
1562 4930 1660 4998 τὴν
1695 4933 1966 5003 παροῦσαν

321 5013 504 5088 ἁρμήν
534 5016 632 5067 τοῦ
663 5009 853 5090 λόγου,
886 5013 975 5067 καὶ
1007 5012 1248 5090 ἱστορίας
1289 5013 1466 5092 ἔργον,
1500 5017 1599 5072 οὐκ
1655 5017 1925 5096 εὐφημίας
1952 5038 1965 5052 ο

321 5101 355 5156 ἃ
382 5101 472 5156 καὶ
529 5098 641 5173 ῗδίᾳ
681 5099 1014 5177 παραδοῦναι
1063 5107 1246 5182 γραφῇ
1295 5102 1567 5179 παίδευμά
1607 5127 1666 5162 τε
1715 5107 1802 5161 καὶ
1834 5105 1968 5177 ἥδυ-

322 5209 436 5264 σμα
462 5196 578 5254 τοῖς
612 5191 687 5253 είς
746 5189 991 5266 ὕστερον,
1045 5192 1211 5268 εὐχῆς
1264 5191 1422 5270 ἔργον
1475 5193 1622 5268 ίμοὶ,
1670 5195 1849 5270 ὥσπερ
1907 5195 1965 5252 δν

396 5425 508 5500 (ξε)
540 5421 656 5477 Καί.
693 5425 788 5500 Sic
828 5425 972 5500 ξὶειεἶ
1001 5427 1208 5500 a,bm,
1243 5429 1342 5500 ph.
1381 5430 1547 5486 Deest
1578 5430 1637 5487 in
1670 5431 1759 5486 ed.

399 5497 508 5568 (39)
542 5498 791 5569 Μωυσὲα.
826 5498 886 5552 In
919 5497 1208 5569 pluribus,
1243 5497 1458 5557 Manta.

399 5566 511 5642 (40)
545 5566 663 5624 Καί.
699 5568 870 5625 Deest
898 5566 957 5624 in
991 5566 1312 5628 nonnullis.

327 5641 636 5781 δήί41)1“ῇ.
668 5642 758 5697 Sic
805 5647 1059 5714 quatuor
1089 5643 1265 5717 Regg.
1308 5648 1364 5700 et
1412 5645 1667 5700 Combef.
1701 5645 1762 5702 In
1811 5644 1973 5713 sdit.,

2080 4931 2354 5004 prosequi
2387 4947 2452 4986 ac
2483 4929 2756 4986 laudibus
2778 4929 2980 4986 efferre
3009 4928 3242 5001 longius
3265 4929 3512 4985 fortasse
3535 4928 3712 4984 fuerit

2081 5037 2257 5093 quam
2291 5021 2469 5091 hujus
2492 5019 2772 5075 orationis
2805 5017 3142 5074 institutum
3179 5019 3340 5085 ferat,
3367 5033 3432 5072 ac
3465 5035 3577 5073 non
3609 5023 3731 5072 tam

2079 5110 2328 5166 encomii
2354 5126 2501 5181 opus
2528 5125 2704 5179 quam
2738 5107 3022 5176 historiis;
3046 5123 3225 5180 quam
3249 5107 3428 5163 etiam
3453 5111 3516 5162 ut
3544 5111 3736 5180 poste-

2079 5199 2160 5254 ris
2209 5200 2560 5254 documento
2583 5202 2757 5269 atque
2780 5197 3150 5253 oblectationi
3173 5198 3430 5254 futuram
3453 5195 3732 5270 peculiari

2158 5433 2272 5506 (42)
2303 5429 2400 5484 Διὸ⁴
2431 5428 2599 5506 λόγου
2631 5429 3051 5506 φανερωθέντας,
3083 5431 3115 5498 ἣ
3146 5427 3232 5484 διὰ
3260 5429 3505 5506 σημείων
3538 5447 3734 5506 γνωρι-

2088 5502 2319 5564 σθέντας.
2365 5500 2661 5575 Quinque:
2695 5500 2870 5575 Begg.
2918 5507 2974 5558 et
3032 5504 3312 5575 Combef.,
3347 5501 3434 5556 διὰ
3488 5500 3727 5570 σημείων

2085 5576 2495 5662 γνωρισθένταῷ
2587 5571 2674 5656 δια
2706 5571 2875 5648 λόγου
2908 5571 3321 5650 φανερωθέντας.

2180 5644 2268 5793 [ι’Βέ
2298 5646 2395 5704 Τά.
2441 5649 2608 5704 Deest
2637 5647 2696 5701 in
2728 5644 2971 5731 quatuor
3003 5644 3179 5773 Regg.
3213 5651 3269 5701 et
3297 5651 3391 5701 Or.
3429 5644 3478 5698 1.

2178 5721 2245 5778 44
2296 5718 2428 5784 Καθ’
2454 5714 2661 5795 ἰτερον.
2693 5718 2868 5777 Celsi.
2904 5722 2954 5792 1,
2985 5729 3086 5784 καθ
3158 5716 3402 5793 κάτερον.
