4094 6212
256 399 412 466 1089
1177 393 1471 457 ORATIO
1696 423 1772 438 -ο
1799 391 1878 456 lN'
1926 395 1980 456 ιι

2099 394 2243 454 DEM
2292 392 2739 454 A'PHANASII.
3507 383 3662 451 1090

255 533 314 602 ἢ,
347 529 526 605 ὥσπερ
550 529 640 583 τὸν
671 530 784 602 (51)
825 524 1030 598 Ἠλίαν,
1063 527 1122 582 ἐκ
1145 530 1242 581 τοῦ
1289 524 1618 602 χειμάρρου,
1667 525 1897 596 κατεψυο
1929 528 1980 595 Α

2099 525 2348 587 ortebat,
2372 524 2634 581 veritatis
2657 525 2754 580 siti
2776 523 3151 596 languentem
3177 540 3242 578 ac
3271 539 3445 594 prope
3469 523 3662 578 confe-

255 619 462 698 γμένης
522 611 792 693 ἀνομϐρίᾳ
846 624 947 686 τῆς
1004 619 1108 691 γῆς
1160 618 1296 687 (52),
1343 614 1622 688 ἀναψύξαι,
1681 612 1770 668 καὶ
1816 635 1906 685 μι-

2099 613 2478 679 lm,lsmaelis
2496 613 2703 681 instar,
2720 615 2947 684 polione
2967 613 3270 679 refici,aut,
3289 614 3444 666 velut
3459 611 3664 678 Eliam,

254 710 361 786 διρᾶ
429 706 690 763 πνέουσαν
771 706 1300 775 ἅναξωοποιηθῆναι,
1376 704 1466 758 καὶ
1545 702 1762 778 σπέρμα
1832 706 1909 772 τῷ

2099 703 2364 775 Γιιίεοτιιιιι
2396 721 2497 775 per
2526 705 2846 759 siccitatem
2879 709 3053 773 terra,
3086 721 3116 758 e
3153 708 3408 758 torrente
3439 703 3666 758 refocil-

258 797 479 872 Ἰσραὴλ
531 796 958 874 ὑπολειφθῆναι·
1006 792 1098 848 ’ίνα
1149 795 1224 866 μὴ
1268 793 1550 868 γενώμεθα
1581 793 1653 853 ὡς
1688 788 1913 862 Σόδομα

2099 795 2152 861 -ἱ,
2189 794 2607 865 paululumque
2637 795 2958 865 spirantem
2991 795 3060 848 ad
3094 795 3268 849 vitam
3303 795 3579 857 revocari,
3604 810 3669 848 ac

260 888 349 943 καὶ
385 885 643 961 Γόμορρα
673 885 808 956 (53),
844 885 915 938 ὧν
965 877 1296 959 περιϐόητος
1352 883 1444 954 μὶν
1478 884 1514 950 ἡ
1545 880 1727 946 κακία,
1758 898 1910 953 περι-

2099 901 2221 939 men
2251 885 2443 939 Israeli
2479 884 2761 954 relinqui:
2796 900 2868 938 ne
2899 890 2962 938 ut
2989 885 3236 938 Sodoma
3265 888 3321 938 et
3349 883 3673 938 Gomorrha

267 972 571 1050 ϐοητοτέρα
603 971 659 1028 δὲ
691 976 725 1043 ἡ
754 970 1022 1042 ἀπώλεια,
1054 971 1183 1046 πυρὶ
1213 970 1301 1026 καὶ
1343 971 1470 1042 θείῳ
1516 967 1915 1031 κατακλυσθέν-

2099 973 2414 1036 iceremur,
2448 988 2697 1044 quarum
2733 971 2977 1026 celebris
3009 973 3244 1043 quidem
3279 978 3366 1028 est
3394 973 3674 1045 improbi-

264 1071 372 1122 τῶν
423 1066 552 1136 (5-4),
611 1063 707 1117 Διὰ
754 1065 915 1117 τοῦτο
964 1061 1168 1137 ἠγέρθη
1239 1060 1400 1134 κέρας
1459 1057 1730 1133 σωτηρίας
1781 1059 1914 1128 ἡμῖν

2099 1077 2146 1127 s,
2179 1061 2466 1116 celebrior
2511 1065 2704 1115 autem
2750 1060 3044 1127 interitus,
3078 1061 3283 1116 incolis
3315 1077 3524 1134 nempe
3557 1062 3678 1134 igni

268 1151 379 1224 ἤδη
411 1151 678 1226 κειμένοις
711 1153 842 1224 (55),
887 1150 975 1204 καὶ
1025 1149 1176 1212 λίθος
1225 1149 1637 1223 ἀκρογωνιαῐος,
1686 1143 1919 1201 συνδέων

2148 1149 2436 1222 sulphure
2492 1149 2791 1220 oppressis
2849 1154 3025 1220 atque
3077 1150 3323 1205 obrutis.
3373 1151 3679 1222 Propterea

246 1238 446 1314 ’ἑαυτῷ
487 1263 546 1296 τε
587 1240 676 1295 καὶ
727 1237 1000 1310 ἀλλήλοις
1048 1241 1216 1312 ἡμᾶς,
1251 1232 1518 1306 ἰνεϐλήθη
1551 1238 1686 1290 κατὰ
1715 1235 1922 1310 καιρὸν,

2099 1239 2204 1294 ibis
2229 1241 2353 1310 jam
2382 1238 2720 1310 jacentibus
2767 1254 2946 1293 cornu
2993 1238 3202 1293 salutis
3259 1244 3516 1295 erectum
3573 1247 3680 1307 est,

273 1330 307 1400 ἢ
355 1335 464 1404 πῦρ
511 1330 871 1404 καθαρτήριον
919 1330 1017 1396 τῆς
1073 1325 1286 1404 φαύλης
1325 1325 1462 1396 ὕλης
1490 1323 1579 1379 καὶ
1613 1327 1924 1400 μοχθηρᾶς,

2099 1327 2305 1399 pisque
2337 1327 2662 1399 angularia,
2697 1342 2823 1396 nos,
2857 1333 2912 1381 et
2956 1327 3089 1396 sibi,
3123 1334 3180 1383 et
3223 1327 3376 1383 inter
3406 1344 3511 1384 nos
3543 1345 3684 1384 con-

276 1422 310 1489 'l",
343 1418 514 1474 παὺον
560 1417 880 1494 γεωργικὸν,
931 1417 976 1489 ᾧ
1021 1415 1084 1471 τὸ
1131 1418 1331 1492 κοῦφον
1380 1419 1487 1468 τῶν
1522 1411 1806 1489 δογμάτων
1839 1411 1927 1468 καὶ

2099 1417 2357 1487 ringens,
2399 1420 2724 1487 opportune
2767 1416 2922 1469 890
2965 1415 3217 1484 injectus
3263 1423 3371 1485 est,
3406 1423 3508 1472 aut
3537 1418 3691 1490 ignis

281 1510 341 1563 τὸ
375 1505 510 1583 βαρὺ
559 1503 906 1581 διακρίνεται,
951 1503 986 1573 ἢ
1033 1503 1280 1580 μάχαιρα
1324 1502 1422 1565 τὰς
1467 1509 1568 1572 τῆς
1616 1502 1803 1562 κακίας
1849 1499 1930 1576 ῥί-

2107 1504 2209 1560 ειω
2269 1510 2326 1560 et
2379 1504 2598 1559 vitiosas
2646 1505 2898 1560 materies
2939 1510 3234 1575 purgator,
3271 1512 3370 1560 aut
3400 1507 3691 1563 rusticum

285 1603 375 1667 ζας
423 1594 788 1668 έκτέμνουσα’
848 1592 936 1648 καὶ
996 1593 1024 1646 ὁ
1084 1592 1259 1668 Λόγος
1318 1591 1552 1667 εὑρίσκει
1610 1592 1702 1645 τὸν
1743 1592 1933 1646 ἑαυτοῦ

2099 1592 2461 1662 intilabrum,
2497 1609 2633 1662 quo,
2666 1593 2818 1646 inter
2847 1595 3141 1663 dogmata,
3177 1593 3321 1649 levia
3353 1613 3384 1649 a
3417 1597 3695 1666 gravibus

282 1684 600 1759 σύμμαχον,
668 1681 758 1738 καὶ
804 1680 866 1736 τό
929 1685 1146 1754 Πνεῦμα
1188 1676 1596 1753 καταλαμϐάνει
1641 1681 1732 1736 τὸν
1804 1681 1934 1753 ὑπὲρ

2099 1682 2486 1745 isoernuntur,
2511 1685 2613 1734 aut
2642 1681 2870 1751 gladius
2901 1680 3021 1734 vitii
3059 1683 3280 1736 radices
3311 1684 3656 1739 exscindens
3681 1699 3702 1742 :

287 1774 450 1830 αὑτοῦ
479 1771 796 1830 πνεύσοντα.

2099 1786 2224 1840 ;que
2248 1769 2390 1824 adeo
2411 1769 2669 1822 Verbum
2695 1767 2828 1822 belli
2852 1769 3076 1822 socium
3110 1769 3351 1839 invenit,
3375 1777 3431 1826 et
3451 1772 3699 1844 Spiritus

1973 1901 2020 1964 B

369 2041 448 2099 H'.
481 2038 636 2094 Οὖτω
668 2037 763 2112 μὶν
821 2034 912 2090 οὖν
969 2035 1059 2092 καὶ
1112 2034 1200 2091 διὰ
1245 2040 1430 2108 ταῦτα,
1575 2059 1654 2109 ρῳ
1679 2040 1776 2090 τοῦ
1807 2034 1944 2091 λαοῦ

2051 1857 2373 1924 hominem,
2408 1857 2508 1929 qui
2541 1873 2642 1927 pro
2675 1873 2737 1911 se
2774 1857 2973 1928 spiret,
3010 1859 3386 1915 nanciscitur.

2123 2037 2274 2093 Vlll.
2308 2037 2403 2093 Sic
2432 2036 2634 2108 igitur,
2664 2042 2839 2108 atque
2869 2038 2942 2092 ob
2973 2055 3070 2094 eas
3102 2055 3331 2108 causas,
3363 2043 3544 2098 totius
3599 2061 3700 2116 po-

295 2129 515 2195 παντὸς,
565 2126 626 2181 οὐ
657 2125 792 2182 κατά
818 2125 910 2180 τὸν
961 2125 1182 2197 ὓστερον
1233 2127 1524 2195 νικήσαντα
1566 2125 1803 2200 πονηρὸν
1849 2123 1945 2178 τὺο

2099 2126 2177 2182 uli
2200 2127 2518 2198 suffragiis,
2543 2143 2656 2181 non
2681 2131 2871 2181 autem
2898 2129 3222 2184 secundum
3247 2148 3488 2202 pravum
3511 2150 3703 2190 exem-

297 2239 422 2284 πον,
473 2213 597 2270 οὐδὲ
655 2218 889 2292 φονικῶς
943 2235 1002 2269 τε
1043 2214 1134 2268 καὶ
1182 2218 1532 2288 τυραννικῶς,
1558 2213 1683 2270 ἀλλ’
1713 2213 1948 2268 ἀπόστο-

298 2303 473 2368 λικῶς
519 2325 577 2359 τε
624 2303 714 2358 καὶ
763 2307 1169 2375 πνευματικῶς,
1223 2301 1310 2357 ἐπὶ
1359 2303 1450 2356 τὸν
1501 2305 1727 2376 Μάρκου
1757 2301 1946 2377 θρόνον

296 2391 572 2467 ἀνάγεται,
636 2391 743 2466 οὐχ
799 2393 960 2458 ἦττον
1025 2397 1125 2460 τῆς
1192 2385 1482 2462 εὐσεϐείας,
1562 2391 1596 2459 ἢ
1655 2397 1755 2459 τῆς
1814 2410 1953 2464 προ-

303 2480 484 2558 εὸρίας
539 2483 650 2554 (56)
709 2477 1004 2555 διάδοχος·
1063 2483 1133 2553 τῇ
1195 2480 1288 2552 μὲν
1339 2481 1442 2554 γὰρ
1493 2478 1803 2542 πολλοστὸς
1861 2479 1953 2534 ἀπ’

306 2570 533 2639 ἰκείνου,
589 2574 656 2643 τῇ
717 2565 774 2622 δὲ
825 2567 979 2630 εὐθὺς
1036 2569 1149 2640 μετ’
1195 2567 1392 2622 έκεῖνον
1426 2568 1762 2641 εὑρίσκεταιο
1794 2569 1852 2636 ἣν
1887 2565 1952 2636 δὴ

310 2659 400 2714 καὶ
431 2657 631 2734 κυρίως
666 2655 1009 2726 ὑποληπτέον
1058 2653 1344 2732 διαδοχήν.
1395 2658 1465 2710 Τὸ
1523 2657 1616 2729 μὶν
1670 2659 1774 2731 γὰρ
1819 2657 1954 2730 ὁμό-

315 2768 539 2823 γνωμον
572 2745 661 2800 καὶ
707 2745 1034 2820 ὁμόθρονον,
1082 2745 1145 2799 τὸ
1198 2744 1254 2799 δὲ
1284 2743 1555 2816 ἀντίδοξον
1589 2745 1676 2800 καὶ
1709 2745 1958 2818 ἀντίθρο-

318 2855 442 2891 νον’
501 2835 590 2889 καὶ
650 2837 684 2904 ἡ
750 2835 844 2907 μὲν
905 2833 1274 2909 προσηγορίαν
1333 2838 1468 2908 (57),
1529 2837 1562 2904 ἡ
1614 2833 1671 2890 δὶ
1700 2832 1958 2905 ἀλήθειαν

324 2924 438 3001 ἔχει
474 2921 760 2999 διαδοχῆς.
796 2923 872 2980 Οὐ
905 2924 1006 2999 γὰρ
1041 2923 1067 2978 ὁ
1105 2923 1449 2996 βιασάμενος,
1477 2922 1602 2979 ἀλλ’
1653 2924 1680 2977 ὁ
1731 2924 1964 2998 βιασθεὶς

328 3012 623 3090 διάδοχος·
677 3009 801 3067 οὐδὲ
841 3012 869 3065 ὁ
916 3015 1331 3085 παρανομήσας,
1379 3010 1505 3068 ἀλλ’
1555 3014 1582 3067 ὁ
1630 3009 1967 3088 προϐληθεὶς

327 3102 570 3176 ἐννόμως
597 3124 607 3136 ·
643 3100 767 3156 οὐδὲ
798 3103 824 3156 ὁ
850 3101 1097 3156 τάναντια
1147 3099 1407 3172 δοξάζων,
1453 3099 1578 3156 ἀλλ’
1613 3103 1640 3156 ὁ
1670 3109 1768 3172 τῆς
1801 3102 1968 3172 αὐτῆς

323 3193 554 3254 πίστεως
585 3211 596 3224 ⁸
647 3191 692 3245 εἴ
731 3192 806 3264 μὴ
861 3189 1002 3244 οὕτω
1048 3211 1129 3252 τις
1179 3189 1332 3265 λέγοι
1383 3188 1664 3265 διάδοχον,
1714 3192 1788 3254 ὡς
1817 3191 1968 3246 νόσον

2058 2215 2244 2289 plum,
2279 2216 2434 2286 quod
2467 2220 2667 2286 postea
2695 2215 2954 2280 inolevit,
2989 2235 3177 2287 neque
3219 2237 3319 2290 per
3348 2221 3460 2275 vim
3497 2239 3562 2277 ac
3594 2239 3706 2278 ca-

2060 2307 2214 2374 dem,
2248 2305 2347 2358 sed
2400 2303 2718 2374 apostolico
2772 2309 2830 2359 et
2883 2304 3174 2376 spirituali
3217 2311 3389 2364 modo
3428 2311 3497 2365 ad
3533 2311 3710 2366 Marci

2062 2394 2343 2449 thronum
2378 2392 2663 2459 evehitur,
2699 2409 2815 2446 non
2848 2393 3047 2449 minus
3080 2395 3311 2466 pietatis
3344 2415 3520 2468 quam
3554 2401 3711 2456 sedis

2064 2498 2411 2547 successor;
2461 2487 2722 2552 tempore
2753 2481 2988 2551 quidem
3024 2483 3094 2538 ab
3139 2500 3206 2539 eo
3258 2487 3708 2557 remotissimus,

2068 2572 2281 2644 pietate
2313 2576 2507 2624 autem
2551 2569 2634 2623 illi
2682 2571 2984 2640 proximus
3030 2572 3360 2642 invenitur;
3413 2593 3538 2647 qua;
3585 2577 3712 2650 qui-

2068 2661 2198 2715 dem
2233 2657 2464 2730 prOprie
2495 2658 2790 2713 successio
2821 2659 3204 2716 existimanda
3255 2667 3361 2718 est.
3408 2665 3553 2720 Nam
3613 2666 3715 2737 qui

2069 2750 2333 2806 eamdem
2359 2747 2492 2802 fidei
2512 2747 2830 2802 doctrinam
2859 2750 3127 2819 profitetu
3140 2769 3183 2816 r,
3203 2752 3465 2822 ejusdem
3485 2772 3719 2827 quoque

2071 2837 2266 2893 throni
2301 2838 2495 2892 socius
2539 2841 2628 2892 est
2659 2853 2672 2891 :
2726 2837 2825 2907 qui
2873 2844 3067 2893 autem
3100 2843 3452 2898 contrariam
3484 2853 3717 2901 senten-

2074 2927 2219 2983 tiam
2250 2931 2466 2992 tuetur,
2498 2926 2866 2981 adversarius
2897 2944 3129 2999 quoque
3161 2933 3216 2985 in
3254 2932 3464 2989 throno
3495 2937 3723 2991 censeri

2079 3017 2268 3071 debet.
2311 3020 2501 3085 Atque
2546 3014 2668 3069 hac
2713 3016 2950 3085 quidem
2997 3035 3232 3084 nomen,
3277 3021 3375 3076 illa
3415 3040 3549 3080 vero
3597 3042 3720 3081 rem

2081 3107 2270 3177 ipsam
2293 3111 2351 3158 et
2372 3104 2671 3158 veritatem
2696 3103 2873 3159 habet
2894 3107 3302 3165 successionis.
3337 3112 3528 3183 Neque
3565 3115 3722 3171 enim

2084 3193 2184 3266 qui
2230 3208 2332 3264 per
2374 3192 2489 3246 vim
2536 3192 2769 3263 irrupit,
2811 3209 3116 3250 successor
3147 3197 3451 3257 habendus
3483 3209 3589 3276 est,
3624 3206 3727 3261 sed

327 3282 696 3358 ὑγιείας
756 3281 845 3334 καὶ
899 3279 1075 3358 φωτὸς
1124 3279 1337 3352 σκότος,
1382 3279 1470 3334 καὶ
1502 3279 1670 3350 ζάλην
1701 3279 1970 3356 γαλήνης,

2099 3283 2184 3353 iui
2217 3283 2332 3335 vim
2365 3297 2677 3352 perpessus
2709 3287 2795 3336 est
2830 3300 2841 3337 :
2887 3299 2990 3338 nec
3023 3285 3120 3355 qui
3154 3286 3310 3359 leges
3340 3269 3590 3362 violavit,
3623 3295 3727 3350 sed

330 3371 419 3426 καὶ
452 3368 707 3431 συνέσεως
740 3365 981 3424 ἔκστασιν
993 3412 1005 3426 .

2087 3371 2185 3441 qui
2209 3371 2380 3424 modo
2406 3369 2636 3441 legibus
2657 3374 3048 3428 consentaneo
3075 3382 3304 3434 creatus
3332 3386 3420 3435 est
3446 3399 3457 3438 :
3493 3400 3596 3439 nec
3629 3384 3729 3458 qui

331 3461 624 3518 contraria
653 3460 926 3530 dogmata
955 3463 1134 3530 tenet,
1167 3461 1268 3516 sed
1304 3459 1402 3532 qui
1443 3461 1650 3516 eadem
1697 3461 1810 3518 fide
1864 3461 2143 3533 prmditus
2190 3467 2313 3526 est;
2364 3459 2474 3514 nisi
2523 3460 2654 3530 quis
2702 3459 2950 3518 fortasse
2997 3463 3076 3519 ita
3125 3483 3521 3529 successorem
3553 3475 3735 3547 dicat,

333 3549 833 3622 quemadmodum
867 3548 1135 3603 morbum
1168 3548 1426 3618 sanitati,
1449 3554 1512 3606 et
1537 3549 1808 3606 tenebras
1837 3550 1974 3618 luci,
2008 3554 2065 3605 et
2094 3553 2500 3620 tempestatem
2534 3549 2966 3622 tranquillitati,
2999 3557 3054 3608 et
3085 3559 3295 3614 mentis
3323 3561 3735 3623 alienationem

332 3638 653 3711 prudentiae
685 3637 994 3693 succedere
1026 3636 1298 3692 dicimus.

405 3744 478 3799 9'.
535 3742 685 3798 Ἐπεὶ
747 3739 806 3796 δὲ
863 3741 1006 3796 οὕτω
1059 3737 1458 3816 προϐάλλεται,
1519 3741 1664 3797 οὕτω
1722 3742 1811 3797 καὶ
1878 3743 1977 3812 τὴν

333 3831 516 3906 ἀρχὴν
565 3833 675 3904 (59)
721 3827 1032 3886 διατίθεται.
1093 3830 1170 3888 Οὐ
1219 3832 1323 3904 γὰρ
1371 3831 1508 3902 ὁμοῦ
1537 3851 1597 3885 τε
1625 3829 1982 3903 καταλαμϐά-

334 3941 410 3974 νει
443 3919 532 3973 τὸν
564 3919 780 3994 θρόνον,
815 3919 995 3994 ὥσπερ
1027 3919 1080 3973 οἱ
1109 3918 1396 3994 τυραννίδα
1425 3921 1565 3990 τινὰ,
1623 3920 1657 3988 ἢ
1711 3919 1982 3993 κληρονο-

343 4009 466 4080 μίαν
521 4009 666 4083 παρά
714 4005 867 4077 δόξαν
1096 4007 1444 4083 ἁρπάσαντες,
1493 4009 1581 4061 καὶ
1632 4003 1836 4083 ὑϐρίζει
1899 4005 1988 4061 διὰ

337 4099 428 4152 τὸν
477 4097 661 4172 κόρον.
715 4100 896 4154 Ταῦτα
941 4098 1042 4172 γὰρ
1089 4101 1194 4150 τῶν
1231 4096 1401 4159 νόθων
1435 4096 1521 4150 καὶ
1554 4097 1985 4172 παρεγγράπτων

338 4185 526 4261 ἱερέων
561 4189 672 4258 (61)
717 4185 848 4253 ἐστὶ,
900 4185 990 4240 καὶ
1037 4189 1134 4240 τοῦ
1184 4184 1595 4261 ἐπαγγέλματος
1639 4185 1863 4257 ἀναξίων
1889 4205 1903 4218 ·
1937 4183 1990 4239 o'l

347 4272 516 4347 μηδὲν
572 4277 642 4347 τῇ
699 4274 962 4348 ἱερωσύνῃ
1009 4273 1532 4350 προεισενεγκόντες,
1587 4271 1727 4346 μηδὲ
1769 4279 1866 4329 τοῦ
1896 4295 1990 4329 κα-

344 4361 448 4418 λοῦ
500 4361 1142 4438 προτα-λαιπωρήσαντες,
1190 4364 1331 4435 ὁμοῦ
1373 4383 1432 4417 τε
1481 4363 1717 4436 μαθηταὶ
1766 4363 1854 4418 καὶ
1910 4361 1993 4417 δι-

348 4449 611 4508 δάσκαλοι
639 4453 736 4520 τῆς
769 4447 1040 4514 εὐσεῦείας
1082 4448 1500 4524 ἀναδείκνυνται,
1547 4453 1638 4506 καὶ
1685 4453 1811 4526 πρὶν
1864 4463 1993 4516 καθ-

347 4542 575 4616 αρθῆναι
630 4539 986 4616 καθαίρουσι·
1042 4542 1171 4615 χθὶς
1243 4540 1541 4615 ἱερόσυλοι,
1608 4539 1698 4594 καὶ
1757 4543 1995 4616 σήμερον

346 4631 552 4704 ἱερεῖς·
593 4629 720 4705 χθὲς
776 4634 884 4686 τῶν
935 4628 1098 4705 ἁγίων
1147 4628 1269 4700 ἔξω,
1322 4629 1412 4683 καὶ
1458 4629 1802 4705 μοστσγωγοὶ
1835 4630 2000 4702 σήμεο

349 4739 444 4793 ρον
471 4737 482 4751 ·
517 4717 740 4774 παλαιοὶ
771 4719 870 4788 τὴν
901 4718 1111 4792 κακίαν,
1141 4717 1230 4774 καὶ
1285 4715 1497 4795 σχέδιοι
1544 4719 1645 4787 τὴν
1703 4714 1997 4774 εὐσέϐειαν

423 4941 535 5016 (ξι)
564 4937 687 4996 Τόν.
722 4940 901 5016 Deest
925 4942 986 4998 in
1014 4942 1280 5016 pluribus
1311 4942 1480 5016 codd.

421 5011 540 5101 (51):)
587 5011 1075 5101 KafszpuypévnfL.
1113 5019 1212 5083 τῆς
1261 5020 1382 5088 γῆς.
1435 5013 1607 5069 Coisl.
1662 5015 1685 5069 1
1740 5017 1798 5068 et
1846 5017 2002 5081 Par.,

351 5082 778 5158 κατεψυγμένην
795 5082 894 5158 τήν
915 5082 1044 5158 γῆν.

430 5103 763 5209 τεψυγέιιενην
795 5105 894 5153 την
923 5106 1044 5158 γην.

430 5157 584 5233 (53).Δ
623 5154 676 5208 αἱ
713 5154 982 5233 Γόμορρα.
1028 5159 1163 5231 Reg.
1197 5162 1389 5230 Cypr.,
1422 5153 1510 5208 καὶ
1548 5155 1616 5207 τὰ
1642 5160 1744 5222 τῆς
1790 5153 2004 5229 Γομόρ-

358 5225 476 5304 ρας-
490 5225 641 5304 πάθω
651 5246 744 5297 μεν
756 5269 768 5282 .

429 5299 540 5369 (54)
592 5296 1100 5355 Κατακλυσθάντων.
1171 5300 1233 5353 In
1303 5296 1680 5369 quibusdam,
1740 5315 2004 5348 κατακαυ-
2056 5323 2064 5330 ·

358 5367 610 5424 σθέντων.

394 5380 715 5514 Θῗὲἓῖἷᾙδη
764 5439 1058 5514 κειμένοις.
1105 5442 1199 5514 Sic
1249 5441 1427 5512 Regg.
1478 5435 1696 5514 plures,
1728 5437 1900 5514 Goisl.
1948 5441 2005 5505 2,

358 5508 647 5585 Passﬁsic
678 5508 863 5569 etiam
885 5515 1090 5585 legunt
1135 5508 1404 5568 Nicetfet
1453 5508 1580 5563 Bill.
1617 5511 1676 5566 In
1729 5511 1818 5566 ed.
1852 5511 2008 5582 Par.,

357 5581 741 5658 ἠδικημένοις,
777 5609 806 5658 ιι
840 5581 1056 5658 injuria
1085 5586 1380 5658 afl‘ectis._»

432 5629 1558 5732 (efﬂasse?sirm:'W-
1590 5675 1617 5702 ε·
1810 5653 2008 5712 min“

362 5727 636 5801 pietatis,
655 5727 831 5801 quam
863 5730 1018 5788 sedis
1047 5729 1207 5787 illius
1238 5727 1543 5785 successor
1567 5745 1616 5779 .››

2165 3744 2256 3799 ΙΧ.
2291 3745 2673 3814 Posteaquam
2716 3750 2909 3800 autem
2954 3749 3022 3802 ad
3057 3749 3214 3806 hunc
3249 3756 3489 3812 modum
3523 3759 3735 3828 praesul

2093 3832 2434 3903 designatus
2464 3839 2572 3896 est,
2607 3833 2675 3886 ad
2726 3833 2881 3887 hunc
2924 3851 3158 3906 quoque
3199 3842 3465 3909 protinus
3497 3847 3738 3906 modum

2093 3919 2404 3991 imperium
2437 3920 2828 3974 administrat.
2867 3921 2991 3976 Non
3026 3925 3179 3979 enim
3227 3929 3402 3985 simul
3450 3938 3623 4004 atque
3667 3937 3738 3992 ad

2094 4009 2373 4062 thronum
2406 4007 2688 4078 pervenit,
2713 4008 2865 4062 velut
2897 4011 2993 4080 qui
3021 4015 3388 4084 tyrannidem
3421 4024 3739 4092 quamdam

2097 4102 2198 4151 aut
2228 4095 2622 4151 haereditatem
2657 4103 2862 4166 praeter
2913 4115 3074 4171 spem
3108 4106 3503 4180 arripuerunt,
3536 4114 3739 4170 statim

2100 4185 2173 4240 ob
2205 4185 2571 4240 saturitatem
2607 4185 2663 4238 in
2699 4185 3075 4257 petulantiam
3111 4196 3414 4266 prorupit;
3448 4199 3555 4255 hoc
3587 4202 3744 4258 enim

2102 4273 2564 4330 adulterinorum
2598 4276 2964 4332 sacerdotum
2998 4286 3106 4346 est,
3140 4287 3193 4336 et
3223 4301 3422 4340 eorum
3453 4289 3552 4358 qui
3581 4290 3746 4346 obre-

2105 4369 2366 4436 pserunt,
2397 4362 2610 4452 quique
2641 4381 2881 4421 munere
2921 4369 3075 4438 quod
3129 4373 3498 4446 profitentur,
3527 4377 3754 4452 indigni

2107 4457 2249 4508 sunt
2282 4469 2293 4507 :
2341 4451 2441 4523 qui
2470 4468 2602 4506 cum
2635 4453 2782 4507 nihil
2816 4456 2982 4525 prius
3012 4458 3080 4511 ad
3116 4462 3508 4519 sacerdotium
3541 4451 3754 4523 attule-

2110 4541 2246 4606 rint,
2289 4540 2482 4595 nullas
2535 4557 2827 4596 aerumnas
2883 4544 3114 4600 virtutis
3168 4565 3346 4606 causa
3389 4555 3752 4624 pertulerint,

2109 4627 2382 4700 discipuli
2405 4627 2577 4682 simul
2604 4630 2988 4702 magistrique
3013 4633 3246 4704 pietatis
3268 4646 3562 4713 creantur,
3586 4643 3758 4700 alios-

2110 4735 2224 4792 que
2254 4722 2387 4773 ante
2419 4721 2690 4788 purgant,
2728 4734 2902 4789 quam
2936 4721 3049 4792 ipsi
3081 4728 3310 4798 purgati
3345 4729 3597 4788 fuerint:
3631 4731 3757 4790 heri

2182 4942 2298 5024 (5?)
2330 4937 2426 4992 Καὶ
2484 4939 2518 5006 ἡ
2576 4937 2670 5024 μὲν
2738 4941 3128 5024 προσηγορίαν,
3189 4953 3496 5024 etc.uReg.
3559 4971 3614 5017 a.
3673 4955 3764 5011 καὶ

2182 4975 2426 5014 ιυιιιυιι
2491 4975 2518 5006 ἰ
2576 4975 2668 5010 «ιε’
2745 4975 3128 5024 συνυυῐυιιιξιν,
3189 4975 3299 5005 eus.
3363 4975 3496 5024 neg.
3559 4975 3614 5017 a.
3673 4975 3764 5011 και

2113 5011 2304 5113 ἰδΑλὶν
2365 5009 2739 5084 προσηγορία,
2800 5013 2833 5078 ἡ
2895 4975 2951 5066 ὑὶ
3010 5015 3241 5085 ἀλήθεια
3298 5019 3516 5099 ἐδείχθη
3584 5025 3764 5082 διαδο-

2326 5150 2751 5233 ἶὶξγιείαςκξξθε,
2785 5153 3136 5233 ὺω,-ὑγείας,

2116 5227 2295 5351 tutela)
2330 5223 2559 5296 Ἀρχήν.
2594 5223 2843 5294 Nicetes,
2886 5223 3053 5298 ἀξίαν,
3088 5255 3114 5280 ‹‹
3150 5234 3234 5291 sic
3279 5255 3520 5296 munem
3566 5241 3757 5313 fungi-

2177 5369 2297 5476 £60)
2331 5363 2478 5440 Παρᾶ
2534 5361 2710 5434 δόξαν.
2771 5367 2909 5441 Reg.
2960 5371 3060 5444 ph,
3112 5377 3265 5445 Bas,,
3315 5379 3473 5447 Tm,
3523 5375 3760 5453 παράδο..

2330 5509 2558 5582 ’ίερέων.
2613 5507 2847 5593 ῌίιὶὶυε,
2883 5536 2910 5561 ‹‹
2947 5514 3284 5593 ξιιφεαιυηι,
3324 5545 3349 5569 υ
3399 5523 3518 5576 Non
3573 5521 3761 5593 male;

2119 5583 2216 5666 hic
2248 5583 2737 5667 nam‘queagi-tur.
2761 5603 2782 5629 ι
2817 5585 2887 5639 de
2918 5588 3263 5667 adulterinis
3290 5583 3762 5667 sacerdotibus,»;

2120 5656 2242 5726 qui,
2269 5653 2431 5710 nulla
2460 5653 2695 5736 virtute,
2727 5653 2841 5711 imo
2865 5673 2998 5714 cum
3027 5662 3230 5719 multis
3251 5665 3430 5736 vitiis,
3457 5688 3484 5715 «
3507 5666 3580 5721 ad
3603 5653 3768 5727 thro-

2119 5743 2262 5786 num
2292 5729 2656 5800 perveniunt.
2685 5745 2716 5776 ι»
