  <div class='ocr_page' id='page_1' title='image "/cluster/home/n/w/nwhite01/storage/ocr_20150623/35/hvd.32044054100326/551.png"; bbox 0 0 4094 6212; ppageno 0'>
   <div class='ocr_carea' id='block_1_1' title="bbox 465 380 615 444">
    <p class='ocr_par' dir='ltr' id='par_1_1' title="bbox 465 380 615 444">
     <span class='ocr_line' id='line_1_1' title="bbox 465 380 615 444; baseline -0.013 0"><span class='ocrx_word' id='word_1_1' title='bbox 465 380 615 444; x_wconf 76' lang='grc'><strong>1091</strong></span> 
     </span>
    </p>
   </div>
   <div class='ocr_carea' id='block_1_2' title="bbox 1701 376 2625 445">
    <p class='ocr_par' dir='ltr' id='par_1_2' title="bbox 1701 376 2625 445">
     <span class='ocr_line' id='line_1_2' title="bbox 1701 376 2625 445; baseline 0.003 -3"><span class='ocrx_word' id='word_1_2' title='bbox 1701 379 1765 442; x_wconf 89' lang='lat' dir='ltr'><strong>S.</strong></span> <span class='ocrx_word' id='word_1_3' title='bbox 1814 380 2184 444; x_wconf 79' lang='lat' dir='ltr'><strong>GREGORII</strong></span> <span class='ocrx_word' id='word_1_4' title='bbox 2227 376 2625 445; x_wconf 80' lang='lat' dir='ltr'><strong>THEOLOGI</strong></span> 
     </span>
    </p>
   </div>
   <div class='ocr_carea' id='block_1_3' title="bbox 3715 387 3875 449">
    <p class='ocr_par' dir='ltr' id='par_1_3' title="bbox 3715 387 3875 449">
     <span class='ocr_line' id='line_1_3' title="bbox 3715 387 3875 449; baseline 0.013 -2"><span class='ocrx_word' id='word_1_5' title='bbox 3715 387 3875 449; x_wconf 74' lang='grc'><strong>1003</strong></span> 
     </span>
    </p>
   </div>
   <div class='ocr_carea' id='block_1_4' title="bbox 461 512 2100 593">
    <p class='ocr_par' dir='ltr' id='par_1_4' title="bbox 461 513 2100 588">
     <span class='ocr_line' id='line_1_4' title="bbox 461 513 2100 588; baseline -0.001 -15"><span class='ocrx_word' id='word_1_6' title='bbox 461 514 751 588; x_wconf 74' lang='lat' dir='ltr'><strong>sacrilegi,</strong></span> <span class='ocrx_word' id='word_1_7' title='bbox 795 513 964 571; x_wconf 84' lang='lat' dir='ltr'><strong>hodie</strong></span> <span class='ocrx_word' id='word_1_8' title='bbox 1006 515 1384 581; x_wconf 75' lang='lat' dir='ltr'><strong>sacerdotes;</strong></span> <span class='ocrx_word' id='word_1_9' title='bbox 1448 515 1594 583; x_wconf 89' lang='lat' dir='ltr'><strong>heri,</strong></span> <span class='ocrx_word' id='word_1_10' title='bbox 1642 516 1887 586; x_wconf 80' lang='lat' dir='ltr'><strong>profani,</strong></span> <span class='ocrx_word' id='word_1_11' title='bbox 1937 515 2100 572; x_wconf 83' lang='lat' dir='ltr'><strong>hodie</strong></span> 
     </span>
    </p>
   </div>
   <div class='ocr_carea' id='block_1_5' title="bbox 2212 512 3874 593">
    <p class='ocr_par' dir='ltr' id='par_1_5' title="bbox 2221 512 3874 593">
     <span class='ocr_line' id='line_1_5' title="bbox 2221 512 3874 593; baseline 0.004 -24"><span class='ocrx_word' id='word_1_12' title='bbox 2221 512 2252 569; x_wconf 77' lang='grc' dir='ltr'><strong><em>ὅ</em></strong></span> <span class='ocrx_word' id='word_1_13' title='bbox 2279 513 2432 590; x_wconf 80' lang='grc' dir='ltr'><strong>ἔργον</strong></span> <span class='ocrx_word' id='word_1_14' title='bbox 2466 516 2693 591; x_wconf 79' lang='grc' dir='ltr'>’χάριτος</span> <span class='ocrx_word' id='word_1_15' title='bbox 2742 515 3112 589; x_wconf 78' lang='grc' dir='ltr'><strong>ἀνθρωπίνης,</strong></span> <span class='ocrx_word' id='word_1_16' title='bbox 3145 515 3206 572; x_wconf 76' lang='grc' dir='ltr'>οὗ</span> <span class='ocrx_word' id='word_1_17' title='bbox 3237 525 3340 586; x_wconf 81' lang='grc' dir='ltr'>τῆς</span> <span class='ocrx_word' id='word_1_18' title='bbox 3387 523 3483 573; x_wconf 88' lang='grc' dir='ltr'><strong>τοῦ</strong></span> <span class='ocrx_word' id='word_1_19' title='bbox 3517 519 3835 593; x_wconf 75' lang='grc' dir='ltr'>Πνεύματος</span> <span class='ocrx_word' id='word_1_20' title='bbox 3858 540 3874 555; x_wconf 77' lang='grc' dir='ltr'><strong>ο</strong></span> 
     </span>
    </p>
   </div>
   <div class='ocr_carea' id='block_1_6' title="bbox 462 604 2112 676">
    <p class='ocr_par' dir='ltr' id='par_1_6' title="bbox 462 604 2112 676">
     <span class='ocr_line' id='line_1_6' title="bbox 462 604 2112 676; baseline -0.001 -15"><span class='ocrx_word' id='word_1_21' title='bbox 462 621 761 661; x_wconf 88' lang='lat' dir='ltr'><strong>sacrorum</strong></span> <span class='ocrx_word' id='word_1_22' title='bbox 821 604 1161 670; x_wconf 78' lang='lat' dir='ltr'><strong>antistites;</strong></span> <span class='ocrx_word' id='word_1_23' title='bbox 1230 608 1448 658; x_wconf 82' lang='lat' dir='ltr'><strong>veteres</strong></span> <span class='ocrx_word' id='word_1_24' title='bbox 1504 604 1682 671; x_wconf 91' lang='lat' dir='ltr'><strong>vitio,</strong></span> <span class='ocrx_word' id='word_1_25' title='bbox 1744 605 1958 676; x_wconf 81' lang='lat' dir='ltr'><strong>pietate</strong></span> <span class='ocrx_word' id='word_1_26' title='bbox 2013 623 2112 660; x_wconf 89' lang='lat' dir='ltr'><strong>ru-</strong></span> 
     </span>
    </p>
   </div>
   <div class='ocr_carea' id='block_1_7' title="bbox 461 694 2111 764">
    <p class='ocr_par' dir='ltr' id='par_1_7' title="bbox 461 694 2111 764">
     <span class='ocr_line' id='line_1_7' title="bbox 461 694 2111 764; baseline 0 -16"><span class='ocrx_word' id='word_1_27' title='bbox 461 695 564 749; x_wconf 73' lang='lat' dir='ltr'><strong>des</strong></span> <span class='ocrx_word' id='word_1_28' title='bbox 606 697 663 748; x_wconf 92' lang='lat' dir='ltr'><strong>et</strong></span> <span class='ocrx_word' id='word_1_29' title='bbox 706 698 1007 760; x_wconf 90' lang='lat' dir='ltr'><strong>recentes;</strong></span> <span class='ocrx_word' id='word_1_30' title='bbox 1060 696 1211 763; x_wconf 78' lang='lat' dir='ltr'><strong>qllml</strong></span> <span class='ocrx_word' id='word_1_31' title='bbox 1262 696 1457 764; x_wconf 64' lang='lat' dir='ltr'><strong>gratias</strong></span> <span class='ocrx_word' id='word_1_32' title='bbox 1501 710 1565 749; x_wconf 90' lang='lat' dir='ltr'><strong>ac</strong></span> <span class='ocrx_word' id='word_1_33' title='bbox 1600 694 1808 748; x_wconf 85' lang='lat' dir='ltr'><strong>favoris</strong></span> <span class='ocrx_word' id='word_1_34' title='bbox 1841 694 2111 764; x_wconf 85' lang='lat' dir='ltr'><strong>humani,</strong></span> 
     </span>
    </p>
   </div>
   <div class='ocr_carea' id='block_1_8' title="bbox 461 782 2112 854">
    <p class='ocr_par' dir='ltr' id='par_1_8' title="bbox 461 782 2112 854">
     <span class='ocr_line' id='line_1_8' title="bbox 461 782 2112 854; baseline 0 -16"><span class='ocrx_word' id='word_1_35' title='bbox 461 799 578 838; x_wconf 85' lang='lat' dir='ltr'><strong>non</strong></span> <span class='ocrx_word' id='word_1_36' title='bbox 609 782 862 854; x_wconf 86' lang='lat' dir='ltr'><strong>Spiritus</strong></span> <span class='ocrx_word' id='word_1_37' title='bbox 909 799 1058 854; x_wconf 90' lang='lat' dir='ltr'><strong>opus</strong></span> <span class='ocrx_word' id='word_1_38' title='bbox 1103 789 1239 848; x_wconf 90' lang='lat' dir='ltr'><strong>est;</strong></span> <span class='ocrx_word' id='word_1_39' title='bbox 1299 784 1396 852; x_wconf 83' lang='lat' dir='ltr'><strong>qui</strong></span> <span class='ocrx_word' id='word_1_40' title='bbox 1459 799 1592 837; x_wconf 91' lang='lat' dir='ltr'><strong>cum</strong></span> <span class='ocrx_word' id='word_1_41' title='bbox 1651 789 1857 838; x_wconf 64' lang='lat' dir='ltr'><strong>caetera</strong></span> <span class='ocrx_word' id='word_1_42' title='bbox 1914 783 2112 839; x_wconf 87' lang='lat' dir='ltr'><strong>omnia</strong></span> 
     </span>
    </p>
   </div>
   <div class='ocr_carea' id='block_1_9' title="bbox 461 869 2111 943">
    <p class='ocr_par' dir='ltr' id='par_1_9' title="bbox 461 869 2111 943">
     <span class='ocr_line' id='line_1_9' title="bbox 461 869 2111 943; baseline 0 -17"><span class='ocrx_word' id='word_1_43' title='bbox 461 869 742 928; x_wconf 85' lang='lat' dir='ltr'><strong>violenter</strong></span> <span class='ocrx_word' id='word_1_44' title='bbox 771 870 1151 942; x_wconf 82' lang='lat' dir='ltr'><strong>pervaserint,</strong></span> <span class='ocrx_word' id='word_1_45' title='bbox 1207 872 1278 925; x_wconf 92' lang='lat' dir='ltr'><strong>ad</strong></span> <span class='ocrx_word' id='word_1_46' title='bbox 1340 875 1663 926; x_wconf 83' lang='lat' dir='ltr'><strong>extremum</strong></span> <span class='ocrx_word' id='word_1_47' title='bbox 1725 872 1914 943; x_wconf 88' lang='lat' dir='ltr'><strong>ipsam</strong></span> <span class='ocrx_word' id='word_1_48' title='bbox 1965 888 2111 940; x_wconf 91' lang='lat' dir='ltr'><strong>quo-</strong></span> 
     </span>
    </p>
   </div>
   <div class='ocr_carea' id='block_1_10' title="bbox 464 960 2111 1033">
    <p class='ocr_par' dir='ltr' id='par_1_10' title="bbox 464 960 2111 1033">
     <span class='ocr_line' id='line_1_10' title="bbox 464 960 2111 1033; baseline 0 -17"><span class='ocrx_word' id='word_1_49' title='bbox 464 977 576 1033; x_wconf 86' lang='lat' dir='ltr'><strong>que</strong></span> <span class='ocrx_word' id='word_1_50' title='bbox 623 962 900 1032; x_wconf 85' lang='lat' dir='ltr'><strong>pietatem</strong></span> <span class='ocrx_word' id='word_1_51' title='bbox 943 960 1252 1032; x_wconf 82' lang='lat' dir='ltr'><strong>tyrannide</strong></span> <span class='ocrx_word' id='word_1_52' title='bbox 1311 964 1630 1030; x_wconf 87' lang='lat' dir='ltr'><strong>premunt:</strong></span> <span class='ocrx_word' id='word_1_53' title='bbox 1689 977 1940 1030; x_wconf 89' lang='lat' dir='ltr'><strong>quorum</strong></span> <span class='ocrx_word' id='word_1_54' title='bbox 1996 977 2111 1016; x_wconf 87' lang='lat' dir='ltr'><strong>non</strong></span> 
     </span>
    </p>
   </div>
   <div class='ocr_carea' id='block_1_11' title="bbox 465 1048 2110 1121">
    <p class='ocr_par' dir='ltr' id='par_1_11' title="bbox 465 1048 2110 1121">
     <span class='ocr_line' id='line_1_11' title="bbox 465 1048 2110 1121; baseline -0.001 -17"><span class='ocrx_word' id='word_1_55' title='bbox 465 1066 658 1106; x_wconf 89' lang='lat' dir='ltr'><strong>mores</strong></span> <span class='ocrx_word' id='word_1_56' title='bbox 688 1049 984 1121; x_wconf 81' lang='lat' dir='ltr'><strong>dignitati,</strong></span> <span class='ocrx_word' id='word_1_57' title='bbox 1019 1050 1118 1104; x_wconf 89' lang='lat' dir='ltr'><strong>sed</strong></span> <span class='ocrx_word' id='word_1_58' title='bbox 1163 1048 1420 1118; x_wconf 85' lang='lat' dir='ltr'><strong>dignitas</strong></span> <span class='ocrx_word' id='word_1_59' title='bbox 1451 1049 1597 1105; x_wconf 75' lang='lat'><strong>39]</strong></span> <span class='ocrx_word' id='word_1_60' title='bbox 1639 1049 1902 1104; x_wconf 88' lang='lat' dir='ltr'><strong>moribus</strong></span> <span class='ocrx_word' id='word_1_61' title='bbox 1934 1050 2110 1104; x_wconf 86' lang='lat' dir='ltr'><strong>ﬁdem</strong></span> 
     </span>
    </p>
   </div>
   <div class='ocr_carea' id='block_1_12' title="bbox 461 1141 2112 1212">
    <p class='ocr_par' dir='ltr' id='par_1_12' title="bbox 461 1141 2112 1212">
     <span class='ocr_line' id='line_1_12' title="bbox 461 1141 2112 1212; baseline -0.001 -15"><span class='ocrx_word' id='word_1_62' title='bbox 461 1143 695 1207; x_wconf 84' lang='lat' dir='ltr'><strong>astruit,</strong></span> <span class='ocrx_word' id='word_1_63' title='bbox 723 1141 926 1197; x_wconf 89' lang='lat' dir='ltr'><strong>ordine</strong></span> <span class='ocrx_word' id='word_1_64' title='bbox 957 1141 1275 1196; x_wconf 89' lang='lat' dir='ltr'><strong>admodum</strong></span> <span class='ocrx_word' id='word_1_65' title='bbox 1312 1145 1699 1212; x_wconf 68' lang='lat' dir='ltr'><strong>praepostero:</strong></span> <span class='ocrx_word' id='word_1_66' title='bbox 1733 1141 1829 1210; x_wconf 92' lang='lat' dir='ltr'><strong>qui</strong></span> <span class='ocrx_word' id='word_1_67' title='bbox 1862 1142 2112 1212; x_wconf 86' lang='lat' dir='ltr'><strong>denique</strong></span> 
     </span>
    </p>
   </div>
   <div class='ocr_carea' id='block_1_13' title="bbox 462 1229 2114 1303">
    <p class='ocr_par' dir='ltr' id='par_1_13' title="bbox 462 1229 2114 1303">
     <span class='ocr_line' id='line_1_13' title="bbox 462 1229 2114 1303; baseline 0 -17"><span class='ocrx_word' id='word_1_68' title='bbox 462 1231 632 1303; x_wconf 88' lang='lat' dir='ltr'><strong>plura</strong></span> <span class='ocrx_word' id='word_1_69' title='bbox 663 1248 764 1302; x_wconf 90' lang='lat' dir='ltr'><strong>pro</strong></span> <span class='ocrx_word' id='word_1_70' title='bbox 799 1230 944 1299; x_wconf 83' lang='lat' dir='ltr'><strong>suis,</strong></span> <span class='ocrx_word' id='word_1_71' title='bbox 977 1247 1152 1301; x_wconf 90' lang='lat' dir='ltr'><strong>quam</strong></span> <span class='ocrx_word' id='word_1_72' title='bbox 1190 1247 1288 1301; x_wconf 90' lang='lat' dir='ltr'><strong>pro</strong></span> <span class='ocrx_word' id='word_1_73' title='bbox 1319 1229 1515 1301; x_wconf 89' lang='lat' dir='ltr'><strong>populi</strong></span> <span class='ocrx_word' id='word_1_74' title='bbox 1549 1230 1901 1302; x_wconf 87' lang='lat' dir='ltr'><strong>ignorantiis</strong></span> <span class='ocrx_word' id='word_1_75' title='bbox 1923 1232 1987 1297; x_wconf 72' lang='lat'><strong>‘5,</strong></span> <span class='ocrx_word' id='word_1_76' title='bbox 2023 1248 2114 1286; x_wconf 89' lang='lat' dir='ltr'><strong>sa-</strong></span> 
     </span>
    </p>
   </div>
   <div class='ocr_carea' id='block_1_14' title="bbox 461 1318 2111 1390">
    <p class='ocr_par' dir='ltr' id='par_1_14' title="bbox 461 1318 2111 1390">
     <span class='ocr_line' id='line_1_14' title="bbox 461 1318 2111 1390; baseline 0 -16"><span class='ocrx_word' id='word_1_77' title='bbox 461 1320 679 1375; x_wconf 83' lang='lat' dir='ltr'><strong>criﬁcia</strong></span> <span class='ocrx_word' id='word_1_78' title='bbox 709 1320 959 1386; x_wconf 91' lang='lat' dir='ltr'><strong>debent;</strong></span> <span class='ocrx_word' id='word_1_79' title='bbox 1006 1336 1072 1374; x_wconf 86' lang='lat' dir='ltr'><strong>ac</strong></span> <span class='ocrx_word' id='word_1_80' title='bbox 1118 1336 1356 1390; x_wconf 85' lang='lat' dir='ltr'><strong>prorsus</strong></span> <span class='ocrx_word' id='word_1_81' title='bbox 1401 1320 1650 1374; x_wconf 89' lang='lat' dir='ltr'><strong>duorum</strong></span> <span class='ocrx_word' id='word_1_82' title='bbox 1690 1318 1939 1374; x_wconf 88' lang='lat' dir='ltr'><strong>alterum</strong></span> <span class='ocrx_word' id='word_1_83' title='bbox 1973 1336 2111 1390; x_wconf 78' lang='lat' dir='ltr'><strong>pec-</strong></span> 
     </span>
    </p>
   </div>
   <div class='ocr_carea' id='block_1_15' title="bbox 463 1407 2106 1480">
    <p class='ocr_par' dir='ltr' id='par_1_15' title="bbox 463 1407 2106 1480">
     <span class='ocr_line' id='line_1_15' title="bbox 463 1407 2106 1480; baseline -0.001 -17"><span class='ocrx_word' id='word_1_84' title='bbox 463 1413 619 1471; x_wconf 87' lang='lat' dir='ltr'><strong>cant,</strong></span> <span class='ocrx_word' id='word_1_85' title='bbox 643 1407 729 1463; x_wconf 89' lang='lat' dir='ltr'><strong>vel</strong></span> <span class='ocrx_word' id='word_1_86' title='bbox 753 1408 892 1478; x_wconf 89' lang='lat' dir='ltr'><strong>quia</strong></span> <span class='ocrx_word' id='word_1_87' title='bbox 920 1409 1086 1462; x_wconf 91' lang='lat' dir='ltr'><strong>venia</strong></span> <span class='ocrx_word' id='word_1_88' title='bbox 1114 1407 1225 1480; x_wconf 86' lang='lat' dir='ltr'><strong>ipsi</strong></span> <span class='ocrx_word' id='word_1_89' title='bbox 1246 1425 1394 1478; x_wconf 91' lang='lat' dir='ltr'><strong>opus</strong></span> <span class='ocrx_word' id='word_1_90' title='bbox 1427 1407 1665 1474; x_wconf 87' lang='lat' dir='ltr'><strong>habent,</strong></span> <span class='ocrx_word' id='word_1_91' title='bbox 1686 1408 1840 1462; x_wconf 89' lang='lat' dir='ltr'><strong>ultra</strong></span> <span class='ocrx_word' id='word_1_92' title='bbox 1869 1409 2106 1462; x_wconf 87' lang='lat' dir='ltr'><strong>modum</strong></span> 
     </span>
    </p>
   </div>
   <div class='ocr_carea' id='block_1_16' title="bbox 462 1497 2107 1568">
    <p class='ocr_par' dir='ltr' id='par_1_16' title="bbox 462 1497 2107 1568">
     <span class='ocr_line' id='line_1_16' title="bbox 462 1497 2107 1568; baseline 0 -16"><span class='ocrx_word' id='word_1_93' title='bbox 462 1497 595 1552; x_wconf 88' lang='lat' dir='ltr'><strong>aliis</strong></span> <span class='ocrx_word' id='word_1_94' title='bbox 628 1498 1015 1568; x_wconf 86' lang='lat' dir='ltr'><strong>ignoscentes,</strong></span> <span class='ocrx_word' id='word_1_95' title='bbox 1049 1503 1114 1552; x_wconf 91' lang='lat' dir='ltr'><strong>ut</strong></span> <span class='ocrx_word' id='word_1_96' title='bbox 1160 1497 1244 1551; x_wconf 89' lang='lat' dir='ltr'><strong>sic</strong></span> <span class='ocrx_word' id='word_1_97' title='bbox 1275 1498 1482 1551; x_wconf 84' lang='lat' dir='ltr'><strong>vitium</strong></span> <span class='ocrx_word' id='word_1_98' title='bbox 1515 1514 1631 1552; x_wconf 92' lang='lat' dir='ltr'><strong>non</strong></span> <span class='ocrx_word' id='word_1_99' title='bbox 1666 1499 1836 1552; x_wconf 91' lang='lat' dir='ltr'><strong>modo</strong></span> <span class='ocrx_word' id='word_1_100' title='bbox 1871 1514 1984 1552; x_wconf 92' lang='lat' dir='ltr'><strong>non</strong></span> <span class='ocrx_word' id='word_1_101' title='bbox 2018 1514 2107 1552; x_wconf 88' lang='lat' dir='ltr'><strong>re-</strong></span> 
     </span>
    </p>
   </div>
   <div class='ocr_carea' id='block_1_17' title="bbox 461 1585 2107 1658">
    <p class='ocr_par' dir='ltr' id='par_1_17' title="bbox 461 1585 2107 1658">
     <span class='ocr_line' id='line_1_17' title="bbox 461 1585 2107 1658; baseline 0.001 -18"><span class='ocrx_word' id='word_1_102' title='bbox 461 1587 772 1658; x_wconf 87' lang='lat' dir='ltr'><strong>primatur,</strong></span> <span class='ocrx_word' id='word_1_103' title='bbox 805 1587 904 1640; x_wconf 90' lang='lat' dir='ltr'><strong>sed</strong></span> <span class='ocrx_word' id='word_1_104' title='bbox 952 1585 1127 1640; x_wconf 89' lang='lat' dir='ltr'><strong>etiam</strong></span> <span class='ocrx_word' id='word_1_105' title='bbox 1183 1586 1480 1650; x_wconf 88' lang='lat' dir='ltr'><strong>doceatur,</strong></span> <span class='ocrx_word' id='word_1_106' title='bbox 1539 1585 1627 1639; x_wconf 90' lang='lat' dir='ltr'><strong>vel</strong></span> <span class='ocrx_word' id='word_1_107' title='bbox 1686 1585 1824 1656; x_wconf 89' lang='lat' dir='ltr'><strong>quia</strong></span> <span class='ocrx_word' id='word_1_108' title='bbox 1881 1586 2107 1656; x_wconf 88' lang='lat' dir='ltr'><strong>imperii</strong></span> 
     </span>
    </p>
   </div>
   <div class='ocr_carea' id='block_1_18' title="bbox 461 1675 2109 1747">
    <p class='ocr_par' dir='ltr' id='par_1_18' title="bbox 461 1675 2109 1747">
     <span class='ocr_line' id='line_1_18' title="bbox 461 1675 2109 1747; baseline -0.001 -18"><span class='ocrx_word' id='word_1_109' title='bbox 461 1675 774 1730; x_wconf 87' lang='lat' dir='ltr'><strong>acerbitate</strong></span> <span class='ocrx_word' id='word_1_110' title='bbox 795 1679 1030 1747; x_wconf 88' lang='lat' dir='ltr'><strong>peccata</strong></span> <span class='ocrx_word' id='word_1_111' title='bbox 1051 1691 1156 1729; x_wconf 89' lang='lat' dir='ltr'><strong>sua</strong></span> <span class='ocrx_word' id='word_1_112' title='bbox 1178 1675 1492 1745; x_wconf 88' lang='lat' dir='ltr'><strong>obtegunt:</strong></span> <span class='ocrx_word' id='word_1_113' title='bbox 1520 1691 1770 1744; x_wconf 82' lang='lat' dir='ltr'><strong>quorum</strong></span> <span class='ocrx_word' id='word_1_114' title='bbox 1796 1679 2109 1744; x_wconf 89' lang='lat' dir='ltr'><strong>utrumque</strong></span> 
     </span>
    </p>
   </div>
   <div class='ocr_carea' id='block_1_19' title="bbox 461 1762 2106 1836">
    <p class='ocr_par' dir='ltr' id='par_1_19' title="bbox 461 1762 2106 1836">
     <span class='ocr_line' id='line_1_19' title="bbox 461 1762 2106 1836; baseline 0 -18"><span class='ocrx_word' id='word_1_115' title='bbox 461 1765 691 1836; x_wconf 76' lang='lat' dir='ltr'><strong>fugiens</strong></span> <span class='ocrx_word' id='word_1_116' title='bbox 751 1763 1123 1830; x_wconf 83' lang='lat' dir='ltr'><strong>Athanasius,</strong></span> <span class='ocrx_word' id='word_1_117' title='bbox 1183 1764 1301 1817; x_wconf 91' lang='lat' dir='ltr'><strong>vita</strong></span> <span class='ocrx_word' id='word_1_118' title='bbox 1357 1762 1594 1834; x_wconf 86' lang='lat' dir='ltr'><strong>quidem</strong></span> <span class='ocrx_word' id='word_1_119' title='bbox 1644 1762 1916 1818; x_wconf 88' lang='lat' dir='ltr'><strong>sublimis</strong></span> <span class='ocrx_word' id='word_1_120' title='bbox 1961 1769 2106 1828; x_wconf 90' lang='lat' dir='ltr'><strong>erat,</strong></span> 
     </span>
    </p>
   </div>
   <div class='ocr_carea' id='block_1_20' title="bbox 458 1852 2109 1923">
    <p class='ocr_par' dir='ltr' id='par_1_20' title="bbox 458 1852 2109 1923">
     <span class='ocr_line' id='line_1_20' title="bbox 458 1852 2109 1923; baseline -0.001 -15"><span class='ocrx_word' id='word_1_121' title='bbox 458 1870 659 1908; x_wconf 89' lang='lat' dir='ltr'><strong>verum</strong></span> <span class='ocrx_word' id='word_1_122' title='bbox 684 1853 878 1908; x_wconf 89' lang='lat' dir='ltr'><strong>animo</strong></span> <span class='ocrx_word' id='word_1_123' title='bbox 909 1852 1152 1907; x_wconf 88' lang='lat' dir='ltr'><strong>humilis</strong></span> <span class='ocrx_word' id='word_1_124' title='bbox 1180 1869 1192 1905; x_wconf 89' lang='lat'>:</span> <span class='ocrx_word' id='word_1_125' title='bbox 1227 1856 1402 1922; x_wconf 88' lang='lat' dir='ltr'><strong>atque</strong></span> <span class='ocrx_word' id='word_1_126' title='bbox 1431 1869 1495 1907; x_wconf 91' lang='lat' dir='ltr'><strong>ea</strong></span> <span class='ocrx_word' id='word_1_127' title='bbox 1518 1853 1754 1923; x_wconf 86' lang='lat' dir='ltr'><strong>quidem</strong></span> <span class='ocrx_word' id='word_1_128' title='bbox 1780 1852 2009 1918; x_wconf 85' lang='lat' dir='ltr'><strong>virtute,</strong></span> <span class='ocrx_word' id='word_1_129' title='bbox 2048 1858 2109 1907; x_wconf 88' lang='lat' dir='ltr'><strong>ut</strong></span> 
     </span>
    </p>
   </div>
   <div class='ocr_carea' id='block_1_21' title="bbox 460 1941 2104 2012">
    <p class='ocr_par' dir='ltr' id='par_1_21' title="bbox 460 1941 2104 2012">
     <span class='ocr_line' id='line_1_21' title="bbox 460 1941 2104 2012; baseline 0 -17"><span class='ocrx_word' id='word_1_130' title='bbox 460 1958 630 1997; x_wconf 88' lang='lat' dir='ltr'><strong>nemo</strong></span> <span class='ocrx_word' id='word_1_131' title='bbox 662 1943 734 1996; x_wconf 89' lang='lat' dir='ltr'><strong>ad</strong></span> <span class='ocrx_word' id='word_1_132' title='bbox 764 1959 889 1997; x_wconf 89' lang='lat' dir='ltr'><strong>eam</strong></span> <span class='ocrx_word' id='word_1_133' title='bbox 925 1945 1185 2012; x_wconf 75' lang='lat' dir='ltr'><strong>aspirare</strong></span> <span class='ocrx_word' id='word_1_134' title='bbox 1217 1946 1432 2012; x_wconf 85' lang='lat' dir='ltr'><strong>posset,</strong></span> <span class='ocrx_word' id='word_1_135' title='bbox 1480 1945 1751 1995; x_wconf 70' lang='lat' dir='ltr'><strong>caeterum</strong></span> <span class='ocrx_word' id='word_1_136' title='bbox 1806 1959 1873 1996; x_wconf 91' lang='lat' dir='ltr'><strong>ea</strong></span> <span class='ocrx_word' id='word_1_137' title='bbox 1921 1941 2104 1996; x_wconf 89' lang='lat' dir='ltr'><strong>comi-</strong></span> 
     </span>
    </p>
   </div>
   <div class='ocr_carea' id='block_1_22' title="bbox 458 2029 2102 2101">
    <p class='ocr_par' dir='ltr' id='par_1_22' title="bbox 458 2029 2102 2101">
     <span class='ocr_line' id='line_1_22' title="bbox 458 2029 2102 2101; baseline -0.001 -15"><span class='ocrx_word' id='word_1_138' title='bbox 458 2035 596 2098; x_wconf 86' lang='lat' dir='ltr'><strong>tate,</strong></span> <span class='ocrx_word' id='word_1_139' title='bbox 617 2035 683 2086; x_wconf 89' lang='lat' dir='ltr'><strong>ut</strong></span> <span class='ocrx_word' id='word_1_140' title='bbox 713 2032 782 2085; x_wconf 89' lang='lat' dir='ltr'><strong>ad</strong></span> <span class='ocrx_word' id='word_1_141' title='bbox 815 2032 942 2100; x_wconf 88' lang='lat' dir='ltr'><strong>ejus</strong></span> <span class='ocrx_word' id='word_1_142' title='bbox 975 2046 1355 2101; x_wconf 87' lang='lat' dir='ltr'><strong>congressum</strong></span> <span class='ocrx_word' id='word_1_143' title='bbox 1389 2029 1574 2084; x_wconf 88' lang='lat' dir='ltr'><strong>facilis</strong></span> <span class='ocrx_word' id='word_1_144' title='bbox 1605 2030 1878 2085; x_wconf 88' lang='lat' dir='ltr'><strong>omnibus</strong></span> <span class='ocrx_word' id='word_1_145' title='bbox 1909 2031 2102 2085; x_wconf 90' lang='lat' dir='ltr'><strong>aditus</strong></span> 
     </span>
    </p>
   </div>
   <div class='ocr_carea' id='block_1_23' title="bbox 458 2117 2103 2192">
    <p class='ocr_par' dir='ltr' id='par_1_23' title="bbox 458 2117 2103 2192">
     <span class='ocr_line' id='line_1_23' title="bbox 458 2117 2103 2192; baseline -0.001 -17"><span class='ocrx_word' id='word_1_146' title='bbox 458 2125 700 2192; x_wconf 90' lang='lat' dir='ltr'><strong>pateret,</strong></span> <span class='ocrx_word' id='word_1_147' title='bbox 720 2119 1168 2186; x_wconf 89' lang='lat' dir='ltr'><strong>mansuetus,ab</strong></span> <span class='ocrx_word' id='word_1_148' title='bbox 1193 2118 1278 2174; x_wconf 88' lang='lat' dir='ltr'><strong>ira</strong></span> <span class='ocrx_word' id='word_1_149' title='bbox 1302 2117 1549 2188; x_wconf 90' lang='lat' dir='ltr'><strong>alienus,</strong></span> <span class='ocrx_word' id='word_1_150' title='bbox 1566 2119 1636 2174; x_wconf 88' lang='lat' dir='ltr'><strong>ad</strong></span> <span class='ocrx_word' id='word_1_151' title='bbox 1666 2118 2103 2174; x_wconf 88' lang='lat' dir='ltr'><strong>miserationem</strong></span> 
     </span>
    </p>
   </div>
   <div class='ocr_carea' id='block_1_24' title="bbox 459 2207 2101 2281">
    <p class='ocr_par' dir='ltr' id='par_1_24' title="bbox 459 2207 2101 2281">
     <span class='ocr_line' id='line_1_24' title="bbox 459 2207 2101 2281; baseline -0.001 -18"><span class='ocrx_word' id='word_1_152' title='bbox 459 2225 806 2281; x_wconf 89' lang='lat' dir='ltr'><strong>propensus,</strong></span> <span class='ocrx_word' id='word_1_153' title='bbox 832 2220 1100 2264; x_wconf 86' lang='lat' dir='ltr'><strong>sermone</strong></span> <span class='ocrx_word' id='word_1_154' title='bbox 1121 2208 1445 2279; x_wconf 89' lang='lat' dir='ltr'><strong>jucundus,</strong></span> <span class='ocrx_word' id='word_1_155' title='bbox 1472 2207 1737 2262; x_wconf 90' lang='lat' dir='ltr'><strong>moribus</strong></span> <span class='ocrx_word' id='word_1_156' title='bbox 1760 2207 2101 2276; x_wconf 86' lang='lat' dir='ltr'><strong>jucundior,</strong></span> 
     </span>
    </p>
   </div>
   <div class='ocr_carea' id='block_1_25' title="bbox 459 2295 2103 2370">
    <p class='ocr_par' dir='ltr' id='par_1_25' title="bbox 459 2295 2103 2370">
     <span class='ocr_line' id='line_1_25' title="bbox 459 2295 2103 2370; baseline -0.002 -17"><span class='ocrx_word' id='word_1_157' title='bbox 459 2299 604 2353; x_wconf 84' lang='lat' dir='ltr'><strong>facie</strong></span> <span class='ocrx_word' id='word_1_158' title='bbox 635 2297 954 2370; x_wconf 88' lang='lat' dir='ltr'><strong>angelicus,</strong></span> <span class='ocrx_word' id='word_1_159' title='bbox 989 2297 1183 2352; x_wconf 83' lang='lat' dir='ltr'><strong>animo</strong></span> <span class='ocrx_word' id='word_1_160' title='bbox 1216 2297 1404 2367; x_wconf 88' lang='lat' dir='ltr'><strong>magis</strong></span> <span class='ocrx_word' id='word_1_161' title='bbox 1437 2295 1774 2366; x_wconf 88' lang='lat' dir='ltr'><strong>angelicus;</strong></span> <span class='ocrx_word' id='word_1_162' title='bbox 1808 2295 1864 2350; x_wconf 92' lang='lat' dir='ltr'><strong>in</strong></span> <span class='ocrx_word' id='word_1_163' title='bbox 1917 2296 2103 2350; x_wconf 89' lang='lat' dir='ltr'><strong>incre-</strong></span> 
     </span>
    </p>
   </div>
   <div class='ocr_carea' id='block_1_26' title="bbox 458 2385 2102 2459">
    <p class='ocr_par' dir='ltr' id='par_1_26' title="bbox 458 2385 2102 2459">
     <span class='ocr_line' id='line_1_26' title="bbox 458 2385 2102 2459; baseline -0.002 -16"><span class='ocrx_word' id='word_1_164' title='bbox 458 2388 650 2459; x_wconf 92' lang='lat' dir='ltr'><strong>pando</strong></span> <span class='ocrx_word' id='word_1_165' title='bbox 674 2386 956 2459; x_wconf 88' lang='lat' dir='ltr'><strong>placidus,</strong></span> <span class='ocrx_word' id='word_1_166' title='bbox 980 2387 1039 2441; x_wconf 93' lang='lat' dir='ltr'><strong>in</strong></span> <span class='ocrx_word' id='word_1_167' title='bbox 1063 2385 1354 2442; x_wconf 87' lang='lat' dir='ltr'><strong>laudando</strong></span> <span class='ocrx_word' id='word_1_168' title='bbox 1375 2385 1680 2440; x_wconf 88' lang='lat' dir='ltr'><strong>erudiendi</strong></span> <span class='ocrx_word' id='word_1_169' title='bbox 1707 2385 1823 2440; x_wconf 90' lang='lat' dir='ltr'><strong>vim</strong></span> <span class='ocrx_word' id='word_1_170' title='bbox 1845 2385 2102 2454; x_wconf 80' lang='lat' dir='ltr'><strong>habens;</strong></span> 
     </span>
    </p>
   </div>
   <div class='ocr_carea' id='block_1_27' title="bbox 459 2473 2106 2546">
    <p class='ocr_par' dir='ltr' id='par_1_27' title="bbox 459 2473 2106 2546">
     <span class='ocr_line' id='line_1_27' title="bbox 459 2473 2106 2546; baseline -0.001 -16"><span class='ocrx_word' id='word_1_171' title='bbox 459 2475 543 2530; x_wconf 89' lang='lat' dir='ltr'><strong>sic</strong></span> <span class='ocrx_word' id='word_1_172' title='bbox 574 2479 891 2546; x_wconf 90' lang='lat' dir='ltr'><strong>utrumque</strong></span> <span class='ocrx_word' id='word_1_173' title='bbox 939 2479 1296 2545; x_wconf 86' lang='lat' dir='ltr'><strong>temperans,</strong></span> <span class='ocrx_word' id='word_1_174' title='bbox 1344 2478 1407 2528; x_wconf 91' lang='lat' dir='ltr'><strong>ut</strong></span> <span class='ocrx_word' id='word_1_175' title='bbox 1453 2479 1726 2527; x_wconf 85' lang='lat' dir='ltr'><strong>neutrum</strong></span> <span class='ocrx_word' id='word_1_176' title='bbox 1760 2473 1970 2526; x_wconf 89' lang='lat' dir='ltr'><strong>horum</strong></span> <span class='ocrx_word' id='word_1_177' title='bbox 2006 2489 2106 2544; x_wconf 90' lang='lat' dir='ltr'><strong>per</strong></span> 
     </span>
    </p>
   </div>
   <div class='ocr_carea' id='block_1_28' title="bbox 457 2561 2104 2632">
    <p class='ocr_par' dir='ltr' id='par_1_28' title="bbox 457 2561 2104 2632">
     <span class='ocr_line' id='line_1_28' title="bbox 457 2561 2104 2632; baseline -0.001 -14"><span class='ocrx_word' id='word_1_178' title='bbox 457 2563 1006 2619; x_wconf 89' lang='lat' dir='ltr'><strong>immoderationem</strong></span> <span class='ocrx_word' id='word_1_179' title='bbox 1040 2563 1430 2630; x_wconf 85' lang='lat' dir='ltr'><strong>labefactaret,</strong></span> <span class='ocrx_word' id='word_1_180' title='bbox 1463 2579 1663 2616; x_wconf 88' lang='lat' dir='ltr'><strong>verum</strong></span> <span class='ocrx_word' id='word_1_181' title='bbox 1695 2566 1752 2616; x_wconf 88' lang='lat' dir='ltr'><strong>et</strong></span> <span class='ocrx_word' id='word_1_182' title='bbox 1790 2561 2104 2632; x_wconf 80' lang='lat' dir='ltr'><strong>increpatio</strong></span> 
     </span>
    </p>
   </div>
   <div class='ocr_carea' id='block_1_29' title="bbox 459 2650 2102 2724">
    <p class='ocr_par' dir='ltr' id='par_1_29' title="bbox 459 2650 2102 2724">
     <span class='ocr_line' id='line_1_29' title="bbox 459 2650 2102 2724; baseline 0 -18"><span class='ocrx_word' id='word_1_183' title='bbox 459 2657 764 2724; x_wconf 89' lang='lat' dir='ltr'><strong>paternam</strong></span> <span class='ocrx_word' id='word_1_184' title='bbox 798 2652 1162 2716; x_wconf 88' lang='lat' dir='ltr'><strong>charitatem,</strong></span> <span class='ocrx_word' id='word_1_185' title='bbox 1195 2657 1250 2705; x_wconf 90' lang='lat' dir='ltr'><strong>et</strong></span> <span class='ocrx_word' id='word_1_186' title='bbox 1298 2651 1554 2707; x_wconf 85' lang='lat' dir='ltr'><strong>laudatio</strong></span> <span class='ocrx_word' id='word_1_187' title='bbox 1590 2650 1830 2721; x_wconf 90' lang='lat' dir='ltr'><strong>imperio</strong></span> <span class='ocrx_word' id='word_1_188' title='bbox 1865 2651 2102 2721; x_wconf 83' lang='lat' dir='ltr'><strong>dignam</strong></span> 
     </span>
    </p>
   </div>
   <div class='ocr_carea' id='block_1_30' title="bbox 457 2738 2103 2813">
    <p class='ocr_par' dir='ltr' id='par_1_30' title="bbox 457 2738 2103 2813">
     <span class='ocr_line' id='line_1_30' title="bbox 457 2738 2103 2813; baseline -0.001 -19"><span class='ocrx_word' id='word_1_189' title='bbox 457 2741 801 2813; x_wconf 87' lang='lat' dir='ltr'><strong>gravitatem</strong></span> <span class='ocrx_word' id='word_1_190' title='bbox 833 2740 1159 2806; x_wconf 86' lang='lat' dir='ltr'><strong>obtineret;</strong></span> <span class='ocrx_word' id='word_1_191' title='bbox 1209 2756 1312 2793; x_wconf 90' lang='lat' dir='ltr'><strong>nec</strong></span> <span class='ocrx_word' id='word_1_192' title='bbox 1358 2745 1456 2794; x_wconf 91' lang='lat' dir='ltr'><strong>aut</strong></span> <span class='ocrx_word' id='word_1_193' title='bbox 1492 2738 1762 2793; x_wconf 90' lang='lat' dir='ltr'><strong>mollities</strong></span> <span class='ocrx_word' id='word_1_194' title='bbox 1794 2739 2103 2804; x_wconf 89' lang='lat' dir='ltr'><strong>dissoluta,</strong></span> 
     </span>
    </p>
   </div>
   <div class='ocr_carea' id='block_1_31' title="bbox 2224 602 3874 680">
    <p class='ocr_par' dir='ltr' id='par_1_31' title="bbox 2224 602 3874 680">
     <span class='ocr_line' id='line_1_31' title="bbox 2224 602 3874 680; baseline 0.002 -22"><span class='ocrx_word' id='word_1_195' title='bbox 2224 603 2296 671; x_wconf 73' lang='grc' dir='ltr'>θ’ί,</span> <span class='ocrx_word' id='word_1_196' title='bbox 2347 604 2470 658; x_wconf 75' lang='grc' dir='ltr'>ὅταν</span> <span class='ocrx_word' id='word_1_197' title='bbox 2540 606 2712 659; x_wconf 77' lang='grc' dir='ltr'>πάντα</span> <span class='ocrx_word' id='word_1_198' title='bbox 2782 602 3092 676; x_wconf 68' lang='grc' dir='ltr'><strong>διεξέλθωσι</strong></span> <span class='ocrx_word' id='word_1_199' title='bbox 3166 607 3501 680; x_wconf 81' lang='grc' dir='ltr'>βιαζόμενοι,</span> <span class='ocrx_word' id='word_1_200' title='bbox 3558 608 3874 664; x_wconf 83' lang='grc' dir='ltr'>τελευταῖον</span> 
     </span>
    </p>
   </div>
   <div class='ocr_carea' id='block_1_32' title="bbox 2221 689 3875 772">
    <p class='ocr_par' dir='ltr' id='par_1_32' title="bbox 2221 689 3875 772">
     <span class='ocr_line' id='line_1_32' title="bbox 2221 689 3875 772; baseline 0.004 -26"><span class='ocrx_word' id='word_1_201' title='bbox 2221 698 2539 768; x_wconf 77' lang='grc' dir='ltr'><strong>τυραννοῦσι</strong></span> <span class='ocrx_word' id='word_1_202' title='bbox 2600 694 2688 748; x_wconf 85' lang='grc' dir='ltr'><strong>καὶ</strong></span> <span class='ocrx_word' id='word_1_203' title='bbox 2741 695 2839 762; x_wconf 78' lang='grc' dir='ltr'>τὴν</span> <span class='ocrx_word' id='word_1_204' title='bbox 2892 689 3160 748; x_wconf 68' lang='grc' dir='ltr'>εὐσέϐειαν</span> <span class='ocrx_word' id='word_1_205' title='bbox 3183 714 3196 725; x_wconf 87' lang='grc'><strong>·</strong></span> <span class='ocrx_word' id='word_1_206' title='bbox 3249 697 3322 748; x_wconf 82' lang='grc' dir='ltr'>ὧν</span> <span class='ocrx_word' id='word_1_207' title='bbox 3353 695 3459 771; x_wconf 79' lang='grc' dir='ltr'>οὐχ</span> <span class='ocrx_word' id='word_1_208' title='bbox 3490 698 3517 752; x_wconf 99' lang='lat'><strong>6</strong></span> <span class='ocrx_word' id='word_1_209' title='bbox 3547 697 3755 772; x_wconf 77' lang='grc' dir='ltr'>τρόπος</span> <span class='ocrx_word' id='word_1_210' title='bbox 3783 701 3875 753; x_wconf 77' lang='grc' dir='ltr'>τὸν</span> 
     </span>
    </p>
   </div>
   <div class='ocr_carea' id='block_1_33' title="bbox 2228 780 3876 862">
    <p class='ocr_par' dir='ltr' id='par_1_33' title="bbox 2228 780 3876 862">
     <span class='ocr_line' id='line_1_33' title="bbox 2228 780 3876 862; baseline 0.002 -26"><span class='ocrx_word' id='word_1_211' title='bbox 2228 783 2451 857; x_wconf 80' lang='grc' dir='ltr'>βαθμὸν,</span> <span class='ocrx_word' id='word_1_212' title='bbox 2511 783 2538 836; x_wconf 89' lang='lat'><strong>6</strong></span> <span class='ocrx_word' id='word_1_213' title='bbox 2591 783 2797 856; x_wconf 80' lang='grc' dir='ltr'>βαθμὸς</span> <span class='ocrx_word' id='word_1_214' title='bbox 2846 780 2904 837; x_wconf 66' lang='grc' dir='ltr'>δὲ</span> <span class='ocrx_word' id='word_1_215' title='bbox 2949 785 3039 837; x_wconf 86' lang='grc' dir='ltr'>τὸν</span> <span class='ocrx_word' id='word_1_216' title='bbox 3089 783 3290 856; x_wconf 80' lang='grc' dir='ltr'>τρόπον</span> <span class='ocrx_word' id='word_1_217' title='bbox 3340 785 3665 854; x_wconf 68' lang='grc' dir='ltr'>πιστεῦεται,</span> <span class='ocrx_word' id='word_1_218' title='bbox 3729 788 3876 862; x_wconf 78' lang='grc' dir='ltr'>παρᾶ</span> 
     </span>
    </p>
   </div>
   <div class='ocr_carea' id='block_1_34' title="bbox 2222 869 3876 950">
    <p class='ocr_par' dir='ltr' id='par_1_34' title="bbox 2222 869 3876 950">
     <span class='ocr_line' id='line_1_34' title="bbox 2222 869 3876 950; baseline 0.003 -25"><span class='ocrx_word' id='word_1_219' title='bbox 2222 869 2365 925; x_wconf 79' lang='grc' dir='ltr'>πολὺ</span> <span class='ocrx_word' id='word_1_220' title='bbox 2421 878 2521 941; x_wconf 84' lang='grc' dir='ltr'><strong>τῆς</strong></span> <span class='ocrx_word' id='word_1_221' title='bbox 2567 872 2769 942; x_wconf 79' lang='grc' dir='ltr'>τάξεως</span> <span class='ocrx_word' id='word_1_222' title='bbox 2824 871 3296 945; x_wconf 73' lang='grc' dir='ltr'><strong>ἐναλλαττομένης</strong></span> <span class='ocrx_word' id='word_1_223' title='bbox 3328 892 3340 906; x_wconf 84' lang='grc'><em>’</em></span> <span class='ocrx_word' id='word_1_224' title='bbox 3390 872 3445 926; x_wconf 67' lang='grc' dir='ltr'>οἳ</span> <span class='ocrx_word' id='word_1_225' title='bbox 3477 873 3704 937; x_wconf 86' lang='grc' dir='ltr'>πλείους</span> <span class='ocrx_word' id='word_1_226' title='bbox 3741 876 3876 950; x_wconf 68' lang='grc' dir='ltr'>ὑπὲρ</span> 
     </span>
    </p>
   </div>
   <div class='ocr_carea' id='block_1_35' title="bbox 2222 958 3877 1035">
    <p class='ocr_par' dir='ltr' id='par_1_35' title="bbox 2222 958 3877 1035">
     <span class='ocr_line' id='line_1_35' title="bbox 2222 958 3877 1035; baseline 0.002 -21"><span class='ocrx_word' id='word_1_227' title='bbox 2222 959 2447 1030; x_wconf 64' lang='grc' dir='ltr'>ἱαυτῶν,</span> <span class='ocrx_word' id='word_1_228' title='bbox 2504 962 2538 1030; x_wconf 80' lang='grc' dir='ltr'><strong>ἢ</strong></span> <span class='ocrx_word' id='word_1_229' title='bbox 2590 965 2697 1015; x_wconf 83' lang='grc' dir='ltr'><strong>τῶν</strong></span> <span class='ocrx_word' id='word_1_230' title='bbox 2752 964 2851 1015; x_wconf 91' lang='grc' dir='ltr'><strong>τοῦ</strong></span> <span class='ocrx_word' id='word_1_231' title='bbox 2909 958 3045 1014; x_wconf 90' lang='grc' dir='ltr'>λαοῦ</span> <span class='ocrx_word' id='word_1_232' title='bbox 3102 960 3479 1035; x_wconf 77' lang='grc' dir='ltr'><strong>ἀγνοημάτων,</strong></span> <span class='ocrx_word' id='word_1_233' title='bbox 3538 963 3632 1024; x_wconf 74' lang='grc' dir='ltr'>τὰς</span> <span class='ocrx_word' id='word_1_234' title='bbox 3683 964 3877 1026; x_wconf 84' lang='grc' dir='ltr'>Θυσίας</span> 
     </span>
    </p>
   </div>
   <div class='ocr_carea' id='block_1_36' title="bbox 2223 1046 3878 1127">
    <p class='ocr_par' dir='ltr' id='par_1_36' title="bbox 2223 1046 3878 1127">
     <span class='ocr_line' id='line_1_36' title="bbox 2223 1046 3878 1127; baseline 0.002 -25"><span class='ocrx_word' id='word_1_235' title='bbox 2223 1048 2540 1126; x_wconf 84' lang='grc' dir='ltr'>ὀφείλουσι’</span> <span class='ocrx_word' id='word_1_236' title='bbox 2591 1070 2679 1104; x_wconf 88' lang='grc' dir='ltr'><strong>και</strong></span> <span class='ocrx_word' id='word_1_237' title='bbox 2723 1048 2938 1110; x_wconf 82' lang='grc' dir='ltr'>πάντως</span> <span class='ocrx_word' id='word_1_238' title='bbox 2991 1053 3100 1103; x_wconf 85' lang='grc' dir='ltr'><strong>τῶν</strong></span> <span class='ocrx_word' id='word_1_239' title='bbox 3153 1046 3262 1104; x_wconf 77' lang='grc' dir='ltr'><strong>δύω</strong></span> <span class='ocrx_word' id='word_1_240' title='bbox 3307 1051 3368 1104; x_wconf 86' lang='grc' dir='ltr'>τὸ</span> <span class='ocrx_word' id='word_1_241' title='bbox 3413 1047 3595 1126; x_wconf 74' lang='grc' dir='ltr'>ἕτερον</span> <span class='ocrx_word' id='word_1_242' title='bbox 3629 1054 3878 1127; x_wconf 82' lang='grc' dir='ltr'>ἀμαρτὰ-</span> 
     </span>
    </p>
   </div>
   <div class='ocr_carea' id='block_1_37' title="bbox 2218 1136 3874 1216">
    <p class='ocr_par' dir='ltr' id='par_1_37' title="bbox 2218 1136 3874 1216">
     <span class='ocr_line' id='line_1_37' title="bbox 2218 1136 3874 1216; baseline 0.002 -24"><span class='ocrx_word' id='word_1_243' title='bbox 2218 1160 2421 1208; x_wconf 88' lang='grc' dir='ltr'>νουσιν,</span> <span class='ocrx_word' id='word_1_244' title='bbox 2470 1139 2504 1207; x_wconf 79' lang='grc' dir='ltr'>ἣ</span> <span class='ocrx_word' id='word_1_245' title='bbox 2546 1141 2625 1210; x_wconf 84' lang='grc' dir='ltr'><strong>τῷ</strong></span> <span class='ocrx_word' id='word_1_246' title='bbox 2674 1136 2874 1193; x_wconf 76' lang='grc' dir='ltr'>δεῖσθαι</span> <span class='ocrx_word' id='word_1_247' title='bbox 2925 1141 3282 1212; x_wconf 83' lang='grc' dir='ltr'><strong>συγγνώμης,</strong></span> <span class='ocrx_word' id='word_1_248' title='bbox 3344 1141 3548 1214; x_wconf 73' lang='grc' dir='ltr'>ἄμετρα</span> <span class='ocrx_word' id='word_1_249' title='bbox 3600 1143 3874 1216; x_wconf 74' lang='grc' dir='ltr'>συγγινώο</span> 
     </span>
    </p>
   </div>
   <div class='ocr_carea' id='block_1_38' title="bbox 2220 1226 3872 1299">
    <p class='ocr_par' dir='ltr' id='par_1_38' title="bbox 2220 1226 3872 1299">
     <span class='ocr_line' id='line_1_38' title="bbox 2220 1226 3872 1299; baseline 0.002 -18"><span class='ocrx_word' id='word_1_250' title='bbox 2220 1247 2454 1299; x_wconf 89' lang='grc' dir='ltr'>σκοντες,</span> <span class='ocrx_word' id='word_1_251' title='bbox 2498 1228 2571 1288; x_wconf 86' lang='grc' dir='ltr'>ὡς</span> <span class='ocrx_word' id='word_1_252' title='bbox 2620 1227 2678 1281; x_wconf 75' lang='grc' dir='ltr'>ἂν</span> <span class='ocrx_word' id='word_1_253' title='bbox 2732 1229 2871 1298; x_wconf 77' lang='grc' dir='ltr'>μήτε</span> <span class='ocrx_word' id='word_1_254' title='bbox 2923 1226 3280 1281; x_wconf 82' lang='grc' dir='ltr'>ἀνακόπτοιτο</span> <span class='ocrx_word' id='word_1_255' title='bbox 3329 1228 3507 1297; x_wconf 81' lang='grc' dir='ltr'><strong>κακία,</strong></span> <span class='ocrx_word' id='word_1_256' title='bbox 3560 1226 3714 1284; x_wconf 68' lang='grc' dir='ltr'>ἀλλὰ</span> <span class='ocrx_word' id='word_1_257' title='bbox 3779 1230 3872 1284; x_wconf 75' lang='grc' dir='ltr'>καί</span> 
     </span>
    </p>
   </div>
   <div class='ocr_carea' id='block_1_39' title="bbox 2219 1312 3869 1391">
    <p class='ocr_par' dir='ltr' id='par_1_39' title="bbox 2219 1312 3869 1391">
     <span class='ocr_line' id='line_1_39' title="bbox 2219 1312 3869 1391; baseline 0.002 -23"><span class='ocrx_word' id='word_1_258' title='bbox 2219 1312 2550 1386; x_wconf 74' lang='grc' dir='ltr'>διδάσκοιτο,</span> <span class='ocrx_word' id='word_1_259' title='bbox 2609 1317 2644 1385; x_wconf 77' lang='grc' dir='ltr'>ἢ</span> <span class='ocrx_word' id='word_1_260' title='bbox 2679 1319 2748 1388; x_wconf 83' lang='grc' dir='ltr'><strong>τῇ</strong></span> <span class='ocrx_word' id='word_1_261' title='bbox 2793 1315 3096 1391; x_wconf 79' lang='grc' dir='ltr'>τραχύτητι</span> <span class='ocrx_word' id='word_1_262' title='bbox 3143 1323 3242 1385; x_wconf 80' lang='grc' dir='ltr'>τῆς</span> <span class='ocrx_word' id='word_1_263' title='bbox 3296 1317 3497 1391; x_wconf 77' lang='grc' dir='ltr'>ἀρχῆς,</span> <span class='ocrx_word' id='word_1_264' title='bbox 3547 1318 3613 1371; x_wconf 72' lang='grc' dir='ltr'><strong>τὰ</strong></span> <span class='ocrx_word' id='word_1_265' title='bbox 3657 1318 3869 1374; x_wconf 75' lang='grc' dir='ltr'>ὶαυτῶν</span> 
     </span>
    </p>
   </div>
   <div class='ocr_carea' id='block_1_40' title="bbox 2216 1402 3872 1480">
    <p class='ocr_par' dir='ltr' id='par_1_40' title="bbox 2216 1402 3872 1480">
     <span class='ocr_line' id='line_1_40' title="bbox 2216 1402 3872 1480; baseline 0.002 -22"><span class='ocrx_word' id='word_1_266' title='bbox 2216 1404 2706 1480; x_wconf 80' lang='grc' dir='ltr'>συγκαλύπτοντες.</span> <span class='ocrx_word' id='word_1_267' title='bbox 2738 1408 2833 1459; x_wconf 77' lang='grc' dir='ltr'>Ὠν</span> <span class='ocrx_word' id='word_1_268' title='bbox 2863 1402 3142 1478; x_wconf 74' lang='grc' dir='ltr'>οὐδέτερον</span> <span class='ocrx_word' id='word_1_269' title='bbox 3176 1404 3379 1466; x_wconf 68' lang='grc' dir='ltr'>ἐκεῖνος</span> <span class='ocrx_word' id='word_1_270' title='bbox 3403 1426 3415 1438; x_wconf 90' lang='grc'><strong>·</strong></span> <span class='ocrx_word' id='word_1_271' title='bbox 3443 1404 3568 1461; x_wconf 84' lang='grc' dir='ltr'>ἀλλ’</span> <span class='ocrx_word' id='word_1_272' title='bbox 3601 1410 3664 1475; x_wconf 73' lang='grc' dir='ltr'>ἦν</span> <span class='ocrx_word' id='word_1_273' title='bbox 3723 1409 3872 1480; x_wconf 72' lang='grc' dir='ltr'>ὑψη-</span> 
     </span>
    </p>
   </div>
   <div class='ocr_carea' id='block_1_41' title="bbox 2219 1490 3872 1572">
    <p class='ocr_par' dir='ltr' id='par_1_41' title="bbox 2219 1490 3872 1572">
     <span class='ocr_line' id='line_1_41' title="bbox 2219 1490 3872 1572; baseline 0.001 -25"><span class='ocrx_word' id='word_1_274' title='bbox 2219 1493 2314 1554; x_wconf 79' lang='grc' dir='ltr'><strong>Λὸς</strong></span> <span class='ocrx_word' id='word_1_275' title='bbox 2348 1494 2438 1566; x_wconf 75' lang='grc' dir='ltr'>μὲν</span> <span class='ocrx_word' id='word_1_276' title='bbox 2462 1499 2577 1556; x_wconf 84' lang='grc' dir='ltr'>τοῖς</span> <span class='ocrx_word' id='word_1_277' title='bbox 2611 1490 2810 1569; x_wconf 59' lang='grc' dir='ltr'>ἔργοις,</span> <span class='ocrx_word' id='word_1_278' title='bbox 2859 1495 3110 1556; x_wconf 88' lang='grc' dir='ltr'>ταπεινὸς</span> <span class='ocrx_word' id='word_1_279' title='bbox 3161 1492 3218 1548; x_wconf 68' lang='grc' dir='ltr'>δὲ</span> <span class='ocrx_word' id='word_1_280' title='bbox 3257 1499 3336 1565; x_wconf 81' lang='grc' dir='ltr'><strong>τῷ</strong></span> <span class='ocrx_word' id='word_1_281' title='bbox 3364 1497 3672 1572; x_wconf 70' lang='grc' dir='ltr'>φρονήματι</span> <span class='ocrx_word' id='word_1_282' title='bbox 3703 1516 3718 1528; x_wconf 78' lang='grc'><em>’</em></span> <span class='ocrx_word' id='word_1_283' title='bbox 3779 1496 3872 1551; x_wconf 74' lang='grc' dir='ltr'><strong>καὶ</strong></span> 
     </span>
    </p>
   </div>
   <div class='ocr_carea' id='block_1_42' title="bbox 2215 1582 3874 1659">
    <p class='ocr_par' dir='ltr' id='par_1_42' title="bbox 2215 1582 3874 1659">
     <span class='ocr_line' id='line_1_42' title="bbox 2215 1582 3874 1659; baseline 0.001 -22"><span class='ocrx_word' id='word_1_284' title='bbox 2215 1590 2314 1657; x_wconf 59' lang='grc' dir='ltr'>ττέιν</span> <span class='ocrx_word' id='word_1_285' title='bbox 2353 1583 2444 1655; x_wconf 82' lang='grc' dir='ltr'><strong>μὶν</strong></span> <span class='ocrx_word' id='word_1_286' title='bbox 2492 1583 2687 1657; x_wconf 73' lang='grc' dir='ltr'>ἀρετὴν</span> <span class='ocrx_word' id='word_1_287' title='bbox 2732 1583 3045 1659; x_wconf 82' lang='grc' dir='ltr'>ἀπρόσιτος,</span> <span class='ocrx_word' id='word_1_288' title='bbox 3093 1585 3192 1652; x_wconf 83' lang='grc' dir='ltr'><strong>τήν</strong></span> <span class='ocrx_word' id='word_1_289' title='bbox 3243 1583 3487 1659; x_wconf 74' lang='grc' dir='ltr'>ἐντυχίαν</span> <span class='ocrx_word' id='word_1_290' title='bbox 3535 1582 3594 1640; x_wconf 74' lang='grc' dir='ltr'>δὶ</span> <span class='ocrx_word' id='word_1_291' title='bbox 3623 1585 3716 1639; x_wconf 77' lang='grc' dir='ltr'><strong>καὶ</strong></span> <span class='ocrx_word' id='word_1_292' title='bbox 3749 1585 3874 1641; x_wconf 79' lang='grc' dir='ltr'>λίαν</span> 
     </span>
    </p>
   </div>
   <div class='ocr_carea' id='block_1_43' title="bbox 2218 1671 3872 1748">
    <p class='ocr_par' dir='ltr' id='par_1_43' title="bbox 2218 1671 3872 1748">
     <span class='ocr_line' id='line_1_43' title="bbox 2218 1671 3872 1748; baseline 0.001 -22"><span class='ocrx_word' id='word_1_293' title='bbox 2218 1671 2557 1746; x_wconf 77' lang='grc' dir='ltr'>εὐπρόσιτος,</span> <span class='ocrx_word' id='word_1_294' title='bbox 2608 1678 2803 1748; x_wconf 81' lang='grc' dir='ltr'>πρᾶος,</span> <span class='ocrx_word' id='word_1_295' title='bbox 2853 1672 3143 1748; x_wconf 79' lang='grc' dir='ltr'>ἀόργητος,</span> <span class='ocrx_word' id='word_1_296' title='bbox 3197 1673 3509 1745; x_wconf 75' lang='grc' dir='ltr'>συμπαθὴς,</span> <span class='ocrx_word' id='word_1_297' title='bbox 3577 1671 3716 1743; x_wconf 63' lang='grc' dir='ltr'>ἡδὺς</span> <span class='ocrx_word' id='word_1_298' title='bbox 3777 1674 3872 1728; x_wconf 74' lang='grc' dir='ltr'><strong>τὸν</strong></span> 
     </span>
    </p>
   </div>
   <div class='ocr_carea' id='block_1_44' title="bbox 2219 1759 3872 1839">
    <p class='ocr_par' dir='ltr' id='par_1_44' title="bbox 2219 1759 3872 1839">
     <span class='ocr_line' id='line_1_44' title="bbox 2219 1759 3872 1839; baseline 0.002 -25"><span class='ocrx_word' id='word_1_299' title='bbox 2219 1759 2403 1837; x_wconf 87' lang='grc' dir='ltr'>λόγον,</span> <span class='ocrx_word' id='word_1_300' title='bbox 2453 1759 2623 1830; x_wconf 81' lang='grc' dir='ltr'>ἡδίων</span> <span class='ocrx_word' id='word_1_301' title='bbox 2668 1762 2760 1816; x_wconf 90' lang='grc' dir='ltr'><strong>τὸν</strong></span> <span class='ocrx_word' id='word_1_302' title='bbox 2806 1761 3030 1837; x_wconf 78' lang='grc' dir='ltr'>τρόπον,</span> <span class='ocrx_word' id='word_1_303' title='bbox 3078 1759 3365 1837; x_wconf 86' lang='grc' dir='ltr'>ἀγγελικὸς</span> <span class='ocrx_word' id='word_1_304' title='bbox 3397 1763 3458 1816; x_wconf 85' lang='grc' dir='ltr'>τὸ</span> <span class='ocrx_word' id='word_1_305' title='bbox 3489 1760 3654 1834; x_wconf 84' lang='grc' dir='ltr'>εἶδος,</span> <span class='ocrx_word' id='word_1_306' title='bbox 3711 1763 3872 1839; x_wconf 84' lang='grc' dir='ltr'>ἀγγε-</span> 
     </span>
    </p>
   </div>
   <div class='ocr_carea' id='block_1_45' title="bbox 2216 1847 3875 1925">
    <p class='ocr_par' dir='ltr' id='par_1_45' title="bbox 2216 1847 3875 1925">
     <span class='ocr_line' id='line_1_45' title="bbox 2216 1847 3875 1925; baseline 0.002 -22"><span class='ocrx_word' id='word_1_307' title='bbox 2216 1847 2512 1921; x_wconf 84' lang='grc' dir='ltr'>λικώτερος</span> <span class='ocrx_word' id='word_1_308' title='bbox 2554 1851 2653 1917; x_wconf 75' lang='grc' dir='ltr'><strong>τήν</strong></span> <span class='ocrx_word' id='word_1_309' title='bbox 2698 1847 2956 1921; x_wconf 81' lang='grc' dir='ltr'>διάνοιαν,</span> <span class='ocrx_word' id='word_1_310' title='bbox 3007 1848 3322 1920; x_wconf 71' lang='grc' dir='ltr'>ἐπιτιμῆσαι</span> <span class='ocrx_word' id='word_1_311' title='bbox 3354 1852 3617 1925; x_wconf 73' lang='grc' dir='ltr'>γαληνὸς,</span> <span class='ocrx_word' id='word_1_312' title='bbox 3653 1850 3875 1906; x_wconf 70' lang='grc' dir='ltr'>ἆπαινὲο</span> 
     </span>
    </p>
   </div>
   <div class='ocr_carea' id='block_1_46' title="bbox 2213 1934 3871 2014">
    <p class='ocr_par' dir='ltr' id='par_1_46' title="bbox 2213 1934 3871 2014">
     <span class='ocr_line' id='line_1_46' title="bbox 2213 1934 3871 2014; baseline 0.002 -24"><span class='ocrx_word' id='word_1_313' title='bbox 2213 1958 2297 1991; x_wconf 87' lang='grc' dir='ltr'><strong>σαι</strong></span> <span class='ocrx_word' id='word_1_314' title='bbox 2348 1934 2692 1999; x_wconf 85' lang='grc' dir='ltr'>παιδευτικός</span> <span class='ocrx_word' id='word_1_315' title='bbox 2743 1941 2889 2011; x_wconf 79' lang='grc'>(62)·</span> <span class='ocrx_word' id='word_1_316' title='bbox 2943 1938 3030 1991; x_wconf 85' lang='grc' dir='ltr'><strong>καὶ</strong></span> <span class='ocrx_word' id='word_1_317' title='bbox 3083 1935 3380 2014; x_wconf 77' lang='grc' dir='ltr'>μηδέτερον</span> <span class='ocrx_word' id='word_1_318' title='bbox 3433 1943 3539 1992; x_wconf 79' lang='grc' dir='ltr'>τῶν</span> <span class='ocrx_word' id='word_1_319' title='bbox 3580 1938 3768 1993; x_wconf 78' lang='grc' dir='ltr'>καλῶν</span> <span class='ocrx_word' id='word_1_320' title='bbox 3798 1939 3871 2014; x_wconf 72' lang='grc' dir='ltr'><strong>τῇ</strong></span> 
     </span>
    </p>
   </div>
   <div class='ocr_carea' id='block_1_47' title="bbox 2215 2024 3870 2102">
    <p class='ocr_par' dir='ltr' id='par_1_47' title="bbox 2215 2024 3870 2102">
     <span class='ocr_line' id='line_1_47' title="bbox 2215 2024 3870 2102; baseline 0.001 -23"><span class='ocrx_word' id='word_1_321' title='bbox 2215 2025 2445 2100; x_wconf 79' lang='grc' dir='ltr'>ἀμετρίᾳ</span> <span class='ocrx_word' id='word_1_322' title='bbox 2475 2025 2840 2099; x_wconf 80' lang='grc' dir='ltr'>λυμήνασθαι,</span> <span class='ocrx_word' id='word_1_323' title='bbox 2872 2024 3018 2082; x_wconf 81' lang='grc' dir='ltr'>ἀλλὰ</span> <span class='ocrx_word' id='word_1_324' title='bbox 3050 2029 3269 2094; x_wconf 75' lang='grc' dir='ltr'>ποιῆσαι</span> <span class='ocrx_word' id='word_1_325' title='bbox 3317 2027 3407 2081; x_wconf 85' lang='grc' dir='ltr'><strong>καὶ</strong></span> <span class='ocrx_word' id='word_1_326' title='bbox 3452 2028 3551 2095; x_wconf 74' lang='grc' dir='ltr'>τὴν</span> <span class='ocrx_word' id='word_1_327' title='bbox 3604 2027 3870 2102; x_wconf 66' lang='grc' dir='ltr'>ἔπι-τίμη-</span> 
     </span>
    </p>
   </div>
   <div class='ocr_carea' id='block_1_48' title="bbox 2214 2111 3870 2190">
    <p class='ocr_par' dir='ltr' id='par_1_48' title="bbox 2214 2111 3870 2190">
     <span class='ocr_line' id='line_1_48' title="bbox 2214 2111 3870 2190; baseline 0.002 -23"><span class='ocrx_word' id='word_1_328' title='bbox 2214 2135 2294 2167; x_wconf 87' lang='grc' dir='ltr'><strong>σιν</strong></span> <span class='ocrx_word' id='word_1_329' title='bbox 2340 2116 2626 2187; x_wconf 78' lang='grc' dir='ltr'>πατρικήν,</span> <span class='ocrx_word' id='word_1_330' title='bbox 2687 2114 2775 2168; x_wconf 87' lang='grc' dir='ltr'><strong>καὶ</strong></span> <span class='ocrx_word' id='word_1_331' title='bbox 2831 2116 2923 2169; x_wconf 86' lang='grc' dir='ltr'>τὸν</span> <span class='ocrx_word' id='word_1_332' title='bbox 2976 2111 3192 2169; x_wconf 80' lang='grc' dir='ltr'>ἔπαινον</span> <span class='ocrx_word' id='word_1_333' title='bbox 3260 2114 3489 2190; x_wconf 84' lang='grc' dir='ltr'>ἀρχικόν</span> <span class='ocrx_word' id='word_1_334' title='bbox 3525 2133 3535 2148; x_wconf 81' lang='lat'>&#39;</span> <span class='ocrx_word' id='word_1_335' title='bbox 3603 2118 3746 2188; x_wconf 71' lang='grc' dir='ltr'>μήτε</span> <span class='ocrx_word' id='word_1_336' title='bbox 3806 2118 3870 2170; x_wconf 84' lang='grc' dir='ltr'>τὸ</span> 
     </span>
    </p>
   </div>
   <div class='ocr_carea' id='block_1_49' title="bbox 2213 2198 3868 2278">
    <p class='ocr_par' dir='ltr' id='par_1_49' title="bbox 2213 2198 3868 2278">
     <span class='ocr_line' id='line_1_49' title="bbox 2213 2198 3868 2278; baseline 0.002 -22"><span class='ocrx_word' id='word_1_337' title='bbox 2213 2200 2422 2257; x_wconf 83' lang='grc' dir='ltr'>ἁπαλὸν</span> <span class='ocrx_word' id='word_1_338' title='bbox 2475 2198 2723 2270; x_wconf 75' lang='grc' dir='ltr'>ἔκλυτον,</span> <span class='ocrx_word' id='word_1_339' title='bbox 2775 2205 2914 2274; x_wconf 78' lang='grc' dir='ltr'>μήτε</span> <span class='ocrx_word' id='word_1_340' title='bbox 2946 2203 3140 2278; x_wconf 77' lang='grc' dir='ltr'>στυφὸν</span> <span class='ocrx_word' id='word_1_341' title='bbox 3173 2203 3233 2257; x_wconf 79' lang='grc' dir='ltr'><strong>τὸ</strong></span> <span class='ocrx_word' id='word_1_342' title='bbox 3261 2202 3528 2277; x_wconf 81' lang='grc' dir='ltr'>αὐστηρόν</span> <span class='ocrx_word' id='word_1_343' title='bbox 3557 2223 3569 2234; x_wconf 89' lang='grc'><strong>·</strong></span> <span class='ocrx_word' id='word_1_344' title='bbox 3622 2204 3774 2259; x_wconf 70' lang='grc' dir='ltr'>ἀλλὰ</span> <span class='ocrx_word' id='word_1_345' title='bbox 3804 2207 3868 2260; x_wconf 83' lang='grc' dir='ltr'>τὸ</span> 
     </span>
    </p>
   </div>
   <div class='ocr_carea' id='block_1_50' title="bbox 2217 2291 3868 2372">
    <p class='ocr_par' dir='ltr' id='par_1_50' title="bbox 2217 2291 3868 2372">
     <span class='ocr_line' id='line_1_50' title="bbox 2217 2291 3868 2372; baseline 0.003 -26"><span class='ocrx_word' id='word_1_346' title='bbox 2217 2313 2311 2365; x_wconf 85' lang='grc' dir='ltr'><strong>μεν</strong></span> <span class='ocrx_word' id='word_1_347' title='bbox 2375 2292 2680 2360; x_wconf 76' lang='grc' dir='ltr'>ἐπιείκειαν,</span> <span class='ocrx_word' id='word_1_348' title='bbox 2724 2295 2786 2348; x_wconf 88' lang='grc' dir='ltr'>τὸ</span> <span class='ocrx_word' id='word_1_349' title='bbox 2835 2291 2893 2348; x_wconf 71' lang='grc' dir='ltr'>δὲ</span> <span class='ocrx_word' id='word_1_350' title='bbox 2940 2294 3220 2371; x_wconf 73' lang='grc' dir='ltr'>φρόνησιν,</span> <span class='ocrx_word' id='word_1_351' title='bbox 3261 2294 3351 2348; x_wconf 83' lang='grc' dir='ltr'><strong>καὶ</strong></span> <span class='ocrx_word' id='word_1_352' title='bbox 3400 2293 3726 2372; x_wconf 66' lang='grc' dir='ltr'>φιλοσοιρίαν</span> 
     </span>
    </p>
   </div>
   <div class='ocr_carea' id='block_1_51' title="bbox 2215 2380 3867 2460">
    <p class='ocr_par' dir='ltr' id='par_1_51' title="bbox 2215 2380 3867 2460">
     <span class='ocr_line' id='line_1_51' title="bbox 2215 2380 3867 2460; baseline 0.002 -25"><span class='ocrx_word' id='word_1_353' title='bbox 2215 2381 2529 2460; x_wconf 73' lang='grc' dir='ltr'>ἀμφότεραε</span> <span class='ocrx_word' id='word_1_354' title='bbox 2563 2381 2823 2457; x_wconf 75' lang='grc' dir='ltr'>ἰλάχιστα</span> <span class='ocrx_word' id='word_1_355' title='bbox 2856 2383 2949 2455; x_wconf 78' lang='grc' dir='ltr'><strong>μὶν</strong></span> <span class='ocrx_word' id='word_1_356' title='bbox 2983 2382 3154 2456; x_wconf 87' lang='grc' dir='ltr'>λόγου</span> <span class='ocrx_word' id='word_1_357' title='bbox 3187 2380 3275 2438; x_wconf 78' lang='grc' dir='ltr'><strong>διὰ</strong></span> <span class='ocrx_word' id='word_1_358' title='bbox 3303 2385 3393 2438; x_wconf 87' lang='grc' dir='ltr'><strong>τὸν</strong></span> <span class='ocrx_word' id='word_1_359' title='bbox 3435 2384 3636 2459; x_wconf 86' lang='grc' dir='ltr'>τρόπον</span> <span class='ocrx_word' id='word_1_360' title='bbox 3668 2381 3867 2457; x_wconf 81' lang='grc' dir='ltr'>δεόμε-</span> 
     </span>
    </p>
   </div>
   <div class='ocr_carea' id='block_1_52' title="bbox 2211 2468 3866 2549">
    <p class='ocr_par' dir='ltr' id='par_1_52' title="bbox 2211 2468 3866 2549">
     <span class='ocr_line' id='line_1_52' title="bbox 2211 2468 3866 2549; baseline 0.002 -25"><span class='ocrx_word' id='word_1_361' title='bbox 2211 2491 2306 2532; x_wconf 89' lang='grc' dir='ltr'><strong>νος</strong></span> <span class='ocrx_word' id='word_1_362' title='bbox 2354 2471 2618 2546; x_wconf 89' lang='grc' dir='ltr'>ἀρκοῦντα</span> <span class='ocrx_word' id='word_1_363' title='bbox 2659 2471 2792 2546; x_wconf 82' lang='grc' dir='ltr'>πρὸς</span> <span class='ocrx_word' id='word_1_364' title='bbox 2826 2469 3197 2546; x_wconf 84' lang='grc' dir='ltr'>παιδαγωγίαν</span> <span class='ocrx_word' id='word_1_365' title='bbox 3222 2490 3234 2504; x_wconf 82' lang='grc'><strong><em>⁸</em></strong></span> <span class='ocrx_word' id='word_1_366' title='bbox 3269 2470 3534 2548; x_wconf 75' lang='grc' dir='ltr'>ἐλάχιστα</span> <span class='ocrx_word' id='word_1_367' title='bbox 3565 2473 3624 2527; x_wconf 70' lang='grc' dir='ltr'>δὲ</span> <span class='ocrx_word' id='word_1_368' title='bbox 3658 2468 3866 2549; x_wconf 66' lang='grc' dir='ltr'>ῥάϐδου</span> 
     </span>
    </p>
   </div>
   <div class='ocr_carea' id='block_1_53' title="bbox 2215 2555 3867 2636">
    <p class='ocr_par' dir='ltr' id='par_1_53' title="bbox 2215 2555 3867 2636">
     <span class='ocr_line' id='line_1_53' title="bbox 2215 2555 3867 2636; baseline 0.001 -23"><span class='ocrx_word' id='word_1_369' title='bbox 2215 2556 2300 2613; x_wconf 82' lang='grc' dir='ltr'>διὰ</span> <span class='ocrx_word' id='word_1_370' title='bbox 2328 2559 2418 2613; x_wconf 83' lang='grc' dir='ltr'>τὸν</span> <span class='ocrx_word' id='word_1_371' title='bbox 2452 2558 2615 2632; x_wconf 86' lang='grc' dir='ltr'>λόγον</span> <span class='ocrx_word' id='word_1_372' title='bbox 2645 2580 2655 2591; x_wconf 94' lang='grc'><strong>·</strong></span> <span class='ocrx_word' id='word_1_373' title='bbox 2691 2555 2768 2613; x_wconf 79' lang='grc' dir='ltr'>ἔτι</span> <span class='ocrx_word' id='word_1_374' title='bbox 2800 2557 2857 2613; x_wconf 72' lang='grc' dir='ltr'>δὲ</span> <span class='ocrx_word' id='word_1_375' title='bbox 2889 2559 3096 2615; x_wconf 78' lang='grc' dir='ltr'>ἐλάττω</span> <span class='ocrx_word' id='word_1_376' title='bbox 3139 2563 3337 2634; x_wconf 74' lang='grc' dir='ltr'>τομῆς,</span> <span class='ocrx_word' id='word_1_377' title='bbox 3368 2559 3457 2615; x_wconf 76' lang='grc' dir='ltr'>διὰ</span> <span class='ocrx_word' id='word_1_378' title='bbox 3506 2563 3606 2630; x_wconf 77' lang='grc' dir='ltr'><strong>τήν</strong></span> <span class='ocrx_word' id='word_1_379' title='bbox 3663 2556 3867 2636; x_wconf 71' lang='grc' dir='ltr'>ῥάϐδον</span> 
     </span>
    </p>
   </div>
   <div class='ocr_carea' id='block_1_54' title="bbox 2216 2646 2844 2721">
    <p class='ocr_par' dir='ltr' id='par_1_54' title="bbox 2216 2646 2844 2721">
     <span class='ocr_line' id='line_1_54' title="bbox 2216 2646 2844 2721; baseline 0.002 -19"><span class='ocrx_word' id='word_1_380' title='bbox 2216 2647 2447 2721; x_wconf 75' lang='grc' dir='ltr'>μετρίως</span> <span class='ocrx_word' id='word_1_381' title='bbox 2478 2646 2844 2717; x_wconf 71' lang='grc' dir='ltr'>πλήττουσαν.</span> 
     </span>
    </p>
   </div>
   <div class='ocr_carea' id='block_1_55' title="bbox 457 2827 3867 2901">
    <p class='ocr_par' dir='ltr' id='par_1_55' title="bbox 457 2827 3867 2901">
     <span class='ocr_line' id='line_1_55' title="bbox 457 2827 3867 2901; baseline 0 -16"><span class='ocrx_word' id='word_1_382' title='bbox 457 2834 560 2886; x_wconf 88' lang='lat' dir='ltr'><strong>aut</strong></span> <span class='ocrx_word' id='word_1_383' title='bbox 586 2829 863 2884; x_wconf 89' lang='lat' dir='ltr'><strong>severitas</strong></span> <span class='ocrx_word' id='word_1_384' title='bbox 907 2829 1096 2900; x_wconf 89' lang='lat' dir='ltr'><strong>rigida</strong></span> <span class='ocrx_word' id='word_1_385' title='bbox 1144 2834 1198 2882; x_wconf 77' lang='lat' dir='ltr'><strong>et</strong></span> <span class='ocrx_word' id='word_1_386' title='bbox 1246 2830 1448 2884; x_wconf 91' lang='lat' dir='ltr'><strong>tetrica</strong></span> <span class='ocrx_word' id='word_1_387' title='bbox 1479 2833 1660 2894; x_wconf 89' lang='lat' dir='ltr'><strong>esset;</strong></span> <span class='ocrx_word' id='word_1_388' title='bbox 1694 2827 1835 2899; x_wconf 92' lang='lat' dir='ltr'><strong>quin</strong></span> <span class='ocrx_word' id='word_1_389' title='bbox 1869 2828 2064 2899; x_wconf 90' lang='lat' dir='ltr'><strong>potius</strong></span> <span class='ocrx_word' id='word_1_390' title='bbox 2096 2827 2194 2882; x_wconf 91' lang='lat' dir='ltr'><strong>illa</strong></span> <span class='ocrx_word' id='word_1_391' title='bbox 2225 2828 2520 2883; x_wconf 84' lang='lat' dir='ltr'><strong>facilitatis</strong></span> <span class='ocrx_word' id='word_1_392' title='bbox 2568 2833 2624 2882; x_wconf 90' lang='lat' dir='ltr'><strong>et</strong></span> <span class='ocrx_word' id='word_1_393' title='bbox 2671 2827 3069 2899; x_wconf 86' lang='lat' dir='ltr'><strong>benignitatis,</strong></span> <span class='ocrx_word' id='word_1_394' title='bbox 3105 2829 3226 2884; x_wconf 69' lang='lat' dir='ltr'><strong>haec</strong></span> <span class='ocrx_word' id='word_1_395' title='bbox 3275 2830 3597 2901; x_wconf 70' lang='lat' dir='ltr'><strong>prudentia</strong></span> <span class='ocrx_word' id='word_1_396' title='bbox 3653 2848 3867 2886; x_wconf 88' lang='lat' dir='ltr'><strong>nomen</strong></span> 
     </span>
    </p>
   </div>
   <div class='ocr_carea' id='block_1_56' title="bbox 457 2917 3867 2991">
    <p class='ocr_par' dir='ltr' id='par_1_56' title="bbox 457 2917 3867 2991">
     <span class='ocr_line' id='line_1_56' title="bbox 457 2917 3867 2991; baseline 0 -18"><span class='ocrx_word' id='word_1_397' title='bbox 457 2919 718 2986; x_wconf 88' lang='lat' dir='ltr'><strong>haberet,</strong></span> <span class='ocrx_word' id='word_1_398' title='bbox 743 2924 989 2989; x_wconf 88' lang='lat' dir='ltr'><strong>utraque</strong></span> <span class='ocrx_word' id='word_1_399' title='bbox 1021 2934 1152 2973; x_wconf 83' lang='lat' dir='ltr'><strong>vero</strong></span> <span class='ocrx_word' id='word_1_400' title='bbox 1184 2919 1480 2989; x_wconf 66' lang='lat' dir='ltr'><strong>sapientiae</strong></span> <span class='ocrx_word' id='word_1_401' title='bbox 1511 2917 1741 2972; x_wconf 91' lang='lat' dir='ltr'><strong>laudem</strong></span> <span class='ocrx_word' id='word_1_402' title='bbox 1776 2922 2260 2988; x_wconf 88' lang='lat' dir='ltr'><strong>consequeretur;</strong></span> <span class='ocrx_word' id='word_1_403' title='bbox 2297 2917 2378 2972; x_wconf 91' lang='lat' dir='ltr'><strong>ita</strong></span> <span class='ocrx_word' id='word_1_404' title='bbox 2407 2918 2657 2987; x_wconf 91' lang='lat' dir='ltr'><strong>denique</strong></span> <span class='ocrx_word' id='word_1_405' title='bbox 2688 2932 2751 2972; x_wconf 88' lang='lat' dir='ltr'><strong>se</strong></span> <span class='ocrx_word' id='word_1_406' title='bbox 2781 2933 3148 2988; x_wconf 88' lang='lat' dir='ltr'><strong>comparans,</strong></span> <span class='ocrx_word' id='word_1_407' title='bbox 3176 2924 3242 2972; x_wconf 92' lang='lat' dir='ltr'><strong>ut</strong></span> <span class='ocrx_word' id='word_1_408' title='bbox 3273 2936 3377 2974; x_wconf 89' lang='lat' dir='ltr'><strong>nec</strong></span> <span class='ocrx_word' id='word_1_409' title='bbox 3407 2936 3701 2983; x_wconf 88' lang='lat' dir='ltr'><strong>sermone,</strong></span> <span class='ocrx_word' id='word_1_410' title='bbox 3734 2937 3867 2991; x_wconf 87' lang='lat' dir='ltr'><strong>pro-</strong></span> 
     </span>
    </p>
   </div>
   <div class='ocr_carea' id='block_1_57' title="bbox 456 3005 3865 3080">
    <p class='ocr_par' dir='ltr' id='par_1_57' title="bbox 456 3005 3865 3080">
     <span class='ocr_line' id='line_1_57' title="bbox 456 3005 3865 3080; baseline 0.001 -18"><span class='ocrx_word' id='word_1_411' title='bbox 456 3013 584 3080; x_wconf 85' lang='lat' dir='ltr'><strong>pter</strong></span> <span class='ocrx_word' id='word_1_412' title='bbox 615 3025 806 3064; x_wconf 90' lang='lat' dir='ltr'><strong>mores</strong></span> <span class='ocrx_word' id='word_1_413' title='bbox 835 3010 1067 3064; x_wconf 90' lang='lat' dir='ltr'><strong>abunde</strong></span> <span class='ocrx_word' id='word_1_414' title='bbox 1097 3008 1165 3062; x_wconf 91' lang='lat' dir='ltr'><strong>ad</strong></span> <span class='ocrx_word' id='word_1_415' title='bbox 1203 3008 1630 3062; x_wconf 89' lang='lat' dir='ltr'><strong>institutionem</strong></span> <span class='ocrx_word' id='word_1_416' title='bbox 1662 3007 2044 3076; x_wconf 81' lang='lat' dir='ltr'><strong>sufficientes,</strong></span> <span class='ocrx_word' id='word_1_417' title='bbox 2079 3023 2427 3078; x_wconf 88' lang='lat' dir='ltr'><strong>magnopere</strong></span> <span class='ocrx_word' id='word_1_418' title='bbox 2471 3023 2619 3077; x_wconf 92' lang='lat' dir='ltr'><strong>opus</strong></span> <span class='ocrx_word' id='word_1_419' title='bbox 2657 3005 2930 3073; x_wconf 87' lang='lat' dir='ltr'><strong>haberet;</strong></span> <span class='ocrx_word' id='word_1_420' title='bbox 2966 3023 3070 3061; x_wconf 86' lang='lat' dir='ltr'><strong>nec</strong></span> <span class='ocrx_word' id='word_1_421' title='bbox 3101 3023 3327 3076; x_wconf 86' lang='lat' dir='ltr'><strong>rursus,</strong></span> <span class='ocrx_word' id='word_1_422' title='bbox 3362 3015 3598 3079; x_wconf 85' lang='lat' dir='ltr'><strong>prOpter</strong></span> <span class='ocrx_word' id='word_1_423' title='bbox 3628 3014 3746 3066; x_wconf 84' lang='lat' dir='ltr'><strong>vim</strong></span> <span class='ocrx_word' id='word_1_424' title='bbox 3785 3012 3865 3065; x_wconf 82' lang='lat' dir='ltr'><strong>fa-</strong></span> 
     </span>
    </p>
   </div>
   <div class='ocr_carea' id='block_1_58' title="bbox 453 3087 3864 3169">
    <p class='ocr_par' dir='ltr' id='par_1_58' title="bbox 453 3087 3864 3169">
     <span class='ocr_line' id='line_1_58' title="bbox 453 3087 3864 3169; baseline 0 -16"><span class='ocrx_word' id='word_1_425' title='bbox 453 3098 851 3169; x_wconf 89' lang='lat' dir='ltr'><strong>cultatemque</strong></span> <span class='ocrx_word' id='word_1_426' title='bbox 872 3097 1122 3160; x_wconf 88' lang='lat' dir='ltr'><strong>dicendi,</strong></span> <span class='ocrx_word' id='word_1_427' title='bbox 1148 3097 1311 3168; x_wconf 85' lang='lat' dir='ltr'><strong>virga</strong></span> <span class='ocrx_word' id='word_1_428' title='bbox 1341 3097 1656 3150; x_wconf 90' lang='lat' dir='ltr'><strong>admodum</strong></span> <span class='ocrx_word' id='word_1_429' title='bbox 1691 3101 1916 3167; x_wconf 85' lang='lat' dir='ltr'><strong>egeret;</strong></span> <span class='ocrx_word' id='word_1_430' title='bbox 1950 3097 2203 3150; x_wconf 89' lang='lat' dir='ltr'><strong>sectione</strong></span> <span class='ocrx_word' id='word_1_431' title='bbox 2228 3087 2396 3166; x_wconf 84' lang='lat' dir='ltr'><strong>porro</strong></span> <span class='ocrx_word' id='word_1_432' title='bbox 2421 3096 2601 3150; x_wconf 88' lang='lat' dir='ltr'><strong>multo</strong></span> <span class='ocrx_word' id='word_1_433' title='bbox 2627 3095 2842 3163; x_wconf 88' lang='lat' dir='ltr'><strong>minus,</strong></span> <span class='ocrx_word' id='word_1_434' title='bbox 2867 3096 2939 3148; x_wconf 94' lang='lat' dir='ltr'><strong>ob</strong></span> <span class='ocrx_word' id='word_1_435' title='bbox 2963 3097 3182 3167; x_wconf 87' lang='lat' dir='ltr'><strong>virgam</strong></span> <span class='ocrx_word' id='word_1_436' title='bbox 3208 3098 3505 3151; x_wconf 88' lang='lat' dir='ltr'><strong>moderate</strong></span> <span class='ocrx_word' id='word_1_437' title='bbox 3529 3100 3864 3154; x_wconf 86' lang='lat' dir='ltr'><strong>ferientem.</strong></span> 
     </span>
    </p>
   </div>
   <div class='ocr_carea' id='block_1_59' title="bbox 525 3184 2170 3251">
    <p class='ocr_par' dir='ltr' id='par_1_59' title="bbox 525 3184 2170 3251">
     <span class='ocr_line' id='line_1_59' title="bbox 525 3184 2170 3251; baseline -0.001 -11"><span class='ocrx_word' id='word_1_438' title='bbox 525 3187 589 3241; x_wconf 88' lang='lat' dir='ltr'><strong>X.</strong></span> <span class='ocrx_word' id='word_1_439' title='bbox 634 3187 781 3250; x_wconf 88' lang='lat' dir='ltr'><strong>Quid</strong></span> <span class='ocrx_word' id='word_1_440' title='bbox 827 3192 1021 3241; x_wconf 90' lang='lat' dir='ltr'><strong>autem</strong></span> <span class='ocrx_word' id='word_1_441' title='bbox 1069 3186 1229 3240; x_wconf 86' lang='lat' dir='ltr'><strong>vobis</strong></span> <span class='ocrx_word' id='word_1_442' title='bbox 1276 3185 1573 3240; x_wconf 91' lang='lat' dir='ltr'><strong>hominem</strong></span> <span class='ocrx_word' id='word_1_443' title='bbox 1604 3185 1932 3240; x_wconf 89' lang='lat' dir='ltr'><strong>describere</strong></span> <span class='ocrx_word' id='word_1_444' title='bbox 1965 3184 2096 3238; x_wconf 91' lang='lat' dir='ltr'><strong>atti-</strong></span> <span class='ocrx_word' id='word_1_445' title='bbox 2129 3190 2170 3251; x_wconf 74' lang='grc' dir='ltr'>Ο</span> 
     </span>
    </p>
   </div>
   <div class='ocr_carea' id='block_1_60' title="bbox 451 3273 2089 3345">
    <p class='ocr_par' dir='ltr' id='par_1_60' title="bbox 451 3273 2089 3345">
     <span class='ocr_line' id='line_1_60' title="bbox 451 3273 2089 3345; baseline -0.002 -15"><span class='ocrx_word' id='word_1_446' title='bbox 451 3276 596 3330; x_wconf 87' lang='lat' dir='ltr'><strong>net?</strong></span> <span class='ocrx_word' id='word_1_447' title='bbox 629 3277 796 3329; x_wconf 88' lang='lat' dir='ltr'><strong>Huno</strong></span> <span class='ocrx_word' id='word_1_448' title='bbox 829 3275 1044 3330; x_wconf 91' lang='lat' dir='ltr'><strong>Paulus</strong></span> <span class='ocrx_word' id='word_1_449' title='bbox 1075 3279 1439 3330; x_wconf 83' lang='lat' dir='ltr'><strong>antevertens</strong></span> <span class='ocrx_word' id='word_1_450' title='bbox 1471 3274 1772 3345; x_wconf 82' lang='lat' dir='ltr'><strong>depinxit;</strong></span> <span class='ocrx_word' id='word_1_451' title='bbox 1809 3273 1927 3327; x_wconf 91' lang='lat' dir='ltr'><strong>sive</strong></span> <span class='ocrx_word' id='word_1_452' title='bbox 1959 3289 2089 3327; x_wconf 90' lang='lat' dir='ltr'><strong>cum</strong></span> 
     </span>
    </p>
   </div>
   <div class='ocr_carea' id='block_1_61' title="bbox 449 3361 2090 3434">
    <p class='ocr_par' dir='ltr' id='par_1_61' title="bbox 449 3361 2090 3434">
     <span class='ocr_line' id='line_1_61' title="bbox 449 3361 2090 3434; baseline -0.002 -16"><span class='ocrx_word' id='word_1_453' title='bbox 449 3363 783 3434; x_wconf 84' lang='lat' dir='ltr'><strong>pontificem</strong></span> <span class='ocrx_word' id='word_1_454' title='bbox 815 3362 980 3417; x_wconf 88' lang='lat' dir='ltr'><strong>illum</strong></span> <span class='ocrx_word' id='word_1_455' title='bbox 1015 3379 1314 3434; x_wconf 89' lang='lat' dir='ltr'><strong>magnum,</strong></span> <span class='ocrx_word' id='word_1_456' title='bbox 1349 3362 1446 3432; x_wconf 94' lang='lat' dir='ltr'><strong>qui</strong></span> <span class='ocrx_word' id='word_1_457' title='bbox 1477 3362 1653 3417; x_wconf 71' lang='lat' dir='ltr'><strong>cmlos</strong></span> <span class='ocrx_word' id='word_1_458' title='bbox 1685 3361 2090 3433; x_wconf 67' lang='lat' dir='ltr'><strong>penetravit“,</strong></span> 
     </span>
    </p>
   </div>
   <div class='ocr_carea' id='block_1_62' title="bbox 447 3450 2091 3523">
    <p class='ocr_par' dir='ltr' id='par_1_62' title="bbox 447 3450 2091 3523">
     <span class='ocr_line' id='line_1_62' title="bbox 447 3450 2091 3523; baseline -0.001 -17"><span class='ocrx_word' id='word_1_459' title='bbox 447 3451 799 3523; x_wconf 71' lang='lat' dir='ltr'><strong>depraadicat</strong></span> <span class='ocrx_word' id='word_1_460' title='bbox 844 3452 976 3520; x_wconf 89' lang='lat' dir='ltr'><strong>(huc</strong></span> <span class='ocrx_word' id='word_1_461' title='bbox 1006 3451 1162 3506; x_wconf 89' lang='lat' dir='ltr'><strong>enim</strong></span> <span class='ocrx_word' id='word_1_462' title='bbox 1197 3468 1380 3521; x_wconf 89' lang='lat' dir='ltr'><strong>usque</strong></span> <span class='ocrx_word' id='word_1_463' title='bbox 1414 3450 1683 3522; x_wconf 91' lang='lat' dir='ltr'><strong>progredi</strong></span> <span class='ocrx_word' id='word_1_464' title='bbox 1715 3467 1828 3504; x_wconf 92' lang='lat' dir='ltr'><strong>non</strong></span> <span class='ocrx_word' id='word_1_465' title='bbox 1862 3450 2091 3504; x_wconf 90' lang='lat' dir='ltr'><strong>dubita-</strong></span> 
     </span>
    </p>
   </div>
   <div class='ocr_carea' id='block_1_63' title="bbox 445 3538 2092 3611">
    <p class='ocr_par' dir='ltr' id='par_1_63' title="bbox 445 3538 2092 3611">
     <span class='ocr_line' id='line_1_63' title="bbox 445 3538 2092 3611; baseline -0.002 -16"><span class='ocrx_word' id='word_1_466' title='bbox 445 3539 533 3595; x_wconf 89' lang='lat' dir='ltr'><strong>bit</strong></span> <span class='ocrx_word' id='word_1_467' title='bbox 560 3540 763 3610; x_wconf 80' lang='lat' dir='ltr'><strong>oratio,</strong></span> <span class='ocrx_word' id='word_1_468' title='bbox 796 3557 928 3595; x_wconf 90' lang='lat' dir='ltr'><strong>cum</strong></span> <span class='ocrx_word' id='word_1_469' title='bbox 961 3540 1264 3611; x_wconf 89' lang='lat' dir='ltr'><strong>Scriptura</strong></span> <span class='ocrx_word' id='word_1_470' title='bbox 1291 3556 1410 3607; x_wconf 91' lang='lat' dir='ltr'><strong>eos,</strong></span> <span class='ocrx_word' id='word_1_471' title='bbox 1441 3539 1540 3610; x_wconf 90' lang='lat' dir='ltr'><strong>qui</strong></span> <span class='ocrx_word' id='word_1_472' title='bbox 1573 3539 1898 3594; x_wconf 88' lang='lat' dir='ltr'><strong>secundum</strong></span> <span class='ocrx_word' id='word_1_473' title='bbox 1929 3538 2092 3593; x_wconf 87' lang='lat' dir='ltr'><strong>Chri-</strong></span> 
     </span>
    </p>
   </div>
   <div class='ocr_carea' id='block_1_64' title="bbox 446 3626 2091 3700">
    <p class='ocr_par' dir='ltr' id='par_1_64' title="bbox 446 3626 2091 3700">
     <span class='ocr_line' id='line_1_64' title="bbox 446 3626 2091 3700; baseline -0.001 -17"><span class='ocrx_word' id='word_1_474' title='bbox 446 3632 607 3684; x_wconf 83' lang='lat' dir='ltr'><strong>stum</strong></span> <span class='ocrx_word' id='word_1_475' title='bbox 638 3630 862 3695; x_wconf 89' lang='lat' dir='ltr'><strong>vivunt,</strong></span> <span class='ocrx_word' id='word_1_476' title='bbox 900 3645 999 3699; x_wconf 91' lang='lat' dir='ltr'><strong>pro</strong></span> <span class='ocrx_word' id='word_1_477' title='bbox 1031 3628 1272 3684; x_wconf 88' lang='lat' dir='ltr'><strong>Christis</strong></span> <span class='ocrx_word' id='word_1_478' title='bbox 1304 3629 1642 3700; x_wconf 87' lang='lat' dir='ltr'><strong>agnoscat);</strong></span> <span class='ocrx_word' id='word_1_479' title='bbox 1677 3628 1796 3682; x_wconf 89' lang='lat' dir='ltr'><strong>sive</strong></span> <span class='ocrx_word' id='word_1_480' title='bbox 1829 3644 1960 3682; x_wconf 90' lang='lat' dir='ltr'><strong>cum</strong></span> <span class='ocrx_word' id='word_1_481' title='bbox 1998 3626 2091 3682; x_wconf 88' lang='lat' dir='ltr'><strong>Ti-</strong></span> 
     </span>
    </p>
   </div>
   <div class='ocr_carea' id='block_1_65' title="bbox 449 3716 2091 3789">
    <p class='ocr_par' dir='ltr' id='par_1_65' title="bbox 449 3716 2091 3789">
     <span class='ocr_line' id='line_1_65' title="bbox 449 3716 2091 3789; baseline 0 -17"><span class='ocrx_word' id='word_1_482' title='bbox 449 3717 705 3787; x_wconf 86' lang='lat' dir='ltr'><strong>motheo,</strong></span> <span class='ocrx_word' id='word_1_483' title='bbox 762 3719 822 3772; x_wconf 93' lang='lat' dir='ltr'><strong>in</strong></span> <span class='ocrx_word' id='word_1_484' title='bbox 881 3718 1127 3789; x_wconf 82' lang='lat' dir='ltr'><strong>epistola</strong></span> <span class='ocrx_word' id='word_1_485' title='bbox 1169 3735 1346 3788; x_wconf 83' lang='lat' dir='ltr'><strong>quam</strong></span> <span class='ocrx_word' id='word_1_486' title='bbox 1390 3719 1459 3772; x_wconf 84' lang='lat' dir='ltr'><strong>ad</strong></span> <span class='ocrx_word' id='word_1_487' title='bbox 1508 3733 1640 3773; x_wconf 89' lang='lat' dir='ltr'><strong>eum</strong></span> <span class='ocrx_word' id='word_1_488' title='bbox 1683 3716 1903 3782; x_wconf 88' lang='lat' dir='ltr'><strong>scribit,</strong></span> <span class='ocrx_word' id='word_1_489' title='bbox 1938 3716 2091 3789; x_wconf 91' lang='lat' dir='ltr'><strong>leges</strong></span> 
     </span>
    </p>
   </div>
   <div class='ocr_carea' id='block_1_66' title="bbox 446 3805 2090 3877">
    <p class='ocr_par' dir='ltr' id='par_1_66' title="bbox 446 3805 2090 3877">
     <span class='ocr_line' id='line_1_66' title="bbox 446 3805 2090 3877; baseline 0 -17"><span class='ocrx_word' id='word_1_490' title='bbox 446 3806 718 3877; x_wconf 90' lang='lat' dir='ltr'><strong>imponit,</strong></span> <span class='ocrx_word' id='word_1_491' title='bbox 764 3823 921 3872; x_wconf 89' lang='lat' dir='ltr'><strong>eum,</strong></span> <span class='ocrx_word' id='word_1_492' title='bbox 969 3807 1064 3876; x_wconf 92' lang='lat' dir='ltr'><strong>qui</strong></span> <span class='ocrx_word' id='word_1_493' title='bbox 1113 3807 1380 3862; x_wconf 56' lang='lat' dir='ltr'><strong>Ecclesia?</strong></span> <span class='ocrx_word' id='word_1_494' title='bbox 1425 3805 1670 3860; x_wconf 89' lang='lat' dir='ltr'><strong>antistes</strong></span> <span class='ocrx_word' id='word_1_495' title='bbox 1716 3805 1949 3861; x_wconf 85' lang='lat' dir='ltr'><strong>futurus</strong></span> <span class='ocrx_word' id='word_1_496' title='bbox 1983 3809 2090 3872; x_wconf 89' lang='lat' dir='ltr'><strong>est,</strong></span> 
     </span>
    </p>
   </div>
   <div class='ocr_carea' id='block_1_67' title="bbox 445 3893 2090 3967">
    <p class='ocr_par' dir='ltr' id='par_1_67' title="bbox 445 3893 2090 3967">
     <span class='ocr_line' id='line_1_67' title="bbox 445 3893 2090 3967; baseline 0 -17"><span class='ocrx_word' id='word_1_497' title='bbox 445 3911 716 3951; x_wconf 89' lang='lat' dir='ltr'><strong>sermone</strong></span> <span class='ocrx_word' id='word_1_498' title='bbox 739 3895 964 3966; x_wconf 88' lang='lat' dir='ltr'><strong>ﬁngens</strong></span> <span class='ocrx_word' id='word_1_499' title='bbox 996 3901 1173 3967; x_wconf 91' lang='lat' dir='ltr'><strong>atque</strong></span> <span class='ocrx_word' id='word_1_500' title='bbox 1206 3897 1529 3950; x_wconf 84' lang='lat' dir='ltr'><strong>informans</strong></span> <span class='ocrx_word' id='word_1_501' title='bbox 1550 3897 1612 3949; x_wconf 58' lang='grc' dir='ltr'><strong>ιτ.</strong></span> <span class='ocrx_word' id='word_1_502' title='bbox 1646 3896 1791 3950; x_wconf 90' lang='lat' dir='ltr'><strong>Nam</strong></span> <span class='ocrx_word' id='word_1_503' title='bbox 1824 3895 1873 3950; x_wconf 90' lang='lat' dir='ltr'><strong>si</strong></span> <span class='ocrx_word' id='word_1_504' title='bbox 1904 3893 2090 3966; x_wconf 88' lang='lat' dir='ltr'><strong>legem</strong></span> 
     </span>
    </p>
   </div>
   <div class='ocr_carea' id='block_1_68' title="bbox 441 3983 2092 4057">
    <p class='ocr_par' dir='ltr' id='par_1_68' title="bbox 441 3983 2092 4057">
     <span class='ocr_line' id='line_1_68' title="bbox 441 3983 2092 4057; baseline -0.001 -17"><span class='ocrx_word' id='word_1_505' title='bbox 441 4001 593 4053; x_wconf 82' lang='lat' dir='ltr'><strong>eam,</strong></span> <span class='ocrx_word' id='word_1_506' title='bbox 617 3983 774 4040; x_wconf 87' lang='lat' dir='ltr'><strong>velut</strong></span> <span class='ocrx_word' id='word_1_507' title='bbox 807 3985 1064 4057; x_wconf 88' lang='lat' dir='ltr'><strong>regulam</strong></span> <span class='ocrx_word' id='word_1_508' title='bbox 1099 3986 1442 4057; x_wconf 86' lang='lat' dir='ltr'><strong>quamdam,</strong></span> <span class='ocrx_word' id='word_1_509' title='bbox 1464 3986 1536 4054; x_wconf 85' lang='lat' dir='ltr'><strong>ei,</strong></span> <span class='ocrx_word' id='word_1_510' title='bbox 1563 3985 1658 4055; x_wconf 88' lang='lat' dir='ltr'><strong>qui</strong></span> <span class='ocrx_word' id='word_1_511' title='bbox 1691 3986 1762 4039; x_wconf 89' lang='lat' dir='ltr'><strong>ab</strong></span> <span class='ocrx_word' id='word_1_512' title='bbox 1796 3984 1887 4039; x_wconf 91' lang='lat' dir='ltr'><strong>his</strong></span> <span class='ocrx_word' id='word_1_513' title='bbox 1918 3986 2092 4039; x_wconf 89' lang='lat' dir='ltr'><strong>rebus</strong></span> 
     </span>
    </p>
   </div>
   <div class='ocr_carea' id='block_1_69' title="bbox 441 4071 2092 4146">
    <p class='ocr_par' dir='ltr' id='par_1_69' title="bbox 441 4071 2092 4146">
     <span class='ocr_line' id='line_1_69' title="bbox 441 4071 2092 4146; baseline 0.001 -19"><span class='ocrx_word' id='word_1_514' title='bbox 441 4071 739 4140; x_wconf 89' lang='lat' dir='ltr'><strong>laudatur,</strong></span> <span class='ocrx_word' id='word_1_515' title='bbox 789 4075 1138 4143; x_wconf 89' lang='lat' dir='ltr'><strong>admoveris,</strong></span> <span class='ocrx_word' id='word_1_516' title='bbox 1195 4092 1371 4146; x_wconf 90' lang='lat' dir='ltr'><strong>quam</strong></span> <span class='ocrx_word' id='word_1_517' title='bbox 1427 4081 1582 4130; x_wconf 89' lang='lat' dir='ltr'><strong>recta</strong></span> <span class='ocrx_word' id='word_1_518' title='bbox 1626 4090 1693 4128; x_wconf 88' lang='lat' dir='ltr'><strong>ea</strong></span> <span class='ocrx_word' id='word_1_519' title='bbox 1739 4074 1837 4137; x_wconf 77' lang='lat' dir='ltr'><strong>sit,</strong></span> <span class='ocrx_word' id='word_1_520' title='bbox 1870 4074 2092 4144; x_wconf 91' lang='lat' dir='ltr'><strong>liquido</strong></span> 
     </span>
    </p>
   </div>
   <div class='ocr_carea' id='block_1_70' title="bbox 443 4162 2093 4234">
    <p class='ocr_par' dir='ltr' id='par_1_70' title="bbox 443 4162 2093 4234">
     <span class='ocr_line' id='line_1_70' title="bbox 443 4162 2093 4234; baseline 0.001 -20"><span class='ocrx_word' id='word_1_521' title='bbox 443 4162 779 4232; x_wconf 87' lang='lat' dir='ltr'><strong>perspicies.</strong></span> <span class='ocrx_word' id='word_1_522' title='bbox 809 4164 978 4234; x_wconf 86' lang='lat' dir='ltr'><strong>Agite</strong></span> <span class='ocrx_word' id='word_1_523' title='bbox 1008 4163 1206 4234; x_wconf 88' lang='lat' dir='ltr'><strong>igitur,</strong></span> <span class='ocrx_word' id='word_1_524' title='bbox 1233 4181 1298 4218; x_wconf 93' lang='lat' dir='ltr'><strong>ac</strong></span> <span class='ocrx_word' id='word_1_525' title='bbox 1332 4180 1559 4218; x_wconf 89' lang='lat' dir='ltr'><strong>mecum</strong></span> <span class='ocrx_word' id='word_1_526' title='bbox 1589 4163 1944 4218; x_wconf 90' lang='lat' dir='ltr'><strong>laudationis</strong></span> <span class='ocrx_word' id='word_1_527' title='bbox 1969 4179 2093 4216; x_wconf 86' lang='lat' dir='ltr'><strong>mu-</strong></span> 
     </span>
    </p>
   </div>
   <div class='ocr_carea' id='block_1_71' title="bbox 445 4249 2093 4322">
    <p class='ocr_par' dir='ltr' id='par_1_71' title="bbox 445 4249 2093 4322">
     <span class='ocr_line' id='line_1_71' title="bbox 445 4249 2093 4322; baseline 0.002 -20"><span class='ocrx_word' id='word_1_528' title='bbox 445 4265 558 4304; x_wconf 88' lang='lat' dir='ltr'><strong>nus</strong></span> <span class='ocrx_word' id='word_1_529' title='bbox 581 4249 877 4322; x_wconf 89' lang='lat' dir='ltr'><strong>suscipite.</strong></span> <span class='ocrx_word' id='word_1_530' title='bbox 898 4252 1038 4309; x_wconf 88' lang='lat' dir='ltr'><strong>Nam</strong></span> <span class='ocrx_word' id='word_1_531' title='bbox 1065 4252 1218 4308; x_wconf 90' lang='lat' dir='ltr'><strong>circa</strong></span> <span class='ocrx_word' id='word_1_532' title='bbox 1239 4253 1557 4308; x_wconf 85' lang='lat' dir='ltr'><strong>orationem</strong></span> <span class='ocrx_word' id='word_1_533' title='bbox 1581 4252 1801 4319; x_wconf 80' lang='lat' dir='ltr'><strong>laboro,</strong></span> <span class='ocrx_word' id='word_1_534' title='bbox 1818 4269 1882 4306; x_wconf 89' lang='lat' dir='ltr'><strong>ac</strong></span> <span class='ocrx_word' id='word_1_535' title='bbox 1907 4251 2093 4306; x_wconf 88' lang='lat' dir='ltr'><strong>multa</strong></span> 
     </span>
    </p>
   </div>
   <div class='ocr_carea' id='block_1_72' title="bbox 445 4339 2091 4413">
    <p class='ocr_par' dir='ltr' id='par_1_72' title="bbox 445 4339 2091 4413">
     <span class='ocr_line' id='line_1_72' title="bbox 445 4339 2091 4413; baseline 0.002 -22"><span class='ocrx_word' id='word_1_536' title='bbox 445 4339 678 4408; x_wconf 89' lang='lat' dir='ltr'><strong>quidem</strong></span> <span class='ocrx_word' id='word_1_537' title='bbox 712 4341 1150 4410; x_wconf 74' lang='lat' dir='ltr'><strong>praatermittnre</strong></span> <span class='ocrx_word' id='word_1_538' title='bbox 1182 4342 1352 4413; x_wconf 87' lang='lat' dir='ltr'><strong>cupio</strong></span> <span class='ocrx_word' id='word_1_539' title='bbox 1386 4360 1398 4408; x_wconf 93' lang='lat'><strong>;</strong></span> <span class='ocrx_word' id='word_1_540' title='bbox 1451 4357 1655 4395; x_wconf 89' lang='lat' dir='ltr'><strong>verum</strong></span> <span class='ocrx_word' id='word_1_541' title='bbox 1699 4340 1842 4396; x_wconf 91' lang='lat' dir='ltr'><strong>alias</strong></span> <span class='ocrx_word' id='word_1_542' title='bbox 1876 4342 1946 4395; x_wconf 91' lang='lat' dir='ltr'><strong>ab</strong></span> <span class='ocrx_word' id='word_1_543' title='bbox 1978 4339 2091 4395; x_wconf 92' lang='lat' dir='ltr'><strong>alio</strong></span> 
     </span>
    </p>
   </div>
   <div class='ocr_carea' id='block_1_73' title="bbox 444 4425 2089 4501">
    <p class='ocr_par' dir='ltr' id='par_1_73' title="bbox 444 4425 2089 4501">
     <span class='ocr_line' id='line_1_73' title="bbox 444 4425 2089 4501; baseline 0.001 -21"><span class='ocrx_word' id='word_1_544' title='bbox 444 4425 727 4498; x_wconf 87' lang='lat' dir='ltr'><strong>detineor,</strong></span> <span class='ocrx_word' id='word_1_545' title='bbox 787 4446 994 4501; x_wconf 88' lang='lat' dir='ltr'><strong>neque,</strong></span> <span class='ocrx_word' id='word_1_546' title='bbox 1057 4431 1209 4500; x_wconf 94' lang='lat' dir='ltr'><strong>quod</strong></span> <span class='ocrx_word' id='word_1_547' title='bbox 1269 4429 1565 4501; x_wconf 68' lang='lat' dir='ltr'><strong>praecellit,</strong></span> <span class='ocrx_word' id='word_1_548' title='bbox 1621 4431 1872 4501; x_wconf 90' lang='lat' dir='ltr'><strong>reperire</strong></span> <span class='ocrx_word' id='word_1_549' title='bbox 1921 4445 2089 4499; x_wconf 89' lang='lat' dir='ltr'><strong>queo,</strong></span> 
     </span>
    </p>
   </div>
   <div class='ocr_carea' id='block_1_74' title="bbox 443 4513 2088 4590">
    <p class='ocr_par' dir='ltr' id='par_1_74' title="bbox 443 4513 2088 4590">
     <span class='ocr_line' id='line_1_74' title="bbox 443 4513 2088 4590; baseline 0.002 -23"><span class='ocrx_word' id='word_1_550' title='bbox 443 4513 603 4568; x_wconf 88' lang='lat' dir='ltr'><strong>velut</strong></span> <span class='ocrx_word' id='word_1_551' title='bbox 634 4515 693 4569; x_wconf 90' lang='lat' dir='ltr'><strong>in</strong></span> <span class='ocrx_word' id='word_1_552' title='bbox 725 4533 962 4588; x_wconf 92' lang='lat' dir='ltr'><strong>corpore</strong></span> <span class='ocrx_word' id='word_1_553' title='bbox 984 4519 1376 4590; x_wconf 87' lang='lat' dir='ltr'><strong>undequaque</strong></span> <span class='ocrx_word' id='word_1_554' title='bbox 1397 4517 1602 4587; x_wconf 58' lang='lat' dir='ltr'><strong>aequali</strong></span> <span class='ocrx_word' id='word_1_555' title='bbox 1622 4523 1795 4588; x_wconf 89' lang='lat' dir='ltr'><strong>atque</strong></span> <span class='ocrx_word' id='word_1_556' title='bbox 1819 4518 2088 4589; x_wconf 89' lang='lat' dir='ltr'><strong>eleganti.</strong></span> 
     </span>
    </p>
   </div>
   <div class='ocr_carea' id='block_1_75' title="bbox 446 4602 2091 4678">
    <p class='ocr_par' dir='ltr' id='par_1_75' title="bbox 446 4602 2091 4678">
     <span class='ocr_line' id='line_1_75' title="bbox 446 4602 2091 4678; baseline 0.001 -19"><span class='ocrx_word' id='word_1_557' title='bbox 446 4602 588 4659; x_wconf 90' lang='lat' dir='ltr'><strong>Mihi</strong></span> <span class='ocrx_word' id='word_1_558' title='bbox 621 4603 803 4674; x_wconf 90' lang='lat' dir='ltr'><strong>enim,</strong></span> <span class='ocrx_word' id='word_1_559' title='bbox 859 4611 921 4660; x_wconf 89' lang='lat' dir='ltr'><strong>ut</strong></span> <span class='ocrx_word' id='word_1_560' title='bbox 965 4607 1224 4678; x_wconf 90' lang='lat' dir='ltr'><strong>quidque</strong></span> <span class='ocrx_word' id='word_1_561' title='bbox 1267 4608 1538 4676; x_wconf 91' lang='lat' dir='ltr'><strong>occurrit,</strong></span> <span class='ocrx_word' id='word_1_562' title='bbox 1575 4608 1653 4660; x_wconf 92' lang='lat' dir='ltr'><strong>ita</strong></span> <span class='ocrx_word' id='word_1_563' title='bbox 1694 4606 1995 4677; x_wconf 90' lang='lat' dir='ltr'><strong>pulchrius</strong></span> <span class='ocrx_word' id='word_1_564' title='bbox 2025 4623 2091 4660; x_wconf 88' lang='lat' dir='ltr'><strong>ac</strong></span> 
     </span>
    </p>
   </div>
   <div class='ocr_carea' id='block_1_76' title="bbox 443 4693 2090 4768">
    <p class='ocr_par' dir='ltr' id='par_1_76' title="bbox 443 4693 2090 4768">
     <span class='ocr_line' id='line_1_76' title="bbox 443 4693 2090 4768; baseline 0.003 -23"><span class='ocrx_word' id='word_1_565' title='bbox 443 4693 817 4764; x_wconf 63' lang='lat' dir='ltr'><strong>praestantius</strong></span> <span class='ocrx_word' id='word_1_566' title='bbox 849 4694 1094 4760; x_wconf 87' lang='lat' dir='ltr'><strong>videtur,</strong></span> <span class='ocrx_word' id='word_1_567' title='bbox 1127 4702 1185 4750; x_wconf 91' lang='lat' dir='ltr'><strong>et</strong></span> <span class='ocrx_word' id='word_1_568' title='bbox 1232 4696 1554 4751; x_wconf 89' lang='lat' dir='ltr'><strong>orationem</strong></span> <span class='ocrx_word' id='word_1_569' title='bbox 1588 4696 1658 4751; x_wconf 82' lang='lat' dir='ltr'><strong>ad</strong></span> <span class='ocrx_word' id='word_1_570' title='bbox 1691 4713 1752 4752; x_wconf 93' lang='lat' dir='ltr'><strong>se</strong></span> <span class='ocrx_word' id='word_1_571' title='bbox 1785 4697 1954 4768; x_wconf 88' lang='lat' dir='ltr'><strong>rapit.</strong></span> <span class='ocrx_word' id='word_1_572' title='bbox 1990 4696 2090 4750; x_wconf 85' lang='lat' dir='ltr'><strong>Fa-</strong></span> 
     </span>
    </p>
   </div>
   <div class='ocr_carea' id='block_1_77' title="bbox 443 4781 2091 4856">
    <p class='ocr_par' dir='ltr' id='par_1_77' title="bbox 443 4781 2091 4856">
     <span class='ocr_line' id='line_1_77' title="bbox 443 4781 2091 4856; baseline 0.002 -22"><span class='ocrx_word' id='word_1_573' title='bbox 443 4781 554 4835; x_wconf 91' lang='lat' dir='ltr'><strong>oite</strong></span> <span class='ocrx_word' id='word_1_574' title='bbox 583 4781 781 4852; x_wconf 90' lang='lat' dir='ltr'><strong>igitur,</strong></span> <span class='ocrx_word' id='word_1_575' title='bbox 817 4783 1149 4853; x_wconf 83' lang='lat' dir='ltr'><strong>quicunque</strong></span> <span class='ocrx_word' id='word_1_576' title='bbox 1195 4785 1433 4839; x_wconf 89' lang='lat' dir='ltr'><strong>laudum</strong></span> <span class='ocrx_word' id='word_1_577' title='bbox 1482 4784 1645 4839; x_wconf 90' lang='lat' dir='ltr'><strong>illius</strong></span> <span class='ocrx_word' id='word_1_578' title='bbox 1697 4801 1992 4856; x_wconf 59' lang='lat' dir='ltr'><strong>pracones</strong></span> <span class='ocrx_word' id='word_1_579' title='bbox 2026 4801 2091 4838; x_wconf 89' lang='lat' dir='ltr'><strong>ac</strong></span> 
     </span>
    </p>
   </div>
   <div class='ocr_carea' id='block_1_78' title="bbox 441 4871 2090 4944">
    <p class='ocr_par' dir='ltr' id='par_1_78' title="bbox 441 4871 2090 4944">
     <span class='ocr_line' id='line_1_78' title="bbox 441 4871 2090 4944; baseline 0.001 -20"><span class='ocrx_word' id='word_1_580' title='bbox 441 4874 620 4924; x_wconf 86' lang='lat' dir='ltr'><strong>testes</strong></span> <span class='ocrx_word' id='word_1_581' title='bbox 649 4871 812 4941; x_wconf 89' lang='lat' dir='ltr'><strong>estis,</strong></span> <span class='ocrx_word' id='word_1_582' title='bbox 847 4877 909 4926; x_wconf 92' lang='lat' dir='ltr'><strong>ut</strong></span> <span class='ocrx_word' id='word_1_583' title='bbox 943 4874 1181 4929; x_wconf 85' lang='lat' dir='ltr'><strong>virtutes</strong></span> <span class='ocrx_word' id='word_1_584' title='bbox 1214 4874 1372 4928; x_wconf 90' lang='lat' dir='ltr'><strong>illius</strong></span> <span class='ocrx_word' id='word_1_585' title='bbox 1407 4875 1556 4929; x_wconf 90' lang='lat' dir='ltr'><strong>inter</strong></span> <span class='ocrx_word' id='word_1_586' title='bbox 1597 4891 1696 4928; x_wconf 85' lang='lat' dir='ltr'><strong>vos</strong></span> <span class='ocrx_word' id='word_1_587' title='bbox 1730 4873 2090 4944; x_wconf 89' lang='lat' dir='ltr'><strong>partiamini,</strong></span> 
     </span>
    </p>
   </div>
   <div class='ocr_carea' id='block_1_79' title="bbox 441 4958 2091 5030">
    <p class='ocr_par' dir='ltr' id='par_1_79' title="bbox 441 4958 2091 5030">
     <span class='ocr_line' id='line_1_79' title="bbox 441 4958 2091 5030; baseline 0.002 -19"><span class='ocrx_word' id='word_1_588' title='bbox 441 4973 507 5012; x_wconf 87' lang='lat' dir='ltr'><strong>ac</strong></span> <span class='ocrx_word' id='word_1_589' title='bbox 539 4958 885 5030; x_wconf 71' lang='lat' dir='ltr'><strong>praeclarum</strong></span> <span class='ocrx_word' id='word_1_590' title='bbox 913 4963 1064 5019; x_wconf 74' lang='lat'><strong>392</strong></span> <span class='ocrx_word' id='word_1_591' title='bbox 1089 4969 1383 5019; x_wconf 84' lang='lat' dir='ltr'><strong>certamen</strong></span> <span class='ocrx_word' id='word_1_592' title='bbox 1417 4963 1569 5017; x_wconf 91' lang='lat' dir='ltr'><strong>inter</strong></span> <span class='ocrx_word' id='word_1_593' title='bbox 1598 4978 1698 5016; x_wconf 88' lang='lat' dir='ltr'><strong>vos</strong></span> <span class='ocrx_word' id='word_1_594' title='bbox 1732 4961 1961 5026; x_wconf 90' lang='lat' dir='ltr'><strong>ineatis,</strong></span> <span class='ocrx_word' id='word_1_595' title='bbox 1984 4961 2091 5014; x_wconf 90' lang='lat' dir='ltr'><strong>viri</strong></span> 
     </span>
    </p>
   </div>
   <div class='ocr_carea' id='block_1_80' title="bbox 2281 3180 3864 3258">
    <p class='ocr_par' dir='ltr' id='par_1_80' title="bbox 2281 3180 3864 3258">
     <span class='ocr_line' id='line_1_80' title="bbox 2281 3180 3864 3258; baseline 0.004 -23"><span class='ocrx_word' id='word_1_596' title='bbox 2281 3189 2334 3239; x_wconf 81' lang='grc' dir='ltr'><strong>ι’.</strong></span> <span class='ocrx_word' id='word_1_597' title='bbox 2365 3184 2423 3235; x_wconf 87' lang='grc' dir='ltr'>Τί</span> <span class='ocrx_word' id='word_1_598' title='bbox 2457 3181 2512 3235; x_wconf 71' lang='grc' dir='ltr'><strong>ἂν</strong></span> <span class='ocrx_word' id='word_1_599' title='bbox 2566 3183 2690 3254; x_wconf 82' lang='grc' dir='ltr'>ὑμῖν</span> <span class='ocrx_word' id='word_1_600' title='bbox 2742 3181 3188 3258; x_wconf 71' lang='grc' dir='ltr'>ἀναζωγραφοίτ,ν</span> <span class='ocrx_word' id='word_1_601' title='bbox 3238 3184 3327 3236; x_wconf 86' lang='grc' dir='ltr'><strong>τὸν</strong></span> <span class='ocrx_word' id='word_1_602' title='bbox 3379 3180 3583 3258; x_wconf 75' lang='grc' dir='ltr'>ἄνδρα;</span> <span class='ocrx_word' id='word_1_603' title='bbox 3640 3185 3864 3247; x_wconf 77' lang='grc' dir='ltr'>Παῦλος</span> 
     </span>
    </p>
   </div>
   <div class='ocr_carea' id='block_1_81' title="bbox 2201 3266 3864 3350">
    <p class='ocr_par' dir='ltr' id='par_1_81' title="bbox 2201 3266 3864 3350">
     <span class='ocr_line' id='line_1_81' title="bbox 2201 3266 3864 3350; baseline 0.002 -25"><span class='ocrx_word' id='word_1_604' title='bbox 2201 3266 2493 3344; x_wconf 73' lang='grc' dir='ltr'>προλαϐὼν</span> <span class='ocrx_word' id='word_1_605' title='bbox 2547 3269 2782 3346; x_wconf 75' lang='grc' dir='ltr'><strong>ἔγραψε⁹</strong></span> <span class='ocrx_word' id='word_1_606' title='bbox 2827 3274 2988 3324; x_wconf 88' lang='grc' dir='ltr'>τοῦτο</span> <span class='ocrx_word' id='word_1_607' title='bbox 3046 3271 3162 3343; x_wconf 75' lang='grc' dir='ltr'>μὶν,</span> <span class='ocrx_word' id='word_1_608' title='bbox 3214 3271 3266 3325; x_wconf 77' lang='grc' dir='ltr'>ὲν</span> <span class='ocrx_word' id='word_1_609' title='bbox 3319 3273 3406 3333; x_wconf 81' lang='grc' dir='ltr'>οἷς</span> <span class='ocrx_word' id='word_1_610' title='bbox 3451 3273 3544 3327; x_wconf 86' lang='grc' dir='ltr'>τὸν</span> <span class='ocrx_word' id='word_1_611' title='bbox 3594 3273 3864 3350; x_wconf 72' lang='grc' dir='ltr'>ἀρχιερέα</span> 
     </span>
    </p>
   </div>
   <div class='ocr_carea' id='block_1_82' title="bbox 2200 3356 3866 3437">
    <p class='ocr_par' dir='ltr' id='par_1_82' title="bbox 2200 3356 3866 3437">
     <span class='ocr_line' id='line_1_82' title="bbox 2200 3356 3866 3437; baseline 0.001 -23"><span class='ocrx_word' id='word_1_612' title='bbox 2200 3361 2288 3414; x_wconf 86' lang='grc' dir='ltr'>τὸν</span> <span class='ocrx_word' id='word_1_613' title='bbox 2343 3360 2533 3434; x_wconf 80' lang='grc' dir='ltr'>μὲγαν,</span> <span class='ocrx_word' id='word_1_614' title='bbox 2582 3360 2673 3414; x_wconf 88' lang='grc' dir='ltr'>τὸν</span> <span class='ocrx_word' id='word_1_615' title='bbox 2729 3356 3094 3428; x_wconf 84' lang='grc' dir='ltr'>διεληλυθότα</span> <span class='ocrx_word' id='word_1_616' title='bbox 3139 3359 3266 3421; x_wconf 75' lang='grc' dir='ltr'>τοὺς</span> <span class='ocrx_word' id='word_1_617' title='bbox 3313 3359 3580 3434; x_wconf 74' lang='grc' dir='ltr'>οὐρανοῦσ</span> <span class='ocrx_word' id='word_1_618' title='bbox 3633 3364 3866 3437; x_wconf 81' lang='grc' dir='ltr'>ἀνυμνεῖ</span> 
     </span>
    </p>
   </div>
   <div class='ocr_carea' id='block_1_83' title="bbox 2201 3446 3862 3526">
    <p class='ocr_par' dir='ltr' id='par_1_83' title="bbox 2201 3446 3862 3526">
     <span class='ocr_line' id='line_1_83' title="bbox 2201 3446 3862 3526; baseline 0.002 -23"><span class='ocrx_word' id='word_1_619' title='bbox 2201 3446 2492 3522; x_wconf 75' lang='grc' dir='ltr'>(τολμήσει</span> <span class='ocrx_word' id='word_1_620' title='bbox 2519 3447 2618 3523; x_wconf 83' lang='grc' dir='ltr'><strong>γάρ</strong></span> <span class='ocrx_word' id='word_1_621' title='bbox 2653 3468 2746 3520; x_wconf 90' lang='grc' dir='ltr'><strong>μοι</strong></span> <span class='ocrx_word' id='word_1_622' title='bbox 2777 3448 2864 3502; x_wconf 83' lang='grc' dir='ltr'><strong>καὶ</strong></span> <span class='ocrx_word' id='word_1_623' title='bbox 2899 3446 3063 3523; x_wconf 71' lang='grc' dir='ltr'>μέχρι</span> <span class='ocrx_word' id='word_1_624' title='bbox 3093 3449 3304 3504; x_wconf 71' lang='grc' dir='ltr'>τούτων</span> <span class='ocrx_word' id='word_1_625' title='bbox 3355 3451 3382 3504; x_wconf 93' lang='lat'><strong>6</strong></span> <span class='ocrx_word' id='word_1_626' title='bbox 3432 3447 3618 3526; x_wconf 81' lang='grc' dir='ltr'>λόγος,</span> <span class='ocrx_word' id='word_1_627' title='bbox 3663 3450 3862 3521; x_wconf 67' lang='grc' dir='ltr'>ἔπειδή</span> 
     </span>
    </p>
   </div>
   <div class='ocr_carea' id='block_1_84' title="bbox 2202 3534 3867 3614">
    <p class='ocr_par' dir='ltr' id='par_1_84' title="bbox 2202 3534 3867 3614">
     <span class='ocr_line' id='line_1_84' title="bbox 2202 3534 3867 3614; baseline 0.002 -22"><span class='ocrx_word' id='word_1_628' title='bbox 2202 3537 2469 3612; x_wconf 84' lang='grc' dir='ltr'>Χριστοὺς</span> <span class='ocrx_word' id='word_1_629' title='bbox 2500 3534 2614 3591; x_wconf 87' lang='grc' dir='ltr'>οιδε</span> <span class='ocrx_word' id='word_1_630' title='bbox 2640 3535 2822 3591; x_wconf 83' lang='grc' dir='ltr'>καλεῖν</span> <span class='ocrx_word' id='word_1_631' title='bbox 2855 3539 2889 3605; x_wconf 83' lang='grc' dir='ltr'>ἡ</span> <span class='ocrx_word' id='word_1_632' title='bbox 2923 3537 3108 3614; x_wconf 81' lang='grc' dir='ltr'>Γραφὴ</span> <span class='ocrx_word' id='word_1_633' title='bbox 3141 3539 3254 3609; x_wconf 80' lang='grc'>(64)</span> <span class='ocrx_word' id='word_1_634' title='bbox 3293 3535 3420 3598; x_wconf 74' lang='grc' dir='ltr'>τοὺς</span> <span class='ocrx_word' id='word_1_635' title='bbox 3472 3542 3676 3606; x_wconf 74' lang='grc' dir='ltr'>ζῶντας</span> <span class='ocrx_word' id='word_1_636' title='bbox 3720 3539 3867 3595; x_wconf 70' lang='grc' dir='ltr'>κατὰ</span> 
     </span>
    </p>
   </div>
   <div class='ocr_carea' id='block_1_85' title="bbox 2202 3624 3868 3700">
    <p class='ocr_par' dir='ltr' id='par_1_85' title="bbox 2202 3624 3868 3700">
     <span class='ocr_line' id='line_1_85' title="bbox 2202 3624 3868 3700; baseline 0.002 -20"><span class='ocrx_word' id='word_1_637' title='bbox 2202 3626 2475 3699; x_wconf 61' lang='grc' dir='ltr'>Χριστόν)</span> <span class='ocrx_word' id='word_1_638' title='bbox 2525 3630 2686 3680; x_wconf 88' lang='grc' dir='ltr'>τοῦτο</span> <span class='ocrx_word' id='word_1_639' title='bbox 2736 3624 2815 3695; x_wconf 77' lang='grc' dir='ltr'>δὶ,</span> <span class='ocrx_word' id='word_1_640' title='bbox 2864 3624 2914 3680; x_wconf 73' lang='grc' dir='ltr'>ἐν</span> <span class='ocrx_word' id='word_1_641' title='bbox 2963 3627 3048 3688; x_wconf 84' lang='grc' dir='ltr'>οἷς</span> <span class='ocrx_word' id='word_1_642' title='bbox 3095 3627 3343 3698; x_wconf 75' lang='grc' dir='ltr'><strong>Τιμοθέῳ</strong></span> <span class='ocrx_word' id='word_1_643' title='bbox 3376 3626 3510 3700; x_wconf 80' lang='grc' dir='ltr'>πρὸς</span> <span class='ocrx_word' id='word_1_644' title='bbox 3541 3626 3708 3682; x_wconf 74' lang='grc' dir='ltr'>αὐτὸν</span> <span class='ocrx_word' id='word_1_645' title='bbox 3744 3631 3868 3700; x_wconf 81' lang='grc'>(65)</span> 
     </span>
    </p>
   </div>
   <div class='ocr_carea' id='block_1_86' title="bbox 2198 3713 3870 3792">
    <p class='ocr_par' dir='ltr' id='par_1_86' title="bbox 2198 3713 3870 3792">
     <span class='ocr_line' id='line_1_86' title="bbox 2198 3713 3870 3792; baseline 0.002 -24"><span class='ocrx_word' id='word_1_646' title='bbox 2198 3717 2416 3792; x_wconf 80' lang='grc' dir='ltr'>γράφων</span> <span class='ocrx_word' id='word_1_647' title='bbox 2465 3716 2764 3787; x_wconf 83' lang='grc' dir='ltr'>νομοθετεῖ,</span> <span class='ocrx_word' id='word_1_648' title='bbox 2817 3718 3000 3768; x_wconf 80' lang='grc' dir='ltr'>τυπῶν</span> <span class='ocrx_word' id='word_1_649' title='bbox 3072 3718 3152 3787; x_wconf 82' lang='grc' dir='ltr'>τῷ</span> <span class='ocrx_word' id='word_1_650' title='bbox 3225 3713 3382 3790; x_wconf 85' lang='grc' dir='ltr'>λόγῳ</span> <span class='ocrx_word' id='word_1_651' title='bbox 3466 3716 3555 3769; x_wconf 84' lang='grc' dir='ltr'>τὸν</span> <span class='ocrx_word' id='word_1_652' title='bbox 3643 3715 3870 3771; x_wconf 74' lang='grc' dir='ltr'>ἐπισκο-</span> 
     </span>
    </p>
   </div>
   <div class='ocr_carea' id='block_1_87' title="bbox 2199 3803 3871 3878">
    <p class='ocr_par' dir='ltr' id='par_1_87' title="bbox 2199 3803 3871 3878">
     <span class='ocr_line' id='line_1_87' title="bbox 2199 3803 3871 3878; baseline 0.001 -20"><span class='ocrx_word' id='word_1_653' title='bbox 2199 3806 2306 3873; x_wconf 74' lang='grc' dir='ltr'><strong>πῆς</strong></span> <span class='ocrx_word' id='word_1_654' title='bbox 2337 3807 2448 3878; x_wconf 86' lang='grc'>(66)</span> <span class='ocrx_word' id='word_1_655' title='bbox 2493 3803 2954 3878; x_wconf 81' lang='grc' dir='ltr'>προστησόμενον.</span> <span class='ocrx_word' id='word_1_656' title='bbox 3006 3803 3070 3858; x_wconf 74' lang='grc' dir='ltr'>Εἰ</span> <span class='ocrx_word' id='word_1_657' title='bbox 3116 3804 3219 3877; x_wconf 74' lang='grc' dir='ltr'>γὰρ</span> <span class='ocrx_word' id='word_1_658' title='bbox 3267 3804 3342 3866; x_wconf 84' lang='grc' dir='ltr'>ὡς</span> <span class='ocrx_word' id='word_1_659' title='bbox 3387 3803 3586 3858; x_wconf 79' lang='grc' dir='ltr'>κανόνα</span> <span class='ocrx_word' id='word_1_660' title='bbox 3617 3804 3712 3859; x_wconf 70' lang='grc' dir='ltr'><strong>τόν</strong></span> <span class='ocrx_word' id='word_1_661' title='bbox 3773 3806 3871 3860; x_wconf 86' lang='grc' dir='ltr'>νό-</span> 
     </span>
    </p>
   </div>
   <div class='ocr_carea' id='block_1_88' title="bbox 2206 3891 3874 3968">
    <p class='ocr_par' dir='ltr' id='par_1_88' title="bbox 2206 3891 3874 3968">
     <span class='ocr_line' id='line_1_88' title="bbox 2206 3891 3874 3968; baseline 0.001 -21"><span class='ocrx_word' id='word_1_662' title='bbox 2206 3915 2303 3966; x_wconf 91' lang='grc' dir='ltr'><strong>μον</strong></span> <span class='ocrx_word' id='word_1_663' title='bbox 2362 3892 2657 3968; x_wconf 78' lang='grc' dir='ltr'>παραθείης</span> <span class='ocrx_word' id='word_1_664' title='bbox 2713 3897 2791 3964; x_wconf 81' lang='grc' dir='ltr'><strong>τῷ</strong></span> <span class='ocrx_word' id='word_1_665' title='bbox 2841 3896 3011 3946; x_wconf 88' lang='grc' dir='ltr'>ταῦτα</span> <span class='ocrx_word' id='word_1_666' title='bbox 3068 3891 3462 3965; x_wconf 64' lang='grc' dir='ltr'>ἐπαινουμένῳ,</span> <span class='ocrx_word' id='word_1_667' title='bbox 3523 3894 3712 3968; x_wconf 80' lang='grc' dir='ltr'>γνώσῃ</span> <span class='ocrx_word' id='word_1_668' title='bbox 3774 3916 3874 3948; x_wconf 82' lang='grc' dir='ltr'>σα-</span> 
     </span>
    </p>
   </div>
   <div class='ocr_carea' id='block_1_89' title="bbox 2202 3979 3875 4060">
    <p class='ocr_par' dir='ltr' id='par_1_89' title="bbox 2202 3979 3875 4060">
     <span class='ocr_line' id='line_1_89' title="bbox 2202 3979 3875 4060; baseline -0.001 -24"><span class='ocrx_word' id='word_1_669' title='bbox 2202 3987 2315 4060; x_wconf 79' lang='grc' dir='ltr'>φῶς</span> <span class='ocrx_word' id='word_1_670' title='bbox 2342 3984 2441 4050; x_wconf 74' lang='grc' dir='ltr'>τὴν</span> <span class='ocrx_word' id='word_1_671' title='bbox 2505 3980 2792 4052; x_wconf 77' lang='grc' dir='ltr'>εὐθύτητα.</span> <span class='ocrx_word' id='word_1_672' title='bbox 2853 3985 3019 4056; x_wconf 89' lang='grc' dir='ltr'>Δεῦρο</span> <span class='ocrx_word' id='word_1_673' title='bbox 3079 3979 3143 4050; x_wconf 78' lang='grc' dir='ltr'>δὴ</span> <span class='ocrx_word' id='word_1_674' title='bbox 3197 3981 3722 4056; x_wconf 73' lang='grc' dir='ltr'>συμπανηγυρίσατὲ</span> <span class='ocrx_word' id='word_1_675' title='bbox 3775 4003 3875 4054; x_wconf 82' lang='grc' dir='ltr'><strong>μοι</strong></span> 
     </span>
    </p>
   </div>
   <div class='ocr_carea' id='block_1_90' title="bbox 2200 4068 3874 4145">
    <p class='ocr_par' dir='ltr' id='par_1_90' title="bbox 2200 4068 3874 4145">
     <span class='ocr_line' id='line_1_90' title="bbox 2200 4068 3874 4145; baseline 0.001 -22"><span class='ocrx_word' id='word_1_676' title='bbox 2200 4070 2323 4145; x_wconf 84' lang='grc' dir='ltr'>περὶ</span> <span class='ocrx_word' id='word_1_677' title='bbox 2377 4071 2466 4123; x_wconf 83' lang='grc' dir='ltr'><strong>τὸν</strong></span> <span class='ocrx_word' id='word_1_678' title='bbox 2522 4068 2686 4145; x_wconf 91' lang='grc' dir='ltr'>λόγον</span> <span class='ocrx_word' id='word_1_679' title='bbox 2721 4070 2996 4141; x_wconf 83' lang='grc' dir='ltr'>κάμνοντι,</span> <span class='ocrx_word' id='word_1_680' title='bbox 3039 4069 3128 4123; x_wconf 83' lang='grc' dir='ltr'><strong>καὶ</strong></span> <span class='ocrx_word' id='word_1_681' title='bbox 3159 4071 3226 4123; x_wconf 74' lang='grc' dir='ltr'>τὰ</span> <span class='ocrx_word' id='word_1_682' title='bbox 3254 4070 3346 4142; x_wconf 76' lang='grc' dir='ltr'><strong>μὶν</strong></span> <span class='ocrx_word' id='word_1_683' title='bbox 3377 4069 3551 4126; x_wconf 71' lang='grc' dir='ltr'>πλείω</span> <span class='ocrx_word' id='word_1_684' title='bbox 3585 4072 3874 4144; x_wconf 74' lang='grc' dir='ltr'>παρατρέο</span> 
     </span>
    </p>
   </div>
   <div class='ocr_carea' id='block_1_91' title="bbox 2200 4155 3872 4235">
    <p class='ocr_par' dir='ltr' id='par_1_91' title="bbox 2200 4155 3872 4235">
     <span class='ocr_line' id='line_1_91' title="bbox 2200 4155 3872 4235; baseline -0.001 -22"><span class='ocrx_word' id='word_1_685' title='bbox 2200 4179 2318 4235; x_wconf 83' lang='grc' dir='ltr'>χειν</span> <span class='ocrx_word' id='word_1_686' title='bbox 2348 4157 2612 4226; x_wconf 72' lang='grc' dir='ltr'>ἐθέλοντι,</span> <span class='ocrx_word' id='word_1_687' title='bbox 2661 4157 2861 4212; x_wconf 75' lang='grc' dir='ltr'>ἄλλοτε</span> <span class='ocrx_word' id='word_1_688' title='bbox 2909 4155 2966 4212; x_wconf 73' lang='grc' dir='ltr'>δὲ</span> <span class='ocrx_word' id='word_1_689' title='bbox 3016 4159 3102 4212; x_wconf 83' lang='grc' dir='ltr'>ὑπ’</span> <span class='ocrx_word' id='word_1_690' title='bbox 3149 4158 3323 4214; x_wconf 77' lang='grc' dir='ltr'>ἄλλου</span> <span class='ocrx_word' id='word_1_691' title='bbox 3353 4160 3747 4234; x_wconf 75' lang='grc' dir='ltr'>κατεχομένῳ,</span> <span class='ocrx_word' id='word_1_692' title='bbox 3777 4159 3872 4213; x_wconf 71' lang='grc' dir='ltr'><strong>καὶ</strong></span> 
     </span>
    </p>
   </div>
   <div class='ocr_carea' id='block_1_92' title="bbox 2202 4246 3873 4323">
    <p class='ocr_par' dir='ltr' id='par_1_92' title="bbox 2202 4246 3873 4323">
     <span class='ocr_line' id='line_1_92' title="bbox 2202 4246 3873 4323; baseline -0.001 -22"><span class='ocrx_word' id='word_1_693' title='bbox 2202 4247 2302 4302; x_wconf 73' lang='grc' dir='ltr'>οὐκ</span> <span class='ocrx_word' id='word_1_694' title='bbox 2340 4246 2522 4323; x_wconf 79' lang='grc' dir='ltr'>ἔχοντι</span> <span class='ocrx_word' id='word_1_695' title='bbox 2571 4247 2634 4302; x_wconf 88' lang='grc' dir='ltr'>τὸ</span> <span class='ocrx_word' id='word_1_696' title='bbox 2677 4251 2838 4301; x_wconf 83' lang='grc' dir='ltr'>νικῶν</span> <span class='ocrx_word' id='word_1_697' title='bbox 2886 4248 2998 4319; x_wconf 87' lang='grc'>(67)</span> <span class='ocrx_word' id='word_1_698' title='bbox 3051 4246 3246 4322; x_wconf 74' lang='grc' dir='ltr'>εὑρεῖν,</span> <span class='ocrx_word' id='word_1_699' title='bbox 3300 4247 3481 4322; x_wconf 82' lang='grc' dir='ltr'>ὥσπερ</span> <span class='ocrx_word' id='word_1_700' title='bbox 3531 4246 3585 4301; x_wconf 71' lang='grc' dir='ltr'>ἐν</span> <span class='ocrx_word' id='word_1_701' title='bbox 3643 4249 3873 4320; x_wconf 77' lang='grc' dir='ltr'>σώματι</span> 
     </span>
    </p>
   </div>
   <div class='ocr_carea' id='block_1_93' title="bbox 2200 4334 3878 4412">
    <p class='ocr_par' dir='ltr' id='par_1_93' title="bbox 2200 4334 3878 4412">
     <span class='ocr_line' id='line_1_93' title="bbox 2200 4334 3878 4412; baseline 0.001 -22"><span class='ocrx_word' id='word_1_702' title='bbox 2200 4336 2537 4411; x_wconf 74' lang='grc' dir='ltr'>πανταχόθεν</span> <span class='ocrx_word' id='word_1_703' title='bbox 2568 4335 2674 4408; x_wconf 83' lang='grc' dir='ltr'><strong>ἳσῳ</strong></span> <span class='ocrx_word' id='word_1_704' title='bbox 2702 4356 2761 4390; x_wconf 89' lang='grc' dir='ltr'><strong>τε</strong></span> <span class='ocrx_word' id='word_1_705' title='bbox 2788 4337 2878 4389; x_wconf 85' lang='grc' dir='ltr'>καὶ</span> <span class='ocrx_word' id='word_1_706' title='bbox 2909 4334 3063 4406; x_wconf 88' lang='grc' dir='ltr'><strong>καλῷ</strong></span> <span class='ocrx_word' id='word_1_707' title='bbox 3087 4354 3099 4366; x_wconf 83' lang='lat'><strong><em>°</em></strong></span> <span class='ocrx_word' id='word_1_708' title='bbox 3125 4335 3208 4390; x_wconf 81' lang='grc' dir='ltr'><strong>ἀεὶ</strong></span> <span class='ocrx_word' id='word_1_709' title='bbox 3237 4336 3340 4410; x_wconf 85' lang='grc' dir='ltr'><strong>γάρ</strong></span> <span class='ocrx_word' id='word_1_710' title='bbox 3372 4356 3464 4408; x_wconf 92' lang='grc' dir='ltr'><strong>μοι</strong></span> <span class='ocrx_word' id='word_1_711' title='bbox 3506 4336 3568 4389; x_wconf 84' lang='grc' dir='ltr'><strong>τὸ</strong></span> <span class='ocrx_word' id='word_1_712' title='bbox 3623 4357 3878 4412; x_wconf 76' lang='grc' dir='ltr'>προσπε-</span> 
     </span>
    </p>
   </div>
   <div class='ocr_carea' id='block_1_94' title="bbox 2201 4423 3876 4501">
    <p class='ocr_par' dir='ltr' id='par_1_94' title="bbox 2201 4423 3876 4501">
     <span class='ocr_line' id='line_1_94' title="bbox 2201 4423 3876 4501; baseline -0.001 -21"><span class='ocrx_word' id='word_1_713' title='bbox 2201 4426 2290 4480; x_wconf 77' lang='grc' dir='ltr'>σὸν</span> <span class='ocrx_word' id='word_1_714' title='bbox 2323 4424 2548 4480; x_wconf 79' lang='grc' dir='ltr'>γάλλιον</span> <span class='ocrx_word' id='word_1_715' title='bbox 2584 4423 2845 4501; x_wconf 81' lang='grc' dir='ltr'>φαίνεται,</span> <span class='ocrx_word' id='word_1_716' title='bbox 2891 4424 2982 4477; x_wconf 83' lang='grc' dir='ltr'><strong>καὶ</strong></span> <span class='ocrx_word' id='word_1_717' title='bbox 3032 4427 3192 4478; x_wconf 86' lang='grc' dir='ltr'>τοῦτο</span> <span class='ocrx_word' id='word_1_718' title='bbox 3243 4425 3565 4498; x_wconf 76' lang='grc' dir='ltr'>συναρπάζει</span> <span class='ocrx_word' id='word_1_719' title='bbox 3623 4426 3721 4478; x_wconf 80' lang='grc' dir='ltr'>τὸν</span> <span class='ocrx_word' id='word_1_720' title='bbox 3779 4425 3876 4480; x_wconf 68' lang='grc' dir='ltr'>λό-</span> 
     </span>
    </p>
   </div>
   <div class='ocr_carea' id='block_1_95' title="bbox 2204 4508 3874 4587">
    <p class='ocr_par' dir='ltr' id='par_1_95' title="bbox 2204 4508 3874 4587">
     <span class='ocr_line' id='line_1_95' title="bbox 2204 4508 3874 4587; baseline -0.001 -20"><span class='ocrx_word' id='word_1_721' title='bbox 2204 4534 2318 4586; x_wconf 83' lang='grc' dir='ltr'>γον.</span> <span class='ocrx_word' id='word_1_722' title='bbox 2378 4518 2542 4587; x_wconf 81' lang='grc' dir='ltr'>Δεῦρο</span> <span class='ocrx_word' id='word_1_723' title='bbox 2591 4513 2686 4566; x_wconf 83' lang='grc' dir='ltr'><strong>οὗν</strong></span> <span class='ocrx_word' id='word_1_724' title='bbox 2745 4533 2836 4584; x_wconf 90' lang='grc' dir='ltr'><strong>μοι</strong></span> <span class='ocrx_word' id='word_1_725' title='bbox 2888 4508 3129 4575; x_wconf 79' lang='grc' dir='ltr'>διὲλεσθε</span> <span class='ocrx_word' id='word_1_726' title='bbox 3175 4513 3285 4583; x_wconf 87' lang='grc'>(68)</span> <span class='ocrx_word' id='word_1_727' title='bbox 3332 4512 3398 4565; x_wconf 69' lang='grc' dir='ltr'><strong>τὰ</strong></span> <span class='ocrx_word' id='word_1_728' title='bbox 3427 4511 3639 4566; x_wconf 67' lang='grc' dir='ltr'>ἐκείνου</span> <span class='ocrx_word' id='word_1_729' title='bbox 3699 4514 3874 4583; x_wconf 66' lang='grc' dir='ltr'>καλὰ,</span> 
     </span>
    </p>
   </div>
   <div class='ocr_carea' id='block_1_96' title="bbox 2204 4599 3879 4677">
    <p class='ocr_par' dir='ltr' id='par_1_96' title="bbox 2204 4599 3879 4677">
     <span class='ocr_line' id='line_1_96' title="bbox 2204 4599 3879 4677; baseline -0.001 -20"><span class='ocrx_word' id='word_1_730' title='bbox 2204 4602 2320 4657; x_wconf 79' lang='grc' dir='ltr'>ὅσοι</span> <span class='ocrx_word' id='word_1_731' title='bbox 2368 4607 2474 4655; x_wconf 81' lang='grc' dir='ltr'>τῶν</span> <span class='ocrx_word' id='word_1_732' title='bbox 2529 4602 2733 4656; x_wconf 80' lang='grc' dir='ltr'>ἐκείνου</span> <span class='ocrx_word' id='word_1_733' title='bbox 2785 4599 3056 4656; x_wconf 70' lang='grc' dir='ltr'>ἐπαινέται</span> <span class='ocrx_word' id='word_1_734' title='bbox 3100 4601 3189 4654; x_wconf 89' lang='grc' dir='ltr'><strong>καὶ</strong></span> <span class='ocrx_word' id='word_1_735' title='bbox 3239 4602 3522 4675; x_wconf 77' lang='grc' dir='ltr'>μάρτυρες,</span> <span class='ocrx_word' id='word_1_736' title='bbox 3553 4601 3651 4655; x_wconf 73' lang='grc' dir='ltr'>καῖ</span> <span class='ocrx_word' id='word_1_737' title='bbox 3688 4603 3879 4677; x_wconf 71' lang='grc' dir='ltr'>ἀγῶνα</span> 
     </span>
    </p>
   </div>
   <div class='ocr_carea' id='block_1_97' title="bbox 2200 4686 3878 4766">
    <p class='ocr_par' dir='ltr' id='par_1_97' title="bbox 2200 4686 3878 4766">
     <span class='ocr_line' id='line_1_97' title="bbox 2200 4686 3878 4766; baseline -0.002 -20"><span class='ocrx_word' id='word_1_738' title='bbox 2200 4690 2366 4746; x_wconf 85' lang='grc' dir='ltr'>καλὸν</span> <span class='ocrx_word' id='word_1_739' title='bbox 2420 4690 2754 4765; x_wconf 82' lang='grc' dir='ltr'>ἀγωνίσασθε</span> <span class='ocrx_word' id='word_1_740' title='bbox 2796 4690 2933 4766; x_wconf 87' lang='grc' dir='ltr'>πρὸς</span> <span class='ocrx_word' id='word_1_741' title='bbox 2981 4688 3288 4760; x_wconf 75' lang='grc' dir='ltr'>ἀλλήλους,</span> <span class='ocrx_word' id='word_1_742' title='bbox 3339 4686 3528 4763; x_wconf 83' lang='grc' dir='ltr'>ἄνδρες</span> <span class='ocrx_word' id='word_1_743' title='bbox 3581 4692 3734 4763; x_wconf 80' lang='grc' dir='ltr'>ὁμοῦ</span> <span class='ocrx_word' id='word_1_744' title='bbox 3786 4692 3878 4745; x_wconf 73' lang='grc' dir='ltr'><strong>καὶ</strong></span> 
     </span>
    </p>
   </div>
   <div class='ocr_carea' id='block_1_98' title="bbox 2201 4774 3872 4855">
    <p class='ocr_par' dir='ltr' id='par_1_98' title="bbox 2201 4774 3872 4855">
     <span class='ocr_line' id='line_1_98' title="bbox 2201 4774 3872 4855; baseline 0 -21"><span class='ocrx_word' id='word_1_745' title='bbox 2201 4786 2472 4855; x_wconf 87' lang='grc' dir='ltr'>γυναῖκες,</span> <span class='ocrx_word' id='word_1_746' title='bbox 2533 4779 2808 4833; x_wconf 83' lang='grc' dir='ltr'>νεανίσκοι</span> <span class='ocrx_word' id='word_1_747' title='bbox 2864 4778 2951 4832; x_wconf 84' lang='grc' dir='ltr'><strong>καὶ</strong></span> <span class='ocrx_word' id='word_1_748' title='bbox 3003 4779 3283 4852; x_wconf 66' lang='grc' dir='ltr'>παρθένοι,</span> <span class='ocrx_word' id='word_1_749' title='bbox 3359 4774 3669 4854; x_wconf 72' lang='grc' dir='ltr'>πρεσϐῦται</span> <span class='ocrx_word' id='word_1_750' title='bbox 3756 4782 3872 4852; x_wconf 54' lang='grc'><strong>569]</strong></span> 
     </span>
    </p>
   </div>
   <div class='ocr_carea' id='block_1_99' title="bbox 2206 4865 3872 4944">
    <p class='ocr_par' dir='ltr' id='par_1_99' title="bbox 2206 4865 3872 4944">
     <span class='ocr_line' id='line_1_99' title="bbox 2206 4865 3872 4944; baseline -0.001 -21"><span class='ocrx_word' id='word_1_751' title='bbox 2206 4870 2340 4942; x_wconf 85' lang='grc' dir='ltr'><strong>μετά</strong></span> <span class='ocrx_word' id='word_1_752' title='bbox 2396 4867 2696 4944; x_wconf 73' lang='grc' dir='ltr'>νεωτέρων,</span> <span class='ocrx_word' id='word_1_753' title='bbox 2757 4867 2920 4943; x_wconf 74' lang='grc' dir='ltr'>ἱερεῖς</span> <span class='ocrx_word' id='word_1_754' title='bbox 2971 4868 3061 4921; x_wconf 80' lang='grc' dir='ltr'>καὶ</span> <span class='ocrx_word' id='word_1_755' title='bbox 3122 4866 3277 4937; x_wconf 88' lang='grc' dir='ltr'>λαὸς,</span> <span class='ocrx_word' id='word_1_756' title='bbox 3334 4869 3386 4921; x_wconf 79' lang='grc' dir='ltr'>οἱ</span> <span class='ocrx_word' id='word_1_757' title='bbox 3442 4865 3748 4939; x_wconf 75' lang='grc' dir='ltr'>μοναδικοὶ</span> <span class='ocrx_word' id='word_1_758' title='bbox 3783 4872 3872 4923; x_wconf 79' lang='grc' dir='ltr'>καί</span> 
     </span>
    </p>
   </div>
   <div class='ocr_carea' id='block_1_100' title="bbox 2205 4951 3872 5033">
    <p class='ocr_par' dir='ltr' id='par_1_100' title="bbox 2205 4951 3872 5033">
     <span class='ocr_line' id='line_1_100' title="bbox 2205 4951 3872 5033; baseline 0 -21"><span class='ocrx_word' id='word_1_759' title='bbox 2205 4955 2454 5033; x_wconf 82' lang='grc' dir='ltr'>μιγάδες,</span> <span class='ocrx_word' id='word_1_760' title='bbox 2506 4959 2559 5013; x_wconf 76' lang='grc' dir='ltr'>οἱ</span> <span class='ocrx_word' id='word_1_761' title='bbox 2616 4963 2720 5026; x_wconf 80' lang='grc' dir='ltr'><strong>τῆς</strong></span> <span class='ocrx_word' id='word_1_762' title='bbox 2763 4955 3078 5026; x_wconf 79' lang='grc' dir='ltr'>ἁπλότητος</span> <span class='ocrx_word' id='word_1_763' title='bbox 3127 4957 3340 5026; x_wconf 78' lang='grc' dir='ltr'>καὶτῆς</span> <span class='ocrx_word' id='word_1_764' title='bbox 3375 4951 3687 5032; x_wconf 74' lang='grc' dir='ltr'>ἀκριϐείας,</span> <span class='ocrx_word' id='word_1_765' title='bbox 3753 4959 3872 5012; x_wconf 68' lang='grc' dir='ltr'>ὅσοι</span> 
     </span>
    </p>
   </div>
   <div class='ocr_carea' id='block_1_101' title="bbox 509 5094 2210 5173">
    <p class='ocr_par' dir='ltr' id='par_1_101' title="bbox 509 5094 2210 5173">
     <span class='ocr_line' id='line_1_101' title="bbox 509 5094 2210 5173; baseline 0.005 -24"><span class='ocrx_word' id='word_1_766' title='bbox 509 5094 554 5130; x_wconf 79' lang='grc'><strong>⁴³</strong></span> <span class='ocrx_word' id='word_1_767' title='bbox 584 5094 755 5150; x_wconf 83' lang='lat' dir='ltr'><strong>Hebr.</strong></span> <span class='ocrx_word' id='word_1_768' title='bbox 789 5113 866 5163; x_wconf 82' lang='lat' dir='ltr'><strong>1x,</strong></span> <span class='ocrx_word' id='word_1_769' title='bbox 897 5098 951 5152; x_wconf 90' lang='lat'><strong>7.</strong></span> <span class='ocrx_word' id='word_1_770' title='bbox 1028 5100 1072 5134; x_wconf 81' lang='grc'><strong>⁴⁶</strong></span> <span class='ocrx_word' id='word_1_771' title='bbox 1103 5099 1277 5154; x_wconf 87' lang='lat' dir='ltr'><strong>Hebr.</strong></span> <span class='ocrx_word' id='word_1_772' title='bbox 1311 5115 1387 5168; x_wconf 81' lang='lat' dir='ltr'><strong>1v,</strong></span> <span class='ocrx_word' id='word_1_773' title='bbox 1423 5098 1509 5153; x_wconf 90' lang='grc'><strong>14.</strong></span> <span class='ocrx_word' id='word_1_774' title='bbox 1586 5099 1628 5131; x_wconf 76' lang='grc'>⁴⁷</span> <span class='ocrx_word' id='word_1_775' title='bbox 1662 5097 1682 5151; x_wconf 93' lang='grc' dir='ltr'>Ι</span> <span class='ocrx_word' id='word_1_776' title='bbox 1714 5097 1860 5154; x_wconf 91' lang='lat' dir='ltr'><strong>Tim.</strong></span> <span class='ocrx_word' id='word_1_777' title='bbox 1894 5116 1977 5166; x_wconf 81' lang='grc' dir='ltr'>ιιι,</span> <span class='ocrx_word' id='word_1_778' title='bbox 2009 5103 2043 5154; x_wconf 88' lang='lat'><strong><em>2</em></strong></span> <span class='ocrx_word' id='word_1_779' title='bbox 2068 5117 2210 5173; x_wconf 38' lang='lat' dir='ltr'><strong>,sqq.</strong></span> 
     </span>
    </p>
   </div>
   <div class='ocr_carea' id='block_1_102' title="bbox 512 5225 2091 5302">
    <p class='ocr_par' dir='ltr' id='par_1_102' title="bbox 512 5225 2091 5302">
     <span class='ocr_line' id='line_1_102' title="bbox 512 5225 2091 5302; baseline 0.004 -21"><span class='ocrx_word' id='word_1_780' title='bbox 512 5227 624 5298; x_wconf 84' lang='grc'>(62)</span> <span class='ocrx_word' id='word_1_781' title='bbox 659 5225 966 5302; x_wconf 76' lang='grc' dir='ltr'>Γαληνός...</span> <span class='ocrx_word' id='word_1_782' title='bbox 1011 5227 1376 5302; x_wconf 10' lang='grc' dir='ltr'>παγι-δευτικός.</span> <span class='ocrx_word' id='word_1_783' title='bbox 1410 5231 1586 5302; x_wconf 80' lang='lat' dir='ltr'><strong>Regg.</strong></span> <span class='ocrx_word' id='word_1_784' title='bbox 1622 5229 1818 5301; x_wconf 79' lang='lat' dir='ltr'><strong>plures</strong></span> <span class='ocrx_word' id='word_1_785' title='bbox 1859 5232 2091 5302; x_wconf 68' lang='lat' dir='ltr'><strong>optimas</strong></span> 
     </span>
    </p>
   </div>
   <div class='ocr_carea' id='block_1_103' title="bbox 442 5296 2090 5374">
    <p class='ocr_par' dir='ltr' id='par_1_103' title="bbox 442 5296 2090 5374">
     <span class='ocr_line' id='line_1_103' title="bbox 442 5296 2090 5374; baseline 0.002 -19"><span class='ocrx_word' id='word_1_786' title='bbox 442 5296 614 5374; x_wconf 67' lang='lat' dir='ltr'><strong>notae,</strong></span> <span class='ocrx_word' id='word_1_787' title='bbox 643 5296 968 5374; x_wconf 78' lang='grc' dir='ltr'>γαληνῶς...</span> <span class='ocrx_word' id='word_1_788' title='bbox 994 5297 1372 5362; x_wconf 76' lang='grc' dir='ltr'>παιδευτικῶς.</span> <span class='ocrx_word' id='word_1_789' title='bbox 1405 5325 1430 5351; x_wconf 90' lang='grc'><em>‹‹</em></span> <span class='ocrx_word' id='word_1_790' title='bbox 1461 5296 1685 5356; x_wconf 74' lang='lat' dir='ltr'><strong>Placide</strong></span> <span class='ocrx_word' id='word_1_791' title='bbox 1716 5296 2090 5374; x_wconf 77' lang='lat' dir='ltr'><strong>increpando,</strong></span> 
     </span>
    </p>
   </div>
   <div class='ocr_carea' id='block_1_104' title="bbox 441 5372 1159 5430">
    <p class='ocr_par' dir='ltr' id='par_1_104' title="bbox 441 5372 1159 5430">
     <span class='ocr_line' id='line_1_104' title="bbox 441 5372 1159 5430; baseline 0.001 -3"><span class='ocrx_word' id='word_1_792' title='bbox 441 5372 737 5427; x_wconf 84' lang='lat' dir='ltr'><strong>laudando</strong></span> <span class='ocrx_word' id='word_1_793' title='bbox 770 5374 1103 5430; x_wconf 88' lang='lat' dir='ltr'><strong>salubriter.</strong></span> <span class='ocrx_word' id='word_1_794' title='bbox 1132 5396 1159 5422; x_wconf 83' lang='lat'>»</span> 
     </span>
    </p>
   </div>
   <div class='ocr_carea' id='block_1_105' title="bbox 532 5441 1992 5519">
    <p class='ocr_par' dir='ltr' id='par_1_105' title="bbox 532 5441 1992 5519">
     <span class='ocr_line' id='line_1_105' title="bbox 532 5441 1992 5519; baseline 0.001 -25"><span class='ocrx_word' id='word_1_795' title='bbox 651 5441 1007 5519; x_wconf 53' lang='grc' dir='ltr'>Φιλοσοοίαν.</span> <span class='ocrx_word' id='word_1_796' title='bbox 1043 5446 1293 5519; x_wconf 74' lang='lat' dir='ltr'><strong>Nicetas,</strong></span> <span class='ocrx_word' id='word_1_797' title='bbox 1329 5443 1545 5519; x_wconf 80' lang='grc' dir='ltr'>ἀρετήν,</span> <span class='ocrx_word' id='word_1_798' title='bbox 1580 5466 1606 5492; x_wconf 96' lang='grc'><strong>‹‹</strong></span> <span class='ocrx_word' id='word_1_799' title='bbox 1628 5443 1938 5519; x_wconf 67' lang='lat' dir='ltr'><strong>_virtutem.</strong></span> <span class='ocrx_word' id='word_1_800' title='bbox 1965 5469 1992 5496; x_wconf 90' lang='grc'><strong>››</strong></span> 
     </span>
    </p>
   </div>
   <div class='ocr_carea' id='block_1_106' title="bbox 474 5510 2087 5638">
    <p class='ocr_par' dir='ltr' id='par_1_106' title="bbox 474 5510 2087 5638">
     <span class='ocr_line' id='line_1_106' title="bbox 474 5510 2087 5638; baseline 0.004 -72"><span class='ocrx_word' id='word_1_801' title='bbox 474 5510 636 5638; x_wconf 39' lang='grc' dir='ltr'><strong>ἐξὲξ</strong></span> <span class='ocrx_word' id='word_1_802' title='bbox 654 5510 849 5567; x_wconf 87' lang='grc' dir='ltr'>Καλεῖν</span> <span class='ocrx_word' id='word_1_803' title='bbox 877 5510 915 5583; x_wconf 75' lang='grc' dir='ltr'><strong>’ἡ</strong></span> <span class='ocrx_word' id='word_1_804' title='bbox 950 5517 1157 5593; x_wconf 77' lang='grc' dir='ltr'>Γραφή.</span> <span class='ocrx_word' id='word_1_805' title='bbox 1192 5510 1321 5572; x_wconf 68' lang='lat' dir='ltr'><strong>Haec</strong></span> <span class='ocrx_word' id='word_1_806' title='bbox 1365 5510 1576 5571; x_wconf 73' lang='lat' dir='ltr'><strong>desunt</strong></span> <span class='ocrx_word' id='word_1_807' title='bbox 1625 5515 1682 5570; x_wconf 86' lang='lat' dir='ltr'><strong>in</strong></span> <span class='ocrx_word' id='word_1_808' title='bbox 1731 5516 1908 5590; x_wconf 80' lang='lat' dir='ltr'><strong>Regg.</strong></span> <span class='ocrx_word' id='word_1_809' title='bbox 1943 5535 1998 5586; x_wconf 77' lang='grc' dir='ltr'>ιι,</span> <span class='ocrx_word' id='word_1_810' title='bbox 2030 5519 2087 5588; x_wconf 89' lang='lat' dir='ltr'><strong>d,</strong></span> 
     </span>
    </p>
   </div>
   <div class='ocr_carea' id='block_1_107' title="bbox 440 5599 658 5640">
    <p class='ocr_par' dir='ltr' id='par_1_107' title="bbox 440 5599 658 5640">
     <span class='ocr_line' id='line_1_107' title="bbox 440 5599 658 5640; baseline 0 0"><span class='ocrx_word' id='word_1_811' title='bbox 440 5599 497 5640; x_wconf 79' lang='grc' dir='ltr'><strong>Θῐ.</strong></span> <span class='ocrx_word' id='word_1_812' title='bbox 525 5599 658 5640; x_wconf 72' lang='lat' dir='ltr'><strong>U88.</strong></span> 
     </span>
    </p>
   </div>
   <div class='ocr_carea' id='block_1_108' title="bbox 532 5655 1566 5732">
    <p class='ocr_par' dir='ltr' id='par_1_108' title="bbox 532 5655 1566 5732">
     <span class='ocr_line' id='line_1_108' title="bbox 532 5655 1566 5732; baseline 0.008 -27"><span class='ocrx_word' id='word_1_813' title='bbox 532 5656 624 5732; x_wconf 66' lang='grc' dir='ltr'><strong>ῥξ)</strong></span> <span class='ocrx_word' id='word_1_814' title='bbox 655 5655 796 5732; x_wconf 59' lang='grc' dir='ltr'>[ξρὸς</span> <span class='ocrx_word' id='word_1_815' title='bbox 827 5655 1009 5712; x_wconf 69' lang='grc' dir='ltr'>αὐτόν.</span> <span class='ocrx_word' id='word_1_816' title='bbox 1042 5659 1214 5732; x_wconf 78' lang='lat' dir='ltr'><strong>Deest</strong></span> <span class='ocrx_word' id='word_1_817' title='bbox 1237 5660 1303 5732; x_wconf 79' lang='lat' dir='ltr'><strong>in</strong></span> <span class='ocrx_word' id='word_1_818' title='bbox 1337 5665 1474 5732; x_wconf 81' lang='lat' dir='ltr'><strong>Reg.</strong></span> <span class='ocrx_word' id='word_1_819' title='bbox 1499 5660 1566 5732; x_wconf 12' lang='lat' dir='ltr'><strong>id.</strong></span> 
     </span>
    </p>
   </div>
   <div class='ocr_carea' id='block_1_109' title="bbox 533 5673 2088 5804">
    <p class='ocr_par' dir='ltr' id='par_1_109' title="bbox 533 5673 2088 5804">
     <span class='ocr_line' id='line_1_109' title="bbox 533 5673 1566 5782; baseline 0.003 -72"><span class='ocrx_word' id='word_1_820' title='bbox 533 5673 624 5725; x_wconf 76' lang='lat' dir='ltr'><strong>Oa)</strong></span> <span class='ocrx_word' id='word_1_821' title='bbox 655 5673 796 5782; x_wconf 67' lang='grc' dir='ltr'>υὲος</span> <span class='ocrx_word' id='word_1_822' title='bbox 827 5673 1009 5712; x_wconf 78' lang='grc' dir='ltr'>αοτον.</span> <span class='ocrx_word' id='word_1_823' title='bbox 1042 5673 1214 5716; x_wconf 77' lang='lat' dir='ltr'><strong>uacat</strong></span> <span class='ocrx_word' id='word_1_824' title='bbox 1244 5677 1303 5716; x_wconf 81' lang='lat' dir='ltr'><strong>1n</strong></span> <span class='ocrx_word' id='word_1_825' title='bbox 1337 5673 1474 5732; x_wconf 70' lang='lat' dir='ltr'><strong>Heg.</strong></span> <span class='ocrx_word' id='word_1_826' title='bbox 1509 5673 1566 5714; x_wconf 84' lang='lat'><strong>(1.</strong></span> 
     </span>
     <span class='ocr_line' id='line_1_110' title="bbox 533 5725 2088 5804; baseline -0.003 -14"><span class='ocrx_word' id='word_1_827' title='bbox 533 5725 624 5790; x_wconf 71' lang='lat'><strong>56)</strong></span> <span class='ocrx_word' id='word_1_828' title='bbox 681 5725 695 5744; x_wconf 85' lang='grc'><em>’</em></span> <span class='ocrx_word' id='word_1_829' title='bbox 743 5735 1040 5800; x_wconf 82' lang='grc' dir='ltr'>πισκοπῆς.</span> <span class='ocrx_word' id='word_1_830' title='bbox 1100 5730 1276 5788; x_wconf 84' lang='lat' dir='ltr'><strong>Coisl.</strong></span> <span class='ocrx_word' id='word_1_831' title='bbox 1331 5732 1399 5804; x_wconf 85' lang='lat'><strong>2,</strong></span> <span class='ocrx_word' id='word_1_832' title='bbox 1459 5731 1708 5804; x_wconf 78' lang='lat' dir='ltr'><strong>aliique,</strong></span> <span class='ocrx_word' id='word_1_833' title='bbox 1759 5727 1954 5801; x_wconf 70' lang='grc' dir='ltr'>τῆςᾶπι</span> <span class='ocrx_word' id='word_1_834' title='bbox 2025 5751 2088 5786; x_wconf 86' lang='lat'><strong>0-</strong></span> 
     </span>
    </p>
   </div>
   <div class='ocr_carea' id='block_1_110' title="bbox 2204 5254 2998 5376">
    <p class='ocr_par' dir='ltr' id='par_1_110' title="bbox 2204 5254 2998 5376">
     <span class='ocr_line' id='line_1_111' title="bbox 2204 5254 2998 5376; baseline -0.018 -12"><span class='ocrx_word' id='word_1_835' title='bbox 2415 5304 2794 5376; x_wconf 56' lang='lat' dir='ltr'><strong>Ntxﬁly.__Jes.,</strong></span> <span class='ocrx_word' id='word_1_836' title='bbox 2823 5305 2998 5376; x_wconf 61' lang='grc' dir='ltr'>νικᾷν,</span> 
     </span>
    </p>
   </div>
   <div class='ocr_carea' id='block_1_111' title="bbox 2272 5372 3870 5449">
    <p class='ocr_par' dir='ltr' id='par_1_111' title="bbox 2272 5372 3870 5449">
     <span class='ocr_line' id='line_1_112' title="bbox 2272 5372 3870 5449; baseline -0.002 -17"><span class='ocrx_word' id='word_1_837' title='bbox 2272 5372 2386 5449; x_wconf 83' lang='grc'>(68)</span> <span class='ocrx_word' id='word_1_838' title='bbox 2417 5383 2523 5431; x_wconf 86' lang='grc' dir='ltr'>Μοι</span> <span class='ocrx_word' id='word_1_839' title='bbox 2563 5372 2830 5449; x_wconf 54' lang='grc' dir='ltr'><strong>διέλεςτθεζ</strong></span> <span class='ocrx_word' id='word_1_840' title='bbox 2858 5375 3051 5449; x_wconf 67' lang='lat' dir='ltr'><strong>Deest</strong></span> <span class='ocrx_word' id='word_1_841' title='bbox 3077 5394 3169 5446; x_wconf 84' lang='grc' dir='ltr'><strong>μοι</strong></span> <span class='ocrx_word' id='word_1_842' title='bbox 3203 5376 3263 5449; x_wconf 77' lang='lat' dir='ltr'><strong>in</strong></span> <span class='ocrx_word' id='word_1_843' title='bbox 3298 5376 3436 5449; x_wconf 61' lang='lat' dir='ltr'><strong>Beg.</strong></span> <span class='ocrx_word' id='word_1_844' title='bbox 3471 5374 3576 5447; x_wconf 89' lang='lat' dir='ltr'><strong>ph.</strong></span> <span class='ocrx_word' id='word_1_845' title='bbox 3614 5375 3678 5430; x_wconf 92' lang='lat' dir='ltr'><strong>In</strong></span> <span class='ocrx_word' id='word_1_846' title='bbox 3733 5374 3870 5429; x_wconf 82' lang='lat' dir='ltr'><strong>aliis</strong></span> 
     </span>
    </p>
   </div>
   <div class='ocr_carea' id='block_1_112' title="bbox 2201 5442 3870 5532">
    <p class='ocr_par' dir='ltr' id='par_1_112' title="bbox 2201 5442 3870 5532">
     <span class='ocr_line' id='line_1_113' title="bbox 2201 5442 3870 5532; baseline -0.001 -29"><span class='ocrx_word' id='word_1_847' title='bbox 2201 5442 2419 5532; x_wconf 65' lang='lat' dir='ltr'><strong>autem,</strong></span> <span class='ocrx_word' id='word_1_848' title='bbox 2474 5465 2577 5520; x_wconf 85' lang='lat' dir='ltr'><strong>pro</strong></span> <span class='ocrx_word' id='word_1_849' title='bbox 2627 5442 2886 5516; x_wconf 76' lang='grc' dir='ltr'>διὲλεσθε,</span> <span class='ocrx_word' id='word_1_850' title='bbox 2940 5442 3175 5519; x_wconf 73' lang='lat' dir='ltr'><strong>legitur,</strong></span> <span class='ocrx_word' id='word_1_851' title='bbox 3225 5442 3491 5517; x_wconf 62' lang='grc' dir='ltr'>διέλθέτι,</span> <span class='ocrx_word' id='word_1_852' title='bbox 3542 5468 3571 5501; x_wconf 80' lang='grc' dir='ltr'>ι</span> <span class='ocrx_word' id='word_1_853' title='bbox 3623 5463 3870 5502; x_wconf 61' lang='grc' dir='ltr'><strong>διαιτω-</strong></span> 
     </span>
    </p>
   </div>
   <div class='ocr_carea' id='block_1_113' title="bbox 2200 5524 3870 5717">
    <p class='ocr_par' dir='ltr' id='par_1_113' title="bbox 2200 5524 3870 5717">
     <span class='ocr_line' id='line_1_114' title="bbox 2200 5524 3870 5717; baseline -0.004 -71"><span class='ocrx_word' id='word_1_854' title='bbox 2200 5524 2386 5663; x_wconf 53' lang='grc' dir='ltr'>ῃεὼξ)</span> <span class='ocrx_word' id='word_1_855' title='bbox 2416 5583 2910 5717; x_wconf 43' lang='grc' dir='ltr'>ΙίρεσϐῦταικΒεξὲ.</span> <span class='ocrx_word' id='word_1_856' title='bbox 2942 5587 3045 5659; x_wconf 88' lang='lat' dir='ltr'><strong>hu,</strong></span> <span class='ocrx_word' id='word_1_857' title='bbox 3075 5593 3134 5646; x_wconf 88' lang='lat' dir='ltr'><strong>et</strong></span> <span class='ocrx_word' id='word_1_858' title='bbox 3159 5590 3440 5659; x_wconf 78' lang='lat' dir='ltr'><strong>Combef.,</strong></span> <span class='ocrx_word' id='word_1_859' title='bbox 3471 5581 3870 5665; x_wconf 66' lang='grc' dir='ltr'>πρεσϐύτεροι,</span> 
     </span>
     <span class='ocr_line' id='line_1_115' title="bbox 2206 5676 3039 5717; baseline 0 0"><span class='ocrx_word' id='word_1_860' title='bbox 2206 5687 2227 5714; x_wconf 77' lang='grc' dir='ltr'><strong>α</strong></span> <span class='ocrx_word' id='word_1_861' title='bbox 2263 5679 2432 5717; x_wconf 86' lang='lat' dir='ltr'><strong>senes</strong></span> <span class='ocrx_word' id='word_1_862' title='bbox 2461 5679 2598 5717; x_wconf 90' lang='lat' dir='ltr'><strong>cum</strong></span> <span class='ocrx_word' id='word_1_863' title='bbox 2629 5676 2848 5717; x_wconf 67' lang='lat' dir='ltr'><strong>tumori</strong></span> <span class='ocrx_word' id='word_1_864' title='bbox 2893 5677 2982 5717; x_wconf 89' lang='lat' dir='ltr'><strong>us.</strong></span> <span class='ocrx_word' id='word_1_865' title='bbox 3010 5681 3039 5710; x_wconf 84' lang='lat'><strong><em>»</em></strong></span> 
     </span>
    </p>
   </div>
   <div class='ocr_carea' id='block_1_114' title="bbox 2206 5676 3039 5734">
    <p class='ocr_par' dir='ltr' id='par_1_114' title="bbox 2206 5676 3039 5734">
     <span class='ocr_line' id='line_1_116' title="bbox 2206 5676 3039 5734; baseline -0.006 -13"><span class='ocrx_word' id='word_1_866' title='bbox 2206 5687 2227 5714; x_wconf 76' lang='grc' dir='ltr'><strong>α</strong></span> <span class='ocrx_word' id='word_1_867' title='bbox 2263 5679 2432 5720; x_wconf 77' lang='grc'><strong>861188</strong></span> <span class='ocrx_word' id='word_1_868' title='bbox 2461 5679 2598 5720; x_wconf 88' lang='lat' dir='ltr'><strong>cum</strong></span> <span class='ocrx_word' id='word_1_869' title='bbox 2621 5676 2982 5734; x_wconf 71' lang='lat' dir='ltr'><strong>Jumormus.</strong></span> <span class='ocrx_word' id='word_1_870' title='bbox 3010 5681 3039 5710; x_wconf 82' lang='grc'>)&gt;</span> 
     </span>
    </p>
   </div>
  </div>
