4094 6212
341 396 496 460 1093

1258 391 1552 456 ORATIO
1595 386 1958 455 XXI.——IN
2002 391 2324 456 LAUDEM
2369 395 2820 459 ATHANASII.

3587 395 3744 463 1094

333 534 433 598 τῆς
465 526 715 601 Θεωρίας,
741 526 830 581 καὶ
863 523 979 580 ὅσοι
1009 530 1107 594 τῆς
1137 523 1398 596 πράξεως.
1431 525 1487 578 Ὀ
1539 525 1633 596 μὶν
1696 522 1980 579 ἰπαινείτω

2107 525 2270 581 simul
2305 530 2362 582 et
2393 527 2640 596 feminas,
2667 530 3064 586 adolescentes
3094 534 3151 585 et
3181 531 3454 603 virgines,
3490 550 3659 589 senes
3690 538 3745 589 et

332 617 396 672 τὸ
428 616 479 671 ἐν
537 615 811 686 νηστείαις
857 615 946 669 καὶ
1000 618 1352 690 προσευχαῖς,
1414 614 1527 668 οἷον
1589 611 1876 686 ἀσώματόν
1926 632 1984 667 τε

2107 617 2356 686 iuvenes,
2381 619 2712 673 sacerdotes
2735 624 2791 672 et
2815 619 3090 690 pepulus,
3116 621 3384 675 monachi
3410 626 3465 676 et
3490 622 3546 676 in
3580 624 3745 679 soda-

333 705 422 760 καὶ
454 703 618 760 ἄυλον
647 726 659 739 ·
695 705 724 758 ὁ
757 702 814 758 δὲ
841 704 903 758 τὸ
935 702 986 758 ἔν
1020 702 1336 778 ἀγρυπνίαις
1383 723 1442 757 τε
1489 701 1577 757 καὶ
1629 697 1981 775 ψαλμῳδίαις

334 791 550 850 εῦτονόν
603 813 663 848 τε
721 795 832 866 (70)
886 791 974 846 καὶ
1023 791 1290 861 ἆήντητον
1317 810 1331 823 ·
1367 787 1539 852 ἄλλος
1567 789 1630 844 τὸ
1662 790 1713 844 ἐν
1747 809 1984 866 προστα-

336 883 426 954 σίᾳ
469 887 579 937 τῶν
630 879 920 954 δεομένων,
977 878 1148 941 ἄλλος
1190 881 1290 949 τὴν
1324 880 1461 955 πρὸς
1502 880 1564 933 τὸ
1599 879 1862 954 ὑπερέχον
1895 877 1985 932 ἀν-

336 971 586 1028 τιτυπίαν
644 973 776 1045 (71),
833 970 867 1039 ἢ
903 968 1041 1046 πρὸς
1073 969 1136 1024 τὸ
1165 967 1417 1023 ταπεινόν
1451 961 1865 1044 συγκατάϐασιν.
1920 965 1987 1021 Αἱ

340 1061 616 1135 παρθένοι,
670 1059 759 1114 τὸν
812 1057 1213 1136 νυμφαγωγόνο
1274 1057 1330 1110 αἱ
1387 1057 1492 1111 ὑπὸ
1547 1057 1725 1131 ζυγὸν,
1755 1056 1846 1109 τὸν
1881 1075 1988 1108 σω-

343 1151 669 1227 φρονιστήν·
728 1149 779 1202 οἱ
834 1148 936 1216 τῆς
990 1146 1250 1222 νρημίας,
1305 1145 1398 1200 τὸν
1436 1147 1718 1221 πτερωτήν
1753 1147 1900 1214 (72)·
1935 1143 1987 1197 οἱ

339 1246 441 1309 τῆς
472 1236 762 1311 ἰπιμιξίας,
790 1237 878 1290 τὸν
909 1236 1212 1309 νομοθέτην
1239 1255 1252 1268 ο
1287 1236 1338 1289 οἱ
1365 1242 1468 1304 τῆς
1513 1232 1844 1303 ἁπλότητος,
1896 1231 1988 1287 τὸν

345 1326 544 1403 ὁδηγόν
569 1346 582 1358 ⁸
644 1327 695 1380 οἳ
749 1331 849 1394 τῆς
900 1324 1150 1401 θεωρίας,
1199 1325 1291 1378 τὸν
1343 1322 1604 1398 θεολόγον
1631 1341 1645 1354 ·
1675 1323 1726 1376 οἱ
1758 1321 1808 1376 ὲν
1843 1321 1987 1376 εὐθυ-

347 1417 491 1490 μίαις
525 1418 657 1489 (73),
688 1415 779 1469 τὸν
813 1413 1038 1489 χαλινόν
1064 1433 1078 1447 ’
1125 1414 1176 1467 οἱ
1225 1412 1277 1468 ἑν
1329 1418 1651 1490 συμφοραῖς,
1682 1412 1781 1480 τήν
1814 1410 1988 1487 παρά-

339 1504 556 1575 κλησιν⁶
587 1504 685 1572 τὴν
722 1502 1039 1576 βακτηρίαν,
1073 1505 1108 1572 ἡ
1158 1507 1367 1556 πολια·
1428 1503 1526 1570 τὴν
1588 1498 1986 1575 παιδαγωγίαν,

339 1597 373 1664 ἡ
403 1593 633 1662 νεότης·
688 1595 723 1661 ὴ
773 1591 944 1662 πενία,
1001 1592 1092 1646 τὸν
1155 1592 1418 1666 ποριστήν
1475 1593 1627 1662 (74)’
1671 1591 1706 1658 ἡ
1741 1589 1985 1660 εὐπορία,

335 1681 428 1736 τὸν
462 1679 774 1753 οἰκονόμον.
809 1678 1034 1734 Δοκοῦσί
1069 1699 1161 1752 μοι
1191 1679 1278 1733 καὶ
1309 1681 1478 1755 χῆραι
1533 1679 1625 1732 τὸν
1684 1676 1991 1752 προστάτην

339 1769 706 1826 ιπαινὲσεσθαι
732 1788 746 1800 ·
781 1768 869 1822 καί
901 1766 1151 1843 ὀρφανοὶ,
1185 1768 1276 1822 τὸν
1305 1768 1511 1842 πατέρα
1535 1785 1548 1798 ⁵
1599 1765 1689 1821 καὶ
1747 1765 1988 1841 πτωχοὶ,

2096 703 2221 759 litio
2252 706 2531 776 viventes,
2557 708 2657 777 qui
2688 708 3084 778 simplicitatis
3117 709 3338 764 alumni
3373 713 3533 774 estis,
3557 716 3614 766 et
3645 712 3745 783 qui

2096 794 2406 849 exactioris
2454 794 2583 848 vita:
2644 797 2913 861 studiosi,
2957 814 3160 851 omnes
3192 799 3460 870 denique,
3493 816 3743 870 quorum

2095 881 2231 948 vita,
2263 881 2349 936 vel
2379 882 2434 936 in
2470 884 2977 954 contemplatione,
3015 885 3095 940 vel
3140 887 3197 940 in
3252 887 3425 943 rebus
3475 890 3744 959 gerendis

2094 975 2378 1024 versatur.
2412 970 2515 1025 Hic
2559 971 2736 1041 illius,
2768 972 2925 1027 velut
2955 989 3195 1045 corpore
3222 977 3488 1031 vacantis
3522 993 3586 1032 ac
3621 995 3742 1032 ma-

2096 1059 2254 1113 teriae
2284 1058 2556 1129 expertis,
2604 1060 2662 1114 in
2705 1062 2949 1129 jejuniis
3000 1067 3173 1133 atque
3205 1065 3568 1122 orationibus
3600 1067 3747 1123 assi-

2097 1147 2381 1201 duitatem
2430 1147 2703 1202 laudibus
2747 1149 2972 1215 evehat,
3021 1151 3118 1206 ille
3174 1152 3629 1224 insuperabilem
3688 1157 3748 1211 in

2096 1235 2308 1306 vigiliis
2368 1253 2432 1290 ac
2491 1236 2838 1307 psalmodiis
2896 1240 3171 1309 vigorem.
3233 1241 3394 1297 Alius
3451 1246 3747 1315 egentium

2099 1341 2299 1379 curam
2323 1329 2380 1380 et
2409 1326 2769 1397 praesidium,
2792 1326 2963 1394 alius,
2995 1334 3054 1381 ut
3085 1329 3168 1383 vel
3203 1331 3470 1401 superbis
3494 1339 3549 1387 et
3578 1333 3748 1389 elatis

2099 1414 2400 1479 restiterit,
2427 1414 2513 1469 vel
2546 1415 2615 1468 ad
2649 1414 2902 1470 humiles
2936 1433 2996 1470 se
3028 1418 3346 1482 demiserit,
3374 1426 3588 1476 narret.
3623 1422 3746 1476 Vir-

2097 1503 2264 1574 gines
2316 1504 2650 1574 pronuhum
2695 1502 2973 1571 laudent;
3034 1521 3161 1576 quae
3207 1508 3563 1564 matrimonii
3601 1512 3746 1583 jugo

2099 1592 2424 1647 constrictae
2457 1597 2615 1657 sunt,
2650 1594 3070 1648 moderatorem
3099 1612 3111 1661 ;
3166 1596 3261 1666 qui
3307 1596 3629 1654 solitariam
3662 1601 3745 1654 vi-

2098 1684 2218 1734 tam
2250 1685 2451 1752 agunt,
2477 1681 2850 1735 excitatorem
2883 1687 2939 1736 et
2970 1688 3285 1738 erectorem
3316 1710 3327 1751 ;
3362 1687 3458 1756 qui
3491 1686 3547 1740 in
3581 1689 3744 1744 soda-

2100 1768 2226 1824 litio
2257 1768 2476 1836 vivunt,
2506 1769 2894 1840 legislatorem
2922 1787 2934 1837 ;
2970 1770 3292 1842 simplices,
3328 1774 3701 1832 deductorem
3727 1797 3742 1846 ;

335 1861 426 1913 τὸν
486 1856 875 1936 φιλόπτωχον·
945 1856 1035 1911 καὶ
1088 1855 1181 1911 τὰν
1243 1855 1538 1934 φιλόξενον,
1601 1855 1652 1909 0i.
1693 1854 1986 1925 ξὲνοι⁶καὶ

2107 1856 2481 1929 speculationi
2542 1857 2743 1926 dediti,
2792 1859 3169 1931 theologum;
3231 1863 3574 1933 praecipites,
3633 1866 3744 1921 fre-

337 1945 588 2026 ἀδελφοὶ,
617 1948 709 2001 τὸν
743 1943 1078 2023 φιλάδελφον
1106 1965 1118 1976 ·
1154 1947 1206 1999 οἱ
1234 1949 1545 2015 νοσοῦντες,
1567 1944 1660 1998 τὸν
1688 1945 1890 2018 ἰατρὸν,
1921 1945 1981 2012 ἣν

343 2037 532 2114 βούλει
585 2034 740 2091 νόσον
794 2034 884 2089 καὶ
941 2033 1212 2109 ἰατρείαν·
1275 2035 1328 2088 οἱ
1370 2031 1723 2109 ὕγιαίνοντες,
1755 2033 1844 2087 τὸν
1896 2032 1990 2107 φύ-

341 2124 483 2181 λακα
510 2131 610 2194 τῆς
644 2122 822 2200 ὑγείας
853 2125 966 2197 (75)
995 2141 1008 2155 ·
1071 2123 1122 2177 οἱ
1180 2121 1394 2192 πάντες,
1427 2124 1516 2177 τὸν
1548 2128 1678 2177 πᾶσι
1710 2122 1884 2175 πάντα
1912 2142 1992 2195 γι-

338 2213 567 2288 νόμενον
599 2215 732 2287 (76),
759 2209 850 2266 ἵνα
879 2209 1105 2285 κερδάνῃ
1131 2213 1258 2274 τοὺς
1289 2210 1568 2280 πάντας,ἣ
1599 2209 1879 2271 πλείονας.

2095 1963 2266 2015 num;
2293 1946 2637 2016 calamitosi,
2661 1947 3117 2016 consolatorem;
3144 1951 3406 2018 canities,
3432 1952 3742 2022 baculum,

2091 2035 2402 2105 juventus,
2462 2036 2888 2108 paedagogum;
2951 2046 3295 2110 paupertas,
3357 2040 3745 2113 largitorem;

2099 2125 2333 2194 divitias,
2373 2123 2860 2195 dispensatorem.
2922 2127 3070 2191 Quin
3134 2128 3277 2182 mihi
3335 2129 3628 2199 videntur,
3689 2137 3746 2189 et

2099 2212 2285 2268 viduae
2318 2217 2627 2284 patronum
2661 2212 3006 2281 laudaturae,
3039 2221 3096 2270 et
3126 2217 3354 2288 pupilli,
3389 2225 3611 2289 patrem
3639 2245 3653 2286 ;
3686 2225 3744 2277 et

340 2320 649 2376 pauperes,
681 2318 1007 2374 pauperum
1065 2301 1433 2369 studiosum;
1483 2305 1541 2356 et
1585 2299 1897 2372 peregrini,
1938 2299 2307 2371 hospitalem,
2341 2306 2398 2356 et
2443 2303 2673 2374 fratres,
2725 2302 2968 2357 fratrum
3019 2309 3344 2373 amantem;
3379 2312 3744 2379 aegrotantes,

341 2393 659 2456 medicum,
692 2391 870 2462 idque
901 2391 1327 2461 cujuscumque
1359 2387 1546 2444 morbi
1590 2405 1655 2444 ac
1705 2388 2118 2444 medicamenti
2149 2391 2434 2458 volueris;
2467 2391 2617 2457 sani,
2653 2390 3003 2447 valetudinis
3041 2395 3373 2464 custodem;
3409 2413 3613 2453 omnes
3645 2399 3744 2454 de-

341 2480 518 2551 nique
549 2494 706 2548 eum,
739 2478 839 2549 qui
871 2478 1070 2533 omnia
1093 2477 1368 2533 omnibus
1397 2477 1587 2532 factus
1617 2481 1724 2544 est,
1758 2481 1825 2531 ut
1854 2493 2078 2549 omnes,
2111 2478 2198 2533 vel
2233 2495 2410 2550 quam
2444 2479 2730 2550 plurimos
2761 2479 3126 2537 lucrifaceret
3145 2482 3208 2537 ⁸⁸.

409 2571 514 2624 IA’.
573 2568 753 2623 Ταῦτα
808 2566 902 2638 μὶν
952 2564 1066 2632 οὗν,
1126 2563 1257 2640 ὅπερ
1317 2565 1490 2634 εἷπον,
1524 2561 1689 2618 ἄλλοι
1720 2561 1986 2636 θαυμαζὲ-

335 2656 510 2711 τωσάν
542 2675 599 2709 τε
627 2653 716 2709 καὶ
749 2652 1171 2726 ἀνυμνείτωσαν,
1205 2652 1285 2714 οἷς
1324 2651 1506 2727 σχολή
1537 2653 1604 2706 τὰ
1665 2652 1834 2727 μικρὰ
1880 2655 1987 2705 τῶν

338 2743 543 2798 ἐκείνου
603 2742 916 2816 θαυμάζειν.
976 2744 1158 2818 Μικρά
1185 2741 1240 2797 δὶ
1273 2742 1398 2797 ὅταν
1433 2739 1591 2811 εἷ’πω,
1622 2742 1779 2796 αὐτὸν
1815 2741 1990 2812 ἑαυτῷ

340 2831 637 2908 συγκρίνων
697 2831 860 2908 λέγω,
917 2832 1006 2885 καὶ
1064 2834 1130 2886 τὰ
1187 2831 1394 2887 ἐκείνου
1421 2837 1536 2893 τοῖς
1568 2831 1773 2886 ἐκείνου
1806 2830 1994 2905 παρεξ-

345 2924 545 2990 ετάζων
601 2920 685 2994 (οὐ
741 2922 841 2996 γὰρ
902 2917 1208 2990 δεδόξασται
1268 2923 1380 2994 (77)
1440 2921 1502 2975 τὸ
1580 2917 1990 2992 δεδοξασμένον,

345 3010 442 3065 κᾶν
599 3009 720 3064 Λίαν
751 3007 1030 3085 λαμπρὸτ,
1061 3007 1237 3063 ἕνεκεν
1265 3013 1379 3079 (78)
1409 3016 1508 3078 τῆς
1543 3004 1996 3084 ὑπερϐαλλούσης

351 3097 531 3169 δόξης,
602 3097 779 3171 ὥσπερ
828 3097 1194 3171 ἡκούσαμεν)·
1256 3097 1371 3152 ἐπεὶ
1416 3098 1504 3152 καὶ
1541 3092 1704 3171 όλίγα
1731 3101 1837 3151 τῶν
1871 3094 1996 3150 τού-

2166 2567 2255 2622 Xl.
2290 2568 2418 2623 Haec
2447 2568 2644 2639 igitur,
2671 2573 2736 2622 ut
2766 2569 3044 2640 diximus,
3069 2571 3165 2625 alii
3197 2571 3486 2630 mirentur
3519 2580 3576 2630 et
3606 2593 3746 2647 pras-

2098 2656 2312 2737 dicent,
2361 2657 2577 2728 quibus
2634 2662 2863 2712 tantum
2922 2660 3022 2714 otii
3084 2662 3364 2732 suppetit,
3412 2669 3476 2718 nt
3505 2664 3746 2737 exiguas

2100 2736 2256 2791 illius
2277 2737 2520 2792 virtutes
2543 2737 2817 2793 laudibus
2842 2747 3288 2811 prosequantur.
3309 2742 3553 2814 Exiguae
3579 2736 3747 2816 porro

2101 2842 2234 2880 cum
2268 2827 2417 2896 dico,
2443 2827 2638 2896 ipsum
2670 2843 2866 2881 secum
2892 2844 3238 2899 comparans
3268 2831 3418 2896 dico,
3445 2833 3749 2905 ipsiusque

2101 2916 2346 2969 virtutes
2396 2932 2529 2970 cum
2575 2916 2760 2986 ipsius
2807 2917 3126 2972 virtutibus
3174 2921 3478 2976 conferens
3537 2937 3748 2994 (neque

2102 3004 2259 3058 enim
2291 3003 2348 3058 id
2382 3005 2536 3074 quod
2569 3004 2957 3075 glorificatum
2988 3013 3095 3072 est,
3117 3007 3506 3076 glorificatum
3539 3017 3627 3065 est
3655 3013 3748 3078 ‘3‘,

2104 3093 2279 3147 etiam
2304 3092 2352 3146 si
2375 3092 2538 3147 valde
2560 3093 2638 3148 sit
2658 3093 3056 3164 splendidum,
3081 3103 3317 3168 propter
3337 3100 3748 3156 exuberantem

350 3208 471 3257 του,
517 3186 719 3261 ἕτεροις
776 3186 1013 3262 αὐτάρκη
1074 3186 1212 3262 πρὸς
1261 3184 1634 3258 εὐδοκίμησιν.
1704 3186 1862 3258 Ἡμῖν
1939 3182 1998 3239 δὶ

2109 3180 2550 3252 gloriam,ve1ut
2579 3180 2789 3236 litteris
2817 3184 3000 3238 sacris
3032 3185 3325 3254 proditum
3357 3188 3500 3257 est);
3533 3187 3750 3260 alioqui

356 3275 442 3349 (ού
471 3279 575 3353 γὰρ
608 3275 824 3331 ἀνεκτόν
857 3275 1239 3332 καταλείπουσι
1281 3279 1392 3349 (79)
1435 3276 1526 3330 τὸν
1573 3274 1757 3349 λόγον.
1809 3272 1996 3328 διακο-

353 3370 461 3419 νεῖν
516 3370 630 3426 τοῖς
689 3364 1011 3438 ἐλάττοσιν),
1071 3364 1151 3418 ἐπ’
1206 3364 1336 3418 αὐτὸ
1393 3365 1455 3418 τὸ
1493 3364 1823 3439 κυριώτατον
1885 3364 1998 3436 (80)

351 3459 458 3508 τῶν
511 3453 708 3508 ἐκείνου
756 3453 1034 3528 τρεπτὲον.
1085 3458 1218 3509 Θεοῦ
1267 3450 1325 3508 δὲ
1372 3450 1549 3527 ἔργον,
1591 3452 1722 3527 ὑπὲρ
1757 3451 1937 3506 οὔκαὶ
1969 3452 1997 3505 ὁ

354 3542 543 3616 λόγος,
594 3542 761 3597 εἰπεῖν
809 3563 859 3596 τι
906 3548 1007 3611 τῆς
1050 3540 1256 3597 ἐκείνου
1299 3539 1703 3617 μεγαληγορίας
1752 3539 1842 3595 καὶ
1894 3543 1998 3615 ψυ-

349 3638 461 3706 χῆς
495 3629 635 3699 ἄξιον
653 3674 664 3688 .

2109 3285 2294 3341 pauca
2323 3269 2498 3326 etiam
2530 3268 2689 3325 illius
2711 3277 3053 3326 ornamenta
3081 3275 3370 3342 ejusmodi
3402 3281 3560 3344 sunt,
3586 3284 3650 3332 ut
3678 3279 3751 3333 ad

2110 3359 2365 3414 nominis
2387 3359 2780 3414 celebritatem
2807 3359 2938 3415 aliis
2958 3362 3190 3416 abunde
3218 3379 3346 3418 esse
3377 3371 3613 3434 queant.
3638 3367 3750 3423 N0-

2108 3449 2200 3504 bis
2257 3457 2450 3504 autem
2512 3451 2634 3518 (nec
2679 3449 2833 3503 enim
2886 3450 3187 3505 ferendum
3234 3457 3344 3518 est,
3396 3470 3522 3521 nos,
3555 3455 3754 3513 relicto

2105 3538 2302 3604 verbo,
2335 3538 2509 3592 rebus
2541 3537 2776 3593 levioris
2806 3540 3090 3594 momenti
3123 3540 3504 3615 ministrare),
3538 3545 3610 3600 ed
3671 3545 3754 3612 id,

2106 3627 2259 3697 quod
2293 3626 2531 3680 laudum
2565 3625 2751 3697 ipsius
2774 3637 2950 3697 caput
2968 3633 3076 3698 est,
3097 3632 3483 3685 convertenda
3513 3637 3600 3687 est
3625 3649 3753 3688 ora-

346 3721 450 3778 tio.
482 3721 597 3776 Deo
627 3737 779 3787 vero,
811 3721 982 3790 cujus
1013 3736 1189 3776 causa
1219 3719 1375 3774 hunc
1405 3735 1634 3790 quoque
1664 3733 1996 3775 sermonem
2039 3714 2432 3781 instituimus,
2464 3719 2766 3786 acceptum
2813 3718 3178 3772 referendum
3211 3720 3340 3790 erit,
3373 3720 3420 3774 si
3452 3721 3750 3792 quidpiam

346 3810 689 3877 dixerimus,
723 3809 877 3880 quod
909 3807 1066 3863 illius
1097 3807 1617 3878 grandiloquentiaa
1649 3807 1949 3877 animique
1978 3805 2179 3861 virtuti
2211 3805 2578 3874 respondeat.

419 3900 518 3954 lB’.
569 3899 665 3952 Ἦν
716 3897 804 3952 ὅτε
852 3893 1067 3967 ἤκμαζε
1111 3895 1179 3949 τὰ
1220 3894 1482 3969 ἡμέτερα,
1532 3894 1622 3949 καὶ
1680 3892 1864 3955 καλῶς
1917 3893 1992 3948 εἴ·

347 4005 463 4061 χεν,
511 3985 671 4054 ἡνίκα
717 3986 779 4040 τὸ
831 3985 923 4056 μὶν
974 3984 1223 4054 περιττὸν
1285 3986 1470 4057 τοῦτο,
1522 3982 1614 4038 καὶ
1676 3983 1993 4057 κατεγλωτ-

346 4075 598 4146 τισμένον
646 4081 746 4142 τῆς
797 4071 1078 4149 θεολογίας
1128 4072 1218 4127 καὶ
1263 4068 1534 4148 ἔντεχνον,
1588 4069 1712 4127 οὐδὲ
1755 4069 1992 4148 πάροδον

353 4163 496 4238 εῖχεν
526 4162 602 4224 εἷς
645 4166 741 4224 τας
793 4164 935 4226 θείας
984 4159 1174 4232 αὐλὰς,
1211 4159 1356 4217 ἀλλὰ
1383 4163 1573 4216 ταυτὸν
1606 4162 1672 4231 ἦν
1705 4163 1908 4238 ψήφοις
1937 4181 1997 4215 τε

351 4251 585 4321 παίζειν,
616 4253 714 4320 τὴν
745 4245 865 4325 ὄψιν
897 4250 1257 4312 κλεπτούσαις
1297 4249 1377 4324 τῷ
1419 4249 1576 4326 τάχει
1621 4257 1721 4319 τῆς
1777 4249 1995 4323 μεταθὲ-

351 4360 506 4408 σεως,
584 4340 618 4408 ἢ
695 4341 1076 4415 κατορχεῖσθαι
1153 4344 1258 4394 τῶν
1335 4341 1534 4394 θεατῶν
1579 4340 1852 4401 παντοίοις
1908 4337 1998 4393 καί

2173 3893 2327 3948 393
2356 3892 2473 3947 XII.
2513 3893 2639 3947 Fuit
2669 3893 2964 3963 quondam
3015 3899 3270 3966 tempus,
3319 3913 3448 3952 cum
3504 3911 3596 3952 res
3649 3914 3752 3953 n0-

2102 3989 2237 4040 straa
2270 3982 2561 4049 ﬂorerent,
2585 3997 2650 4036 ac
2682 3980 2954 4052 praclare
2984 3998 3045 4039 se
3078 3982 3381 4052 haberent,
3408 4001 3541 4040 cum
3574 3986 3754 4041 nimi-

2105 4088 2235 4128 rum
2268 4069 2566 4140 superﬂua
2596 4069 2738 4132 hsac,
2768 4074 2825 4124 et
2853 4072 3161 4126 verborum
3195 4071 3390 4145 lepore
3420 4079 3596 4145 atque
3629 4080 3751 4130 arts

2106 4162 2300 4216 fucata
2327 4159 2642 4212 tractandae
2663 4158 2962 4230 theologica
2995 4160 3163 4228 ratio,
3189 4164 3258 4216 ad
3291 4162 3519 4218 divinas
3550 4163 3752 4220 caulas

2109 4267 2179 4305 ne
2212 4247 2434 4304 aditum
2467 4247 2704 4318 quidem
2739 4247 3025 4304 habebat:
3062 4267 3261 4306 verum
3296 4251 3451 4306 idem
3483 4257 3606 4308 erat
3636 4253 3754 4308 cal-

2109 4337 2255 4394 culis
2289 4336 2506 4405 ludere,
2540 4335 2888 4391 inversionis
2928 4337 3224 4394 celeritate
3252 4340 3550 4396 oculorum
3582 4343 3752 4397 obtu-

350 4423 697 4501 ἀνδρογύνοις
740 4425 1052 4500 λυγίσμασι,
1101 4426 1190 4480 καὶ
1237 4429 1362 4502 περὶ
1410 4432 1542 4482 Θεοῦ
1586 4425 1758 4503 λέγειν
1790 4448 1842 4482 τι
1900 4426 1989 4482 καὶ

2107 4433 2225 4482 tum
2261 4424 2617 4491 fallentibus,
2646 4431 2747 4478 aut
2777 4426 3106 4497 omnigenis
3137 4432 3192 4482 et
3224 4428 3455 4484 lascivis
3487 4432 3752 4502 corporis

347 4513 558 4569 ἀκούειν
619 4513 926 4589 καινότερον
957 4515 1045 4569 καὶ
1095 4517 1208 4588 (81)
1239 4515 1522 4590 περίεργον
1550 4536 1562 4548 ·
1595 4502 1745 4572 τὸνδὶ
1781 4514 1989 4571 ἁπλοῦν

2107 4514 2348 4571 ﬂexibus
2379 4517 2734 4584 spectatores
2765 4512 3072 4586 ludiﬁcari,
3097 4519 3250 4587 quod
3285 4518 3414 4574 novi
3447 4520 3750 4590 quidpiam

416 4615 460 4650 ⁴³
493 4617 511 4670 l
543 4615 674 4671 Cor.
702 4632 783 4683 1x,
811 4617 901 4672 22.
978 4616 1047 4651 ‘3‘
1078 4616 1127 4671 ΙΙ
1157 4614 1286 4671 Cor.
1318 4632 1402 4682 in,
1438 4617 1524 4672 10.

415 4714 524 4854 (70)
554 4717 639 4767 Τε.
675 4719 842 4802 Dee‘st
878 4715 938 4770 in
971 4715 1230 4840 quinqaluo
1261 4715 1437 4786 Regg.
1472 4720 1530 4771 et
1559 4715 1654 4771 Or.
1692 4717 1743 4770 1.

437 4785 531 4854 71)
571 4784 712 4854 Πρὸς
741 4805 803 4839 το
837 4785 967 4854 ὑπερ
998 4805 1099 4854 χον
1171 4787 1468 4842 ντιτυπίαν.
1506 4810 1533 4837 ‹‹
1566 4787 1639 4843 Ut
1671 4788 1743 4843 el!

437 4785 536 4861 7i)_
571 4784 803 4861 H9001?)
837 4784 1099 4861 ὑπερέχον
1133 4784 1468 4861 ἆντιτυπίαν.
1506 4810 1533 4861 (ξ
1566 4787 1639 4843 Ut
1671 4788 1838 4843 elatis
1870 4805 1994 4843 res-

345 4855 645 4930 tituerit,»
680 4859 736 4912 id
767 4865 893 4930 est,
924 4855 951 4909 (ἑ
985 4855 1478 4923 Ρίωοοίὶοοῐὶὺυε,
1513 4859 1992 4930 Imperatoribus,

349 4927 659 5001 greatectis,
722 4929 954 5000 pietatis
1011 4947 1078 4987 ac
1136 4930 1269 4986 fidei
1327 4927 1623 4998 hostibus;
1678 4931 1994 5001 Haereticis,

348 4999 636 5063 Ethnicis,
669 5006 777 5055 etc.
804 5022 832 5050 ››

421 5071 533 5143 (72)
562 5070 659 5145 Τὸν
689 5072 992 5145 πτερωτήν.
1027 5094 1053 5121 ‹‹
1086 5070 1220 5126 Ales
1253 5072 1587 5141 addentem,
1622 5073 1862 5130 sublimi
1892 5092 1992 5131 vo-

349 5140 472 5197 latu
505 5140 870 5198 excitantem.
899 5165 928 5194 »

441 5213 531 5284 73)
564 5211 877 5285 Εῦθυμίαις.
910 5215 1054 5278 Jes.,
1084 5209 1328 5284 εὐθυμία.

442 5285 532 5359 74)
570 5283 668 5337 Τὸν
715 5283 1008 5359 ποριστήν.
1039 5309 1064 5333 α
1101 5285 1208 5349 Qui
1253 5283 1429 5340 victui
1478 5287 1809 5343 necessarie
1854 5289 1995 5344 sub-

347 5353 664 5410 miniétret.
689 5379 718 5405 »

557 5427 785 5501 Ὑγείας.
822 5426 1174 5501 DuoRegg.,
1210 5424 1430 5501 ὑγιείας.

414 5475 527 5621 2:63
570 5475 1232 5570 6.32;,12903."QH;?35;3
1255 5475 1467 5570 ἰιέέξη
1513 5497 1607 5555 0r.
1658 5503 1713 5568 2,
1763 5501 1994 5571 Comb.,

414 5593 426 5620 Ι
470 5587 644 5621 μενον.

376 5587 644 5625 ενομενον.

337 5587 644 5643 γινομενον.

392 5641 522 5717 ’(77)
554 5639 627 5695 Οὐ
684 5639 784 5717 γᾲρ
845 5636 1178 5717 δεδόξασται,
1217 5644 1328 5717 etc.
1381 5638 1608 5717 Alludit
1663 5643 1994 5717 Theclogus

337 5710 424 5766 ad
461 5711 583 5769 haec
631 5710 808 5771 verba
856 5718 1060 5786 Apost.
1118 5713 1166 5769 II
1214 5713 1340 5768 Cor.
1375 5727 1460 5784 ιιι,
1497 5714 1562 5769 10
1594 5731 1662 5772 :«
1696 5715 1844 5774 Nam
1885 5710 1994 5774 nec

2104 4713 2495 4790 glorificatum
2528 4717 2635 4790 est,
2659 4713 2825 4790 quod
2859 4713 3066 4790 claruit
3095 4715 3153 4771 in
3182 4716 3293 4790 hac
3327 4722 3486 4790 parte
3518 4723 3753 4790 propter

2105 4784 2480 4860 excellentem
2525 4784 2794 4854 gloriam,
2822 4806 2859 4860 »ᾉ
2881 4793 2990 4842 etc.
3026 4789 3101 4842 Ea
3145 4784 3436 4860 siquidem
3471 4784 3540 4845 ad
3578 4784 3750 4845 Atha-

2106 4857 2255 4912 nasii
2288 4856 2503 4931 laudes
2524 4858 2997 4920 accommodans,
3031 4856 3322 4931 signiticat
3363 4861 3523 4916 illius
3568 4863 3753 4916 virtu-

2105 4935 2213 5003 tes,
2239 4944 2386 5003 quas
2419 4928 2581 5003 prius
2608 4931 3060 5003 percongeriem
3087 4928 3754 5003 enumeraverat,quam-

2103 5001 2190 5054 vis
2223 4999 2478 5054 maxima
2511 4999 2680 5053 laude
2701 4999 2890 5070 dignae
2922 5001 3058 5067 sint,
3123 5021 3289 5059 arvas
3321 4999 3750 5060 tamen-haberi

2106 5087 2295 5130 nosse,
2330 5073 2378 5126 si
2411 5087 2544 5125 cum
2578 5071 2669 5130 iis.
2704 5088 2850 5130 quas
2883 5088 3016 5128 mox
3048 5022 3332 5130 ailaturus
3371 5083 3479 5130 est.
3513 5094 3747 5130 comoe-

2105 5087 2295 5197 postse,
2330 5073 2378 5126 si
2411 5087 2544 5125 cum
2578 5071 2669 5136 iis,
2704 5088 2850 5142 quas
2883 5088 3016 5128 mox
3048 5071 3332 5132 allaturus
3371 5083 3479 5145 est,
3513 5094 3747 5148 compe-

2105 5161 2201 5197 reu
2238 5160 2325 5196 ur.

2105 5160 2325 5200 rentur.

2178 5217 2284 5283 (78)
2317 5212 2555 5286 Ἕνεκεν..
2585 5210 2781 5269 Plures
2809 5215 2999 5286 codd.,
3034 5213 3249 5272 ε’ίνεκεν.

2177 5281 2743 5358 (79')Kata)\_c_i1t9_uag.
2792 5287 2929 5358 Reg.
2981 5281 3037 5356 ἃ,
3084 5289 3178 5344 Or.
3230 5289 3269 5356 l,
3318 5288 3598 5354 Combef.,
3649 5307 3749 5339 κα-

2102 5353 2413 5431 ταλιποῦσι.
2446 5355 2670 5431 Alludit
2699 5353 3033 5431 Gregorius
3065 5362 3134 5416 ad
3185 5353 3306 5416 haec
3359 5360 3503 5416 Petri
3553 5353 3748 5421 verba,

2104 5433 2229 5503 Act.
2261 5444 2341 5503 v_1,
2369 5430 2444 5503 _2:
2475 5450 2501 5476 u
2529 5427 2663 5503 Neu
2684 5434 2772 5483 est
2802 5427 3031 5503 aequum
3063 5449 3170 5488 nos
3201 5432 3602 5502 derelinquere
3629 5447 3750 5485 ver-

2108 5501 2248 5556 bum
2280 5498 2404 5566 Dei,
2437 5503 2494 5551 et
2523 5498 2856 5557 ministrare
2870 5498 3127 5559 ‘mensis.
3156 5526 3182 5553 »

2321 5569 2683 5649 [Spptu'i'tarom
2720 5573 2868 5649 Pa_r.,
2905 5575 3284 5649 καιριῴτατον.

2177 5639 2286 5769 (ἰδέ)
2338 5639 2663 5717 Καινότερον
2721 5639 3012 5703 καί.Ἠωό
3072 5647 3285 5702 desunt
3338 5642 3397 5697 in
3455 5639 3747 5718 plerisque

2106 5729 2274 5770 οοαα.
