4094 6212
296 463 422 529 1097

1188 460 1476 525 ORATIO
1521 456 1877 525 XXI.——IN
1924 452 2241 524 LAUDEM
2292 456 2735 521 ATHANASII.

3510 458 3669 521 1098

292 601 462 667 στάτην
514 601 612 651 τοῦ
661 592 859 671 Λόγοῦ·
910 596 1069 670 (πρὸς
1116 596 1217 671 γὰρ
1255 598 1315 651 τὸ
1347 598 1634 650 ἀντιτεῖνον
1673 592 1907 667 μάλιστα

2044 592 2133 648 llis
2165 592 2397 651 initium
2429 595 2689 666 capiunt,
2714 612 2963 668 quarum
3000 594 3153 650 fama
3181 600 3395 650 terram
3432 610 3575 665 pene
3607 610 3673 648 ac

292 685 648 761 ἡπαράταξις,
682 684 767 739 καὶ
799 680 1028 738 ἄΛΛοθεν
1058 682 1199 739 ἄλλο
1241 706 1293 739 τι
1342 689 1451 739 τῶν
1497 680 1681 737 δεινῶν
1724 682 1911 758 περιρ-

294 773 392 849 ῥὲον
422 776 554 846 (91)·
596 773 800 849 ιύρὲτις
831 776 944 845 (92)
975 773 1077 846 γὰρ
1108 778 1285 827 κακῶν
1321 776 1354 843 ἡ
1390 767 1625 837 ἀσέϐεια,
1672 771 1761 825 καὶ
1792 770 1911 825 λίαν

289 861 552 935 τολμηρὸν
584 862 659 924 εἰς
692 862 1018 937 ἐγχείρησιν
1070 866 1185 923 πῶς
1231 859 1287 916 δὲ
1334 861 1628 935 ἀνθρώπων
1677 856 1913 931 ἔμελλον

292 948 563 1029 φείδεσθαι,
598 950 649 1005 οἱ
680 950 934 1021 θεότητος
969 951 1043 1021 μὴ
1077 950 1391 1027 φεισάμενοι
1419 954 1454 1019 ;)
1499 949 1597 1021 μία
1648 946 1704 1003 δὲ
1754 968 1917 1023 προσ-

294 1036 454 1095 ϐολῶν
488 1040 576 1093 καὶ
607 1040 718 1112 (93)
750 1036 1142 1113 χαλεπωτάτη.
1179 1038 1519 1114 Συνεισφὲρω
1556 1058 1608 1091 τι
1638 1036 1726 1090 καὶ
1758 1035 1917 1098 αὐτὸς

287 1134 353 1201 τῷ
403 1127 665 1204 δράματι⁶
734 1125 880 1182 ἀλλὰ
939 1148 1033 1199 μοι
1089 1128 1419 1202 παρῃτήσθω
1478 1127 1591 1198 (94)
1644 1124 1706 1179 τὸ
1758 1122 1916 1202 φίλον

287 1216 461 1294 ἔδαφος
511 1219 545 1286 ἡ
592 1215 825 1291 πατρίς·
876 1214 937 1269 οὐ
968 1215 1067 1291 γὰρ
1115 1222 1216 1284 τῆς
1262 1214 1607 1289 ἐνεγκούσης,
1640 1211 1782 1268 ἀλλὰ
1809 1216 1917 1267 τῶν

284 1303 654 1380 προελομένων
688 1306 799 1377 (95)
829 1305 864 1373 ἡ
896 1303 1152 1379 πονηρία,
1185 1304 1250 1360 Ἡ
1286 1303 1379 1376 μὶν
1411 1303 1515 1376 γὰρ
1564 1302 1683 1376 ἱερά
1722 1322 1782 1356 τε
1828 1300 1919 1355 καὶ

283 1415 423 1448 πασιν
456 1391 537 1447 ἐπ’
567 1389 806 1462 εὐσεϐείᾳ
834 1392 1135 1467 γνώριμος’
1171 1392 1224 1445 οἱ
1255 1387 1312 1445 δὲ
1340 1391 1544 1462 ἀνάξιοι
1583 1392 1683 1459 τῆς
1731 1388 1918 1444 τεκού-

284 1503 372 1553 σης
427 1480 619 1543 αὐτοὺς
677 1479 1028 1550 Ἐκκλησίας.
1088 1479 1321 1543 Φύεσθαι
1382 1477 1438 1534 δὲ
1479 1478 1567 1534 καὶ
1600 1478 1649 1532 ἰν
1684 1474 1918 1551 ἀμπᾶλῳ

285 1573 384 1644 (96)
417 1571 577 1644 βάτον
607 1568 892 1639 ἠκούσατε·
925 1567 1015 1623 καὶ
1045 1569 1270 1640 Ἰούδας,
1301 1572 1410 1623 τῶν
1447 1571 1704 1641 μαθητῶν
1751 1568 1846 1634 εἷς,
1889 1565 1918 1621 ὁ

281 1656 562 1735 προδότης.

2025 700 2184 739 mare
2217 685 2522 757 implevit),
2554 686 2779 740 varium
2813 684 2895 740 illi
2946 684 3207 758 quidem,
3241 701 3305 740 ac
3346 683 3670 755 multiplex,

2027 775 2093 825 ut
2134 777 2371 829 strenuo
2418 773 2593 828 Verbi
2642 774 2927 829 defensori
2965 773 3183 828 bellum
3224 774 3515 827 infertur:
3552 776 3675 840 (ad-

2031 876 2237 915 versus
2268 878 2401 917 eum
2461 863 2616 917 enim
2667 865 2767 933 qui
2799 863 3052 929 obsistit,
3100 879 3166 917 ao
3214 867 3414 917 contra
3444 861 3672 929 nititur,

2029 949 2410 1005 infestissima
2442 968 2570 1006 esse
2596 951 2749 1006 acies
2778 951 3008 1007 hostilis
3040 952 3203 1014 solet,
3239 956 3411 1022 atque
3440 950 3675 1005 aliunde

2030 1037 2186 1092 aliud
2220 1040 2515 1109 quoddam
2550 1039 2874 1110 periculum
2899 1040 3125 1107 inﬂuit;
3158 1039 3340 1094 solers
3371 1040 3587 1110 quippe
3618 1044 3677 1093 et

2030 1125 2334 1197 ingeniosa
2366 1128 2437 1182 ad
2470 1129 2851 1199 excogitanda
2882 1130 3032 1182 mala
3066 1132 3154 1183 est
3184 1128 3475 1199 impietas,
3501 1134 3677 1199 atque

2030 1216 2099 1270 ad
2148 1216 2371 1286 aliquid
2419 1217 2881 1289 aggrediendum
2930 1217 3074 1272 mire
3124 1218 3314 1271 audax
3355 1216 3675 1286 :quoniam

2031 1309 2229 1359 autem
2265 1305 2433 1360 modo
2484 1305 2823 1360 hominibus
2868 1310 3194 1376 parcerent,
3245 1305 3344 1376 qui
3388 1303 3678 1359 divinitati

2032 1409 2143 1447 non
2178 1394 2607 1465 pepercerant?
2638 1394 2654 1465 )
2687 1393 2849 1450 Unus
2880 1398 3074 1450 tamen
3114 1393 3209 1448 hic
3237 1394 3491 1465 impetus
3527 1397 3679 1447 atro-

2029 1481 2305 1537 cissimus
2328 1483 2455 1538 fuit.
2484 1483 2628 1538 Nam
2654 1484 2779 1555 ipse
2802 1498 3034 1554 quoque
3056 1483 3127 1538 ad
3152 1481 3304 1537 hanc
3331 1481 3676 1552 tragmdiam

2030 1570 2296 1625 nonnihil
2330 1572 2584 1626 confero.
2622 1577 2811 1643 Atque
2854 1571 2947 1626 hic
2998 1571 3143 1626 mihi
3173 1569 3542 1626 carissimum
3580 1585 3677 1622 so—

2028 1654 2175 1725 lum,
2211 1661 2480 1731 patriam,
2512 1659 2776 1731 inquam,
2804 1676 3017 1729 meam,
3050 1659 3206 1715 omni
3241 1658 3484 1713 crimine
3517 1657 3678 1712 solu-

284 1756 398 1806 tam
429 1748 602 1806 velim
638 1764 651 1804 :
688 1747 1037 1820 improbitas
1067 1747 1247 1818 enim,
1280 1765 1392 1804 non
1445 1747 1667 1820 patriae,
1700 1746 1799 1802 sed
1850 1745 1944 1813 iis,
1978 1746 2077 1817 qui
2120 1747 2299 1802 animi
2352 1749 2689 1804 inductione
2737 1748 2923 1820 ipsam
2969 1748 3288 1820 elegerunt,
3322 1747 3681 1819 assignanda

278 1847 374 1895 est.
406 1837 507 1893 Illa
537 1837 693 1892 enim
724 1837 937 1909 quippe
967 1853 1155 1904 sacra,
1189 1842 1247 1892 et
1278 1837 1431 1909 apud
1467 1852 1683 1893 omnes
1716 1833 1953 1906 pietatis
1980 1831 2155 1891 laude
2186 1835 2343 1891 clara
2374 1840 2430 1891 et
2459 1836 2707 1892 illustris
2737 1841 2857 1904 est;
2895 1837 2948 1891 hi
2983 1842 3177 1892 autem
3213 1835 3467 1891 Ecclesia
3498 1841 3683 1889 matre

281 1927 517 1999 indigni.
552 1926 727 1981 Porro
757 1925 815 1979 in
846 1926 1015 1981 vinea
1045 1941 1278 1996 quoque
1308 1925 1539 1997 spinam
1593 1925 1753 1980 nasci
1784 1921 2055 1978 audiistis
2076 1925 2118 1960 ⁶¹
2158 1942 2171 1980 :
2206 1942 2271 1980 ac
2300 1925 2507 1992 Judas,
2540 1926 2640 1997 qui
2670 1925 2729 1981 in
2761 1925 3188 1997 discipulorum
3240 1940 3480 1980 numero
3531 1928 3675 1989 erat,

282 2016 532 2088 proditor
561 2015 672 2070 fuit
691 2015 757 2069 ⁸³.

345 2108 443 2161 IE'.
508 2102 626 2156 Εὶσὶ
690 2102 783 2174 μὲν
842 2100 956 2169 οὗν,
1012 2098 1065 2155 οἵ
1126 2100 1266 2173 μηδὲ
1320 2101 1411 2155 τὸν
1467 2101 1761 2173 ὁμώνυμον
1803 2102 1917 2174 (97)

2098 2102 2211 2159 Χν.
2250 2101 2362 2158 Nec
2393 2119 2524 2158 vero
2559 2104 2792 2171 desunt,
2827 2103 2929 2175 qui
2980 2118 3051 2158 ne
3084 2118 3276 2158 meum
3310 2101 3545 2174 quidem
3580 2117 3674 2156 co-

277 2191 391 2265 ἐμοὶ
462 2197 565 2259 τῆς
641 2189 813 2251 αἰτίας
891 2190 1140 2265 ἀφιᾶσιν·
1220 2189 1279 2251 ὅς
1357 2190 1493 2243 κατὰ
1567 2186 1913 2251 παιδεύσεως

280 2278 462 2354 ἔρωτα,
502 2282 570 2352 τῇ
627 2275 1016 2353 Ἀλεξανδρέων
1067 2274 1353 2348 ἐπιδημῶν
1403 2276 1524 2332 τότε
1581 2276 1765 2346 πόλει,
1825 2277 1915 2331 καὶ

276 2367 444 2435 πάσης
503 2368 629 2442 παρ’
687 2364 852 2420 αὐτοῦ
906 2366 1090 2441 τυχὼν
1152 2363 1464 2436 διξιώσεως,
1518 2363 1613 2420 ’ίσα
1666 2366 1909 2420 καὶπαί-

278 2454 376 2511 δων
408 2456 435 2510 6
482 2456 838 2528 τιμιώτατος,
898 2454 988 2508 καὶ
1044 2459 1150 2509 τῶν
1203 2457 1270 2510 τὰ
1329 2455 1556 2530 μέγιστα
1601 2454 1917 2529 πιστευομέ-

274 2570 393 2619 νων,
446 2546 521 2609 εἷς
581 2544 678 2615 ὣν,
729 2544 1101 2612 ἐπανάστασιν,
1152 2540 1224 2606 ὤς
1256 2566 1404 2621 φασι,
1470 2543 1785 2621 βουλεύεται
1835 2550 1916 2619 τῷ

272 2635 425 2707 πατρὶ
481 2635 571 2689 καὶ
632 2635 910 2708 προστάτῃ
966 2636 1100 2707 (98).
1152 2632 1253 2689 Καὶ
1310 2637 1375 2703 ἦν
1428 2635 1490 2689 τὸ
1570 2633 1662 2707 μὶν
1736 2634 1918 2711 δρᾶμα

270 2724 482 2795 ἐτέρων,
540 2726 575 2793 ἡ
636 2720 694 2777 δὲ
753 2723 878 2798 χεὶρ
939 2718 1299 2794 Ἀϐεσσαλὼμ
1360 2723 1473 2791 μεν’
1522 2722 1721 2795 αὐτῶν,
1756 2725 1832 2786 ὡς
1887 2725 1915 2779 ὁ

271 2813 453 2888 λόγος.
486 2810 558 2866 Ei’
608 2833 690 2874 τις
753 2812 903 2883 ὑμῶν
964 2808 1078 2865 οἶδε
1264 2812 1361 2879 τήν
1394 2817 1575 2887 χεῖρα,
1606 2811 1672 2881 ἥν
1709 2814 1736 2867 6
1769 2814 1917 2888 ἅγιος

267 2901 620 2975 κατεψεύσθη,
682 2899 769 2953 καὶ
822 2899 913 2953 τὸν
964 2903 1135 2968 ζῶντα
1194 2899 1406 2975 νεκρὸν,
1465 2900 1554 2953 καὶ
1602 2902 1701 2969 τὴν
1734 2899 1918 2957 ἄδικον

270 2990 498 3063 ἐξορίαν,
532 2986 671 3043 οἶδεν
706 2988 735 3042 ὃ
784 2987 952 3062 λέγω.
1003 2986 1155 3056 Πλὴν
1199 2992 1360 3043 τοῦτο
1414 2989 1507 3060 μὲν
1554 2987 1687 3044 ἑκὼν
1721 2988 1916 3061 ἐπιλή-

271 3100 455 3151 σομαι.
514 3077 611 3131 Καὶ
661 3078 761 3153 γὰρ
817 3076 988 3138 οὕτως
1047 3073 1161 3152 ἔχω
1237 3076 1288 3130 ὲν
1363 3083 1480 3140 τοῖς
1555 3073 1913 3155 ἀμφιϐόλοις,

268 3168 439 3222 νεύειν
488 3173 689 3242 χρῆναι
748 3167 884 3241 πρὸς
941 3167 1003 3220 τὸ
1061 3164 1470 3243 φιλάνθρωπον,
1522 3167 1609 3221 καὶ
1642 3168 1916 3243 ἀπογινώ-

267 3277 410 3310 σκειν
489 3254 722 3327 μᾶλλον,
792 3254 826 3324 ἢ
903 3255 1324 3328 καταγινώσκειν
1377 3260 1481 3309 τῶν
1539 3256 1821 3313 ὑπαιτίων.
1861 3262 1916 3312 ‘0

270 3346 365 3417 μὲν
426 3346 530 3419 γὰρ
586 3342 750 3406 κακὸς
807 3346 1037 3417 τάχιστα
1095 3345 1152 3398 ἂν
1193 3342 1487 3418 καταγνοίη
1523 3346 1736 3401 καὶτοῦ
1787 3348 1917 3423 ἀγα-

2026 2191 2366 2263 gnominem
2399 2191 2569 2264 culpa
2601 2191 2884 2258 liberent;
2936 2192 3036 2263 qui
3077 2191 3351 2247 doctrinae
3384 2207 3580 2246 amore
3611 2206 3678 2245 ac

2027 2280 2224 2334 studio
2276 2285 2401 2334 tum
2462 2281 2746 2352 temporis
2796 2279 3159 2336 Alexandriae
3190 2296 3429 2353 peregre
3476 2296 3676 2350 agens,

2025 2384 2159 2423 cum
2193 2368 2264 2423 ab
2299 2369 2425 2441 ipso
2477 2368 2926 2440 humanissime,
2960 2385 3075 2424 non
3112 2385 3278 2424 secus
3327 2385 3391 2423 ac
3424 2368 3678 2423 filiorum

2027 2456 2439 2525 charissiinus,
2474 2463 2748 2528 acceptus
2779 2463 2953 2526 esset,
2986 2462 3329 2529 tantamque
3358 2458 3511 2529 apud
3538 2473 3673 2512 eum

2026 2546 2273 2617 gratiam
2308 2550 2365 2600 et
2395 2546 2803 2601 auctoritatem
2836 2546 3211 2613 obtinuisset,
3246 2551 3310 2601 ut
3341 2562 3433 2602 res
3466 2547 3516 2600 ei
3550 2562 3672 2600 ma-

2026 2634 2167 2689 ximi
2191 2634 2466 2705 ponderis
2494 2635 3018 2701 committerentur,
3039 2634 3374 2705 consilium,
3399 2639 3455 2689 et
3483 2634 3671 2688 ὕοιηὶ-

2027 2740 2167 2777 num
2201 2740 2393 2778 sermo
2424 2728 2532 2789 est,
2585 2724 2763 2796 capit,
2797 2725 3072 2779 adversus
3120 2727 3343 2795 patrem
3378 2728 3436 2776 et
3480 2726 3672 2793 patro-

2027 2829 2167 2867 num
2202 2811 2649 2884 insurgendi.Et
2670 2828 3009 2883 quanquam
3045 2811 3141 2866 alii
3171 2811 3464 2884 tragoedia:
3498 2811 3675 2881 hujus

2026 2909 2290 2956 auclorcs
2312 2906 2527 2963 essent,
2546 2917 2756 2955 manus
2778 2906 2971 2955 tamen
2996 2899 3328 2967 Absalonis,
3349 2904 3412 2953 ut
3434 2898 3671 2963 dicitur,

2026 3005 2159 3043 cum
2194 2989 2312 3043 illis
2342 2992 2464 3044 erat
2493 2990 2556 3042 ⁵³.
2591 2989 2649 3043 Si
2697 2988 2827 3059 quis
2868 2994 3127 3043 vestrum
3161 2992 3272 3058 est,
3305 2988 3401 3058 qui
3436 3004 3678 3042 manum

2027 3083 2177 3138 895
2210 3082 2392 3151 illam,
2417 3099 2483 3137 ex
2515 3099 2630 3154 quo
2663 3086 2864 3136 sancto
2895 3082 3015 3137 viro
3050 3081 3263 3137 falsum
3296 3082 3516 3136 crimen
3542 3098 3667 3135 con-

2028 3172 2234 3227 ﬂatum
2260 3175 2370 3240 est,
2390 3177 2445 3225 et
2477 3176 2769 3226 mortuum
2794 3170 2959 3225 illum
2983 3170 3672 3241 viventem,etinjustum

2027 3259 2294 3317 exsilium
2350 3259 2523 3325 norit,
2558 3259 2697 3331 quid
2747 3258 2938 3315 dicam
2984 3258 3277 3331 intelligit.
3307 3258 3518 3313 Verum
3567 3259 3675 3313 hoc

2026 3349 2235 3405 lubens
2278 3348 2607 3405 obliviscar.
2657 3347 2714 3403 Si
2764 3348 2921 3403 enim
2969 3348 3257 3415 existimo,
3290 3347 3349 3402 in
3392 3348 3588 3402 dubiis
3620 3352 3676 3403 et

264 3436 381 3488 θοῦο
445 3435 473 3489 6
532 3432 731 3507 ἀγαθὸς
784 3430 841 3487 δὶ
893 3431 1019 3487 οὐδὲ
1066 3436 1160 3487 τοῦ
1198 3438 1367 3488 κακοῦ
1400 3430 1619 3509 ῥᾳδίως.
1681 3436 1758 3492 Τὸ
1814 3437 1913 3511 γὰρ

2038 3437 2269 3494 incertis
2315 3437 2490 3493 rebus
2539 3436 2870 3492 faciendum
2924 3437 3092 3492 nobis
3130 3454 3281 3509 esse,
3314 3442 3378 3492 ut
3407 3438 3475 3493 ad
3510 3436 3673 3492 beni-

265 3522 342 3583 εἶς
409 3520 595 3575 κακίαν
660 3521 767 3597 οὐχ
824 3519 1068 3594 ἕτοιμον,
1127 3518 1251 3576 οὐδὲ
1310 3521 1385 3583 εἰς
1446 3523 1700 3577 ὑπόνοιαν
1759 3524 1915 3599 εὐχε-

263 3611 377 3687 ρὲς.
437 3612 501 3665 Ὅ
560 3608 616 3665 δὲ
676 3610 775 3665 οὐκ
842 3606 920 3664 ἔτι
979 3609 1165 3685 λόγος,
1197 3610 1320 3665 ἀλλ’
1352 3608 1509 3686 ἔργον
1568 3611 1730 3683 ἐστὶν,
1792 3612 1917 3669 οὐδὲ

263 3698 497 3754 ὑπόνοιά
585 3720 667 3761 τις
774 3699 1129 3769 ἀνεξέταστος,
1209 3696 1354 3753 ἀλλὰ
1427 3698 1608 3761 πίστις
1681 3721 1913 3777 κεκηρυ-

260 3789 471 3862 795n-

2028 3527 2309 3601 gnitatem
2362 3532 2419 3581 et
2468 3525 2895 3581 humanitatem
2942 3526 3349 3598 propensiores
3379 3526 3583 3593 simus,
3618 3532 3675 3581 et

2027 3615 2257 3672 crimini
2292 3616 2572 3670 obnoxios
2622 3614 2996 3670 absolvamus
3046 3615 3265 3686 potius,
3302 3632 3476 3686 quam
3528 3631 3673 3669 con-

2027 3707 2395 3760 demnemus.
2450 3703 2637 3759 Malus
2688 3703 2843 3759 enim
2893 3703 3194 3759 celerrime
3244 3703 3576 3771 adducitur,
3610 3708 3677 3757 ut

2024 3795 2244 3850 bonum
2277 3792 2451 3847 etiam
2486 3792 2673 3845 virum
2698 3791 3080 3859 condemnet;
3106 3795 3308 3846 contra
3334 3792 3424 3846 vir
3455 3790 3673 3861 probus

264 3895 340 3932 ne
376 3876 599 3931 malum
632 3876 869 3949 quidem
903 3876 1067 3932 facile
1099 3877 1589 3933 condemnaverit.
1619 3878 1723 3943 Qui
1758 3880 1912 3936 enim
1947 3884 2016 3939 ad
2051 3881 2253 3936 vitium
2294 3879 2531 3933 minime
2563 3877 2836 3949 proclivis
2868 3882 2977 3943 est,
3005 3878 3054 3932 is
3087 3894 3188 3933 nec
3222 3878 3385 3934 facile
3416 3879 3487 3933 ad
3522 3877 3672 3932 male

263 3967 339 4021 de
374 3965 490 4019 alio
523 3965 943 4037 suspicandum
979 3969 1258 4021 movetur.
1291 3966 1451 4031 Quod
1485 3971 1676 4022 autem
1704 3968 1826 4038 jam
1860 3988 1977 4027 non
2019 3987 2231 4039 sermo,
2264 3967 2364 4023 sed
2412 3983 2503 4021 res
2532 3970 2642 4034 est,
2679 3981 2782 4020 nec
2835 3964 3196 4036 inexplorata
3226 3966 3489 4038 quaedam
3540 3982 3672 4021 sus-

264 4054 448 4125 picio,
481 4054 578 4109 sed
615 4054 961 4110 certissimis
992 4055 1357 4126 argumentis
1389 4055 1522 4111 nixa
1552 4058 1877 4127 persuasio,
1907 4061 1965 4115 id
1995 4061 2168 4117 etiam
2203 4056 2471 4113 narrabo.

341 4142 434 4209 Ιζ.
512 4139 677 4216 Τέρας
749 4162 804 4195 τι
887 4139 1290 4211 Καππαδόκων,
1354 4141 1413 4196 ἐκ
1468 4148 1575 4197 τῶν
1654 4142 1920 4221 ἐσχατιῶν

256 4234 377 4285 τῶν
436 4227 717 4302 ἡμετέρων
777 4229 1124 4304 ὁρμώμενον,
1184 4230 1427 4304 πονηρὸν
1486 4231 1548 4287 τὸ
1596 4230 1771 4309 γένος,
1830 4256 1927 4289 πο-

258 4318 567 4394 νηρότερον
617 4323 716 4387 τὴν
786 4315 1044 4390 διάνοιαν,
1106 4316 1231 4373 ούδὶ
1294 4318 1572 4383 παντελῶς
1623 4320 1924 4400 ἐλεύθερον,

258 4404 399 4461 ἄλλ’
465 4405 771 4479 ἐπίμικτον,
845 4406 960 4461 οἷον
1023 4406 1085 4462 τὸ
1134 4412 1240 4462 τῶν
1290 4408 1537 4481 ἡμιόνων
1586 4417 1928 4485 γινώσκομεν

338 4512 387 4548 ⁸1
424 4510 589 4567 Prov.
622 4530 773 4581 xxvr,
806 4513 862 4568 9.
937 4513 982 4548 ⁶²
1008 4512 1123 4569 Luc
1175 4530 1251 4582 vx,
1288 4514 1373 4568 16.
1451 4514 1495 4548 ⁸⁸
1524 4514 1575 4569 ΙΙ
1612 4516 1752 4590 Reg.
1786 4536 1877 4573 xv.
1908 4519 1964 4574 5.

255 4648 289 4677 «
326 4624 493 4700 inter
520 4626 742 4696 primos
774 4627 1007 4700 pietatis
1043 4627 1283 4700 pugiles
1321 4644 1386 4682 ac
1416 4628 1774 4700 defensores,
1812 4652 1838 4678 »
1872 4631 1929 4685 id

253 4702 384 4771 est,
417 4718 446 4745 ‹‹
483 4697 633 4751 inter
662 4697 893 4771 concilii
923 4697 1153 4755 Patres:
1181 4722 1209 4749 ››
1242 4698 1403 4755 Unde
1432 4697 1930 4771 Gregorius'hane

258 4768 565 4824 rationem
591 4769 799 4838 reddit,
825 4772 978 4841 quod
1008 4771 1252 4835 scilicet,
1277 4794 1304 4820 ‹‹
1328 4787 1439 4826 non
1473 4768 1672 4827 minus
1700 4773 1928 4841 virtute,

258 4787 565 4824 rationem
591 4787 799 4838 reoau,
825 4787 978 4896 quos
1008 4787 1252 4835 scmcet,
1277 4794 1304 4820 ‹‹
1328 4787 1439 4826 non
1473 4788 1672 4827 minus
1700 4787 1928 4841 Virtute,

255 4856 456 4965 quartn
490 4842 780 4911 graduum
869 4842 1126 4912 ignitate,
1160 4843 1397 4898 honoris
1428 4843 1764 4914 praestantia
1794 4860 1929 4900 cen-

255 4928 407 4965 sere
438 4928 529 4965 ur.
564 4933 592 4960 »

255 4928 529 4968 seretur.
564 4933 592 4960 ὶ)

343 4983 465 5054 (91)
526 4980 838 5058 Περιῤῥὲον.
898 4985 991 5040 Or.
1055 4986 1107 5056 1,
1180 4981 1503 5058 περιρῤἐων.
1562 4990 1702 5057 Reg.
1758 5002 1811 5041 a.
1870 4987 1929 5057 d,

255 5050 552 5107 ἐπιόὁέον.

292 5073 552 5108 πιοοεον.

343 5074 737 5201 ξξέῗοέύρᾷςις.
772 5126 945 5181 Coisl.
982 5128 1023 5201 i_
1043 5132 1101 5183 et
1130 5127 1412 5201 Combel‘.,
1446 5124 1733 5201 εὑρετικόν.

344 5194 469 5271 (ρθ)
525 5194 641 5271 Καί.
692 5200 951 5271 Quatuor
995 5198 1156 5271 Reg,
1206 5198 1480 5253 undecim
1508 5194 1714 5267 'Colh.,
1747 5198 1842 5255 0r.
1880 5201 1929 5268 1,

250 5269 324 5336 ἡ.
362 5268 534 5323 Unus
567 5269 729 5339 Reg,
762 5268 852 5321 καὶ
883 5271 938 5337 ἡ.

348 5340 470 5407 (94)
519 5341 885 5412 γΠαρῃτήσθω.
950 5341 1040 5395 Sic
1094 5342 1248 5412 Reg.
1321 5339 1441 5406 bm,
1501 5339 1603 5410 ph,
1661 5342 1933 5396 undecim

251 5410 472 5487 Col‘hi,
504 5410 844 5487 Or.'1'._Alii,
878 5410 1237 5487 παρῃτείσθω,
1261 5416 1565 5487 ,ΠὶΘΠάοεξὴ
1598 5411 1754 5487 ΕΒΙΤζ

342 5483 471 5551 (95)
516 5480 1435 5555 11ροελομένωνίξδὶοᾼρυίηᾼςυϐ
1503 5482 1665 5555 Reg,
1726 5482 1821 5555 0r.
1884 5483 1934 5550 1,

246 5553 533 5627 Combef
585 5552 643 5609 in
678 5552 792 5619 edi,
828 5552 1271 5627 προσελομένων.
1308 5552 1435 5607 Haec
1467 5552 1733 5627 observat
1753 5554 1935 5627 Theo-

247 5625 458 5697 logus
490 5631 729 5698 propter
757 5624 1092 5698 Georgium,
1121 5626 1219 5697 qui
1256 5624 1561 5698 Cappadox
1595 5630 1737 5698 erat,
1770 5630 1827 5680 et
1854 5625 1940 5681 in-

246 5696 664 5754 fensissimus
692 5696 997 5756 Athana—aii
1017 5696 1223 5768 hostis,
1248 5696 1347 5768 qui
1379 5696 1429 5767 ej
1442 5712 1509 5752 us
1533 5697 1708 5753 etiam
1739 5698 1939 5754 sedem

246 5771 614 5844 occupavit.

614 5898 874 5961 ΡΑτεοι.
922 5898 1033 5959 Gs.
1081 5893 1328 5962 XXXV.

2104 4147 2246 4203 XVI.
2280 4143 2588 4216 Cappadox
2618 4143 2909 4215 quoddam
2958 4148 3308 4213 monstrum,
3344 4161 3413 4199 ex
3453 4143 3681 4198 ultimis

2034 4242 2199 4292 terrae
2232 4240 2443 4290 nostra:
2492 4233 2708 4288 finibus
2766 4232 3107 4301 oriundum,
3169 4232 3389 4288 malum
3448 4248 3682 4305 genere,

2035 4326 2232 4380 animo
2266 4323 2452 4394 pejus,
2488 4337 2559 4377 ne
2591 4320 2749 4375 omni
2790 4321 3026 4393 quidem
3077 4338 3145 4376 ex
3200 4327 3362 4393 parte
3408 4321 3683 4389 liberum,

2036 4414 2137 4470 sed
2170 4412 2414 4468 dubium
2456 4426 2521 4466 ac
2571 4408 2943 4480 permistum,
3001 4411 3334 4480 oujusmodi
3385 4411 3683 4466 mularum

2255 4623 2626 4709 'Ev‘dpnélip.
2654 4627 2913 4709 Sic‘ch.
2949 4626 3047 4709 p_h,
3073 4627 3168 4683 Or.
3205 4629 3231 4682 1
3265 4632 3321 4683 et
3350 4632 3481 4683 Par.
3509 4626 3684 4683 Cois].

1960 4668 2007 4733 Ι)
2255 4633 2340 4681 Ἐν
2375 4633 2626 4712 ἀμπέλῳ.
2654 4633 2747 4682 Sic
2778 4633 2913 4709 Reg.
2949 4633 3012 4699 pt

2044 4702 2085 4769 I,
2144 4721 2169 4751 ν
2204 4695 2510 4771 ἀμπελωνι.
2544 4698 2719 4771 Deest
2747 4696 2796 4750 ἐν
2831 4716 2891 4771 In,
2921 4700 3012 4753 ed.

2112 4769 2608 4897 (97)“0pibvupov.
2661 4769 3004 4841 Gregorium
3037 4772 3367 4854 quemdam
3414 4770 3690 4842 intelligit

2112 4860 2193 4897 ιεο
2221 4859 2387 4897 osus.
2422 4858 2545 4897 oui.
2580 4840 2745 4897 nulso
2776 4842 3187 4897 Athanasio.in
3220 4858 3347 4897 eius
3381 4843 3578 4896 sedem
3614 4842 3685 4896 ab

2038 4840 2545 4916 Theologu’s,cqui,
2579 4840 3187 4916 pulso_Athanasio,in
3220 4843 3347 4916 ejus
3381 4843 3578 4896 sedem
3614 4840 3685 4896 ab

2040 4913 2282 4969 Arianis
2331 4914 2687 4984 subrogatus
2746 4913 2970 4976 fuerat;
3027 4929 3200 4984 quem
3261 4914 3435 4969 etiam
3491 4919 3690 4984 postea

2041 4991 2404 5053 amoverunt,
2437 4991 2613 5055 atque
2643 4983 2702 5037 in
2734 4985 2862 5054 ejus
2896 4983 3088 5039 locum
3117 4985 3427 5057 Georgium
3461 4983 3689 5057 Cappa-

2040 5060 2241 5113 docem
2276 5057 2677 5111 instituerunt.

2113 5130 2224 5202 (98)
2254 5127 2550 5202 113mm,
2588 5128 2725 5202 Reg.
2760 5130 2877 5202 c_et
2905 5126 3186 5202 Combqﬂ,
3222 5121 3473 5202 δεσπότῃ.

2114 5193 2226 5272 (99)
2272 5193 2336 5252 E’i
2382 5217 2465 5259 τις
2510 5193 2699 5272 ’ὑμῶν”
2736 5193 2869 5272 aliis,
2927 5203 3035 5252 etc.
3095 5199 3269 5272 Juxta
3318 5193 3496 5272 Rulli,
3533 5199 3690 5272 Hist.

2045 5268 2145 5327 lib.
2176 5268 2230 5339 x7,
2264 5288 2312 5326 c.
2352 5272 2436 5333 l7,
2486 5276 2541 5323 et
2583 5270 2766 5335 Socr.,
2817 5268 2914 5322 lih.
2949 5286 2986 5335 ι,
3040 5285 3088 5323 c.
3122 5270 3212 5334 29,
3262 5271 3581 5324 Athanasio
3620 5270 3691 5323 ab

2043 5344 2270 5397 Arianis
2301 5344 2589 5410 objectum
2651 5342 2775 5413 luit,
2812 5345 2989 5411 quod,
3028 5343 3259 5413 magicae
3302 5342 3443 5395 artis
3490 5356 3687 5405 causa,

2044 5416 2287 5469 Arsenio
2320 5414 2551 5468 cuidam
2578 5412 2879 5466 brachium
2912 5412 3296 5469 amputasset.
3328 5417 3533 5466 Verum
3565 5418 3686 5463 sta-

2045 5487 2151 5541 tim
2212 5486 2328 5540 hzec
2385 5485 2546 5538 fraus
2592 5484 2820 5538 detecta
2867 5492 2971 5538 est.
3018 5481 3167 5537 Nam
3218 5485 3341 5554 ipse
3372 5481 3689 5554 (Arsenius,

2046 5574 2219 5628 quem
2253 5558 2399 5611 falso
2448 5555 2519 5610 ab
2549 5554 2862 5628 Athanasio
2919 5552 3288 5628 interfectum
3328 5552 3691 5628 dictitabant,

2048 5625 2111 5711 se
2161 5625 2617 5711 episc0pis,‘qui
2665 5627 2879 5711 'l‘yru‘m
2929 5643 3081 5711 anno
3131 5626 3237 5681 335
3285 5627 3691 5689 convenerant,

2049 5697 2247 5757 vivum
2276 5705 2333 5757 et
2358 5697 2726 5755 incolumem
2748 5697 3022 5753 ostendit.

3302 5896 3380 5960 35
